  <div class='ocr_page' id='page_1' title='image "/cluster/home/n/w/nwhite01/storage/ocr_20150623/44/hvd.32044052767431/061.png"; bbox 0 0 4106 6208; ppageno 0'>
   <div class='ocr_carea' id='block_1_1' title="bbox 1977 275 2750 336">
    <p class='ocr_par' dir='ltr' id='par_1_1' title="bbox 1977 275 2750 336">
     <span class='ocr_line' id='line_1_1' title="bbox 1977 275 2750 336; baseline 0 -2"><span class='ocrx_word' id='word_1_1' title='bbox 1977 279 2046 335; x_wconf 72' lang='lat' dir='ltr'><strong>S.</strong></span> <span class='ocrx_word' id='word_1_2' title='bbox 2087 275 2416 335; x_wconf 80' lang='lat' dir='ltr'><strong>GREGORII</strong></span> <span class='ocrx_word' id='word_1_3' title='bbox 2454 277 2750 336; x_wconf 77' lang='lat' dir='ltr'><strong>NYSSENI</strong></span> 
     </span>
    </p>
   </div>
   <div class='ocr_carea' id='block_1_2' title="bbox 3881 286 3978 341">
    <p class='ocr_par' dir='ltr' id='par_1_2' title="bbox 3881 286 3978 341">
     <span class='ocr_line' id='line_1_2' title="bbox 3881 286 3978 341; baseline 0 -1"><span class='ocrx_word' id='word_1_4' title='bbox 3881 286 3978 341; x_wconf 70' lang='grc' dir='ltr'>ΗΞ</span> 
     </span>
    </p>
   </div>
   <div class='ocr_carea' id='block_1_3' title="bbox 719 385 2311 473">
    <p class='ocr_par' dir='ltr' id='par_1_3' title="bbox 719 389 2303 464">
     <span class='ocr_line' id='line_1_3' title="bbox 719 389 2303 464; baseline 0.004 -20"><span class='ocrx_word' id='word_1_5' title='bbox 719 396 1029 446; x_wconf 70' lang='lat' dir='ltr'><strong>conservet.</strong></span> <span class='ocrx_word' id='word_1_6' title='bbox 1064 389 1157 445; x_wconf 86' lang='lat' dir='ltr'><strong>Sic</strong></span> <span class='ocrx_word' id='word_1_7' title='bbox 1180 404 1312 462; x_wconf 87' lang='lat' dir='ltr'><strong>ergo</strong></span> <span class='ocrx_word' id='word_1_8' title='bbox 1337 402 1480 461; x_wconf 84' lang='lat' dir='ltr'><strong>aqua</strong></span> <span class='ocrx_word' id='word_1_9' title='bbox 1497 391 1809 457; x_wconf 84' lang='lat' dir='ltr'><strong>conﬁcitur,</strong></span> <span class='ocrx_word' id='word_1_10' title='bbox 1833 391 2088 464; x_wconf 82' lang='lat' dir='ltr'><strong>frigidum</strong></span> <span class='ocrx_word' id='word_1_11' title='bbox 2114 395 2303 450; x_wconf 68' lang='lat' dir='ltr'><strong>malle-</strong></span> 
     </span>
    </p>
   </div>
   <div class='ocr_carea' id='block_1_4' title="bbox 2411 385 3978 473">
    <p class='ocr_par' dir='ltr' id='par_1_4' title="bbox 2413 385 3978 473">
     <span class='ocr_line' id='line_1_4' title="bbox 2413 385 3978 473; baseline 0.004 -24"><span class='ocrx_word' id='word_1_12' title='bbox 2413 395 2609 467; x_wconf 85' lang='grc' dir='ltr'><strong>μηκέτι</strong></span> <span class='ocrx_word' id='word_1_13' title='bbox 2653 395 2750 467; x_wconf 81' lang='grc' dir='ltr'>τὴν</span> <span class='ocrx_word' id='word_1_14' title='bbox 2798 394 3029 468; x_wconf 79' lang='grc' dir='ltr'>ἡλιακὴν</span> <span class='ocrx_word' id='word_1_15' title='bbox 3078 385 3389 470; x_wconf 80' lang='grc' dir='ltr'>θερμότητα.</span> <span class='ocrx_word' id='word_1_16' title='bbox 3419 399 3731 454; x_wconf 80' lang='grc' dir='ltr'><strong>διαδύεσθαι</strong></span> <span class='ocrx_word' id='word_1_17' title='bbox 3771 403 3837 473; x_wconf 81' lang='grc' dir='ltr'><strong>τῇ</strong></span> <span class='ocrx_word' id='word_1_18' title='bbox 3883 419 3978 456; x_wconf 56' lang='lat' dir='ltr'><strong>tu»</strong></span> 
     </span>
    </p>
   </div>
   <div class='ocr_carea' id='block_1_5' title="bbox 725 480 2300 555">
    <p class='ocr_par' dir='ltr' id='par_1_5' title="bbox 725 480 2300 555">
     <span class='ocr_line' id='line_1_5' title="bbox 725 480 2300 555; baseline 0.006 -23"><span class='ocrx_word' id='word_1_19' title='bbox 725 480 886 546; x_wconf 87' lang='lat' dir='ltr'><strong>lacit,</strong></span> <span class='ocrx_word' id='word_1_20' title='bbox 921 489 976 536; x_wconf 92' lang='lat' dir='ltr'><strong>et</strong></span> <span class='ocrx_word' id='word_1_21' title='bbox 1007 480 1204 537; x_wconf 82' lang='lat' dir='ltr'><strong>humor</strong></span> <span class='ocrx_word' id='word_1_22' title='bbox 1241 497 1306 536; x_wconf 78' lang='lat' dir='ltr'><strong>ex</strong></span> <span class='ocrx_word' id='word_1_23' title='bbox 1344 481 1641 554; x_wconf 82' lang='lat' dir='ltr'><strong>frigiditate</strong></span> <span class='ocrx_word' id='word_1_24' title='bbox 1666 491 1835 539; x_wconf 89' lang='lat' dir='ltr'><strong>totam</strong></span> <span class='ocrx_word' id='word_1_25' title='bbox 1859 499 2023 555; x_wconf 71' lang='lat' dir='ltr'><strong>aqua:</strong></span> <span class='ocrx_word' id='word_1_26' title='bbox 2049 495 2300 542; x_wconf 87' lang='lat' dir='ltr'><strong>naturam</strong></span> 
     </span>
    </p>
   </div>
   <div class='ocr_carea' id='block_1_6' title="bbox 726 572 2306 648">
    <p class='ocr_par' dir='ltr' id='par_1_6' title="bbox 726 572 2306 648">
     <span class='ocr_line' id='line_1_6' title="bbox 726 572 2306 648; baseline 0.005 -23"><span class='ocrx_word' id='word_1_27' title='bbox 726 572 1042 641; x_wconf 74' lang='lat' dir='ltr'><strong>perﬁciente</strong></span> <span class='ocrx_word' id='word_1_28' title='bbox 1072 573 1456 648; x_wconf 67' lang='lat' dir='ltr'><strong>constituitur.</strong></span> <span class='ocrx_word' id='word_1_29' title='bbox 1497 575 1573 629; x_wconf 80' lang='lat' dir='ltr'><strong>Ex</strong></span> <span class='ocrx_word' id='word_1_30' title='bbox 1605 589 1746 646; x_wconf 90' lang='lat' dir='ltr'><strong>aqua</strong></span> <span class='ocrx_word' id='word_1_31' title='bbox 1773 591 1906 631; x_wconf 90' lang='lat' dir='ltr'><strong>vero</strong></span> <span class='ocrx_word' id='word_1_32' title='bbox 1935 586 2129 634; x_wconf 89' lang='lat' dir='ltr'><strong>coacta</strong></span> <span class='ocrx_word' id='word_1_33' title='bbox 2169 593 2306 633; x_wconf 80' lang='lat' dir='ltr'><strong>con-</strong></span> 
     </span>
    </p>
   </div>
   <div class='ocr_carea' id='block_1_7' title="bbox 722 663 2307 739">
    <p class='ocr_par' dir='ltr' id='par_1_7' title="bbox 722 663 2307 739">
     <span class='ocr_line' id='line_1_7' title="bbox 722 663 2307 739; baseline 0.003 -21"><span class='ocrx_word' id='word_1_34' title='bbox 722 671 1057 734; x_wconf 89' lang='lat' dir='ltr'><strong>gregataque</strong></span> <span class='ocrx_word' id='word_1_35' title='bbox 1080 663 1342 720; x_wconf 80' lang='lat' dir='ltr'><strong>ﬂuentum</strong></span> <span class='ocrx_word' id='word_1_36' title='bbox 1371 674 1688 736; x_wconf 88' lang='lat' dir='ltr'><strong>generatum</strong></span> <span class='ocrx_word' id='word_1_37' title='bbox 1713 707 1729 731; x_wconf 93' lang='lat'><strong>,</strong></span> <span class='ocrx_word' id='word_1_38' title='bbox 1772 683 2102 739; x_wconf 85' lang='lat' dir='ltr'><strong>quacunque</strong></span> <span class='ocrx_word' id='word_1_39' title='bbox 2149 669 2307 724; x_wconf 83' lang='lat' dir='ltr'><strong>detur</strong></span> 
     </span>
    </p>
   </div>
   <div class='ocr_carea' id='block_1_8' title="bbox 721 755 2306 831">
    <p class='ocr_par' dir='ltr' id='par_1_8' title="bbox 721 755 2306 831">
     <span class='ocr_line' id='line_1_8' title="bbox 721 755 2306 831; baseline 0.005 -23"><span class='ocrx_word' id='word_1_40' title='bbox 721 755 938 820; x_wconf 82' lang='lat' dir='ltr'><strong>aditus,</strong></span> <span class='ocrx_word' id='word_1_41' title='bbox 980 765 1186 813; x_wconf 88' lang='lat' dir='ltr'><strong>terram</strong></span> <span class='ocrx_word' id='word_1_42' title='bbox 1230 759 1444 828; x_wconf 86' lang='lat' dir='ltr'><strong>aperit,</strong></span> <span class='ocrx_word' id='word_1_43' title='bbox 1494 767 1549 814; x_wconf 88' lang='lat' dir='ltr'><strong>et</strong></span> <span class='ocrx_word' id='word_1_44' title='bbox 1601 759 1724 817; x_wconf 81' lang='lat' dir='ltr'><strong>fons</strong></span> <span class='ocrx_word' id='word_1_45' title='bbox 1775 761 2104 831; x_wconf 84' lang='lat' dir='ltr'><strong>appellatur.</strong></span> <span class='ocrx_word' id='word_1_46' title='bbox 2147 759 2306 827; x_wconf 85' lang='lat' dir='ltr'><strong>Quod</strong></span> 
     </span>
    </p>
   </div>
   <div class='ocr_carea' id='block_1_9' title="bbox 724 852 2306 923">
    <p class='ocr_par' dir='ltr' id='par_1_9' title="bbox 724 852 2306 923">
     <span class='ocr_line' id='line_1_9' title="bbox 724 852 2306 923; baseline 0.002 -21"><span class='ocrx_word' id='word_1_47' title='bbox 724 858 908 904; x_wconf 89' lang='lat' dir='ltr'><strong>autem</strong></span> <span class='ocrx_word' id='word_1_48' title='bbox 948 863 1218 919; x_wconf 86' lang='lat' dir='ltr'><strong>aquarum</strong></span> <span class='ocrx_word' id='word_1_49' title='bbox 1258 859 1416 906; x_wconf 91' lang='lat' dir='ltr'><strong>ortus</strong></span> <span class='ocrx_word' id='word_1_50' title='bbox 1453 858 1647 904; x_wconf 85' lang='lat' dir='ltr'><strong>auctor</strong></span> <span class='ocrx_word' id='word_1_51' title='bbox 1675 862 1730 906; x_wconf 87' lang='lat' dir='ltr'><strong>et</strong></span> <span class='ocrx_word' id='word_1_52' title='bbox 1759 866 1929 907; x_wconf 89' lang='lat' dir='ltr'><strong>causa</strong></span> <span class='ocrx_word' id='word_1_53' title='bbox 1960 853 2032 908; x_wconf 87' lang='lat' dir='ltr'><strong>sit</strong></span> <span class='ocrx_word' id='word_1_54' title='bbox 2061 853 2179 923; x_wconf 85' lang='lat' dir='ltr'><strong>ipsa</strong></span> <span class='ocrx_word' id='word_1_55' title='bbox 2209 852 2306 906; x_wconf 70' lang='grc' dir='ltr'>[τίς</span> 
     </span>
    </p>
   </div>
   <div class='ocr_carea' id='block_1_10' title="bbox 726 938 2307 1012">
    <p class='ocr_par' dir='ltr' id='par_1_10' title="bbox 726 938 2307 1012">
     <span class='ocr_line' id='line_1_10' title="bbox 726 938 2307 1012; baseline 0.005 -22"><span class='ocrx_word' id='word_1_56' title='bbox 726 939 967 1007; x_wconf 75' lang='lat' dir='ltr'><strong>giditas,</strong></span> <span class='ocrx_word' id='word_1_57' title='bbox 1001 938 1136 993; x_wconf 87' lang='lat' dir='ltr'><strong>illud</strong></span> <span class='ocrx_word' id='word_1_58' title='bbox 1177 939 1442 995; x_wconf 90' lang='lat' dir='ltr'><strong>indicium</strong></span> <span class='ocrx_word' id='word_1_59' title='bbox 1481 941 1585 1004; x_wconf 86' lang='lat' dir='ltr'><strong>sit,</strong></span> <span class='ocrx_word' id='word_1_60' title='bbox 1623 941 1770 1010; x_wconf 91' lang='lat' dir='ltr'><strong>quod</strong></span> <span class='ocrx_word' id='word_1_61' title='bbox 1810 941 1930 996; x_wconf 91' lang='lat' dir='ltr'><strong>loca</strong></span> <span class='ocrx_word' id='word_1_62' title='bbox 1971 943 2307 1012; x_wconf 85' lang='lat' dir='ltr'><strong>septentrio-</strong></span> 
     </span>
    </p>
   </div>
   <div class='ocr_carea' id='block_1_11' title="bbox 726 1030 2306 1106">
    <p class='ocr_par' dir='ltr' id='par_1_11' title="bbox 726 1030 2306 1106">
     <span class='ocr_line' id='line_1_11' title="bbox 726 1030 2306 1106; baseline 0.003 -23"><span class='ocrx_word' id='word_1_63' title='bbox 726 1031 891 1086; x_wconf 84' lang='lat' dir='ltr'><strong>nibus</strong></span> <span class='ocrx_word' id='word_1_64' title='bbox 943 1032 1336 1106; x_wconf 87' lang='lat' dir='ltr'><strong>propinquiora</strong></span> <span class='ocrx_word' id='word_1_65' title='bbox 1396 1030 1786 1104; x_wconf 82' lang='lat' dir='ltr'><strong>frigidioraquc</strong></span> <span class='ocrx_word' id='word_1_66' title='bbox 1818 1033 1994 1104; x_wconf 88' lang='lat' dir='ltr'><strong>magis</strong></span> <span class='ocrx_word' id='word_1_67' title='bbox 2026 1034 2306 1089; x_wconf 84' lang='lat' dir='ltr'><strong>abundant</strong></span> 
     </span>
    </p>
   </div>
   <div class='ocr_carea' id='block_1_12' title="bbox 725 1123 2308 1198">
    <p class='ocr_par' dir='ltr' id='par_1_12' title="bbox 725 1123 2308 1198">
     <span class='ocr_line' id='line_1_12' title="bbox 725 1123 2308 1198; baseline 0.004 -22"><span class='ocrx_word' id='word_1_68' title='bbox 725 1138 996 1192; x_wconf 87' lang='lat' dir='ltr'><strong>aquarum</strong></span> <span class='ocrx_word' id='word_1_69' title='bbox 1025 1124 1204 1193; x_wconf 90' lang='lat' dir='ltr'><strong>copia.</strong></span> <span class='ocrx_word' id='word_1_70' title='bbox 1246 1123 1448 1194; x_wconf 83' lang='lat' dir='ltr'><strong>Aprica</strong></span> <span class='ocrx_word' id='word_1_71' title='bbox 1479 1123 1623 1178; x_wconf 90' lang='lat' dir='ltr'><strong>enim</strong></span> <span class='ocrx_word' id='word_1_72' title='bbox 1656 1123 1905 1195; x_wconf 82' lang='lat' dir='ltr'><strong>profecto</strong></span> <span class='ocrx_word' id='word_1_73' title='bbox 1931 1135 1987 1181; x_wconf 92' lang='lat' dir='ltr'><strong>et</strong></span> <span class='ocrx_word' id='word_1_74' title='bbox 2011 1141 2182 1198; x_wconf 89' lang='lat' dir='ltr'><strong>opaca</strong></span> <span class='ocrx_word' id='word_1_75' title='bbox 2212 1126 2308 1183; x_wconf 82' lang='lat' dir='ltr'><strong>de-</strong></span> 
     </span>
    </p>
   </div>
   <div class='ocr_carea' id='block_1_13' title="bbox 727 1217 2308 1291">
    <p class='ocr_par' dir='ltr' id='par_1_13' title="bbox 727 1217 2308 1291">
     <span class='ocr_line' id='line_1_13' title="bbox 727 1217 2308 1291; baseline 0.005 -24"><span class='ocrx_word' id='word_1_76' title='bbox 727 1231 1026 1286; x_wconf 74' lang='lat' dir='ltr'><strong>pressaque</strong></span> <span class='ocrx_word' id='word_1_77' title='bbox 1055 1226 1241 1272; x_wconf 86' lang='lat' dir='ltr'><strong>essent</strong></span> <span class='ocrx_word' id='word_1_78' title='bbox 1268 1217 1554 1288; x_wconf 71' lang='lat' dir='ltr'><strong>aequaliter</strong></span> <span class='ocrx_word' id='word_1_79' title='bbox 1579 1218 1737 1286; x_wconf 87' lang='lat' dir='ltr'><strong>aquis</strong></span> <span class='ocrx_word' id='word_1_80' title='bbox 1780 1219 1988 1290; x_wconf 87' lang='lat' dir='ltr'><strong>irrigua</strong></span> <span class='ocrx_word' id='word_1_81' title='bbox 2009 1257 2026 1284; x_wconf 96' lang='lat'><strong>,</strong></span> <span class='ocrx_word' id='word_1_82' title='bbox 2067 1219 2113 1275; x_wconf 92' lang='lat' dir='ltr'><strong>si</strong></span> <span class='ocrx_word' id='word_1_83' title='bbox 2155 1219 2308 1291; x_wconf 81' lang='lat' dir='ltr'><strong>frigi—</strong></span> 
     </span>
    </p>
   </div>
   <div class='ocr_carea' id='block_1_14' title="bbox 727 1306 2304 1384">
    <p class='ocr_par' dir='ltr' id='par_1_14' title="bbox 727 1306 2304 1384">
     <span class='ocr_line' id='line_1_14' title="bbox 727 1306 2304 1384; baseline 0.007 -25"><span class='ocrx_word' id='word_1_84' title='bbox 727 1306 917 1363; x_wconf 87' lang='lat' dir='ltr'><strong>ditalis</strong></span> <span class='ocrx_word' id='word_1_85' title='bbox 947 1309 1197 1364; x_wconf 84' lang='lat' dir='ltr'><strong>absentia</strong></span> <span class='ocrx_word' id='word_1_86' title='bbox 1247 1310 1386 1364; x_wconf 87' lang='lat' dir='ltr'><strong>nihil</strong></span> <span class='ocrx_word' id='word_1_87' title='bbox 1427 1324 1701 1381; x_wconf 84' lang='lat' dir='ltr'><strong>aquarum</strong></span> <span class='ocrx_word' id='word_1_88' title='bbox 1756 1319 1939 1366; x_wconf 89' lang='lat' dir='ltr'><strong>ortum</strong></span> <span class='ocrx_word' id='word_1_89' title='bbox 1994 1312 2304 1384; x_wconf 80' lang='lat' dir='ltr'><strong>impediret.</strong></span> 
     </span>
    </p>
   </div>
   <div class='ocr_carea' id='block_1_15' title="bbox 731 1399 2306 1474">
    <p class='ocr_par' dir='ltr' id='par_1_15' title="bbox 731 1399 2306 1474">
     <span class='ocr_line' id='line_1_15' title="bbox 731 1399 2306 1474; baseline 0.005 -23"><span class='ocrx_word' id='word_1_90' title='bbox 731 1399 1202 1464; x_wconf 79' lang='lat' dir='ltr'><strong>Quemadmodum</strong></span> <span class='ocrx_word' id='word_1_91' title='bbox 1247 1409 1430 1456; x_wconf 87' lang='lat' dir='ltr'><strong>autem</strong></span> <span class='ocrx_word' id='word_1_92' title='bbox 1472 1417 1539 1457; x_wconf 81' lang='lat' dir='ltr'><strong>ex</strong></span> <span class='ocrx_word' id='word_1_93' title='bbox 1585 1402 1841 1457; x_wconf 87' lang='lat' dir='ltr'><strong>imbrium</strong></span> <span class='ocrx_word' id='word_1_94' title='bbox 1881 1404 2050 1474; x_wconf 80' lang='lat' dir='ltr'><strong>guttis</strong></span> <span class='ocrx_word' id='word_1_95' title='bbox 2079 1405 2306 1460; x_wconf 86' lang='lat' dir='ltr'><strong>collecta</strong></span> 
     </span>
    </p>
   </div>
   <div class='ocr_carea' id='block_1_16' title="bbox 732 1493 2305 1565">
    <p class='ocr_par' dir='ltr' id='par_1_16' title="bbox 732 1493 2305 1565">
     <span class='ocr_line' id='line_1_16' title="bbox 732 1493 2305 1565; baseline 0.005 -23"><span class='ocrx_word' id='word_1_96' title='bbox 732 1505 874 1559; x_wconf 88' lang='lat' dir='ltr'><strong>aqua</strong></span> <span class='ocrx_word' id='word_1_97' title='bbox 906 1497 1178 1548; x_wconf 87' lang='lat' dir='ltr'><strong>torrentes</strong></span> <span class='ocrx_word' id='word_1_98' title='bbox 1211 1499 1539 1558; x_wconf 91' lang='lat' dir='ltr'><strong>nascuntur,</strong></span> <span class='ocrx_word' id='word_1_99' title='bbox 1580 1493 1708 1548; x_wconf 87' lang='lat' dir='ltr'><strong>licet</strong></span> <span class='ocrx_word' id='word_1_100' title='bbox 1743 1503 1925 1565; x_wconf 79' lang='lat' dir='ltr'><strong>guttas</strong></span> <span class='ocrx_word' id='word_1_101' title='bbox 1954 1495 2102 1564; x_wconf 84' lang='lat' dir='ltr'><strong>ipsas</strong></span> <span class='ocrx_word' id='word_1_102' title='bbox 2145 1509 2305 1565; x_wconf 89' lang='lat' dir='ltr'><strong>sepa-</strong></span> 
     </span>
    </p>
   </div>
   <div class='ocr_carea' id='block_1_17' title="bbox 733 1583 2306 1658">
    <p class='ocr_par' dir='ltr' id='par_1_17' title="bbox 733 1583 2306 1658">
     <span class='ocr_line' id='line_1_17' title="bbox 733 1583 2306 1658; baseline 0.006 -25"><span class='ocrx_word' id='word_1_103' title='bbox 733 1583 893 1635; x_wconf 90' lang='lat' dir='ltr'><strong>ratim</strong></span> <span class='ocrx_word' id='word_1_104' title='bbox 924 1583 1199 1653; x_wconf 89' lang='lat' dir='ltr'><strong>aspiciens</strong></span> <span class='ocrx_word' id='word_1_105' title='bbox 1221 1624 1235 1648; x_wconf 94' lang='lat'><strong>,</strong></span> <span class='ocrx_word' id='word_1_106' title='bbox 1267 1585 1513 1654; x_wconf 87' lang='lat' dir='ltr'><strong>singulas</strong></span> <span class='ocrx_word' id='word_1_107' title='bbox 1545 1600 1640 1654; x_wconf 86' lang='lat' dir='ltr'><strong>per</strong></span> <span class='ocrx_word' id='word_1_108' title='bbox 1672 1601 1732 1640; x_wconf 89' lang='lat' dir='ltr'><strong>se</strong></span> <span class='ocrx_word' id='word_1_109' title='bbox 1760 1586 2016 1656; x_wconf 90' lang='lat' dir='ltr'><strong>pusillum</strong></span> <span class='ocrx_word' id='word_1_110' title='bbox 2047 1587 2306 1658; x_wconf 85' lang='lat' dir='ltr'><strong>quiddam</strong></span> 
     </span>
    </p>
   </div>
   <div class='ocr_carea' id='block_1_18' title="bbox 733 1674 2308 1744">
    <p class='ocr_par' dir='ltr' id='par_1_18' title="bbox 733 1674 2308 1744">
     <span class='ocr_line' id='line_1_18' title="bbox 733 1674 2308 1744; baseline 0.007 -17"><span class='ocrx_word' id='word_1_111' title='bbox 733 1682 788 1727; x_wconf 79' lang='lat' dir='ltr'><strong>et</strong></span> <span class='ocrx_word' id='word_1_112' title='bbox 820 1689 917 1744; x_wconf 88' lang='lat' dir='ltr'><strong>pro</strong></span> <span class='ocrx_word' id='word_1_113' title='bbox 947 1674 1122 1728; x_wconf 90' lang='lat' dir='ltr'><strong>nihilo</strong></span> <span class='ocrx_word' id='word_1_114' title='bbox 1152 1674 1464 1729; x_wconf 89' lang='lat' dir='ltr'><strong>habendum</strong></span> <span class='ocrx_word' id='word_1_115' title='bbox 1493 1675 1778 1732; x_wconf 78' lang='lat' dir='ltr'><strong>existimes</strong></span> <span class='ocrx_word' id='word_1_116' title='bbox 1807 1691 1822 1730; x_wconf 89' lang='lat'><strong>:</strong></span> <span class='ocrx_word' id='word_1_117' title='bbox 1855 1679 1935 1732; x_wconf 82' lang='lat' dir='ltr'><strong>sic</strong></span> <span class='ocrx_word' id='word_1_118' title='bbox 1963 1694 2031 1734; x_wconf 83' lang='lat' dir='ltr'><strong>ex</strong></span> <span class='ocrx_word' id='word_1_119' title='bbox 2062 1680 2308 1738; x_wconf 73' lang='lat' dir='ltr'><strong>humoris</strong></span> 
     </span>
    </p>
   </div>
   <div class='ocr_carea' id='block_1_19' title="bbox 733 1765 2307 1836">
    <p class='ocr_par' dir='ltr' id='par_1_19' title="bbox 733 1765 2307 1836">
     <span class='ocr_line' id='line_1_19' title="bbox 733 1765 2307 1836; baseline 0.006 -17"><span class='ocrx_word' id='word_1_120' title='bbox 733 1765 936 1819; x_wconf 85' lang='lat' dir='ltr'><strong>sensim</strong></span> <span class='ocrx_word' id='word_1_121' title='bbox 953 1779 984 1819; x_wconf 90' lang='lat' dir='ltr'><strong>e</strong></span> <span class='ocrx_word' id='word_1_122' title='bbox 999 1773 1142 1819; x_wconf 89' lang='lat' dir='ltr'><strong>terra</strong></span> <span class='ocrx_word' id='word_1_123' title='bbox 1176 1767 1452 1821; x_wconf 85' lang='lat' dir='ltr'><strong>manantis</strong></span> <span class='ocrx_word' id='word_1_124' title='bbox 1467 1767 1621 1836; x_wconf 93' lang='lat' dir='ltr'><strong>copia</strong></span> <span class='ocrx_word' id='word_1_125' title='bbox 1647 1767 1832 1825; x_wconf 88' lang='lat' dir='ltr'><strong>multis</strong></span> <span class='ocrx_word' id='word_1_126' title='bbox 1851 1768 2070 1826; x_wconf 83' lang='lat' dir='ltr'><strong>liuentis</strong></span> <span class='ocrx_word' id='word_1_127' title='bbox 2101 1773 2307 1829; x_wconf 88' lang='lat' dir='ltr'><strong>coactis</strong></span> 
     </span>
    </p>
   </div>
   <div class='ocr_carea' id='block_1_20' title="bbox 729 1854 2304 1933">
    <p class='ocr_par' dir='ltr' id='par_1_20' title="bbox 729 1854 2304 1933">
     <span class='ocr_line' id='line_1_20' title="bbox 729 1854 2304 1933; baseline 0.006 -23"><span class='ocrx_word' id='word_1_128' title='bbox 729 1855 983 1910; x_wconf 84' lang='lat' dir='ltr'><strong>oriuntur</strong></span> <span class='ocrx_word' id='word_1_129' title='bbox 1009 1854 1232 1910; x_wconf 85' lang='lat' dir='ltr'><strong>ﬁumina</strong></span> <span class='ocrx_word' id='word_1_130' title='bbox 1261 1875 1275 1912; x_wconf 91' lang='lat'><strong>:</strong></span> <span class='ocrx_word' id='word_1_131' title='bbox 1307 1872 1540 1928; x_wconf 90' lang='lat' dir='ltr'><strong>quorum</strong></span> <span class='ocrx_word' id='word_1_132' title='bbox 1582 1859 1628 1914; x_wconf 84' lang='lat' dir='ltr'><strong>si</strong></span> <span class='ocrx_word' id='word_1_133' title='bbox 1677 1861 1802 1930; x_wconf 87' lang='lat' dir='ltr'><strong>quis</strong></span> <span class='ocrx_word' id='word_1_134' title='bbox 1844 1863 2304 1933; x_wconf 89' lang='lat' dir='ltr'><strong>magnitudinem,</strong></span> 
     </span>
    </p>
   </div>
   <div class='ocr_carea' id='block_1_21' title="bbox 733 1950 2303 2026">
    <p class='ocr_par' dir='ltr' id='par_1_21' title="bbox 733 1950 2303 2026">
     <span class='ocr_line' id='line_1_21' title="bbox 733 1950 2303 2026; baseline 0.006 -25"><span class='ocrx_word' id='word_1_135' title='bbox 733 1962 1116 2017; x_wconf 89' lang='lat' dir='ltr'><strong>perennesque</strong></span> <span class='ocrx_word' id='word_1_136' title='bbox 1148 1962 1351 2005; x_wconf 87' lang='lat' dir='ltr'><strong>cursus</strong></span> <span class='ocrx_word' id='word_1_137' title='bbox 1383 1950 1737 2016; x_wconf 89' lang='lat' dir='ltr'><strong>consideret,</strong></span> <span class='ocrx_word' id='word_1_138' title='bbox 1785 1953 2055 2007; x_wconf 87' lang='lat' dir='ltr'><strong>undenam</strong></span> <span class='ocrx_word' id='word_1_139' title='bbox 2105 1970 2303 2026; x_wconf 87' lang='lat' dir='ltr'><strong>suppe-</strong></span> 
     </span>
    </p>
   </div>
   <div class='ocr_carea' id='block_1_22' title="bbox 730 2035 2310 2106">
    <p class='ocr_par' dir='ltr' id='par_1_22' title="bbox 730 2035 2310 2106">
     <span class='ocr_line' id='line_1_22' title="bbox 730 2035 2310 2106; baseline 0.008 -19"><span class='ocrx_word' id='word_1_140' title='bbox 730 2035 892 2089; x_wconf 89' lang='lat' dir='ltr'><strong>ditari</strong></span> <span class='ocrx_word' id='word_1_141' title='bbox 936 2042 1142 2088; x_wconf 88' lang='lat' dir='ltr'><strong>tantam</strong></span> <span class='ocrx_word' id='word_1_142' title='bbox 1183 2050 1450 2106; x_wconf 85' lang='lat' dir='ltr'><strong>aquarum</strong></span> <span class='ocrx_word' id='word_1_143' title='bbox 1489 2038 1881 2094; x_wconf 87' lang='lat' dir='ltr'><strong>abundantiam</strong></span> <span class='ocrx_word' id='word_1_144' title='bbox 1929 2042 2310 2100; x_wconf 82' lang='lat' dir='ltr'><strong>existimabit?</strong></span> 
     </span>
    </p>
   </div>
   <div class='ocr_carea' id='block_1_23' title="bbox 731 2123 2310 2205">
    <p class='ocr_par' dir='ltr' id='par_1_23' title="bbox 731 2123 2310 2205">
     <span class='ocr_line' id='line_1_23' title="bbox 731 2123 2310 2205; baseline 0.005 -25"><span class='ocrx_word' id='word_1_145' title='bbox 731 2123 869 2180; x_wconf 81' lang='lat' dir='ltr'><strong>Num</strong></span> <span class='ocrx_word' id='word_1_146' title='bbox 902 2125 1117 2195; x_wconf 90' lang='lat' dir='ltr'><strong>aliquos</strong></span> <span class='ocrx_word' id='word_1_147' title='bbox 1146 2126 1251 2180; x_wconf 89' lang='lat' dir='ltr'><strong>sibi</strong></span> <span class='ocrx_word' id='word_1_148' title='bbox 1281 2125 1336 2181; x_wconf 89' lang='lat' dir='ltr'><strong>iu</strong></span> <span class='ocrx_word' id='word_1_149' title='bbox 1363 2136 1525 2183; x_wconf 72' lang='lat' dir='ltr'><strong>terra:</strong></span> <span class='ocrx_word' id='word_1_150' title='bbox 1559 2128 1772 2184; x_wconf 87' lang='lat' dir='ltr'><strong>sinibus</strong></span> <span class='ocrx_word' id='word_1_151' title='bbox 1813 2130 1968 2186; x_wconf 90' lang='lat' dir='ltr'><strong>lacus</strong></span> <span class='ocrx_word' id='word_1_152' title='bbox 1998 2133 2310 2205; x_wconf 81' lang='lat' dir='ltr'><strong>conﬁnget?</strong></span> 
     </span>
    </p>
   </div>
   <div class='ocr_carea' id='block_1_24' title="bbox 730 2214 2305 2296">
    <p class='ocr_par' dir='ltr' id='par_1_24' title="bbox 730 2214 2305 2296">
     <span class='ocr_line' id='line_1_24' title="bbox 730 2214 2305 2296; baseline 0.008 -27"><span class='ocrx_word' id='word_1_153' title='bbox 730 2214 964 2282; x_wconf 84' lang='lat' dir='ltr'><strong>Quinam</strong></span> <span class='ocrx_word' id='word_1_154' title='bbox 986 2255 1000 2281; x_wconf 94' lang='lat'><strong>,</strong></span> <span class='ocrx_word' id='word_1_155' title='bbox 1028 2217 1289 2286; x_wconf 86' lang='lat' dir='ltr'><strong>obsecro,</strong></span> <span class='ocrx_word' id='word_1_156' title='bbox 1319 2219 1457 2274; x_wconf 89' lang='lat' dir='ltr'><strong>tanti</strong></span> <span class='ocrx_word' id='word_1_157' title='bbox 1489 2220 1643 2276; x_wconf 85' lang='lat' dir='ltr'><strong>lacus</strong></span> <span class='ocrx_word' id='word_1_158' title='bbox 1669 2234 1793 2277; x_wconf 89' lang='lat' dir='ltr'><strong>esse</strong></span> <span class='ocrx_word' id='word_1_159' title='bbox 1816 2233 2047 2291; x_wconf 88' lang='lat' dir='ltr'><strong>queant,</strong></span> <span class='ocrx_word' id='word_1_160' title='bbox 2077 2228 2170 2296; x_wconf 90' lang='lat' dir='ltr'><strong>qui</strong></span> <span class='ocrx_word' id='word_1_161' title='bbox 2202 2226 2305 2282; x_wconf 92' lang='lat' dir='ltr'><strong>nisi</strong></span> 
     </span>
    </p>
   </div>
   <div class='ocr_carea' id='block_1_25' title="bbox 731 2307 2308 2387">
    <p class='ocr_par' dir='ltr' id='par_1_25' title="bbox 731 2307 2308 2387">
     <span class='ocr_line' id='line_1_25' title="bbox 731 2307 2308 2387; baseline 0.006 -25"><span class='ocrx_word' id='word_1_162' title='bbox 731 2322 871 2362; x_wconf 92' lang='lat' dir='ltr'><strong>nova</strong></span> <span class='ocrx_word' id='word_1_163' title='bbox 904 2307 1126 2364; x_wconf 90' lang='lat' dir='ltr'><strong>assidue</strong></span> <span class='ocrx_word' id='word_1_164' title='bbox 1157 2309 1424 2364; x_wconf 89' lang='lat' dir='ltr'><strong>accedant</strong></span> <span class='ocrx_word' id='word_1_165' title='bbox 1459 2309 1668 2364; x_wconf 82' lang='lat' dir='ltr'><strong>auxilia</strong></span> <span class='ocrx_word' id='word_1_166' title='bbox 1690 2350 1704 2375; x_wconf 94' lang='lat'><strong>,</strong></span> <span class='ocrx_word' id='word_1_167' title='bbox 1739 2327 1850 2366; x_wconf 92' lang='lat' dir='ltr'><strong>non</strong></span> <span class='ocrx_word' id='word_1_168' title='bbox 1879 2314 2027 2369; x_wconf 83' lang='lat' dir='ltr'><strong>brevi</strong></span> <span class='ocrx_word' id='word_1_169' title='bbox 2062 2322 2308 2387; x_wconf 90' lang='lat' dir='ltr'><strong>tempore</strong></span> 
     </span>
    </p>
   </div>
   <div class='ocr_carea' id='block_1_26' title="bbox 730 2397 2308 2477">
    <p class='ocr_par' dir='ltr' id='par_1_26' title="bbox 730 2397 2308 2477">
     <span class='ocr_line' id='line_1_26' title="bbox 730 2397 2308 2477; baseline 0.006 -23"><span class='ocrx_word' id='word_1_170' title='bbox 730 2397 1171 2454; x_wconf 72' lang='lat' dir='ltr'><strong>exhauriantur?</strong></span> <span class='ocrx_word' id='word_1_171' title='bbox 1200 2398 1271 2453; x_wconf 84' lang='lat' dir='ltr'><strong>At</strong></span> <span class='ocrx_word' id='word_1_172' title='bbox 1317 2398 1477 2464; x_wconf 89' lang='lat' dir='ltr'><strong>alios,</strong></span> <span class='ocrx_word' id='word_1_173' title='bbox 1523 2399 1738 2471; x_wconf 88' lang='lat' dir='ltr'><strong>inquis,</strong></span> <span class='ocrx_word' id='word_1_174' title='bbox 1790 2403 1944 2459; x_wconf 89' lang='lat' dir='ltr'><strong>lacus</strong></span> <span class='ocrx_word' id='word_1_175' title='bbox 1974 2407 2308 2477; x_wconf 78' lang='lat' dir='ltr'><strong>excogitabi-</strong></span> 
     </span>
    </p>
   </div>
   <div class='ocr_carea' id='block_1_27' title="bbox 732 2487 2304 2561">
    <p class='ocr_par' dir='ltr' id='par_1_27' title="bbox 732 2487 2304 2561">
     <span class='ocr_line' id='line_1_27' title="bbox 732 2487 2304 2561; baseline 0.006 -18"><span class='ocrx_word' id='word_1_176' title='bbox 732 2504 876 2545; x_wconf 88' lang='lat' dir='ltr'><strong>mus.</strong></span> <span class='ocrx_word' id='word_1_177' title='bbox 907 2487 1017 2560; x_wconf 88' lang='lat' dir='ltr'><strong>Ego</strong></span> <span class='ocrx_word' id='word_1_178' title='bbox 1037 2504 1163 2544; x_wconf 78' lang='lat' dir='ltr'><strong>vero</strong></span> <span class='ocrx_word' id='word_1_179' title='bbox 1187 2489 1485 2559; x_wconf 90' lang='lat' dir='ltr'><strong>requiram,</strong></span> <span class='ocrx_word' id='word_1_180' title='bbox 1508 2491 1769 2561; x_wconf 91' lang='lat' dir='ltr'><strong>quidnam</strong></span> <span class='ocrx_word' id='word_1_181' title='bbox 1787 2493 1924 2551; x_wconf 87' lang='lat' dir='ltr'><strong>alios</strong></span> <span class='ocrx_word' id='word_1_182' title='bbox 1943 2494 2065 2551; x_wconf 85' lang='lat' dir='ltr'><strong>illos</strong></span> <span class='ocrx_word' id='word_1_183' title='bbox 2087 2511 2304 2553; x_wconf 89' lang='lat' dir='ltr'><strong>rursum</strong></span> 
     </span>
    </p>
   </div>
   <div class='ocr_carea' id='block_1_28' title="bbox 729 2577 2308 2653">
    <p class='ocr_par' dir='ltr' id='par_1_28' title="bbox 729 2577 2308 2653">
     <span class='ocr_line' id='line_1_28' title="bbox 729 2577 2308 2653; baseline 0.005 -19"><span class='ocrx_word' id='word_1_184' title='bbox 729 2579 1027 2634; x_wconf 75' lang='lat' dir='ltr'><strong>exhaustos</strong></span> <span class='ocrx_word' id='word_1_185' title='bbox 1055 2579 1315 2649; x_wconf 83' lang='lat' dir='ltr'><strong>explebit.</strong></span> <span class='ocrx_word' id='word_1_186' title='bbox 1347 2577 1503 2645; x_wconf 86' lang='lat' dir='ltr'><strong>Quod</strong></span> <span class='ocrx_word' id='word_1_187' title='bbox 1534 2581 1580 2634; x_wconf 89' lang='lat' dir='ltr'><strong>si</strong></span> <span class='ocrx_word' id='word_1_188' title='bbox 1611 2581 1749 2637; x_wconf 90' lang='lat' dir='ltr'><strong>alios</strong></span> <span class='ocrx_word' id='word_1_189' title='bbox 1784 2589 1949 2653; x_wconf 87' lang='lat' dir='ltr'><strong>atque</strong></span> <span class='ocrx_word' id='word_1_190' title='bbox 1989 2583 2126 2641; x_wconf 93' lang='lat' dir='ltr'><strong>alios</strong></span> <span class='ocrx_word' id='word_1_191' title='bbox 2155 2585 2308 2642; x_wconf 85' lang='lat' dir='ltr'><strong>lacus</strong></span> 
     </span>
    </p>
   </div>
   <div class='ocr_carea' id='block_1_29' title="bbox 733 2659 2308 2744">
    <p class='ocr_par' dir='ltr' id='par_1_29' title="bbox 733 2659 2308 2744">
     <span class='ocr_line' id='line_1_29' title="bbox 733 2659 2308 2744; baseline 0.004 -18"><span class='ocrx_word' id='word_1_192' title='bbox 733 2671 1031 2735; x_wconf 82' lang='lat' dir='ltr'><strong>inveneris,</strong></span> <span class='ocrx_word' id='word_1_193' title='bbox 1077 2685 1180 2742; x_wconf 91' lang='lat' dir='ltr'><strong>ego</strong></span> <span class='ocrx_word' id='word_1_194' title='bbox 1227 2659 1468 2728; x_wconf 84' lang='lat' dir='ltr'><strong>vicissim</strong></span> <span class='ocrx_word' id='word_1_195' title='bbox 1520 2671 1888 2744; x_wconf 73' lang='lat' dir='ltr'><strong>interrogabo,</strong></span> <span class='ocrx_word' id='word_1_196' title='bbox 1925 2675 2070 2732; x_wconf 86' lang='lat' dir='ltr'><strong>unde</strong></span> <span class='ocrx_word' id='word_1_197' title='bbox 2117 2692 2308 2734; x_wconf 88' lang='lat' dir='ltr'><strong>omnes</strong></span> 
     </span>
    </p>
   </div>
   <div class='ocr_carea' id='block_1_30' title="bbox 732 2761 2308 2838">
    <p class='ocr_par' dir='ltr' id='par_1_30' title="bbox 732 2761 2308 2838">
     <span class='ocr_line' id='line_1_30' title="bbox 732 2761 2308 2838; baseline 0.005 -22"><span class='ocrx_word' id='word_1_198' title='bbox 732 2761 950 2818; x_wconf 78' lang='lat' dir='ltr'><strong>tandem</strong></span> <span class='ocrx_word' id='word_1_199' title='bbox 974 2762 1237 2818; x_wconf 81' lang='lat' dir='ltr'><strong>exinaniti</strong></span> <span class='ocrx_word' id='word_1_200' title='bbox 1259 2762 1702 2833; x_wconf 73' lang='lat' dir='ltr'><strong>complebantur.</strong></span> <span class='ocrx_word' id='word_1_201' title='bbox 1732 2763 1958 2838; x_wconf 84' lang='lat' dir='ltr'><strong>Cogeris</strong></span> <span class='ocrx_word' id='word_1_202' title='bbox 1988 2767 2156 2838; x_wconf 78' lang='lat' dir='ltr'><strong>igitur</strong></span> <span class='ocrx_word' id='word_1_203' title='bbox 2181 2783 2308 2838; x_wconf 88' lang='lat' dir='ltr'><strong>pro-</strong></span> 
     </span>
    </p>
   </div>
   <div class='ocr_carea' id='block_1_31' title="bbox 731 2852 2309 2924">
    <p class='ocr_par' dir='ltr' id='par_1_31' title="bbox 731 2852 2309 2924">
     <span class='ocr_line' id='line_1_31' title="bbox 731 2852 2309 2924; baseline 0.005 -17"><span class='ocrx_word' id='word_1_204' title='bbox 731 2852 882 2923; x_wconf 88' lang='lat' dir='ltr'><strong>gredi</strong></span> <span class='ocrx_word' id='word_1_205' title='bbox 921 2854 976 2908; x_wconf 90' lang='lat' dir='ltr'><strong>in</strong></span> <span class='ocrx_word' id='word_1_206' title='bbox 1008 2853 1278 2908; x_wconf 92' lang='lat' dir='ltr'><strong>inﬁnitum</strong></span> <span class='ocrx_word' id='word_1_207' title='bbox 1299 2893 1314 2918; x_wconf 93' lang='lat'><strong>,</strong></span> <span class='ocrx_word' id='word_1_208' title='bbox 1347 2861 1511 2924; x_wconf 91' lang='lat' dir='ltr'><strong>atque</strong></span> <span class='ocrx_word' id='word_1_209' title='bbox 1540 2855 1613 2909; x_wconf 91' lang='lat' dir='ltr'><strong>ita</strong></span> <span class='ocrx_word' id='word_1_210' title='bbox 1642 2856 1821 2911; x_wconf 88' lang='lat' dir='ltr'><strong>oratio</strong></span> <span class='ocrx_word' id='word_1_211' title='bbox 1852 2867 1942 2912; x_wconf 90' lang='lat' dir='ltr'><strong>tua</strong></span> <span class='ocrx_word' id='word_1_212' title='bbox 1975 2858 2128 2915; x_wconf 90' lang='lat' dir='ltr'><strong>lacus</strong></span> <span class='ocrx_word' id='word_1_213' title='bbox 2159 2859 2309 2915; x_wconf 89' lang='lat' dir='ltr'><strong>lacu-</strong></span> 
     </span>
    </p>
   </div>
   <div class='ocr_carea' id='block_1_32' title="bbox 732 2945 2308 3013">
    <p class='ocr_par' dir='ltr' id='par_1_32' title="bbox 732 2945 2308 3013">
     <span class='ocr_line' id='line_1_32' title="bbox 732 2945 2308 3013; baseline 0.004 -12"><span class='ocrx_word' id='word_1_214' title='bbox 732 2945 836 3002; x_wconf 85' lang='lat' dir='ltr'><strong>bus</strong></span> <span class='ocrx_word' id='word_1_215' title='bbox 877 2945 1272 3011; x_wconf 89' lang='lat' dir='ltr'><strong>accumulans,</strong></span> <span class='ocrx_word' id='word_1_216' title='bbox 1316 2962 1385 3002; x_wconf 89' lang='lat' dir='ltr'><strong>ne</strong></span> <span class='ocrx_word' id='word_1_217' title='bbox 1430 2945 1676 3002; x_wconf 80' lang='lat' dir='ltr'><strong>fontibus</strong></span> <span class='ocrx_word' id='word_1_218' title='bbox 1711 2947 1888 3003; x_wconf 88' lang='lat' dir='ltr'><strong>desint</strong></span> <span class='ocrx_word' id='word_1_219' title='bbox 1931 2949 2114 3013; x_wconf 82' lang='lat' dir='ltr'><strong>lacus,</strong></span> <span class='ocrx_word' id='word_1_220' title='bbox 2165 2952 2308 3008; x_wconf 88' lang='lat' dir='ltr'><strong>unde</strong></span> 
     </span>
    </p>
   </div>
   <div class='ocr_carea' id='block_1_33' title="bbox 732 3036 2380 3136">
    <p class='ocr_par' dir='ltr' id='par_1_33' title="bbox 732 3036 2380 3136">
     <span class='ocr_line' id='line_1_33' title="bbox 732 3036 2380 3136; baseline 0.004 -46"><span class='ocrx_word' id='word_1_221' title='bbox 732 3045 1010 3107; x_wconf 85' lang='lat' dir='ltr'><strong>postremo</strong></span> <span class='ocrx_word' id='word_1_222' title='bbox 1040 3051 1180 3108; x_wconf 91' lang='lat' dir='ltr'><strong>aqua</strong></span> <span class='ocrx_word' id='word_1_223' title='bbox 1211 3043 1368 3092; x_wconf 91' lang='lat' dir='ltr'><strong>ortus</strong></span> <span class='ocrx_word' id='word_1_224' title='bbox 1397 3036 1730 3107; x_wconf 91' lang='lat' dir='ltr'><strong>principium</strong></span> <span class='ocrx_word' id='word_1_225' title='bbox 1761 3037 1959 3092; x_wconf 88' lang='lat' dir='ltr'><strong>habeat</strong></span> <span class='ocrx_word' id='word_1_226' title='bbox 1979 3077 1994 3103; x_wconf 90' lang='lat'><strong>,</strong></span> <span class='ocrx_word' id='word_1_227' title='bbox 2023 3054 2304 3111; x_wconf 90' lang='lat' dir='ltr'><strong>nunquam</strong></span> <span class='ocrx_word' id='word_1_228' title='bbox 2336 3075 2380 3136; x_wconf 63' lang='grc' dir='ltr'>ε</span> 
     </span>
    </p>
   </div>
   <div class='ocr_carea' id='block_1_34' title="bbox 733 3125 2310 3197">
    <p class='ocr_par' dir='ltr' id='par_1_34' title="bbox 733 3125 2310 3197">
     <span class='ocr_line' id='line_1_34' title="bbox 733 3125 2310 3197; baseline 0.003 -15"><span class='ocrx_word' id='word_1_229' title='bbox 733 3126 1020 3182; x_wconf 88' lang='lat' dir='ltr'><strong>consistet.</strong></span> <span class='ocrx_word' id='word_1_230' title='bbox 1069 3125 1466 3192; x_wconf 84' lang='lat' dir='ltr'><strong>Quamobrem,</strong></span> <span class='ocrx_word' id='word_1_231' title='bbox 1508 3141 1633 3181; x_wconf 90' lang='lat' dir='ltr'><strong>cum</strong></span> <span class='ocrx_word' id='word_1_232' title='bbox 1670 3127 1990 3197; x_wconf 89' lang='lat' dir='ltr'><strong>reperienda</strong></span> <span class='ocrx_word' id='word_1_233' title='bbox 2026 3130 2100 3184; x_wconf 90' lang='lat' dir='ltr'><strong>sit</strong></span> <span class='ocrx_word' id='word_1_234' title='bbox 2142 3146 2310 3187; x_wconf 90' lang='lat' dir='ltr'><strong>causa</strong></span> 
     </span>
    </p>
   </div>
   <div class='ocr_carea' id='block_1_35' title="bbox 733 3220 2315 3292">
    <p class='ocr_par' dir='ltr' id='par_1_35' title="bbox 733 3220 2315 3292">
     <span class='ocr_line' id='line_1_35' title="bbox 733 3220 2315 3292; baseline 0.003 -18"><span class='ocrx_word' id='word_1_235' title='bbox 733 3234 842 3290; x_wconf 82' lang='lat' dir='ltr'><strong>qua</strong></span> <span class='ocrx_word' id='word_1_236' title='bbox 891 3220 1077 3289; x_wconf 63' lang='lat' dir='ltr'><strong>primae</strong></span> <span class='ocrx_word' id='word_1_237' title='bbox 1123 3233 1279 3288; x_wconf 82' lang='lat' dir='ltr'><strong>aquae</strong></span> <span class='ocrx_word' id='word_1_238' title='bbox 1323 3228 1517 3274; x_wconf 87' lang='lat' dir='ltr'><strong>natura</strong></span> <span class='ocrx_word' id='word_1_239' title='bbox 1553 3220 1938 3284; x_wconf 85' lang='lat' dir='ltr'><strong>constituitur,</strong></span> <span class='ocrx_word' id='word_1_240' title='bbox 1976 3222 2151 3292; x_wconf 85' lang='lat' dir='ltr'><strong>magis</strong></span> <span class='ocrx_word' id='word_1_241' title='bbox 2183 3237 2315 3278; x_wconf 92' lang='lat' dir='ltr'><strong>con-</strong></span> 
     </span>
    </p>
   </div>
   <div class='ocr_carea' id='block_1_36' title="bbox 735 3310 2311 3383">
    <p class='ocr_par' dir='ltr' id='par_1_36' title="bbox 735 3310 2311 3383">
     <span class='ocr_line' id='line_1_36' title="bbox 735 3310 2311 3383; baseline 0.002 -17"><span class='ocrx_word' id='word_1_242' title='bbox 735 3317 1057 3366; x_wconf 83' lang='lat' dir='ltr'><strong>sentaneum</strong></span> <span class='ocrx_word' id='word_1_243' title='bbox 1086 3318 1171 3365; x_wconf 78' lang='lat' dir='ltr'><strong>est</strong></span> <span class='ocrx_word' id='word_1_244' title='bbox 1191 3348 1207 3375; x_wconf 91' lang='lat'><strong>,</strong></span> <span class='ocrx_word' id='word_1_245' title='bbox 1233 3325 1353 3365; x_wconf 91' lang='lat' dir='ltr'><strong>eam</strong></span> <span class='ocrx_word' id='word_1_246' title='bbox 1384 3311 1436 3364; x_wconf 92' lang='lat' dir='ltr'><strong>in</strong></span> <span class='ocrx_word' id='word_1_247' title='bbox 1467 3311 1617 3380; x_wconf 87' lang='lat' dir='ltr'><strong>ipsos</strong></span> <span class='ocrx_word' id='word_1_248' title='bbox 1647 3310 1828 3367; x_wconf 75' lang='lat' dir='ltr'><strong>fontes</strong></span> <span class='ocrx_word' id='word_1_249' title='bbox 1852 3311 2124 3376; x_wconf 79' lang='lat' dir='ltr'><strong>conferre,</strong></span> <span class='ocrx_word' id='word_1_250' title='bbox 2148 3329 2311 3383; x_wconf 89' lang='lat' dir='ltr'><strong>quam</strong></span> 
     </span>
    </p>
   </div>
   <div class='ocr_carea' id='block_1_37' title="bbox 735 3401 2314 3475">
    <p class='ocr_par' dir='ltr' id='par_1_37' title="bbox 735 3401 2314 3475">
     <span class='ocr_line' id='line_1_37' title="bbox 735 3401 2314 3475; baseline 0.003 -19"><span class='ocrx_word' id='word_1_251' title='bbox 735 3401 840 3456; x_wconf 80' lang='lat' dir='ltr'><strong>sub</strong></span> <span class='ocrx_word' id='word_1_252' title='bbox 869 3408 1014 3456; x_wconf 89' lang='lat' dir='ltr'><strong>terra</strong></span> <span class='ocrx_word' id='word_1_253' title='bbox 1043 3401 1198 3458; x_wconf 87' lang='lat' dir='ltr'><strong>lacus</strong></span> <span class='ocrx_word' id='word_1_254' title='bbox 1225 3402 1574 3473; x_wconf 89' lang='lat' dir='ltr'><strong>conﬁngere,</strong></span> <span class='ocrx_word' id='word_1_255' title='bbox 1603 3419 1840 3475; x_wconf 88' lang='lat' dir='ltr'><strong>quorum</strong></span> <span class='ocrx_word' id='word_1_256' title='bbox 1865 3406 2004 3460; x_wconf 87' lang='lat' dir='ltr'><strong>ratio</strong></span> <span class='ocrx_word' id='word_1_257' title='bbox 2031 3420 2314 3462; x_wconf 85' lang='lat' dir='ltr'><strong>commcn-</strong></span> 
     </span>
    </p>
   </div>
   <div class='ocr_carea' id='block_1_38' title="bbox 737 3492 2314 3565">
    <p class='ocr_par' dir='ltr' id='par_1_38' title="bbox 737 3492 2314 3565">
     <span class='ocr_line' id='line_1_38' title="bbox 737 3492 2314 3565; baseline 0.004 -19"><span class='ocrx_word' id='word_1_258' title='bbox 737 3493 851 3546; x_wconf 89' lang='lat' dir='ltr'><strong>titia</strong></span> <span class='ocrx_word' id='word_1_259' title='bbox 893 3492 1080 3565; x_wconf 86' lang='lat' dir='ltr'><strong>statim</strong></span> <span class='ocrx_word' id='word_1_260' title='bbox 1107 3493 1177 3549; x_wconf 89' lang='lat' dir='ltr'><strong>ab</strong></span> <span class='ocrx_word' id='word_1_261' title='bbox 1221 3508 1378 3564; x_wconf 70' lang='lat' dir='ltr'><strong>aquae</strong></span> <span class='ocrx_word' id='word_1_262' title='bbox 1420 3505 1616 3552; x_wconf 91' lang='lat' dir='ltr'><strong>natura</strong></span> <span class='ocrx_word' id='word_1_263' title='bbox 1663 3495 1916 3553; x_wconf 89' lang='lat' dir='ltr'><strong>deorsum</strong></span> <span class='ocrx_word' id='word_1_264' title='bbox 1950 3497 2208 3554; x_wconf 88' lang='lat' dir='ltr'><strong>tendente</strong></span> <span class='ocrx_word' id='word_1_265' title='bbox 2235 3498 2314 3552; x_wconf 84' lang='lat' dir='ltr'><strong>la-</strong></span> 
     </span>
    </p>
   </div>
   <div class='ocr_carea' id='block_1_39' title="bbox 734 3582 2311 3654">
    <p class='ocr_par' dir='ltr' id='par_1_39' title="bbox 734 3582 2311 3654">
     <span class='ocr_line' id='line_1_39' title="bbox 734 3582 2311 3654; baseline 0.004 -17"><span class='ocrx_word' id='word_1_266' title='bbox 734 3582 1065 3650; x_wconf 70' lang='lat' dir='ltr'><strong>befactetur,</strong></span> <span class='ocrx_word' id='word_1_267' title='bbox 1099 3592 1164 3640; x_wconf 82' lang='lat' dir='ltr'><strong>.et</strong></span> <span class='ocrx_word' id='word_1_268' title='bbox 1202 3585 1560 3641; x_wconf 83' lang='lat' dir='ltr'><strong>convellatur.</strong></span> <span class='ocrx_word' id='word_1_269' title='bbox 1598 3586 1885 3654; x_wconf 88' lang='lat' dir='ltr'><strong>Quomodo</strong></span> <span class='ocrx_word' id='word_1_270' title='bbox 1915 3588 2060 3644; x_wconf 92' lang='lat' dir='ltr'><strong>enim</strong></span> <span class='ocrx_word' id='word_1_271' title='bbox 2091 3603 2311 3645; x_wconf 88' lang='lat' dir='ltr'><strong>sursum</strong></span> 
     </span>
    </p>
   </div>
   <div class='ocr_carea' id='block_1_40' title="bbox 736 3666 2315 3744">
    <p class='ocr_par' dir='ltr' id='par_1_40' title="bbox 736 3666 2315 3744">
     <span class='ocr_line' id='line_1_40' title="bbox 736 3666 2315 3744; baseline 0.003 -17"><span class='ocrx_word' id='word_1_272' title='bbox 736 3672 900 3739; x_wconf 77' lang='lat' dir='ltr'><strong>liuet,</strong></span> <span class='ocrx_word' id='word_1_273' title='bbox 951 3674 1130 3744; x_wconf 83' lang='lat' dir='ltr'><strong>quod,</strong></span> <span class='ocrx_word' id='word_1_274' title='bbox 1180 3675 1436 3731; x_wconf 86' lang='lat' dir='ltr'><strong>deorsum</strong></span> <span class='ocrx_word' id='word_1_275' title='bbox 1493 3686 1558 3730; x_wconf 88' lang='lat' dir='ltr'><strong>ut</strong></span> <span class='ocrx_word' id='word_1_276' title='bbox 1605 3677 1768 3741; x_wconf 78' lang='lat' dir='ltr'><strong>ﬂuat,</strong></span> <span class='ocrx_word' id='word_1_277' title='bbox 1821 3666 2071 3732; x_wconf 77' lang='lat' dir='ltr'><strong>naturam</strong></span> <span class='ocrx_word' id='word_1_278' title='bbox 2118 3678 2315 3734; x_wconf 79' lang='lat' dir='ltr'><strong>habet?</strong></span> 
     </span>
    </p>
   </div>
   <div class='ocr_carea' id='block_1_41' title="bbox 735 3763 2313 3837">
    <p class='ocr_par' dir='ltr' id='par_1_41' title="bbox 735 3763 2313 3837">
     <span class='ocr_line' id='line_1_41' title="bbox 735 3763 2313 3837; baseline 0.002 -17"><span class='ocrx_word' id='word_1_279' title='bbox 735 3763 1032 3828; x_wconf 65' lang='lat' dir='ltr'><strong>Praeterea,</strong></span> <span class='ocrx_word' id='word_1_280' title='bbox 1089 3781 1252 3835; x_wconf 92' lang='lat' dir='ltr'><strong>quam</strong></span> <span class='ocrx_word' id='word_1_281' title='bbox 1316 3766 1562 3837; x_wconf 86' lang='lat' dir='ltr'><strong>ingentes</strong></span> <span class='ocrx_word' id='word_1_282' title='bbox 1625 3768 1845 3824; x_wconf 84' lang='lat' dir='ltr'><strong>lacuum</strong></span> <span class='ocrx_word' id='word_1_283' title='bbox 1908 3769 2080 3825; x_wconf 87' lang='lat' dir='ltr'><strong>moles</strong></span> <span class='ocrx_word' id='word_1_284' title='bbox 2149 3779 2313 3824; x_wconf 90' lang='lat' dir='ltr'><strong>erunt</strong></span> 
     </span>
    </p>
   </div>
   <div class='ocr_carea' id='block_1_42' title="bbox 735 3856 2310 3933">
    <p class='ocr_par' dir='ltr' id='par_1_42' title="bbox 735 3856 2310 3933">
     <span class='ocr_line' id='line_1_42' title="bbox 735 3856 2310 3933; baseline 0.005 -23"><span class='ocrx_word' id='word_1_285' title='bbox 735 3856 1141 3927; x_wconf 55' lang='lat' dir='ltr'><strong>excogitanda},</strong></span> <span class='ocrx_word' id='word_1_286' title='bbox 1205 3873 1356 3928; x_wconf 68' lang='lat' dir='ltr'><strong>quae,</strong></span> <span class='ocrx_word' id='word_1_287' title='bbox 1412 3874 1537 3913; x_wconf 89' lang='lat' dir='ltr'><strong>cum</strong></span> <span class='ocrx_word' id='word_1_288' title='bbox 1593 3875 1864 3930; x_wconf 87' lang='lat' dir='ltr'><strong>perennes</strong></span> <span class='ocrx_word' id='word_1_289' title='bbox 1916 3872 1994 3917; x_wconf 92' lang='lat' dir='ltr'><strong>tot</strong></span> <span class='ocrx_word' id='word_1_290' title='bbox 2045 3877 2310 3933; x_wconf 88' lang='lat' dir='ltr'><strong>aquarum</strong></span> 
     </span>
    </p>
   </div>
   <div class='ocr_carea' id='block_1_43' title="bbox 713 3948 2312 4025">
    <p class='ocr_par' dir='ltr' id='par_1_43' title="bbox 713 3948 2312 4025">
     <span class='ocr_line' id='line_1_43' title="bbox 713 3948 2312 4025; baseline 0.002 -21"><span class='ocrx_word' id='word_1_291' title='bbox 713 3948 906 4017; x_wconf 73' lang='lat' dir='ltr'><strong>-c0pia:</strong></span> <span class='ocrx_word' id='word_1_292' title='bbox 935 3948 1432 4005; x_wconf 62' lang='lat' dir='ltr'><strong>saeculisomnibus</strong></span> <span class='ocrx_word' id='word_1_293' title='bbox 1469 3949 1722 4014; x_wconf 75' lang='lat' dir='ltr'><strong>ellluant,</strong></span> <span class='ocrx_word' id='word_1_294' title='bbox 1775 3960 1832 4007; x_wconf 85' lang='lat' dir='ltr'><strong>et</strong></span> <span class='ocrx_word' id='word_1_295' title='bbox 1879 3949 2012 4006; x_wconf 86' lang='lat' dir='ltr'><strong>nihil</strong></span> <span class='ocrx_word' id='word_1_296' title='bbox 2071 3968 2312 4025; x_wconf 85' lang='lat' dir='ltr'><strong>unquam</strong></span> 
     </span>
    </p>
   </div>
   <div class='ocr_carea' id='block_1_44' title="bbox 738 4041 2314 4110">
    <p class='ocr_par' dir='ltr' id='par_1_44' title="bbox 738 4041 2314 4110">
     <span class='ocr_line' id='line_1_44' title="bbox 738 4041 2314 4110; baseline 0.005 -18"><span class='ocrx_word' id='word_1_297' title='bbox 738 4047 1070 4110; x_wconf 79' lang='lat' dir='ltr'><strong>reponatur,</strong></span> <span class='ocrx_word' id='word_1_298' title='bbox 1143 4056 1252 4095; x_wconf 85' lang='lat' dir='ltr'><strong>non</strong></span> <span class='ocrx_word' id='word_1_299' title='bbox 1318 4041 1704 4097; x_wconf 78' lang='lat' dir='ltr'><strong>exinaniantur</strong></span> <span class='ocrx_word' id='word_1_300' title='bbox 1781 4052 1963 4099; x_wconf 86' lang='lat' dir='ltr'><strong>tamen</strong></span> <span class='ocrx_word' id='word_1_301' title='bbox 2041 4059 2142 4100; x_wconf 89' lang='lat' dir='ltr'><strong>nec</strong></span> <span class='ocrx_word' id='word_1_302' title='bbox 2217 4059 2314 4100; x_wconf 82' lang='lat' dir='ltr'><strong>ex-</strong></span> 
     </span>
    </p>
   </div>
   <div class='ocr_carea' id='block_1_45' title="bbox 738 4128 2314 4202">
    <p class='ocr_par' dir='ltr' id='par_1_45' title="bbox 738 4128 2314 4202">
     <span class='ocr_line' id='line_1_45' title="bbox 738 4128 2314 4202; baseline 0.004 -20"><span class='ocrx_word' id='word_1_303' title='bbox 738 4128 1104 4184; x_wconf 80' lang='lat' dir='ltr'><strong>hauriantur!</strong></span> <span class='ocrx_word' id='word_1_304' title='bbox 1167 4128 1396 4185; x_wconf 86' lang='lat' dir='ltr'><strong>Constat</strong></span> <span class='ocrx_word' id='word_1_305' title='bbox 1466 4130 1631 4200; x_wconf 88' lang='lat' dir='ltr'><strong>igitur</strong></span> <span class='ocrx_word' id='word_1_306' title='bbox 1709 4146 1776 4186; x_wconf 80' lang='lat' dir='ltr'><strong>ex</strong></span> <span class='ocrx_word' id='word_1_307' title='bbox 1849 4132 1916 4186; x_wconf 81' lang='lat' dir='ltr'><strong>iis</strong></span> <span class='ocrx_word' id='word_1_308' title='bbox 1982 4147 2114 4202; x_wconf 62' lang='lat' dir='ltr'><strong>quae</strong></span> <span class='ocrx_word' id='word_1_309' title='bbox 2167 4132 2314 4188; x_wconf 84' lang='lat' dir='ltr'><strong>dicta</strong></span> 
     </span>
    </p>
   </div>
   <div class='ocr_carea' id='block_1_46' title="bbox 740 4215 2314 4294">
    <p class='ocr_par' dir='ltr' id='par_1_46' title="bbox 740 4215 2314 4294">
     <span class='ocr_line' id='line_1_46' title="bbox 740 4215 2314 4294; baseline 0.001 -17"><span class='ocrx_word' id='word_1_310' title='bbox 740 4228 902 4288; x_wconf 87' lang='lat' dir='ltr'><strong>sunt,</strong></span> <span class='ocrx_word' id='word_1_311' title='bbox 948 4220 1069 4276; x_wconf 91' lang='lat' dir='ltr'><strong>ideo</strong></span> <span class='ocrx_word' id='word_1_312' title='bbox 1111 4217 1428 4276; x_wconf 81' lang='lat' dir='ltr'><strong>ﬂuminibus</strong></span> <span class='ocrx_word' id='word_1_313' title='bbox 1463 4234 1663 4290; x_wconf 86' lang='lat' dir='ltr'><strong>aquam</strong></span> <span class='ocrx_word' id='word_1_314' title='bbox 1711 4215 1823 4276; x_wconf 62' lang='lat' dir='ltr'><strong>&#39;non</strong></span> <span class='ocrx_word' id='word_1_315' title='bbox 1861 4221 2130 4288; x_wconf 87' lang='lat' dir='ltr'><strong>deﬁcere,</strong></span> <span class='ocrx_word' id='word_1_316' title='bbox 2167 4223 2314 4294; x_wconf 85' lang='lat' dir='ltr'><strong>quod</strong></span> 
     </span>
    </p>
   </div>
   <div class='ocr_carea' id='block_1_47' title="bbox 741 4311 2310 4386">
    <p class='ocr_par' dir='ltr' id='par_1_47' title="bbox 741 4311 2310 4386">
     <span class='ocr_line' id='line_1_47' title="bbox 741 4311 2310 4386; baseline 0.002 -17"><span class='ocrx_word' id='word_1_317' title='bbox 741 4323 884 4369; x_wconf 89' lang='lat' dir='ltr'><strong>terra</strong></span> <span class='ocrx_word' id='word_1_318' title='bbox 913 4314 967 4368; x_wconf 91' lang='lat' dir='ltr'><strong>in</strong></span> <span class='ocrx_word' id='word_1_319' title='bbox 993 4315 1140 4369; x_wconf 90' lang='lat' dir='ltr'><strong>illam</strong></span> <span class='ocrx_word' id='word_1_320' title='bbox 1165 4321 1582 4369; x_wconf 85' lang='lat' dir='ltr'><strong>transmutetur.</strong></span> <span class='ocrx_word' id='word_1_321' title='bbox 1612 4311 1795 4369; x_wconf 72' lang='lat' dir='ltr'><strong>Terra:</strong></span> <span class='ocrx_word' id='word_1_322' title='bbox 1814 4329 1943 4370; x_wconf 80' lang='lat' dir='ltr'><strong>vero</strong></span> <span class='ocrx_word' id='word_1_323' title='bbox 1970 4315 2310 4386; x_wconf 77' lang='lat' dir='ltr'><strong>magnitudo,</strong></span> 
     </span>
    </p>
   </div>
   <div class='ocr_carea' id='block_1_48' title="bbox 2401 485 3978 561">
    <p class='ocr_par' dir='ltr' id='par_1_48' title="bbox 2401 485 3978 561">
     <span class='ocr_line' id='line_1_48' title="bbox 2401 485 3978 561; baseline 0.006 -21"><span class='ocrx_word' id='word_1_324' title='bbox 2401 487 2625 557; x_wconf 77' lang='grc' dir='ltr'>κνότητι</span> <span class='ocrx_word' id='word_1_325' title='bbox 2649 485 2744 540; x_wconf 88' lang='grc' dir='ltr'><strong>τοῦ</strong></span> <span class='ocrx_word' id='word_1_326' title='bbox 2770 486 2919 540; x_wconf 87' lang='grc' dir='ltr'>λίθου</span> <span class='ocrx_word' id='word_1_327' title='bbox 2948 489 3298 561; x_wconf 84' lang='grc' dir='ltr'>κωλυομένην</span> <span class='ocrx_word' id='word_1_328' title='bbox 3315 508 3330 523; x_wconf 82' lang='grc'><em>’</em></span> <span class='ocrx_word' id='word_1_329' title='bbox 3357 493 3480 546; x_wconf 83' lang='grc' dir='ltr'>τότε</span> <span class='ocrx_word' id='word_1_330' title='bbox 3503 492 3699 546; x_wconf 89' lang='grc' dir='ltr'>λεπταί</span> <span class='ocrx_word' id='word_1_331' title='bbox 3727 509 3871 558; x_wconf 89' lang='grc' dir='ltr'>τινες</span> <span class='ocrx_word' id='word_1_332' title='bbox 3893 495 3978 549; x_wconf 77' lang='grc' dir='ltr'><strong>τοῦ</strong></span> 
     </span>
    </p>
   </div>
   <div class='ocr_carea' id='block_1_49' title="bbox 2404 572 3978 654">
    <p class='ocr_par' dir='ltr' id='par_1_49' title="bbox 2404 572 3978 654">
     <span class='ocr_line' id='line_1_49' title="bbox 2404 572 3978 654; baseline -0.01 -2"><span class='ocrx_word' id='word_1_333' title='bbox 2404 577 2598 641; x_wconf 66' lang='grc' dir='ltr'><strong>ὕδατος</strong></span> <span class='ocrx_word' id='word_1_334' title='bbox 2627 577 2823 647; x_wconf 76' lang='grc' dir='ltr'>φλέσες</span> <span class='ocrx_word' id='word_1_335' title='bbox 2851 572 2940 632; x_wconf 67' lang='grc' dir='ltr'><strong>δίά</strong></span> <span class='ocrx_word' id='word_1_336' title='bbox 2961 579 3061 650; x_wconf 78' lang='grc' dir='ltr'>τῆς</span> <span class='ocrx_word' id='word_1_337' title='bbox 3087 582 3363 651; x_wconf 72' lang='grc' dir='ltr'>ἐργασίας,</span> <span class='ocrx_word' id='word_1_338' title='bbox 3386 582 3864 654; x_wconf 81' lang='grc' dir='ltr'>ἀνεστομώθησαν,</span> <span class='ocrx_word' id='word_1_339' title='bbox 3894 586 3978 653; x_wconf 65' lang='grc' dir='ltr'>ἀφ’</span> 
     </span>
    </p>
   </div>
   <div class='ocr_carea' id='block_1_50' title="bbox 2403 659 3978 744">
    <p class='ocr_par' dir='ltr' id='par_1_50' title="bbox 2403 659 3978 744">
     <span class='ocr_line' id='line_1_50' title="bbox 2403 659 3978 744; baseline 0.004 -24"><span class='ocrx_word' id='word_1_340' title='bbox 2403 659 2480 720; x_wconf 81' lang='grc' dir='ltr'><strong>ὧν</strong></span> <span class='ocrx_word' id='word_1_341' title='bbox 2513 667 2571 719; x_wconf 90' lang='grc' dir='ltr'><strong>ἐν</strong></span> <span class='ocrx_word' id='word_1_342' title='bbox 2593 665 2775 737; x_wconf 82' lang='grc' dir='ltr'><strong>κύκλῳ</strong></span> <span class='ocrx_word' id='word_1_343' title='bbox 2800 667 2928 738; x_wconf 75' lang='grc' dir='ltr'>περὶ</span> <span class='ocrx_word' id='word_1_344' title='bbox 2947 667 3007 721; x_wconf 83' lang='grc' dir='ltr'>τὸ</span> <span class='ocrx_word' id='word_1_345' title='bbox 3041 668 3204 738; x_wconf 81' lang='grc' dir='ltr'><strong>βάθος</strong></span> <span class='ocrx_word' id='word_1_346' title='bbox 3222 670 3325 740; x_wconf 84' lang='grc' dir='ltr'>τῆς</span> <span class='ocrx_word' id='word_1_347' title='bbox 3356 671 3654 735; x_wconf 81' lang='grc' dir='ltr'><strong>συνδέσεως</strong></span> <span class='ocrx_word' id='word_1_348' title='bbox 3672 673 3978 744; x_wconf 74' lang='grc' dir='ltr'><strong>γινομένης,</strong></span> 
     </span>
    </p>
   </div>
   <div class='ocr_carea' id='block_1_51' title="bbox 2405 754 3978 831">
    <p class='ocr_par' dir='ltr' id='par_1_51' title="bbox 2405 754 3978 831">
     <span class='ocr_line' id='line_1_51' title="bbox 2405 754 3978 831; baseline 0.006 -24"><span class='ocrx_word' id='word_1_349' title='bbox 2405 754 2713 825; x_wconf 82' lang='grc' dir='ltr'>εὐθηνεῖται</span> <span class='ocrx_word' id='word_1_350' title='bbox 2745 755 2806 808; x_wconf 86' lang='grc' dir='ltr'><strong>τδ</strong></span> <span class='ocrx_word' id='word_1_351' title='bbox 2833 756 3012 829; x_wconf 81' lang='grc' dir='ltr'>φρέαρ</span> <span class='ocrx_word' id='word_1_352' title='bbox 3034 757 3113 830; x_wconf 86' lang='grc' dir='ltr'><strong>τῷ</strong></span> <span class='ocrx_word' id='word_1_353' title='bbox 3140 757 3318 815; x_wconf 77' lang='grc' dir='ltr'>ὕδατι.</span> <span class='ocrx_word' id='word_1_354' title='bbox 3344 760 3524 831; x_wconf 85' lang='grc' dir='ltr'>Ὅπερ</span> <span class='ocrx_word' id='word_1_355' title='bbox 3545 762 3722 815; x_wconf 77' lang='grc' dir='ltr'>τοίνυν</span> <span class='ocrx_word' id='word_1_356' title='bbox 3756 763 3978 816; x_wconf 81' lang='grc' dir='ltr'>ἐνταῦθα</span> 
     </span>
    </p>
   </div>
   <div class='ocr_carea' id='block_1_52' title="bbox 2405 845 3978 921">
    <p class='ocr_par' dir='ltr' id='par_1_52' title="bbox 2405 845 3978 921">
     <span class='ocr_line' id='line_1_52' title="bbox 2405 845 3978 921; baseline 0.004 -21"><span class='ocrx_word' id='word_1_357' title='bbox 2405 847 2614 916; x_wconf 87' lang='grc' dir='ltr'>γίνεται</span> <span class='ocrx_word' id='word_1_358' title='bbox 2638 845 2774 918; x_wconf 79' lang='grc' dir='ltr'>πρὸς</span> <span class='ocrx_word' id='word_1_359' title='bbox 2810 846 2910 918; x_wconf 83' lang='grc' dir='ltr'>τὴν</span> <span class='ocrx_word' id='word_1_360' title='bbox 2953 849 3328 921; x_wconf 81' lang='grc' dir='ltr'><strong>χειροποίητον</strong></span> <span class='ocrx_word' id='word_1_361' title='bbox 3368 851 3677 921; x_wconf 85' lang='grc' dir='ltr'>κοιλότητα,</span> <span class='ocrx_word' id='word_1_362' title='bbox 3720 854 3978 907; x_wconf 89' lang='grc' dir='ltr'>συνδοθεί-</span> 
     </span>
    </p>
   </div>
   <div class='ocr_carea' id='block_1_53' title="bbox 2407 938 3978 1014">
    <p class='ocr_par' dir='ltr' id='par_1_53' title="bbox 2407 938 3978 1014">
     <span class='ocr_line' id='line_1_53' title="bbox 2407 938 3978 1014; baseline 0.006 -25"><span class='ocrx_word' id='word_1_363' title='bbox 2407 955 2510 1008; x_wconf 90' lang='grc' dir='ltr'><strong>σης</strong></span> <span class='ocrx_word' id='word_1_364' title='bbox 2548 938 2647 1008; x_wconf 85' lang='grc' dir='ltr'><strong>τῆς</strong></span> <span class='ocrx_word' id='word_1_365' title='bbox 2686 940 3021 1010; x_wconf 83' lang='grc' dir='ltr'>πανταχόθεν</span> <span class='ocrx_word' id='word_1_366' title='bbox 3071 942 3198 1012; x_wconf 78' lang='grc' dir='ltr'>περὶ</span> <span class='ocrx_word' id='word_1_367' title='bbox 3241 941 3302 994; x_wconf 86' lang='grc' dir='ltr'>τὸ</span> <span class='ocrx_word' id='word_1_368' title='bbox 3346 943 3523 1013; x_wconf 80' lang='grc' dir='ltr'>φρέαρ</span> <span class='ocrx_word' id='word_1_369' title='bbox 3561 943 3978 1014; x_wconf 75' lang='grc' dir='ltr'>συνθλιϐομένης</span> 
     </span>
    </p>
   </div>
   <div class='ocr_carea' id='block_1_54' title="bbox 2411 1029 3978 1106">
    <p class='ocr_par' dir='ltr' id='par_1_54' title="bbox 2411 1029 3978 1106">
     <span class='ocr_line' id='line_1_54' title="bbox 2411 1029 3978 1106; baseline 0.004 -23"><span class='ocrx_word' id='word_1_370' title='bbox 2411 1029 2657 1100; x_wconf 87' lang='grc' dir='ltr'>ίκμάδος,</span> <span class='ocrx_word' id='word_1_371' title='bbox 2691 1030 2848 1084; x_wconf 89' lang='grc' dir='ltr'>τοῦτο</span> <span class='ocrx_word' id='word_1_372' title='bbox 2876 1031 3022 1094; x_wconf 80' lang='grc' dir='ltr'>εἰκὸς</span> <span class='ocrx_word' id='word_1_373' title='bbox 3055 1034 3114 1086; x_wconf 91' lang='grc' dir='ltr'><strong>ἐν</strong></span> <span class='ocrx_word' id='word_1_374' title='bbox 3147 1033 3309 1088; x_wconf 65' lang='grc' dir='ltr'><strong>παντί⁵</strong></span> <span class='ocrx_word' id='word_1_375' title='bbox 3335 1034 3579 1102; x_wconf 89' lang='grc' dir='ltr'>γίνεσθαι</span> <span class='ocrx_word' id='word_1_376' title='bbox 3604 1034 3776 1106; x_wconf 82' lang='grc' dir='ltr'>τόπῳ,</span> <span class='ocrx_word' id='word_1_377' title='bbox 3809 1037 3906 1089; x_wconf 78' lang='grc' dir='ltr'>καὶ</span> <span class='ocrx_word' id='word_1_378' title='bbox 3933 1039 3978 1090; x_wconf 71' lang='grc' dir='ltr'>τὲ</span> 
     </span>
    </p>
   </div>
   <div class='ocr_carea' id='block_1_55' title="bbox 2404 1120 3978 1196">
    <p class='ocr_par' dir='ltr' id='par_1_55' title="bbox 2404 1120 3978 1196">
     <span class='ocr_line' id='line_1_55' title="bbox 2404 1120 3978 1196; baseline 0.004 -22"><span class='ocrx_word' id='word_1_379' title='bbox 2404 1120 2494 1174; x_wconf 83' lang='grc' dir='ltr'>διὰ</span> <span class='ocrx_word' id='word_1_380' title='bbox 2522 1121 2621 1191; x_wconf 83' lang='grc' dir='ltr'>τῆς</span> <span class='ocrx_word' id='word_1_381' title='bbox 2646 1120 2850 1192; x_wconf 80' lang='grc' dir='ltr'>λεπτῆς</span> <span class='ocrx_word' id='word_1_382' title='bbox 2883 1122 3111 1193; x_wconf 84' lang='grc' dir='ltr'>ίκμάδος</span> <span class='ocrx_word' id='word_1_383' title='bbox 3143 1124 3230 1178; x_wconf 77' lang='grc' dir='ltr'>ἀεὶ</span> <span class='ocrx_word' id='word_1_384' title='bbox 3260 1125 3629 1196; x_wconf 87' lang='grc' dir='ltr'>συνδιδόμενον</span> <span class='ocrx_word' id='word_1_385' title='bbox 3657 1125 3744 1179; x_wconf 83' lang='grc' dir='ltr'><strong>διὰ</strong></span> <span class='ocrx_word' id='word_1_386' title='bbox 3773 1127 3978 1196; x_wconf 70' lang='grc' dir='ltr'>φλεϐῶν</span> 
     </span>
    </p>
   </div>
   <div class='ocr_carea' id='block_1_56' title="bbox 2406 1210 3978 1288">
    <p class='ocr_par' dir='ltr' id='par_1_56' title="bbox 2406 1210 3978 1288">
     <span class='ocr_line' id='line_1_56' title="bbox 2406 1210 3978 1288; baseline 0.004 -26"><span class='ocrx_word' id='word_1_387' title='bbox 2406 1210 2568 1264; x_wconf 88' lang='grc' dir='ltr'>τινῶν</span> <span class='ocrx_word' id='word_1_388' title='bbox 2603 1211 2696 1264; x_wconf 77' lang='grc' dir='ltr'>ἐπὶ</span> <span class='ocrx_word' id='word_1_389' title='bbox 2719 1211 2848 1287; x_wconf 77' lang='grc' dir='ltr'>τοὺς</span> <span class='ocrx_word' id='word_1_390' title='bbox 2883 1211 3210 1282; x_wconf 87' lang='grc' dir='ltr'>εύρυτέρους</span> <span class='ocrx_word' id='word_1_391' title='bbox 3249 1213 3596 1283; x_wconf 85' lang='grc' dir='ltr'>ὀχετεύεσθαι</span> <span class='ocrx_word' id='word_1_392' title='bbox 3637 1215 3856 1286; x_wconf 80' lang='grc' dir='ltr'>πόρους,</span> <span class='ocrx_word' id='word_1_393' title='bbox 3885 1217 3978 1288; x_wconf 74' lang='grc' dir='ltr'>ήδη</span> 
     </span>
    </p>
   </div>
   <div class='ocr_carea' id='block_1_57' title="bbox 2407 1301 3978 1376">
    <p class='ocr_par' dir='ltr' id='par_1_57' title="bbox 2407 1301 3978 1376">
     <span class='ocr_line' id='line_1_57' title="bbox 2407 1301 3978 1376; baseline 0.004 -23"><span class='ocrx_word' id='word_1_394' title='bbox 2407 1301 2506 1371; x_wconf 86' lang='grc' dir='ltr'>τῆς</span> <span class='ocrx_word' id='word_1_395' title='bbox 2529 1301 2730 1372; x_wconf 84' lang='grc' dir='ltr'>λεπτῆς</span> <span class='ocrx_word' id='word_1_396' title='bbox 2773 1302 3034 1374; x_wconf 81' lang='grc' dir='ltr'>συρῥοίας</span> <span class='ocrx_word' id='word_1_397' title='bbox 3056 1303 3194 1375; x_wconf 78' lang='grc' dir='ltr'>πρὸς</span> <span class='ocrx_word' id='word_1_398' title='bbox 3219 1304 3416 1375; x_wconf 84' lang='grc' dir='ltr'>ἐαυτὴν</span> <span class='ocrx_word' id='word_1_399' title='bbox 3461 1305 3768 1376; x_wconf 86' lang='grc' dir='ltr'>ἐνωθείσης.</span> <span class='ocrx_word' id='word_1_400' title='bbox 3801 1306 3978 1370; x_wconf 78' lang='grc' dir='ltr'>Οὕτως</span> 
     </span>
    </p>
   </div>
   <div class='ocr_carea' id='block_1_58' title="bbox 2407 1376 3978 1468">
    <p class='ocr_par' dir='ltr' id='par_1_58' title="bbox 2407 1376 3978 1468">
     <span class='ocr_line' id='line_1_58' title="bbox 2407 1376 3978 1468; baseline 0.003 -23"><span class='ocrx_word' id='word_1_401' title='bbox 2407 1387 2500 1446; x_wconf 83' lang='grc' dir='ltr'>οὖν</span> <span class='ocrx_word' id='word_1_402' title='bbox 2540 1376 2904 1460; x_wconf 84' lang='grc' dir='ltr'>ἀπογεννᾶται</span> <span class='ocrx_word' id='word_1_403' title='bbox 2933 1393 2994 1446; x_wconf 82' lang='grc' dir='ltr'>τὸ</span> <span class='ocrx_word' id='word_1_404' title='bbox 3036 1393 3200 1465; x_wconf 81' lang='grc' dir='ltr'>ὕδωρ,</span> <span class='ocrx_word' id='word_1_405' title='bbox 3227 1395 3323 1448; x_wconf 86' lang='grc' dir='ltr'><strong>τοῦ</strong></span> <span class='ocrx_word' id='word_1_406' title='bbox 3363 1396 3459 1466; x_wconf 83' lang='grc' dir='ltr'>μὲν</span> <span class='ocrx_word' id='word_1_407' title='bbox 3490 1396 3699 1468; x_wconf 79' lang='grc' dir='ltr'>ψυχροῦ</span> <span class='ocrx_word' id='word_1_408' title='bbox 3751 1398 3851 1466; x_wconf 85' lang='grc' dir='ltr'>τὴν</span> <span class='ocrx_word' id='word_1_409' title='bbox 3883 1397 3978 1467; x_wconf 60' lang='grc' dir='ltr'><strong>γῆν</strong></span> 
     </span>
    </p>
   </div>
   <div class='ocr_carea' id='block_1_59' title="bbox 2408 1481 3978 1562">
    <p class='ocr_par' dir='ltr' id='par_1_59' title="bbox 2408 1481 3978 1562">
     <span class='ocr_line' id='line_1_59' title="bbox 2408 1481 3978 1562; baseline 0.001 -25"><span class='ocrx_word' id='word_1_410' title='bbox 2408 1481 2884 1554; x_wconf 84' lang='grc' dir='ltr'>καθυγραίνοντος,</span> <span class='ocrx_word' id='word_1_411' title='bbox 2912 1484 3013 1556; x_wconf 83' lang='grc' dir='ltr'>τῆς</span> <span class='ocrx_word' id='word_1_412' title='bbox 3045 1484 3103 1538; x_wconf 87' lang='grc' dir='ltr'><strong>δέ</strong></span> <span class='ocrx_word' id='word_1_413' title='bbox 3131 1485 3428 1557; x_wconf 79' lang='grc' dir='ltr'>ὑγρότητος</span> <span class='ocrx_word' id='word_1_414' title='bbox 3459 1487 3556 1557; x_wconf 83' lang='grc' dir='ltr'>τῆς</span> <span class='ocrx_word' id='word_1_415' title='bbox 3578 1488 3643 1540; x_wconf 89' lang='grc' dir='ltr'><strong>ἐκ</strong></span> <span class='ocrx_word' id='word_1_416' title='bbox 3661 1485 3760 1562; x_wconf 90' lang='grc' dir='ltr'><strong>τοῦ¹</strong></span> <span class='ocrx_word' id='word_1_417' title='bbox 3775 1486 3978 1558; x_wconf 78' lang='grc' dir='ltr'>ψυχροῦ</span> 
     </span>
    </p>
   </div>
   <div class='ocr_carea' id='block_1_60' title="bbox 2411 1572 3978 1647">
    <p class='ocr_par' dir='ltr' id='par_1_60' title="bbox 2411 1572 3978 1647">
     <span class='ocr_line' id='line_1_60' title="bbox 2411 1572 3978 1647; baseline 0.003 -23"><span class='ocrx_word' id='word_1_418' title='bbox 2411 1572 2844 1644; x_wconf 83' lang='grc' dir='ltr'>συνισταμένης,</span> <span class='ocrx_word' id='word_1_419' title='bbox 2905 1575 2999 1629; x_wconf 71' lang='grc' dir='ltr'>καὶ</span> <span class='ocrx_word' id='word_1_420' title='bbox 3021 1574 3149 1644; x_wconf 86' lang='grc' dir='ltr'>ὃλην</span> <span class='ocrx_word' id='word_1_421' title='bbox 3194 1575 3294 1647; x_wconf 81' lang='grc' dir='ltr'><strong>τὴν</strong></span> <span class='ocrx_word' id='word_1_422' title='bbox 3335 1575 3433 1629; x_wconf 92' lang='grc' dir='ltr'><strong>τοῦ</strong></span> <span class='ocrx_word' id='word_1_423' title='bbox 3478 1576 3668 1640; x_wconf 87' lang='grc' dir='ltr'>ῦδατος</span> <span class='ocrx_word' id='word_1_424' title='bbox 3717 1576 3879 1646; x_wconf 84' lang='grc' dir='ltr'>φύσιν</span> <span class='ocrx_word' id='word_1_425' title='bbox 3927 1579 3978 1630; x_wconf 84' lang='grc' dir='ltr'><strong>ἐν</strong></span> 
     </span>
    </p>
   </div>
   <div class='ocr_carea' id='block_1_61' title="bbox 2410 1663 3978 1740">
    <p class='ocr_par' dir='ltr' id='par_1_61' title="bbox 2410 1663 3978 1740">
     <span class='ocr_line' id='line_1_61' title="bbox 2410 1663 3978 1740; baseline 0.004 -24"><span class='ocrx_word' id='word_1_426' title='bbox 2410 1663 2577 1734; x_wconf 78' lang='grc' dir='ltr'>ἑαυτῇ</span> <span class='ocrx_word' id='word_1_427' title='bbox 2609 1663 2940 1737; x_wconf 88' lang='grc' dir='ltr'>τελειούσης.</span> <span class='ocrx_word' id='word_1_428' title='bbox 2975 1666 3139 1720; x_wconf 84' lang='grc' dir='ltr'>Ὅθεν</span> <span class='ocrx_word' id='word_1_429' title='bbox 3162 1667 3448 1739; x_wconf 81' lang='grc' dir='ltr'>ἀθροισθὲν</span> <span class='ocrx_word' id='word_1_430' title='bbox 3485 1669 3610 1740; x_wconf 76' lang='grc' dir='ltr'>ήδη,</span> <span class='ocrx_word' id='word_1_431' title='bbox 3639 1669 3733 1722; x_wconf 68' lang='grc' dir='ltr'><strong>καὶ⁵</strong></span> <span class='ocrx_word' id='word_1_432' title='bbox 3773 1667 3978 1740; x_wconf 75' lang='grc' dir='ltr'>ῥεῖθρον</span> 
     </span>
    </p>
   </div>
   <div class='ocr_carea' id='block_1_62' title="bbox 2408 1747 3978 1831">
    <p class='ocr_par' dir='ltr' id='par_1_62' title="bbox 2408 1747 3978 1831">
     <span class='ocr_line' id='line_1_62' title="bbox 2408 1747 3978 1831; baseline 0.005 -27"><span class='ocrx_word' id='word_1_433' title='bbox 2408 1752 2718 1824; x_wconf 85' lang='grc' dir='ltr'>γενόμενον,</span> <span class='ocrx_word' id='word_1_434' title='bbox 2765 1747 2908 1828; x_wconf 73' lang='grc' dir='ltr'>ᾗπερ</span> <span class='ocrx_word' id='word_1_435' title='bbox 2960 1755 3028 1810; x_wconf 77' lang='grc' dir='ltr'>ἂν</span> <span class='ocrx_word' id='word_1_436' title='bbox 3073 1757 3329 1829; x_wconf 80' lang='grc' dir='ltr'>εὐοδωθῇ,</span> <span class='ocrx_word' id='word_1_437' title='bbox 3363 1760 3482 1813; x_wconf 83' lang='grc' dir='ltr'>κατ’</span> <span class='ocrx_word' id='word_1_438' title='bbox 3523 1760 3698 1812; x_wconf 84' lang='grc' dir='ltr'>ἐκεῖνο</span> <span class='ocrx_word' id='word_1_439' title='bbox 3737 1759 3834 1831; x_wconf 83' lang='grc' dir='ltr'>τὴν</span> <span class='ocrx_word' id='word_1_440' title='bbox 3879 1763 3978 1831; x_wconf 80' lang='grc' dir='ltr'>γῆν</span> 
     </span>
    </p>
   </div>
   <div class='ocr_carea' id='block_1_63' title="bbox 2407 1843 3978 1921">
    <p class='ocr_par' dir='ltr' id='par_1_63' title="bbox 2407 1843 3978 1921">
     <span class='ocr_line' id='line_1_63' title="bbox 2407 1843 3978 1921; baseline 0.005 -24"><span class='ocrx_word' id='word_1_441' title='bbox 2407 1843 2804 1914; x_wconf 87' lang='grc' dir='ltr'>ἀνεστόμωσεν.</span> <span class='ocrx_word' id='word_1_442' title='bbox 2839 1845 3011 1900; x_wconf 91' lang='grc' dir='ltr'>Τοῦτο</span> <span class='ocrx_word' id='word_1_443' title='bbox 3038 1847 3093 1900; x_wconf 84' lang='grc' dir='ltr'>δὲ</span> <span class='ocrx_word' id='word_1_444' title='bbox 3128 1849 3279 1920; x_wconf 81' lang='grc' dir='ltr'>πηγὴ</span> <span class='ocrx_word' id='word_1_445' title='bbox 3307 1849 3652 1919; x_wconf 77' lang='grc' dir='ltr'>ὀνομάζεται.</span> <span class='ocrx_word' id='word_1_446' title='bbox 3674 1852 3978 1921; x_wconf 82' lang='grc' dir='ltr'>Τεκμήριον</span> 
     </span>
    </p>
   </div>
   <div class='ocr_carea' id='block_1_64' title="bbox 2407 1931 3978 2011">
    <p class='ocr_par' dir='ltr' id='par_1_64' title="bbox 2407 1931 3978 2011">
     <span class='ocr_line' id='line_1_64' title="bbox 2407 1931 3978 2011; baseline 0.005 -26"><span class='ocrx_word' id='word_1_447' title='bbox 2407 1931 2465 1985; x_wconf 87' lang='grc' dir='ltr'><strong>δέ</strong></span> <span class='ocrx_word' id='word_1_448' title='bbox 2494 1933 2588 1986; x_wconf 91' lang='grc' dir='ltr'><strong>τοῦ</strong></span> <span class='ocrx_word' id='word_1_449' title='bbox 2619 1933 2978 2006; x_wconf 87' lang='grc' dir='ltr'>καθηγεῖσθαι</span> <span class='ocrx_word' id='word_1_450' title='bbox 3021 1937 3119 2009; x_wconf 83' lang='grc' dir='ltr'><strong>τὴν</strong></span> <span class='ocrx_word' id='word_1_451' title='bbox 3152 1937 3476 2011; x_wconf 69' lang='grc' dir='ltr'>ψυχρότητα</span> <span class='ocrx_word' id='word_1_452' title='bbox 3511 1940 3610 2011; x_wconf 84' lang='grc' dir='ltr'>τῆς</span> <span class='ocrx_word' id='word_1_453' title='bbox 3647 1940 3753 1994; x_wconf 88' lang='grc' dir='ltr'><strong>τῶν</strong></span> <span class='ocrx_word' id='word_1_454' title='bbox 3777 1941 3978 1995; x_wconf 79' lang='grc' dir='ltr'>ὑδάτων</span> 
     </span>
    </p>
   </div>
   <div class='ocr_carea' id='block_1_65' title="bbox 2409 2023 3978 2101">
    <p class='ocr_par' dir='ltr' id='par_1_65' title="bbox 2409 2023 3978 2101">
     <span class='ocr_line' id='line_1_65' title="bbox 2409 2023 3978 2101; baseline 0.005 -25"><span class='ocrx_word' id='word_1_455' title='bbox 2409 2023 2693 2091; x_wconf 86' lang='grc' dir='ltr'>γενέσεως,</span> <span class='ocrx_word' id='word_1_456' title='bbox 2745 2025 2806 2079; x_wconf 82' lang='grc' dir='ltr'>τὸ</span> <span class='ocrx_word' id='word_1_457' title='bbox 2852 2027 2980 2093; x_wconf 81' lang='grc' dir='ltr'>τοὺς</span> <span class='ocrx_word' id='word_1_458' title='bbox 3025 2029 3161 2100; x_wconf 77' lang='grc' dir='ltr'>πρὸς</span> <span class='ocrx_word' id='word_1_459' title='bbox 3210 2029 3490 2101; x_wconf 80' lang='grc' dir='ltr'>ἀρκτῴους</span> <span class='ocrx_word' id='word_1_460' title='bbox 3517 2031 3628 2084; x_wconf 90' lang='grc' dir='ltr'><strong>τῶν</strong></span> <span class='ocrx_word' id='word_1_461' title='bbox 3669 2030 3849 2087; x_wconf 83' lang='grc' dir='ltr'>τόπων</span> <span class='ocrx_word' id='word_1_462' title='bbox 3889 2034 3978 2085; x_wconf 68' lang='grc' dir='ltr'>καὶ</span> 
     </span>
    </p>
   </div>
   <div class='ocr_carea' id='block_1_66' title="bbox 2411 2115 3978 2192">
    <p class='ocr_par' dir='ltr' id='par_1_66' title="bbox 2411 2115 3978 2192">
     <span class='ocr_line' id='line_1_66' title="bbox 2411 2115 3978 2192; baseline 0.007 -25"><span class='ocrx_word' id='word_1_463' title='bbox 2411 2115 2610 2186; x_wconf 75' lang='grc' dir='ltr'>μᾶλλον</span> <span class='ocrx_word' id='word_1_464' title='bbox 2653 2117 3098 2189; x_wconf 75' lang='grc' dir='ltr'>κατεψυγμένους</span> <span class='ocrx_word' id='word_1_465' title='bbox 3135 2121 3478 2192; x_wconf 83' lang='grc' dir='ltr'>εύθηνεῖσθαι</span> <span class='ocrx_word' id='word_1_466' title='bbox 3509 2126 3620 2188; x_wconf 88' lang='grc' dir='ltr'>τοῖς</span> <span class='ocrx_word' id='word_1_467' title='bbox 3664 2123 3871 2178; x_wconf 77' lang='grc' dir='ltr'>ὕδασιν.</span> <span class='ocrx_word' id='word_1_468' title='bbox 3907 2122 3978 2177; x_wconf 83' lang='grc' dir='ltr'>Ἦ</span> 
     </span>
    </p>
   </div>
   <div class='ocr_carea' id='block_1_67' title="bbox 2407 2205 3978 2286">
    <p class='ocr_par' dir='ltr' id='par_1_67' title="bbox 2407 2205 3978 2286">
     <span class='ocr_line' id='line_1_67' title="bbox 2407 2205 3978 2286; baseline 0.007 -28"><span class='ocrx_word' id='word_1_469' title='bbox 2407 2205 2516 2278; x_wconf 87' lang='grc' dir='ltr'><strong>γὰρ</strong></span> <span class='ocrx_word' id='word_1_470' title='bbox 2550 2205 2616 2262; x_wconf 82' lang='grc' dir='ltr'>ἂν</span> <span class='ocrx_word' id='word_1_471' title='bbox 2646 2207 2840 2279; x_wconf 84' lang='grc' dir='ltr'>ἐπίσης</span> <span class='ocrx_word' id='word_1_472' title='bbox 2877 2208 2947 2263; x_wconf 89' lang='grc' dir='ltr'><strong>τά</strong></span> <span class='ocrx_word' id='word_1_473' title='bbox 2983 2210 3278 2283; x_wconf 80' lang='grc' dir='ltr'>ήλιούμενά</span> <span class='ocrx_word' id='word_1_474' title='bbox 3323 2231 3383 2267; x_wconf 88' lang='grc' dir='ltr'><strong>τε</strong></span> <span class='ocrx_word' id='word_1_475' title='bbox 3413 2215 3506 2268; x_wconf 71' lang='grc' dir='ltr'>καὶ</span> <span class='ocrx_word' id='word_1_476' title='bbox 3532 2215 3700 2279; x_wconf 86' lang='grc' dir='ltr'>νότια,</span> <span class='ocrx_word' id='word_1_477' title='bbox 3727 2216 3978 2286; x_wconf 78' lang='grc' dir='ltr'>διάϐροχσ</span> 
     </span>
    </p>
   </div>
   <div class='ocr_carea' id='block_1_68' title="bbox 2406 2295 3978 2378">
    <p class='ocr_par' dir='ltr' id='par_1_68' title="bbox 2406 2295 3978 2378">
     <span class='ocr_line' id='line_1_68' title="bbox 2406 2295 3978 2378; baseline 0.01 -29"><span class='ocrx_word' id='word_1_478' title='bbox 2406 2299 2518 2361; x_wconf 89' lang='grc' dir='ltr'>τοῖς</span> <span class='ocrx_word' id='word_1_479' title='bbox 2555 2296 2740 2354; x_wconf 80' lang='grc' dir='ltr'>ὕδασιν</span> <span class='ocrx_word' id='word_1_480' title='bbox 2766 2295 2854 2371; x_wconf 84' lang='grc' dir='ltr'>ἦν,</span> <span class='ocrx_word' id='word_1_481' title='bbox 2897 2302 2946 2355; x_wconf 85' lang='grc' dir='ltr'><strong>εί</strong></span> <span class='ocrx_word' id='word_1_482' title='bbox 2992 2303 3159 2374; x_wconf 89' lang='grc' dir='ltr'>μηδὲν</span> <span class='ocrx_word' id='word_1_483' title='bbox 3193 2305 3226 2374; x_wconf 83' lang='grc' dir='ltr'><strong>ή</strong></span> <span class='ocrx_word' id='word_1_484' title='bbox 3268 2305 3504 2359; x_wconf 80' lang='grc' dir='ltr'>ἀπουσία</span> <span class='ocrx_word' id='word_1_485' title='bbox 3533 2307 3633 2376; x_wconf 82' lang='grc' dir='ltr'>τῆς</span> <span class='ocrx_word' id='word_1_486' title='bbox 3675 2306 3884 2376; x_wconf 75' lang='grc' dir='ltr'>ψύξεως</span> <span class='ocrx_word' id='word_1_487' title='bbox 3917 2311 3978 2378; x_wconf 80' lang='grc' dir='ltr'><strong>τῇ</strong></span> 
     </span>
    </p>
   </div>
   <div class='ocr_carea' id='block_1_69' title="bbox 2407 2390 3978 2469">
    <p class='ocr_par' dir='ltr' id='par_1_69' title="bbox 2407 2390 3978 2469">
     <span class='ocr_line' id='line_1_69' title="bbox 2407 2390 3978 2469; baseline 0.007 -27"><span class='ocrx_word' id='word_1_488' title='bbox 2407 2390 2617 2458; x_wconf 82' lang='grc' dir='ltr'>γενέσει</span> <span class='ocrx_word' id='word_1_489' title='bbox 2642 2391 2748 2444; x_wconf 88' lang='grc' dir='ltr'><strong>τῶν</strong></span> <span class='ocrx_word' id='word_1_490' title='bbox 2789 2393 2973 2464; x_wconf 85' lang='grc' dir='ltr'>ὑγρῶν</span> <span class='ocrx_word' id='word_1_491' title='bbox 3007 2395 3330 2462; x_wconf 79' lang='grc' dir='ltr'>ἐνεπόδιξεν.</span> <span class='ocrx_word' id='word_1_492' title='bbox 3362 2398 3572 2469; x_wconf 83' lang='grc' dir='ltr'>Ὥσπερ</span> <span class='ocrx_word' id='word_1_493' title='bbox 3604 2398 3661 2452; x_wconf 81' lang='grc' dir='ltr'>δὲ</span> <span class='ocrx_word' id='word_1_494' title='bbox 3686 2399 3745 2452; x_wconf 73' lang='grc' dir='ltr'><strong>τὸ</strong></span> <span class='ocrx_word' id='word_1_495' title='bbox 3787 2400 3844 2464; x_wconf 82' lang='grc' dir='ltr'>ἐξ</span> <span class='ocrx_word' id='word_1_496' title='bbox 3886 2401 3978 2469; x_wconf 62' lang='lat' dir='ltr'><strong>6p-</strong></span> 
     </span>
    </p>
   </div>
   <div class='ocr_carea' id='block_1_70' title="bbox 2410 2481 3978 2563">
    <p class='ocr_par' dir='ltr' id='par_1_70' title="bbox 2410 2481 3978 2563">
     <span class='ocr_line' id='line_1_70' title="bbox 2410 2481 3978 2563; baseline 0.007 -30"><span class='ocrx_word' id='word_1_497' title='bbox 2410 2481 2570 2552; x_wconf 77' lang='grc' dir='ltr'>ὁρίας</span> <span class='ocrx_word' id='word_1_498' title='bbox 2598 2481 2741 2554; x_wconf 76' lang='grc' dir='ltr'>ὕδωρ</span> <span class='ocrx_word' id='word_1_499' title='bbox 2770 2482 3054 2554; x_wconf 83' lang='grc' dir='ltr'>ἀθροισθὲν</span> <span class='ocrx_word' id='word_1_500' title='bbox 3081 2487 3178 2557; x_wconf 85' lang='grc' dir='ltr'>μὲν</span> <span class='ocrx_word' id='word_1_501' title='bbox 3211 2489 3276 2541; x_wconf 84' lang='grc' dir='ltr'><strong>ἐκ</strong></span> <span class='ocrx_word' id='word_1_502' title='bbox 3293 2491 3392 2560; x_wconf 79' lang='grc' dir='ltr'>τῆς</span> <span class='ocrx_word' id='word_1_503' title='bbox 3415 2489 3524 2542; x_wconf 88' lang='grc' dir='ltr'><strong>τῶν</strong></span> <span class='ocrx_word' id='word_1_504' title='bbox 3549 2491 3824 2558; x_wconf 86' lang='grc' dir='ltr'>σταγόνων</span> <span class='ocrx_word' id='word_1_505' title='bbox 3856 2496 3978 2563; x_wconf 86' lang='grc' dir='ltr'>συρ-</span> 
     </span>
    </p>
   </div>
   <div class='ocr_carea' id='block_1_71' title="bbox 2410 2573 3978 2649">
    <p class='ocr_par' dir='ltr' id='par_1_71' title="bbox 2410 2573 3978 2649">
     <span class='ocr_line' id='line_1_71' title="bbox 2410 2573 3978 2649; baseline 0.007 -25"><span class='ocrx_word' id='word_1_506' title='bbox 2410 2573 2578 2642; x_wconf 89' lang='grc' dir='ltr'>ῥοίας.</span> <span class='ocrx_word' id='word_1_507' title='bbox 2610 2573 2942 2646; x_wconf 76' lang='grc' dir='ltr'>χειμάρρους</span> <span class='ocrx_word' id='word_1_508' title='bbox 2969 2575 3197 2645; x_wconf 82' lang='grc' dir='ltr'>γίνεται,</span> <span class='ocrx_word' id='word_1_509' title='bbox 3229 2580 3279 2631; x_wconf 87' lang='grc' dir='ltr'>εἰ</span> <span class='ocrx_word' id='word_1_510' title='bbox 3299 2579 3356 2632; x_wconf 76' lang='grc' dir='ltr'>δὲ</span> <span class='ocrx_word' id='word_1_511' title='bbox 3384 2579 3555 2642; x_wconf 78' lang='grc' dir='ltr'>αὑτὰς</span> <span class='ocrx_word' id='word_1_512' title='bbox 3589 2581 3689 2643; x_wconf 76' lang='grc' dir='ltr'>τὰς</span> <span class='ocrx_word' id='word_1_513' title='bbox 3715 2582 3978 2649; x_wconf 79' lang='grc' dir='ltr'>σταγόνας</span> 
     </span>
    </p>
   </div>
   <div class='ocr_carea' id='block_1_72' title="bbox 2407 2657 3976 2736">
    <p class='ocr_par' dir='ltr' id='par_1_72' title="bbox 2407 2657 3976 2736">
     <span class='ocr_line' id='line_1_72' title="bbox 2407 2657 3976 2736; baseline 0.01 -27"><span class='ocrx_word' id='word_1_514' title='bbox 2407 2657 2491 2725; x_wconf 83' lang='grc' dir='ltr'>ἐφ’</span> <span class='ocrx_word' id='word_1_515' title='bbox 2512 2657 2718 2713; x_wconf 81' lang='grc' dir='ltr'>ἑαυτῶν</span> <span class='ocrx_word' id='word_1_516' title='bbox 2739 2677 2822 2724; x_wconf 91' lang='grc' dir='ltr'><strong>τις</strong></span> <span class='ocrx_word' id='word_1_517' title='bbox 2847 2660 3052 2730; x_wconf 86' lang='grc' dir='ltr'>βλέποι,</span> <span class='ocrx_word' id='word_1_518' title='bbox 3072 2663 3246 2736; x_wconf 87' lang='grc' dir='ltr'>βραχύ</span> <span class='ocrx_word' id='word_1_519' title='bbox 3261 2683 3312 2719; x_wconf 89' lang='grc' dir='ltr'><strong>τι</strong></span> <span class='ocrx_word' id='word_1_520' title='bbox 3333 2667 3428 2720; x_wconf 72' lang='grc' dir='ltr'>καὶ</span> <span class='ocrx_word' id='word_1_521' title='bbox 3456 2669 3570 2721; x_wconf 77' lang='grc' dir='ltr'>ἀντ’</span> <span class='ocrx_word' id='word_1_522' title='bbox 3598 2669 3880 2733; x_wconf 79' lang='grc' dir='ltr'>οὐδενδςτδ</span> <span class='ocrx_word' id='word_1_523' title='bbox 3911 2673 3976 2724; x_wconf 81' lang='grc' dir='ltr'><strong>ἐν</strong></span> 
     </span>
    </p>
   </div>
   <div class='ocr_carea' id='block_1_73' title="bbox 2416 2749 3978 2828">
    <p class='ocr_par' dir='ltr' id='par_1_73' title="bbox 2416 2749 3978 2828">
     <span class='ocr_line' id='line_1_73' title="bbox 2416 2749 3978 2828; baseline 0.01 -27"><span class='ocrx_word' id='word_1_524' title='bbox 2416 2749 2623 2822; x_wconf 80' lang='grc' dir='ltr'>ἑκάστῃ</span> <span class='ocrx_word' id='word_1_525' title='bbox 2648 2752 2942 2822; x_wconf 81' lang='grc' dir='ltr'>φανήσεται</span> <span class='ocrx_word' id='word_1_526' title='bbox 2959 2770 2973 2784; x_wconf 77' lang='grc' dir='ltr'><strong>ο</strong></span> <span class='ocrx_word' id='word_1_527' title='bbox 3000 2753 3142 2809; x_wconf 73' lang='grc' dir='ltr'>οὕτω</span> <span class='ocrx_word' id='word_1_528' title='bbox 3157 2757 3249 2810; x_wconf 75' lang='grc' dir='ltr'>καὶ</span> <span class='ocrx_word' id='word_1_529' title='bbox 3273 2759 3306 2828; x_wconf 83' lang='grc' dir='ltr'>ἡ</span> <span class='ocrx_word' id='word_1_530' title='bbox 3324 2758 3426 2828; x_wconf 86' lang='grc' dir='ltr'>τῆς</span> <span class='ocrx_word' id='word_1_531' title='bbox 3440 2758 3580 2812; x_wconf 87' lang='grc' dir='ltr'><strong>κατά</strong></span> <span class='ocrx_word' id='word_1_532' title='bbox 3603 2758 3799 2815; x_wconf 83' lang='grc' dir='ltr'>λεπτὸν</span> <span class='ocrx_word' id='word_1_533' title='bbox 3813 2762 3978 2816; x_wconf 85' lang='grc' dir='ltr'>κάτω·</span> 
     </span>
    </p>
   </div>
   <div class='ocr_carea' id='block_1_74' title="bbox 2411 2839 3978 2922">
    <p class='ocr_par' dir='ltr' id='par_1_74' title="bbox 2411 2839 3978 2922">
     <span class='ocr_line' id='line_1_74' title="bbox 2411 2839 3978 2922; baseline 0.01 -31"><span class='ocrx_word' id='word_1_534' title='bbox 2411 2839 2502 2893; x_wconf 88' lang='grc' dir='ltr'><strong>θεν</strong></span> <span class='ocrx_word' id='word_1_535' title='bbox 2543 2840 2630 2895; x_wconf 75' lang='grc' dir='ltr'>ἀεὶ</span> <span class='ocrx_word' id='word_1_536' title='bbox 2684 2841 2778 2895; x_wconf 90' lang='grc' dir='ltr'><strong>τοῦ</strong></span> <span class='ocrx_word' id='word_1_537' title='bbox 2820 2843 2987 2915; x_wconf 83' lang='grc' dir='ltr'>ὑγροῦ</span> <span class='ocrx_word' id='word_1_538' title='bbox 3039 2848 3434 2919; x_wconf 86' lang='grc' dir='ltr'>συνισταμένης</span> <span class='ocrx_word' id='word_1_539' title='bbox 3474 2851 3803 2922; x_wconf 79' lang='grc' dir='ltr'>ποσότητοςο</span> <span class='ocrx_word' id='word_1_540' title='bbox 3861 2854 3978 2907; x_wconf 72' lang='grc' dir='ltr'>ὃται</span> 
     </span>
    </p>
   </div>
   <div class='ocr_carea' id='block_1_75' title="bbox 2409 2930 3978 3015">
    <p class='ocr_par' dir='ltr' id='par_1_75' title="bbox 2409 2930 3978 3015">
     <span class='ocr_line' id='line_1_75' title="bbox 2409 2930 3978 3015; baseline 0.011 -32"><span class='ocrx_word' id='word_1_541' title='bbox 2409 2930 2467 2985; x_wconf 80' lang='grc' dir='ltr'><strong>ἐν</strong></span> <span class='ocrx_word' id='word_1_542' title='bbox 2493 2933 2558 2984; x_wconf 81' lang='grc' dir='ltr'><strong>ἐκ</strong></span> <span class='ocrx_word' id='word_1_543' title='bbox 2598 2933 2804 2988; x_wconf 86' lang='grc' dir='ltr'>πολλῶν</span> <span class='ocrx_word' id='word_1_544' title='bbox 2845 2936 3074 3009; x_wconf 76' lang='grc' dir='ltr'>ῥείθρων</span> <span class='ocrx_word' id='word_1_545' title='bbox 3098 2937 3160 2992; x_wconf 80' lang='grc' dir='ltr'>τὸ</span> <span class='ocrx_word' id='word_1_546' title='bbox 3187 2939 3293 2993; x_wconf 90' lang='grc' dir='ltr'><strong>τῶν</strong></span> <span class='ocrx_word' id='word_1_547' title='bbox 3329 2940 3541 2996; x_wconf 83' lang='grc' dir='ltr'>λεπτῶν</span> <span class='ocrx_word' id='word_1_548' title='bbox 3578 2942 3851 3015; x_wconf 71' lang='grc' dir='ltr'>ἄθροισμα</span> <span class='ocrx_word' id='word_1_549' title='bbox 3896 2948 3978 3015; x_wconf 82' lang='grc' dir='ltr'>γέ·</span> 
     </span>
    </p>
   </div>
   <div class='ocr_carea' id='block_1_76' title="bbox 2409 3023 3978 3102">
    <p class='ocr_par' dir='ltr' id='par_1_76' title="bbox 2409 3023 3978 3102">
     <span class='ocr_line' id='line_1_76' title="bbox 2409 3023 3978 3102; baseline 0.011 -27"><span class='ocrx_word' id='word_1_550' title='bbox 2409 3039 2589 3092; x_wconf 83' lang='grc' dir='ltr'>νηται,</span> <span class='ocrx_word' id='word_1_551' title='bbox 2624 3023 2687 3078; x_wconf 83' lang='grc' dir='ltr'>τὸ</span> <span class='ocrx_word' id='word_1_552' title='bbox 2727 3025 2966 3082; x_wconf 83' lang='grc' dir='ltr'>τοιοῦτον</span> <span class='ocrx_word' id='word_1_553' title='bbox 3000 3030 3081 3093; x_wconf 88' lang='grc' dir='ltr'><strong>είς</strong></span> <span class='ocrx_word' id='word_1_554' title='bbox 3120 3032 3366 3102; x_wconf 83' lang='grc' dir='ltr'>ποταμοῦ</span> <span class='ocrx_word' id='word_1_555' title='bbox 3397 3033 3560 3102; x_wconf 87' lang='grc' dir='ltr'>φύσιν</span> <span class='ocrx_word' id='word_1_556' title='bbox 3586 3036 3874 3093; x_wconf 86' lang='grc' dir='ltr'>ἐκδίδοται.</span> <span class='ocrx_word' id='word_1_557' title='bbox 3929 3039 3978 3092; x_wconf 82' lang='lat' dir='ltr'><strong>&#39;C</strong></span> 
     </span>
    </p>
   </div>
   <div class='ocr_carea' id='block_1_77' title="bbox 2412 3114 3978 3198">
    <p class='ocr_par' dir='ltr' id='par_1_77' title="bbox 2412 3114 3978 3198">
     <span class='ocr_line' id='line_1_77' title="bbox 2412 3114 3978 3198; baseline 0.01 -29"><span class='ocrx_word' id='word_1_558' title='bbox 2412 3114 2470 3169; x_wconf 80' lang='grc' dir='ltr'>δὲ</span> <span class='ocrx_word' id='word_1_559' title='bbox 2493 3115 2696 3180; x_wconf 89' lang='grc' dir='ltr'>ταύτας</span> <span class='ocrx_word' id='word_1_560' title='bbox 2721 3118 2820 3182; x_wconf 86' lang='grc' dir='ltr'>τὰς</span> <span class='ocrx_word' id='word_1_561' title='bbox 2849 3119 3142 3192; x_wconf 79' lang='grc' dir='ltr'>ὑπολήψεις</span> <span class='ocrx_word' id='word_1_562' title='bbox 3181 3129 3696 3198; x_wconf 74' lang='grc' dir='ltr'>παραγραφάμενος,</span> <span class='ocrx_word' id='word_1_563' title='bbox 3729 3131 3896 3184; x_wconf 84' lang='grc' dir='ltr'>πόθεν</span> <span class='ocrx_word' id='word_1_564' title='bbox 3923 3132 3978 3185; x_wconf 75' lang='lat' dir='ltr'><strong>an</strong></span> 
     </span>
    </p>
   </div>
   <div class='ocr_carea' id='block_1_78' title="bbox 2411 3208 3978 3289">
    <p class='ocr_par' dir='ltr' id='par_1_78' title="bbox 2411 3208 3978 3289">
     <span class='ocr_line' id='line_1_78' title="bbox 2411 3208 3978 3289; baseline 0.011 -29"><span class='ocrx_word' id='word_1_565' title='bbox 2411 3208 2622 3280; x_wconf 71' lang='grc' dir='ltr'>οἰηθείη</span> <span class='ocrx_word' id='word_1_566' title='bbox 2669 3211 2797 3275; x_wconf 82' lang='grc' dir='ltr'>τοὺς</span> <span class='ocrx_word' id='word_1_567' title='bbox 2845 3213 3102 3279; x_wconf 83' lang='grc' dir='ltr'>ἀεννάους</span> <span class='ocrx_word' id='word_1_568' title='bbox 3144 3215 3254 3270; x_wconf 89' lang='grc' dir='ltr'><strong>τῶν</strong></span> <span class='ocrx_word' id='word_1_569' title='bbox 3295 3219 3561 3289; x_wconf 87' lang='grc' dir='ltr'>ποταμῶν</span> <span class='ocrx_word' id='word_1_570' title='bbox 3607 3221 3978 3282; x_wconf 84' lang='grc' dir='ltr'>άναδίδοσθαι;</span> 
     </span>
    </p>
   </div>
   <div class='ocr_carea' id='block_1_79' title="bbox 2412 3293 3978 3384">
    <p class='ocr_par' dir='ltr' id='par_1_79' title="bbox 2412 3293 3978 3384">
     <span class='ocr_line' id='line_1_79' title="bbox 2412 3293 3978 3384; baseline 0.011 -33"><span class='ocrx_word' id='word_1_571' title='bbox 2412 3293 2559 3371; x_wconf 67' lang='grc' dir='ltr'><strong>Ἀρα</strong></span> <span class='ocrx_word' id='word_1_572' title='bbox 2609 3303 2682 3372; x_wconf 79' lang='grc' dir='ltr'>μή</span> <span class='ocrx_word' id='word_1_573' title='bbox 2722 3320 2874 3367; x_wconf 79' lang='grc' dir='ltr'>τινας</span> <span class='ocrx_word' id='word_1_574' title='bbox 2921 3304 3116 3376; x_wconf 88' lang='grc' dir='ltr'>λίμνας</span> <span class='ocrx_word' id='word_1_575' title='bbox 3152 3308 3304 3373; x_wconf 83' lang='grc' dir='ltr'>ἐντὸς</span> <span class='ocrx_word' id='word_1_576' title='bbox 3343 3309 3450 3364; x_wconf 88' lang='grc' dir='ltr'><strong>τῶν</strong></span> <span class='ocrx_word' id='word_1_577' title='bbox 3486 3311 3588 3383; x_wconf 82' lang='grc' dir='ltr'>τῆς</span> <span class='ocrx_word' id='word_1_578' title='bbox 3627 3313 3732 3384; x_wconf 81' lang='grc' dir='ltr'>γῆς</span> <span class='ocrx_word' id='word_1_579' title='bbox 3773 3315 3978 3369; x_wconf 62' lang='grc' dir='ltr'>κόλπωπ</span> 
     </span>
    </p>
   </div>
   <div class='ocr_carea' id='block_1_80' title="bbox 2414 3393 3978 3478">
    <p class='ocr_par' dir='ltr' id='par_1_80' title="bbox 2414 3393 3978 3478">
     <span class='ocr_line' id='line_1_80' title="bbox 2414 3393 3978 3478; baseline 0.008 -31"><span class='ocrx_word' id='word_1_580' title='bbox 2414 3394 2789 3466; x_wconf 82' lang='grc' dir='ltr'>ὑπονοήσειεν;</span> <span class='ocrx_word' id='word_1_581' title='bbox 2837 3397 2994 3452; x_wconf 85' lang='grc' dir='ltr'>Ἀλλά</span> <span class='ocrx_word' id='word_1_582' title='bbox 3016 3399 3111 3452; x_wconf 81' lang='grc' dir='ltr'>καὶ</span> <span class='ocrx_word' id='word_1_583' title='bbox 3131 3393 3290 3454; x_wconf 73' lang='grc' dir='ltr'>αὗται</span> <span class='ocrx_word' id='word_1_584' title='bbox 3327 3400 3545 3467; x_wconf 89' lang='grc' dir='ltr'>πάντως</span> <span class='ocrx_word' id='word_1_585' title='bbox 3572 3405 3623 3459; x_wconf 83' lang='grc' dir='ltr'><strong>εί</strong></span> <span class='ocrx_word' id='word_1_586' title='bbox 3655 3405 3730 3475; x_wconf 82' lang='grc' dir='ltr'><strong>μὴ</strong></span> <span class='ocrx_word' id='word_1_587' title='bbox 3759 3406 3821 3458; x_wconf 85' lang='grc' dir='ltr'>τὸ</span> <span class='ocrx_word' id='word_1_588' title='bbox 3841 3408 3978 3478; x_wconf 77' lang='grc' dir='ltr'>ἐστιρ</span> 
     </span>
    </p>
   </div>
   <div class='ocr_carea' id='block_1_81' title="bbox 2416 3486 3978 3566">
    <p class='ocr_par' dir='ltr' id='par_1_81' title="bbox 2416 3486 3978 3566">
     <span class='ocr_line' id='line_1_81' title="bbox 2416 3486 3978 3566; baseline 0.01 -27"><span class='ocrx_word' id='word_1_589' title='bbox 2416 3486 2537 3556; x_wconf 86' lang='grc' dir='ltr'>ῥέον</span> <span class='ocrx_word' id='word_1_590' title='bbox 2587 3487 2796 3558; x_wconf 77' lang='grc' dir='ltr'>ἔχοιεν,</span> <span class='ocrx_word' id='word_1_591' title='bbox 2850 3489 2909 3544; x_wconf 92' lang='grc' dir='ltr'><strong>ἐν</strong></span> <span class='ocrx_word' id='word_1_592' title='bbox 2961 3489 3151 3562; x_wconf 78' lang='grc' dir='ltr'>βραχεῖ</span> <span class='ocrx_word' id='word_1_593' title='bbox 3202 3492 3628 3566; x_wconf 82' lang='grc' dir='ltr'>κενωθήσονται,</span> <span class='ocrx_word' id='word_1_594' title='bbox 3684 3497 3824 3551; x_wconf 84' lang='grc' dir='ltr'>ὥστε</span> <span class='ocrx_word' id='word_1_595' title='bbox 3869 3517 3978 3554; x_wconf 89' lang='grc' dir='ltr'><strong>κατ</strong></span> 
     </span>
    </p>
   </div>
   <div class='ocr_carea' id='block_1_82' title="bbox 2413 3577 3978 3660">
    <p class='ocr_par' dir='ltr' id='par_1_82' title="bbox 2413 3577 3978 3660">
     <span class='ocr_line' id='line_1_82' title="bbox 2413 3577 3978 3660; baseline 0.009 -29"><span class='ocrx_word' id='word_1_596' title='bbox 2413 3577 2656 3649; x_wconf 84' lang='grc' dir='ltr'>ἀνάγκην</span> <span class='ocrx_word' id='word_1_597' title='bbox 2699 3579 2794 3633; x_wconf 81' lang='grc' dir='ltr'>καὶ</span> <span class='ocrx_word' id='word_1_598' title='bbox 2837 3579 3004 3645; x_wconf 76' lang='grc' dir='ltr'>ἄλλας</span> <span class='ocrx_word' id='word_1_599' title='bbox 3053 3582 3255 3638; x_wconf 87' lang='grc' dir='ltr'>τούτων</span> <span class='ocrx_word' id='word_1_600' title='bbox 3283 3584 3640 3657; x_wconf 80' lang='grc' dir='ltr'>ὑπερκεῖσθαι</span> <span class='ocrx_word' id='word_1_601' title='bbox 3678 3591 3926 3660; x_wconf 75' lang='grc' dir='ltr'>νομίσειο</span> <span class='ocrx_word' id='word_1_602' title='bbox 3956 3595 3978 3659; x_wconf 63' lang='grc' dir='ltr'><strong>ί</strong></span> 
     </span>
    </p>
   </div>
   <div class='ocr_carea' id='block_1_83' title="bbox 2413 3667 3978 3752">
    <p class='ocr_par' dir='ltr' id='par_1_83' title="bbox 2413 3667 3978 3752">
     <span class='ocr_line' id='line_1_83' title="bbox 2413 3667 3978 3752; baseline 0.009 -31"><span class='ocrx_word' id='word_1_603' title='bbox 2413 3667 2468 3721; x_wconf 75' lang='grc' dir='ltr'>δὲ</span> <span class='ocrx_word' id='word_1_604' title='bbox 2505 3668 2794 3724; x_wconf 82' lang='grc' dir='ltr'>ἀκολουθία</span> <span class='ocrx_word' id='word_1_605' title='bbox 2826 3670 2920 3724; x_wconf 88' lang='grc' dir='ltr'><strong>τοῦ</strong></span> <span class='ocrx_word' id='word_1_606' title='bbox 2948 3671 3132 3741; x_wconf 85' lang='grc' dir='ltr'>λόγου,</span> <span class='ocrx_word' id='word_1_607' title='bbox 3177 3675 3272 3728; x_wconf 80' lang='grc' dir='ltr'>καὶ</span> <span class='ocrx_word' id='word_1_608' title='bbox 3321 3675 3418 3740; x_wconf 83' lang='grc' dir='ltr'><strong>τὰς</strong></span> <span class='ocrx_word' id='word_1_609' title='bbox 3454 3678 3618 3742; x_wconf 83' lang='grc' dir='ltr'>ἄλλας</span> <span class='ocrx_word' id='word_1_610' title='bbox 3642 3679 3978 3752; x_wconf 64' lang='grc' dir='ltr'>ἀναπληροῦι</span> 
     </span>
    </p>
   </div>
   <div class='ocr_carea' id='block_1_84' title="bbox 2412 3758 3978 3838">
    <p class='ocr_par' dir='ltr' id='par_1_84' title="bbox 2412 3758 3978 3838">
     <span class='ocr_line' id='line_1_84' title="bbox 2412 3758 3978 3838; baseline 0.008 -27"><span class='ocrx_word' id='word_1_611' title='bbox 2412 3758 2769 3831; x_wconf 81' lang='grc' dir='ltr'>ἀναζητήσει⁶</span> <span class='ocrx_word' id='word_1_612' title='bbox 2797 3761 2900 3815; x_wconf 78' lang='grc' dir='ltr'>κᾶν</span> <span class='ocrx_word' id='word_1_613' title='bbox 2940 3762 3105 3828; x_wconf 72' lang='grc' dir='ltr'>ἄλλας</span> <span class='ocrx_word' id='word_1_614' title='bbox 3143 3765 3494 3837; x_wconf 77' lang='grc' dir='ltr'>ὑπερκεῖσθαι</span> <span class='ocrx_word' id='word_1_615' title='bbox 3530 3767 3725 3838; x_wconf 83' lang='grc' dir='ltr'>λίμνας</span> <span class='ocrx_word' id='word_1_616' title='bbox 3765 3771 3978 3825; x_wconf 63' lang='grc' dir='ltr'>ἐκείνωι</span> 
     </span>
    </p>
   </div>
   <div class='ocr_carea' id='block_1_85' title="bbox 2415 3849 3977 3933">
    <p class='ocr_par' dir='ltr' id='par_1_85' title="bbox 2415 3849 3977 3933">
     <span class='ocr_line' id='line_1_85' title="bbox 2415 3849 3977 3933; baseline 0.01 -31"><span class='ocrx_word' id='word_1_617' title='bbox 2415 3849 2756 3933; x_wconf 86' lang='grc' dir='ltr'>ὑποτίθηται,</span> <span class='ocrx_word' id='word_1_618' title='bbox 2799 3853 2982 3908; x_wconf 78' lang='grc' dir='ltr'>καὶτὸ</span> <span class='ocrx_word' id='word_1_619' title='bbox 3010 3854 3118 3908; x_wconf 89' lang='grc' dir='ltr'><strong>τῶν</strong></span> <span class='ocrx_word' id='word_1_620' title='bbox 3149 3856 3325 3913; x_wconf 80' lang='grc' dir='ltr'>ἄλλων</span> <span class='ocrx_word' id='word_1_621' title='bbox 3370 3859 3638 3930; x_wconf 80' lang='grc' dir='ltr'>πλήρωμα</span> <span class='ocrx_word' id='word_1_622' title='bbox 3677 3863 3840 3926; x_wconf 89' lang='grc' dir='ltr'>ποίας</span> <span class='ocrx_word' id='word_1_623' title='bbox 3880 3864 3977 3933; x_wconf 58' lang='grc' dir='ltr'>έχελ</span> 
     </span>
    </p>
   </div>
   <div class='ocr_carea' id='block_1_86' title="bbox 2413 3931 3978 4020">
    <p class='ocr_par' dir='ltr' id='par_1_86' title="bbox 2413 3931 3978 4020">
     <span class='ocr_line' id='line_1_86' title="bbox 2413 3931 3978 4020; baseline 0.01 -27"><span class='ocrx_word' id='word_1_624' title='bbox 2413 3940 2510 4003; x_wconf 79' lang='grc' dir='ltr'>τὰς</span> <span class='ocrx_word' id='word_1_625' title='bbox 2556 3931 2809 4013; x_wconf 77' lang='grc' dir='ltr'>ἀφορμὰς</span> <span class='ocrx_word' id='word_1_626' title='bbox 2849 3945 3159 4013; x_wconf 83' lang='grc' dir='ltr'>ἀναγκαίως</span> <span class='ocrx_word' id='word_1_627' title='bbox 3205 3947 3626 4020; x_wconf 87' lang='grc' dir='ltr'>διερευνήσεται.</span> <span class='ocrx_word' id='word_1_628' title='bbox 3672 3953 3784 4006; x_wconf 76' lang='grc' dir='ltr'><strong>Καὶ</strong></span> <span class='ocrx_word' id='word_1_629' title='bbox 3814 3931 3978 4017; x_wconf 64' lang='grc' dir='ltr'>οὕτως</span> 
     </span>
    </p>
   </div>
   <div class='ocr_carea' id='block_1_87' title="bbox 2414 4031 3978 4115">
    <p class='ocr_par' dir='ltr' id='par_1_87' title="bbox 2414 4031 3978 4115">
     <span class='ocr_line' id='line_1_87' title="bbox 2414 4031 3978 4115; baseline 0.008 -32"><span class='ocrx_word' id='word_1_630' title='bbox 2414 4031 2496 4095; x_wconf 89' lang='grc' dir='ltr'><strong>είς</strong></span> <span class='ocrx_word' id='word_1_631' title='bbox 2523 4032 2746 4103; x_wconf 79' lang='grc' dir='ltr'>ἄπειρον</span> <span class='ocrx_word' id='word_1_632' title='bbox 2772 4034 2978 4105; x_wconf 82' lang='grc' dir='ltr'>προῖὼν</span> <span class='ocrx_word' id='word_1_633' title='bbox 2997 4037 3026 4090; x_wconf 82' lang='grc' dir='ltr'>ὁ</span> <span class='ocrx_word' id='word_1_634' title='bbox 3047 4037 3203 4106; x_wconf 82' lang='grc' dir='ltr'>λόγος</span> <span class='ocrx_word' id='word_1_635' title='bbox 3221 4040 3457 4112; x_wconf 77' lang='grc' dir='ltr'>οὐδαμοῦ</span> <span class='ocrx_word' id='word_1_636' title='bbox 3479 4043 3755 4114; x_wconf 80' lang='grc' dir='ltr'>στήσεται,</span> <span class='ocrx_word' id='word_1_637' title='bbox 3781 4044 3834 4097; x_wconf 93' lang='grc' dir='ltr'><strong>λι</strong></span> <span class='ocrx_word' id='word_1_638' title='bbox 3843 4048 3978 4115; x_wconf 62' lang='grc' dir='ltr'>μνῶι</span> 
     </span>
    </p>
   </div>
   <div class='ocr_carea' id='block_1_88' title="bbox 2414 4121 3973 4206">
    <p class='ocr_par' dir='ltr' id='par_1_88' title="bbox 2414 4121 3973 4206">
     <span class='ocr_line' id='line_1_88' title="bbox 2414 4121 3973 4206; baseline 0.011 -33"><span class='ocrx_word' id='word_1_639' title='bbox 2414 4121 2609 4191; x_wconf 86' lang='grc' dir='ltr'>λίμνας</span> <span class='ocrx_word' id='word_1_640' title='bbox 2642 4123 2952 4196; x_wconf 81' lang='grc' dir='ltr'>ύπερτιθείς</span> <span class='ocrx_word' id='word_1_641' title='bbox 2975 4143 2989 4158; x_wconf 74' lang='grc'><strong><em>⁸</em></strong></span> <span class='ocrx_word' id='word_1_642' title='bbox 3038 4128 3124 4182; x_wconf 83' lang='grc' dir='ltr'>ἵνα</span> <span class='ocrx_word' id='word_1_643' title='bbox 3152 4130 3208 4183; x_wconf 88' lang='grc' dir='ltr'><strong>αί</strong></span> <span class='ocrx_word' id='word_1_644' title='bbox 3247 4131 3382 4202; x_wconf 85' lang='grc' dir='ltr'>πρὸς</span> <span class='ocrx_word' id='word_1_645' title='bbox 3420 4135 3540 4196; x_wconf 85' lang='grc' dir='ltr'>ταῖς</span> <span class='ocrx_word' id='word_1_646' title='bbox 3569 4137 3773 4204; x_wconf 82' lang='grc' dir='ltr'>πηγαῖς</span> <span class='ocrx_word' id='word_1_647' title='bbox 3801 4135 3973 4206; x_wconf 85' lang='grc' dir='ltr'>λίμνα</span> 
     </span>
    </p>
   </div>
   <div class='ocr_carea' id='block_1_89' title="bbox 2419 4213 3978 4298">
    <p class='ocr_par' dir='ltr' id='par_1_89' title="bbox 2419 4213 3978 4298">
     <span class='ocr_line' id='line_1_89' title="bbox 2419 4213 3978 4298; baseline 0.01 -33"><span class='ocrx_word' id='word_1_648' title='bbox 2419 4213 2494 4285; x_wconf 79' lang='grc' dir='ltr'>μὴ</span> <span class='ocrx_word' id='word_1_649' title='bbox 2530 4213 2904 4282; x_wconf 89' lang='grc' dir='ltr'>ἐπιλείπωσιν,</span> <span class='ocrx_word' id='word_1_650' title='bbox 2935 4220 3040 4284; x_wconf 72' lang='grc' dir='ltr'>ἕως</span> <span class='ocrx_word' id='word_1_651' title='bbox 3079 4219 3146 4276; x_wconf 83' lang='grc' dir='ltr'>ἂν</span> <span class='ocrx_word' id='word_1_652' title='bbox 3181 4221 3293 4276; x_wconf 90' lang='grc' dir='ltr'><strong>τῶν</strong></span> <span class='ocrx_word' id='word_1_653' title='bbox 3333 4223 3578 4292; x_wconf 77' lang='grc' dir='ltr'>ἐσχάτων</span> <span class='ocrx_word' id='word_1_654' title='bbox 3600 4225 3698 4289; x_wconf 82' lang='grc' dir='ltr'><strong>τὰς</strong></span> <span class='ocrx_word' id='word_1_655' title='bbox 3731 4227 3978 4298; x_wconf 67' lang='grc' dir='ltr'>ἀφορμὰς</span> 
     </span>
    </p>
   </div>
   <div class='ocr_carea' id='block_1_90' title="bbox 2416 4301 3978 4390">
    <p class='ocr_par' dir='ltr' id='par_1_90' title="bbox 2416 4301 3978 4390">
     <span class='ocr_line' id='line_1_90' title="bbox 2416 4301 3978 4390; baseline 0.012 -35"><span class='ocrx_word' id='word_1_656' title='bbox 2416 4304 2718 4380; x_wconf 78' lang='grc' dir='ltr'>καταλάϐῃ,</span> <span class='ocrx_word' id='word_1_657' title='bbox 2759 4307 2828 4361; x_wconf 88' lang='grc' dir='ltr'><strong>δι’</strong></span> <span class='ocrx_word' id='word_1_658' title='bbox 2873 4301 2949 4363; x_wconf 82' lang='grc' dir='ltr'><strong>ὧν</strong></span> <span class='ocrx_word' id='word_1_659' title='bbox 2976 4310 3010 4380; x_wconf 76' lang='grc' dir='ltr'>ἡ</span> <span class='ocrx_word' id='word_1_660' title='bbox 3046 4310 3142 4364; x_wconf 90' lang='grc' dir='ltr'><strong>τοῦ</strong></span> <span class='ocrx_word' id='word_1_661' title='bbox 3188 4311 3380 4377; x_wconf 76' lang='grc' dir='ltr'>ὕδατος</span> <span class='ocrx_word' id='word_1_662' title='bbox 3421 4315 3631 4383; x_wconf 85' lang='grc' dir='ltr'>γένεσις</span> <span class='ocrx_word' id='word_1_663' title='bbox 3677 4317 3776 4388; x_wconf 79' lang='grc' dir='ltr'>τὴν</span> <span class='ocrx_word' id='word_1_664' title='bbox 3815 4319 3978 4390; x_wconf 58' lang='grc' dir='ltr'>ἀρχὴι</span> 
     </span>
    </p>
   </div>
   <div class='ocr_carea' id='block_1_91' title="bbox 743 4393 2311 4480">
    <p class='ocr_par' dir='ltr' id='par_1_91' title="bbox 743 4405 2311 4480">
     <span class='ocr_line' id='line_1_91' title="bbox 743 4405 2311 4480; baseline 0.006 -25"><span class='ocrx_word' id='word_1_665' title='bbox 743 4406 869 4460; x_wconf 87' lang='lat' dir='ltr'><strong>licet</strong></span> <span class='ocrx_word' id='word_1_666' title='bbox 907 4413 1117 4460; x_wconf 89' lang='lat' dir='ltr'><strong>tantum</strong></span> <span class='ocrx_word' id='word_1_667' title='bbox 1159 4421 1223 4461; x_wconf 81' lang='lat' dir='ltr'><strong>ex</strong></span> <span class='ocrx_word' id='word_1_668' title='bbox 1267 4422 1330 4461; x_wconf 83' lang='lat' dir='ltr'><strong>ea</strong></span> <span class='ocrx_word' id='word_1_669' title='bbox 1369 4405 1527 4476; x_wconf 87' lang='lat' dir='ltr'><strong>copia</strong></span> <span class='ocrx_word' id='word_1_670' title='bbox 1571 4422 1837 4476; x_wconf 86' lang='lat' dir='ltr'><strong>aquarum</strong></span> <span class='ocrx_word' id='word_1_671' title='bbox 1877 4415 2160 4480; x_wconf 85' lang='lat' dir='ltr'><strong>erumpat,</strong></span> <span class='ocrx_word' id='word_1_672' title='bbox 2205 4424 2311 4466; x_wconf 83' lang='lat' dir='ltr'><strong>non</strong></span> 
     </span>
    </p>
   </div>
   <div class='ocr_carea' id='block_1_92' title="bbox 2411 4393 3978 4480">
    <p class='ocr_par' dir='ltr' id='par_1_92' title="bbox 2415 4393 3978 4480">
     <span class='ocr_line' id='line_1_92' title="bbox 2415 4393 3978 4480; baseline 0.01 -32"><span class='ocrx_word' id='word_1_673' title='bbox 2415 4393 2702 4466; x_wconf 78' lang='grc' dir='ltr'>λαμϐάνει.</span> <span class='ocrx_word' id='word_1_674' title='bbox 2741 4397 2919 4468; x_wconf 88' lang='grc' dir='ltr'>Ὅπερ</span> <span class='ocrx_word' id='word_1_675' title='bbox 2962 4401 3139 4456; x_wconf 90' lang='grc' dir='ltr'>τοίνυν</span> <span class='ocrx_word' id='word_1_676' title='bbox 3171 4403 3317 4468; x_wconf 81' lang='grc' dir='ltr'>εἰκός</span> <span class='ocrx_word' id='word_1_677' title='bbox 3345 4405 3460 4458; x_wconf 89' lang='grc' dir='ltr'>ἐστι</span> <span class='ocrx_word' id='word_1_678' title='bbox 3491 4406 3592 4476; x_wconf 86' lang='grc' dir='ltr'>τῆς</span> <span class='ocrx_word' id='word_1_679' title='bbox 3633 4407 3858 4480; x_wconf 82' lang='grc' dir='ltr'>πρώτης</span> <span class='ocrx_word' id='word_1_680' title='bbox 3898 4411 3978 4464; x_wconf 78' lang='grc' dir='ltr'>τοί</span> 
     </span>
    </p>
   </div>
   <div class='ocr_carea' id='block_1_93' title="bbox 742 4496 2313 4572">
    <p class='ocr_par' dir='ltr' id='par_1_93' title="bbox 742 4496 2313 4572">
     <span class='ocr_line' id='line_1_93' title="bbox 742 4496 2313 4572; baseline 0.004 -22"><span class='ocrx_word' id='word_1_681' title='bbox 742 4496 1104 4560; x_wconf 83' lang='lat' dir='ltr'><strong>imminuitur,</strong></span> <span class='ocrx_word' id='word_1_682' title='bbox 1136 4499 1391 4566; x_wconf 81' lang='lat' dir='ltr'><strong>quoniam</strong></span> <span class='ocrx_word' id='word_1_683' title='bbox 1438 4497 1657 4554; x_wconf 85' lang='lat' dir='ltr'><strong>assidue</strong></span> <span class='ocrx_word' id='word_1_684' title='bbox 1697 4500 1765 4554; x_wconf 89' lang='lat' dir='ltr'><strong>ab</strong></span> <span class='ocrx_word' id='word_1_685' title='bbox 1808 4500 2099 4556; x_wconf 73' lang='lat' dir='ltr'><strong>exsiccatis</strong></span> <span class='ocrx_word' id='word_1_686' title='bbox 2145 4515 2313 4572; x_wconf 87' lang='lat' dir='ltr'><strong>vapo-</strong></span> 
     </span>
    </p>
   </div>
   <div class='ocr_carea' id='block_1_94' title="bbox 743 4587 2314 4665">
    <p class='ocr_par' dir='ltr' id='par_1_94' title="bbox 743 4587 2314 4665">
     <span class='ocr_line' id='line_1_94' title="bbox 743 4587 2314 4665; baseline 0.006 -23"><span class='ocrx_word' id='word_1_687' title='bbox 743 4589 898 4642; x_wconf 87' lang='lat' dir='ltr'><strong>ribus</strong></span> <span class='ocrx_word' id='word_1_688' title='bbox 929 4587 1288 4644; x_wconf 87' lang='lat' dir='ltr'><strong>instauratur.</strong></span> <span class='ocrx_word' id='word_1_689' title='bbox 1311 4589 1423 4646; x_wconf 83' lang='lat' dir='ltr'><strong>-llis</strong></span> <span class='ocrx_word' id='word_1_690' title='bbox 1452 4591 1529 4645; x_wconf 89' lang='lat' dir='ltr'><strong>ita</strong></span> <span class='ocrx_word' id='word_1_691' title='bbox 1553 4593 1869 4648; x_wconf 84' lang='lat' dir='ltr'><strong>constitutis</strong></span> <span class='ocrx_word' id='word_1_692' title='bbox 1889 4633 1903 4657; x_wconf 91' lang='lat'><strong>,</strong></span> <span class='ocrx_word' id='word_1_693' title='bbox 1935 4609 2044 4648; x_wconf 88' lang='lat' dir='ltr'><strong>non</strong></span> <span class='ocrx_word' id='word_1_694' title='bbox 2079 4595 2314 4665; x_wconf 83' lang='lat' dir='ltr'><strong>amplius</strong></span> 
     </span>
    </p>
   </div>
   <div class='ocr_carea' id='block_1_95' title="bbox 743 4680 2313 4743">
    <p class='ocr_par' dir='ltr' id='par_1_95' title="bbox 743 4680 2313 4743">
     <span class='ocr_line' id='line_1_95' title="bbox 743 4680 2313 4743; baseline 0.006 -9"><span class='ocrx_word' id='word_1_695' title='bbox 743 4687 932 4734; x_wconf 74' lang='lat' dir='ltr'><strong>tnutua</strong></span> <span class='ocrx_word' id='word_1_696' title='bbox 987 4680 1150 4737; x_wconf 84' lang='lat' dir='ltr'><strong>nobis</strong></span> <span class='ocrx_word' id='word_1_697' title='bbox 1199 4682 1594 4737; x_wconf 83' lang='lat' dir='ltr'><strong>elementorum</strong></span> <span class='ocrx_word' id='word_1_698' title='bbox 1653 4685 1796 4741; x_wconf 84' lang='lat' dir='ltr'><strong>inter</strong></span> <span class='ocrx_word' id='word_1_699' title='bbox 1845 4701 1906 4742; x_wconf 89' lang='lat' dir='ltr'><strong>se</strong></span> <span class='ocrx_word' id='word_1_700' title='bbox 1955 4687 2313 4743; x_wconf 82' lang='lat' dir='ltr'><strong>commutatio</strong></span> 
     </span>
    </p>
   </div>
   <div class='ocr_carea' id='block_1_96' title="bbox 742 4771 2316 4846">
    <p class='ocr_par' dir='ltr' id='par_1_96' title="bbox 742 4771 2316 4846">
     <span class='ocr_line' id='line_1_96' title="bbox 742 4771 2316 4846; baseline 0.003 -19"><span class='ocrx_word' id='word_1_701' title='bbox 742 4771 1096 4827; x_wconf 87' lang='lat' dir='ltr'><strong>clandicabit.</strong></span> <span class='ocrx_word' id='word_1_702' title='bbox 1133 4772 1375 4841; x_wconf 84' lang='lat' dir='ltr'><strong>Apparet</strong></span> <span class='ocrx_word' id='word_1_703' title='bbox 1402 4774 1548 4828; x_wconf 88' lang='lat' dir='ltr'><strong>enim</strong></span> <span class='ocrx_word' id='word_1_704' title='bbox 1578 4774 1746 4840; x_wconf 90' lang='lat' dir='ltr'><strong>ordo,</strong></span> <span class='ocrx_word' id='word_1_705' title='bbox 1778 4793 1888 4846; x_wconf 90' lang='lat' dir='ltr'><strong>quo</strong></span> <span class='ocrx_word' id='word_1_706' title='bbox 1920 4779 2095 4834; x_wconf 14' lang='lat' dir='ltr'><strong>ennius</strong></span> <span class='ocrx_word' id='word_1_707' title='bbox 2138 4779 2194 4832; x_wconf 90' lang='lat' dir='ltr'><strong>in</strong></span> <span class='ocrx_word' id='word_1_708' title='bbox 2237 4779 2316 4832; x_wconf 84' lang='lat' dir='ltr'><strong>al-</strong></span> 
     </span>
    </p>
   </div>
   <div class='ocr_carea' id='block_1_97' title="bbox 741 4865 2314 4942">
    <p class='ocr_par' dir='ltr' id='par_1_97' title="bbox 741 4865 2314 4942">
     <span class='ocr_line' id='line_1_97' title="bbox 741 4865 2314 4942; baseline 0.006 -25"><span class='ocrx_word' id='word_1_709' title='bbox 741 4873 922 4918; x_wconf 90' lang='lat' dir='ltr'><strong>terum</strong></span> <span class='ocrx_word' id='word_1_710' title='bbox 954 4865 1312 4919; x_wconf 90' lang='lat' dir='ltr'><strong>commutatio</strong></span> <span class='ocrx_word' id='word_1_711' title='bbox 1345 4873 1431 4921; x_wconf 83' lang='lat' dir='ltr'><strong>est</strong></span> <span class='ocrx_word' id='word_1_712' title='bbox 1461 4875 1616 4923; x_wconf 90' lang='lat' dir='ltr'><strong>ortus</strong></span> <span class='ocrx_word' id='word_1_713' title='bbox 1650 4868 1796 4923; x_wconf 81' lang='lat' dir='ltr'><strong>illius</strong></span> <span class='ocrx_word' id='word_1_714' title='bbox 1830 4884 2017 4926; x_wconf 86' lang='lat' dir='ltr'><strong>causa.</strong></span> <span class='ocrx_word' id='word_1_715' title='bbox 2069 4870 2314 4942; x_wconf 79' lang='lat' dir='ltr'><strong>Exempli</strong></span> 
     </span>
    </p>
   </div>
   <div class='ocr_carea' id='block_1_98' title="bbox 742 4954 2317 5034">
    <p class='ocr_par' dir='ltr' id='par_1_98' title="bbox 742 4954 2317 5034">
     <span class='ocr_line' id='line_1_98' title="bbox 742 4954 2317 5034; baseline 0.005 -25"><span class='ocrx_word' id='word_1_716' title='bbox 742 4954 918 5025; x_wconf 86' lang='lat' dir='ltr'><strong>gratia</strong></span> <span class='ocrx_word' id='word_1_717' title='bbox 945 4970 960 5009; x_wconf 88' lang='lat'><strong>:</strong></span> <span class='ocrx_word' id='word_1_718' title='bbox 993 4969 1131 5024; x_wconf 85' lang='lat' dir='ltr'><strong>aqua</strong></span> <span class='ocrx_word' id='word_1_719' title='bbox 1159 4971 1255 5025; x_wconf 89' lang='lat' dir='ltr'><strong>per</strong></span> <span class='ocrx_word' id='word_1_720' title='bbox 1283 4972 1514 5027; x_wconf 87' lang='lat' dir='ltr'><strong>vapores</strong></span> <span class='ocrx_word' id='word_1_721' title='bbox 1541 4958 1759 5034; x_wconf 84' lang='lat' dir='ltr'><strong>sublata</strong></span> <span class='ocrx_word' id='word_1_722' title='bbox 1804 4959 1862 5014; x_wconf 88' lang='lat' dir='ltr'><strong>ﬁt</strong></span> <span class='ocrx_word' id='word_1_723' title='bbox 1902 4977 2017 5016; x_wconf 82' lang='lat' dir='ltr'><strong>aer.</strong></span> <span class='ocrx_word' id='word_1_724' title='bbox 2063 4961 2171 5016; x_wconf 81' lang='lat' dir='ltr'><strong>Acr</strong></span> <span class='ocrx_word' id='word_1_725' title='bbox 2200 4977 2317 5034; x_wconf 80' lang='lat' dir='ltr'><strong>ma-</strong></span> 
     </span>
    </p>
   </div>
   <div class='ocr_carea' id='block_1_99' title="bbox 742 5032 2317 5118">
    <p class='ocr_par' dir='ltr' id='par_1_99' title="bbox 742 5032 2317 5118">
     <span class='ocr_line' id='line_1_99' title="bbox 742 5032 2317 5118; baseline 0.007 -22"><span class='ocrx_word' id='word_1_726' title='bbox 742 5044 992 5101; x_wconf 78' lang='lat' dir='ltr'><strong>defactus</strong></span> <span class='ocrx_word' id='word_1_727' title='bbox 1021 5046 1076 5101; x_wconf 88' lang='lat' dir='ltr'><strong>in</strong></span> <span class='ocrx_word' id='word_1_728' title='bbox 1108 5047 1394 5118; x_wconf 86' lang='lat' dir='ltr'><strong>superiore</strong></span> <span class='ocrx_word' id='word_1_729' title='bbox 1421 5047 1637 5104; x_wconf 72' lang='lat' dir='ltr'><strong>flamma</strong></span> <span class='ocrx_word' id='word_1_730' title='bbox 1667 5032 1995 5106; x_wconf 80' lang='lat' dir='ltr'><strong>exsiccatur.</strong></span> <span class='ocrx_word' id='word_1_731' title='bbox 2024 5051 2180 5116; x_wconf 84' lang='lat' dir='ltr'><strong>Quod</strong></span> <span class='ocrx_word' id='word_1_732' title='bbox 2210 5032 2317 5107; x_wconf 82' lang='lat' dir='ltr'><strong>ter-</strong></span> 
     </span>
    </p>
   </div>
   <div class='ocr_carea' id='block_1_100' title="bbox 744 5137 2313 5208">
    <p class='ocr_par' dir='ltr' id='par_1_100' title="bbox 744 5137 2313 5208">
     <span class='ocr_line' id='line_1_100' title="bbox 744 5137 2313 5208; baseline 0.005 -19"><span class='ocrx_word' id='word_1_733' title='bbox 744 5151 934 5190; x_wconf 82' lang='lat' dir='ltr'><strong>renum</strong></span> <span class='ocrx_word' id='word_1_734' title='bbox 967 5143 1052 5191; x_wconf 90' lang='lat' dir='ltr'><strong>est</strong></span> <span class='ocrx_word' id='word_1_735' title='bbox 1081 5151 1177 5204; x_wconf 88' lang='lat' dir='ltr'><strong>per</strong></span> <span class='ocrx_word' id='word_1_736' title='bbox 1209 5137 1352 5208; x_wconf 88' lang='lat' dir='ltr'><strong>ignis</strong></span> <span class='ocrx_word' id='word_1_737' title='bbox 1379 5145 1634 5194; x_wconf 88' lang='lat' dir='ltr'><strong>naturam</strong></span> <span class='ocrx_word' id='word_1_738' title='bbox 1678 5141 1748 5195; x_wconf 88' lang='lat' dir='ltr'><strong>ab</strong></span> <span class='ocrx_word' id='word_1_739' title='bbox 1793 5141 2020 5198; x_wconf 87' lang='lat' dir='ltr'><strong>humido</strong></span> <span class='ocrx_word' id='word_1_740' title='bbox 2067 5144 2313 5198; x_wconf 85' lang='lat' dir='ltr'><strong>secerni-</strong></span> 
     </span>
    </p>
   </div>
   <div class='ocr_carea' id='block_1_101' title="bbox 742 5238 2314 5314">
    <p class='ocr_par' dir='ltr' id='par_1_101' title="bbox 742 5238 2314 5314">
     <span class='ocr_line' id='line_1_101' title="bbox 742 5238 2314 5314; baseline 0.005 -22"><span class='ocrx_word' id='word_1_741' title='bbox 742 5243 850 5300; x_wconf 83' lang='lat' dir='ltr'><strong>tur,</strong></span> <span class='ocrx_word' id='word_1_742' title='bbox 883 5243 1154 5308; x_wconf 57' lang='lat' dir='ltr'><strong>terraque</strong></span> <span class='ocrx_word' id='word_1_743' title='bbox 1188 5238 1460 5295; x_wconf 85' lang='lat' dir='ltr'><strong>redditum</strong></span> <span class='ocrx_word' id='word_1_744' title='bbox 1496 5257 1594 5312; x_wconf 87' lang='lat' dir='ltr'><strong>per</strong></span> <span class='ocrx_word' id='word_1_745' title='bbox 1621 5242 1940 5313; x_wconf 89' lang='lat' dir='ltr'><strong>qualitatem</strong></span> <span class='ocrx_word' id='word_1_746' title='bbox 1974 5243 2226 5314; x_wconf 80' lang='lat' dir='ltr'><strong>frigidam</strong></span> <span class='ocrx_word' id='word_1_747' title='bbox 2258 5245 2314 5300; x_wconf 91' lang='lat' dir='ltr'><strong>in</strong></span> 
     </span>
    </p>
   </div>
   <div class='ocr_carea' id='block_1_102' title="bbox 744 5339 2318 5423">
    <p class='ocr_par' dir='ltr' id='par_1_102' title="bbox 744 5339 2318 5423">
     <span class='ocr_line' id='line_1_102' title="bbox 744 5339 2318 5423; baseline 0.009 -29"><span class='ocrx_word' id='word_1_748' title='bbox 744 5355 940 5412; x_wconf 88' lang='lat' dir='ltr'><strong>aquam</strong></span> <span class='ocrx_word' id='word_1_749' title='bbox 967 5352 1359 5402; x_wconf 85' lang='lat' dir='ltr'><strong>commutatur.</strong></span> <span class='ocrx_word' id='word_1_750' title='bbox 1394 5343 1474 5400; x_wconf 78' lang='lat' dir='ltr'><strong>Ex</strong></span> <span class='ocrx_word' id='word_1_751' title='bbox 1501 5361 1611 5423; x_wconf 88' lang='lat' dir='ltr'><strong>quo</strong></span> <span class='ocrx_word' id='word_1_752' title='bbox 1645 5346 1702 5401; x_wconf 85' lang='lat' dir='ltr'><strong>ﬁt</strong></span> <span class='ocrx_word' id='word_1_753' title='bbox 1721 5386 1738 5412; x_wconf 91' lang='lat'><strong>,</strong></span> <span class='ocrx_word' id='word_1_754' title='bbox 1769 5357 1829 5402; x_wconf 91' lang='lat' dir='ltr'><strong>ut</strong></span> <span class='ocrx_word' id='word_1_755' title='bbox 1860 5349 1978 5404; x_wconf 88' lang='lat' dir='ltr'><strong>sine</strong></span> <span class='ocrx_word' id='word_1_756' title='bbox 2003 5339 2116 5404; x_wconf 73' lang='lat' dir='ltr'><strong>ullo</strong></span> <span class='ocrx_word' id='word_1_757' title='bbox 2144 5351 2318 5423; x_wconf 91' lang='lat' dir='ltr'><strong>impe-</strong></span> 
     </span>
    </p>
   </div>
   <div class='ocr_carea' id='block_1_103' title="bbox 744 5445 2318 5518">
    <p class='ocr_par' dir='ltr' id='par_1_103' title="bbox 744 5445 2318 5518">
     <span class='ocr_line' id='line_1_103' title="bbox 744 5445 2318 5518; baseline 0.005 -19"><span class='ocrx_word' id='word_1_758' title='bbox 744 5445 988 5501; x_wconf 87' lang='lat' dir='ltr'><strong>dimento</strong></span> <span class='ocrx_word' id='word_1_759' title='bbox 1031 5461 1245 5518; x_wconf 83' lang='lat' dir='ltr'><strong>semper</strong></span> <span class='ocrx_word' id='word_1_760' title='bbox 1288 5449 1557 5506; x_wconf 87' lang='lat' dir='ltr'><strong>elementa</strong></span> <span class='ocrx_word' id='word_1_761' title='bbox 1608 5449 1853 5505; x_wconf 89' lang='lat' dir='ltr'><strong>vicissim</strong></span> <span class='ocrx_word' id='word_1_762' title='bbox 1899 5451 2041 5506; x_wconf 87' lang='lat' dir='ltr'><strong>inter</strong></span> <span class='ocrx_word' id='word_1_763' title='bbox 2079 5468 2138 5509; x_wconf 93' lang='lat' dir='ltr'><strong>se</strong></span> <span class='ocrx_word' id='word_1_764' title='bbox 2167 5465 2318 5508; x_wconf 86' lang='lat' dir='ltr'><strong>com-</strong></span> 
     </span>
    </p>
   </div>
   <div class='ocr_carea' id='block_1_104' title="bbox 746 5551 2316 5625">
    <p class='ocr_par' dir='ltr' id='par_1_104' title="bbox 746 5551 2316 5625">
     <span class='ocr_line' id='line_1_104' title="bbox 746 5551 2316 5625; baseline 0.008 -22"><span class='ocrx_word' id='word_1_765' title='bbox 746 5556 929 5605; x_wconf 89' lang='lat' dir='ltr'><strong>meent</strong></span> <span class='ocrx_word' id='word_1_766' title='bbox 954 5590 968 5615; x_wconf 94' lang='lat'><strong>,</strong></span> <span class='ocrx_word' id='word_1_767' title='bbox 1002 5558 1056 5606; x_wconf 90' lang='lat' dir='ltr'><strong>et</strong></span> <span class='ocrx_word' id='word_1_768' title='bbox 1085 5551 1562 5618; x_wconf 83' lang='lat' dir='ltr'><strong>circumferantur,</strong></span> <span class='ocrx_word' id='word_1_769' title='bbox 1603 5554 1922 5625; x_wconf 86' lang='lat' dir='ltr'><strong>nullumque</strong></span> <span class='ocrx_word' id='word_1_770' title='bbox 1964 5570 2030 5611; x_wconf 84' lang='lat' dir='ltr'><strong>ex</strong></span> <span class='ocrx_word' id='word_1_771' title='bbox 2075 5557 2182 5614; x_wconf 89' lang='lat' dir='ltr'><strong>illis</strong></span> <span class='ocrx_word' id='word_1_772' title='bbox 2223 5569 2316 5616; x_wconf 88' lang='lat' dir='ltr'><strong>aut</strong></span> 
     </span>
    </p>
   </div>
   <div class='ocr_carea' id='block_1_105' title="bbox 745 5656 2318 5729">
    <p class='ocr_par' dir='ltr' id='par_1_105' title="bbox 745 5656 2318 5729">
     <span class='ocr_line' id='line_1_105' title="bbox 745 5656 2318 5729; baseline 0.003 -17"><span class='ocrx_word' id='word_1_773' title='bbox 745 5663 1102 5716; x_wconf 82' lang='lat' dir='ltr'><strong>consumatur</strong></span> <span class='ocrx_word' id='word_1_774' title='bbox 1133 5664 1225 5712; x_wconf 89' lang='lat' dir='ltr'><strong>aut</strong></span> <span class='ocrx_word' id='word_1_775' title='bbox 1250 5656 1513 5715; x_wconf 88' lang='lat' dir='ltr'><strong>redundet</strong></span> <span class='ocrx_word' id='word_1_776' title='bbox 1545 5668 1706 5729; x_wconf 88' lang='lat' dir='ltr'><strong>atque</strong></span> <span class='ocrx_word' id='word_1_777' title='bbox 1739 5658 2034 5725; x_wconf 80' lang='lat' dir='ltr'><strong>exuberet,</strong></span> <span class='ocrx_word' id='word_1_778' title='bbox 2069 5659 2164 5714; x_wconf 80' lang='lat' dir='ltr'><strong>sed</strong></span> <span class='ocrx_word' id='word_1_779' title='bbox 2199 5677 2318 5716; x_wconf 72' lang='lat' dir='ltr'><strong>om.</strong></span> 
     </span>
    </p>
   </div>
   <div class='ocr_carea' id='block_1_106' title="bbox 2419 4486 3977 4569">
    <p class='ocr_par' dir='ltr' id='par_1_106' title="bbox 2419 4486 3977 4569">
     <span class='ocr_line' id='line_1_106' title="bbox 2419 4486 3977 4569; baseline 0.008 -28"><span class='ocrx_word' id='word_1_780' title='bbox 2419 4486 2609 4550; x_wconf 81' lang='grc' dir='ltr'>ὓδατος</span> <span class='ocrx_word' id='word_1_781' title='bbox 2625 4489 2840 4560; x_wconf 85' lang='grc' dir='ltr'>φύσεως</span> <span class='ocrx_word' id='word_1_782' title='bbox 2867 4493 3049 4548; x_wconf 79' lang='grc' dir='ltr'>αἰτίαν</span> <span class='ocrx_word' id='word_1_783' title='bbox 3079 4494 3450 4568; x_wconf 81' lang='grc' dir='ltr'>ἐξευρεθῆναι,</span> <span class='ocrx_word' id='word_1_784' title='bbox 3468 4497 3602 4552; x_wconf 85' lang='grc' dir='ltr'>πολὺ</span> <span class='ocrx_word' id='word_1_785' title='bbox 3621 4498 3687 4552; x_wconf 82' lang='grc' dir='ltr'>ἂν</span> <span class='ocrx_word' id='word_1_786' title='bbox 3702 4499 3977 4569; x_wconf 81' lang='grc' dir='ltr'>εὐλογώτε</span> 
     </span>
    </p>
   </div>
   <div class='ocr_carea' id='block_1_107' title="bbox 2419 4580 3975 4660">
    <p class='ocr_par' dir='ltr' id='par_1_107' title="bbox 2419 4580 3975 4660">
     <span class='ocr_line' id='line_1_107' title="bbox 2419 4580 3975 4660; baseline 0.007 -27"><span class='ocrx_word' id='word_1_787' title='bbox 2419 4597 2512 4652; x_wconf 92' lang='grc' dir='ltr'><strong>ρον</strong></span> <span class='ocrx_word' id='word_1_788' title='bbox 2543 4581 2628 4652; x_wconf 78' lang='grc' dir='ltr'>εἴη</span> <span class='ocrx_word' id='word_1_789' title='bbox 2653 4580 2811 4636; x_wconf 91' lang='grc' dir='ltr'>τοῦτο</span> <span class='ocrx_word' id='word_1_790' title='bbox 2850 4584 2978 4654; x_wconf 76' lang='grc' dir='ltr'>περὶ</span> <span class='ocrx_word' id='word_1_791' title='bbox 3007 4583 3104 4657; x_wconf 85' lang='grc' dir='ltr'>τὴν</span> <span class='ocrx_word' id='word_1_792' title='bbox 3119 4586 3228 4640; x_wconf 87' lang='grc' dir='ltr'><strong>τῶν</strong></span> <span class='ocrx_word' id='word_1_793' title='bbox 3246 4587 3439 4660; x_wconf 89' lang='grc' dir='ltr'>πηγῶν</span> <span class='ocrx_word' id='word_1_794' title='bbox 3469 4588 3726 4643; x_wconf 84' lang='grc' dir='ltr'>σύστασιν</span> <span class='ocrx_word' id='word_1_795' title='bbox 3767 4592 3975 4645; x_wconf 84' lang='grc' dir='ltr'>ἐννοεῖν</span> 
     </span>
    </p>
   </div>
   <div class='ocr_carea' id='block_1_108' title="bbox 2417 4670 3978 4752">
    <p class='ocr_par' dir='ltr' id='par_1_108' title="bbox 2417 4670 3978 4752">
     <span class='ocr_line' id='line_1_108' title="bbox 2417 4670 3978 4752; baseline 0.007 -26"><span class='ocrx_word' id='word_1_796' title='bbox 2417 4670 2513 4724; x_wconf 74' lang='grc' dir='ltr'>καὶ</span> <span class='ocrx_word' id='word_1_797' title='bbox 2549 4671 2622 4742; x_wconf 80' lang='grc' dir='ltr'><strong>μὴ</strong></span> <span class='ocrx_word' id='word_1_798' title='bbox 2664 4671 2763 4738; x_wconf 77' lang='grc' dir='ltr'><strong>τὰς</strong></span> <span class='ocrx_word' id='word_1_799' title='bbox 2811 4671 3097 4742; x_wconf 80' lang='grc' dir='ltr'>ὑπογείους</span> <span class='ocrx_word' id='word_1_800' title='bbox 3145 4676 3340 4747; x_wconf 87' lang='grc' dir='ltr'>λίμνας</span> <span class='ocrx_word' id='word_1_801' title='bbox 3374 4680 3757 4747; x_wconf 74' lang='grc' dir='ltr'>φαντάζεσθαι,</span> <span class='ocrx_word' id='word_1_802' title='bbox 3791 4683 3891 4752; x_wconf 74' lang='grc' dir='ltr'>ἀφ’</span> <span class='ocrx_word' id='word_1_803' title='bbox 3922 4679 3978 4737; x_wconf 70' lang='grc' dir='ltr'><strong>ὦε</strong></span> 
     </span>
    </p>
   </div>
   <div class='ocr_carea' id='block_1_109' title="bbox 2415 4759 3978 4838">
    <p class='ocr_par' dir='ltr' id='par_1_109' title="bbox 2415 4759 3978 4838">
     <span class='ocr_line' id='line_1_109' title="bbox 2415 4759 3978 4838; baseline 0.006 -26"><span class='ocrx_word' id='word_1_804' title='bbox 2415 4759 2576 4824; x_wconf 82' lang='grc' dir='ltr'>εὐθὺς</span> <span class='ocrx_word' id='word_1_805' title='bbox 2619 4761 2714 4822; x_wconf 73' lang='grc' dir='ltr'>καὶ</span> <span class='ocrx_word' id='word_1_806' title='bbox 2750 4763 2812 4816; x_wconf 85' lang='grc' dir='ltr'>τὸ</span> <span class='ocrx_word' id='word_1_807' title='bbox 2849 4765 3166 4836; x_wconf 72' lang='grc' dir='ltr'>κατωφερὲς</span> <span class='ocrx_word' id='word_1_808' title='bbox 3196 4766 3296 4836; x_wconf 88' lang='grc' dir='ltr'>τῆς</span> <span class='ocrx_word' id='word_1_809' title='bbox 3317 4767 3411 4822; x_wconf 90' lang='grc' dir='ltr'><strong>τοῦ</strong></span> <span class='ocrx_word' id='word_1_810' title='bbox 3442 4768 3636 4834; x_wconf 78' lang='grc' dir='ltr'>ὓδατος</span> <span class='ocrx_word' id='word_1_811' title='bbox 3673 4771 3893 4838; x_wconf 78' lang='grc' dir='ltr'>φύσεως</span> <span class='ocrx_word' id='word_1_812' title='bbox 3941 4778 3978 4827; x_wconf 66' lang='grc' dir='ltr'><strong>ἐι</strong></span> 
     </span>
    </p>
   </div>
   <div class='ocr_carea' id='block_1_110' title="bbox 2416 4848 3977 4930">
    <p class='ocr_par' dir='ltr' id='par_1_110' title="bbox 2416 4848 3977 4930">
     <span class='ocr_line' id='line_1_110' title="bbox 2416 4848 3977 4930; baseline 0.01 -30"><span class='ocrx_word' id='word_1_813' title='bbox 2416 4848 2658 4904; x_wconf 85' lang='grc' dir='ltr'>ἐναντίου</span> <span class='ocrx_word' id='word_1_814' title='bbox 2704 4851 2839 4923; x_wconf 79' lang='grc' dir='ltr'>πρὸς</span> <span class='ocrx_word' id='word_1_815' title='bbox 2879 4851 2971 4906; x_wconf 80' lang='grc' dir='ltr'><strong>τὸν</strong></span> <span class='ocrx_word' id='word_1_816' title='bbox 3019 4852 3174 4922; x_wconf 85' lang='grc' dir='ltr'>λόγον</span> <span class='ocrx_word' id='word_1_817' title='bbox 3211 4855 3444 4912; x_wconf 78' lang='grc' dir='ltr'>ἵσταται.</span> <span class='ocrx_word' id='word_1_818' title='bbox 3501 4858 3628 4923; x_wconf 85' lang='grc' dir='ltr'>Πῶς</span> <span class='ocrx_word' id='word_1_819' title='bbox 3658 4859 3767 4930; x_wconf 84' lang='grc' dir='ltr'><strong>γὰρ</strong></span> <span class='ocrx_word' id='word_1_820' title='bbox 3801 4863 3902 4915; x_wconf 75' lang='grc' dir='ltr'>ἐπὶ</span> <span class='ocrx_word' id='word_1_821' title='bbox 3939 4881 3977 4916; x_wconf 78' lang='grc' dir='ltr'><strong>τι</strong></span> 
     </span>
    </p>
   </div>
   <div class='ocr_carea' id='block_1_111' title="bbox 2416 4939 3977 5022">
    <p class='ocr_par' dir='ltr' id='par_1_111' title="bbox 2416 4939 3977 5022">
     <span class='ocr_line' id='line_1_111' title="bbox 2416 4939 3977 5022; baseline 0.009 -27"><span class='ocrx_word' id='word_1_822' title='bbox 2416 4941 2528 4996; x_wconf 80' lang='grc' dir='ltr'><strong>ἀνω</strong></span> <span class='ocrx_word' id='word_1_823' title='bbox 2579 4943 2839 5013; x_wconf 84' lang='grc' dir='ltr'>ῥυήσεται</span> <span class='ocrx_word' id='word_1_824' title='bbox 2883 4939 2944 4999; x_wconf 83' lang='grc' dir='ltr'><strong>οῦ</strong></span> <span class='ocrx_word' id='word_1_825' title='bbox 3008 4945 3042 5015; x_wconf 79' lang='grc' dir='ltr'><strong>ἡ</strong></span> <span class='ocrx_word' id='word_1_826' title='bbox 3089 4946 3250 5014; x_wconf 81' lang='grc' dir='ltr'>φύσις</span> <span class='ocrx_word' id='word_1_827' title='bbox 3299 4947 3438 5003; x_wconf 87' lang='grc' dir='ltr'>ίδίαν</span> <span class='ocrx_word' id='word_1_828' title='bbox 3484 4949 3598 5021; x_wconf 81' lang='grc' dir='ltr'>ἔχει</span> <span class='ocrx_word' id='word_1_829' title='bbox 3645 4951 3742 5022; x_wconf 80' lang='grc' dir='ltr'>τὴν</span> <span class='ocrx_word' id='word_1_830' title='bbox 3789 4955 3891 5008; x_wconf 78' lang='grc' dir='ltr'>ἐπὶ</span> <span class='ocrx_word' id='word_1_831' title='bbox 3943 4974 3977 5009; x_wconf 78' lang='grc' dir='ltr'><strong>τ</strong></span> 
     </span>
    </p>
   </div>
   <div class='ocr_carea' id='block_1_112' title="bbox 2417 5032 3977 5113">
    <p class='ocr_par' dir='ltr' id='par_1_112' title="bbox 2417 5032 3977 5113">
     <span class='ocr_line' id='line_1_112' title="bbox 2417 5032 3977 5113; baseline 0.01 -29"><span class='ocrx_word' id='word_1_832' title='bbox 2417 5032 2566 5086; x_wconf 87' lang='grc' dir='ltr'>κάτω</span> <span class='ocrx_word' id='word_1_833' title='bbox 2596 5034 2799 5104; x_wconf 76' lang='grc' dir='ltr'>φοράνς</span> <span class='ocrx_word' id='word_1_834' title='bbox 2853 5036 3084 5090; x_wconf 81' lang='grc' dir='ltr'>Ἔπειτα</span> <span class='ocrx_word' id='word_1_835' title='bbox 3119 5037 3181 5090; x_wconf 82' lang='grc' dir='ltr'>δὲ</span> <span class='ocrx_word' id='word_1_836' title='bbox 3225 5039 3319 5094; x_wconf 71' lang='grc' dir='ltr'>καὶ</span> <span class='ocrx_word' id='word_1_837' title='bbox 3359 5040 3483 5094; x_wconf 86' lang='grc' dir='ltr'>ὅσον</span> <span class='ocrx_word' id='word_1_838' title='bbox 3513 5041 3574 5095; x_wconf 79' lang='grc' dir='ltr'><strong>τὸ</strong></span> <span class='ocrx_word' id='word_1_839' title='bbox 3619 5043 3856 5113; x_wconf 88' lang='grc' dir='ltr'>μέγεθος</span> <span class='ocrx_word' id='word_1_840' title='bbox 3890 5047 3977 5099; x_wconf 84' lang='grc' dir='ltr'><strong>τῶ</strong></span> 
     </span>
    </p>
   </div>
   <div class='ocr_carea' id='block_1_113' title="bbox 2415 5123 3978 5202">
    <p class='ocr_par' dir='ltr' id='par_1_113' title="bbox 2415 5123 3978 5202">
     <span class='ocr_line' id='line_1_113' title="bbox 2415 5123 3978 5202; baseline 0.01 -25"><span class='ocrx_word' id='word_1_841' title='bbox 2415 5123 2622 5194; x_wconf 86' lang='grc' dir='ltr'>λιμνῶν</span> <span class='ocrx_word' id='word_1_842' title='bbox 2674 5127 2898 5181; x_wconf 84' lang='grc' dir='ltr'>ἐκείνων</span> <span class='ocrx_word' id='word_1_843' title='bbox 2944 5129 2977 5198; x_wconf 82' lang='grc' dir='ltr'><strong>ἠ</strong></span> <span class='ocrx_word' id='word_1_844' title='bbox 3019 5129 3274 5202; x_wconf 83' lang='grc' dir='ltr'>διηνεκὴς</span> <span class='ocrx_word' id='word_1_845' title='bbox 3317 5131 3426 5186; x_wconf 89' lang='grc' dir='ltr'><strong>τῶν</strong></span> <span class='ocrx_word' id='word_1_846' title='bbox 3468 5133 3738 5189; x_wconf 82' lang='grc' dir='ltr'>τοσούτων</span> <span class='ocrx_word' id='word_1_847' title='bbox 3783 5136 3978 5192; x_wconf 82' lang='grc' dir='ltr'>ύδάτω</span> 
     </span>
    </p>
   </div>
   <div class='ocr_carea' id='block_1_114' title="bbox 2416 5212 3978 5301">
    <p class='ocr_par' dir='ltr' id='par_1_114' title="bbox 2416 5212 3978 5301">
     <span class='ocr_line' id='line_1_114' title="bbox 2416 5212 3978 5301; baseline 0.012 -37"><span class='ocrx_word' id='word_1_848' title='bbox 2416 5212 2662 5284; x_wconf 82' lang='grc' dir='ltr'>ἀπορῥοὴ</span> <span class='ocrx_word' id='word_1_849' title='bbox 2700 5214 3055 5285; x_wconf 79' lang='grc' dir='ltr'>στοχάζεσθαι</span> <span class='ocrx_word' id='word_1_850' title='bbox 3101 5218 3336 5288; x_wconf 83' lang='grc' dir='ltr'>δίδωσιν,</span> <span class='ocrx_word' id='word_1_851' title='bbox 3365 5220 3506 5276; x_wconf 81' lang='grc' dir='ltr'>ὥστε</span> <span class='ocrx_word' id='word_1_852' title='bbox 3550 5223 3810 5278; x_wconf 88' lang='grc' dir='ltr'>τοσοῦτον</span> <span class='ocrx_word' id='word_1_853' title='bbox 3861 5245 3978 5301; x_wconf 82' lang='grc' dir='ltr'><strong>προ</strong></span> 
     </span>
    </p>
   </div>
   <div class='ocr_carea' id='block_1_115' title="bbox 2417 5303 3978 5393">
    <p class='ocr_par' dir='ltr' id='par_1_115' title="bbox 2417 5303 3978 5393">
     <span class='ocr_line' id='line_1_115' title="bbox 2417 5303 3978 5393; baseline 0.012 -39"><span class='ocrx_word' id='word_1_854' title='bbox 2417 5303 2678 5373; x_wconf 88' lang='grc' dir='ltr'>χεύουσαν</span> <span class='ocrx_word' id='word_1_855' title='bbox 2711 5305 2769 5358; x_wconf 83' lang='grc' dir='ltr'><strong>ἐν</strong></span> <span class='ocrx_word' id='word_1_856' title='bbox 2792 5307 3068 5373; x_wconf 84' lang='grc' dir='ltr'>τοσούτοις</span> <span class='ocrx_word' id='word_1_857' title='bbox 3085 5309 3320 5381; x_wconf 82' lang='grc' dir='ltr'>χρόνοις,</span> <span class='ocrx_word' id='word_1_858' title='bbox 3342 5313 3612 5369; x_wconf 84' lang='grc' dir='ltr'>ἀκένωτον</span> <span class='ocrx_word' id='word_1_859' title='bbox 3653 5316 3866 5386; x_wconf 88' lang='grc' dir='ltr'>μένειν,</span> <span class='ocrx_word' id='word_1_860' title='bbox 3904 5340 3978 5393; x_wconf 63' lang='grc' dir='ltr'><strong>μη</strong></span> 
     </span>
    </p>
   </div>
   <div class='ocr_carea' id='block_1_116' title="bbox 2416 5392 3978 5481">
    <p class='ocr_par' dir='ltr' id='par_1_116' title="bbox 2416 5392 3978 5481">
     <span class='ocr_line' id='line_1_116' title="bbox 2416 5392 3978 5481; baseline 0.014 -37"><span class='ocrx_word' id='word_1_861' title='bbox 2416 5393 2563 5457; x_wconf 83' lang='grc' dir='ltr'>δενδς</span> <span class='ocrx_word' id='word_1_862' title='bbox 2613 5392 2826 5449; x_wconf 73' lang='grc' dir='ltr'>ἔνδοθεν</span> <span class='ocrx_word' id='word_1_863' title='bbox 2865 5398 2927 5450; x_wconf 81' lang='grc' dir='ltr'>τὸ</span> <span class='ocrx_word' id='word_1_864' title='bbox 2965 5398 3106 5463; x_wconf 72' lang='grc' dir='ltr'>ἐξιὸν</span> <span class='ocrx_word' id='word_1_865' title='bbox 3147 5400 3576 5472; x_wconf 81' lang='grc' dir='ltr'>άντεισάγοντος;</span> <span class='ocrx_word' id='word_1_866' title='bbox 3629 5405 3794 5462; x_wconf 78' lang='grc' dir='ltr'>Ἀλλὰ</span> <span class='ocrx_word' id='word_1_867' title='bbox 3840 5409 3978 5481; x_wconf 77' lang='grc' dir='ltr'><strong>δῆλο</strong></span> 
     </span>
    </p>
   </div>
   <div class='ocr_carea' id='block_1_117' title="bbox 2418 5483 3978 5571">
    <p class='ocr_par' dir='ltr' id='par_1_117' title="bbox 2418 5483 3978 5571">
     <span class='ocr_line' id='line_1_117' title="bbox 2418 5483 3978 5571; baseline 0.013 -34"><span class='ocrx_word' id='word_1_868' title='bbox 2418 5483 2485 5537; x_wconf 85' lang='grc' dir='ltr'>ἂν</span> <span class='ocrx_word' id='word_1_869' title='bbox 2517 5483 2601 5555; x_wconf 74' lang='grc' dir='ltr'>εἴη</span> <span class='ocrx_word' id='word_1_870' title='bbox 2634 5484 2722 5540; x_wconf 80' lang='grc' dir='ltr'><strong>διὰ</strong></span> <span class='ocrx_word' id='word_1_871' title='bbox 2749 5485 2856 5540; x_wconf 91' lang='grc' dir='ltr'><strong>τῶν</strong></span> <span class='ocrx_word' id='word_1_872' title='bbox 2888 5487 3290 5560; x_wconf 80' lang='grc' dir='ltr'>ἐξητασμένων,</span> <span class='ocrx_word' id='word_1_873' title='bbox 3320 5493 3400 5548; x_wconf 83' lang='grc' dir='ltr'>ὅτι</span> <span class='ocrx_word' id='word_1_874' title='bbox 3429 5495 3508 5564; x_wconf 83' lang='grc' dir='ltr'>τῷ</span> <span class='ocrx_word' id='word_1_875' title='bbox 3547 5498 3778 5569; x_wconf 83' lang='grc' dir='ltr'>ποταμῷ</span> <span class='ocrx_word' id='word_1_876' title='bbox 3810 5502 3925 5571; x_wconf 78' lang='grc' dir='ltr'>μὲν</span> <span class='ocrx_word' id='word_1_877' title='bbox 3955 5524 3978 5560; x_wconf 76' lang='lat' dir='ltr'><strong>a</strong></span> 
     </span>
    </p>
   </div>
   <div class='ocr_carea' id='block_1_118' title="bbox 2415 5572 3978 5658">
    <p class='ocr_par' dir='ltr' id='par_1_118' title="bbox 2415 5572 3978 5658">
     <span class='ocr_line' id='line_1_118' title="bbox 2415 5572 3978 5658; baseline 0.013 -33"><span class='ocrx_word' id='word_1_878' title='bbox 2415 5572 2591 5626; x_wconf 87' lang='grc' dir='ltr'>λείπει</span> <span class='ocrx_word' id='word_1_879' title='bbox 2640 5576 2673 5645; x_wconf 81' lang='grc' dir='ltr'><strong>ἠ</strong></span> <span class='ocrx_word' id='word_1_880' title='bbox 2720 5577 2951 5647; x_wconf 83' lang='grc' dir='ltr'>χορηγία</span> <span class='ocrx_word' id='word_1_881' title='bbox 2995 5578 3088 5632; x_wconf 90' lang='grc' dir='ltr'><strong>τοῦ</strong></span> <span class='ocrx_word' id='word_1_882' title='bbox 3135 5578 3344 5645; x_wconf 81' lang='grc' dir='ltr'>ὓδατος,</span> <span class='ocrx_word' id='word_1_883' title='bbox 3374 5581 3474 5652; x_wconf 83' lang='grc' dir='ltr'>τῆς</span> <span class='ocrx_word' id='word_1_884' title='bbox 3509 5584 3618 5652; x_wconf 83' lang='grc' dir='ltr'>γῆς</span> <span class='ocrx_word' id='word_1_885' title='bbox 3653 5591 3800 5658; x_wconf 84' lang='grc' dir='ltr'>πρὸς</span> <span class='ocrx_word' id='word_1_886' title='bbox 3838 5593 3978 5648; x_wconf 63' lang='grc' dir='ltr'>τοῦτ</span> 
     </span>
    </p>
   </div>
   <div class='ocr_carea' id='block_1_119' title="bbox 2417 5663 3978 5744">
    <p class='ocr_par' dir='ltr' id='par_1_119' title="bbox 2417 5663 3978 5744">
     <span class='ocr_line' id='line_1_119' title="bbox 2417 5663 3978 5744; baseline 0.016 -28"><span class='ocrx_word' id='word_1_887' title='bbox 2417 5663 2844 5738; x_wconf 82' lang='grc' dir='ltr'>μεθισταμένης.</span> <span class='ocrx_word' id='word_1_888' title='bbox 2890 5668 2948 5723; x_wconf 84' lang='grc'><strong>’0</strong></span> <span class='ocrx_word' id='word_1_889' title='bbox 2985 5668 3043 5722; x_wconf 83' lang='grc' dir='ltr'>δὲ</span> <span class='ocrx_word' id='word_1_890' title='bbox 3084 5670 3248 5739; x_wconf 76' lang='grc' dir='ltr'>ὄγκος</span> <span class='ocrx_word' id='word_1_891' title='bbox 3278 5671 3382 5742; x_wconf 83' lang='grc' dir='ltr'>τῆς</span> <span class='ocrx_word' id='word_1_892' title='bbox 3418 5673 3524 5744; x_wconf 82' lang='grc' dir='ltr'>γῆς</span> <span class='ocrx_word' id='word_1_893' title='bbox 3549 5676 3647 5728; x_wconf 79' lang='grc' dir='ltr'>οὐκ</span> <span class='ocrx_word' id='word_1_894' title='bbox 3674 5677 3978 5742; x_wconf 80' lang='grc' dir='ltr'>ὲλαττοῦτι</span> 
     </span>
    </p>
   </div>
  </div>
