4106 6208
207 255 316 314 “3
1427 270 1492 326 IN
1532 273 1799 331 ΗΕΧΑΕΜ

1897 276 2004 335 {ON
2047 279 2110 334 LI
2120 277 2267 334 BER.
3373 286 3476 343 ηι

205 374 292 428 διὰ
319 372 421 428 τοῦ
450 374 779 444 ὑπεξιόντος,
801 377 900 449 τῆς
919 378 1149 435 πάντοτε
1173 381 1466 454 γενομένης
1482 386 1590 439 τῶν
1611 388 1792 461 ξηρῶν

1897 392 1984 447 nia
2012 393 2064 447 in
2095 409 2200 464 qua
2230 394 2466 465 primum
2497 402 2792 449 constituta
2823 404 2962 451 sunt
2987 411 3245 456 mensura
3276 416 3473 472 perpe-
3535 413 3537 416 ‘

203 465 404 536 ἀτμῶν
448 467 768 538 μεταϐολῆς,
811 470 874 524 τὸ
923 471 1010 525 ἀεὶ
1059 473 1380 543 μειούμενον
1405 477 1471 530 ἐκ
1501 478 1595 530 τοῦ
1634 479 1797 548 ὄγκου

1904 495 1996 540 tuo
2027 494 2304 541 maneant.
3166 504 3175 513 '

208 557 653 629 ἀναπληρούσης.
688 553 792 613 Ὧν
833 561 1153 632 γινομένων,
1205 563 1383 617 οὐκέτ³
1426 564 1492 620 ἂν
1540 570 1674 639 ἡμῖν
1723 572 1756 642 ἡ
1811 573 1890 637 είς
1915 573 2118 647 ἄλληλα
2165 577 2277 630 τῶν
2329 572 2604 644 στοιχείων
2657 574 2938 641 ἀλλοίωσις
2987 577 3208 640 σκάζειν
3269 578 3476 647 δοκοίη,

202 649 342 741 sua
382 649 449 703 δι’
481 650 779 707 ἀκολούθου
821 654 1099 727 δεσμεῖται
1134 656 1163 710 0
1219 657 1412 727 λόγος,
1473 661 1572 732 τὴν
1618 661 1850 718 ἑκάστου
1910 668 2047 740 πρὸς
2091 670 2152 723 τὸ
2203 671 2389 741 ἕτερον
2442 667 2646 740 τροπὴν
2671 711 2686 736 ,
2730 672 2943 738 γένεσιν
2994 672 3198 726 ἐκείνου
3261 673 3356 725 τοῦ
3398 677 3478 737 εἰς

203 739 233 836 ξ
617 745 850 816 βλέπων,
885 749 980 801 καὶ
1010 749 1110 820 τὴν
1138 750 1233 804 ἀπ’
1267 752 1475 807 ἐκείνου
1505 754 1642 826 πρὸς
1693 756 1753 810 τὸ
1803 759 1863 824 ἐξ
1891 762 2067 832 ἀρχῆς
2107 764 2268 818 πάλιν
2300 739 2762 821 άποκατάστασιν.
2798 760 2921 818 υίον
2945 766 3006 818 τὸ
3037 763 3179 836 ὕδωρ
3217 766 3353 834 πρὸς
3387 767 3478 818 τὸν

206 827 339 905 ἀέρα
366 834 454 931 δέ
485 835 595 890 τῶν
635 837 828 931 ξτμῶν
857 839 1134 931 -ᾲναχθὲν,
1183 843 1292 914 ἀὴρ
1327 844 1574 913 ὲγένετο³
1616 849 1644 902 0
1684 849 1791 922 ἀὴρ
1825 852 1882 920 ὑγ
1900 827 2113 923 ρὰῦθέις
2157 857 2216 910 ὲν
2262 857 2339 926 τῷ
2388 858 2770 931 ὑπερκειμένῳ
2811 855 3038 926 φλογμῷ
3059 827 3435 928 κατεξηράνθη
3457 870 3476 888 ⁸

203 932 265 978 το
283 927 524 1030 *γεῶδες
567 928 664 982 τοῦ
711 929 905 1030 ὑγροῦ-
932 931 1022 985 διά
1074 931 1177 1002 τῆς
1212 934 1306 986 τοῦ
1356 937 1529 1007 πυρὸς
1582 939 1797 1008 φύσεως
1854 944 2165 1018 ἀπεκρίθη·
2215 948 2373 1003 τοῦτο
2415 927 2582 1020 ἐν’τῇ
2635 949 3029 1030 γῇγενόμενον
3069 945 3154 1000 διά
3215 947 3312 1018 τῆς
3371 927 3478 1018 ψύ-

386 1023 676 1093 ποιότητος
714 1025 796 1090 εἰς
849 1025 993 1096 ὕδωρ
1043 1030 1412 1102 μετεποιήθη·
1459 1033 1554 1086 καὶ
1595 1033 1767 1100 οὕτως
1800 1037 2226 1110 ἀδιάλειπτος,’
2253 1043 2345 1099 καὶ
2360 1045 2636 1116 ἀνωμένου
2685 1023 2777 1097 καὶ
2813 1043 3026 1108 οὐδενὸς
3067 1043 3476 1113 πλεονάζοντος,

203 1115 314 1168 ἀλλ’
337 1117 395 1168 ὲν
421 1119 538 1180 τοῖς
561 1116 622 1180 ἐξ
640 1117 816 1189 ἀρχῆς
839 1118 1057 1190 μέτροις
1080 1121 1159 1185 είς
1181 1121 1242 1175 τὸ
1266 1123 1508 1194 διηνεκὲς
1534 1127 1896 1198 διαμένοντος.
2377 1133 2380 1135 “

284 1206 502 1260 οὐκοῦν
574 1207 705 1261 ἄλλο
764 1225 816 1261 τι
879 1211 1028 1281 παρὰ
1101 1211 1202 1283 τὴν
1261 1213 1436 1286 ὑγράν
1505 1217 1666 1285 φύσιν
1731 1221 1800 1274 τὰ

204 1299 581 1368 ὑπερκείμενα
628 1299 724 1352 τοῦ
775 1300 1154 1373 στερεὼματος
1205 1298 1372 1359 ὕδατα
1413 1309 1640 1379 νοεῖν,ή
1690 1308 1798 1362 τῶν

203 1389 605 1455 ἒξετασθέντων
659 1390 952 1445 ἀκολουθία
1013 1392 1263 1461 δίδωσιν,
1324 1394 1482 1470 εἴπερ
1559 1398 1637 1470 τῷ
1723 1399 1797 1472 μὴ

203 1482 502 1553 τρέφεσθαι
559 1486 625 1554 τῇ
688 1481 784 1536 τοῦ
843 1483 1013 1554 ὑγροῦ
1049 1484 1263 1559 δαπάνῃ
1338 1487 1440 1558 τὴν
1488 1488 1582 1542 τοῦ
1627 1490 1797 1561 πυρὸς

201 1573 368 1641 φύσιν
413 1575 481 1626 ὲκ
523 1572 634 1626 τῶν
677 1573 985 1646 εἰρημένων
1031 1579 1462 1647 κατενοήσαμεν,
1517 1577 1796 1633 Δέδεικται

205 1665 315 1735 γὰρ
354 1666 413 1717 ὲν
454 1667 568 1726 τοῖς
607 1663 1018 1736 ἐξητασμένοις,
1045 1666 1127 1719 ὅτι
1164 1666 1224 1719 τὸ
1253 1667 1455 1738 θερμόν
1490 1667 1568 1740 τῷ
1601 1668 1793 1740 ψυχρῷ

206 1756 331 1826 οὑχὶ
370 1756 652 1826 τρέφεται,
693 1756 831 1810 ἀλλὰ
883 1757 1202 1813 σϐέννυται·
1249 1761 1344 1814 καὶ
1387 1757 1449 1814 τὸ
1515 1761 1681 1833 ὑγρὸν
1717 1762 1794 1834 τῷ

204 1846 362 1917 ξηρῷ
410 1847 744 1915 ἀφανίζεται,
780 1848 841 1900 οὐ
867 1847 1171 1912 πλεονάζει.
1226 1849 1366 1904 Ἀλλ’
1392 1851 1486 1904 ἐπὶ
1513 1853 1573 1904 τὸ
1607 1853 1793 1924 ἕτερον

1974 1219 2050 1274 Ex
2081 1219 2170 1287 iis,
2199 1235 2321 1291 qua:
2343 1221 2616 1292 disputata
2637 1228 2794 1287 sunt,
2821 1218 3095 1289 sequitur,
3121 1225 3178 1273 ut
3200 1233 3356 1290 aquae
3378 1234 3474 1274 su-

1898 1327 1994 1382 pra
2017 1312 2416 1367 lirmamentum
2439 1314 2556 1369 sitm
2578 1313 2646 1368 ab
2669 1312 2770 1367 hac
2793 1311 3018 1367 humida
3043 1319 3237 1366 natura
3261 1310 3471 1367 discre-

1899 1411 2049 1473 pent.
2084 1403 2238 1458 Patet
2270 1405 2414 1459 enim
2446 1404 2655 1459 humidi
2685 1413 2846 1475 pastu
2877 1411 3134 1458 naturam
3165 1403 3308 1474 ignis
3355 1418 3468 1456 non

1899 1495 1967 1548 ali
1997 1495 2574 1567 :demonstratumque
2593 1504 2699 1563 est,
2725 1495 2961 1550 calidum
2981 1493 3180 1565 frigido
3203 1509 3313 1548 non
3341 1508 3471 1548 enu-

1897 1585 2017 1639 triri
2038 1626 2052 1647 ,
2076 1586 2171 1641 sed
2195 1588 2465 1656 exstingui
2493 1605 2507 1642 :
2533 1594 2587 1641 et
2615 1586 2837 1641 humido
2865 1587 3073 1642 siccum
3105 1584 3312 1650 deleri,
3353 1599 3465 1638 non

1897 1676 2166 1746 adjuvari.
2194 1676 2559 1742 Quamobrem
2583 1684 2801 1746 tempus
2823 1684 2906 1730 est
2928 1716 2942 1739 ,
2967 1685 3026 1729 ut
3045 1675 3348 1729 orationem
3377 1688 3470 1729 no-

1896 1777 2066 1823 stram
2120 1768 2227 1822 alio
2267 1775 2688 1836 convertamus,
2729 1782 3154 1838 quaeramusque
3191 1766 3466 1835 quomodo

1895 1857 2057 1912 tertio
2074 1856 2162 1912 die
2180 1857 2336 1911 factm
2353 1866 2709 1921 suntomnes,
2731 1871 2851 1926 quae
2875 1856 2932 1910 in
2947 1855 3088 1910 cmlo
3111 1865 3259 1920 sunt,
3275 1856 3462 1938 stellae.

203 1937 320 1988 τῶν
368 1937 717 2007 ζητουμένων
744 1938 931 2010 καιρὸς
963 1939 1030 1993 ἂν
1061 1939 1146 2010 είη
1165 1940 1362 2011 τρέψαι
1401 1942 1501 2014 τὴν
1539 1942 1792 2016 θεωρίαν,

1897 1946 2049 2014 Quod
2071 1949 2234 2017 igitur
2254 1948 2509 2002 omnibus
2533 1947 2696 2002 rebus
2723 1947 3062 2002 admirandis
3074 1961 3196 2016 qua:
3212 1937 3470 2014 procrea-

209 2027 340 2091 πῶς
387 2029 529 2098 μετὰ
557 2029 654 2098 τὴν
687 2030 866 2101 τρίτην
905 2030 1122 2102 ἡμέραν
1167 2032 1368 2097 πάντες
1399 2037 1447 2087 οί
1489 2036 1608 2089 κατ’
1635 2037 1796 2107 οὐρα-

207 2119 308 2172 νὸν
345 2119 631 2189 φωστῆρες
655 2121 992 2190 πεποίηνται.
1026 2122 1152 2175 Ὅτι
1181 2123 1281 2192 μὲν
1302 2118 1393 2177 οὖν
1418 2124 1647 2178 ἑκάστου
1687 2124 1795 2178 τῶν

208 2210 522 2279 γινομένων
572 2209 862 2282 θαυμάτων
923 2211 1083 2281 λόγος
1136 2230 1220 2277 τις
1275 2215 1418 2278 θεῖος
1469 2215 1795 2288 καθηγεῖται

208 2301 640 2380 προστακτικὸς,
688 2301 833 2355 οὕτω
881 2303 976 2356 τοῦ
1023 2305 1270 2370 Μωσέως
1317 2306 1603 2379 ίστορικῶς
1647 2309 1796 2378 ἡμᾶς

208 2391 279 2442 τὰ
319 2389 498 2459 ὑψηλά
543 2388 654 2442 τῶν
698 2389 986 2461 δογμάτων
1031 2392 1404 2458 διδάσκοντος,
1426 2397 1485 2452 ἐν
1513 2398 1624 2462 τοῖς
1661 2396 1797 2466 φθά-

211 2498 369 2534 σασιν
419 2481 762 2552 ὲξητάσαμεν
799 2483 1014 2550 λόγοις,
1047 2485 1106 2536 ἐν
1143 2481 1224 2548 οἷς
1268 2485 1427 2538 τοῦτο
1462 2489 1795 2558 κατενοήσα-

213 2591 312 2642 μεν
340 2615 356 2639 ,
384 2573 447 2626 τὸ
476 2572 550 2644 μὴ
581 2574 910 2645 πρόσταγμα
941 2570 1079 2629 εἶναι
1102 2573 1190 2630 διά
1221 2577 1484 2649 ῥημάτων
1514 2577 1797 2649 γινόμενον

205 2667 307 2735 τὴν
343 2664 493 2718 θείαν
533 2667 746 2737 φωνὴν,
778 2667 916 2721 ἀλλὰ
953 2669 1052 2738 τὴν
1095 2671 1353 2742 τεχνικήν
1389 2687 1455 2724 τε
1493 2671 1588 2724 καὶ
1629 2669 1797 2744 σοφὴν

207 2758 441 2828 δύναμιν
468 2758 702 2812 ἑκάστου
735 2759 845 2812 τῶν
875 2760 1194 2830 γινομένων,
1230 2761 1354 2815 καθ’
1399 2764 1465 2834 ἣν
1494 2764 1797 2834 ἐνεργεῖται

206 2851 277 2902 τὰ
305 2851 368 2902 ἐν
393 2853 505 2913 τοῖς
537 2846 656 2905 οὖσι
678 2851 955 2921 θαύματα,
987 2851 1146 2906 τοῦτο
1175 2853 1333 2923 λόγον
1360 2853 1494 2908 Θεοῦ
1525 2857 1616 2910 καὶ
1651 2852 1794 2910 εἶναι

207 2942 304 2993 καὶ
328 2941 624 3009 λέγεσθαι,
662 2944 755 2997 καὶ
781 2943 864 2997 ὅτι
898 2944 1100 3009 παντὸς
1130 2945 1342 3016 ἀθρόως
1373 2944 1468 3000 τοῦ
1517 2946 1660 3000 κατὰ
1697 2947 1796 3018 τὴν

208 3033 392 3084 κτίσιν
440 3033 808 3104 πληρώματος
856 3038 914 3088 ὲν
954 3034 1034 3106 τῷ
1076 3035 1279 3108 πρώτῳ
1327 3037 1422 3090 τοῦ
1457 3037 1594 3091 Θεοῦ
1643 3038 1798 3111 θελή-

211 3138 345 3189 ματι
385 3123 709 3188 συστάντος,
736 3125 770 3195 ή
812 3124 1124 3193 ἀναγκαίως
1167 3125 1310 3179 κατὰ
1341 3125 1440 3198 τὴν
1467 3127 1798 3199 ὲγκειμένην

208 3215 325 3274 τοῖς
351 3207 471 3266 οὖσι
507 3213 700 3282 σοφίαν
739 3216 981 3287 ἑπομένη
1015 3215 1198 3282 τάξις,
1251 3217 1390 3288 πρὸς
1429 3218 1529 3291 τὴν
1562 3220 1798 3273 ἑκάστου

207 3302 319 3354 τῶν
379 3305 654 3373 στοιχείων
697 3305 990 3373 ἀνάδειξιν,
1024 3307 1132 3360 τῶν
1164 3307 1323 3361 θείων
1356 3310 1798 3380 προσταγμάτων

203 3394 308 3464 τὴν
335 3395 656 3450 ἀκολουθίαν
691 3397 824 3467 ἔχει.
866 3397 1108 3452 Συνελὼν
1135 3399 1244 3472 γάρ
1269 3401 1327 3453 ὲν
1365 3403 1430 3472 τῇ
1477 3398 1668 3472 πρώτῃ
1701 3382 1801 3472 τῆξ

209 3484 543 3556 αἰσθητικῖκ
577 3488 808 3551 κτίσεως
843 3488 1173 3554 ὑποστάσει,
1213 3490 1582 3562 περιληπτικῇ
1610 3492 1760 3562 φωνῇ
1783 3529 1798 3554 ,

205 3576 268 3630 τὸ
323 3579 438 3628 πᾶν
489 3579 518 3629 0
566 3576 761 3646 Μωσῆς
817 3579 1121 3644 ἐνεδείξατο
1164 3579 1367 3636 dmin"
1436 3599 1456 3634 ‘
1519 3581 1606 3634 Ἐν
1657 3583 1799 3654 ἀρχῇ

205 3667 483 3736 ἐποίησεν
521 3669 550 3718 0
579 3668 708 3732 Θεὸς
738 3670 825 3724 τὸν
863 3671 1090 3742 οὐρανὸν
1122 3671 1216 3725 καὶ
1252 3670 1351 3742 τὴν
1381 3672 1508 3742 γῆν.
1549 3690 1568 3722 ι
1605 3671 1679 3725 Τὸ
1706 3668 1800 3726 οὖν

208 3757 502 3829 πλήρωμα
530 3758 638 3812 τῶν
662 3759 827 3814 ὄντων
862 3761 1032 3814 εἰπὼν
1058 3763 1138 3815 ὅτι
1167 3761 1444 3832 ἐποίησεν,
1471 3761 1705 3832 καθεξῆς
1742 3763 1801 3817 ὲν

204 3847 366 3912 τάξει
393 3849 505 3902 τινὶ
552 3856 753 3924 φυσικῇ
782 3852 881 3923 τὴν
919 3854 1210 3924 γινομένην
1241 3854 1472 3908 ἑκάστου
1502 3854 1611 3907 τῶν
1632 3853 1800 3908 ὄντων

204 3938 485 4006 ἀνάδειξιν
541 3943 957 4014 ὲπισημειοῦται
1010 3944 1088 4015 τῷ
1146 3943 1312 4015 λόγῳ.
1372 3945 1568 4014 Γέγονε
1620 3945 1800 3999 τοίνυν

208 4035 351 4107 μετὰ
388 4035 609 4088 πάντων
646 4035 707 4088 τὸ
742 4035 888 4104 φῶς,
919 4035 1032 4089 ἀλλ’
1060 4036 1161 4088 οὑκ
1190 4035 1351 4098 εὐθὺς
1383 4035 1668 4107 προεφάνη
1691 4035 1801 4088 τῶν

205 4128 462 4189 πάντων,
491 4126 596 4189 ἕως
637 4125 708 4179 τά
735 4125 952 4196 ἀφεγγῆ
978 4130 1078 4199 τῆς
1116 4126 1346 4190 κτίσεως
1375 4127 1515 4198 μέρη
1545 4127 1643 4198 τῆς
1687 4143 1803 4195 (pm-

204 4221 460 4292 τιστικῆς
490 4220 928 4292 ἐπιπροσθοῦντα
959 4221 1240 4292 δυνάμεως
1277 4221 1468 4292 ἔμενεν
1489 4237 1503 4251 ·
1558 4219 1692 4292 ὁμοῦ
1742 4220 1799 4274 δὲ

203 4312 284 4382 τῷ
324 4313 549 4382 δοθῆναι
599 4313 750 4382 παρὰ
786 4311 880 4366 τοῦ
921 4310 1056 4366 Θεοῦ
1084 4315 1150 4384 τῇ
1179 4312 1352 4366 κτίσει
1383 4312 1519 4383 πρὸς
1550 4312 1648 4384 τὴν
1679 4311 1798 4365 δια·
1829 4335 1874 4394 D

205 4403 486 4472 κόσμησιν
527 4403 697 4473 αὑτῆς
736 4402 799 4455 τὸ
848 4401 1146 4474 ἐνδόσιμον,
1193 4403 1224 4471 ἡ
1283 4404 1539 4474 πυρώδης
1594 4419 1655 4455 τε
1700 4403 1797 4454 καὶ

205 4491 516 4563 φωτιστικὴ
562 4493 792 4563 δύναμις
843 4493 944 4563 τῆς
992 4494 1224 4556 κτίσεως
1282 4494 1562 4564 προεφάνη
1608 4494 1666 4546 ἐν
1721 4493 1798 4566 τῷ

203 4581 401 4651 κοὺςρῳ
457 4584 552 4636 καὶ
599 4584 866 4655 εὖκινήτῳ
915 4585 1015 4656 τῆς
1055 4583 1304 4654 φύσεως,
1352 4584 1797 4656 προεξαλλομένη

202 4673 312 4725 τῶν
345 4672 555 4726 ἄλλων.
605 4675 713 4728 Καὶ
763 4678 903 4740 τέως
951 4677 1050 4748 μὲν
1111 4671 1181 4748 ἦν
1219 4678 1370 4730 πᾶσα
1416 4677 1541 4746 περὶ
1589 4677 1797 4746 ἑαυτὴν

206 4763 556 4834 ἡθροισμένη
587 4766 677 4817 καὶ
703 4767 1071 4842 περιπολοῦσα
1098 4769 1158 4822 τὸ
1194 4769 1300 4822 πᾶν
1320 4784 1333 4797 ·
1365 4767 1503 4838 μετὰ
1534 4766 1692 4821 τοῦτο
1736 4767 1793 4820 δὲ

209 4855 376 4909 πάλιν
431 4857 552 4919 τοῖς
601 4856 746 4921 ἰδίοις
791 4860 1000 4931 μορίοις
1051 4858 1186 4930 πρὸς
1230 4858 1298 4912 τά
1326 4859 1562 4929 συγγενῆ
1609 4875 1666 4911 τε
1701 4858 1794 4910 καὶ

211 4948 532 5020 κατάλληλα
570 4948 920 5022 διακρίνεται.
959 4952 1126 5022 Δῆλον
1163 4952 1272 5023 γάρ
1314 4952 1378 5003 ὲκ
1430 4949 1539 5002 τῶν
1579 4948 1794 5020 ὁρωμέ-

211 5058 336 5104 νων,
376 5043 462 5096 ὃτι
507 5043 570 5096 οὐ
606 5045 705 5115 μία
735 5045 835 5113 τῆς
859 5045 1189 5115 φωτιστικῆς
1219 5043 1429 5114 φύσεώς
1471 5045 1614 5120 ἐστιν
1640 5043 1674 5112 ὴ
1703 5041 1796 5094 δύο

1896 2046 1963 2092 ιω
2006 2047 2176 2103 sunt,
2205 2037 2451 2092 divinum
2494 2035 2765 2106 quoddam
2799 2035 3115 2090 mandatum
3147 2036 3470 2105 imperium-

1896 2142 2001 2200 que
2044 2128 2320 2200 sigillatim
2371 2126 2752 2198 praecesserit,
2797 2141 2864 2182 ex
2907 2125 3074 2182 Mosis
3119 2125 3350 2181 historia
3391 2126 3473 2181 sic

1894 2220 2109 2276 excelsa
2150 2219 2266 2274 haec
2309 2217 2528 2275 decreta
2567 2218 2965 2288 complectente
2994 2218 3052 2272 in
3087 2216 3469 2288 superioribus

1895 2311 2413 2376 animadvertimus,
2467 2309 2917 2380 didicimusque,
2971 2308 3217 2365 divinam
3276 2323 3468 2362 vocem

1896 2419 2006 2457 non
2062 2418 2187 2458 esse
2219 2403 2537 2458 mandatum
2571 2404 2753 2459 verbis
2798 2416 3147 2472 expressum,
3194 2409 3248 2455 et
3293 2399 3474 2470 expli-

1895 2495 2103 2555 catum,
2139 2489 2236 2544 sed
2259 2489 2524 2546 artiﬁcem
2547 2504 2611 2544 ac
2637 2492 2940 2560 sapientem
2966 2489 3022 2544 in
3049 2490 3213 2545 rebus
3237 2487 3470 2559 singulis

1895 2588 2252 2650 potestatem,
2291 2596 2400 2651 qua
2432 2596 2517 2645 ea,
2547 2595 2672 2652 qua:
2705 2581 2758 2635 in
2792 2580 2926 2651 ipsis
2955 2590 3262 2636 cernuntur
3292 2580 3470 2634 admi-

1896 2673 2121 2737 rabilia,
2171 2672 2418 2742 perfecta
2461 2681 2626 2736 sunt,
2684 2673 2974 2745 primaque
3022 2671 3119 2728 Dei
3187 2672 3471 2726 voluntate

1897 2764 2083 2819 statim
2113 2764 2339 2818 omnino
2370 2779 2560 2819 rerum
2585 2763 3002 2820 universitatem
3035 2763 3342 2828 exstitisse,
3379 2778 3474 2818 or-

1898 2854 2197 2926 dinemque
2254 2856 2546 2927 sapientiae
2605 2855 2662 2910 in
2719 2854 2856 2926 ipsis
2924 2854 3103 2912 insitae
3155 2856 3474 2911 necessario

1825 2992 1867 3051 ο
1899 2954 2311 3020 permanentem
2329 2947 2641 3003 divinorum
2662 2947 3049 3003 mandatorum
3072 2947 3177 3002 vim
3197 2957 3250 3002 et
3273 2947 3473 3002 seriem

1899 3039 2169 3095 obtinere.
2217 3037 2462 3094 Breviter
2506 3039 2654 3094 enim
2706 3054 2918 3103 rerum,
2967 3052 3092 3107 quae
3143 3053 3312 3092 sensu
3348 3051 3473 3106 per-

1898 3129 2200 3199 cipiuntur,
2254 3129 2704 3201 procreationem
2765 3130 3161 3200 complectens,
3210 3129 3473 3184 mundqu

1901 3221 2217 3276 universum
2243 3220 2504 3286 ostendit,
2537 3221 2634 3276 «ιιι
2657 3221 2954 3292 principio,
2988 3241 3006 3273 ι
3045 3221 3326 3291 inquiens,
3347 3240 3365 3273 ι
3394 3221 3476 3276 [ευ

1899 3309 1973 3364 cit
2009 3309 2154 3368 Deus
2195 3310 2398 3365 caelum
2429 3317 2484 3364 et
2511 3317 2736 3365 terram.
2763 3329 2781 3360 ι
2819 3309 3032 3376 Quibus
3072 3309 3251 3364 verbis
3285 3321 3474 3362 rerum

1900 3401 2267 3456 universitate
2315 3399 2755 3472 comprehensa,
2824 3399 3090 3471 deinceps
3160 3399 3473 3453 naturalem

1901 3490 2190 3562 quemdam
2216 3492 2565 3562 singulorum
2596 3492 2849 3548 ordinem
2881 3493 3256 3563 persequitur.
3296 3488 3476 3543 Simul

1900 3573 2069 3653 igitur
2110 3597 2236 3637 cum
2288 3581 2521 3651 reliquis
2568 3581 2736 3636 rebus
2790 3581 3050 3635 omnibus
3105 3585 3366 3649 generata
3393 3584 3478 3629 est

1901 3674 2017 3738 lux,
2064 3672 2159 3728 sed
2204 3688 2314 3727 non
2363 3672 2636 3741 extemplo
2689 3672 2856 3726 rebus
2904 3670 3162 3726 omuilms
3199 3668 3475 3740 praelusit,

1900 3765 2144 3836 quandiu
2182 3773 2365 3834 partes
2397 3778 2578 3817 rerum
2610 3761 3002 3818 obscuravim
3036 3761 3157 3831 ejus
3193 3761 3477 3814 illustran-

1901 3862 2012 3908 tem
2049 3852 2485 3922 impediveruut;
2531 3860 2587 3905 at
2619 3851 2784 3907 simul
2839 3861 3006 3922 atque
3043 3851 3184 3904 ratio
3211 3864 3477 3905 concessa

1900 3947 1987 3998 est
2039 3957 2068 3994 a
2104 3939 2236 4007 Deo,
2276 3941 2434 4012 ignea
2462 3941 2547 3995 vis
2572 3940 2891 3996 illustrandi
2917 3936 3474 4010 praefulsitomnibus,

1903 4033 2119 4105 sibique
2162 4041 2370 4088 natum
2409 4033 2648 4099 levitate,
2701 4048 2765 4087 ac
2819 4031 3146 4098 mobilitate,
3199 4029 3472 4101 patefacta

1901 4127 2012 4190 via,
2061 4126 2355 4196 prosilivit.
2415 4126 2495 4181 Ac
2542 4134 2677 4181 tunc
2734 4126 2956 4196 quidem
3003 4125 3256 4179 universa
3307 4122 3362 4173 in
3417 4136 3477 4172 se

1902 4226 2096 4273 coacta
2134 4217 2398 4272 mundum
2426 4218 2614 4272 obibat
2646 4235 2662 4272 :
2695 4231 2819 4270 mox
2873 4223 3058 4268 autem
3093 4211 3331 4281 propriis
3362 4224 3489 4278 par-

1903 4310 2051 4363 tibus
2082 4310 2136 4363 in
2161 4324 2247 4374 ea,
2275 4323 2396 4379 qua:
2440 4307 2543 4364 sibi
2581 4313 2817 4376 cognata
2850 4304 3261 4372 conjunctaque
3296 4307 3476 4362 erant.

1901 4402 2075 4456 divisa
2114 4411 2218 4458 est.
2273 4400 2428 4468 Quod
2478 4405 2664 4454 autem
2709 4396 2832 4467 ejus
2881 4402 3082 4449 natura
3124 4408 3236 4448 non
3287 4395 3361 4448 sit
3413 4407 3479 4449 ex

1899 4493 1988 4557 iis,
2019 4509 2142 4564 qua:
2170 4492 2444 4554 videntur,
2481 4488 2834 4560 perspicuum
2870 4494 2977 4542 est.
3023 4482 3082 4538 Si
3127 4482 3255 4554 quis
3293 4490 3478 4537 tamen

1901 4585 2078 4639 lucem
2105 4600 2170 4640 ex
2208 4583 2468 4638 omnibus
2499 4587 2751 4635 coactam
2782 4592 2950 4632 unam
2986 4592 3111 4632 esse
3152 4590 3354 4645 genere
3396 4573 3480 4628 di-

1901 4684 2010 4740 cat,
2069 4691 2180 4730 non
2241 4674 2473 4738 errabit,
2535 4671 2760 4743 quando
2807 4670 3032 4725 divinus
3083 4669 3250 4725 etiam
3294 4683 3479 4724 sermo

1903 4767 2171 4838 singulari
2223 4780 2356 4820 voce
2413 4766 2730 4820 universam
2780 4764 3074 4836 signiﬁcat,
3130 4763 3478 4833 praecipiens,
3548 4756 3557 4765 ’

1904 4867 1965 4912 ut
1991 4858 2078 4911 lux
2101 4898 2116 4924 ,
2152 4872 2260 4911 non
2293 4865 2496 4922 autem,
2542 4865 2602 4911 ut
2636 4857 2822 4928 plures
2852 4858 3007 4914 tiant.
3043 4855 3241 4911 Verum
3276 4855 3324 4910 si
3354 4855 3481 4923 quis

1903 4963 1988 5014 ea,
2010 4962 2130 5018 quae
2161 4947 2440 5011 videntur,
2475 4947 2773 5018 aspexerit,
2805 4947 3165 5017 multiplicem
3198 4946 3482 5001 illustran-

1903 5041 1973 5096 tis
2006 5041 2261 5112 potentiae
2290 5039 2660 5095 differentiam
2710 5041 2766 5096 in
2802 5041 2972 5097 rebus
3021 5038 3442 5094 animadvertat.

213 5147 408 5202 ναμιςο
449 5105 712 5204 ἀλλάντῷ
754 5105 1105 5206 μέν’γενικῷ
1142 5105 1284 5204 λόγῳ
1328 5133 1385 5186 ἓν
1414 5105 1519 5196 τις
1569 5105 1850 5202 όνομάζων
1887 5105 2022 5204 (pili;-
2042 5134 2104 5188 τὸ
2144 5136 2208 5188 ὲκ
2249 5134 2469 5188 πάντων
2513 5132 2933 5205 ἀθροιζόμενον,
2977 5131 3078 5186 οὐκ
3106 5129 3172 5184 ἂν
3212 5131 3483 5201 ἁμάρτοι,
3559 5105 3561 5110 1

219 5226 331 5278 ἐπεὶ
358 5228 454 5280 καὶ
474 5229 504 5280 0
533 5227 679 5290 θεῖος
710 5227 863 5294 λόγος
890 5231 956 5300 τῇ
988 5229 1138 5298 ἑνικῇ
1175 5227 1327 5296 φωνῇ
1355 5226 1637 5296 καταρχὰς
1659 5225 1720 5277 τὸ
1754 5227 1860 5278 πᾶν
1887 5225 2260 5297 διασημαίνει,
2306 5225 2442 5296 φῶς,
2488 5226 2609 5297 οὐχὶ
2638 5225 2793 5296 φῶτα
2826 5223 3122 5296 γενηθῆναι
3151 5227 3481 5294 προστάξας.

222 5319 278 5371 εξ
307 5319 364 5372 δὲ
389 5319 527 5390 πρὸς
556 5319 627 5372 τά
655 5320 957 5391 φαινόμενα
985 5319 1171 5392 βλέποι
1197 5333 1300 5384 τις,
1342 5317 1542 5389 πολλὴν
1572 5318 1668 5386 τὴν
1698 5317 1796 5388 τῆς
1823 5319 2158 5390 φωτιστικῆς
2192 5319 2472 5391 δυνάμεως
2504 5318 2766 5390 διαφοράν
2793 5319 2850 5371 ὲν
2879 5319 2991 5379 τοῖς
3022 5312 3142 5369 οὖσι
3163 5318 3364 5388 κατόψε
3381 5337 3478 5374 ιιαι.

288 5411 444 5468 Ὅθεν
487 5412 585 5464 καὶ
640 5413 670 5466 0
699 5411 1005 5486 Ψαλμῳδός
1059 5429 1251 5487 φησιν·
1314 5429 1332 5462 ι
1368 5409 1459 5480 Τῷ
1516 5411 1799 5482 ποιήσαντι

230 5504 370 5567 ἱέντα
421 5505 638 5575 μεγάλα
688 5507 847 5580 μόνῳ.
901 5530 920 5564 ι
955 5509 1064 5566 Καὶ
1084 5549 1100 5578 ,
1138 5527 1181 5568 ι,
1214 5503 1384 5576 Ἀλλη
1413 5503 1539 5570 δόξα
1574 5505 1749 5576 ἡλίου,
1776 5524 1814 5556 »η

300 5685 338 5717 ³³
362 5685 504 5744 Psal.
538 5705 730 5756 ειυς,
754 5694 802 5753 ει,

1975 5410 2317 5482 Quapmpter
2365 5411 2530 5465 etiam
2582 5409 2857 5482 Propheta
2908 5408 3041 5492 dicit
3079 5427 3093 5464 :
3133 5429 3151 5459 ι
3194 5410 3297 5476 Qui
3349 5409 3476 5462 lacit

1907 5503 2196 5559 luminaria
2228 5517 2420 5574 magna
2455 5503 2607 5560 solus
2625 5503 2692 5556 ³³.
2722 5520 2742 5554 ι
2770 5501 2836 5559 Et
2856 5501 3152 5573 Apostolus
3184 5517 3198 5555 :
3229 5518 3248 5551 ι
3286 5501 3424 5564 Alia,
3455 5514 3476 5550 ι
