4106 6208
713 316 807 371 Η5

1928 306 1986 363 ηδ.
2031 301 2356 361 GREGORII
2394 292 2684 355 NYSSENI

3871 274 3988 334 HG

705 430 906 497 inquit,
954 444 971 476 ι
1001 434 1085 481 est
1121 425 1346 481 claritas
1372 424 1530 490 solis,
1563 423 1667 479 alia
1700 423 1925 479 claritas
1971 424 2136 487 lunai,
2162 421 2268 476 alia

2393 416 2531 488 me‘tv
2560 416 2593 466 ὁ
2619 409 2970 470 Ἀπόστολος,
3028 420 3047 454 ι
3077 402 3185 497 καὶ·
3216 397 3355 497 ἄλλη.
3393 394 3520 497 δόξα
3544 392 3830 497 ’σελήνης
3874 395 3988 497 ,καὶ

710 517 934 572 claritas
976 516 1270 577 rstellarum
1304 534 1316 569 :
1354 514 1515 570 stella
1553 516 1700 570 enim
1743 512 1926 569 dili‘ert
1961 528 1992 568 a
2029 512 2185 569 stella
2217 511 2275 565 in

709 609 960 664 claritate
1002 607 1081 676 ³⁸;
1132 627 1151 661 ι
1200 608 1388 678 itaque
1434 608 1606 662 multa
1665 605 1806 661 lucis
1868 603 2093 660 omnino
2149 610 2277 657 sunt

708 699 1051 753 discrimina.
1082 697 1146 753 Et
1177 713 1490 769 quanquam
1515 697 1722 761 omnia,
1748 710 1870 767 quae
1891 695 2098 749 Paulus
2133 708 2301 747 enu~~

708 790 961 854 nieravit,
986 788 1295 844 illustrandi
1316 790 1425 842 vim
1457 788 1680 854 habent,
1705 796 1759 843 et
1803 800 1903 843 sua
1926 782 2277 855 unumquod-

708 897 815 951 que
882 888 1154 951 potestate
1215 879 1576 950 claritateque
1642 876 2159 949 comprehenditur,
2216 884 2282 931 ut

709 985 909 1030 cuncta
962 974 1240 1029 communi
1292 973 1514 1028 nomine
1556 972 1650 1026 lux
1699 985 1811 1026 una
1868 979 2020 1024 recte
2067 967 2281 1039 possint

710 1063 997 1134 appellari,
1044 1072 1209 1118 certae
1252 1071 1436 1118 tamen
1485 1063 1541 1117 in
1582 1060 1669 1116 bis
1705 1059 2094 1129 distinctaque
2123 1055 2279 1114 diffe-

710 1154 902 1209 rentia:
946 1159 1288 1223 spectantur.
1325 1150 1455 1218 Quae
1487 1166 1613 1206 cum
1638 1151 1715 1205 ita
1743 1165 1803 1207 se
1831 1150 2085 1214 habeant,
2117 1163 2219 1203 nos
2247 1162 2279 1201 a

714 1258 843 1299 vero
868 1244 1089 1299 minime
1118 1256 1441 1298 recessuros
1467 1240 1740 1306 existimo,
1772 1239 1819 1296 si
1857 1239 2180 1304 dixerimus,
2204 1236 2280 1292 ita

712 1335 915 1389 Mosem
971 1334 1309 1390 intellexisse
1368 1348 1383 1386 :
1452 1333 1614 1388 initio
1671 1331 1893 1402 quidem
1940 1338 2113 1385 totam
2170 1328 2277 1383 vim

713 1423 1029 1479 illustrandi
1080 1424 1135 1478 in
1181 1438 1349 1478 unum
1390 1427 1774 1493 congregatam
1817 1420 1991 1476 fuisse
2024 1440 2038 1475 :
2066 1432 2281 1480 verum.

713 1528 838 1568 cum
893 1514 1078 1568 multa:
1122 1519 1308 1569 essent
1355 1513 1410 1567 in
1476 1512 1784 1569 subtilitate
1828 1509 2279 1578 mobilitateque,

712 1612 981 1675 quantum
1046 1603 1114 1657 ad
1164 1603 1425 1673 majorem
1475 1603 1857 1670 minoremque
1906 1598 2281 1670 praestantiam

714 1695 973 1764 pertinet,
1014 1692 1067 1746 in
1098 1690 1471 1747 universitatis
1513 1701 1709 1745 natura
1748 1688 2090 1753 differentiae,
2117 1688 2282 1741 trium

2561 502 2689 566 δόξα
2741 496 3015 567 ἀστέρων·
3066 488 3240 560 ἀστὴρ
3295 485 3404 555 γὰρ
3429 481 3657 576 ἀστέρος
3694 480 3988 576 διαςίέρε.

2375 599 2432 650 ὲν
2458 568 2581 665 δόξῃ
2600 632 2615 657 ,
2652 611 2669 642 ι
2703 590 2780 653 ὼς
2805 586 3006 655 πολλῆς
3035 580 3252 642 πάντως
3269 576 3367 647 τῆς
3400 571 3621 665 κατὰτὸ
3642 570 3769 639 φῶς
3799 568 3988 665 etiam

2374 662 2656 757 διαφοράς.
2702 682 2763 733 Εἰ
2784 678 2892 749 γὰρ
2916 674 3014 728 καὶ
3040 671 3229 734 πάντα
3248 666 3505 737 φωτίζειν
3528 662 3782 732 πέφυκεν
3818 662 3939 715 ὅσα
3961 664 3988 712 ό

2376 753 2585 840 Παύλος
2619 770 3060 843 ἀπηριθμήσατο,
3088 763 3184 818 καὶ
3198 760 3429 814 ἕκαστον
3453 759 3511 810 ὲν
3541 753 3829 825 ίδιαζούσῃ
3864 754 3988 805 τινὶ

2375 868 2601 938 δυνάμει
2624 864 2717 919 καὶ
2748 860 2874 931 δόξῃ
2904 852 3419 926 καταλαμϐάνεται·
3467 843 3666 938 καλῶς
3703 846 3780 938 ἂν
3832 844 3988 938 ἔχοι,

2377 960 2436 1014 ἒν
2473 934 2588 1029 φῶς
2627 953 2696 1009 τὰ
2718 951 2893 1007 πάντα
2930 946 3074 1002 κατά
3108 944 3201 998 τὸν
3228 940 3445 1011 γενικδν
3477 934 3988 1029 ὀνομάζεσθαιᾼλό-

2378 1024 2499 1119 γον,
2515 1046 2817 1117 ἀσύγχυτον
2847 1042 2903 1095 δὲ
2924 1039 3019 1093 καὶ
3043 1032 3381 1107 διῃρημένην
3400 1030 3502 1119 τὴν
3522 1030 3578 1083 ὲν
3602 1027 3839 1119 τούτοις⁸
3855 1024 3988 1079 δια-

2380 1116 2552 1210 φορὰν
2588 1116 2833 1205 θεωρεῖν.
2873 1130 2937 1184 Εί
2970 1127 3030 1182 δὲ
3053 1125 3226 1179 ταῦτα
3247 1120 3435 1210 τοῦτον
3454 1117 3579 1210 ᾲέχει
3605 1118 3699 1171 τὸν
3731 1116 3986 1210 τρόπον,

2378 1205 2477 1283 οὐκ
2498 1228 2566 1281 ἂν
2583 1220 2736 1296 οἶμαι
2751 1219 3070 1291 διαμαρτεῖν
3094 1216 3192 1287 τῆς
3213 1207 3532 1271 ἀκολουθίας
3550 1208 3648 1278 τὴν
3678 1205 3987 1278 ἡμετέραν

2381 1316 2669 1387 ὑπόληψιν,
2682 1317 2729 1367 εί
2740 1310 2898 1366 τοῦτο
2912 1305 3277 1377 ὑπολάϐοιμεν
3289 1300 3602 1368 νενοηκέναι
3619 1298 3713 1351 τὸν
3736 1297 3980 1350 Μωσέα·

2380 1411 2463 1463 δτι
2488 1404 2769 1476 καταρχὰς
2783 1401 2881 1474 μὲν
2899 1402 3047 1455 πᾶσα
3063 1400 3095 1469 ή
3116 1392 3418 1467 φωτιστικὴ
3438 1390 3664 1459 δύναμις
3688 1389 3834 1476 πρὸς
3852 1390 3987 1441 ἐαυ-

2380 1499 2478 1571 τὴν
2494 1475 2843 1568 ἀθροισθεῖσα
2865 1491 2923 1545 ἓν
2939 1490 3156 1559 ἐγένετο
3171 1488 3308 1557 φῶςο
3327 1485 3449 1539 ἐπεὶ
3460 1484 3515 1537 δὲ
3530 1480 3700 1552 πολλή
3717 1498 3805 1543 τις
3807 1475 3891 1571 ᾖν
3916 1481 3981 1532 ἐν

2381 1567 2460 1659 τῶ
2480 1567 2657 1657 λεπτῷ
2676 1602 2738 1639 τε
2761 1582 2857 1638 καὶ
2886 1582 3154 1652 εὐκινητῳ
3182 1578 3332 1651 παρὰ
3363 1578 3425 1632 τὸ
3459 1576 3656 1649 μᾶλλον
3679 1573 3776 1627 καὶ¹
3800 1567 3979 1644 ἦττον

2384 1677 2666 1751 ήδιαφορά
2716 1677 2774 1729 ὲν
2796 1676 2861 1744 τῇ
2884 1673 2988 1727 τῶν
3008 1672 3144 1725 ὅλων
3174 1671 3332 1741 φύσει
3361 1666 3731 1741 θεωρουμένη,
3756 1664 3976 1735 ῆρκεσε

715 1786 925 1840 diorum
960 1784 1197 1854 spatium
1235 1782 1409 1837 fuisse
1436 1786 1572 1837 satis
1610 1781 1677 1835 ad
1713 1796 1834 1836 eam
1870 1795 1997 1835 vera
2030 1788 2284 1849 certaque

2393 1773 2443 1825 τὸ
2475 1772 2769 1843 τριήμερον
2806 1766 2997 1837 χρόνου
3020 1762 3321 1834 διάστημα,
3353 1761 3452 1829 τὴν
3490 1760 3720 1814 ἑκάστου
3752 1755 3975 1809 τούτων

713 1875 929 1929 ratione
963 1872 1426 1944 distinguendam,
1477 1881 1555 1939 ut,
1599 1871 1746 1942 quod
1788 1874 1846 1925 in
1893 1882 2089 1925 natura
2131 1870 2286 1941 ignea

717 1964 954 2019 maxime
997 1970 1115 2018 erat
1159 1963 1379 2025 subtile,
1425 1978 1489 2017 ac
1521 1962 1657 2028 leve,
1709 1967 1764 2016 et
1814 1976 1951 2031 pure
1984 1976 2016 2015 a
2061 1960 2287 2015 materia

715 2065 1011 2118 remotum,
1044 2068 1319 2109 summum
1362 2068 1566 2119 rerum,
1616 2069 1737 2123 qua:
1779 2053 1884 2108 sub
1929 2067 2151 2109 sensum
2193 2068 2287 2107 ca-

717 2142 876 2205 dunt,
914 2140 1195 2210 fastigium
1230 2139 1502 2195 obtineret
1531 2157 1545 2192 :
1572 2138 1675 2193 hoc
1702 2153 1830 2192 vero
1857 2137 2210 2208 intelligibilis
2234 2143 2289 2192 et

720 2231 1046 2299 incorporea
1076 2234 1272 2282 natura
1315 2225 1592 2281 admittit:
1622 2226 1768 2295 quod
1815 2233 1995 2279 autem
2036 2225 2286 2292 inertius,

721 2334 786 2374 ac
812 2317 1057 2390 segnius,
1090 2319 1231 2372 intra
1263 2315 1569 2372 subtilioris
1596 2315 1928 2385 leviorisque
1949 2315 2288 2384 complexum

720 2409 1084 2475 consisteret;
1129 2412 1185 2463 et
1221 2409 1324 2462 hoc
1360 2420 1582 2460 rursum
1620 2420 1687 2460 ex
1727 2405 1904 2460 insitae
1941 2402 2290 2475 preprietatis

719 2500 1026 2557 dili‘erentia
1059 2500 1114 2554 in
1155 2508 1362 2569 septem
1397 2498 1535 2554 lucis
1568 2505 1750 2569 partes
1785 2495 2142 2562 divideretur,
2175 2510 2292 2549 om-

722 2606 819 2646 nes
862 2582 1004 2645 inter
1044 2604 1104 2645 se
1147 2590 1355 2646 similes
1452 2596 1616 2660 atque
1665 2596 1961 2659 cognatas,
2016 2586 2292 2656 sejunctas

721 2697 905 2743 autem
936 2703 968 2742 a
998 2686 1180 2752 rebus,
1203 2701 1324 2757 quae
1340 2684 1540 2740 diversi
1562 2683 1777 2756 generis
1802 2683 1997 2738 forent.
2024 2679 2293 2737 Omnibus

720 2790 850 2847 ergo
881 2775 1185 2847 particulis,
1218 2790 1339 2846 qua:
1368 2774 1421 2828 in
1456 2774 1591 2830 solis
1640 2773 2005 2828 illustrantem
2040 2779 2292 2824 naturam

721 2867 988 2938 conjecta:
1035 2874 1205 2931 sunt,
1249 2864 1709 2921 concurrentibus
1741 2903 1756 2928 ,
1816 2877 1987 2917 unum
2034 2859 2292 2931 quiddam

676 2976 679 2979 ·
721 2974 980 3030 magnum
1007 2958 1257 3015 eﬂ‘ectum
1297 2966 1401 3014 est.
1436 2957 1593 3025 Quod
1630 2955 1818 3011 itidem
1850 2953 2030 3010 evenit
2052 2952 2107 3006 in
2143 2952 2292 3015 luna,

722 3053 1044 3119 caaterisque
1059 3059 1171 3104 tum
1189 3048 1500 3104 errantibus
1518 3054 1630 3099 tum
1648 3060 1753 3099 non
1773 3042 2081 3097 errantibus
2098 3041 2292 3103 stellis,

2385 1854 2655 1933 διάκρισιν
2692 1856 2907 1929 τρανῶς
2946 1873 3006 1910 τε
3053 1855 3147 1909 καὶ
3184 1852 3504 1922 ἀσυγχύτως
3562 1850 3657 1903 ἀπ’
3712 1846 3974 1918 ἀλλήλων

2387 1951 2735 2024 ποιήσασθαι,
2783 1948 2921 2002 ὥστε
2959 1945 3019 2001 τὺ
3061 1946 3159 2016 μὲν
3183 1944 3367 2015 ἄκρως
3396 1941 3590 1995 λεπτόν
3611 1956 3672 1992 τε
3708 1939 3806 1992 καί⁵
3833 1935 3972 1990 κοῦ-

2388 2061 2487 2114 φον
2508 2043 2606 2112 τῆς
2633 2038 2911 2111 πυρώδους
2923 2035 3133 2100 οὐσίας,
3150 2034 3245 2087 καὶ
3272 2029 3527 2102 καθαρῶς
3559 2029 3719 2083 άῦλον
3737 2067 3753 2091 ,
3785 2029 3845 2081 ὲν
3885 2025 3971 2094 τῷ

2388 2133 2673 2205 ἀκροτάτῳ
2711 2126 2959 2199 γενέσθαι
2994 2126 3093 2194 τῆς
3136 2123 3402 2195 αἰσθητῆς
3444 2122 3676 2182 κτίσεως
3723 2119 3899 2189 (ὅπερ
3930 2118 3969 2185 ἡ

2387 2224 2551 2294 νοητή
2597 2237 2656 2273 τε
2691 2218 2783 2271 καὶ
2824 2214 3113 2285 ἀσώματος
3163 2212 3464 2280 διαδέχεται
3507 2208 3697 2279 φύσις)
3722 2225 3736 2238 ·
3790 2208 3853 2259 τὸ
3906 2205 3969 2258 δὲ

2389 2310 2684 2385 ἀργότερόν
2743 2325 2800 2360 τε
2839 2305 2935 2360 καὶ
2972 2302 3408 2375 ναρκωδέστερον
3457 2299 3635 2365 ἅπαν,
3681 2296 3833 2360 ἐντὸς
3862 2295 3969 2364 τῆς

2390 2403 2652 2477 περιοχῆς
2700 2398 2794 2454 τοῦ
2836 2395 3034 2451 λεπτοῦ
3086 2411 3147 2447 τε
3187 2392 3284 2446 καὶ
3320 2390 3522 2459 κούφου
3556 2386 3684 2458 περὶ
3761 2387 3964 2440 ἑαυτοῦ

2391 2474 2678 2565 συστῆναι·
2718 2489 2876 2545 τοῦτο
2914 2487 2971 2540 δὲ
3032 2484 3192 2539 πάλιν
3236 2484 3376 2537 κατά
3416 2481 3513 2551 τὴν
3554 2474 3821 2547 διαφορὰν
3862 2475 3965 2541 τῆς

2392 2585 2717 2657 ἐγκειμένης
2750 2579 2896 2651 αὐτῷ
2920 2579 3178 2647 ἰδιότητος
3208 2574 3417 2644 ὲπταχῆ
3445 2570 3789 2644 μερισθῆναι’
3820 2567 3965 2620 πάν-

2391 2699 2499 2736 των
2543 2679 2650 2732 τῶν
2694 2672 3036 2744 καταλλήλων
3079 2686 3139 2721 τε
3180 2667 3275 2721 καὶ
3313 2663 3597 2735 ὁμοφύλων
3637 2658 3730 2712 τοῦ
3785 2656 3964 2726 φωτὸς

2397 2774 2599 2845 μορίων
2647 2767 2893 2839 ἀλλήλοις
2915 2762 3057 2818 κατά
3077 2761 3138 2814 τὸ
3160 2757 3417 2828 συγγενὲς
3441 2772 3503 2808 συ
3512 2752 3805 2845 μᾼφυέντων
3810 2789 3842 2845 ,⁸
3867 2746 3967 2800 καὶ

2535 2862 2640 2916 τῶν
2677 2837 3005 2930 ἑτερογενῶς
3041 2851 3272 2923 ἐχόντων
3316 2843 3719 2915 διακριθέντων.
3773 2837 3965 2930 Οὕτως

2394 2952 2487 3011 οὖν
2510 2956 2631 3008 ὅσον
2668 2954 2722 3004 ὲν
2754 2928 2821 3021 τῇ
2855 2945 3156 3018 φωτιστικῇ
3183 2938 3338 3010 οὐσίᾳ
3368 2938 3464 3007 τῆς
3487 2932 3715 3021 ἡλιακῆς
3747 2928 3967 3021 φύσεως

2396 3013 2821 3110 ίὲνεσπαρμένων⁷
2845 3013 3060 3086 πάντων
3089 3028 3197 3081 τῶν
3237 3024 3441 3095 μορίων
3477 3019 3678 3072 τούτων
3710 3016 3845 3110 πρὸς
3870 3013 3964 3110 άλῗ

723 3150 783 3195 ιιι
808 3141 1067 3195 similium
1093 3139 1362 3208 Cujusquc
1388 3136 1781 3208 particularum
1800 3147 2105 3188 concursus
2129 3147 2290 3186 unam

2394 3133 2530 3205 ληλα
2552 3126 2981 3198 συνδραμόντων,
3006 3120 3062 3173 ἓν
3107 3117 3249 3189 μέγα
3305 3112 3518 3182 ἐγένετο
3539 3125 3554 3141 ⁸
3584 3107 3841 3169 ὡσαύτως
3868 3104 3965 3156 καὶ

725 3229 964 3297 aliquam
996 3241 1184 3281 earum
1213 3225 1479 3291 eliiceret;
1509 3231 1671 3293 atque
1700 3224 1777 3278 ita
1809 3230 2000 3276 omnes
2033 3219 2297 3276 confectae

724 3326 877 3374 sunt.
922 3317 1226 3372 Contentus
1268 3324 1447 3371 autem
1472 3314 1671 3382 Moses,
1699 3330 1763 3371 ex
1791 3315 1857 3368 iis
1885 3313 2153 3368 luminare
2176 3322 2298 3367 tan-

725 3416 839 3462 tum
871 3406 1048 3476 majus
1076 3415 1131 3462 et
1170 3406 1437 3461 luminare
1472 3406 1656 3461 minus
1705 3405 2041 3468 nominasse,
2070 3412 2297 3459 caeteras

723 3512 916 3554 omnes
950 3497 1224 3551 communi
1288 3497 1507 3553 nomine
1550 3497 1736 3553 stellas
1787 3496 2097 3566 appellavit.
2139 3494 2295 3560 Quod

734 3598 919 3645 autem
949 3588 1209 3659 fatigetur
1240 3604 1395 3645 mens
1423 3597 1632 3657 nostra,
1652 3598 1707 3644 et
1730 3590 1967 3660 pondere
1988 3603 2088 3643 suo
2107 3603 2295 3658 pressa

733 3698 846 3738 non
882 3682 1055 3752 possit
1100 3681 1298 3737 divinae
1346 3681 1628 3753 sapientia!
1665 3681 2020 3737 subtilitatem
2054 3680 2295 3749 assequi,

723 3789 887 3830 nemo
932 3773 1265 3837 admiretur,
1325 3772 1421 3828 sed
1477 3780 1683 3827 naturae
1727 3778 1929 3827 nostra:
1977 3770 2297 3825 tenuitatem

724 3872 994 3933 excuset;
1045 3880 1167 3920 cum
1204 3875 1313 3936 qua
1354 3864 1617 3935 praeclare
1658 3864 1858 3933 agitur,
1908 3877 2017 3916 non
2059 3860 2105 3915 si
2149 3860 2297 3913 nulla

724 3960 780 4013 in
814 3965 865 4013 te
917 3958 1281 4025 aberraverit,
1328 3957 1427 4014 sed
1472 3958 1520 4013 si
1564 3957 1648 4013 vel
1700 3972 1863 4010 unam
1906 3954 2167 4025 consequi
2202 3968 2301 4023 po-

724 4050 913 4104 tuerit.
958 4047 1086 4104 Haec
1135 4056 1316 4105 autem
1350 4047 1497 4117 dico,
1533 4047 1664 4103 illuc
1694 4046 2019 4117 respiciens,
2059 4060 2179 4114 qua:
2229 4044 2300 4098 sit

724 4140 866 4194 ratio
914 4138 1081 4209 hujus
1104 4142 1271 4193 trium
1322 4137 1540 4195 dierum
1576 4137 1761 4209 spatii,
1795 4135 1942 4206 quod
1974 4135 2108 4191 satis
2136 4133 2300 4188 fuerit

725 4231 791 4286 ad
846 4246 909 4285 ea
959 4229 1372 4301 distinguenda,
1407 4245 1528 4300 qua:
1560 4229 1683 4284 luce
1727 4226 1953 4299 praadita
2010 4233 2161 4280 sunt.
2202 4222 2301 4279 Est

723 4322 868 4375 enim
902 4323 1084 4394 aliqua
1132 4322 1392 4377 nimirum
1435 4322 1607 4386 ratio,
1651 4320 1778 4375 licet
1817 4316 2167 4389 praestantior
2204 4316 2298 4381 sit,

726 4428 888 4480 quam
928 4420 988 4466 ut
1019 4428 1137 4467 eam
1171 4428 1272 4469 nos
1296 4413 1602 4481 intelligere
1628 4411 1928 4473 valeamus,
1960 4424 2067 4480 qua
2088 4417 2299 4478 tempo-
2330 4444 2376 4501 Β

724 4504 805 4555 ris
858 4502 1021 4570 hujus
1070 4518 1330 4557 mensura
1360 4504 1524 4559 rebus
1554 4502 1756 4557 lucidis
1778 4500 2136 4573 disponendis
2163 4515 2300 4570 prte-

729 4592 930 4655 scripta
962 4598 1066 4656 est,
1116 4592 1364 4649 adhibito
1408 4596 1675 4665 temporis
1706 4594 1869 4649 modo
1913 4601 1967 4649 et
1998 4594 2301 4664 quantitate

732 4682 969 4737 actionis
1002 4682 1145 4751 ignis
1168 4682 1221 4737 in
1247 4691 1420 4749 motu,
1453 4686 1707 4756 factaque
1737 4686 1875 4743 lucis
1906 4684 2179 4741 divisione
2203 4698 2300 4754 pro

732 4786 920 4826 earum
954 4783 1181 4835 natura,
1222 4773 1359 4829 adeo
1402 4782 1496 4842 ut,
1529 4790 1653 4829 cum
1695 4777 1808 4831 sint
1842 4777 1897 4831 in
1932 4778 2012 4832 eis
2044 4775 2299 4830 innume-

731 4861 933 4917 rabiles
971 4860 1308 4927 differentias,
1350 4865 1407 4919 in
1458 4880 1559 4920 suo
1603 4873 1785 4920 tamen
1832 4867 2062 4938 singula:
2109 4866 2218 4921 situ
2272 4880 2302 4920 a

734 4954 971 5007 naturali
1018 4955 1351 5026 proprietate
1395 4956 1675 5011 collocatae
1720 4957 1851 5022 sint,
1898 4974 2007 5028 quo
2041 4958 2301 5012 nimirum

735 5050 945 5098 natum
986 5044 1070 5100 vis
1122 5044 1283 5100 insita
1328 5047 1572 5118 singulas
1616 5046 1789 5102 duxit.
1846 5046 1959 5103 Nec
2012 5048 2123 5100 ulla
2171 5063 2303 5101 con-

735 5142 923 5188 secuta
971 5136 1223 5193 confusio
1266 5148 1371 5203 est,
1420 5148 1514 5195 aut
1539 5140 1896 5211 perturbatio,
1936 5145 2159 5208 propter
2211 5152 2303 5190 or-

735 5224 916 5279 dinem
966 5243 997 5281 a
1046 5227 1228 5284 divina
1282 5229 1551 5301 sapientia
1607 5244 1705 5301 pro
1752 5227 1991 5283 naturali
2038 5225 2306 5295 cujusque

737 5319 1067 5385 proprietate
1110 5320 1339 5392 singulis
1394 5319 1722 5387 adhibitum,
1790 5318 2206 5382 immutabilem,
2247 5322 2308 5370 ut

736 5408 1075 5475 superiorem
1116 5412 1393 5481 regionem
1429 5411 1669 5467 circulus
1718 5409 2015 5480 obliquus,
2077 5424 2172 5465 seu
2234 5407 2308 5461 si-

738 5496 915 5569 gnifer
962 5512 1279 5572 occuparet,
1334 5504 1387 5559 in
1438 5503 1543 5558 hoc
1607 5512 1789 5559 autem
1854 5510 2058 5581 certam
2114 5513 2307 5561 unum-

810 5662 853 5695 “
891 5662 1051 5718 lCor.
1089 5678 1141 5729 v,
1166 5618 1265 5716 sil.

2396 3196 2489 3278 ἐπὶ
2521 3225 2620 3293 τῆς
2662 3196 2891 3288 σελήνης
2918 3213 3009 3267 καὶ
3031 3212 3118 3280 ἐφ’
3140 3208 3368 3262 ἑκάστου
3395 3204 3501 3257 τῶν
3531 3200 3702 3255 ἄλλων
3729 3196 3835 3250 τῶν
3858 3212 3961 3247 πε-

2396 3287 2753 3384 πλανημένων
2781 3287 2896 3361 καὶ
2923 3302 3031 3358 τῶν
3065 3294 3577 3368 κατεστηριγμένων
3616 3289 3885 3384 ἀστέρωι,
3924 3287 3962 3355 ἠ

2396 3408 2531 3479 πρὸς
2560 3378 2628 3458 τά
2649 3398 2881 3473 ὁμογενῆ
2906 3395 3014 3448 τῶν
3036 3392 3265 3447 ἑκάστου
3288 3387 3491 3460 μορίων
3512 3378 3880 3479 συνδρομὴῖἓν
3906 3395 3960 3429 τι

2395 3470 2502 3551 τῶν
2524 3470 2858 3565 φαινομένων
2880 3486 3152 3556 εποίησεν·
3177 3481 3269 3534 καὶ
3288 3479 3429 3532 οὕτω
3448 3476 3516 3530 τὰ
3531 3477 3705 3528 πάντα
3720 3470 3957 3539 ἐγένετο.

2410 3588 2468 3642 'H
2479 3561 2748 3660 ρκέσθηδὲ
2769 3583 2796 3634 ό
2821 3580 2989 3652 μέγας
3008 3574 3215 3645 Μωσῆς
3232 3572 3301 3625 τά
3312 3565 3706 3660 γνωριμώτερα
3725 3562 3881 3660 μόνον
3902 3561 3960 3660 εν

2395 3649 2607 3743 τούτοις
2641 3649 3045 3743 κατονομάσας,
3086 3667 3180 3720 τὸν
3220 3664 3391 3736 μέγαν
3428 3658 3687 3729 φωστῆρα
3734 3653 3827 3706 καὶ
3866 3649 3960 3743 τὸν

2397 3774 2635 3836 ἐλάσσω,
2665 3768 2731 3821 τά
2756 3742 2889 3821 ἄλλα
2931 3762 3107 3816 πάντα
3138 3756 3371 3828 γενικῶς
3407 3750 3722 3824 προσειπεῖν
3753 3743 3829 3814 τῷ
3848 3742 3958 3836 τῶν

2397 3832 2641 3932 ἀστέρων
2666 3858 2906 3927 ὀνόματι.
2929 3851 3065 3905 Ειδι
3086 3842 3443 3919 κάμνῃήμῶν
3474 3836 3639 3932 me
3662 3837 3751 3932 vos
3784 3832 3959 3932 τεῳ-

2397 3971 2516 4024 της,
2536 3925 2616 4022 ’μὴ
2638 3925 2911 4018 δυναμένη
2939 3945 3005 4014 τῇ
3029 3939 3316 4009 λεπτότητι
3343 3929 3673 4024 συνεξελθεῖν
3693 3928 3788 3997 τῆς
3809 3925 3955 4024 θείας

2402 4014 2625 4108 σοφίας,
2661 4014 2948 4101 ξενιζέσθω
2989 4029 3087 4100 μὲν
3137 4025 3323 4096 μηδεὶς
3363 4021 3499 4093 πρὸς
3540 4018 3639 4089 τὴν
3664 4014 3956 4108 ,πτωχείαν

2396 4105 2495 4201 τῆς
2528 4128 2741 4197 φύσεως
2770 4122 2925 4196 ἡμῶν
2951 4118 3329 4181 άποὸλέπων⁶,
3425 4106 3706 4201 ἀγαπητόν
3732 4108 3874 4160 ἐστιν
3896 4105 3957 4201 οὐ

2399 4199 2462 4277 τδ
2493 4218 2719 4291 μηδενὸς
2763 4213 3100 4285 διαμαρτεῖν,
3129 4208 3265 4265 ἀλλά
3292 4206 3353 4260 τὸ
3375 4204 3490 4267 ἐνὸς
3522 4200 3651 4271 γοῦν
3688 4199 3959 4291 ἐπιτυχεῖν

2399 4288 2713 4384 δυνηθῆναι.
2748 4305 2935 4361 Ταῦτα
2972 4304 3029 4358 δέ
3061 4319 3202 4372 φημι
3250 4298 3385 4369 πρὸς
3406 4296 3581 4349 ἐκεῖνο
3621 4290 3847 4384 βλέπων,
3876 4288 3959 4384 τίς

2400 4406 2429 4461 ὁ
2449 4374 2605 4471 λόφος
2639 4397 2732 4453 τοῦ
2769 4414 2893 4468 τριη
2903 4393 2967 4466 μέ
2976 4409 3068 4464 ρου
3088 4389 3278 4443 τούτου
3304 4384 3687 4452 διαστήματος,
3710 4377 3845 4471 ὥστε
3868 4374 3958 4471 τδν

2404 4465 2655 4547 τοσοῦτον
2705 4465 2896 4559 χρόνον
2938 4481 3169 4555 ἀρκέσαι
3218 4477 3356 4549 πρὸς
3387 4473 3485 4545 τὴν
3515 4472 3739 4524 ἑκάστου
3767 4465 3958 4559 τῶνλὲν

2404 4583 2482 4654 τῷ
2505 4580 2644 4653 φωτί⁸
2666 4556 3050 4650 θεωρουμένων
3073 4570 3362 4641 διάκρισιν.
3400 4565 3566 4654 Δῆλον
3585 4559 3807 4654 γάρ-ὃτι
3829 4556 3963 4654 πάν-

2403 4645 2529 4735 τως.
2551 4669 2665 4724 ὲστί
2699 4645 2789 4731 τις
2815 4645 2999 4733 λόγος,
3045 4659 3146 4715 κᾶν
3184 4656 3444 4729 κρείττων
3552 4650 3650 4721 τῆς
3698 4645 3963 4719 ἡμετέρας

2405 4763 2682 4832 ἐπόψεως,
2724 4755 2845 4811 καθ’
2894 4754 2953 4807 ὃν
2989 4748 3275 4821 συμϐαίνει
3302 4745 3363 4799 τὸ
3397 4745 3614 4816 μέτριον
3644 4738 3734 4832 τοῦ
3772 4737 3959 4832 χρόνου

2408 4825 2595 4909 τούτου
2648 4850 2780 4919 πρὸς
2825 4846 2923 4916 τὴν
2968 4844 3236 4912 διάκρισιν
3263 4838 3361 4909 τῆς
3399 4829 3728 4904 φωτιστικῆς
3756 4825 3961 4919 οὐσίας,

2407 4948 2472 5015 τῇ
2501 4916 2884 5015 μεμετρημένῃ
2914 4930 3212 5003 παρατάσει
3231 4926 3325 4981 τοῦ
3351 4924 3564 4997 χρόνου,
3592 4921 3685 4974 καὶ
3717 4917 3795 5015 τῶ
3816 4916 3967 5015 ποσιξ»

2406 5007 2655 5106 κατά
2787 5007 2994 5097 κίνησιν
3012 5021 3105 5076 τοῦ
3123 5020 3292 5092 πυρὸς
3307 5015 3602 5088 ἐνεργείας,
3619 5012 3715 5082 τῆς
3730 5008 3834 5106 τῶν
3855 5007 3973 5077 φώ-

2412 5101 2514 5181 των
2528 5123 2808 5193 διαστολῆς
2859 5122 2915 5173 ἒν
2947 5122 3014 5189 τῇ
3055 5115 3163 5169 τῶν
3200 5110 3503 5183 φωστήρων
3530 5101 3970 5193 ίδιότητιδιαιρε-

2414 5218 2620 5288 θείσης,
2648 5191 2786 5270 ὥστε
2810 5212 2907 5275 τὰς
2931 5208 3191 5280 ἀπείρους
3218 5201 3420 5265 ταύτας
3440 5197 3551 5253 τῶν
3571 5194 3759 5288 φώτων
3780 5191 3969 5288 διαφοι-

2416 5309 2514 5380 ράς
2548 5280 2684 5378 πρὸς
2704 5306 2801 5375 τὴν
2820 5302 3025 5355 οἰκείαν
3053 5297 3198 5350 θέσιν
3215 5293 3449 5363 ἑκάστην
3471 5284 3843 5357 ἀποκριθῆναι,
3864 5280 3972 5334 ὑπὸ

2412 5376 2510 5469 τῆς
2535 5376 2769 5468 φύσικῆς
2816 5393 3075 5464 ίδιότητος
3126 5390 3245 5443 ἐκεῖ
3287 5384 3600 5457 ταχθείσας,
3645 5376 3843 5469 ὃπουᾼή
3875 5377 3967 5469 ἑλί-

2418 5466 2643 5564 κειμένη
2682 5486 2882 5558 φυσικὴ
2905 5484 3131 5555 δύναμις
3189 5478 3427 5548 ἑκάστην
3453 5475 3683 5549 ἤγαγεν,
3710 5466 3970 5543 μηδεμιᾶς
