4106 6208
324 252 426 309 117
1584 263 1653 320 ΙΝ
1693 266 1909 323 ΗΕΧΑΞ

2011 267 2169 325 ΞΒΟΝ
2208 269 2434 325 LIBER.
3506 274 3604 330 ΗΒ

319 378 389 428 ἐν
418 394 634 442 τούτοις
675 378 922 446 ἀταξίας,
963 381 998 453 ἢ
1043 383 1358 454 συγχύσεως
1393 388 1712 459 γενομένης.
1739 389 1825 451 δ,ιά
1856 391 1909 444 τδ

2020 392 2272 463 quodque
2323 392 2541 462 signum
2583 393 2766 449 sedem
2814 392 3126 458 obtineret,
3177 392 3231 446 in
3278 392 3450 462 signis
3478 404 3606 443 vero

323 467 621 542 κεκρίσθαι
657 472 718 524 ὲν
745 473 933 537 αὐτοῖς
976 476 1043 528 ὲκ
1073 475 1224 541 θείας
1266 477 1478 548 σοφίας,
1522 481 1663 534 κατά
1708 482 1805 553 τὴν
1834 485 1909 537 ὲν-

2027 485 2258 555 singulis
2305 485 2476 539 stellae
2507 501 2618 538 non
2661 483 2910 548 fortuito,
2944 484 3039 539 sed
3076 483 3270 537 ordine
3315 482 3431 536 suis
3457 495 3606 550 qua:-

321 560 577 616 τεθεῖσαν
599 563 815 635 ἑκάστῳ
850 567 1086 638 φυσικὴν
1119 568 1376 639 ἰδιότητα,
1421 571 1519 639 τὴν
1563 573 1909 643 ἀπαράϐατοι

2027 591 2132 644 que
2165 575 2301 630 locis
2331 575 2760 639 collocarentur,
2807 573 3173 644 aequabilique
3196 588 3259 626 ac
3291 571 3523 626 naturali
3551 571 3604 626 vi

321 652 503 717 τάξιν.
537 652 680 707 ὥστε
705 654 806 727 τὴν
831 657 932 726 μὲν
959 659 1225 712 ἀνωτάτω
1249 657 1436 732 χῶραν
1460 663 1704 734 ἐπισχεῖν
1738 668 1909 721 ἐκεῖνο

2032 679 2130 718 sua
2155 664 2422 730 adductae,
2456 664 2766 719 immobiles
2787 680 2851 718 ac
2883 664 3052 718 ﬁrmae
3077 671 3482 732 permanerent,
3507 660 3606 717 ubi

320 743 396 797 τὰ
422 745 606 816 πάσης
639 747 957 819 ἀνωφεροῦς
983 748 1172 814 οὐσίας
1232 750 1658 824 ἀνωφερέστερα
1678 770 1691 782 ·
1727 757 1820 808 καὶ
1862 759 1909 809 ὲκ.

2028 757 2393 824 procreatoris
2436 757 2704 827 sapientia
2734 755 3146 828 prmscribebat.

320 832 557 898 ὲκείνοις
580 835 745 890 πάλιν
775 837 810 908 ἢ
846 841 905 891 ὲν
946 838 1028 909 τῷ
1057 841 1206 911 μέσῳ
1252 841 1537 912 ταχθῆναι,
1574 843 1605 914 ἢ
1647 844 1797 898 νότια
1827 863 1918 914 γε-

317 925 512 979 νέσθαι
538 928 683 993 τινὰ,
716 929 917 1001 ἢπρὺς
961 932 1182 1002 ἄρκτια,
1241 934 1274 1003 ἢ
1328 933 1426 1004 τὴν
1473 934 1673 1004 μεταξὺ
1700 934 1883 1013 χώραν
1940 939 2354 1012 καταλαϐεῖν,ἧ
2407 943 2498 996 τὸν
2547 943 2831 1012 γαλαξίαν,
2889 941 2922 1014 ἢ
2966 942 3057 997 τὸν
3101 939 3360 1007 ζωδιακὸν
3412 940 3607 994 κύκλον

317 1016 741 1088 ἀναπληρῶσαι,
771 1021 867 1074 καὶ
925 1022 1090 1077 πάλιν
1129 1024 1190 1078 ἐν
1235 1024 1432 1094 τούτῳ,
1474 1025 1508 1097 ἢ
1542 1026 1803 1097 ταύτηνῆ
1835 1027 1934 1098 τὴν
1961 1030 2152 1102 ἑτέραν
2199 1031 2291 1086 τοῦ
2335 1033 2534 1106 ἄστρου
2567 1033 2912 1108 περιγραφὴν
2957 1032 3394 1105 ἀπεργάσασθαι,
3427 1033 3521 1085 καὶ
3549 1033 3608 1086 ὲν

315 1112 401 1181 τῷ
425 1112 613 1184 ἄστρῳ
645 1115 830 1182 πάλιν,
856 1115 932 1188 μὴ
960 1118 1104 1172 κατά
1130 1118 1191 1172 τὸ
1213 1119 1516 1190 αὐτόματον
1560 1120 1790 1175 ἕκαστον
1845 1122 1950 1176 τῶν
1981 1125 2039 1177 ἐν
2077 1125 2155 1196 τῷ
2191 1128 2426 1198 σχήματι
2469 1128 2737 1200 κειμένων
2796 1129 3030 1200 ἄστρων,
3074 1128 3107 1198 ἢ
3143 1121 3244 1182 ὦδε
3274 1127 3307 1198 ἢ
3350 1120 3451 1180 ὧδε
3507 1126 3607 1196 τὴν

315 1205 474 1259 θέσιν
520 1207 685 1278 ἔχειν,
721 1209 858 1264 ἀλλά
889 1211 1160 1282 ίσομερῶς
1199 1213 1492 1285 ἐγκειμένη
1533 1214 1681 1286 αὐτῷ
1717 1215 1917 1287 ἰδιότης
1945 1219 2253 1290 ἀπήγαγεν,
2309 1223 2426 1276 ἐκεῖ
2478 1222 2660 1294 μένειν
2693 1225 2751 1278 ὲν
2795 1223 3115 1295 ἀμεταθέτῳ
3161 1226 3230 1295 τῇ
3290 1222 3604 1293 παγιότητι,

313 1301 389 1368 τῇ
429 1300 533 1370 τῆς
575 1301 713 1364 ἰδίας
743 1301 960 1371 φύσεως
988 1304 1237 1375 δυνάμει,
1282 1305 1424 1360 κατὰ
1455 1307 1554 1378 τὴν
1593 1308 1686 1361 τοῦ
1724 1311 2088 1381 πεποιηκότος
2148 1315 2342 1384 σοφίαν
2394 1316 2915 1388 περικρατούμενον.
3323 1309 3359 1332 λ’

392 1389 581 1444 ταῦτᾶ
605 1392 721 1444 ἐστι
749 1393 847 1446 καὶ
871 1393 943 1447 τὰ
971 1394 1216 1463 τοιαῦτα,
1247 1398 1384 1469 πρὸς
1410 1398 1446 1454 ἀ
1479 1399 1696 1470 βλέπων
1723 1403 1752 1454 ό
1795 1402 1909 1467 νοῦς

2095 1405 2222 1462 Haec
2259 1418 2311 1464 et
2351 1410 2550 1466 similia
2585 1419 2714 1466 sunt
2747 1425 2811 1465 ea
2842 1424 2966 1480 quae
2995 1424 3154 1465 mens
3183 1409 3456 1480 aspiciens
3493 1409 3603 1465 ha:-

320 1481 584 1554 ῑλλιγγιᾷ,
604 1485 695 1538 καὶ
724 1485 825 1556 τῆς
848 1485 986 1551 ἰδίας
1005 1488 1232 1554 νωθείας
1255 1489 1714 1563 καταψηφίζεται,
1736 1495 1810 1564 μὴ
1830 1493 1909 1548 δυ-

2025 1498 2176 1563 sitat,
2214 1507 2269 1554 et
2295 1500 2730 1558 imbecillitatem
2757 1517 2822 1558 ac
2855 1501 3141 1572 segnitiem
3170 1516 3327 1557 suam
3355 1510 3599 1567 accusat,

315 1572 549 1663 vdpevog
562 1573 805 1646 ἐξευρεῖν
820 1576 911 1630 τὸν
925 1578 1103 1647 λόγον,
1119 1581 1236 1645 πῶς
1251 1583 1284 1653 ή
1302 1583 1425 1654 τριή
1435 1601 1500 1653 με
1509 1601 1597 1655 ρος
1613 1584 1708 1638 τοῦ
1723 1586 1909 1656 χρόνου

2023 1588 2170 1658 quod
2218 1592 2486 1647 rationem
2530 1593 2844 1663 excogitare
2898 1608 3007 1648 non
3056 1592 3254 1663 possit,
3305 1607 3414 1662 qua
3461 1607 3599 1663 pra:-

316 1660 631 1754 παράτασις
645 1663 783 1754 πρὸς
794 1663 895 1736 τὴν
909 1667 1178 1722 τοσούτων
1197 1670 1444 1741 ἀστέρων
1463 1672 1734 1744 διάκρισιν
1750 1675 1909 1746 ἦρκε-

2022 1681 2236 1736 ﬁnitum
2290 1683 2450 1736 trium
2496 1660 2712 1738 dierum
2763 1683 3002 1754 spatium
3053 1660 3123 1738 ad
3181 1690 3265 1737 tot
3320 1660 3600 1738 stellarum

319 1767 443 1814 σεν,
468 1751 504 1821 ἢ
528 1753 744 1870 πῶς
761 1756 862 1827 τὴν
884 1757 1115 1828 ἄπειρον
1136 1759 1236 1830 τῆς
1255 1761 1528 1829 ἀπλανοῦς
1548 1766 1782 1836 σφαίρας
1807 1767 1909 1822 τῶν

2021 1772 2431 1828 distinctionem
2469 1774 2604 1830 satis
2632 1751 2833 1829 fuerit:
2864 1783 2958 1829 aut
2989 1774 3283 1844 quomodo,
3319 1790 3443 1829 cum
3478 1774 3599 1829 inli—

316 1841 621 1928 ⁸ιτεριγείων
641 1843 937 1899 ὑπόστασιν
959 1848 1017 1900 ὲν
1041 1847 1188 1920 μέσῳ
1206 1850 1298 1904 τοῦ
1317 1854 1516 1918 παντὸς
1531 1853 1914 1928 διαστήματος,

316 1930 428 2002 τὴν
457 1925 685 2005 ἡλιακὴν
712 1934 867 2004 φύσιν
928 1939 963 2008 ἡ
1007 1940 1216 2010 μεγάλη
1257 1942 1351 1996 τοῦ
1391 1944 1527 1999 Θεοῦ
1584 1925 1745 2016 σοφία
1785 1965 1918 2001 κατ-

325 2021 549 2094 ἐταξεν,
580 2026 655 2088 ὡς
698 2027 762 2081 ἂν
800 2027 870 2100 μὴ
911 2030 1136 2095 τελείως
1179 2037 1238 2089 ἐν
1274 2033 1353 2107 τῷ
1391 2038 1568 2110 σκότῳ
1594 2039 1914 2111 διαὸιῶμεν,

328 2116 438 2187 τῆς
471 2119 536 2171 ἑκ
559 2117 665 2172 τῶν
686 2119 896 2191 ἄστρων
921 2123 1390 2198 ἀπαυγαζομένης
1419 2129 1762 2202 λαμπηδόνος
1787 2133 1917 2205 πρὶν

320 2208 362 2280 ἢ
384 2211 466 2272 είς
488 2211 634 2280 ἡμᾶς
662 2211 835 2267 ἐλθεῖν
863 2214 1321 2290 ὲνδαπανωμένης
1352 2219 1431 2291 τῷ
1453 2222 1655 2292 μεταξὺ
1691 2225 1916 2296 διαστή-

325 2318 482 2370 ματι.
518 2296 592 2356 υῦ
613 2304 773 2375 χάριν
796 2307 898 2378 τὴν
927 2309 1306 2384 ὲκλαμπτικὴν
1326 2313 1426 2386 τῆς
1446 2314 1681 2386 ἡλιακῆς
1702 2317 1916 2387 φύσεως

317 2391 553 2464 δύναμιν
599 2395 855 2450 τοσοῦτον
928 2401 1090 2471 ήμῶν
1137 2403 1510 2476 ὑπερέθηκεν,
1577 2406 1718 2461 ὥστε
1777 2411 1915 2482 μήτε

318 2483 705 2555 ἀμαυροῦσθαι
726 2489 831 2559 τὴν
859 2490 1152 2564 ἀκτῖνατῷ
1183 2495 1362 2568 πολλῷ
1393 2497 1744 2571 διαστήματι,
1775 2501 1915 2572 μήτε

314 2576 406 2644 τῷ
430 2577 570 2644 ἄγαν
595 2583 992 2656 προσεγγισμῷ
1021 2583 1269 2658 λυπηρὰν
1299 2583 1458 2656 εἶναι,
1493 2589 1529 2661 ἢ
1569 2592 1690 2654 πῶς
1720 2592 1779 2645 τὸ
1803 2592 1914 2646 ὑλι-

320 2671 564 2742 κώτερόν
593 2690 653 2725 τε
681 2675 780 2727 καὶ
815 2677 1126 2749 παχύτερον
1155 2683 1220 2734 ὲκ
1257 2681 1368 2744 τῶν
1391 2682 1821 2755 ὑπερκειμένων,
1853 2685 1914 2738 τὸ

324 2763 606 2833 σεληναῖον
637 2767 798 2837 σῶμά
831 2785 997 2840 φημι,
1037 2771 1175 2843 πρὸς
1201 2773 1263 2826 τὸ
1292 2774 1603 2846 κατώτερω
1639 2778 1914 2832 κατεσπά-

326 2852 447 2923 σθη,
471 2855 566 2907 καὶ
584 2856 676 2910 τὸν
702 2859 981 2929 περίγειον
998 2861 1174 2933 χῶρον
1195 2866 1485 2934 περιπολεῖ
1502 2881 1516 2895 °
1543 2857 1604 2917 οῦ
1636 2867 1774 2936 μέση
1797 2884 1913 2931 πως

321 2943 614 3016 θεωρεῖται
652 2950 685 3018 ἡ
717 2950 899 3018 φύσις,
929 2953 1029 3023 τῆς
1048 2970 1110 3006 τε
1149 2955 1454 3030 ἀλαμποῦς,
1490 2959 1584 3011 καὶ
1611 2959 1710 3029 τῆς
1741 2977 1910 3028 φωτι-

321 3039 520 3107 στικῆς
545 3039 827 3111 δυνάμεως
869 3044 1012 3098 κατὰ
1052 3045 1113 3098 τὸ
1149 3049 1260 3102 ῐσον
1306 3048 1628 3119 μετέχουσα.
1663 3051 1776 3121 Τὴν
1811 3051 1912 3122 μὲν

2018 1863 2132 1918 nita
2162 1872 2306 1920 esset
2335 1865 2629 1920 inerrantis
2659 1865 2882 1935 sphaerae
2913 1865 2980 1919 ab
3020 1865 3086 1920 iis
3130 1881 3250 1935 qua:
3289 1874 3417 1921 sunt
3450 1868 3597 1920 circa

2018 1964 2218 2011 terram
2241 1955 2520 2022 distantia,
2549 1957 2602 2011 in
2630 1955 2813 2012 medio
2840 1953 3030 2011 mundi
3060 1957 3237 2027 spatio
3273 1971 3472 2028 magna
3505 1956 3596 2013 Dei

2017 2045 2290 2116 sapientia
2341 2047 2512 2102 solem
2561 2046 2938 2112 constituerit,
2995 2062 3086 2110 ne,
3136 2061 3261 2101 cum
3311 2046 3596 2101 stellarum

2018 2137 2278 2207 splendor
2310 2148 2534 2208 propter
2582 2139 2910 2194 immensum
2949 2137 3304 2193 intervallum
3357 2147 3484 2192 ante
3509 2138 3598 2194 de-

2019 2229 2186 2292 ﬁciat,
2218 2244 2386 2298 quam
2412 2228 2477 2283 ad
2523 2243 2626 2286 nos
2659 2228 2950 2300 pervenire
2995 2229 3194 2299 possit,
3232 2230 3286 2284 in
3315 2231 3595 2300 perpetuis

2018 2320 2262 2377 tenebris
2301 2321 2632 2376 viveremus.
2684 2320 3073 2391 Splendentem
3113 2321 3283 2392 igitur
3315 2319 3450 2377 solis
3484 2323 3594 2376 vim

2016 2409 2094 2465 ita
2133 2427 2302 2482 supra
2354 2428 2457 2469 nos
2496 2413 2809 2478 collocavit,
2850 2428 2922 2469 ne
2966 2413 3360 2468 obscuraretur
3402 2412 3594 2468 radius
3667 2412 3676 2420 ’

2015 2517 2127 2572 prae
2181 2503 2346 2573 longo
2392 2503 2721 2570 intervallo,
2769 2517 2907 2560 neve
2960 2502 3374 2581 prOpinquitate
3423 2502 3594 2555 nimia

2016 2593 2322 2647 molestiam
2357 2593 2609 2657 ati'erret,
2657 2601 2751 2647 aut
2803 2591 3080 2664 quomodo
3128 2592 3372 2646 materiae
3419 2590 3594 2660 magis

2013 2681 2330 2737 immersutn
2354 2683 2637 2754 magisque
2661 2697 2911 2738 crassum
2945 2683 3088 2736 lunae
3116 2697 3318 2751 corpus
3351 2678 3585 2734 inferius

2014 2771 2375 2826 constitutum
2409 2773 2506 2836 sit,
2534 2773 2863 2843 obcrretque
2894 2779 3055 2827 terra:
3079 2775 3384 2842 proximam
3413 2769 3595 2841 regio-

2015 2879 2136 2920 nem
2174 2883 2186 2918 :
2219 2871 2311 2917 aut
2343 2865 2467 2919 talis
2498 2865 2570 2919 sit
2594 2863 2855 2934 splendor
2885 2863 3027 2934 ejus,
3054 2879 3175 2934 quae
3197 2877 3320 2917 cum
3356 2863 3591 2918 obscura

2014 2953 2107 3018 sit,
2145 2953 2458 3009 illustrandi
2511 2963 2696 3009 tamen
2742 2954 2941 3009 habeat
2988 2954 3327 3010 facultatem.
3372 2952 3594 3008 Natura:

2013 3045 2158 3099 enim
2184 3045 2358 3115 ipsius
2388 3045 2700 3100 crassitudo
2732 3045 3017 3116 proprium
3047 3045 3278 3099 nitorem
3315 3045 3589 3109 obtundit,

321 3129 432 3201 γὰρ
465 3131 680 3184 οἴκοθεν
709 3133 1031 3206 λαμπηδόνα
1053 3137 1086 3207 ἡ
1108 3137 1208 3206 τῆς
1233 3138 1420 3204 οὐσίας
1450 3141 1697 3212 παχύτης
1719 3143 1832 3215 ἀπή
1843 3160 1909 3214 μ-

2015 3132 2112 3188 sed
2139 3133 2392 3205 opposito
2425 3135 2558 3191 solis
2591 3135 2868 3190 radiorum
2915 3134 3122 3191 lumine
3163 3135 3232 3190 ab
3278 3135 3592 3191 illustrandi

319 3218 505 3282 σλυνε,
518 3220 596 3291 τῷ
607 3221 666 3274 δὲ
680 3224 1064 3296 ἀντιφαγτισμῷ
1076 3227 1172 3298 τῆς
1183 3228 1412 3301 ἡλιακῆς
1427 3231 1642 3295 ἀκτῖνος
1658 3233 1717 3285 οὐ
1732 3234 1910 3307 πάντη

320 3311 425 3380 τῆς
454 3315 786 3386 φωτιστικῆς
818 3316 1173 3389 ἠλλοτρίωται
1213 3320 1445 3390 φύσεως.
1493 3323 1651 3378 Ἀλλά
1687 3327 1778 3380 τὸν
1815 3328 1912 3398 μὲν

319 3400 484 3467 λόγον
510 3404 606 3474 τῆς
632 3407 692 3458 ὲν
725 3406 938 3478 ἑκάστῳ
981 3409 1088 3462 τῶν
1137 3410 1306 3465 ὄντων
1345 3415 1678 3487 φαινομένης
1720 3418 1914 3488 σοφίας

325 3492 458 3547 ἰδεῖν
504 3498 540 3567 ή
571 3497 814 3568 πτωχεία
851 3499 950 3570 τῆς
979 3499 1194 3570 φύσεως
1214 3504 1370 3575 ἡμῶν
1397 3506 1670 3575 ἀδυνατεῖ,
1703 3508 1765 3563 τὸ
1793 3510 1914 3581 μέν·

319 3601 408 3638 τοι
445 3586 592 3640 κατά
617 3589 715 3657 τὴν
759 3590 1069 3646 ὲκτεθεῖσαν
1112 3593 1263 3666 παρά
1304 3595 1398 3650 τοῦ
1436 3599 1725 3670 νομοθέτου
1753 3601 1906 3667 τάξιν

319 3676 422 3729 ἐπὶ
464 3676 568 3745 τῆς
611 3679 718 3731 τῶν
760 3681 926 3736 όντων
976 3685 1228 3750 κτίσεως,
1275 3688 1593 3745 ἀκολουθίαν
1636 3693 1758 3747 τινὰ
1795 3695 1907 3758 τοῖς

320 3761 618 3837 γεγονόσιν
646 3769 996 3845 ὲνθεωρῆσαι,
1042 3776 1251 3843 τούτοις
1297 3774 1452 3852 οἶμαι
1485 3781 1709 3837 δυνατὸν
1740 3782 1902 3853 εἶναι,

321 3857 388 3910 τδ
413 3858 656 3930 μετρίως
690 3863 824 3933 πρὸς
849 3864 909 3917 τὸ
940 3864 1233 3922 ἀκόλουθον
1260 3869 1643 3941 ἐπισταμένοις
1664 3871 1903 3944 βλέπειν,

320 3949 412 4004 διά
455 3969 619 4006 τινων
658 3957 982 4028 ποχασμῶν
1026 3959 1274 4013 ὁπωσοῦν
1312 3963 1662 4035 κατανοῆσαι.

398 4044 612 4098 οὐκοῦν
635 4045 993 4120 ἀναλάόωμεν
1009 4051 1107 4120 τὴν
1123 4051 1228 4106 τῶν
1244 4055 1543 4123 γεγονότων
1563 4057 1906 4116 ἀκολουθίαν.

325 4137 484 4190 Ἔστι
499 4137 558 4190 δὲ
582 4137 723 4212 αὕτη
742 4155 757 4170 °
784 4141 876 4194 τοῦ
893 4141 1180 4199 καθολικοῦ
1195 4163 1255 4200 τε
1278 4148 1371 4200 καὶ
1383 4149 1599 4218 γενικοῦ
1630 4151 1807 4220 φωτὸς
1822 4152 1909 4207 διὰ

321 4230 386 4280 τὸ
416 4231 702 4302 εύκίνητον
740 4233 1106 4304 προφανέντος
1135 4237 1244 4291 τῶν
1281 4237 1476 4305 ἄλλων,
1497 4239 1907 4314 ἐπηκολούθησε

322 4319 417 4372 τοῦ
446 4321 830 4392 στερεώματος
857 4327 1196 4400 περιγραφὴ,
1228 4330 1295 4398 τῇ
1333 4329 1650 4401 κυκλοτερεῖ
1674 4331 1906 4403 περιόδῳ

323 4409 416 4462 τοῦ
447 4412 622 4482 πυρὸς
643 4412 943 4484 δρισθεῖσα.
967 4416 1076 4487 Τῆς
1104 4417 1161 4470 δὲ
1193 4417 1400 4490 κούφης
1430 4419 1641 4488 φύσεως
1667 4421 1774 4474 τῶν
1807 4421 1902 4493 βα·

2014 3223 2067 3278 vi
2101 3239 2208 3279 non
2239 3232 2322 3280 est
2353 3241 2579 3297 prorsus
2626 3227 2827 3281 aliena.
2858 3225 3129 3280 Caeterum
3163 3225 3442 3294 sapientiae
3474 3229 3592 3281 sin-

2014 3316 2158 3388 gulis
2188 3318 2245 3371 in
2273 3317 2438 3372 rebus
2465 3318 2785 3389 conspicuae
2830 3319 3100 3373 rationem
3147 3328 3357 3373 naturae
3389 3327 3592 3374 nostra:

2013 3405 2304 3462 inﬁrmitas
2337 3407 2536 3463 intueri
2560 3423 2671 3463 non
2696 3417 2895 3479 potest,
2919 3410 3209 3480 quemdam
3230 3419 3408 3465 tamen
3434 3426 3591 3464 mun-

2013 3496 2068 3552 di
2107 3498 2275 3554 totius
2309 3499 2558 3556 ordinem
2591 3500 2644 3554 in
2678 3501 2748 3555 iis
2769 3515 2890 3570 qua:
2919 3500 3064 3556 facta
3087 3512 3238 3567 sunt,
3273 3517 3340 3557 ex
3367 3501 3580 3557 descri-

2013 3587 2201 3658 ptione
2248 3589 2602 3661 legislatoris,
2638 3591 2708 3648 ab
2751 3590 2818 3648 iis
2848 3591 2944 3662 qui
2984 3591 3336 3648 mediocriter
3385 3600 3590 3646 norunt

2012 3675 2302 3750 dispicere,
2335 3695 2456 3750 quae
2484 3695 2548 3736 ex
2582 3681 2784 3751 quibus
2815 3690 3250 3752 consequantur,
3287 3695 3385 3752 per
3413 3696 3588 3753 quas-

2011 3767 2139 3823 dam
2185 3771 2576 3841 conjecturas,
2625 3782 2906 3844 utcunque
2965 3772 3227 3844 cognosci
3289 3787 3450 3844 posse
3496 3787 3587 3826 ar-

2011 3856 2208 3914 bitror.

2081 4060 2444 4128 Quamobrem
2519 4071 2834 4134 repetamus
2900 4063 3147 4120 ordinem
3211 4079 3403 4120 eorum
3463 4081 3583 4136 qua‘.

2010 4153 2154 4208 facta
2193 4163 2324 4208 sunt
2367 4171 2382 4208 :
2435 4155 2516 4210 sic
2556 4164 2737 4210 autem
2783 4155 2949 4211 habet
2981 4155 3223 4212 :Lucem
3270 4156 3581 4214 universam

2013 4244 2315 4300 mobilitate
2335 4259 2435 4300 sua
2463 4252 2590 4300 ante
2614 4246 2723 4298 alia
2747 4245 3109 4315 prodeuntem
3136 4245 3463 4300 ﬁrmamenti
3495 4246 3584 4308 ab-

2013 4335 2215 4390 solutio
2245 4335 2314 4390 ab
2355 4335 2499 4406 ignis
2534 4336 2742 4391 circulo
2773 4337 2996 4392 deﬁnita
3036 4337 3415 4406 consequitur.
3453 4336 3582 4392 Levi

2011 4433 2192 4481 autem
2229 4433 2423 4480 natura
2464 4442 2493 4478 a
2524 4426 2871 4496 gravioribus
2903 4435 3177 4496 separata,
3211 4441 3403 4498 graves
3441 4428 3584 4483 inter

327 4504 573 4574 ρυτέρων
613 4506 1023 4579 ἀποκριθείσης,
1035 4485 1774 4575 νάκολούθως-διαστέλλονται
1807 4485 1907 4570 ἀπ’

2020 4530 2080 4570 se
2114 4515 2406 4584 qualitates
2455 4485 2891 4585 distinguuntur,
2922 4516 2974 4570 in
3005 4523 3149 4571 terra
3193 4485 3246 4572 c't
3279 4531 3417 4588 aqua
3451 4533 3584 4572 con-

320 4592 572 4664 ἀλλήλων
621 4599 678 4650 αἱ
719 4597 931 4670 βαρεῖαι
984 4601 1282 4672 ποιότητες,
1314 4603 1372 4656 ὲν
1413 4605 1482 4675 γῇ
1514 4621 1574 4656 τε
1618 4605 1712 4658 καὶ
1755 4604 1906 4660 ὕδατι

318 4683 708 4754 διακριθεῖσαι.
744 4689 860 4760 Τῆς
889 4689 944 4742 δὲ
979 4691 1126 4745 κάτω
1167 4691 1383 4760 φύσεως
1425 4693 1904 4766 διακοσμηθείσης,

320 4777 356 4845 ἡ
392 4775 573 4848 λεπτή
613 4795 670 4831 τε
711 4780 804 4832 καὶ
842 4781 1020 4853 κούφη
1054 4783 1146 4834 καὶ
1193 4783 1460 4856 μετέωρος
1499 4787 1675 4852 οὐσία,
1722 4786 1809 4840 διὰ
1845 4786 1907 4840 τὸ

321 4871 401 4941 μὴ
441 4871 629 4922 πᾶσαν
659 4871 820 4942 αὐτὴν
851 4872 1106 4942 ὀμοφυῶς
1128 4874 1264 4945 πρὸς
1295 4876 1492 4947 ἑαυτὴν
1522 4876 1685 4948 ἔχειν,
1714 4880 1772 4931 ὲν
1804 4896 1904 4947 με-

317 4960 459 5024 ταξὺ
483 4959 808 5032 διαστήματι
837 4963 931 5017 τοῦ
966 4965 1355 5037 παρῳχηκότος
1382 4967 1598 5038 χρόνου,
1640 4970 1774 5042 πρὸς
1806 4971 1904 5035 τὰς

319 5053 608 5120 ὁμογενεῖς
637 5051 904 5125 ἰδιότητας
939 5055 1003 5109 ὲκ
1029 5055 1124 5110 τοῦ
1163 5057 1339 5111 κοινοῦ
1385 5057 1740 5131 διακρίνεται,
1777 5065 1835 5116 ἐν
1869 5058 1902 5141 ᾖ

316 5141 379 5195 τὸ
403 5145 636 5215 ἄπειρον
667 5145 774 5197 τῶν
798 5147 1012 5219 ἄστρων
1045 5149 1248 5220 πλῆθος
1269 5151 1601 5219 ὲξαπλωθὲν,
1636 5153 1778 5209 κατά
1803 5156 1902 5228 τὴν

318 5234 653 5306 ὲγκειμένην
698 5236 910 5309 ἑκάστῳ
942 5239 1097 5310 μέρει
1147 5243 1383 5315 φυσικὴν
1423 5243 1680 5316 ἰδιότητα,
1709 5247 1802 5298 ἐπὶ
1841 5248 1901 5300 τὸ

318 5320 624 5392 ἀκρότατον
670 5328 775 5396 τῆς
817 5327 1044 5394 κτίσεως
1087 5330 1397 5402 ἀνατρέχει,
1429 5332 1524 5387 καὶ
1559 5333 1616 5386 ὲν
1663 5333 1741 5404 τῷ
1787 5334 1900 5407 ἰδίῳ

318 5412 551 5467 ἕκαστον
578 5415 788 5483 γίνεται
824 5419 993 5490 τόπῳ,
1029 5420 1153 5475 οὔτε
1189 5423 1492 5494 παυόμενον
1529 5424 1630 5494 τῆς
1661 5426 1906 5497 ἀεικινήο

318 5517 413 5556 τω
449 5508 642 5577 φορᾶς,
684 5508 808 5563 οὔτε
845 5512 1305 5586 μετακινούμενον
1335 5514 1442 5570 ἀπὸ
1474 5515 1574 5586 τῆς
1610 5518 1668 5570 ὲν
1694 5509 1738 5584 ᾧ
1791 5519 1907 5569 ἐστι

321 5591 546 5660 θέσεως.
601 5599 740 5653 Ἀλλ’
779 5605 811 5674 ἡ
858 5605 958 5676 μὲν
996 5605 1154 5674 τάξις
1198 5609 1258 5660 ὲν
1308 5607 1517 5670 τούτοις
1549 5607 1610 5660 τὸ
1648 5609 1906 5679 ἀκίνητον

323 5686 452 5754 εχει»
490 5688 606 5760 θὶδέ
638 5691 792 5761 φύσις
826 5698 885 5754 τὸ
923 5700 1253 5774 ἀεικίνητον.
1300 5697 1524 5770 Ἐφεξῆς
1558 5698 1614 5752 δὲ
1656 5700 1689 5770 ἡ
1729 5698 1905 5753 δευτε-

2016 4603 2225 4659 ειίιυιαξ
2259 4623 2273 4660 :
2319 4603 2579 4659 inferiore
2609 4620 2740 4660 vero
2774 4616 2968 4662 natura
3006 4613 3292 4674 exornata,
3337 4609 3579 4672 subtilis,

2009 4701 2063 4750 et
2096 4695 2250 4759 levis,
2282 4696 2630 4766 excelsaque,
2668 4697 2926 4767 quoniam
2956 4713 3063 4754 non
3091 4699 3269 4756 omnis
3296 4708 3413 4754 erat
3440 4702 3583 4756 inter

2009 4799 2069 4839 se
2109 4785 2326 4849 similis,
2374 4786 2645 4857 interjecti
2680 4789 2945 4859 temporis
2989 4789 3169 4860 spatio
3201 4805 3266 4846 ex
3301 4790 3394 4845 illa
3431 4807 3582 4847 com-

2009 4879 2276 4933 munitate
2303 4879 2357 4932 in
2381 4891 2641 4952 cognatas
2671 4881 2934 4937 dividitur
2971 4883 3367 4953 proprietates:
3393 4883 3446 4936 in
3472 4899 3579 4953 qua

2011 4969 2426 5028 innumerabilis
2483 4975 2766 5029 stellarum
2817 4973 3110 5029 multitudo
3157 4974 3428 5044 explicata
3481 4990 3583 5046 pro

2011 5065 2173 5121 insita
2206 5068 2408 5137 cuique
2440 5070 2660 5140 propria
2686 5070 2761 5136 vi,
2792 5069 2982 5124 mundi
3017 5067 3297 5139 fastigium
3327 5077 3580 5138 occupat,

2008 5167 2171 5230 atque
2201 5160 2273 5213 ita
2305 5160 2358 5215 in
2390 5177 2489 5217 sua
2522 5177 2750 5232 quaeque
2782 5161 2913 5218 sede
2947 5161 3137 5226 haeret,
3176 5168 3237 5214 ut
3279 5175 3406 5216 cum
3438 5176 3582 5216 sem-

2009 5269 2106 5322 per
2131 5253 2570 5320 circumferatur,
2595 5269 2874 5326 nunquam
2900 5261 3080 5310 tamen
3101 5253 3283 5309 locum
3307 5253 3581 5324 relinquat

2006 5357 2187 5398 suum.
2218 5342 2422 5398 llorum
2465 5345 2612 5399 enim
2658 5354 2718 5400 ut
2757 5345 2892 5400 ordo
2936 5344 3292 5400 immutabilis
3333 5353 3447 5408 est,
3497 5344 3578 5398 sic

2005 5439 2198 5484 natura
2234 5423 2449 5501 semper
2478 5433 2716 5489 mobilis.
2763 5433 2896 5488 Post
2926 5433 3330 5488 velocissimum
3367 5440 3568 5485 motum

2006 5523 2256 5591 sequitur
2285 5523 2531 5579 secundo
2551 5525 2690 5587 loco,
2722 5539 2844 5595 quae
2872 5525 3167 5579 velocitate
3200 5523 3444 5594 proxima
3467 5530 3575 5576 est,

1983 5611 2438 5685 .subeuntemquc
2489 5614 2756 5670 circulum
2809 5613 3049 5678 obtinet,
3105 5612 3268 5669 tertio
3318 5610 3575 5672 deinﬂel’S

2003 5704 2129 5773 alia,
2176 5711 2228 5760 et
2265 5715 2486 5779 quarto,
2537 5706 2604 5761 ad
2651 5707 2940 5778 septimum
2986 5718 3161 5773 usque
3219 5715 3319 5770 pro
3367 5695 3578 5757 ratione
