4106 6208
567 262 671 319 H9

1794 259 1853 314 S.
1884 257 2211 316 GREGORU
2253 256 2547 314 NYSSENI

3711 257 3815 313 120

568 372 890 429 velocitatis.
934 370 1112 426 Tanto
1166 371 1310 427 enim
1350 387 1694 444 unaquaeque
1727 373 1944 444 longius
1984 372 2138 428 abest

2258 373 2473 428 σονοῦσα
2515 372 2591 443 (a)
2627 371 2766 443 μετὰ
2796 371 2896 443 τὴν
2938 371 3204 444 ὀξυτάτην
3249 371 3461 441 κίνησιν
3494 371 3552 424 ἑν
3593 374 3660 444 τῇ
3711 373 3818 445 ίδίᾳ.

568 482 597 522 a
649 465 952 533 superiore,
982 475 1188 534 quanto
1220 465 1309 518 illa
1343 465 1409 520 ad
1446 465 1768 520 movendum
1802 473 1994 519 natura
2028 476 2139 520 tar-

567 552 818 606 diorest.
872 550 996 606 Haec
1045 551 1211 620 igitur
1266 559 1468 621 quarto
1510 550 1596 604 die
1640 551 1777 605 facta
1827 562 1973 618 sunt,
2029 568 2138 607 non

569 643 711 713 quod
738 652 866 696 tunc
901 642 1063 696 fuerit
1089 643 1181 696 lux
1215 650 1526 712 procreata,
1556 642 1650 697 sed
1681 642 1828 710 quod
1860 643 2140 697 illustran-

568 734 622 787 di
650 734 698 787 vi
728 749 823 794 pro
858 743 1053 788 natura
1076 749 1176 788 sua
1213 734 1375 788 simul
1401 746 1611 797 coacta,
1638 735 1990 804 apparuerint
2015 750 2140 788 cum

570 826 792 893 reliqua:
825 825 1012 878 stellae.
1056 831 1171 876 tum
1210 824 1313 878 illa:
1351 838 1472 894 qua:
1515 823 1894 894 magnitudine
1930 824 2142 878 caateris

586 921 867 989 praestant,
897 913 974 968 sol
1008 922 1060 968 et
1093 914 1245 980 luna,
1269 930 1502 984 quorum
1539 923 1693 970 ortus
1729 915 1947 985 quidem
1979 929 2141 970 occa-

574 1007 657 1061 sio
693 1006 904 1060 exstitit
932 1007 1072 1061 Ιιιειε
1121 1006 1176 1060 in
1212 1007 1610 1076 procreatione,
1643 1007 1931 1076 utriusque
1961 1013 2139 1060 autem

573 1097 896 1151 constitutio
955 1095 1196 1166 (quando
1227 1106 1477 1151 movetur
1515 1097 1568 1150 in
1598 1105 1841 1167 tempore
1877 1097 2141 1167 quidquid

571 1197 842 1249 movetur,
880 1195 934 1240 et
963 1196 1188 1242 mutuus
1239 1187 1630 1256 particularum
1666 1201 1973 1241 concursus
2021 1195 2144 1256 eget

571 1281 755 1350 aliquo
795 1279 1056 1348 temporis
1103 1278 1415 1348 intervallo)
1461 1278 1638 1332 tribus
1666 1277 1861 1332 diebus
1901 1277 2143 1347 perfecta

571 1376 680 1422 est.
727 1367 906 1432 Quare
954 1383 1062 1420 non
1106 1365 1344 1422 absurde
1389 1367 1645 1422 conditus
1677 1367 1828 1421 orbis
1867 1381 2144 1436 a‘niagno

579 1456 727 1512 Mose
786 1458 859 1510 ita
908 1457 1262 1520 describitur,
1316 1465 1374 1511 ut
1431 1466 1695 1528 quantum
1739 1457 1803 1512 ad
1858 1456 2142 1510 materiam

574 1551 827 1617 pertinet,
850 1547 1012 1601 simul
1039 1547 1221 1601 omnia
1256 1547 1509 1602 dicantur
1555 1549 1753 1603 virtute
1775 1546 1986 1618 opiﬁcis
2009 1561 2144 1600 con-

573 1640 763 1693 stituta
809 1656 823 1692 :
869 1638 1164 1713 singularis
1205 1647 1386 1693 autem
1432 1654 1642 1705 eorum,
1683 1654 1804 1708 quae
1842 1638 1897 1692 in
1939 1637 2144 1691 mundo

2239 466 2399 536 φορᾷ,
2428 463 2518 516 τὸν
2553 461 2930 534 ὑποϐεϐηκότα
2961 462 3160 516 κύκλον
3187 461 3570 532 διαλαμϐάνει·
3601 464 3694 517 καὶ
3714 466 3818 518 πάο

2237 557 2318 610 λιν
2354 559 2416 609 ἐκ
2463 555 2646 627 τρίτου
2690 557 2783 608 καὶ
2811 555 3072 624 τετάρτου
3118 555 3215 606 καὶ
3257 553 3362 617 ἕως
3405 553 3633 624 ἑϐδόμου
3682 555 3819 624 πρὸς

2237 645 2394 714 λόγον
2415 643 2511 712 τῆς
2541 643 2680 696 κατά
2700 643 2760 696 τὸ
2790 641 2951 712 τάχος
2985 641 3218 710 φύσεως.
3249 639 3512 694 Τοσοῦτον
3542 641 3821 694 ὑποκαταο

2240 735 2417 789 ϐαίνει
2449 735 2542 787 τοῦ
2571 734 2830 806 ἀνωτέρω
2859 734 3108 799 ἕκαστον,
3136 732 3260 786 ὅσον
3297 732 3444 804 αύτῷ
3470 733 3821 804 σχολαιοτέρα

2239 826 2348 879 τῶν
2394 825 2798 897 ὑπερκειμένων
2830 826 2863 894 ἡ
2904 822 3065 893 φύσις
3106 824 3222 877 ἐστὶ
3261 824 3395 896 πρὸς
3436 825 3536 896 τὴν
3579 826 3817 896 κίνησιν.

2240 917 2424 971 Ταῦτα
2443 913 2534 970 οὖν
2556 917 2761 984 γίνεται
2784 915 2923 969 κατά
2946 916 3042 986 τὴν
3066 917 3329 987 τετάρτην
3354 918 3586 988 ἡμέραν,
3611 919 3673 972 οὑ
3694 920 3821 972 τότε

2241 1014 2334 1067 τοῦ
2375 1012 2552 1082 φωτὸς
2597 1012 3113 1084 δημιουργηθέντος,
3159 1011 3296 1068 ἀλλὰ
3340 1013 3437 1084 τῆς
3491 1016 3824 1086 φωτιστικῆς

2246 1105 2508 1175 ἰδιότητος
2537 1103 2666 1174 περὶ
2701 1102 2763 1155 τὸ
2801 1102 2942 1155 κατά
2971 1101 3132 1170 φύσιν
3165 1103 3330 1173 ἑαυτῇ
3359 1104 3454 1157 καὶ
3493 1103 3828 1174 κατάλληλον

2242 1194 2649 1268 ἀθροισθείσης·
2678 1193 2746 1246 τά
2773 1209 2833 1245 τε
2855 1193 2988 1246 ἄλλα
3023 1193 3255 1264 ἐξεφάνη
3283 1193 3391 1246 τῶν
3432 1195 3696 1266 ἀστέρων,
3731 1196 3830 1248 καὶ

2242 1284 2292 1335 οἱ
2339 1281 2397 1332 ἑν
2438 1279 2641 1350 μείζονι
2690 1279 2838 1351 ὄγκῳ
2871 1280 2998 1350 περὶ
3042 1279 3112 1332 τά
3160 1279 3320 1333 λοιπά
3372 1281 3764 1354 καθορώμενοι,
3796 1285 3832 1338 ὁ

2243 1371 2392 1442 ἥλιός
2417 1387 2474 1422 τε
2503 1369 2594 1424 καὶ
2624 1368 2889 1440 ἡσελήνη,
2919 1363 2993 1423 ὧν
3023 1372 3056 1442 ἡ
3081 1371 3176 1440 μὲν
3202 1370 3434 1438 γένεσις,
3457 1375 3514 1425 έν
3536 1375 3600 1444 τῇ
3632 1372 3829 1445 πρώτῃ

2244 1462 2536 1534 καταϐολῇ,
2585 1462 2678 1515 τοῦ
2711 1463 2886 1530 φωτὸς
2922 1462 3018 1525 τὰς
3055 1463 3308 1534 ἀφορμὰς
3347 1463 3526 1533 ἔσχεν,
3552 1469 3585 1535 ὴ
3635 1465 3692 1518 δὲ
3733 1465 3832 1518 σύ-

2247 1571 2432 1618 στασις
2453 1552 2681 1607 ἑκάστου
2707 1554 2907 1625 (ἐπειδὴ
2931 1554 3146 1618 πάντως
3171 1556 3228 1608 ἐν
3257 1556 3432 1629 χρόνῳ
3455 1562 3681 1611 κινεῖται
3719 1561 3832 1612 πᾶν

2245 1644 2309 1696 τὸ
2347 1645 2681 1714 κινούμενον,
2715 1645 2810 1698 καὶ
2845 1644 2926 1696 δεῖ
2948 1644 3045 1716 τὴν
3073 1645 3182 1698 τῶν
3227 1649 3428 1718 μορίων
3456 1649 3590 1720 πρὸς
3622 1648 3833 1714 ἄλληλα

571 1727 846 1792 videntur,
891 1728 1172 1782 distinctio
1224 1728 1415 1782 ordine
1442 1730 1675 1797 quodam
1713 1743 1778 1782 ac
1805 1727 1946 1784 serie
1986 1733 2149 1781 natu-

2258 1735 2578 1808 συνδρομὴν,
2609 1736 2701 1790 καί¹
2734 1736 3145 1812 χρονικοῦιτινος
3172 1738 3560 1811 διαστήματος)
3633 1741 3691 1792 ἑν
3709 1743 3829 1806 ταῖς

573 1820 700 1882 rali,
735 1834 799 1874 eo
847 1820 1022 1888 spatio
1069 1818 1213 1892 quod
1266 1819 1471 1878 dictum
1503 1827 1610 1886 est,
1670 1818 1940 1872 absoluta.
1995 1817 2148 1875 Tunc

574 1913 738 1975 simul
781 1913 1034 1968 universa
1079 1912 1168 1965 lux
1213 1911 1445 1976 exstitit,
1477 1917 1608 1963 tunc
1646 1911 1826 1965 omnis
1854 1925 2038 1964 rerum
2082 1908 2149 1963 il-

573 2004 934 2062 lustrantium
984 2010 1177 2056 natura
1231 2001 1468 2071 propriis
1525 2001 1785 2054 distincta
1829 1999 2150 2056 diﬂerentiis

576 2100 854 2170 apparuit,
901 2113 1134 2168 quarum
1175 2112 1206 2152 e
1241 2099 1471 2151 numero
1530 2097 1611 2153 sol
1655 2105 1759 2160 est,
1787 2103 1840 2152 et
1879 2096 2028 2150 luna.
2069 2097 2149 2152 Ac

575 2186 1040 2266 quemadmodum
1079 2200 1141 2240 ea
1175 2200 1297 2256 qua:
1340 2184 1595 2240 ﬂuentem
1643 2187 1752 2241 vim
1783 2185 2006 2250 habent,
2040 2203 2147 2242 non

577 2287 711 2334 sunt
756 2279 918 2333 unius
950 2279 1166 2350 generis
1203 2277 1410 2346 omnia,
1454 2277 1549 2336 sed
1579 2277 1882 2334 dill‘erentia
1913 2280 2148 2352 quadam

575 2371 720 2428 inter
742 2385 800 2424 se
829 2369 1069 2424 vicissim
1101 2369 1437 2444 discrepant,
1464 2377 1524 2422 ut
1549 2369 1736 2426 videre
1761 2369 1888 2426 licet
1917 2370 1972 2425 in
2003 2371 2147 2435 oleo,

574 2469 629 2517 et
659 2476 821 2532 aqua,
853 2470 906 2516 et
939 2469 1163 2533 argento
1193 2461 1339 2525 vivo,
1382 2477 1503 2531 qua:
1542 2460 1587 2515 si
1622 2461 1748 2534 quis
1777 2460 1956 2516 omnia
1986 2461 2150 2516 simul

576 2554 632 2607 in
664 2567 773 2606 uno
811 2568 940 2607 vase
974 2551 1295 2615 confundat,
1331 2567 1497 2622 parva
1532 2552 1817 2622 interjecta
1855 2567 2006 2608 mora
2038 2553 2153 2622 pri-

574 2661 724 2700 mum
761 2644 990 2714 aspiciet
1019 2651 1299 2715 argentum
1337 2644 1520 2699 vivum
1551 2645 1623 2699 ob
1656 2646 1962 2715 graviorem
1988 2645 2151 2701 deor-

576 2751 809 2806 sumque
849 2735 1156 2790 tendentem
1208 2743 1459 2790 naturam
1509 2735 1566 2791 in
1602 2735 1772 2792 l'undo
1812 2743 1988 2792 totum
2019 2753 2152 2793 con-

577 2829 778 2894 sidere,
827 2827 953 2883 licet
987 2829 1170 2883 omnia
1223 2827 1508 2886 commista
1551 2827 1922 2895 sint;deinde
1955 2843 2152 2900 aquam

580 2919 742 2974 simul
787 2927 1034 2973 coactam
1079 2934 1296 2974 omnem
1341 2920 1673 2985 succedere;
1729 2931 2007 2990 postremo
2047 2921 2153 2975 olei

579 3020 938 3083 congregatas
973 3012 1272 3082 particulas
1303 3019 1662 3082 supernatare
1707 3021 1760 3066 et
1795 3027 1959 3082 super
1988 3019 2155 3067 utro-

2252 1829 2428 1902 τρισὶν
2455 1827 2690 1899 ἡμέραις
2715 1827 3000 1899 ἐτελειώθη
3016 1846 3029 1859 ·
3054 1828 3129 1891 ὡς
3155 1829 3317 1899 μηδὲν
3341 1829 3444 1896 ἔξω
3469 1833 3566 1901 τῆς
3597 1831 3832 1885 ἀκολουο

2255 1919 2377 1984 θίας
2428 1920 2578 1994 παρὰ
2623 1919 2716 1976 τοῦ
2756 1919 2992 1990 μεγάλου
3019 1920 3260 1984 Μωσέως
3304 1923 3362 1973 ἐν
3397 1924 3464 1992 τῇ
3514 1922 3622 1976 τῶν
3657 1923 3836 1978 ὄντων

2253 2011 2508 2082 διασκευῇ
2538 2010 2864 2083 γεγράφθαι,
2891 2013 2939 2064 εί
2969 2011 3182 2066 πάντων
3209 2013 3350 2066 κατὰ
3374 2013 3434 2066 τὸ
3460 2011 3654 2084 ἀθρόον
3679 2013 3836 2084 παρὰ

2255 2104 2353 2174 τῆς
2384 2101 2476 2156 τοῦ
2495 2101 2838 2174 Δημιουργοῦ
2861 2102 3147 2174 δυνάμεως
3163 2103 3361 2167 ὑλικῶς
3384 2105 3838 2175 προκαταϐεϐληο

2259 2196 2458 2266 μένων,
2482 2193 2617 2265 πρὸς
2638 2195 2735 2266 τὴν
2767 2194 2872 2248 τῶν
2897 2193 3067 2248 ὄντων
3098 2193 3375 2260 σύστασιν,
3415 2197 3449 2267 ή
3482 2196 3678 2268 μερικὴ
3722 2197 3839 2250 τῶν

2256 2287 2313 2338 ἑν
2357 2284 2435 2356 τῷ
2483 2283 2671 2356 κόσμῳ
2707 2283 3134 2356 τεθεωρημένων
3187 2285 3477 2352 ἀνάδειξις,
3534 2284 3685 2350 τάξει
3723 2288 3838 2341 τινὶ

2257 2377 2459 2448 φυσικῇ
2485 2374 2577 2428 καὶ
2601 2373 2892 2446 ἀκολουθίᾳ
2915 2376 2972 2427 ἐν
2997 2375 3144 2450 ῥητῷ
3161 2375 3490 2447 διαστήματι
3522 2374 3838 2446 ἐτελειώθη·

2255 2465 2378 2520 τότε
2397 2465 2497 2536 μὲν
2526 2465 2721 2536 ἀθρόου
2749 2465 2842 2518 τοῦ
2882 2466 3058 2536 φωτὸς
3083 2467 3427 2536 ὲκφανέντος,
3458 2466 3552 2519 νῦν
3574 2467 3632 2519 δὲ
3657 2467 3843 2537 πάσης

2256 2556 2355 2628 τῆς
2385 2556 2720 2627 φωτιστικῆς
2755 2555 2970 2626 φύσεως
3011 2557 3192 2622 ίδικῶς
3222 2558 3593 2631 διαφανείσης,
3623 2553 3698 2614 ὧν
3721 2562 3842 2615 ἑστι

2258 2648 2353 2704 καὶ
2388 2650 2416 2702 ό
2442 2647 2612 2719 ἥλιος,
2643 2647 2736 2700 καὶ
2762 2649 2796 2720 ἡ
2838 2648 3056 2719 σελήνη.
3083 2650 3188 2704 Και
3222 2649 3408 2722 ὥσπερ
3439 2651 3534 2704 ἑπὶ
3576 2649 3682 2704 τῶν
3708 2650 3842 2722 ῥευ-

2259 2738 2390 2809 στήν
2425 2754 2547 2792 τινα
2576 2735 2805 2807 δύναμιν
2841 2737 3091 2808 ἑχόντων,
3130 2737 3230 2791 κᾶν
3260 2741 3438 2793 πάντα
3464 2739 3584 2810 ῥέῃ,
3613 2739 3672 2792 οὑ
3700 2739 3845 2791 πάν-

2257 2846 2365 2894 τως
2395 2828 2669 2899 όμογενῶς
2698 2828 2810 2900 ἔχει
2843 2827 2977 2900 πρὸς
3007 2828 3232 2900 ἄλληλα,
3257 2829 3392 2884 ἀλλά
3419 2830 3499 2894 τίς
3527 2833 3672 2884 ἐστιν
3709 2830 3847 2884 ἑκά.-

2261 2937 2372 2992 στῳ
2418 2919 2649 2991 διαφορά
2707 2917 2842 2990 πρὸς
2895 2918 2955 2971 τὸ
3005 2918 3210 2990 ἕτερον,
3259 2915 3369 2976 οἷον
3413 2921 3471 2976 ὲν
3534 2920 3699 2991 ἑλαίῳ
3746 2921 3847 2979 καὶ

2261 3011 2586 3084 ὑδραργύρῳ
2632 3011 2724 3064 καὶ
2773 3010 2946 3074 ὕδατι,
2991 3010 3133 3081 ἆπερ
3185 3010 3237 3067 εῖ
3273 3029 3356 3074 τις
3388 3012 3622 3086 ἀναχέας
3662 3012 3846 3070 πάντα

581 3121 690 3180 que
722 3105 1024 3161 consistere
1056 3121 1070 3159 :
1103 3105 1293 3160 eodem
1324 3114 1484 3174 pacto
1507 3103 1575 3157 de
1607 3119 1666 3157 re
1692 3104 1852 3159 nobis
1874 3104 1940 3158 ad
1971 3105 2159 3175 dispu-

2261 3105 2393 3177 πρὸς
2433 3101 2634 3174 ἄλληλα
2689 3101 2770 3154 ἑνὶ
2819 3101 3099 3172 περιϐάλοι
3143 3103 3369 3170 ἀγγείῳ,
3421 3103 3647 3174 βραχέος
3682 3105 3850 3172 ἑγγε-

581 3197 808 3250 tandum
849 3195 1127 3270 proposita
1160 3209 1456 3267 possumus
1493 3193 1789 3263 conjicere,
1821 3194 1953 3250 illud
1991 3211 2158 3250 unum

584 3288 638 3342 in
690 3288 938 3358 exemplo
990 3293 1204 3338 tantum
1254 3293 1684 3351 commutantes,
1742 3295 1802 3341 ut
1858 3287 2005 3358 quod
2053 3289 2164 3342 illic

587 3385 810 3454 propter
851 3376 1202 3446 gravitatem,
1255 3375 1344 3429 hic
1392 3385 1584 3430 contra
1632 3385 1856 3448 propter
1889 3378 2162 3435 levitatem

581 3471 817 3524 rveniat.
861 3468 916 3522 ln
951 3468 1127 3538 prima
1169 3467 1314 3524 enim
1348 3482 1533 3522 rerum
1561 3467 1991 3533 ,constitutione.
2044 3486 2166 3540 qua:

584 3561 808 3615 levitate
859 3574 1080 3614 sursum
1124 3557 1442 3623 tendebant,
1480 3558 1726 3630 quandiu
1759 3560 1830 3614 ob
1852 3562 2158 3618 naturalem

584 3648 694 3702 vim
732 3648 951 3703 insitam
989 3646 1265 3702 celeritate
1290 3647 1560 3709 valebant,
1586 3648 1791 3717 pariter
1815 3650 2001 3704 omnia
2030 3665 2164 3708 con-

586 3748 901 3803 currerunt,
933 3747 1045 3793 tum
1076 3753 1140 3792 ex
1173 3737 1480 3794 velocitatis
1522 3739 1840 3811 praestantia
1872 3740 1987 3812 ipsa
2023 3757 2160 3814 quo-

585 3842 693 3898 que
733 3827 875 3882 inter
914 3842 973 3881 se
1005 3827 1265 3881 distincta
1301 3835 1449 3882 sunt.

2258 3195 2483 3264 νομένου
2511 3193 2727 3263 χρόνου,
2759 3191 2973 3262 πρῶτον
3005 3191 3194 3261 ὄψεται
3233 3193 3329 3264 τὴν
3360 3194 3718 3265 ὑδράργυρον,
3750 3193 3844 3248 διὰ

2259 3285 2321 3338 τὸ
2354 3282 2661 3355 βαρυτέραν
2697 3297 2757 3334 τε
2786 3281 2877 3334 καὶ
2918 3283 3404 3354 κατωφερεστέραν
3438 3281 3575 3338 εἶναι
3617 3284 3724 3338 τῶν
3749 3285 3850 3337 ἀλ-

2259 3377 2387 3444 λων,
2414 3379 2527 3438 τοῖς
2567 3375 2718 3438 ἰδίοις
2749 3375 3140 3444 συμφυομένην
3187 3374 3419 3444 μορίοις,
3455 3375 3558 3428 κᾶν
3595 3373 3849 3446 πανταχῆ

2260 3466 2433 3522 ταῦτα
2490 3463 2912 3534 διεσκεδασμένα
2965 3462 3135 3536 τύχῃ·
3187 3463 3375 3518 ἔπειτα
3411 3463 3471 3517 τὸ
3521 3462 3664 3534 ὕδωρ
3707 3463 3852 3536 πρὸς

2269 3557 2429 3613 ἑαυτὸ
2470 3556 2861 3626 συναγόμενον’
2895 3550 3014 3609 εἶτα
3048 3554 3139 3608 τοῦ
3172 3554 3351 3609 ἐλαίου
3394 3556 3464 3609 τά
3501 3555 3670 3627 μόρια
3706 3557 3850 3609 πᾶσι.

2266 3651 2378 3711 τοῖς
2404 3646 2784 3717 ὑποκειμένοις
2813 3645 3230 3709 ἐπιπολάζοντα,
3257 3646 3350 3700 καὶ
3380 3647 3507 3718 περὶ
3532 3645 3698 3699 ἑαυτά
3721 3661 3854 3699 συν-

2269 3741 2563 3812 ιστάμενα*
2619 3737 2792 3802 οὑτως
2837 3732 2990 3808 οἶμαι
3030 3737 3138 3790 δεῖν
3171 3738 3265 3790 καὶ
3311 3738 3440 3809 περὶ
3478 3738 3578 3808 τῆς
3625 3753 3855 3810 προκει-

2270 3833 2437 3906 μένης
2467 3829 2698 3902 θεωρίας
2747 3829 3123 3900 στοχάζεσθαι,
3153 3828 3406 3882 τοσοῦτον
3438 3828 3852 3892 ὑπαλλάξαντας

589 3923 748 3993 μόνον
790 3919 885 3972 τοῦ
923 3918 1350 3988 ὑποδείγματος,
1399 3919 1538 3973 ὥστε
1578 3918 1638 3972 τὸ
1665 3921 1724 3974 ἑν
1770 3924 1883 3984 τοῖς
1929 3923 2173 3991 ρευστοῖς
2211 3917 2311 3979 ὧδε
2343 3922 2429 3976 διὰ
2477 3919 2570 3974 τοῦ
2636 3919 2835 3990 βάρους
2893 3918 3208 3989 γινόμενον,
3258 3918 3350 3971 ἐπὶ
3390 3917 3488 3983 τῆς
3534 3913 3854 3988 ἀνωφεροῦς

589 4015 804 4082 φύσεως
858 4013 998 4065 κατὰ
1045 4012 1104 4064 τὸ
1158 4011 1392 4082 ἔμπαλιν
1449 4012 1741 4082 θεωρῆσαι.
1800 4013 2025 4070 Πάντων
2075 4017 2184 4088 γὰρ
2223 4015 2644 4087 ἀναφερομένων
2703 4013 2808 4065 ὑπὸ
2848 4012 3177 4081 κουφότητος
3210 4011 3327 4080 ἅμα
3373 4013 3440 4081 τῇ
3487 4009 3678 4081 πρώτῃ
3736 4007 3854 4062 τῶν

589 4111 757 4164 ὅντων
804 4105 1097 4176 καταϐολῇ,
1139 4107 1214 4168 ὡς
1258 4102 1370 4176 εἶχε
1418 4106 1613 4176 τάχους
1664 4107 1892 4160 ἕκαστον
1949 4109 2091 4162 κατά
2134 4111 2232 4182 τὴν
2261 4109 2586 4181 ὲγκειμένην
2613 4109 2723 4170 τοῖς
2763 4107 2926 4158 πᾶσιν
2952 4107 3017 4158 ἑκ
3043 4104 3256 4175 φύσεως
3283 4103 3528 4175 δύναμιν,
3558 4101 3856 4156 ἀκόλουθον

587 4199 656 4274 ἦν
679 4201 758 4272 τῷ
787 4197 1152 4270 ίσοδρομοῦντι
1181 4197 1431 4268 ἀλλήλοις
1469 4197 1644 4250 πάντα
1689 4197 2032 4270 συνδραμεῖν,
2063 4200 2157 4254 καὶ
2185 4200 2326 4254 οὕτω
2377 4198 2720 4273 διακριθῆναι
2777 4196 2922 4251 κατὰ
2951 4195 3050 4267 τὴν
3087 4195 3180 4249 τοῦ
3208 4196 3404 4266 τάχους
3451 4195 3712 4264 διαφοράν
3750 4193 3853 4249 ἀπ’

587 4295 853 4368 ἀλλήλων,
882 4295 988 4349 τῶν
1032 4293 1294 4357 ὡσαύτως
1322 4294 1642 4362 πεφυκότων
1683 4311 1742 4346 τε
1787 4295 1880 4348 καὶ
1921 4294 2253 4367 δυναμένων.

661 4386 731 4442 Ut
764 4388 928 4459 igitur
957 4387 1011 4441 in
1045 4385 1294 4464 exemplo
1334 4385 1614 4456 proposito
1661 4400 1843 4440 rerum
1879 4384 2161 4441 ﬂuentium
2196 4391 2240 4446 D

593 4480 824 4532 secretio
846 4485 899 4531 et
927 4477 1201 4546 separatio
1225 4477 1510 4530 materiam
1543 4475 1874 4546 singularem
1903 4490 2010 4529 non
2041 4491 2169 4530 con-

589 4570 790 4636 stituit,
819 4568 913 4622 sed
940 4567 1054 4640 jam
1085 4568 1282 4622 factam
1305 4566 1578 4632 distinxit,
1612 4568 2036 4639 distinctamque
2073 4569 2170 4624 de-

594 4659 918 4715 monstravit
947 4677 961 4713 :
1000 4658 1079 4714 sic
1108 4659 1164 4712 in
1214 4659 1380 4716 trium
1410 4659 1621 4715 dierum
1657 4660 1835 4732 spatio
1890 4659 2170 4721 iilustraus

595 4751 730 4806 solis
753 4757 968 4816 natura,
997 4757 1350 4823 potestasque
1386 4749 1526 4805 facta
1555 4766 1661 4806 non
1695 4758 1802 4815 est,
1829 4751 1926 4810 sed
1959 4767 2083 4806 cum
2115 4751 2169 4806 in

597 4841 950 4896 universitate
1001 4853 1184 4894 rerum
1231 4839 1424 4900 diﬂ'usa
1454 4850 1620 4903 esset,
1657 4841 1820 4896 simul
1872 4849 2063 4896 coacta
2091 4851 2176 4896 est

597 4942 653 4989 et
703 4933 1014 5002 conjuncta.
1051 4928 1109 4985 Si
1143 4931 1266 5000 quis
1291 4941 1471 4986 autem
1501 4945 1532 4984 a
1565 4931 1724 4986 nobis
1753 4939 1807 4987 et
1860 4931 2008 4987 tertii
2047 4931 2173 4986 cmli

603 5025 872 5078 rationem
927 5026 1096 5094 petat,
1161 5022 1307 5093 quod
1370 5022 1548 5078 Moses
1605 5039 1714 5078 non
1777 5023 2020 5098 scripsit,
2079 5023 2176 5078 sed

602 5114 804 5169 Paulus
831 5115 988 5178 vidit,
1010 5120 1065 5169 et
1090 5115 1145 5168 in
1181 5116 1300 5185 ipso
1324 5125 1579 5184 tanquam
1610 5114 1665 5169 in
1694 5115 1872 5186 adytis
1896 5115 2177 5185 sapientia:

603 5204 914 5259 consistens
946 5219 1144 5258 arcana
1179 5204 1384 5258 audivit
1409 5203 1475 5268 ³⁵,
1520 5204 1591 5258 ab
1630 5204 1739 5258 illis
1785 5217 1904 5274 qua:
1933 5202 2178 5272 exposita

607 5301 756 5358 sunt,
785 5295 1005 5348 tertium
1063 5293 1195 5348 illud
1226 5294 1423 5350 calum
1458 5309 1565 5348 non
1599 5293 1788 5349 abesse
1820 5291 2179 5361 respondem-

2339 4386 2551 4453 Ὥσπερ
2596 4376 2688 4435 οὖν
2750 4378 2845 4432 ἐπὶ
2905 4377 2996 4430 τοῦ
3038 4376 3433 4447 ὑποδείγματος
3488 4376 3522 4446 ἡ
3581 4374 3690 4428 τῶν
3724 4375 3855 4446 ῥευυ

2276 4476 2416 4530 στῶν
2437 4472 2641 4527 τούτων
2671 4471 2939 4540 διάκρισις
2978 4469 3078 4522 οὑκ
3115 4468 3338 4538 ἐποίησε
3372 4465 3460 4520 διὰ
3500 4465 3600 4535 τῆς
3637 4464 3858 4518 διαστο-

2272 4565 2374 4636 λῆς
2397 4563 2495 4626 τὰς
2523 4560 2674 4625 ὔλας,
2704 4559 2840 4613 ἀλλὰ
2866 4559 2966 4622 τὰς
3000 4555 3368 4627 γεγενημένας
3390 4555 3482 4607 καὶ
3511 4555 3568 4606 ἑν
3591 4551 3854 4623 ἀλλήλαις

2275 4653 2580 4726 κεχυμένας
2625 4649 2882 4722 καθαρῶς
2918 4649 3154 4719 ἑκάστην
3179 4649 3286 4700 ἀπο
3322 4647 3418 4716 τῆς
3445 4643 3612 4716 ἄλλης
3641 4643 3855 4715 διακρι-

2277 4743 2462 4797 θεῖσαν
2507 4737 2794 4804 ἀνέδειξεν’
2832 4735 2976 4791 οὕτω
3013 4737 3107 4790 καὶ
3147 4735 3284 4806 μετά
3325 4734 3385 4787 τὸ
3416 4735 3712 4805 τριήμερον
3753 4731 3853 4787 τοῦ

2276 4836 2468 4908 χρόνου
2489 4833 2763 4902 διάστημα
2793 4829 2913 4901 οὑχ.
2935 4825 3149 4897 ἐγένετο
3175 4829 3207 4898 ἡ
3239 4826 3538 4896 φωτιστικὴ
3571 4824 3664 4878 τοῦ
3693 4823 3850 4895 ἡλίου

2279 4926 2440 4997 φύσις
2476 4923 2571 4978 καὶ
2610 4921 2856 4992 δύναμις,
2899 4918 3033 4972 ἀλλὰ
3064 4916 3429 4987 διακεχυμένη
3471 4915 3609 4986 πρὸς
3645 4915 3706 4969 τὸ
3741 4916 3855 4968 πᾶν

2282 5016 2418 5088 πρὸς
2450 5013 2618 5084 ἑαυτὴ
2695 5009 2959 5080 διεκρίθη.
2991 5009 3053 5061 Εἰ
3082 5008 3139 5060 δέ
3171 5025 3255 5069 τις
3283 5008 3429 5076 ἡμᾶς
3479 5005 3725 5076 ἑπαιτοίη
3760 5006 3859 5058 καὶ

2284 5110 2412 5179 περὶ
2445 5105 2540 5156 σε’-ἦ
2567 5104 2749 5175 τρίτου
2779 5099 3007 5172 ούρανοῦ
3032 5099 3210 5166 λόγον,
3254 5099 3312 5150 δν
3340 5100 3369 5151 ὁ
3397 5099 3600 5168 Μωσῆς
3635 5097 3734 5166 μὲν
3755 5097 3860 5150 οὐκ

2287 5195 2542 5266 ἔγραψά,
2574 5191 2780 5252 Παῦλος
2809 5189 2864 5240 δὲ
2913 5184 3071 5248 εἶδεν,
3111 5185 3204 5238 καὶ
3232 5186 3290 5238 ὲν
3318 5184 3467 5256 αύτῴ
3506 5184 3756 5253 καθάπερ
3800 5184 3861 5237 ὲν

2287 5286 2500 5348 ἀδύτοις
2528 5283 2637 5336 τισὶ
2659 5281 2759 5351 τῆς
2781 5279 2971 5348 σοφίας
2990 5276 3299 5346 γενόμενος,
3326 5275 3436 5330 τῶν
3469 5275 3722 5346 ἀρρήτων
3767 5275 3862 5326 ὲπ-

610 5402 750 5442 mus.
804 5385 1031 5472 Videtur
1059 5385 1202 5439 enim
1256 5385 1388 5440 milii
1427 5399 1656 5456 magnus
1691 5384 1848 5441 etiam
1887 5381 2161 5452 Apostolw

2285 5376 2622 5452 ηκροάσατο,
2643 5371 2800 5425 τοῦτό
2829 5387 3030 5442 φαμεν,
3055 5369 3137 5423 ὅτι
3169 5367 3269 5422 οὑκ
3297 5367 3401 5434 ἔξω
3421 5367 3530 5422 τῶν
3557 5363 3866 5458 ἐξητασμέ-

679 5525 724 5558 ³⁸
754 5522 793 5576 ll
825 5525 951 5578 Cor.
995 5540 1085 5586 ιιι,
1119 5522 1238 5577 ὶ-ι.

685 5656 900 5730 (ομνια
964 5665 1230 5734 suspecta.
1287 5653 1592 5723 Lugendum
1648 5651 1897 5721 δεύτερον
1961 5641 2112 5700 οὑσα.
2171 5644 2324 5700 Εωτ.
