4106 6208
338 285 436 342 191

1592 285 1662 344 IN
1701 288 2174 347 HEXAEMERON
2213 291 2434 350 LIBER.

3506 297 3611 352 122

341 419 457 456 νων
485 400 516 452 ὀ
538 395 718 470 τρίτος
759 397 963 460 ἐκεῖνος
995 389 1224 469 οὐρανός
1248 398 1384 452 ἐστι.
1430 400 1589 453 Δοκεῖ
1632 400 1738 472 γάρ
1787 418 1877 473 μοι
1898 404 1927 455 ὀ

2052 407 2255 460 vincens
2278 420 2468 460 omnes
2499 408 2810 476 superiores
2833 410 3003 467 totius
3023 418 3252 474 natura,
3290 423 3411 479 qua
3441 425 3605 464 sensu

354 490 530 560 μέγας
589 485 912 549 Ἀπόστολος
959 489 990 540 ὀ
1035 489 1170 540 πᾶσι
1218 490 1332 551 τοῖς
1375 487 1688 560 ἔμπροσθεν
1735 493 1929 546 ἑαυτὸν

355 577 697 640 ἀπεκτείνων,
727 576 922 640 διαϐὰς
945 578 1125 648 πάσης
1151 578 1251 647 τῆς
1279 577 1539 649 αίσθητῆς
1561 580 1777 648 φύσεως
1803 581 1931 645 τοὺς

351 674 528 742 ὄρους,
567 671 650 732 είς
683 670 782 739 τὴν
821 669 1018 739 νοητὴν
1061 668 1410 726 κατάστασιν,
1434 670 1810 740 παρεισδῦναι,
1868 671 1928 724 ού

348 762 673 834 σωματικῆς
694 760 939 832 ἀκριϐῶς
963 762 1258 832 γινομένης
1282 759 1430 832 αὐτῷ
1456 762 1553 830 τῆς
1583 761 1692 814 τῶν
1726 761 1932 833 νοητῶν

345 855 602 927 θεωρίας.
639 851 812 907 Τοῦτο
845 852 954 924 γάρ
997 852 1093 906 καὶ
1121 852 1288 916 αὐτὸς
1314 851 1395 923 τῷ
1430 852 1545 924 ἰδίῳ
1574 852 1719 923 λόγῳ
1753 870 1934 926 παρα-

346 947 676 1017 σημαίνεται
706 944 899 1010 είπὼν,
921 946 1002 998 ὅτι
1025 964 1044 996 ι
1076 945 1187 1000 εἴτε
1216 947 1274 998 ὲν
1303 943 1514 1016 σώματι
1538 946 1638 998 ούκ
1663 942 1798 1011 οἶδα,
1822 946 1933 999 εἴτε

343 1042 504 1104 ἐκτὸς
527 1039 624 1094 τοῦ
651 1040 900 1108 σώματος
924 1041 1023 1093 οὑκ
1037 1035 1184 1094 οἶδα·
1213 1041 1242 1092 ὀ
1264 1039 1396 1103 Θεὸς
1435 1037 1576 1094 οἶδεν
1617 1040 1933 1112 ἁρπαγέντα

342 1136 439 1187 τὸν
461 1133 705 1187 τοιοῦτον
736 1133 843 1197 ἓως
873 1131 1058 1204 τρίτου
1092 1131 1343 1204 ούρανοῦ.
1372 1150 1391 1183 δ
1415 1131 1488 1184 Τὸ
1514 1127 1606 1185 οῦν
1637 1131 1934 1202 ἀκρότατον

342 1224 440 1277 τοῦ
471 1221 735 1294 αἰσθητοῦ
770 1224 975 1294 κόσμου
1013 1224 1196 1294 τρίτον
1224 1218 1378 1294 οἶμαι
1417 1221 1646 1292 οὐρανὸν
1676 1235 1936 1291 προειρηο

344 1316 505 1370 κέναι
534 1317 628 1370 τὸν
647 1315 880 1381 Παῦλον,
908 1316 1068 1388 τριχῆ
1093 1316 1190 1386 μὲν
1209 1315 1444 1386 τεμόντα
1464 1315 1570 1366 πᾶν
1585 1312 1646 1366 τὸ
1677 1312 1936 1383 φαινόμε-

344 1426 462 1473 νον,
500 1407 645 1461 κατά
685 1407 743 1460 δὲ
797 1407 897 1478 τὴν
949 1405 1234 1477 συνήθειαν
1271 1407 1371 1477 τῆς
1412 1405 1657 1478 Γραφῆς,
1705 1403 1936 1459 ἕκαστον

344 1501 458 1554 τῶν
492 1500 801 1572 τμημάτων
827 1499 1034 1554 τούτων
1069 1499 1299 1571 οὐρανὸν
1336 1498 1698 1569 ὀνομάσαντα.
1736 1498 1796 1550 '0
1827 1495 1937 1568 γάρ

345 1593 448 1662 τῆς
475 1593 700 1663 Γραφῆς
734 1592 912 1660 λόγος,
943 1596 1000 1646 ἐν
1028 1593 1366 1663 καταχρήσει
1394 1591 1502 1644 τινὶ
1530 1591 1810 1662 ῥημάτων,
1839 1589 1937 1642 ἕνα

353 1687 454 1755 μὲν
475 1685 706 1753 οὐρανὸν
745 1681 1020 1754 ὀνομάζει,
1050 1682 1140 1736 τὸν
1168 1683 1294 1754 ὅρον
1333 1683 1428 1735 τοῦ
1456 1680 1936 1752 παχυμερεστέρου

352 1777 538 1848 ἀέρος.
595 1777 787 1848 μέχρις
825 1771 885 1830 οῦ
922 1778 1014 1829 καὶ
1056 1776 1191 1847 νέφη
1233 1776 1326 1828 καὶ
1371 1775 1560 1845 ἄνεμοι
1603 1774 1698 1826 καὶ
1747 1774 1780 1843 ὴ
1830 1772 1938 1825 τῶν

349 1866 635 1936 ὑψιπετῶν
671 1866 872 1936 ὀρνέων
905 1865 1130 1937 φέρεται
1169 1864 1350 1934 φύσις.
1379 1863 1490 1916 Καὶ
1517 1861 1625 1933 γάρ
1654 1861 1750 1915 κα⁸ι
1777 1859 1936 1928 νεφέ-

354 1958 455 2021 ὶας
487 1957 718 2028 ούρανοῦ
757 1955 925 2024 λέγει,
966 1951 1069 2010 καὶ
1116 1954 1337 2008 πετεινά
1387 1952 1657 2024 οὐρανοῦο
1699 1951 1791 2005 καὶ
1841 1951 1941 2019 οὐχ

356 2049 556 2111 ἁπλῶς
608 2047 826 2119 οὐρανὸν
876 2047 1026 2116 λέγει
1075 2046 1284 2112 τοῦτον,
1338 2044 1474 2098 ἀλλὰ
1518 2045 1614 2097 καὶ
1663 2040 1802 2112 μετὰ
1845 2040 1940 2094 τοῦ

364 2141 763 2213 περεὼματος.
811 2140 973 2209 Λέγει
1023 2138 1154 2208 γάρ,
1191 2157 1209 2189 ι
1261 2135 1607 2206 Ἐξαγαγέτω
1651 2135 1721 2188 τά
1774 2133 1943 2187 ὕδατα

357 2237 569 2307 ἑρπετά
596 2235 781 2305 ψυχῶν
809 2232 1021 2299 ζωσῶν,
1048 2231 1141 2284 καὶ
1180 2229 1402 2283 πετεινά
1435 2227 1711 2298 πετόμενα
1731 2227 1823 2280 ἐπὶ
1842 2225 1943 2296 τῆς

355 2325 461 2393 γῆς
489 2324 631 2376 κατά
657 2322 718 2375 τὸ
765 2321 1053 2391 στερέωμα
1085 2319 1180 2372 τοῦ
1213 2317 1463 2389 ούρανοῦ.
1505 2335 1524 2368 ι
1562 2312 1694 2370 Εἶτα
1726 2315 1788 2368 τὸ
1826 2313 1946 2367 ἓτε-

355 2433 471 2488 ρον,
497 2413 727 2483 οὐρανόν
753 2428 811 2465 τε
856 2412 949 2465 καὶ
990 2410 1276 2481 στερέωμα
1310 2407 1689 2478 κατονομάζει,
1718 2408 1781 2460 τὸ
1808 2405 1946 2478 μετὰ

351 2507 452 2576 τὴν
479 2504 698 2574 ἀπλανῆ
729 2503 968 2572 σφαῖραν
1009 2501 1138 2571 περὶ
1174 2500 1238 2553 τὺ
1269 2499 1420 2562 ὲντδς
1451 2497 1846 2571 θεωρούμενον,
1887 2499 1946 2553 ὲν

354 2591 400 2669 ᾧ
431 2597 482 2649 οἱ
538 2595 806 2665 πλανῆται
851 2591 958 2647 τῶν
992 2591 1237 2664 ἀστέρων
1300 2589 1734 2662 διαπορεύονται.
1783 2589 1947 2658 Λέγει

355 2691 486 2760 γὰρ.
540 2689 623 2742 ὅτι
655 2706 673 2739 ι
723 2684 1012 2756 Ἐποίησεν
1055 2686 1084 2736 ὀ
1130 2682 1262 2746 Θεὸς
1299 2682 1428 2745 τοὺς
1478 2683 1774 2753 φωστῆρας
1821 2680 1948 2744 τοὺς

361 2782 653 2854 μεγάλους,
698 2779 792 2833 καὶ
833 2776 986 2830 ἔθετο
1019 2776 1218 2839 αὐτοὺς
1253 2776 1313 2828 ὲν
1356 2773 1435 2844 τῷ
1473 2774 1814 2845 περεὼματι
1850 2770 1947 2826 τοῦ

356 2872 612 2946 ούρανοῦ,
644 2872 788 2928 ὥστε
833 2869 1044 2940 φαίνειν
1074 2867 1167 2921 ἐπὶ
1195 2867 1295 2937 τῆς
1321 2865 1448 2938 γῆς.
1489 2885 1508 2917 ι
1535 2866 1707 2918 Παντὶ
1738 2865 1795 2917 δὲ
1818 2864 1952 2936 πρό-

356 2968 518 3038 δηλον
533 2965 612 3036 τῷ
628 2962 877 3018 ὁπωσοῦν
894 2959 1291 3030 ἐπεσκεμμένῳ
1307 2957 1403 3028 τὴν
1418 2955 1512 3010 τοῦ
1530 2955 1731 3020 παντὸς
1745 2955 1952 3009 διακόσ-

360 3079 554 3133 μησιν,
567 3061 690 3112 ὅσον
709 3054 1050 3124 ὑποϐέσληκε
1068 3052 1241 3106 ταῦτα
1258 3068 1325 3104 πε
1336 3055 1388 3122 pi
1402 3051 1501 3122 τὴν
1512 3050 1623 3104 ἀνω
1643 3047 1833 3120 φοράν,
1857 3047 1950 3102 καὶ

358 3151 495 3206 αὐτὸ
512 3151 570 3204 δὲ
590 3150 650 3202 τὺ
664 3147 962 3218 ἀκρότατον
981 3143 1074 3197 τοῦ
1105 3139 1366 3213 αἰσθητοῦ
1389 3142 1619 3212 κόσμου,
1649 3140 1676 3193 ὀ
1699 3139 1950 3212 μεθόριον

359 3245 462 3314 τῆς
478 3241 678 3313 νοητῆς
695 3238 922 3302 κτίσεως
931 3277 945 3301 ,
963 3253 1050 3290 στε
1058 3234 1247 3307 ρέωμά
1261 3252 1321 3287 τε
1333 3234 1428 3288 καὶ
1437 3234 1497 3286 ού
1505 3234 1663 3305 ρανδν
1675 3232 1948 3303 ὀνομάζει.

448 3334 507 3386 '0
551 3326 647 3384 οὖν
697 3326 1040 3397 ἐπιθυμητὴς
1068 3322 1178 3376 τῶν
1225 3323 1365 3394 ὑπὲρ
1393 3321 1572 3389 λόγον,
1607 3319 1703 3374 καὶ
1735 3318 1953 3373 σκοπῶν

363 3424 552 3488 καθὼς
615 3421 713 3476 καὶ
761 3421 896 3490 ἡμῖν
958 3414 1304 3485 ὲγκελεύεται
1368 3412 1535 3484 μηδὲν
1597 3410 1708 3464 τῶν
1761 3410 1956 3481 βλεπο-

370 3519 584 3589 μένων·
636 3515 719 3567 ὅτι
769 3510 837 3564 τὰ
892 3509 990 3579 μὲν
1033 3506 1340 3578 βλεπόμενα
1383 3504 1726 3576 πρόσκαιρα,
1777 3501 1849 3555 τά
1899 3501 1956 3554 δὲ

370 3609 451 3680 μὴ
515 3605 820 3678 βλεπόμενα
877 3599 1070 3655 αἰώνια
1097 3616 1110 3628 ο
1177 3599 1311 3652 ὅπου
1375 3597 1536 3650 αὐτὸν
1592 3597 1626 3666 ἡ
1686 3591 1957 3664 ἐπιθυμία

366 3701 608 3771 ἐπῆρεν,
655 3699 765 3749 ἐκεῖ
816 3696 1033 3764 ἐγένετο
1083 3691 1319 3761 ὑψωθεὶς
1368 3692 1434 3762 τῇ
1491 3688 1740 3759 δυνάμει.
1787 3685 1958 3738 Τοῦτο

369 3787 716 3860 ἐπιθυμητὸν
765 3785 909 3857 αὺτῷ
959 3781 1393 3854 προδεικνύντος,
1435 3781 1530 3835 καὶ
1578 3779 1700 3834 ἀντὶ¹
1763 3779 1957 3845 εἰπεῖν,

369 3877 504 3937 Οἶδα
526 3879 813 3951 ἄνθρωπον
841 3878 1024 3930 πᾶσαν
1051 3875 1150 3945 τὴν
1179 3872 1444 3944 αἰσθητὴν
1472 3871 1731 3924 διαὸάντα
1761 3869 1958 3932 κτίσιν,

372 3977 468 4029 καὶ
508 3977 566 4027 ἐν
607 3975 722 4034 τοῖς
753 3969 967 4032 ἀδύτοις
1003 3968 1102 4038 τῆς
1148 3966 1346 4037 νοητῆς
1393 3964 1682 4034 γενόμενον
1717 3961 1958 4032 φύσεως·

372 4065 564 4137 ἐπειδὴ
594 4066 659 4117 ὲκ
689 4062 883 4124 παιδὸς
906 4059 976 4113 τά
1015 4057 1138 4130 ἱερά
1161 4058 1463 4128 γράμματα
1498 4050 1658 4119 οἶδεν,
1683 4055 1804 4116 ταῖς
1827 4067 1965 4124 γρα-

373 4162 562 4228 φικαῖς
597 4156 806 4226 φωναῖς
844 4149 1191 4222 διασημαίνει
1239 4149 1301 4202 τὸ
1341 4148 1534 4217 ὄνομα,
1573 4144 1756 4216 τρίτον
1798 4143 1964 4213 οὐρα-

374 4259 466 4305 τὸν
518 4248 798 4317 ὀνομάσας
849 4245 947 4314 τὴν
995 4241 1104 4296 τῶν
1141 4239 1312 4312 τριῶν
1364 4239 1570 4293 τούτων
1621 4235 1733 4289 τῶν
1783 4236 1842 4286 ὲν
1886 4231 1966 4302 τῷ

378 4342 544 4395 παντὶ
593 4336 988 4410 θεωρουμένων
1038 4335 1343 4406 τμημάτων
1392 4328 1654 4394 διέξοδον·
1707 4324 1972 4401 κατέλιπε⁸

378 4435 490 4503 γὰρ
521 4431 611 4483 τὸν
654 4429 830 4499 ἀέρα·
865 4425 1182 4498 παρέδραμε
1236 4424 1330 4478 καὶ
1363 4422 1464 4493 τὴν
1509 4419 1598 4473 διὰ
1643 4419 1810 4489 μέσου
1858 4415 1967 4468 τῶν

2031 497 2349 566 percipitur,
2402 499 2664 553 terminos
2712 505 3134 568 transcendisse,
3169 503 3235 557 ad
3265 517 3495 570 eamque
3525 503 3608 555 in-

2031 604 2277 658 gressum
2331 604 2473 654 esse,
2510 607 2630 660 qua
2661 593 2845 648 animo
2875 603 3164 664 menteque
3191 595 3609 664 comprehendi-

2031 690 2142 747 tur,
2203 697 2326 736 cum
2388 684 2764 752 spectaculum
2817 685 2950 740 illud
3008 686 3230 742 minime
3284 699 3607 754 corporeum

2033 771 2217 839 fuerit,
2245 783 2306 828 ut
2337 773 2567 843 ipsemet
2589 774 2877 846 signiﬁcat,
2908 795 2927 827 ι
2960 777 3075 832 sive
3102 776 3158 832 in
3187 791 3436 847 corpore,
3468 795 3486 828 ι
3525 776 3610 830 in-

2031 865 2246 935 quiens,
2288 884 2306 916 ι
2343 865 2528 921 nescio
2571 885 2584 921 :
2622 868 2736 922 sive
2781 876 2935 922 extra
2977 883 3199 938 corpus,
3224 865 3610 922 nesciozbeus

2033 955 2138 1009 scit
2185 963 2400 1025 raptum
2426 957 2694 1026 ejusmodi
2744 958 3020 1015 hominem
3070 974 3244 1029 usque
3283 959 3350 1013 ad
3385 959 3608 1012 tertium

2033 1045 2254 1100 calum.
2294 1067 2313 1098 ι
2374 1045 2658 1102 Summum
2715 1048 2881 1120 igitur
2929 1050 3061 1104 illud
3115 1051 3330 1105 culmen
3381 1048 3612 1118 hujusce

2035 1137 2246 1203 mundi,
2278 1154 2437 1208 quem
2465 1137 2722 1204 dicimus,
2744 1139 2982 1194 arbitror
3001 1157 3032 1196 a
3053 1139 3224 1195 Paulo
3250 1140 3470 1195 tertium
3496 1153 3611 1194 ca-

2035 1229 2146 1283 lum
2181 1229 2441 1298 appellari
2476 1250 2488 1285 :
2529 1229 2820 1301 tripliciter
2850 1231 2996 1287 enim
3026 1231 3222 1292 dividit
3261 1246 3423 1286 omne
3467 1229 3612 1300 quod

2036 1318 2301 1384 cernitur,
2351 1328 2404 1374 et
2429 1335 2495 1375 ex
2559 1318 2857 1392 Scriptura
2904 1321 3303 1378 consuetudine
3368 1321 3615 1391 singulas

2036 1417 2220 1480 partes
2267 1411 2467 1466 calum
2503 1419 2680 1466 vocat.
2715 1413 2960 1468 Abutens
2987 1413 3130 1467 enim
3162 1411 3398 1482 quodam
3452 1411 3616 1464 modo

2036 1501 2434 1573 signiﬁcatione
2495 1505 2805 1570 verborum,
2869 1506 3102 1574 spatium
3144 1503 3276 1558 illud
3326 1503 3616 1558 crassioris

2037 1597 2180 1650 aeris
2232 1610 2339 1664 quo
2366 1603 2419 1649 et
2470 1596 2664 1662 nubes,
2697 1606 2750 1651 et
2784 1597 2948 1660 venti,
2995 1605 3049 1651 et
3078 1595 3277 1651 excelsi
3336 1595 3617 1650 volucrum

2040 1687 2251 1740 volatus
2275 1686 2619 1754 perveniunt,
2660 1688 2858 1741 caelum
2891 1704 3059 1743 unum
3095 1688 3360 1749 nominat,
3401 1702 3525 1740 cum
3567 1695 3622 1739 et

2039 1778 2163 1832 cali
2197 1778 2372 1832 nubes
2427 1777 2559 1831 dicit
2597 1786 2649 1832 et
2683 1778 2930 1833 volucres
2961 1779 3108 1832 coeli.
3143 1777 3254 1832 Nec
3302 1777 3622 1846 simpliciter

2040 1867 2240 1922 calum
2317 1867 2424 1921 hoc
2502 1881 2694 1933 vocat,
2770 1868 2864 1923 sed
2951 1867 3199 1940 adjungit
3265 1869 3425 1923 etiam
3503 1868 3622 1923 illas

2041 1973 2223 2024 voces,
2259 1957 2362 2014 sub
2399 1958 2762 2013 ﬁrmamento.
2789 1957 2930 2013 Dicit
2986 1960 3132 2014 enim
3174 1979 3186 2014 :
3237 1979 3254 2011 ι
3312 1958 3624 2014 Producant

2043 2063 2196 2120 aqua
2218 2050 2430 2119 reptiha
2468 2052 2774 2104 animarum
2805 2051 3103 2106 viventium
3149 2059 3205 2106 et
3257 2051 3497 2106 volatilia
3527 2066 3626 2106 vo-

2042 2143 2212 2198 lantia
2267 2158 2434 2214 super
2473 2150 2712 2206 terram,
2755 2143 2858 2198 sub
2919 2143 3262 2198 lirmamento
3327 2142 3452 2198 cali
3489 2142 3555 2195 '°.
3600 2161 3619 2194 ι

2043 2233 2249 2289 Deinde
2301 2234 2529 2288 alterum
2577 2234 2776 2288 calum
2826 2240 2880 2287 et
2935 2233 3340 2288 ﬁrmamentum
3391 2231 3628 2301 appellat

2045 2325 2279 2396 spatium
2333 2323 2490 2390 illud,
2555 2323 2700 2394 quod
2759 2324 3022 2380 inerranti
3077 2323 3305 2394 sphara
3352 2323 3624 2377 inclusum

2045 2419 2453 2481 consideratur,
2511 2417 2564 2470 in
2598 2417 2726 2486 quo
2761 2417 2954 2478 stella,
2989 2410 3127 2486 quas
3159 2425 3405 2470 errantes
3458 2413 3630 2468 nomi-

2047 2517 2201 2568 nant,
2234 2517 2618 2579 pervagantur.
2650 2505 2742 2562 Sic
2771 2507 2885 2562 ait:
2923 2525 2940 2558 ι
2973 2505 3124 2566 Fecit
3161 2505 3305 2560 Deus
3337 2505 3629 2559 luminaria

2046 2616 2265 2669 magna,
2299 2607 2352 2654 et
2382 2599 2561 2668 posuit
2601 2613 2664 2652 ea
2709 2599 2762 2652 in
2811 2598 3153 2652 ﬁrmamento
3193 2598 3341 2656 cali,
3374 2606 3433 2650 ut
3481 2596 3630 2650 luce-

2049 2698 2170 2745 rent
2196 2703 2361 2759 super
2398 2697 2597 2742 terram
2622 2688 2687 2741 ³⁷.
2722 2705 2742 2739 ι
2775 2687 2961 2742 Cuivis
2999 2687 3319 2742 distinctum
3361 2686 3512 2740 orbis
3544 2700 3630 2738 οι·-

2048 2787 2237 2834 natum
2265 2787 2542 2848 utcunque
2581 2776 2953 2832 consideranti
2986 2777 3335 2845 perspicuum
3357 2825 3362 2830 ,
3383 2783 3490 2838 est,
3517 2774 3632 2828 hac

2051 2867 2194 2924 infra
2237 2881 2551 2937 supremum
2594 2865 2727 2920 illud
2776 2865 3052 2936 fastigium
3103 2864 3418 2935 contigisse,
3485 2862 3631 2933 quod

2052 2962 2234 3019 omnia
2261 2961 2518 3016 Sensibus
2557 2959 2791 3014 obnoxia
2813 2959 3205 3027 complectens,
3237 2972 3409 3025 eaque
3449 2958 3635 3024 sejun~

2053 3068 2188 3125 gens
2215 3065 2244 3104 a
2274 3050 2440 3106 rebus
2468 3048 2574 3102 illis
2621 3047 2944 3118 procreatis,
2988 3061 3108 3116 qua
3142 3053 3323 3099 mente
3352 3045 3552 3110 solum,
3581 3053 3636 3098 et

2057 3143 2413 3217 intelligentia
2477 3140 3032 3212 comprehenduntur,
3101 3138 3523 3201 ﬁrmamentum,
3583 3145 3638 3192 et

2054 3241 2254 3296 coelum
2286 3233 2538 3306 appellat.

2125 3329 2199 3383 Ea
2228 3329 2414 3398 igitur,
2446 3342 2568 3397 qua
2597 3325 2778 3381 verbis
2807 3323 3072 3394 explicari
3105 3338 3211 3378 non
3247 3327 3503 3392 possunt,
3536 3334 3635 3372 cu-

2053 3425 2212 3495 piens
2247 3421 2566 3491 Apostolus,
2607 3428 2660 3474 et
2702 3417 3160 3499 quemadmodum
3202 3429 3303 3469 nos
3353 3416 3479 3467 item
3510 3413 3640 3466 hor-

2055 3521 2224 3576 tatur,
2260 3511 2395 3564 nihil
2427 3517 2886 3578 eorumspectans
2919 3522 3038 3577 qua
3055 3505 3205 3560 cerni
3244 3513 3473 3574 queunt,
3511 3517 3635 3556 cum

2056 3619 2121 3658 ea
2158 3618 2280 3673 qua
2305 3601 2582 3667 videntur,
2615 3600 2943 3670 temporaria
2987 3599 3122 3660 sint,
3166 3611 3283 3666 qua
3319 3602 3502 3650 autem
3529 3609 3641 3648 non

2058 3693 2335 3755 videntur,
2377 3700 2579 3746 aterna
2631 3691 2718 3757 ’3;
2757 3691 2942 3744 divina
2991 3689 3192 3743 virtute
3223 3687 3478 3742 sublatus
3522 3699 3646 3754 per—

2059 3787 2208 3842 venit
2232 3800 2297 3840 eo
2330 3799 2438 3854 quo
2467 3782 2738 3837 desiderio
2783 3780 3059 3834 ferebatur
3086 3820 3100 3842 ,
3161 3793 3397 3847 cumque
3456 3789 3645 3831 sacras

2052 3875 2296 3930 Litteras
2325 3890 2353 3927 a
2374 3873 2606 3944 pueritia
2636 3871 2944 3936 didicisset,
2986 3870 3166 3924 verbis
3195 3867 3494 3939 Scriptura
3530 3866 3646 3921 usi-

2062 3964 2191 4020 tatis
2216 3978 2326 4019 rem
2357 3963 2532 4033 ipsam
2554 3961 2846 4033 expressit,
2873 3960 3098 4034 tertium
3130 3959 3330 4013 calum
3366 3957 3648 4028 appellans

2063 4057 2258 4111 harum
2288 4056 2452 4109 trium
2498 4055 2826 4120 sectionum,
2877 4067 2999 4124 qua
3049 4051 3104 4106 in
3139 4049 3339 4104 mundo
3372 4049 3646 4105 videntur,

2063 4155 2386 4203 extremam.
2426 4143 2641 4201 Relicto
2687 4146 2832 4200 enim
2874 4159 3018 4208 aere,
3053 4135 3419 4211 superatoque
3472 4134 3651 4189 medio

2065 4241 2162 4295 illo
2199 4239 2398 4310 spatio,
2429 4238 2484 4293 in
2528 4253 2639 4309 quo
2685 4237 2986 4294 errantium
3028 4235 3309 4289 stellarum
3353 4230 3516 4285 orbes
3542 4243 3653 4283 ver-

2067 4339 2298 4394 santur,
2359 4344 2634 4386 summum
2712 4327 3062 4383 atheriorum
3134 4324 3322 4377 ﬁnium
3389 4321 3651 4374 ambitum

2068 4421 2429 4486 transcendit,
2470 4431 2525 4477 et
2575 4420 2642 4474 ad
2674 4420 2883 4474 ﬁrmam
2939 4418 3106 4481 illam,
3161 4430 3282 4486 quae
3315 4415 3429 4470 sola
3479 4426 3656 4467 mente

378 4500 627 4591 ἀστέρων
653 4516 1021 4588 κυκλοφορίαν
1042 4534 1054 4546 ·
1081 4513 1317 4584 ἐπέρασε
1339 4511 1396 4565 δὲ
1416 4510 1514 4564 καὶ
1537 4508 1635 4582 τὴν
1659 4509 1833 4580 ἄκραν
1858 4505 1952 4558 τῶι

2069 4508 2408 4579 percipitur,
2480 4516 2731 4562 naturam
2795 4506 3152 4575 perveniens,
3219 4501 3458 4574 paradisi
3521 4500 3657 4555 vidit

380 4614 639 4683 αἱθερὶων
670 4612 815 4682 ὅρων
867 4605 1178 4678 περιϐολὴν,
1224 4603 1316 4657 καὶ
1359 4602 1417 4654 ὲν
1455 4603 1521 4672 τῇ
1579 4598 1830 4668 στασίμῳ
1871 4596 1966 4649 καὶ

379 4708 554 4776 νοητῇ
576 4704 736 4773 φύσει
765 4701 1076 4773 γενόμενος,
1095 4695 1200 4751 οἶδε
1221 4696 1290 4750 τὰ
1311 4694 1407 4749 τοῦ
1431 4692 1755 4764 παραδείσου
1775 4688 1978 4762 κάλλη,

382 4798 484 4851 καὶ
509 4796 740 4864 ῆκουσεν
767 4793 802 4847 ἀ
828 4790 1143 4864 ἀνθρωπίνη
1172 4788 1333 4857 φύσις
1359 4788 1420 4841 οὐ
1447 4785 1762 4856 φθέγγεται.
1786 4781 1975 4835 Ταῦτὰ

384 4908 498 4955 σοι,
535 4883 583 4942 ὧ
624 4887 872 4958 ἀνθρωπε
914 4883 1012 4940 τοῦ
1043 4882 1204 4948 Θεοῦ,
1243 4883 1374 4954 περὶ
1413 4878 1524 4934 τῶν
1553 4875 1974 4950 προϐληθέντων

385 4985 530 5056 ἡμῖν
570 4980 722 5052 παρά
763 4979 866 5049 τῆς
907 4974 1178 5040 συνέσεώς
1214 4991 1307 5028 σου
1355 4969 1790 5043 ἀπεκρινάμεθα,
1840 4967 1979 5056 μήτε

388 5055 443 5128 τι
482 5074 586 5144 τῆς
638 5069 919 5141 γραφικῆς
952 5067 1154 5134 λέξεως
1199 5065 1280 5128 είς
1323 5059 1588 5134 τροπικὴν
1651 5055 1980 5128 ἀλληγορίαν

396 5165 888 5237 μεταποιήσαντες,
950 5160 1088 5231 μήτε
1142 5155 1457 5227 παριδόντες
1504 5169 1559 5205 τι
1612 5149 1721 5204 τῶν
1773 5150 1983 5202 ἀντιτε-

394 5259 597 5312 θέντων
653 5254 790 5326 ἡμῖν
854 5252 1235 5319 ἀνεξέταστονο
1306 5245 1422 5300 ἀλλ’
1483 5245 1560 5308 ὡς
1618 5238 1688 5314 ἦν
1757 5237 1986 5293 δυνατὸν

399 5347 671 5418 μενούσης
725 5345 829 5416 τῆς
881 5343 1078 5409 λέξεως
1143 5340 1237 5394 ἐπὶ
1299 5340 1398 5410 τῆς
1465 5336 1603 5398 ἰδίας
1667 5333 1982 5404 ἐμφάσεως,

396 5441 471 5512 τῷ
501 5440 605 5510 τῆς
646 5438 862 5508 φύσεως
902 5435 1079 5508 εἱρμῷ
1119 5433 1209 5488 διά
1239 5431 1339 5502 τῆς
1384 5429 1618 5501 θεωρίας
1649 5425 1758 5478 τῶν
1787 5425 1982 5495 ὀνομά-

397 5549 506 5587 των
542 5531 990 5604 ἠκολουθήσαμέν
1012 5572 1027 5600 ,
1076 5529 1146 5584 δι’
1195 5520 1274 5582 ὧν
1322 5523 1382 5578 τὸ
1436 5521 1602 5593 μηδὲν
1649 5518 1983 5582 ὑπεναντίως

477 5710 518 5741 ⁸⁸
550 5707 691 5763 Gen.
733 5724 768 5769 ι,
797 5707 885 5764 20.
963 5711 1002 5740 ³⁷
1038 5707 1168 5766 ibid.
1210 5705 1292 5762 lli.
1376 5698 1419 5730 "
1447 5697 1490 5752 Il
1523 5696 1646 5751 Cor.
1673 5709 1746 5758 Iv,
1789 5693 1870 5748 l8.

2069 4599 2553 4670 pulchritudinem,
2587 4606 2642 4653 et
2683 4598 2890 4652 audivit
2917 4613 2980 4651 ea
3003 4613 3124 4668 qua
3171 4596 3410 4650 humana
3459 4602 3654 4646 natura

2073 4705 2182 4746 non
2225 4690 2487 4759 loquitur.
2532 4689 2657 4746 Hac
2685 4690 2802 4753 tibi,
2843 4689 2926 4744 vir
2961 4688 3078 4754 Dei,
3107 4687 3173 4741 ad
3210 4686 3515 4757 preposilas
3553 4699 3655 4737 no~-

2074 4780 2162 4837 bis
2183 4797 2212 4834 a
2245 4780 2534 4851 prudentia
2558 4793 2651 4836 tua
2681 4783 3013 4852 quastioues
3043 4778 3453 4850 respondimus,
3485 4773 3657 4828 nullis

2075 4873 2343 4928 orationis
2368 4873 2658 4944 pigmentis
2679 4873 2910 4927 morales
2933 4871 3219 4942 allegorias
3235 4866 3653 4937 conquirentes:

2078 4982 2184 5023 nec
2231 4967 2630 5036 inexploratum
2692 4972 3083 5035 pratereuntes
3126 4960 3426 5032 quidquam
3469 4973 3657 5011 eorum

2077 5073 2200 5128 qua
2257 5056 2416 5112 nobis
2452 5055 2889 5126 Opponebantur,
2926 5053 3024 5109 sed
3086 5051 3306 5124 propria
3367 5047 3658 5103 verborum

2080 5151 2481 5224 signiﬁcatione
2505 5157 2745 5213 servata,
2778 5156 2987 5202 natura
3041 5144 3286 5200 ordinem
3335 5136 3661 5210 disputando

2037 5231 2046 5241 ’
2083 5241 2362 5312 persecuti
2381 5253 2593 5302 sumus,
2617 5245 2671 5293 et
2693 5236 2828 5290 nihil
2851 5249 3065 5297 eorum,
3091 5246 3211 5303 qua
3240 5229 3415 5300 primo
3440 5233 3660 5296 aspectu

2083 5332 2358 5388 contraria
2424 5328 2769 5391 videbantur,
2810 5326 2879 5381 ab
2903 5325 3028 5380 aliis
3061 5323 3374 5392 discrepare
3399 5335 3499 5390 pro
3533 5316 3664 5370 viri-

2087 5423 2191 5478 bus
2228 5419 2742 5476 demonstravimus.
2779 5414 2842 5470 ln
2874 5413 3100 5483 reliquis
3135 5421 3316 5468 autem
3366 5407 3434 5462 ad
3471 5399 3663 5466 mundi

2091 5515 2523 5587 procreationem
2597 5509 3029 5584 pertinentibus,
3099 5519 3220 5575 qua
3290 5516 3384 5556 sex
3451 5497 3682 5576 dierum
