4106 6208
561 244 666 301 125
1781 241 1837 294 S.
1883 239 2182 295 GREGORI

2204 274 2207 290 ι
2240 234 2531 292 NYSSENI
3723 221 3825 280 124

553 359 733 428 spatio
789 356 931 412 facta
969 366 1118 421 sunt,
1155 357 1437 412 immorari
1473 372 1935 429 supervacaneum
1973 356 2131 412 duxi—
2165 385 2174 420 γ

2192 381 2206 420 ι
2236 353 2377 424 ἔχειν
2410 352 2519 408 τῶν
2543 349 2843 407 δοκούντων
2879 343 3019 401 κατὰ
3055 344 3154 416 τὴν
3192 340 3643 429 ἐπιπολαιοτέραν
3685 339 3813 429 ἀνά-

552 463 700 512 "IIIS,
737 463 858 502 cum
895 449 1143 504 sublimis
1179 451 1267 504 illa
1316 450 1666 522 praeceptoris
1697 465 1801 504 vox
1835 449 1971 503 nihil
1996 449 2136 504 omi-

2237 461 2458 513 γνωσιν,
2487 443 2523 497 ὃ.
2574 441 2886 513 συμφωνεῖν
2919 434 3188 506 ἀλλήλοις,
3235 431 3414 495 καθὼς
3463 426 3534 502 ἦν
3575 427 3815 496 δυνατὸν,

554 539 688 592 serit
720 539 862 608 quod
885 538 951 593 ad
981 555 1100 594 eam
1129 540 1550 611 disputationem
1574 540 1892 611 pertineret,
1911 547 2138 610 excepto

2240 536 2598 607 ἀπεδείξαμεν
2628 551 2640 564 ·
2676 536 2790 597 τοῖς
2828 529 2886 585 δέ
2944 529 3153 591 λοιποῖς
3205 523 3482 588 ἐπεξιέναι
3533 522 3643 576 τῶν
3680 522 3820 576 κατὰ

553 627 793 683 hominis
817 629 1054 698 opificio,
1084 629 1228 699 quod
1269 631 1493 700 proprio
1518 629 1679 694 libro,
1706 645 1866 698 quem
1901 629 2015 693 tibi,
2054 628 2138 681 vir

2238 629 2336 701 τὴν
2412 625 2713 700 ἐξαήμερον
2760 621 3123 694 κοσμογονίαν
3157 616 3562 688 πεποιημένων,
3593 615 3820 686 μάταιον

555 720 778 789 Optime,
818 729 944 775 ante
981 720 1127 775 hunc
1158 720 1428 787 misimus,
1484 735 1586 776 nos
1616 721 2029 789 explicavimus.
2061 717 2139 775 Te

2239 719 2590 791 ἐνομίσαμεν,
2616 717 2715 787 τῆς
2746 715 2958 787 ὑψηλῆς
2985 713 3080 768 τοῦ
3109 708 3431 765 διδασκάλου
3471 706 3655 776 φωνῆς
3715 723 3819 776 μη-

555 821 759 879 autem,
785 820 840 867 et
868 826 1060 866 omnes
1100 811 1167 866 ad
1202 826 1430 882 quorum
1467 826 1665 868 manus
1697 812 1753 866 hi
1790 811 1914 866 libri
1943 825 2137 882 perve-

2239 811 2327 865 δὲν
2361 809 2470 864 τῶν
2525 809 2870 880 ζητουμένων
2913 808 2994 872 εἰς
3044 802 3277 873 θεωρίαν
3330 797 3774 872 παραλειπούσης
3801 809 3817 826 ⁸

553 903 759 968 nerint,
790 910 1013 974 rogatos
1065 904 1340 969 volumus,
1383 910 1444 959 ut
1477 903 1533 958 in
1565 912 1762 959 neutro
1797 903 2018 962 illorum
2054 917 2139 958 me

2241 901 2382 973 πλὴν
2415 901 2514 972 τῆς
2563 899 2659 954 τοῦ
2709 897 2997 971 ἀνθρώπου
3050 895 3423 964 κατασκευῆς,
3457 891 3526 962 ἣν
3570 891 3731 960 ἡμεῖς
3762 891 3819 940 ἐν

555 994 740 1050 studio
773 999 1128 1066 praaceptoris
1158 997 1362 1068 putetis
1398 997 1676 1053 adversari
1710 1016 1724 1052 :
1752 996 1848 1052 sed
1878 995 2140 1068 inpriore

2244 990 2494 1055 ἰδιάζοντι
2525 987 2715 1059 βιϐλίῳ
2748 988 2853 1058 πρὸ
2871 985 3076 1040 τούτων
3111 983 3467 1054 πονήσαντες,
3499 976 3821 1068 ἀπεστείλα-

553 1086 774 1156 quidem
809 1087 1058 1142 relictum
1107 1096 1488 1158 argumentum
1519 1089 1930 1158 suscipientem,
1960 1067 2140 1142 addi-

2245 1081 2346 1154 μέν
2381 1097 2474 1132 σου
2501 1083 2567 1151 τῇ
2595 1078 2913 1148 τελειότητι,
2935 1074 3095 1129 τοῦτο
3121 1075 3218 1128 καὶ
3261 1073 3319 1124 ἐν
3347 1069 3539 1140 ἐκείνῳ
3565 1067 3642 1140 τῷ
3673 1068 3820 1136 λόγῳ

553 1176 702 1233 disse
735 1176 1160 1248 disputationem
1203 1179 1270 1235 de
1299 1167 1542 1244 homine,
1576 1180 1645 1236 iis
1689 1194 1811 1252 qua:
1839 1179 1894 1234 in
1925 1178 2138 1235 ﬂexae-

2243 1174 2336 1228 καὶ
2368 1173 2427 1225 ἐν
2451 1170 2529 1242 τῷ
2556 1169 2804 1241 παρόντι,
2842 1169 2902 1222 σέ
2935 1185 2997 1222 τε
3029 1167 3126 1221 καὶ
3158 1166 3366 1227 πάντας
3408 1163 3534 1224 τοὺς
3559 1160 3821 1230 ἐντυγχά-

552 1283 742 1324 meron
796 1270 865 1324 ab
921 1284 987 1325 eo
1037 1269 1256 1326 fuerant
1305 1271 1628 1326 elaborata:
1668 1271 1725 1326 in
1778 1271 1882 1325 hoc
1928 1276 2135 1336 autem,

2242 1284 2430 1331 νοντας
2459 1266 2920 1340 παραιτούμενοι,
2947 1263 3008 1318 τὸ
3052 1263 3129 1334 μὴ
3159 1259 3370 1315 οἴεσθαι
3398 1259 3546 1330 ἡμᾶς
3579 1254 3821 1322 ἀντεγεί-

551 1367 776 1430 propter
823 1375 920 1417 eos
954 1361 1048 1432 qui
1078 1363 1131 1417 in
1164 1361 1461 1433 Scriptura:
1488 1361 1861 1424 monumentis
1891 1359 2140 1416 ordinem

2246 1377 2358 1432 ρειν
2380 1359 2606 1422 ἑαυτοὺς
2628 1361 2751 1422 ταῖς
2769 1356 2864 1412 τοῦ
2897 1353 3218 1410 διδασκάλου
3254 1350 3512 1412 σπουδαῖς
3527 1366 3540 1379 ·
3559 1347 3674 1401 ἀλλ’
3702 1347 3823 1400 ἐκεῖ

553 1453 862 1522 requirunt,
893 1454 959 1509 ad
993 1455 1108 1510 hzec
1139 1454 1431 1511 scribenda
1457 1455 1538 1512 sic
1565 1456 1810 1510 animum
1835 1453 2138 1524 appulisse,

2245 1450 2345 1520 μὲν
2376 1447 2822 1522 ἀναπληροῦντας
2858 1445 2934 1509 ὡς
2975 1440 3044 1517 ἦν
3091 1441 3316 1498 δυνατὸν
3364 1437 3433 1492 τὰ
3460 1435 3819 1506 ἐλλείμματα,

551 1550 611 1596 ut
631 1544 922 1600 verborum
947 1546 1030 1600 vis
1062 1547 1118 1601 in
1150 1545 1218 1601 iis
1244 1562 1365 1617 quae
1397 1548 1601 1618 scripta
1623 1552 1774 1612 sunt,
1806 1535 2138 1610 servaretur,

2243 1539 2560 1614 προσθεῖναι
2587 1540 2686 1612 τὴν
2727 1540 2806 1601 εἰς
2845 1535 2937 1590 τὸν
2966 1534 3252 1606 ἄνθρωπον
3278 1528 3510 1600 θεωρίαν
3539 1529 3651 1618 τοῖς
3670 1524 3824 1618 ,κατά

549 1642 604 1687 et
627 1635 894 1691 naturalis
927 1614 1316 1692 commentatio
1360 1652 1391 1690 a
1422 1614 1605 1692 verbis
1657 1651 1770 1691 non
1798 1635 2134 1692 dissentiret.
2168 1696 2170 1702 η

2203 1699 2208 1703 _
2242 1631 2342 1702 τὴν
2380 1632 2713 1703 Ἐξαήμερον
2759 1627 3072 1700 πονηθεῖσιν
3121 1621 3269 1694 αύτῷ
3295 1640 3308 1652 ·
3351 1618 3584 1674 ἐνταῦθα
3633 1616 3690 1670 δέ
3733 1614 3824 1669 διὰ

553 1721 612 1778 Si
645 1724 774 1795 quid
805 1734 986 1780 autem
1016 1727 1282 1783 omissum
1306 1727 1490 1792 fuerit,
1526 1743 1595 1782 ne
1622 1741 1786 1799 grave
1813 1727 1907 1790 sit,
1928 1727 2012 1781 vel
2039 1725 2136 1781 tibi
2168 1695 2174 1750 1

2204 1699 2211 1747 ί
2237 1694 2365 1787 “ro-be
2392 1694 2782 1792 ἐπιζητούντας
2815 1694 3010 1780 ἐνντοῖς
3035 1714 3325 1787 γραφικοῖς
3348 1712 3581 1783 νοήμασι
3613 1708 3674 1762 τὸ
3700 1706 3825 1799 ἀδιό-

551 1830 652 1885 pro
700 1816 969 1886 sapientia
1023 1824 1140 1882 tua,
1171 1819 1255 1875 vel
1284 1819 1600 1890 quicunque
1637 1798 1764 1874 haec
1813 1818 2024 1889 legerit,
2071 1835 2136 1876 ea

2237 1816 2446 1878 λουθον,
2481 1815 2651 1868 ταῦτα
2676 1810 2886 1884 γράψαι
2913 1805 3354 1880 προθυμηθῆναι,
3376 1803 3452 1866 ὡς
3471 1800 3606 1874 ὁμοῦ
3635 1817 3695 1854 τε
3721 1798 3822 1870 τὴν

548 1905 812 1976 perﬁcere
843 1921 966 1977 quae
989 1907 1181 1965 deesse
1209 1909 1496 1978 judicabit.
1533 1911 1725 1982 Neque
1762 1912 1906 1966 enim
1941 1912 2032 1966 illa
2058 1912 2139 1966 vi-

2236 1907 2381 1972 λέξιν
2434 1906 2527 1961 ἐπὶ
2562 1904 2672 1960 τῶν
2709 1900 3116 1973 γεγραμμένων
3163 1894 3550 1967 φυλάττεσθαι,
3587 1891 3680 1946 καὶ
3723 1890 3823 1960 τὴν

549 1996 671 2052 duae
715 1997 950 2054 duorum
983 2000 1276 2055 obolorum
1329 2001 1535 2056 oblatio
1595 2001 1858 2058 divitibus
1902 2003 2133 2066 obStitit,

2237 2001 2476 2072 φυσικὴν
2507 1997 2739 2069 θεωρίαν
2781 1993 3164 2063 συναγορεύειν
3201 1989 3279 2062 τῷ
3311 1987 3621 2058 γράμματι.
3658 1985 3721 2037 Εἰ
3763 1983 3823 2037 δὲ

551 2102 662 2158 quo
693 2089 880 2146 minus
913 2091 1094 2159 ampla
1129 2091 1234 2162 ipsi
1284 2108 1384 2148 sua
1419 2109 1648 2150 munera
1681 2093 1940 2150 oﬂ‘errent
1982 2115 1995 2151 :
2035 2111 2137 2152 nec

2235 2090 2498 2155 ἐλλειπῶς
2526 2089 2638 2160 ἔχει
2669 2087 2738 2142 τὰ
2781 2084 3073 2156 εἰρημένα,
3107 2081 3301 2151 φθόνος
3349 2078 3525 2142 οὐδεὶς
3575 2076 3729 2146 παρά
3761 2092 3823 2128 τε

549 2179 646 2249 qui
696 2179 862 2248 pelles
888 2188 943 2236 et
975 2181 1139 2254 ligna,
1171 2193 1226 2239 et
1253 2183 1395 2254 pilos
1444 2183 1581 2241 Mosi
1610 2185 1677 2240 ad
1719 2187 2134 2244 tabernaculum

2234 2184 2333 2254 τῆς
2375 2182 2475 2254 σῆς
2524 2181 2812 2244 συνέσεως,
2841 2176 2938 2231 καὶ
2970 2174 3122 2247 παρὰ
3151 2173 3381 2229 ἑκάστου
3411 2170 3520 2224 τῶν
3559 2169 3823 2238 ἐντυγχα-

548 2269 997 2328 οχεᾶίηοοηᾶυηι
1052 2272 1388 2342 obtulerunt,
1421 2292 1639 2342 aurum,
1669 2285 1722 2334 et
1753 2286 2060 2350 argentum,
2079 2287 2135 2335 et

2236 2277 2435 2332 νόντων
2481 2272 2874 2346 ἐξεργασθῆναι
2904 2269 2974 2323 τὰ
3031 2267 3308 2321 λείποντα.
3361 2262 3494 2318 Οὐδὲ
3546 2261 3654 2332 γὰρ
3708 2258 3823 2350 τῶν

548 2359 754 2429 lapides
776 2364 1048 2432 pretiosos
1066 2364 1431 2424 offerentibus
1464 2367 1688 2424 fuerunt
1719 2349 2132 2440 impedimento.

2236 2367 2507 2422 πλουσίων
2533 2365 2633 2438 τὴν
2663 2359 3000 2435 δωροφορίαν
3028 2358 3300 2414 ἐκώλυσεν
3330 2356 3364 2427 ἡ
3391 2357 3502 2408 τοῖν
3531 2353 3676 2437 δυεῖν
3699 2349 3823 2403 660-

545 2451 843 2510 Nobiscum
892 2456 1060 2528 igitur
1099 2459 1538 2516 existimabimus
1588 2462 1727 2518 bene
1764 2471 1946 2518 actum
1985 2480 2132 2530 esse.

2233 2462 2348 2514 λοῖν
2371 2457 2710 2529 γεγενημένη
2739 2453 2890 2526 παρὰ
2919 2453 3020 2524 τῆς
3044 2453 3222 2524 χήρας
3257 2447 3496 2511 ἐπίδοσις
3515 2459 3531 2474 ⁶
3561 2443 3673 2498 οὗθ’
3704 2445 3822 2497 ὅσοι

548 2541 596 2596 si
628 2550 815 2598 nostra
872 2545 988 2600 haec
1041 2549 1368 2604 munuscula
1405 2551 1460 2605 in
1509 2551 1746 2622 pilorum
1774 2568 2006 2610 numero
2036 2555 2135 2610 ha-

2233 2552 2305 2607 τὰ
2333 2552 2600 2622 δέρματα,
2633 2547 2729 2602 καὶ
2754 2545 2826 2601 τὰ
2865 2544 3020 2612 ξύλα,
3048 2545 3144 2598 καὶ
3168 2542 3268 2607 τὰς
3311 2541 3502 2612 τρίχας
3531 2536 3612 2607 τῷ
3643 2537 3824 2607 Μωσῇ

546 2629 799 2700 beantur,
859 2636 1022 2691 modo
1058 2653 1154 2708 per
1181 2648 1421 2694 vestram
1475 2657 1610 2697 auro
1649 2650 1962 2698 contextam
2003 2660 2132 2714 pur-

2236 2637 2374 2717 πρὸς
2405 2643 2504 2712 τὴν
2529 2637 2883 2710 σκηνοποιίαν
2917 2636 3262 2706 εἰσήνεγκαν,
3289 2629 3543 2702 ἐμπόδιον
3585 2624 3824 2717 τοίς-τὸν

549 2733 741 2789 puram
775 2724 1013 2778 orationi
1055 2725 1369 2796 imponatur
1418 2729 1990 2800 superindumentum,
2039 2733 2132 2789 cui

2203 2801 2212 2810 ν
2237 2715 2435 2811 χρυσὸν
2463 2735 2557 2788 καὶ
2577 2731 2670 2787 τὸν
2711 2731 2974 2803 ἄργυρον,
3000 2727 3095 2782 καὶ
3121 2725 3248 2787 τοὺς
3281 2721 3493 2811 τιμίους
3522 2717 3637 2811 τῶν
3654 2715 3823 2769 λίθων

547 2825 747 2866 nomen
774 2823 877 2879 est,
909 2813 1216 2883 Rationale,
1247 2827 1300 2875 et
1324 2819 1650 2890 Declaratio,
1682 2832 1735 2880 ct
1758 2823 1995 2892 Veritas,
2029 2828 2133 2884 sic-

2203 2808 2207 2810 ?
2236 2808 2568 2883 ἀνατιθεῖσιν
2599 2820 2866 2890 ἐγένοντο.
2901 2817 3010 2873 Καὶ
3041 2818 3205 2887 ἡμεῖς
3250 2812 3430 2866 τοίνυν
3460 2808 3823 2876 ἀγαπήσομεν

549 2913 608 2957 ut
645 2906 882 2975 appellat
937 2907 1140 2975 Moses,
1205 2913 1296 2982 qui
1362 2915 1497 2970 tales
1561 2917 1798 2973 amictus
1858 2919 2131 2975 sacerdoti

2233 2922 2286 2974 εἰ
2317 2920 2376 2972 ἐν
2426 2914 2628 2988 τριχῶν
2672 2911 2824 2978 τάξει
2870 2909 2940 2964 τὰ
2990 2908 3132 2981 amp"
3167 2906 3325 2976 ἡμῶν
3382 2899 3617 2974 κριθείη,
3657 2897 3811 2968 μόνοι

547 2993 788 3091 confecit
834 2997 1091 3055 mandato
1137 3000 1230 3056 Dei
1264 3021 1278 3057 :
1315 3003 1404 3057 cui
1435 3020 1560 3058 cum
1591 3007 1870 3077 unigenito
1912 3007 2050 3062 Filio
2077 3017 2168 3086 et,

2186 3034 2202 3090 ς
2235 3011 2444 3082 γένοιτο
2474 3005 2563 3059 διὰ
2594 3004 2692 3074 τῆς
2729 3001 3002 3073 ὑμετέρας
3043 2997 3352 3091 πορφύρας,
3383 2995 3478 3091 τῆς
3611 2988 3807 3091 χρυσίιτ

549 3083 756 3155 Spiritu
782 3099 973 3146 sancto
997 3094 1170 3164 gloria
1195 3101 1249 3150 et
1281 3095 1568 3165 imperium
1599 3097 1654 3151 in
1678 3099 1877 3154 saecula
1909 3099 2132 3155 saeculo-
2163 3080 2170 3088 ’

2200 3080 2202 3083 ν
2240 3080 2713 3170 συμπλεκομένης,
2735 3091 3049 3161 ἐπιτεθῆναι
3083 3089 3160 3160 τῷ
3192 3088 3334 3158 λόγῳ
3366 3085 3457 3139 τὸν
3498 3080 3821 3150 ἐπενδύτην,

548 3195 690 3232 “'m-
726 3179 920 3236 Αῐηθη·
1479 3253 1482 3256 ,
2235 3186 2280 3261 ᾧ
2306 3187 2478 3260 δνομά
2525 3186 2663 3248 ἐστι,
2690 3182 2886 3252 Λόγιόν
2917 3199 2977 3236 τε
3021 3181 3115 3235 καί
3139 3179 3381 3251 Δήλωσις
3409 3176 3503 3231 καὶ
3545 3171 3822 3261 Ἀλήθεια,

545 3270 727 3355 καθώς
756 3289 887 3343 φησι
931 3274 1022 3326 καὶ
1052 3275 1080 3327 ὁ
1107 3277 1312 3350 Μωσῆς
1340 3281 1368 3332 ὁ
1396 3281 1464 3337 τὰ
1519 3282 1745 3337 τοιαῦτα
1778 3285 2204 3349 κατασκευάζων
2345 3259 2478 3353 ἱερεῖ
2505 3275 2846 3346 περιϐόλαια,
2888 3270 3031 3328 κατὰ
3066 3271 3164 3343 τὴν
3207 3271 3484 3341 ὑφήγησιν
3522 3263 3614 3318 τοῦ
3658 3259 3826 3330 Θεοῦ,

545 3354 592 3430 ᾧ
623 3362 821 3433 πρέπει
853 3363 1058 3434 ηὸόξα,
1085 3370 1180 3422 καὶ
1225 3372 1287 3425 τὸ
1339 3374 1538 3446 κράτος
1585 3378 1682 3431 σὺν
1732 3377 1812 3450 τῷ
1853 3381 2133 3450 μονογενεί
2182 3377 2298 3448 Υἰῷ
2345 3379 2440 3433 καὶ
2470 3376 2548 3447 τῷ
2596 3369 2848 3446 παναγίιρ
2882 3366 3161 3438 Πνεύματι
3207 3366 3288 3428 εἰς
3314 3361 3441 3425 τοὺς
3483 3358 3683 3421 αἰῶνας
3709 3355 3828 3409 τῶν

546 3454 781 3512 αἰώνων.
823 3459 1019 3532 Ἀμήν.

577 3603 2358 3662 W

1919 3777 2059 3831 ΤΟΥ
2093 3777 2186 3832 ΕΝ
2217 3778 2445 3831 ΔΓΙΟΙΣ

1613 3945 2237 4033 ΓΡΗΓΟΡΙΟΥ
2279 3943 2736 4034 ’ΝΥΣΣΗΣ

908 4135 1302 4252 ΠΕΡΙ
1357 4135 2458 4258 ΚΑΤΑΣΚΕΥΗΣ
2511 4130 3456 4257 ΑΝΘΡΩΠΟΥ.

1479 4527 1609 4618 "-S.
1681 4525 2264 4618 GBEGOBII
2340 4526 2850 4618 NYSSENI

1225 4733 1427 4848 DE
1524 4733 2224 4851 HOMINIS
2314 4736 3122 4854 OPIFICIO.

1873 4960 1919 5010 J.
1943 4961 2267 5012 LIWIICCLAIO
2289 4960 2475 5023 interp.

643 5335 734 5395 DE
779 5338 836 5396 S.
877 5339 1228 5398 GBEGOBIO
1266 5339 1671 5397 EPIGRAMMA
1705 5339 2008 5399 NICETIS.
2147 5353 2194 5410 ι)

2147 5353 2194 5410 ι)
2388 5341 2498 5398 ΕΙΣ
2529 5340 2667 5395 ΤΟΝ
2692 5339 2900 5394 AI‘IUN
2933 5341 3319 5397 ΓΡΗΓΟΡΙΟΝ
3348 5336 3642 5396 NIKHTA.

537 5427 855 5504 Gregorius
883 5431 1050 5501 frater
1112 5434 1291 5502 magni
1340 5432 1487 5504 illius
1528 5430 1723 5487 Basilii

2225 5434 2445 5499 Βίϐλος
2496 5431 2610 5504 ἐγὼ
2655 5431 2941 5504 μεγάλοιο
2984 5433 3266 5504 ἀδελφοῦ
3316 5433 3449 5504 τοῦΔ
3482 5427 3820 5503 Βασίλειον

670 5518 770 5557 unc
797 5502 988 5575 librum
1007 5501 1217 5558 eximia!
1244 5503 1480 5559 condidit
1521 5505 1654 5575 artis
1675 5520 1828 5572 opus.
1884 5573 1892 5575 Α

2301 5503 2634 5575 Γρηγυρίου
2658 5501 2889 5575 ’τελέθω
2933 5501 3219 5572 τέρματος
3262 5501 3540 5575 εὐφυέος.

541 5568 688 5643 Nam
710 5589 828 5632 cum
848 5573 1099 5629 doctrina:
1120 5591 1355 5641 currum,
1378 5583 1494 5642 post
1523 5568 1718 5642 iuueni
1733 5573 1942 5642 fratris,

2233 5568 2459 5643 Auiprd
2488 5568 2599 5642 γὰρ
2625 5573 2951 5642 μετόπισθε
2984 5568 3350 5643 ἐάγη.ἰέγέοξ
3375 5571 3677 5643 θανάτοιο,

612 5641 720 5708 Qui
753 5645 1132 5714 moderaretur,
1159 5637 1417 5701 nullusin
1450 5637 1570 5701 orbe
1593 5637 1780 5713 foret:
1930 5637 1937 5640 ⁷

1930 5637 1937 5640 ⁷
2303 5637 2409 5698 Οἷά
2453 5637 2837 5715 τέςᾏὶένιοχοςι
2871 5643 3092 5716 ἅρμασι
3118 5637 3250 5713 ’τῆς
3305 5637 3544 5712 eosdm.
