4106 6208
485 275 597 331 125

470 389 661 452 Αὐτὸς
706 383 1085 452 έπεμσεδαὼς
1120 383 1401 451 ὠχήσατο
1456 384 1698 452 ίσόθεος
1733 383 1879 452 φὼς,

546 451 751 512 Οὗίκαὶ
789 451 1138 521 ἀνεπλήρου
1186 454 1441 522 τέρματα
1488 451 1843 521 εὐφραδέως.

483 529 747 593 Ἐπρεπε
787 526 900 592 γὰρ
932 523 1165 577 πλάσιν
1186 522 1538 593 ἀνθρώποιο,
1572 522 1958 589 κατασκευήν
1994 539 2058 576 τε

546 592 619 664 ᾟ
666 593 1227 663 πολυφραδμοσύνῃ
1277 592 1539 664 ἐξερέειν
1579 592 1863 664 κοσμίως,

480 660 591 731 Τοῦ
616 664 716 718 καὶ
737 660 858 717 ἀπὸ
887 663 1185 731 στόματος
1211 662 1623 731 καταλείϐεται,
1640 661 1826 731 imper
1850 660 2059 716 ἔλαιον

542 730 697 791 Ἦκα
734 732 904 803 μάλα
948 728 1228 801 προχέον,
1277 731 1563 801 ἄφθονον,
1597 728 1923 784 ὠδύπλεον.
1996 776 1999 777 ν

482 914 565 982 Τῷ
612 913 859 985 ἁδελφῷ
897 914 1094 978 δούλῳ
1124 913 1272 968 Θεοῦ
1328 913 1532 981 Πέτρῳ
1576 912 1910 983 Γρηγόριος
1936 911 2059 965 ἐπι-

989 997 1223 1049 σκοπος
1272 984 1548 1051 Νύσσης.

542 1100 607 1153 El
645 1101 767 1162 ταῖς
792 1098 881 1152 διὰ
910 1096 1019 1152 τῶν
1064 1095 1367 1168 χρημάτων
1414 1096 1605 1165 τιμαῖς
1651 1093 2058 1167 ἔδειγεραίρειν

472 1193 599 1253 τοὺς
638 1191 762 1243 κατ’
816 1190 1020 1260 ἀρετὴν
1074 1187 1449 1259 διαφέροντας,
1499 1187 1696 1260 μικρὸς
1744 1188 1841 1249 ἂν,
1873 1187 2057 1253 καθώς

473 1298 636 1351 φησιν
657 1281 687 1333 ὁ
715 1277 989 1351 Σολομὼν,
1004 1279 1126 1344 ὅλος
1148 1281 1178 1333 ό
1196 1278 1397 1349 κόσμος
1426 1277 1536 1333 τῶν
1560 1279 1855 1350 χρημάτων
1881 1266 2054 1348 ἐφάνη

475 1373 613 1445 πρὸς
640 1372 707 1425 τὸ
722 1369 984 1441 γενέσθαι
1011 1369 1113 1440 τῆς
1139 1370 1241 1440 σῆς
1283 1370 1486 1442 ἀρετῆς
1512 1370 1841 1434 ἰσοστάσιος⁸
1870 1369 2054 1442 ἐπειδὴ

472 1465 719 1534 κρεῖττον
741 1461 776 1532 ἢ
821 1461 965 1515 κατὰ
1009 1460 1239 1515 πλούτου
1273 1461 1437 1533 τιμὴν
1473 1463 1506 1532 ἡ
1537 1462 1954 1533 χρεωστουμένη
1986 1465 2053 1534 τῇ

473 1551 765 1622 σεμνότητι
827 1567 923 1603 σου
972 1551 1132 1622 χάρις
1167 1552 1336 1606 ἐστίν.
1392 1553 1641 1606 Ἀπαιτεῖ
1687 1553 1743 1606 δὲ
1786 1552 1849 1605 τὸ
1900 1550 2055 1621 ἅγιον

471 1641 664 1711 Πάσχα
687 1638 789 1711 τὴν
814 1638 1019 1711 συνήθη
1039 1641 1139 1711 τῆς
1165 1641 1386 1710 ἀγάπης
1415 1641 1769 1712 δωροφορίαν,
1794 1642 1860 1712 ἢν
1885 1657 2055 1709 προσ-

1742 270 1832 325 DE
1870 269 2083 327 HOMIN
2092 268 2151 324 IS
2190 266 2504 324 OPIFlL‘lO.

3630 272 3733 327 ινδ

2081 392 2133 448 Α
2166 384 2263 437 Gre
2300 383 2441 436 crius
2482 396 2669 449 magno
2697 381 2970 435 succedens
2995 384 3216 449 pectoris
3256 400 3408 450 ausu,

2199 480 2202 488 λ
2234 400 2459 505 [gerfecit
2500 451 2711 505 propria
2755 452 2939 505 I'ratris
2966 451 3030 503 ab
3067 461 3181 505 arte
3216 455 3405 505 librant

2282 452 2459 517 erfecit
2500 451 2711 519 propria
2754 452 2939 518 ['ratris
2966 451 3030 503 ab
3067 461 3181 506 arte
3216 455 3427 519 librum,

2162 522 2405 578 Suaviter
2458 536 2768 573 enumerans
2824 521 2924 571 isto
2975 537 3208 575 sermone
3261 523 3457 577 diserto

2230 591 2615 645 Admirandum
2648 589 2872 660 hominis
2914 588 3115 656 fabrica
3140 592 3391 660 quidquid
3416 593 3591 650 habet.

2267 660 2470 784 Nemﬁe
2521 660 2625 713 olei
2658 658 2838 739 largus
2879 667 3129 739 tanquam
3152 658 3222 714 Vde
3250 662 3392 744 fonte
3414 666 3628 732 perenni

2440 745 2550 784 wus
2577 729 2790 784 facundi
2822 728 2993 783 stillat
3026 730 3090 783 ab
3123 746 3213 784 ore
3238 747 3357 784 om.

2440 730 2550 784 ivus
2575 729 2791 798 facundi
2822 728 2993 783 stillat
3026 730 3090 783 ab
3123 746 3213 784 ore
3238 728 3357 786 uiri.

2160 908 2443 982 Gregorius
2485 911 2756 980 episcopus
2790 910 2985 981 Nysam
3014 909 3074 966 S.
3122 910 3191 967 Ι).
3238 910 3399 967 Petro
3438 912 3601 983 fratri
3637 911 3734 967 Dei

2865 997 3034 1037 δετυο.

2228 1089 2284 1146 Si
2311 1098 2476 1155 esset,
2500 1090 2656 1146 Petre
2681 1089 2870 1157 frater,
2900 1093 2957 1145 in
2981 1106 3133 1147 more
3162 1091 3402 1162 positum
3437 1098 3602 1163 atque
3634 1091 3741 1148 ho«

2155 1182 2364 1239 minum
2422 1183 2713 1250 instituto,
2763 1190 2822 1238 ut
2877 1184 3163 1239 excellenti
3211 1184 3415 1241 virtute
3476 1183 3736 1255 praeditos

2156 1276 2303 1330 viros
2331 1290 2492 1345 opum
2523 1275 2681 1343 quasi
2700 1275 3028 1345 quibusdam
3053 1277 3295 1347 praemiis
3316 1276 3596 1333 ornandus
3627 1292 3734 1347 pu-

2155 1372 2395 1421 taremus
2419 1384 2433 1420 :
2471 1365 2616 1421 haud
2629 1365 2793 1423 dubie
2814 1382 2884 1423 ne
2903 1368 3141 1424 mundus
3161 1367 3382 1438 quidem
3409 1367 3732 1422 divitiarum

2153 1458 2409 1515 virtutem
2434 1466 2583 1513 tuam
2609 1459 2925 1529 aequaverit.
2949 1458 3137 1514 Liceat
3156 1460 3301 1516 enim
3327 1460 3460 1514 mihi
3482 1457 3732 1513 Salomo-

2132 1548 2241 1604 nis
2257 1548 2361 1604 hoc
2377 1548 2499 1603 loco
2519 1548 2699 1605 verbis
2729 1549 2807 1604 uti
2842 1548 3059 1619 quando
3071 1550 3252 1605 debita
3268 1549 3363 1605 tibi
3387 1548 3735 1604 sanctissimo

2155 1638 2273 1691 viro
2288 1640 2462 1707 gratia
2486 1638 2661 1705 major
2677 1647 2948 1708 est,quam
2969 1654 3092 1710 qua:
3106 1639 3387 1709 ulloOpum
3401 1639 3576 1709 pretio
3588 1639 3735 1694 aesti-

474 1732 676 1802 άγομέν
711 1747 807 1783 σου
850 1733 917 1801 τῇ
956 1730 1402 1802 μεγαλοφροσύνῃ
1423 1772 1438 1796 ,
1473 1730 1644 1801 δῶρον
1666 1773 1680 1796 ,
1713 1726 1759 1784 ὦ
1802 1731 2053 1803 ἄνθρωπε

2156 1728 2354 1782 manda
2400 1728 2599 1783 veniat.
2639 1727 2745 1784 Sed
2777 1743 2907 1784 cum
2932 1738 3349 1785 sacrosanctum
3387 1729 3598 1785 Pascha
3636 1744 3735 1800 po-

473 1821 627 1886 Θεοῦ,
649 1820 974 1892 μικρότερον
1000 1821 1100 1891 μὲν
1126 1821 1160 1892 ἢ
1195 1822 1271 1884 ὡς
1301 1820 1449 1886 ἄξιον
1470 1816 1609 1874 εἷναί
1639 1838 1720 1874 σοι
1750 1824 2050 1893 προσκομί-

475 1913 687 1977 ζεσθαι,
715 1911 814 1981 τῆς
836 1928 899 1980 γε
930 1911 1036 1983 μὴν
1056 1913 1339 1983 δυνάμεως
1369 1911 1523 1984 ἡμῶν
1559 1913 1662 1966 οὐκ
1690 1913 2050 1985 ἐνδεέστερον.

480 2005 557 2057 Τὸ
587 2003 645 2056 δὲ
672 2002 840 2074 δῶρον
890 2002 1047 2070 λόγος
1080 2003 1227 2057 ἐστὶν
1249 2043 1264 2069 ,
1294 1998 1405 2057 οἷον
1454 2004 1668 2075 ἱμάτιόν
1707 2022 1760 2057 τι
1800 2005 2055 2077 πενιχρὸν

482 2096 549 2148 ὲκ
576 2098 673 2164 τῆς
705 2094 921 2164 πτωχῆς
976 2095 1133 2165 ἡμῶν
1184 2095 1422 2160 διανοίας
1465 2097 1565 2150 οὐκ
1610 2097 1824 2161 ἀπόνως
1853 2099 2055 2168 ἐξυφα-

478 2185 693 2254 σμένον.
736 2183 799 2237 Ἢ
832 2185 891 2238 δὲ
914 2185 1007 2238 τοῦ
1035 2185 1193 2254 λόγου
1240 2186 1493 2250 ὑπόθεσις
1523 2187 1769 2259 τολμηρὰ
1798 2189 1896 2260 μὲν
1926 2190 2055 2253 ῖσως

474 2277 583 2338 τοῖς
605 2274 819 2339 πολλοῖς
848 2269 985 2329 εἶναι
1005 2276 1166 2342 δόξει,
1200 2277 1336 2349 πλὴν
1354 2279 1455 2331 οὐκ
1487 2278 1591 2346 ἔξω
1630 2277 1723 2332 τοῦ
1754 2279 2055 2349 πρέποντος

476 2362 755 2433 ἐνομίσθη.
781 2364 958 2427 Μόνος
984 2363 1095 2435 γὰρ
1112 2364 1278 2431 ἀξίως
1301 2365 1400 2437 τὴν
1419 2368 1596 2421 κτίσιν
1621 2366 1715 2421 τοῦ
1738 2368 1873 2422 Θεοῦ
1897 2386 2057 2423 κατε-

473 2453 687 2521 νόησεν,
709 2453 738 2504 ό
767 2452 911 2505 κατὰ
932 2452 1063 2506 Θεὸν
1087 2454 1326 2518 κτισθεὶς
1354 2454 1542 2523 ὅντως,
1571 2457 1666 2509 καὶ
1687 2459 1745 2509 ὲν
1775 2456 1942 2511 είκόνι
1963 2455 2054 2510 τοῦ

476 2544 756 2606 κτίσαντος
782 2543 881 2614 τὴν
913 2544 1091 2616 ψυχὴν
1119 2547 1547 2618 μεμορφωμένος
1574 2548 1870 2612 Βασίλειος,
1892 2552 1921 2603 ό
1940 2566 2057 2603 κοι-

474 2634 562 2697 νὸς
589 2635 744 2705 ἡμῶν
778 2636 960 2707 πατὴρ
996 2638 1089 2689 καὶ
1120 2637 1437 2711 διδάσκαλος
1456 2680 1470 2703 ,
1493 2639 1551 2703 ὃς
1589 2640 1687 2710 τὴν
1722 2640 1930 2711 ὑψηλὴν
1962 2640 2055 2694 τοῦ

474 2725 675 2787 παντὸς
691 2726 1050 2798 διακόσμησιν
1066 2726 1330 2799 εὔληπτον
1348 2732 1462 2791 τοῖς
1475 2730 1792 2793 πολλοῖς-διὰ
1804 2733 1902 2802 τῆς
1926 2732 2059 2795 ίδίας

473 2816 708 2887 θεωρίας
735 2818 980 2887 ἐποίησε,
1009 2819 1103 2871 καὶ
1140 2820 1230 2873 τὸν
1264 2821 1321 2873 ὲν
1359 2822 1424 2891 τῇ
1451 2819 1677 2892 ἀληθινῇ
1714 2822 1873 2893 σοφία
1911 2821 2060 2892 παρὰ

470 2908 565 2960 τοῦ
616 2907 751 2961 Θεοῦ
786 2910 1054 2963 συστάντα
1106 2911 1309 2980 κόσμον
1334 2914 1610 2983 γνώριμον
1664 2917 1777 2977 τοῖς
1823 2914 1912 2968 διὰ
1962 2915 2058 2987 τῆς

476 3000 740 3063 συνέσεως
770 3001 934 3054 αὑτοῦ
964 3005 1028 3073 τῇ
1061 3002 1264 3075 θεωρίᾳ
1294 3008 1722 3076 προσαγομένοις
1746 3010 1996 3078 ποιήσας.

2156 1821 2341 1884 stulet,
2364 1828 2421 1874 ut
2443 1835 2508 1874 ex
2533 1835 2685 1875 more
2712 1820 2808 1875 tibi
2839 1822 3085 1877 muneris
3108 1823 3334 1892 aliquid,
3366 1822 3433 1877 de
3454 1838 3565 1892 quo
3585 1835 3736 1876 amo-

2153 1925 2268 1967 rem
2300 1927 2427 1981 erga
2455 1919 2506 1966 te
2535 1926 2711 1967 meum
2742 1913 3061 1983 perspicias,
3080 1914 3354 1968 tribuam:
3388 1913 3554 1970 affero
3578 1914 3737 1985 quid-

2155 2001 2277 2055 dam
2302 2002 2371 2056 ad
2394 2011 2447 2057 te
2474 2002 2746 2057 hominem
2770 2004 3091 2073 praeclarum
3115 2044 3130 2068 ,
3153 2004 3372 2075 Deoque
3414 2014 3696 2075 acceptum
3717 2046 3735 2071 ,

2155 2109 2267 2148 non
2314 2094 2448 2149 illud
2484 2094 2700 2164 quidem
2737 2103 2791 2150 te
2829 2094 3075 2164 dignum,
3114 2110 3234 2149 mea
3262 2107 3443 2151 tamen
3475 2097 3737 2153 facultate

2154 2203 2323 2260 prope
2353 2188 2549 2257 majus.
2576 2185 2668 2242 Est
2689 2197 2867 2241 autem
2892 2201 3095 2242 munus
3122 2186 3226 2243 hoc
3254 2195 3504 2243 nostrum
3536 2187 3735 2254 oratio,

2156 2278 2311 2350 quasi
2336 2278 2439 2333 vile
2468 2277 2739 2347 quoddam
2776 2278 3161 2332 vestimentum
3193 2277 3246 2331 in
3269 2292 3504 2347 paupere
3535 2277 3736 2347 ingenii

2148 2369 2330 2425 nostri
2348 2367 2577 2428 oliicina,
2598 2383 2704 2422 non
2729 2378 2909 2422 tamen
2931 2367 3081 2422 nullo
3108 2368 3294 2422 labore
3312 2370 3653 2423 contextum.“
3674 2367 3738 2422 Et

2156 2474 2469 2530 quanquam
2510 2459 2727 2514 futuros
2787 2459 3053 2523 arbitror,
3086 2460 3179 2529 qui
3216 2459 3500 2515 audaciam
3532 2460 3588 2513 in
3625 2459 3738 2515 ela-

2158 2551 2401 2606 borando
2452 2550 2545 2605 tali
2600 2564 2766 2621 opere
2802 2551 2914 2605 sint
2964 2551 3369 2620 reprehensuri,
3409 2566 3514 2607 nos
3557 2559 3737 2605 tamen

2158 2643 2296 2698 nihil
2326 2642 2381 2695 in
2437 2641 2541 2696 hoc
2593 2641 2859 2696 committi
2910 2641 3176 2696 adversus
3228 2641 3412 2697 decori
3466 2642 3734 2696 rationem

2160 2734 2409 2804 persuasi
2461 2747 2672 2787 sumus.
2720 2731 2954 2786 Basilius
2995 2735 3179 2795 enim,
3231 2748 3342 2801 quo
3392 2740 3619 2802 uterque
3680 2739 3739 2786 ut

2161 2835 2313 2897 patre
2345 2824 2713 2894 magistroque
2749 2806 2841 2878 usi.
2880 2838 3095 2890 sumus,
3148 2824 3325 2880 factus
3378 2824 3524 2879 haud
3571 2824 3739 2879 dubie

2162 2918 2272 2974 Deo
2305 2916 2635 2979 simillimus,
2667 2925 2719 2971 et
2747 2916 2933 2970 animo
2990 2916 3057 2971 ad
3101 2931 3418 2986 expressam
3469 2914 3737 2971 creatoris

2162 3010 2452 3079 imaginem
2505 3007 2899 3091 conformatus,
2954 3006 3106 3063 solus
3135 3006 3377 3076 profecto
3420 2988 3601 3061 creata
3644 3004 3737 3061 Dei

472 3108 569 3160 pro
626 3092 870 3161 ipsorum
928 3098 1238 3164 praestantia
1294 3098 1661 3152 consideravit
1707 3110 1762 3154 et
1818 3102 2049 3154 arduum
2109 3102 2215 3157 hoc
2270 3100 2643 3155 universitatis
2708 3114 2894 3154 rerum
2949 3098 3530 3169 elegantissimumque
3582 3097 3737 3167 opifi-

470 3184 617 3239 cium
674 3184 1114 3240 consideratione
1172 3202 1269 3243 sua
1324 3187 1406 3241 sic
1461 3188 1795 3253 illustravit,
1853 3200 1910 3244 ut
1946 3190 2080 3245 illud
2116 3192 2227 3261 jam
2285 3190 2674 3261 comprehendi
2736 3190 2947 3244 ratione
3014 3189 3260 3259 cujusvis
3315 3188 3521 3258 possit;
3575 3196 3737 3256 atque

468 3275 608 3330 adeo
663 3275 852 3330 mundi
903 3276 1089 3359 hujus,
1128 3293 1255 3333 vera
1290 3278 1385 3357 pei
1426 3280 1693 3350 sapientia
1746 3282 1973 3349 conditi,
2032 3286 2397 3357 cognitionem
2442 3284 2727 3339 hominum
2768 3284 2970 3339 animis
3011 3282 3241 3348 indidit,
3296 3297 3436 3352 quos
3488 3279 3736 3334 doctrina

474 3385 570 3425 sua
593 3369 661 3422 ad
698 3385 881 3425 rerum
913 3370 1432 3441 contemplationem
1466 3372 1711 3428 adduxit.

550 3462 739 3531 Ἡμεῖς
792 3461 849 3513 δὲ
903 3462 998 3515 καὶ
1045 3459 1138 3514 τοῦ
1189 3462 1490 3532 θαυμάζειν
1533 3464 1693 3520 αὐτὸν
1728 3467 1848 3520 κατ’
1896 3466 2051 3532 ἀξίαν

2225 3460 2382 3515 llunc
2417 3475 2518 3515 nos
2546 3474 2671 3514 cum
2703 3459 2967 3514 admirari
3008 3460 3143 3515 satis
3179 3458 3333 3513 nullo
3357 3458 3519 3514 modo
3550 3474 3738 3529 posse-

472 3552 667 3614 ἐνδεῶς
696 3552 930 3621 ἔχοντες,
956 3551 1091 3621 όμοῦ
1137 3550 1200 3603 τὸ
1251 3551 1434 3604 λεῖπον
1477 3555 1591 3616 τοῖς
1626 3553 2053 3626 τεθεωρημένοις

467 3643 557 3713 τῷ
609 3631 823 3713 μεγάλῳ
867 3642 1187 3714 προσθεῖναι
1238 3643 1593 3715 διενοήθημεν
1620 3684 1636 3709 ,
1694 3646 1792 3716 οὐχ
1842 3646 1919 3709 ὡς
1961 3662 2049 3700 νο-

479 3732 727 3799 θεύοντες
782 3736 848 3789 δι’
911 3734 1182 3805 ὑποδοχῆς
1240 3735 1333 3790 τὸν
1394 3737 1604 3791 ἐκείνου
1676 3739 1836 3791 πόνον
1891 3738 2052 3806 (οὐδὲ

472 3828 583 3896 γὰρ
630 3825 787 3896 θέμις
836 3826 898 3879 τὸ
950 3827 1153 3899 ὑψηλὸν
1211 3829 1391 3882 ἐκεῖνο
1442 3828 1871 3899 καθυϐρισθῆναι
1930 3828 2053 3882 στό-

476 3932 554 3984 μα
608 3918 722 3978 τοῖς
770 3918 1059 3988 ἡμετέροις
1108 3920 1575 3990 ἑπιφημιζόμενον
1631 3918 1880 3987 λόγοις),
1934 3918 2051 3971 ἀλλ’

472 4004 549 4068 ὠς
589 4006 665 4076 μὴ
717 4000 893 4060 δοκεῖν
942 4008 1136 4079 ἐλλιπῆ
1184 4009 1279 4062 τοῦ
1311 4008 1634 4063 διδασκάλου
1665 4008 1764 4079 τὴν
1807 4007 1963 4072 δόξαν
1993 4009 2052 4062 ἐν

473 4098 585 4156 τοῖς
633 4097 905 4167 μαθηταῖς
951 4099 1117 4153 αὐτοῦ
1166 4095 1327 4153 εἶναι.
1366 4100 1427 4153 Εί
1481 4098 1589 4170 γὰρ
1626 4098 1918 4169 λειπούσης
1953 4099 2054 4169 τῆς

484 4185 821 4259 Ἐξαημὲρου
857 4190 955 4259 τῆς
1004 4192 1085 4254 είς
1116 4191 1208 4246 τὸν
1241 4191 1527 4262 ἄνθρωπον
1570 4190 1822 4261 θεωρίας,
1864 4191 2053 4262 μηδεὶς

474 4277 577 4334 τῶν
604 4280 1066 4351 μαθητευσάντων
1094 4283 1242 4354 αὐτῷ
1267 4284 1504 4352 σπουδήν
1524 4301 1648 4338 τινα
1680 4283 1817 4352 πρὸς
1835 4282 1935 4353 τὴν
1955 4282 2050 4336 τοῦ

474 4369 750 4436 λείποντος
786 4374 1172 4446 ἀναπλήρωσιν
1224 4375 1612 4444 είσενέγκαιτο,
1643 4374 1800 4445 ἔσχεν
1856 4373 1925 4427 ἂν
1970 4373 2052 4426 εί-

474 4464 645 4527 κότως
676 4466 817 4519 κατὰ
853 4465 954 4537 τῆς
1004 4468 1243 4539 μεγάλης
1275 4467 1442 4523 αὑτοῦ
1492 4467 1649 4537 δόξης
1671 4467 1715 4531 δ
1727 4466 1917 4537 μῶμος
1953 4464 2050 4517 λα-

473 4554 595 4625 δὴνο
628 4556 707 4619 ὡς
735 4557 812 4627 μὴ
841 4558 1195 4629 βουληθέντος
1226 4559 1339 4625 ἕξιν
1368 4558 1491 4613 τινὰ
1512 4556 1910 4629 κατανοητικὴν
1935 4558 2049 4620 τοῖς

473 4645 773 4715 ἀκροαταῖς
794 4647 1212 4719 ἐνεργάσασθαι.
1231 4650 1369 4704 Νυνὶ
1394 4649 1452 4702 δὲ
1477 4649 1619 4703 κατὰ
1641 4646 1871 4718 δύναμιν
1892 4645 2050 4717 ἡμῶν

474 4733 959 4808 ἐπιτολμησάντων
985 4742 1051 4810 τῇ
1099 4738 1357 4811 ἐξηγήσει
1393 4738 1488 4793 τοῦ
1538 4738 1836 4801 λείποντος,
1864 4739 1913 4791 εί
1948 4737 2055 4807 μέν

2157 3568 2302 3615 mus,
2362 3551 2538 3606 visum
2576 3559 2662 3605 est
2715 3550 2962 3620 quaedam
3002 3551 3069 3604 ad
3102 3565 3166 3605 ea
3207 3565 3329 3620 quae
3375 3565 3607 3620 magnus
3650 3553 3739 3608 ille

2156 3642 2240 3697 vir
2275 3638 2580 3711 indaganda
2618 3640 3067 3710 pervestigasset,
3119 3639 3357 3710 adjicere
3393 3660 3406 3695 :
3438 3658 3545 3695 non
3590 3644 3738 3712 quod

2158 3733 2328 3805 ipsius
2375 3733 2615 3786 laborem
2650 3739 2809 3799 partu
2856 3733 3204 3802 supposititio
3248 3735 3623 3789 contaminare
3668 3736 3741 3791 sit

2159 3828 2394 3888 animus,
2418 3820 2639 3893 quando
2673 3823 2830 3880 nefas
2880 3823 3049 3879 fuerit
3078 3825 3555 3893 praeclarissimum
3604 3826 3739 3882 illud

2157 3936 2221 3975 os
2248 3920 2385 3974 allici
2413 3920 2635 3990 injuria,
2668 3917 3001 3973 celebratum
3033 3916 3279 3971 oratione
3306 3924 3515 3981 nostra,
3549 3917 3645 3972 sed
3679 3925 3739 3971 ut

2158 4012 2403 4079 magistri
2432 4013 2659 4083 gloriam
2687 4012 2745 4066 in
2773 4008 3059 4080 discipulis
3086 4023 3428 4079 nequaquam
3469 4008 3740 4065 defecisse

2157 4104 2499 4160 ostendatur.
2548 4103 2684 4158 Nam
2721 4118 2846 4157 cum
2878 4102 2934 4156 in
2973 4101 3322 4156 enarratione
3355 4114 3580 4168 operum
3615 4114 3739 4169 quae

2158 4191 2301 4249 Deus
2360 4209 2457 4250 sex
2511 4193 2705 4249 diebus
2755 4192 3014 4255 absolvit,
3067 4190 3306 4244 hominis
3369 4189 3737 4246 consideratio

2157 4286 2332 4351 desit;
2384 4285 2431 4341 si
2483 4283 2878 4353 discipulorum
2925 4294 3086 4335 nemo
3136 4280 3240 4333 hac
3278 4280 3335 4332 in
3380 4286 3534 4348 parte
3573 4280 3738 4350 peril.

2157 4378 2349 4434 cienda
2380 4392 2603 4447 operam
2639 4372 2998 4444 impendisset
3025 4386 3204 4439 suam,
3244 4371 3526 4428 habuisset
3553 4386 3737 4427 causa

2156 4468 2405 4524 nonnihil
2446 4467 2711 4522 adversus
2745 4464 3005 4521 eximiam
3034 4464 3138 4518 viri
3182 4462 3409 4534 gloriam
3442 4463 3737 4534 reprehen-

2157 4572 2341 4613 sorum
2387 4555 2572 4619 libido,
2606 4553 2768 4626 quasi
2815 4553 2909 4624 qui
2950 4552 3019 4608 ad
3061 4568 3153 4609 res
3182 4554 3364 4608 animo
3398 4552 3735 4622 indagandas

2155 4648 2437 4703 auditores
2486 4660 2618 4702 suos
2646 4643 3034 4702 consuefacere
3081 4644 3367 4699 noluisset.
3406 4641 3565 4698 Nunc
3608 4658 3735 4699 cum

2155 4755 2218 4796 ea
2273 4753 2375 4794 nos
2436 4752 2559 4809 qua
2611 4738 2849 4804 desunt,
2892 4735 3232 4806 explananda
3281 4734 3564 4804 suscipere
3612 4735 3736 4790 ausi

475 4842 530 4877 τι
576 4826 811 4882 τοιοῦτον
867 4831 928 4883 ὲν
981 4832 1095 4895 τοῖς
1140 4831 1429 4902 ἡμετέροις
1473 4829 1721 4901 εὑρεθείη
1741 4870 1757 4895 ,
1788 4825 1901 4883 οἷον
1950 4829 2052 4900 τῆς

2156 4833 2354 4896 simus,
2385 4837 2649 4901 quantum
2672 4828 2890 4900 quidem
2922 4829 2979 4883 in
3013 4827 3173 4884 nobis
3201 4827 3339 4895 erit;
3382 4826 3428 4882 si
3462 4825 3593 4897 quid
3629 4826 3737 4881 hac

473 4918 689 4972 ἐκείνου
729 4921 1081 4988 διδασκαλίας
1117 4925 1191 4995 μὴ
1226 4924 1441 4989 ἀνάξιον
1482 4919 1643 4990 εἶναι,
1674 4925 1755 4986 είς
1789 4922 1879 4976 τὸν
1907 4922 2054 4976 διδά-

471 5010 670 5065 σκαλον
711 5013 933 5079 πάντως
981 5014 1081 5087 τὴν
1128 5016 1406 5088 ἀναφορὰν
1439 5014 1589 5080 ῑξει·
1621 5016 1670 5068 εί
1700 5014 1759 5068 δὲ
1798 5015 1873 5086 μὴ
1910 5012 2049 5068 καθ-

474 5101 642 5157 ίκοιτο
671 5103 777 5174 τῆς
808 5107 1184 5177 μγαλοφυοῦς
1220 5107 1452 5180 θεωρίας
1479 5110 1509 5162 δ
1558 5107 1824 5178 ἡμέτερος
1870 5105 2048 5175 λόγος,

470 5194 499 5246 δ
526 5195 629 5264 μὲν
661 5194 773 5261 ἔξω
816 5197 914 5267 τῆς
948 5199 1207 5270 τοιαύτης
1244 5199 1397 5253 ἔσται
1433 5198 1768 5271 κατηγορίας
1788 5241 1803 5265 .
1833 5198 1930 5252 τοῦ
1975 5199 2050 5270 μὴ

474 5284 761 5353 βούλεσθαι
797 5286 971 5343 δοκεῖν
1005 5292 1117 5354 τοῖς
1146 5290 1415 5361 μαθηταῖς
1442 5289 1755 5360 ἐγγενέσθαι
1778 5307 1831 5343 τι
1857 5288 2050 5355 δεξιὸν,

473 5377 727 5444 ἐκφυγὼν
759 5379 857 5450 τὴν
887 5381 1113 5453 μέμψιν,
1149 5384 1309 5452 ἡμεῖς
1330 5382 1386 5435 δ’
1414 5366 1731 5445 ἂνέίκότως
1763 5379 2052 5435 ὑπεύθυνοι

474 5465 712 5538 (Ἄξωμεν
746 5473 859 5535 τοῖς
895 5473 1351 5545 μωμοσκοποῦσιν
1371 5513 1385 5537 ,
1412 5473 1487 5536 ὼς
1521 5474 1580 5526 οὐ
1616 5474 1964 5544 χωρήσαντες
1992 5472 2051 5525 ἐν

478 5558 550 5627 τῷ
584 5567 877 5631 μικροφυεῖ
904 5566 1002 5637 τῆς
1033 5568 1259 5639 καρδίας
1292 5565 1453 5637 ἡμῶν
1488 5566 1581 5619 τοῦ
1614 5564 1924 5635 καθηγητοῦ
1952 5565 2049 5633 τὴν

482 5652 688 5720 σοφίαν.
726 5655 871 5710 Ἐστι
899 5658 942 5712 δ’
990 5661 1050 5713 οὐ
1101 5660 1301 5734 μικρὸς
1347 5659 1375 5709 ό
1411 5657 1761 5728 προκείμενος
1805 5659 1931 5727 ἡμῖν
1971 5658 2048 5719 είς

2158 4929 2345 4977 nostra
2392 4921 2450 4976 in
2494 4919 2955 4976 commentatione
2999 4918 3319 4988 reperietur,
3364 4916 3511 4986 quod
3560 4917 3736 4987 ipsius

2155 5012 2410 5069 doctrina
2442 5027 2553 5068 non
2590 5011 2664 5067 sit
2692 5010 2996 5080 indignum,
3030 5008 3083 5063 id
3115 5024 3278 5065 omne
3319 5008 3531 5064 scilicet
3562 5007 3733 5077 magi-

2157 5086 2274 5160 stro
2322 5108 2606 5171 acceptum
2648 5098 2931 5155 ferendum
2984 5098 3123 5163 erit;
3193 5098 3278 5154 sin
3328 5106 3507 5152 autem
3554 5096 3731 5152 oratio

2156 5204 2342 5249 nostra
2367 5190 2872 5262 praestantissimam
2910 5189 3084 5259 ipsius
3109 5188 3163 5243 in
3190 5188 3590 5245 considerando
3617 5186 3731 5241 vim

2158 5300 2267 5340 non
2305 5290 2650 5353 assequetur,
2694 5280 2943 5336 accusari
2986 5280 3077 5336 ille
3119 5294 3460 5352 nequaquam
3489 5276 3729 5339 debebit,

2153 5376 2311 5447 quasi
2348 5375 2707 5430 eruditionem
2746 5372 3033 5443 discipulis
3062 5372 3333 5437 inviderit,
3367 5388 3396 5426 a
3433 5385 3538 5441 qua
3569 5368 3731 5438 culpa

2156 5466 2526 5524 alienissimus
2555 5465 2863 5521 Censendus
2892 5465 3016 5528 erit,
3052 5474 3213 5533 atque
3232 5464 3367 5518 adeo
3396 5477 3496 5517 nos
3532 5459 3729 5513 merito

2158 5569 2348 5617 nostro
2373 5560 2441 5616 ab
2470 5557 2703 5613 curiosis
2728 5557 2849 5611 istis
2879 5555 3365 5627 reprehensoribus
3396 5554 3470 5609 rei
3506 5566 3729 5623 perage-

2160 5668 2313 5717 mur,
2376 5653 2467 5722 qui
2532 5658 2762 5723 angusto
2822 5656 3043 5721 pectore
3095 5645 3337 5717 magistri
3410 5644 3728 5718 sapientiam
