4106 6208
447 304 546 361 197

1646 304 1705 363 S.
1747 308 2073 367 GREGORH
2112 312 2404 368 NYSSENI

3592 310 3700 366 128

443 439 636 493 capere
665 440 772 478 non
810 422 1170 494 potuerimus.
1214 420 1324 479 Res
1351 422 1591 493 quidem,
1627 426 1681 481 in
1710 429 2023 483 considera-

2133 432 2351 503 5εωρίαν
2386 432 2604 495 σκοπὸς,
2638 432 2757 484 οὐδέ
2793 448 2933 494 τινος
2969 429 3077 482 τῶν
3113 432 3169 484 ἐν
3192 429 3380 501 κόσμῳ
3406 426 3695 499 θαυμάτων

444 515 643 568 tionem
698 529 819 582 quae
879 514 1044 579 venit,
1109 529 1215 568 non
1276 514 1472 585 exigua
1524 525 1633 580 est,
1698 533 1874 587 neque
1928 522 2021 576 ulli

444 619 631 658 earum
669 605 866 660 cedens
900 622 1035 676 quas
1063 606 1151 660 hic
1182 606 1419 662 mundus
1449 606 1799 663 admirandas
1832 612 2023 665 conti-

446 704 581 751 net:
612 707 770 765 atque
827 696 969 751 haud
1014 698 1129 753 scio
1185 713 1253 751 an
1301 713 1409 752 non
1450 699 1737 763 omnium,
1786 716 2019 770 quarum

449 789 811 857 cognitionem
853 792 1181 859 expetimus,
1212 784 1491 845 'maxima.
1530 788 1647 844 Non
1680 791 1825 845 enim
1868 794 2022 863 quid-

447 895 610 950 quam
657 895 844 935 eorum
889 882 1155 948 omnium,
1197 896 1319 950 quae
1354 880 1413 935 in
1437 889 1635 936 natura
1663 898 1844 939 rerum
1878 885 2024 940 exsi-

446 978 618 1033 stunt,
653 970 747 1025 Dei
791 971 858 1025 ad
903 972 1193 1041 imaginem
1229 969 1432 1026 factum
1471 980 1574 1036 est,
1620 978 1819 1041 prater
1856 988 2023 1028 unum

446 1064 552 1117 hoc
580 1070 843 1128 creatum,
875 1061 1021 1132 quod
1063 1062 1339 1116 hominem
1368 1058 1625 1116 dicimus.
1673 1061 1885 1116 Idcirco
1925 1063 2023 1117 be-

446 1153 644 1222 nignos
674 1153 951 1209 auditores
990 1153 1336 1223 perlubenter
1367 1150 1525 1206 nobis
1556 1152 1767 1205 veniam
1797 1152 2023 1207 daturos

447 1242 793 1307 conﬁdimus,
830 1242 1045 1297 etiamsi
1084 1242 1243 1312 longe
1291 1239 1434 1294 infra
1481 1240 1798 1311 dignitatem
1837 1242 1951 1295 haec
1992 1256 2024 1295 a

448 1335 607 1388 nobis
662 1341 1024 1404 exponantur.
1074 1333 1207 1387 Nam
1252 1334 1307 1387 in
1355 1333 1477 1397 hac,
1531 1332 1748 1402 Opinor.
1801 1334 2027 1403 inquisi-

446 1425 593 1479 tione
621 1433 812 1479 nostra
832 1425 966 1478 nihil
994 1425 1235 1479 omnium
1258 1438 1447 1479 eorum
1479 1438 1599 1492 quae
1629 1423 1835 1477 homini
1868 1424 2025 1477 initio

446 1515 715 1570 accidisse
755 1515 1050 1577 credimus,
1087 1524 1142 1569 et
1169 1521 1430 1570 eventura
1452 1513 1713 1584 deinceps
1737 1524 2027 1584 exspecta-

446 1622 611 1672 mus,
660 1614 825 1676 atque
885 1606 1052 1662 etiam
1098 1621 1245 1661 nunc
1307 1606 1705 1677 perspicimus,
1772 1607 2027 1662 omitten-

446 1697 575 1751 dum
604 1697 728 1751 erit.
780 1696 1031 1751 Profecto
1062 1698 1206 1752 enim
1257 1697 1455 1752 merito
1498 1696 1738 1751 studium
1774 1707 2022 1752 nostrum

451 1790 928 1861 reprehensionem
972 1790 1297 1853 incurreret,
1338 1795 1597 1857 tanquam
1633 1788 2024 1858 pollicitatione

450 1896 550 1936 sua
586 1881 745 1952 longe
781 1879 1034 1946 inferius,
1071 1880 1117 1936 si
1146 1880 1385 1935 hominis
1409 1880 1687 1950 proposita
1717 1880 2027 1935 considera-

449 1972 597 2026 tione
622 1970 1025 2041 relinqueretur
1051 1970 1278 2041 aliquid,
1303 1969 1449 2041 quod
1478 1970 1545 2025 ad
1577 1970 1889 2025 institutum
1923 1970 2025 2025 hoc

448 2072 702 2118 nostrum
738 2063 961 2120 faceret.
1009 2063 1299 2119 Enimvero
1328 2071 1381 2118 et
1411 2063 1501 2116 illa
1543 2078 1664 2133 qua:
1704 2063 1760 2117 in
1788 2062 2026 2119 hominis

449 2163 646 2210 natura
678 2171 823 2209 nunc
861 2169 891 2208 a
919 2155 1091 2223 primo
1122 2154 1367 2223 ejusdem
1411 2161 1555 2209 statu
1606 2153 2025 2224 conditioneque

451 2247 669 2301 diversa
706 2262 849 2313 esse,
886 2248 1050 2302 rebus
1096 2246 1172 2300 ita
1222 2261 1343 2301 sese
1377 2243 1697 2308 ferentibus,
1730 2245 1974 2300 videmus
2005 2261 2021 2299 :

451 2356 574 2394 cum
604 2356 666 2394 cx
720 2354 1001 2394 sacrarum
1031 2337 1359 2392 Litterarum
1413 2336 1758 2401 auctoritate,
1791 2346 1903 2391 tum
1937 2351 2027 2389 ra-

451 2431 873 2485 tiocinationum
930 2429 1180 2484 acumine
1224 2426 1529 2496 adjicienda
1558 2433 1719 2479 erunt
1747 2434 1845 2480 :ut
1893 2440 2027 2479 con-

440 2532 613 2593 ~gruat
654 2522 903 2576 universa
940 2520 1196 2574 tractatio
1235 2520 1301 2573 ad
1347 2517 1542 2574 seriem
1572 2526 1741 2586 atque
1777 2514 2023 2570 ordinem

455 2630 663 2677 rerum,
712 2630 832 2684 qua:
878 2612 1129 2669 videntur
1184 2626 1309 2667 esse
1356 2611 1461 2664 illas
1502 2608 1722 2680 quidem
1771 2608 1913 2662 inter
1968 2620 2029 2661 se

458 2704 708 2768 diversae,
732 2705 975 2759 eamdem
1009 2711 1189 2757 tamen
1219 2702 1287 2756 ad
1324 2710 1521 2755 metam
1549 2700 1813 2755 tendunt:
1845 2698 2030 2777 divina

457 2798 717 2853 nimirum
744 2805 1013 2868 potestate
1050 2811 1201 2867 spem
1245 2795 1408 2850 rebus
1445 2802 1599 2850 extra
1627 2806 1842 2846 omnem
1880 2805 2030 2860 spem

2122 522 2189 574 τὰ
2234 520 2462 591 δεύτερα
2494 520 2806 591 φερόμενος,
2839 521 2977 590 τάχα
3003 519 3057 572 δὲ
3106 520 3200 571 καὶ
3234 519 3431 588 μείζων
3464 520 3693 573 ἑκάστου

2123 610 2231 662 τῶν
2258 611 2731 680 γιγνωσκομένων,
2759 610 2893 663 διότι
2936 609 3085 663 οὐδὲν
3127 609 3312 677 ἕτερον
3348 608 3468 679 Θεῷ
3493 610 3560 661 ἐκ
3589 609 3696 662 τῶν

2123 702 2289 756 όντων
2338 702 2634 773 ὡμοίωται,
2658 702 2796 771 πλὴν
2825 701 2927 772 τῆς
2962 701 3102 755 κατά
3130 701 3220 753 τὸν
3256 700 3541 773 ἄνθρωπον
3579 701 3698 754 κτί-

2125 811 2282 857 σεως,
2300 794 2439 847 ὥστε
2459 796 2608 864 παρά
2632 795 2744 857 τοῖς
2772 794 3072 863 εὐγνώμοσι
3102 792 3211 845 τῶν
3244 791 3529 863 ἀκροατῶν
3565 792 3697 863 πρό-

2123 900 2303 953 χειρον
2326 884 2455 954 ήμῖν
2473 884 2571 951 τὴν
2596 884 2688 936 ἐπὶ
2706 886 2819 948 τοῖς
2845 883 3155 953 λεγομένοις
3181 880 3507 953 συγγνώμην
3534 876 3695 945 εἶναι,

2124 973 2227 1027 κᾶν
2271 973 2403 1027 πολὺ
2436 974 2661 1027 κατόπιν
2688 974 2788 1043 τῆς
2815 972 2968 1038 ἀξίας
3003 976 3031 1027 ό
3057 974 3210 1041 λόγος
3248 973 3412 1026 ἔλθοι.
3447 974 3538 1025 Δεῖ
3568 972 3695 1040 γὰρ,

2123 1061 2275 1136 οἶμαι
2294 1106 2309 1129 ,
2334 1065 2441 1119 τῶν
2460 1066 2589 1136 περὶ
2616 1066 2707 1118 τὸν
2740 1066 3022 1135 ἄνθρωπον
3051 1065 3325 1124 ἀπάντων,
3345 1064 3453 1117 τῶν
3476 1081 3535 1116 τε
3565 1080 3699 1133 προ-

2126 1153 2455 1223 γεγενῆσθαι
2491 1154 2962 1223 πεπιστευμένων,
2991 1154 3084 1206 καὶ
3132 1153 3239 1205 τῶν
3265 1152 3577 1222 εῐσύστερον
3604 1152 3699 1203 ἐκ-

2123 1244 2388 1315 ϐήσεσθαι
2414 1244 2894 1315 προσδοκωμένων,
2932 1244 3025 1298 καὶ
3055 1244 3165 1296 τῶν
3185 1242 3279 1295 νῦν
3310 1242 3701 1313 θεωρουμένων

2128 1334 2291 1405 μηδὲν
2339 1335 2668 1405 παραλιπεῖν
2706 1334 3076 1399 ἀνεξέταστον.
3112 1330 3190 1386 *Η
3236 1332 3345 1403 γάρ
3387 1333 3452 1385 ἂν
3490 1333 3701 1385 ἐλλιπε-

2126 1425 2292 1493 στέρα
2324 1424 2417 1477 τοῦ
2468 1425 2880 1497 ἐπαγγέλματος
2909 1428 2943 1496 ή
2993 1425 3196 1495 σπουδὴ
3251 1425 3577 1494 διελέγχοιτο
3603 1466 3619 1490 ,
3653 1427 3701 1476 εἰ

2123 1516 2218 1569 τοῦ
2251 1515 2535 1587 ἀνθρώπου
2571 1518 2933 1589 προκειμένου
2971 1521 3036 1589 τῇ
3076 1517 3315 1588 θεωρίᾳ,
3349 1516 3609 1587 παρεθείη
3647 1534 3699 1569 τι

2123 1607 2233 1659 τῶν
2260 1609 2641 1662 συντεινόντων
2690 1609 2828 1681 πρὸς
2862 1608 2960 1679 τὴν
3006 1608 3283 1661 ὑπόθεσιν.
3323 1606 3483 1659 Ἀλλά
3508 1607 3601 1659 καὶ
3632 1606 3703 1658 τά

2124 1697 2382 1751 δοκοῦντα
2437 1700 2565 1770 περὶ
2594 1700 2751 1753 αὑτὸν
2782 1699 3039 1762 ἐναντίως
3084 1698 3247 1768 ἐχειν,
3291 1698 3379 1750 διά
3410 1698 3470 1750 τὸ
3506 1698 3579 1767 μὴ
3634 1697 3701 1750 τὰ

2057 1772 2096 1826 Β
2125 1789 2264 1843 αύτά
2300 1792 2414 1853 τοῖς
2437 1789 2497 1855 ἐξ
2524 1793 2697 1863 ἀρχῆς
2726 1792 3140 1862 γεγενημένοις,
3169 1792 3261 1845 καὶ
3300 1790 3394 1843 νῦν
3436 1792 3564 1861 περὶ
3604 1791 3704 1860 τὴν

2126 1879 2289 1948 φύσιν
2328 1881 2557 1952 ὁρᾶσθαι
2598 1882 2686 1936 διά
2723 1899 2865 1946 τινος
2904 1882 3208 1950 ἀναγκαίας
3250 1880 3571 1944 ἀκολουθίας
3601 1898 3616 1911 ·
3639 1882 3702 1933 ἐκ

2118 1989 2184 2025 τε
2234 1971 2334 2041 τῆς
2365 1973 2640 2042 γραφικῆς
2674 1970 2999 2041 ύφηγήσεως
3025 1969 3119 2023 καλ⁴
3161 1971 3225 2021 ἐκ
3256 1969 3355 2039 τῆς
3388 1967 3541 2039 παρὰ
3590 1966 3703 2019 τῶν

2124 2060 2398 2131 λογισμῶν
2428 2060 2827 2131 εὐρισκομένης
2869 2060 3112 2123 ἐπινοίας
3145 2058 3479 2128 συναρτῆσαι
3534 2072 3705 2127 προσ-

2122 2155 2271 2225 ήκει,
2302 2154 2380 2217 ὡς
2419 2154 2487 2207 ἂν
2527 2144 2815 2224 συμϐαίνοι
2843 2155 2993 2206 πᾶσα
3022 2153 3056 2222 ή
3105 2151 3359 2215 ὑπόθεσις
3400 2149 3576 2221 είρμῷ
3609 2148 3705 2201 καὶ

2124 2246 2276 2311 τάξει
2312 2245 2421 2297 τῶν
2453 2243 2707 2308 ἐναντίως
2762 2244 2904 2314 ἐχειν
2943 2242 3242 2297 δοκούντων
3273 2241 3408 2313 πρὸς
3435 2241 3491 2292 ἓν
3520 2241 3611 2293 καὶ
3645 2239 3706 2291 τὸ

2126 2332 2259 2385 αὐτὸ
2288 2331 2461 2401 πέρας
2493 2330 3100 2402 συμφερομένων,οὖτω
3130 2331 3224 2385 καὶ
3248 2331 3345 2400 τῆς
3369 2329 3518 2392 θείας
3546 2328 3706 2382 δυνά-

2132 2439 2277 2492 μεως
2302 2421 2493 2475 ἐλπίδα
2522 2424 2635 2483 τοῖς
2669 2421 2806 2492 ὑπὲρ
2852 2420 3062 2487 ἐλπίδα,
3088 2420 3183 2473 καὶ
3230 2420 3395 2491 πόρον
3428 2421 3537 2481 τοῖς
3562 2418 3708 2487 ἀμη-

2130 2513 2313 2585 χάνοις
2353 2512 2801 2583 ἐφευρισκούσης.
2840 2512 3143 2581 Σαφηνείας
3202 2510 3258 2564 δέ
3308 2510 3467 2580 χάριν
3525 2507 3706 2570 καλῶς

2132 2605 2278 2674 ἔχειν
2308 2602 2513 2674 ᾠήθην,
2531 2604 2623 2656 ἐπὶ
2650 2602 2956 2672 κεφαλαίων
2985 2619 3067 2655 σοι
3092 2601 3373 2673 προθεῖναι
3405 2600 3493 2653 τὸν
3526 2599 3705 2667 λόγον,

2135 2696 2211 2759 ὡς
2236 2694 2301 2749 ἂν
2334 2694 2475 2765 ἔχοις
2529 2694 2710 2765 πάσης
2757 2694 2857 2764 τῆς
2895 2692 3276 2764 πραγματείας
3318 2694 3374 2745 ὲν
3407 2690 3572 2760 ὀλίγῳ
3599 2688 3710 2741 τῶν

2136 2786 2469 2841 καθέκαστον
2493 2785 2937 2857 ἐπιχειρημάτων
2960 2784 3160 2838 εἰδέναι
3182 2785 3285 2855 τὴν
3319 2782 3598 2837 ὑπόθεσιν.

452 2891 679 2961 positis,
725 2899 779 2946 et
819 2892 1022 2946 exitum
1064 2891 1332 2962 perplexis
1381 2887 1709 2945 inveniente.
1757 2886 2024 2941 Caeterum
2088 2882 2229 2938 lucis
2273 2898 2337 2937 ac
2376 2880 2785 2953 perspicuitatis
2826 2881 3002 2951 gratia
3035 2880 3213 2935 visum
3260 2888 3344 2934 est
3382 2876 3573 2948 paucis
3628 2884 3731 2929 ca?

460 2987 665 3057 pitibus
722 3002 833 3043 rem
868 3002 1083 3043 omnem
1135 2986 1233 3041 tibi
1273 2986 1563 3054 subjicere,
1604 2997 1714 3053 quo
1765 2981 2104 3051 singulorum
2140 2988 2581 3049 argumentorum
2630 2977 2799 3032 totius
2844 2974 3319 3032 commentationis
3364 2974 3490 3036 vim,
3534 2969 3715 3023 brevi-

460 3081 565 3137 bus
590 3080 768 3137 verbis
788 3079 1237 3151 comprehensam
1265 3078 1575 3147 perspicere
1601 3073 1810 3144 liquido
1833 3070 2035 3142 possis.

971 3189 1201 3247 CAPUT
1238 3188 1526 3243 PRIMUM.

465 3284 530 3340 In
550 3302 650 3355 quo
692 3287 757 3341 de
801 3284 996 3355 mundo
1034 3282 1393 3351 particulatim
1442 3279 1741 3341 disseritur,
1780 3276 2041 3345 jucunde-

532 3354 631 3426 (μω
657 3372 718 3408 ea
747 3370 864 3425 qua:
896 3354 1121 3407 hominis
1157 3360 1330 3406 ortum
1360 3365 1689 3420 prwcessere,
1732 3362 2041 3401 commemo-

532 3434 741 3478 rantur.

534 3517 635 3573 Hic
654 3525 759 3581 est,
785 3515 1038 3585 inquiunt
1055 3514 1273 3569 Littera:
1304 3527 1492 3578 sacrae,
1520 3512 1659 3566 liber
1681 3509 1749 3565 de
1763 3517 1885 3563 ortu
1913 3508 2037 3562 caeli

464 3622 531 3664 ac
566 3616 744 3663 terra.
780 3606 855 3660 Eo
885 3604 1145 3660 nimirum
1172 3612 1432 3673 tempore,
1480 3601 1742 3672 quidquid
1772 3599 2036 3661 cernitur,

465 3699 767 3771 perfectum
802 3699 907 3753 fuit
938 3718 951 3752 :
984 3708 1145 3768 atque
1184 3704 1365 3750 creata
1400 3694 1612 3762 singula
1654 3700 1862 3748 secreta
1900 3691 2041 3744 inter

465 3808 549 3855 se,
601 3808 759 3848 suum
796 3791 1050 3861 quaelibet
1091 3790 1147 3843 in
1191 3790 1370 3842 locum
1422 3786 1872 3856 commigrarunt,
1923 3798 2038 3837 ca:-

466 3884 708 3953 lesteque
736 3898 935 3952 corpus
968 3880 1101 3936 orbe
1141 3895 1241 3934 suo
1267 3880 1521 3933 universa
1546 3876 2040 3947 complectebatur;

467 3976 726 4047 gravibus
754 3988 817 4028 ac
855 3974 1109 4029 deorsum
1139 3972 1486 4041 vergentibus
1511 3970 1857 4038 corporibus,
1895 3976 2041 4024 terra

467 4075 525 4123 et
563 4081 726 4136 aqua,
758 4063 996 4119 medium
1024 4064 1083 4118 in
1124 4077 1307 4117 rerum
1352 4059 1704 4115 universitate
1740 4060 1918 4114 locum
1945 4074 2042 4114 oc-

467 4159 818 4229 cupantibus,
865 4157 1227 4226 amplexuque
1270 4161 1461 4208 mutuo
1508 4167 1567 4207 se
1610 4152 2036 4207 continentibus.

472 4252 643 4306 ludita
666 4258 781 4305 tum
810 4257 897 4304 est
928 4258 1134 4302 natura:
1162 4259 1341 4301 rerum
1371 4243 1555 4297 divina
1585 4242 1834 4313 quaedam
1862 4257 1954 4296 ars
1978 4256 2042 4296 ac

471 4343 737 4407 facultas,
787 4356 911 4412 qua:
953 4355 1043 4395 res
1102 4336 1351 4393 conditas
1398 4334 1555 4406 quasi
1604 4348 1745 4388 nexu
1805 4333 2043 4403 quodam

471 4431 740 4485 stabilitas
776 4434 1140 4499 perpetuaret,
1176 4424 1489 4496 duplicique
1529 4424 1582 4478 vi
1614 4430 1812 4477 cuncta
1858 4421 2045 4477 mode-

2552 3176 2949 3231 ΚΕΦΑΛΑΙΟΝ
2999 3175 3295 3229 ΠΡΩΤΟΝ.

2153 3271 2258 3323 Ἔν
2278 3261 2326 3334 ᾧ
2357 3269 2449 3335 τίς
2480 3269 2610 3323 ἐστι
2632 3267 2845 3338 μερικὴ
2875 3267 3136 3336 περὶτοῦ
3159 3268 3391 3338 κόσμου
3413 3269 3715 3338 φυσιολο-

2212 3340 2330 3408 για,
2366 3334 2465 3392 καί
2484 3356 2573 3408 τις
2594 3334 2878 3407 ἁδροτέρα
2899 3334 3180 3406 δὶήγησις
3200 3334 3332 3408 περὶ
3367 3334 3483 3387 τῶν
3508 3353 3717 3405 προγε-

2211 3407 2475 3479 γονότων
2504 3407 2616 3476 τῆς
2644 3409 2753 3462 τοῦ
2782 3408 3096 3476 ἀνθρώπου
3119 3407 3431 3475 γενέσεως.

2210 3496 2358 3568 Αὕτη
2386 3499 2419 3567 ή
2450 3497 2629 3567 βίῦλος
2657 3498 2923 3566 γενέσεως
2950 3497 3179 3568 ούρανοῦ
3215 3497 3305 3548 καὶ
3328 3496 3450 3566 γῆς,
3484 3493 3648 3563 φησὶν
3680 3497 3713 3565 ή

2140 3586 2349 3658 Γραφή’
2374 3588 2462 3640 ὅτε
2483 3586 2837 3656 συνετελέσθη
2869 3588 2976 3640 πᾶν
3004 3587 3066 3638 τὸ
3092 3586 3429 3655 φαινόμενον,
3460 3588 3554 3639 καὶ
3579 3586 3715 3657 πρὸς

2138 3674 2237 3746 τὴν
2274 3676 2479 3730 οἰκείαν
2513 3677 2663 3730 θέσιν
2690 3677 2918 3730 ἕκαστον
2946 3676 3056 3729 τῶν
3086 3677 3253 3730 ὀντων
3287 3679 3582 3748 ἀποκριθὲν
3616 3681 3715 3732 ἀν-

2136 3769 2448 3841 εχώρησενο
2479 3771 2567 3823 ὅτε
2597 3770 2887 3841 περιέσχεν
2917 3770 2973 3822 ἐν
3002 3769 3188 3839 κύκλῳ
3223 3770 3292 3822 τά
3322 3772 3497 3825 πάντα
3528 3771 3588 3823 τὺ
3620 3771 3715 3823 025'-

2142 3863 2323 3934 ράνιον
2346 3862 2523 3932 σῶμα,
2546 3862 2645 3933 τὴν
2664 3862 2722 3915 δὲ
2750 3861 2919 3932 μέσην
2931 3860 3026 3913 τοῦ
3050 3861 3250 3924 παντὸς
3269 3860 3503 3913 ἀπέλαϐε
3528 3860 3713 3929 χώραν

2140 3953 2212 4006 τά
2250 3953 2420 4025 βαρέα
2450 3954 2544 4006 καὶ
2583 3955 2873 4023 κατωφερῆ
2908 3951 3016 4004 τῶν
3048 3951 3337 4023 σωμάτων,
3389 3952 3459 4021 γῆ
3507 3968 3566 4003 τε
3618 3951 3715 4004 καὶ

2142 4044 2307 4115 ὕδωρ,
2342 4047 2398 4099 ἐν
2427 4046 2674 4118 ἀλλήλοις
2700 4046 3154 4118 διακρατούμενα.
3198 4045 3501 4113 Σύνδεσμος
3539 4042 3594 4095 δέ
3635 4058 3719 4106 τις

2141 4138 2234 4191 καὶ
2260 4137 2547 4209 βεϐαιότης
2571 4140 2681 4192 τῶν
2708 4138 3089 4209 γεγενημένων
3116 4139 3148 4207 ή
3173 4136 3291 4190 θεία
3318 4136 3480 4206 τέχνη
3507 4135 3601 4188 καὶ
3629 4134 3721 4186 δύ-

2141 4245 2308 4298 ναμις
2336 4230 2399 4298 τῇ
2426 4227 2587 4298 φύσει
2620 4229 2725 4282 τῶν
2755 4229 2923 4282 ὀντων
2956 4229 3274 4297 ἐναπετέθη,
3308 4228 3523 4291 διπλαῖς
3561 4229 3719 4298 ἐνερ-

2142 4320 2317 4387 γείαις
2351 4318 2638 4390 ήνιοχοῦσα
2668 4319 2738 4373 τὰ
2765 4320 2959 4373 πάντα.
2993 4321 3187 4373 Στάσει
3219 4320 3327 4387 γὰρ
3368 4319 3463 4371 καὶ
3509 4319 3722 4385 κινήσει

2144 4407 2242 4479 τὴν
2266 4407 2477 4477 γένεσιν
2499 4410 2611 4471 τοῖς
2640 4409 2713 4479 μὴ
2742 4404 2881 4472 οὖσι,
2911 4410 3006 4461 καὶ
3030 4408 3128 4479 τὴν
3147 4408 3406 4477 διαμονὴν
3433 4408 3546 4468 τοῖς
3571 4401 3725 4458 οὖσιν

470 4531 707 4579 raretur.
755 4495 890 4574 Nam
926 4521 1107 4590 quiete
1144 4534 1210 4574 ac
1249 4495 1399 4573 motu
1424 4516 1675 4573 effectum
1728 4522 1831 4580 est,
1858 4523 1923 4570 ut
1960 4530 2033 4571 re:

2150 4500 2557 4570 ἐμηχανήσατο,
2610 4500 2737 4571 περὶ
2791 4499 2851 4553 τὸ
2905 4499 3042 4570 βαρὺ
3094 4499 3192 4553 καὶ
3239 4497 3571 4569 ἀμετάθετον
3620 4495 3725 4563 τῆς

474 4612 708 4667 necdum
749 4610 1077 4664 exsistentes
1120 4610 1415 4669 orirentur,
1468 4615 1523 4663 et
1571 4614 1705 4661 orta:
1752 4621 2047 4661 conserva-

476 4710 688 4765 rentur,
722 4713 848 4751 cum
893 4697 1041 4752 circa
1072 4712 1162 4751 res
1214 4698 1477 4767 gravitate
1520 4696 1726 4762 ﬁrmas,
1772 4710 1837 4750 ac
1868 4704 2049 4752 motus

477 4791 658 4846 omnis
720 4796 1013 4857 expertes,
1048 4788 1212 4842 veluti
1258 4788 1405 4841 circa
1459 4785 1694 4841 solidum
1756 4787 2048 4857 quemdam

479 4896 659 4945 axem,
690 4878 1009 4934 celerrimus
1038 4878 1147 4947 poli
1186 4884 1368 4931 motus
1411 4876 1588 4931 instar
1612 4884 1747 4930 rota:
1793 4876 2047 4945 ferretur,

479 4985 534 5029 et
568 4980 755 5027 mutua
788 4971 944 5042 quasi
995 4985 1097 5039 ope
1145 4978 1318 5024 semet
1350 4968 1466 5023 haec
1507 4976 1769 5039 perpetuo
1803 4971 2053 5025 contine-

480 5072 635 5129 rent;
665 5070 859 5117 natura
892 5076 1012 5130 quae
1040 5061 1096 5115 in
1128 5060 1314 5116 orbem
1342 5060 1545 5131 agitur,
1575 5060 1747 5116 veloci
1775 5070 1925 5115 motu
1952 5076 2054 5117 suo

482 5163 641 5209 terrae
690 5152 1017 5208 densitatem
1063 5152 1303 5222 undique
1346 5153 1648 5221 complexa,
1700 5166 1766 5207 ac
1809 5152 2053 5209 vicissim

482 5246 645 5302 rebus
679 5245 850 5299 ﬁrmis
883 5245 1142 5313 nullaque
1181 5258 1247 5298 ex
1284 5251 1438 5313 parte
1465 5242 1809 5309 cedentibus,
1859 5244 2056 5299 immo-

484 5337 579 5391 bili
630 5335 905 5392 soliditate
933 5348 1031 5388 sua
1067 5333 1477 5389 conversionem
1499 5332 1816 5389 volubilium
1852 5352 2059 5408 augen-

2149 4591 2405 4659 ἀκινήτου
2445 4589 2689 4660 φύσεως,
2718 4585 2827 4644 οόν
2866 4589 2994 4660 περί
3030 4605 3153 4642 τινα
3180 4590 3375 4656 πάγιον
3400 4584 3586 4651 άξονα,
3622 4587 3727 4658 τὴν

2148 4680 2411 4751 ὀξυτάτην
2441 4680 2536 4733 τοῦ
2567 4682 2730 4734 πόλου
2764 4682 2979 4752 κίνησιν
3030 4680 3226 4752 τροχοῦ
3256 4680 3411 4750 δίκην
3446 4680 3504 4731 ἐν
3538 4678 3729 4747 κύκλῳ

2150 4771 2608 4844 περιελαύνουσα,
2642 4773 2737 4825 καὶ
2774 4772 2840 4825 δι’
2874 4772 3119 4843 ἀλλήλων
3156 4772 3488 4842 ἀμφοτέροις
3533 4787 3729 4839 συντηο

2155 4865 2323 4937 ροῦσα
2354 4866 2417 4919 τὸ
2448 4865 2727 4919 ἀδιάλυτον
2747 4882 2759 4894 ο
2798 4864 2895 4935 τῆς
2917 4881 2977 4916 τε
3006 4862 3513 4934 κυκλοφορουμένης
3540 4862 3731 4924 οὐσίας

2157 4955 2244 5010 διά
2271 4957 2370 5026 τῆς
2404 4954 2580 5020 ὀξείας
2612 4956 2875 5026 κινήσεως
2897 4954 2959 5007 τὺ
2982 4953 3174 5007 ναστὸν
3201 4953 3298 5022 τῆς
3330 4953 3432 5021 γῆς
3460 4954 3517 5003 ἐν
3544 4950 3732 5020 κύκλῳ

2159 5050 2623 5121 περισφιγγούσης
2645 5088 2661 5113 ,
2697 5047 2791 5103 τοῦ
2843 5064 2903 5099 τε
2939 5044 3166 5116 στερῤοὖ
3197 5045 3293 5098 καὶ
3324 5044 3605 5097 ἀνενδότου
3643 5044 3735 5096 διὰ

2156 5142 2256 5212 τῆς
2282 5142 2616 5213 ἀμεταθέτου
2642 5139 2970 5209 παγιότητος
2992 5136 3350 5199 ἀδιαλείπτως
3372 5135 3738 5197 ἐπιτείνοντος

2156 5236 2265 5289 τῶν
2300 5235 2425 5307 περὶ
2467 5235 2637 5306 αὐτὴν
2678 5231 3060 5303 κυκλουμένων
3108 5229 3207 5301 τὴν
3244 5228 3471 5299 δίνησιν.
3517 5229 3637 5295 Ἰση
3670 5226 3736 5278 δὲ

2158 5327 2278 5381 καθ’
2323 5327 2577 5396 ἑκάτερον
2627 5324 2734 5378 τῶν
2784 5327 2901 5388 ταῖς
2953 5321 3251 5393 ἐνεργείαις
3292 5318 3650 5389 διεστηκότων
3700 5318 3735 5387 ή

482 5430 650 5485 tibus.
708 5428 884 5498 Atque
936 5426 1021 5481 his
1069 5426 1229 5480 rebus
1288 5424 1503 5479 diversa
1551 5426 1604 5478 vi
1634 5436 1687 5480 et
1740 5428 2033 5488 ellicacitatl

2163 5419 2434 5491 ὑπερϐολὴ
2460 5417 2879 5487 ἐναπειργάσθη,
2906 5420 2973 5486 τῇ
3000 5433 3059 5468 τε
3084 5414 3330 5485 στασίμῳ
3360 5412 3515 5481 φύσει
3543 5410 3637 5465 καὶ
3665 5413 3733 5480 τῇ

486 5522 748 5590 praeditis,
793 5527 1000 5574 natura:
1024 5517 1275 5572 videlicet
1317 5516 1601 5580 immobili,
1642 5528 1697 5573 et
1717 5520 1872 5575 alteri
1904 5524 2033 5591 quie

2163 5512 2380 5580 ἀστὰτῳ
2409 5509 2701 5579 περιφορᾷ.
2739 5508 2874 5560 υύτε
2904 5508 3010 5578 γὰρ
3040 5508 3073 5577 ή
3107 5507 3178 5576 γῆ
3221 5507 3320 5576 τῆς
3352 5504 3483 5567 ἰδίας
3525 5501 3735 5571 βάσεως

487 5615 559 5666 tis
584 5612 817 5682 experti,
858 5625 959 5681 par
986 5610 1204 5681 quidem
1238 5608 1378 5664 inest
1426 5618 1713 5679 utramque
1755 5612 1808 5664 in
1846 5622 2033 5681 parten

2168 5603 2542 5671 μετατίθεται,
2576 5598 2699 5652 οὔτε
2732 5601 2760 5651 ὀ
2802 5599 3027 5668 οὐρανός
3069 5614 3198 5650 ποτε
3239 5598 3300 5649 τὸ
3341 5594 3567 5664 σφοδρὸν
3600 5592 3736 5645 ἐνδί-

486 5721 766 5765 excessus.
791 5709 924 5767 Nam
950 5719 1124 5777 neque
1150 5712 1294 5761 terra
1319 5720 1557 5774 unquam
1586 5720 1615 5762 a
1638 5706 1933 5763 stabilitate
1960 5726 2033 5764 su;

2166 5697 2295 5750 δωσι
2322 5695 2412 5748 καὶ
2437 5691 2680 5762 ὑποχαλᾷ
2705 5689 2801 5761 τῆς
2830 5690 3110 5759 κινήσεως.
3138 5688 3318 5741 Ταῦτα
3342 5684 3395 5739 δὲ
3423 5683 3514 5738 καὶ
3544 5683 3737 5755 πρῶτα
