4106 6208
428 199 534 261 ιρις)

1651 205 1735 260 DE
1776 206 2056 264 "0)“le
2093 210 2405 270 OPlFlClO.

3592 220 3691 277 150

427 320 571 379 κατά
601 322 697 393 τὴν
727 322 821 376 τοῦ
858 324 1218 395 πεποιηκότος
1255 324 1466 391 σοφίαν,
1493 318 1603 377 οἷόν
1635 343 1717 389 τις
1741 327 1881 397 ἀρχὴ
1911 326 2006 381 τοῦ

2112 331 2372 388 dimoveri
2416 342 2625 405 potest;
2663 347 2841 403 neque
2873 332 3072 388 cmlum
3122 331 3188 387 de
3219 331 3537 391 vehemente
3581 353 3691 390 nio-

428 415 626 478 παντὸς
673 418 1068 487 μηχανήματος
1108 417 1624 488 προκατεσκευάσθη
1669 418 1776 469 τῶν
1817 418 2006 479 ὄντων,

422 504 742 570 δεικνύντος,
777 500 957 575 οἶμαι,
991 505 1083 559 τοῦ
1136 506 1370 577 μεγάλου
1416 507 1660 570 Μωσέως
1698 507 1786 560 διὰ
1812 507 1906 560 τοῦ
1948 509 2007 559 ἐν

420 596 557 664 ἀρχῇ
593 595 687 647 τὸν
726 596 955 666 οὐρανὸν
985 596 1080 649 καὶ
1123 596 1223 667 τὴν
1251 596 1357 665 γῆν
1383 596 1531 665 παρὰ
1558 596 1653 649 τοῦ
1683 596 1816 649 Θεοῦ
1846 612 2009 665 γεγε‹

421 686 614 754 νῆσθαι
642 687 819 738 είπεῖν
838 727 852 749 ,
886 688 968 740 ὅτι
1012 686 1277 756 κινήσεώς
1304 703 1365 739 τε
1394 688 1489 739 καὶ
1525 688 1766 751 στάσεως
1808 687 2005 756 ἔκγονα

418 778 485 829 τά
512 780 571 830 ὲν
600 781 666 847 τῇ
704 778 880 831 κτίσει
916 779 1215 847 φαινόμενα
1250 779 1455 841 πάντα,
1490 779 1559 832 τὰ
1593 780 1732 833 κατὰ
1762 781 1823 832 τὸ
1865 781 2005 835 θεῖον

418 867 669 937 βούλημα
700 869 1053 939 παραχθέντα
1096 869 1177 932 είς
1212 868 1444 936 γένεσιν.
1488 868 1596 921 Τοῦ
1635 868 1812 923 τοίνυν
1837 870 2003 940 ούρα-

416 958 507 1011 νοῦ
542 961 638 1012 καὶ
664 963 761 1029 τῆς
800 960 905 1028 γῆς
932 960 998 1011 ὲκ
1028 959 1321 1030 διαμέτρου
1366 959 1502 1029 πρὸς
1531 959 1734 1030 ἄλληλα
1772 960 1912 1014 κατά
1943 961 2004 1015 τὸ

415 1050 658 1101 ἐναντίον
690 1050 791 1118 τῆς
830 1048 1108 1120 ἐνεργείας
1147 1048 1526 1116 διεστηκότων,
1563 1050 1597 1119 ἡ
1641 1048 1845 1118 μεταξὺ
1888 1051 2001 1102 τῶν

416 1142 672 1194 ἐναντίων
712 1140 891 1204 κτίσις
928 1142 986 1193 ὲν
1040 1140 1197 1210 μέρει
1237 1140 1345 1192 τῶν
1404 1141 1820 1210 παρακειμένων
1873 1158 2003 1209 μετ-

416 1232 634 1299 έχουσα.
662 1231 729 1282 δι’
752 1231 952 1301 ἑαυτῆς
978 1230 1249 1301 μεσιτεύει
1265 1233 1378 1292 τοῖς
1398 1230 1606 1300 ἄκροις,
1630 1231 1705 1294 ὡς
1728 1232 1793 1284 ἂν
1816 1232 2002 1301 ἐπίδη-

415 1322 503 1373 λον
532 1322 787 1388 γενέσθαι
823 1322 922 1391 τὴν
953 1322 1090 1392 πρὸς
1119 1321 1323 1391 ἄλληλα
1367 1322 1472 1375 τῶν
1502 1323 1759 1376 ἐναντίων
1790 1323 1878 1376 διὰ
1904 1324 1998 1376 τοῦ

418 1413 583 1481 μέσου
616 1413 934 1481 συνάφειαν.
976 1413 1049 1466 Τὸ
1079 1412 1188 1485 γὰρ
1221 1414 1529 1484 ἀεικίνητον
1559 1416 1650 1468 καὶ
1678 1415 1872 1469 λεπτὸν
1900 1416 2000 1486 τῆς

416 1504 699 1573 πυρώδους
727 1488 1194 1575 ούσίαςμιμείται
1233 1506 1331 1575 μέν
1364 1523 1481 1569 πως
1520 1507 1549 1558 ὁ
1577 1506 1703 1578 ἀὴρ,
1738 1506 1796 1559 ἔν
1833 1524 1889 1559 τε
1919 1507 2000 1577 τῷ

415 1597 601 1666 κούφῳ
640 1597 741 1667 τῆς
768 1598 981 1665 φύσεως
1018 1598 1113 1651 κα)⁵
1139 1596 1217 1667 τῷ
1250 1598 1388 1668 πρὸς
1412 1598 1510 1667 τὴν
1556 1598 1768 1668 κίνησιν
1811 1598 1999 1669 ἐπιτη·

2116 428 2202 474 tus
2231 422 2432 492 impetu
2470 424 2768 493 quidquam
2810 410 3053 477 remittit.
3090 422 3212 477 Haec
3244 424 3415 492 prima
3451 425 3695 481 omnium

2113 514 2375 569 eXStitere
2409 515 2463 567 in
2498 522 2619 568 ortu
2657 528 2864 577 rerum,
2897 514 3111 568 volente
3136 514 3400 568 creatoris
3426 516 3692 584 sapientia

2113 620 2235 661 esse
2256 620 2318 661 ea
2371 607 2644 676 quoddam
2681 605 2896 660 initium
2942 604 3143 675 oprticii
3191 608 3297 661 sui.
3339 606 3522 675 |taque
3579 622 3692 661 ma-

2110 712 2275 766 gnum
2314 697 2463 750 illum
2507 697 2714 760 Mosen.
2754 712 2877 752 cum
2923 698 2999 751 ait
3034 698 3190 752 initio
3232 698 3430 752 caelum
3462 715 3525 754 ac
3579 708 3695 752 ter-

2112 801 2226 839 ram
2263 785 2429 839 Deum
2469 787 2800 852 condidisse,
2859 786 2964 840 hoc
3013 786 3257 840 indicare
3302 787 3538 841 voluisse
3577 788 3695 842 exi-

2112 875 2277 930 stimo
2312 893 2324 928 :
2359 891 2449 930 res
2489 876 2796 939 universas,
2828 891 2949 945 quae
2980 876 3122 930 inter
3149 883 3331 929 creata
3367 884 3689 939 cernuntur,

2110 961 2285 1031 deque
2343 964 2621 1017 voluntate
2680 980 2744 1017 ac
2796 966 3065 1019 sententia
3130 962 3223 1045 Dei
3273 976 3474 1018 exortae
3525 974 3688 1031 sunt,

2109 1065 2137 1104 a
2173 1061 2320 1105 motu
2357 1060 2409 1107 et
2449 1055 2632 1122 quiete
2678 1053 2951 1123 profectas
2997 1070 3140 1109 esse.
3175 1054 3352 1123 Atque
3397 1054 3501 1108 hoc
3532 1065 3692 1125 pacto

2108 1142 2250 1196 caelo
2299 1151 2352 1195 et
2388 1150 2529 1196 terra
2562 1159 2627 1197 ex
2675 1144 2942 1198 diametro
2984 1144 3126 1198 inter
3158 1159 3218 1199 se
3244 1144 3526 1197 contraria
3561 1143 3692 1199 atie-

2108 1232 2291 1285 ctione
2317 1233 2736 1297 dissidcntibus,
2771 1241 2953 1289 creata
2992 1243 3207 1298 caetera,
3241 1250 3365 1304 qua:
3391 1235 3479 1289 his
3519 1235 3685 1289 inter-

2101 1321 2244 1391 jecta
2275 1333 2425 1387 sunt,
2462 1338 2587 1377 cum
2629 1324 2877 1379 nonnihil
2909 1339 3033 1378 cum
3068 1325 3232 1379 rebus
3273 1324 3378 1379 sibi
3417 1324 3690 1395 contiguis

2106 1431 2400 1472 commune
2433 1418 2687 1481 habeant,
2731 1419 2874 1474 inter
2899 1425 3142 1473 extrema
3191 1417 3283 1471 illa
3321 1427 3495 1473 semet
3527 1417 3688 1486 quasi

2106 1506 2483 1578 interponunt,
2532 1516 2591 1563 ut
2642 1509 2798 1564 facile
2848 1517 3107 1579 appareat
3154 1525 3263 1579 quo
3296 1517 3455 1578 pacto
3490 1524 3583 1579 per
3624 1523 3688 1563 ea

2105 1609 2227 1663 quae
2286 1596 2463 1650 media
2516 1597 2659 1650 inter
2718 1597 2836 1651 haec
2873 1599 3209 1659 consistunt,
3251 1612 3337 1653 res
3391 1598 3689 1666 ceteroqui

415 1690 565 1751 δείως
590 1688 754 1757 ἔχειν.
784 1689 858 1742 Ού
885 1689 991 1759 μὴν
1020 1689 1261 1753 τοιοῦτός
1295 1692 1463 1757 ἐστιν,
1502 1685 1614 1753 οἷος
1640 1692 1738 1761 τῆς
1766 1691 1904 1761 πρὸς
1926 1692 1996 1746 τὰ

2110 1682 2430 1739 dissidentes
2496 1694 2687 1739 mutuo
2730 1693 3146 1740 connectantur.
3193 1685 3329 1740 Nam
3387 1701 3481 1742 aer
3525 1686 3687 1740 modo

419 1782 589 1847 πάγια
639 1780 960 1847 συγγενείας
1011 1779 1457 1851 ἀλλοτριοῦσθαι,
1507 1779 1630 1833 οὔτε
1680 1780 1766 1833 ἀεὶ⁸
1820 1780 1997 1855 μένων

419 1874 689 1943 ἀκίνητος,
721 1872 845 1926 οὔτε
893 1874 1185 1936 διαπαντὸς
1223 1873 1362 1945 ρἐν
1395 1873 1490 1927 καὶ
1535 1872 1953 1943 σκεδαννύμενος
1978 1889 1994 1905 ·

424 1962 564 2015 ἀλλὰ,
580 1964 647 2032 τῇ
658 1962 786 2032 πρὸς
802 1962 888 2014 ’ἑτε
895 1979 989 2033 ρον
1001 1962 1290 2032 οἰκειότητι
1313 1957 1422 2016 οἷόν
1442 1980 1494 2015 τι
1515 1961 1763 2033 μεθόριον
1772 1962 1870 2031 τῆς
1890 1961 1999 2015 τῶν

426 2051 714 2121 ἐνεργειῶν
735 2053 1103 2122 ἐναντιότητος
1131 2052 1359 2119 γίνεται,
1380 2051 1573 2120 μιγνὺς
1602 2051 1718 2121 ἅμα
1747 2052 1841 2104 καὶ
1860 2052 1998 2105 διαισ-

425 2142 601 2211 ρῶνέν
615 2142 759 2211 αύτῷ
769 2143 838 2196 τὰ
847 2142 1105 2196 διεστῶτα
1116 2145 1182 2214 τῇ
1198 2143 1373 2212 φύσει.
1382 2141 1532 2196 Κατὰ
1541 2142 1632 2197 τὸν
1644 2143 1803 2195 αὑτὸν
1817 2142 1997 2210 λόγον,

424 2234 517 2287 καὶ
540 2236 570 2304 ἡ
604 2234 745 2305 ὑγρὰ
769 2235 924 2288 οὐσία
944 2235 1155 2297 διπλαῖς
1178 2235 1421 2306 ποιότησι
1444 2235 1581 2306 πρὸς
1601 2234 1859 2307 ἑκάτερον
1884 2232 1997 2287 τῶν

418 2326 675 2377 ἐναντίων
706 2326 1025 2396 ἁρμόζεται.
1053 2325 1144 2396 Τῷ
1181 2325 1279 2396 μὲν
1295 2326 1403 2396 γὰρ
1423 2326 1615 2397 βαρεῖά
1633 2343 1693 2378 τε
1714 2326 1805 2380 καὶ
1818 2342 1997 2379 κατωο

416 2414 586 2483 φερὴς
596 2410 964 2485 εἷναι,πολλὴν
978 2415 1114 2485 πρὸς
1125 2414 1184 2467 τὸ
1198 2414 1397 2483 γεῶδες
1407 2416 1504 2486 τὴν
1521 2416 1839 2486 συγγένειαν
1855 2415 1990 2486 ἔχει.

2106 1774 2342 1844 quodam
2413 1775 2770 1829 mobilitatem
2818 1782 3156 1844 perpetuam,
3217 1775 3688 1844 subtilitatemque

2106 1866 2282 1936 igneae
2316 1875 2528 1922 natura:
2567 1869 2831 1921 imitatur.
2870 1866 2966 1923 Est
3004 1867 3150 1922 enim
3182 1874 3237 1921 et
3267 1867 3482 1922 levitate
3519 1874 3685 1920 natu-

2102 1958 2202 2011 rali
2232 1958 2521 2027 praeditus,
2553 1967 2607 2014 et
2645 1959 2712 2013 ad
2756 1967 2963 2014 motum
2998 1959 3282 2028 aptissime
3308 1968 3682 2028 comparatus.

2101 2044 2287 2117 Neque
2324 2056 2506 2103 tamen
2537 2050 2744 2105 idcirco
2776 2049 2933 2120 plane
2979 2057 3063 2104 est
3090 2044 3160 2103 ab
3198 2049 3347 2103 onmi
3378 2047 3683 2103 solidorum

2102 2138 2425 2206 cognatione
2469 2139 2715 2201 alienus,
2762 2154 2886 2193 nam
2930 2147 2988 2193 ut
3017 2154 3233 2210 semper
3272 2148 3450 2194 motus
3490 2154 3687 2208 expers

2100 2242 2212 2282 non
2242 2238 2361 2293 est,
2398 2230 2471 2284 ita
2506 2246 2722 2301 semper
2753 2231 2917 2286 etiam
2960 2246 3070 2287 non
3108 2230 3222 2285 ﬂuit
3261 2240 3354 2286 aut
3387 2231 3685 2301 spargitur,

2099 2317 2196 2373 sed
2244 2320 2304 2375 ﬁt
2332 2322 2565 2393 quadam
2600 2321 2667 2376 ad
2716 2330 3009 2391 utrumque
3051 2324 3398 2394 cognatione,
3436 2330 3494 2377 ut
3545 2323 3686 2376 inter

2094 2429 2185 2470 res
2222 2412 2601 2470 eﬂ‘ectionibus
2632 2414 2864 2469 diversis
2899 2396 3250 2470 adversantes
3294 2414 3399 2469 sibi
3438 2414 3682 2484 quidam,

421 2508 575 2577 quasi
622 2505 778 2563 limes
826 2509 925 2575 sit;
964 2517 1129 2579 atque
1171 2510 1308 2565 adeo
1366 2518 1563 2566 natura
1615 2513 1756 2567 inter
1810 2526 1872 2568 se
1904 2511 2227 2569 dissidentia
2260 2525 2385 2565 cum
2418 2508 2720 2574 consociet,
2763 2516 2879 2562 tum
2931 2517 3200 2563 secernat.
3261 2507 3463 2562 Eodem
3525 2509 3687 2561 modo

418 2610 472 2658 et
505 2603 702 2657 humor
728 2602 935 2674 duplici
961 2605 1226 2675 qualitate
1254 2606 1321 2661 ad
1351 2613 1645 2678 utrumque
1698 2606 1895 2662 horum
1951 2605 2359 2663 adversantium
2411 2611 2677 2683 perpetuo
2740 2602 2845 2658 sibi
2904 2610 3077 2657 semet
3119 2600 3515 2656 accommodat.
3551 2599 3685 2656 Nam

419 2716 527 2755 non
554 2700 747 2770 exigua
778 2715 904 2755 cum
935 2708 1082 2756 terra
1107 2684 1439 2772 cognatione
1462 2711 1699 2768 tenetur,
1742 2718 1850 2773 qua
1884 2702 2066 2775 gravis
2103 2709 2213 2765 est,
2244 2707 2298 2755 et
2331 2713 2439 2769 qua
2473 2699 2732 2753 deorsum
2762 2696 2955 2752 fertur.

489 2792 582 2863 Τῷ
635 2793 693 2846 δὲ
750 2794 997 2865 μετέχειν
1042 2795 1275 2867 ροὡδους
1319 2796 1466 2860 τινὸς
1519 2798 1614 2851 καὶ
1674 2798 2006 2869 πορευτικῆς

2180 2796 2448 2851 Caeterum
2478 2807 2587 2864 qua
2620 2793 2782 2848 etiam
2828 2789 3055 2845 ﬂuidum
3106 2790 3363 2860 quiddam
3409 2790 3461 2846 ei
3520 2791 3687 2855 inest,

420 2884 706 2954 ἐνεργείας
728 2926 745 2950 ,
796 2886 867 2941 ob
894 2886 1069 2959 πάντη
1123 2888 1226 2959 τῆς
1282 2888 1605 2960 κινουμένης
1649 2889 2005 2962 ἠλλοτρίωται

2110 2890 2301 2959 visque
2331 2885 2678 2958 permeabilis
2710 2901 2725 2939 :
2758 2898 2867 2939 non
2905 2897 3132 2953 prorsus
3167 2898 3196 2937 a
3229 2882 3395 2939 rebus
3432 2884 3522 2948 iis,
3568 2899 3689 2955 quae

424 2976 671 3045 φύσεως,
726 2977 864 3032 ἀλλά
893 2979 978 3041 τίς
1022 2981 1141 3032 ἐστι
1197 2981 1292 3034 καὶ
1333 2980 1422 3034 διὰ
1470 2981 1659 3034 τούτου
1701 2982 1844 3052 μίξις
1896 2982 2003 3037 τῶν

2110 2996 2197 3036 res
2252 2987 2513 3050 perpetuo
2572 2984 2899 3039 moventur,
2964 2974 3179 3044 sejungi
3230 2982 3444 3043 potest;
3505 2976 3690 3045 itaque

424 3066 682 3119 ἐναντίων
731 3065 825 3119 καὶ
870 3065 1104 3132 σύνοδος,
1145 3069 1245 3139 τῆς
1270 3086 1331 3122 τε
1358 3069 1657 3142 βαρύτητος
1683 3073 1762 3135 εἰς
1790 3070 2003 3141 κίνησιν

2110 3079 2157 3127 et
2203 3071 2259 3125 in
2303 3070 2533 3125 humore
2583 3068 2698 3123 haec
2731 3069 3011 3123 contraria
3042 3068 3188 3121 inter
3246 3081 3307 3121 se
3361 3068 3687 3122 consocian-

428 3156 836 3228 μετατεθείσης,
891 3158 985 3211 καὶ
1024 3159 1126 3229 τῆς
1178 3160 1442 3231 κινήσεως
1491 3164 1549 3215 ὲν
1578 3162 1655 3233 τῷ
1714 3161 1867 3233 βάρει
1929 3162 2004 3234 μὴ

428 3249 754 3321 πεδηθείσης
776 3287 793 3313 ,
850 3249 993 3304 ὥστε
1065 3252 1385 3323 συμϐαίνειν
1460 3253 1598 3324 πρὸς
1667 3254 1871 3325 ἄλληλα
1937 3254 2006 3307 τά

430 3342 567 3395 κατά
612 3343 673 3395 τὸ
715 3343 1021 3415 ἀκρότατον
1073 3347 1139 3416 τῇ
1193 3345 1354 3415 φύσει
1400 3346 1720 3419 διεστηκότα
1765 3348 1854 3401 διὰ
1895 3347 2005 3401 τῶν

431 3435 823 3504 μεσιτευόντων
844 3437 1092 3509 ἀλλήλοις
1118 3436 1404 3509 ὲνούμενα.
1430 3439 1647 3493 Μᾶλλον
1671 3440 1729 3494 δὲ
1750 3440 1890 3494 κατά
1914 3440 2005 3493 τὸν

428 3526 633 3596 ἀκριϐῆ
664 3525 821 3596 λόγον
851 3526 973 3581 οὐδὲ
999 3528 1139 3599 αὐτὴ
1185 3528 1294 3581 τῶν
1328 3529 1720 3600 ἀντικειμένων
1757 3533 1790 3602 ἡ
1845 3530 2008 3602 φύσις

432 3616 679 3685 ἀμίκτως
699 3617 873 3687 πάντη
905 3617 1042 3689 πρὸς
1062 3618 1161 3689 τὴν
1198 3618 1393 3689 ἑτέραν
1419 3621 1532 3683 τοῖς
1562 3619 1847 3689 ίδιώμασιν
1870 3620 2006 3691 ἔχει,

429 3704 511 3769 ὡς
547 3705 632 3771 ἂν,
658 3701 837 3778 οἶμαι,
866 3709 1045 3763 πάντα
1071 3709 1209 3780 πρὸς
1232 3710 1437 3781 ἄλληλα
1476 3709 1621 3765 νεύοι
1649 3710 1720 3764 τὰ
1749 3711 2008 3775 κατά,τδν

429 3798 633 3870 κόσμον
664 3802 967 3872 φαινόμενα
986 3841 1002 3866 ,
1027 3801 1120 3855 καὶ
1144 3801 1407 3873 ξυμπνέοι
1441 3803 1578 3875 πρὸς
1607 3804 1807 3876 ἑαυτὴν
1833 3805 1877 3875 ἡ
1893 3804 2012 3858 κτί-

431 3907 513 3954 σις
592 3893 654 3945 ἐν
726 3894 839 3955 τοῖς
910 3892 1021 3946 τῶν
1097 3893 1488 3965 ἀντικειμένων
1567 3894 1849 3966 ίδιώμασιν
1917 3894 2011 3947 εύ-

431 3983 752 4053 ρισκομένη.
799 3983 911 4053 Τῆς
942 3983 1052 4055 γὰρ
1097 3986 1366 4054 κινήσεως
1404 3986 1467 4039 οὐ
1522 3985 1691 4056 μόνον,
1729 3985 1871 4040 κατά
1915 3985 2012 4057 τὴν

426 4073 655 4143 τοπικὴν
702 4075 1035 4143 μετάστασιν
1085 4077 1400 4148 νοουμένης,
1433 4077 1571 4131 ἀλλὰ
1611 4078 1705 4131 καὶ
1738 4079 1795 4131 ὲν
1836 4080 2010 4150 τροπῇ

428 4165 520 4215 καὶ
579 4164 865 4218 ἀλλοιώσει
934 4167 1347 4239 θεωρουμένης·
1414 4168 1578 4224 πάλιν
1639 4170 1685 4222 δ’
1752 4166 1853 4237 αὖ,
1912 4171 2013 4242 τῆς

429 4255 762 4324 ἀμεταθέτου
829 4256 1044 4325 φύσεως
1083 4258 1183 4329 τὴν
1216 4259 1357 4313 κατά
1388 4260 1451 4313 τὸ
1484 4260 1826 4314 ἀλλοιοῦσθαι
1859 4262 2013 4333 κίνη-

2101 3171 2224 3230 tur,
2262 3170 2317 3219 et
2372 3163 2532 3233 quasi
2576 3168 2810 3226 coeunt,
2853 3175 2980 3215 cum
3028 3158 3172 3229 quod
3228 3173 3393 3229 grave
3437 3166 3523 3213 est
3572 3174 3687 3212 mo-

2105 3262 2218 3309 tum
2263 3253 2514 3323 recipiat,
2562 3260 2617 3307 et
2661 3258 2852 3307 contra
2898 3259 3081 3306 motus
3124 3265 3153 3304 a
3185 3249 3422 3319 pondere
3448 3264 3556 3303 non
3589 3250 3689 3303 im-

2105 3345 2374 3414 pediatur.
2422 3342 2538 3398 Hoc
2587 3342 2725 3398 adeo
2768 3350 2930 3412 pacto
2977 3350 3173 3395 natura
3212 3339 3459 3409 partibus
3501 3348 3689 3394 extre-

2108 3437 2216 3492 mis
2261 3435 2611 3499 dissidentia,
2656 3448 2755 3505 per
2803 3448 2868 3489 ea
2916 3447 3041 3503 quae
3081 3431 3321 3486 medium
3370 3432 3512 3486 inter
3572 3432 3689 3500 ipsa

2107 3526 2290 3581 locum
2336 3524 2602 3587 obtinent,
2632 3523 3065 3593 coniunguntur.
3095 3521 3161 3575 Et
3186 3536 3316 3577 vero
3350 3522 3397 3577 si
3427 3529 3690 3577 accurate

2106 3632 2223 3673 rem
2254 3616 2657 3678 existimemus,
2693 3613 3103 3670 adversantium
3138 3612 3245 3669 sibi
3276 3619 3493 3677 natura,
3523 3613 3687 3667 etiam

2110 3709 2332 3779 propria
2357 3706 2539 3777 quoad
2587 3706 2928 3775 singulorum
2962 3705 3226 3761 attributa
3260 3705 3475 3767 attinet,
3524 3704 3691 3774 quid-

2108 3801 2233 3855 dam
2270 3800 2417 3854 inter
2443 3812 2504 3854 se
2543 3811 2834 3852 commune
2880 3796 3084 3852 habet:
3134 3810 3254 3851 eam
3307 3794 3568 3850 nimirum
3620 3794 3691 3849 ob

2110 3904 2361 3953 causam,
2388 3898 2447 3944 ut
2475 3888 2714 3947 arbitror
2749 3886 2895 3958 quod
2924 3901 3014 3943 res
3047 3886 3153 3943 hoc
3209 3886 3264 3942 in
3306 3886 3516 3941 mundo
3564 3886 3691 3940 uni-

2112 3998 2285 4039 versae
2330 3982 2396 4035 ad
2447 3988 2693 4035 mutuam
2742 3979 3041 4051 quamdam
3088 3979 3441 4043 concordiam
3495 3986 3689 4031 natura

2111 4073 2424 4129 ducantur:
2476 4079 2531 4125 et
2578 4085 2701 4140 qua:
2750 4069 3033 4125 attributis
3091 4068 3331 4139 propriis
3382 4080 3693 4135 repugnare

2113 4162 2218 4218 sibi
2274 4169 2457 4217 creata
2513 4159 2819 4224 sentimus,
2869 4158 3059 4214 eadem
3117 4156 3364 4212 vicissim
3428 4156 3573 4209 inter
3632 4171 3693 4210 se

2116 4252 2463 4323 conSpirent.
2528 4248 2662 4303 Nam
2715 4263 2839 4303 cum
2891 4264 2997 4302 non
3051 4261 3158 4301 una
3217 4246 3331 4301 haec
3385 4256 3568 4301 motus
3620 4248 3693 4303 sit

432 4362 513 4399 σιν
567 4347 627 4400 οὐ
679 4348 1074 4420 προσιεμένης·
1123 4348 1457 4414 ὲναλλάξασα
1504 4350 1604 4415 τάς
1658 4351 1923 4423 ἰδιότητας
1975 4355 2007 4423 ὴ

2118 4344 2351 4415 species,
2382 4357 2507 4397 cum
2551 4340 2680 4410 quid
2724 4339 2793 4395 de
2823 4340 2946 4394 loco
2994 4338 3060 4392 ad
3109 4338 3286 4392 locum
3323 4336 3689 4404 transfertur;

431 4436 520 4490 τοῦ
562 4438 699 4491 Θεοῦ
748 4440 929 4509 σοφία,
965 4438 1045 4510 τῷ
1078 4440 1175 4510 μὲν
1207 4440 1498 4512 ἀεικινήτῳ
1530 4440 1593 4495 τὸ
1624 4440 1909 4512 ἄτρεπτον,
1938 4442 2016 4513 τῷ

430 4529 483 4582 δὲ
530 4531 773 4602 ἀκινήτῳ
823 4530 921 4601 τὴν
969 4532 1178 4603 τροπὴν
1220 4532 1525 4603 ἐνεποίησε,
1572 4533 1880 4605 προμηθείᾳ
1912 4536 2017 4587 τινὶ

430 4622 567 4689 τάχα
610 4620 672 4673 τὸ
720 4620 960 4674 τοιοῦτον
1006 4622 1428 4693 οίκονομήσασα,
1471 4623 1547 4686 ὡς
1584 4621 1650 4677 ἀν
1695 4622 1769 4693 μὴ
1822 4622 1884 4676 τὸ
1918 4622 2019 4692 τῆς

434 4710 648 4778 φύσεως
680 4712 832 4775 ἴδιον,
865 4713 1002 4784 ὅπερ
1043 4712 1161 4765 ἐστὶ
1199 4713 1260 4765 τὸ
1307 4713 1571 4783 ἀτρεπτόν
1600 4731 1658 4767 τε
1692 4714 1786 4768 καὶ
1810 4714 2018 4784 ἀμετά-

435 4799 608 4863 θετον,
640 4800 727 4852 ὲπί
758 4818 902 4865 τινος
946 4801 1055 4855 τῶν
1103 4801 1245 4855 κατά
1289 4802 1390 4875 τὴν
1436 4802 1611 4859 κτίσιν
1651 4802 2015 4873 βλεπομένων,

432 4888 564 4939 θεὸν
611 4888 924 4958 νομίζεσθαι
964 4889 1024 4942 τὸ
1069 4890 1273 4961 κτίσμα
1325 4892 1619 4962 ποιήσειεν.
1665 4892 1737 4945 Ού
1792 4889 1899 4961 γὰρ
1939 4890 2019 4943 ἔτι

430 4974 681 5047 θεότητος
730 4978 997 5049 ὑπόληψιν
1058 4979 1245 5050 σχοίη,
1302 4980 1437 5052 ὅπερ
1495 4980 1561 5035 ἂν
1617 4981 1930 5053 κινούμενον
1982 4982 2014 5053 ἢ

428 5063 810 5138 ἀλλοιούμενον
851 5070 1010 5142 τύχῃ.
1066 5070 1165 5125 Διά
1214 5071 1371 5126 τοῦτο
1417 5073 1450 5144 ἡ
1505 5074 1602 5145 μὲν
1644 5075 1715 5145 γῆ
1760 5074 2019 5145 στάσιμός

426 5160 566 5224 ἐστι,
615 5161 712 5213 καὶ
750 5162 849 5215 οὐκ
891 5164 1185 5235 ἄτρεπτος·
1220 5164 1249 5217 ὁ
1291 5165 1603 5237 δὲόύρανὺς
1643 5165 1735 5219 τοῦ
1779 5167 2018 5220 ἐναντίου

429 5252 490 5303 τὸ
520 5253 761 5321 τρεπτδν
785 5254 885 5309 οὐκ
913 5255 1072 5327 ἔχων,
1107 5257 1225 5311 οὐδὲ
1259 5260 1518 5329 στάσιμον
1548 5258 1680 5329 ἔχει,
1711 5258 1797 5311 ἵνα
1823 5260 1887 5329 τῇ
1922 5259 2020 5329 μὲν

432 5342 591 5411 φύσει
622 5345 839 5417 ἑστώσῃ
871 5348 970 5418 τὴν
1012 5349 1240 5421 τροπὴν,
1269 5352 1335 5421 τῇ
1370 5349 1426 5403 δὲ
1468 5350 1546 5421 μὴ
1581 5349 1892 5421 τρεπομένῃ
1923 5350 2021 5422 τὴν

433 5435 647 5507 κίνησιν
677 5439 711 5508 ἡ
750 5438 869 5493 θεία
913 5441 1268 5513 συμπλέξασα
1311 5441 1557 5512 δύναμις,
1617 5444 1711 5495 καὶ
1766 5442 2018 5512 ἀλλήλαις,

432 5528 747 5600 ἀμφοτέρας
805 5535 869 5604 τῇ
926 5533 1206 5598 ἐναλλάξει
1276 5531 1387 5585 τῶν
1449 5534 1750 5603 ἰδιωμάτων
1806 5553 2023 5606 προσοι-

436 5619 663 5692 aconiton.
688 5624 779 5678 καὶ
807 5625 906 5698 τῆς
936 5628 1061 5702 περὶ
1096 5628 1156 5682 τὸ
1189 5625 1334 5680 θεῖον
1369 5623 1686 5695 ὑπολήψεως
1731 5627 2020 5700 ἀλλοτριὼ-

2118 4449 2306 4492 verum
2336 4433 2504 4488 etiam
2544 4445 2669 4486 cum
2699 4430 2832 4500 quid
2863 4427 2947 4485 vel
2986 4434 3256 4491 mutatur,
3291 4428 3376 4483 vel
3413 4429 3693 4483 converti-

2118 4538 2245 4595 tur;
2297 4535 2494 4582 natura
2536 4537 2702 4595 porro
2788 4522 3261 4578 incommutabilis
3335 4536 3456 4577 eam
3510 4528 3695 4577 motus

2118 4619 2378 4690 speciem.
2402 4632 2510 4687 qua
2549 4614 2683 4687 quid
2706 4623 2969 4678 mutatur,
3013 4629 3131 4683 non
3162 4613 3417 4667 admittat
3445 4631 3460 4679 ;
3488 4612 3694 4669 idcirco

2118 4712 2302 4768 divina
2352 4709 2624 4781 sapientia
2673 4707 3003 4779 permutatis
3045 4707 3308 4776 utrinque
3346 4706 3696 4776 proprietati-

2118 4806 2244 4867 bus.
2275 4812 2530 4859 naturam
2568 4818 2750 4859 rerum
2781 4817 2999 4873 semper
3027 4802 3311 4858 mobilium
3349 4800 3484 4854 nulli
3518 4807 3702 4863 muta-

2120 4897 2257 4952 tioni
2307 4896 2634 4966 subiectam,
2684 4894 2915 4950 alteram
2949 4909 3099 4959 vero,
3156 4901 3338 4947 motus
3390 4893 3693 4960 expertium

2120 4988 2437 5044 mutabilem
2494 5002 2617 5042 esse
2674 4986 2871 5041 voluit.
2930 4986 3111 5057 Atque
3169 4984 3273 5040 hoc
3330 4984 3473 5038 haud
3533 4982 3698 5037 dubie

2120 5074 2409 5151 prudentia
2441 5077 2709 5148 singulari
2742 5076 3003 5139 instituit,
3034 5091 3101 5132 ne
3145 5075 3397 5135 homines
3447 5073 3501 5128 in
3532 5074 3703 5150 rebus

2120 5171 2343 5235 creatis,
2390 5184 2528 5239 quas
2553 5169 2853 5231 cernimus,
2878 5183 3002 5224 esse
3043 5166 3250 5237 aliquid
3297 5175 3559 5236 perpetuo
3591 5164 3694 5217 im-

2121 5263 2385 5319 mutabile
2414 5261 2927 5323 animadvertentes,
2961 5268 3156 5315 natura
3186 5261 3289 5315 hoc
3315 5260 3364 5315 ei
3396 5259 3695 5316 tribuente.

2123 5356 2266 5411 idem
2309 5371 2410 5426 pro
2442 5354 2552 5410 Deo
2599 5355 2860 5410 colerent.
2917 5352 3037 5406 Non
3068 5354 3213 5407 enim
3249 5367 3379 5407 vero
3409 5356 3698 5402 consenta-

2123 5460 2285 5501 ncum
2320 5446 2491 5501 videri
2531 5452 2708 5516 potest
2741 5445 2790 5500 ei
2825 5444 2923 5499 rei'
2950 5444 3293 5498 divinitatem
3341 5442 3542 5497 inesse,
3576 5452 3700 5507 qua

2124 5554 2213 5593 res
2243 5538 2329 5595 vel
2376 5538 2545 5592 motui
2574 5538 2657 5591 vel
2707 5536 2998 5590 mutationi
3049 5534 3287 5589 obnoxia
3346 5530 3439 5587 sit.
3484 5529 3699 5582 idcirco

2126 5639 2325 5687 terram
2360 5628 2579 5701 quidem
2615 5630 2827 5681 ﬁrmam
2860 5641 2980 5681 esse
3031 5625 3300 5696 videmus,
3336 5635 3389 5682 at
3438 5620 3698 5679 mutatio-
