4106 6208
403 273 506 332 151

1612 249 1671 305 S.
1703 242 2035 303 GREGOBII
2070 237 2365 296 NYSSENI

3564 224 3667 280 132

406 386 570 442 nibus
613 369 1193 443 obnoxiamqulum
1244 375 1459 436 contra,
1495 382 1621 422 cum
1675 366 1747 421 sit
1795 363 2009 418 omnis.

2111 372 2173 428 ῃ.
2216 352 2509 423 Οὐδέτερον
2542 348 2648 421 γὰρ
2697 349 2763 403 ἂν
2800 346 3026 407 τούτων,
3074 341 3256 406 καθὼς
3297 341 3536 412 εἴρηται.
3568 337 3666 408 τῆς

402 488 603 546 expers
629 464 973 529 mutationis,
1000 460 1287 533 nunquam
1316 460 1572 532 quiescit.
1598 456 1787 512 Voluit
1817 456 1981 511 nimi-

403 579 526 623 rum
561 563 729 627 Deus,
772 572 901 613 cum
948 554 1217 611 immobili
1269 560 1479 609 naturae
1531 549 1981 609 mutabilitatem,

404 660 714 721 contraque
739 646 1130 703 mutabilitatis
1149 644 1364 715 experti
1400 649 1607 697 motum
1638 640 1984 711 adiungeret,

407 753 704 813 utramque
736 740 884 795 inter
917 753 979 795 se
1001 753 1101 809 per
1133 737 1277 793 hanc
1330 736 1724 806 pr0prietatum
1764 745 1988 802 permu-

406 840 695 901 tationem,
724 833 961 905 quadam
1012 831 1173 902 quasi
1227 830 1554 901 cognatione
1580 825 1876 885 devincire.
1904 830 1987 876 at-

407 946 516 1001 que
548 927 712 984 etiam
743 923 1015 995 impedire
1045 922 1344 993 quominus
1378 922 1562 976 inesse
1592 933 1795 973 numen
1836 916 1990 970 hisce

408 1022 576 1080 rebus
602 1017 1036 1076 existimaretur.
1070 1013 1231 1079 Nam,
1265 1016 1344 1069 uti
1393 1013 1555 1067 modo
1587 1011 1900 1080 expositum
1955 1023 1987 1062 a

409 1109 573 1165 nobis
608 1114 715 1168 est,
745 1120 928 1176 neque
957 1120 1047 1160 res
1092 1104 1293 1175 quietis
1325 1102 1505 1157 omnis
1546 1114 1763 1171 expers.
1814 1113 1991 1169 neque

411 1202 542 1258 item
570 1214 636 1254 ea
666 1214 790 1269 quae
821 1195 1118 1252 mutationi
1151 1194 1391 1249 obnoxia
1420 1203 1527 1257 est,
1559 1191 1764 1246 habere
1790 1189 1993 1245 divini.

415 1294 548 1348 tatis
600 1288 811 1360 aliquid
861 1288 1079 1344 censeri
1127 1292 1330 1355 potest.
1390 1286 1568 1354 Atque
1618 1282 1722 1337 hoc
1771 1280 1992 1351 quidem

413 1382 579 1440 modo
597 1396 689 1437 res
718 1380 991 1435 universa:
1011 1377 1403 1448 perfectionem
1430 1390 1585 1432 suam
1613 1374 1823 1445 adeptae
1844 1385 1990 1430 sunt.

416 1474 509 1531 Sic
530 1475 675 1531 enim
701 1471 885 1527 Moses
915 1472 1159 1541 loquitur
1183 1487 1196 1524 :
1227 1468 1584 1539 Perfectaque
1615 1476 1744 1522 sunt
1766 1468 1993 1529 cmlnm,

417 1577 584 1631 terra,
609 1576 664 1622 et
692 1580 781 1622 res
813 1580 1005 1621 eorum
1040 1564 1094 1617 in
1128 1561 1307 1618 medio
1338 1561 1750 1631 comprehensas
1780 1574 1993 1625 omnes,

2085 426 2357 515 θειοτέρας
2389 443 2606 512 φύσεως
2634 439 2918 511 νομισθείη
2938 454 2949 467 ⁸
2992 436 3114 489 οὔτε
3159 435 3220 488 τὸ
3262 433 3513 493 ἄστατον,
3542 426 3667 483 οὔτε

2083 538 2145 591 τὸ
2169 534 2565 604 ἀλλοιούμενον.
2598 532 2736 602 Ἤδη
2771 530 2948 584 τοίνυν
2977 528 3045 582 τὰ
3076 526 3252 580 πάντα
3283 524 3419 596 πρὸς
3449 522 3511 576 τὸ
3538 521 3668 575 [διον

2084 628 2288 698 ἔφθασε
2320 626 2488 689 τέλος.
2539 622 2898 691 Συνετελέσθη
2931 620 3060 692 γὰρ,
3106 616 3289 680 καθώς
3330 631 3463 688 φησι
3503 614 3669 668 Μωῦ-

2088 723 2209 791 σῆς,
2247 720 2276 773 ὅ
2298 736 2358 773 τε
2386 718 2615 789 οὐρανὸς
2648 716 2741 771 καὶ
2766 718 2798 786 ὴ
2829 715 2903 784 γῆ
2931 714 3026 768 καὶ
3054 712 3123 767 τὰ
3144 710 3233 765 διὰ
3268 708 3435 780 μέσου
3466 707 3667 764 πάντα.
3764 746 3777 755 .

2088 813 2182 870 καὶ
2213 810 2291 882 τῷ
2316 810 2635 880 καταλλήλῳ
2654 808 2840 862 κάλλει
2862 806 2928 861 τὰ
2949 804 3283 859 καθέκαστον
3310 797 3667 868 διεκοσμήθη-

2087 906 2118 958 ὁ
2147 903 2373 976 οὐρανὸς
2409 902 2508 972 μὲν
2536 903 2656 963 ταῖς
2692 899 2801 953 τῶν
2833 898 3135 969 φωστήρων
3178 894 3393 962 αὐγαῖς,
3434 890 3672 944 θάλαττα

2089 996 2146 1051 δὲ
2186 997 2277 1050 καὶ
2318 994 2427 1065 ἀὴρ
2449 996 2563 1056 τοῖς
2592 994 2807 1063 νηκτοῖς
2841 1007 2902 1044 τε
2939 991 3033 1044 καὶ
3060 986 3321 1058 ὲναερίοις
3358 982 3465 1035 τῶν
3494 979 3669 1045 ζώων,

2091 1090 2164 1159 γῆ
2194 1088 2250 1141 δὲ
2271 1089 2392 1150 ταῖς
2421 1084 2701 1147 παντοίαις
2729 1084 2839 1137 τῶν
2865 1081 3045 1152 φυτῶν
3074 1098 3136 1133 τε
3176 1078 3272 1132 καὶ
3312 1074 3672 1147 βοσκημάτων

2091 1179 2394 1250 διαφοραῖς,
2428 1176 2569 1247 ἅπερ
2602 1175 2810 1246 ἀθρόως
2840 1175 3053 1229 ἅπαντα
3093 1170 3222 1241 θείῳ
3249 1168 3549 1239 βουλήματι
3579 1164 3673 1218 δυ-

2093 1271 2403 1343 ναμωθεῖσα
2439 1268 2577 1323 κατὰ
2611 1268 2805 1322 ταύτὸν
2847 1265 3145 1335 ἀπεκύησε.
3184 1263 3293 1316 Καὶ
3330 1260 3540 1330 πλήρης
3575 1255 3675 1327 μὲν

2092 1361 2159 1436 ἦν
2187 1364 2296 1417 τῶν
2324 1361 2538 1434 ὡραίων
2568 1363 2601 1431 ἡ
2632 1360 2726 1430 γῆ,
2762 1357 2896 1430 ὁμοῦ
2926 1359 3037 1420 τοῖς
3064 1354 3250 1411 ἄνθεσι
3280 1354 3403 1415 τοὺς
3432 1348 3678 1421 καρποὺς

2096 1455 2509 1525 ὲκϐλαστήσασα
2526 1468 2543 1484 ·
2573 1452 2801 1522 πλήρεις
2826 1450 2881 1503 δὲ
2904 1452 2952 1503 οἱ
2975 1446 3237 1519 λειμῶνες
3261 1444 3389 1508 τῶν,
3422 1444 3520 1496 ὅσα
3551 1440 3679 1504 τοὺς

2096 1544 2364 1615 λειμῶνας
2390 1542 2697 1615 ἐπέρχεται.
2731 1540 2907 1595 Πᾶσαί
2937 1556 2995 1593 τε
3023 1538 3207 1610 ραχίαι
3235 1535 3328 1590 καὶ
3356 1531 3676 1605 ἀκρώρειαι,

417 1674 485 1714 ac
515 1656 928 1730 pulchritudine
958 1655 1192 1727 singulis
1230 1623 1590 1710 conveniente
1637 1661 1834 1707 cuncta
1868 1623 1997 1705 sunt

2111 1640 2192 1694 καὶ
2236 1640 2342 1692 πᾶν
2403 1638 2527 1691 ὅσον
2564 1635 2791 1704 πλάγιόν
2831 1651 2890 1687 τε
2935 1632 3030 1686 καὶ
3077 1631 3286 1692 ῠπτιον,
3317 1626 3409 1681 καὶ
3457 1626 3581 1679 ὅσον
3620 1623 3681 1675 ἐν

419 1709 481 1714 _-
519 1709 830 1730 rrum---
882 1709 918 1710 η
960 1709 1099 1727 ηυγ
1173 1709 1184 1710 ,
1247 1709 1250 1710 ν

418 1756 682 1807 exornata
713 1767 725 1803 :
762 1750 963 1804 caelum
996 1749 1217 1818 quidem
1264 1747 1571 1801 Iucidorum
1602 1745 1841 1801 siderum
1888 1743 1997 1797 ful-

2111 1730 2316 1793 ιοίλοις,
2341 1732 2408 1800 τῇ
2442 1726 2681 1781 νεοθαλεῖ
2703 1725 2813 1798 πόᾳ
2840 1726 2933 1779 καὶ
2961 1726 3026 1795 τῇ
3063 1721 3280 1793 ποικίλῃ
3320 1721 3428 1773 τῶν
3448 1717 3681 1788 δένδρων

419 1857 590 1917 gere,
652 1856 805 1897 mare
871 1856 1003 1895 vero
1064 1849 1117 1895 et
1178 1854 1273 1894 aer
1344 1838 1678 1893 animalibus
1757 1835 1999 1891 natando

420 1936 766 2004 volaniloque
802 1941 1101 2003 utrumque
1122 1931 1559 2002 permeantibus,
1585 1938 1731 1984 terra
1762 1928 2000 1996 denique

422 2028 605 2083 omnis
662 2025 881 2096 generis
936 2024 1249 2094 plantarum
1307 2037 1370 2075 ac
1429 2029 1619 2092 pastus
1691 2018 1997 2082 varietate,

423 2120 607 2173 omnia
674 2118 863 2171 istbaec
936 2114 1153 2170 abunde
1210 2112 1400 2167 eodem
1476 2110 1634 2181 quasi
1723 2117 2001 2163 momento

424 2211 666 2281 pariens.
716 2208 947 2277 benigna
995 2205 1086 2258 Dei
1123 2205 1407 2258 voluntate
1442 2202 1586 2256 vires
1627 2200 1748 2270 ejus
1801 2198 2003 2253 confir-

428 2309 632 2356 mante.
664 2296 853 2370 Itaque
886 2312 1066 2351 rerum
1098 2296 1145 2351 ei
1175 2295 1668 2366 pulcherrimarum
1698 2291 1853 2360 copia
1890 2305 2001 2343 non

427 2394 636 2455 deerat,
669 2406 792 2444 cum
828 2398 881 2443 et
932 2388 1094 2442 ﬂores
1138 2396 1191 2441 et
1236 2385 1446 2441 fructus
1494 2400 1600 2438 una
1654 2384 2001 2454 produceret.

430 2482 559 2536 Erat
583 2491 638 2536 et
684 2482 736 2534 in
784 2481 955 2550 pratis
999 2493 1187 2533 earum
1240 2492 1418 2532 rerum
1448 2476 1629 2545 copia.
1676 2490 1796 2544 qua:
1828 2471 2001 2527 resin

429 2574 511 2629 eis
565 2571 913 2642 proveniunt.
962 2567 1229 2622 Praaterea
1265 2580 1430 2635 rupes
1484 2563 1681 2625 editas,
1710 2562 2007 2615 montium-

430 2680 538 2735 que
564 2663 840 2726 vertices,
896 2670 951 2715 et
1005 2661 1123 2714 loca
1183 2658 1237 2712 in
1296 2658 1383 2712 his
1443 2658 1527 2711 vel
1584 2657 1751 2709 latera
1813 2667 2007 2708 versus

432 2755 685 2819 declivia,
733 2753 814 2808 vel
866 2752 1102 2821 supina;
1170 2750 1319 2820 ipsas
1348 2749 1584 2818 denique
1647 2747 1818 2801 valles
1890 2752 2011 2799 erat

432 2861 658 2902 cernere
688 2843 1075 2899 venustissime
1096 2841 1374 2897 retlimitas
1413 2839 1596 2894 herbis
1626 2846 1740 2891 tum
1772 2836 2008 2906 primum

433 2934 610 2994 natis,
642 2932 1012 3001 arborumque
1040 2930 1191 2985 varia
1238 2928 1509 2999 elegantia
1541 2947 1553 2983 :
1608 2941 1733 2996 quae
1793 2922 2010 2979 tametsi

2099 1820 2219 1893 ὥρᾳ
2264 1819 2729 1887 κατεστεφάνωτο,
2775 1816 2899 1888 ἄρτι
2936 1816 3034 1886 μὲν
3070 1814 3169 1885 τῆς
3196 1812 3301 1882 γῆς
3332 1810 3679 1881 ὰνισχόντων,

2101 1912 2261 1974 εὐθὺς
2285 1911 2340 1964 δὲ
2367 1910 2503 1982 πρὸς
2522 1909 2588 1962 τὸ
2618 1908 2820 1962 τέλειον
2846 1906 3039 1970 κάλλος
3066 1901 3503 1975 ἁναδραμόντων.
3538 1900 3683 1968 Ἐγε-

2101 2003 2260 2073 γήθει
2306 2002 2362 2053 δὲ
2412 2000 2589 2055 πάντα
2636 1999 2774 2053 κατὰ
2823 1998 2885 2051 τὸ
2936 1998 3111 2060 εἰκὸς,
3167 1995 3262 2049 καὶ
3305 1991 3584 2063 διεσκίρτα
3615 1991 3684 2044 τὰ

2101 2095 2179 2164 τῷ
2206 2094 2582 2166 προστάγματι
2624 2092 2718 2145 τοῦ
2761 2091 2893 2145 Θεοῦ
2924 2088 3325 2160 ζωογονηθέντα
3363 2085 3513 2156 βοτὰ,
3553 2081 3688 2138 κατ’

2102 2186 2301 2254 ἀγέλας
2328 2201 2389 2238 τε
2420 2186 2514 2239 καὶ
2545 2184 2684 2239 κατὰ
2715 2185 2847 2253 γένη
2892 2186 3012 2246 ταῖς
3053 2181 3281 2252 λόχμαις
3325 2177 3684 2233 ὲνδιαθέοντα.

2104 2280 2236 2341 Ταῖς
2260 2278 2315 2330 δὲ
2339 2278 2445 2331 τῶν
2473 2276 2746 2348 μουσικῶν
2772 2275 3001 2347 ὀρνίθων
3031 2274 3195 2344 ᾠδαῖς
3225 2271 3509 2341 ἁπανταχῆ
3536 2286 3690 2339 περι-

2102 2371 2287 2440 ηχεῖτο
2324 2370 2452 2432 πᾶν,
2495 2368 2619 2421 ὅσον
2666 2367 2974 2437 κατηρεφές
3019 2382 3077 2417 τε
3113 2364 3207 2417 καὶ
3239 2363 3477 2416 σύσκιον.
3510 2362 3583 2414 ’Ἢ
3627 2376 3689 2411 τε

2106 2462 2247 2515 κατὰ
2272 2460 2539 2514 θάλατταν
2575 2459 2718 2529 ὄψις,
2752 2459 2826 2523 ὡς
2858 2457 3024 2522 εἰκὸς,
3060 2456 3193 2526 ἄλλη
3228 2455 3451 2525 τοιαύτη
3488 2470 3573 2515 τις
3599 2447 3689 2522 ἦν,

2107 2552 2231 2623 ἄρτι
2256 2552 2394 2623 πρὸς
2422 2550 2650 2623 ἡσυχίαν
2687 2568 2747 2603 τε
2792 2552 2883 2605 καὶ
2918 2550 3157 2620 γαλήνην
3192 2550 3251 2601 ὲν
3288 2550 3408 2610 ταῖς
3446 2561 3713 2612 συναγωι

2108 2648 2233 2710 γαῖς
2280 2644 2388 2697 τῶν
2437 2642 2632 2696 κοίλων
2675 2642 3079 2713 καθισταμένη,
3126 2640 3245 2695 καθ’
3284 2642 3350 2711 ἦν
3392 2640 3548 2711 ὅρμοι
3598 2638 3692 2691 καὶ

2108 2737 2326 2808 λιμένες
2353 2736 2476 2807 θείᾳ
2507 2736 2755 2807 βουλήσει
2793 2736 2915 2798 ταῖς
2942 2736 3135 2797 ἀκταῖς
3162 2733 3481 2803 αὐτομάτως
3510 2733 3692 2798 ἐγκοι-

2112 2828 2416 2892 λανθέντες,
2473 2827 2855 2899 προσημέρουν
2901 2828 2967 2897 τῇ
3001 2826 3215 2897 ήπείρφ
3262 2824 3362 2895 τὴν
3404 2822 3691 2877 θάλατταν.

2114 2916 2182 2969 Δῖ
2212 2932 2271 2968 τε
2311 2915 2571 2985 ὴρεμαῖαι
2629 2915 2738 2969 τῶν
2786 2916 3045 2986 κυμάτων
3091 2916 3332 2982 κινήσεις
3386 2912 3463 2983 τῷ
3511 2911 3697 2966 κάλλει

435 3038 629 3080 recens
661 3039 692 3079 θ
741 3032 885 3077 terra
917 3028 1106 3077 essent
1146 3026 1372 3081 exortae,
1417 3016 1680 3071 continuo
1726 3020 1910 3067 tamen
1942 3009 2009 3064 ad

2115 3006 2222 3063 τῶν
2265 3006 2543 3078 λειμώνων
2577 3007 2990 3078 ἁνθωραῖζοντο,
3035 3007 3141 3061 ὑπὸ
3172 3006 3394 3070 λεπταῖς
3430 3004 3522 3059 καὶ
3552 3005 3699 3073 ἀπή·-

436 3110 901 3184 pulcbritudinem
932 3109 1189 3163 eximiam
1221 3111 1596 3161 excreverant.
1634 3102 1811 3171 Atque
1860 3098 2009 3154 haud

2124 3115 2277 3171 μοσιν
2320 3097 2513 3169 αὔραις
2557 3101 2675 3153 κατ’
2710 3100 2885 3170 ἄκραν
2926 3100 3025 3171 τὴν
3060 3099 3381 3169 ἐπιφάνειαν
3408 3094 3702 3169 γλαφυρῶς

441 3206 607 3264 dubie
681 3206 939 3261 universa
1030 3209 1147 3255 tum
1234 3204 1525 3258 armenta,
1603 3194 1808 3264 quibus
1874 3201 2014 3247 nutu

2122 3189 2558 3260 ἔπιφρίσσουσαι.
2596 3189 2707 3243 Καὶ
2741 3188 2887 3253 ἅπας
2922 3192 2951 3243 ὁ
2989 3190 3129 3244 κατὰ
3174 3191 3276 3260 τὴν
3318 3188 3495 3244 κτίσιν
3536 3187 3701 3241 πλοῦ-

439 3311 540 3353 suo
577 3294 723 3351 Deus
756 3294 921 3350 vitam
949 3289 1177 3360 largitus
1202 3298 1352 3353 erat,
1398 3282 1661 3353 singulari
1736 3282 2009 3353 voluptate

2119 3298 2231 3344 τος,
2257 3280 2399 3334 κατὰ
2437 3280 2539 3350 γῆν
2576 3296 2637 3332 τε
2671 3281 2764 3334 καὶ
2810 3274 3081 3337 θάλατταν
3126 3282 3342 3351 ἕτοιμος
3383 3276 3472 3353 ἦν,
3510 3280 3623 3334 ἀλλ’
3671 3279 3702 3331 δ

439 3387 633 3442 auecta
680 3381 1081 3446 exsultabant,
1140 3377 1519 3449 gregatimque
1571 3391 1694 3431 cum
1746 3374 1869 3430 aliis
1927 3372 2009 3428 sui

2124 3372 2363 3443 μετέχων
2392 3372 2492 3426 οὐκ
2517 3366 2608 3443 ἦν.

440 3476 658 3549 generis
703 3489 801 3546 per
855 3472 1022 3530 silvas
1073 3470 1504 3541 obvagabantur.
1558 3467 1867 3523 Accedebat
1917 3466 2100 3521 avium
2138 3465 2473 3521 musicarum
2526 3474 2847 3529 concentus,
2892 3480 3003 3537 quo
3047 3466 3167 3521 loca
3216 3470 3419 3537 passim
3468 3474 3611 3522 tecta
3649 3476 3705 3521 et

441 3579 611 3636 Opaca
663 3562 1051 3636 personabant.
1106 3560 1300 3616 Fuisse
1353 3568 1408 3615 et
1456 3559 1622 3614 maris
1673 3565 1952 3628 aspectum
2001 3555 2432 3612 consentaneum
2476 3566 2562 3612 est
2606 3556 2921 3625 huiusmodi
2976 3558 3299 3629 quemdam,
3346 3573 3406 3614 ut
3448 3558 3582 3614 illud
3635 3557 3701 3612 ad

442 3656 682 3725 quietem
730 3654 1292 3724 tranquillitatemque
1338 3651 1703 3721 compositum
1747 3660 1932 3712 esset.
1992 3649 2060 3703 iis
2098 3649 2372 3719 praecipue
2429 3650 2484 3704 in
2528 3650 2686 3715 locis,
2720 3650 2777 3705 in
2804 3650 3007 3721 quibus
3039 3652 3266 3707 concavi
3298 3652 3518 3722 quidam
3548 3652 3707 3707 sinus

446 3747 760 3816 frequentes
798 3753 996 3810 erant;
1048 3753 1349 3815 portusque
1403 3752 1457 3800 et
1512 3743 1778 3799 stationes
1828 3742 2055 3795 marine
2101 3748 2295 3810 sponte
2329 3755 2429 3795 sua
2458 3756 2527 3796 ex
2560 3741 2655 3797 Dei
2702 3751 2841 3797 nutu
2890 3742 3170 3798 littoribus
3204 3743 3505 3814 impressa,
3555 3757 3708 3797 mare

444 3841 603 3913 quasi
650 3839 1086 3897 mansuefactum
1144 3839 1450 3895 continenti
1513 3846 1675 3894 term
1730 3836 2050 3907 iungebant.
2110 3834 2220 3923 Ipsi
2276 3835 2538 3892 fluctuum
2594 3845 2780 3893 motus
2831 3852 3096 3908 perquam
3155 3838 3366 3903 sedati,
3421 3848 3707 3909 pratorum

446 3933 722 3989 venustati
777 3932 1218 4002 respondebant.
1294 3931 1502 3987 teneris
1564 3938 1617 3984 et
1666 3928 1909 3984 innoxiis
1955 3925 2106 3982 auris
2162 3941 2259 3982 eos
2317 3936 2561 3983 extrema
2621 3929 2675 3983 in
2738 3930 3029 4000 superficie
3092 3931 3286 3986 leviter
3347 3931 3705 4003 erigentibus.

446 4024 687 4096 Denique
740 4023 1032 4080 universus
1081 4030 1391 4080 creatorem
1447 4020 1740 4076 thesaurus
1796 4015 1908 4087 jam
1941 4023 2087 4072 terra
2132 4016 2383 4088 marique
2414 4026 2638 4087 paratus
2671 4028 2812 4085 erat,
2848 4036 2975 4076 cum
3010 4022 3058 4079 is
3092 4023 3272 4080 solum
3304 4022 3711 4080 desideraretur

445 4115 539 4188 qui
568 4130 636 4173 eo
670 4114 774 4171 frui
800 4122 1007 4186 posset.

1072 4272 1299 4331 CAPUT
1339 4272 1402 4329 II.

2666 4272 3062 4327 ΚΕΦΛΛΑΙΟΝ
3100 4272 3175 4326 B'.

453 4390 808 4455 Quamobrem
841 4390 1035 4468 creatis
1068 4392 1220 4445 rebus
1270 4389 1497 4468 exteris,
1522 4386 1742 4442 ultimus
1787 4384 2009 4440 omnium

2132 4384 2240 4438 Διὰ
2266 4382 2326 4438 τι
2358 4381 2505 4454 μετὰ
2540 4382 2658 4453 τὴν
2687 4366 2890 4441 κτίσιν
2919 4387 3259 4453 τελευταῖος
3301 4389 3336 4440 ό
3382 4385 3709 4455 ἄνθρωπος.

961 4461 1115 4514 homo
1150 4459 1392 4515 conditus
1427 4459 1520 4514 sit.

524 4589 775 4673 Nondum
803 4590 1063 4645 eximium
1088 4591 1221 4646 illud
1246 4599 1301 4647 et
1320 4590 1543 4647 maximi
1570 4590 1733 4661 pretii
1759 4595 2028 4654 creatum,

461 4686 609 4756 quod
644 4687 925 4741 hominem
959 4687 1219 4752 dicimus,
1246 4688 1301 4741 in
1329 4688 1435 4743 hoc
1466 4687 1843 4742 universitatis
1868 4699 2034 4741 orna-

456 4782 685 4837 tissimo
739 4781 1022 4837 domicilio
1070 4782 1413 4838 versabatur.
1476 4781 1688 4851 Quippe
1740 4791 2036 4836 consenta-

460 4892 624 4931 neum
653 4891 762 4931 non
786 4886 928 4941 erat,
958 4878 1344 4949 imperatorem
1373 4878 1639 4934 exsistere
1668 4867 1841 4948 prius,
1868 4893 2033 4948 quam

459 4987 578 5035 eos,
603 4972 805 5040 quibus
828 4981 973 5029 esset
995 4988 1119 5028 cum
1143 4980 1418 5045 potestate
1442 4972 1793 5043 praefuturus.
1818 4971 2039 5041 Praepa-

462 5074 587 5121 rato
630 5068 893 5123 nimirum
954 5078 1081 5125 ante
1133 5071 1317 5126 omnia
1362 5070 1617 5142 imperio,
1673 5079 1785 5124 tum
1843 5068 2040 5124 deinde

464 5163 775 5233 proximum
806 5174 926 5221 erat
960 5183 1144 5241 regem
1175 5167 1477 5238 designari.
1517 5165 1733 5221 Idcirco
1771 5166 2042 5222 universi—

464 5261 595 5318 tatis
651 5261 817 5331 hujus
874 5275 1133 5333 creator,
1186 5265 1236 5320 ei
1294 5266 1386 5337 qui
1451 5269 1817 5336 imperaturus
1880 5272 2039 5327 erat,

476 5357 760 5427 quamdam
787 5361 971 5415 sedem
1000 5360 1205 5434 regiam
1235 5365 1571 5434 prmstruxit.
1606 5363 1679 5417 Ea
1735 5378 1864 5418 vero
1899 5370 2044 5418 terra

414 5502 415 5505 η
467 5465 605 5520 erat,
642 5464 697 5511 ct
729 5455 942 5523 insula‘,
977 5466 1032 5512 et
1061 5473 1235 5522 mare,
1257 5468 1312 5515 et
1335 5460 1513 5529 ipsum
1546 5460 1770 5523 caelum,
1796 5473 1906 5530 quo
1931 5459 2045 5513 haec

471 5552 650 5605 omnia
679 5560 939 5625 tanquam
974 5560 1115 5610 tecto
1143 5563 1621 5610 concamerantur.
1651 5554 1829 5625 Atque
1862 5555 1949 5610 his
1990 5555 2043 5609 in

474 5646 691 5715 palatiis
716 5651 897 5709 omnis
952 5652 1168 5722 generis
1213 5667 1343 5722 opes
1397 5652 1630 5709 conditae
1662 5661 1813 5710 sunt.
1867 5651 2043 5723 Opum

2203 4583 2369 4639 Οὕπω
2414 4583 2524 4658 γὰρ
2560 4585 2624 4640 τὸ
2651 4586 2792 4657 μέγα
2826 4588 2985 4641 τοῦτο
3019 4586 3113 4643 καὶ
3134 4588 3315 4660 τίμιον
3351 4589 3536 4661 χρῆμα
3568 4592 3597 4643 ὁ
3626 4588 3718 4642 ἄν-

2133 4682 2351 4756 θρωπος
2372 4680 2451 4753 τῷ
2477 4683 2665 4755 κόσμῳ
2692 4683 2799 4738 τῶν
2826 4685 2995 4741 ὄντων
3023 4687 3413 4759 ὲπεχωρίαζεν.
3447 4686 3584 4741 Οὐδὲ
3610 4688 3719 4759 γὰρ

2135 4774 2203 4850 ἦν
2235 4778 2381 4842 εἰκὸς
2409 4778 2500 4831 τὸν
2535 4779 2766 4851 ἄρχοντα
2792 4782 2899 4853 πρὸ
2944 4781 3053 4835 τῶν
3090 4782 3406 4853 ἀρχομένων
3437 4782 3717 4852 ἀναφανῆο

2137 4892 2246 4938 ναι,
2270 4874 2403 4928 ἀλλὰ
2431 4876 2527 4945 τῆς
2564 4875 2738 4947 ἀρχῆς
2782 4876 3047 4949 πρότερον
3099 4878 3547 4949 ὲτοιμασθείσης,
3591 4878 3721 4931 ἀκό-

2139 4972 2325 5027 λουθον
2378 4969 2446 5044 ἦν
2506 4973 2883 5045 ἀναδειχθῆναι
2935 4974 3025 5028 τὸν
3090 4974 3474 5044 βασιλεύοντα,
3535 4975 3721 5044 ἐπειδὴ

2140 5071 2317 5127 τοίνυν
2353 5068 2461 5125 οἷόν
2510 5090 2631 5127 τινα
2669 5072 2935 5143 βασίλειον
2986 5074 3315 5148 καταγωγὴν
3359 5074 3436 5144 τῷ
3477 5072 3724 5144 μέλλοντι

2146 5169 2445 5239 βασιλεύειν
2488 5170 2517 5223 δ
2564 5169 2654 5223 τοῦ
2712 5171 2911 5234 παντὸς
2966 5171 3193 5241 ποιητὴς
3266 5171 3721 5243 προηυτρέπισεν.

2144 5267 2292 5337 Αὕτη
2318 5267 2373 5320 δὲ
2397 5262 2462 5336 ἦν
2486 5268 2557 5336 γῆ
2580 5284 2636 5319 τε
2663 5267 2754 5320 καὶ
2772 5267 2942 5337 νῆσοι.
2972 5267 3065 5321 καὶ
3089 5260 3349 5334 θάλαττα,
3378 5268 3470 5322 καὶ
3498 5268 3726 5339 οὐρανὸς

2148 5363 2286 5433 ὑπὲρ
2305 5361 2506 5414 τούτων
2522 5361 2718 5431 ὀρόφου
2735 5362 2890 5433 δίκην
2912 5364 3369 5436 ὲπικυρτούμενος
3384 5381 3397 5396 ο
3426 5362 3655 5424 πλοῦτος
3668 5362 3726 5414 δὲ

2150 5459 2485 5522 παντοδαπὸς
2516 5462 2627 5522 τοῖς
2663 5458 2950 5528 βασιλείοις
2982 5463 3187 5527 τούτοις
3208 5462 3525 5533 ὲναπετέθη.
3566 5461 3727 5514 Illo-3-

2148 5576 2240 5612 τον
2259 5558 2315 5611 δὲ
2337 5556 2478 5625 λέγω
2493 5557 2675 5610 πᾶσαν
2710 5558 2807 5627 τὴν
2829 5560 3025 5626 κτίσιν,
3042 5562 3165 5615 ὅσον
3199 5562 3256 5615 ὲν
3288 5562 3473 5630 φυτοῖς
3487 5557 3583 5613 καὶ
3612 5557 3735 5627 βλα-

2152 5656 2251 5726 στή
2259 5670 2410 5725 μασι,
2424 5653 2516 5707 καὶ
2535 5653 2660 5707 ὅσον
2675 5654 2988 5724 αἰσθητικόν
3003 5674 3060 5710 τε
3079 5656 3173 5713 καὶ
3190 5657 3426 5727 ἔμπνουν
3443 5656 3536 5709 καὶ
3552 5652 3729 5725 luxis.»
