4106 6208
370 251 485 312 I33

1612 245 1701 300 DE
1741 244 2028 302 HOMINIS
2065 241 2380 302 OPIFICIOa

3526 232 3634 290 154

368 382 487 439 χον.
524 365 586 418 Εἰ
605 361 660 418 δὲ
692 360 800 433 χρὴ
835 360 928 414 καὶ
958 358 1056 424 τὰς
1084 360 1214 423 ῦλας
1253 359 1333 439 εἰς
1363 359 1588 414 πλοῦτον
1616 359 1956 433 καταριθμή-

2062 373 2192 414 vero
2220 356 2440 412 nomine
2471 359 2652 410 creata
2689 352 2945 408 universa
2980 351 3246 421 intelligo,
3271 365 3393 407 rum
3413 351 3634 422 plantas

373 435 590 516 σασθαι,
619 453 740 507 ὅσαι
765 451 855 504 διά
888 467 1032 514 τινος
1073 435 1519 522 εύχροίάςιτίμιαι
1553 453 1662 514 τοῖς
1688 450 1958 522 ἀνθρωπί-

369 564 485 610 νοις
509 543 810 614 ὀφθαλμοῖς
835 542 1222 613 ἐνομίσθησαν,
1255 538 1366 596 οἷον
1392 543 1612 615 χρυσίον
1636 560 1694 597 τε
1732 545 1829 597 καὶ
1861 544 1958 615 ἀρ-

369 635 578 706 γύριον,
630 633 726 686 καὶ
769 632 878 684 τῶν
918 631 1081 685 λίθων
1118 630 1182 702 δὴ
1228 631 1430 685 τούτων
1475 631 1540 696 ἃς
1584 632 1870 701 ἀγαπῶσιν
1907 635 1956 687 οἱ

353 724 466 778 ’ἀνθ
476 733 676 794 ρωποι⁶
697 721 791 775 καὶ
817 720 1022 774 τούτων
1051 720 1266 774 πάντων
1288 719 1386 792 τὴν
1419 721 1679 790 ἀφθονίαν
1709 723 1957 795 καθάπερ

369 815 481 868 τισὶ
519 812 821 882 βασιλικοῖς
849 811 1140 882 θησαυροῖς
1168 813 1281 874 τοῖς
1322 811 1422 882 τῆς
1466 812 1571 882 γῆς
1611 812 1830 876 κόλποις
1862 814 1957 882 εγ..

369 901 754 974 κατακρύψας,
788 899 961 964 οὕτως
996 897 1370 954 ἀναδείκνυσιν
1402 903 1460 953 ἑν
1503 901 1580 972 τῷ
1627 901 1816 972 κόσμῳ
1864 902 1956 956 τὸν

368 994 682 1065 ἄνθρωπον,
714 993 822 1045 τῶν
847 993 904 1045 ἑν
931 991 1104 1062 τούτῳ
1135 991 1447 1063 θαυμάτων,
1478 993 1588 1046 τῶν
1628 993 1725 1063 μὲν
1759 993 1956 1066 θεατὴν

369 1089 649 1156 ἐσόμενον,
677 1085 786 1139 τῶν
813 1085 870 1137 δὲ
899 1083 1106 1156 κύριον,
1138 1083 1214 1147 ὡς
1237 1083 1326 1136 διὰ
1357 1084 1453 1154 μὲν
1475 1084 1574 1154 τῆς
1605 1083 1956 1149 ἀπολαύσεως

369 1176 470 1245 τὴν
500 1174 716 1227 σύνεσιν
737 1172 832 1226 τοῦ
861 1171 1224 1246 χορηγοῦντος
1263 1171 1428 1242 ἔχειν,
1470 1173 1558 1226 διὰ
1593 1173 1650 1226 δὲ
1687 1173 1780 1227 τοῦ
1821 1174 1956 1228 κάλ-

368 1267 497 1330 λους
529 1281 590 1318 τε
615 1265 710 1318 καὶ
740 1263 999 1334 μεγέθους
1029 1263 1139 1317 τῶν
1171 1261 1464 1335 ὁρωμένων
1503 1264 1602 1334 τὴν
1635 1264 1868 1336 ἀρρητόν
1897 1283 1956 1319 τε

371 1359 468 1411 καὶ
497 1357 639 1428 ὑπὲρ
665 1355 822 1423 λόγον
859 1352 953 1408 τοῦ
990 1353 1349 1425 πεποιηκότος
1378 1353 1604 1425 δύναμιν
1632 1355 1951 1426 ἀνιχνεύειν.

369 1449 473 1502 Διὰ
514 1448 692 1502 ταῦτα
733 1446 1042 1510 τελευταῖος
1097 1443 1238 1516 μετά
1284 1446 1379 1516 τὴν
1428 1445 1606 1499 κτίσιν
1652 1445 1880 1518 εἰσήχθη
1925 1447 1955 1502 ὁ

365 1541 678 1612 ἄνθρωπος,
706 1539 808 1609 οὐχ
831 1536 908 1600 ὡς
927 1536 1233 1607 ἀπόϐλητος
1254 1537 1313 1590 ἑν
1337 1538 1585 1608 ἐσχάτοις
1609 1537 1952 1609 ἀπορριφεὶς,

370 1631 486 1686 ἀλλ’
524 1629 600 1693 ὡς
637 1629 756 1699 ἅμα
782 1630 849 1700 τῇ
888 1626 1099 1695 γενέσει
1141 1626 1392 1696 βασιλεὺς
1422 1623 1560 1681 εἶναι
1596 1627 1702 1680 τῶν
1733 1629 1956 1698 ὑποχει-

375 1725 509 1796 ρίων
553 1721 861 1793 προσήκων.
909 1716 1020 1770 Καὶ
1060 1715 1251 1787 ὥσπερ
1306 1734 1390 1780 τις
1439 1717 1641 1786 ἀγαθὸς
1689 1719 1955 1788 ἑστιάτωρ

369 1815 438 1871 οὐ
464 1813 571 1884 πρὸ
593 1814 692 1882 τῆς
727 1809 1082 1880 παρασκευῆς
1119 1807 1228 1861 τῶν
1257 1807 1530 1878 ἐδωδίμων
1562 1808 1651 1862 τὸν
1691 1810 1952 1882 ἑστιώμεέ
1984 1797 2025 1851 Β

373 1922 468 1960 νον
495 1901 859 1964 εἰσοικίζεται,
886 1899 1002 1952 ἀλλ’
1026 1898 1276 1971 εὐπρεπῆ
1296 1898 1366 1951 τὰ
1403 1897 1580 1950 πάντα
1610 1899 1957 1970 παρασκευά-

315 2047 318 2050 .
381 2013 507 2061 σας,
541 1995 636 2048 καὶ
679 1990 966 2062 φαιδρύνας
1011 1990 1122 2053 τοῖς
1154 1987 1450 2060 καθήκουσι
1498 1988 1722 2060 κόσμοις
1755 1989 1845 2044 τὸν
1875 1985 1954 2044 οἳ·

381 2103 500 2152 κον,
536 2087 633 2156 τὴν
677 2084 882 2137 κλισίαν
907 2119 923 2146 ,
978 2080 1078 2151 τὴν
1110 2077 1406 2150 τράπεζαν,
1450 2079 1536 2149 ἐφ’
1574 2080 1812 2150 ἑτοίμοις
1854 2079 1955 2151 ἤδη

372 2180 492 2241 τοῖς
518 2176 650 2247 πρὸς
689 2173 788 2244 τὴν
828 2171 1036 2244 τροφὴν
1075 2169 1418 2242 ἐπιτηδείοις,
1445 2169 1689 2239 ἐφέστιον
1725 2172 1955 2224 ποιεῖται

373 2268 468 2324 τὸν
496 2265 795 2337 δαιτυμόνα
812 2281 827 2295 ·
855 2263 998 2318 κατά
1025 2262 1118 2316 τὸν
1139 2262 1300 2315 αὐτὸν
1329 2261 1528 2334 τρόπον
1557 2263 1586 2315 ό
1621 2259 1874 2323 πλούσιός
1893 2277 1953 2314 τε

372 2361 468 2414 καὶ
488 2355 786 2426 πολυτελὴς
812 2354 913 2426 τῆς
945 2352 1160 2423 φύσεως
1197 2351 1350 2423 ἡμῶν
1389 2351 1656 2423 ἑστιάτωρ
1683 2351 1957 2417 παντοίοις

373 2451 595 2506 κάλλεσι
617 2447 1049 2516 κατακοσμήσας
1073 2442 1172 2514 τὴν
1197 2443 1428 2513 οἴκησιν,
1451 2443 1546 2495 καὶ
1584 2441 1682 2513 τὴν
1712 2441 1954 2513 μεγάλην

372 2541 583 2610 ταύτην
632 2538 727 2593 καὶ
774 2535 1089 2604 παντοδαπῆ
1140 2531 1458 2587 πανδαισίαν
1508 2533 1951 2603 ἑτοιμασάμενος,

374 2630 549 2692 οὕτως
576 2628 788 2697 εἰσάγει
812 2627 902 2679 τὸν
931 2623 1237 2694 ἄνθρωπον.
1274 2622 1431 2693 ἔργον
1453 2623 1600 2693 αύτῷ
1627 2623 1750 2686 δοὺς
1773 2623 1833 2677 ού
1857 2623 1955 2694 τὴν

377 2723 570 2792 κτῆσιν
606 2719 716 2772 τῶν
743 2719 817 2789 μὴ
846 2717 1176 2788 προσόντων,
1205 2714 1342 2768 ἀλλά
1383 2698 1482 2785 τὴν
1515 2713 1810 2767 ἀπόλαυσιν
1846 2714 1954 2768 τῶν

373 2814 684 2886 παρόντων.
740 2811 850 2864 Καὶ
891 2806 981 2862 διὰ
1030 2806 1186 2861 τοῦτο
1231 2805 1424 2869 διπλᾶς
1461 2803 1610 2875 αὑτῷ
1655 2805 1756 2875 τῆς
1796 2823 1956 2859 κατα⁹

374 2902 580 2971 σκευῆς
602 2901 703 2963 τὰς
721 2897 976 2970 ἀφορμὰς
997 2895 1410 2960 καταϐάλλεται,
1435 2893 1510 2966 τῷ
1529 2896 1702 2966 γηΐνῳ
1731 2894 1792 2948 τὸ
1816 2896 1956 2950 θεῖον

373 2990 778 3062 ἐγκαταμίξας·
829 2991 918 3042 ἵνα
962 2987 1033 3040 δι’
1071 2986 1393 3057 ἀμφοτέρων
1448 2985 1721 3054 συγγενῶς
1761 3003 1818 3039 τε
1862 2987 1957 3041 καὶ

371 3089 592 3152 οἰκείως
635 3085 774 3156 πρὸς
809 3081 1074 3153 ἑκατέραν
1111 3079 1404 3134 ἀπόλαυσιν
1434 3078 1533 3151 ἔχῃ
1568 3078 1661 3133 τοῦ
1692 3079 1825 3132 Θεοῦ
1853 3079 1952 3150 μὲν

373 3181 462 3234 διὰ
478 3180 578 3250 τῆς
602 3175 879 3245 θειοτέρας
901 3171 1134 3242 φύσεως,
1161 3169 1268 3224 τῶν
1295 3169 1353 3223 δὲ
1391 3167 1532 3223 κατὰ
1560 3170 1661 3241 τὴν
1685 3172 1788 3239 γῆν
1815 3170 1954 3238 ἀγα..

375 3270 483 3326 θῶν
506 3268 597 3323 διὰ
616 3267 718 3338 τῆς
738 3260 1032 3336 ὁμογενοῦς
1061 3260 1362 3332 αἰσθήσεως
1387 3259 1695 3314 ἀπολαύων.

2065 457 2119 504 et
2146 449 2414 520 germina,
2446 453 2558 500 tum
2592 451 2788 500 caetera
2819 457 3009 506 sensu,
3032 443 3145 497 vita
3183 451 3237 497 et
3271 443 3456 498 animo
3490 457 3632 514 pra:-

2058 539 2190 595 dita.
2211 537 2364 605 Quod
2390 537 2435 593 si
2459 537 2620 592 etiam
2651 551 2742 590 res
2767 535 2885 589 alia:
2906 535 3048 590 inter
3073 534 3172 588 has
3197 548 3328 604 opes
3351 534 3629 590 recenseri

2058 637 2359 693 merentur,
2399 643 2536 698 quas
2575 627 2646 682 ob
2702 626 3028 694 elegantiam
3089 624 3383 694 quamdam
3447 627 3630 697 magni

2058 722 2218 792 pretii
2240 737 2364 778 esse
2387 719 2668 776 hominum
2693 717 2834 772 oculi
2854 716 3106 786 judicant
3123 734 3135 770 :
3155 716 3303 771 verbi
3323 718 3516 787 gratia.
3533 732 3632 773 au-

2057 827 2200 877 rum,
2257 819 2566 883 argentum,
2600 808 2792 879 lapilli,
2831 821 2970 877 quos
3012 806 3260 862 homines
3292 821 3467 876 usque
3495 809 3634 865 adeo

2056 910 2318 974 expetunt
2343 923 2356 959 :
2381 903 2576 957 horum
2611 899 2773 956 etiam
2809 900 2864 954 in
2901 905 3064 952 terra
3093 898 3248 952 sinus
3281 898 3507 954 intimos
3539 913 3634 954 co-

2055 993 2222 1064 piam,
2253 994 2405 1050 velut
2438 993 2492 1048 in
2533 992 2824 1047 thesauros
2853 989 3034 1059 regios
3065 987 3296 1042 abdidit.
3333 987 3409 1042 ita
3433 988 3635 1044 deinde

2057 1084 2335 1139 hominem
2389 1080 2700 1153 designavit
2753 1080 2949 1134 horum
3000 1078 3192 1132 mundi
3240 1078 3632 1134 miraculorum

2056 1175 2257 1245 partim
2281 1181 2664 1245 spectatorem,
2691 1170 2891 1242 partim
2917 1169 3330 1239 dominum,qui
3348 1170 3417 1225 de
3436 1169 3634 1224 horum

2060 1265 2324 1323 fruitione
2371 1265 2701 1336 sapientiam
2753 1262 2894 1332 ejus,
2931 1262 3024 1332 Qui
3059 1261 3175 1317 haec
3217 1262 3636 1318 subministras-

2056 1363 2162 1422 set,
2205 1366 2566 1427 agnosceret:
2599 1355 2666 1410 de
2699 1353 3110 1423 pulchritudine
3136 1367 3266 1409 vero
3297 1353 3632 1425 magnitudi-

2057 1464 2235 1519 neque
2263 1449 2603 1512 eorumdem,
2633 1448 2903 1503 creatoris
2934 1455 3256 1519 potestatem
3282 1447 3630 1516 investigaret

2057 1540 2354 1609 illamque
2371 1555 2548 1609 neque
2567 1539 2956 1608 comprehendi
2981 1539 3403 1608 ratione,neque
3429 1537 3633 1609 exponi

2056 1631 2364 1686 enarranda
2382 1639 2574 1700 potest.
2596 1629 2688 1683 Hm
2712 1631 2878 1701 igitur
2897 1647 3082 1686 causae
3103 1640 3254 1694 sunt,
3276 1630 3631 1700 quamobrem

2056 1727 2178 1788 post
2221 1729 2414 1776 creata
2449 1727 2642 1774 caetera
2698 1721 2956 1776 conditus
3005 1721 3170 1776 homo
3198 1723 3288 1778 sit.
3327 1721 3445 1777 Non
3484 1721 3632 1776 enim

2054 1809 2356 1878 putandum
2387 1815 2490 1873 est,
2517 1806 2726 1863 idcirco
2755 1807 2822 1862 ad
2853 1817 3099 1864 extrema
3140 1810 3406 1878 rejectum
3438 1809 3630 1874 fuisse,

2056 1901 2200 1973 quod
2235 1900 2359 1953 vilis
2387 1905 2554 1960 esset,
2588 1899 2685 1953 sed
2716 1898 2860 1968 quod
2897 1914 3020 1954 eum
3051 1899 3238 1953 statim
3276 1898 3345 1954 ab
3374 1910 3499 1954 ortu
3529 1916 3634 1956 suo

2054 1989 2392 2059 reliquorum
2422 1988 2670 2043 omnium
2711 1995 2972 2058 tanquam
3023 1989 3395 2056 subditorum,
3448 2007 3630 2061 regem

2053 2094 2180 2135 esse
2231 2079 2544 2148 oportebat.
2615 2081 2795 2148 Atque
2856 2087 2918 2132 ut
2965 2079 3220 2151 egregius
3271 2083 3628 2147 convivator,

2055 2177 2348 2239 antequam
2376 2169 2485 2224 cibi
2520 2170 2696 2240 parati
2729 2170 2863 2234 sint,
2895 2171 3182 2225 convivam
3215 2171 3434 2228 domum
3471 2189 3628 2229 suam

2055 2274 2165 2314 non
2233 2258 2494 2325 deducit;
2570 2259 2664 2316 sed
2725 2261 3012 2324 omnibus,
3050 2262 3288 2332 primum
3356 2264 3635 2334 eleganter

2056 2349 2364 2417 instructis,
2417 2353 2663 2420 aedibus,
2721 2353 3045 2418 caenaculo,
3107 2368 3298 2409 mensa
3349 2355 3636 2425 splendide

2054 2444 2360 2508 exornatis,
2415 2444 2582 2499 rebus
2624 2443 2864 2514 denique
2897 2444 2964 2499 ad
3040 2445 3246 2500 victum
3299 2447 3635 2502 necessariis

2054 2535 2310 2590 omnibus
2327 2535 2684 2604 comparatis,
2709 2543 2823 2590 tum
2850 2534 3048 2591 deinde
3071 2537 3358 2592 convivam
3383 2538 3588 2607 excipit
3616 2557 3631 2593 :

2056 2625 2132 2680 ita
2207 2626 2504 2695 opulentus
2573 2625 2698 2690 ille,
2773 2633 3245 2698 sumptuosusque
3313 2629 3635 2683 convivator

2060 2723 2272 2780 noster,
2307 2714 2474 2768 domo
2503 2713 2658 2784 prius
2693 2714 2866 2769 variis
2903 2716 3072 2770 rebus
3101 2717 3382 2787 eleganter
3417 2728 3632 2778 ornata,

2055 2806 2330 2875 epuloque
2378 2819 2578 2874 magno
2633 2804 2927 2870 instructo,
2985 2805 3132 2876 quod
3179 2808 3360 2862 omnis
3415 2809 3644 2878 generis.

2055 2895 2285 2951 delicias
2314 2895 2561 2961 haberet,
2593 2902 2708 2950 tum
2743 2894 2961 2950 demum
2992 2897 3270 2952 hominem
3311 2897 3634 2962 introducit,

2057 2988 2217 3056 cuius
2248 2995 2395 3042 esset
2419 3001 2577 3056 opus,
2613 3001 2724 3041 non
2760 3002 2825 3042 ea
2851 3002 2974 3058 quae
3011 2987 3266 3043 abessent
3297 3004 3512 3060 parare,
3536 2989 3633 3045 sed

2058 3077 2259 3133 oblatis
2287 3076 2416 3132 frui.
2437 3079 2734 3147 Propterea
2756 3076 2972 3134 duabus
2994 3086 3053 3132 ut
3074 3078 3238 3134 rebus
3253 3078 3493 3134 hominis
3513 3080 3634 3150 opi-

2060 3169 2241 3226 iicium
2259 3177 2558 3234 constaret,
2576 3169 2723 3235 fecit,
2745 3171 3050 3226 commistis
3064 3170 3324 3226 nimirum
3343 3171 3546 3227 divinis
3567 3184 3634 3226 ac

2059 3260 2388 3324 terrenis,ut
2405 3260 2507 3330 ipsi
2528 3271 2636 3315 tam
2653 3260 2746 3316 Dei
2765 3277 2926 3332 quam
2941 3261 3285 3318 terrestrium
3307 3278 3490 3319 rerum
3508 3261 3637 3318 frui-

2056 3351 2259 3408 tionem
2291 3360 2498 3408 naturae
2532 3367 2645 3408 suae
2673 3361 3097 3410 consentaneam
3128 3369 3192 3410 ac
3219 3354 3494 3427 propriam
3522 3362 3633 3410 sta-

376 3455 555 3504 tueret
573 3445 828 3516 :Deoque
844 3455 941 3514 per
957 3448 1203 3496 naturam
1223 3438 1572 3505 diviniorem,
1587 3439 1743 3496 bonis
1755 3448 1934 3498 autem
1951 3445 2188 3502 terrenis
2198 3461 2296 3517 per
2307 3447 2652 3519 sensum,qui
2670 3447 2916 3519 ejusdem
2935 3457 3082 3505 esset
3098 3449 3634 3520 generis,l’rueretur.

909 3613 1304 3673 ΚΕΦΑΛΔΙΟΝ
1346 3613 1422 3666 Γ⁹.

375 3757 514 3814 ὀτι
559 3751 858 3825 τιμιωτέρα
905 3749 1115 3825 vidqu
1159 3746 1274 3825 τῆς
1302 3745 1668 3825 φαινομένης
1701 3747 1954 3816 κτίσεως

379 3825 384 3830 ’
611 3817 628 3825 ’
778 3817 818 3891 ἦ
849 3820 959 3876 τοῦ
1006 3818 1319 3887 ἀνθρώπου
1351 3817 1556 3886 φύσις.

452 3939 638 4006 ’Δειον
665 3935 722 3991 δὲ
751 3935 888 4008 μηδὲ
913 3932 1069 3988 τοῦτο
1097 3931 1344 4002 παριδεῖν
1385 3929 1714 4003 ἀθεώρητον,
1746 3931 1828 3986 ὅτι
1858 3929 1953 3986 τοῦ

375 4030 697 4104 τηλικούτου
735 4027 939 4097 κόσμου
985 4026 1081 4080 καὶ
1111 4025 1220 4078 τῶν
1251 4023 1368 4077 κατ’
1405 4024 1568 4077 αὐτὸν
1603 4024 1784 4095 μερῶν
1813 4039 1956 4078 στοι-

375 4120 617 4193 χειωδῶς
648 4117 782 4191 πρὸς
811 4117 910 4188 τὴν
951 4115 1047 4170 τοῦ
1091 4115 1290 4179 παντὸς
1337 4115 1596 4170 σύστασιν
1626 4114 1958 4187 ὑποϐληθέν-

375 4228 508 4273 rem,
536 4204 989 4278 ἀποσχεδιάζεταί
1034 4222 1151 4270 πως
1197 4206 1232 4276 ἠ
1280 4205 1456 4269 κτίσις
1499 4204 1606 4259 om
1649 4205 1749 4278 τῆς
1805 4205 1958 4272 θείας

376 4301 664 4371 δυνάμεως
702 4295 838 4369 όμοῦ
887 4295 966 4366 τῷ
1004 4295 1384 4366 προστάγματι
1428 4295 1788 4368 ὑφισταμένη.
1844 4295 1956 4370 Τῆς

377 4393 439 4446 ἢ
473 4390 567 4446 τοῦ
601 4388 888 4461 ἀνθρώπου
917 4387 1260 4458 κατασκευῆς
1292 4386 1453 4460 βουλὴ
1496 4391 1836 4460 προηγεῖται,
1863 4390 1958 4444 καὶ

379 4476 755 4550 προτυποῦται
799 4475 950 4545 παρὰ
986 4473 1080 4528 τοῦ
1129 4474 1519 4546 τεχνιτεύοντος
1581 4476 1669 4531 διὰ
1713 4477 1812 4548 τῆς
1862 4477 1956 4532 τοῦ

377 4570 538 4638 λόγου
574 4570 795 4639 γραφῆς
829 4568 889 4622 τὸ
929 4568 1205 4639 ἐσόμενον,
1239 4573 1333 4623 καὶ
1365 4563 1478 4624 οἷον
1501 4566 1640 4624 εῖναι
1668 4573 1956 4644 προσήκει,

374 4661 476 4715 καί⁵
509 4660 647 4730 πρὸς
672 4661 824 4712 ποῖον
853 4659 1159 4730 ἀρχέτυπον
1193 4658 1291 4730 τὴν
1318 4660 1607 4730 ὁμοιότητα
1633 4661 1838 4732 φέρειν,
1864 4662 1958 4714 καὶ

377 4752 477 4806 ἐπὶ
509 4751 619 4803 τίνι
647 4750 948 4821 γενήσεται,
975 4749 1069 4803 καὶ
1107 4749 1161 4802 τί
1205 4751 1485 4821 ἐνεργήσει
1517 4752 1805 4822 γενόμενον
1863 4754 1959 4806 καὶ

373 4843 547 4894 τίνων
576 4839 951 4910 ἡγεμονεύσειο
981 4840 1158 4894 πάντα
1197 4839 1672 4911 προδιασκοπείται
1713 4840 1741 4891 ό
1780 4841 1953 4908 λόγος,

2670 3621 2900 3679 CAPUT
2941 3623 3030 3681 lll.

2105 3767 2120 3774 ‘
2161 3752 2407 3809 Hominis
2434 3763 2684 3808 naturam
2717 3756 2862 3838 omui
2891 3768 3069 3811 creato
3095 3757 3235 3827 quod
3265 3761 3528 3816 cernimus

2546 3833 2782 3893 ρνωειαη
2790 3833 2978 3880 tierent
3010 3843 3142 3882 εσσε.

2123 3930 2266 3989 Illud
2314 3934 2479 3990 etiam
2527 3935 2968 3993 consideratione
3006 3945 3192 3995 nostra
3237 3939 3464 4012 dignum
3512 3947 3633 4009 est,

2056 4021 2203 4092 quod
2236 4035 2363 4078 cum
2396 4024 2639 4080 mundus
2665 4024 2757 4080 hic
2798 4025 2924 4080 talis
2971 4041 3035 4082 ac
3081 4036 3295 4092 tantus,
3338 4045 3635 4100 omnesque

2055 4112 2176 4185 ejus
2203 4121 2391 4186 partes
2418 4114 2486 4171 ad
2530 4114 2841 4172 machinam
2875 4118 3252 4175 universitatis
3281 4131 3464 4174 rerum
3495 4119 3634 4175 eou-

2055 4207 2390 4264 stltuendam
2419 4207 2615 4264 Ordine
2645 4217 2920 4279 congesta:
2947 4217 3135 4265 essent
3158 4250 3174 4275 ,
3223 4211 3405 4277 nullo,
3453 4219 3513 4266 ut
3559 4214 3633 4269 ita

2056 4297 2233 4354 dicam
2257 4337 2275 4365 ,
2305 4299 2524 4369 negotio
2547 4305 2744 4354 natura
2775 4313 2960 4353 rerum
3003 4313 3034 4354 a
3077 4298 3188 4354 Deo
3215 4310 3400 4356 creata
3445 4302 3550 4368 sit,
3581 4313 3637 4360 et

2058 4392 2325 4446 continuo
2354 4390 2422 4446 ad
2459 4389 2707 4461 ejusdem
2743 4400 2934 4445 nutum
2967 4392 3258 4448 exstiterit.
3297 4393 3365 4447 At
3396 4395 3636 4454 hominis

2058 4481 2477 4538 fabricationem
2503 4480 2828 4537 deliberatio
2851 4483 3110 4550 praecedit
3130 4525 3146 4550 ,
3175 4492 3230 4541 et
3259 4484 3426 4540 futuri
3453 4487 3636 4558 operis

2059 4578 2130 4632 ab
2155 4575 2366 4630 artiﬁce
2395 4574 2571 4654 forma
2602 4576 2872 4632 orationis
2900 4580 3114 4648 pictura
3141 4576 3469 4639 delineatur.
3493 4579 3636 4646 Qua-

2058 4664 2162 4718 lem
2213 4663 2472 4719 videlicet
2515 4663 2798 4722 hominem
2841 4681 2966 4724 esse
3012 4677 3299 4738 oporteat,
3345 4671 3636 4742 qualisque

2057 4755 2384 4827 exemplaris
2429 4756 2719 4829 imaginem
2767 4759 3007 4827 referre,
3038 4762 3394 4832 quamobrem
3437 4777 3634 4818 crean-

2058 4851 2195 4911 dus,
2241 4856 2300 4904 et
2336 4850 2507 4904 creati
2551 4865 2672 4922 qua
2711 4850 2909 4909 futurae
2953 4855 3065 4910 sint
3106 4855 3387 4921 actiones,
3433 4855 3635 4926 quibus

374 4932 456 4995 ὡς
481 4931 858 5003 πρεσϐυτέραν
894 4929 1058 4984 αὐτὸν
1085 4931 1183 5000 τῆς
1223 4929 1486 4998 γενέσεως
1537 4929 1638 5000 τὴν
1665 4929 1821 4994 ἀξίαν
1856 4928 1949 4982 λα-

2056 4953 2178 4992 cum
2204 4938 2435 5009 imperio
2462 4940 2533 4995 sit
2561 4942 2895 5012 praefuturus
2922 4964 2936 5000 :
2969 4946 3037 5002 de
3067 4945 3154 5004 his
3175 4947 3352 5018 igitur
3376 4948 3635 5005 omnibus

374 5025 514 5092 κεῖν,
550 5021 682 5093 πρὶν
707 5019 998 5092 παρελθεῖν
1021 5021 1102 5084 εἰς
1123 5019 1186 5072 τὸ
1213 5014 1355 5074 εἰναι
1388 5019 1487 5091 τὴν
1507 5019 1614 5073 τῶν
1639 5018 1806 5072 ὄντων
1831 5020 1956 5090 ἡγε-

378 5115 569 5183 μονίαν
581 5110 949 5180 κτησάμενον.
968 5130 985 5161 ι
998 5108 1165 5165 Eluas
1193 5111 1322 5183 γὰρ,
1336 5111 1521 5183 φησιν,
1541 5130 1558 5162 ι
1581 5110 1774 5176 όΘεὸς,
1791 5111 1954 5181 Ποιή-

376 5222 557 5275 σωμεν
582 5202 869 5272 ἄνθρωπον
889 5203 1010 5255 κατ’
1032 5201 1212 5256 εἰκόνα
1232 5201 1526 5273 ἡμετέραν,
1557 5202 1652 5254 καὶ
1677 5201 1952 5272 ὁμοίωσιν,

369 5295 467 5348 καὶ
487 5293 811 5365 ἀρχέτωσαν
829 5292 935 5346 τῶν
955 5292 1154 5363 ἰχθύων
1169 5293 1266 5362 τῆς
1291 5292 1585 5364 θαλάσσης,
1614 5294 1708 5347 καὶ
1735 5293 1842 5346 τῶν
1863 5292 1957 5363 θη-

2054 5030 2365 5102 dispicitur,
2424 5042 2484 5087 ut
2539 5035 2910 5104 praestantiam
2967 5037 3135 5091 homo
3196 5036 3635 5108 dignitatemque

2053 5137 2210 5177 suam
2242 5125 2549 5190 obtineret,
2581 5136 2638 5183 et
2666 5128 2820 5197 prius
2848 5127 3010 5184 etiam
3036 5144 3218 5186 rerum
3250 5131 3633 5188 universarum

2051 5210 2416 5282 principatum
2448 5226 2900 5286 consequeretur,
2936 5232 3102 5289 quam
3138 5228 3294 5277 ortus
3327 5230 3504 5277 esset.
3549 5219 3632 5274 hl-

2050 5304 2200 5360 circo
2241 5303 2420 5364 Moses
2459 5307 2573 5372 ait,
2622 5305 2790 5364 Deum
2847 5311 2953 5366 hoc
3006 5311 3244 5381 quodam
3283 5315 3449 5370 modo
3482 5313 3632 5367 locu-

373 5385 505 5457 ρίων
533 5386 633 5455 τῆς
651 5383 776 5453 γῆς,
800 5385 895 5438 καὶ
917 5383 1027 5437 τῶν
1049 5383 1311 5437 πετεινῶν
1330 5383 1422 5438 τοῦ
1454 5383 1704 5454 ούρανοῦ,
1723 5384 1824 5439 καὶ
1848 5383 1955 5437 τῶν

2064 5403 2178 5448 tum
2201 5409 2371 5452 esse:
2400 5415 2420 5448 ι
2451 5396 2747 5457 Faciamus
2778 5401 3055 5458 hominem
3086 5403 3155 5458 ad
3195 5405 3485 5471 imaginem
3527 5416 3629 5456 no-

373 5475 608 5546 κτηνῶν,
638 5476 730 5528 καὶ
751 5475 931 5548 πάσης
954 5473 1052 5546 τῆς
1071 5476 1193 5546 γῆς.
1221 5493 1240 5526 ι
1264 5475 1328 5526 Ὦ
1358 5475 1450 5528 τοῦ
1472 5475 1775 5546 θαύματοςί
1805 5475 1955 5546 ἥλιος

2062 5483 2162 5538 stri
2211 5499 2276 5542 ac
2327 5487 2774 5557 similitudinem,
2821 5500 3054 5563 estoque
3101 5493 3420 5550 hominibus
3460 5493 3632 5561 impe-

377 5564 856 5635 κατασκευάζεται,
874 5569 968 5622 καὶ
991 5566 1216 5638 οὐδεμία
1241 5569 1560 5637 προηγεῖται
1583 5566 1775 5638 βουλή·
1799 5567 1956 5637 ούρα-

2061 5575 2204 5629 rium
2249 5591 2304 5632 In
2338 5577 2507 5635 maris
2536 5580 2750 5650 pisces,
2786 5593 2898 5637 tum
2929 5592 3090 5638 terrae
3117 5584 3348 5648 belluas,
3379 5582 3635 5651 aerisque

373 5657 464 5734 γδς
480 5657 758 5727 ὡσαύτως.
775 5653 848 5720 ὧν
866 5659 1016 5718 οὐδέν
1028 5679 1078 5718 τι
1098 5658 1210 5715 τῶν
1226 5657 1364 5712 κατὰ
1381 5657 1472 5728 τὴν
1494 5657 1667 5714 κτίσιν
1685 5657 1798 5711 ῐσον
1813 5658 1951 5725 ἑστὶ,

2059 5668 2342 5741 volucres,
2377 5670 2431 5727 in
2469 5670 2746 5742 jumenta,
2785 5674 2839 5729 in
2880 5683 3079 5729 terram
3126 5674 3366 5746 denique
3414 5674 3635 5733 univer-
