4106 6208
525 271 635 328 155

1761 264 1818 320 S.
1855 263 2185 321 GREGORII
2222 264 2521 323 NYSSENI

3693 266 3799 333 {36

528 402 640 441 sani
675 384 812 436 ἐ’-⁸ο.
853 401 872 434 ι
912 380 956 437 0
992 395 1107 437 rem
1139 379 1550 438 admirandam!
1586 377 1677 438 Sol
1711 392 1929 438 creatur
1958 383 2097 437 nulla

2211 386 2415 456 ῥήματι
2438 387 2585 457 μόνῳ
2604 386 2665 439 τὸ
2685 386 2921 442 τοιοῦτον
2946 387 3130 460 θαῦμα
3156 390 3489 454 συνίσταται,
3506 386 3630 445 οὔτε
3650 393 3795 461 ὅθεν,

525 475 918 531 deliberatione
952 476 1325 544 praecedente,
1352 476 1654 546 eodemque
1693 486 1852 547 pacto
1878 477 2102 541 C(Blum,

524 568 724 637 quibus
745 567 961 622 duobus
982 568 1118 622 nihil
1141 582 1264 624 esse
1290 583 1388 639 par
1409 570 1610 624 creatis
1635 571 1688 622 in
1714 569 1878 623 rebus
1901 576 2102 637 potest.

527 658 648 714 Uno
670 660 838 714 verbo
864 658 1181 728 huiusmodi
1211 661 1266 714 in
1311 675 1495 715 rerum
1536 668 1732 714 natura
1776 660 2102 714 miraculum

525 752 736 808 exstitit
765 769 779 805 :
816 766 993 820 neque
1041 751 1215 815 unde,
1249 751 1333 805 vel
1374 751 1651 820 quomodo
1675 765 1739 806 ea
1771 750 1913 804 facta
1958 750 2103 813 sint,

522 844 829 914 expositum
860 850 964 896 est.
995 841 1142 898 idem
1174 842 1389 898 caeteris
1420 843 1473 896 in
1503 843 1671 897 rebus
1705 841 1939 912 singulis
1967 856 2103 896 usu-

523 934 690 987 veuit.
724 931 941 995 Ether,
973 932 1154 987 sidera
1177 970 1192 994 ,
1224 930 1546 999 interiectus
1578 930 1720 985 inter
1750 931 1865 985 haec
1911 939 1966 985 et
2004 944 2107 986 nos

524 1041 636 1089 aer,
676 1040 857 1088 mare,
911 1032 1088 1090 terra,
1139 1023 1434 1087 animalia,
1485 1023 1718 1092 plantae,
1762 1023 1945 1078 omnia
1996 1037 2106 1076 uno

524 1117 617 1171 Dei
646 1118 814 1171 verbo
840 1116 895 1168 in
922 1123 1105 1169 ortum
1136 1114 1407 1185 producta
1436 1124 1586 1170 sunt.
1616 1115 1803 1171 Solius
1830 1115 1898 1169 ad
1925 1114 2109 1168 homi-

524 1209 609 1263 nis
648 1207 1069 1261 fabricationem
1103 1214 1323 1260 creator
1362 1206 1453 1263 ille
1494 1207 1878 1263 universitatis
1920 1221 2105 1261 rerum

520 1300 755 1368 quadam
799 1316 925 1353 cum
978 1298 1423 1355 consideratione
1464 1299 1674 1355 accedit
1709 1318 1723 1354 :
1774 1308 2105 1370 praeparata-

521 1408 624 1459 que
665 1392 901 1460 primum
946 1390 1150 1461 opiﬁcii
1194 1391 1459 1456 materie,
1508 1391 1766 1461 illiusque
1812 1391 1987 1445 forma
2033 1386 2103 1442 ad

2205 475 2329 528 οὔτε
2362 477 2530 543 ὅπως,
2565 478 2689 531 οὔτε
2726 478 2852 539 ἄλλο
2880 497 2933 533 τι
2975 483 3216 537 τοιοῦτον
3255 485 3797 555 παρασημηναμένου

2203 566 2297 619 τοῦ
2324 567 2504 635 λόγου.
2536 568 2692 623 Οὕτω
2730 572 2822 624 καὶ
2864 571 2933 624 τά
2965 572 3086 626 καθ’
3108 573 3339 628 ἕκαστον
3371 574 3578 638 πάντα,
3607 574 3796 645 αἰθὴρ,

2206 661 2455 734 ἀστέρες,
2489 665 2517 717 ὁ
2544 665 2635 718 διὰ
2668 665 2837 735 μέσον
2878 669 3008 741 ἀὴρ,
3032 669 3295 735 θάλαττα,
3316 671 3429 741 γῆ,
3470 671 3605 735 ζῶα,
3628 673 3795 740 φυτὰ,

2208 753 2387 807 πάντα
2427 753 2571 826 λόγῳ
2618 757 2755 827 πρὸς
2800 759 3013 827 γένεσιν
3049 762 3263 830 ἄγεται.
3307 762 3457 834 Μόνῃ
3496 763 3553 816 δὲ
3590 766 3657 834 τῇ
3698 762 3799 817 τοῦ

2207 843 2495 916 ἀνθρώπου
2545 853 2854 921 κατασκευῇ
2917 853 3397 924 περιεσκεμμένως
3443 854 3723 923 πρόσεισιν
3763 856 3795 907 ὁ

2205 936 2301 989 τοῦ
2332 937 2532 1002 παντὸς
2563 941 2813 1012 ποιητὴς,
2856 942 2932 1007 ὡς
2977 945 3068 999 οιαὶ
3108 944 3240 1014 ὓλην
3280 946 3429 1017 αὐτῷ
3470 947 3568 1016 τῆς
3597 947 3795 1000 συστά-

2207 1042 2345 1091 σεως
2390 1031 2807 1101 προετοιμάσαι,
2848 1035 2941 1087 καὶ
2988 1035 3280 1107 ἀρχετύπῳ
3318 1036 3426 1089 τινὶ
3466 1036 3651 1090 κάλλει
3695 1036 3797 1107 τὴν

2210 1119 2423 1190 μορφὴν
2445 1123 2727 1192 ὁμοιῶσαι,
2775 1128 2870 1180 καὶ
2924 1128 3191 1199 προθέντα
3233 1129 3322 1183 τὸν
3350 1128 3571 1195 σκοπὸν,
3605 1122 3666 1182 οὗ
3695 1130 3797 1200 χά⁴

2207 1223 2294 1277 ριν
2335 1211 2659 1281 γενήσεται,
2702 1217 3036 1291 κατάλληλον
3081 1220 3231 1291 αὐτῷ
3282 1222 3375 1274 καὶ¹
3414 1221 3621 1274 οἰκείαν
3673 1224 3794 1285 ταῖς

2207 1299 2512 1371 ἐνεργείαις
2537 1306 2936 1381 δημιουργῆσαι
2978 1312 3077 1387 τὴν
3098 1312 3279 1382 φύσιν,
3310 1314 3629 1385 ἐπιτηδείως
3656 1313 3794 1385 πρὸς

2206 1390 2269 1443 τὸ
2297 1396 2655 1467 προκείμενον
2677 1400 2924 1470 ἔχουσαν.

517 1482 732 1536 eximiae
766 1480 1192 1551 pulchritudinis
1222 1481 1504 1551 exemplar
1526 1480 1945 1552 exprimendum
1974 1478 2259 1550 designata
2278 1522 2296 1548 ,
2328 1482 2436 1540 fine
2461 1488 2626 1542 etiam
2657 1493 2963 1561 proposito,
2998 1493 3066 1549 ad
3106 1508 3269 1565 quem
3308 1493 3580 1549 creandos
3608 1503 3788 1549 esset:

519 1589 632 1632 tum
663 1579 860 1633 deinde
889 1584 1139 1633 naturam
1174 1576 1282 1633 sibi
1311 1577 1655 1633 consimilem
1686 1587 1742 1634 et
1771 1576 2084 1633 actionibus
2110 1573 2326 1632 amnem
2358 1579 2625 1652 fabricat,
2679 1602 2802 1657 qua:
2839 1588 3025 1659 operi,
3058 1590 3147 1645 cui
3190 1589 3586 1654 destinaretur,
3639 1595 3793 1644 esset

518 1670 823 1739 aptissima.

1120 1847 1351 1905 CAPUT
1390 1846 1481 1903 Ν.

628 2008 875 2063 [laminis
917 2006 1185 2074 opiﬁcium
1222 2006 1273 2058 in
1308 2004 1551 2058 omnibus
1592 2003 1989 2073 imperatoriam

796 2077 1085 2147 quamdam
1121 2076 1495 2129 auctoritatem
1526 2085 1811 2129 ostentare.

584 2235 721 2289 Nam
754 2234 1215 2304 quemadmodum
1264 2234 1318 2287 in
1362 2233 1532 2289 rebus
1566 2232 1823 2288 humanis
1862 2229 2099 2287 artifices

515 2329 586 2382 iis
633 2327 1017 2381 instrumentis
1067 2340 1191 2396 qua}
1238 2324 1601 2389 fabricantur,
1655 2323 1884 2378 formata
1933 2323 2096 2379 talem

435 2443 439 2446 -
515 2422 801 2486 tribuunt,
851 2420 1033 2488 qualis
1080 2433 1202 2473 esse
1242 2417 1310 2471 ad
1357 2432 1555 2483 usum,
1597 2417 1687 2471 cui
1727 2416 2093 2479 destinantur,

517 2513 803 2583 aptissima
848 2510 1026 2565 videri
1076 2517 1299 2581 potest:
1344 2509 1426 2564 sic
1469 2509 1959 2579 praestantissimus
2004 2507 2099 2562 ille

517 2618 703 2658 rerum
732 2600 930 2657 artifex
965 2608 1214 2655 naturam
1243 2608 1488 2655 nostram
1533 2599 1776 2655 condidit
1812 2599 1961 2654 velut
2007 2598 2093 2652 in-

517 2701 889 2752 strumentum
934 2692 1208 2763 quoddam
1256 2707 1425 2763 regno
1477 2690 1915 2746 administrando
1977 2690 2097 2745 ido-

516 2800 701 2849 neum,
733 2792 902 2852 utque
926 2788 1073 2836 esset
1105 2781 1171 2835 ad
1208 2780 1314 2835 hoc
1344 2781 1508 2835 homo
1538 2793 1704 2849 quam
1739 2776 2091 2847 aptissimus,

514 2892 639 2931 cum
669 2872 1139 2946 praestantissimis
1169 2872 1335 2926 animi
1366 2871 1587 2927 dotibus
1610 2911 1624 2936 ,
1659 2878 1772 2923 tum
1799 2884 1862 2924 ea
1884 2911 1899 2935 ,
1928 2882 2092 2939 quam

512 2968 828 3033 cernimus,
859 2965 1107 3037 corporis
1137 2979 1263 3019 eum
1297 2963 1476 3018 forma
1522 2961 1832 3017 exornavit.
1865 2959 1929 3013 Et
1972 2958 2094 3013 ani-

515 3075 639 3114 mus
670 3058 887 3129 quidem
916 3056 1122 3127 regiam
1162 3054 1545 3123 excelsumque
1584 3052 1899 3120 dignitatem
1935 3064 2090 3105 suam

514 3119 781 3221 longe-ab
821 3119 1131 3203 humilitate
1175 3146 1385 3215 privata
1427 3119 1732 3212 sejunctam
1756 3183 1770 3208 ,
1802 3142 1858 3195 in
1900 3155 1965 3195 co
1992 3139 2089 3194 de-
2119 3119 2163 3178 (δ

512 3246 690 3299 clarat
717 3259 733 3297 :
761 3241 907 3311 quod
945 3238 1230 3293 dominum
1271 3235 1546 3289 nemiuem
1578 3232 1861 3304 agnoscit,
1892 3240 1947 3286 et
1992 3245 2095 3286 suo

512 3348 576 3389 ex
610 3332 839 3386 arbitrio
869 3330 980 3398 agit
1007 3329 1230 3392 omnia;
1280 3339 1541 3394 meroque
1569 3334 1624 3379 ct
1664 3338 1884 3378 summo
1924 3323 2095 3392 impe-

512 3426 597 3479 rio
617 3465 630 3489 ,
664 3432 723 3475 ut
752 3422 852 3490 ipsi
887 3421 1049 3485 libet,
1080 3427 1251 3473 seruet
1279 3417 1572 3488 gubernat.
1600 3414 1735 3469 Nam
1760 3416 1847 3469 cui
1873 3415 2092 3469 tandem

514 3513 617 3566 hoc
645 3509 902 3565 convenit
927 3552 939 3570 ,
974 3509 1020 3562 si
1052 3523 1160 3561 non
1193 3507 1306 3576 regi
1333 3505 1357 3559 ?
1386 3505 1656 3559 Prazterea
1691 3505 1963 3559 hominem
2000 3520 2096 3558 na-

512 3615 650 3657 tura:
688 3602 922 3663 divinae,
956 3598 1115 3666 cujus
1144 3600 1325 3653 omnia
1356 3604 1550 3666 parent
1590 3595 1824 3666 imperio
1845 3635 1860 3660 ,
1902 3595 2094 3667 imagi-

512 3710 637 3749 nem
673 3708 833 3758 csse,
880 3691 1017 3746 nihil
1059 3706 1181 3746 esse
1226 3688 1531 3760 putandum
1572 3696 1657 3743 est
1695 3689 1882 3756 aliud,
1925 3705 2093 3761 quam

513 3790 722 3860 regium
753 3790 802 3842 ei
832 3786 1000 3842 decus
1045 3786 1100 3839 in
1147 3786 1265 3855 ipsa
1310 3785 1588 3840 creatione
1636 3784 1900 3839 tributum
1947 3799 2090 3839 esse.

512 3878 981 3947 Quemadmodum
1006 3876 1154 3930 enim
1187 3890 1341 3929 more
1367 3874 1630 3935 humano,
1663 3873 1753 3942 qui
1784 3872 2092 3943 principum

512 3972 777 4040 imagines
810 3969 1052 4031 faciunt,
1085 3967 1269 4023 nativa
1317 3964 1506 4018 formae
1552 3963 1755 4019 indicia
1793 3962 2092 4035 eﬂingunt,

511 4072 675 4132 atque
722 4062 885 4116 etiam
940 4075 1199 4130 purpurae
1247 4059 1454 4113 amictu
1505 4058 1712 4126 regiam
1768 4057 2093 4126 dignitatem

511 4158 863 4226 exprimunt:
896 4167 1070 4221 eaque
1107 4151 1304 4207 deinde
1328 4150 1445 4206 suis
1486 4151 1666 4220 imago
1706 4150 1955 4205 numeris
1995 4151 2097 4205 ab-

513 4251 689 4305 soluta
717 4263 781 4302 ex
812 4244 1212 4301 consuetudine
1258 4258 1351 4298 rex
1397 4243 1738 4312 appellatur;
1792 4244 1866 4297 ita
1908 4254 1961 4298 et
2005 4241 2101 4296 ho-

512 4342 679 4397 minis
708 4348 903 4395 uatura
922 4377 937 4403 ,
968 4339 1049 4393 sic
1075 4337 1298 4394 condita
1326 4346 1385 4391 ut
1414 4337 1756 4406 reliquorum
1783 4345 2092 4391 creatorum

510 4434 730 4488 domina
756 4440 939 4493 esset,
972 4440 1194 4500 propter
1236 4445 1395 4495 eam,
1443 4444 1553 4499 qua
1597 4444 1779 4500 regem
1820 4428 2093 4484 universi-

512 4525 639 4578 tatis
669 4521 835 4589 hujus
861 4520 1067 4584 refert,
1092 4520 1513 4576 similitudinem
1536 4563 1551 4587 ,
1579 4523 1760 4592 imago
1782 4521 1941 4591 quasi
1969 4520 2092 4575 viva

510 4621 692 4669 erecta
717 4623 802 4667 cst
822 4650 838 4673 ,
867 4625 993 4665 cum
1022 4626 1129 4680 qua
1156 4619 1209 4665 et
1234 4611 1475 4681 dignitas
1501 4623 1557 4668 et
1582 4628 1782 4669 nomen
1808 4614 2087 4685 archetypi

511 4703 1037 4759 communicaretur.
1082 4701 1262 4770 Atque
1304 4707 1421 4757 haec
1464 4706 1647 4773 imago
1690 4720 1801 4760 non
1845 4720 2088 4776 purpura

509 4805 596 4852 est
637 4800 934 4855 exornata,
977 4806 1154 4861 neque
1200 4801 1416 4862 sceptro
1456 4800 1511 4848 et
1551 4794 1700 4865 regia
1742 4794 1911 4850 fascia
1952 4809 2094 4865 pra:-

512 4886 907 4944 stantissimam
954 4883 1277 4953 dignitatem
1335 4898 1496 4938 suam
1544 4894 1605 4939 ut
1650 4895 1953 4944 ostentaret
2002 4902 2093 4943 ne-

513 4994 668 5034 cesse
714 4976 982 5039 habebat,
1031 4974 1252 5044 quando
1300 4991 1367 5030 ne
1412 4977 1591 5047 ipsum
1641 4978 1859 5047 quidem
1907 4994 2091 5034 exem-

522 5070 700 5140 plum,
744 5068 812 5122 ad
854 5066 1003 5137 quod
1046 5075 1131 5123 est
1171 5067 1544 5134 conformata,
1591 5069 1759 5122 rebus
1801 5068 1856 5122 iu
1905 5069 2093 5138 hujus-

516 5161 661 5217 modi
708 5160 1004 5227 consistit,
1058 5160 1151 5216 sed
1206 5176 1306 5230 pro
1351 5176 1594 5230 purpura
1642 5162 1843 5217 virtute
1887 5163 2087 5217 amicta

514 5262 625 5315 est,
665 5267 775 5324 quo
811 5253 961 5308 cultu
996 5252 1130 5307 nihil
1162 5251 1335 5321 magis
1362 5267 1486 5307 esse
1512 5253 1718 5323 regium
1748 5261 1963 5322 potest:
1997 5271 2095 5323 pro

2118 4675 2165 4731 D

2737 1851 3136 1908 ΚΕΦΑΛΑῙΟΝ
3176 1856 3251 1908 A'.

2208 1997 2337 2052 Ὅτι
2380 1998 2478 2052 διὰ
2520 2000 2763 2075 πάντων
2804 2006 3187 2075 ἐπισημαίνει
3230 2006 3346 2073 τὴν
3391 2006 3651 2075 ἀρχικήν
3698 2005 3792 2071 ἐξ·

2400 2073 2621 2125 ουσίαν
2652 2072 2691 2140 ἠ
2730 2074 2837 2128 τοῦ
2865 2072 3176 2144 ἀνθρώπου
3217 2072 3615 2145 σιιιτοιονὲίιέὶιή.ἰ

2273 2232 2541 2302 Καθάπερ
2581 2232 2691 2304 γὰρ
2737 2235 2797 2287 ὲν
2842 2230 2923 2305 τῷ
2975 2234 3075 2305 βίῳ
3111 2234 3286 2306 τούτῳ
3324 2234 3668 2305 καταλλήλως
3716 2236 3787 2306 τῇ

2202 2318 2364 2389 χρείᾳ.
2397 2319 2793 2390 σχηματίζεται
2833 2322 2981 2393 παρὰ
3020 2323 3129 2376 τῶν
3152 2323 3567 2393 τεχνιτευόντων
3599 2323 3660 2376 τὺ
3694 2323 3789 2395 δρψ

2202 2425 2366 2478 γανον
2386 2425 2401 2439 ·
2427 2409 2602 2475 οὕτως
2631 2405 2742 2465 οἷόν
2770 2430 2823 2466 τι
2862 2412 3055 2477 σκεῦος
3090 2415 3171 2477 είς
3200 2414 3474 2484 βασιλείας
3506 2414 3789 2485 ἐνέργειαν

2200 2502 2505 2575 ἐπιτήδειον
2527 2504 2628 2576 τὴν
2666 2503 2942 2576 ἡμετέραν
2975 2505 3136 2575 φύσιν
3175 2507 3203 2558 ὁ
3239 2506 3624 2579 ἀριστοτέχνης
3660 2506 3787 2575 ἐδη-

2204 2592 2527 2665 μιούργησε,
2575 2596 2689 2658 τοῖς
2740 2612 2800 2648 τε
2849 2595 2989 2649 κατὰ
3036 2595 3134 2666 τὴν
3182 2594 3359 2667 ψυχὴν
3406 2598 3789 2668 προτερήμασι

2201 2684 2295 2736 καὶ
2336 2682 2485 2754 αὐτῷ
2525 2682 2605 2755 τῷ
2643 2683 2738 2737 τοῦ
2782 2682 3031 2754 σώματος
3085 2686 3323 2756 σχήματι
3367 2686 3604 2739 τοιοῦτον
3641 2682 3789 2742 εἶναι

2200 2774 2647 2845 παρασκευάσας,
2671 2769 2782 2828 οἷον
2812 2776 3129 2846 ἐπιτηδείως
3154 2777 3289 2847 πρὸς
3320 2775 3591 2846 βασιλείαν
3614 2777 3699 2847 ἔχε
3710 2796 3782 2833 ιν.

2212 2866 2276 2919 Ἦ
2308 2867 2406 2937 μὲν
2435 2866 2544 2938 γὰρ
2574 2867 2720 2939 ψυχὴ
2737 2868 2798 2921 τὸ
2821 2868 3096 2938 βασιλικόν
3131 2887 3190 2922 τε
3217 2870 3310 2922 καί
3341 2869 3652 2940 ἐπηρμένον
3680 2872 3785 2923 αύ-

2198 2958 2353 3011 τόθεν
2375 2958 2615 3038 δείκνυσι
2644 2961 2831 3030 πόρρω
2852 2960 2951 3029 τῆς
2978 2959 3251 3029 ἰδιωτικῆς
3276 2961 3660 3032 ταπεινότητος
3690 2980 3787 3015 κε-

2201 3051 2558 3121 χωρισμένον,
2607 3052 2672 3103 ὲκ
2717 3051 2810 3105 τοῦ
2842 3052 3133 3106 ἀδέσποτον
3168 3052 3337 3123 αὐτὴν
3362 3050 3499 3107 εἶναι
3527 3054 3620 3108 καὶ
3653 3055 3785 3114 αύττ

2195 3142 2455 3207 εξούσιον,
2485 3142 2632 3206 ἰδίοις
2658 3143 2783 3213 θελή
2793 3161 2956 3214 μασιν
2977 3145 3453 3217 αὐτοκρατορικῶς
3475 3146 3785 3215 διοικουμέ-

2196 3250 2321 3304 νην.
2341 3234 2499 3297 Τίνος
2527 3234 2636 3305 γὰρ
2664 3233 2825 3288 ἄλλου
2855 3234 3034 3301 τοῦτο,
3054 3236 3147 3289 καὶ
3175 3237 3297 3307 οὐχὶ
3320 3236 3781 3307 βασιλέωςὲστίνς

2193 3324 2308 3379 Καὶ
2330 3322 2413 3376 ἐτι
2437 3324 2573 3394 πρὸς
2587 3323 2818 3389 τούτοις,
2844 3324 2906 3377 τὸ
2934 3326 3034 3396 τῆς
3059 3326 3491 3398 δυναστευούσης
3519 3327 3625 3381 τῶν
3651 3328 3783 3381 πάν-

2194 3433 2303 3469 των
2336 3415 2555 3485 φύσεως
2596 3416 2782 3470 εἰκόνα
2823 3417 3119 3484 γενέσθαι,
3149 3418 3302 3472 οὐδὲν
3326 3417 3515 3490 ἕτερόν
3546 3420 3712 3484 ἐστιν,
3742 3419 3777 3491 ἢ

2194 3507 2360 3572 εὐθὺς
2393 3507 2638 3577 βασιλίδα
2688 3507 3163 3580 δημιουργηθῆναι
3202 3507 3301 3580 τὴν
3343 3509 3527 3577 φύσιν.
3564 3510 3778 3581 Ὥσπερ

2194 3601 2304 3672 γὰρ
2335 3600 2478 3655 κατά
2511 3601 2612 3673 τὴν
2659 3601 3009 3673 ἀνθρωπίνην
3043 3602 3327 3673 συνήθειαν
3358 3603 3408 3654 οἱ
3440 3602 3539 3664 τὰς
3566 3602 3777 3664 εἰκόνας

2194 3692 2301 3746 τῶν
2327 3692 2675 3763 κρατούντων
2703 3691 3225 3758 κατασκευάζοντες,
3253 3694 3342 3747 τόν
3366 3710 3427 3746 τε
3455 3693 3776 3764 χαρακτῆρα

2193 3785 2293 3855 τῆς
2321 3786 2537 3856 μορφῆς
2565 3785 2995 3857 ἀναμάσσονται,
3019 3787 3115 3839 καὶ
3141 3788 3206 3856 τῇ
3231 3785 3489 3857 περιϐολῇ
3516 3785 3619 3855 τῆς
3645 3802 3777 3855 πορθ

2195 3874 2420 3946 φυρίδος
2456 3876 2554 3947 τὴν
2586 3876 2872 3947 βασιλικὴν
2897 3875 3054 3941 ἀξίαν
3086 3876 3649 3948 συμπαραγράφουσι,
3680 3877 3778 3929 καὶ

2194 3967 2411 4036 λέγεται
2432 3969 2574 4023 κατὰ
2604 3969 2893 4040 συνήθειαν
2920 3968 3013 4022 καὶ
3035 3969 3068 4039 ἡ
3097 3967 3280 4034 εἰκὼν,
3315 3966 3564 4038 βασιλεύς
3583 3983 3596 3994 ⁵
3630 3967 3777 4021 οὕτω

2195 4064 2341 4135 καὶὴ
2365 4062 2679 4135 ἀνθρωπίνη
2696 4061 2878 4131 φύσις,
2910 4061 3095 4131 ἐπειδὴ
3118 4061 3254 4132 πρὸς
3269 4059 3367 4130 τὴν
3399 4060 3571 4130 ἀρχὴν
3601 4059 3775 4113 ἄλλων

2196 4156 2649 4220 κατεσκευάζετο,
2680 4154 2769 4207 διὰ
2790 4154 2889 4224 τῆς
2920 4153 3055 4224 πρὸς
3083 4153 3174 4205 τὸν
3209 4151 3431 4222 βασιλέα
3458 4151 3551 4204 τοῦ
3574 4149 3774 4213 παντὸς

2194 4248 2531 4319 ὁμοιότητος,
2557 4242 2668 4299 οἷόν
2699 4264 2785 4310 τις
2812 4245 3053 4316 ἔμψυχος
3076 4243 3239 4297 εἰκὼν
3262 4243 3553 4313 ἀνεστάθη,
3580 4261 3775 4298 κοινω-

2195 4339 2365 4395 νοῦσα
2402 4338 2479 4410 τῷ
2510 4337 2803 4409 ἀρχετύπῳ
2843 4338 2938 4391 καὶ
2976 4337 3076 4407 τῆς
3116 4335 3273 4403 ἀξίας
3319 4336 3413 4389 καὶ
3444 4334 3536 4387 τοῦ
3577 4335 3774 4404 ὀνόμα-

2198 4448 2322 4496 τος·
2357 4432 2421 4486 ού
2459 4430 2765 4501 πορφυρίδα
2803 4429 3184 4499 περικειμένη,
3223 4428 3343 4482 οὐδὲ
3373 4430 3635 4499 σκήπτρῳ
3679 4428 3774 4481 καὶ

2194 4525 2488 4596 διαδήματι
2540 4522 2640 4593 τὴν
2682 4520 2837 4585 ἀξίαν
2877 4520 3315 4592 ὲπισημαίνουσα
3364 4520 3526 4591 (οὐδὲ
3566 4519 3674 4591 γὰρ
3714 4519 3774 4572 τὸ

2195 4616 2500 4686 ἀρχέτυπον
2550 4614 2610 4666 ἐν
2664 4612 2878 4676 τούτοις
2924 4610 3109 4684 ἐστὶν)
3134 4650 3149 4676 ,
3184 4610 3296 4663 ἀλλ’
3341 4612 3463 4664 ἀντὶ
3517 4611 3615 4677 μὲν
3669 4609 3772 4679 τῆς

2197 4705 2511 4775 ἀλουργίδος
2561 4703 2660 4775 τὴν
2699 4702 2900 4773 ἀρετὴν
2952 4702 3336 4773 ἠμφιεσμένη,
3378 4701 3408 4754 δ
3444 4701 3510 4771 δὴ
3551 4700 3770 4753 πάντων

2198 4794 2620 4867 βασιλικώτατον
2663 4795 2987 4865 ἐσθημάτων
3010 4780 3186 4848 ἐστίν’
3219 4794 3339 4847 ἀντὶ
3374 4792 3430 4845 δὲ
3464 4792 3559 4846 τοῦ
3594 4794 3771 4863 σκήπο

2198 4905 2330 4960 τρου
2349 4889 2416 4957 τῇ
2448 4887 2807 4959 μακαριότητι
2832 4886 2932 4956 τῆς
2956 4885 3255 4948 ἀθανασίας
3276 4884 3592 4956 ἐρειδομένη
3612 4900 3627 4913 ⁸
3653 4884 3770 4939 ἀντὶ

2196 4981 2253 5034 δὲ
2282 4979 2375 5034 τοῦ
2406 4976 2683 5049 βασιλικοῦ
2704 4976 3033 5048 διαδήματος
3054 4975 3133 5047 τῷ
3157 4977 3257 5047 τῆς
3278 4976 3623 5047 δικαιοσύνης
3654 4993 3772 5029 στε-

2198 5075 2353 5143 φάνῳ
2385 5070 2796 5141 κεκοσμημένη,
2828 5069 2969 5122 ὥστε
2994 5069 3083 5122 διὰ
3116 5068 3333 5122 πάντων
3360 5069 3418 5120 ὲν
3451 5067 3528 5138 τῷ
3553 5068 3649 5137 τῆς
3679 5067 3771 5135 βα-

2201 5162 2405 5224 σιλείας
2452 5159 2722 5230 ἀξιώματι
2757 5157 3067 5213 δείκνυσθαι
3102 5158 3168 5212 δι’
3205 5158 3496 5229 ἀκριϐείας
3528 5158 3668 5228 πρὸς
3711 5159 3774 5211 τὸ

2200 5252 2508 5324 ἀρχέτυπον
2534 5250 2726 5312 κάλλος
2756 5248 3131 5319 όμοιωθεῖσαν.

516 5353 734 5416 sceptro
755 5385 770 5410 ,
801 5344 1095 5402 immortali
1132 5344 1394 5400 beatitate
1425 5344 1647 5401 suﬂulta
1675 5364 1687 5399 :
1727 5360 1825 5415 pro
1857 5346 2003 5415 regia
2041 5346 2208 5401 fascia
2229 5387 2242 5409 ,
2272 5345 2502 5414 justitire
2530 5358 2732 5397 corona
2790 5351 3073 5396 exornata.
3123 5340 3366 5411 Denique
3400 5342 3467 5397 de
3512 5341 3775 5397 omnibus

516 5458 638 5513 quze
672 5440 939 5512 maiestati
976 5440 1138 5510 regiae
1166 5439 1534 5505 conveniunt,
1573 5447 1828 5509 apparet,
1882 5453 2043 5493 unam
2096 5441 2234 5493 hanc
2287 5439 2614 5509 imaginem,
2653 5435 3116 5505 pulchritudinem
3148 5436 3411 5507 principis
3442 5436 3775 5505 exemplaris

516 5548 767 5594 accurate
798 5535 1019 5593 referre.

586 5696 707 5729 "M
734 5694 866 5752 Gen.
904 5696 1055 5763 1,,26.
