4106 6208
310 309 409 362 ΙΞἹ

844 418 1240 472 ΚΕΦΑΛΑῙυΝ
1282 419 1352 468 Ε’.

307 512 444 570 Ὅτι
479 516 738 583 ὁμοίωμα
779 511 890 578 τῆς
935 511 1096 575 θείας
1123 509 1446 574 ,Βασιλείας
1482 509 1511 559 ὀ
1553 507 1880 575 ἄνθρωπος.
1919 517 1962 572 Α

382 607 455 659 Τδ
481 606 538 659 δὲ
577 604 723 657 θεῖον
762 602 958 665 κάλλος
983 601 1044 654 οὐ
1082 599 1318 670 σχήματί
1361 616 1496 663 τινι,
1544 600 1635 652 καὶ
1668 600 1879 669 μορφῆς

309 697 593 768 εὐμοιρίᾳ,
641 695 731 748 διά
772 710 916 756 τινος
966 691 1215 761 εὑχροίας
1263 689 1608 758 ἀγλαΐζεται,
1661 689 1772 742 ἀλλ’
1826 691 1884 742 ὲν

306 785 572 856 ἁτράστῳ
598 782 960 853 μακαριότητι
988 782 1104 833 κατ’
1124 779 1321 850 ἀρετὴν
1339 779 1639 849 θεωρεῖται.
1673 779 1882 848 ’Ὠσπερ

306 873 486 925 τοίνυν
513 873 616 935 τὰς
646 871 991 941 ἀνθρωπίνας
1024 869 1236 939 μορφὰς
1263 868 1350 922 διὰ
1379 869 1684 939 χρωμάτων
1720 868 1882 921 τινῶν

306 963 397 1016 ἐπὶ
434 965 560 1025 τοὺς
608 962 842 1024 πίνακας
867 963 916 1013 οἱ
947 963 1177 1032 γραφεῖς
1229 959 1628 1030 μεταφέρουσι,
1656 960 1753 1023 τὰς
1807 961 1885 1012 0!-

307 1053 458 1115 κείας
494 1071 552 1104 τε
591 1052 684 1105 καὶ
729 1052 1094 1120 καταλλήλους
1146 1049 1324 1120 βαφὰς
1370 1049 1760 1118 ἁπαλείφοντες
1806 1050 1882 1120 τῷ

309 1145 626 1213 μιμήματι,
650 1143 726 1205 ὡς
758 1143 821 1194 Ξιν
851 1142 916 1193 δι’
957 1141 1239 1211 ἀκριϐείας
1267 1140 1327 1192 τὸ
1356 1141 1658 1210 ἀρχέτυπον
1691 1139 1883 1203 κάλλος

309 1235 663 1304 μετενεχθείη
691 1233 827 1303 πρὸς
849 1233 906 1284 τὸ
930 1233 1179 1302 ὁμοίωμα
1207 1247 1220 1261 ⁸
1245 1231 1386 1285 οὕτω
1419 1249 1506 1301 μοι
1533 1232 1641 1285 νόει
1672 1232 1766 1284 καὶ
1793 1231 1882 1284 τὸν

305 1327 575 1398 ἡμέτερον
610 1326 876 1394 πλάστην,
911 1323 1021 1378 οἷον
1050 1341 1159 1377 τισι
1189 1324 1385 1394 βαφαῖς
1417 1325 1483 1394 τῇ
1527 1325 1632 1377 τῶν
1677 1323 1884 1394 ἀρετῶν

307 1418 531 1488 ἐπιϐολῇ
552 1417 684 1488 πρὸς
701 1417 760 1469 τὸ
783 1418 911 1469 ἴδιον
928 1415 1120 1478 κάλλος
1132 1414 1227 1485 τὴν
1243 1415 1424 1467 εἰκόνα
1444 1432 1507 1467 πε
1515 1413 1884 1487 ριανθίσαντα,

306 1510 362 1561 ὲν
391 1512 522 1579 ἡμῖν
545 1508 716 1572 δεῖξαι
751 1507 847 1576 τὴν
876 1507 1009 1559 ἰδίαν
1044 1506 1237 1576 ἀρχήν.
1269 1505 1528 1575 Πολυειδῆ
1557 1507 1610 1558 δὲ
1637 1507 1730 1559 καὶ
1766 1522 1884 1558 ποι-

307 1605 428 1656 κίλα
455 1603 526 1655 τὰ
545 1603 710 1655 οἱονεὶ
733 1601 999 1674 χρώματα
1022 1602 1119 1669 τῆς
1147 1598 1373 1662 εἰκόνος,
1399 1599 1464 1651 δι’
1495 1595 1570 1652 ὧν
1594 1601 1626 1668 ἡ
1656 1599 1881 1669 ἀληθινὴ

309 1693 794 1761 ἀναζωγραφείται
827 1693 1008 1762 μορψὴ
1031 1731 1046 1754 ,
1080 1693 1179 1744 οὐκ
1203 1690 1488 1763 ἐρύθρημα
1519 1691 1612 1742 καὶ
1641 1690 1886 1760 λαμπρό-

306 1802 427 1853 της,
451 1785 544 1836 καὶ⁴
571 1785 605 1854 ή
636 1784 764 1836 ποιὰ
785 1783 987 1835 τούτων
1010 1783 1146 1853 πρὸς
1168 1780 1369 1852 ἄλληλα
1401 1780 1566 1850 μίξις,
1596 1780 1716 1833 οὐδέ
1740 1797 1885 1843 τινος

312 1875 541 1944 μέλανος
569 1874 859 1944 ὑπογραφὴ
898 1873 1072 1944 ὀφρύν
1107 1891 1164 1926 τε
1201 1873 1294 1926 καὶ
1323 1873 1636 1944 ὀφθαλμοὺς
1668 1873 1887 1926 ὑπαλεί-

311 1983 513 2033 φουσα,
540 1967 637 2018 καὶ
663 1966 798 2018 κατά
827 1981 950 2017 τινα
982 1966 1176 2036 κρᾶσιν
1208 1965 1274 2017 τὰ
1309 1965 1460 2017 κοῖλα
1486 1962 1579 2017 τοῦ
1606 1964 1886 2035 χαρακτῆο

316 2073 409 2126 ρος
434 2055 850 2118 ὑποσκιαζουσα,
878 2055 973 2106 καὶ
1000 2054 1099 2106 ὅσα
1128 2052 1351 2106 τοιαῦτα
1378 2054 1681 2124 ζωγράφων
1703 2057 1883 2125 χεῖρες

312 2149 743 2217 ἐπε-τεχνήσαντο
763 2163 775 2176 ·
822 2145 938 2198 ἀλλ’
964 2146 1083 2200 ἀντὶ
1117 2145 1321 2198 τούτων
1360 2145 1666 2216 καθαρότης
1690 2187 1704 2210 ,
1735 2144 1881 2198 ἀπά-

310 2237 470 2299 θεια,
509 2239 874 2309 μακαριότης,
915 2237 1086 2290 κακοῦ
1126 2237 1325 2299 παντὸς
1367 2235 1739 2307 ἁλλοτρίωσις,
1787 2236 1880 2290 καὶ

308 2330 407 2383 ὅσα
434 2330 526 2382 τοῦ
555 2330 796 2383 τοιούτου
837 2330 1026 2398 γένους
1056 2331 1192 2392 ἐστὶ,
1227 2329 1292 2381 δι’
1337 2322 1412 2382 ὧν
1445 2329 1740 2399 μορφοῦται
1769 2333 1880 2392 τοῖς

308 2418 614 2489 ἀνθρώποις
642 2422 674 2491 ἡ
698 2421 833 2491 πρὸς
857 2421 915 2473 τὸ
941 2420 1093 2473 Θεῖον
1123 2421 1396 2490 ὁμοίωσις.
1427 2421 1698 2482 Τοιούτοις
1727 2419 1882 2473 ἄνθε-

309 2525 391 2561 σιν
423 2511 450 2561 ό
477 2509 806 2580 δημιουργὸς
833 2511 930 2580 τῆς
956 2509 1092 2572 ἰδίας
1140 2511 1346 2572 εἰκόνος
1367 2509 1465 2580 τὴν
1493 2511 1770 2581 ἡμετέραν
1799 2509 1878 2562 δι-

307 2599 543 2668 εχάραξε
575 2600 753 2668 φύσιν.
796 2601 858 2652 Εἰ
896 2600 953 2652 δὲ
985 2601 1076 2653 καὶ
1101 2602 1166 2653 τὰ
1202 2601 1336 2654 ἄλλα
1375 2599 1780 2665 συνεξεταζοις,
1815 2601 1881 2654 δι’

308 2683 384 2742 ὧν
423 2691 482 2742 τὸ
525 2689 669 2743 θεῖον
711 2690 907 2752 καλλος
941 2689 1440 2761 χαρακτηρίζεται⁶
1487 2691 1740 2760 εὑρήσεις
1789 2691 1883 2742 καὶ

310 2781 443 2852 προς
465 2784 648 2835 ἐκεῖνα
671 2783 738 2834 δι’
767 2764 1048 2852 ἐίκριὸείας
1084 2781 1395 2852 σωζομένην
1414 2784 1469 2835 ὲν
1496 2784 1561 2851 τῇ
1586 2780 1705 2834 καθ’
1735 2782 1879 2851 ἡμᾶς

308 2872 473 2924 εἰκόνι
495 2873 593 2943 τὴν
615 2872 927 2942 ὁμοιότητα.
957 2870 1094 2935 Νοῦς
1121 2873 1214 2925 καὶ
1242 2871 1401 2940 λόγος
1429 2870 1685 2943 ἡθειότης
1713 2870 1879 2922 ἐστίν’

307 2967 364 3019 ἑν
408 2967 552 3035 ἀρχῇ
587 2981 644 3016 τε
678 2963 786 3034 γὰρ
814 2960 881 3034 ἦν
913 2960 942 3015 ό
975 2965 1166 3031 Λόγος.
1199 2965 1307 3016 Καὶ
1342 2965 1391 3016 οἱ
1434 2963 1706 3035 προφῆται
1744 2963 1882 3016 κατά

311 3055 520 3108 Παῦλον
546 3055 670 3108 νοῦν
694 3054 931 3126 Χριστοῦ
958 3054 1156 3122 ἔχουσι,
1189 3053 1278 3107 τὸν
1309 3054 1366 3105 ὲν
1395 3053 1576 3115 αὐτοῖς
1599 3051 1879 3106 λαλοῦντα.

305 3146 380 3199 0'3
431 3146 622 3217 πόρρω
663 3144 866 3197 τούτων
920 3147 1011 3197 καὶ
1057 3145 1118 3196 τὸ
1171 3143 1529 3214 ἀνθρώπινον.
1598 3145 1759 3213 Ὁρᾷς
1823 3145 1880 3195 ὲν

309 3236 519 3306 σεαυτῷ
544 3236 752 3288 καὶτὸν
781 3235 962 3302 λόγον,
1005 3237 1098 3288 καὶ
1122 3234 1380 3298 διάνοιαν,
1415 3235 1639 3305 μίμημα
1668 3235 1760 3287 τοῦ
1795 3234 1880 3288 ὅν-

304 3343 415 3389 τως
461 3327 552 3380 νοῦ
597 3345 657 3380 τε
702 3329 796 3379 καὶ
849 3327 1028 3395 λόγου.
1077 3327 1288 3396 ’Λγάπη
1325 3326 1485 3380 πάλιν
1524 3329 1551 3379 ὁ
1579 3326 1712 3389 Θεὸς
1736 3367 1750 3389 ,
1788 3327 1882 3380 καὶ

308 3417 527 3485 ἀγάπης
569 3418 744 3487 πηγή.
774 3417 1076 3486 Τοῦτοξγάρ
1125 3433 1288 3486 φησιν
1332 3417 1584 3485 Ἰωάννης
1616 3419 1643 3468 ό
1687 3417 1878 3486 μέγας,

307 3507 389 3557 ὅτι
412 3525 430 3556 ι
450 3506 667 3576 Ἀγὰπη
683 3510 746 3559 ἐκ
763 3505 854 3558 τοῦ
871 3506 1002 3558 Θεοῦ
1020 3523 1033 3536 ·
1057 3527 1074 3558 ι
1101 3506 1214 3569 καὶ,
1237 3527 1253 3556 ι
1277 3507 1334 3558 'U
1353 3507 1482 3563 Θεὸς,
1501 3507 1688 3576 ἀγάπη
1703 3509 1815 3559 ὲστί
1831 3524 1842 3536 ·
1860 3527 1878 3560 ι

308 3597 468 3648 τοῦτο
489 3598 587 3648 καὶ
609 3599 868 3668 ἡμέτερον
893 3599 1182 3669 πεποίηται
1202 3598 1491 3668 πρόσωπον
1506 3601 1534 3652 ό
1555 3600 1652 3668 τῆς
1673 3598 1886 3666 φύσεως

308 3687 582 3755 πλάστης.
611 3707 629 3737 ι
650 3689 734 3743 Ἐν
751 3689 923 3758 τούτῳ
943 3710 960 3740 ι
981 3690 1109 3761 γὰρ,
1132 3690 1285 3760 φησι,
1305 3708 1324 3740 ι
1347 3688 1641 3758 γνώσονται
1669 3690 1882 3755 πάντες,

304 3779 387 3830 ὅτι
421 3778 661 3848 μαθηταί
691 3798 789 3849 μου
823 3781 968 3841 ἐστὲ,
1004 3782 1098 3834 ἐὰν
1129 3782 1375 3849 ἀγαπᾶτε
1408 3780 1732 3849 ἀλλήλους.»
1788 3782 1886 3835 Οὑ-

307 3867 440 3919 ιιοῦν
469 3869 547 3937 μὴ
581 3869 860 3940 παρούσης
891 3869 1114 3938 ταύτης,
1147 3869 1289 3931 ᾶπας
1322 3871 1350 3921 ό
1383 3867 1664 3938 χαρακτὴρ
1686 3868 1784 3937 τῆς
1809 3869 1885 3920 εί-

308 3961 463 4022 κόνος
505 3961 957 4032 μεταπεποίηται.
1005 3963 1186 4015 Πάντα
1232 3960 1548 4024 ὲπιϐλέπει,
1583 3961 1676 4012 καὶ
1707 3959 1883 4012 πάντα

307 4049 568 4105 ἐπακούει
591 4053 652 4104 τὸ
679 4053 854 4116 Θεῖον,
881 4055 974 4106 καί
997 4054 1172 4107 πάντα
1187 4053 1545 4123 διερευνᾶται.
1573 4052 1759 4121 Ἔχεις
1788 4051 1883 4104 καὶ

313 4143 376 4195 σὺ
408 4144 509 4214 τὴν
537 4145 605 4197 δι’
658 4145 835 4214 όιῖνεως
873 4147 966 4198 καὶ
995 4146 1165 4215 ἀκοῆς
1208 4145 1314 4198 τῶν
1357 4145 1525 4197 ὄντων
1557 4141 1840 4214 ἀντίληψιν
1864 4183 1879 4208 ,

310 4236 404 4287 καὶ
437 4237 538 4305 τὴν
576 4236 878 4305 ζητητικόν
908 4253 965 4289 τε
1007 4238 1100 4290 καὶ
1137 4236 1543 4308 διερευνητικὴν
1575 4235 1682 4287 τῶν
1712 4235 1880 4286 ὅντων

308 4326 571 4379 διάνοιαν.

1584 296 1670 349 DE
1718 295 1999 349 HUMINIS
2049 294 2354 351 OPIFICIO.

1909 3103 1957 3168 ϐ

2358 135 2394 152 ἢ,
2421 154 2430 160 ι

3456 295 3555 351 {5'6

2611 415 2836 471 CAPUT
2868 415 2932 468 v.
3014 477 3020 483 η

2126 507 2402 560 Hominem
2437 508 2600 562 divini
2638 509 2840 575 imperii
2872 508 3147 577 imaginem
3178 508 3436 563 exhibere.

2063 600 2329 673 Cancrum
2362 598 2709 667 pulchritudo
2742 599 2831 651 illa
2871 600 3073 663 divina,
3111 614 3216 652 non
3245 600 3350 654 ulla
3383 599 3553 654 forma

1995 691 2075 745 vel
2123 689 2321 744 eximia
2370 698 2653 745 venustate
2701 698 2925 744 externa
2980 689 3304 757 resplendet,
3352 690 3458 746 sed
3501 692 3554 744 in

1993 779 2249 834 beatitate
2308 780 2604 834 secundum
2655 779 2908 833 virtutem
2968 778 3226 832 ineil‘abili
3281 780 3551 835 consistit.

1994 867 2200 922 Idcirco
2243 868 2695 938 quemadmodum
2732 869 2967 938 pictores
2997 867 3274 922 coloribus
3325 869 3546 937 quibus-

1994 959 2118 1012 dam
2153 959 2353 1030 figuras
2386 960 2654 1015 humanas
2689 960 2742 1013 in
2784 960 2980 1014 tabulis
3009 959 3339 1030 exprimunt,
3381 961 3557 1014 omni-

1992 1065 2099 1117 que
2130 1051 2308 1105 studio
2331 1052 2543 1106 colores
2570 1051 2822 1121 proprios
2854 1060 2905 1106 et
2940 1052 3330 1105 convenientes
3360 1051 3569 1105 addere

1994 1140 2222 1210 pictura:
2274 1157 2387 1196 sua:
2444 1152 2732 1204 conantur,
2787 1151 2845 1195 ιιι
2897 1141 3357 1212 pulchritudinem
3417 1141 3555 1209 ejus,

1991 1230 2134 1299 quod
2161 1232 2491 1300 exprimunt,
2522 1232 2867 1300 exemplaris,
2894 1238 3146 1285 accurate
3177 1231 3230 1284 in
3268 1230 3555 1299 imaginem

1991 1322 2164 1392 ipsam
2199 1322 2532 1377 transferant
2563 1342 2576 1375 :
2627 1322 2705 1377 sic
2736 1331 2979 1378 nostrum
3011 1323 3172 1378 etiam
3220 1321 3555 1376 conditorem

1989 1415 2350 1480 existimabis,
2407 1415 2677 1470 indentem
2719 1417 2945 1471 virtutes
2974 1415 3170 1469 animis
3205 1413 3429 1474 nostris,
3463 1413 3558 1465 iis-

1989 1505 2111 1560 dem
2159 1508 2321 1561 veluti
2357 1508 2632 1564 coloribus
2667 1509 2954 1580 imaginem
3004 1522 3156 1563 suam
3192 1507 3259 1559 ad
3301 1506 3558 1559 similitu—

1991 1597 2172 1652 dinem
2213 1601 2445 1668 propria:
2493 1602 2914 1669 pulchritudinis
2961 1615 3209 1663 ornasse,
3255 1610 3310 1652 ut
3354 1598 3554 1667 princi-

1991 1698 2150 1759 patus
2182 1694 2264 1745 sui
2298 1694 2476 1762 imago
2501 1695 2553 1746 in
2584 1695 2740 1748 nobis
2764 1695 3184 1764 perSpiceretur.
3212 1692 3351 1747 Sunt
3378 1700 3554 1746 autem

1989 1781 2316 1850 multiplices
2363 1798 2426 1837 ac
2464 1784 2599 1838 varii
2640 1784 2805 1852 hujus
2853 1786 3104 1853 imaginis
3155 1785 3386 1846 colores,
3431 1785 3553 1853 qui-

1987 1869 2090 1924 bus
2136 1865 2315 1925 nativa
2349 1872 2442 1927 Dei
2492 1874 2664 1928 forma
2693 1875 2757 1929 ad
2793 1876 2968 1929 vivum
3023 1875 3348 1944 exprimitur
3381 1895 3394 1929 :
3448 1889 3552 1928 non

1986 1959 2064 2013 illi
2103 1961 2320 2029 quidem
2360 1965 2444 2017 vel
2499 1965 2686 2029 rubor,
2729 1965 2811 2019 vel
2866 1964 3141 2034 splendor,
3176 1965 3258 2018 vel
3293 1966 3434 2018 facta
3465 1979 3554 2018 se-

1983 2049 2222 2104 cundum
2269 2052 2592 2120 qualitatum
2628 2056 3028 2124 proportionem
3077 2054 3270 2108 horum
3325 2054 3466 2106 inter
3496 2068 3556 2106 sc

1983 2139 2314 2204 commistio,
2347 2142 2428 2196 vel
2462 2144 2749 2197 atramenti
2784 2142 2849 2197 ad
2893 2143 3073 2198 fucum
3109 2143 3418 2212 usurpatio,
3449 2134 3554 2212 qua

1981 2231 2271 2301 supercilia
2312 2233 2524 2289 oculive
2572 2235 2940 2298 sublinantur,
2983 2251 3046 2290 ac
3084 2223 3556 2304 quodam'tempe-

1981 2332 2232 2377 ramento
2260 2333 2440 2393 partes
2468 2325 2738 2395 depressae
2767 2327 3074 2382 sublustres
3110 2327 3426 2392 reddantur,
3471 2327 3552 2382 vel

1981 2415 2026 2470 si
2058 2415 2187 2485 quid
2219 2424 2302 2470 est
2331 2415 2644 2486 hujusmodi
2680 2420 2822 2490 quod
2860 2419 3126 2473 artificum
3165 2420 3433 2474 industria
3466 2436 3553 2474 re-

1983 2509 2123 2576 perit
2155 2524 2165 2554 τ
2209 2508 2303 2563 scd
2334 2511 2568 2578 puritas,
2607 2511 2922 2566 immunitas
2950 2527 2978 2565 a
3027 2513 3551 2580 perturbationibus,

1983 2597 2282 2663 beatitudo,
2330 2600 2573 2655 conditio
2607 2603 2732 2656 mali
2778 2604 2955 2657 omnis
2988 2619 3202 2672 expers,
3239 2612 3291 2658 et
3324 2604 3408 2659 his
3452 2603 3554 2658 alia

1986 2688 2314 2755 consimilia,
2379 2706 2502 2760 quae
2555 2691 2828 2747 hominem
2900 2693 3005 2746 Deo
3060 2708 3240 2762 parem
3295 2694 3552 2766 efﬁciunt.

1986 2779 2268 2848 Ejusmodi
2323 2779 2549 2836 floribus
2599 2781 2878 2836 hominum
2934 2795 3183 2838 naturam
3230 2785 3423 2841 artifex
3468 2787 3556 2841 ille

1986 2870 2218 2939 propriae
2246 2869 2499 2941 imaginis
2529 2872 2768 2927 ornavit;
2800 2873 2952 2939 Quod
2991 2875 3036 2930 si
3063 2882 3116 2927 ct
3151 2876 3252 2927 alia
3277 2876 3406 2930 libet
3435 2892 3558 2947 per-

1986 2960 2224 3028 quirere,
2256 2963 2457 3030 quibus
2484 2963 2665 3016 divina
2693 2963 3039 3032 pulchritudo
3073 2965 3436 3032 exprimitur:
3473 2967 3557 3019 in-

1989 3049 2196 3120 telliges
2253 3043 2415 3105 etiam
2466 3051 2558 3106 illa
2601 3052 2748 3122 quod
2787 3055 3000 3117 attinet,
3053 3053 3463 3108 similitudinem
3501 3055 3554 3108 in

1988 3140 2226 3212 imagine
2259 3151 2446 3198 nostra
2476 3152 2730 3199 accurate
2756 3154 3025 3200 servatam
3072 3161 3212 3201 esse.
3262 3147 3321 3200 In
3366 3154 3556 3202 natura

1988 3233 2170 3286 divina
2195 3240 2278 3287 est
2310 3249 2464 3288 mens
2491 3243 2544 3288 et
2575 3250 2773 3292 sermo.
2802 3237 2898 3291 Est
2919 3237 3061 3290 enim
3095 3238 3268 3292 sacris
3303 3239 3356 3292 in
3386 3237 3558 3293 Litte-

1988 3323 2065 3403 ris
2094 3323 2392 3393 proditum,
2421 3325 2578 3380 initio
2607 3341 2786 3381 rerum
2813 3311 3127 3385 Sermonem
3156 3331 3266 3400 jam
3297 3331 3466 3387 fuisse
3489 3333 3553 3385 “.

1988 3413 2192 3470 Paulus
2225 3417 2386 3470 etiam
2419 3425 2572 3472 vates
2595 3417 2798 3472 Christi
2825 3427 3057 3475 mentem
3092 3421 3349 3477 habuisse
3373 3423 3554 3486 tradit,

1990 3521 2086 3576 per
2119 3521 2214 3562 eos
2261 3507 2572 3576 loquentem
2599 3509 2663 3560 ".
2698 3508 3136 3566 Consentaneum
3185 3513 3269 3567 his
3299 3513 3557 3582 quiddam

1989 3605 2072 3653 est
2101 3599 2154 3652 in
2186 3598 2423 3654 homine.
2472 3599 2605 3654 Nam
2637 3601 2693 3654 in
2741 3602 2917 3671 teipso
2949 3603 3339 3660 animadvertis
3363 3616 3418 3661 et
3442 3622 3559 3662 scr-

1988 3705 2204 3743 monem
2237 3705 2380 3754 esse,
2421 3699 2474 3744 et
2511 3692 2617 3745 vim
2666 3692 3076 3763 intelligentem,
3100 3711 3220 3764 qua:
3258 3706 3386 3752 sunt
3417 3713 3559 3753 verat
3625 3684 3642 3696 ’

1987 3777 2135 3832 illius
2160 3781 2358 3833 mentis
2388 3788 2441 3832 et
2465 3782 2734 3834 sermonis
2763 3783 2958 3851 imago.
2988 3785 3130 3840 Deus
3168 3787 3292 3840 item
3319 3787 3559 3845 charitas

1987 3877 2093 3933 est,
2132 3881 2186 3924 et
2223 3869 2346 3924 fons
2384 3871 2500 3941 ipse
2540 3873 2742 3928 amoris
2789 3877 2980 3930 mutui.
3030 3876 3120 3930 Sic
3153 3879 3295 3932 enim
3327 3893 3558 3950 magnus

1988 3961 2076 4015 ille
2103 3959 2342 4016 Joannes
2374 3963 2636 4033 loquitur,
2675 3979 2799 4020 cum
2828 3967 2902 4020 ait
2934 3984 2947 4018 :
2993 3987 3009 4019 ι
3034 3967 3106 4022 Ex
3141 3969 3247 4025 Deo
3274 3979 3356 4026 cst
3380 3972 3557 4026 chari-

1985 4060 2122 4116 tas,»
2145 4061 2220 4118 et,
2250 4073 2269 4105 ι
2293 4053 2434 4110 Deus
2457 4057 2570 4125 ipse
2592 4057 2725 4112 nihil
2750 4067 2834 4114 est
2853 4060 2996 4115 aliud
3021 4079 3178 4132 quant
3203 4065 3439 4121 charitas
3458 4065 3517 4118 “.
3534 4084 3552 4115 ι

1985 4144 2160 4199 Etiam
2193 4147 2334 4201 hanc
2368 4146 2530 4204 faciei
2561 4163 2761 4206 nostra!
2789 4162 2970 4206 notam
3003 4171 3181 4208 rerum
3211 4154 3435 4209 Creator
3466 4156 3558 4208 im-

1985 4238 2221 4306 pressit:
2271 4239 2456 4310 itaque
2492 4241 2710 4310 inquit:
2749 4261 2767 4293 ι
2806 4245 2882 4296 Ex
2925 4259 2990 4298 eo
3019 4246 3317 4316 intelligent
3347 4261 3555 4312 omnes,

1983 4342 2082 4382 vos
2134 4344 2286 4384 meos
2337 4346 2460 4386 esse
2505 4331 2824 4415 discipulos,
2886 4335 2930 4387 si
2985 4343 3174 4389 mutuo
3226 4351 3322 4391 vos
3373 4350 3557 4391 amore

310 4418 735 4486 complectimini
759 4420 823 4473 δ’.
861 4441 878 4472 ι
924 4419 1132 4476 Idcirco
1159 4421 1202 4474 si
1234 4428 1457 4474 mutuus
1492 4419 1579 4473 hic
1609 4432 1763 4472 amor
1795 4417 1848 4471 in
1873 4417 2030 4475 nobis
2059 4419 2418 4486 desideretur,
2455 4423 2620 4478 totius
2652 4424 2902 4493 imaginis
2930 4433 3070 4479 nota:
3101 4434 3320 4481 mutata
3351 4428 3558 4482 scilicet

309 4518 493 4564 erunt.
522 4509 717 4566 Omnia
758 4513 1002 4568 intuetur
1027 4515 1268 4568 divinum
1314 4513 1548 4578 Numen,
1578 4513 1763 4567 omnia
1813 4512 2056 4579 exaudit,
2111 4516 2292 4568 omnia
2353 4525 2744 4586 perscrutatur.
2798 4516 2971 4571 Etiam
3023 4527 3076 4571 tu
3112 4521 3228 4572 visu
3265 4521 3562 4592 audituque

311 4617 402 4658 res
428 4604 686 4674 percipis,
725 4614 779 4660 et
810 4611 1009 4664 mentis
1037 4609 1392 4678 intelligentia
1429 4608 1681 4663 universa
1712 4607 1945 4677 inquiris
1972 4615 2024 4662 et
2049 4610 2430 4677 perscrutaris.

838 4699 1230 4753 κεφΑΑΑιυΝ
1259 4702 1348 4766 ς’.

2607 4701 2835 4758 CAPUT
2874 4702 2958 4756 Vl.

322 4787 642 4864 ἐξέτασις
669 4790 776 4864 τῇς
820 4791 926 4864 τοῦ
957 4791 1066 4844 νοῦ
1097 4791 1259 4864 ,ατρὸς
1293 4791 1418 4864 ’τὴς
1463 4792 1652 4864 φύσιν
1682 4805 1884 4864 cum

1992 4784 2332 4864 Cognationis
2375 4805 2494 4864 qua;
2534 4793 2692 4864 menti
2725 4809 2838 4845 cum
2873 4805 3070 4846 natura
3112 4803 3210 4859 est,
3250 4795 3559 4864 indagatio;

377 4859 571 4931 ratae,
599 4859 668 4912 ἐν
677 4854 843 4925 dia—cal
863 4861 932 4914 ἐκ
948 4854 1214 4930 παρόδου
1236 4854 1310 4913 ’τὸ
1339 4854 1791 4931 idm—Xroga“)?
1807 4854 1892 4917 δι-

377 4928 685 5001 ελέγχεται
712 4931 919 5002 δόγμα.

379 5017 489 5071 Καί
521 5035 589 5088 με
625 5019 816 5089 μηδεὶς
840 5019 1035 5074 οἰέσθω
1078 5020 1199 5075 καθ’
1232 5021 1524 5091 ὁμοιότητα
1554 5021 1652 5090 τῆς
1674 5018 1886 5090 ἀνθρω-

313 5108 471 5178 πίνης
493 5109 776 5180 ἐνεργείας
793 5113 850 5164 ὲν
869 5110 1145 5182 διαφόροις
1170 5111 1429 5181 δυνάμεσι
1453 5110 1511 5163 τὸ
1537 5109 1690 5164 Θεῖον
1711 5109 1887 5178 λέγειν

313 5197 417 5250 τῶν
444 5199 623 5252 ὄντων
657 5200 1011 5268 ἐφάπτεσθαι.
1048 5202 1123 5254 Οὐ
1156 5201 1266 5273 γάρ
1301 5202 1419 5254 ἐστι
1473 5198 1695 5254 δυνατὸν
1728 5201 1787 5252 ὲν
1813 5202 1882 5272 τῇ

313 5289 574 5360 ἁπλότητι
601 5291 704 5362 τῆς
729 5291 1011 5365 θειότητος
1037 5293 1100 5347 τὸ
1127 5292 1368 5346 ποικίλον
1396 5309 1454 5344 τε
1487 5291 1580 5345 καὶ
1608 5289 1882 5353 πολυειδὲς

312 5378 407 5447 τῆς
454 5380 852 5452 ἀπιληπτικῆς
904 5383 1182 5453 ἐνεργείας
1215 5381 1564 5452 κατανοῆσαι.
1595 5380 1732 5434 Οὐδὲ
1773 5381 1882 5451 γὰρ

315 5468 440 5537 ﬁva
489 5471 695 5530 πολλαί¹
725 5474 869 5538 τινές
904 5475 1041 5526 εἰσιν
1070 5475 1125 5527 αἱ
1173 5473 1557 5543 ἀντιληπτικαὶ
1591 5471 1698 5524 τῶν
1745 5488 1886 5543 πρα-

319 5557 536 5626 γμάτων
561 5559 837 5633 δυνάμεις,
875 5565 923 5617 εί
950 5563 1043 5617 καὶ
1067 5563 1418 5633 πολυτρόπως
1441 5561 1528 5614 διὰ
1557 5561 1664 5614 τῶν
1693 5560 1886 5630 αἰσθή-

390 5691 434 5720 ⁶¹
461 5689 693 5763 103ml,
732 5699 780 5752 ί.
867 5701 912 5733 ⁸³
945 5699 964 5756 Ι
1000 5700 1128 5755 Cor.
1161 5716 1261 5765 vtt,
1292 5699 1391 5764 40;
1433 5697 1474 5752 ll
1502 5697 1628 5754 Cor.
1669 5711 1788 5764 xm,
1821 5695 1874 5750 5.

554 5792 814 5860 Ριτιιοι..
862 5799 986 5864 Gn.
1035 5796 1251 5862 XLIV.

1995 4901 2002 4908 .
2062 4860 2150 4933 ubi
2177 4859 2344 4933 obiter
2382 4871 2431 4933 et
2474 4861 2858 4926 haereticorum,
2903 4866 2992 4932 qui
3019 4864 3257 4918 Anommi
3287 4859 3555 4933 dicuntur,

2060 4927 2304 4982 doctrina
2334 4931 2618 5000 refutatur.

2060 5016 2230 5075 Nemo
2258 5028 2436 5074 autem
2471 5021 2748 5078 existimet
2788 5023 2859 5076 ita
2887 5038 2972 5079 me
3003 5024 3170 5094 loqui.
3203 5025 3356 5094 quasi
3388 5024 3556 5082 Deum

1989 5117 2222 5166 statuam
2258 5111 2337 5166 sic
2389 5126 2568 5183 agere,
2599 5122 2655 5166 ut
2715 5113 2988 5170 hominem
3038 5115 3284 5170 videmus
3327 5115 3558 5173 diversis

1990 5201 2340 5257 facultatibus
2411 5203 2466 5257 in
2527 5205 2739 5274 agendo
2795 5206 2894 5260 uti.
2960 5205 3075 5263 Non
3129 5207 3272 5261 enim
3341 5205 3423 5262 fas
3474 5217 3560 5263 est

1989 5289 2058 5345 de
2111 5288 2260 5354 Deo,
2320 5291 2480 5360 cujus
2528 5300 2614 5348 est
2676 5302 2868 5349 natura
2936 5295 3159 5365 simplex
3195 5335 3210 5358 ,
3281 5295 3556 5366 cogitare:

1991 5380 2146 5450 quasi
2204 5381 2355 5434 varia
2408 5381 2804 5451 multiplicique
2830 5382 3084 5440 facultate
3109 5385 3367 5454 prtedilus
3398 5401 3563 5454 agem-

1991 5471 2044 5527 di
2100 5472 2190 5526 sit.
2246 5470 2378 5526 Nam
2439 5473 2485 5528 si
2541 5473 2594 5527 in
2622 5475 2779 5530 nobis
2822 5475 3040 5546 quidem
3091 5478 3271 5530 multae
3311 5481 3440 5532 sunt
3481 5473 3561 5527 fa-

1993 5563 2226 5618 cultates
2265 5580 2362 5634 per
2404 5580 2540 5636 quas
2577 5566 2824 5637 agimus,
2888 5569 3102 5622 etiamsi
3155 5566 3382 5622 diversis
3440 5578 3562 5620 mo-

1974 5697 2028 5772 “,
2066 5697 2084 5750 Ι
2122 5695 2280 5755 Joan.
2314 5715 2388 5770 tv,
2430 5699 2479 5768 7,
2514 5701 2566 5756 8.
2661 5701 2704 5731 "
2733 5699 2886 5757 10a".
2925 5715 3046 5762 3|":
3082 5701 3174 5756 55-

3285 5793 3326 5858 5
