4106 6208
563 297 664 353 159

1805 294 1861 352 S.
1905 293 2233 351 GREGORII
2269 298 2559 351 NYSSENI

3715 303 3822 358 140

559 413 644 466 dis
696 425 790 479 per
845 420 1038 461 sensus
1098 408 1282 460 omnia
1335 405 1689 478 suscipimus.
1740 406 1834 462 Est
1879 407 2023 462 enim
2075 408 2120 460 in

2239 427 2373 462 σεων
2405 410 2512 463 τῶν
2542 410 2683 462 κατά
2714 410 2857 481 ζωὴν
2887 410 3273 481 ἐφαπτώμεοα.
3307 412 3419 465 Μία
3450 413 3557 484 γάρ
3585 414 3666 478 τίς
3698 416 3819 469 ἐστι

560 502 718 556 nobis
748 515 853 554 una
885 497 1128 570 quaedam
1158 499 1238 553 vis
1276 513 1340 553 ac
1375 497 1626 562 facultas,
1667 498 1926 553 nimirum
1953 513 2128 563 mens,

558 607 680 663 quae
701 592 946 661 singulas
1000 605 1260 645 sensuum
1307 588 1464 646 sedes
1496 588 1826 660 permeando
1874 591 2130 643 universa

558 684 748 740 efficit.
781 682 906 738 llaec
937 683 1113 738 oculis
1157 683 1418 754 quidquid
1473 683 1720 748 oﬂiartur,
1769 681 1958 736 videt:
2016 681 2130 734 hinc

559 775 822 848 quidquid
862 775 1084 838 dicitur,
1126 775 1340 828 aurium
1374 789 1474 844 ope
1521 773 1769 843 percipit.
1835 770 1960 826 Haec
2009 788 2130 842 quae

495 904 510 910 ο
557 877 708 936 grata
747 875 874 921 sunt
916 865 1280 934 amplectitur,
1337 865 1549 932 ingrata
1613 878 1742 918 vero
1801 873 2124 926 aversatur;

559 959 672 1012 haec
715 972 875 1010 manu
920 940 1168 1010 ministra
1219 969 1601 1025 quamcunque
1655 954 1720 1008 ad
1788 969 1903 1009 rem
1950 953 2126 1008 visum

558 1048 740 1112 fuerit,
769 1048 958 1113 utitur,
987 1045 1231 1115 ejusdem
1265 1053 1324 1098 ut
1363 1045 1709 1098 instrumenti
1757 1059 1858 1114 Ope
1907 1059 1992 1100 res
2043 1043 2126 1098 vel

554 1140 820 1203 continet,
848 1139 930 1192 vel
966 1138 1160 1206 rejicit,
1189 1146 1341 1207 prout
1371 1152 1434 1190 ex
1460 1151 1560 1190 usu
1595 1135 1706 1190 fore
1733 1137 1941 1191 statuit.
1966 1135 2121 1201 Quod

557 1232 601 1284 si
635 1230 801 1300 igitur
846 1230 900 1284 in
949 1230 1168 1284 homine
1211 1244 1377 1282 unum
1420 1227 1681 1299 quiddam
1728 1239 1811 1283 est
1850 1237 1904 1283 et
1956 1227 2122 1292 idem,

553 1322 699 1392 quod
737 1335 830 1390 per
875 1321 1057 1375 omnia
1087 1320 1139 1374 vi
1176 1318 1536 1390 facultateqne
1573 1335 1670 1374 sua
1709 1319 1815 1389 agit
1849 1333 1910 1371 ac
1945 1333 2128 1372 move-

555 1422 664 1478 tur,
704 1419 757 1467 et
776 1411 1018 1466 vicissim
1049 1424 1192 1465 nunc
1247 1411 1349 1464 hoc
1389 1424 1534 1463 nunc
1588 1410 1680 1462 illo
1732 1423 1895 1464 sensu
1930 1407 2122 1470 utitur,

554 1505 806 1578 quodque
835 1504 906 1560 ob
934 1503 1123 1573 agendi
1153 1502 1469 1556 varietatem
1512 1509 1763 1555 naturam
1817 1515 1971 1554 suam
2016 1514 2122 1552 non

552 1606 748 1662 mutat,
780 1604 1056 1665 utcunque
1079 1609 1341 1650 sensuum
1366 1594 1734 1648 instrumenta
1753 1591 1968 1647 diversa
2015 1589 2124 1644 sint

551 1708 581 1746 a
611 1698 806 1746 natura
840 1688 1059 1746 condita
1093 1707 1106 1742 :
1133 1701 1241 1757 quo
1261 1693 1421 1756 pacto
1446 1686 1570 1755 quis
1596 1685 1731 1740 adeo
1750 1685 1976 1738 demens
2003 1697 2124 1737 esse

2234 500 2481 570 δύναμις,
2513 502 2672 564 αὐτὸς
2705 505 2733 555 6
2761 502 3077 572 ὲγκείμενος
3110 503 3254 566 νοῦς,
3283 505 3311 556 6
3339 505 3404 557 δι’
3441 504 3678 560 ἑκάστου
3704 509 3815 562 τῶν

2233 594 2603 664 αἰσθητηρίων
2623 594 2856 658 διεξιὼν,
2881 595 2974 648 καὶ
2995 594 3101 647 τῶν
3127 595 3295 648 ὄντων
3331 597 3813 669 ὲπιδρασσόμενος.

2239 681 2407 749 Οὗτος
2439 685 2633 756 θεωρεῖ
2671 685 2757 739 διὰ
2786 687 2892 740 τῶν
2924 685 3218 756 ὀφθαλμῶν
3247 686 3308 739 τὸ
3338 688 3658 758 φαινόμενον
3677 707 3692 720 ν
3723 683 3815 744 οὗ·

2232 792 2322 838 τος
2348 778 2516 828 συνιεῖ
2543 776 2632 828 διὰ
2670 777 2769 845 τῆς
2809 778 2974 848 ἀκοῆς
3000 777 3060 829 τὸ
3088 777 3407 847 λεγόμενον,
3451 779 3637 852 ἀγαπᾷ
3663 760 3814 834 τετὸ

2233 865 2611 936 κατευθύμιον,
2663 866 2756 918 καὶ
2786 865 2847 918 τὸ
2884 867 2956 935 μὴ
2985 866 3108 918 καθ’
3139 867 3333 938 ἡδονὴν
3383 869 3808 939 ἀποστρέφεται,

2231 957 2323 1008 καὶ
2359 959 2422 1025 τῇ
2462 957 2604 1026 χειρὶ
2637 955 2833 1026 χρῆται
2881 955 3016 1024 πρὸς
3055 955 3116 1008 τὸ
3154 957 3181 1008 ὅ
3209 973 3258 1008 τι
3293 956 3558 1025 βούλεται,
3593 960 3812 1028 κρατῶν

2229 1047 2295 1100 δι’
2318 1047 2486 1117 αὐτῆς
2509 1048 2602 1100 καὶ
2629 1046 3015 1117 ἀπωθούμενος
3044 1047 3186 1118 ἅπερ
3210 1047 3275 1100 ἂν
3303 1047 3600 1101 λυσιτελεῖν
3620 1051 3806 1121 κρίνῃ.

2228 1141 2294 1210 τῇ
2323 1138 2415 1191 τοῦ
2440 1138 2673 1210 ὀργάνου
2703 1138 2962 1209 συνεργίᾳ
3005 1140 3085 1202 εἰς
3114 1138 3270 1191 τοῦτο
3307 1139 3710 1210 συγχρώμενος.
3745 1142 3809 1193 Εἰ

2228 1229 2404 1283 τοίνυν
2453 1231 2507 1282 ὲν
2546 1229 2623 1299 τῷ
2667 1229 2940 1301 ἀνθρώπῳ
2989 1230 3095 1283 κᾶν
3127 1230 3360 1302 διάφορα
3402 1231 3538 1301 τύχῃ
3569 1231 3636 1283 τά
3672 1230 3808 1301 πρὸς

2227 1321 2479 1392 αἴσθησιν
2511 1321 2994 1391 κατεσκευασμένα
3021 1323 3170 1392 παρά
3192 1323 3290 1392 τῆς
3325 1321 3539 1390 φύσεως
3566 1323 3800 1394 ὄργανα,

2225 1413 2354 1466 ὁδιά
2380 1413 2594 1466 πάντων
2616 1412 2854 1482 ἐνεργῶν
2881 1413 2977 1465 καὶ
3001 1412 3319 1482 κινούμενος
3339 1413 3432 1466 καὶ
3455 1414 3808 1484 καταλλήλως

2227 1505 2441 1576 ἑκάστῳ
2477 1504 2611 1575 πρὸς
2656 1505 2716 1557 τὸ
2759 1503 3120 1573 προκείμενον
3158 1503 3494 1574 κεχρημένος
3517 1545 3531 1568 ,
3575 1501 3655 1567 εἷς
3688 1507 3804 1557 ἐστι

2225 1598 2320 1650 καὶ
2345 1599 2372 1650 6
2399 1595 2559 1659 αὐτὸς
2586 1635 2600 1659 ,
2639 1598 2759 1660 ταῖς
2793 1596 3074 1667 διαφοραῖς
3115 1595 3222 1648 τῶν
3261 1595 3547 1664 ἐνεργειῶν
3589 1596 3648 1647 ού
3682 1611 3808 1647 συν-

2230 1687 2574 1756 εξαλλάσσων
2603 1688 2700 1757 τὴν
2735 1687 2896 1756 φύσιν
2922 1705 2934 1717 ·
2967 1686 3081 1748 πῶς
3122 1686 3181 1740 ἄν
3209 1703 3291 1748 τις
3319 1687 3412 1738 ἐπὶ
3439 1685 3530 1739 τοῦ
3563 1685 3696 1739 Θεοῦ
3719 1687 3806 1739 διὰ

551 1783 748 1854 possit,
788 1789 848 1836 ut
876 1780 969 1836 Dei
1000 1787 1252 1834 naturam
1290 1793 1386 1847 per
1423 1777 1712 1831 facultates
1740 1776 1920 1830 varias
1967 1774 2119 1840 quasi

2226 1781 2332 1832 τῶν
2363 1780 2621 1832 ποικίλων
2637 1779 2914 1849 δυνάμεων
2935 1778 2996 1831 τὸ
3027 1777 3330 1848 πολυμερὲς
3353 1777 3449 1846 τῆς
3469 1777 3652 1840 οὐσίας
3677 1794 3808 1830 κατ-

550 1873 1009 1930 mnltimembrem
1053 1871 1070 1941 (
1101 1881 1159 1925 ut
1191 1871 1263 1924 ita
1293 1869 1553 1939 dixerim)
1587 1867 1956 1938 imaginatur?
1987 1866 2121 1920 Nam

555 1985 572 2016 ‹
613 1963 714 2030 Qui
744 1963 961 2018 oculum
992 1961 1165 2025 ﬁnxit,
1188 1981 1206 2014 ι
1237 1963 1314 2015 uti
1348 1959 1511 2014 Vates
1533 1960 1774 2028 loquitur
1803 1959 1868 2024 ",
1907 1977 1924 2010 ι
1952 1967 2005 2014 et
2027 1973 2126 2011 au-

549 2069 662 2110 rem
704 2052 986 2123 plantavit,
1019 2070 1036 2101 »
1077 2049 1366 2104 facultates
1424 2049 1588 2103 hasce
1645 2055 1902 2116 tanquam
1967 2053 2124 2102 notas

549 2149 813 2217 quasdam
843 2144 907 2197 de
930 2143 1130 2212 quibus
1153 2141 1279 2195 facti
1313 2141 1378 2194 ad
1411 2141 1586 2210 ipsius
1615 2140 1922 2208 exemplum
1953 2153 2123 2208 agno-

550 2250 849 2296 sceremur,
885 2233 1165 2287 hominum
1201 2240 1408 2286 natura:
1455 2232 1756 2301 impressit.
1796 2228 2004 2283 Idcirco
2035 2229 2123 2283 in-

549 2329 666 2399 quit
695 2347 710 2382 :
740 2348 756 2379 ι
778 2325 1064 2380 Faciamus
1095 2324 1366 2379 hominem
1397 2323 1463 2377 ad
1483 2322 1770 2392 imaginem
1800 2331 2065 2376 nostram.
2099 2340 2117 2372 ι

551 2420 653 2475 Sed
685 2419 774 2474 ubi
817 2418 977 2472 nobis
1009 2415 1292 2470 Anomoei?
1339 2414 1468 2484 quid
1513 2413 1578 2468 ad
1619 2413 1732 2466 haec
1779 2412 1995 2467 tandem
2036 2411 2122 2466 die

552 2511 693 2566 cturi
725 2518 853 2564 sunt
874 2509 896 2560 ?
919 2522 1027 2577 quo
1051 2514 1210 2576 pacto
1241 2505 1501 2560 adversus
1527 2518 1588 2559 ea
1605 2519 1724 2573 qum
1747 2503 1944 2557 tradita
1975 2517 2002 2556 a
2027 2516 2123 2557 no-

549 2600 632 2655 bis
664 2606 811 2662 sunt,
861 2597 1164 2652 doctrinam
1215 2611 1368 2652 suam
1422 2593 1720 2649 absurdam
1787 2592 2123 2648 tuebuntur?

549 2693 781 2748 hoccine
813 2691 1022 2747 scilicet
1053 2689 1482 2760 respondebunt,
1532 2687 1646 2742 fieri
1696 2701 1858 2756 posse
1898 2697 1958 2740 ut
2014 2701 2121 2740 una

548 2784 844 2854 eademque
905 2783 1083 2852 imago
1131 2780 1324 2836 formis
1376 2778 1611 2834 diversis
1650 2775 2122 2847 rcspondcat?At

547 2892 678 2933 vero
717 2876 762 2933 si
795 2885 990 2930 natura
1024 2871 1170 2927 Patri
1195 2871 1480 2928 dissimilis
1510 2877 1595 2925 est
1626 2867 1820 2931 Filius,
1846 2866 2121 2938 quomodo

549 2979 869 3024 naturarum
921 2968 1260 3022 diversarmn
1295 2964 1486 3020 eadem
1545 2963 1736 3018 effecta
1790 2962 1968 3031 imago
2006 2959 2121 3015 est?

548 3061 684 3118 Nam
714 3077 838 3116 cum
867 3060 1102 3121 dicatur,
1157 3078 1175 3109 ί
1213 3056 1500 3111 Faciamus
1529 3055 1801 3108 hominem
1845 3055 1910 3107 ad
1945 3052 2118 3107 nostri

2226 1869 2568 1934 οπτεύσειεν;
2607 1888 2626 1920 ι
2649 1868 2709 1923 Ὀ
2731 1889 2748 1921 ι
2775 1870 2879 1941 γὰρ
2904 1889 2921 1921 ι
2944 1868 3152 1932 πλάσας
3165 1869 3254 1922 τὸν
3277 1868 3568 1938 ὀφθαλμὸν,
3585 1887 3601 1916 ι
3623 1867 3808 1930 καθώς

2227 1978 2391 2032 φησιν
2421 1961 2448 2013 6
2481 1963 2788 2035 Προφήτης,
2810 1962 2903 2015 καὶ
2943 1979 2960 2011 ι
2980 1963 3008 2013 6
3038 1960 3309 2028 φυτεύσας
3333 1959 3394 2012 τὸ
3421 1955 3561 2022 οὖς,»
3583 1960 3719 2029 πρὸς
3736 1959 3806 2012 τά

2226 2053 2283 2103 ὲν
2315 2053 2462 2124 αὐτῷ
2497 2052 2911 2123 παραδείγματα
2933 2052 3029 2115 τὰς
3059 2052 3335 2120 ἐνεργείας
3363 2050 3560 2114 ταύτας
3589 2045 3699 2104 οἷ’ὁν
3724 2067 3807 2104 τι·

2225 2159 2321 2206 νας
2339 2143 2728 2215 γνωριστικοὺς
2747 2144 3098 2214 χαρακτῆρας
3113 2146 3177 2213 τῇ
3201 2142 3359 2212 φύσει
3380 2141 3485 2194 τῶν
3503 2141 3597 2194 ἀνθ
3607 2140 3805 2211 ρώπων

2225 2232 2615 2302 ὲνεσημηνατο.
2649 2251 2665 2282 ι
2693 2233 3012 2302 Ποιήσωμεν
3035 2251 3052 2284 ι
3085 2231 3214 2302 γὰρ,
3257 2231 3442 2301 φησὶν,
3481 2230 3805 2301 «ἄνθρωπον

2230 2325 2350 2376 κατ’
2379 2325 2562 2376 εἰκόνα
2587 2325 2912 2395 ἡμετέραν.»
2951 2322 3108 2376 Ἀλλά
3137 2322 3239 2375 ποῦ
3267 2340 3353 2393 μοι
3379 2324 3486 2376 τῶν
3509 2324 3802 2392 Ἀνομοίων

2225 2416 2258 2486 ἡ
2288 2415 2529 2487 αἴρεσις;
2577 2415 2627 2468 τί
2658 2415 2790 2485 πρὸς
2816 2416 2912 2485 τὴν
2936 2416 3186 2486 τοιαύτην
3222 2415 3405 2486 ἐροῦσι
3437 2418 3650 2486 φωνήν;
3684 2417 3803 2480 πῶς

2231 2505 2590 2560 διασώσουσιν
2621 2507 2678 2559 ὲν
2703 2509 2814 2569 τοῖς
2854 2507 3162 2578 εἰρημένοις
3191 2507 3282 2560 τοῦ
3320 2508 3584 2578 δόγματος
3621 2508 3803 2560 αὐτῶν

2222 2597 2320 2668 τὴν
2354 2595 2655 2667 κενότητας
2685 2592 2792 2667 ἄρα
2824 2597 3046 2650 δυνατὸν
3079 2592 3217 2650 εἶναι
3259 2600 3532 2668 φήσουσι,
3566 2597 3696 2667 μίαν
3722 2601 3802 2651 εἰ·-

2223 2690 2355 2742 κόνα
2401 2688 2680 2759 διαφόροις
2728 2688 3058 2758 ὁμοιωθῆναι
3104 2692 3373 2759 μορφαῖς;
3429 2691 3491 2742 Εἰ
3539 2690 3800 2759 ἀνόμοιος

2223 2781 2363 2835 κατὰ
2404 2781 2501 2852 τὴν
2539 2779 2699 2850 φύσιν
2738 2779 2815 2850 τῷ
2855 2781 3028 2850 Πατρὶ
3060 2781 3088 2831 6
3125 2780 3270 2843 Υἱὸς,
3314 2779 3430 2842 πῶς
3465 2780 3590 2849 μίαν
3628 2797 3802 2833 κατα-

2225 2872 2474 2936 σκευάζει
2497 2871 2604 2924 τῶν
2631 2871 2898 2940 διαφόρων
2928 2871 3140 2940 φύσεων
3172 2872 3270 2942 τὴν
3303 2857 3519 2937 εἰκόνα;
3565 2873 3622 2924 Ὁ
3655 2873 3793 2943 γὰρ,

2228 2985 2244 3017 ι
2277 2965 2592 3035 Ποιήσωμεν
2606 2963 2887 3034 ἄνθρωπον
2899 2963 3017 3016 κατ’
3032 2963 3215 3016 εἰκόνα
3230 2964 3526 3035 ἡμετέραν,
3553 2983 3570 3015 ι
3601 2963 3798 3026 εἰπὼν,

2226 3057 2318 3109 καὶ
2352 3055 2440 3108 διὰ
2468 3057 2565 3125 τῆς
2590 3053 2956 3125 πληθυντικῆς
2990 3054 3263 3124 σημασίας
3288 3053 3384 3124 τὴν
3402 3054 3561 3122 ἁγίαν
3591 3055 3798 3126 Τριάδα

549 3157 869 3229 imaginem;
913 3173 932 3206 ι
978 3166 1316 3220 numeroque
1352 3147 1717 3203 multitudinis
1761 3154 2116 3202 sacrosancta

2231 3148 2483 3218 δηλώσας
2507 3121 2644 3211 ,τούκ
2671 3121 2735 3200 ἀν
2753 3145 2851 3216 τῆς
2883 3121 3089 3209 εἰκόνος
3131 3121 3428 3217 μοναδικῶς
3456 3121 3798 3218 ἐπεμνήσθη,

547 3251 792 3306 Trinitas
834 3245 1104 3300 indicetur
1156 3261 1171 3296 :
1228 3256 1336 3296 non
1392 3231 1508 3295 erat
1565 3253 1792 3294 numero
1849 3238 2112 3308 singulari

2218 3240 2373 3312 εἰπερ
2389 3239 2652 3310 ἀνομοίως
2671 3239 2783 3308 ἔχοι
2809 3239 2945 3310 πρὸς
2960 3239 3161 3310 ἄλληλα
3175 3239 3244 3292 τὰ
3262 3241 3561 3309 ἀρχέτυπα.
3587 3241 3661 3293 Οὐ
3686 3240 3798 3312 γὰρ

547 3341 801 3412 imaginis
819 3335 1065 3392 facienda
1092 3333 1314 3398 mentio,
1341 3331 1606 3402 siquidem
1636 3330 1932 3386 dissimiles
1961 3340 2119 3386 erant

2225 3329 2283 3404 ἣν
2329 3334 2548 3387 δυνατὸν
2589 3333 2696 3385 τῶν
2735 3333 2980 3404 ἀλλήλοις
3030 3333 3103 3404 μὴ
3150 3334 3550 3402 συμϐαινόντων
3595 3336 3675 3396 εἰς
3726 3332 3798 3387 ἓν

547 3435 612 3487 ad
677 3445 908 3502 quorum
969 3426 1248 3496 exemplar
1312 3439 1378 3480 ea
1447 3422 1918 3478 conformabatur.
1971 3422 2116 3477 Fieri

547 3525 690 3579 enim
728 3522 1148 3591 haudquaquam
1183 3524 1417 3587 poterat,
1460 3525 1520 3570 ut
1561 3515 1857 3570 dissimiles
1911 3529 1975 3569 ac
2032 3514 2117 3568 di-

545 3615 690 3671 versi
734 3615 875 3669 inter
927 3628 987 3668 se
1027 3626 1132 3666 una
1173 3608 1472 3678 eademque
1524 3608 1761 3676 imagine
1813 3623 2117 3677 repracsen-

545 3715 794 3762 tarentur
819 3718 835 3758 :
864 3703 1109 3772 adeoque
1141 3701 1188 3757 si
1216 3707 1372 3755 erant
1403 3705 1614 3753 natura;
1638 3697 1890 3759 diversae,
1950 3698 2115 3751 etiam

547 3800 815 3870 imagines
874 3811 970 3853 eos
1009 3795 1096 3851 sui
1158 3795 1400 3850 diversas
1440 3790 1675 3846 condere
1725 3803 1946 3845 necesse
1991 3788 2113 3870 fuit,

546 3864 778 3961 quarum
814 3887 1070 3960 quaelibet
1105 3884 1401 3954 exemplari
1451 3898 1552 3938 suo
1586 3879 1958 3953 responderet.
2008 3864 2131 3935 Sed.

547 3998 672 4036 cum
731 3995 839 4036 una
894 3987 1103 4034 tantum
1157 3978 1332 4047 imago
1391 3977 1498 4040 sit,
1556 3989 1666 4029 non
1716 3989 1883 4027 unum
1933 3979 2114 4026 tamen

548 4074 710 4129 unius
767 4071 1022 4141 imaginis
1082 4069 1480 4138 archetypum:
1537 4065 1662 4136 quis
1717 4064 1854 4119 adeo
1915 4063 2115 4118 mentis

547 4167 704 4236 inops
733 4164 917 4230 fuerit,
953 4171 1009 4216 ut
1043 4161 1274 4232 ignoret,
1301 4174 1422 4229 qua:
1451 4157 1544 4212 uni
1578 4155 1864 4224 eidemque
1902 4155 1981 4208 rei
2041 4155 2116 4208 si-

545 4257 697 4312 milia
725 4263 875 4319 sunt,
916 4253 1104 4310 eadem
1139 4252 1281 4306 inter
1327 4265 1385 4305 se
1433 4262 1651 4320 quoque
1703 4246 1905 4301 similia
1953 4246 2119 4300 esse?

2219 3425 2600 3495 ἀναδειχθῆναι
2647 3424 2939 3495 ὁμοίωμα·
2986 3425 3102 3478 ἀλλ’
3151 3425 3201 3477 εἰ
3252 3425 3497 3494 διάφοροι
3544 3420 3679 3494 ἦσαν
3738 3427 3798 3476 αἰ

2219 3517 2429 3586 φύσεις,
2445 3515 2734 3586 διαφόρους
2761 3515 2976 3578 πάντως
2999 3517 3091 3568 καί⁴
3114 3515 3211 3573 τὰς
3237 3516 3444 3577 εἰκόνας
3474 3515 3650 3566 αὐτῶν
3716 3516 3797 3566 έν.

2225 3607 2521 3677 εστήσατο,
2573 3604 2671 3675 τὴν
2717 3603 3052 3674 κατάλληλον
3105 3605 3309 3676 ἑκάστῃ
3363 3605 3793 3674 δημιουργήσας.

2237 3695 2376 3749 Ἀλλ’
2408 3694 2598 3765 ἐπειδὴ
2631 3696 2728 3765 μία
2770 3695 2868 3765 μὲν
2897 3697 2930 3765 ὴ
2963 3694 3146 3754 εἰκὼν,
3187 3695 3286 3764 οὐχ
3321 3694 3378 3746 ἓν
3417 3695 3473 3747 δὲ
3501 3695 3560 3747 τὸ
3591 3695 3688 3763 τῆς
3720 3696 3799 3747 εἰ-

2223 3788 2376 3851 κόνος
2415 3787 2749 3857 ἀρχέτυπονο
2780 3787 2862 3850 τίς
2894 3787 3066 3850 οὕτως
3108 3787 3213 3854 ἔξω
3257 3787 3492 3849 διανοίας
3533 3788 3680 3839 ἐστὶν
3719 3787 3799 3848 ὡς

2225 3881 2463 3948 ἀγνοεῖν,
2494 3879 2576 3932 ὃτι
2609 3879 2677 3931 τὰ
2706 3878 2783 3949 τῷ
2807 3879 2886 3932 ἐνὶ
2913 3879 3241 3950 ὁμοιούμενα
3261 3920 3276 3943 ,
3307 3879 3399 3932 καὶ
3426 3878 3562 3949 πρὸς
3589 3878 3793 3948 ἄλληλα

2226 3971 2445 4034 πάντως
2474 3969 2674 4040 ὁμοίως
2708 3970 2855 4040 ἔχεις
2886 3969 2984 4022 Διά
3015 3970 3172 4023 τοῦτό
3214 3987 3375 4041 φησι,
3402 3971 3539 4040 τάχα
3566 3970 3664 4040 τὴν
3695 3987 3794 4023 κα-

2225 4062 2347 4114 κίαν
2392 4059 2592 4130 ταύτην
2621 4060 2678 4112 ὲν
2715 4063 2779 4131 τῇ
2812 4063 3120 4132 κατασκευῇ
3150 4061 3248 4130 τῆς
3278 4060 3619 4131 ἀνθρωπίνης
3648 4061 3794 4130 ζωῆς

2223 4155 2251 4206 ὁ
2283 4151 2438 4219 λόγος
2469 4149 2933 4220 ὑποτεμνόμενος,
2966 4170 2984 4203 ‹
3015 4153 3336 4223 Ποιήσωμεν
3357 4151 3638 4222 ἄνθρωπον
3675 4153 3798 4203 κατ’

2223 4246 2405 4297 εἰκόνα
2439 4241 2531 4293 καὶ
2566 4242 2822 4312 ὁμοίωσιν
2852 4243 3146 4314 ἡμετέραν.
3184 4262 3202 4294 ι

546 4348 754 4405 Idcirco
780 4348 862 4404 sic
894 4345 1152 4418 loquitur,
1189 4342 1439 4400 fortassis
1466 4349 1525 4396 ut
1550 4341 1603 4394 in
1634 4340 1750 4410 ipsa
1783 4337 2022 4394 hominis
2056 4340 2332 4394 creatione
2368 4353 2586 4408 pravam
2620 4335 2814 4388 horum
2855 4335 3101 4390 haeresim
3131 4335 3444 4405 praecideret
3478 4350 3491 4385 :
3532 4353 3550 4385 ι
3591 4332 3799 4390 Facia-

547 4452 668 4492 mus
694 4436 968 4492 hominem
989 4434 1056 4488 ad
1096 4433 1384 4503 imaginem
1422 4429 1948 4499 similitudinemquc
1973 4435 2243 4483 nostram.
2277 4445 2295 4478 ι

1137 4547 1364 4604 CAPUT
1405 4545 1516 4601 VII.

2751 4541 3148 4595 ΚΕΦΑΛΑΙΟΝ
3179 4540 3251 4595 Ζ’.

549 4639 896 4707 Quamobrem
927 4639 1086 4691 nullis
1104 4655 1134 4690 a
1153 4649 1344 4692 natura
1361 4640 1428 4691 sit
1459 4639 1624 4691 armis
1649 4637 1823 4702 homo,
1856 4637 2118 4706 nullisque

2225 4637 2323 4691 Διὰ
2351 4637 2404 4690 τί
2444 4635 2668 4705 γυμνὸς
2702 4634 2820 4688 τῶν
2844 4635 2910 4707 ἐκ
2941 4637 3179 4702 φύσεως
3206 4635 3408 4688 ὅπλων
3438 4650 3500 4688 τε
3521 4648 3617 4688 και
3654 4651 3797 4702 προ»

1010 4709 1312 4776 tegumentis
1347 4709 1655 4763 instructus.

615 4799 758 4867 Quid
793 4813 921 4853 vero
953 4798 1060 4853 sibi
1086 4799 1204 4852 vult
1229 4809 1408 4853 erecta
1443 4799 1495 4851 in
1532 4799 1749 4854 homine
1779 4798 1992 4868 ﬁgura?
2020 4805 2114 4852 aut

545 4905 644 4945 cur
672 4905 781 4945 non
819 4890 1033 4959 corpori
1053 4891 1211 4960 quasi
1243 4890 1546 4958 congenitae
1591 4897 1720 4944 sunt
1752 4890 1996 4958 quaedam
2046 4889 2112 4943 ad

546 4976 801 5031 tuendam
834 4977 996 5030 vitam
1030 4975 1352 5030 necessariae
1393 4975 1579 5030 vires?
1624 4976 1923 5044 imparatus
1980 4978 2116 5034 adeo

544 5069 613 5121 ah
663 5066 918 5122 omnibus
971 5074 1178 5122 natura:
1235 5066 1526 5137 praesidiis,
1575 5066 1830 5132 inermis,
1887 5085 2111 5139 pauper,

544 5158 786 5213 omnium
809 5159 873 5213 ad
900 5174 1059 5214 usum
1076 5159 1199 5214 vita:
1223 5160 1653 5214 necessariorum
1681 5175 1846 5230 egens
1876 5171 2109 5228 creatur,

545 5245 763 5317 dignior
819 5249 1330 5313 commiseratione,
1392 5250 1466 5302 uti
1527 5251 1746 5319 quidem
1797 5253 2112 5322 apparebat,

545 5349 708 5404 quam
739 5337 830 5406 qui
862 5337 1056 5394 beatus
1090 5341 1496 5406 prtedicaretur.
1529 5339 1644 5396 Non
1674 5356 1940 5398 cornuum
1995 5361 2115 5399 mu-

545 5424 752 5482 nitione
771 5435 1036 5490 armatus,
1073 5443 1180 5482 non
1213 5430 1474 5498 unguium
1505 5432 1776 5499 acumine,
1804 5447 1910 5486 non
1934 5433 2112 5487 denti-

544 5518 668 5582 bus,
703 5532 809 5572 non
854 5517 1091 5588 ungulis,
1116 5532 1223 5572 lton
1254 5517 1440 5572 aculeo
1482 5529 1765 5584 venenato,
1799 5519 2109 5589 cuiusmodi

629 5700 678 5731 “
717 5697 859 5756 Psal.
891 5711 1044 5764 xcnt,
1074 5698 1122 5755 9.

2591 4704 2994 4773 καλυμμάτων
3017 4709 3048 4758 ό
3082 4707 3410 4774 ἅνθρωπος.

2205 4812 2207 4814 ·
2305 4796 2460 4849 Ἀλλὰ
2492 4796 2543 4849 τί
2575 4795 2821 4866 βούλεται
2859 4797 2919 4848 τὸ
2953 4797 3044 4850 τοῦ
3086 4799 3360 4866 σχήματος
3396 4795 3610 4867 δρθιον;
3644 4797 3706 4847 Τί
3739 4797 3794 4847 δὲ

2221 4888 2341 4958 οὐχ).
2389 4889 2652 4958 συμφυεῖς
2695 4888 2830 4938 εἰσιν
2874 4887 2930 4939 αἰ
2966 4886 3101 4956 πρὸς
3137 4886 3229 4939 τὸν
3271 4886 3382 4957 βίον
3427 4887 3682 4955 δυνάμεις
3717 4886 3795 4954 τῷ

2224 4979 2433 5049 σώματι
2459 4997 2473 5045 ;
2499 4977 2632 5032 ἀλλά
2665 4977 2868 5047 γυμνὸς
2901 4978 2998 5046 μὲν
3043 4976 3150 5029 τῶν
3185 4978 3433 5046 φυσικῶν
3473 4979 3796 5044 σκεπασμά-

2224 5087 2347 5135 των,
2390 5070 2588 5133 ἄοπλος
2619 5069 2674 5122 δέ
2710 5086 2792 5131 τις
2823 5069 2916 5121 καὶ
2944 5068 3110 5137 πένης
3137 5071 3165 5121 6
3211 5068 3515 5138 ἄνθρωπος,
3547 5067 3642 5120 καὶ
3686 5067 3794 5119 τῶν

2221 5162 2354 5232 πρὸς
2402 5161 2498 5232 τὴν
2533 5161 2720 5232 χρείαν
2751 5160 2931 5230 ἐνδεὴς
2966 5161 3222 5214 ἀπάντων
3261 5160 3354 5212 ἐπὶ
3391 5160 3480 5212 τὸν
3512 5159 3624 5229 βίον
3655 5175 3797 5228 παρ-

2216 5254 2428 5320 άγεται,
2452 5252 2712 5306 ἐλεεῖσθαι
2737 5253 2931 5323 μᾶλλον
2951 5254 2984 5324 ἢ
3009 5253 3401 5324 μακαρίζεσθαι
3427 5251 3566 5305 κατὰ
3583 5249 3645 5303 τὸ
3669 5267 3800 5319 φαι-

2217 5342 2436 5410 νόμενον
2460 5341 2626 5406 άξιος,
2655 5343 2712 5394 ού
2743 5342 3034 5414 προϐολαῖς
3058 5343 3301 5414 κεράτων
3326 5339 3792 5408 καθωπλισμένος,

2216 5432 2314 5483 οὐκ
2347 5431 2552 5500 ὀνύχων
2602 5433 2806 5502 ἀκμαῖς
2829 5474 2843 5496 ,
2884 5435 2982 5504 ούχ
3008 5434 3231 5498 ὁπλαῖς,
3276 5434 3306 5504 ἢ
3343 5433 3570 5494 ὀδοῦσιν,
3605 5433 3638 5502 ἢ
3683 5448 3793 5481 τινι

2217 5521 2426 5592 κέντρῳ
2455 5522 2828 5593 θανατηφόρον
2855 5526 2930 5578 ἰὸν
2961 5528 3022 5578 ὲκ
3048 5525 3259 5594 φύσεως
3297 5525 3491 5594 ἔχοντι,
3520 5516 3605 5577 οἷα
3630 5517 3697 5592 δὴ
3729 5522 3797 5575 τὰ
