4106 6208
475 357 575 412 Nl

1702 362 1789 416 DE
1836 355 2114 416 "031lle
2174 354 2485 415 OPIFICIO.

3640 362 3736 419 ΜΞ

476 462 646 521 πολλὰ
670 465 779 520 τῶν
812 466 968 532 ζώων
990 467 1048 521 ὲν
1077 462 1289 532 ἑαυτοῖς
1321 468 1457 539 πρὸς
1477 468 1577 539 τὴν
1606 468 1714 521 τῶν
1749 467 2059 521 λυπούντων

2168 469 2327 523 rebus
2358 469 2627 523 instructa
2664 468 2920 538 pleraque
2958 468 3213 526 animalia
3260 472 3368 528 vim
3425 474 3733 533 lmdentium

477 558 687 630 ἄμυναν
706 559 993 629 κέκτηται·
1017 559 1078 612 οὑ
1099 562 1165 631 τῇ
1187 559 1294 614 τῶν
1314 560 1518 632 τριχῶν
1537 561 1797 643 περιϐολῇ
1812 561 1871 613 τὸ
1890 560 2054 630 σῶμαΔ

473 651 836 707 καλύπτεται·
871 652 1116 721 καίτοιγε
1146 653 1275 717 ἴσως
1306 653 1396 707 τὸν
1429 655 1509 717 εἰς
1542 653 1716 725 ἀρχὴν
1738 653 1847 705 τῶν
1877 652 2051 706 ἄλλων

470 743 951 815 προτεταγμένον,
981 743 1200 807 οίκείοις
1233 744 1418 807 ὅπλοις
1455 743 1561 796 ἔδει
1606 741 2052 814 περιπεφράχθαι

473 835 631 906 παρὰ
655 835 753 905 τῆς
778 832 1015 901 φύσεως,
1037 832 1112 897 ὡς
1142 832 1208 887 ἂν
1229 832 1304 905 μὴ
1328 834 1426 905 τῆς
1453 835 1579 905 παρ’
1611 834 1815 905 ἑτέρων
1836 835 2055 887 ἐπικου-

477 923 603 993 ρίας
640 922 777 993 πρὸς
804 921 902 993 τὴν
945 922 1081 974 ἰδίαν
1112 921 1410 990 ἀσφάλειαν
1447 922 1636 977 δέοιτο.
1664 923 1801 976 Νυνὶ
1832 921 1890 975 δὲ
1921 921 2055 975 λέων

479 1015 600 1084 μὲν,
641 1014 735 1068 καὶ
772 1012 898 1079 σῦς,
934 1013 1030 1067 καὶ
1080 1012 1259 1084 τίγρις
1282 1054 1296 1077 ,
1342 1013 1437 1066 καὶ
1463 1014 1728 1089 πάρδαλις
1749 1052 1764 1080 ,
1795 1013 1889 1068 καὶ
1919 1013 1975 1066 εἴ
2001 1030 2054 1068 τι

471 1104 721 1157 τοιοῦτον
754 1105 941 1173 ἕτερον
966 1143 981 1167 ,
1011 1103 1291 1175 ἀρκοῦσαν
1329 1102 1445 1175 ἔχει
1489 1102 1625 1174 πρὸς
1654 1103 1926 1174 σωτηρίαν
1956 1102 2056 1174 τὴν

474 1197 544 1249 ἐκ
571 1194 789 1266 φύσεως
832 1194 1083 1265 δύναμιν.
1127 1195 1237 1248 Καὶ
1272 1193 1350 1264 τῷ
1390 1194 1574 1265 ταύρῳ
1616 1195 1712 1265 μὲν
1756 1193 1817 1246 τὸ
1848 1194 2016 1265 κέρας
2039 1233 2053 1257 ,

474 1287 574 1340 καὶ
604 1286 682 1356 τῷ
709 1285 903 1355 λαγωῷ
932 1285 994 1337 τὸ
1018 1285 1213 1356 τάχος,
1254 1286 1349 1338 καὶ
1379 1287 1447 1356 τῇ
1481 1284 1700 1356 δορκάδι
1728 1284 1789 1337 τὸ
1826 1284 2055 1355 πήδημα

476 1378 572 1434 καὶ
599 1378 660 1431 τὸ
677 1377 797 1431 κατ’
828 1377 1104 1448 ὀφθαλμὸν
1123 1376 1382 1446 ἀσφαλὲς,
1415 1376 1509 1430 καὶ
1537 1376 1681 1448 ἄλλῳ
1706 1377 1815 1431 τινὶ
1847 1375 1971 1447 ζώῳ
1992 1377 2052 1429 τὺ

478 1464 737 1541 μέγεθος,
765 1471 860 1524 καὶ
888 1470 1095 1542 ἑτέροις
1122 1468 1500 1541 ἡπρονομαία,
1535 1470 1628 1523 καὶ
1654 1473 1764 1533 τοῖς
1790 1471 2056 1532 πετεινοῖς

472 1559 537 1615 τὸ
559 1562 775 1630 πτερὸν,
808 1561 901 1614 καὶ
929 1563 994 1631 τῇ
1025 1561 1253 1631 μελίσσῃ
1278 1560 1339 1614 τὸ
1365 1560 1608 1630 κέντρον,
1636 1560 1732 1614 καὶ
1763 1561 1898 1613 πᾶσι
1922 1558 2056 1611 πάν-

470 1672 582 1718 τως
606 1655 665 1708 ἓν
693 1672 745 1707 τι
776 1655 858 1717 εἰς
892 1654 1167 1726 σωτηρίαν
1193 1655 1345 1725 παρὰ
1383 1654 1485 1724 τῆς
1504 1654 1719 1724 φύσεως
1746 1653 2050 1722 ἐμπέφυκε·

477 1744 637 1815 μόνος
663 1744 721 1797 δὲ
751 1745 967 1798 πάντων
1004 1745 1033 1795 ὁ
1063 1743 1348 1815 ἄνθρωπος
1376 1744 1483 1797 τῶν
1520 1744 1617 1814 μὲν
1652 1742 2054 1815 ταχυδρομούν-

2163 574 2221 615 se
2252 559 2574 629 propulsare
2607 558 2877 624 videmus,
2904 574 2970 614 ne
2999 560 3121 629 pilis
3152 562 3370 632 quidem
3417 581 3617 637 corpus
3659 583 3730 625 te-

2163 653 2327 722 gitur.
2387 651 2456 705 At
2500 666 2628 707 vero
2654 667 2799 718 eum,
2846 667 2933 706 CUI
2976 652 3030 707 in
3072 669 3158 709 res
3189 664 3412 714 caeteras
3446 659 3732 730 imperium

2164 741 2568 808 destinabatur,
2592 743 2762 797 armis
2781 759 2811 797 a
2839 752 3031 797 natura
3062 747 3297 816 prepriis
3325 750 3591 806 tuunitum
3614 768 3735 809 esse

2164 833 2467 902 oportebat,
2499 849 2567 887 ne
2591 832 2658 887 ad
2712 834 2973 889 tuendum
2999 851 3119 892 sese
3159 852 3261 907 Ope
3301 840 3478 895 aliena
3530 855 3731 912 egeret.

2161 921 2280 977 Jam
2308 923 2413 986 leo,
2445 937 2595 993 aper,
2627 924 2807 995 tigris,
2851 926 3111 995 pardalis,
3154 937 3346 984 caetera
3404 936 3734 991 necessariis

2165 1027 2193 1066 a
2226 1021 2421 1067 natura
2461 1014 2670 1071 viribus
2698 1016 2763 1069 ad
2799 1017 3051 1071 tuendam
3075 1019 3304 1075 salutem
3333 1037 3488 1077 suam
3514 1026 3734 1097 egregie

2165 1102 2432 1158 instructa
2461 1111 2609 1160 sunt.
2636 1104 2818 1161 Tauro
2848 1122 3073 1175 cornua,
3107 1110 3275 1182 lepori
3330 1114 3600 1181 celeritas,
3637 1132 3727 1172 ca-

2162 1207 2306 1262 preae
2361 1195 2445 1249 vis
2498 1196 2747 1264 saliendi,
2800 1200 3193 1271 oculorumque
3238 1205 3591 1272 praestantia;
3640 1208 3734 1262 alii

2165 1284 2386 1338 animali
2412 1287 2746 1356 magnitudo,
2780 1289 2869 1343 alii
2904 1292 3188 1360 proboscis
3217 1310 3232 1360 ;
3272 1294 3588 1350 volucribus
3614 1297 3732 1354 alae.

2163 1374 2250 1443 api
2281 1376 2529 1440 aculeus,
2568 1387 2731 1448 atque
2764 1381 2899 1436 adeo
2935 1382 3191 1438 omnibus
3243 1383 3473 1454 aliquid,
3520 1401 3631 1456 quo
3676 1404 3736 1443 se

2162 1473 2513 1531 conservent,
2546 1477 2741 1523 natura
2779 1469 2971 1541 largita
3003 1479 3105 1528 est.
3141 1472 3302 1530 Solus
3338 1475 3499 1530 homo
3552 1479 3738 1546 perni-

2162 1554 2319 1610 cibus
2338 1557 2566 1623 tardior,
2601 1563 2939 1631 corpulentis
2963 1563 3162 1631 minor,
3210 1566 3290 1621 eis
3349 1582 3470 1637 qua:
3512 1569 3680 1623 armis
3704 1585 3734 1623 a

2162 1660 2359 1701 natura
2390 1647 2533 1705 datis
2560 1659 2672 1704 tuta
2705 1660 2853 1719 sunt,
2890 1654 3209 1710 imbecillior
3239 1665 3344 1713 est.
3394 1657 3497 1724 Qui
3548 1659 3733 1729 igitur,

2162 1737 2365 1791 dixerit
2388 1740 2612 1808 aliquis,
2649 1751 3077 1799 consentaneum
3100 1754 3216 1812 est,
3243 1748 3335 1804 tali
3363 1765 3545 1804 rerum
3581 1767 3737 1806 sum-

412 1882 420 1889 .
472 1853 583 1889 των
611 1837 928 1908 ἀργότερος,
959 1836 1066 1890 τῶν
1093 1836 1150 1889 δὲ
1184 1834 1671 1907 πολυσαρκούντων
1698 1834 2051 1907 βραχύτερος,

2168 1843 2300 1882 mam
2326 1829 2585 1901 obtigisse
2600 1832 2624 1885 ?
2639 1831 2749 1903 Ego
2769 1849 2900 1890 vero
2929 1835 3073 1889 haud
3097 1836 3394 1894 difﬁculter
3418 1842 3731 1905 ostendero.

474 1925 586 1979 τῶν
617 1926 675 1979 δὲ
696 1928 809 1988 τοῖς
851 1925 1153 1996 συμφύτοις
1186 1925 1374 1990 ὅπλοις
1400 1925 1821 1997 ὴσφαλισμένων
1850 1923 2055 1978 εὑαλω-

480 2016 718 2088 τότερος.
740 2017 849 2070 Καὶ
878 2016 1017 2081 πῶς,
1048 2017 1164 2087 ἐρεῖ
1185 2033 1289 2082 τις,
1317 2018 1346 2069 ὁ
1364 2016 1605 2081 τοιοῦτος
1627 2015 1727 2087 τὴν
1757 2014 1929 2088 ἀρχὴν
1956 2013 2058 2084 τὴν

484 2105 626 2159 κατὰ
649 2104 859 2159 πάντων
887 2103 1273 2175 κεκλήρωταις
1304 2103 1441 2156 Ἀλλ’
1472 2103 1623 2156 οὐδὲν
1647 2097 1802 2173 οἶμαι
1823 2101 2056 2172 χαλεπὸν

480 2196 682 2263 δεῖξαι,
733 2197 816 2249 ὅτι
864 2196 926 2249 τὸ
964 2195 1156 2249 δοκοῦν
1194 2194 1408 2260 ὲπιδεὲς
1453 2196 1553 2266 τῆς
1602 2194 1817 2263 φύσεως
1857 2193 2051 2265 ἡμῶν,

476 2289 698 2359 ἀφορμὴ
736 2289 872 2358 πρὸς
910 2288 970 2340 τὸ
1009 2289 1229 2358 κρατεῖν
1272 2285 1381 2340 τῶν
1418 2284 1744 2355 ὑποχειρίων
1791 2284 1959 2338 ἐστίν.
1990 2284 2054 2337 Εί

476 2379 586 2452 γάρ
623 2379 769 2433 οὕτω
798 2379 1082 2450 δυνάμεως
1130 2374 1276 2448 εἶχεν
1309 2378 1337 2430 ὁ
1376 2375 1663 2446 ἄνθρωπος
1692 2414 1706 2439 ,
1738 2374 1814 2438 ώς
1852 2377 1919 2446 τῇ
1953 2374 2052 2443 μὲν
2092 2386 2101 2397 ‘

474 2472 722 2543 ὠκύτητι
771 2470 1142 2542 παρατρέχειν
1171 2468 1264 2522 τὸν
1311 2467 1499 2531 ἵππον,
1547 2466 1808 2538 ἀτριπτον
1858 2465 1915 2518 δὲ
1951 2464 2056 2518 ὑπὸ

480 2561 836 2633 στερρότητος
865 2558 1007 2629 ἔχειν
1052 2556 1144 2611 τὸν
1174 2555 1329 2621 πόδα,
1380 2554 1576 2618 ὁπλαῖς
1620 2572 1761 2608 τισιν
1802 2554 1835 2625 ἢ
1870 2553 2062 2625 χηλαῖς

479 2651 841 2723 ἐρειδόμενον,
875 2649 1085 2721 κέρατα
1126 2647 1183 2702 δὲ
1228 2648 1323 2701 καὶ
1362 2647 1563 2720 κέντρα
1611 2646 1705 2699 καὶ
1746 2646 1945 2716 ὄνυχας
1999 2646 2058 2698 ὲν

478 2741 660 2810 ἑαυτῷ
699 2739 921 2810 φέρειν·
971 2738 1186 2810 πρῶτον
1225 2738 1326 2809 μὲν
1378 2736 1650 2809 θηριώδης
1706 2753 1791 2799 τις
1843 2737 1909 2790 ἂν
1954 2731 2022 2807 ἦν
2049 2775 2064 2800 ,

478 2834 576 2887 καὶ
623 2832 983 2903 δυσάντητος,
1034 2829 1289 2884 τοιούτων
1339 2829 1504 2904 αὑτοῦ
1552 2828 1630 2901 τῷ
1678 2828 1890 2900 σώματι
1925 2846 2062 2899 συμ-

479 2924 822 2995 πεφυκότων.
866 2924 1097 2976 Ἔπειτα
1132 2921 1188 2975 δὲ
1228 2921 1479 2992 παρεῖδεν
1507 2919 1572 2974 ἂν
1601 2918 1698 2991 τὴν
1746 2918 1855 2973 τῶν
1886 2918 2062 2974 ἄλλων

480 3014 654 3087 ἀρχὴν
677 3056 692 3079 ,
746 3014 897 3067 οὐδὲν
946 3012 1045 3084 τῆς
1094 3012 1383 3084 συνεργίας
1434 3011 1543 3065 τῶν
1581 3011 1908 3084 ὑποχειρίων
1946 3011 2062 3065 δεό-

484 3125 667 3179 μενος.
715 3107 854 3161 Νυνὶ
884 3107 943 3159 δὲ
987 3106 1174 3160 τούτου
1219 3105 1377 3177 χάριν
1420 3102 1504 3174 ἐφ’
1537 3104 1764 3158 ἕκαστον
1803 3105 1910 3158 τῶν
1956 3106 2059 3158 ὑπ·
2086 3135 2129 3192 C

481 3198 826 3271 εζευγμένων
847 3202 976 3271 ἡμῖν
1002 3201 1058 3252 αι
1097 3198 1190 3252 τοῦ
1216 3198 1329 3269 βίου
1356 3200 1536 3269 χρεῖαι
1565 3194 2056 3267 κατεμερίσθησαν,

479 3291 557 3354 ὼς
583 3291 886 3360 ἀναγκαίαν
912 3292 1086 3343 ποιεῖν
1111 3290 1209 3360 τὴν
1236 3287 1355 3342 κατ’
1389 3286 1612 3339 ἐκείνων
1644 3286 1837 3357 ἀρχήν.
1868 3285 1943 3337 Τὸ
1963 3284 2064 3356 μὲν

485 3381 655 3453 βραδὺ
689 3381 783 3435 τοῦ
820 3380 1071 3451 σώματος
1099 3378 1446 3451 δυσκίνητον,
1490 3378 1579 3431 τὸν
1611 3379 1774 3433 ἵππον
1808 3379 1873 3448 τῇ
1907 3374 2064 3448 χρείᾳ

487 3473 807 3546 προσήγαγέ
848 3490 906 3524 τε
951 3473 1043 3525 καὶ⁹
1092 3471 1416 3541 ὲδαμάσατο.
1510 3470 1575 3523 Ἦ
1622 3470 1679 3522 δὲ
1720 3469 1821 3537 τῆς
1864 3470 2065 3539 σαρκὸς

487 3566 761 3635 γυμνότης
788 3564 1095 3633 ἀναγκαίαν
1139 3564 1237 3633 τὴν
1280 3562 1388 3616 τῶν
1434 3562 1719 3635 προϐάτων
1744 3559 2065 3614 ἐπιστασίαν

491 3656 763 3725 ἐπτοίησεν,
794 3657 857 3708 ἐκ
891 3655 990 3724 τῆς
1024 3653 1239 3724 ὲτησίου
1273 3652 1380 3706 τῶν
1408 3653 1570 3724 ἐρίων
1601 3652 1771 3722 φορᾶς
1804 3651 1902 3720 τῆς
1928 3651 2066 3720 ἠμε-

490 3747 656 3817 τέρας
689 3745 899 3815 φύσεως
953 3740 1364 3816 ἀναπληροῦσαν
1414 3744 1475 3797 τὸ
1515 3742 1719 3796 λεῖπον.
1769 3741 1842 3794 Τὸ
1883 3740 1939 3793 δὲ
1968 3739 2066 3802 τὰς

488 3837 742 3908 ἀφορμάς
773 3839 906 3908 ἡμῖν
960 3837 1056 3899 τὰς
1087 3836 1220 3908 πρὸς
1251 3833 1491 3903 τὸν¹βίον
1516 3819 1691 3900 καὶέξ
1724 3832 1924 3903 ἐτέρων
1957 3832 2066 3883 είσ-

486 3929 739 3997 άγεσθαι,
782 3928 851 3980 τὰ
880 3927 1159 3998 ἀχθοφόρα
1187 3926 1295 3979 τῶν
1330 3925 1485 3990 ζώων
1514 3927 1635 3988 ταῖς
1663 3924 1937 3986 τοιαύταις
1966 3922 2068 3975 ὑπ-

488 4019 739 4091 ηρεσίαις
765 4019 1079 4084 ὑπέζευξεν.
1127 4018 1286 4071 Ἀλλὰ
1320 4018 1425 4089 μὴν
1449 4017 1511 4070 τὸ
1544 4017 1619 4088 μὴ
1652 4015 1911 4085 δύνασθαι
1945 4014 2066 4067 καθ’

486 4112 781 4184 ὁμοιότητα
825 4112 931 4164 τῶν
986 4110 1343 4181 βοσκημάτων
1391 4109 1716 4179 ποηφαγεῖν,
1759 4107 2069 4178 ὑποχείριον

487 4204 567 4276 τῷ
601 4204 703 4274 βίῳ
732 4203 824 4255 τὸν
852 4200 977 4272 βοῦν
1006 4200 1401 4272 ἀπειργάσατο,
1435 4201 1547 4262 τοῖς
1585 4197 1732 4261 ἰδίοις
1760 4196 1941 4261 πόνοις
1970 4196 2068 4267 τὴν

489 4295 637 4367 ζωὴν
663 4297 796 4367 ἡμῖν
821 4294 1269 4365 ὲξευμαρίζοντσ.
1307 4293 1457 4346 Ἐπεὶ
1485 4293 1543 4346 δὲ
1584 4291 1676 4345 καὶ
1719 4290 1944 4344 ὀδόντων
1977 4291 2070 4343 καλ⁵

490 4387 766 4458 δήγματος
787 4380 856 4457 ἦν
887 4385 1043 4456 χρεία
1067 4385 1201 4456 πρὸς
1226 4384 1287 4436 τὸ
1319 4379 1785 4451 καταγωνίζεσθαί
1811 4397 1930 4432 τινα
1963 4379 2069 4432 τῶν

2164 1919 2217 1973 id
2251 1920 2396 1988 quod
2423 1936 2453 1974 a
2482 1930 2679 1977 natura
2705 1924 2864 1980 nobis
2905 1925 3097 1982 deesse
3143 1928 3377 1993 videtur,
3417 1946 3581 1985 unam
3611 1947 3738 1989 esse

2162 2025 2387 2067 causam
2427 2013 2497 2069 ob
2531 2030 2694 2085 quam
2722 2025 2921 2072 caetera
2963 2027 3151 2074 nostra
3185 2020 3295 2076 sint
3337 2021 3394 2076 in
3441 2031 3732 2092 potestate.

2160 2100 2297 2155 Nam
2331 2102 2378 2157 si
2405 2117 2483 2158 eat:
2514 2103 2752 2160 hominis
2773 2107 2917 2161 vires
2962 2105 3163 2175 forent,
3204 2117 3265 2162 ut
3317 2125 3490 2181 equos
3533 2113 3734 2169 celeri-

2162 2201 2272 2251 tate
2311 2204 2687 2266 praecurreret,
2738 2212 2802 2253 ac
2838 2197 3003 2269 pedes
3049 2199 3274 2257 haberet
3314 2218 3378 2258 ea
3416 2202 3636 2271 duritie,
3679 2217 3737 2262 ut

2160 2286 2281 2341 laudi
2307 2303 2416 2343 non
2456 2295 2702 2360 possent,
2739 2288 2960 2359 ungulis
2991 2290 3249 2346 nimirum
3278 2293 3469 2349 solidis
3495 2296 3580 2351 vel
3603 2296 3734 2352 che-

2164 2375 2231 2432 lis
2257 2378 2542 2445 munitos;
2587 2386 2847 2449 praeterea
2887 2379 2991 2449 ipsi
3030 2395 3129 2436 nec
3162 2395 3368 2437 cornua
3415 2399 3516 2441 nec
3563 2388 3737 2443 aculei

2161 2481 2263 2521 nec
2300 2482 2510 2538 ungues
2540 2468 2836 2525 deessent:
2871 2470 3106 2540 primum
3143 2472 3363 2543 quidem
3395 2477 3738 2533 immanitate

2164 2555 2313 2612 ferus
2340 2574 2403 2613 ac
2428 2559 2669 2616 crudelis
2701 2568 2870 2629 esset,
2912 2563 3078 2619 rebus
3108 2563 3173 2617 ad
3228 2568 3587 2623 exercendam
3635 2584 3738 2626 sa:-

2163 2648 2349 2703 vitiam
2379 2652 2713 2720 comparatis
2742 2667 2774 2707 a
2814 2664 3008 2709 natura
3045 2654 3366 2714 instructus.
3401 2656 3606 2715 Deinde
3637 2660 3737 2714 im-

2163 2739 2371 2808 perium
2411 2740 2466 2794 in
2502 2755 2591 2796 res
2616 2749 2841 2798 caeteras
2876 2759 2983 2799 non
3022 2757 3368 2816 occupasset,
3399 2751 3619 2819 quando
3657 2752 3737 2807 eis

2162 2829 2325 2883 etiam
2356 2829 2585 2900 imperio
2623 2846 2724 2891 suo
2748 2833 3012 2903 subjectis
3046 2836 3249 2907 nullam
3293 2838 3361 2892 ad
3397 2854 3511 2895 rem
3558 2843 3739 2912 eguis—

2162 2927 2263 2976 set.
2302 2917 2458 2975 Nunc
2495 2921 2598 2977 hac
2619 2922 2737 2993 ipsa
2772 2924 2839 2980 de
2876 2940 3041 2981 causa
3086 2928 3297 2999 singula
3323 2932 3477 3001 quasi
3531 2935 3737 2990 manci-

2161 3013 2248 3081 pia
2289 3020 2475 3069 nostra
2504 3015 2750 3073 diversos
2777 3018 2845 3072 ad
2884 3034 3018 3074 usus
3038 3020 3162 3076 vitae
3208 3022 3626 3090 destinavimus,
3679 3036 3739 3080 ut.

2162 3104 2385 3161 omnino
2407 3105 2564 3165 nobis
2585 3122 2808 3164 necesse
2837 3110 2909 3165 sit
2931 3111 3062 3180 ipsis
3088 3126 3211 3167 cum
3237 3114 3465 3184 imperio
3481 3132 3733 3186 praeesse.

2165 3194 2351 3266 Itaque
2390 3212 2514 3253 cum
2537 3199 2607 3254 ob
2637 3202 2887 3270 corporis
2910 3202 3263 3273 exiguitatem
3306 3205 3426 3260 loco
3450 3221 3557 3262 non
3601 3211 3738 3265 satis

2165 3287 2377 3358 agiliter
2427 3305 2761 3359 moveamur,
2818 3308 3020 3363 equum
3078 3295 3287 3351 scilicet
3347 3296 3612 3354 domitum
3668 3303 3736 3356 ad

2168 3395 2325 3435 usum
2360 3389 2609 3436 nostrum
2639 3384 2957 3439 accivimus.
2994 3384 3251 3455 Corporis
3297 3389 3539 3455 auditas,
3578 3399 3638 3445 ut
3680 3391 3736 3445 in

2165 3487 2294 3527 oves
2347 3472 2631 3543 imperium
2673 3476 2986 3531 necessario
3048 3484 3475 3548 usurpat-emus,
3517 3480 3735 3536 eﬂ‘ecit:

2165 3553 2368 3632 quoex
2395 3564 2594 3622 annuis
2627 3580 2814 3621 earum
2862 3566 3027 3632 lanis,
3080 3568 3223 3638 quod
3281 3578 3489 3625 naturae
3540 3580 3743 3627 nostrae

2165 3653 2370 3722 deerat,
2406 3670 2765 3712 sumeremus.
2793 3656 2948 3722 Quod
2988 3658 3108 3713 aliis
3143 3674 3211 3714 ex
3241 3660 3557 3729 regionibus
3590 3678 3741 3732 qua:-

2166 3745 2291 3801 dam
2340 3745 2409 3801 ad
2457 3746 2621 3800 vitam
2652 3746 3029 3805 sustinendam
3089 3749 3322 3817 petenda
3376 3760 3582 3816 essent,
3612 3752 3741 3808 fecit

2166 3844 2227 3891 ut
2266 3836 2520 3891 animalia
2554 3852 2674 3907 quae
2696 3836 2931 3892 ferendis
2961 3840 3223 3895 oneribus
3249 3850 3455 3906 essent,
3495 3844 3550 3898 in
3596 3844 3740 3899 hunc

2170 3944 2327 3983 usum
2360 3928 2671 4000 subjugum
2707 3930 3067 3985 mitteremus.
3110 3931 3247 3997 Quia
3286 3948 3449 4003 porro
3469 3934 3583 3990 fieri
3630 3950 3741 3991 non

2170 4028 2382 4090 poterat
2414 4027 2474 4073 ut
2503 4020 2677 4075 instar
2709 4021 3042 4094 reliquorum
3078 4036 3337 4091 pecorum
3384 4025 3567 4081 herbis
3617 4042 3744 4097 gra-

2171 4107 2423 4179 mineque
2456 4124 2799 4165 vesceremur
2832 4128 2845 4165 :
2886 4109 3090 4167 idcirco
3132 4112 3323 4168 bovem
3360 4114 3515 4173 nobis
3553 4116 3736 4183 subje-

2170 4199 2366 4277 cimus,
2407 4215 2516 4270 quo
2555 4215 2651 4270 pro
2680 4202 2838 4258 nobis
2876 4202 3158 4258 laborante
3205 4202 3493 4269 confieret,
3537 4213 3596 4258 ut
3641 4222 3744 4260 nos

2166 4294 2406 4362 jucunde
2436 4292 2800 4363 facillimeque
2828 4294 3178 4364 agitaremus.
3213 4294 3479 4350 Dentibus
3506 4311 3569 4351 ac
3588 4312 3744 4371 mor-

2173 4400 2236 4439 su
2271 4383 2428 4438 nobis
2462 4398 2600 4454 opus
2628 4391 2745 4438 erat
2789 4383 2854 4436 ad
2893 4383 3253 4453 expugnanda
3285 4392 3482 4441 caetera
3532 4372 3741 4441 anima-

491 4477 668 4534 ἄλλων
696 4477 871 4541 ζώων,
901 4477 989 4531 διὰ
1014 4477 1110 4546 τῆς
1136 4475 1243 4528 τῶν
1276 4474 1501 4529 ὀδόντων
1536 4473 1759 4543 βλάϐης,
1795 4470 2065 4543 παρέσχεν

2173 4477 2265 4541 lia,
2287 4474 2516 4546 praebuit
2555 4474 2622 4529 ad
2663 4475 2807 4530 hunc
2841 4491 2996 4531 usum
3037 4475 3196 4530 nobis
3237 4477 3511 4532 maxillam
3568 4481 3744 4546 canis,

492 4571 525 4623 ὁ
555 4568 699 4624 κύων
726 4568 863 4639 μετὰ
885 4567 980 4621 τοῦ
1011 4567 1204 4636 τάχους
1228 4567 1326 4636 τὴν
1355 4565 1488 4618 ἰδίαν
1517 4563 1676 4632 γένυν
1704 4564 1768 4633 τῇ
1825 4560 2071 4631 ἡμετέρᾳ

494 4663 674 4735 χρεία,
703 4656 816 4715 οἷόν
858 4678 940 4725 τις
974 4659 1213 4730 ἔμψυχος
1245 4658 1488 4729 μάχαιρα
1519 4655 1597 4725 τῷ
1629 4654 1898 4726 ἀνθρώπῳ
1922 4653 2073 4722 γενό-

501 4771 678 4825 μενος.
732 4752 992 4825 Κεράτων
1035 4753 1091 4806 δὲ
1147 4750 1416 4824 προϐολῆς
1477 4749 1570 4824 καὶ
1628 4750 1836 4818 ὀνύχων
1886 4745 2071 4816 ἀκμῆς

504 4846 844 4919 ἰσχυρότερός
872 4862 933 4899 τε
962 4845 1056 4898 καὶ
1094 4842 1401 4915 τομώτερος
1440 4841 1780 4910 ἐπινενόηται
1828 4841 1938 4902 τοῖς
1980 4838 2072 4890 ἀν-

499 4935 735 5007 θρώποις
764 4938 792 4989 ὁ
819 4935 1054 5006 σίδηρος,
1079 4934 1178 4987 οὑκ
1204 4933 1292 4987 ἀεὶ
1319 4930 1687 5003 συμπεφυκὼς
1709 4930 1861 5001 ἡμῖν,
1884 4927 2069 4999 ὥσπερ

496 5030 608 5089 τοῖς
634 5026 849 5096 θηρίοις
876 5027 1079 5084 ἐκεῖνα,
1106 5024 1219 5077 ἀλλ’
1250 5024 1342 5077 ἐπὶ
1375 5021 1567 5093 καιροῦ
1596 5022 1981 5091 συμμαχήσας,
2009 5018 2071 5071 τὸ

495 5118 681 5173 λοιπὸν
712 5121 795 5187 ἐφ’
822 5117 1015 5171 ἑαυτοῦ
1048 5117 1217 5187 μένει.
1263 5116 1371 5169 Καὶ
1403 5115 1524 5169 dtv‘rl.
1550 5113 1648 5183 τῆς
1672 5112 1767 5165 τοῦ
1795 5110 2072 5182 κροκοδεί-

492 5210 590 5264 λου
640 5209 866 5278 φωλίδος
891 5247 906 5272 ,
962 5208 1078 5261 ἔστι
1137 5206 1234 5277 μὲν
1290 5205 1383 5259 καλ⁸
1435 5205 1596 5259 αὑτὸν
1648 5205 1854 5257 ἐκεῖνον
1900 5202 2072 5256 ιόπλον

495 5299 851 5372 ποιήσασθαι,
884 5299 1024 5354 κατὰ
1056 5297 1246 5370 καιρὸν
1272 5296 1370 5369 τὴν
1407 5296 1568 5368 δορὰν
1596 5293 1972 5365 περιθέμενον.
2008 5292 2073 5346 Εἰ

493 5393 551 5446 δὲ
579 5393 676 5464 μὴ.
706 5392 1098 5463 σχηματίζεται
1131 5391 1225 5443 καὶ
1252 5388 1385 5460 πρὸς
1412 5385 1570 5440 τοῦτο
1591 5385 1741 5458 παρὰ
1764 5383 1863 5454 τῆς
1884 5383 2076 5454 τέχνης

495 5486 527 5537 ὁ
560 5484 793 5554 σίδηρος,
823 5484 881 5547 ὃς
912 5482 1005 5536 ἐπὶ
1035 5480 1226 5553 καιροῦ
1261 5480 1394 5551 πρὸς
1420 5478 1510 5532 τὸν
1542 5475 1774 5546 πόλεμον
1804 5475 2080 5546 ὑπηρετή-

498 5593 621 5640 σας,
657 5576 816 5629 πάλιν
873 5575 1159 5648 ἐλεύθερον
1221 5571 1315 5626 τοῦ
1352 5570 1549 5641 ἄχθους
1598 5568 1686 5620 ἐπ’
1724 5565 1945 5637 εἰρήνης
1985 5564 2078 5619 τὸν

494 5666 1035 5740 ἁπλίτηνκατέλιπεν.
1074 5666 1367 5738 ’Υπηρετεῖ
1389 5664 1445 5717 δὲ
1468 5661 1545 5733 τῷ
1565 5661 1662 5732 βίῳ
1685 5661 1778 5716 καὶ
1804 5661 1864 5715 τὸ
1886 5659 2081 5731 πτερὸν

499 5763 612 5817 τῶν
642 5761 854 5832 ὀρνέων,
878 5765 954 5832 ὡς
991 5762 1126 5838 μηδὲ
1155 5757 1252 5815 τοῦ
1277 5752 1480 5826 πτηνοῦ
1516 5753 1710 5823 τάχους
1742 5751 1807 5842 δι’
1842 5750 2081 5815 ἐπινοίας

2177 4578 2338 4635 atque
2380 4566 2542 4647 etiam
2569 4565 2904 4621 velocitatem
2935 4581 3112 4628 suam,
3162 4572 3221 4620 ut
3258 4582 3366 4622 non
3397 4569 3633 4627 absurde
3668 4574 3750 4627 vi-

2177 4674 2277 4712 vus
2331 4655 2568 4712 hominis
2611 4655 2824 4726 gladius
2847 4656 2951 4711 dici
2987 4658 3180 4727 possit.
3212 4657 3493 4715 Cornuum
3532 4670 3585 4718 ct
3648 4680 3748 4718 un-

2175 4750 2359 4821 guium
2395 4748 2516 4804 loco
2544 4748 2689 4804 ferro
2720 4747 2981 4803 utendum
3000 4762 3123 4803 esse
3156 4748 3335 4817 potius
3358 4749 3607 4807 homines
3633 4754 3751 4806 ani-

2178 4839 2606 4901 madverterunt,
2648 4836 2790 4907 quod
2822 4837 2912 4891 illa
2945 4852 3070 4892 cum
3097 4836 3317 4901 duritie,
3350 4845 3464 4893 tum
3498 4844 3753 4900 acumine

2178 4931 2335 5002 longe
2368 4931 2553 4985 vincit.
2577 4927 2898 4998 Quanquam
2933 4927 3137 4983 ferrum
3183 4927 3430 4985 homines
3460 4946 3567 4984 non
3603 4947 3750 4987 sem-

2180 5036 2276 5092 per
2306 5026 2592 5089 usurpant,
2629 5018 2771 5073 sicut
2804 5017 2895 5071 illa
2930 5016 3059 5072 feris
3074 5032 3351 5086 nunquam
3386 5034 3493 5073 non
3529 5021 3751 5087 adsunt;

2181 5113 2274 5168 sed
2312 5112 2515 5165 utimur
2547 5125 2613 5166 eo
2647 5108 2941 5171 interdum,
2987 5123 3109 5162 eum
3143 5108 3217 5162 ita
3258 5124 3345 5164 res
3388 5112 3648 5181 postulat,
3686 5127 3754 5167 ac

2182 5203 2378 5258 deinde
2409 5201 2649 5256 vicissim
2688 5200 2997 5270 deponitur.
3066 5198 3174 5254 Pro
3201 5201 3462 5256 crocodili
3493 5216 3754 5272 squamea

2180 5305 2325 5357 cute,
2361 5294 2486 5349 licet
2510 5293 2580 5347 ab
2617 5291 2809 5348 eodem
2850 5299 3032 5361 petere
3071 5290 3217 5363 Quod
3278 5308 3377 5349 nos
3433 5294 3663 5359 muniat,
3703 5294 3755 5349 si

2181 5386 2432 5441 videlicet
2451 5393 2546 5439 aut
2566 5394 2801 5455 tergora,
2844 5392 2937 5438 aut
2970 5384 3171 5440 ferrum
3207 5376 3544 5441 ad’eumdem
3591 5399 3752 5439 usum

2183 5478 2586 5533 conformatum
2618 5475 2931 5531 induamus.
2965 5474 3080 5530 Hoc
3133 5476 3262 5532 belli
3312 5486 3551 5545 tempore
3605 5482 3756 5545 post-

2184 5586 2345 5642 quam
2408 5570 2562 5625 miles
2625 5568 2928 5637 usurpavit,
2970 5582 3103 5638 pace
3138 5560 3454 5630 constituta,
3510 5565 3755 5635 ejusdem

2189 5672 2354 5713 onere
2389 5673 2448 5713 se
2479 5657 2639 5713 levat.
2676 5657 2846 5711 Etiam
2872 5656 3051 5710 avium
3076 5669 3266 5723 pennae
3305 5652 3587 5710 hominum
3609 5670 3761 5712 com-

2193 5751 2369 5812 modis
2410 5751 2677 5821 serviunt,
2701 5748 2969 5805 efﬁciente
2995 5746 3276 5803 hominum
3315 5744 3598 5815 industria,
3619 5739 3764 5815 quod
