4106 6208
383 305 487 361 “3

1437 251 1444 260 ’
1545 289 1560 300 ⁸
1627 295 1681 351 s.
1716 290 2038 349 GREGORII
2073 294 2364 353 NYSSENI

3529 297 3630 350 ιιι

385 441 453 482 ne
475 422 710 478 volucris
737 419 954 489 quidem
986 417 1074 472 llla
1099 414 1391 488 pernicitas
1419 429 1446 469 a
1481 416 1636 472 nobis
1685 416 1957 472 desidere-

2064 423 2206 492 ἡμᾶς
2253 421 2658 476 ἀπολείπεσθαι.
2700 420 2781 473 Τὰ
2827 420 2924 490 μὲν
2958 419 3064 491 γάρ
3104 418 3162 486 ἐξ
3194 417 3373 472 αὐτῶν
3405 413 3632 470 τιθασσὰ

385 525 493 571 tur.
531 515 722 570 Avium
755 513 897 568 enim
933 510 1178 581 quaedam
1214 509 1369 564 facta:
1405 509 1640 574 cicures,
1685 508 1958 564 venatori-

386 607 488 662 bus
525 605 646 660 usui
680 613 806 659 sunt
838 620 852 669 ;
885 616 1070 657 earum
1114 615 1350 669 namque
1392 614 1555 670 Opera
1592 608 1818 654 caeteras
1864 613 1956 652 ca-

383 691 586 762 pimus.
615 690 755 756 Quin
783 697 836 744 et
869 689 1039 742 alatas
1079 688 1304 758 sagittas
1339 702 1428 742 ars
1453 688 1778 753 machinata,
1806 687 1957 741 volu-

383 795 531 834 crem
555 780 700 832 illam
723 778 1096 849 pernicitatem
1117 777 1182 830 ad
1207 791 1338 830 usus
1362 785 1580 840 nostros
1603 779 1656 830 in
1681 792 1810 832 arcu
1835 777 1958 830 imi-

388 879 497 925 tata
528 878 629 924 est.
657 868 810 936 Quod
834 876 1012 922 autem
1039 868 1238 937 plantae
1265 875 1466 922 nostra:
1487 867 1552 921 ad
1579 867 1772 920 itinera
1791 865 1958 936 perﬁo

383 965 574 1019 cienda
598 971 924 1034 comparata:
943 977 1049 1015 non
1071 969 1216 1024 sunt,
1241 961 1440 1032 quippe
1459 977 1578 1031 quae
1597 960 1851 1016 facillime
1875 961 1958 1016 la:-

385 1058 616 1111 dantur:
647 1056 880 1126 idipsum
907 1053 1054 1119 facit,
1092 1061 1150 1106 ut
1190 1053 1291 1107 hac
1327 1053 1488 1108 etiam
1517 1053 1570 1106 in
1595 1061 1746 1122 parte
1779 1067 1952 1106 reme-

381 1150 526 1204 dium
546 1162 872 1220 quzeramus,
892 1145 1226 1216 pedibusque
1243 1145 1442 1199 nostris
1461 1145 1671 1200 calceos
1686 1152 1952 1214 aptemus.

981 1256 1212 1313 CAPUT
1253 1255 1390 1310 Vlll.

385 1373 737 1440 Quamobrem
770 1381 911 1424 recta
943 1370 1010 1424 sit
1044 1370 1270 1422 hominis
1289 1369 1480 1440 ﬁgurq,
1529 1378 1633 1440 tum
1664 1366 1820 1440 etiam
1845 1383 1957 1440 mq-

454 1460 550 1497 nus
581 1444 837 1496 sermonis
863 1457 1026 1493 causa
1058 1440 1227 1506 [actus
1251 1454 1360 1492 esse
1387 1455 1403 1490 :
1425 1436 1662 1506 denique,
1680 1448 1727 1490 et
1753 1436 1816 1489 de
1837 1439 1955 1488 aui-

454 1530 658 1566 morum
686 1511 990 1565 discrimine
1019 1511 1323 1564 disseritur.

450 1627 795 1682 Conveniunt
827 1633 875 1679 et
911 1625 999 1677 illa
1019 1621 1355 1692 imperatori,
1381 1619 1649 1689 regiaeque
1671 1618 1955 1688 dignitatis

381 1717 582 1773 indicia
603 1723 749 1781 sunt,
769 1714 910 1783 quod
937 1720 1080 1766 recta
1104 1712 1308 1767 homini
1333 1709 1501 1780 ﬁgura
1520 1708 1719 1760 tributa
1739 1706 1829 1769 sit,
1847 1720 1952 1774 qua

381 1810 449 1865 ad
471 1809 668 1864 co-lum
691 1806 883 1870 tendit,
908 1820 970 1858 ac
991 1818 1209 1857 sursum
1236 1808 1463 1869 spectat.
1484 1797 1617 1851 Nam
1638 1796 1782 1867 quod
1806 1797 1956 1851 solus

380 1904 543 1958 homo
574 1901 714 1954 inter
748 1896 883 1954 alias
917 1910 1003 1950 res
1032 1901 1244 1949 creatas
1289 1891 1602 1961 hujusmodi
1624 1891 1715 1955 sit,
1736 1889 1960 1958 reliquis

380 1993 632 2048 omnibus
665 2002 892 2059 corpore
930 1985 1187 2041 deorsum
1227 1983 1615 2054 vergentibus:
1655 1981 1960 2036 clarissime

380 2085 752 2147 demonstrat,
794 2087 1001 2149 quanto
1041 2085 1278 2146 potestas
1319 2084 1524 2129 natura:
1562 2088 1728 2144 supra
1764 2081 1957 2127 caetera

379 2173 668 2229 eminentis
701 2170 1047 2240 praestantior
1080 2169 1186 2221 illis
1218 2167 1311 2232 sit,
1341 2181 1464 2236 qua:
1494 2181 1554 2220 se
1585 2164 1751 2234 hujus
1784 2165 1958 2233 impe-

379 2266 464 2320 rio
504 2264 854 2321 submittunt.
892 2260 1096 2316 Ho‘rum
1129 2258 1404 2313 anteriora
1431 2257 1680 2326 corporis
1712 2256 1958 2311 membra

382 2357 542 2426 pedes
570 2360 716 2426 sunt,
740 2353 885 2424 quod
913 2367 977 2407 ea
1005 2365 1124 2420 qua:
1153 2350 1408 2404 deorsum
1435 2355 1702 2418 spectant,
1736 2347 1959 2401 omnino

287 2465 292 2470 ‘
379 2447 614 2519 quodam
647 2445 804 2514 quasi
839 2443 1013 2498 fulcro
1045 2441 1376 2510 indigebant.
1414 2437 1471 2492 In
1506 2438 1744 2493 hominis
1774 2446 1954 2491 autem

377 2540 596 2612 opiﬁcio
623 2554 816 2593 manus
841 2538 1034 2592 horum
1062 2537 1181 2590 loco
1199 2541 1327 2590 sunt
1358 2536 1531 2588 factae.
1551 2532 1684 2586 Nam
1708 2532 1760 2585 in
1787 2531 1955 2602 ﬁgura

378 2641 559 2689 erecta
604 2647 771 2687 unum
812 2631 968 2701 quasi
1009 2629 1421 2684 fundamentum
1456 2626 1772 2690 sufﬁciebat,
1812 2624 1956 2695 quod

383 2735 614 2796 utroque
639 2725 774 2794 pede
803 2730 1035 2779 stantem
1066 2721 1292 2776 ﬁrmiter
1327 2719 1566 2774 fulciret.
1605 2719 1732 2772 Erat
1764 2728 1816 2774 et
1851 2733 1956 2773 cae-

380 2817 592 2891 teroqui
627 2831 886 2872 manuum
920 2829 1085 2885 opera
1116 2812 1183 2867 ad
1217 2812 1506 2882 eloquendi
1538 2813 1646 2866 vim
1680 2811 1960 2881 adjuvan-

379 2911 503 2964 dam
528 2907 859 2964 necessaria.
878 2905 1071 2975 Itaque
1097 2905 1142 2960 si
1165 2905 1287 2974 quis
1309 2904 1452 2958 dicat
1483 2912 1692 2957 natura:
1716 2902 1957 2972 loquenti

381 3015 576 3056 manus
595 2999 873 3056 sermonis
888 3012 1054 3053 causa
1079 3011 1201 3053 esse
1221 2995 1396 3061 datas,
1422 3011 1528 3049 non
1555 2997 1600 3049 is
1617 2994 1834 3064 quidem
1855 2997 1960 3063 pla-

2059 512 2285 579 γίνεται,
2313 511 2407 563 καὶ
2435 513 2682 581 συνεργεῖ
2711 512 2820 572 τοῖς
2849 508 3169 580 θηρεύουσι·
3211 507 3278 560 τὰ
3305 507 3363 560 δὲ
3390 505 3456 558 δι’
3488 507 3630 559 ὲκείυ

2057 623 2162 661 νων
2188 608 2305 669 ταῖς
2333 603 2543 676 χρείαις
2569 605 2726 674 ἡμῶν
2759 604 2825 657 δι’
2861 602 3104 666 ἐπινοίας
3133 601 3424 669 ὑπάγεται.
3473 599 3631 653 Ἀλλὰ

2058 697 2151 749 καὶ
2171 696 2494 767 πτερόεντας
2517 696 2645 765 ἡμῖν
2666 695 2790 758 τοὺς
2811 694 3023 757 ὀϊστοὺς
3047 696 3080 762 ἡ
3113 692 3278 762 τέχνη
3307 691 3371 743 δι’
3391 688 3632 750 ἐπινοίας

2059 788 2420 860 ποιησαμένη,
2451 788 2509 840 τὸ
2540 785 2740 855 πτηνὸν
2772 787 2932 856 τάχος
2960 787 3076 848 ταῖς
3103 782 3398 855 ἡμετέραις
3424 780 3633 851 χρείαις

2055 881 2145 935 διὰ
2171 881 2265 934 τοῦ
2289 881 2441 947 τόξου
2492 878 2791 951 χαρίζεται.
2844 877 2917 932 Τὸ
2945 876 3002 929 δὲ
3033 875 3290 937 εὐπαθεῖς
3323 873 3417 926 καὶ
3450 871 3632 942 εὐτρί-

2059 991 2222 1036 πτους
2250 976 2380 1043 ἡμῖν
2407 972 2542 1043 πρὸς
2563 971 2662 1040 τὴν
2685 971 2910 1040 πορείαν
2939 964 3078 1022 εἶναι
3107 966 3204 1030 τὰς
3237 967 3442 1037 βάσεις,
3469 966 3634 1031 ἀναγ-

2057 1066 2218 1118 καίαν
2252 1067 2394 1117 ποιεῖ
2421 1063 2516 1132 τὴν
2545 1064 2608 1115 ὲκ
2638 1061 2748 1115 τῶν
2774 1060 3098 1130 ὑποχειρίων
3123 1058 3429 1129 συνεργίαν.
3461 1057 3631 1108 Ἐκεῖ-

2058 1156 2146 1210 θεν
2180 1156 2288 1226 γάρ
2319 1157 2432 1208 ἐστι
2457 1156 2566 1218 τοῖς
2597 1153 2720 1206 ποσὶ
2753 1153 3116 1223 περιαρμόσαι
3141 1151 3206 1204 τὰ
3235 1148 3442 1201 πέδιλα.

2592 1267 2985 1320 ΚΕΦΑΛΑΙΟΝ
3022 1267 3102 1317 H'.

2058 1383 2158 1436 Διὰ
2186 1383 2244 1436 τί
2281 1383 2480 1447 ὄρθιον
2523 1382 2626 1436 τοῦ
2659 1381 2971 1448 ἀνθρώπου
3008 1379 3072 1448 τρ
3113 1375 3355 1448 σχῆμα,
3402 1373 3634 1448 κιιίμὸτι

2127 1453 2222 1506 διὰ
2250 1443 2356 1504 τῦν
2385 1454 2572 1520 λόγον
2597 1455 2656 1505 al
2684 1443 2896 1520 χεῖρες·
2927 1451 2995 1503 ἐν
3021 1443 3069 1515 ᾧ
3096 1443 3191 1513 τις(
3217 1443 3314 1499 καὶ
3347 1445 3476 1511 περὶ
3506 1443 3634 1496 δια-

2126 1520 2314 1590 φορᾶς
2339 1521 2556 1590 ψυχῶν
2582 1523 2927 1590 φιλοσοφία.
3002 1535 3004 1538 ·

2133 1633 2351 1703 Ὀρθιον
2392 1633 2450 1686 δὲ
2492 1633 2568 1704 τῷ
2600 1631 2869 1704 ἀνθρώπῳ
2910 1633 2969 1685 τὸ
3000 1631 3208 1701 σχῆμα,
3256 1627 3514 1699 καὶπρὸς
3540 1627 3633 1679 τὸν

2060 1719 2284 1790 οὐρανὸν
2313 1721 2685 1784 ἀνατείνεται,
2733 1722 2824 1774 καὶ
2860 1723 2970 1775 άνω
3006 1721 3209 1790 βλέπει.
3267 1718 3490 1790 Ἀρχικὰ
3539 1718 3635 1770 καὶ

2061 1811 2252 1872 ταῦτα,
2289 1813 2380 1866 κα)⁸
2405 1813 2503 1884 τὴν
2537 1813 2821 1884 βασιλικὴν
2850 1813 3004 1878 ἀξίαν
3041 1813 3513 1882 ἐπισημαίνονται.
3561 1807 3635 1861 Τὸ
3691 1836 3700 1842 -

2062 1901 2170 1973 γὰρ
2203 1903 2360 1973 μόνον
2387 1905 2442 1956 ὲν
2470 1907 2582 1967 τοῖς
2614 1901 2732 1958 οὖσι
2761 1905 2998 1957 τοιοῦτον
3029 1901 3166 1956 εἶναι
3201 1902 3289 1956 τὸν
3327 1899 3632 1971 ἄνθρωπον.

2059 1998 2172 2058 τοῖς
2201 1995 2254 2048 δὲ
2299 1997 2480 2060 ἄλλοις
2529 1997 2700 2050 ἅπασι
2745 1998 2880 2068 πρὸς
2913 1996 2972 2048 τὸ
3018 1996 3166 2049 κάτω
3211 1993 3519 2048 νενευκέναι
3565 1991 3635 2042 τά

2063 2085 2309 2157 σώματα,
2336 2088 2521 2156 σαφῶς
2541 2088 2776 2140 δείκνυσι
2802 2088 2899 2157 τὴν
2923 2087 3024 2156 τῆς
3053 2086 3207 2150 ἀξίας
3225 2083 3504 2154 διαφορὰν,
3526 2080 3635 2133 τῶν

2061 2197 2118 2233 τε
2147 2179 2563 2233 ὐποκυπτόντων
2583 2183 2647 2249 τῇ
2675 2179 2980 2250 δυναστεία,
3010 2179 3104 2232 καὶ
3133 2178 3229 2248 τῆς
3258 2178 3357 2230 ὐπε
3369 2172 3634 2246 ρανεστώο

2063 2289 2160 2342 σης
2194 2258 2385 2324 αὐτῶν.
2411 2272 2673 2336 ἐξουσίας.
2726 2272 2850 2334 Τοῖς
2883 2272 2980 2342 μὲν
3015 2270 3120 2341 γὰρ
3165 2270 3342 2331 ἄλλοις
3375 2268 3540 2321 ἅπασι
3567 2266 3635 2319 τά

2061 2363 2365 2435 ἔμπροσθεν
2396 2363 2545 2417 κῶλα
2571 2363 2663 2417 τοῦ
2697 2363 2946 2434 σώματος
2975 2363 3130 2425 πόδες
3159 2362 3282 2423 είσὶ,
3306 2361 3437 2414 διότι
3463 2359 3523 2412 τὸ
3548 2377 3637 2412 κε-

2062 2456 2231 2523 κυφὸς
2259 2455 2426 2508 ἐδεῖτο
2453 2456 2670 2519 πάντως
2709 2454 2802 2508 τοῦ
2835 2453 3205 2526 ὑπερείδοντος
3241 2469 3254 2482 ·
3307 2452 3400 2504 ἐπὶ
3439 2449 3493 2503 δὲ
3535 2449 3637 2517 τῆς

2059 2547 2152 2600 τοῦ
2186 2547 2476 2619 ἀνθρώπου
2505 2548 2848 2618 κατασκευῆς
2877 2550 3056 2617 χεῖρες
3083 2544 3152 2597 τά
3185 2543 3334 2597 κῶλα
3367 2541 3633 2611 ἐγένοντο.

2061 2637 2165 2691 Τοῦ
2211 2641 2318 2709 γὰρ
2369 2640 2552 2712 ὀρθίου
2604 2641 2882 2710 σχήματος
2928 2639 3207 2708 αὐτάρκης
3246 2633 3313 2707 ἦν
3359 2636 3495 2706 πρὸς
3538 2634 3636 2704 τὴν

2061 2731 2248 2802 χρείαν
2300 2732 2399 2802 μία
2449 2732 2640 2802 βάσις,
2684 2731 2888 2794 διπλοῖς
2931 2730 3088 2782 ποσὶν
3133 2731 3190 2782 ὲν
3223 2727 3490 2797 ἀσφαλείᾳ
3538 2724 3637 2795 τὴν

2063 2823 2252 2876 στάσιν
2286 2821 2584 2892 ὲρείδουσα.
2625 2820 2835 2881 ’Ἄλλως
2863 2819 2918 2872 δὲ
2948 2819 3040 2872 καὶ
3063 2821 3128 2890 τῇ
3160 2816 3252 2870 τοῦ
3287 2816 3444 2884 λόγου
3480 2815 3638 2886 χρείᾳ

2064 2919 2320 2986 συνεργός
2350 2917 2494 2967 ἐστιν
2517 2916 2548 2985 ἡ
2578 2914 2685 2967 τῶν
2713 2912 2908 2984 χειρῶν
2933 2911 3221 2982 ὑπουργία,
3261 2908 3367 2962 Καί
3403 2925 3482 2970 τις
3508 2907 3638 2961 [διον

2061 3009 2159 3078 τῆς
2190 3007 2416 3076 λογικῆς
2451 3007 2666 3075 φύσεως
2713 3006 2810 3076 τὴν
2848 3006 2954 3058 τῶν
2996 3003 3194 3075 χειρῶν
3229 3002 3530 3072 ὑπηρεσίαν
3560 2999 3639 3052 εί-

381 3111 448 3148 ne
484 3109 514 3148 a
558 3107 688 3148 vero
734 3090 1083 3148 aberraverit.
1125 3088 1183 3142 In
1219 3103 1328 3158 quo
1363 3103 1468 3142 non
1501 3089 1566 3141 ad
1595 3088 1706 3142 .hoc
1743 3095 1956 3140 tantum

2064 3098 2197 3160 πὼν,
2236 3099 2296 3150 οὐ
2334 3098 2426 3150 τοῦ
2471 3098 2671 3160 παντὸς
2716 3098 3115 3168 ἁμαρτήσεται,
3145 3097 3204 3148 οὐ
3237 3095 3395 3165 μόνον
3423 3093 3556 3163 πρὸς
3579 3091 3640 3143 τὸ

379 3187 561 3240 animo
590 3184 988 3256 respiciendum
1010 3192 1114 3245 est,
1135 3183 1277 3252 quod
1311 3183 1496 3235 venire
1526 3180 1699 3234 cuivis
1721 3181 1772 3234 in
1808 3195 1958 3233 men-

380 3289 485 3331 tem
522 3287 719 3348 potest,
743 3279 1001 3332 nimirum
1035 3277 1181 3345 quod
1217 3276 1416 3330 litteris
1446 3275 1681 3345 exprimi
1718 3289 1897 3329 sermo
1929 3289 1959 3326 a

380 3369 542 3424 nobis
570 3383 828 3422 manuum
861 3368 1082 3423 solertia
1105 3369 1243 3422 solet
1278 3385 1291 3422 :
1327 3383 1637 3437 quanquam
1658 3367 1759 3420 hoc
1780 3367 1957 3436 ipsum

379 3476 488 3516 non
523 3475 553 3513 a
588 3460 735 3516 nulla
769 3460 996 3514 rationis
1027 3461 1338 3530 praestantia
1376 3459 1680 3527 profectum
1717 3471 1823 3521 est,
1860 3459 1959 3514 ho-

380 3556 553 3608 mines
586 3567 682 3622 per
719 3552 929 3607 litteras
965 3553 1133 3621 loqui,
1184 3568 1247 3604 ac
1295 3567 1462 3620 prepe
1513 3551 1673 3604 modo
1725 3551 1959 3621 quodam

381 3642 633 3698 manibus
675 3642 818 3696 inter
861 3659 920 3697 se
963 3643 1252 3706 disserere,
1289 3642 1589 3696 litterarum
1626 3643 1771 3696 notis
1800 3657 1962 3696 voces

380 3736 528 3805 ipsas
556 3733 1161 3803 comprehendentibus.
1195 3733 1310 3804 Ego
1340 3749 1469 3788 vero
1495 3749 1619 3788 cum
1660 3749 1856 3788 manus
1907 3733 1960 3786 in

378 3824 736 3896 exprimendo
759 3839 1010 3881 sermone
1035 3825 1240 3896 aliquid
1281 3824 1476 3882 aﬁ'erre
1511 3826 1811 3897 adjumenti
1834 3827 1921 3880 aio
1945 3842 1958 3878 :

381 3917 525 3972 aliud
545 3917 722 3972 habeo
739 3932 846 3987 quo
865 3915 1177 3986 respiciam.
1203 3916 1260 3970 lu
1284 3917 1431 3986 quod
1458 3926 1748 3987 antequam
1786 3918 1965 3987 inqui-

382 4023 588 4074 ramus,
606 4008 735 4063 libet
763 4006 1021 4077 quiddam
1060 4006 1430 4073 considerare,
1446 4008 1589 4077 quod
1637 4008 1905 4062 omissum
1932 4025 1963 4063 a

380 4101 541 4158 nobis
553 4099 1028 4157 est.Parumenim
1048 4099 1222 4154 abfuit
1241 4101 1368 4169 quin
1388 4100 1506 4169 ejus
1524 4100 1677 4154 obliti
1695 4115 1961 4165 essemus,

381 4191 525 4260 quod
548 4189 602 4244 in
627 4189 818 4244 ordine
835 4203 1040 4254 rerum,
1063 4195 1122 4242 ut
1145 4203 1221 4243 ea:
1248 4189 1480 4243 conditae
1501 4197 1650 4254 sunt,
1675 4191 1960 4260 praecedit:

382 4278 748 4344 Quamobrem
789 4282 939 4350 prius
974 4295 1062 4334 res
1099 4294 1130 4334 e
1163 4288 1303 4335 terra
1341 4289 1630 4336 nascentes
1668 4283 1966 4351 pullulasse

381 4375 654 4439 dicantur,
681 4374 878 4430 deinde
904 4384 1020 4428 orta
1061 4390 1185 4431 esse
1220 4375 1478 4431 animalia
1510 4376 1741 4432 rationis
1767 4391 1962 4447 exper-

381 4469 490 4522 tia:
511 4467 737 4534 locoque
767 4467 983 4521 demum
1014 4468 1197 4532 tertio,
1218 4469 1417 4524 creatis
1434 4469 1541 4530 his,
1559 4469 1833 4525 hominem
1855 4471 1963 4540 pri-

383 4570 532 4610 mum
555 4555 854 4610 exstitisse.
877 4556 1132 4612 Fortasse
1161 4557 1227 4612 de
1252 4559 1354 4613 hoc
1385 4575 1492 4614 non
1522 4560 1574 4614 id
1602 4561 1778 4618 solum
1810 4562 1964 4617 intel-

384 4646 478 4716 ligi
523 4653 726 4714 potest,
769 4645 912 4714 quod
962 4647 1136 4702 cuivis
1163 4649 1417 4716 colligere
1452 4652 1594 4715 licet,
1633 4653 1806 4708 visum
1843 4669 1967 4708 esse

385 4733 633 4788 Creatori
677 4733 830 4797 utile,
878 4743 936 4787 ut
968 4734 1036 4788 ad
1074 4738 1392 4792 animalium
1428 4747 1641 4809 pastum
1680 4743 1876 4799 herbas
1905 4758 1969 4798 ac

386 4825 634 4894 gramina
664 4825 940 4888 conderet,
967 4825 1221 4880 animalia
1259 4843 1386 4882 vero
1409 4831 1472 4881 ad
1496 4832 1733 4887 hominis
1759 4851 1916 4888 usum
1952 4852 1964 4889 :

390 4914 596 4969 idcirco
638 4923 762 4969 ante
789 4915 1105 4970 animalium
1139 4932 1348 4987 greges,
1391 4920 1704 4974 eorumdem
1741 4923 1970 4978 alimen-

385 5016 504 5060 tum
532 5025 544 5059 :
573 5017 628 5062 et
653 5023 775 5076 quae
806 5008 1044 5063 hominis
1074 5012 1193 5066 vitae
1217 5013 1488 5067 servitura
1521 5023 1696 5078 erant,
1726 5025 1851 5069 ante
1872 5017 1969 5070 ho-

392 5098 591 5152 minem
615 5100 907 5156 exstitisse.
934 5102 1047 5172 Ego
1072 5103 1152 5158 sic
1171 5113 1371 5168 statuo,
1397 5105 1582 5161 Mosen
1620 5109 1674 5162 in
1701 5107 1788 5163 his
1812 5111 1970 5178 quid-

392 5192 517 5245 dam
546 5191 843 5248 tradidisse
874 5194 1102 5250 arduum
1130 5215 1142 5250 :
1187 5205 1238 5251 et
1268 5199 1446 5254 verbis
1482 5201 1700 5256 arcanis
1730 5201 1962 5271 philoso-

396 5283 600 5352 phiam,
623 5299 744 5353 qua:
772 5293 855 5340 est
881 5285 947 5340 de
966 5287 1168 5353 animo,
1199 5297 1560 5359 pertraclasse
1581 5311 1594 5346 :
1617 5293 1966 5349 informalam

392 5375 542 5430 illam
569 5376 786 5447 quidem
811 5377 972 5432 etiam
999 5381 1066 5433 ab
1090 5380 1176 5445 iis,
1204 5383 1297 5451 qui
1325 5383 1377 5436 in
1405 5384 1576 5440 electo
1596 5385 1691 5442 Dei
1725 5386 1776 5440 in
1809 5388 1972 5442 terris

393 5477 541 5524 coetu
567 5471 946 5540 comprehensi
981 5489 1088 5528 non
1123 5474 1364 5540 fuerunt,
1393 5477 1703 5546 magistris:
1735 5481 1828 5535 sed
1857 5495 1973 5550 pro-

388 5557 540 5615 fecto
571 5562 825 5619 obscure.
873 5562 949 5619 De
991 5564 1076 5620 his
1113 5566 1257 5620 enim
1291 5567 1472 5623 verbis
1523 5569 1828 5641 intelligere
1856 5578 1968 5634 est,

393 5651 613 5706 vivendi
641 5655 748 5708 vim
779 5656 1053 5728 animique
1085 5657 1392 5713 facultatem
1427 5661 1691 5730 triplicem
1726 5671 1970 5717 statuen-

386 5739 519 5796 dam
547 5758 690 5813 esse;
721 5747 911 5804 harum
935 5749 1164 5822 primam
1191 5765 1312 5808 esse
1330 5752 1504 5822 illam,
1524 5769 1628 5824 qua
1648 5769 1737 5810 res
1766 5763 1974 5810 tantum

2063 3189 2239 3242 κοινὸν
2266 3189 2423 3242 τοῦτο
2445 3190 2538 3242 καὶ
2565 3189 2850 3258 πρόχειρον
2877 3187 3192 3257 ἀποτρέχων
3214 3188 3278 3256 τῇ
3308 3185 3535 3252 διανοίᾳ,
3559 3182 3640 3236 ὅτι

2061 3281 2351 3352 γράμμασι
2379 3280 2470 3333 τὸν
2509 3280 2662 3348 λόγον
2691 3280 2778 3333 διὰ
2805 3280 2900 3350 τῆς
2940 3279 3049 3332 τῶν
3078 3277 3273 3350 χειρῶν
3300 3277 3527 3346 εὐφυΐας
3553 3277 3640 3328 έν-

2065 3369 2444 3441 σημαινόμεθα
2471 3369 2604 3439 (ἔστι
2637 3369 2734 3439 μὲν
2762 3368 2870 3438 γάρ
2895 3369 3014 3422 οὐδὲ
3040 3367 3199 3421 τοῦτο
3231 3367 3453 3437 λογικῆς
3479 3367 3638 3438 χάρι-

2062 3481 2152 3526 τος
2179 3464 2425 3534 ἄμοιρον,
2467 3463 2527 3516 τὸ
2579 3463 2909 3533 φθέγγεσθαι
2957 3465 3042 3517 διά
3078 3463 3421 3534 γραμμάτων
3468 3463 3637 3532 ἡμᾶς,

2063 3554 2156 3606 καὶ
2203 3554 2401 3624 τρόπον
2446 3553 2566 3607 τινὰ
2597 3554 2685 3607 διὰ
2731 3555 2912 3624 χειρὸς
2956 3553 3335 3621 διαλέγεσθαι,
3390 3556 3501 3616 τοῖς
3532 3552 3640 3606 τῶν

2065 3648 2340 3718 στοιχείων
2369 3648 2711 3719 χαρακτῆρσι
2740 3647 2837 3710 τὰς
2873 3647 3053 3714 φωνὰς
3072 3645 3452 3715 διασώζοντας)
3475 3662 3488 3674 °
3527 3644 3641 3697 ἀλλ’

2063 3739 2173 3806 ἐγὼ
2200 3739 2334 3810 πρὸς
2360 3741 2545 3809 ἓτερον
2577 3739 2808 3806 βλέπων,
2845 3741 3124 3808 συνεργεῖν
3153 3755 3295 3808 φημι
3326 3735 3420 3798 τὰς
3455 3739 3641 3805 χεῖρας

2061 3835 2128 3903 τῇ
2164 3833 2467 3902 ὲκφωνήσει
2498 3830 2590 3884 τοῦ
2618 3831 2774 3899 λόγου
2797 3850 2808 3860 ·
2853 3831 3052 3901 μᾶλλον
3111 3832 3166 3883 δὲ
3203 3831 3331 3902 πρὶν
3365 3829 3491 3897 περὶ
3519 3828 3642 3880 τού-

2062 3941 2170 3977 των
2198 3921 2521 3987 διεξετάσαι,
2554 3923 2642 3975 τὸν
2675 3924 2978 3993 παρεθέντα
3009 3923 3166 3990 λόγον
3201 3923 3640 3989 κατανοήσωμεν.

2064 4013 2277 4086 Μικροῦ
2307 4014 2415 4084 γὰρ
2446 4015 2590 4083 ἡμᾶς
2623 4014 2683 4066 τὸ
2710 4013 2848 4066 κατὰ
2883 4014 2984 4084 τὴν
3011 4014 3172 4079 τάξιν
3199 4013 3309 4065 τῶν
3342 4012 3644 4080 γεγονότων

2063 4105 2305 4158 διέλαθεν
2332 4123 2344 4136 ⁸
2392 4107 2536 4169 τίνος
2564 4107 2723 4176 χάριν
2754 4093 3081 4178 προηγεῖται
3114 4107 3210 4176 μὲν
3241 4109 3272 4176 ἡ
3310 4107 3510 4177 βλάστη
3537 4105 3646 4158 τῶν

2065 4197 2130 4249 ἐκ
2168 4196 2266 4267 τῆς
2307 4197 2409 4266 γῆς
2459 4199 2739 4265 φυομένων
2760 4238 2774 4260 ,
2825 4198 3125 4266 ἐπιγίνεται
3155 4199 3209 4251 δὲ
3244 4199 3310 4252 τὰ
3341 4199 3508 4266 ἄλογα
3537 4197 3645 4251 τῶν

2067 4285 2221 4351 ζώων
2241 4330 2255 4352 ,
2299 4290 2392 4342 καὶ
2421 4287 2563 4341 οὕτω
2597 4289 2735 4358 μετὰ
2761 4288 2858 4360 τὴν
2895 4289 3237 4360 κατασκευὴν
3268 4289 3470 4342 τούτων
3496 4291 3522 4341 ό
3548 4290 3644 4343 ἄν·

2069 4379 2303 4450 Θρωπος.
2355 4381 2508 4451 Τάχα
2549 4381 2656 4452 γὰρ
2701 4383 2762 4434 οὐ
2815 4383 2972 4451 μόνον
3015 4382 3076 4433 τὸ
3123 4383 3184 4435 ἐκ
3225 4381 3319 4434 τοῦ
3355 4383 3643 4452 προχείρου

2068 4473 2354 4543 νοούμενον
2377 4472 2461 4526 διὰ
2492 4473 2679 4526 τούτου
2714 4472 3074 4542 μανθάνομεν,
3099 4475 3179 4526 ὅτι
3209 4474 3316 4525 τῶν
3340 4472 3492 4536 ζώων
3527 4474 3644 4525 ἓνε-

2069 4584 2161 4620 κεν
2191 4567 2223 4637 ἠ
2271 4566 2378 4619 πόα
2415 4567 2683 4636 χρήσιμος
2725 4565 2894 4636 ἐφάνη
2937 4565 3012 4635 τῷ
3043 4567 3309 4630 κτίσαντι,
3344 4565 3432 4619 διὰ
3469 4565 3524 4617 δὲ
3558 4565 3647 4616 τὸν

2068 4657 2351 4729 ἄνθρωπον
2377 4659 2444 4710 τὰ
2470 4656 2633 4727 βοτά·
2673 4650 2732 4709 οὗ
2766 4657 2924 4728 χάριν
2959 4657 3062 4728 πρὸ
3094 4659 3190 4727 μὲν
3222 4658 3327 4709 τῶν
3365 4656 3647 4726 βοσκημά-

2068 4767 2197 4814 των,
2239 4751 2463 4804 ἐκείνων
2517 4750 2710 4820 τροφὴ,
2749 4749 2852 4821 πρὸ
2882 4749 2937 4801 δὲ
2978 4749 3070 4802 τοῦ
3098 4749 3385 4820 ἀνθρώπου
3426 4749 3487 4800 τὸ
3547 4749 3649 4799 ὐπ-

2069 4842 2282 4911 ηρετεῖν
2317 4839 2508 4911 μέλλον
2535 4841 2599 4909 τῇ
2635 4838 2946 4910 ἀνθρωπίνῃ
2988 4839 3121 4909 ζωῇ.
3172 4838 3310 4890 Ἀλλ’
3354 4839 3476 4907 ἐμοὶ
3505 4837 3653 4890 δοκεῖ

2080 4934 2259 5003 δόγμα
2299 4951 2352 4985 τι
2383 4933 2492 4986 τῶν
2525 4933 2923 5004 κεκρυμμένων
2955 4930 3298 5002 παραδηλοῦν
3329 4930 3416 4984 διὰ
3445 4929 3648 4984 τούτων

2069 5025 2098 5076 ὁ
2133 5027 2393 5096 Μωῦσῆς,
2423 5025 2518 5080 καὶ
2540 5027 2638 5095 τὴν
2666 5042 2731 5077 πε
2743 5025 2793 5094 pi.
2817 5023 2992 5094 ψυχῆς
3025 5023 3340 5094 φιλοσοφίαν
3367 5021 3432 5076 δι’
3473 5023 3647 5092 ἀπορ-

2073 5117 2251 5187 ρήτων
2280 5116 2651 5187 παραδιδόναι,
2682 5117 2748 5185 ἢν
2777 5115 3084 5186 ἐφαντάσθη
3121 5115 3218 5184 μὲν
3251 5117 3343 5167 καὶ
3377 5117 3410 5184 ἡ
3450 5113 3648 5178 ἔξωθεν

2071 5205 2380 5270 παίδευσις,
2429 5207 2489 5259 οὐ
2539 5207 2644 5276 μὴν
2693 5206 2977 5277 τηλαυγῶς
3027 5205 3342 5276 κατενόησε.
3399 5205 3648 5258 Διδάσκει

2072 5298 2179 5370 γὰρ
2210 5299 2355 5368 ἡμᾶς
2385 5298 2473 5351 διὰ
2499 5299 2702 5352 τούτων
2728 5301 2756 5352 ό
2782 5299 2957 5366 λόγος,
2989 5300 3218 5370 ὲν-τρισὶ
3245 5299 3528 5368 διαφοραῖς
3551 5298 3651 5367 τὴν

2073 5390 2304 5461 ζωτικὴν
2326 5391 2417 5444 καὶ
2441 5391 2674 5461 ψυχικὴν
2697 5391 2922 5461 δύναμιν
2950 5391 3290 5462 θεωρεῖσθιι.
3333 5392 3396 5444 Ἦ
3422 5391 3519 5461 μὲν
3543 5391 3651 5458 γάρ

2072 5483 2156 5546 τίς
2184 5484 2331 5535 ἐστιν
2363 5481 2628 5552 αὐξητική
2655 5499 2714 5534 τε
2737 5483 2895 5554 μόνον
2922 5483 3016 5536 καὶ
3047 5481 3336 5554 θρεπτικὴ,
3363 5481 3422 5534 τὸ
3448 5481 3651 5535 κατάλ-

2072 5574 2230 5645 ληλον
2252 5576 2332 5639 είς
2360 5574 2674 5645 προσθήκην
2699 5575 2807 5628 τῶν
2837 5575 3186 5646 τρεφομένων
3215 5575 3582 5646 προσάγουσα,
3616 5573 3654 5642 ἦ

2075 5668 2279 5740 φυσικὴ
2311 5668 2548 5737 λέγεται,
2582 5669 2677 5722 καὶ
2714 5671 2841 5740 περὶ
2869 5669 2938 5723 τὰ
2980 5672 3121 5740 φυτὰ
3147 5671 3449 5741 θεωρεῖται.
3495 5670 3654 5722 Ἐστι

2086 5759 2194 5832 γὰρ
2222 5761 2313 5814 καὶ
2352 5762 2410 5814 ἐν
2439 5763 2549 5825 τοῖς
2574 5762 2860 5834 φυομένοις
2890 5763 3124 5834 ζωτικὴν
3154 5781 3271 5816 τινα
3309 5763 3534 5832 δύναμιν
3567 5760 3652 5814 αἶ’-
