4106 6208
429 341 531 395 H5

1714 346 1802 401 DE
1848 345 2128 403 HOMINIS
2179 345 2488 404 OPIFIGIO.

3584 352 3687 409 146

426 472 664 543 eseam;
685 470 912 542 ἄμοιρον
942 473 1296 543 κατανοῆσαι.
1320 474 1545 546 Ἕτερον
1573 476 1630 530 δὲ
1662 478 1813 548 παρὰ
1843 477 1997 534 τοῦτο

2105 480 2318 533 alantur
2342 486 2395 535 et
2418 487 2763 547 accrescant,
2785 479 3147 538 attrahentem
3171 482 3561 539 nutrimentum
3588 499 3687 538 na-

422 563 567 633 ζωῆς
596 559 735 627 εἶδός
773 565 945 629 ἐστιν,
984 564 1016 631 6
1046 566 1138 618 xc).
1168 564 1328 619 τοῦτο
1361 566 1497 638 ἔχει,
1530 568 1623 623 καὶ
1662 570 1725 622 τὸ
1758 574 1877 625 κατ’
1911 570 1996 624 αἰ-

420 654 614 725 οθησιν
655 654 1010 725 οἰκονομῆσαι
1046 644 1429 728 στροσείληφεν,
1476 660 1613 731 ὅπερ
1653 664 1712 715 ἐν
1744 665 1809 732 τῇ
1842 662 2002 732 φύσει

417 745 527 797 τῶν
554 745 764 813 ἀλόγων
800 746 967 800 ἐστίν.
1001 747 1074 799 Οὐ
1101 747 1212 818 γὰρ
1246 748 1405 818 μόνον
1428 750 1685 822 τρέφεται
1720 753 1812 805 καὶ
1839 752 1999 820 αὔξε-

418 851 529 897 ται,
561 835 696 888 ἀλλὰ
730 836 826 889 καὶ
853 835 952 906 τὴν
981 836 1303 909 αἰσθητικὴν
1329 840 1612 912 ἐνέργειαν
1642 860 1703 896 τε
1735 845 1830 896 καὶ
1857 845 2002 898 ἀντί-

418 927 580 997 ληψιν
626 927 760 997 ἔχει.
815 926 881 983 Ἦ
908 930 964 983 δὲ
993 929 1175 984 τελεία
1216 934 1273 984 ὲν
1310 931 1524 1003 σώματι
1556 933 1669 1005 Qui]
1704 935 1763 988 ὲν
1805 938 1871 1007 τῇ
1905 935 1997 989 λο-

415 1022 570 1089 γικῇ,
602 1021 668 1090 τῇ
700 1018 1017 1091 ἀνθρωπίνῃ
1050 1021 1212 1090 λέγω,
1248 1021 1551 1093 καθορᾶται
1584 1024 1763 1093 φύσει,
1802 1042 1999 1096 τρεφο-

418 1111 559 1179 μένη
597 1129 659 1163 τε
700 1112 793 1165 καὶ
827 1112 1216 1185 αἰσθανομένη,
1246 1116 1339 1168 καὶ⁹
1364 1115 1522 1183 λόγου
1558 1116 1878 1187 μετέχουσα,
1888 1118 1999 1193 ’καὶ

416 1201 495 1274 νῷ
515 1202 880 1273 διοικουμένη.
918 1204 1131 1258 Γένοιτο
1162 1206 1206 1258 δ’
1232 1206 1298 1260 ἂν
1331 1208 1461 1277 ἡμῖν
1491 1208 1709 1278 τοιαύτη
1738 1226 1820 1273 τις
1846 1210 1878 1280 ἡ
1903 1209 1996 1263 τοῦ

416 1293 578 1362 λόγου
612 1294 892 1364 διαίρεσις·
943 1296 1061 1349 Τῶν
1094 1296 1262 1351 όντων
1288 1298 1350 1350 τὸ
1382 1298 1480 1369 μέν
1506 1316 1556 1352 τι
1593 1299 1803 1368 νοητὸν,
1835 1300 1898 1352 τὸ
1939 1299 1996 1353 δὲ

419 1386 731 1457 σωματικὸν
774 1388 990 1450 πάντως
1038 1388 1205 1442 ἐστίν.
1282 1390 1440 1442 Ἀλλὰ
1489 1389 1581 1444 τοῦ
1647 1392 1743 1461 μὲν
1801 1389 1992 1462 νοητοῦ

413 1477 698 1548 παρείσθω
720 1478 814 1533 νῦν
857 1481 890 1549 ἡ
927 1479 1064 1551 πρὸς
1094 1479 1161 1533 τὰ
1190 1481 1368 1535 οἰκεῖα
1396 1483 1533 1553 τομή
1566 1496 1579 1509 ·
1626 1482 1687 1535 οὐ
1721 1480 1831 1553 γὰρ
1870 1480 1994 1535 τού-

413 1585 523 1622 των
554 1572 584 1622 6
612 1570 790 1638 λόγος.

2105 579 2240 626 tura:
2268 587 2458 628 earum
2482 586 2665 628 rerum
2696 586 2817 642 quae
2840 573 3083 640 aluntur,
3129 574 3381 631 idoneum
3421 594 3435 630 :
3480 591 3546 632 ex
3577 590 3687 647 quo

2101 663 2208 718 illa:
2236 680 2453 735 semper
2482 664 2690 735 aliquid
2733 666 3055 721 incrementi
3093 675 3332 722 sumant.
3369 667 3687 738 Appellatnr

2100 755 2217 811 hmo
2265 758 2557 822 naturalis,
2609 767 2773 827 atque
2817 756 2871 812 in
2914 757 3115 827 plantis
3159 759 3507 829 perspicitur.
3550 757 3686 814 Nam

2100 847 2537 903 animadvertere
2592 856 2676 904 est
2719 848 2881 903 etiam
2945 850 3000 903 in
3052 850 3319 921 stirpibus
3379 851 3686 907 facultatem

2071 936 2391 1015 .qnamdam
2427 938 2643 993 vivendi
2692 939 2895 1004 inesse,
2932 954 3129 995 sensus
3163 947 3342 996 tamen
3376 940 3555 997 omnis
3588 956 3689 995 ex-

2099 1036 2330 1097 pertem.
2366 1028 2569 1084 Praeter
2592 1029 2731 1084 hanc
2757 1031 2928 1086 altera
2950 1031 3075 1087 vita;
3097 1033 3310 1102 species
3331 1042 3415 1089 est
3437 1048 3557 1103 qua:
3580 1032 3659 1103 pri
3674 1063 3689 1073 -

2100 1135 2244 1174 mam
2276 1122 2412 1175 hanc
2442 1122 2818 1191 complexa,vi
2841 1123 3003 1177 etiam
3036 1125 3306 1180 sentiendi
3332 1133 3416 1182 est
3438 1124 3685 1194 praedita.

2101 1207 2196 1263 Est
2225 1218 2406 1265 autem
2440 1211 2555 1265 haec
2584 1210 2904 1269 animalium
2937 1213 3169 1270 rationis
3205 1215 3535 1285 expertinm,
3569 1197 3723 1285 quae,

2104 1313 2211 1354 non
2243 1301 2407 1356 modo
2436 1302 2727 1357 alunturet
2748 1311 3101 1363 accrescunt:
3136 1306 3230 1360 sed
3261 1306 3424 1361 etiam
3457 1304 3688 1360 faculta-

2104 1398 2211 1446 tem
2236 1394 2526 1461 quamdam
2554 1393 2882 1451 sentientem
2909 1396 3135 1452 habent.
3168 1394 3417 1451 Perfecta
3450 1392 3689 1467 denique

2103 1482 2156 1537 in
2188 1499 2416 1555 corpore
2445 1486 2556 1540 vita
2583 1485 2637 1539 in
2670 1493 2870 1541 natura
2903 1488 3117 1543 ratione
3150 1494 3356 1554 utente,
3390 1503 3553 1558 quam
3588 1487 3689 1541 bu-

2100 1589 2316 1628 manam
2384 1576 2637 1641 dicimus,
2709 1578 2999 1647 quaerenda
3050 1585 3155 1634 est.
3199 1577 3273 1631 Ea
3346 1578 3604 1632 nimirum
3636 1584 3691 1633 et

416 1667 680 1727 nutritur.
718 1673 773 1719 et
814 1664 1001 1728 sentit,
1041 1671 1095 1721 et
1119 1664 1331 1721 ratione
1366 1677 1560 1721 ornata
1590 1675 1706 1733 est,
1752 1674 1807 1723 et
1833 1682 1863 1720 a
1909 1674 2089 1721 mente
2117 1668 2343 1737 regitur.
2376 1667 2553 1737 Atque
2572 1669 2673 1723 hoc
2688 1671 2809 1724 loco
2826 1671 2999 1739 placet
3016 1671 3072 1725 in
3092 1671 3428 1741 explicandis
3444 1673 3690 1726 oratione

420 1756 581 1811 rebus
606 1756 1365 1827 bisce,hujusmodiquadam
1395 1758 1685 1829 partitione
1710 1758 2104 1815 uti:Universae
2142 1774 2230 1814 res
2262 1760 2485 1815 omnino
2535 1768 2630 1814 aut
2670 1768 2798 1815 sunt
2843 1761 3000 1826 tales,
3033 1773 3091 1817 ut
3123 1770 3304 1818 mente
3342 1770 3504 1832 atque
3527 1762 3680 1817 intel-

419 1848 638 1916 ligentia
670 1846 1223 1916 comprehendantur,
1259 1859 1352 1901 aut
1389 1860 1518 1905 sunt
1560 1864 1856 1921 corporeae.
1889 1851 1994 1906 Eas
2019 1865 2140 1920 quae
2167 1858 2346 1906 mente
2374 1850 2769 1920 percipiuntur.
2801 1865 2930 1906 suas
2961 1851 3017 1906 in
3050 1852 3262 1923 species
3293 1852 3450 1923 quasi
3471 1851 3688 1923 partiri,

419 1943 523 1993 hoc
550 1937 762 2008 quidem
793 1940 848 1993 in
884 1939 1005 1994 loco
1029 1955 1135 1995 non
1161 1947 1245 1996 cst
1270 1941 1505 2006 animus,
1531 1943 1750 2014 quando
1771 1943 1859 1997 ita:
1887 1942 1952 1998 ad
1975 1943 2272 1999 institutam
2301 1943 2601 1997 orationem
2632 1943 2767 1998 nihil
2798 1944 3049 2000 attinent.

496 2075 603 2129 Τοῦ
626 2077 678 2130 δὲ
706 2076 1016 2148 σωματικοῦ
1050 2078 1112 2130 τὸ
1154 2080 1249 2149 μὲν
1291 2079 1516 2151 ἄμοιρον
1550 2079 1777 2133 καθόλου
1821 2080 1965 2149 ζωῆς
1985 2120 1997 2143 ,

2174 2077 2377 2134 Rerum
2416 2094 2579 2150 porro
2617 2094 3008 2149 corporearum
3040 2080 3159 2134 alia:
3196 2079 3299 2133 vita
3330 2093 3555 2150 prorsus
3586 2078 3685 2134 de-

425 2169 483 2221 τὸ
510 2168 562 2220 δὲ
594 2168 806 2239 μετέχει
852 2168 1088 2238 ζωτικῆς
1117 2170 1413 2241 ἐνεργείας.
1449 2168 1617 2223 Πάλιν
1642 2168 1736 2223 τοῦ
1765 2168 1996 2233 ζωτικοῦ

422 2261 670 2331 σώματος
707 2261 766 2314 tb
798 2261 895 2331 μὲν
927 2260 1173 2331 αἰσθήσει
1221 2262 1354 2332 συζῇ
1379 2304 1392 2327 ,
1441 2261 1501 2315 τὸ
1546 2261 1613 2314 δὲ’
1643 2263 1863 2332 ἀμοιρεῖ
1900 2261 2000 2331 τῆς

417 2349 741 2419 αἰσθήσεως.
783 2346 915 2402 Εἶτα
960 2349 1018 2402 τὸ
1063 2348 1377 2419 αἰσθητικὸν
1423 2351 1677 2422 τέμνεται
1721 2351 1881 2405 πάλιν
1920 2353 2000 2414 εἰς

416 2438 632 2507 λογικόν
664 2457 723 2492 τε
759 2440 854 2498 καὶ⁵
898 2440 1110 2506 ἄλογον.
1160 2440 1258 2492 Διά
1294 2441 1453 2494 τοῦτο
1497 2441 1707 2512 πρῶτον
1742 2442 1875 2512 μετὰ
1902 2441 1998 2512 τὴν

417 2531 623 2601 ἄιξυχον
661 2530 795 2601 ὓλην
821 2526 932 2584 οἷον
973 2530 1287 2602 ὑποδάθραν
1325 2532 1447 2585 τινὰ
1476 2533 1575 2603 τῆς
1608 2533 1713 2585 τῶν
1745 2532 1999 2604 ἐμψύχων

421 2622 565 2686 ἰδέας
576 2624 674 2693 τὴν
687 2623 923 2693 φυσικὴν
941 2622 1144 2694 ταύτην
1171 2624 1317 2694 ζωὴν
1338 2625 1596 2694 συστῆναι
1624 2624 1770 2693 λέγει
1796 2627 1823 2677 ὁ
1843 2641 2000 2694 νομο-

417 2713 598 2784 θέτης,
636 2715 695 2767 ἒν
728 2717 794 2785 τῇ
828 2714 936 2767 τῶν
968 2715 1169 2784 φυτῶν
1194 2711 1395 2786 βλάστῄ
1419 2718 1836 2786 προῦποστᾶσαν
1857 2733 1868 2746 ·
1900 2711 1999 2768 εἷθ’

415 2805 590 2869 οὕτως
632 2804 826 2873 ἐπάγει
871 2803 977 2858 τῶν
1023 2806 1142 2859 κατ’
1189 2803 1441 2876 αἴσθησιν
1480 2806 1865 2878 διοικουμένων
1903 2807 2000 2879 τὴν

416 2913 539 2962 γενε
548 2913 650 2948 σιν.

492 2986 598 3039 Καὶ
650 2985 841 3056 ἐπειδὴ
886 2985 1025 3040 κατὰ
1073 2985 1167 3057 τὴν
1215 2985 1385 3059 αὐτὴν
1412 2987 1730 3041 ἀκολουθίαν
1763 2987 1872 3040 τῶν
1915 2987 2003 3041 διὰ

416 3076 621 3147 σαρκὸς
682 3076 780 3147 τὴν
833 3077 978 3148 ζωὴν
1046 3078 1337 3149 εἰληχότων
1399 3079 1467 3132 τὰ
1537 3079 1636 3150 μὲν
1685 3079 1999 3151 αἰσθητικὰ,

415 3169 510 3221 καὶ
540 3168 663 3239 δίχα
711 3168 811 3238 τῆς
853 3170 1045 3240 νοερᾶς
1091 3169 1306 3237 φύσεως
1354 3169 1438 3239 ἐφ’
1469 3170 1677 3222 ἑαυτῶν
1716 3170 1856 3225 εἶναι
1906 3170 2000 3224 δύ-

414 3278 593 3321 ναται,
623 3261 686 3314 τὸ
713 3260 771 3314 δὲ
807 3261 1023 3329 λογικὸν
1062 3261 1161 3314 οὐκ
1205 3259 1271 3314 ἂν
1299 3260 1500 3330 ἑτέρως
1543 3260 1747 3328 γένοιτο
1788 3263 1846 3314 ἐν
1894 3260 2001 3315 σώ-

418 3370 567 3423 ματι,
585 3354 633 3404 εἰ
661 3351 736 3422 μὴ
766 3351 843 3422 τῷ
869 3351 1111 3424 αἰσθητῷ
1133 3351 1487 3423 συγκραθείη·
1517 3351 1605 3406 διὰ
1628 3353 1786 3413 τοῦτο
1814 3353 1995 3407 τελευ-

414 3446 561 3507 ταῖος
601 3443 743 3512 μετὲ
768 3441 839 3495 τὰ
887 3443 1240 3513 βλαστήματα
1281 3441 1466 3495 καὶτὰ
1505 3442 1635 3512 βοτὰ
1667 3444 1996 3498 κατεσκευά-

414 3533 518 3602 σθη
548 3536 576 3585 6
604 3532 909 3604 ἅνθρωπος,
940 3531 1044 3603 ὁδῷ
1071 3549 1177 3586 τινι
1208 3532 1344 3603 πρὸς
1370 3532 1432 3585 τὸ
1459 3532 1661 3585 τέλειον
1686 3532 1994 3596 ἀκολούθως

2101 2168 2425 2237 stituuntur,
2454 2170 2573 2224 alia:
2588 2169 3080 2236 vivendifacultate
3105 2170 3344 2240 praedita:
3366 2176 3518 2225 sunt.
3548 2166 3686 2222 Rur-

2101 2278 2221 2317 snm
2256 2278 2453 2334 corpus
2483 2262 2593 2318 vita
2625 2262 2935 2334 praeditum,
2973 2273 3069 2317 aut
3103 2276 3324 2317 sensum
3368 2260 3549 2322 habet,
3591 2266 3686 2313 aut

2099 2367 2165 2407 eo
2193 2361 2362 2408 caret.
2397 2353 2610 2425 Corpus
2640 2364 2820 2410 autem
2853 2355 3099 2411 sentiens
3128 2353 3212 2407 vel
3248 2352 3477 2407 rationis
3511 2351 3563 2405 vi
3595 2366 3685 2405 ur-

2102 2450 2287 2497 natum
2312 2484 2326 2509 ,
2382 2446 2466 2500 vel
2517 2446 2638 2516 ejus
2680 2462 2875 2517 expers
2909 2462 3030 2503 esse
3058 2460 3286 2502 necesse
3324 2434 3427 2500 est.
3479 2441 3685 2498 Idcirco

2102 2531 2279 2591 Moses
2312 2536 2581 2590 inanimas
2613 2553 2701 2593 rcs
2727 2538 2982 2608 primum,
3016 2552 3138 2607 quae
3167 2536 3532 2591 animatorum
3564 2541 3686 2588 tan—

2102 2641 2264 2696 quam
2290 2628 2443 2694 ;imus
2471 2627 2691 2698 quidam
2725 2628 2927 2699 gradus
2967 2637 3173 2691 essent,
3212 2626 3410 2681 deinde
3450 2624 3685 2689 naturali

2102 2717 2211 2772 vita
2236 2717 2511 2787 praeditas,
2538 2725 2689 2773 ortas
2719 2733 2841 2775 esse
2871 2718 3058 2782 tradit,
3083 2732 3203 2788 quae
3242 2717 3499 2771 nimirum
3532 2716 3688 2787 planc

2102 2820 2279 2865 tarum
2319 2810 2561 2882 germina
2586 2818 2782 2864 erant:
2814 2816 2938 2879 post
2969 2809 3113 2876 haec,
3138 2822 3327 2882 eorum
3355 2821 3475 2878 qua:
3519 2822 3691 2863 sensu

2104 2880 2396 2971 agitantur,
2422 2899 2685 2969 originem
2712 2906 3125 2954 commemorat.
3212 2880 3229 2887 Ἠ

2175 2991 2308 3045 Cum
2338 2998 2518 3045 autem
2543 2997 2976 3045 consentaneum
3020 2989 3113 3054 sit,
3160 3002 3345 3043 rerum
3392 3000 3685 3057 corporea~

2104 3099 2225 3138 rum
2273 3082 2384 3137 vita
2426 3082 2799 3152 praeditarum,
2846 3094 2941 3135 eas
2988 3079 3207 3150 quidem
3250 3092 3372 3149 quae
3415 3076 3684 3132 sentiendi

2103 3169 2468 3240 vim'habent,
2494 3176 2659 3229 etiam
2691 3173 2829 3228 citra
2862 3180 3116 3229 naturam
3163 3169 3550 3240 intelligentem
3579 3170 3687 3225 exi-

2104 3276 2249 3323 stere
2279 3282 2437 3338 posse
2462 3307 2475 3329 ,
2509 3266 2619 3322 vim
2653 3279 2781 3321 vero
2810 3263 3299 3319 ratiocinantemin
3317 3275 3543 3332 corpore
3576 3276 3683 3315 non

2104 3370 2247 3419 esse,
2283 3355 2386 3411 nisi
2429 3354 2675 3410 facultati
2708 3352 2963 3410 sentienti
3008 3349 3412 3423 quodammodo
3453 3350 3685 3405 commi-
3758 3358 3773 3367 ‘

2099 3454 2354 3502 sceatur:
2384 3446 2590 3501 idcirco
2611 3452 2733 3516 post
2756 3446 2971 3515 plantas
2996 3453 3049 3499 et
3071 3456 3271 3515 pecora
3286 3443 3451 3497 homo
3466 3441 3685 3497 demum

2104 3539 2361 3596 conditus
2390 3546 2493 3601 est,
2534 3546 2727 3593 natura
2760 3536 2952 3592 ordine
2994 3530 3063 3590 ad
3093 3546 3332 3590 creatmn
3369 3533 3528 3605 plane
3559 3545 3686 3604 per-

416 3623 709 3693 προῖούσης
750 3623 848 3693 τῆς
898 3622 1130 3691 φύσεως.
1179 3622 1280 3675 Διὰ
1328 3623 1510 3694 πάσης
1546 3621 1654 3693 γὰρ
1697 3621 1840 3685 ἰδέας
1884 3620 1994 3674 τῶν

2100 3631 2303 3686 fectum
2335 3628 2733 3700 progrediente.
2768 3626 2902 3680 Nam
2938 3625 3138 3680 animal
3167 3624 3272 3679 hoc
3300 3622 3535 3678 rationis
3565 3636 3687 3692 par-

414 3714 607 3785 ψυχῶν
634 3715 1025 3785 κατακιρνᾶται
1054 3715 1116 3767 τὸ
1142 3714 1359 3783 λογικὸν
1400 3713 1557 3768 τοῦτο
1580 3711 1757 3777 ζῶονό
1788 3712 1994 3784 ἄνθρω-

418 3822 538 3869 πος.
588 3806 855 3877 Τρέφεται
888 3807 984 3876 μὲν
1016 3807 1122 3875 γὰρ
1156 3806 1296 3865 κατὰ
1336 3806 1396 3858 τὸ
1436 3805 1662 3870 φυσικὸν
1692 3807 1789 3875 τῆς
1815 3804 1993 3875 ψυχῆς

412 3896 582 3962 εἶδος
637 3901 704 3968 τῇ
747 3898 805 3951 δὲ
851 3896 1116 3968 αὑξητικῇ
1166 3898 1392 3967 δυνάμει
1423 3900 1455 3968 ἡ
1489 3896 1777 3966 αἰσθητικὴ
1826 3912 1993 3968 προσ-

412 3988 584 4060 εφύη,
623 3988 807 4059 μέσως
849 3987 1049 4059 ἔχουσα
1096 3988 1238 4041 κατὰ
1280 3988 1377 4058 τὴν
1429 3987 1564 4041 ἰδίαν
1599 3987 1761 4057 φύσιν
1792 3987 1891 4057 τῆς
1931 4003 1991 4038 τε

412 4082 605 4151 νοερᾶς
633 4080 731 4133 καὶ
754 4080 852 4149 τῆς
878 4078 1250 4150 ὑλωδεστέρας
1273 4078 1461 4142 οὐσίας
1490 4094 1504 4109 ο
1549 4078 1787 4148 τοσούτῳ
1815 4094 1992 4147 παχυ-

414 4172 721 4244 μερεστέρα
762 4172 986 4243 ταύτης,
1032 4173 1141 4243 ὅσῳ
1179 4171 1537 4243 καθαρωτέρα
1579 4171 1812 4240 ἐκείνης.
1858 4164 1994 4223 Εἷτά

411 4281 495 4327 τις
520 4265 733 4332 γίνεται
769 4264 906 4337 πρὸς
931 4263 992 4315 τὸ
1018 4263 1213 4316 λεπτὸν
1245 4264 1338 4315 καὶ
1368 4260 1656 4332 φωτοειδὲς
1680 4263 1779 4331 τῆς
1804 4261 1994 4332 αἰσθη-

411 4363 566 4431 τικῆς
600 4358 817 4429 φύσεως
856 4359 890 4430 ἡ
930 4358 1029 4429 τῆς
1054 4358 1246 4426 νοερᾶς
1289 4356 1477 4419 οὐσίας
1507 4354 1778 4419 οἰκείωσίς
1809 4372 1869 4408 τε
1900 4357 1995 4410 καί

413 4455 751 4524 ἀνάκρασις,
791 4451 867 4515 ὡς
918 4454 977 4505 ὲν
1014 4451 1160 4521 τρισὶ
1206 4449 1414 4513 τούτοις
1446 4448 1535 4502 τὸν
1577 4448 1863 4521 ἄνθρωπον
1896 4450 1993 4519 τὴν

415 4544 670 4598 σύστασιν
699 4542 846 4613 ἔχειν
880 4557 894 4570 ⁸
942 4539 1124 4604 καθὼς
1152 4541 1246 4593 καὶ
1273 4539 1423 4612 παρὰ
1446 4539 1538 4592 τοῦ
1578 4540 1900 4593 Ἀποστόλου
1934 4540 1994 4593 τὸ

412 4634 650 4689 τοιοῦτον
686 4632 986 4704 ἐμάθομεν,
1016 4633 1073 4683 ὲν
1105 4624 1185 4694 οἷς
1217 4630 1353 4701 πρὸς
1381 4630 1507 4692 τοὺς
1548 4630 1831 4699 Ἐφεσίους
1866 4630 1990 4700 ἔφη,

416 4726 847 4795 προσευχόμενος
877 4724 1061 4786 αὐτοῖς
1091 4723 1190 4793 τὴν
1226 4709 1445 4792 δλοτελῆ
1477 4722 1636 4793 χάριν
1673 4721 1766 4775 τοῦ
1808 4721 1994 4791 σώμα-

414 4833 527 4879 τος,
565 4816 783 4885 καὶτῆς
822 4815 1022 4885 ψυχῆς,
1052 4814 1147 4867 καὶ
1185 4814 1277 4867 τοῦ
1321 4813 1633 4883 πνεύματος
1664 4815 1721 4864 ὲν
1750 4815 1816 4883 τῇ
1850 4829 1989 4882 παρ·

412 4907 570 4977 ουσία
601 4908 694 4960 τοῦ
744 4907 954 4977 Κυρίου
999 4904 1358 4974 φυλαχθῆναι,
1395 4904 1518 4958 ἀντὶ
1561 4903 1655 4958 τοῦ
1696 4904 1990 4975 θρεπτικοῦ

415 5001 610 5071 μέρους
651 5000 714 5053 τὸ
754 4998 917 5069 σῶμα
954 4996 1150 5065 λέγων,
1190 4996 1252 5050 τὸ
1283 4994 1698 5075 δὲσίσθητικὸν
1741 4999 1806 5067 τῇ
1846 4996 1991 5069 ψυχῇ
2025 4979 2071 5035 Ῐ)

409 5090 805 5161 διασημαίνων,
841 5089 903 5143 τὸ
942 5088 1127 5160 νοερὸν
1163 5087 1219 5140 δὲ
1259 5085 1336 5156 τῷ
1368 5085 1662 5157 πνεύματι.
1720 5087 1992 5152 Ὡσαύτως

411 5184 502 5235 καὶ
523 5182 617 5237 τὸν
641 5181 973 5253 γραμματέα
989 5180 1077 5235 διὰ
1097 5179 1190 5235 τοῦ
1215 5178 1542 5248 Εὑαγγελίου
1564 5179 1806 5233 παιδεύει
1829 5182 1857 5234 6
1884 5182 1995 5235 Κύ-

414 5291 561 5346 ριος,
604 5274 790 5343 πάσης
822 5271 1043 5343 ἐντολῆς
1083 5270 1396 5343 προτιθέναι
1438 5270 1534 5342 τὴν
1566 5272 1646 5335 εἰς
1684 5271 1817 5325 Θεὸν
1860 5273 1995 5342 ἁγά-

413 5380 539 5433 πην,
574 5363 674 5435 τὴν
706 5361 766 5428 ἐξ
791 5363 918 5432 ὅλης
950 5361 1176 5433 καρδίας
1206 5362 1299 5415 καὶ
1321 5362 1500 5433 ψυχῆς
1529 5362 1621 5415 καὶ
1647 5361 1882 5426 διανοίας
1909 5363 1995 5415 ὲνυ

411 5456 768 5526 εργουμὲνην.
821 5457 929 5510 Καὶ
982 5455 1090 5527 γὰρ
1126 5452 1363 5509 ἐνταῦθα
1398 5455 1496 5525 τὴν
1528 5455 1698 5524 αὐτὴν
1730 5454 1877 5508 δοκεῖ
1906 5473 1994 5525 μοι

409 5545 674 5618 διαφορὰν
734 5547 1054 5621 ἑρμηνεύειν
1108 5549 1136 5601 6
1190 5545 1383 5613 λόγος,
1441 5545 1540 5614 τὴν
1590 5545 1688 5614 μὲν
1754 5562 1993 5615 σωματι-

413 5637 659 5709 κωτὲραν
698 5641 1022 5697 κατάστασιν
1061 5638 1291 5712 καρδίαν
1330 5636 1498 5689 εἰπὼν
1522 5676 1536 5699 ,
1586 5635 1760 5706 ψυχὴν
1804 5636 1857 5689 δὲ
1897 5636 1994 5707 τὴν

418 5727 630 5798 μέσην,
685 5728 911 5789 διάνοιαν
962 5733 1018 5787 δὲ
1078 5732 1176 5804 τὴν
1230 5725 1571 5797 ὑψηλοτέραν
1641 5725 1837 5794 φύσιν,
1899 5725 1995 5796 τὴν

2100 3723 2294 3791 ticeps,
2326 3733 2488 3789 quem
2516 3717 2790 3771 hominem
2815 3716 3073 3780 dicimus,
3103 3729 3169 3769 ex
3193 3714 3341 3767 omni
3371 3722 3454 3767 est
3488 3713 3685 3768 animae

2102 3810 2276 3865 forma
2307 3808 2464 3879 quasi
2512 3812 2895 3876 temperatum.
2922 3802 3157 3859 Perinde
3182 3803 3327 3859 enim
3365 3810 3529 3872 atque
3556 3803 3687 3856 stir-

2100 3901 2247 3971 pium
2288 3897 2500 3960 anima,
2529 3910 2693 3967 quam
2742 3894 3043 3949 naturalem
3086 3891 3357 3957 diximus,
3404 3890 3687 3946 nutritur:

2099 3991 2296 4047 deinde
2325 3989 2564 4045 facultati
2596 3985 2925 4043 accretionis
2954 3985 3119 4041 etiam
3155 3985 3395 4040 sentiens
3424 3982 3683 4045 adhazret,

2100 4087 2260 4158 cujus
2290 4094 2375 4142 est
2402 4095 2597 4141 natura
2624 4083 2782 4155 quasi
2810 4082 2990 4137 media
3008 4081 3254 4152 quaedam
3280 4080 3420 4134 inter
3445 4078 3684 4131 animam

2101 4180 2247 4235 illam
2291 4180 2522 4251 primam
2563 4175 2839 4231 rudiorem
2888 4181 2943 4229 et
2989 4173 3204 4227 tertiam
3246 4169 3633 4239 intelligentem
3667 4186 3682 4222 :

2103 4278 2253 4325 tanto
2279 4267 2537 4323 nimirum
2563 4263 2907 4333 intelligente
2935 4258 3195 4321 crassior,
3224 4265 3434 4326 quanto
3466 4254 3557 4308 illa
3585 4269 3684 4325 pu-

2100 4362 2233 4416 rior.
2261 4359 2502 4428 Denique
2527 4370 2651 4410 cum
2676 4352 2861 4410 subtili
2888 4360 2942 4407 et
2966 4348 3147 4405 lucida
3170 4355 3368 4404 natura
3392 4346 3683 4409 sentiente,

2100 4453 2263 4505 etiam
2289 4447 2598 4517 intelligens
2621 4443 2910 4513 aptissimo
2944 4445 3375 4511 temperamento
3396 4436 3684 4508 conjungi-

2102 4548 2213 4601 tur,
2256 4546 2313 4592 ut
2352 4538 2464 4607 jam
2509 4536 2683 4590 tribus
2729 4534 2881 4590 hisce
2921 4533 3084 4587 rebus
3110 4530 3367 4586 ‘liominis
3406 4529 3681 4601 opiﬁcium

2100 4637 2333 4687 constet.
2366 4628 2516 4683 Licet
2545 4628 2647 4682 hoc
2677 4625 2744 4681 de
2771 4623 3021 4697 Apostoli
3076 4621 3279 4703 verbis,
3314 4637 3436 4693 qua:
3468 4621 3523 4675 in
3552 4622 3678 4691 epi-

2100 4725 2238 4779 stola
2270 4722 2337 4775 ad
2360 4720 2620 4792 Ephesios
2648 4726 2882 4781 exstant,
2904 4716 3224 4786 intelligere.
3256 4712 3597 4784 Optatenim,
3624 4719 3683 4767 ut

2101 4815 2310 4884 integra
2343 4812 2593 4884 corporis
2622 4818 2676 4867 et
2708 4809 2923 4875 animaa,
2951 4815 3004 4863 et
3031 4806 3261 4877 spiritus
3289 4805 3463 4876 gratia
3507 4803 3560 4858 in
3588 4803 3684 4857 ad-

2102 4914 2319 4959 ventum
2355 4903 2569 4958 Domini
2601 4907 2978 4964 conservetur,
3010 4898 3209 4969 quibus
3239 4896 3294 4950 in
3336 4895 3518 4951 verbis
3554 4909 3681 4949 coro

2099 4997 2249 5069 poris
2278 4994 2567 5066 appellatio
2597 5002 2805 5064 partem
2832 4993 2886 5046 in
2924 4989 3143 5045 homine
3170 4991 3527 5050 mttrientem,
3559 4986 3681 5040 ani-

2100 5105 2187 5144 ma
2223 5087 2577 5149 sentientem.
2609 5084 2802 5154 spiritu
2844 5082 3235 5152 intelligentem
3278 5088 3447 5134 notat.
3478 5076 3681 5134 Eodem

2102 5180 2262 5234 modo
2292 5178 2528 5233 scribam
2560 5177 2710 5229 illum
2759 5173 3022 5228 Dominus
3069 5172 3123 5226 in
3164 5169 3456 5241 Evangelia
3500 5169 3679 5227 docet.

2100 5285 2340 5327 amorem
2370 5270 2422 5324 in
2454 5266 2622 5323 Deum
2647 5282 2710 5321 ex
2743 5275 2856 5319 toto
2886 5262 3051 5320 corde
3081 5271 3136 5318 et
3181 5262 3363 5317 anima
3408 5269 3461 5314 et
3503 5266 3682 5314 mente

2104 5363 2432 5433 proiectum,
2476 5358 2690 5414 cmteris
2738 5357 2830 5411 Dei
2871 5356 3029 5412 scitis
3067 5354 3226 5425 longe
3264 5349 3675 5408 anteferendum

2102 5466 2245 5507 esse.
2278 5448 2410 5503 Nam
2443 5456 2497 5503 et
2520 5448 2634 5502 hazc
2664 5447 2840 5503 oratio
2863 5445 2995 5500 mihi
3021 5444 3317 5500 discrimen
3346 5442 3485 5495 idem
3512 5452 3680 5507 expo-

2104 5557 2233 5598 nere
2265 5540 2499 5602 videtur,
2531 5547 2590 5595 ut
2631 5537 2814 5594 cordis
2855 5534 3217 5608 appellatione
3255 5534 3497 5588 crassius
3548 5529 3679 5583 illud

2103 5636 2346 5704 cerporis
2377 5634 2429 5687 in
2466 5632 2683 5686 homine
2711 5637 3196 5699 temperamentum
3223 5626 3407 5681 veniat
3434 5644 3445 5679 :
3490 5623 3684 5677 anima:

2106 5743 2257 5793 vero,
2293 5723 2528 5780 medium
2563 5738 2574 5773 :
2612 5721 2806 5774 mentis
2836 5720 3065 5787 denique
3094 5731 3223 5788 vox‘
3243 5712 3685 5773 cxcellontiorcm
