4106 6208
285 301 388 357 149

1497 306 1583 361 DE
1613 305 1898 364 HOMINIS
1931 305 2222 363 OPIFICIO

3447 297 3546 354 150

286 411 592 484 κεχυμένην
642 409 782 463 κατᾶ
833 410 900 463 τὰ
934 411 1156 482 πλάγια,
1210 415 1296 468 οἵα
1352 418 1384 486 ἡ
1434 418 1540 472 τῶν
1584 419 1760 473 κυνῶν
1811 437 1868 473 τε

1984 436 2081 474 non
2112 421 2257 474 illam
2286 417 2525 489 {quidem
2563 416 2748 481 talem,
2803 416 2947 486 quali
2985 432 3129 470 nunc
3168 415 3395 482 utimur,
3446 416 3542 471 sed

289 506 380 558 καὶ
405 502 510 556 τῶν
531 501 735 555 λοιπῶν
756 503 865 558 τῶν
881 503 1180 577 ὠμοϐόρων
1203 508 1339 574 ἐστὶ,
1358 510 1438 580 τῷ
1460 512 1724 583 καρχάρῳ
1761 513 1872 566 τῶν

270 589 508 646 ’ὀδόντων
557 594 764 661 μεταξὺ
800 594 905 646 τῶν
937 595 1319 667 διαστημάτων
1353 602 1752 674 ἐνδιαρρέουσα.
1807 605 1871 657 El

285 680 375 738 οὖν
406 685 483 755 μὴ
514 686 770 755 παρῆσαν
800 687 857 738 αἱ
885 688 1065 757 χεῖρες
1090 688 1167 758 τῷ
1197 689 1432 760 σώματι,
1465 692 1579 756 πῶς
1613 693 1678 746 ἂν
1716 694 1873 764 ἔναρ-

285 780 410 847 υρος
451 774 627 844 τούτῳ
678 777 993 847 ἑνετυπὼθη
1033 779 1206 850 φωνὴ,
1245 782 1343 851 τῆς
1386 785 1732 854 κατασκευῆς
1762 785 1870 839 τῶν

286 867 423 918 κατὰ
447 865 510 917 τὸ
538 865 714 936 στόμα
745 868 948 938 μορίων
963 870 1022 921 οὐ
1045 871 1332 943 συνδιασχη
1345 874 1708 943 ματιζομένης
1733 875 1869 944 πρὸς

284 957 378 1026 τὴν
406 955 598 1025 χρείαν
634 954 727 1008 τοῦ
759 957 1028 1026 φθόγγους
1070 959 1146 1023 ὡς
1173 960 1483 1029 ἐπάναγκες
1514 959 1702 1033 εἶναιῆ
1741 963 1870 1034 βλη-

289 1049 486 1117 χᾶσθαι
515 1047 753 1111 πάντως,
789 1049 820 1118 ἢ
861 1051 1146 1120 μηκάζειν,
1179 1050 1508 1120 ἦὺλακτεῖν,
1543 1055 1575 1125 ἢ
1608 1055 1868 1126 χρεμετί-

287 1141 395 1202 ζειν
421 1140 514 1192 τὸν
548 1138 911 1210 ἄνθρωπον,ἢ
944 1140 1146 1210 βουσὶν,
1180 1142 1212 1212 ἦ
1245 1142 1388 1206 ὄνοις
1421 1143 1548 1214 βοᾷν
1580 1146 1868 1216 παραπλή-

291 1247 419 1295 σιον,
456 1233 490 1301 ἥ
520 1249 643 1285 τινα
679 1231 918 1302 θηριώδη
945 1231 1230 1304 μυκηθμὸν
1257 1235 1497 1303 ἀφιέναι.
1522 1237 1659 1288 Νυνὶ
1690 1237 1744 1289 δὲ
1772 1238 1872 1307 τῆς

288 1320 466 1391 χειρὸς
499 1318 808 1390 ὲντεθείσης
828 1319 907 1390 τῷ
926 1319 1160 1391 σώματι,
1190 1321 1444 1392 εΰσχολόν
1468 1325 1582 1376 ἐστι
1611 1324 1671 1377 τὸ
1701 1325 1875 1394 στόμα

287 1412 351 1479 τῇ
393 1409 668 1480 ὑπηρεσίᾳ
711 1410 806 1462 τοῦ
860 1411 1037 1478 λόγου.
1099 1412 1305 1465 Ούκούν
1351 1413 1482 1466 ἴδιον
1525 1415 1622 1485 τῆς
1653 1415 1875 1484 λογικῆς

290 1499 501 1566 φύσεως
539 1502 594 1552 αἱ
628 1502 809 1571 χεῖρες
841 1501 1272 1572 ἀναπεφήνασιν,
1310 1502 1453 1556 οὕτω
1505 1504 1598 1558 τοῦ
1633 1504 1873 1558 πλάστου

286 1589 370 1640 διὰ
394 1588 602 1642 τούτων
628 1589 1016 1658 ὲπινοήσαντος
1050 1590 1128 1660 τῷ
1153 1591 1296 1662 λόγῳ
1327 1592 1426 1664 τὴν
1461 1594 1731 1649 εὐκολίαν.

1969 512 2054 566 vel
2096 526 2262 566 carne
2303 510 2562 580 amplam,
2615 507 2866 571 solidam,
2908 521 3176 577 aSperam,
3224 523 3345 578 quze
3384 507 3544 573 quid-

1969 602 2100 672 quid
2127 603 2388 656 dentibus
2423 601 2685 670 injectum
2719 607 2890 662 esset,
2945 613 3052 652 una
3087 614 3210 652 cum
3258 598 3367 652 illis
3395 611 3543 652 com—

1969 691 2276 744 minueret:
2304 691 2389 744 vel
2435 697 2646 752 contra,
2692 689 2905 742 mollem
2959 703 3152 742 versus
3207 689 3395 753 latera,
3427 686 3548 740 ﬂui-

1969 779 2229 850 damque,
2273 779 2586 849 cujusmodi
2619 794 2818 834 canum
2867 779 3315 848 reliquorumque
3345 777 3549 830 anima-

1974 868 2108 924 lium
2153 868 2572 924 crudivororum
2622 869 2807 937 lingua
2837 876 2948 934 est,
2997 883 3116 937 quae
3145 868 3286 921 inter
3306 867 3546 921 dentium

1975 961 2131 1029 quasi
2179 968 2517 1015 serratorum
2565 960 2735 1014 rimas
2799 959 3138 1014 dilIunditur.
3181 959 3548 1025 Quamobrem
3632 985 3635 987 -

1975 1050 2022 1104 si
2051 1064 2246 1103 manus
2277 1049 2516 1104 humano
2547 1051 2764 1120 corpori
2799 1051 2996 1106 additae
3016 1067 3124 1105 non
3161 1051 3412 1114 fuissent,
3438 1065 3549 1118 quo

1976 1149 2137 1209 pacto
2162 1142 2382 1194 tandem
2415 1145 2645 1212 exprimi
2680 1145 2964 1198 articulate
2997 1146 3151 1214 quasi
3192 1160 3294 1198 vox
3342 1144 3550 1213 potuis-

1977 1240 2078 1292 set.
2108 1233 2358 1301 partibus
2381 1234 2492 1288 oris
2523 1233 2590 1287 ad
2620 1250 2816 1289 sonum
2843 1236 3213 1304 adjuvandum
3267 1250 3377 1288 non
3406 1234 3544 1290 satis

1983 1331 2104 1392 apte
2130 1323 2487 1382 conformatis
2509 1323 2801 1379 rtProfecto
2831 1327 2976 1380 enim
2997 1335 3092 1379 aut
3110 1326 3429 1391 balandum,
3457 1334 3551 1378 aut

1980 1416 2418 1485 caprissandum,
2441 1425 2536 1471 aut
2567 1417 2900 1480 latrandum,
2923 1425 3014 1471 aut
3041 1417 3420 1480 hinniendum,
3454 1426 3548 1471 aut

1988 1507 2290 1571 boandum,
2330 1515 2424 1560 aut
2461 1508 2766 1562 rudendum
2801 1508 3007 1562 homini
3063 1509 3276 1574 fuisset,
3315 1517 3407 1562 aut
3435 1524 3550 1562 mu-

1982 1596 2127 1666 gitus
2153 1597 2374 1666 quidam
2407 1599 2710 1652 belluarum
2749 1614 2899 1654 more
2922 1599 3186 1654 edendas.
3237 1598 3389 1654 Nunc
3418 1613 3541 1653 cum

290 1695 485 1734 manus
525 1680 733 1734 homini
777 1679 916 1735 data:
945 1681 1078 1746 sint,
1137 1690 1348 1737 tantum
1394 1684 1633 1739 sermoni
1679 1699 1742 1739 os
1787 1685 2145 1754 exprimendo
2187 1686 2426 1741 deservit
2455 1695 2618 1756 atque
2662 1695 2984 1758 occupatur.
3019 1688 3230 1742 Idcirco
3258 1697 3403 1743 recte
3438 1697 3552 1743 sta-

291 1774 482 1837 tuitur,
515 1787 711 1828 manus
733 1789 856 1829 esse
887 1778 1166 1845 proprium
1185 1777 1459 1845 quoddam
1491 1788 1697 1833 natum:
1723 1779 1978 1849 loquendi
2005 1780 2263 1836 facultate
2284 1781 2522 1850 praeditze
2551 1782 2998 1848 instrumentum,
3025 1782 3168 1836 hunc
3203 1785 3542 1853 potissimum

291 1868 357 1924 ad
389 1868 552 1923 tinem
585 1869 774 1932 factas,
808 1877 868 1924 ut
899 1886 1084 1924 earum
1112 1887 1276 1942 opera
1309 1874 1614 1944 expeditior
1641 1876 1695 1929 in
1728 1875 1884 1932 nobis
1916 1877 2184 1933 sermonis
2209 1891 2341 1932 usus
2370 1885 2532 1934 esset.

819 1983 1218 2038 ΚΕΦΑΛΑΙΟΝ
1267 1985 1344 2043 8'.

2578 1990 2811 2047 CAPUT
2867 1991 2956 2046 IX.

299 2073 360 2123 '0
371 2087 420 2124 τι
464 2071 774 2150 ὀργπξικὸν
819 2073 1288 2150 κατεσκευὰεγθη
1319 2076 1426 2130 τοῦ
1452 2076 1765 2150 ἀνθρώπου
1805 2077 1872 2132 τὸ

2054 2078 2332 2134 Hominem
2375 2081 2451 2134 sic
2473 2080 2748 2133 conditum
2771 2097 2906 2144 esse,
2933 2081 3379 2150 ult-"78111111187110
3415 2079 3484 2130 ad

513 2142 718 2210 σχῆμα
747 2142 898 2209 πρὸς
925 2142 1039 2210 τὴν
1081 2144 1182 2198 τοῦ
1210 2146 1396 2215 λόγου
1417 2142 1646 2215 χρείαν.

372 2231 590 2303 Ἐπειδὴ
642 2233 820 2286 τοίνυν
882 2233 1092 2304 θεοειδῆ
1124 2253 1246 2289 τινα
1288 2236 1448 2306 χάριν
1484 2238 1562 2307 τῷ
1597 2239 1874 2308 πλάσματι

291 2322 443 2392 ἡμῶν
471 2325 499 2377 6
524 2325 755 2394 ποιήσας
779 2324 1099 2396 δεδώρηται,
1140 2326 1244 2378 τῶν
1276 2328 1420 2382 ίδίων
1455 2328 1675 2397 ἀγαθῶν
1702 2329 1876 2393 ἐνθεὶς

287 2418 351 2487 τῇ
379 2417 547 2469 εἰκόνι
572 2415 673 2480 τὰς
692 2417 1013 2487 ὁμοιότητας
1035 2435 1048 2447 '
1067 2419 1156 2472 διὰ
1183 2419 1339 2472 τοῦτο
1360 2420 1427 2472 τὰ
1457 2421 1556 2490 μὲν
1577 2420 1736 2474 λοιπὰ
1768 2420 1874 2474 τῶν

287 2509 507 2575 ἀγαθῶν
543 2507 743 2560 ἔδωκεν
774 2511 838 2561 ἐκ
883 2509 1194 2580 φιλοτιμίας
1238 2513 1304 2581 τῇ
1344 2511 1657 2582 ἀνθρωπίνῃ
1692 2511 1870 2580 φύσει.

288 2600 400 2652 Νοῦ
426 2600 481 2653 δὲ
509 2601 605 2653 καὶ
635 2601 952 2670 φρονήσεως
981 2601 1078 2653 ούκ
1108 2601 1222 2654 ἔστι
1257 2602 1460 2672 κυρίως
1491 2603 1665 2655 εἰπεῖν
1688 2603 1768 2655 ὅτι
1794 2602 1876 2655 δέ·

289 2693 478 2758 δωκεν,
503 2693 620 2744 ἀλλ’
646 2693 728 2744 ὅτι
759 2693 1050 2762 μετέδωκε,
1073 2693 1161 2744 τὸν
1181 2692 1310 2746 ἴδιον
1339 2692 1503 2746 αὑτοῦ
1527 2694 1624 2763 τῆς
1653 2693 1868 2762 φύσεως

292 2785 489 2854 κόσμον
514 2783 790 2836 ἐπιϐαλὼν
817 2787 879 2854 τῇ
906 2785 1092 2837 εἰκόνι.
1112 2784 1265 2837 Ἐπεὶ
1286 2781 1378 2837 οὖν
1407 2785 1592 2855 νοερόν
1605 2803 1657 2837 τι
1684 2784 1874 2854 χρῆμα

293 2875 379 2926 καὶ
409 2873 704 2944 ἀσώματόν
733 2874 880 2926 ὲστιν
905 2875 932 2926 6
967 2873 1114 2938 νοῦς,
1144 2874 1505 2944 ἀκοινώνητον
1530 2875 1594 2928 ἂν
1625 2875 1751 2944 ἔσχε
1781 2875 1880 2946 τὴν

289 2968 447 3037 χάριν
476 2969 573 3020 καὶ
626 2967 875 3036 ἄμικτον,
913 2967 987 3036 μὴ
1029 2966 1117 3021 διά
1150 2983 1294 3031 τινος
1343 2967 1584 3028 ἐπινοίας
1619 2983 1883 3037 φανερου-

293 3059 457 3126 μένης
484 3056 649 3110 αὐτοῦ
674 3056 771 3126 τῆς
812 3057 1094 3125 κινήσεως.
1120 3056 1320 3109 Τούτου
1356 3057 1514 3127 χάριν
1539 3057 1636 3126 τῆς
1665 3056 1883 3127 ὀργανι-

290 3151 390 3218 κῆς
414 3148 984 3219 ταύτης’προσεδεήθη
1003 3148 1366 3216 κατασκευῆς,
1392 3149 1478 3201 ἴνα
1509 3149 1786 3219 πλήκτρου
1804 3147 1882 3202 δί-

291 3256 394 3309 κην
406 3241 513 3292 τῶν
537 3239 866 3308 φωνητικῶν
884 3238 1086 3308 μορίων
1117 3238 1446 3308 ἁπτόμενος,
1476 3238 1564 3292 διὰ
1592 3239 1689 3308 τῆς
1721 3238 1880 3303 ποιᾶς

291 3331 400 3384 τῶν
432 3332 685 3399 φθόγγων
705 3330 999 3392 τυπώσεως
1026 3330 1338 3401 ἑρμηνεύσῃ
1359 3330 1456 3401 τὴν
1484 3329 1694 3383 ἔνδοθεν
1727 3331 1881 3400 κίνη-

294 3439 395 3477 σιν.
431 3423 538 3475 Καὶ
560 3422 751 3491 ῶσπερ
794 3439 876 3484 τις
918 3423 1182 3492 μουσικῆς
1220 3421 1482 3492 ἔμπειρος
1510 3421 1607 3484 ὣν,
1638 3421 1704 3476 ἂν
1748 3422 1882 3476 ἰδίαν

293 3514 353 3565 ἐκ
387 3512 594 3575 πάθους
647 3511 721 3582 μὴ
779 3511 891 3581 ἔχοι
939 3513 1144 3581 φωνὴν,
1185 3512 1506 3582 βουλόμενος
1545 3513 1601 3566 δὲ
1642 3513 1882 3585 φανερὰν

294 3603 523 3672 ποιῆσαι
544 3603 640 3672 τὴν
678 3603 1006 3673 ἐπιστήμην,
1038 3603 1342 3673 ἀλλοτρίαις
1395 3604 1738 3676 ὲμμελῳδοίη
1772 3621 1884 3673 φω-

293 3699 433 3757 ναῖς,
465 3694 532 3746 δι’
565 3694 784 3766 αὐλῶνῆ
812 3692 980 3764 λύρας
1004 3693 1340 3764 δημοσιεύων
1367 3695 1466 3765 τὴν
1496 3695 1690 3765 τέχνην
1711 3711 1724 3724 °
1742 3695 1883 3749 οὕτω

293 3787 388 3839 καὶ
419 3786 450 3838 ό
481 3783 814 3855 ἀνθρώπινος
847 3783 992 3849 νοῦς,
1031 3784 1386 3838 παντοδαπῶν
1421 3786 1707 3856 νοημάτων
1735 3786 1884 3855 εύρε-

295 3881 393 3950 τὴς
425 3879 631 3948 ῶν,τῷ
677 3878 752 3948 μὴ
783 3877 1042 3930 δύνασθαι
1076 3877 1163 3930 διὰ
1206 3877 1533 3948 σωματικῶν
1579 3877 1884 3948 αἰσθήσεων

290 3969 556 4040 ὲπαῖούσῃ
603 3972 669 4040 τῇ
703 3969 847 4040 ψυχῇ
876 3969 1137 4022 δεικνύειν
1153 3969 1250 4032 τὰς
1273 3969 1373 4038 τῆς
1404 3968 1646 4032 διανοίας
1677 3967 1878 4040 ὁρμὰς,

289 4061 546 4130 καθάπερ
595 4077 678 4123 τις
723 4060 998 4130 ἁρμοστὴς
1031 4059 1296 4130 ἔντεχνος,
1321 4059 1427 4112 τῶν
1466 4059 1724 4130 ἐμψύχων
1756 4058 1885 4114 τού-

288 4170 395 4204 των
453 4151 707 4222 όργάνων
769 4151 1098 4221 ἁπτόμενος,
1122 4150 1211 4203 διὰ
1252 4151 1350 4220 τῆς
1398 4151 1455 4202 ὲν
1486 4151 1694 4212 τούτοις
1745 4150 1883 4220 ἠχῆς

289 4243 502 4311 φανερά
557 4243 705 4293 ποιεῖ
754 4240 821 4292 τὰ
868 4240 1228 4310 κεκρυμμένα
1262 4241 1531 4311 νοήματα.
1567 4238 1882 4309 Σύμμικτος

284 4334 340 4387 δέ
363 4351 448 4396 τις
482 4335 516 4403 ἡ
549 4333 782 4403 μουσικὴ
825 4334 951 4402 περ)¹
979 4331 1038 4384 τὸ
1068 4329 1404 4402 ἀνθρώπινον
1448 4332 1679 4402 ὄργανον
1717 4329 1879 4384 αὐλοῦ

289 4427 381 4476 καί
398 4423 594 4493 λύρας,
621 4423 811 4492 ὥσπερ
836 4423 892 4475 ὲν
919 4422 1153 4492 συνῳδίᾳ
1185 4421 1292 4473 τινὶ
1325 4420 1466 4474 κατὰ
1492 4419 1686 4473 ταύτὸν
1716 4420 1880 4490 ἀλλή-

287 4515 400 4578 λοις
461 4514 987 4584 συμφθεγγομένων.
1036 4513 1108 4566 Τὸ
1137 4513 1233 4584 μὲν
1269 4511 1377 4583 γὰρ
1414 4511 1631 4581 πνεῦμα
1671 4511 1758 4565 διὰ
1785 4513 1880 4582 τῆς

286 4607 586 4676 ἀρτηρίας,
624 4605 734 4658 ἀπὸ
763 4604 868 4656 τῶν
903 4603 1346 4673 πνευματοδόχων
1377 4603 1613 4671 ἀγγείων
1645 4602 1882 4656 ἀνωθού-

285 4713 477 4766 μενον,
529 4696 660 4748 ὅταν
709 4696 741 4764 ἡ
799 4694 943 4764 ὁρμὴ
971 4693 1062 4746 τοῦ
1109 4693 1478 4764 φθεγγομένου
1527 4694 1664 4762 πρὸς
1703 4692 1884 4764 φωνὴν

282 4784 506 4856 τονώσῃ
531 4786 593 4837 τὸ
617 4785 795 4854 μέρος,
812 4787 932 4846 ταῖς
961 4783 1170 4836 ἔνδοθεν
1194 4785 1705 4855 προσαρασσόμενον
1718 4801 1884 4853 προσ-

283 4879 500 4942 ϐολαῖς,
526 4877 583 4928 αἱ
620 4875 957 4944 κυκλοτερῶς
980 4875 1070 4926 τὸν
1100 4875 1344 4946 αύλοειδῆ
1362 4875 1548 4929 τοῦτον
1577 4875 1884 4945 διειλήφασι

285 4969 478 5039 πόρον,
498 4967 746 5037 μιμεῖταί
783 4984 897 5028 πως
917 4965 1014 5036 τὴν
1031 4966 1118 5019 διὰ
1134 4966 1227 5019 τοῦ
1261 4966 1424 5020 αύλοῦ
1456 4968 1748 5037 γινομένην
1780 4985 1884 5035 φω-

283 5060 402 5129 νὴν,
419 5061 543 5121 ταῖς
558 5059 587 5109 ύ
597 5057 800 5127 μενώδε
808 5074 890 5109 σιν
906 5057 1116 5127 ἐξοχαῖς
1137 5061 1193 5111 ἐν
1212 5057 1396 5128 κύκλῳ
1413 5057 1690 5128 περιδονού
1699 5075 1876 5128 μενον.

294 5150 559 5223 ’Υπερῲα
588 5149 771 5202 δίε-τὸν
811 5149 1055 5202 κάτωθεν
1085 5149 1316 5218 φθόγγον
1351 5149 1624 5220 ἐκδέχεται
1653 5149 1731 5220 τῷ
1757 5151 1877 5202 κατ’

282 5246 457 5318 αὐτὴν
485 5241 788 5312 κενώματι,
823 5241 1058 5313 διδύμοις
1079 5241 1259 5305 αὐλοῖς
1281 5245 1391 5305 τοῖς
1412 5242 1504 5294 ὲπὶ
1529 5242 1653 5304 τοὺς
1672 5241 1879 5310 μυκτῆ-

287 5350 387 5401 ρας
404 5331 682 5401 διήκουσι,
707 5329 800 5382 καὶ
827 5323 936 5382 οἷον
961 5329 1192 5382 λεπίδων
1210 5330 1352 5382 τισὶν
1373 5329 1583 5398 ἐξοχαῖς
1613 5332 1725 5392 τοῖς
1752 5331 1882 5399 περὶ

283 5422 375 5473 τὴν
395 5420 465 5490 ὴθ
475 5419 577 5488 μὸν
605 5419 847 5489 χόνδροις
875 5420 973 5490 τὴν
1004 5420 1188 5489 φωνὴν
1219 5419 1628 5488 περισχίζουσα,
1657 5435 1884 5486 γεγωνο-

285 5511 452 5581 ripas;
483 5510 586 5581 τὴν
611 5510 748 5579 ἠχὴν
771 5511 1157 5585 ἀπεργάζεται.
1186 5508 1396 5579 Παρειὰ
1419 5509 1493 5571 δὲ,
1524 5509 1617 5561 καὶ
1638 5508 1878 5575 γλῶσσα,

291 5602 384 5654 καὶ
421 5603 455 5670 ἡ
497 5601 626 5670 περὶ
680 5601 767 5653 τὸν
797 5605 1049 5674 φάρυγγα
1075 5599 1363 5669 διασκευὴ,
1392 5599 1511 5652 καθ’
1545 5599 1610 5668 ἢν
1641 5601 1668 5650 6
1707 5597 1879 5650 ἀνθε-

292 5691 430 5760 ρεὼν
449 5691 780 5761 ὑποχαλᾶται
802 5698 1222 5770 κοιλαινόμενος,
1256 5691 1350 5746 καὶ
1380 5689 1643 5754 ὁξυτονῶν
1670 5688 1875 5742 ἐπιτείο

2331 2166 2620 2204 sermonem
2653 2151 2952 2203 necessaria
2991 2148 3200 2202 habeat.

2055 2237 2281 2294 Donavit
2325 2239 2490 2310 igitur
2521 2240 2727 2294 homini
2758 2240 2980 2295 condito
3016 2253 3198 2296 rerum
3226 2237 3431 2292 Auctor
3469 2236 3554 2290 di-

1981 2330 2159 2384 vinam
2203 2330 2495 2400 quamdam
2522 2330 2776 2399 gratiam,
2807 2328 2996 2383 inditis
3036 2327 3259 2397 imagini
3293 2326 3458 2382 bonis
3484 2326 3554 2380 iis

1980 2435 2100 2488 quae
2135 2421 2373 2490 propriis
2399 2421 2576 2490 ipsius
2600 2420 2759 2474 bonis
2789 2427 2919 2474 sunt
2953 2405 3285 2473 consimilia.
3306 2419 3382 2470 Ac
3413 2417 3554 2470 bona

1981 2512 2198 2581 quidem
2247 2521 2442 2566 caetera
2483 2520 2695 2564 natura:
2737 2509 2980 2564 hominis
3026 2525 3091 2564 ex
3137 2522 3285 2562 mera
3317 2505 3555 2575 magniliv

1982 2603 2167 2658 ceutia
2217 2602 2454 2656 tribuit:
2493 2610 2729 2656 mentem
2772 2615 2902 2655 vero
2940 2600 3398 2669 prudentiamque
3443 2611 3554 2651 non

1983 2693 2204 2763 proprie
2231 2693 2416 2746 datam
2447 2692 2714 2756 dicemus,
2752 2693 2847 2746 sed
2880 2706 3005 2744 cum
3053 2689 3272 2744 homine
3304 2703 3553 2742 commu—

1985 2784 2221 2838 nicatam
2263 2801 2275 2835 :
2310 2783 2522 2836 volente
2567 2781 2824 2835 nimirum
2868 2779 2978 2834 Deo
3038 2779 3281 2834 debitum
3349 2787 3556 2831 natura:

1986 2887 2099 2926 sua:
2131 2871 2232 2926 soli
2260 2878 2515 2924 ornatum
2544 2870 2766 2940 imagini
2799 2868 3163 2923 circumdare.
3203 2867 3353 2923 Mens
3394 2883 3556 2936 porro

1985 2979 2109 3018 cum
2158 2963 2324 3016 animi
2371 2970 2582 3016 tantum
2633 2961 2992 3032 intelligentia
3036 2960 3550 3029 comprehendatur,

1989 3069 2265 3124 corporeae
2311 3053 2520 3108 scilicet
2551 3067 2749 3120 expers
2799 3051 3044 3106 materiei
3079 3069 3091 3103 :
3126 3049 3379 3102 habitura
3427 3063 3555 3116 pro-

1990 3145 2131 3201 feeto
2163 3143 2496 3215 praestantia:
2541 3157 2656 3197 suae
2703 3142 2847 3196 dona
2879 3141 2959 3195 sic
3004 3149 3142 3204 erat,
3200 3148 3346 3192 utea
3402 3138 3550 3191 nulla

1989 3254 2112 3293 cum
2145 3253 2203 3293 re
2235 3235 2800 3298 communicarenlur,
2835 3235 2939 3288 nisi
2977 3234 3196 3287 inventa
3229 3232 3367 3286 ratio
3399 3245 3550 3300 quato

1990 3331 2114 3386 dam
2147 3338 2315 3393 esset,
2353 3342 2458 3398 qua
2496 3334 2680 3382 motus
2715 3327 2888 3396 ipsius
2929 3325 3086 3396 quasi
3123 3325 3424 3395 patefieret.
3458 3322 3558 3377 ld-

1991 3422 2142 3477 circo
2189 3427 2309 3476 erat
2358 3435 2498 3489 opus
2549 3418 2845 3472 artificiosa
2887 3417 3373 3471 instrumentorum
3411 3423 3557 3470 stru-

1991 3526 2170 3580 ctura,
2219 3529 2327 3583 quo
2375 3527 2529 3566 mens
2554 3519 2736 3580 partes
2769 3510 2888 3564 voci
2923 3509 3220 3564 formandze
3251 3508 3557 3561 destinatas

1992 3616 2250 3676 tanquam
2302 3605 2567 3673 plectrum
2604 3601 2823 3667 feriens,
2873 3602 3022 3656 sonis
3057 3609 3208 3656 certo
3259 3598 3418 3654 modo
3461 3614 3560 3653 ex-

1990 3700 2194 3770 pressis
2287 3705 2494 3752 motum
2539 3711 2698 3752 suum
2742 3695 3059 3751 interiorem
3119 3698 3436 3764 exponeret.
3483 3691 3560 3745 Ac

1989 3787 2450 3862 quemadmodum
2483 3787 2528 3840 si
2558 3787 2683 3857 quis
2711 3785 2933 3840 musicae
2953 3786 3175 3859 peritus,
3200 3800 3298 3840 sua
3333 3783 3556 3853 quidem

1989 3897 2121 3938 voce
2148 3881 2281 3935 vitio
2311 3877 2547 3949 quodam
2595 3876 2942 3942 destituatur,
2985 3885 3155 3932 artem
3191 3890 3322 3931 vero
3363 3875 3560 3928 nihilo-

1990 3973 2175 4026 minus
2206 3978 2484 4026 ostentare
2515 3967 2665 4031 velit,
2704 3974 2764 4019 ut
2811 3981 2943 4038 ergo
2989 3968 3076 4021 hic
3113 3967 3372 4022 ascititiis
3414 3968 3558 4019 voci-

1990 4065 2095 4119 bus
2126 4063 2404 4133 elegantcr
2455 4063 2650 4126 utitur,
2701 4060 2784 4116 vel
2826 4060 2938 4131 lyra
2967 4059 3052 4113 vel
3091 4059 3245 4121 tibia,
3293 4067 3554 4126 quantum

1991 4163 2107 4210 arte
2140 4155 2334 4218 valeat,
2373 4152 2755 4209 demonstrans
2789 4169 2802 4204 :
2831 4152 2912 4206 sic
2955 4165 3109 4204 mens
3173 4149 3408 4201 humana
3459 4160 3556 4198 va-

1989 4247 2195 4300 riarum
2263 4245 2536 4298 rationum
2588 4243 2932 4312 indagatrix,
2985 4255 3110 4292 cum
3166 4237 3555 4306 cogitationum

1988 4353 2209 4393 suarum
2241 4336 2465 4392 consilia
2506 4349 2614 4388 non
2646 4335 2820 4403 possit
2857 4331 3043 4386 animo
3075 4329 3308 4399 aperire,
3337 4327 3428 4397 qui
3463 4344 3558 4397 per

1988 4408 2244 4484 externos
2277 4440 2474 4480 sensus
2505 4439 2592 4478 res
2629 4421 2893 4491 percipit:
2933 4420 3078 4474 velut
3133 4417 3442 4473 industrius
3468 4432 3558 4470 ara

1990 4519 2122 4574 tifex
2153 4519 2391 4572 animata
2423 4529 2627 4585 organa
2664 4513 2866 4582 pulsat,
2902 4526 3106 4581 perque
3136 4509 3344 4564 editum
3378 4508 3558 4562 abhis

1989 4624 2182 4666 sonum
2214 4606 2428 4662 abditas
2460 4604 2820 4674 cogitationes
2843 4617 2972 4657 suas
3001 4600 3278 4670 patefacit.
3317 4598 3411 4654 Est
3451 4593 3584 4652 au-’

1987 4708 2096 4755 tem
2129 4699 2183 4752 in
2215 4698 2318 4751 hoc
2377 4694 2612 4750 hominis
2661 4694 3026 4749 instrumento
3074 4691 3362 4746 commista
3403 4706 3550 4758 qua:-

1989 4791 2111 4845 dam
2146 4789 2293 4844 tibiae
2325 4787 2562 4859 lyraeque
2593 4787 2820 4850 musica,
2841 4800 2949 4839 non
2987 4784 3145 4840 aliter
3172 4791 3335 4852 atque
3360 4782 3405 4837 si
3442 4781 3556 4836 haec

1988 4883 2096 4937 duo
2137 4887 2326 4934 mutuo
2367 4885 2632 4934 concentu
2691 4884 3077 4937 consonarent.
3129 4873 3263 4928 Nam
3328 4873 3556 4940 spiritus

1987 4989 2083 5044 per
2146 4971 2406 5026 arteriam
2445 4984 2513 5024 ex
2570 4967 2738 5032 vasis,
2789 4969 2990 5037 quibus
3045 4967 3160 5036 ipse
3219 4965 3552 5026 continetur,

1988 5081 2206 5121 sursum
2274 5061 2564 5130 impulsus,
2632 5060 2854 5115 homine
2929 5059 3183 5113 locuturo
3245 5057 3551 5111 membrum

1985 5158 2185 5226 ipsum,
2216 5160 2276 5207 ut
2305 5166 2496 5207 vocem
2531 5150 2676 5213 edat,
2724 5150 2924 5220 cupide
2968 5149 3127 5219 quasi
3179 5147 3497 5202 intendente
3535 5164 3551 5201 :

1986 5257 2098 5302 tum
2127 5246 2292 5317 igitur
2339 5243 2570 5314 spiritus
2601 5241 2670 5295 ad
2705 5241 2995 5296 interiores
3036 5239 3254 5293 arteriae
3295 5236 3554 5292 commis-

1989 5354 2147 5394 suras
2186 5336 2384 5400 illisus,
2443 5348 2564 5404 quze
2617 5339 2852 5386 meatum
2909 5331 3062 5386 illum
3109 5331 3256 5384 tibiae
3319 5327 3555 5382 similem

1987 5429 2134 5483 omni
2163 5442 2226 5481 ex
2272 5434 2424 5496 parte
2466 5423 2768 5486 continent,
2813 5421 2961 5476 tibia:
2998 5434 3194 5476 sonum
3229 5417 3389 5471 modo
3417 5427 3550 5484 quo-

1985 5519 2110 5581 dam
2144 5517 2411 5580 imitatur,
2452 5514 2694 5584 undiquc
2724 5528 2820 5583 per
2863 5510 3126 5582 quasdam
3172 5507 3338 5561 veluti
3386 5504 3552 5560 strias

1985 5608 2358 5664 membraneas
2393 5606 2644 5675 agitatus.
2666 5603 2868 5657 Deinde
2893 5603 3129 5671 palatum
3159 5595 3422 5664 capedine
3453 5606 3551 5648 sua

1982 5708 2152 5750 vacua
2188 5709 2382 5750 sonum
2424 5692 2491 5746 ab
2524 5692 2632 5746 imo
2677 5691 2985 5746 tendentem
3030 5683 3336 5754 excipiens,
3376 5681 3557 5759 genii-
