4088 6210
550 319 644 374 {BI

1782 331 1838 386 S.
1879 331 2208 392 GBEGORH
2263 336 2558 395 NYSSENI

3696 346 3805 403 152

549 437 638 486 nis
661 430 910 485 eumdem
937 427 1136 487 ﬁstulis
1176 432 1244 488 ad
1276 437 1440 491 nares
1485 438 1909 508 pertinentibus,
1953 453 2115 515 atque

2222 467 2401 502 νεται·
2443 451 2616 504 ταῦτα
2679 447 2856 502 πάντα
2904 447 3003 520 τὴν
3039 448 3096 501 ἐν
3133 451 3250 514 ταῖς
3297 452 3513 522 νευραῖς
3542 453 3636 510 τοῦ
3666 459 3810 534 πλη-

545 522 823 576 ctiamilla
853 523 1196 594 cartilagine,
1241 541 1364 596 quae
1395 527 1449 582 id
1499 531 1645 600 quod
1690 532 1874 588 colum
1921 549 2118 593 vocant

538 611 944 681 complectitur,
979 619 1233 686 tanquam
1278 632 1376 686 per
1424 634 1684 690 squamas
1717 625 1969 680 nonnihil
2017 642 2116 682 ex-

540 712 752 760 stantes
777 705 849 758 ita
879 707 1194 780 disrumpit,
1228 718 1288 763 ut
1313 726 1415 766 vox
1440 712 1598 785 longe
1619 713 1820 770 clarior
1835 717 2112 772 reddatur.

538 791 703 848 Gena:
731 809 916 864 porro,
973 803 1025 851 et
1059 797 1264 868 lingua,
1297 809 1352 852 et
1386 799 1622 854 faucium
1661 809 1937 858 structura
1961 805 2109 860 circa

539 901 703 955 quam
752 894 993 941 mentum
1052 888 1107 942 in
1166 888 1397 944 formam
1439 907 1734 947 concavam
1778 895 2108 964 explicatum

543 976 762 1031 tandem
825 978 880 1031 in
947 993 1178 1034 acumen
1228 980 1434 1034 desinit
1468 997 1481 1032 :
1515 984 1630 1039 haec
1673 1000 1805 1054 ergo
1849 987 2106 1042 universa

2223 557 2387 608 κτρου
2410 540 2624 612 κίνησιν
2647 539 2995 611 ὑποκρίνεται
3026 541 3284 605 ποικίλως
3318 544 3410 596 καὶ
3432 545 3805 619 πολυτρόπως,

2219 630 2312 682 ἐπὶ
2341 627 2533 702 καιροῦ
2586 633 2683 684 σὺν
2733 631 2911 701 πολλῷ
2941 631 3020 702 τῷ
3050 632 3202 701 τάχει
3232 629 3642 705 μεθαρμόζοντα
3670 645 3808 713 πρὸς

2217 721 2317 792 τὴν
2369 723 2558 792 χρείαν
2615 724 2744 786 τοὺς
2792 725 2998 785 τόνους.
3044 723 3280 776 Χειλέων
3311 723 3367 777 δὲ
3409 724 3659 800 διαστολὴ
3712 739 3808 789 και

2219 813 2477 883 ἐπίμυσις
2508 815 2702 868 ταύτὸν
2732 817 2875 867 ποιεῖ
2901 817 3012 877 τοῖς
3035 814 3121 866 διὰ
3149 813 3257 867 τῶν
3285 815 3562 870 δακτύλων
3583 819 3810 889 ἐπιλαμ·

2217 901 2436 958 σάνουσι
2481 905 2574 959 τοῦ
2621 904 2783 959 αὐλοῦ
2811 904 2872 958 τὸ
2901 904 3139 975 πνεῦμα,
3176 906 3267 958 καὶ
3291 907 3390 976 τὴν
3418 908 3684 978 ἁρμονίαν
3709 911 3805 965 τοῦ

2217 992 2432 1062 μέλους.

537 1070 726 1138 plectri
769 1069 822 1124 in
861 1069 1054 1125 liJibus
1092 1080 1296 1125 motum
1331 1075 1481 1128 varie
1525 1076 2005 1147 multipliciterque
2045 1094 2481 1150 repraesentant:
2521 1096 2574 1142 et
2615 1103 2808 1159 magna
2855 1088 3155 1154 celeritate,
3201 1098 3363 1158 prout
3405 1107 3493 1146 res
3543 1095 3799 1162 postulat,

537 1175 731 1214 vocum
761 1165 921 1212 tonos
971 1169 1203 1215 mutant.
1258 1161 1549 1218 Labiorum
1590 1165 1825 1235 denique
1862 1169 2197 1237 diductione,
2243 1177 2671 1246 eorumdemque
2708 1180 2948 1235 vicissim
2999 1182 3407 1250 compressione
3443 1161 3808 1250 siciutimur,

541 1261 599 1307 ut
628 1251 824 1308 musici
852 1252 1144 1322 digitorum
1177 1270 1340 1324 opera
1365 1257 1615 1326 spiritum
1651 1259 1704 1313 in
1749 1260 1966 1326 ﬁstulis,
1996 1271 2050 1318 et
2071 1271 2265 1321 cantus
2297 1269 2434 1324 adeo
2481 1270 2819 1326 harmoniam
2854 1271 3225 1326 moderantur.

1166 1367 1403 1423 CAPUT
1443 1369 1510 1424 Χ.

946 1458 1172 1513 Mentem
1198 1476 1288 1529 per
1316 1456 1504 1515 sensus
1535 1479 1704 1533 agere.

611 1553 726 1610 Hoc
749 1555 912 1626 igitur
952 1562 1111 1625 pacto
1139 1564 1322 1610 mente
1353 1572 1450 1626 per
1475 1557 1754 1626 opiﬁcium
1783 1561 2108 1630 organicum

2768 1385 3159 1440 ΚΕΦΑΛΑΙΟΝ
3207 1386 3262 1440 I'.

2363 1478 2490 1531 "Ott
2525 1476 2622 1531 διὰ
2659 1476 2776 1530 τῶν
2805 1477 3150 1546 αἰσθήσεων
3191 1481 3223 1531 ό
3249 1477 3392 1544 νοῦς
3416 1479 3661 1548 ἐνεργεῖ.

2289 1563 2446 1618 Ούτω
2499 1566 2675 1618 τοίνυν
2731 1565 2825 1618 τοῦ
2859 1565 2950 1619 νοῦ
2993 1566 3080 1619 διὰ
3123 1566 3221 1635 τῆς
3273 1568 3568 1638 ὀργανικῆς
3604 1569 3808 1639 ταύτης

541 1661 853 1701 sermonem
912 1646 966 1700 in
1025 1645 1186 1702 nobis
1242 1648 1402 1716 quasi
1460 1648 1796 1716 modulante,
1851 1653 2111 1722 loquendi

2222 1657 2558 1727 κατασκευῆς
2587 1659 2643 1708 ἐν
2672 1659 2802 1728 ἡμῖν
2824 1657 3286 1726 μουσουργοῦντος
3322 1658 3412 1710 τὸν
3450 1659 3628 1725 λόγον,
3660 1658 3809 1727 λογιο

541 1737 862 1792 facultatem
907 1738 1086 1808 adepti
1128 1752 1322 1793 sumus
1368 1758 1380 1794 :
1424 1755 1534 1810 quo
1569 1741 1770 1812 insigni
1800 1743 1945 1799 dono
1971 1746 2116 1800 cari-

542 1829 649 1882 turi
683 1844 924 1893 eramus,
993 1830 1039 1884 si
1094 1845 1258 1898 grave
1313 1831 1719 1903 molestumque
1765 1838 2117 1907 comparandi

541 1923 782 1976 humano
847 1921 1064 1989 corpori
1116 1932 1304 1990 pastus
1356 1922 1637 1990 negotium
1705 1924 1874 1982 labris
1930 1927 2117 1982 datum

541 2014 758 2069 fuisset.
817 2013 974 2066 Nunc
1031 2027 1156 2066 cum
1211 2013 1263 2066 id
1319 2013 1479 2068 ollicii
1532 2015 1788 2070 manibus
1835 2017 2114 2087 obtigerit,

539 2106 688 2160 nulla
731 2119 796 2159 ex
830 2105 932 2183 alia
973 2119 1031 2158 re
1079 2119 1142 2159 os
1184 2105 1444 2174 occupari
1499 2121 1725 2161 necesse
1761 2115 1866 2173 est,
1920 2109 2026 2166 nisi
2057 2117 2118 2164 ut

541 2211 850 2250 sermonem
883 2210 1051 2264 quam
1095 2195 1382 2265 aptissime
1409 2195 1646 2267 ellingat.
1685 2197 1862 2267 Atque
1900 2209 1984 2254 est
2016 2200 2117 2254 hu-

535 2289 628 2356 jus
661 2287 851 2360 organi
877 2287 1074 2357 duplex
1117 2287 1336 2356 quidem
1381 2302 1538 2350 usus,
1573 2289 1713 2343 alter
1740 2289 1795 2343 in
1827 2290 2116 2345 eﬂiciendo

539 2393 694 2442 sono,
727 2379 864 2432 alter
896 2377 951 2432 in
984 2377 1314 2448 recipiendis
1348 2379 1458 2434 illis
1492 2380 1819 2451 rebus,quas
1839 2396 1928 2435 res
1958 2391 2114 2436 extra

539 2487 641 2527 nos
667 2471 873 2540 positas
902 2469 1340 2526 consideramus.
1384 2469 1586 2524 Harum
1647 2480 1830 2526 autem
1881 2470 2114 2528 laculta-

539 2571 653 2614 tum
679 2569 871 2615 neutra
909 2574 1034 2614 cum
1078 2559 1248 2613 altera
1290 2559 1591 2614 miscetur:
1625 2559 1720 2614 sed
1765 2562 2021 2630 quaelibet
2060 2562 2112 2616 id

539 2652 671 2722 agit,
700 2651 768 2706 ad
789 2650 938 2721 quod
972 2666 1002 2703 a
1035 2660 1230 2705 natura
1263 2659 1347 2706 est
1367 2651 1660 2706 destinata.
1697 2651 1906 2708 Idcirco
1936 2669 2114 2724 neque

541 2744 766 2798 auditus
822 2743 1092 2812 loquitur,
1133 2759 1310 2814 neque
1355 2760 1463 2798 vox
1505 2744 1682 2807 audit,
1736 2761 1911 2814 neque
1943 2746 2114 2802 altera

541 2836 734 2889 harum
766 2835 1052 2905 perturbat
1093 2835 1341 2890 alteram.
1375 2836 1514 2889 Nam
1559 2852 1663 2891 vox
1706 2838 1927 2907 quidem
1972 2853 2113 2893 sem-

541 2941 639 2996 per
675 2926 878 2996 aliquid
910 2927 1110 2981 emittit
1145 2968 1159 2992 ,
1203 2934 1506 2997 contraque
1545 2927 1766 2982 auditus
1797 2942 2112 2998 quanquam

2221 1748 2305 1800 κοὶ
2330 1748 2649 1818 γεγόναμεν,
2680 1749 2778 1800 οὐκ
2802 1748 2884 1810 ἂν,
2912 1747 2986 1811 ὡς
3017 1743 3190 1818 οἴμαι,
3235 1747 3446 1818 ἔχοντες
3473 1750 3571 1818 τὴν
3601 1749 3694 1801 τοῦ
3721 1749 3808 1802 λόο

2221 1853 2315 1905 γου
2347 1837 2524 1908 χάριν,
2558 1839 2606 1891 εί
2636 1839 2696 1891 τὸ
2737 1838 2872 1909 βαρύ
2903 1856 2959 1891 τε
3008 1839 3100 1892 καὶ
3131 1838 3382 1892 ἐπίπονον
3414 1839 3511 1908 τῆς
3541 1839 3681 1892 κατᾶ
3711 1839 3808 1911 τὴν

2222 1927 2424 1998 βρῶσιν
2474 1928 2724 1998 λατρείας
2786 1928 2896 1990 τοῖς
2953 1928 3152 1998 χείλεσι
3191 1929 3327 1998 πρὸς
3368 1929 3464 1997 τὴν
3494 1927 3684 1997 χρείαν
3712 1927 3805 1980 τοῦ

2221 2017 2471 2088 σώματος
2500 2017 2844 2089 ἐπορίζομεν.
2895 2018 3030 2070 Νυνὶ
3059 2018 3115 2071 δὲ
3153 2020 3250 2090 τὴν
3280 2017 3535 2088 τοιαύτην
3562 2019 3807 2088 λειτουρο

2217 2108 2339 2178 γίαν
2373 2111 2428 2161 αἱ
2472 2111 2653 2179 χεῖρες
2698 2111 2778 2172 εἰς
2807 2108 3004 2174 ἐαυτὰς
3045 2110 3460 2179 μετενέγκασαι,
3503 2108 3718 2160 εῦΘετον
3737 2110 3804 2180 τῇ

2219 2200 2491 2272 ὑπηρεσίᾳ
2533 2200 2626 2252 τοῦ
2676 2199 2834 2268 λόγου
2885 2200 2945 2252 τὸ
2990 2200 3161 2271 στόμα
3198 2201 3506 2255 κατέλιπον.
3551 2200 3723 2268 Διπλῆ
3750 2199 3808 2252 δὲ

2218 2293 2346 2361 περὶ
2384 2291 2444 2343 τὸ
2495 2291 2722 2362 ὄργανον
2754 2293 2788 2362 ἡ
2819 2292 3064 2362 ἐνέργεια
3090 2309 3101 2322 ·
3138 2295 3170 2362 ἠ
3207 2293 3304 2362 μὲν
3361 2292 3493 2361 πρὸς
3545 2290 3810 2361 ἐργασίαν

2217 2381 2374 2451 ἠχῆς,
2403 2385 2435 2452 ἡ
2461 2381 2515 2434 δὲ
2533 2382 2667 2451 πρὸς
2701 2384 2966 2453 ὑποδοχὴν
2989 2384 3093 2436 τῶν
3123 2382 3320 2447 ἔξωθεν
3354 2382 3660 2452 νοημάτων.
3697 2381 3810 2433 Καὶ

2216 2473 2314 2526 οὐκ
2353 2474 2702 2542 ἐπιμίγνυται
2721 2474 2856 2546 πρὸς
2886 2474 2983 2544 τὴν
3015 2475 3257 2545 ὲτέρανή
3283 2472 3438 2543 ἄλλη,
3467 2472 3602 2526 ἀλλὰ
3621 2488 3807 2541 παρα-

2220 2563 2369 2633 μένει
2409 2567 2473 2634 τῇ
2526 2566 2796 2635 ἐνεργείᾳ,
2830 2566 2914 2634 ἐφ’
3009 2565 3208 2635 ἐτάχθη
3256 2566 3405 2635 παρὰ
3439 2565 3536 2634 τῆς
3568 2563 3806 2632 φύσεως,

2215 2657 2314 2709 ούκ
2350 2656 2638 2726 ἐνοχλοῦσα
2667 2659 2732 2726 τῇ
2765 2657 2987 2724 γείτονι,
3021 2656 3144 2710 οῦτε
3174 2657 3271 2727 τῆς
3305 2657 3472 2726 ἀκοῆς
3517 2656 3804 2723 λαλούσης,

2215 2744 2336 2801 οὔτε
2365 2745 2464 2815 τῆς
2494 2746 2674 2816 φωνῆς
2714 2746 3034 2816 ἀκουούσης.
3080 2746 3140 2798 'Il
3186 2746 3282 2815 μὲν
3323 2745 3436 2814 γὰρ
3471 2745 3556 2798 ἀεί
3587 2761 3639 2796 τι
3671 2744 3810 2798 πάν-

2215 2852 2322 2898 τως
2333 2837 2599 2906 προΐεται,
2619 2837 2650 2903 ἡ
2669 2836 2723 2887 δὲ
2749 2835 2885 2904 ἀκοὴ
2909 2834 3170 2905 δεχομένη
3186 2833 3444 2905 διηνεκῶς
3477 2834 3574 2885 οὐκ
3595 2831 3810 2902 ἐμπίμ-

2217 2929 2436 2992 πλαται,
2490 2927 2670 2990 καθώς
2719 2928 2852 2998 φησί
2896 2945 2996 2980 που
3033 2926 3316 2997 Σολομὼν·
3349 2927 3376 2978 ὃ
3423 2944 3510 2996 μοι
3543 2925 3813 2978 δοκεῖκαὶ

539 3025 802 3087 perpetuo
837 3017 1087 3088 recipiat,
1126 3033 1406 3088 nunquam
1430 3026 1610 3072 tamen
1642 3019 1900 3087 repletur,
1928 3034 2115 3090 quem-

2222 3019 2458 3089 μάλιστα
2485 3017 2592 3071 τῶν
2644 3021 2701 3071 ἐν
2748 3021 2877 3088 ἡμῖν
2912 3016 3059 3082 ἄξιον
3099 3013 3235 3069 εἶναι
3283 3019 3375 3070 καὶ
3407 3016 3806 3086 θαυμάζεσθαι·

540 3111 834 3166 admodum
870 3110 1089 3165 Salomo
1123 3110 1322 3164 alicubi
1358 3109 1600 3179 loquitur
1621 3110 1830 3176 “.Quse
1862 3125 1950 3165 res
1977 3111 2113 3165 mihi

541 3205 776 3258 maxime
802 3203 855 3257 in
890 3203 1047 3258 nobis
1083 3203 1446 3258 admiratione
1482 3203 1644 3274 digna
1689 3202 1927 3269 videtur,
1981 3219 2104 3273 qua:

541 3295 800 3348 nimirum
837 3294 929 3346 illa
973 3294 1046 3348 sit
1088 3294 1369 3348 interioris
1408 3303 1612 3349 nostra:
1651 3295 1970 3364 capacitatis
2007 3309 2118 3348 am-

542 3386 775 3455 plitudo,
812 3385 866 3438 in
906 3399 1071 3454 quam
1113 3385 1297 3438 omnia
1335 3400 1429 3454 per
1469 3386 1719 3439 auditum
1768 3385 1948 3439 infusa
1983 3402 2118 3440 con--

544 3479 748 3542 lluunt;
803 3477 898 3547 qui
953 3478 1065 3533 sint
1114 3477 1272 3546 quasi
1325 3491 1354 3530 a
1404 3478 1838 3541 commentariis,
1880 3494 2112 3549 quorum

542 3583 708 3637 opera
760 3568 1158 3638 consignentur
1198 3582 1261 3623 ea
1310 3584 1432 3638 qua:
1484 3569 1539 3623 in
1582 3583 1744 3625 aures
1787 3581 2114 3639 penetrant;

542 3674 664 3727 qua:
699 3660 1044 3728 receptacula
1079 3660 1190 3714 sint
1250 3674 1432 3714 rerum
1459 3659 1648 3713 auditu
1709 3669 2114 3731 perceptarum,

542 3765 653 3819 quo
684 3759 842 3820 pacto
873 3748 987 3805 ﬁeri
1020 3751 1219 3820 possit,
1265 3761 1324 3804 ut
1351 3765 1477 3805 cum
1509 3751 1645 3806 adeo
1683 3753 1853 3806 multa
1891 3762 1942 3808 et
1963 3754 2116 3808 varia

543 3841 931 3905 immittantur,
991 3854 1098 3894 non
1137 3840 1192 3893 in
1245 3839 1606 3894 collocatione
1645 3856 1826 3895 rerum
1885 3841 2114 3896 aliarum

545 3947 711 4002 super
749 3931 884 3986 alias
919 3929 1173 3986 confusio
1210 3945 1275 3986 ac
1315 3930 1656 4000 perturbatio
1697 3934 1944 4002 quaedam
1993 3949 2119 3989 con-

544 4025 738 4094 tingat.
792 4023 938 4079 ldem
965 4034 1018 4079 et
1051 4023 1105 4077 in
1148 4023 1406 4078 facultate
1446 4023 1666 4079 vidente
1705 4026 1758 4078 in
1802 4025 2118 4080 admiratio-

543 4130 666 4169 nem
697 4115 864 4170 venit.
896 4112 1031 4168 Nam
1062 4121 1117 4169 et
1147 4130 1242 4184 per
1266 4114 1409 4168 hanc
1439 4113 1602 4168 modo
1647 4117 1886 4183 quodam
1937 4117 2119 4171 consi-

546 4207 661 4260 mili
689 4221 844 4261 mens
881 4206 1120 4260 extraria
1173 4205 1494 4275 prehendit,
1546 4208 1890 4276 receptisque
1935 4223 2117 4262 rerum

546 4299 926 4370 apparentium
959 4297 1292 4360 simulacris,
1348 4297 1551 4364 formas
1583 4313 1771 4352 eorum
1803 4315 1924 4368 quae
1968 4301 2116 4354 cerni

545 4396 775 4456 possunt
797 4388 935 4457 apud
969 4403 1091 4444 sese
1120 4387 1382 4457 depingit.
1412 4387 1588 4457 Atque
1618 4396 1677 4442 ut
1709 4388 1762 4441 in
1786 4389 1964 4458 ampla
1981 4405 2120 4458 qua-

545 4477 669 4531 dam
692 4471 846 4541 urbe,
876 4494 996 4547 quae
1037 4494 1134 4548 per
1171 4477 1418 4532 diversos
1446 4480 1629 4534 aditus
1676 4480 1926 4537 homines
1959 4483 2118 4537 adve-

548 4568 760 4622 nientes
811 4568 1022 4637 recipit,
1073 4584 1184 4623 non
1237 4585 1404 4622 unum
1458 4573 1751 4640 quemdam
1811 4574 1877 4627 ad
1935 4575 2117 4628 locum

547 4676 738 4716 omnes
769 4668 1131 4724 concurrunt,
1164 4662 1260 4716 sed
1300 4665 1438 4718 alios
1469 4664 1654 4720 videre
1680 4675 1764 4720 est
1801 4667 1864 4721 ad
1913 4668 2113 4732 forum,

548 4752 686 4808 alios
721 4753 774 4805 in
799 4751 962 4816 aedes,
1000 4751 1138 4808 alios
1169 4753 1236 4807 ad
1263 4755 1506 4818 comitia,
1549 4757 1777 4826 plateas,
1809 4759 2115 4830 angiporta,

545 4842 780 4908 theatra,
805 4855 1078 4912 quemque
1102 4843 1186 4897 sui
1210 4858 1275 4898 ex
1303 4845 1471 4900 animi
1503 4848 1794 4913 sententia,
1811 4851 2119 4914 tendentes,

546 4937 620 4988 ita
633 4944 686 4990 et
700 4938 902 4992 mentis
923 4937 1204 5011 oppidum,
1223 4937 1368 5007 quod
1386 4946 1469 4994 est
1484 4940 1625 4994 intra
1642 4957 1742 4996 nos
1755 4952 2120 5010 exstructum,

548 5027 749 5083 diversi
815 5028 1035 5098 quidem
1077 5044 1338 5084 sensuum
1388 5031 1750 5103 aditusquasi
1812 5037 2122 5105 complent;

547 5133 701 5173 mens
729 5127 906 5173 tamen
931 5119 998 5176 de
1021 5121 1252 5192 singulis
1278 5137 1399 5192 quae
1421 5123 1827 5193 ingrediuntur,
1851 5125 2121 5195 judicium

547 5209 772 5272 faciens,
805 5219 859 5266 et
892 5211 945 5266 in
986 5214 1238 5282 quaelibet
1276 5213 1578 5282 inquirens,
1629 5217 1709 5272 sic
1756 5218 1953 5274 deinde
1996 5237 2125 5290 pro-

547 5301 782 5370 priasea
806 5303 954 5358 velut
978 5305 1032 5358 in
1063 5305 1222 5361 sedes
1241 5308 1450 5362 notitire
1475 5309 1730 5367 collocat.
1751 5311 1827 5364 Ac
1857 5312 2121 5381 quemad-

547 5391 768 5447 modum
820 5409 920 5448 usu
951 5395 1137 5451 venire
1178 5405 1353 5466 potest
1389 5398 1539 5468 (libet
1580 5401 1726 5455 enim
1772 5402 1848 5455 uti
1909 5403 2120 5465 eadem,

546 5500 652 5552 qua
691 5486 978 5554 ccepimus,
1019 5487 1086 5540 ab
1120 5488 1318 5558 Oppido
1351 5497 1565 5560 sumpta
1601 5492 2026 5561 comparatione)
2066 5501 2121 5545 ut

547 5576 796 5641 tribules,
855 5578 937 5632 vel
978 5580 1142 5633 etiam
1190 5583 1433 5651 cognati,
1481 5581 1668 5638 eadem
1721 5584 1908 5636 urbem
1969 5592 2123 5654 porta

621 5728 665 5760 '°
693 5734 873 5793 Eccle.
923 5755 959 5804 ι,
991 5734 1042 5793 8.

2226 3108 2281 3164 τί
2328 3110 2389 3163 τὸ
2444 3109 2643 3172 πλάτος
2685 3111 2892 3162 ἐκείνου
2924 3111 3016 3162 τοῦ
3052 3109 3260 3161 ἔνδοθεν
3285 3110 3630 3180 χωρήματος,
3673 3109 3754 3169 εἰς
3783 3107 3814 3159 ὃ

2219 3202 2395 3255 πάντα
2422 3204 2610 3272 συρρεῖ
2640 3203 2706 3254 τὰ
2735 3202 2820 3254 διὰ
2847 3201 2941 3270 τῆς
2981 3202 3150 3271 ἀκοῆς
3193 3203 3548 3271 είσχεόμενας
3591 3200 3733 3262 τίνες
3762 3201 3812 3252 οἱ

2219 3294 2777 3362 ὑπομνηματογράφοι
2803 3292 2910 3344 τῶν
2932 3291 3317 3361 είσαγόμένων“
3336 3294 3392 3344 ὲν
3420 3293 3556 3361 αὐτῇ
3597 3291 3773 3358 λόγων
3795 3308 3810 3355 ;

2220 3387 2311 3438 καὶ
2335 3389 2462 3438 ποῖα
2485 3385 2661 3455 δοχεῖα
2688 3385 2793 3438 τῶν
2827 3383 3180 3454 ἐντιθεμένων
3206 3387 3271 3454 τῇ
3310 3385 3443 3455 ἀκοῇ
3476 3383 3763 3454 νοημάτων
3795 3399 3809 3446 ;

2219 3477 2312 3530 καὶ
2339 3476 2474 3540 πῶς,
2498 3476 2706 3530 πολλῶν
2722 3477 2812 3529 καὶ
2833 3475 3184 3529 παντοδαπῶν
3199 3475 3445 3545 ἀλλήλοις
3474 3477 3570 3526 ἐπε
3579 3474 3784 3543 μϐαλλο
3802 3504 3813 3512 -

2223 3568 2417 3637 μένων,
2450 3566 2710 3636 σύγχυσις
2740 3568 2832 3620 καὶ
2856 3566 3028 3637 πλάνη
3057 3565 3195 3618 κατὰ
3224 3565 3320 3635 τὴν
3347 3565 3647 3634 ἐπάλληλον
3662 3565 3812 3616 θέσιν

2218 3659 2326 3713 τῶν
2339 3661 2671 3730 ἐγκειμένων
2689 3661 2749 3712 ού
2772 3660 3000 3726 γίνεται;
3020 3658 3091 3710 Τὸ
3113 3659 3224 3711 ἴσον
3237 3658 3281 3711 δ’
3303 3659 3366 3712 ἄν
3396 3675 3477 3720 τις
3494 3658 3585 3710 καὶ
3603 3657 3696 3709 ἐπὶ
3712 3657 3812 3723 τῆς

2218 3751 2324 3804 τῶν
2355 3751 2530 3820 ὄψεων
2551 3749 2826 3818 ἐνεργείας
2850 3748 3198 3818 Θαυμάσειεν.
3218 3748 3445 3818 Ὁμοίως
3481 3747 3587 3816 γὰρ
3609 3749 3700 3800 καὶ
3721 3749 3814 3802 διὰ

2219 3842 2420 3895 τούτων
2439 3844 2466 3894 ὁ
2492 3843 2614 3905 νοῦς
2631 3843 2736 3895 τῶν
2755 3841 2858 3906 ἔξω
2879 3841 2972 3894 τοῦ
2992 3842 3242 3912 σώματος
3277 3840 3682 3910 ἐπιδρασσεται,
3715 3843 3813 3893 καὶ

2221 3934 2355 4006 πρὸς
2369 3934 2554 3986 ἑαυτὸν
2571 3933 2716 3986 ’ἐλκει
2735 3933 2838 3985 τῶν
2854 3933 3191 4002 φαινομένων
3207 3931 3273 3984 τὰ
3290 3931 3497 3996 εἴδωλα,
3514 3930 3814 4000 τοὺςχαρα’

2221 4028 2323 4098 κτῆ
2331 4045 2428 4099 ρας
2443 4027 2550 4079 τῶν
2567 4027 2778 4099 ὁρατῶν
2804 4029 2859 4081 ἐν
2888 4027 3065 4097 ἑαυτῷ
3088 4027 3474 4096 καταγράφων.
3495 4025 3605 4078 Καὶ
3621 4024 3813 4094 ὥσπερ

2223 4119 2376 4182 εἴτις
2404 4118 2713 4190 πολύχωρος
2748 4119 2830 4189 εἴη
2868 4118 3019 4180 πόλις
3046 4119 3108 4170 ἐκ
3141 4116 3412 4188 διαφόρων
3446 4115 3665 4168 εἰσόδων
3687 4117 3813 4178 τοῦς

2223 4210 2358 4278 πρὸς
2407 4211 2574 4278 αὐτὴν
2620 4209 3029 4279 συμφοιτῶντας
3063 4207 3434 4277 είσδεχομένη,
3483 4206 3583 4259 οὐκ
3617 4205 3710 4258 ἐπὶ
3751 4205 3812 4258 τὺ

2224 4299 2354 4351 αὐτὸ
2378 4300 2520 4352 κατά
2539 4317 2588 4351 τι
2618 4299 2724 4350 τῶν
2743 4301 2799 4351 ὲν
2824 4303 2887 4370 τῇ
2909 4299 3059 4352 πόλει
3088 4298 3485 4368 συνδραμόντες
3505 4298 3552 4349 οἱ
3583 4296 3808 4359 πάντες,

2225 4390 2338 4444 ἀλλ’
2357 4393 2403 4442 οἱ
2431 4391 2526 4460 μὲν
2543 4390 2680 4443 κατὰ
2703 4390 2798 4460 τὴν
2819 4391 3041 4460 ἀγορὰν,
3065 4392 3111 4442 oi
3141 4389 3194 4441 δὲ
3218 4388 3358 4442 κατὰ
3380 4390 3641 4458 οἰκήσεις,
3660 4387 3809 4439 ἄλλοι

2227 4483 2364 4534 κατὰ
2388 4482 2486 4544 τὰς
2527 4481 2838 4552 ἐκκλησίας,
2877 4481 2908 4551 ἥ
2945 4483 3040 4544 τὰς
3071 4482 3349 4544 πλατείας,
3397 4481 3429 4550 ἢ
3477 4482 3600 4542 τοὺς
3655 4497 3812 4531 στενκ

2226 4574 2426 4636 ωποῦς,
2452 4573 2484 4643 ἢ
2509 4574 2574 4625 τὰ
2617 4573 2839 4644 θέατρα,
2868 4574 3006 4627 κατὰ
3029 4574 3126 4644 τὴν
3169 4573 3299 4626 ἰδίαν
3321 4574 3548 4633 ἕκαστος
3579 4571 3810 4640 γνώμην

2230 4665 2630 4735 μεταχωροῦσν
2665 4665 2919 4736 τοιαύτην
2965 4666 3084 4720 τινὰ
3129 4665 3309 4735 βλέπω
3342 4665 3434 4717 καὶ
3466 4663 3562 4733 τὴν
3588 4661 3682 4714 τοῦ
3716 4661 3809 4714 νοῦ

2227 4758 2382 4810 πόλιν
2431 4759 2529 4828 τὴν
2561 4756 2770 4810 ἔνδοθεν
2805 4759 2860 4810 ἐν
2890 4760 3021 4828 ἡμῖν
3055 4757 3485 4827 συνῳκισμένην,
3521 4757 3587 4826 ἣν
3625 4756 3812 4821 διάφο-

2229 4865 2311 4919 ροι
2343 4847 2439 4919 μὲν
2468 4850 2522 4902 αί
2547 4847 2632 4900 διὰ
2659 4847 2767 4899 τῶν
2797 4847 3098 4916 αἰσθήσεων
3126 4847 3316 4900 εἴσοδοι
3349 4843 3810 4914 καταπληροῦσιν’

2233 4944 2458 4997 ἕκαστον
2533 4941 2589 4993 δὲ
2619 4939 2727 4992 τῶν
2772 4940 3046 4992 εἰσιόντων
3092 4937 3430 5008 φιλοκρινῶν
3487 4954 3547 4989 τε
3593 4936 3688 4989 καὶ
3730 4935 3815 4988 δι-

2229 5036 2500 5102 εξετάζων
2531 5037 2559 5087 ὁ
2595 5034 2718 5095 νοῦς
2739 5073 2751 5094 ,
2787 5036 2899 5095 τοῖς
2934 5031 3289 5102 καταλλήλοις
3321 5032 3420 5102 τῆς
3441 5027 3694 5098 γνώσεως
3726 5029 3816 5081 τό·

2234 5145 2353 5190 ποις
2399 5125 2795 5180 ἐναποτίθεται,
2854 5125 2963 5177 Καὶ
3017 5123 3206 5194 ὥσπερ
3251 5125 3344 5176 ἐπὶ
3390 5123 3484 5176 τοῦ
3533 5123 3676 5175 κατὰ
3714 5123 3815 5192 τὴν

2240 5221 2386 5273 πόλιν
2415 5220 2833 5288 ὑποδείγματος,
2873 5218 2986 5270 ἔστι
3022 5217 3283 5280 πολλάκις
3317 5215 3623 5286 ὁμοφύλους
3658 5214 3816 5276 τινὰς

2233 5310 2392 5373 ὄντας
2436 5311 2529 5363 καὶ
2575 5311 2852 5377 συγγενεῖς
2894 5308 3026 5378 μηδὲ
3081 5308 3179 5378 τῆς
3227 5307 3396 5376 αὐτῆς
3445 5305 3619 5375 πύλης
3661 5305 3814 5367 ἐντὸς

2233 5401 2506 5470 γενέσθαι,
2538 5401 2696 5454 ἄλλου
2730 5402 2850 5453 κατ’
2883 5401 3047 5471 ἄλλην
3079 5399 3282 5453 εἴσοδον
3319 5397 3458 5451 κατὰ
3497 5396 3558 5449 τὸ
3595 5395 3813 5466 συμϐάν

2235 5492 2642 5563 εἰσδραμόντος,
2690 5491 2845 5544 ούδέν
2877 5491 2933 5542 δὲ
2976 5487 3138 5560 ἦττον
3188 5489 3336 5553 ἐντὸς
3371 5489 3466 5558 τῆς
3511 5485 3814 5557 περιϐολῆς

2236 5583 2326 5637 τοῦ
2382 5583 2587 5652 τείχους
2639 5583 2949 5652 γενόμενοι,
3000 5583 3158 5634 πάλιν
3216 5585 3331 5650 μετ’
3379 5581 3627 5651 ἀλλήλων
3681 5579 3816 5642 εισι,
