4088 6210
517 317 626 376 £55

1751 322 1809 376 S.
1837 322 2169 379 GREGORII
2213 323 2507 381 NYSSENI
2571 320 2574 324 ’

3647 301 3783 385 isis

515 440 748 488 mentem
786 433 1062 502 propriam
1098 434 1452 504 perspectam
1480 436 1676 492 habet?
1701 435 2090 506 Rcspondeant

2218 440 2302 493 τῶν
2355 440 2742 510 καταλήψεως,
2790 441 2838 494 εί
2882 441 3108 505 ἑαυτοὺς
3164 442 3539 516 κατενόησαν;
3587 446 3635 498 εἰ
3685 447 3780 501 τοῦ

515 525 698 588 nobis,
725 526 816 594 qui
861 525 954 581 Dei
989 535 1239 582 naturam
1272 528 1440 583 animi
1487 529 1920 599 cogitationibus
1949 547 2101 586 com-

517 614 777 683 prehendi
844 631 1004 685 posse
1061 619 1399 683 existimant,
1451 620 1734 688 seipsosne
1767 622 1925 691 plane
1975 637 2102 676 con-

514 705 760 774 templati
785 708 950 761 sunt?
989 712 1256 764 mentisve
1281 712 1515 781 proprize
1553 724 1804 766 naturam
1847 716 2102 785 explora-

515 805 624 849 tam
655 805 708 851 et
738 799 1009 868 cognitam
1045 801 1456 857 habent?Dices
1492 804 1630 856 hanc
1656 803 1794 859 forte
1821 807 2003 860 multis
2036 822 2102 861 ex

516 888 680 941 rebus
713 889 946 945 diversis
979 901 1255 946 constare.
1295 893 1362 946 At
1403 910 1512 962 quo
1543 903 1700 963 pacto
1731 895 1844 949 fieri
1899 904 2100 966 potest,

516 978 748 1048 utquod
799 980 981 1033 animo
1034 981 1375 1052 intelligitur,
1438 987 1801 1054 compositum
1837 987 1949 1041 sit?
2001 995 2098 1043 aut

515 1088 635 1141 (inae
665 1072 879 1126 tandem
913 1073 965 1126 in
992 1075 1091 1128 hoc
1115 1091 1238 1129 esse
1268 1077 1439 1145 possit
1493 1080 1769 1134 mistionis
1805 1096 1986 1136 rerum
2011 1098 2104 1152 ge-

518 1181 646 1220 nere
672 1165 1016 1220 diversarum
1061 1169 1235 1222 ratio?
1295 1168 1390 1222 Sin
1423 1178 1613 1224 contra
1650 1181 1858 1228 statues
1894 1175 2103 1243 simpli-

517 1271 634 1308 cem
687 1257 978 1325 quamdam
1044 1261 1243 1316 mentis
1288 1275 1411 1314 esse
1456 1270 1726 1325 naturam,
1770 1264 2103 1334 minimeque

517 1347 874 1414 compositam
933 1366 945 1400 :
994 1363 1096 1417 qua
1146 1349 1262 1403 ﬁeri
1295 1350 1444 1404 dices
1470 1351 1700 1414 ratione,
1727 1362 1785 1405 ut
1834 1353 1888 1405 in
1923 1355 2102 1409 varios

517 1435 706 1492 eadem
748 1453 944 1494 sensus
1001 1443 1326 1510 spargatur?
1361 1442 1635 1511 quomodo
1678 1443 1731 1496 in
1769 1459 1879 1497 uno
1913 1445 2104 1498 varia?

518 1529 796 1597 quomodo
845 1531 899 1584 in
947 1531 1115 1587 variis
1151 1547 1273 1587 esse
1335 1549 1501 1587 unum
1550 1535 1764 1602 potest?
1810 1534 2103 1591 Enimvero

519 1636 627 1690 quo
659 1621 778 1675 inte
799 1623 1033 1678 obscura
1062 1638 1164 1679 nos
1192 1633 1352 1694 pacto
1377 1627 1735 1694 explicemus,
1757 1627 2104 1681 animadver-

520 1721 594 1765 to.
626 1731 644 1762 ι
688 1711 973 1768 Faciamus
997 1715 1294 1779 hominem,
1328 1733 1348 1767 ι
1410 1715 1586 1784 inquit
1620 1714 1782 1778 Deus,
1820 1735 1839 1768 ι
1875 1717 1941 1770 ad
1964 1719 2102 1770 ima-

2205 532 2335 585 ἰδίου
2364 531 2456 584 νοῦ
2481 533 2580 602 τὴν
2609 532 2770 600 φύσιν
2797 533 3146 601 ὲπέγνωσαν;
3181 533 3500 606 Πολυμερής
3531 535 3615 598 τίς
3639 535 3779 604 ἐστι,

2202 625 2296 677 καὶ
2327 623 2740 686 πολυσύνθετος.
2782 623 2891 676 Καὶ
2937 624 3053 686 πῶς
3093 624 3154 676 τὸ
3182 624 3370 696 νοητὸν
3402 627 3458 678 ὲν
3501 625 3778 693 συνθέσεις

2202 716 2348 786 ἢτίς
2396 718 2424 768 ό
2472 715 2572 784 τῆς
2619 714 2728 768 τῶν
2772 715 3103 786 ἑτερογενῶν
3149 717 3503 788 ἀνακράσεως
3538 717 3777 788 τρόποςς

2215 806 2353 859 Ἀλλ’
2390 805 2594 868 ἁπλοῦς
2635 806 2726 858 καὶ
2767 805 3055 867 άσύνθετος
3080 819 3094 833 ·
3125 805 3218 858 καὶ
3247 807 3360 870 πῶς
3385 809 3464 870 εἰς
3487 805 3584 876 τὴν
3614 807 3779 859 πολυ-

2209 898 2431 968 μέρειαν
2461 898 2560 968 τὴν
2600 897 2917 968 αἰσθητικὴν
2944 897 3346 968 διασπείρεται;
3385 897 3498 962 πῶς
3530 901 3587 952 ὲν
3616 897 3778 968 μονό-

2203 1007 2327 1060 τητι
2377 990 2438 1042 τὸ
2496 988 2768 1052 ποικίλον;
2819 988 2932 1050 πῶς
2979 989 3038 1039 ὲν
3079 989 3318 1060 ποικιλίᾳ
3371 989 3429 1042 τὸ
3470 990 3567 1054 έν;
3637 991 3779 1043 Ἀλλ’

2203 1081 2373 1148 ἔγνων
2422 1079 2530 1132 τῶν
2567 1079 2929 1150 ἠπορημένων
2967 1081 3064 1149 τὴν
3105 1080 3292 1143 λύσιν,
3323 1083 3412 1133 ἐπ’
3447 1083 3615 1152 αὐτὴν
3646 1083 3780 1135 ἀνα-

2202 1171 2420 1242 δραμὼν
2449 1170 2544 1222 τοῦ
2563 1169 2695 1222 Θεοῦ
2726 1169 2820 1240 τὴν
2844 1171 3026 1239 φωνήν
3043 1186 3056 1199 ⁸
3094 1189 3112 1220 ι
3137 1171 3457 1239 Ποιήσωμεν
3479 1189 3495 1221 ι
3526 1170 3654 1241 γάρ,
3676 1187 3752 1241 φη
3773 1201 3784 1209 -

2206 1258 2310 1318 σὶν,
2341 1276 2359 1305 ι
2385 1256 2665 1329 ἄνθρωπον
2689 1260 2805 1310 κατ’
2828 1258 3006 1310 εἰκόνα
3036 1259 3129 1310 καὶ
3158 1258 3276 1311 καθ’
3297 1259 3552 1328 ὁμοίωσιν
3578 1260 3782 1330 flueti-

2205 1367 2324 1419 ραν.
2352 1365 2370 1396 ι
2411 1349 2475 1402 'H
2507 1350 2612 1420 γὰρ
2647 1348 2806 1403 εἰκὼν
2838 1349 2941 1411 ἓως
2971 1349 3034 1402 ἂν
3064 1351 3118 1402 ἐν
3165 1350 3351 1420 μηδενὶ
3386 1350 3640 1421 λείπηται
3672 1351 3783 1403 τῶν

2204 1440 2343 1490 κατὰ
2371 1441 2432 1491 τὸ
2473 1442 2775 1510 ἀρχέτυπον
2803 1441 3125 1510 νοουμένων,
3159 1442 3362 1511 κυρίως
3394 1443 3541 1494 ἐστὶν
3583 1442 3747 1495 εἰκών
3769 1458 3780 1469 ·

2204 1530 2324 1582 καθ’
2355 1530 2383 1582 ὃ
2421 1531 2464 1582 δ’
2497 1530 2561 1584 ἂν
2588 1531 2819 1603 διαπέσῃ
2846 1533 2941 1601 τῆς
2970 1532 3103 1603 πρὸς
3127 1532 3186 1584 τὸ
3214 1533 3567 1602 πρωτότυπον
3596 1533 3784 1602 ὁμοιόι-

2204 1638 2400 1691 τητος,
2433 1624 2551 1675 κατ’
2588 1624 2764 1674 ἐκεῖνο
2801 1623 2862 1674 τὸ
2906 1623 3070 1694 μέρος
3116 1624 3279 1676 εἰκὼν
3327 1624 3427 1676 οῦκ
3472 1624 3636 1675 ἔστιν.
3679 1624 3785 1675 06-

2205 1711 2334 1764 κοῦν
2369 1713 2554 1782 ἐπειδὴ
2585 1713 2640 1764 ἓν
2669 1712 2777 1764 τῶν
2816 1713 2938 1783 περὶ
2976 1713 3071 1783 τὴν
3102 1713 3250 1766 θείαν
3289 1713 3447 1782 φύσιν
3478 1713 3786 1784 θεωρουμέο

520 1805 721 1874 ginem,
752 1805 1277 1876 similitudinemque
1305 1815 1572 1862 nostram.
1608 1825 1624 1858 ι
1657 1809 1842 1877 Imago
1877 1808 1923 1863 si
1955 1810 2103 1862 nulla

2218 1789 2318 1855 νων
2361 1800 2478 1857 ἔστι
2510 1805 2569 1856 τὸ
2594 1805 2977 1874 ἀκατάληπτον
3008 1805 3106 1875 τῆς
3134 1805 3320 1868 ούσίας
3340 1820 3354 1833 ⁸
3391 1806 3603 1876 ἀνάγκη
3635 1808 3786 1861 πᾶσα

520 1895 574 1948 in
619 1903 770 1964 parte
806 1897 1078 1952 desideret
1105 1914 1169 1952 ea
1197 1914 1318 1968 quae
1351 1907 1480 1953 sunt
1510 1899 1561 1952 in
1595 1900 1910 1970 archetypo,
1963 1909 2109 1955 recte

520 1987 730 2040 scilicet
801 1987 981 2056 imago
1035 1975 1447 2058 appellabitur:
1491 1990 1576 2044 sin
1627 1992 1806 2061 aliqua
1856 2008 1918 2046 ex
1959 2001 2109 2062 parte

521 2076 930 2132 similitudinem
965 2079 1312 2148 exemplaris,
1345 2079 1410 2133 ad
1459 2080 1604 2149 quod
1636 2091 1719 2136 est
1745 2083 2104 2147 conformata,

521 2183 630 2222 non
677 2167 864 2232 refert,
919 2169 1219 2225 secundum
1251 2171 1496 2224 eamdem
1529 2181 1738 2240 partem
1774 2173 1952 2243 imago
2000 2191 2106 2228 non

519 2267 625 2313 est.
685 2261 919 2324 Quando
980 2261 1146 2330 igitur
1177 2278 1344 2314 unum
1377 2263 1476 2316 hoc
1509 2273 1593 2317 est
1627 2264 1694 2318 de
1725 2265 1792 2319 iis
1835 2244 1961 2334 quae
1989 2282 2111 2321 esse

522 2350 578 2403 in
611 2349 720 2406 Deo
750 2360 988 2414 constat,
1026 2351 1118 2406 Dei
1145 2353 1404 2406 nimirum
1438 2362 1691 2408 naturam
1719 2357 2111 2425 comprehcndi

522 2442 669 2495 nulla
717 2442 946 2496 rationis
977 2444 1025 2496 vi
1061 2459 1249 2512 posse;
1302 2446 1674 2500 necessarium
1722 2448 1824 2502 erit
1862 2436 2108 2514 omnino,

521 2533 624 2588 bac
657 2535 821 2588 etiam
859 2534 913 2588 in
945 2542 1100 2604 parte
1131 2535 1418 2605 imaginem
1457 2536 1546 2589 Dei
1584 2537 1634 2588 in
1671 2537 1890 2592 homine
1920 2539 2110 2594 arche-

521 2632 649 2692 typo
683 2639 785 2679 suo
809 2625 1162 2695 respondere.
1198 2625 1330 2678 Nam
1376 2628 1421 2682 si
1453 2637 1648 2681 natura
1683 2629 1935 2698 imaginis
1969 2647 2108 2700 qua-

2215 1897 2307 1948 καὶ
2329 1897 2386 1947 ἐν
2409 1896 2582 1966 τούτῳ
2609 1896 2704 1967 τὴν
2734 1896 2915 1948 εἰκόνα
2944 1895 3077 1966 πρὸς
3106 1895 3167 1948 τὸ
3192 1897 3495 1967 ἀρχέτυπον
3520 1897 3664 1966 ἔχειν
3687 1898 3787 1968 τὴν

2218 1985 2466 2054 μίμησιν.
2514 1985 2574 2037 Εἰ
2607 1985 2714 2055 γάρ
2743 1988 2775 2056 ἡ
2816 1986 2913 2054 μὲν
2947 1987 3044 2055 τῆς
3089 1985 3294 2047 εἰκόνος
3326 1985 3485 2053 φύσις
3516 1987 3789 2057 κατελαμ-

2215 2076 2428 2140 ϐάνετο,
2473 2076 2532 2129 τὸ
2581 2077 2638 2129 δὲ
2687 2078 3037 2147 πρωτότυπον
3077 2077 3217 2148 ὑπὲρ
3268 2076 3569 2146 κατάληψιν
3608 2073 3708 2148 ἦν·
3754 2079 3789 2148 ἡ

2214 2169 2520 2238 ἐναντιότης
2567 2169 2673 2222 τῶν
2717 2169 3198 2240 ἐπιθεωρουμένων
3244 2169 3304 2222 τὸ
3348 2168 3790 2240 διημαρτημένον

2213 2262 2309 2331 τῆς
2349 2261 2554 2324 εἰκόνος
2609 2261 2908 2330 διήλεγχεν.
2977 2259 3196 2330 Ἐπειδὴ
3248 2259 3304 2312 δὲ
3356 2259 3634 2328 διαφεύγει
3690 2260 3790 2330 τὴν

2215 2351 2414 2419 γνῶσιν
2443 2355 2474 2423 ἡ
2507 2353 2649 2405 κατά
2678 2352 2768 2405 τὸν
2799 2353 2922 2404 νοῦν
2953 2353 3042 2404 τὸν
3077 2352 3343 2422 ἡμέτερον
3369 2351 3547 2420 φύσις,
3587 2351 3642 2413 ὃς
3673 2353 3792 2403 ὲστι

2216 2445 2334 2496 κατ’
2359 2443 2540 2496 εἰκόνα
2563 2443 2654 2496 τοῦ
2680 2443 2980 2506 κτίσαντος,
3003 2443 3202 2512 ἀκριϐῆ
3225 2443 3360 2511 πρὸς
3380 2441 3440 2494 τὸ
3463 2441 3794 2510 ὑπερκείμε-

2216 2555 2305 2591 νον
2345 2538 2458 2608 ἔχει
2497 2540 2594 2609 τὴν
2625 2539 2918 2610 ὁμοιότητα
2943 2581 2957 2602 ,
2998 2538 3076 2608 τῷ
3115 2537 3236 2590 καθ’
3296 2536 3486 2590 ἑαυτὸν
3528 2534 3795 2605 ἀγνώστῳ

2217 2629 2634 2700 χαρακτηρίζων
2657 2631 2752 2700 τὴν
2782 2629 3160 2699 ἀκατάληπτον
3185 2626 3366 2695 φύσιν.

521 2720 588 2774 lis
631 2722 723 2783 sit,
782 2721 1009 2792 intelligi
1063 2730 1281 2791 posset;
1335 2721 1613 2792 exemplar
1654 2737 1781 2776 vero
1829 2725 2082 2793 princeps
2133 2739 2300 2794 supra
2364 2725 2954 2794 intelligentiamostrae
2985 2722 3129 2775 vires
3174 2719 3412 2790 positum
3439 2725 3582 2772 esset
3623 2734 3637 2770 :
3679 2716 3797 2770 haec

520 2813 638 2881 ipsa
667 2811 956 2867 diversitas
1009 2813 1213 2866 indicio
1263 2812 1420 2879 foret,
1463 2821 1729 2882 quantum
1776 2815 1844 2868 ab
1876 2817 2171 2886 archetypo
2221 2816 2397 2886 imago
2429 2815 2545 2885 ipsa
2581 2813 2926 2868 recessisset.
2953 2809 3106 2864 Nune
3154 2824 3273 2864 cum
3316 2816 3562 2860 naturam
3595 2808 3798 2861 mentis

522 2914 746 2966 nostra.
779 2906 843 2959 ad
870 2907 1133 2961 creatoris
1162 2907 1454 2976 imaginem
1507 2907 1683 2969 factae,
1720 2907 2091 2978 intelligentiae
2121 2909 2201 2963 vis
2229 2909 2446 2977 assequi
2487 2925 2592 2963 non
2617 2907 2807 2977 possit,
2827 2913 3138 2957 accuratam
3167 2916 3228 2954 ea
3253 2907 3460 2953 natura:
3489 2913 3651 2967 supra
3693 2913 3800 2954 nos

521 2998 837 3052 exsistcntis
878 2998 1288 3053 similitudinem
1333 2999 1530 3066 refert,
1587 3001 1750 3068 inque
1780 3017 1845 3054 eo
1879 3003 2022 3071 quod
2069 3011 2122 3056 et
2173 3003 2292 3072 ipsa
2343 3001 2587 3072 indagari
2641 3017 2744 3054 non
2797 3005 3001 3068 potest,
3039 3008 3327 3066 expressas
3356 2991 3801 3046 naturaeincom-

524 3092 848 3163 prchensilis
883 3100 1041 3148 notas
1068 3089 1330 3148 osaendit.

1128 3205 1361 3260 CAPUT
1403 3205 1514 3260 ΧΗ.

524 3317 642 3384 Qua
675 3327 824 3384 parte
859 3316 1116 3369 contineri
1163 3317 1402 3384 princeps
1460 3319 1624 3369 animi
1671 3316 1902 3384 facultas
1953 3316 2114 3383 (quod

591 3388 915 3456 ἡγεμονικόν
973 3384 1144 3438 (Irarci
1197 3388 1403 3454 dicunt)
1438 3387 1675 3455 putanda
1727 3389 1815 3438 sit.
1860 3387 1991 3450 Qum
2041 3387 2114 3438 la-

592 3471 892 3522 crgmarum
929 3472 990 3508 ac
1032 3458 1172 3508 risus
1213 3473 1410 3517 causa',
1452 3459 1791 3524 explicatum.
1827 3457 2116 3509 'I'lieorema

593 3525 812 3604 denique
837 3525 1132 3592 physicum,
1161 3526 1224 3580 de
1252 3528 1508 3591 "interici,
1543 3537 1773 3590 nulurw,
1827 3544 1890 3579 ac
1925 3527 2114 3578 mentis

594 3605 732 3647 inter
760 3611 813 3648 88
851 3606 1033 3648 mutuo
1063 3612 1222 3649 nexu.

597 3706 805 3762 Idcirco
836 3708 1055 3764 tandem
1105 3709 1322 3764 curiosa
1356 3710 1572 3766 vanitas
1619 3711 1902 3764 hominum
1931 3710 2116 3778 conje-

525 3801 698 3856 cturis
759 3803 1005 3856 visorum
1064 3803 1317 3865 facessat,
1365 3819 1506 3872 quos
1549 3805 1746 3857 mentis
1799 3802 2113 3856 facultatem

525 3907 648 3959 quae
671 3893 1026 3962 intelligentia
1051 3895 1566 3963 comprehenditur,
1593 3893 1852 3948 membris
1881 3893 2115 3947 nonnul-

529 3985 596 4038 lis
622 3986 869 4052 corporis
893 3983 1175 4039 includere
1203 4000 1311 4039 non
1341 3993 1425 4038 est
1448 3986 1703 4039 veritum.
1750 3983 1882 4036 Nam
1922 3984 2116 4037 horum

528 4077 649 4129 aliis
677 4077 728 4128 in
763 4075 928 4129 corde
969 4076 1267 4144 principem
1300 4075 1468 4128 animi
1499 4075 1605 4128 vim
1631 4075 1902 4128 collocare
1929 4075 2113 4128 visum

529 4178 630 4231 ρει,
684 4166 807 4220 aliis
846 4165 898 4219 in
955 4167 1182 4220 cerebro
1220 4183 1234 4219 :
1289 4180 1415 4218 cum
1444 4164 1734 4234 opiniones
1790 4164 1956 4217 hasce
1989 4179 2118 4218 suas

531 4260 740 4316 levibus
791 4258 1010 4330 quidem
1048 4258 1173 4320 illis,
1207 4257 1303 4313 sed
1329 4266 1513 4310 tamen
1565 4273 1596 4309 a
1630 4256 1742 4311 veri
1777 4257 1960 4325 specie
2007 4271 2115 4309 non

532 4353 953 4408 abhorrentibus
1020 4351 1180 4422 plane
1256 4351 1564 4404 rationibus
1609 4349 1958 4403 confirment.
2014 4348 2117 4414 Qui

530 4447 675 4498 enim
709 4446 855 4499 cordi
894 4445 1259 4513 principatum
1288 4443 1564 4504 deferunt,
1600 4441 1774 4512 ipsius
1803 4441 1904 4495 loci
1944 4442 2114 4495 situm

2741 3200 3135 3253 ΚΕΦΑΛΑΙΟΝ
3171 3185 3271 3255 lB'.

2230 3319 2536 3382 Ἐεέτασις
2563 3356 2576 3376 ,
2615 3317 2683 3369 ἐν
2723 3316 2837 3368 τίνι
2866 3316 2932 3367 τὸ
2963 3314 3325 3383 ἡγεμονικὸν
3349 3314 3691 3384 νομιστέον,
3728 3315 3804 3370 ἐν

2279 3386 2345 3465 ᾧΔ
2364 3388 2461 3440 καὶ
2484 3387 2613 3465 περὶ
2645 3385 2920 3465 δακρᾴων
2945 3385 3042 3438 καὶ
3072 3386 3204 3465 περὶ
3233 3386 3487 3465 γέλωτος
3511 3389 3804 3465 φυσιολο-

2285 3455 2404 3526 ιγ-ία,
2432 3459 2528 3510 καὶ
2559 3455 2824 3523 θεώρημά
2847 3472 2897 3506 τι
2922 3455 3346 3526 φυσικὸνίπερί
3373 3455 3485 3526 τῆς
3513 3457 3661 3508 κατὰ
3687 3455 3804 3523 τὴν

2287 3524 2466 3595 ὕλην,
2500 3527 2600 3580 καὶ
2632 3526 2743 3594 τὴν
2771 3527 2982 3595 φύσιν,
3011 3525 3110 3578 καὶ
3148 3525 3254 3578 τὸν
3289 3524 3440 3579 νοῦν
3461 3527 3799 3592 κοινωνίας.

2285 3699 2499 3768 Σιγάτω
2541 3699 2720 3752 τοίνυν
2755 3699 2901 3751 πᾶσα
2937 3697 3262 3768 στοχαστικὴ
3295 3696 3650 3767 ματαιολογία
3691 3696 3806 3749 τῶν

2221 3792 2426 3864 μορίοις
2457 3791 2565 3843 τισὶ
2606 3793 2938 3860 σωματικοῖς
2977 3790 3076 3860 τὴν
3115 3789 3312 3859 νοητὴν
3342 3788 3806 3841 ὲναποκλειόντων

2217 3884 2517 3954 ἐνέργειαν,
2541 3875 2614 3936 ὧν
2639 3885 2688 3935 οἱ
2716 3883 2812 3952 μὲν
2835 3884 2889 3934 ὲν
2915 3881 3110 3952 καρδίᾳ
3131 3881 3192 3935 τὸ
3213 3881 3537 3952 ἡγεμονικὸν
3560 3875 3700 3934 εἶναι
3721 3880 3807 3932 τί-

2220 3978 2422 4042 θενται,
2454 3978 2503 4030 οἱ
2529 3976 2583 4028 δὲ
2617 3976 2693 4045 τῷ
2719 3974 3003 4044 ἐγκεφάλῳ
3032 3974 3122 4026 τὸν
3153 3974 3275 4026 νοῦν
3307 3973 3672 4028 ὲνδιαιτᾶσθαί
3702 3988 3810 4040 φα-

2221 4088 2338 4133 σιν,
2365 4067 2716 4140 ξὲπιπολαίοις
2750 4066 2859 4119 τισὶ
2904 4065 3224 4136 πιθανότησι
3259 4065 3360 4128 τὰς
3396 4064 3648 4127 τοιαύτας
3683 4065 3809 4116 ἐπι-

2218 4161 2368 4224 νοίας
2398 4159 2748 4230 κρατοῦντες.
2799 4158 2856 4210 Ὀ
2892 4157 2990 4227 μὲν
3021 4157 3130 4228 γάρ
3172 4159 3236 4226 τῇ
3270 4155 3468 4226 καρδία
3494 4153 3810 4226 προστιθεὶς

2218 4250 2316 4322 τὴν
2350 4248 2666 4320 ἡγεμονίαν,
2695 4247 2793 4318 τὴν
2835 4247 2974 4300 κατά
2999 4247 3162 4300 τόπον
3191 4245 3360 4316 αὐτῆς
3386 4243 3534 4298 θέσιν
3569 4247 3808 4297 ποιεῖται

2220 4339 2312 4392 τοῦ
2354 4339 2512 4402 λόγου
2547 4338 2876 4408 τεκμήριον,
2907 4336 2995 4389 διὰ
3031 4335 3092 4387 τὸ
3128 4335 3304 4388 δοκεῖν
3351 4351 3468 4398 πως
3497 4333 3593 4405 τὴν
3630 4334 3810 4404 μέσην
3845 4395 3856 4403 _

2220 4431 2313 4484 τοῦ
2353 4429 2554 4492 παντὸς
2597 4428 2848 4498 σώματος
2899 4427 3114 4495 ἐπέχειν
3145 4424 3328 4496 χώραν
3357 4425 3546 4494 αὐτὴν,
3588 4424 3663 4487 ὡς
3707 4425 3813 4495 τῆς

535 4551 631 4605 pro
656 4537 864 4589 ratione
896 4545 1181 4605 usurpant.
1217 4535 1423 4590 Etenim
1455 4552 1553 4590 cor
1588 4535 1768 4588 locum
1797 4532 1850 4586 in
1883 4531 2112 4587 humano

2229 4523 2617 4595 προαιρετικῆς
2663 4521 2927 4590 κινήσεως
2967 4519 3200 4580 εὐκόλως
3233 4521 3296 4570 ἐκ
3331 4515 3422 4569 τοῦ
3467 4516 3631 4586 μέσου
3668 4516 3815 4586 πρὸς

532 4640 764 4691 corpore
824 4633 937 4678 toto
991 4627 1226 4679 medium
1267 4642 1438 4697 prope
1487 4627 1740 4682 obtinere
1785 4626 2022 4689 videtur,
2067 4632 2124 4676 ut

535 4722 715 4770 motus
754 4731 782 4768 a
816 4717 1046 4769 consilio
1076 4718 1354 4784 profectus
1387 4718 1547 4773 facile
1585 4719 1640 4772 in
1673 4733 1876 4786 corpus
1909 4719 2125 4770 univcr-

537 4823 654 4862 sum
690 4822 756 4861 ex
810 4805 912 4860 hoc
968 4807 1144 4861 medio
1201 4822 1260 4861 se
1293 4808 1657 4869 diffunderet,
1731 4815 1896 4876 atque
1952 4808 2024 4860 ita
2056 4805 2126 4860 ad

537 4897 802 4967 agendum
835 4897 1270 4966 progrederetur.
1301 4897 1434 4950 lluic
1459 4897 1744 4952 sententh
1779 4897 1911 4952 illud
1957 4898 2123 4953 etiam

539 4989 872 5060 patrocinari
930 4998 1144 5058 putant,
1205 4989 1352 5059 quod
1409 4989 1629 5043 homine
1667 4990 1753 5044 vel
1809 5000 2004 5044 mmsto
2039 4990 2122 5045 vel

538 5083 701 5144 irato,
756 5081 1201 5151 perturbationes
1255 5081 1569 5151 hujusmodi
1609 5097 1706 5134 cor
1737 5082 1971 5134 maxime
2000 5096 2124 5149 per-

541 5189 758 5228 movere
780 5174 1055 5238 viilentur,
1094 5182 1152 5227 ut
1201 5173 1394 5229 iisdem
1428 5173 1711 5227 alliciatur.
1748 5171 1986 5227 Cerebro
2032 5171 2123 5241 qui

541 5265 901 5320 ratiocinandi
926 5266 1034 5320 vim
1057 5275 1404 5330 consecrant,
1421 5274 1583 5333 caput
1608 5281 1637 5317 τι
1658 5273 1850 5318 natura
1870 5273 2128 5332 tanquam

541 5373 725 5410 arcem
761 5357 1052 5426 quamdam
1112 5357 1284 5412 totius
1339 5359 1590 5427 corporis
1629 5364 1970 5412 exstructum
2009 5370 2133 5410 esse

543 5450 833 5503 alii-mam.
874 5447 983 5502 llac
1036 5448 1088 5501 in
1115 5464 1241 5504 arce
1275 5448 1473 5503 mentis
1522 5449 1686 5503 veluti
1722 5447 1864 5516 regis
1906 5447 2134 5502 domici-

546 5542 677 5594 lium
711 5556 852 5601 esse,
891 5556 1010 5609 qua!
1036 5541 1273 5610 undique
1299 5555 1558 5595 sensuum
1589 5539 1834 5610 organis,
1869 5546 2127 5607 tanquam

548 5632 923 5700 apparitorum
983 5633 1418 5702 stipatorumque
1485 5630 1750 5685 satellitio
1824 5630 2122 5684 muniatur.

552 5719 788 5777 Utuntur
836 5725 999 5780 etiam
1065 5724 1129 5779 ad
1188 5722 1572 5782 stabiliendam
1601 5726 1929 5778 sententiam
1970 5738 2122 5777 suam

2228 4613 2372 4667 ἆπαν
2416 4611 2779 4684 μεριζομένης
2833 4603 3014 4679 σῶμα,
3066 4610 3158 4661 καὶ
3200 4608 3373 4670 οὕτως
3415 4609 3494 4670 εἰς
3529 4607 3815 4676 ἐνέργειαν

2228 4704 2541 4776 προϊούσης.
2585 4705 2692 4756 Καὶ
2740 4701 3040 4772 μαρτύριον
3096 4703 3329 4753 ποιεῖται
3371 4699 3464 4752 τοῦ
3515 4699 3671 4767 λόγου
3711 4698 3816 4769 τὴν

2227 4796 2474 4867 λυπηράν
2502 4812 2560 4846 τε
2595 4795 2688 4846 καὶ
2720 4794 2941 4864 θυμώδη
2973 4793 3066 4846 τοῦ
3103 4781 3388 4862 ἀνθρώπου
3424 4790 3663 4843 διάθεσιν
3683 4830 3698 4855 ,
3726 4791 3816 4843 ὅτι

2228 4887 2374 4941 δοκεῖ
2399 4903 2514 4950 πως
2545 4885 2613 4938 τὰ
2635 4883 2860 4937 τοιαῦτα
2898 4882 3045 4953 πάθη
3082 4884 3353 4950 συγκινεῐν
3381 4880 3442 4933 τὸ
3470 4880 3631 4951 μέρος
3653 4878 3819 4931 τοῦτο

2230 4982 2364 5052 πρὸς
2396 4980 2492 5051 τὴν
2523 4976 2882 5049 συμπάθειαν.
2917 4977 2980 5027 υἱ
3009 4975 3064 5027 δὲ
3089 4974 3178 5026 τὸν
3203 4972 3503 5041 ἐγκέφαλον
3527 4971 3822 5039 ἀφιεροῦν-

2228 5089 2316 5135 τες
2365 5070 2442 5140 τῷ
2472 5068 2743 5138 λογισμῷ,
2776 5066 2964 5136 ὥσπερ
2997 5061 3289 5134 ἀκρόπολίν
3337 5080 3456 5114 τινα
3484 5060 3576 5114 τοῦ
3615 5061 3822 5123 παντὸς

2233 5164 2483 5234 σώματος
2524 5162 2622 5231 τὴν
2653 5157 2895 5228 κεφαλὴν
2925 5154 3250 5227 δεδομῆσθαι
3282 5158 3435 5224 παρὰ
3463 5154 3562 5223 τῆς
3598 5152 3822 5222 φύσεως

2231 5255 2511 5322 λέγουσιν·
2549 5253 2779 5306 ἐνοικεῖν
2825 5249 2883 5302 δὲ
2918 5249 3092 5320 ταύτῃ
3135 5245 3390 5317 καθάπερ
3432 5245 3553 5298 τινὰ
3591 5243 3824 5314 βασιλέα

2235 5346 2324 5399 τὸν
2362 5343 2506 5407 νοῦν,
2542 5337 2666 5396 ὀἷόν
2711 5358 2854 5395 τισιν
2902 5339 3321 5410 ἀγγελιαφόροις
3364 5337 3822 5408 ῆύπασπισταῐο,

2239 5440 2349 5500 τοῖς
2376 5435 2750 5505 αἰσθητηρίοις
2776 5435 2833 5486 ὲν
2860 5433 3045 5502 κύκλῳ
3073 5430 3555 5501 δορυφορούμενον.
3582 5427 3825 5496 Σημεῖλν

2237 5532 2294 5585 δὲ
2342 5531 2432 5582 καὶ
2480 5523 2623 5581 οὗτοι
2665 5529 2762 5597 τῆς
2805 5525 3058 5595 τοιαύτης
3108 5523 3362 5583 ὑπονοίας
3401 5519 3711 5580 ποιοῦνται,
3757 5516 3827 5570 ’τὺ

2239 5622 2578 5692 παράγεσθαι
2606 5619 2699 5671 τοῦ
2735 5618 3072 5679 καθεστῶτος
3103 5617 3191 5668 τὸν
3229 5612 3485 5682 λογισμὸν
3513 5611 3620 5663 τῶν
3650 5625 3825 5663 κεκα-

2236 5715 2495 5785 κωμένων
2531 5713 2624 5777 τὰς
2673 5713 2970 5782 μήνιγγας,
3005 5709 3097 5763 καὶ
3137 5710 3195 5761 το
3230 5709 3287 5759 ἐν
3326 5704 3518 5775 ἀγνοίᾳ
3563 5703 3656 5755 τοῦ
3686 5701 3830 5768 πρέ-
