4088 6210
205 326 302 386 ιον

1479 331 1569 387 DE
1624 331 1907 398 HOMlNlS
1950 332 2265 390 OPlFlCIO.

3364 334 3468 391 158

199 459 397 508 κοντος
424 441 665 512 γίνεσθαι
686 443 811 507 τοὺς
833 444 893 497 ὲν
917 442 1056 517 μέθῃ
1078 445 1587 518 καρηϐαρήσαντας.
1610 449 1771 519 Προσ-

1897 449 1998 507 hoc
2035 458 2374 521 argumento,
2405 450 2551 521 quod
2584 449 2943 505 ratiocinandi
2984 444 3215 505 facultas
3266 449 3320 505 in
3362 453 3461 515 eis,

199 536 417 591 τιθέασι
451 536 509 589 δὲ
539 536 631 589 καί
657 552 813 600 τινας
844 537 1222 609 φυσικωτέρας
1247 539 1424 617 αἰτίας
1467 540 1566 610 τῆς
1606 540 1786 593 τοιαύ-

1887 557 2118 610 quorum
2144 542 2442 610 meninges,
2470 542 2571 596 hoc
2601 550 2685 597 est
2719 541 3048 596 membrana
3077 541 3286 596 cerebri
3325 541 3467 596 laesa:

197 644 294 696 της
321 624 458 696 περὶ
494 625 557 677 τὸ
580 626 913 696 ἡγεμονικὸν
948 627 1197 691 ὑπονοίας
1226 628 1486 700 ἑκάτερος
1513 630 1620 684 τῶν
1656 630 1771 684 ταύ-

1888 641 2038 698 sunt,
2071 632 2138 687 de
2168 648 2270 687 suo
2294 633 2449 702 quasi
2489 640 2633 687 statu
2667 632 3058 703 proturbetur:
3101 641 3155 687 et
3186 635 3331 702 quod
3360 634 3461 686 ho-

195 732 317 780 ςαις
344 720 473 783 ταῖς
518 717 701 785 δόξαις
746 717 1186 788 παρισταμένων.
1222 719 1281 771 '0
1306 720 1402 789 μὲν
1424 720 1530 792 γὰρ
1557 720 1691 791 πρὸς
1723 722 1784 775 τὸ

194 808 450 879 πυρῶδες
473 808 751 878 συγγενῶς
784 807 930 878 ἔχειν
960 809 1059 879 τὴν
1087 810 1152 862 ὲκ
1182 808 1283 879 τῆς
1307 809 1546 874 διανοίας
1570 811 1783 881 κίνησιν

198 900 376 968 λέγει,
423 898 517 952 διὰ
550 900 952 969 τδ.ἁεικίνητον
992 895 1130 952 εἶναι
1166 900 1260 952 καὶ¹
1298 900 1360 954 τὸ
1404 900 1513 974 πῦρ
1560 903 1652 955 καὶ
1684 902 1783 973 τὴν

197 992 461 1044 διάνοιαν.
529 992 641 1044 Καὶ
686 990 876 1061 ἐπειδὴ
917 990 1190 1060 ’πηγάζειν
1231 992 1289 1044 ὲν
1334 992 1414 1062 τῷ
1472 993 1642 1063 μορίῳ
1681 994 1781 1064 τῆς

197 1081 423 1152 καρδίας
458 1084 494 1153 ἡ
533 1082 805 1152 θερμότης
840 1082 1215 1151 ὁμολογεῖται·
1256 1081 1342 1135 διὰ
1384 1082 1544 1136 τοῦτο
1586 1084 1661 1154 τῷ
1687 1085 1775 1136 εύ-

196 1174 402 1241 κινήτῳ
436 1173 543 1241 τῆς
577 1171 914 1242 θερμότητος
950 1171 1048 1241 τὴν
1080 1170 1175 1224 τοῦ
1215 1170 1308 1224 νοῦ
1335 1172 1546 1242 κίνησιν
1583 1174 1781 1226 ἀνακε-

193 1264 432 1333 κρᾶσθαι
458 1264 657 1331 λέγων,
685 1262 890 1332 δοχεῖον
919 1263 1021 1332 τῆς
1054 1263 1248 1333 νοερᾶς
1279 1262 1492 1331 φύσεως
1519 1264 1618 1335 τὴν
1651 1282 1783 1335 καρ-

191 1355 304 1407 δίαν
329 1350 477 1407 εἷναί
507 1370 692 1423 φησιν,
729 1354 788 1404 ὲν
821 1347 942 1425 ᾖτδ
973 1352 1172 1423 θερμὸν
1195 1353 1596 1424 περιείληπται.
1642 1356 1701 1407 Ὀ
1722 1356 1780 1408 δὲ

190 1447 376 1516 ἔτερος
414 1447 554 1498 πᾶσι
584 1448 701 1507 τοῖς
737 1443 1112 1515 αἰσθητηρίοις
1152 1439 1262 1498 οἷον
1311 1443 1623 1516 ὑποϐάθραν
1654 1445 1777 1499 τινὰ

191 1537 279 1588 καί
313 1536 476 1603 ῥίζαν
529 1529 670 1587 εἶναι
710 1533 860 1601 λέγει
891 1533 989 1603 τὴν
1029 1533 1269 1604 μήνιγγα
1309 1532 1486 1603 (οὕτω
1518 1533 1625 1605 γὰρ
1658 1534 1775 1586 ὀνο-

193 1628 426 1698 μάζουσι
455 1626 550 1679 τὸν
584 1626 934 1698 περιεκτικδν
960 1626 1054 1679 τοῦ
1079 1627 1382 1695 ἐγκεφάλου
1410 1627 1614 1697 ὑμένα)
1634 1644 1648 1658 ·
1682 1628 1777 1680 καὶ

187 1719 361 1788 τούτῳ
389 1718 706 1771 πιστοῦνται
729 1718 821 1770 τὸν
852 1717 982 1770 ίδιον
1005 1717 1273 1785 λόγον,ὼς
1303 1719 1401 1788 οὐχ
1426 1718 1649 1789 ἑτέρωθι
1678 1719 1777 1789 τῆς

184 1807 451 1878 νοητικῆς
480 1806 757 1877 ἐνεργείας
789 1805 1192 1876 καθιδρυμένης
1211 1849 1225 1871 ,
1252 1809 1301 1859 εί
1334 1809 1407 1878 μὴ
1443 1808 1564 1860 κατ’
1597 1810 1775 1860 ἐκεῖνο

182 1896 247 1949 τὸ
285 1896 485 1967 μέρος,
506 1889 551 1963 ᾧ
578 1897 672 1950 καὶ
693 1896 753 1949 τὸ
776 1892 870 1959 οὖς
899 1896 1315 1967 ὲφηρμοσμένον
1339 1897 1436 1961 τὰς
1465 1897 1774 1968 ἐμπιπτού-

184 2003 290 2050 σας
311 1987 471 2056 αὐτῷ
503 1986 684 2055 φωνὰς
713 1987 1103 2058 προσαράσσει.
1139 1989 1250 2042 Καί
1286 1990 1318 2059 ἡ
1361 1988 1483 2059 ὄψις
1515 1989 1657 2043 κατὰ
1683 1990 1774 2043 τὸν

179 2079 455 2150 πυθμένα
479 2081 581 2148 τῆς
607 2079 709 2131 τῶν
734 2078 1022 2150 ὀφθαλμῶν
1054 2080 1215 2152 ἕδρας
1249 2084 1654 2152 συμπεφυκυῖα,
1685 2082 1773 2136 διὰ

176 2172 293 2227 τῶν
322 2173 712 2242 ἐμπιπτόντων
758 2175 880 2235 ταῖς
917 2172 1107 2243 κόραις
1138 2172 1371 2228 εἰδώλων
1406 2175 1542 2245 πρὸς
1571 2175 1631 2228 τὸ
1666 2175 1773 2231 ἔσω

181 2264 425 2315 ποιεῖται
462 2260 563 2331 τὴν
590 2260 855 2314 τύπωσιν.
889 2261 995 2315 Καὶ
1027 2262 1133 2316 τῶν
1166 2263 1356 2332 ἀτμῶν
1396 2264 1453 2317 αἱ
1489 2264 1771 2334 ποιότητες

179 2352 270 2406 διὰ
294 2353 399 2423 τῆς
424 2352 885 2423 τῶνόσφρήσεων
912 2353 1079 2424 ὁλκῆς
1118 2355 1175 2408 ἐν
1202 2354 1351 2425 αὐτῷ
1384 2355 1767 2426 διακρίνονται.

182 2443 291 2496 Καὶ
329 2446 364 2513 ἡ
414 2445 562 2498 κατὰ
600 2446 701 2515 τὴν
743 2444 935 2513 γεῦσιν
980 2444 1230 2516 αἴσθησις
1266 2449 1331 2516 τῇ
1372 2447 1644 2517 ἐπικρίσει
1672 2449 1771 2519 τῆς

184 2538 453 2604 μήνιγγος
476 2535 849 2605 δοκιμάζεται,
879 2538 944 2590 ὲκ
975 2537 1068 2589 τοῦ
1113 2537 1378 2606 σύνεγγυς
1407 2539 1665 2607 ἐκφύσεις
1686 2557 1770 2593 τι-

180 2626 275 2689 νὰς
314 2625 612 2696 νευρώδεις
634 2627 728 2694 ἀφ’
755 2628 955 2699 ἑαυτῆς
995 2627 1317 2699 αίσθητικὰς
1352 2629 1439 2682 διὰ
1471 2629 1578 2683 τῶν
1605 2630 1770 2699 αὐχε-

178 2717 308 2770 νίων
354 2706 670 2771 σπονδύλων
714 2719 808 2771 ἐπὶ
838 2719 929 2771 τὸν
966 2718 1231 2789 ἠθμοειδῆ
1274 2712 1439 2790 πόρον
1474 2720 1615 2775 κατά
1644 2721 1770 2786 τοὺς

177 2808 372 2861 αὐτόθι
410 2808 557 2878 μύας
584 2809 1050 2882 ὲγκαταμιξάσης.
1091 2809 1234 2880 Ἐγὼ
1267 2813 1324 2869 δὲ
1352 2812 1413 2865 τὸ
1449 2813 1548 2884 μὲν
1580 2815 1770 2867 ἐπιτα-

179 2900 480 2971 ράσσεσθαι
528 2900 786 2964 πολλάκις
823 2903 958 2973 πρὸς
991 2902 1087 2966 τὰς
1120 2904 1228 2956 τῶν
1272 2904 1611 2975 παθημάτων
1655 2907 1769 2958 ἑπι-

1887 724 2065 778 mines
2103 724 2288 777 obruti
2339 723 2623 789 ebrietate,
2677 737 2895 777 omnem
2952 721 3136 776 decori
3195 728 3460 778 rationem

1886 815 2152 885 ignorent.
2189 812 2417 883 Utrique
2448 819 2708 882 praeterea
2735 811 2907 881 magis
2928 810 3091 866 etiam
3115 810 3378 866 doctrinae
3397 813 3464 867 de

1882 920 2064 958 rerum
2096 910 2290 957 natura
2336 910 2729 957 consentaneas
2779 902 3021 955 rationes
3054 899 3354 965 adducunt,
3393 902 3458 956 ad
3513 911 3523 925 '

1884 994 2213 1050 sententiam
2240 994 2308 1049 de
2340 993 2603 1063 principis
2636 991 2807 1045 animi
2838 991 3115 1045 facultatis
3140 991 3269 1045 sede
3300 1006 3458 1046 suam

1882 1084 2333 1139 confirmandam.
2364 1082 2497 1136 Nam
2529 1083 2666 1137 alter
2694 1080 2916 1151 quidem
2952 1081 3028 1134 ait
3068 1088 3276 1135 motum
3310 1094 3463 1135 men-

1880 1182 1951 1236 tis
1983 1180 2152 1249 igneae
2184 1189 2395 1232 naturaa
2431 1176 2645 1231 aflinem
2702 1190 2824 1231 esse
2847 1214 2862 1239 ,
2896 1175 3115 1245 quando
3153 1182 3209 1229 et
3237 1175 3378 1245 ignis
3406 1181 3462 1228 et

1881 1284 2034 1324 mens
2064 1282 2340 1337 nunquam
2374 1280 2481 1320 non
2528 1272 2867 1320 moveantur.
2918 1264 3167 1333 Cumque
3201 1263 3256 1317 in
3298 1263 3461 1318 corde

1878 1360 2077 1423 caloris
2104 1360 2306 1415 fontem
2337 1373 2458 1413 esse
2492 1359 2563 1413 sit
2593 1359 2646 1412 in
2698 1356 2950 1411 confesso
2970 1395 2985 1422 ,
3018 1355 3224 1410 idcirco
3260 1355 3460 1409 mentis

1879 1460 2083 1506 motum
2132 1464 2257 1506 cum
2299 1449 2499 1504 caloris
2549 1448 2850 1503 mobilitate
2910 1446 3069 1516 quasi
3095 1452 3457 1514 temperatum

1877 1559 2024 1612 esse,
2050 1558 2253 1612 corque
2294 1543 2433 1597 adeo
2486 1548 2695 1595 natura:
2752 1539 3105 1610 intelligentia
3137 1546 3457 1606 receptacu-

1878 1636 1986 1689 lum
2020 1634 2234 1697 statuit,
2285 1633 2429 1701 quod
2471 1632 2623 1686 calor
2648 1646 2713 1685 eo
2747 1630 3111 1685 contineatur.
3153 1627 3302 1681 Alter
3328 1641 3457 1681 vero

1878 1727 2182 1796 meningem
2245 1725 2345 1795 (sic
2380 1725 2525 1778 enim
2571 1723 2845 1791 appellant
2891 1720 3262 1775 membranam
3306 1732 3456 1773 cerc-

1876 1820 2033 1873 brum
2076 1812 2509 1886 amplectentem)
2546 1813 2787 1867 omnium
2845 1824 3177 1880 organorum
3211 1809 3453 1864 sentien-

1873 1911 2009 1964 tium
2041 1906 2211 1962 veluti
2261 1908 2446 1962 basem
2477 1895 2808 1959 ac'radicem
2836 1901 3127 1972 quamdam
3160 1914 3285 1954 esse
3309 1898 3455 1953 ailir-

1873 2007 2006 2054 mat.
2048 1998 2185 2052 Huic
2214 2010 2343 2067 ergo
2407 1993 2685 2066 propriam
2721 1991 2988 2046 rationem
3023 1988 3182 2058 quasi
3235 1988 3456 2043 credere

1873 2106 1983 2146 non
2012 2089 2241 2154 dubitat,
2278 2101 2451 2156 neque
2479 2085 2591 2139 ullo
2623 2084 2733 2138 alio
2772 2083 2829 2138 in
2875 2082 2999 2135 loco
3022 2078 3335 2133 facultatem
3369 2080 3457 2131 in-

1871 2181 2200 2251 telligentem
2232 2179 2392 2235 sitam
2424 2177 2725 2237 existimat,
2754 2180 2910 2228 extra
2958 2186 3123 2242 quam
3168 2185 3231 2225 ea
3262 2171 3315 2223 in
3351 2170 3453 2224 ho—

1870 2270 2036 2324 minis
2069 2277 2243 2337 parte,
2272 2266 2338 2321 ad
2391 2280 2554 2335 quam
2602 2277 2764 2318 aures
2827 2260 3117 2331 aptissime
3163 2256 3454 2327 adjuncta.

1869 2374 2036 2414 voces
2063 2357 2167 2413 sibi
2199 2355 2502 2410 incidentes
2535 2353 2694 2422 quasi
2727 2351 2975 2406 nonnihil
3011 2347 3277 2420 pulsando
3308 2347 3457 2402 defe-

1870 2457 2021 2506 runt.
2054 2447 2153 2504 Cui
2190 2454 2447 2516 aspectus
2486 2444 2541 2499 in
2578 2445 2683 2496 ima
2711 2442 3001 2497 oculorum
3036 2440 3165 2495 sede
3192 2455 3225 2493 a
3259 2446 3454 2493 natura

1872 2538 2274 2598 adhaerescens,
2319 2547 2414 2604 per
2461 2532 2756 2587 incidentia
2789 2531 2843 2584 in
2872 2529 3104 2600 pupulas
3139 2528 3454 2590 simulacra,

1870 2642 2058 2684 rerum
2110 2626 2318 2681 formas
2355 2624 2588 2679 interius
2633 2620 2912 2691 exprimit,
2973 2619 3238 2673 halituum
3289 2618 3454 2672 etiam

1870 2720 2162 2790 qualitates
2203 2732 2301 2786 per
2350 2715 2613 2770 odoratus
2632 2711 3020 2766 attractionem
3059 2708 3162 2762 hae
3211 2708 3265 2761 in
3302 2714 3458 2776 parte

1868 2812 2276 2867 discernuntur.
2330 2805 2532 2862 Eodem
2563 2803 2873 2871 modoquae
2912 2815 2942 2853 a
3003 2814 3172 2854 sensu
3202 2804 3457 2868 gustatus

1867 2902 2266 2975 percipiuntur,
2296 2898 2541 2969 ejusdem
2570 2894 2842 2963 meningis
2867 2892 3061 2946 vicinae
3095 2889 3305 2961 judicio
3328 2889 3459 2945 sub-

177 2992 486 3062 κρατήσεις
514 2993 577 3045 τὸ
611 2992 954 3065 διανοητικὸν
994 2996 1095 3067 τῆς
1122 2996 1324 3067 ψυχῆς,
1362 2998 1457 3050 καὶ
1494 2998 1765 3068 ἀμϐλύνε-

1875 2994 1957 3063 iici
2012 3005 2241 3048 necesse
2297 2998 2401 3052 est,
2458 2984 2679 3057 quando
2746 2997 2810 3037 ea
2876 2981 3131 3036 surculos
3189 2978 3456 3050 quosdam

179 3082 308 3135 σθαι
336 3084 438 3153 τῆς
461 3084 607 3136 κατά
634 3084 796 3153 φύσιν
821 3087 1100 3157 ἐνεργείας
1121 3088 1213 3141 τὸν
1235 3088 1493 3159 λογισμὸν
1522 3089 1585 3142 ἐκ
1621 3107 1766 3156 τινος

1875 3099 2120 3148 nerveos,
2148 3081 2349 3152 quibus
2377 3094 2442 3134 ex
2469 3079 2587 3147 ipsa
2610 3076 2695 3132 vis
2718 3074 2860 3129 inest
2881 3071 3183 3134 sentiendi,
3210 3084 3305 3139 per
3335 3082 3458 3123 cer-

182 3172 509 3243 σωματικῆς
556 3174 983 3245 περιστάσεω;,’
1013 3176 1210 3246 ἀληθὲς
1258 3173 1399 3231 εἶναί
1446 3195 1620 3250 φημι·
1676 3179 1773 3233 καὶ

184 3266 376 3337 πηγήν
402 3282 524 3319 τινα
551 3266 645 3319 τοῦ
675 3267 820 3321 κατὰ
845 3268 907 3320 τὸ
936 3268 1094 3339 σῶμα
1122 3267 1402 3339 πυρώδους
1428 3270 1526 3341 τὴν
1549 3272 1777 3343 καρδίαν

176 3353 354 3419 εἶναι,
414 3357 550 3427 πρὸς
602 3357 702 3420 τὰς
762 3359 1030 3429 θυμώδεις
1083 3360 1260 3430 ὁρμὰς
1310 3364 1770 3434 συγκινουμένην.

179 3449 295 3501 Καὶ
322 3450 407 3501 ἔτι
435 3449 572 3521 πρὸς
595 3449 824 3514 τούτοις,
855 3451 915 3503 τὸ
938 3452 1340 3523 ὑποόεδλῆσθαι
1380 3457 1491 3518 τοῖς
1516 3455 1775 3527 αἰσθητη-

182 3541 322 3609 ρίοις
347 3540 450 3610 τὴν
492 3541 754 3610 μήνιγγα,
795 3542 938 3595 κατὰ
970 3542 1060 3597 τὸν
1103 3543 1260 3612 λόγον
1291 3545 1401 3598 τῶν
1438 3547 1508 3600 τὰ
1542 3546 1769 3602 τοιαῦτα

182 3629 692 3698 φυσιολογούντων,
751 3635 1266 3706 περιπτυσσομένην
1323 3637 1381 3688 ἐν
1453 3638 1619 3708 ἑαυτῇ
1678 3637 1769 3691 τὸν

179 3723 530 3792 ἐγκέφαλον,
583 3723 676 3776 καὶ
724 3727 838 3788 τοῖς
891 3725 1098 3779 ἐκεῖθεν
1156 3727 1348 3798 ἀτμοῖς
1408 3728 1773 3800 ὑπαλειφομέ-

178 3829 280 3882 νην
310 3855 326 3879 ,
404 3814 519 3867 τῶν
572 3817 693 3879 ταῖς
747 3817 1104 3888 ἁνατομικαῖς
1162 3818 1418 3890 θεωρίαις
1481 3822 1771 3891 ὲσχολακό-

174 3921 292 3959 ων
322 3907 389 3960 τὸ
414 3908 656 3961 τοιοῦτον
685 3909 919 3977 ἁκούων,
956 3912 1058 3965 οὐκ
1094 3911 1271 3965 ἀθετῶ
1302 3911 1364 3965 τὺ
1392 3912 1699 3985 λεγόμενον.

1872 3179 2008 3233 vicis
2029 3174 2310 3230 vertebras
2343 3170 2411 3226 ad
2437 3175 2672 3224 meatum
2695 3181 2856 3237 quem
2886 3165 2957 3219 ab
2985 3161 3194 3225 istbmi,
3221 3161 3323 3215 boc
3349 3168 3454 3222 est.

1872 3256 2117 3340 angusta:
2149 3266 2294 3319 inter
2331 3262 2440 3317 duo
2492 3260 2663 3313 maria
2740 3268 2893 3315 terra!
2913 3254 3260 3313 similitudine
3279 3250 3459 3323 appel-

1871 3362 1985 3414 lant
2007 3353 2298 3429 ἡθμοειδῆ,
2337 3353 2636 3414 derivatos,
2677 3348 2945 3403 musculis
2972 3346 3174 3401 ibidem
3223 3344 3348 3400 sitis
3374 3343 3457 3396 in-

1873 3450 2025 3507 serit.
2059 3448 2172 3518 Ego
2221 3436 2349 3500 vero
2383 3458 2491 3497 non
2524 3440 2759 3495 diﬂiteor
2794 3438 3122 3492 facultatem
3161 3434 3330 3490 animi
3368 3431 3472 3488 in-’

1874 3540 2206 3610 telligentem
2236 3549 2379 3604 saepe
2409 3549 2441 3586 a
2471 3531 2786 3585 morborum
2817 3528 3079 3585 violentia
3104 3524 3301 3579 victam
3334 3538 3457 3592 per-

1873 3630 2119 3696 turbari,
2176 3636 2231 3683 et
2303 3641 2368 3681 ex
2417 3636 2585 3678 causa
2639 3628 2869 3675 externa
2921 3626 3128 3688 partem
3169 3614 3458 3671 ratiocina-

1876 3726 2066 3780 tricem
2099 3722 2154 3775 in
2210 3716 2529 3773 eﬂicacitate
2580 3727 2676 3766 sua
2736 3709 2972 3764 naturali
3002 3707 3159 3777 quasi
3206 3707 3455 3761 hebetem

1877 3817 2052 3873 reddi.
2088 3813 2265 3867 Etiam
2312 3807 2471 3878 equod
2506 3814 2592 3860 est
2657 3804 2876 3873 igneum
2920 3802 2977 3855 in
3013 3815 3266 3869 corpore,
3299 3798 3455 3869 proflv

1880 3910 2015 3968 cisci
2068 3922 2135 3962 ex
2181 3901 2345 3957 corde
2375 3908 2632 3967 tanquam
2667 3910 2734 3950 ex
2766 3892 2933 3956 fonte,
2981 3890 3234 3959 idemque
3262 3903 3358 3943 cor
3391 3886 3456 3940 ad

178 3996 541 4052 vehementes
588 3998 755 4051 animi
819 4000 1214 4056 commotiones
1255 4016 1361 4055 una
1392 3979 1596 4060 moveri
1635 4021 1739 4060 non
1770 4019 1910 4076 nego
1946 4020 1960 4057 :
1995 3997 2229 4064 denique
2276 4005 2344 4046 ne
2396 3988 2501 4042 hoc
2535 3984 2755 4056 quidem
2813 3981 3042 4046 inficior,
3093 3979 3456 4034 membranam

178 4089 471 4143 cerebrum
507 4090 811 4158 amplexam
836 4106 1094 4146 sensuum
1141 4096 1361 4163 organis
1404 4097 1579 4151 instar
1617 4099 1764 4154 basis
1795 4071 2084 4167 cujusdam
2119 4100 2271 4149 esse,
2307 4090 2368 4137 ut
2398 4078 2662 4151 quosdam
2698 4075 2766 4131 de
2793 4075 2956 4129 rebus
2997 4072 3147 4127 hisce
3190 4071 3463 4126 disserere

176 4183 412 4250 sciturus,
473 4198 597 4253 qua:
647 4185 932 4239 cerebrum
976 4186 1080 4241 sibi
1134 4188 1434 4246 involutum
1465 4194 1763 4259 contineat,
1799 4165 1875 4248 etv
1909 4185 2173 4244 balitibus
2207 4179 2277 4234 ab
2325 4175 2549 4247 organis
2592 4184 2853 4229 sensuum
2909 4167 3166 4238 profectis
3196 4165 3351 4237 quasi
3386 4165 3446 4220 riv

175 4289 336 4351 θειω-
362 4298 379 4333 :
412 4279 635 4349 quando
656 4296 743 4335 me
768 4281 1082 4351 hujusmodi
1104 4285 1349 4354 quaedam
1381 4287 1448 4343 ab
1474 4288 1561 4356 iis,
1591 4289 1684 4359 qui
1722 4258 1771 4343 b7:

1875 4299 1965 4356 per
1991 4291 2283 4351 corporum
2318 4271 2588 4327 sectiones
2614 4270 2891 4334 comperta
2920 4261 3210 4328 habebant,
3240 4258 3464 4315 audisse

177 4388 555 4428 ωωιιιεωιηι.

247 4470 327 4523 Οὐ
381 4468 492 4539 μὴν
531 4468 805 4534 ἀπόδειξιν
852 4471 1110 4541 ποιοῦμαι
1153 4472 1355 4542 ταύτην
1397 4470 1492 4523 τοῦ
1521 4471 1771 4529 τοπικαῖς

1947 4458 2152 4516 Verum
2183 4466 2525 4524 nequaquam
2553 4449 2806 4505 existimo
2834 4447 3200 4504 demonstrari
3227 4463 3322 4518 per
3344 4446 3464 4505 haec

176 4575 285 4611 τισι
367 4561 741 4629 περιγραφαῖς
802 4560 1256 4631 ὲμπεριειλῆφθαι
1319 4560 1417 4631 τὴν
1476 4558 1766 4629 ἀσώματον

177 4648 363 4715 φύσιν.
431 4649 545 4707 Τάς
606 4665 667 4700 τε
731 4649 841 4719 γὰρ
911 4650 1236 4721 παραφορὰς
1307 4650 1406 4702 οὐκ
1471 4649 1536 4703 ἐκ
1601 4650 1767 4720 μόνης

179 4739 562 4810 καρηὸαρείας
609 4740 851 4807 γίνεσθαι
895 4741 1314 4813 μεμαθήκαμεν,
1363 4740 1497 4793 ἀλλὰ
1531 4740 1625 4793 καί⁵
1661 4739 1769 4791 τῶν

175 4832 270 4893 τὰς
302 4828 556 4898 πλευρὰς
582 4828 939 4894 ὑπεζωκότων
971 4832 1183 4902 ὑμένων
1213 4831 1478 4901 ἐμπαθῶς
1500 4830 1769 4884 διατεθέν-

176 4936 302 4988 των,
330 4921 545 4993 ὁμοίως
570 4922 876 4993 ἀρρωστεῖν
900 4923 962 4975 τὸ
1003 4924 1340 4995 διανοητικὸν
1367 4923 1686 4994 διορίζονται
1721 4924 1767 4975 οί

176 5011 271 5080 τῆς
300 5010 560 5081 ἰατρικῆς
583 5012 963 5082 ἐπιστήμονες,
992 5013 1234 5082 φρενῖτιν
1255 5010 1317 5063 τὸ
1346 5010 1511 5073 πάθος
1543 5008 1764 5063 καλοῦν-

178 5117 287 5166 τες,
316 5099 511 5171 ἐπειδὴ
549 5100 745 5169 φρένες
766 5104 879 5164 τοῖς
907 5102 1070 5171 ὑμέσι
1099 5101 1309 5165 τούτοις
1340 5102 1456 5154 ἐστὶ
1482 5100 1544 5154 τὸ
1571 5100 1762 5170 ὃνομα.

179 5193 285 5247 Καὶ
332 5195 368 5263 ἡ
407 5193 521 5247 ἀπὸ
566 5193 669 5263 τῆς
725 5193 898 5264 λύπης
945 5195 1037 5247 ἐπὶ
1080 5195 1179 5264 τὴν
1227 5194 1454 5265 καρδίαν
1507 5191 1763 5262 γινομένη

180 5281 532 5353 ωναίσθησις
555 5280 910 5351 ἑσφαλμένως
934 5283 1261 5336 ὑπονοεῖται.
1294 5283 1369 5335 Οὐ
1387 5281 1496 5353 γὰρ
1515 5281 1615 5350 τῆς
1639 5297 1768 5353 καρ-

180 5376 311 5441 δίας,
342 5375 484 5429 ἀλλὰ
516 5374 612 5427 τοῦ
645 5375 910 5445 στόματος
937 5376 1035 5446 τῆς
1077 5375 1285 5437 κοιλίας
1310 5372 1762 5445 δριμυσσομένου,

182 5472 256 5531 si;
302 5469 406 5540 τὴν
445 5468 676 5539 καρδίαν
709 5468 771 5522 τὸ
821 5470 991 5534 πάθος
1036 5470 1128 5523 ὑπ’
1168 5467 1433 5537 ἀπειρίας
1481 5465 1759 5531 ἀνάγουσι.

182 5557 427 5612 Τποῦτον
466 5558 525 5611 δέ
557 5558 611 5610 τί
652 5574 814 5627 φασιν
849 5562 899 5615 oi
942 5555 1349 5627 ἐπεσκεμμένοι
1387 5555 1454 5607 δι’
1481 5553 1766 5623 ἀκριϐείας

184 5650 250 5701 τὰ
279 5651 452 5720 πάθη,
488 5650 574 5702 ὃτι
601 5652 965 5721 συμπτώσεως
988 5651 1100 5707 τῶν
1123 5648 1311 5720 πόρων
1350 5647 1442 5699 καὶ
1477 5643 1690 5715 μύσεως
1706 5644 1765 5697 ἐν

185 5744 297 5806 ταῖς
325 5742 602 5813 λυπηραῖς
644 5743 901 5806 διαθέσεσι
935 5744 1185 5821 φυσικῶς
1219 5740 1345 5811 περὶ
1372 5740 1515 5794 ἅπαν
1540 5737 1761 5809 γινομέτ

1873 4567 2058 4625 posse,
2093 4557 2345 4603 naturam
2398 4550 2673 4612 expertem
2724 4542 2977 4612 corporis
3028 4542 3148 4595 loco
3211 4541 3462 4610 apatiove

1875 4641 2152 4712 descripto
2184 4635 2471 4692 contineri.
2535 4631 2667 4685 Nam
2726 4634 2924 4688 mentis
2975 4632 3168 4687 deliria
3224 4647 3333 4686 non
3392 4648 3460 4689 ex

1876 4736 2139 4793 ebrietate
2169 4730 2284 4784 sola
2317 4726 2448 4780 oriri
2478 4731 2693 4779 constat
2722 4741 2737 4791 ;
2773 4725 2868 4779 sed
2908 4732 2962 4778 et
2992 4725 3045 4777 in
3082 4724 3218 4788 illis,
3255 4723 3454 4792 quibus

1877 4823 2207 4880 membrana:
2234 4817 2404 4874 costis
2427 4816 2703 4870 subtensa:
2764 4814 2957 4868 morbo
3004 4798 3191 4883 aliquo
3250 4813 3454 4869 allectat

1878 4922 2027 4980 sunt,
2053 4913 2244 4970 eodem
2277 4908 2441 4963 modo
2471 4908 2862 4976 intelligentem
2907 4906 3219 4959 facultatem
3269 4905 3464 4959 debili-

1875 5007 2001 5070 tari,
2030 5004 2188 5076 periti
2213 5002 2348 5055 artis
2380 4999 2662 5055 niedicinte
2694 4997 3242 5066 tradunt.Appellant
3269 5005 3451 5067 autem

1873 5099 1927 5153 id
1959 5097 2133 5153 morbi
2167 5110 2337 5166 genus
2370 5091 2728 5162 phrenitidcm
2757 5107 2786 5144 a
2805 5089 3124 5160 pbreuibus,
3145 5104 3255 5160 quo
3284 5104 3456 5145 mem-

1870 5187 2055 5242 branae
2081 5190 2199 5240 ista!
2229 5182 2447 5238 nomine
2487 5188 2768 5235 notantur.
2806 5178 3020 5234 Doloris
3061 5192 3188 5233 vero
3230 5192 3451 5237 sensus.

1874 5282 1965 5351 qui
1995 5297 2059 5336 ex
2093 5276 2355 5333 maestitia
2391 5272 2698 5329 redundare
2745 5270 2810 5325 ad
2847 5285 2944 5325 cor
2998 5269 3222 5335 dicitur,
3277 5268 3454 5324 homi-

1873 5388 2003 5428 num
2038 5385 2226 5426 errore
2277 5383 2384 5422 non
2413 5372 2582 5421 carct.
2639 5364 2776 5418 Cum
2814 5362 2958 5416 enim
3012 5376 3120 5415 non
3144 5358 3157 5363 ’
3180 5375 3294 5427 cor,
3356 5360 3452 5417 sed

1873 5462 2122 5518 osculum
2150 5457 2415 5515 stomachi
2461 5455 2571 5511 acri
2603 5455 2793 5510 dolore
2821 5460 3082 5516 tentetur,
3114 5465 3215 5506 nos
3266 5459 3446 5503 tamen

1873 5552 1942 5607 ad
1967 5565 2064 5605 cor
2094 5549 2345 5604 morbum
2382 5547 2530 5601 hunc
2566 5562 2631 5601 ex
2674 5545 2944 5616 imperitia
2979 5545 3213 5613 quadam
3260 5540 3451 5597 referi-

1872 5661 2017 5700 mus.
2047 5642 2296 5699 Tradunt
2324 5648 2504 5695 autem
2526 5641 2837 5709 hujusmodi
2868 5635 3127 5707 quiddam
3162 5636 3218 5696 ii.
3247 5636 3449 5704 quibus

1871 5747 2124 5793 accurate
2163 5735 2480 5790 morborum
2524 5732 2764 5786 rationes
2799 5736 3097 5801 perspecta:
3120 5714 3271 5793 sunt,
3298 5722 3452 5801 quod
