4088 6210
691 314 795 370 159

1917 323 1974 382 S.
2009 328 2334 385 GBEGORII
2363 333 2658 396 NYSSEN!

3844 353 3951 409 160

689 441 812 479 cum
845 441 874 478 a
908 432 1102 479 natura
1151 427 1230 482 sic
1262 438 1638 499 comparatum
1675 434 1767 499 sit,
1802 443 1860 489 ut
1893 437 1946 491 in
1993 442 2247 496 mmstitia

2361 463 2458 514 νης
2492 447 2551 500 τὸ
2585 449 2764 519 σῶμα,
2801 453 2935 522 πρὸς
2964 453 3062 515 τὰς
3095 455 3151 506 ὲν
3185 455 3260 525 τῷ
3289 457 3441 526 βάθει
3474 460 3785 532 κοιλότητας
3815 482 3951 518 συν·

690 522 962 570 meatuum
995 525 1110 573 toto
1143 534 1374 590 corpore
1396 526 1700 579 contractio
1732 529 1981 596 quaadam
2026 541 2080 586 et
2109 549 2258 588 com-

691 607 903 675 pressio
931 608 1064 663 ﬁat:
1098 611 1365 682 quidquid
1404 615 1554 668 exire
1593 616 1849 686 impedita
1895 623 2259 690 respiratione

693 707 945 765 nequeat,
979 699 1045 753 ad
1080 702 1242 755 imam
1265 705 1511 772 corporis
1534 709 1890 776 capacitatem
1917 712 2256 769 delrudatur.

692 783 818 840 Inde
868 790 1194 856 usuvcnire,
1247 799 1302 844 ut
1361 809 1484 847 cum
1539 796 1605 848 ad
1667 799 2078 867 respirationem
2119 803 2258 858 facta

689 878 901 931 viscera
935 880 1122 941 abiis,
1160 897 1188 934 a
1223 885 1421 952 quibus
1474 887 1716 957 undique
1777 894 2148 959 continentur,
2202 899 2256 952 in

692 977 982 1036 augustum
1017 981 1315 1038 arctantur,
1346 977 1664 1049 plerumque
1698 983 1988 1040 violentior
2033 989 2259 1057 spiritus

690 1064 944 1115 attractio
986 1073 1196 1118 natura:
1232 1067 1278 1119 vi
1308 1069 1416 1131 iiat,
1477 1085 1597 1139 quae
1655 1077 1800 1143 quod
1857 1086 1940 1132 est
1990 1090 2256 1137 arctatqu

691 1152 917 1208 dilatare
950 1156 1164 1219 nititur,
1204 1169 1260 1213 ut
1285 1177 1347 1215 ea
1381 1178 1501 1232 quae
1533 1182 1850 1235 compressa
1900 1180 2052 1235 sunt,
2089 1173 2258 1230 vicis-

691 1244 795 1298 sim
845 1245 1190 1304 diducantur.
1242 1250 1415 1320 Atque
1469 1255 1778 1324 hujusmodi
1834 1261 1886 1313 in
1936 1263 2259 1331 respirando

691 1333 1062 1391 diﬂicultatem
1099 1343 1370 1398 maestitia:
1407 1345 1668 1400 indicium
1699 1350 1972 1418 quoddam
1998 1370 2120 1408 esse
2146 1366 2258 1409 sta-

693 1429 918 1492 tuimus,
948 1431 1092 1498 quod
1121 1442 1173 1486 et
1199 1434 1494 1503 suspirium
1526 1445 1579 1491 et
1608 1441 1868 1508 gemitum
1897 1444 2255 1513 appellamus.

695 1516 785 1573 Sic
814 1521 956 1589 quod
983 1532 1168 1592 partes
1200 1527 1350 1580 cordi
1387 1529 1672 1599 contiguas
1713 1549 1958 1602 premere
2012 1543 2256 1604 putatur,

691 1624 798 1662 non
827 1613 1032 1677 cordis,
1074 1616 1167 1670 sed
1197 1619 1312 1673 oris
1355 1619 1407 1673 in
1437 1623 1736 1678 ventriculo
1759 1627 1986 1681 molesta
2015 1635 2100 1683 est
2126 1628 2257 1684 all'e-

688 1697 820 1762 ctio,
859 1698 1049 1754 iisdem
1090 1717 1158 1756 ex
1199 1706 1386 1760 causis
1435 1718 1579 1769 orta,
1616 1710 1682 1764 de
1717 1712 1921 1780 quibus
1977 1724 2257 1787 meatuum

2364 535 2581 590 ωθεῑται
2608 541 2714 592 πᾶν
2741 540 2802 594 τὸ
2831 541 2964 612 πρὸς
2993 543 3091 612 τὴν
3120 544 3373 616 διαπνοὴν
3403 549 3771 619 κωλυόμενον”
3820 555 3950 610 ὅθεν

2364 626 2458 678 καὶ
2501 627 2605 682 τῶν
2643 630 3086 685 ἀναπνευστικῶν
3131 637 3451 706 σπλάγχνων
3505 647 3949 714 στενοχωρουμέ-

2365 735 2469 770 νων
2495 718 2573 789 τῷ
2621 725 2941 793 περιέχοντι,
2996 724 3274 798 βιαιοτέρα
3319 730 3574 793 πολλάκις
3609 734 3641 802 ἡ
3679 734 3810 806 ὁλκὴ
3845 737 3946 788 τοῦ

2366 809 2672 879 πνεύματος
2707 814 2810 866 ὑπὸ
2852 816 2946 884 τῆς
2985 818 3198 883 φύσεως
3233 817 3466 885 γίνεται,
3526 822 3660 892 πρὸς
3702 823 3799 893 τὴν
3832 826 3944 876 τῶν

2368 905 2842 969 συμπεπτωκότων
2871 905 3150 978 διαστολὴν
3185 908 3244 960 τὸ
3293 911 3551 965 στενωθὲν
3580 914 3939 984 εὐρυνούσης.

2367 989 2438 1041 Τὸ
2468 990 2522 1043 δὲ
2565 995 2801 1050 τοιοῦτον
2842 994 3028 1068 ἆσθμα
3057 1001 3368 1069 σύμπτωμα
3397 1001 3573 1073 λύπης
3611 1006 3939 1074 ποιούμεθα,

2367 1084 2664 1152 στεναγμὸν
2681 1086 2809 1138 αὐτὸ
2823 1089 2915 1140 καὶ
2941 1090 3372 1160 άναποτνιασμὸν
3387 1092 3760 1162 ὀνομάζοντες.
3780 1096 3942 1149 Ἀλλά

2364 1172 2460 1224 καὶ
2496 1172 2555 1225 τὸ
2591 1175 2781 1228 δοκοῦν
2821 1178 3126 1233 ὑποθλίϐειν
3171 1181 3230 1234 τὸ
3265 1183 3609 1253 περικάρδιον
3657 1185 3842 1256 μέρος,
3879 1189 3941 1238 οὐ

2365 1264 2462 1332 τῆς
2504 1267 2755 1336 καρδίας,
2804 1269 2937 1323 ἀλλὰ
2971 1271 3061 1324 τοῦ
3099 1274 3361 1343 στόματός
3401 1277 3514 1327 ἐστι
3560 1275 3658 1344 τῆς
3703 1280 3944 1346 γαστρὸς

2366 1357 2545 1425 ἀηδία,
2574 1358 2660 1411 διὰ
2689 1359 2787 1429 τῆς
2813 1361 2984 1431 αὐτῆς
3018 1364 3214 1427 αἰτίας,
3261 1366 3402 1433 λέγω
3433 1365 3496 1434 δὴ
3540 1365 3638 1435 τῆς
3668 1367 3807 1419 κατὰ
3840 1367 3941 1436 τὴν

2368 1447 2682 1518 σύμπτωσιν
2732 1452 2837 1504 τῶν
2886 1454 3087 1522 πόρων,
3136 1454 3226 1506 τοῦ
3263 1455 3547 1525 χοληδόχου
3595 1457 3816 1523 ἀγγείου
3849 1457 3941 1508 τὸν

2311 1573 2323 1583 ο
2364 1538 2558 1608 δριμὺν
2597 1543 2801 1594 ἐκεῖνον
2839 1543 2933 1596 καὶ
2970 1543 3211 1615 δακνώδη
3243 1545 3412 1615 χυμὸν
3443 1546 3546 1597 ὑπὸ
3577 1546 3937 1614 στενοχωρίας

2364 1629 2456 1680 ἐπὶ
2490 1632 2552 1684 τὸ
2581 1633 2754 1702 στόμα
2791 1633 2891 1702 τῆς
2921 1636 3156 1706 γαστρὸς
3186 1635 3593 1705 παρεγχὲοντος.
3637 1636 3938 1701 Ἀπόδειξις

2365 1720 2420 1773 δὲ
2468 1723 2658 1777 τούτου
2689 1725 2749 1776 τὸ
2788 1724 3044 1797 ὕπωχρον
3093 1727 3334 1796 γίνεσθαι
3381 1728 3476 1780 καὶ
3522 1728 3778 1799 lic-captiin
3823 1730 3942 1790 τοῖς

689 1791 1152 1858 compressionem
1188 1794 1302 1850 ﬁeri
1335 1796 1596 1854 diximus.
1635 1801 1768 1856 Nam
1810 1819 1904 1857 vas
1957 1805 2053 1859 bili
2108 1807 2247 1861 exei-

2362 1812 2720 1884 λυπουμένοις
2757 1818 2854 1886 τὴν
2887 1791 3228 1888 ἐπιφάνειαν,
3257 1819 3364 1872 ἀπὸ
3402 1819 3499 1888 τῆς
3541 1791 3678 1887 ἄγαν
3707 1791 3940 1889 συνοχῆς

688 1881 897 1949 piendac
929 1883 1284 1951 destinatum,
1311 1905 1493 1946 acrem
1535 1893 1686 1948 illum
1720 1910 1784 1950 ac
1808 1897 2118 1952 mordacem
2151 1899 2253 1952 huv

689 1961 892 2026 morem
929 1985 1150 2044 propter
1174 1983 1599 2038 coarctationem
1635 1987 1718 2040 sui
1755 1987 1808 2039 in
1861 1989 2106 2042 osculum
2143 1997 2256 2045 sto-

687 2064 864 2116 machi
901 2067 1130 2120 derivat.
1170 2071 1303 2139 Ejus
1335 2074 1409 2126 rei
1447 2077 1813 2131 certissimum
1843 2089 1930 2134 est
1957 2095 2252 2151 argumen-

687 2157 992 2223 tum,quod
1039 2159 1240 2226 quibus
1295 2161 1408 2216 haec
1433 2165 1696 2232 :egnitudo
1748 2169 1969 2234 accidit,
2031 2173 2250 2228 eosdem

685 2243 1021 2310 suppallidos
1068 2257 1120 2300 et
1173 2252 1439 2318 aurugiue
1500 2253 1874 2312 laborantibus
1932 2262 2248 2319 consimiles

683 2337 943 2391 extremis
976 2339 1028 2392 in
1059 2341 1304 2409 partibus
1333 2344 1449 2398 ﬁeri
1497 2347 1758 2412 ridemus,
1819 2350 1926 2407 bile
1961 2355 2243 2409 humorem

2362 1903 2453 1954 ἐπὶ
2485 1903 2582 1966 τὰς
2611 1905 2810 1973 φλέϐας
2841 1907 2932 1960 τὸν
2972 1909 3100 1962 ἴδιον
3140 1909 3314 1980 χυμὸν
3352 1908 3450 1978 τῆς
3482 1910 3641 1979 χολῆς
3685 1913 3938 1963 ἐπισπει-

2363 1993 2562 2064 ρούσης
2585 2012 2597 2024 °
2627 1995 2882 2050 ἀλλὰκαὶ
2910 1999 2969 2052 τὸ
2997 2000 3054 2066 ἐξ
3077 2001 3318 2054 ἐναντίου
3349 2002 3627 2077 γινόμενον
3662 2002 3851 2067 πάθος,
3877 2002 3941 2054 τὲι

2360 2084 2503 2138 κατὰ
2532 2086 2629 2156 τὴν
2673 2089 3013 2162 εὐφροσύνην
3055 2092 3197 2161 φημὶ
3242 2091 3337 2144 καὶ
3364 2092 3454 2144 τὸν
3479 2092 3708 2160 γέλωτα,
3736 2093 3941 2161 μᾶλλον

2357 2176 2446 2230 τὸν
2492 2177 2647 2246 λόγον
2684 2183 2984 2252 συνίστησι.
3019 2186 3331 2254 Διαχέονται
3376 2187 3483 2257 γάρ
3529 2203 3644 2248 πως
3690 2185 3782 2238 καὶ
3820 2185 3936 2238 δια-

2355 2264 2568 2320 λύονται
2589 2269 2656 2321 δι’
2682 2271 2873 2341 ἡδονῆς
2899 2275 2949 2325 οί
2976 2274 3070 2327 τού
3093 2274 3344 2344 σώματος
3366 2276 3521 2348 πόροι
3558 2275 3666 2328 τῶν
3698 2275 3761 2328 ἔκ
3790 2292 3938 2338 τινος

2355 2359 2523 2428 ἀκοῆς
2551 2360 2728 2430 ἡδείας
2755 2364 3126 2434 διαχεθὲντων.

684 2446 843 2484 suum
893 2430 963 2484 ob
1001 2435 1458 2502 compressionem
1514 2438 1736 2494 nimiam
1773 2443 1826 2495 in
1880 2459 2048 2499 venas
2099 2457 2403 2519 spargente.
2440 2451 2580 2516 Quin
2613 2464 2667 2509 et
2716 2458 2988 2512 contraria
3019 2460 3144 2514 huic
3179 2460 3410 2525 aﬂ'ectio,
3451 2461 3706 2515 nimirum
3751 2464 3939 2516 lmtitia

681 2534 735 2578 et
774 2525 938 2587 risus,
982 2527 1153 2595 magis
1200 2529 1361 2582 etiam
1395 2532 1634 2588 rationes
1683 2546 1901 2592 nostras
1947 2537 2292 2595 conﬁrmant.
2340 2543 2475 2598 Nam
2522 2562 2645 2601 cum
2699 2551 2884 2604 auditu
2940 2553 3185 2608 nonnihil
3235 2553 3536 2623 jucundum
3572 2556 3939 2624 percepimus,

681 2617 1022 2685 explicantur
1052 2635 1115 2674 ac
1135 2622 1481 2676 resolvuntur
1507 2627 1742 2693 quodam
1779 2629 1943 2683 modo
1975 2640 2195 2701 propter
2221 2634 2556 2706 voluptatem
2589 2650 2801 2696 meatus
2832 2647 3103 2712 corporis.

751 2707 806 2761 In
849 2709 1068 2773 dolore,
1103 2724 1324 2780 propter
1356 2715 1634 2770 tristitiam
1689 2719 1916 2776 subtiles
1966 2734 2245 2777 meatnum

679 2799 1167 2869 tranSpirationes,
1212 2819 1334 2872 qua:
1381 2817 1602 2875 propter
1645 2810 1996 2878 exiguitatem
2055 2814 2249 2884 depre-

2442 2729 2529 2794 Ὠς
2565 2734 2816 2802 γάρέκεῖ
2863 2734 2951 2788 διὰ
2994 2735 3093 2805 τῆς
3137 2736 3310 2807 λύπης
3367 2735 3586 2806 μύουσιν
3637 2741 3693 2791 αί
3740 2739 3941 2794 λεπταί

2353 2842 2412 2877 τε
2449 2825 2542 2878 καὶ
2579 2825 2762 2894 ἄδηλοι
2811 2824 2922 2876 τῶν
2976 2825 3153 2894 πόρων
3209 2827 3484 2892 διαπνοαὶ,
3536 2828 3627 2880 καὶ
3683 2829 3939 2899 διασφίγ-

681 2889 843 2942 heudi
895 2891 982 2942 vix
1035 2899 1301 2959 possunt,
1349 2909 1674 2964 compressa:
1724 2899 1934 2954 viscera
1982 2901 2244 2958 interiora

2352 2928 2507 2994 ξασαι
2559 2889 2679 2988 τὴν⁷
2711 2915 2919 2969 ἔνδοθεν
2978 2889 3084 2967 τῶν
3144 2889 3476 2986 σπλάγχνων
3515 2918 3750 2972 διάθεσιν
3776 2961 3790 2982 ,
3818 2889 3940 2976 ἐέτι

679 2981 1083 3049 constringunt,
1121 2989 1173 3035 et
1231 2984 1295 3036 ad
1331 2993 1494 3054 caput
1530 3001 1593 3040 ac
1638 2990 1847 3044 cerebri
1900 2993 2244 3049 membranas

680 3068 844 3122 udum
877 3069 1030 3123 illum
1059 3071 1287 3125 halitum
1313 3083 1501 3142 agunt,
1541 3089 1599 3130 ut
1633 3080 1834 3134 multus
1862 3081 2005 3135 intra
2035 3085 2246 3139 cerebri

678 3159 941 3214 cavitates
970 3161 1253 3225 collectus,
1291 3179 1385 3231 per
1412 3174 1622 3220 meatus
1655 3171 1749 3237 qui
1800 3171 1867 3224 ad
1912 3173 2076 3227 imam
2118 3185 2246 3229 sunt

678 3249 921 3316 ejusdem
953 3255 1252 3320 partem,in
1275 3258 1465 3312 oculos
1487 3258 1794 3328 dejiciatur,
1829 3267 2243 3333 superciliorum

678 3344 1052 3397 contractione
1100 3346 1350 3413 guttatim
1401 3349 1678 3405 humorem
1729 3357 2086 3424 exprimente,
2126 3376 2246 3429 qua:

677 3432 874 3488 deinde
912 3442 1076 3504 guttae
1115 3437 1364 3506 lacrymze
1399 3443 1762 3510 appellantur.
1810 3445 2010 3502 Eodem
2083 3454 2246 3507 modo

678 3533 856 3581 tecum
884 3536 1096 3598 putato,
1129 3530 1414 3588 allectioue
1457 3539 1733 3592 contraria
1761 3543 2040 3596 meatibus
2096 3561 2247 3602 more

678 3627 943 3673 consueto
981 3622 1155 3691 magis
1185 3623 1465 3692 aliquanto
1487 3627 1744 3695 dilatatis,
1779 3633 2026 3700 spiritum
2059 3651 2247 3705 quem-

679 3706 803 3761 dam
834 3709 902 3763 ab
936 3712 1071 3780 ipsis
1117 3721 1406 3770 attractum
1458 3718 1512 3772 in
1579 3720 1689 3775 imo
1717 3723 2022 3789 subsidere,
2085 3736 2247 3798 atque

680 3799 804 3854 inde
829 3801 1075 3856 vicissim
1105 3817 1135 3855 a
1195 3816 1388 3860 natura
1427 3823 1524 3877 per
1575 3821 1812 3866 meatum
1859 3815 1971 3870 oris
2027 3819 2243 3887 expelli,

679 3890 978 3946 visceribus
1001 3893 1290 3958 universis,
1312 3899 1915 3970 maximequejccinore
1939 3907 1955 3974 (
1982 3915 2040 3961 ut
2072 3909 2245 3980 aiunt)

677 3979 910 4048 quadam
969 3986 1325 4040 successione
1377 3996 1430 4040 et
1492 3989 1732 4046 fervente
1789 4005 1936 4049 motu
1995 3999 2244 4067 spiritum

678 4076 990 4145 hujusmodi
1022 4080 1460 4136 extrudeutibus.
1513 4082 1720 4139 Idcirco
1763 4097 1977 4155 natura,
2011 4101 2070 4146 ut
2121 4094 2247 4150 huic

677 4173 891 4242 spiritui
923 4173 1126 4229 exitum
1158 4175 1373 4231 facilem
1402 4186 1598 4246 struat,
1629 4190 1865 4238 meatum
1889 4187 2001 4243 oris
2022 4189 2242 4257 dilatat;

675 4273 964 4342 genis,per
991 4288 1128 4342 quas
1159 4275 1458 4330 anhelitum
1487 4279 1636 4333 exire
1667 4287 1888 4337 necesse
1916 4295 2019 4351 est,
2063 4288 2244 4342 utrin-

675 4385 781 4435 que
818 4369 1074 4426 diductis.
1107 4371 1341 4428 lnditnm
1399 4375 1525 4432 huic
1577 4389 1661 4433 est
1721 4380 1797 4434 rei
1839 4397 2034 4437 nomen
2073 4385 2237 4439 risus.

2347 3016 2444 3086 τὴν
2491 3009 2733 3078 κεφαλὴν
2777 3006 2870 3059 κα)⁵
2912 3005 3011 3066 τὰς
3056 3005 3324 3074 μήνιγγας
3365 3004 3454 3058 τὸν
3487 3008 3700 3077 νοτερὸν
3760 3009 3936 3080 ἁτμῆν

2347 3098 2825 3166 ἀναθλίὸουσιν,ὃς
2873 3095 3038 3159 πολὺς
3090 3096 3482 3166 ἐναποληφθεὶς
3531 3105 3648 3160 ταῖς
3695 3099 3788 3151 τοῦ
3838 3102 3939 3167 ἐγ-

2347 3195 2582 3265 κεφάλου
2624 3189 2918 3258 κοιλότησι,
2944 3187 3031 3240 διὰ
3069 3187 3178 3239 τῶν
3222 3188 3360 3241 κατά
3404 3187 3500 3258 τὴν
3546 3190 3700 3258 βάσιν
3750 3191 3941 3261 πόρων

2347 3291 2439 3342 ἐπὶ
2489 3285 2616 3346 τοὺς
2660 3281 2971 3350 ὀφθαλμοὺς
3027 3279 3345 3344 ἐξωθεῖται,
3401 3281 3498 3350 τῆς
3545 3281 3652 3334 τῶν
3715 3282 3940 3353 ὀφρύων

2350 3377 2718 3450 συμπτώσεως
2767 3372 3124 3442 ὲξελκομένης
3175 3373 3261 3425 διά
3307 3373 3578 3440 σταγόνων
3627 3374 3727 3442 τὴν
3767 3375 3937 3446 ὑγρα-

2349 3472 2468 3524 σίαν
2505 3470 2568 3539 (ἡ
2593 3467 2648 3520 δὲ
2679 3464 2891 3534 σταγὼν
2923 3464 3156 3535 δάκρυον
3188 3463 3438 3531 λέγεται)
3466 3480 3479 3493 ο
3514 3463 3654 3516 οὕτω
3685 3481 3775 3533 μοι
3811 3467 3937 3533 νόη-

2349 3581 2459 3629 σον,
2495 3563 2558 3614 ὲκ
2586 3560 2682 3629 τῆς
2728 3555 2974 3619 ἐναντίας
3019 3553 3312 3614 διαθέσεως
3344 3553 3504 3605 πλέον
3545 3552 3636 3604 τοῦ
3666 3555 3937 3654 συνήθους

2347 3649 2719 3721 εὐρυνομένων
2763 3646 2870 3699 τῶν
2907 3645 3110 3715 πόρων.
3149 3642 3487 3696 εἰσέλκεσθαί
3513 3661 3561 3695 τι
3611 3641 3832 3712 πνεῦμα⁵
3861 3645 3916 3696 δι

2348 3739 2528 3794 αὐτῶν
2551 3739 2642 3790 ἐπὶ
2673 3737 2732 3790 τὸ
2759 3735 2936 3805 βάθος,
2963 3734 3213 3788 κάκεῖθεν
3240 3733 3397 3788 πάλιν
3432 3732 3744 3797 ἐξωθεῖσθαι
3779 3736 3936 3804 παρὰ

2345 3832 2447 3901 τῆς
2484 3831 2696 3900 φύσεως
2732 3828 2819 3882 διὰ
2867 3827 2959 3881 τοῦ
3000 3827 3141 3880 κατά
3177 3827 3237 3878 τὸ
3278 3827 3451 3894 στόμα
3481 3825 3668 3895 πόρου,
3711 3827 3937 3878 πάντων

2347 3919 2456 3972 τῶν
2485 3919 2827 3988 σπλάγχνων,
2850 3918 2941 3969 καὶ
2965 3916 3197 3986 μάλιστά
3220 3933 3281 3983 γε
3309 3915 3401 3968 τοῦ
3429 3915 3656 3984 ἥπατος,
3685 3915 3760 3976 ὥς
3774 3934 3930 3984 φασι,

2348 4011 2437 4064 διά
2463 4028 2605 4074 τινος
2643 4010 2831 4063 κλόνου
2860 4010 2954 4062 καὶ
2992 4007 3348 4079 βρασμώδους
3379 4008 3643 4077 κινήσεως
3671 4009 3731 4060 τὸ
3756 4009 3930 4060 τοιοῦ-

2347 4119 2440 4154 τον
2471 4101 2685 4172 πνεῦμα
2730 4100 3188 4166 συνεξωθούντων.
3228 4098 3388 4151 Ὅθεν
3417 4098 3658 4151 εὐκολίαν
3705 4100 3828 4152 τινὰ
3861 4104 3932 4171 τῇ

2348 4191 2563 4262 διεξόδῳ
2585 4189 2678 4244 τοῦ
2708 4191 3014 4262 πνεύματος
3045 4191 3459 4260 μηχανωμένηή
3490 4191 3668 4258 φύσις,
3693 4191 3931 4261 άνευρύο

2351 4302 2429 4338 νει
2467 4285 2557 4337 τὸν
2591 4285 2717 4355 περὶ
2747 4285 2806 4336 τὸ
2854 4285 3026 4354 στόμα
3079 4284 3279 4354 πόρον,
3324 4282 3661 4353 ἑκατέρωθεν
3699 4285 3829 4353 περὶ
3869 4287 3934 4337 τὸ

2351 4373 2536 4448 ἆσθμα
2563 4377 2661 4440 τάς
2706 4376 2938 4446 παρειάς
2967 4377 3366 4429 διαστέλλουσα.
3420 4377 3626 4445 Ὀνομα
3653 4375 3708 4428 δὲ
3731 4375 3809 4444 τῷ
3845 4395 3933 4443 γι-

2632 4465 2754 4501 ;‘IDJP
2812 4466 2957 4501 ξρτ-ἶυ
3040 4463 3173 4501 [ὶῗιῆις
3215 4461 3306 4501 nv‘iu
3331 4464 3414 4501 xl}!
3645 4465 3720 4501 -φοτι

677 4465 743 4517 At
771 4483 896 4520 vero
924 4484 1031 4522 non
1067 4481 1355 4539 pmptcrca
1388 4473 1470 4527 vis
1508 4474 1675 4529 animi
1727 4479 1979 4549 princeps
2013 4481 2238 4549 jecinori

2351 4466 2555 4536 νομένῳ
2582 4465 2754 4533 γέλως
2811 4466 2977 4518 ἐστίν.
3040 4463 3175 4516 Οὔτε
3215 4461 3306 4517 οὖν
3331 4464 3416 4518 διά
3459 4464 3615 4517 τοῦτο
3645 4465 3720 4534 τῷ
3749 4467 3929 4536 ἥπατι

677 4561 985 4627 tribuenda,
1019 4579 1192 4632 nequc
1217 4574 1436 4635 propter
1465 4571 1746 4639 sanguinis
1781 4574 1923 4628 circa
1967 4591 2061 4630 cor
2089 4579 2243 4633 ebul-

677 4654 943 4720 litioucm,
978 4673 1099 4725 quae
1129 4659 1342 4714 aﬂeclio
1373 4663 1745 4722 vehementius
1779 4671 1960 4725 animo
1989 4674 2238 4740 exsistit,

677 4750 732 4804 in
763 4751 926 4805 corde
970 4755 1170 4808 mentis
1204 4756 1385 4809 sedem
1437 4774 1560 4813 esse
1616 4765 1912 4829 putandum
1973 4778 2092 4825 est:
2150 4773 2241 4826 scd

676 4853 805 4902 sunt
839 4846 1034 4900 horum
1092 4864 1272 4903 causae
1307 4852 1358 4903 in
1407 4864 1682 4910 structura
1731 4865 1980 4930 corporis
2039 4867 2244 4921 consti-

675 4945 905 4996 tuendae.
941 4942 1174 4997 Mentem
1213 4946 1433 5014 quidem
1472 4951 1786 5008 existimare
1819 4958 2083 5017 debemus
2123 4964 2241 5016 cui—

674 5039 806 5092 libet
837 5041 1080 5094 membro
1100 5045 1460 5114 aequabiliter,
1487 5062 1550 5101 ea
1590 5050 1864 5108 mistionis
1890 5052 2099 5112 ratione
2122 5075 2243 5128 qua:

672 5136 932 5205 explicari
961 5138 1193 5194 dicendo
1222 5152 1486 5212 nequeat,
1519 5148 1733 5205 adesse.
1788 5153 1942 5218 Quod
1977 5155 2022 5208 si
2080 5169 2242 5211 erunt

671 5232 762 5298 qui
791 5231 1027 5290 Litteras
1065 5239 1228 5292 etiam
1255 5255 1442 5296 sacras
1485 5243 1587 5298 hac
1615 5245 1666 5297 in
1702 5257 1852 5316 parte
1882 5248 2041 5304 nobis
2073 5265 2240 5320 oppo-

671 5333 964 5397 nant,qum
991 5330 1043 5383 in
1073 5333 1234 5386 corde
1266 5336 1371 5388 vim
1397 5337 1542 5391 illam
1573 5341 1872 5411 principem
1898 5358 2020 5399 esse
2045 5352 2241 5401 testeno

673 5431 780 5485 tur,
812 5438 879 5478 ne
911 5424 1102 5480 horum
1133 5430 1354 5498 quidem
1385 5436 1620 5492 orationi
1652 5440 1730 5493 sic
1761 5443 2149 5509 assentiemur,
2183 5455 2238 5501 ut

669 5533 778 5572 non
811 5519 963 5589 prius
985 5521 1036 5574 in
1061 5539 1178 5576 eam
1210 5525 1570 5596 inquiramus.
1599 5533 1732 5588 Nam
1765 5551 1886 5590 cum
1921 5539 1974 5592 in
2001 5540 2234 5625 quod'am

667 5631 735 5670 ex
767 5619 934 5673 sacris
969 5615 1114 5673 libro
1148 5624 1330 5680 cordis
1357 5631 1561 5682 mentio
1607 5632 1717 5696 ﬁat,
1755 5633 1952 5688 ibidem
1989 5646 2042 5690 et
2079 5615 2234 5693 renes

670 5712 867 5782 adjecti
899 5729 1046 5784 sunt,
1085 5730 1211 5775 sunt
1246 5723 1389 5778 enim
1425 5726 1734 5797 hujusmoili
1761 5740 2002 5800 quaedam
2033 5736 2190 5789 verba
2219 5755 2228 5790 :

2341 4558 2402 4610 τὸ
2432 4557 2753 4628 ἡγεμονικὸν
2794 4557 3065 4625 λογιστέον
3088 4598 3102 4618 ,
3152 4556 3273 4609 οὔτε
3301 4557 3388 4610 διὰ
3427 4557 3524 4627 τὴν
3570 4558 3932 4629 περικάρδιον

2343 4647 2486 4713 ζέσιν
2516 4648 2607 4701 τού
2655 4649 2883 4718 αἵματος
2921 4649 2977 4699 ὲν
3004 4650 3119 4710 ταῖς
3172 4647 3428 4716 θυμικαῖς
3474 4647 3811 4710 διαθέσεσιν,
3867 4652 3929 4703 ἐν

2343 4739 2536 4809 καρδίᾳ
2567 4738 2843 4808 νομιστέον
2873 4733 3011 4791 εἶναι
3039 4739 3132 4790 τοῦ
3160 4737 3249 4789 νοῦ
3274 4738 3368 4808 τὴν
3398 4738 3711 4809 καθίδρυσιν
3734 4756 3747 4767 ·
3783 4740 3928 4794 ἀλλὰ

2341 4831 2510 4884 ταῦτα
2544 4831 2639 4902 μὲν
2677 4833 2754 4893 είς
2803 4829 2899 4892 τὰς
2930 4831 3085 4893 ποιάς
3123 4829 3229 4882 τῶν
3284 4832 3548 4900 σωμάτων
3578 4833 3929 4895 κατασκευὰς

2341 4923 2624 4977 ἀνοικτέον.
2662 4923 2763 4974 Τὸν
2785 4921 2840 4974 δὲ
2870 4921 2988 4973 νοῦν
3017 4922 3292 4991 όμοτίμως
3317 4924 3528 4993 ἑκάστῳ
3552 4923 3657 4975 τῶν
3688 4926 3925 4993 μορίων,

2341 5012 2480 5068 κατὰ
2501 5013 2592 5065 τὸν
2619 5011 2891 5081 ἄφραστον
2909 5011 3004 5078 τῆς
3026 5011 3376 5080 ἀνακράσεως
3403 5012 3556 5080 λόγον
3579 5013 3928 5080 ἐφάπτεσθαι

2346 5103 2638 5171 νομιστέον.
2672 5101 2787 5154 Κᾶν
2839 5101 2940 5170 τὴν
2972 5101 3191 5170 Γραφὴν
3222 5118 3364 5163 τινες
3408 5103 3536 5171 ἡμῖν
3585 5105 3718 5172 πρὸς
3757 5104 3930 5158 τοῦτο

2339 5192 2762 5260 προτείνωνται,
2815 5193 2881 5260 τῇ
2922 5191 3120 5262 καρδίᾳ
3151 5190 3212 5242 τὸ
3253 5192 3576 5261 ἡγεμονικὸν
3609 5197 3928 5264 μαρτυροῦ-

2342 5284 2469 5342 σαν’,
2520 5283 2620 5334 οὐκ
2659 5281 3023 5346 ἀνεξετάστως
3068 5281 3158 5334 τὸν
3198 5281 3352 5350 λόγον
3384 5282 3666 5351 δεξόμεθα.
3719 5285 3777 5336 ὐ
3810 5286 3930 5356 γάρ

2338 5373 2564 5443 καρδίαν
2594 5374 2869 5444 μνησθεὶς,
2899 5374 2990 5426 καὶ
3019 5372 3230 5443 νεφρῶν
3265 5373 3682 5443 ἐμνημόνευσεν,
3710 5375 3885 5427 εἰπών
3913 5396 3927 5408 ·

2345 5482 2362 5513 ι
2392 5465 2629 5529 Ἐτάζων
2654 5466 2876 5535 καρδίας
2898 5465 2990 5516 καὶ
3022 5465 3249 5534 νεφροὺς
3275 5467 3302 5517 ὁ
3326 5464 3486 5527 Θεόςο
3509 5487 3526 5515 ι
3567 5464 3708 5517 ὥστε
3737 5465 3768 5535 ἢ
3814 5468 3928 5536 άμ-

2340 5555 2604 5624 φοτέροις,
2640 5556 2671 5625 ἢ
2700 5556 2961 5626 οὐδετέρῳ
2999 5557 3059 5608 τὸ
3102 5555 3282 5625 νοερὸν
3312 5555 3737 5608 κατακλείουσιν.
3780 5557 3893 5625 Ἀρ.
3915 5587 3927 5594 -

2338 5644 2622 5699 εἱλύνεσθαι
2644 5647 2698 5699 δὲ
2729 5647 2824 5709 τὰς
2848 5646 3100 5716 νοητικὰς
3126 5648 3422 5716 ἐνεργείας,
3448 5647 3480 5714 ἦ
3506 5646 3597 5698 καὶ
3627 5650 3926 5700 παντάπα-

2341 5753 2421 5788 σιν
2456 5737 2754 5803 ἀπρακτεῖν
2795 5739 2850 5789 ἐν
2899 5740 2963 5808 τῇ
2997 5740 3124 5807 ποιᾷ
3155 5735 3386 5790 διαθέσει
3426 5735 3516 5788 τοῦ
3558 5737 3810 5804 σώματος
3844 5739 3918 5793 διν
