4088 6210
123 293 205 344 υἱ(
1391 280 1477 337 DE
1509 281 1793 338 HOMINIS
1837 279 2146 338 OPlFlClO.

3276 288 3380 346 16‘!

119 405 352 472 δαχθεὶς,
396 405 500 473 οὐχ
544 401 725 456 ἱκανὸν
760 398 1016 471 ποιοῦμαι
1064 383 1232 453 τοῦτο
1258 402 1575 472 τεκμήριον,
1619 401 1707 453 τοῦ

1822 419 1838 452 ι
1885 399 2028 456 Deus
2049 399 2216 453 corda
2241 409 2301 454 et
2336 413 2494 453 rencs
2518 399 2760 467 explorat
2777 401 2840 450 ⁸³,
2857 399 3090 455 »Ιιιοίισρο
3107 401 3187 456 vel
3207 403 3258 456 in
3281 402 3381 455 ho-

118 501 254 569 τόπῳ
289 499 403 552 τινὶ
427 499 528 566 τὴν
556 496 784 566 δύναμιν
811 494 905 547 τοῦ
929 493 1021 569 νοῦ
1046 495 1476 566 περιείργεσθαι,
1498 495 1574 557 ὡς
1591 497 1711 557 ταῖς

119 568 526 657 ἐπιγινομέναις
570 587 682 646 τοῖς
737 568 948 654 μέρεσιἈ
983 583 1310 652 φλεγμοναῖς
1362 584 1458 653 τῆς
1505 584 1712 646 οξκείας

120 679 456 750 εὐρυχωρίας
506 675 914 747 ὲξειργομένης.
967 674 1260 745 Σωματικὴ
1287 674 1451 744 γὰρὴ
1485 674 1705 744 τοιαύτη

117 771 252 834 δόξα,
294 771 360 822 τὸ
395 768 473 838 μὴ
503 766 762 820 δύνασθαι
795 764 1338 837 προκατειλημμένου
1363 765 1455 817 τοῦ
1484 765 1705 832 ἀγγείου

118 863 194 914 διά
218 878 370 921 τινος
385 863 499 910 τῶν
522 861 546 910 ὲ
555 858 762 928 μϐεϐλη
772 858 969 926 μένων,
988 857 1173 926 ἕτερόν
1189 873 1239 908 τι
1268 859 1324 908 ἐν
1346 856 1492 926 αὑτῷ
1523 855 1705 926 χώραν

121 954 308 1020 εὑρεῖν.
353 952 416 1002 Ἠ
446 949 558 1019 γάρ
593 947 757 1017 νοητὴ
793 945 954 1015 φύσις
986 945 1106 998 οὔτε
1139 949 1260 1009 ταῖς
1287 946 1578 999 κενώσεσιν
1607 949 1705 1016 ἐμ-

122 1041 410 1110 φιλοχωρεῖ
441 1041 553 1091 τῶν
585 1039 883 1107 σωμάτων,
931 1036 1054 1089 οὔτε
1093 1037 1170 1107 τῷ
1217 1038 1560 1100 πλεονάζοντι
1606 1040 1702 1108 τῆς

119 1134 310 1203 σαρκὸς
338 1130 650 1194 ἐξωθεῖται.
717 1129 857 1181 Ἀλλ’
888 1127 1070 1197 ἐπειδὴ
1095 1129 1343 1200 καθάπερ
1369 1147 1418 1182 τι
1450 1131 1702 1200 μουσικὸν

119 1225 338 1292 ἱργανον
380 1223 530 1274 ἅπαν
563 1221 622 1273 τὸ
657 1220 814 1290 σῶμα
849 1219 1321 1289 δεδημιούργηται,
1356 1220 1544 1290 ὥσπερ
1570 1238 1703 1290 συμ-

121 1315 278 1366 ίαξνει
306 1312 573 1374 πολλάκις
613 1311 840 1363 ἐπὶτῶν
880 1310 1134 1380 μελῳδεῖν
1173 1310 1271 1380 μὲν
1304 1312 1698 1380 ἐπισταμένων,

121 1407 519 1458 damma-mw
579 1404 633 1456 δὲ
689 1403 860 1467 δεῖξαι
914 1403 1010 1474 τὴν
1061 1404 1404 1473 ἐπιστήμην,
1458 1404 1555 1472 τῆς
1595 1405 1700 1456 τῶν

122 1499 357 1565 ὀργάνων
409 1496 715 1566 ἀχρηστίας
761 1497 821 1547 οὑ
873 1495 1314 1566 παραδεχομένης
1361 1499 1457 1565 τὴν
1507 1497 1700 1566 τέχνην

123 1589 197 1652 (τὺ
253 1587 374 1658 γάρ
419 1587 451 1656 ἧ
505 1586 682 1656 χρόνῳ
727 1586 969 1658 φθαρὲν,
1031 1587 1063 1656 ἢ
1131 1588 1583 1658 παρερρηγμένον
1636 1589 1700 1640 ἐκ

121 1679 544 1742 καταπτὼσεως,
576 1677 609 1745 ἦ
651 1679 756 1730 ὑπό
805 1695 947 1740 τινος
987 1676 1063 1730 ἰοῦ
1089 1678 1180 1728 καὶ
1212 1677 1447 1746 εὐρῶτος
1471 1681 1701 1748 ἠχρειω-

120 1771 302 1836 μένον,
359 1768 634 1836 ἄφθογγον
674 1768 822 1837 μένει
873 1769 963 1820 καὶ
995 1769 1387 1838 άνενέργητον,
1442 1769 1545 1821 κᾶν
1596 1767 1700 1822 ὑπὸ
1732 1756 1773 1810 Β

114 1859 196 1909 τοῦ
243 1858 505 1928 προέχειν
542 1857 820 1920 δοκοῦντος
873 1858 1016 1910 κατὰ
1053 1859 1149 1929 τὴν
1184 1859 1477 1930 αὐλητικὴν
1505 1861 1699 1930 τέχνην

111 1951 488 2021 ἑμπνέητα;)’
529 1951 669 2002 οὕτω
715 1951 805 2002 καὶ
849 1952 878 2002 ὁ
909 1949 1031 2013 νοῦς
1075 1951 1142 2003 δι’
1171 1950 1291 2004 ὅλου
1338 1950 1431 2003 τοῦ
1467 1951 1700 2020 ὀργάνου

108 2043 349 2112 διήκων,
403 2046 500 2095 καὶ
539 2042 875 2112 καταλλήλως
918 2045 1035 2105 ταῖς
1076 2045 1350 2112 νοητικαῖς
1380 2043 1698 2113 ἐνεργείαις,

110 2131 253 2184 auito
301 2133 573 2198 πέφυκεν,
607 2131 814 2200 ἑκάστῳ
861 2129 971 2181 τῶν
1016 2131 1200 2200 μερῶν
1233 2131 1698 2201 προσαπτόμενος,

112 2225 200 2274 ἐπὶ
238 2221 344 2293 μὲν
374 2221 484 2274 τῶν
517 2221 654 2274 κατὰ
689 2223 851 2290 φύσιν
897 2221 1250 2292 διακειμένων
1302 2221 1360 2274 τὸ
1389 2224 1582 2275 οἰκεῖον
1614 2225 1700 2274 ἐν·

112 2318 381 2386 ήργησεν,
411 2315 502 2366 ἐπὶ
530 2313 585 2366 δὲ
607 2314 714 2366 τῶν
736 2312 1104 2366 ἀσθενούντων
1132 2312 1385 2379 δέξασθαι
1409 2313 1505 2383 τὴν
1525 2330 1700 2382 τεχνι-

113 2408 210 2476 κὴν
263 2404 433 2458 αὐτοῦ
480 2403 715 2472 κίνησιν,
776 2403 1054 2473 ἄπρακτος
1102 2420 1160 2455 τε
1205 2403 1299 2456 καὶ
1341 2403 1700 2474 ἁνενέργητος

111 2495 312 2562 ἔμεινε.
370 2493 589 2560 Πέφυκε
625 2495 734 2563 γάρ
781 2510 897 2553 πως
931 2493 959 2544 ὁ
990 2491 1112 2556 νοῦς
1146 2493 1282 2564 πρὸς
1330 2492 1427 2562 μὲν
1456 2493 1515 2545 τὸ
1559 2493 1698 2546 κατᾶ

115 2585 268 2650 φύσιν
295 2584 645 2652 διακείμενον
677 2584 896 2646 οἰκείως
925 2583 1088 2653 ἔχειν,
1118 2583 1256 2655 πρὸς
1290 2584 1344 2637 δὲ
1381 2585 1441 2637 τὸ
1471 2593 1700 2656 παρενε-

114 2676 231 2743 χθὲν
261 2676 378 2728 άπὸ
398 2675 624 2743 ταύτης,
655 2674 1084 2746 άλλοτριοῦσθαι.

1813 504 1932 541 rum
1968 497 2278 555 utrumque,
2311 488 2391 540 vel
2426 497 2676 541 neutrum
2729 487 2864 540 adeo
2905 494 2961 539 ut
2994 488 3378 557 iutelligenlem

1814 580 1982 632 animi
2034 579 2140 631 vim
2169 578 2450 633 includant
2481 593 2707 633 necesse
2737 586 2839 633 est.
2863 577 3130 632 Craterum
3163 581 3379 636 etiamsi

1810 671 2038 724 edoceat
2061 671 2348 724 facultates
2376 669 2747 739 intelligentia:
2778 669 3104 738 quibusdam
3142 671 3194 722 in
3219 671 3379 726 allec-

1814 761 2054 816 tionibus
2082 763 2331 831 corporis
2371 763 2524 835 quasi
2557 761 2820 825 hebetari,
2845 762 2927 815 vel
2963 762 3122 814 etiam
3147 777 3377 830 prorsus

1803 854 1989 924 jacere
2017 874 2026 906 :
2064 867 2170 906 non
2206 862 2384 907 tamen
2428 853 2560 905 satis
2591 853 2842 905 idoneum
2872 860 3248 920 argumentum
3279 853 3380 906 hoc

1807 963 1928 1002 esse
1954 957 2156 1010 statuo,
2192 962 2300 1016 quo
2333 946 2613 1014 probetur,
2666 947 2785 1000 loco
2839 953 2991 1000 certo
3035 945 3141 997 vim
3176 947 3375 1000 mentis

1807 1038 1883 1092 ita
1915 1040 2320 1102 circumscribi,
2339 1047 2397 1090 ut
2413 1038 2718 1092 tumoribus
2739 1038 2977 1091 membra
3002 1038 3090 1090 illa
3109 1052 3381 1106 occupan-

1806 1131 1976 1194 tibus,
2015 1131 2079 1184 de
2102 1146 2204 1184 suo
2243 1131 2361 1199 ipsa
2396 1129 2551 1199 quasi
2590 1129 2768 1198 spatio
2800 1130 3046 1183 excedat.
3105 1127 3203 1182 Est
3237 1127 3378 1181 enim

1804 1223 2119 1291 bujusmodi
2140 1223 2385 1292 quaedam
2406 1223 2663 1292 cogitatio
2683 1222 2963 1291 corporeis
2985 1221 3148 1275 rebus
3170 1235 3381 1274 accom-

1803 1317 2045 1379 modata,
2103 1331 2233 1370 vase
2272 1316 2438 1370 rebus
2479 1317 2687 1388 injectis
2705 1317 2923 1385 repleto,
2970 1329 3076 1369 non
3130 1327 3286 1382 posse
3327 1312 3379 1365 in

1801 1407 1992 1462 eodem
2034 1409 2157 1461 aliis
2189 1408 2366 1461 locum
2401 1422 2539 1462 esse.
2580 1406 2791 1475 Quippe
2825 1415 3018 1458 natura
3057 1407 3174 1460 solo
3201 1405 3382 1457 animo

1804 1495 2286 1564 comprehensilis,
2330 1504 2387 1549 ut
2424 1497 2476 1548 in
2513 1506 2692 1564 partes
2720 1495 2980 1564 corporis-
3025 1510 3227 1548 vacuas
3273 1509 3380 1547 non

1802 1589 2099 1659 immigrat,
2139 1593 2219 1645 sic
2257 1601 2309 1644 et
2371 1605 2400 1644 a
2453 1606 2616 1643 carne
2659 1591 2814 1658 quasi
2881 1588 3220 1643 redundante
3274 1603 3381 1641 non

1801 1681 2112 1749 expellitur.
2152 1681 2245 1735 Est
2282 1681 2506 1733 omnino
2536 1689 2708 1733 totum
2735 1696 2937 1749 corpus
2969 1682 3266 1734 humanum
3301 1680 3384 1732 in-

1803 1781 1920 1827 star
1951 1772 2148 1826 musici
2183 1773 2528 1826 instrumenti
2583 1772 2932 1826 fabricatum.
2990 1771 3140 1824 Solet
3199 1779 3380 1824 autem

1802 1879 2196 1932 nonnunquam
2223 1865 2541 1928 usuvenire,
2573 1872 2630 1916 ut
2670 1864 2899 1916 canendi
2934 1863 3152 1931 quidem
3186 1860 3384 1929 aliquis
3447 1854 3452 1858 ’

1802 1956 2013 2023 peritus
2060 1955 2152 2014 sit.
2195 1969 2382 2007 verum
2423 1954 2558 2008 artis
2592 1969 2705 2008 suae
2742 1953 3125 2007 instrumentis
3179 1952 3384 2006 vitiatis

1803 2045 2191 2100 documentum
2250 2046 2507 2099 idoneum
2569 2045 2732 2099 edere
2792 2053 3049 2114 nequeat.
3106 2043 3176 2096 Ea
3237 2044 3382 2097 enim

1804 2133 1948 2190 forte
1976 2137 2057 2189 vel
2091 2151 2120 2188 a
2153 2144 2397 2205 tempore
2443 2135 2654 2201 vitiata,
2693 2137 2775 2189 vel
2829 2134 3109 2189 confracta
3149 2151 3242 2203 per
3276 2135 3386 2187 rui-

1805 2241 1958 2290 nam,
1994 2227 2079 2281 vel
2111 2242 2139 2279 a
2173 2227 2425 2296 rubigine
2478 2242 2544 2282 ac
2604 2227 2712 2281 situ
2766 2227 2946 2295 inepta
2983 2225 3215 2287 reddita,
3249 2238 3386 2279 sono

1803 2324 2014 2382 carent,
2049 2316 2371 2386 nullumque
2396 2316 2463 2370 ad
2499 2331 2658 2370 usum
2713 2315 2909 2369 idonea
2968 2322 3117 2376 sunt,
3173 2314 3385 2368 etiamsi

1804 2409 1888 2462 vel
1932 2409 2000 2462 ab
2035 2409 2236 2461 eximio
2281 2409 2505 2462 tibicine
2538 2407 2816 2462 inﬂentur.
2861 2405 2953 2461 Sic
2997 2423 3054 2461 se
3088 2421 3240 2461 mens
3291 2419 3388 2474 per

1806 2499 2122 2553 universum
2167 2515 2433 2569 organum
2468 2515 2628 2555 suum
2665 2501 2888 2567 didens,
2917 2509 2970 2555 et
3003 2500 3279 2570 applicans
3327 2513 3386 2555 se

1803 2588 2016 2641 ratione
2038 2597 2404 2643 consentanea
2437 2589 2700 2642 membris
2727 2589 2956 2658 singulis
2979 2605 3070 2657 per
3101 2589 3388 2644 facultates

1807 2687 2014 2732 naturae
2077 2694 2189 2732 sua:
2231 2680 2617 2734 convenientes
2649 2681 2699 2731 in
2751 2680 2818 2734 iis
2857 2695 2975 2746 quae
3009 2687 3155 2732 recte
3189 2679 3388 2732 habent

112 2769 417 2824 secundum
456 2781 736 2834 naturam,
768 2771 873 2824 vim
914 2785 1070 2824 suam
1101 2779 1364 2837 exercet;
1418 2771 1470 2825 in
1513 2775 1725 2828 creteris
1777 2789 1897 2844 quae
1936 2769 2292 2828 artiﬁciosum
2345 2773 2519 2842 ipsius
2565 2781 2769 2826 motum
2827 2787 2924 2840 per
2966 2770 3386 2824 imbecillitatem

111 2878 305 2932 capere
347 2871 648 2931 nequeunt,
676 2862 822 2930 jacet
860 2871 1021 2931 atque
1064 2863 1240 2918 otiosa
1288 2871 1391 2918 est.
1446 2862 1540 2918 Est
1581 2865 1724 2918 enim
1785 2865 1890 2920 hoc
1932 2866 2098 2918 menti
2162 2865 2454 2934 peculiare,
2501 2874 2558 2918 ut
2596 2866 2648 2918 in
2697 2864 2954 2920 membris
3007 2871 3200 2917 natura
3251 2863 3388 2917 bene

113 2953 320 3008 allectis
344 2952 721 3007 emcacitatem
760 2968 914 3008 suam
957 2953 1232 3010 obtineat:
1261 2970 1323 3009 ea
1353 2970 1478 3008 vero
1511 2971 1631 3024 qua:
1658 2956 1946 3024 depravata
1974 2964 2122 3018 sunt,
2157 2964 2458 3010 aversetur.

179 3044 293 3098 Καί
320 3062 416 3114 μοι
446 3044 596 3097 δοκεῖ
625 3042 995 3114 φυσικώτερον
1028 3039 1168 3097 εἶναι
1209 3063 1259 3098 τι
1295 3046 1436 3099 κατὰ
1458 3046 1518 3098 τὸ
1548 3045 1707 3118 μέρος

1885 3050 1963 3100 Ae
2025 3047 2156 3100 mihi
2211 3049 2430 3116 quidem
2488 3045 2706 3100 videtur
2764 3060 2925 3116 posse
2972 3045 3072 3099 hac
3133 3045 3187 3098 in
3237 3053 3388 3115 parte

112 3137 268 3190 τοῦτο
287 3136 572 3208 θεώρημα,
599 3136 665 3188 δι’
689 3131 749 3190 οὗ
779 3135 967 3206 μαθεῖν
997 3135 1110 3189 ἔστι
1131 3155 1183 3190 τι
1211 3137 1318 3190 τῶν
1347 3139 1702 3209 άστειοτέρων

114 3228 418 3297 ὼγμάτων.
437 3227 654 3298 Ἐπειδὴ
696 3228 803 3298 γὰρ
842 3227 900 3279 τὸ
934 3226 1215 3280 κάλλιστον
1258 3230 1472 3283 πάντων
1504 3231 1595 3284 καὶ
1619 3229 1705 3296 ἐξ·

119 3319 386 3386 οχὼτατον
410 3318 614 3386 ἀγαθὸν
635 3319 764 3370 αὑτὸ
798 3318 858 3370 τὺ
894 3318 1048 3370 Θείόν
1072 3320 1207 3378 ἐστι,
1223 3318 1357 3388 πρὸς
1381 3318 1409 3370 ὂ
1433 3319 1606 3372 πάντα
1627 3319 1706 3372 νέ-

117 3426 325 3466 νευκεν,
353 3410 456 3460 ὅσα
481 3407 576 3460 τοῦ
602 3405 766 3459 καλοῦ
796 3406 894 3476 τὴν
921 3405 1103 3474 ἔφεσιν
1135 3405 1266 3474 ἕχει,
1296 3405 1383 3458 διὰ
1416 3405 1572 3459 τοῦτό
1600 3424 1704 3475 φα-

114 3517 212 3567 μεν
240 3500 335 3551 καὶ
364 3499 457 3550 τὸν
483 3498 632 3560 νοῦν,
654 3498 748 3550 ἆτε
787 3499 904 3549 κατ’
943 3497 1127 3549 εἰκόνα
1162 3495 1256 3548 τοῦ
1297 3495 1578 3549 καλλίστου
1612 3514 1704 3563 γε·

114 3592 357 3660 νόμενον,
387 3590 499 3652 ἓως
531 3589 596 3641 ἂν
621 3589 818 3662 μετέχῃ
836 3589 935 3657 τῆς
959 3588 1092 3661 πρὸς
1115 3588 1174 3640 τὸ
1195 3588 1501 3659 ἀρχέτυπον
1529 3588 1708 3658 ὁμοιό-

113 3698 292 3747 τητος,
326 3679 571 3732 καθόσον
594 3680 879 3748 ἐνδέχεται,
911 3681 1007 3732 καὶ⁵
1040 3679 1203 3733 αὑτὸν
1235 3681 1292 3731 ἐν
1315 3679 1390 3749 τῷ
1425 3679 1574 3749 καλῷ
1593 3679 1707 3732 δια-

113 3774 317 3840 μένειν,
345 3773 397 3823 εἰ
425 3770 485 3824 δέ
522 3789 635 3832 πως
660 3770 758 3834 ἔξω
779 3771 988 3839 γένοιτο
1012 3771 1224 3834 τούτου,
1242 3770 1580 3840 γυμνοῦσθαι
1613 3770 1706 3823 τοῦ

111 3863 338 3924 κάλλους
372 3863 431 3913 ἐν
457 3855 504 3928 ᾧ
527 3858 614 3930 ἦν.
642 3862 847 3931 Ὠσπερ
886 3861 944 3912 δὲ
976 3862 1183 3931 ἔφαμεν
1221 3863 1286 3932 τῇ
1326 3859 1578 3930 ὁμοιώσει
1611 3860 1704 3912 τοῦ

119 3953 478 4022 πρωτοτύπου
515 3953 744 4015 κάλλους
786 3955 1248 4022 κατακοσμείσθαι
1290 3954 1380 4006 τὸν
1414 3952 1560 4016 νοῦν,
1595 3949 1705 4006 οἷον

119 4062 167 4096 τι
198 4046 516 4115 κάτοπτρον
555 4044 632 4115 τῷ
666 4045 973 4116 χαρακτῆρι
1013 4044 1108 4099 τοῦ
1145 4045 1548 4116 ὲμφαινομένου
1576 4061 1708 4115 μορ-

121 4137 406 4208 ςούμενον·
437 4136 583 4190 κατὰ
612 4137 712 4208 τὴν
740 4137 907 4207 αὐτὴν
938 4136 1247 4204 ἀναλογίαν,
1274 4138 1366 4189 καὶ
1391 4137 1488 4207 τὴν
1509 4139 1709 4190 οἰκονο-

116 4231 396 4299 μουμένην
419 4230 516 4282 ὑπ’
543 4228 708 4282 αὑτοῦ
728 4228 886 4296 φύσιν
906 4228 1120 4297 ἔχεσθαι
1142 4227 1233 4281 τοῦ
1252 4228 1342 4280 νοῦ
1360 4227 1705 4296 λογιζόμεθα,

115 4319 212 4370 καὶ
226 4319 303 4389 τῷ
325 4320 722 4390 παρακειμένῳ
744 4318 926 4371 κάλλει
947 4319 1041 4372 καὶ
1056 4319 1224 4389 αὑτὴν
1247 4318 1584 4386 κοσμεῖσθαι,
1598 4313 1708 4370 οἷόν

115 4428 170 4462 τι
195 4414 500 4480 κατόπτρου
525 4411 828 4480 κάτοπτρον
851 4411 1159 4481 γινομένην
1183 4410 1497 4480 κρατεῖσθαι
1519 4411 1574 4462 δὲ
1601 4410 1706 4464 ὑπὸ
1738 4395 1780 4449 ί)

115 4500 320 4570 ταύτης
352 4501 448 4553 καὶ
465 4500 784 4570 συνέχεσθαι
805 4500 864 4553 τὸ
882 4501 1061 4554 ὑλικὸν
1076 4501 1172 4571 τῆς
1198 4501 1561 4564 ὑποστάσεως,
1581 4518 1647 4553 πε
1655 4502 1710 4572 pl.

115 4591 186 4658 ἦν
211 4591 500 4662 θεωρεῖται
522 4594 555 4661 ἡ
584 4593 764 4661 φύσις.
803 4594 945 4656 Ἕως
979 4593 1046 4646 ἂν
1073 4589 1166 4647 οὖν
1185 4593 1374 4663 ἔχηται
1401 4593 1494 4646 τοῦ
1523 4594 1706 4664 ἐτέρου

115 4683 180 4731 τὸ
197 4683 405 4753 ἰτερον,
430 4683 525 4736 διὰ
557 4685 769 4738 πάντων
801 4685 1079 4754 ἀναλόγως
1105 4687 1136 4757 ἡ
1161 4685 1256 4738 τοῦ
1284 4686 1450 4748 ὅντως
1479 4684 1708 4748 κάλλους

116 4775 378 4826 ωιιωνία
409 4774 656 4838 διέξεισι,
697 4776 782 4828 διά
814 4775 908 4829 τοῦ
934 4777 1327 4849 ὑπερκειμένου
1360 4777 1419 4830 τὸ
1445 4777 1708 4847 προσεχὲς

115 4863 565 4928 καλλωπίζουσα.
613 4865 858 4919 Ἐπειδὰν
896 4868 951 4920 δέ
984 4885 1068 4930 τις
1099 4869 1320 4938 γένηται
1360 4869 1458 4938 τῆς
1503 4868 1710 4937 ἀγαθῆς

113 4956 320 5027 ταύτης
342 4960 627 5027 συμφυΐας
643 4959 1005 5030 διασπασμὸς,
1035 4961 1068 5032 ἢ
1093 4961 1187 5014 καὶ
1210 4962 1344 5032 πρὸς
1366 4963 1424 5014 τὸ
1452 4961 1707 5031 ἔμπαλιν,

119 5049 493 5120 ἀντακολουθῇ
524 5049 602 5118 τῷ
620 5050 984 5122 ὑποδεῦηκότι
1011 5052 1072 5104 τὸ
1091 5052 1371 5124 ὑπερέχον·
1399 5053 1520 5106 τότε
1545 5051 1712 5120 αὑτῆς

119 5149 182 5185 τε
211 5135 303 5204 τῆς
335 5135 496 5206 ὕλης,
527 5138 659 5190 ὅταν
700 5140 912 5226 ιεονωθῇ
947 5145 1046 5213 τῆς
1089 5141 1332 5211 φύσεως,
1362 5140 1612 5211 διηνέχθη
1652 5141 1714 5193 τὸ

123 5227 368 5296 ἂσαμον
420 5227 710 5299 (ἄμορφον
745 5230 852 5301 γάρ
902 5248 954 5286 τι
997 5232 1119 5286 καθ’
1158 5231 1354 5302 ἑαυτὴν
1395 5234 1428 5302 ἡ
1478 5231 1578 5300 ὑλη
1616 5230 1710 5284 καὶ

126 5317 533 5385 ἀκατάσκευον)
562 5319 653 5372 καὶ
674 5322 740 5391 τῇ
768 5322 1008 5395 ἀμορφία
1033 5324 1237 5393 ταύτης
1264 5323 1624 5394 συνδιεφθάρη
1651 5323 1711 5375 τὸ

129 5404 319 5468 τᾶλλ-ἰς
369 5407 467 5476 τῆς
517 5407 749 5476 φύσεως,
803 5411 834 5482 ἠ
884 5413 968 5468 διὰ
1006 5415 1101 5470 τοῦ
1143 5413 1234 5469 νοῦ
1287 5411 1707 5478 καλλωπίζεται.

131 5492 242 5544 tui
269 5494 442 5559 οὓτως
496 5497 584 5549 ἐπ’
619 5499 776 5553 αὑτὸν
814 5504 902 5560 τὸν
951 5507 1076 5564 νοῦν
1118 5504 1216 5562 τοῦ
1269 5503 1410 5557 κατὰ
1452 5504 1548 5574 τὴν
1577 5502 1712 5574 ὓλην

209 5666 254 5698 ⁸³
281 5669 426 5726 l'sal.
453 5687 559 5738 vn,
599 5673 682 5729 10.

1815 3135 2075 3204 quiddam
2113 3137 2452 3190 considerari
2487 3149 2516 3188 a
2551 3135 2709 3190 nobis
2749 3151 2814 3190 ex
2851 3133 3028 3189 media
3070 3149 3247 3188 rerum
3291 3150 3388 3187 na-

1813 3229 2068 3281 turalium
2119 3230 2448 3281 tractatione
2498 3228 2870 3296 desumptum,
2928 3230 2994 3282 de
3033 3241 3142 3297 quo
3183 3226 3385 3295 percipi

1809 3315 2058 3370 doctrina
2110 3318 2331 3387 elegans
2385 3318 2580 3387 possit.
2624 3316 2758 3371 Nam
2804 3331 2926 3371 cum
2975 3316 3217 3370 omnium
3264 3316 3386 3385 pul-

1807 3409 2138 3462 cberrimum
2196 3423 2259 3461 ae
2312 3409 2824 3478 praestantissimum
2866 3409 3069 3462 bonum
3125 3408 3196 3462 sit
3243 3406 3388 3461 Deus

1807 3499 1942 3568 ipse,
1990 3502 2054 3552 ad
2103 3516 2264 3568 quem
2301 3500 2484 3553 omnia
2517 3501 2843 3569 respiciunt,
2884 3514 3224 3569 quacunque
3255 3499 3380 3554 boni

1807 3591 2080 3646 desiderio
2128 3599 2448 3660 tanguntur,
2499 3593 2703 3646 idcirco
2735 3599 2791 3645 et
2841 3599 3078 3646 mentem
3127 3590 3384 3654 dicimus,

1807 3681 2007 3736 laetam
2045 3681 2110 3734 ad
2153 3683 2278 3736 boni
2312 3682 2664 3752 pulcherrimi
2697 3683 3007 3751 imaginem,
3041 3683 3279 3752 quandiu
3312 3683 3389 3737 si-

1806 3774 2136 3827 militudinis
2187 3774 2482 3843 archetypo
2520 3772 2906 3842 respondentis
2952 3774 3226 3842 particeps
3279 3780 3385 3838 est,

1809 3865 1986 3934 quoad
2017 3865 2138 3932 ejus
2168 3865 2282 3918 ﬁeri
2318 3873 2521 3933 potest,
2565 3865 2705 3919 haud
2741 3866 2906 3920 dubie
2953 3867 3077 3920 boni
3122 3875 3388 3936 praastan-

1811 3958 1938 4009 tiam
1967 3956 2105 4009 tueri
2125 3971 2187 4008 ac
2219 3970 2572 4010 conservare.
2603 3957 2858 4011 Eamdem
2885 3966 3102 4022 contra,
3135 3958 3179 4011 si
3206 3959 3387 4028 aliqua

1809 4055 1968 4118 pacto
2002 4062 2031 4100 a
2073 4047 2317 4117 principe
2348 4047 2492 4103 bono
2527 4049 2819 4112 exorbitet,
2870 4057 2984 4103 tota
3028 4049 3117 4102 illa
3144 4051 3388 4118 pulchri-

1807 4140 2020 4201 tudine,
2062 4155 2167 4208 qua
2201 4149 2322 4193 erat
2364 4150 2577 4202 ornata,
2613 4142 2861 4210 spoliari.
2915 4141 3084 4193 Porro
3127 4141 3388 4208 quemad-

1809 4229 2028 4284 modum
2055 4230 2352 4287 indicatum
2377 4241 2460 4284 est
2476 4231 2835 4284 similitudine
2860 4230 3127 4298 principis
3153 4229 3390 4298 pulchri-

1809 4319 2020 4372 tudinis
2079 4326 2330 4372 ornatam
2393 4333 2515 4372 esse
2579 4325 2834 4379 mentem,
2894 4315 3116 4384 perinde
3161 4331 3223 4370 ac
3263 4331 3386 4385 spe—

1811 4409 1996 4462 culum
2036 4410 2206 4479 ﬁgura
2244 4408 2398 4463 faciei
2434 4425 2500 4462 ex
2552 4409 2670 4477 ipso
2723 4407 3018 4461 relucentis
3055 4407 3383 4476 insignitur:

1809 4498 2002 4553 eadem
2057 4500 2270 4552 ratione
2321 4507 2374 4552 et
2420 4505 2693 4559 naturam,
2755 4512 2878 4567 quae
2921 4511 2952 4550 a
2993 4505 3172 4551 mente
3214 4498 3385 4551 admi-

1811 4591 2270 4660 nistratur,.erga
2319 4591 2564 4644 eamdem
2609 4589 2856 4644 aﬂ'ectam
2906 4605 3030 4644 esse
3075 4593 3385 4654 statuimus,

1811 4689 1870 4736 ut
1909 4683 2118 4737 scilicet
2151 4690 2204 4736 et
2235 4682 2404 4750 ipsam
2441 4683 2625 4736 ornari
2656 4683 2958 4751 propinqua
2985 4682 3388 4751 pulchritudine

1809 4772 2082 4836 dicamus,
2113 4779 2167 4826 et
2200 4771 2356 4840 quasi
2396 4772 2602 4841 speculi
2653 4774 2936 4841 speculum
2976 4787 3121 4827 esse.
3171 4771 3389 4826 Naturze

1811 4878 1976 4932 porro
2009 4863 2334 4919 crassiorem
2370 4863 2526 4932 quasi
2565 4864 2846 4918 materiem
2886 4866 3058 4919 nostri
3089 4865 3384 4928 cohaerere,

1810 4955 1896 5010 cui
1934 4955 2049 5024 ipsa
2088 4964 2282 5008 natura
2329 4955 2489 5009 inest.
2517 4955 2691 5025 Igitur
2720 4955 2958 5024 quandiu
3013 4956 3126 5011 haec
3161 4955 3303 5011 inter
3329 4972 3388 5011 se

1811 5053 1936 5113 apte
1978 5059 2227 5099 connexa
2281 5053 2430 5106 sunt,
2485 5045 2648 5098 etiam
2701 5045 2990 5098 verissima
3036 5045 3388 5114 pulchritudo

1809 5137 2170 5192 conveniente
2214 5137 2450 5206 quadam
2501 5137 2714 5191 ratione
2761 5151 2886 5190 cum
2938 5137 3196 5192 omnibus
3234 5152 3388 5191 com-

1815 5230 2168 5283 munieatur:
2209 5242 2427 5298 seraper
2469 5243 2555 5290 eo,
2599 5227 2747 5297 quod
2798 5229 2920 5284 loco
2957 5237 3042 5282 est
3085 5228 3390 5299 superiore,

1815 5320 2127 5392 proximum
2160 5318 2263 5374 sibi
2289 5329 2606 5374 exornante.
2647 5317 2743 5373 Ubi
2767 5335 2895 5375 vero
2919 5320 3192 5390 praeclara:
3231 5319 3392 5390 hujus

1818 5412 2220 5481 conjunctionis
2241 5419 2325 5465 est
2349 5411 2486 5464 facta
2509 5410 2778 5478 divulsio;
2804 5415 2885 5466 vel
2911 5419 3121 5476 contra,
3137 5412 3282 5484 quod
3307 5417 3391 5464 est

1820 5501 2167 5573 praestantius
2211 5500 2404 5558 ordine
2433 5501 2650 5557 inverso
2679 5503 2926 5571 sequitur
2969 5501 3232 5556 inferius:
3273 5509 3387 5556 tum
