4088 6210
735 330 838 388 tes
1010 302 1014 311 “
1966 327 2024 383 s.
2067 326 2395 384 caecout:
2429 328 2716 384 NYSSENI
3901 344 4018 399 tet

728 443 942 498 scilicet
975 443 1210 499 rudioris
1254 444 1309 498 in
1361 442 1582 498 homine
1613 443 1858 497 materiei
1907 458 1936 496 a
1967 452 2164 499 natura
2211 446 2342 511 ειε-⁴

2409 444 2632 515 αἴσχους
2671 445 2759 498 διὰ
2805 444 2905 514 τῆς
2935 445 3146 514 φύσεως
3184 445 3480 517 ἡδιάδοσις
3509 446 3736 514 γίνεται,
3775 447 3859 510 ὡς
3901 467 4022 520 μη-

729 541 892 588 sertze
924 536 1204 604 turpitudo
1239 535 1469 605 insignis
1506 542 1750 605 apparet.
1784 533 1921 588 Nam
1958 536 2076 604 ipsa
2115 552 2210 605 per
2246 551 2306 591 se

2407 535 2524 588 κέτι
2540 535 2633 588 τοῦ
2653 535 2787 588 Θεοῦ
2810 537 2908 607 τὴν
2927 538 3108 590 εἰκόνα
3134 539 3190 591 ἐν
3208 537 3284 608 τῷ
3313 538 3619 609 χαρακτῆρι
3648 539 4017 609 καθορᾶσθαι

731 627 989 682 materies
1020 627 1276 696 quiddam
1309 634 1398 682 est
1421 626 1667 681 deforme
1693 635 1747 680 et
1774 626 2170 696 imperfectum.
2199 626 2303 679 De-

2407 627 2498 680 τοῦ
2532 626 2868 695 πλάσματος.
2923 623 3047 681 Οἷον
3074 609 3182 700 γάρ
3220 646 3272 681 τι
3308 629 3610 699 κάτοπτρον
3642 629 3786 682 κατὰ
3819 629 4012 682 νώτου

731 713 1057 769 formitatem
1082 731 1212 770 vero
1234 715 1502 782 Iuateriei,
1534 715 1964 785 pulchritudinis
1998 715 2159 769 etiam
2186 715 2305 783 ejus

2405 717 2504 788 τὴν
2532 716 2640 768 τῶν
2669 717 2885 786 ἀγαθῶν
2923 717 3066 770 ίδέαν
3097 719 3125 769 6
3149 717 3272 780 νοῦς
3312 718 3697 788 ποιησάμενος,
3731 717 4010 771 ἐκϐάλλει

729 822 850 876 quae
882 807 933 860 iu
987 816 1182 860 natura
1229 817 1336 871 est,
1392 822 1423 859 ε
1477 815 1655 860 mente
1713 805 1992 875 profectae,
2053 805 2305 860 interitus

2411 809 2507 877 μὲν
2538 808 2637 877 τῆς
2667 806 2989 877 ἐκλάμψεως
3029 806 3119 859 τοῦ
3169 805 3376 874 ἀγαθοῦ
3408 806 3507 869 τὰς
3548 805 3842 874 ἐμφάσεις,
3896 806 4010 874 τῆς

729 897 1106 966 consequitur.
1140 897 1231 951 Sic
1264 898 1398 952 adeo
1433 898 1680 951 materiei
1711 897 1994 966 turpitudo
2029 913 2125 966 per
2151 906 2306 950 natu].

2407 901 2462 954 δὲ
2504 900 2634 970 ὕλης
2665 901 2763 968 τὴν
2803 900 3076 971 ἀμορφίαν
3117 901 3196 962 είς
3230 900 3418 953 ἑαυτὸν
3450 898 3853 969 ἀναμὰσσεται.
3885 902 4010 968 Καὶ

731 1004 846 1042 ram
883 989 950 1042 ad
981 999 1213 1044 mentem
1260 991 1435 1060 ipsam
1469 989 1761 1056 redundat,
1811 998 1871 1043 ut
1920 991 2159 1057 nonjam
2191 1005 2306 1043 am-

2407 991 2578 1061 τούτῳ
2594 993 2798 1060 γίνεται
2823 991 2898 1061 τῷ
2918 992 3102 1062 τρόπῳ
3130 991 3221 1043 τοῦ
3243 990 3412 1042 κακοῦ
3444 991 3476 1060 ἡ
3510 990 3743 1058 γένεσις,
3774 990 3870 1042 διὰ
3898 993 4007 1061 τῆς

731 1080 874 1149 plius
919 1079 975 1132 in
1007 1081 1177 1133 creati
1232 1080 1402 1150 ﬁgura
1453 1082 1634 1152 imago
1690 1082 1781 1135 Dei
1830 1089 2108 1150 appareat.
2155 1079 2306 1134 Meus

2409 1082 2808 1153 ὑπεξαιρέσεως
2847 1083 2939 1135 τοῦ
2971 1083 3136 1136 καλοῦ
3179 1083 3655 1153 παρυφισταμένη.
3718 1082 3911 1134 Καλδν
3941 1083 4005 1135 δὲ

729 1171 876 1225 enim
906 1171 1175 1226 bonorum
1205 1171 1380 1226 ideam
1423 1181 1678 1241 tanquam
1721 1173 2004 1242 speculum
2039 1183 2160 1240 post
2199 1183 2307 1225 ter.

2409 1175 2538 1237 πᾶν,
2572 1175 2706 1242 ὅπερ
2747 1172 2811 1224 ἂν
2855 1173 2990 1242 τύχῃ
3025 1172 3159 1243 πρὸς
3197 1173 3260 1224 τὸ
3304 1172 3518 1242 πρῶτον
3547 1172 3746 1238 ἀγαθὸν
3772 1170 4004 1232 οίκείως

729 1277 856 1331 gum
898 1261 1203 1324 collocans,
1245 1261 1478 1316 eximios
1512 1261 1640 1314 boni
1688 1260 2087 1330 reSplendeutis
2128 1262 2307 1314 radios

2409 1263 2556 1333 ἔχον·
2588 1264 2616 1316 6
2645 1281 2696 1314 τι
2721 1263 2764 1315 δ’
2795 1262 2860 1314 ἂν
2887 1263 2991 1328 ἔξω
3022 1263 3241 1333 γένηται
3270 1263 3366 1333 τῆς
3400 1264 3535 1332 πρὸς
3563 1262 3719 1314 τοῦτο
3750 1261 4003 1332 σχέσεώς

730 1353 930 1422 reiicit,
967 1369 1031 1406 ac
1063 1354 1309 1407 materiei
1339 1353 1746 1408 deformitatem
1778 1354 1834 1406 in
1870 1369 1990 1408 sese
2019 1353 2303 1407 transfert.

2407 1374 2465 1408 τε
2491 1357 2584 1408 καὶ
2617 1355 2947 1425 ὁμοιώσεως,
2975 1356 3200 1426 ἄμοιρον
3248 1355 3340 1408 τοῦ
3383 1356 3545 1408 καλοῦ
3571 1357 3790 1418 πάντως
3821 1356 3999 1408 ἐστίν.

730 1443 845 1500 llac
873 1445 1126 1500 videlicet
1155 1446 1330 1500 modo
1357 1449 1597 1515 pravitas
1643 1448 1785 1500 bono
1818 1446 1968 1515 prius
2015 1446 2170 1514 quasi
2222 1449 2306 1497 in-

2408 1449 2470 1500 Εί
2499 1443 2590 1501 οῦν
2624 1449 2680 1501 ἓν
2712 1448 2808 1517 μὲν
2842 1447 2985 1501 κατὰ
3023 1446 3110 1500 τὸν
3155 1447 3497 1519 θεωρηθέντα
3530 1449 3684 1516 λόγον
3727 1448 3792 1500 τὺ
3822 1448 4004 1508 ὅντως

730 1545 972 1591 terverso
1027 1552 1090 1590 ac
1120 1539 1354 1602 sublato,
1402 1542 1579 1592 oritur
1627 1546 1680 1592 ct
1729 1539 1962 1593 exsistit.
2010 1537 2305 1590 Pulchrum

2408 1543 2607 1610 ἀγαθόν
2631 1557 2642 1570 ·
2703 1545 2731 1595 6
2757 1543 2812 1594 δὲ
2837 1541 2960 1603 νοῦς
2984 1541 3064 1610 τῷ
3093 1541 3214 1593 κατ’
3238 1541 3420 1593 είκόνα
3447 1539 3539 1592 τοῦ
3573 1539 3738 1592 καλοῦ
3768 1538 4005 1608 γεγενῆ-

730 1641 858 1680 vero
886 1629 1100 1682 censeri
1139 1629 1320 1690 debet,
1363 1629 1736 1698 quodcunque
1793 1629 1858 1681 ad
1911 1629 2165 1698 princeps
2209 1628 2308 1682 bo-

2410 1635 2552 1694 σθαι,
2586 1635 2680 1687 καὶ
2711 1633 2871 1696 αὐτὸς
2887 1633 2997 1703 ἔχει
3017 1633 3076 1686 τὸ
3105 1632 3266 1696 καλὸς
3290 1627 3425 1684 εῖναι
3448 1634 3518 1700 ’ὴ
3549 1631 3605 1683 δὲ
3640 1631 3804 1699 φύσις
3836 1633 3871 1700 ἡ
3891 1631 4003 1682 ὑπὸ

730 1733 860 1771 num
897 1721 1169 1790 congruit.
1222 1721 1489 1790 Quodque
1521 1732 1952 1776 consentaneum
1989 1721 2164 1774 eidem
2198 1736 2304 1774 non

2409 1725 2502 1779 τοῦ
2533 1725 2624 1778 νοῦ
2658 1725 3009 1794 συνεχομένη,
3037 1725 3287 1794 καθάπερ
3309 1742 3393 1786 τις
3418 1722 3578 1776 εἰκὼν
3601 1723 3808 1784 εἰκόνος
3842 1724 3965 1776 ἐστί
3984 1741 3997 1753 ·

727 1815 832 1870 εει,
863 1809 1046 1862 omnis
1071 1817 1154 1862 est
1174 1808 1599 1877 pulchritudinis
1616 1826 1829 1880 expers.
1865 1810 2230 1876 Quamobrem
2260 1809 2304 1864 si
2339 1799 2341 1847 λ

2407 1816 2681 1869 δείκνυται
2715 1815 2803 1867 διὰ
2834 1815 3058 1876 τούτων,
3087 1815 3166 1866 ὅτι
3202 1815 3262 1866 τὸ
3290 1813 3469 1866 ὑλικὸν
3501 1813 3657 1884 ἡμῶν
3689 1813 3997 1881 συνέστηκε

729 1899 797 1953 de
829 1900 1100 1954 sententia
1121 1901 1395 1954 rationum
1425 1903 1817 1972 expositarum,
1853 1917 2020 1956 unum
2049 1901 2304 1970 quiddam

2411 1909 2507 1978 μὲν
2544 1908 2636 1960 καὶ
2687 1909 3118 1978 περικρατείται,
3166 1907 3293 1958 ὅταν
3347 1907 3695 1976 οίκονομῆται
3895 1910 3997 1975 τῆς

728 1997 815 2044 εει
854 2007 980 2044 vere
1020 1991 1262 2047 bonum:
1307 2009 1460 2047 mens
1497 2005 1677 2048 autem
1711 1993 1852 2057 ideo,
1885 1993 2029 2063 quod
2061 1993 2127 2047 ad
2167 1992 2307 2045 ima-

2408 1999 2622 2066 φύσεως
2643 2015 2656 2028 ⁸
2686 1997 2872 2050 λύεται
2900 1997 2978 2060 δὲ,
3029 1998 3123 2051 καὶ
3151 1996 3429 2049 διαπίπτει
3460 1996 3637 2061 πάλιν,
3671 1997 3799 2050 ὅταν
3824 2015 3997 2067 χωρι-

730 2081 908 2151 ginem
936 2081 1147 2150 pulchri
1175 2088 1260 2138 est
1287 2083 1649 2147 conformata,
1679 2093 1732 2138 et
1755 2085 1870 2154 ipsa
1905 2084 2306 2154 pulchritudine

2411 2089 2508 2160 σθῇ
2537 2088 2647 2158 τοῦς⁸
2674 2087 3127 2160 περικρατοῦντός
3161 2105 3221 2139 τε
3260 2088 3353 2140 καὶ
3383 2087 3715 2157 συνέχοντος,
3751 2089 3848 2140 καὶ
3878 2088 4001 2140 διαο

729 2173 964 2242 quadam
999 2181 1194 2226 ornata
1239 2183 1322 2228 est
1357 2194 1369 2228 :
1406 2175 1642 2244 denique
1687 2185 1902 2238 natura,
1939 2191 2100 2245 quam
2154 2190 2307 2229 mens

2411 2182 2623 2251 σπασθῇ
2653 2183 2749 2252 τῆς
2778 2180 2913 2250 πρὸς
2943 2179 3001 2232 τὸ
3033 2179 3196 2231 καλὸν
3229 2179 3522 2248 συμφυΐας.
3555 2178 3626 2230 Τὸ
3659 2178 3715 2229 δὲ
3751 2177 3997 2230 τοιοῦτον

730 2265 998 2325 continet,
1039 2264 1084 2319 si
1118 2273 1200 2319 est
1243 2265 1498 2334 imaginis
1548 2265 1711 2335 hujus
1742 2267 1846 2319 alia
1886 2265 2132 2334 quaedam
2175 2267 2309 2318 ima-

2409 2273 2509 2326 ούκ
2542 2273 2716 2335 ἄλλως
2746 2271 2974 2339 γίνεται,
3007 2270 3038 2340 ἢ
3075 2271 3202 2322 ὅταν
3231 2269 3328 2338 τῆς
3374 2268 3586 2336 φύσεως
3612 2267 3749 2338 πρὸς
3785 2267 3847 2319 τὸ
3895 2265 3994 2334 ἐμ-

729 2367 798 2422 go
833 2371 845 2405 :
875 2353 979 2406 erit
1009 2362 1291 2407 ostensum
1326 2353 1469 2407 haud
1511 2354 1675 2409 dubie
1714 2355 1992 2408 rudiorem
2021 2356 2166 2407 illam
2207 2370 2308 2408 no-

2409 2365 2572 2418 παλιν
2603 2364 2825 2434 γένηται
2869 2363 2902 2432 ἡ
2941 2359 3263 2431 ἐπιστροφὴ,
3298 2358 3372 2430 μὴ
3411 2359 3546 2430 πρὸς
3579 2357 3640 2411 τὸ
3682 2357 3852 2411 καλὸν
3897 2359 3996 2426 τῆς

730 2441 829 2495 stri
862 2441 1140 2496 materiem
1190 2450 1304 2495 tum
1347 2442 1564 2496 demum
1612 2452 1760 2497 recte
1805 2443 1964 2511 quasi
2007 2444 2308 2497 stabilitam

2410 2457 2702 2528 ἐπιθυμίας
2731 2454 3010 2526 νευούσης,
3037 2453 3172 2507 ἀλλά
3193 2452 3327 2523 πρὸς
3356 2452 3414 2504 τὸ
3437 2450 3634 2522 χρῇζον
3661 2449 3755 2503 τοῦ
3783 2449 3999 2503 καλλω-

730 2549 873 2597 εεεε,
913 2533 1135 2603 quando
1173 2549 1201 2586 a
1240 2542 1432 2588 natura
1463 2536 1823 2605 gubernatur.
1856 2533 2126 2590 Cmterum
2163 2551 2309 2590 cam-

2411 2551 2676 2616 πίζοντος.
2706 2549 2942 2617 Ἀνάγκη
2960 2547 3066 2618 γὰρ
3082 2549 3230 2600 πᾶσα
3261 2548 3326 2616 τῇ
3358 2542 3709 2613 πτωχευούσῃ
3735 2542 3840 2611 τῆς
3863 2542 3999 2604 ἰδίας

730 2627 853 2681 dem
894 2628 1129 2681 solutam
1171 2627 1390 2690 collabi,
1439 2629 1657 2697 quando
1704 2630 1771 2682 ab
1815 2644 1900 2692 eo,
1945 2643 2053 2698 quo
2083 2628 2310 2684 firmiter

2415 2643 2628 2715 μορφῆς
2656 2642 2754 2712 ὕλῃ
2785 2640 2930 2695 κατά
2956 2640 3018 2693 τὸ
3045 2637 3292 2708 ἀσχημόν
3310 2653 3368 2688 τε
3400 2636 3493 2688 καὶ
3519 2634 3752 2696 ἀκαλλὲς
3779 2648 3995 2703 συμμε-

731 2719 1068 2782 continetur,
1109 2719 1467 2791 disjungitur,
1500 2730 1553 2776 et
1579 2737 1609 2775 a
1641 2721 1853 2790 pulchri
1880 2722 2141 2776 societate
2167 2722 2312 2776 avel-

2411 2734 2818 2806 ταμορφοῦσθαι
2845 2731 2904 2785 τὸ
2933 2731 3303 2802 ὁμοιούμενον,
3357 2728 3493 2781 ἀλλά
3526 2725 3697 2779 ταῦτα
3735 2725 3837 2796 μὲν
3863 2728 3998 2796 ἡμῖν

733 2811 882 2865 litur.
924 2811 1068 2866 Fieri
1091 2811 1194 2866 hec
1223 2813 1528 2875 consuevit,
1568 2829 1692 2867 cum
1730 2822 1943 2867 natura:
1972 2813 2108 2867 ordo
2131 2816 2310 2867 inver-

2412 2825 2469 2891 ὲξ
2492 2824 2808 2887 ἀκολουθίας
2838 2823 2982 2886 τινὸς
3008 2820 3415 2892 παρεξητὰσθη,
3433 2819 3520 2871 διὰ
3549 2821 3645 2889 τῆς
3679 2819 3763 2878 εἰς
3782 2818 3845 2870 τὸ
3864 2836 3997 2888 προ-

735 2902 888 2966 titur,
922 2901 1092 2956 animi
1138 2903 1366 2958 libidine
1410 2919 1519 2957 non
1570 2901 1638 2956 ad
1681 2903 2099 2972 pulchritudinis
2142 2903 2311 2958 decus

2413 2914 2662 2984 κείμενον
2705 2912 2938 2983 θεωρίας
2967 2909 3368 2964 ἐπεισελθόντα.
3409 2908 3482 2960 Τὸ
3509 2907 3617 2978 γὰρ
3663 2907 3999 2978 ζητούμενον

738 2993 1056 3060 inclinante,
1109 2994 1202 3048 sed
1238 2994 1305 3048 ad
1349 2994 1426 3058 id,
1467 2995 1610 3064 quod
1662 2995 1838 3063 ipsum
1893 3009 2217 3064 magnopere
2255 3002 2314 3048 ut

2412 2999 2501 3074 ἦν,
2535 3007 2581 3058 εί
2611 3007 2668 3057 ἐν
2710 3003 2865 3074 μέρει
2900 3003 3006 3055 τινὶ
3041 3001 3150 3056 τῶν
3175 3003 3231 3054 ἐν
3256 3003 3387 3072 ἡμῖν
3416 3003 3449 3070 ὴ
3485 3000 3645 3071 νοερὰ
3675 2999 3999 3068 καθίδρυται

735 3093 1029 3141 exornetur
1057 3085 1279 3156 indiget.
1307 3084 1422 3138 Non
1454 3087 1598 3140 enim
1630 3085 1743 3140 fieri
1767 3087 1924 3139 aliter
1945 3096 2144 3154 potest,
2179 3087 2308 3155 quin
2339 3137 2349 3182 ⁴

2413 3095 2658 3167 δύναμις,
2681 3095 2717 3166 ἢ
2751 3095 2839 3147 διὰ
2867 3095 3082 3148 πάντων
3116 3092 3256 3147 κατὰ
3283 3094 3344 3144 τὸ
3377 3093 3489 3145 ἴσον
3513 3091 3707 3162 διήκει.
3743 3091 3872 3142 Τῶν
3894 3091 3997 3158 γὰρ

735 3177 880 3248 quod
925 3178 1168 3232 materiei
1220 3178 1440 3247 propria
1489 3177 1662 3230 forma
1710 3176 1982 3231 destitutae
2030 3176 2349 3231 consimile'

2416 3192 2658 3252 τοπικοῖς
2709 3189 2895 3258 μέρεσι
2928 3185 3350 3257 περιειργόντων
3381 3183 3469 3236 τὸν
3499 3183 3644 3244 νοῦν,
3677 3182 3771 3234 καὶ
3799 3183 3880 3243 είς
3908 3181 3998 3233 σύ-

736 3268 967 3323 ‘eﬂieitur
1009 3269 1214 3324 :etiam
1245 3268 1607 3323 deformitatis
1654 3266 2025 3338 fceditatisque
2069 3268 2312 3337 ejusdem

2417 3296 2604 3334 στασιν
2630 3279 2727 3348 τῆς
2754 3278 3008 3348 τοιαύτης
3034 3276 3212 3330 αὐτῶν
3239 3274 3557 3344 ὑπολήψεως
3586 3272 3996 3343 προφερόντων,

740 3359 1028 3428 imaginem
1059 3359 1270 3413 induat.
1305 3358 1411 3414 Sed
1458 3359 1572 3413 haec
1601 3358 1819 3429 quidem
1861 3359 1928 3412 ab
1963 3359 2086 3413 aliis
2115 3358 2181 3412 ad
2209 3360 2314 3412 alia

2415 3372 2477 3424 τὸ
2513 3371 2586 3442 μὴ
2612 3370 2922 3424 εὐοδοῦσθαι
2954 3371 3052 3440 τὴν
3093 3369 3328 3422 διάνοιαν
3363 3365 3454 3441 ἐπὶ
3485 3363 3592 3416 τῶν
3641 3363 3794 3432 παρὰ
3830 3361 3996 3430 φύσιν

739 3449 970 3519 delapsi,
1005 3450 1182 3504 obiter
1208 3451 1419 3505 scilicet
1453 3451 1776 3520 explicando
1805 3447 2187 3511 indicavimus,
2216 3451 2317 3502 im-

2417 3462 2774 3533 διακειμένων
2823 3462 2921 3525 τὰς
2971 3463 3277 3532 μήνιγγας·
3315 3455 3591 3520 ἀπέδειξεν
3624 3456 3651 3506 6
3701 3453 3881 3522 λόγος,
3918 3456 3998 3506 ὅτι

741 3541 1102 3596 miscentibus
1148 3557 1268 3596 sese
1297 3543 1380 3596 his
1409 3543 1458 3596 ei
1501 3540 1955 3601 considerationi,
2005 3556 2112 3609 qua
2155 3541 2211 3594 id
2248 3541 2316 3596 de

2419 3553 2556 3606 κατά
2588 3554 2694 3605 πᾶν
2741 3550 2902 3622 μέρος
2939 3550 3031 3602 τοῦ
3069 3548 3404 3619 ἀνθρωπίνου
3447 3545 3836 3614 συγκρίματος,
3876 3545 3997 3596 καθ’

740 3650 848 3703 quo
879 3634 1079 3705 agitur,
1113 3634 1403 3702 complecti
1435 3642 1556 3690 erat
1581 3634 1817 3688 animus.
1851 3631 1964 3686 Hoc
1993 3633 2138 3688 enim
2177 3649 2319 3702 quae-

2417 3646 2444 3698 ὂ
2474 3646 2714 3713 πέφυκεν
2741 3645 2967 3707 ἕκαστος
2994 3645 3254 3714 ἐνεργεῖν,
3288 3643 3416 3705 ἴσως
3443 3644 3475 3712 ἢ
3503 3641 3600 3711 τῆς
3626 3640 3806 3709 ψυχῆς
3834 3639 3996 3691 δύη·

742 3726 1016 3791 rebamus,
1045 3743 1216 3796 ecqua
1249 3728 1301 3781 iu
1345 3735 1497 3796 parte
1539 3732 1710 3784 nostri
1745 3727 1973 3783 facultas
2015 3726 2318 3796 intelligen-

2422 3756 2513 3808 μις
2541 3738 2896 3809 ἀνενέργητος
2929 3736 3098 3805 μένει,
3146 3736 3218 3804 μὴ
3258 3734 3600 3804 διαμένοντος
3637 3734 3696 3785 ὲν
3732 3732 3799 3801 τῇ
3838 3732 3996 3798 φύσει

744 3819 832 3872 tia:
857 3819 1038 3873 sedem
1069 3820 1360 3889 quamdam
1389 3827 1594 3873 certam
1620 3822 1889 3876 obtineret
1923 3839 1935 3874 :
1969 3834 2036 3872 an
2064 3834 2190 3872 vero
2223 3832 2318 3886 per

2417 3831 2509 3884 τοῦ
2545 3829 2761 3900 μέρους.
2795 3829 2903 3880 Καὶ
2929 3826 3016 3880 διὰ
3039 3826 3196 3878 τοῦτο
3221 3826 3277 3891 ἐξ
3309 3824 3626 3886 ἀκολουθίας
3649 3823 3710 3875 τὸ
3737 3823 3996 3892 προτεθὲν

742 3913 925 3965 omnia
958 3913 1212 3981 aequabili
1255 3928 1314 3967 se
1357 3914 1569 3967 ratione
1613 3914 1782 3967 didat.
1828 3918 2014 3983 Itaque
2055 3911 2317 3966 adversus

2420 3919 2756 3988 παρενέπεσε
2784 3916 2861 3987 τῷ
2887 3916 3028 3985 λόγῳ
3061 3912 3343 3986 θεώρημα,
3377 3913 3442 3966 δι’
3462 3905 3522 3965 οῦ
3553 3913 3915 3983 μανθάνομεν,
3941 3914 3996 3963 ἐν

740 4019 838 4058 eos
869 4007 959 4073 qui
997 4005 1164 4057 certis
1193 4005 1430 4072 partium
1473 4004 1607 4057 locis
1641 4014 1876 4058 mentem
1919 4004 2227 4067 includunt,
2265 4011 2319 4056 et

2417 4009 2494 4080 τῷ
2532 4007 2854 4079 ἀνθρωπίνῳ
2888 4007 3216 4078 συγκρίματι
3245 4005 3348 4058 ὑπὸ
3379 4005 3513 4058 Θεοῦ
3554 4005 3650 4074 μὲν
3679 4003 3999 4056 διοικεῖσθαι

743 4095 809 4148 ad
840 4093 1269 4148 confirmandam
1303 4093 1442 4145 hanc
1473 4093 1842 4161 conjecturam
1877 4111 2029 4150 suam
2061 4093 2314 4158 afferunt,

2416 4101 2509 4154 τὸν
2554 4100 2698 4163 νοῦν,
2749 4099 2841 4151 ὑπ’
2871 4099 3078 4150 ἐκείνου
3125 4097 3181 4150 δὲ
3237 4098 3335 4167 τὴν
3381 4097 3572 4167 ὑλικὴν
3616 4095 3776 4166 ἡμῶν
3825 4093 4000 4164 ζωὴν,

742 4201 864 4241 esse
915 4189 969 4240 in
1011 4185 1080 4240 iis
1121 4183 1499 4254 intelligentiae
1544 4185 1652 4237 vim
1702 4185 2036 4255 languidam,
2085 4199 2316 4255 quorum

2417 4191 2544 4244 ὅταν
2578 4192 2634 4242 ὲν
2669 4192 2732 4260 τῇ
2766 4189 2924 4257 φύσει
2971 4188 3126 4261 μένῃ,
3159 4190 3208 4240 εἰ
3250 4188 3306 4240 δὲ
3335 4186 3721 4259 παρα-τραπείη
3763 4186 3860 4254 τῆς
3897 4186 3999 4254 φύ,

743 4280 885 4335 male
910 4277 1118 4334 cerebri
1150 4276 1354 4332 allectat
1375 4277 1485 4332 sint
1511 4279 1842 4332 membratim
1867 4296 1880 4330 :
1907 4285 2184 4336 ostensum
2210 4284 2314 4342 est,

2421 4297 2577 4343 σεως,
2608 4280 2702 4332 καὶ
2748 4280 2849 4350 τῆς
2893 4281 3032 4333 κατά
3072 4280 3164 4332 τὸν
3205 4279 3329 4332 νοῦν
3363 4279 3643 4349 ἐνεργείας
3686 4276 4000 4347 ἀλλοτριοῦ-

745 4373 799 4424 in
823 4371 971 4425 omni
1003 4369 1250 4440 corporis
1279 4369 1548 4433 membro,
1576 4369 1722 4438 quod
1761 4370 1979 4438 quidem
2016 4369 2206 4439 agendi
2239 4367 2318 4420 fa-

2421 4373 2564 4426 σθαι.
2612 4372 2750 4425 ’Λλλ“
2790 4372 3172 4442 ἐπανέλθωμεν
3217 4373 3378 4425 πάλιν
3421 4371 3543 4424 ὅθεν
3590 4369 3876 4438 ἐξέϐημεν,
3919 4371 4001 4422 ἔτι

743 4461 947 4515 cultate
1000 4461 1286 4529 praeditum
1319 4469 1424 4526 est,
1473 4476 1581 4516 non
1633 4461 1827 4514 mirum
1877 4475 2021 4522 esse,
2085 4460 2129 4515 si
2178 4460 2357 4520 nihil]

2419 4465 2510 4516 ἐπὶ
2556 4463 2665 4516 τῶν
2700 4465 2772 4534 μὴ
2821 4465 3287 4535 παρατραπέντων
3333 4465 3398 4516 ἐκ
3452 4463 3655 4523 πάθους
3704 4461 3847 4523 τινὸς
3899 4462 4003 4531 τῆς

745 4549 962 4603 animus
1006 4548 1224 4608 elIiciat.
1265 4566 1384 4605 cum
1422 4551 1722 4605 membrum
1764 4552 1942 4622 ipsum
1993 4551 2069 4606 ita
2106 4560 2163 4606 ut
2196 4567 2318 4607 esse

2417 4558 2647 4627 φυσικῆς
2697 4557 3082 4619 καταστάσεως
3129 4557 3226 4627 τὴν
3278 4557 3486 4610 οἰκείαν
3535 4555 3765 4623 δύναμιν
3809 4556 3837 4605 6
3873 4555 4003 4618 νοῦς

745 4647 1121 4708 comparatum
1155 4656 1185 4694 a
1217 4651 1411 4695 natura
1447 4643 1698 4707 debebat,
1735 4660 1844 4698 non
1891 4649 2104 4701 existat.
2144 4643 2319 4713 Atque

2415 4653 2648 4721 ἐνεργεῖ,
2685 4649 2778 4701 καὶ
2805 4649 3038 4720 ἔρρωται
3077 4649 3174 4718 μὲν
3206 4649 3298 4702 ὲπὶ
3332 4649 3440 4701 τῶν
3478 4646 3844 4708 συνεστώτων,
3873 4646 4003 4698 ἀδυ-

748 4729 849 4783 hoe
875 4731 994 4782 loco
1021 4747 1128 4784 non
1159 4733 1628 4800 inconvenienter,
1663 4736 1878 4804 opinor,
1911 4736 2242 4790 intexuimus
2265 4736 2323 4790 il-

2415 4743 2563 4794 νατεῖ
2605 4740 2662 4792 δὲ
2716 4739 2878 4792 πάλιν
2912 4741 3003 4792 ἐπὶ
3045 4739 3152 4791 τῶν
3201 4739 3275 4810 μὴ
3317 4738 3636 4810 χωρούντων
3684 4734 3848 4788 αὑτοῦ
3900 4736 4001 4806 τὴν

747 4819 839 4872 lud
871 4820 1173 4886 theorema,
1204 4823 1272 4876 de
1299 4841 1408 4893 quo
1444 4825 1741 4895 intelligere
1770 4836 1876 4888 est.
1910 4827 1964 4880 in
1997 4835 2110 4882 tota
2144 4828 2319 4882 homi-

2419 4831 2716 4901 ἐνέργειαν.
2753 4829 2909 4882 Ἔστι
2935 4829 3043 4900 γὰρ
3075 4829 3168 4882 καὶ
3199 4831 3264 4882 δι’
3291 4829 3500 4900 ἑτέρων
3532 4829 3593 4881 τὸ
3626 4827 3752 4897 περὶ
3789 4827 4001 4879 τούτων

747 4911 833 4964 nis
858 4926 1116 4982 compage
1140 4923 1374 4968 mentem
1403 4915 1622 4985 quidem
1647 4917 1905 4972 divinitus
1935 4919 2248 4986 gubernari,
2284 4935 2315 4974 a

2421 4923 2594 4992 δόγμα
2640 4919 3041 4975 πιστώσασθαι·
3087 4922 3181 4974 καὶ
3211 4923 3258 4972 εί
3306 4920 3380 4991 μὴ
3425 4920 3560 4991 βαρὺ
3601 4922 3664 4990 τῇ
3713 4919 3850 4988 ἀκοῇ
3891 4919 4002 4971 τῶν

748 5011 928 5055 mente
963 5017 1089 5056 vero
1121 5003 1284 5058 vitam
1316 5006 1556 5062 rudioris
1586 5007 1638 5060 iu
1669 5008 1826 5061 nobis
1867 5011 2134 5072 materiei,
2166 5011 2210 5064 si
2250 5025 2315 5065 ea

2424 5013 2887 5084 προκεκμηκότων
2917 5013 3013 5083 ἤδη
3045 5012 3121 5082 τῷ
3168 5011 3331 5082 λόγῳ,
3367 5013 3459 5065 καὶ
3504 5008 3886 5082 περὶτούτων,
3928 5011 4005 5072 ὡς

745 5101 898 5146 extra
928 5103 1176 5148 naturam
1207 5111 1314 5150 non
1344 5099 1634 5154 exorbitet.
1674 5097 1805 5152 Nam
1847 5100 1890 5154 si
1929 5115 1958 5152 a
2000 5110 2192 5154 natura
2223 5117 2314 5156 re-

2075 5110 2192 5154 tura
2223 5117 2314 5156 τε·
2425 5103 2490 5156 ἂν
2513 5099 2614 5164 οἷοί
2642 5119 2700 5155 τε
2726 5097 2897 5171 ὦμεν,
2927 5102 2992 5155 δι’
3029 5103 3225 5170 ὀλίγων
3243 5102 3649 5178 διαληψὼμεθα.
3671 5111 3683 5120 '

747 5181 936 5246 cedat,
982 5184 1173 5252 agendi
1227 5184 1577 5252 facultatem,
1621 5205 1782 5259 quam
1833 5190 2029 5245 habeat
2071 5205 2100 5243 a
2145 5200 2355 5257 mente,
2405 5209 2630 5261 prorsus
2680 5195 2947 5248 amittere.
2993 5193 3285 5248 Enimvero
3333 5203 3635 5250 revertatur
3672 5207 3738 5246 eo
3781 5191 4004 5246 tandem

747 5275 946 5337 oratio.
979 5277 1119 5332 unde
1145 5277 1380 5345 deﬂexit,
1414 5291 1646 5337 mentem
1689 5284 1936 5339 videlicet
1970 5284 2023 5338 in
2066 5285 2133 5338 iis
2165 5286 2438 5355 partibus,
2485 5303 2717 5356 quarum
2757 5288 2997 5342 conditio
3045 5288 3313 5343 naturalis
3367 5289 3555 5341 morbo
3585 5287 3770 5354 aliquo
3809 5283 4005 5337 vitiata

749 5381 856 5419 non
893 5368 983 5430 sit,
1010 5367 1376 5425 ellieacitatem
1403 5387 1554 5425 suam
1579 5375 1846 5438 obtinere,
1888 5375 1939 5427 in
1987 5376 2290 5430 valentibus
2319 5378 2581 5434 membris
2611 5379 2899 5445 valentem,
2937 5381 2990 5433 in
3039 5379 3104 5434 iis
3150 5387 3329 5434 autem
3368 5395 3486 5449 qua:
3513 5378 3791 5432 actionum
3827 5377 4008 5446 ipsius

745 5459 968 5526 capacia
990 5474 1095 5514 non
1124 5469 1270 5526 sunt,
1301 5461 1633 5533 languidam.
1679 5465 1852 5535 Atque
1899 5467 2023 5521 huic
2065 5468 2282 5537 quidem
2332 5473 2612 5526 sententia:
2644 5487 2751 5526 non
2791 5479 2876 5526 est
2902 5471 3117 5528 difficile
3143 5472 3445 5526 rationibus
3474 5472 3634 5526 etiam
3684 5469 3806 5524 aliis
3842 5470 4010 5527 fidem

747 5549 945 5604 facere.
977 5548 1131 5616 Quod
1173 5551 1218 5606 si
1263 5553 1552 5608 molestum
1583 5571 1690 5610 non
1725 5558 1827 5612 erit
1855 5557 1942 5620 iis,
1975 5559 2066 5628 qui
2111 5559 2355 5615 oratione
2397 5563 2677 5631 superiore
2708 5570 2917 5618 tantum
2947 5579 3056 5619 non
3087 5563 3365 5635 defatigati
3406 5570 3552 5627 sunt,
3589 5560 3766 5631 placet
3809 5569 3861 5616 et
3889 5564 4009 5632 illa,

747 5644 923 5714 quoad
957 5645 1074 5715 ejus
1103 5645 1218 5704 fieri
1253 5649 1471 5718 poterit,
1510 5665 1670 5717 quam
1713 5652 2031 5709 brevissime
2066 5655 2446 5727 perstringere.
3115 5641 3119 5645 ”
3627 5651 3633 5659 ’
