4088 6210
205 264 305 324 165

710 373 1127 427 ΚΕΦΔΛΑΙΟΝ.
1171 373 1269 426 II".

1485 264 1571 318 DE
1612 260 1894 318 HOMINIS
1931 260 2240 319 OPlFlCIU.

3364 266 3468 323 1θό

2459 411 2463 416 -
2489 369 2716 427 CAPUT
2756 372 2895 429 XIII.

203 466 347 537 Περὶ
373 466 589 527 ὕπνου,
616 462 715 517 καί
739 462 1001 532 χάσμης,
1031 463 1129 516 καί
1153 462 1418 529 ὀνείρων,
1441 464 1789 533 αἰτιολογία.

1916 461 2108 526 Somni,
2140 463 2510 529 oscitationis,
2547 464 2936 518 insomniorum
2979 480 3157 521 causa:
3192 464 3466 522 indicatis.

289 558 357 611 Ἦ
398 556 555 625 ὑλικὴ
604 557 701 609 καὶ
745 556 953 627 ῥοώδης
997 554 1135 625 αὕτη
1194 555 1303 608 τῶν
1336 552 1603 627 σωμάτων
1652 557 1785 628 ζωὴ,

202 650 437 707 ⁴πάντοτε
480 648 569 702 διὰ
600 649 874 718 κινήσεως
918 647 1200 717 προϊοῦσα,
1233 648 1291 700 ὲν
1338 648 1510 720 τούτῳ
1538 649 1648 719 ἔχει
1693 650 1789 703 τοῦ

204 738 345 795 εἶναι
375 741 478 810 τὴν
508 738 760 809 δύναμιν,
799 741 856 792 ἐν
883 737 962 808 τῷ
1008 737 1082 810 μὴ
1118 739 1310 810 στῆναί
1349 758 1478 793 ποτε
1506 742 1605 812 τῆς
1633 742 1789 811 κινή-

207 845 362 891 σεως.
395 826 670 898 Καθάπερ
696 825 757 879 δέ
791 844 875 890 τις
921 828 1164 898 ποταμὸς
1185 827 1326 881 κατά
1365 827 1464 900 τὴν
1490 829 1623 883 ἰδίαν
1652 831 1790 901 ῥέων

205 921 405 991 ὁρμὴν,
432 918 617 990 πλήρη
652 918 753 988 μὲν
780 916 1018 971 δείκνυσι
1057 919 1157 989 τὴν
1186 908 1493 990 κοιλότητα,
1525 921 1593 974 δι’
1617 917 1686 993 ἧς
1725 921 1791 976 ἂν

206 1010 346 1083 τύχῃ
370 1011 695 1080 φερόμενος,
734 1010 794 1061 οὐ
835 1010 940 1080 μὴν
980 1010 1038 1061 ὲν
1069 994 1325 1081 τῷαύτῷ
1366 1010 1515 1064 ὕδατι
1546 1013 1674 1082 περὶ
1699 1013 1790 1065 τὸν

208 1103 372 1157 αὐτὸν
399 1103 490 1156 ἀεὶ
516 1102 681 1155 τόπον
708 1101 924 1173 ὁρᾶται,
957 1100 1090 1155 ἀλλά
1118 1101 1178 1155 τό
1219 1103 1317 1173 μὲν
1346 1103 1663 1175 ὑπέδραμεν
1696 1104 1793 1157 αὑ-

208 1194 325 1256 τοῦ,
358 1195 424 1247 τὸ
462 1194 520 1247 δὲ
567 1193 861 1264 ὑπερβέεν
896 1191 1040 1246 οὕτω
1085 1193 1180 1248 καὶ
1207 1193 1269 1246 τὸ
1302 1195 1483 1249 ὑλικὸν
1532 1196 1633 1266 τῆς
1666 1196 1794 1267 τῇδε

210 1282 357 1353 ζωῆς
390 1280 483 1335 διά
523 1298 670 1344 τινος
705 1283 972 1352 κινήσεως
1003 1269 1114 1335 καί
1146 1283 1276 1355 ῥοῆς
1300 1286 1365 1354 τῇ
1417 1284 1668 1356 συνεχείᾳ
1695 1284 1796 1354 τῆς

210 1373 320 1429 τῶν
364 1372 627 1425 ἐναντίων
667 1370 919 1442 διαδοχῆς
964 1371 1268 1440 ἀμείϐεται,
1315 1373 1391 1436 ὠς
1418 1373 1485 1427 ἂν
1527 1374 1797 1445 μηδέποτε

214 1463 411 1533 στῆναι
432 1462 692 1517 δύνασθαι
713 1462 811 1532 τῆς
840 1457 1163 1535 μεταϐολῆς,
1193 1464 1325 1518 ἀλλά
1353 1468 1417 1537 τῇ
1447 1466 1673 1537 δυνάμει
1702 1466 1796 1521 τοῦ

214 1556 476 1627 ἀτρεμεῖν
520 1553 801 1608 ἄπαυστον
832 1552 976 1629 ἔχειν
1016 1553 1104 1608 διὰ
1131 1554 1240 1608 τῶν
1277 1556 1479 1627 ὁμοίων
1513 1558 1799 1629 ὲναμειϐο-

220 1647 388 1717 μένην
416 1645 515 1717 τὴν
555 1645 791 1717 κίνησιν.
820 1646 882 1699 Εἰ
907 1624 963 1699 δέ
997 1663 1127 1700 ποτε
1157 1648 1473 1719 κινούμενον
1514 1650 1795 1716 παύσοιτο,

1969 553 2223 609 Crassior
2255 554 2346 608 illa
2380 554 2634 624 lluxaque
2667 570 2956 623 corporum
2989 564 3301 612 nostrorum
3337 558 3466 623 vita,

1836 692 1842 697 .
1896 657 2019 711 quae
2069 658 2287 712 semper
2331 654 2600 708 movetur,
2647 659 2714 698 ex
2746 659 2812 698 eo
2861 645 2984 723 ipso
3026 645 3132 699 vim
3168 645 3468 700 exsistendi

1896 732 2082 799 habet,
2119 736 2265 804 quod
2308 743 2460 790 motu
2491 735 2716 806 prtedita
2766 737 2838 792 sit
2868 736 3068 807 quietis
3109 747 3349 806 experte.
3393 737 3472 790 Ac

1898 826 2064 880 veluti
2092 826 2291 883 ﬂuvius
2320 828 2523 899 impetu
2555 844 2655 882 suo
2678 829 2976 892 volutatus,
3003 828 3214 883 alveum
3251 827 3470 896 quidem

1898 933 2060 974 suum
2092 933 2307 989 semper
2339 920 2548 989 implet,
2575 937 2671 991 per
2701 936 2861 990 quem
2892 921 3113 986 labitur,
3148 934 3256 973 non
3292 930 3474 973 tamen

1898 1009 2089 1064 eadem
2116 1024 2255 1079 aqua
2283 1010 2470 1065 eodem
2500 1012 2554 1065 iu
2585 1012 2707 1066 loco
2734 1020 2995 1081 perpetuo
3022 1011 3212 1077 lueret,
3245 1010 3339 1065 sed
3370 1009 3474 1063 alia

1899 1100 2247 1165 decurrente,
2293 1100 2465 1156 ailluit
2504 1102 2608 1156 alia
2653 1120 2668 1157 :
2709 1104 2790 1158 sic
2838 1102 3079 1156 crassior
3121 1100 3212 1155 illa
3264 1101 3370 1154 vita
3419 1101 3477 1159 in

1901 1191 2064 1245 terris
2114 1199 2307 1247 nostra
2359 1201 2508 1247 motu
2538 1193 2776 1262 quodam
2826 1208 2890 1248 ac
2939 1193 3177 1247 ﬂuxioue
3215 1191 3477 1246 continua
3558 1250 3569 1261 ,

1901 1281 2134 1338 diversis
2155 1282 2317 1339 rebus
2339 1283 2764 1341 succedentibus
2796 1285 2922 1348 sibi,
2946 1286 3000 1339 in
3030 1293 3286 1355 perpetua
3313 1283 3477 1338 vicis-

1903 1374 2143 1429 situdine
2172 1376 2885 1457 nunquam‘interquiescit,
2906 1376 3000 1432 sed
3038 1392 3146 1430 una
3174 1391 3297 1430 cum
3324 1375 3480 1445 quieo

1904 1466 2089 1522 scendi
2124 1466 2382 1522 facultate
2413 1484 2708 1538 perennem
2742 1469 2905 1523 etiam
2933 1474 3138 1523 motum
3171 1466 3369 1521 similia
3397 1463 3480 1518 vi-

1904 1556 2088 1610 cissim
2136 1559 2497 1614 alternantem
2532 1560 2715 1614 habet.
2761 1558 2914 1625 Quod
2948 1560 2992 1614 si
3035 1559 3125 1613 hic
3148 1558 3267 1628 ejus
3298 1563 3479 1612 motus

1904 1648 2197 1717 aliquando
2226 1650 2494 1718 quiescat,
2524 1649 2694 1718 ipsam
2716 1664 2934 1720 quoque
2957 1649 3228 1717 exstingui
3253 1662 3481 1704 necesse

218 1737 313 1790 καὶ
362 1734 461 1788 τοῦ
506 1730 644 1789 εἶναι
691 1734 911 1799 πάντως
950 1735 1048 1808 τὴν
1092 1735 1303 1791 παῦλαν
1342 1738 1451 1803 ἕξει
1474 1755 1487 1768 ’
1532 1737 1663 1804 οἷον,
1725 1739 1802 1793 δι-

1916 1746 2006 1794 ast.
2035 1738 2353 1803 Evaeuatio,
2394 1740 2546 1794 verbi
2591 1740 2795 1810 gratia,
2840 1741 3195 1810 repletiouem
3240 1738 3479 1808 excipit;

218 1824 443 1891 εδέξατο
464 1825 526 1878 τὸ
557 1824 764 1896 πλῆρες
796 1825 830 1895 ἡ
864 1825 1112 1892 κένωσις,
1138 1827 1232 1879 καὶ
1263 1826 1423 1882 πάλιν
1454 1828 1800 1900 ἀντεισῆλθεν

220 1919 255 1990 η
306 1917 590 1987 πλήρωσις
636 1918 701 1986 τῇ
753 1915 1022 1986 κενότητι.
1067 1915 1271 1981 ’Ύπνος
1321 1918 1382 1971 τὸ
1431 1918 1678 1973 σύντονον
1703 1919 1803 1992 τῆς

164 2038 173 2045 -
221 2008 616 2079 ἐγρηγόρσεως
664 2006 1021 2077 ὐπεχάλασεν,
1055 2004 1174 2063 εἶτα
1206 2010 1533 2083 ἐγρήγορσις
1569 2012 1630 2065 τὸ
1660 2013 1804 2066 ἀνει-

226 2099 401 2170 μένον
430 2097 673 2151 ὲτόνωσε.
701 2098 829 2151 Kal‘
848 2099 1128 2171 οὐδέτερον
1150 2100 1354 2155 τούτων
1381 2105 1439 2155 ὲν
1465 2103 1544 2173 τῷ
1567 2104 1806 2175 διηνεκεῖ

223 2190 519 2261 συμμένει,
565 2188 679 2243 ἀλλ’
712 2191 988 2263 ὑποχωρεί
1025 2194 1146 2256 ταῖς
1193 2194 1514 2264 παρουσίαις
1560 2194 1804 2266 ἀλλήλων

223 2281 532 2352 ἀμφότερα,
561 2280 703 2335 οὕτω
719 2283 829 2367 ,τῆς
850 2282 1065 2352 φύσεως
1092 2284 1288 2356 ἑαυτὴν
1315 2288 1434 2349 ταῖς
1469 2285 1807 2355 ὑπαλλαγαῖς

226 2371 701 2445 ἀνακαινιζούσης,
736 2368 814 2438 ὡς
844 2374 1120 2447 ἑκατέρων
1142 2376 1199 2428 ἐν
1228 2375 1306 2446 τῷ
1354 2375 1509 2448 μέρει
1541 2376 1808 2447 μεταλαγ-

226 2467 492 2538 χάνουσαν
537 2466 923 2530 ἀδιασπάστως
950 2466 1057 2521 ἀπὸ
1092 2467 1186 2520 τοῦ
1233 2467 1419 2539 ἐτέρου
1463 2468 1808 2539 μεταϐαίνειν

224 2559 316 2612 ἐπὶ
343 2559 409 2612 τὸ
439 2558 649 2631 ἕτερον.
682 2559 755 2613 Τό
779 2577 839 2613 τε
862 2559 971 2631 γὰρ
992 2558 1284 2624 διαπαντὸς
1309 2560 1663 2615 συντετάσθαι
1690 2564 1810 2625 ταῖς

227 2650 527 2718 ἐνεργείαις
558 2649 620 2702 τὸ
656 2649 815 2714 ζῶον,
853 2650 1006 2720 ῥῆξεν
1042 2666 1162 2704 τινα
1206 2649 1299 2703 καὶ
1334 2649 1675 2721 διασπασμὸν
1702 2650 1811 2704 τῶν

227 2742 699 2813 ὕπερτεινομένων
749 2743 983 2795 ποιεῖται
1031 2741 1214 2813 μερῶν
1236 2759 1250 2773 ο
1281 2742 1316 2812 ἦ
1338 2759 1396 2794 τε
1422 2743 1674 2814 διηνεκὴς
1717 2738 1811 2795 τοῦ

232 2831 479 2903 σώματος
521 2833 709 2896 ἀνεσις
750 2832 1045 2887 διάπτωσίν
1080 2851 1199 2887 τινα
1228 2833 1320 2887 τοῦ
1356 2833 1687 2898 συνεστῶτος
1720 2834 1814 2887 καὶ

230 2924 378 2978 λύσιν
412 2924 734 2995 ἐργάζεται.
768 2922 840 2977 Τὸ
866 2924 922 2977 δὲ
952 2925 1094 2979 κατά
1120 2926 1310 2997 καιρὸν
1347 2925 1585 2996 μετρίως
1620 2926 1813 2980 ἑκατέ-

233 3034 337 3088 ρων
366 3016 780 3087 ἐπιτυγχάνειν,
822 3017 1053 3088 δύναμις
1099 3018 1235 3089 πρὸς
1263 3018 1526 3089 διαμονήν
1564 3020 1679 3072 ἐστι
1713 3017 1815 3089 τῆς

233 3109 466 3179 φύσεως,
488 3108 581 3163 διά
604 3110 715 3180 ,τῆς
749 3108 1029 3180 διηνεκοῦς
1058 3110 1195 3180 πρὸς
1231 3109 1301 3164 τὰ
1341 3109 1691 3182 ἀντικείμενα
1723 3127 1819 3181 με-
1844 3090 1888 3149 ο

230 3201 516 3265 τασάσεως
549 3202 611 3254 ἐν
640 3200 925 3273 ἑκατέροις
950 3200 1147 3273 ἑαυτὴν
1178 3202 1287 3256 ἀπὸ
1318 3201 1426 3256 τῶν
1459 3202 1661 3274 ἐτέρων
1695 3204 1822 3256 ἀνα·

234 3294 537 3365 παυούσης.
572 3293 731 3349 Οῦτω
768 3295 946 3348 τοίνυν
984 3294 1344 3365 τετονωμένον
1380 3294 1469 3349 διὰ
1519 3294 1621 3366 τῆς
1658 3296 1822 3366 ἐγρη-

236 3386 482 3457 γόρσεως
527 3385 594 3438 τὸ
641 3384 802 3457 σῶμα
845 3385 1105 3453 λαϐοῦσα,
1149 3385 1302 3439 λύσιν
1348 3388 1564 3457 ἐμποιεῖ
1604 3386 1693 3440 διὰ
1726 3384 1819 3439 τοῦ

240 3475 407 3531 ὕπνου
437 3476 517 3549 τῷ
540 3477 700 3547 τόνῳ,
730 3477 829 3541 τὰς
852 3477 1170 3548 αίσθητικάς
1190 3478 1448 3550 δυνάμεις
1475 3479 1610 3549 πρὸς
1632 3478 1819 3550 καιρὸν

241 3568 301 3621 ὲκ
326 3569 437 3622 τῶν
455 3568 746 3639 ἐνεργειῶν
764 3569 1144 3636 ἀναπαύσασα,
1166 3562 1277 3623 οἷόν
1296 3587 1447 3633 τινας
1469 3570 1666 3634 ἵππους
1686 3568 1825 3640 μετὰ

240 3658 363 3722 τοὺς
397 3657 624 3727 ἀγῶνας
656 3659 758 3713 τῶν
801 3658 1061 3731 ἁρμάτων
1099 3659 1393 3714 ἐκλύσασα.
1439 3660 1736 3728 Ἀναγκαία
1764 3657 1824 3713 δὲ

239 3756 305 3824 τῇ
336 3751 606 3806 συστάσει
646 3752 735 3805 τοῦ
771 3752 1024 3823 σώματος
1064 3752 1098 3822 ή
1130 3750 1385 3824 εὔκαιρος
1420 3751 1624 3813 ἄνεσις,
1651 3751 1725 3816 ὡς
1758 3750 1825 3806 ἂν

243 3844 541 3908 ἀκωλύτως
571 3846 657 3913 ἐφ’
684 3844 829 3899 ἅπαν
851 3844 913 3898 τὺ
946 3844 1103 3915 σῶμα
1133 3844 1223 3899 διὰ
1249 3844 1358 3897 τῶν
1390 3846 1446 3898 ὲν
1470 3843 1617 3915 αὐτῷ
1644 3844 1825 3915 πόρων

244 3936 276 4006 ἡ
308 3935 488 4006 τροφὴ
530 3934 818 4005 διαχέοιτο,
867 3935 1093 4007 μηδενὸς
1123 3936 1278 3989 τόνου
1316 3938 1382 4006 τῇ
1427 3935 1582 4006 διόδῳ
1608 3952 1826 4007 παρεμ-

241 4026 573 4093 ποδίζοντος.
627 4026 894 4099 Καθάπερ
930 4026 1038 4100 γὰρ
1085 4027 1149 4079 ὲκ
1207 4025 1306 4096 τῆς
1366 4026 1652 4097 διαϐρόχου
1698 4028 1822 4098 γῆς,

242 4119 368 4173 ὅταν
409 4117 703 4191 ἐπιλάμψῃ
744 4117 1100 4191 θερμοτέραις
1138 4119 1352 4172 ἀκτῖσιν
1388 4121 1417 4173 ό
1456 4118 1627 4190 ἥλιος,
1663 4119 1825 4190 ἀτμοὶ

243 4227 383 4275 τινες
417 4209 750 4282 ὁμιχλώδεις
780 4209 888 4263 ἀπὸ
916 4208 1009 4262 τοῦ
1042 4210 1239 4281 βάθους
1282 4210 1615 4265 ἀνέλκονται·
1643 4212 1825 4281 ὅμοιόν

243 4320 296 4357 τι
324 4304 540 4374 γίνεται
571 4301 667 4356 καὶ
687 4302 746 4355 ὲν
768 4303 837 4373 τῇ
869 4300 989 4355 καθ’
1027 4303 1175 4372 ἡμᾶς
1202 4304 1296 4373 γῇ,
1324 4302 1423 4373 τῆς
1455 4303 1660 4373 τροφῆς
1694 4303 1827 4355 ἐσω-

248 4393 335 4448 θεν
370 4394 481 4447 ὑπὸ
505 4394 609 4464 τῆς
639 4393 875 4464 φυσικῆς
904 4392 1235 4464 θερμότητος
1263 4392 1615 4464 ἀναζεούσης.
1661 4394 1825 4447 Ἀνω-
1858 4422 1901 4476 D

248 4489 429 4557 φερεῐς
456 4485 515 4538 δὲ
549 4485 704 4548 ὄντες
731 4487 781 4539 οἱ
823 4484 986 4553 ἀτμοὶ
1022 4485 1164 4539 κατὰ
1206 4484 1385 4553 φύσιν,
1427 4485 1518 4538 καὶ
1550 4484 1826 4556 ἀερώδεις,

250 4577 341 4630 καὶ
370 4575 513 4647 πρὸς
536 4575 600 4629 τὸ
630 4575 1025 4647 ὑπερκείμενον
1053 4575 1432 4640 ἀναπνέοντες,
1460 4578 1518 4629 ὲν
1551 4579 1661 4639 τοῖς
1697 4582 1830 4629 κατὰ

249 4666 344 4738 τὴν
379 4665 633 4737 κεφαλὴν
671 4667 911 4735 γίνονται
962 4666 1203 4737 χωρίοις,
1234 4662 1344 4721 οἷόν
1384 4683 1466 4730 τις
1510 4667 1713 4730 καπνὸς
1752 4669 1831 4730 εἰς

249 4757 521 4829 ἁρμονίαν
554 4757 734 4828 τοίχου
762 4757 1108 4828 διαδυόμενος
1127 4775 1140 4788 ·
1177 4753 1297 4813 εἶτα
1318 4758 1566 4813 ἐντεῦθεν
1595 4760 1685 4812 ἐπὶ
1706 4760 1831 4821 τοὺς

249 4847 357 4900 τῶν
387 4845 762 4918 αίσθητηρίων
803 4848 1002 4918 πόρους
1055 4847 1466 4920 ὲξατμιζόμενοι
1513 4849 1831 4921 διαφοροῦν-

249 4954 358 5001 ut,
382 4937 455 4991 δι’
488 4933 566 4991 ὧν
599 4938 761 5009 ἀργεῖ
798 4939 917 4992 κατ’
954 4938 1199 5010 ἀνάγκην
1220 4941 1255 5011 ἡ
1288 4940 1557 5010 αἴσθησις,
1590 4944 1654 5012 τῇ
1690 4957 1832 5011 παρ-

251 5027 350 5100 όδῳ
370 5027 487 5082 τῶν
524 5029 715 5099 ἀτμῶν
740 5029 963 5083 ἐκείνων
986 5029 1298 5095 ύπεξιοῦσα.
1327 5033 1392 5084 Δί
1418 5030 1518 5102 μὲν
1539 5030 1648 5103 γὰρ
1681 5031 1834 5101 ὅψεις

252 5122 357 5184 τοίς
404 5118 705 5189 βλεφάροις
743 5119 1221 5191 ἐπιλαμϐάνονται,
1262 5116 1371 5175 οἷόν
1414 5139 1553 5185 τινος
1590 5122 1835 5192 μηχανῆς

255 5208 607 5280 μώυὸδίνης,
650 5208 742 5262 τοῦ
784 5211 1021 5265 τοιούτου
1064 5212 1206 5282 λέγω
1245 5214 1466 5287 βάρους,
1500 5218 1611 5278 τοῖς
1640 5215 1835 5284 ὀφθαλ-

259 5305 376 5369 μοῖς
417 5298 770 5371 ἑπιχαλώσης
812 5303 873 5356 τὸ
922 5303 1208 5376 βλέφαρον.
1247 5305 1588 5375 Παχυνθεῖσα
1635 5306 1691 5359 δὲ
1724 5307 1834 5369 τοῖς

259 5390 436 5454 αὐτοῖς
462 5389 678 5455 τούτοις
714 5392 902 5463 ἀτμοῖς
929 5395 962 5464 ἡ
989 5393 1145 5463 ἀκοὴ,
1188 5395 1436 5466 καθάπερ
1479 5394 1647 5467 θύρας
1693 5393 1835 5457 τινὸς

269 5483 365 5544 τοῖς
404 5483 755 5546 ἀκουπικοῖς
799 5486 1008 5556 μορίοις
1057 5486 1420 5556 ἐπιτεθείσης,
1462 5487 1691 5559 ἡσυχίαν
1729 5485 1837 5541 ἀπὸ

267 5569 353 5640 τῆς
370 5572 522 5626 κατά
549 5571 712 5641 φύσιν
743 5576 1018 5648 ἐνεργείας
1055 5577 1178 5648 ἄγει
1198 5592 1212 5606 ⁸
1251 5577 1345 5630 καὶ
1384 5577 1443 5630 τὸ
1470 5577 1705 5630 τοιοῦτον
1733 5577 1836 5630 πάς

270 5660 351 5726 θος
379 5661 551 5728 ὕπνος
601 5665 764 5731 ἐστὶν,
793 5654 1131 5745 ἀτρεμούσης
1160 5671 1221 5725 ἐν
1253 5668 1330 5739 τῷ
1373 5670 1582 5739 σώματι
1618 5669 1714 5740 τῆς
1757 5670 1835 5722 αξ-

1903 1839 2206 1902 coutraque
2231 1832 2457 1901 repletio
2481 1833 2738 1887 vacuitati
2777 1832 3045 1887 succedit.
3075 1830 3314 1886 Somnus
3347 1846 3509 1887 con-,

1902 1923 2088 1978 tinuas
2112 1922 2326 1992 vigilias
2352 1923 2583 1978 remittit
2612 1940 2627 1977 :
2655 1922 2874 1993 vigiliae,
2927 1922 3072 1993 quod
3104 1923 3339 1976 laxatum
3372 1931 3477 1987 est,

1904 2015 2147 2071 vicissim
2178 2013 2428 2068 tendunt.
2462 2012 2727 2068 Neutrum
2758 2015 2954 2067 horum
2998 2015 3261 2067 continuo
3298 2013 3478 2078 durat,

1905 2107 1999 2162 sed
2036 2107 2270 2161 alterum
2305 2106 2463 2162 alteri
2500 2108 2708 2161 mutuis
2734 2106 2953 2161 vicibus
2980 2107 3248 2169 succedit,
3285 2113 3481 2160 natura

1907 2196 2141 2264 seipsam
2179 2194 2497 2265 huiusmodi
2527 2195 3002 2252 vicissitudinibus
3028 2196 3392 2257 instaUrante,
3424 2203 3485 2251 ut

1908 2286 2070 2342 modo
2098 2287 2223 2351 hoc,
2252 2285 2413 2342 modo
2445 2287 2539 2341 illo
2584 2301 2706 2352 usa,
2733 2294 2997 2357 perpetuo
3027 2288 3096 2341 ab
3121 2302 3231 2342 uno
3259 2288 3326 2342 ad
3358 2288 3488 2343 alte-

1910 2393 2031 2432 rum
2074 2386 2341 2433 transeat.
2374 2377 2509 2433 Nam
2542 2379 2591 2433 si
2628 2394 2846 2449 semper
2872 2381 3018 2435 vires
3064 2379 3317 2435 animalis
3360 2394 3488 2434 con-

1910 2478 2071 2524 tentae
2094 2469 2225 2534 sint,
2264 2468 2437 2539 frangi
2466 2483 2530 2523 ac
2551 2470 2818 2540 disrumpi
2850 2470 3067 2525 tandem
3101 2470 3349 2525 membra
3390 2484 3488 2524 su-

1911 2575 2009 2631 pra
2038 2559 2257 2615 modum
2295 2572 2442 2616 tenta
2482 2575 2711 2617 necesse
2741 2569 2860 2628 est;
2894 2570 3196 2631 contraque
3222 2561 3487 2616 continua

1912 2653 2164 2723 corporis
2189 2654 2479 2718 relaxatio,
2512 2652 2588 2707 rei
2619 2656 2772 2723 quasi
2795 2654 3073 2708 corruenti
3108 2669 3172 2708 ac
3206 2654 3490 2708 dissoluta:

1915 2743 2197 2798 interitum
2237 2743 2415 2798 atlert.
2458 2742 2600 2798 Usus
2646 2752 2829 2799 autem
2875 2745 3158 2814 utriusque
3207 2745 3490 2815 tempesti-

1914 2852 2016 2890 vus
2043 2843 2296 2889 naturam
2330 2843 2643 2899 conservat,
2676 2850 2797 2904 quae
2824 2836 2878 2889 in
2911 2843 3169 2905 perpetua
3201 2851 3382 2892 rerum
3416 2837 3492 2893 si-

1914 2928 2082 2983 bimet
2116 2927 2523 2983 adversantium
2572 2928 2974 2998 permutatione
3019 2944 3164 2984 nunc
3194 2916 3315 2994 bac:
3342 2943 3492 2985 nunc

1921 3020 2011 3073 illa
2060 3035 2120 3075 se
2170 3026 2407 3074 recreat.
2442 3019 2611 3089 Igitur
2648 3035 2771 3076 cum
2822 3034 2920 3091 per
2957 3021 3169 3092 vigilias
3215 3023 3494 3077 contentio

1921 3110 2121 3164 virium
2172 3124 2375 3179 corpus
2420 3109 2673 3164 nonnihil
2719 3109 3051 3175 debilitavit,
3101 3126 3294 3167 somno
3337 3111 3491 3165 laxa-

1922 3208 2038 3255 tum
2075 3201 2341 3255 reficitur.
2378 3198 2445 3254 Et
2482 3209 2541 3254 ut
2563 3203 2690 3271 equi
2721 3211 2846 3273 post
2877 3203 3177 3257 certamina
3211 3201 3495 3272 quadrigis

1922 3295 2260 3357 eximuntur,
2283 3292 2363 3347 sic
2384 3292 2675 3349 facultates
2708 3295 3010 3350 sentientes
3033 3294 3244 3364 agendo
3277 3294 3497 3349 lassata:

1923 3385 2234 3455 aliquandiu
2278 3399 2309 3437 a
2348 3393 2546 3438 natura
2595 3385 2839 3440 vicissim
2890 3393 3234 3440 recreantur.
3279 3383 3496 3440 Etenim

1922 3487 2009 3532 est
2059 3477 2372 3531 necessaria
2427 3492 2517 3532 res
2568 3475 2638 3531 ad
2693 3477 3166 3532 conservationem
3220 3476 3493 3546 corporis,

1923 3570 2246 3638 tempestiva
2294 3568 2574 3631 remissio,
2613 3576 2672 3621 ut
2703 3575 2818 3622 toto
2857 3568 2913 3622 in
2960 3583 3193 3638 corpore
3232 3583 3331 3637 per
3366 3582 3497 3623 suos

1925 3668 2139 3715 meatus
2170 3658 2288 3715 siue
2315 3660 2464 3713 omni
2502 3658 2891 3727 impedimento
2914 3658 3024 3712 cibi
3055 3658 3344 3721 didantur,
3376 3659 3500 3713 nul-

1925 3751 1978 3806 la
2010 3751 2250 3821 partium
2296 3750 2609 3805 iutensione
2657 3749 2760 3804 hoc
2800 3751 2962 3819 quasi
3007 3751 3112 3803 iter
3149 3737 3495 3805 obstruente.

1925 3842 2398 3909 Quemadmodum
2427 3842 2570 3896 enim
2607 3857 2671 3896 ex
2711 3850 2853 3895 terra
2886 3841 3093 3913 irrigua
3125 3856 3357 3911 vapores
3403 3855 3498 3895 ca-

1925 3935 2149 4004 liginosi
2200 3933 2268 3988 ab
2321 3932 2832 4001 imo-attrahuntur,
2875 3936 3218 4004 maximeque
3260 3949 3385 3989 cum
3416 3934 3499 3988 sol

1926 4023 2113 4080 radios
2149 4023 2444 4079 calidiores
2470 4024 2679 4094 spargit
2711 4041 2725 4079 :
2769 4023 2955 4078 itidem
2993 4025 3165 4078 nostri
3208 4023 3261 4076 in
3296 4022 3497 4092 opiﬁcii

1925 4117 2044 4171 solo
2071 4116 2350 4180 usuvenit,
2383 4114 2521 4171 cibis
2561 4116 2702 4169 intra
2740 4128 2843 4169 nos
2875 4129 2973 4183 per
3000 4113 3237 4167 calorem
3278 4121 3500 4166 natura-

1927 4210 2033 4265 lem
2064 4209 2482 4265 ebullientibus.
2518 4192 2778 4276 'Cumque
2805 4219 3039 4273 vapores
3088 4219 3117 4257 a
3147 4212 3342 4256 natura
3372 4216 3499 4257 sur-

1927 4317 2048 4358 sum
2077 4303 2326 4365 tendant,
2361 4309 2415 4355 et
2459 4300 2603 4354 aerei
2650 4299 2785 4363 sint,
2838 4300 2895 4352 fit
2925 4305 2986 4350 ut
3024 4298 3078 4350 in
3118 4296 3253 4351 locis
3304 4297 3498 4365 capitis

1928 4394 2242 4458 considant,
2283 4400 2335 4447 et
2365 4392 2591 4463 perinde
2622 4398 2787 4458 atquc
2821 4389 3004 4445 fumus
3034 4405 3128 4459 per
3161 4391 3309 4459 ipsas
3335 4389 3496 4445 etiam

1929 4484 2089 4555 quasi
2147 4483 2372 4553 parietis
2424 4481 2822 4535 commissuras
2883 4488 3187 4549 penetrent.
3248 4479 3379 4535 Inde
3431 4480 3497 4535 ad

1929 4582 2143 4629 meatus
2203 4586 2535 4642 organorum
2590 4585 2788 4625 sensus
2838 4572 3099 4641 paulatim
3152 4570 3501 4640 evaporando

1929 4662 2116 4727 delati,
2149 4661 2356 4732 passim
2388 4675 2511 4715 sese
2542 4658 2897 4729 permiscent,
2934 4671 2994 4713 ut
3028 4675 3250 4715 sensum
3282 4675 3498 4715 omnem

1932 4753 2171 4808 otiosum
2210 4750 2366 4806 reddi
2408 4766 2637 4807 necesse
2679 4751 2769 4813 sit,
2811 4750 3094 4805 cedentem
3136 4750 3397 4806 halitibus
3437 4751 3503 4805 il-

1932 4845 2001 4900 lis
2034 4857 2242 4913 organa
2274 4856 2338 4897 ea
2364 4843 2787 4912 occupantibus.
2830 4841 2987 4898 Oculi
3032 4856 3061 4895 a
3112 4841 3393 4913 palpebris
3424 4851 3506 4896 te-

1933 4934 2472 5007 guntur,hujusmodi
2495 4949 2755 5005 vaporum
2780 4936 3024 5005 pondere
3045 4942 3306 5004 tanquam
3329 4934 3508 5003 plum-

1934 5026 2035 5081 bea
2074 5025 2327 5080 machina
2361 5025 2599 5095 quadam
2639 5025 2928 5095 palpebras
2957 5025 3136 5081 oculis
3178 5025 3504 5080 obducente.

1932 5115 2170 5171 Auditus
2211 5116 2280 5170 ab
2312 5116 2509 5171 iisdem
2559 5115 2879 5172 obstructus
2925 5116 3210 5181 lialitibus,
3243 5117 3507 5186 quaedam

1933 5209 2092 5277 quasi
2123 5208 2273 5265 fores
2310 5209 2560 5278 partibus
2597 5208 2809 5263 auditui
2841 5207 3131 5263 destinatis
3156 5208 3329 5272 obdit,
3362 5217 3416 5262 et
3440 5206 3510 5260 ab

1936 5300 2154 5353 ai-tione
2184 5315 2283 5355 sua
2320 5300 2557 5354 naturali
2598 5311 2799 5357 cessat.
2837 5300 3017 5370 Atque
3048 5295 3515 5369 hujusmodiqui—

1935 5388 2057 5445 dem
2109 5389 2324 5446 affectio
2378 5391 2631 5460 corporis
2680 5407 2907 5447 somnus
2945 5391 3170 5457 dicitur,
3229 5404 3393 5445 sensu
3451 5387 3507 5439 in

1936 5499 2169 5554 corpore
2214 5484 2555 5553 quiescente,
2586 5496 2641 5540 et
2686 5485 2755 5540 ab
2790 5485 2941 5539 omni
2991 5493 3141 5538 motu
3178 5483 3507 5537 abstinente.

1937 5583 1997 5627 ut
2028 5574 2178 5629 facili
2213 5575 2428 5631 ratione
2457 5576 2615 5633 cibus
2643 5576 2887 5641 didatur,
2915 5583 2967 5630 et
2999 5589 3108 5628 una
3136 5587 3261 5630 cum
3291 5568 3517 5645 vapori-

1939 5663 2043 5724 bus
2077 5666 2188 5722 illis
2223 5682 2316 5738 per
2351 5677 2561 5725 meatus
2593 5670 2839 5740 singulos
2877 5673 3145 5738 penetret.
