4088 6210
590 329 694 385 ίὸῚ

1816 329 1870 382 S.
1916 328 2241 383 (ΞΜ-1101111
2278 327 2566 383 NYSSENI

3740 336 3850 391 '68

592 449 855 518 σθήσεως,
880 449 971 500 καὶ
995 448 1334 502 παντάπασιν
1357 449 1420 502 ἐκ
1457 450 1554 518 τῆς
1589 449 1730 502 κατά
1772 449 1930 517 φύσιν
1967 452 2230 518 κινήσεως
2270 451 2676 520 ἀπρακτούσης,
2711 450 2785 513 ώς
2823 450 2888 503 ἂν
2923 451 3235 521 εῦπόρευτοι
3271 453 3531 519 γένωνται
3570 452 3668 522 τῆς
3721 469 3852 525 στρος

587 543 696 614 φῆς
725 545 780 596 αἱ
813 543 1110 608 ἀναδόσεις,
1138 545 1204 597 δι’
1233 545 1463 597 ἑκάστου
1493 544 1601 596 τῶν
1629 545 1809 614 πόρων
1834 547 1944 607 τοῖς
1968 546 2162 613 ἀτμοῖς
2190 543 2602 613 συνδιεξιούσης.

659 631 788 684 Eam
806 633 874 684 ob
897 649 1006 686 rem
1025 650 1146 687 cum
1173 635 1286 687 loca
1305 637 1505 703 passim
1528 639 1674 688 circa
1697 649 1954 687 sensuum
1969 649 2169 702 organa

2343 636 2451 688 Καὶ
2478 635 2667 687 τούτου
2713 636 2870 705 χάριν
2913 637 2961 688 εί
3015 639 3392 706 στενοχωροῖτο
3441 637 3538 705 μέν
3589 637 3694 689 ὑπὸ
3747 639 3854 707 τῆς

586 736 686 791 per
722 722 1094 778 exhalationes
1124 725 1424 780 interiores
1475 725 1858 789 obstruuntur,
1912 739 2162 778 somnum

590 821 772 865 autem
800 813 963 867 rebus
1003 813 1076 866 ita
1111 816 1462 882 poscentibus
1500 814 1751 882 impediri
1790 822 1875 867 est
1905 828 2161 868 necesse:

593 909 705 956 tum
739 919 867 973 ergo
909 913 1090 972 partes
1117 921 1326 959 nervem
1365 922 1395 958 a
1422 906 1713 974 vaporibus
1743 913 2043 974 occupatae,
2068 920 2167 958 na-

591 1001 713 1048 tura
750 1011 848 1050 sua
894 997 1104 1065 seipsas
1141 996 1501 1058 contendunt,
1538 1004 1595 1048 ut
1636 997 1737 1049 hac
1763 996 2080 1050 extensione
2113 995 2166 1049 id

592 1086 741 1155 quod
773 1103 868 1155 per
895 1087 1270 1142 exhalationes
1299 1087 1543 1140 crassius
1567 1096 1683 1140 erat
1713 1087 2008 1149 redditum,
2043 1101 2167 1139 rur-

593 1195 688 1234 sus
721 1188 1054 1234 attenuetur.
1099 1179 1220 1234 Non
1264 1180 1423 1233 aliter
1461 1190 1624 1249 atque
1655 1179 1772 1233 ﬁeri.
1802 1179 2071 1242 videmus,
2113 1186 2167 1231 ut

496 1333 510 1347 .
590 1270 942 1323 vehementer
969 1269 1406 1339 coutorquendo,
1437 1270 1682 1324 vestibus
1708 1269 1829 1322 udis
1861 1268 2057 1320 humor
2072 1283 2168 1321 ex-

592 1361 882 1426 primatur.
933 1360 1077 1413 idem
1113 1361 1316 1414 halitus
1350 1360 1395 1413 si
1423 1361 1642 1429 quando
1692 1360 1798 1414 illis
1827 1373 1891 1411 ex
1925 1357 2168 1427 partibus

589 1449 893 1518 expellendi
921 1459 1070 1512 sunt,
1107 1465 1227 1518 quae
1258 1457 1440 1518 partes
1464 1449 1530 1502 ad
1554 1451 1739 1504 fauces
1772 1451 1908 1515 sitaa,
1940 1458 1993 1503 et
2020 1448 2168 1503 orbis

593 1541 842 1609 ﬁguram,
876 1552 928 1593 et
953 1556 1206 1610 magnam
1234 1555 1525 1594 nervorum
1548 1541 1760 1610 copiam
1781 1540 2012 1594 habent:
2043 1554 2168 1593 cum

591 1631 706 1682 ﬁeri
730 1646 838 1683 non
864 1632 1058 1698 possit.
1088 1640 1148 1684 ut
1170 1631 1471 1685 membrum
1495 1631 1639 1700 quod
1665 1632 1955 1685 rotundum
1977 1638 2082 1692 est,
2114 1629 2169 1682 in

590 1729 800 1773 rectum
822 1722 1166 1783 extendatur,
1193 1722 1526 1789 omninoque
1552 1721 1686 1774 illud
1710 1721 1924 1774 dilatari
1950 1735 2172 1774 necesse

593 1809 667 1864 sit
700 1810 753 1863 in
784 1811 1072 1864 circularis
1105 1810 1291 1879 ﬁgurae
1336 1812 1600 1875 formam;
1651 1811 1858 1865 idcirco
1885 1811 2080 1881 spiritu
2117 1812 2170 1864 in

590 1902 921 1956 oscitatione
972 1910 1215 1970 recepto,
1252 1911 1541 1971 mentoque
1579 1903 1758 1970 gulam
1793 1902 1931 1954 infra
1970 1902 2048 1955 sic
2074 1902 2168 1955 de-

600 2008 815 2062 presso.
867 2000 926 2046 ut
976 1993 1264 2048 cavitatem
1303 1991 1517 2056 efficiat,
1559 1993 1816 2046 omnibus
1867 1992 2030 2046 etiam
2091 1993 2174 2045 in-

591 2085 887 2140 terioribus
946 2085 1000 2138 in
1051 2084 1242 2138 circuli
1285 2083 1508 2153 ﬁguram
1555 2083 1935 2146 conformatis,
1995 2082 2172 2136 fumea

593 2175 786 2230 isthaec
830 2175 1132 2238 crassities,
1170 2189 1291 2242 qua:
1324 2175 1376 2226 in
1415 2173 1677 2227 membris
1729 2173 2027 2234 resederat,
2065 2189 2172 2226 una

594 2280 720 2319 cum
756 2265 960 2332 spiritu
1017 2264 1358 2333 propellitur.
1416 2263 1713 2317 Usuvenire
1753 2273 1935 2317 autem
1987 2263 2175 2332 hujus-

595 2355 740 2408 tno.li
766 2354 1021 2423 quiddam
1051 2355 1206 2408 nobis
1240 2354 1552 2424 frequenter
1590 2362 1644 2408 et
1671 2369 1699 2406 a
1725 2369 1918 2408 somno
1942 2354 2174 2422 plerum-

586 2441 701 2516 qu'e
734 2448 892 2512 solet,
932 2462 1057 2500 cum
1090 2461 1278 2501 eorum
1331 2447 1598 2500 balituum
1633 2447 1839 2515 aliquid
1875 2447 2009 2501 locis
2047 2447 2173 2514 qui-

596 2538 826 2594 busdam
860 2547 1102 2607 superat,
1140 2537 1381 2592 nondum
1429 2543 1565 2592 satis
1599 2545 1942 2604 concoctum,
1996 2554 2172 2607 neque

596 2629 944 2699 dissipatum.
980 2629 1055 2684 Ex
1085 2630 1168 2684 his
1198 2631 1486 2700 perspicue
1514 2637 1682 2699 patet,
1713 2638 1948 2686 mentem
1983 2631 2173 2685 huma-

598 2737 722 2776 nam
765 2729 1046 2792 perpctuo,
1101 2722 1145 2776 si
1186 2730 1240 2776 et
1270 2722 1477 2791 integra
1518 2731 1708 2775 natura
1741 2722 1833 2782 sit,
1883 2729 1936 2776 et
1968 2724 2171 2793 vigilet,

596 2814 869 2868 eﬁicacem
902 2829 1043 2878 esse,
1075 2829 1139 2867 ac
1166 2814 1397 2866 moveri.
1432 2813 1526 2865 Sin
1557 2827 1618 2866 ea
1649 2827 1840 2866 somno
1873 2814 1942 2867 sit
1973 2814 2172 2880 laxata,

598 2915 751 2962 motu
782 2915 835 2962 et
872 2907 1043 2976 ipsam
1069 2924 1168 2961 suo
1198 2923 1406 2961 carere.
1441 2905 1553 2960 Nisi
1590 2908 1714 2975 quis
1751 2906 1887 2961 forte
1916 2906 1986 2960 sit
2024 2921 2089 2960 ea
2119 2907 2172 2960 in

539 3030 542 3032 -
600 2999 895 3061 sententia,
925 3007 984 3052 ut
1007 2998 1450 3069 imaginationem
1485 2998 1540 3051 in
1581 2997 1812 3052 somniis
1838 2998 2034 3052 mentis
2055 3013 2176 3053 esse

597 3101 827 3152 motum,
850 3089 942 3159 qui
976 3090 1195 3145 homine
1223 3090 1384 3144 etiam
1418 3089 1723 3142 dormiente
1759 3104 1866 3143 non
1902 3091 2172 3158 quiescat,

598 3182 874 3250 opinetur.
911 3180 1172 3249 Equidem
1218 3181 1296 3233 sic
1343 3185 1544 3240 statuo,
1587 3186 1796 3230 tantum
1849 3179 2172 3247 punientem

2267 723 2477 776 ἔνδοθεν
2525 726 2939 804 ἀναθυμιάσεως
2986 730 3018 798 ἡ
3062 729 3188 798 περὶ
3240 727 3307 781 τὰ
3353 728 3675 800 αἰσθητήρια
3723 729 3852 782 δια-

2268 818 2470 887 σκευὴ,
2522 817 2782 870 κωλύοιτο
2835 819 2888 870 δέ
2945 818 3087 871 κατά
3127 836 3250 872 τινα
3311 820 3498 888 χρείαν
3546 821 3574 872 ὁ
3633 819 3846 882 ὕπνος·

2269 907 2472 978 πλῆρες
2501 909 2788 977 γενόμενον
2826 909 2933 961 τῶν
2958 909 3145 978 ἀτμῶν
3178 909 3236 960 τὸ
3270 908 3553 978 νευρῶδες,
3586 909 3718 961 αὐτὸ
3753 909 3852 976 ὑφ’

2268 999 2460 1052 ἑαυτοῦ
2488 999 2729 1068 φυσικῶς
2763 999 3102 1061 διατείνεται,
3135 999 3207 1062 ὡς
3242 999 3328 1051 διὰ
3355 1000 3453 1068 τῆς
3477 1000 3752 1062 ἐκτάσεως
3784 998 3855 1050 τὸ

2270 1088 2535 1158 παχυνθέν
2568 1090 2669 1141 ὑπὸ
2697 1090 2802 1141 τῶν
2835 1089 3020 1159 ἀτμῶν
3058 1091 3219 1160 μέρος
3246 1092 3697 1160 ἐκλεπτυνθῆναι·
3734 1089 3856 1145 οἶόν

2271 1199 2322 1234 τι
2349 1181 2592 1234 ποιοῦσιν
2625 1185 2672 1235 οἱ
2699 1183 2785 1235 διὰ
2823 1184 2920 1252 τῆς
2965 1182 3324 1252 σφοδροτέρας
3369 1180 3756 1251 στρεϐλώσεως
3787 1181 3856 1233 τὸ

2271 1271 2411 1342 ὕδωρ
2435 1272 2540 1324 τῶν
2570 1273 2795 1342 ἱματίων
2820 1274 3177 1335 ἐκθλίϐοντες.
3206 1272 3308 1325 Καὶ
3334 1272 3518 1343 ἐπειδὴ
3543 1272 3855 1343 κυκλοτερῆ

2269 1363 2336 1414 τὰ
2363 1365 2490 1434 περὶ
2517 1366 2608 1416 τὸν
2638 1363 2891 1433 φάρυγγα
2915 1366 3078 1435 μέρη,
3105 1365 3387 1430 πλεονάζει
3414 1364 3470 1415 δέ
3495 1363 3554 1416 τὸ
3580 1364 3856 1434 νευρῶδες

2271 1455 2327 1506 ὲν
2358 1454 2593 1517 τούτοις⁸
2627 1455 2754 1507 ὅταν
2785 1456 2877 1508 καὶ
2905 1455 3011 1508 ἀπὸ
3053 1457 3254 1509 τούτων
3281 1455 3580 1526 ἐξωσθῆναι
3608 1455 3715 1508 δέοι
3747 1455 3854 1526 τὴν

2271 1544 2380 1597 τῶν
2417 1544 2604 1615 ἀτμῶν
2646 1546 3021 1617 παχυμέρειαν
3057 1547 3264 1618 (ἐπειδὴ
3310 1547 3587 1617 ἀμήχανόν
3631 1549 3747 1598 ἐστι
3779 1546 3854 1598 δι’

2272 1635 2481 1699 εὐθείας
2505 1639 2783 1691 ἀποτεῖναι
2803 1638 2862 1690 τὸ
2889 1639 3193 1703 κυκλοειδές
3223 1639 3408 1710 μέρος,
3439 1641 3486 1690 εί
3523 1639 3596 1708 μὴ
3625 1639 3764 1691 κατά
3786 1637 3858 1689 τδ

2275 1729 2566 1799 περιφερὲς
2610 1731 2793 1801 σχῆμα
2829 1731 3162 1802 διαταθείη)·
3215 1732 3404 1784 τούτου
3433 1729 3591 1802 χάριν
3637 1731 3854 1799 ἀπολη-

2275 1821 2497 1889 φθέντος
2527 1823 2582 1873 ἐν
2608 1825 2672 1893 τῇ
2709 1823 2894 1895 χάσμῃ
2927 1824 3020 1876 τοῦ
3051 1820 3375 1894 πνεύματος,
3407 1824 3494 1875 ὅτε
3523 1824 3550 1874 ὁ
3579 1820 3855 1892 ἀνθερεὼν

2275 1912 2366 1964 ἐπὶ
2397 1912 2455 1964 τὸ
2504 1914 2651 1966 κάτω
2681 1915 2793 1977 τοῖς
2834 1914 3214 1984 γαργαρεῶσιν
3259 1913 3710 1977 ὑποκοιλαίνεται,
3753 1915 3860 1966 καὶ

2274 2003 2380 2055 τῶν
2410 2003 2558 2066 ἐντὸς
2587 2005 2803 2058 πάντων
2843 2008 2921 2067 εἰς
2952 2006 3151 2059 κύκλου
3183 2006 3366 2076 σχῆμα
3409 2005 3783 2067 διαταθέντων,
3820 2011 3856 2078 ἡ

2273 2095 2570 2164 λιγνυώδης
2620 2096 2799 2167 ἐκείνη
2857 2097 3101 2167 παχύτης
3152 2099 3184 2167 ή
3242 2097 3679 2168 ἐναπειλημμένη
3737 2100 3858 2160 τοῖς

2277 2189 2466 2258 μέρεσι
2526 2189 2926 2242 συνδιαπνεῖται
2985 2192 3050 2260 τῇ
3101 2189 3317 2259 διεξόδῳ
3369 2189 3461 2242 τοῦ
3519 2188 3854 2259 πνεύματος.

2274 2278 2540 2342 Πολλάκις
2560 2279 2638 2342 δὲ,
2666 2281 2758 2331 καὶ
2784 2279 2921 2348 μετά
2939 2280 3028 2332 τὸν
3055 2280 3219 2333 ὕπνον
3245 2275 3349 2332 οἶδε
3371 2279 3430 2332 τὸ
3448 2279 3685 2332 τοιοῦτον
3713 2297 3858 2348 συμ-

2275 2370 2501 2433 ϐαίνειν,
2537 2373 2662 2425 ὅταν
2708 2389 2756 2424 τι
2809 2373 2919 2424 τῶν
2961 2372 3150 2442 ἀτμῶν
3195 2372 3416 2425 ἐκείνων
3474 2371 3855 2444 περιλειφθείη

2274 2464 2386 2523 τοῖς
2411 2462 2592 2525 τόποις
2621 2462 2905 2534 ἀπεμπτόν
2937 2480 2994 2516 τε
3031 2465 3124 2516 καὶ
3157 2464 3561 2519 ἀδιάπνευστον.
3610 2465 3704 2517 Ἐκ
3730 2463 3858 2516 τούο

2274 2571 2381 2606 των
2406 2553 2581 2607 τοίνυν
2607 2557 2634 2607 ὁ
2662 2554 2996 2626 ἀνθρώπινος
3033 2555 3156 2618 νοῦς
3183 2555 3450 2609 δείκνυσιν
3474 2556 3738 2627 ἐναργῶς,
3767 2557 3856 2610 ὅτι

2274 2645 2374 2715 τῆς
2398 2645 2610 2713 φύσεως
2637 2646 2836 2715 ἔχεται,
2869 2647 3208 2720 συνεστώσης
3235 2650 3332 2717 μὲν
3355 2649 3443 2701 καὶ
3465 2649 3852 2720 ἐγρηγορυίας,

2277 2736 2371 2789 καὶ
2405 2735 2564 2800 αὐτὸς
2593 2738 2865 2808 συνεργῶν
2906 2739 2997 2791 καὶ
3037 2738 3381 2810 κινούμενος’
3425 2739 3758 2810 παρεθείσης
3792 2739 3854 2792 δὲ

2275 2825 2352 2896 τῷ
2397 2825 2568 2896 ὕπνῳ,
2605 2827 2782 2897 μένων
2813 2828 3083 2899 ἀκίνητος,
3115 2831 3162 2882 εί
3215 2831 3288 2901 μή
3322 2849 3403 2894 τις
3432 2831 3538 2901 ἄρα
3576 2830 3676 2900 τὴν
3710 2831 3854 2883 ὀνει-

2277 2917 2422 2988 ρώδη
2448 2921 2746 2986 φαντασίαν
2769 2919 2857 2972 νοῦ
2889 2919 3098 2991 κίνησιν
3121 2920 3378 2974 ὑπολάϐοι
3406 2921 3542 2974 κατά
3569 2921 3660 2973 τὸν
3685 2920 3856 2973 ὕπνον

2275 3011 2696 3082 ἐνεργουμένην.
2737 3012 2922 3082 Ἡμεῖς
2963 3012 3020 3065 δέ
3067 3029 3246 3083 φαμεν
3287 3013 3452 3083 μόνην
3493 3012 3599 3064 δεῖν
3627 3012 3726 3082 τὴν
3750 3013 3850 3082 ἔμ-

2277 3104 2448 3174 φρονά
2480 3120 2536 3154 τε
2566 3104 2657 3155 καὶ
2689 3103 3026 3156 συνεστῶσαν
3057 3105 3156 3172 τῆς
3190 3105 3426 3167 διανοίας
3455 3105 3737 3174 ἐνέργειαν
3761 3107 3859 3156 ἐπὶ

2274 3195 2365 3246 τὸν
2414 3187 2536 3247 νοῦν
2574 3196 2892 3265 ἀναφέρεινο
2926 3195 3022 3258 τὰς
3051 3196 3105 3248 δὲ
3149 3196 3285 3249 κατά
3322 3197 3410 3249 τὸν
3453 3197 3618 3250 ὕπνον
3651 3215 3858 3266 φαντα-

596 3282 651 3327 et
683 3275 944 3341 integram
1003 3270 1276 3338 cogitandi
1335 3268 1647 3322 facultatem
1699 3271 1867 3323 men'i
1904 3287 2028 3326 esse
2062 3273 2164 3332 tri-

2277 3284 2482 3348 σιώδεις
2510 3287 2776 3356 φλυαρίας
2809 3286 3102 3356 ίνδάλματά
3137 3301 3256 3340 τινα
3300 3291 3395 3358 τῆς
3435 3288 3575 3342 κατά
3609 3289 3702 3341 τὸν
3731 3288 3858 3341 νοῦν

598 3363 892 3417 bueudam.
923 3361 1055 3425 Qua:
1080 3369 1188 3414 auti
1211 3376 1260 3413 m
1289 3375 1382 3429 per
1410 3375 1660 3413 somnum
1693 3376 1750 3414 se
1774 3361 2006 3416 offerunt
2041 3365 2176 3417 ima-

597 3453 822 3523 ginaria:
876 3468 1052 3522 nugze.
1111 3467 1210 3505 ceu
1266 3452 1556 3505 simulacra
1608 3453 1852 3520 quaedam
1901 3456 2174 3511 actionum

545 3609 547 3612 η
597 3543 820 3602 mentis,
875 3541 972 3595 has
1008 3542 1076 3594 ab
1123 3541 1289 3594 animi
1337 3556 1396 3594 ea
1426 3543 1608 3611 specie
1639 3559 1762 3611 quae
1811 3545 2021 3600 ratione
2071 3563 2176 3602 non

599 3632 790 3695 utitur,
839 3642 1041 3686 temere
1087 3632 1211 3701 fingi
1251 3632 1650 3687 existimamus.
1701 3634 1836 3688 Nam
1873 3637 1927 3690 in
1968 3639 2172 3703 animo,

597 3725 689 3794 qui
725 3739 917 3778 somno
962 3725 1293 3793 praepeditus
1327 3741 1421 3794 per
1464 3741 1661 3781 sensus
1692 3743 1797 3781 non
1829 3728 1960 3797 agit,
2013 3731 2174 3784 etiam

601 3817 801 3870 mentis
836 3815 1079 3870 actiones
1121 3831 1346 3886 cessare
1397 3832 1620 3871 necesse
1670 3828 1773 3872 est.
1825 3818 1930 3873 Per
1980 3836 2176 3876 sensus

596 3907 740 3961 enim
789 3923 944 3963 mens
980 3908 1222 3961 humano
1275 3909 1491 3977 corpori
1546 3918 1908 3978 temperatura
1938 3913 2172 3981 quadam

594 3997 874 4067 jungitur:
909 3999 1113 4052 idcirco
1143 4000 1554 4068 quiescentibus
1583 4001 1635 4053 iu
1665 4003 1872 4069 agendo
1896 4004 2171 4068 sensibus,

596 4092 756 4143 etiam
809 4098 1042 4142 mentem
1092 4090 1322 4142 otiosam
1372 4105 1512 4152 esse,
1567 4105 1696 4143 vero
1744 4103 2172 4147 consentaneum

597 4181 832 4235 maxime
883 4180 1065 4236 fuerit.
1109 4180 1260 4235 Licet
1301 4181 1401 4234 hoc
1450 4183 1542 4235 illo
1589 4198 1806 4252 quoque
1852 4195 2175 4254 argumento

596 4270 1022 4340 deprehendere,
1069 4272 1210 4340 quod
1233 4272 1482 4326 absurdis
1522 4271 1574 4325 in
1602 4273 1785 4338 rebus,
1821 4281 1984 4343 atque
2017 4277 2174 4329 etiam

597 4361 891 4431 aliquando
950 4362 1002 4414 in
1051 4364 1118 4416 iis
1169 4376 1290 4430 qua:
1328 4361 1443 4415 ﬁeri
1498 4371 1793 4431 nequeunt,
1846 4363 2177 4420 dormientes

599 4452 950 4521 imaginando
991 4452 1094 4506 sibi
1128 4453 1332 4506 versari
1367 4453 1642 4507 videnlur.
1697 4451 1858 4507 Nullo
1885 4454 2027 4508 enim
2061 4455 2177 4510 ﬁeri

600 4542 706 4596 hoc
743 4552 903 4612 pacto
933 4552 1139 4613 posset,
1189 4546 1236 4600 si
1279 4545 1495 4600 animus
1527 4561 1592 4600 eo
1633 4554 1874 4616 tempore
1905 4562 1935 4601 a
1967 4551 2178 4604 ratione

600 4643 653 4686 et
691 4644 868 4688 mente
897 4633 1314 4702 gubernaretur.
1350 4637 1536 4706 Itaque
1571 4638 1701 4696 mihi
1731 4639 1964 4704 videtur,
1993 4640 2177 4694 animo
2209 4624 2253 4677 θ

601 4727 902 4780 secundum
960 4724 1252 4782 facultates
1301 4731 1788 4796 praestantissimas
1835 4733 2174 4802 quiescente,

599 4815 901 4871 secundum
951 4825 1185 4871 mentem
1225 4829 1278 4872 et
1319 4835 1562 4885 sensum,
1623 4823 1738 4876 sola
1787 4840 1915 4892 pars
1959 4841 2021 4880 ea
2055 4842 2178 4896 quae

600 4909 877 4962 nutriendi
920 4910 1029 4962 vim
1076 4910 1260 4970 habet,
1297 4912 1458 4966 nobis
1503 4912 1902 4968 dormientibus
1939 4915 2174 4970 ofﬁcium

602 5000 814 5054 facere:
869 5001 922 5054 111
972 5000 1073 5054 hac
1105 5001 1361 5055 nimirum
1406 5003 1671 5072 imagines
1703 5006 1948 5072 quaedam
1984 5023 2175 5063 eorum

599 5107 721 5162 quae
748 5093 904 5149 nobis
928 5094 1277 5164 vigilantibus
1307 5105 1623 5158 occurrunt,
1659 5104 1712 5150 et
1735 5098 1893 5166 quasi
1918 5114 1982 5152 ex
2013 5100 2175 5171 longo

2279 3378 2553 3445 ἐνεργείας
2608 3377 2829 3446 οἰόμεθα
2878 3377 2953 3447 τῷ
2984 3377 3307 3448 ἀλογωτέρῳ
3352 3380 3450 3448 τῆς
3497 3379 3678 3450 ψυχῆς
3725 3380 3858 3432 εἴδει

2279 3468 2421 3521 κατά
2449 3468 2508 3520 τὸ
2549 3469 2761 3537 συμϐὰν
2793 3468 3227 3522 διαπλάττεσθαι.
3259 3471 3378 3522 Τῶν
3412 3470 3516 3541 γάρ
3551 3471 3855 3541 αἰσθήσεων

2276 3559 2374 3627 τὴν
2402 3558 2578 3629 ψυχὴν
2607 3559 2965 3612 ἀπολυθεῖσαν
2994 3559 3080 3612 διὰ
3108 3561 3201 3613 τοῦ
3228 3561 3418 3621 ὕπνου,
3458 3562 3550 3614 καὶ
3575 3561 3684 3614 τῶν
3714 3564 3856 3616 κατά

2277 3649 2400 3701 νοῦν
2439 3651 2728 3719 ἐνεργειῶν
2763 3650 2916 3713 ἐκτὸς
2943 3647 3079 3703 εἶναι
3118 3655 3237 3703 κατ’
3270 3652 3513 3722 ἀνάγκην
3542 3633 3853 3722 ωμϐαίνεῖ.

2276 3739 2513 3810 Διὰ“γάρ
2545 3739 2748 3792 τούτων
2800 3739 2934 3810 πρὸς
2975 3739 3064 3791 τὸν
3097 3739 3381 3812 ἄνθρωπον
3417 3741 3449 3810 ἡ
3479 3739 3569 3791 τοῦ
3611 3739 3701 3792 νοῦ
3731 3757 3854 3791 συν-

2277 3831 2574 3901 ανάκρασις
2601 3831 2830 3898 γίνεται⁶
2862 3831 2969 3882 τῶν
2998 3827 3088 3884 οὖν
3127 3831 3428 3901 αἰσθήσεων
3467 3831 3852 3900 παυσαμένων,

2277 3923 2467 3993 ἀργεῖν
2495 3923 2707 3991 ἀνάγκη
2740 3921 2830 3974 καὶ
2853 3921 2948 3992 τὴν
2970 3922 3228 3974 διάνοιαν.
3261 3921 3568 3991 Τεκμήριον
3596 3920 3653 3972 δέ
3680 3921 3738 3972 τὸ
3761 3923 3855 3972 καὶ

2277 4017 2334 4068 ἐν
2366 4015 2586 4077 ἀτόποις
2628 4015 2722 4067 καὶ
2753 4017 2810 4067 ἐν
2839 4014 3138 4084 ἀμηχάνοις
3189 4014 3446 4076 πολλάκις
3489 4013 3665 4065 δοκεῖν
3716 4008 3855 4064 εἶναι

2275 4107 2367 4159 τὸν
2415 4106 2845 4176 φανταζόμενοψ
2895 4106 3031 4176 ὅπερ
3075 4107 3174 4158 οὐκ
3221 4105 3286 4156 ἂν
3334 4101 3565 4170 ἐγένετο,
3610 4101 3859 4171 λογισμῷ

2277 4201 2370 4253 καὶ
2398 4199 2604 4267 διανοίᾳ
2626 4200 2723 4268 τῆς
2745 4197 2922 4268 ψυχῆς
2944 4194 3240 4266 τηνικαῦτα
3265 4194 3653 4263 διοικουμένης.
3699 4191 3861 4245 Ἀλλά

2280 4308 2369 4360 μοι
2394 4290 2540 4342 δοκεῖ
2569 4292 2687 4351 ταῖς
2732 4288 3149 4358 προτιμοτέραις
3186 4286 3292 4337 τῶν
3322 4285 3600 4352 δυνάμεων
3625 4281 3723 4350 τῆς
3755 4281 3861 4348 ψυ-

2279 4383 2374 4453 χῆς
2409 4381 2720 4453 ἠρεμούσης
2757 4382 2921 4451 (φημὶ
2951 4380 3006 4432 δὲ
3032 4383 3151 4442 ταῖς
3191 4376 3331 4432 κατά
3354 4377 3444 4428 τὸν
3483 4373 3605 4427 νοῦν
3633 4374 3727 4426 καὶ
3760 4372 3860 4441 τὴν

2278 4470 2529 4540 αἴσθησιν
2560 4471 2880 4540 ἐνεργείαις)
2912 4469 3069 4539 μόνον
3095 4469 3155 4520 τὸ
3183 4466 3468 4537 θρεπτικὸν
3495 4464 3664 4532 αὐτῆς
3692 4463 3860 4533 μέρος

2281 4562 2502 4632 ἐνεργὸν
2527 4561 2666 4615 κατὰ
2697 4561 2787 4614 τὸν
2826 4560 2990 4613 ὕπνον
3031 4556 3188 4622 εἶναι,
3220 4561 3275 4612 ἐν
3307 4559 3358 4610 δὲ
3403 4557 3574 4626 τούτῳ
3601 4555 3708 4608 τῶν
3734 4554 3860 4607 καθ’

2285 4653 2432 4723 ὕπαρ
2475 4653 2782 4722 γενομένων
2830 4651 3022 4704 εἴδωλά
3068 4669 3210 4713 τινα,
3246 4650 3337 4703 καὶ
3371 4648 3709 4718 ἀπηχήματα
3750 4644 3858 4696 τῶν

2284 4761 2340 4797 τε
2375 4744 2493 4796 κατ’
2522 4743 2791 4812 αἴσθησιν,
2833 4742 2925 4794 καὶ
2949 4741 3056 4793 τῶν
3100 4739 3240 4792 κατὰ
3265 4737 3500 4791 διάνοιαν
3538 4734 3862 4806 ἐνεργουμέ-

2285 4851 2407 4898 νων,
2447 4833 2589 4904 ἆπερ
2633 4832 2782 4902 αύτῷ
2825 4833 2913 4886 διὰ
2939 4831 3033 4884 τοῦ
3081 4825 3508 4901 μνημονευτικοῦ
3555 4826 3652 4895 τῆς
3680 4823 3860 4892 ψυχῆς

2284 4927 2456 4988 εἴδους
2501 4924 2839 4996 ἐνετυπώθηο
2883 4923 3051 4977 ταῦτα
3088 4921 3267 4985 καθὼς
3313 4922 3497 4990 ἔτυχεν
3541 4917 3859 4984 ἀναζωγρα-

2286 5016 2524 5084 φεῖσθαι,
2569 5015 2928 5086 ἁπηχήματός
2959 5032 3103 5077 τινος
3140 5011 3471 5083 μνημονικοῦ
3513 5009 3589 5080 τῷ
3632 5006 3862 5075 τοιούτῳ

2287 5105 2416 5156 εἴδει
2439 5104 2540 5174 τῆς
2568 5103 2742 5174 ψυχῆς
2770 5101 3219 5173 παραμείναντος.

601 5183 887 5238 intervallo
919 5184 1333 5240 obscuriuscule
1358 5185 1522 5240 delati
1566 5203 1746 5242 rerum
1797 5204 1895 5258 per
1943 5205 2137 5248 sensus
2171 5202 2227 5247 et
2264 5195 2625 5265 cogitationes
2663 5204 2906 5248 actarum
2945 5193 3085 5252 soni.
3122 5206 3218 5262 per
3261 5191 3366 5244 vim
3402 5190 3592 5243 anima:
3632 5186 3865 5240 remini-

603 5285 842 5332 scentcm
870 5279 1141 5348 impressi,
1173 5287 1376 5335 temere
1401 5279 1739 5336 formantur:
1773 5283 1874 5338 hac
1906 5275 2050 5340 v'elut
2077 5297 2319 5344 extrema
2361 5291 2672 5344 resonantia
2708 5306 2775 5343 ex
2804 5288 3063 5343 memoria
3097 5285 3363 5356 profecta,
3397 5282 3655 5338 nutrienti
3691 5281 3862 5335 animi

604 5369 742 5442 parti
767 5373 1000 5438 quodam
1029 5370 1191 5426 modo
1215 5373 1623 5430 inhaerescente.
2209 5441 2214 5448 κ

675 5463 995 5531 Hujusmodi
1039 5479 1170 5535 ergo
1221 5465 1276 5519 in
1331 5466 1808 5535 imaginationibus
1839 5468 2002 5522 homo
2051 5469 2178 5524 dor-

605 5560 780 5613 miens
807 5564 1080 5622 versatur,
1113 5571 1288 5627 neque
1321 5566 1466 5611 recta
1501 5557 1904 5626 progressionis
1938 5559 2077 5613 serie
2111 5561 2176 5613 ad

602 5667 694 5707 res
721 5667 843 5721 quae
874 5657 1157 5721 apparent,
1203 5648 1514 5710 deducitur,
1569 5648 1666 5703 sed
1710 5646 1958 5704 confusis
1989 5661 2043 5704 et
2071 5665 2179 5703 non

605 5743 986 5798 consentaneis
1033 5740 1314 5797 erroribus
1343 5741 1665 5808 obvagatur.
1710 5740 2179 5806 Quemadmodum

2369 5467 2456 5519 Ἐν
2479 5465 2682 5527 τούτοις
2701 5460 2794 5518 οὖν
2811 5463 3192 5532 φαντασιοῦται
3208 5466 3236 5517 ὁ
3249 5462 3546 5536 ἄνθρωπος,
3569 5463 3666 5533 οὐχ
3688 5464 3868 5535 εἱρμῷ

2285 5575 2391 5610 τινι
2408 5557 2545 5626 πρὸς
2568 5557 2664 5627 τὴν
2688 5555 2796 5609 τῶν
2827 5555 3164 5626 φαινομένων
3182 5555 3394 5626 ὁμιλιαν
3423 5556 3710 5624 ἀγόμενος,
3729 5554 3867 5609 ἀλλὰ

2290 5649 2661 5718 πεφυρμέναις
2683 5649 2792 5701 τισὶ
2817 5649 2910 5700 καὶ
2937 5647 3315 5710 ἀνακολούθοις
3335 5646 3570 5708 ἀπάταις
3599 5648 3870 5720 περιπλα-

2288 5737 2546 5808 νώμενος.
2577 5741 2843 5811 Καθάπερ
2867 5739 2922 5792 δὲ
2949 5739 3088 5793 κατὰ
3115 5739 3209 5801 τὰς
3234 5736 3545 5809 σωματικὰς
3566 5737 3870 5809 ἐνεργείας.
