  <div class='ocr_page' id='page_1' title='image "/cluster/home/n/w/nwhite01/storage/ocr_20150623/44/hvd.32044052767431/090.png"; bbox 0 0 4088 6210; ppageno 0'>
   <div class='ocr_carea' id='block_1_1' title="bbox 211 313 317 370">
    <p class='ocr_par' dir='ltr' id='par_1_1' title="bbox 211 313 317 370">
     <span class='ocr_line' id='line_1_1' title="bbox 211 313 317 370; baseline -0.009 0"><span class='ocrx_word' id='word_1_1' title='bbox 211 313 317 370; x_wconf 76' lang='grc'><strong>169</strong></span> 
     </span>
    </p>
   </div>
   <div class='ocr_carea' id='block_1_2' title="bbox 1463 305 2234 364">
    <p class='ocr_par' dir='ltr' id='par_1_2' title="bbox 1463 305 2234 364">
     <span class='ocr_line' id='line_1_2' title="bbox 1463 305 2234 364; baseline -0.001 -1"><span class='ocrx_word' id='word_1_2' title='bbox 1463 307 1555 363; x_wconf 83' lang='lat' dir='ltr'><strong>DE</strong></span> <span class='ocrx_word' id='word_1_3' title='bbox 1595 307 1882 364; x_wconf 74' lang='lat' dir='ltr'><strong>llOMINlS</strong></span> <span class='ocrx_word' id='word_1_4' title='bbox 1924 305 2234 362; x_wconf 78' lang='lat' dir='ltr'><strong>OPIFICID.</strong></span> 
     </span>
    </p>
   </div>
   <div class='ocr_carea' id='block_1_3' title="bbox 3368 307 3470 361">
    <p class='ocr_par' dir='ltr' id='par_1_3' title="bbox 3368 307 3470 361">
     <span class='ocr_line' id='line_1_3' title="bbox 3368 307 3470 361; baseline -0.02 0"><span class='ocrx_word' id='word_1_5' title='bbox 3368 307 3470 361; x_wconf 68' lang='lat'><strong>1&#39;70</strong></span> 
     </span>
    </p>
   </div>
   <div class='ocr_carea' id='block_1_4' title="bbox 211 413 1802 495">
    <p class='ocr_par' dir='ltr' id='par_1_4' title="bbox 211 413 1802 495">
     <span class='ocr_line' id='line_1_4' title="bbox 211 413 1802 495; baseline -0.003 -14"><span class='ocrx_word' id='word_1_6' title='bbox 211 427 333 481; x_wconf 81' lang='grc' dir='ltr'><strong>τῶν</strong></span> <span class='ocrx_word' id='word_1_7' title='bbox 366 423 544 495; x_wconf 81' lang='grc' dir='ltr'>μερῶν</span> <span class='ocrx_word' id='word_1_8' title='bbox 577 413 891 486; x_wconf 76' lang='grc' dir='ltr'><strong>ἰδιαζόντως</strong></span> <span class='ocrx_word' id='word_1_9' title='bbox 929 439 981 475; x_wconf 90' lang='grc' dir='ltr'><strong>τι</strong></span> <span class='ocrx_word' id='word_1_10' title='bbox 1020 420 1159 476; x_wconf 77' lang='grc' dir='ltr'>κατὰ</span> <span class='ocrx_word' id='word_1_11' title='bbox 1181 420 1278 492; x_wconf 81' lang='grc' dir='ltr'>τὴν</span> <span class='ocrx_word' id='word_1_12' title='bbox 1307 420 1633 493; x_wconf 80' lang='grc' dir='ltr'>ἐγκειμένην</span> <span class='ocrx_word' id='word_1_13' title='bbox 1664 421 1802 491; x_wconf 78' lang='grc' dir='ltr'>αὐτῷ</span> 
     </span>
    </p>
   </div>
   <div class='ocr_carea' id='block_1_5' title="bbox 1905 413 3471 495">
    <p class='ocr_par' dir='ltr' id='par_1_5' title="bbox 1914 416 3471 490">
     <span class='ocr_line' id='line_1_5' title="bbox 1914 416 3471 490; baseline -0.004 -14"><span class='ocrx_word' id='word_1_14' title='bbox 1914 430 2094 478; x_wconf 89' lang='lat' dir='ltr'><strong>autem</strong></span> <span class='ocrx_word' id='word_1_15' title='bbox 2127 423 2183 477; x_wconf 88' lang='lat' dir='ltr'><strong>in</strong></span> <span class='ocrx_word' id='word_1_16' title='bbox 2218 418 2466 490; x_wconf 90' lang='lat' dir='ltr'><strong>corporis</strong></span> <span class='ocrx_word' id='word_1_17' title='bbox 2514 416 2892 474; x_wconf 81' lang='lat' dir='ltr'><strong>eﬂectionibus</strong></span> <span class='ocrx_word' id='word_1_18' title='bbox 2945 417 3021 482; x_wconf 81' lang='lat' dir='ltr'><strong>fit,</strong></span> <span class='ocrx_word' id='word_1_19' title='bbox 3073 425 3130 472; x_wconf 91' lang='lat' dir='ltr'><strong>ut</strong></span> <span class='ocrx_word' id='word_1_20' title='bbox 3161 431 3471 488; x_wconf 85' lang='lat' dir='ltr'><strong>quanquam</strong></span> 
     </span>
    </p>
   </div>
   <div class='ocr_carea' id='block_1_6' title="bbox 212 512 1801 587">
    <p class='ocr_par' dir='ltr' id='par_1_6' title="bbox 212 512 1801 587">
     <span class='ocr_line' id='line_1_6' title="bbox 212 512 1801 587; baseline -0.004 -15"><span class='ocrx_word' id='word_1_21' title='bbox 212 515 463 587; x_wconf 80' lang='grc' dir='ltr'><strong>φυσικῶς</strong></span> <span class='ocrx_word' id='word_1_22' title='bbox 491 514 726 584; x_wconf 76' lang='grc' dir='ltr'>δύναμιν</span> <span class='ocrx_word' id='word_1_23' title='bbox 771 513 1139 584; x_wconf 76' lang='grc' dir='ltr'><strong>ἐνεργοῦντος,</strong></span> <span class='ocrx_word' id='word_1_24' title='bbox 1178 514 1384 582; x_wconf 84' lang='grc' dir='ltr'>γίνεταί</span> <span class='ocrx_word' id='word_1_25' title='bbox 1430 531 1514 576; x_wconf 86' lang='grc' dir='ltr'><strong>τις</strong></span> <span class='ocrx_word' id='word_1_26' title='bbox 1562 515 1657 567; x_wconf 71' lang='grc' dir='ltr'><strong>καὶ</strong></span> <span class='ocrx_word' id='word_1_27' title='bbox 1705 512 1801 566; x_wconf 89' lang='grc' dir='ltr'><strong>τοῦ</strong></span> 
     </span>
    </p>
   </div>
   <div class='ocr_carea' id='block_1_7' title="bbox 210 605 1799 680">
    <p class='ocr_par' dir='ltr' id='par_1_7' title="bbox 210 605 1799 680">
     <span class='ocr_line' id='line_1_7' title="bbox 210 605 1799 680; baseline -0.001 -20"><span class='ocrx_word' id='word_1_28' title='bbox 210 606 552 680; x_wconf 77' lang='grc' dir='ltr'>ἠρεμοῦντος</span> <span class='ocrx_word' id='word_1_29' title='bbox 578 605 956 677; x_wconf 81' lang='grc' dir='ltr'>μέρους·πρὺς</span> <span class='ocrx_word' id='word_1_30' title='bbox 981 607 1042 658; x_wconf 87' lang='grc' dir='ltr'><strong>τὸ</strong></span> <span class='ocrx_word' id='word_1_31' title='bbox 1074 606 1389 676; x_wconf 80' lang='grc' dir='ltr'>κινούμενον</span> <span class='ocrx_word' id='word_1_32' title='bbox 1436 605 1799 670; x_wconf 86' lang='grc' dir='ltr'>συνδιάθεσις·</span> 
     </span>
    </p>
   </div>
   <div class='ocr_carea' id='block_1_8' title="bbox 208 697 1804 769">
    <p class='ocr_par' dir='ltr' id='par_1_8' title="bbox 208 697 1804 769">
     <span class='ocr_line' id='line_1_8' title="bbox 208 697 1804 769; baseline -0.003 -16"><span class='ocrx_word' id='word_1_33' title='bbox 208 698 492 765; x_wconf 72' lang='grc' dir='ltr'><strong>ἀναλόγως</strong></span> <span class='ocrx_word' id='word_1_34' title='bbox 526 697 622 750; x_wconf 62' lang='grc' dir='ltr'><strong>καλ⁸</strong></span> <span class='ocrx_word' id='word_1_35' title='bbox 647 697 740 749; x_wconf 78' lang='grc' dir='ltr'>ἐπὶ</span> <span class='ocrx_word' id='word_1_36' title='bbox 763 697 864 766; x_wconf 84' lang='grc' dir='ltr'>τῆς</span> <span class='ocrx_word' id='word_1_37' title='bbox 887 697 1091 767; x_wconf 83' lang='grc' dir='ltr'>ψυχῆς,</span> <span class='ocrx_word' id='word_1_38' title='bbox 1117 697 1221 750; x_wconf 77' lang='grc' dir='ltr'>κᾶν</span> <span class='ocrx_word' id='word_1_39' title='bbox 1253 697 1313 750; x_wconf 83' lang='grc' dir='ltr'><strong>τὸ</strong></span> <span class='ocrx_word' id='word_1_40' title='bbox 1344 697 1442 767; x_wconf 84' lang='grc' dir='ltr'><strong>μὲν</strong></span> <span class='ocrx_word' id='word_1_41' title='bbox 1473 697 1642 766; x_wconf 81' lang='grc' dir='ltr'>αὐτῆς</span> <span class='ocrx_word' id='word_1_42' title='bbox 1663 698 1804 769; x_wconf 24' lang='grc' dir='ltr'>,ἡρε-</span> 
     </span>
    </p>
   </div>
   <div class='ocr_carea' id='block_1_9' title="bbox 213 788 1805 861">
    <p class='ocr_par' dir='ltr' id='par_1_9' title="bbox 213 788 1805 861">
     <span class='ocr_line' id='line_1_9' title="bbox 213 788 1805 861; baseline 0.001 -20"><span class='ocrx_word' id='word_1_43' title='bbox 213 791 373 859; x_wconf 87' lang='grc' dir='ltr'>μοῦν,</span> <span class='ocrx_word' id='word_1_44' title='bbox 409 790 470 842; x_wconf 85' lang='grc' dir='ltr'>τὺ</span> <span class='ocrx_word' id='word_1_45' title='bbox 500 789 558 841; x_wconf 78' lang='grc' dir='ltr'>δὲ</span> <span class='ocrx_word' id='word_1_46' title='bbox 599 788 916 858; x_wconf 81' lang='grc' dir='ltr'>κινούμενον</span> <span class='ocrx_word' id='word_1_47' title='bbox 956 790 1114 860; x_wconf 76' lang='grc' dir='ltr'>τύχῃ,</span> <span class='ocrx_word' id='word_1_48' title='bbox 1141 788 1202 840; x_wconf 84' lang='grc' dir='ltr'><strong>τὸ</strong></span> <span class='ocrx_word' id='word_1_49' title='bbox 1231 789 1348 842; x_wconf 81' lang='grc' dir='ltr'>ὅλον</span> <span class='ocrx_word' id='word_1_50' title='bbox 1379 789 1458 860; x_wconf 85' lang='grc' dir='ltr'><strong>τῷ</strong></span> <span class='ocrx_word' id='word_1_51' title='bbox 1491 789 1644 861; x_wconf 80' lang='grc' dir='ltr'><strong>μέρει</strong></span> <span class='ocrx_word' id='word_1_52' title='bbox 1681 806 1805 842; x_wconf 88' lang='grc' dir='ltr'>συν-</span> 
     </span>
    </p>
   </div>
   <div class='ocr_carea' id='block_1_10' title="bbox 207 879 1801 951">
    <p class='ocr_par' dir='ltr' id='par_1_10' title="bbox 207 879 1801 951">
     <span class='ocr_line' id='line_1_10' title="bbox 207 879 1801 951; baseline 0 -18"><span class='ocrx_word' id='word_1_53' title='bbox 207 881 527 934; x_wconf 84' lang='grc' dir='ltr'>διατίθεται.</span> <span class='ocrx_word' id='word_1_54' title='bbox 547 879 683 932; x_wconf 77' lang='grc' dir='ltr'>Οὐδὲ</span> <span class='ocrx_word' id='word_1_55' title='bbox 699 879 809 950; x_wconf 83' lang='grc' dir='ltr'><strong>γάρ</strong></span> <span class='ocrx_word' id='word_1_56' title='bbox 829 879 1097 950; x_wconf 85' lang='grc' dir='ltr'>ἐνδέχεται</span> <span class='ocrx_word' id='word_1_57' title='bbox 1119 881 1611 950; x_wconf 82' lang='grc' dir='ltr'>συνδιασπασθῆναι</span> <span class='ocrx_word' id='word_1_58' title='bbox 1628 880 1801 951; x_wconf 88' lang='grc' dir='ltr'>πάντη</span> 
     </span>
    </p>
   </div>
   <div class='ocr_carea' id='block_1_11' title="bbox 210 970 1802 1042">
    <p class='ocr_par' dir='ltr' id='par_1_11' title="bbox 210 970 1802 1042">
     <span class='ocr_line' id='line_1_11' title="bbox 210 970 1802 1042; baseline 0.001 -20"><span class='ocrx_word' id='word_1_59' title='bbox 210 972 310 1041; x_wconf 76' lang='grc' dir='ltr'><strong>τὴν</strong></span> <span class='ocrx_word' id='word_1_60' title='bbox 339 970 487 1023; x_wconf 85' lang='grc' dir='ltr'><strong>κατά</strong></span> <span class='ocrx_word' id='word_1_61' title='bbox 532 970 693 1038; x_wconf 77' lang='grc' dir='ltr'>φύσιν</span> <span class='ocrx_word' id='word_1_62' title='bbox 737 971 983 1039; x_wconf 78' lang='grc' dir='ltr'>ἑνότητα,</span> <span class='ocrx_word' id='word_1_63' title='bbox 1019 971 1322 1042; x_wconf 77' lang='grc' dir='ltr'><strong>κρατούσης</strong></span> <span class='ocrx_word' id='word_1_64' title='bbox 1365 973 1423 1024; x_wconf 80' lang='grc' dir='ltr'><strong>ἐν</strong></span> <span class='ocrx_word' id='word_1_65' title='bbox 1458 973 1612 1042; x_wconf 83' lang='grc' dir='ltr'>μέρει</span> <span class='ocrx_word' id='word_1_66' title='bbox 1659 973 1802 1036; x_wconf 82' lang='grc' dir='ltr'>τινὸς</span> 
     </span>
    </p>
   </div>
   <div class='ocr_carea' id='block_1_12' title="bbox 211 1061 1802 1134">
    <p class='ocr_par' dir='ltr' id='par_1_12' title="bbox 211 1061 1802 1134">
     <span class='ocr_line' id='line_1_12' title="bbox 211 1061 1802 1134; baseline 0.001 -18"><span class='ocrx_word' id='word_1_67' title='bbox 211 1065 322 1116; x_wconf 82' lang='grc' dir='ltr'><strong>τῶν</strong></span> <span class='ocrx_word' id='word_1_68' title='bbox 355 1063 481 1115; x_wconf 78' lang='grc' dir='ltr'>κατ’</span> <span class='ocrx_word' id='word_1_69' title='bbox 525 1061 694 1130; x_wconf 73' lang='grc' dir='ltr'>αὐτὴν</span> <span class='ocrx_word' id='word_1_70' title='bbox 732 1062 1013 1132; x_wconf 78' lang='grc' dir='ltr'>δυνάμεων</span> <span class='ocrx_word' id='word_1_71' title='bbox 1056 1063 1142 1116; x_wconf 80' lang='grc' dir='ltr'><strong>διά</strong></span> <span class='ocrx_word' id='word_1_72' title='bbox 1179 1064 1277 1132; x_wconf 83' lang='grc' dir='ltr'>τῆς</span> <span class='ocrx_word' id='word_1_73' title='bbox 1323 1064 1616 1134; x_wconf 87' lang='grc' dir='ltr'>ἐνεργείας.</span> <span class='ocrx_word' id='word_1_74' title='bbox 1666 1065 1802 1117; x_wconf 86' lang='grc' dir='ltr'>Ἀλλ’</span> 
     </span>
    </p>
   </div>
   <div class='ocr_carea' id='block_1_13' title="bbox 211 1153 1806 1224">
    <p class='ocr_par' dir='ltr' id='par_1_13' title="bbox 211 1153 1806 1224">
     <span class='ocr_line' id='line_1_13' title="bbox 211 1153 1806 1224; baseline 0 -18"><span class='ocrx_word' id='word_1_75' title='bbox 211 1154 405 1223; x_wconf 80' lang='grc' dir='ltr'>ὥσπερ</span> <span class='ocrx_word' id='word_1_76' title='bbox 439 1153 822 1223; x_wconf 78' lang='grc' dir='ltr'>ἐγρηγορότων</span> <span class='ocrx_word' id='word_1_77' title='bbox 856 1171 913 1206; x_wconf 86' lang='grc' dir='ltr'><strong>τε</strong></span> <span class='ocrx_word' id='word_1_78' title='bbox 951 1155 1043 1207; x_wconf 77' lang='grc' dir='ltr'><strong>καὶ</strong></span> <span class='ocrx_word' id='word_1_79' title='bbox 1073 1153 1480 1218; x_wconf 81' lang='grc' dir='ltr'>σπουδαζόντων</span> <span class='ocrx_word' id='word_1_80' title='bbox 1520 1155 1806 1224; x_wconf 75' lang='grc' dir='ltr'>ἐπικρατεῖ</span> 
     </span>
    </p>
   </div>
   <div class='ocr_carea' id='block_1_14' title="bbox 215 1241 1802 1314">
    <p class='ocr_par' dir='ltr' id='par_1_14' title="bbox 215 1241 1802 1314">
     <span class='ocr_line' id='line_1_14' title="bbox 215 1241 1802 1314; baseline 0.001 -18"><span class='ocrx_word' id='word_1_81' title='bbox 215 1245 316 1314; x_wconf 81' lang='grc' dir='ltr'><strong>μὲν</strong></span> <span class='ocrx_word' id='word_1_82' title='bbox 345 1245 375 1295; x_wconf 87' lang='grc' dir='ltr'>ὁ</span> <span class='ocrx_word' id='word_1_83' title='bbox 403 1241 552 1306; x_wconf 80' lang='grc' dir='ltr'>νοῦς,</span> <span class='ocrx_word' id='word_1_84' title='bbox 583 1242 847 1313; x_wconf 85' lang='grc' dir='ltr'>ὑπηρετεῖ</span> <span class='ocrx_word' id='word_1_85' title='bbox 870 1244 926 1296; x_wconf 80' lang='grc' dir='ltr'><strong>δὲ</strong></span> <span class='ocrx_word' id='word_1_86' title='bbox 959 1246 991 1314; x_wconf 83' lang='grc' dir='ltr'>ἡ</span> <span class='ocrx_word' id='word_1_87' title='bbox 1025 1244 1296 1314; x_wconf 76' lang='grc' dir='ltr'>αἴσθησις,</span> <span class='ocrx_word' id='word_1_88' title='bbox 1327 1245 1425 1303; x_wconf 83' lang='grc' dir='ltr'><strong>οὐκ</strong></span> <span class='ocrx_word' id='word_1_89' title='bbox 1453 1244 1802 1297; x_wconf 87' lang='grc' dir='ltr'>ἀπολείπεται</span> 
     </span>
    </p>
   </div>
   <div class='ocr_carea' id='block_1_15' title="bbox 210 1332 1804 1405">
    <p class='ocr_par' dir='ltr' id='par_1_15' title="bbox 210 1332 1804 1405">
     <span class='ocr_line' id='line_1_15' title="bbox 210 1332 1804 1405; baseline -0.001 -18"><span class='ocrx_word' id='word_1_90' title='bbox 210 1335 268 1387; x_wconf 82' lang='grc' dir='ltr'>δὲ</span> <span class='ocrx_word' id='word_1_91' title='bbox 303 1333 511 1386; x_wconf 78' lang='grc' dir='ltr'>τούτων</span> <span class='ocrx_word' id='word_1_92' title='bbox 539 1335 570 1402; x_wconf 86' lang='grc' dir='ltr'>ἡ</span> <span class='ocrx_word' id='word_1_93' title='bbox 601 1332 904 1404; x_wconf 79' lang='grc' dir='ltr'>διοικητικὴ</span> <span class='ocrx_word' id='word_1_94' title='bbox 930 1333 1023 1386; x_wconf 89' lang='grc' dir='ltr'><strong>τοῦ</strong></span> <span class='ocrx_word' id='word_1_95' title='bbox 1062 1332 1309 1403; x_wconf 83' lang='grc' dir='ltr'>σώματος</span> <span class='ocrx_word' id='word_1_96' title='bbox 1336 1333 1563 1404; x_wconf 83' lang='grc' dir='ltr'>δύναμις</span> <span class='ocrx_word' id='word_1_97' title='bbox 1592 1336 1660 1405; x_wconf 83' lang='grc' dir='ltr'>(ό</span> <span class='ocrx_word' id='word_1_98' title='bbox 1705 1333 1804 1402; x_wconf 86' lang='grc' dir='ltr'><strong>μὲν</strong></span> 
     </span>
    </p>
   </div>
   <div class='ocr_carea' id='block_1_16' title="bbox 214 1421 1803 1494">
    <p class='ocr_par' dir='ltr' id='par_1_16' title="bbox 214 1421 1803 1494">
     <span class='ocr_line' id='line_1_16' title="bbox 214 1421 1803 1494; baseline -0.001 -18"><span class='ocrx_word' id='word_1_99' title='bbox 214 1424 326 1494; x_wconf 78' lang='grc' dir='ltr'>γὰρ</span> <span class='ocrx_word' id='word_1_100' title='bbox 367 1423 496 1485; x_wconf 90' lang='grc' dir='ltr'>νοῦς</span> <span class='ocrx_word' id='word_1_101' title='bbox 525 1421 737 1493; x_wconf 76' lang='grc' dir='ltr'>πορίζει</span> <span class='ocrx_word' id='word_1_102' title='bbox 775 1423 872 1492; x_wconf 87' lang='grc' dir='ltr'>τὴν</span> <span class='ocrx_word' id='word_1_103' title='bbox 895 1423 1100 1494; x_wconf 65' lang='grc' dir='ltr'>τροφὴν</span> <span class='ocrx_word' id='word_1_104' title='bbox 1134 1427 1197 1492; x_wconf 81' lang='grc' dir='ltr'>τῇ</span> <span class='ocrx_word' id='word_1_105' title='bbox 1232 1423 1409 1494; x_wconf 81' lang='grc' dir='ltr'>χρείᾳ,</span> <span class='ocrx_word' id='word_1_106' title='bbox 1445 1425 1477 1493; x_wconf 77' lang='grc' dir='ltr'>ἡ</span> <span class='ocrx_word' id='word_1_107' title='bbox 1515 1423 1570 1476; x_wconf 87' lang='grc' dir='ltr'>δὲ</span> <span class='ocrx_word' id='word_1_108' title='bbox 1610 1423 1803 1494; x_wconf 75' lang='grc' dir='ltr'>αἴσθη-</span> 
     </span>
    </p>
   </div>
   <div class='ocr_carea' id='block_1_17' title="bbox 216 1513 1805 1586">
    <p class='ocr_par' dir='ltr' id='par_1_17' title="bbox 216 1513 1805 1586">
     <span class='ocr_line' id='line_1_17' title="bbox 216 1513 1805 1586; baseline -0.002 -16"><span class='ocrx_word' id='word_1_109' title='bbox 216 1535 303 1580; x_wconf 88' lang='grc' dir='ltr'><strong>σις</strong></span> <span class='ocrx_word' id='word_1_110' title='bbox 324 1516 389 1570; x_wconf 78' lang='grc' dir='ltr'>τὸ</span> <span class='ocrx_word' id='word_1_111' title='bbox 413 1515 674 1586; x_wconf 87' lang='grc' dir='ltr'>πορισθέν</span> <span class='ocrx_word' id='word_1_112' title='bbox 706 1513 1020 1581; x_wconf 78' lang='grc' dir='ltr'>ὑπεδέξατο,</span> <span class='ocrx_word' id='word_1_113' title='bbox 1059 1517 1092 1586; x_wconf 84' lang='grc' dir='ltr'><strong>ἡ</strong></span> <span class='ocrx_word' id='word_1_114' title='bbox 1121 1516 1177 1568; x_wconf 84' lang='grc' dir='ltr'><strong>δέ</strong></span> <span class='ocrx_word' id='word_1_115' title='bbox 1203 1515 1466 1586; x_wconf 80' lang='grc' dir='ltr'>θρεπτικὴ</span> <span class='ocrx_word' id='word_1_116' title='bbox 1500 1515 1592 1568; x_wconf 90' lang='grc' dir='ltr'><strong>τοῦ</strong></span> <span class='ocrx_word' id='word_1_117' title='bbox 1621 1514 1805 1585; x_wconf 82' lang='grc' dir='ltr'>σώμα-</span> 
     </span>
    </p>
   </div>
   <div class='ocr_carea' id='block_1_18' title="bbox 214 1605 1804 1678">
    <p class='ocr_par' dir='ltr' id='par_1_18' title="bbox 214 1605 1804 1678">
     <span class='ocr_line' id='line_1_18' title="bbox 214 1605 1804 1678; baseline -0.004 -15"><span class='ocrx_word' id='word_1_118' title='bbox 214 1626 307 1672; x_wconf 89' lang='grc' dir='ltr'><strong>τος</strong></span> <span class='ocrx_word' id='word_1_119' title='bbox 351 1607 584 1677; x_wconf 78' lang='grc' dir='ltr'>δύναμις</span> <span class='ocrx_word' id='word_1_120' title='bbox 637 1608 802 1677; x_wconf 73' lang='grc' dir='ltr'>ἑαυτῇ</span> <span class='ocrx_word' id='word_1_121' title='bbox 856 1608 916 1660; x_wconf 84' lang='grc' dir='ltr'><strong>τὸ</strong></span> <span class='ocrx_word' id='word_1_122' title='bbox 956 1606 1107 1660; x_wconf 79' lang='grc' dir='ltr'>δοθὲν</span> <span class='ocrx_word' id='word_1_123' title='bbox 1154 1606 1617 1678; x_wconf 86' lang='grc' dir='ltr'>προσῳκείωσεν)·</span> <span class='ocrx_word' id='word_1_124' title='bbox 1663 1605 1804 1658; x_wconf 81' lang='grc' dir='ltr'>οὕτω</span> 
     </span>
    </p>
   </div>
   <div class='ocr_carea' id='block_1_19' title="bbox 218 1697 1801 1768">
    <p class='ocr_par' dir='ltr' id='par_1_19' title="bbox 218 1697 1801 1768">
     <span class='ocr_line' id='line_1_19' title="bbox 218 1697 1801 1768; baseline -0.004 -14"><span class='ocrx_word' id='word_1_125' title='bbox 218 1700 313 1754; x_wconf 74' lang='grc' dir='ltr'>καὶ</span> <span class='ocrx_word' id='word_1_126' title='bbox 357 1698 502 1752; x_wconf 81' lang='grc' dir='ltr'>κατά</span> <span class='ocrx_word' id='word_1_127' title='bbox 527 1697 620 1752; x_wconf 76' lang='grc' dir='ltr'><strong>τὸν</strong></span> <span class='ocrx_word' id='word_1_128' title='bbox 674 1697 841 1750; x_wconf 86' lang='grc' dir='ltr'>ὕπνον</span> <span class='ocrx_word' id='word_1_129' title='bbox 877 1697 1320 1767; x_wconf 84' lang='grc' dir='ltr'>ἀντιμεθίσταταί</span> <span class='ocrx_word' id='word_1_130' title='bbox 1361 1715 1476 1761; x_wconf 89' lang='grc' dir='ltr'><strong>πως</strong></span> <span class='ocrx_word' id='word_1_131' title='bbox 1507 1699 1562 1750; x_wconf 81' lang='grc' dir='ltr'><strong>ἐν</strong></span> <span class='ocrx_word' id='word_1_132' title='bbox 1605 1698 1735 1767; x_wconf 78' lang='grc' dir='ltr'>ἡμῖν</span> <span class='ocrx_word' id='word_1_133' title='bbox 1769 1698 1801 1768; x_wconf 84' lang='grc' dir='ltr'>ἡ</span> 
     </span>
    </p>
   </div>
   <div class='ocr_carea' id='block_1_20' title="bbox 217 1787 1801 1860">
    <p class='ocr_par' dir='ltr' id='par_1_20' title="bbox 217 1787 1801 1860">
     <span class='ocr_line' id='line_1_20' title="bbox 217 1787 1801 1860; baseline -0.004 -14"><span class='ocrx_word' id='word_1_134' title='bbox 217 1792 327 1846; x_wconf 85' lang='grc' dir='ltr'><strong>τῶν</strong></span> <span class='ocrx_word' id='word_1_135' title='bbox 360 1791 641 1860; x_wconf 82' lang='grc' dir='ltr'>δυνάμεων</span> <span class='ocrx_word' id='word_1_136' title='bbox 669 1789 873 1842; x_wconf 82' lang='grc' dir='ltr'>τούτων</span> <span class='ocrx_word' id='word_1_137' title='bbox 906 1790 1170 1860; x_wconf 73' lang='grc' dir='ltr'>ἡγεμονία</span> <span class='ocrx_word' id='word_1_138' title='bbox 1188 1805 1202 1821; x_wconf 77' lang='lat'>&#39;</span> <span class='ocrx_word' id='word_1_139' title='bbox 1237 1789 1331 1842; x_wconf 70' lang='grc' dir='ltr'><strong>καὶ</strong></span> <span class='ocrx_word' id='word_1_140' title='bbox 1361 1788 1686 1858; x_wconf 73' lang='grc' dir='ltr'>κρατοῦντος</span> <span class='ocrx_word' id='word_1_141' title='bbox 1709 1787 1801 1840; x_wconf 86' lang='grc' dir='ltr'><strong>τοῦ</strong></span> 
     </span>
    </p>
   </div>
   <div class='ocr_carea' id='block_1_21' title="bbox 220 1876 1802 1952">
    <p class='ocr_par' dir='ltr' id='par_1_21' title="bbox 220 1876 1802 1952">
     <span class='ocr_line' id='line_1_21' title="bbox 220 1876 1802 1952; baseline -0.005 -16"><span class='ocrx_word' id='word_1_142' title='bbox 220 1882 588 1952; x_wconf 75' lang='grc' dir='ltr'>ἀλογωτέρου,</span> <span class='ocrx_word' id='word_1_143' title='bbox 617 1877 847 1932; x_wconf 76' lang='grc' dir='ltr'>παύεται</span> <span class='ocrx_word' id='word_1_144' title='bbox 880 1879 978 1946; x_wconf 84' lang='grc' dir='ltr'>μὲν</span> <span class='ocrx_word' id='word_1_145' title='bbox 1011 1879 1044 1948; x_wconf 79' lang='grc' dir='ltr'>ἡ</span> <span class='ocrx_word' id='word_1_146' title='bbox 1071 1877 1178 1930; x_wconf 87' lang='grc' dir='ltr'><strong>τῶν</strong></span> <span class='ocrx_word' id='word_1_147' title='bbox 1207 1877 1410 1947; x_wconf 86' lang='grc' dir='ltr'>ἐτέρων</span> <span class='ocrx_word' id='word_1_148' title='bbox 1441 1876 1710 1946; x_wconf 89' lang='grc' dir='ltr'>ἐνέργεια,</span> <span class='ocrx_word' id='word_1_149' title='bbox 1741 1876 1802 1928; x_wconf 82' lang='grc' dir='ltr'><strong>οὕ</strong></span> 
     </span>
    </p>
   </div>
   <div class='ocr_carea' id='block_1_22' title="bbox 226 1964 1803 2042">
    <p class='ocr_par' dir='ltr' id='par_1_22' title="bbox 226 1964 1803 2042">
     <span class='ocr_line' id='line_1_22' title="bbox 226 1964 1803 2042; baseline -0.004 -19"><span class='ocrx_word' id='word_1_150' title='bbox 226 1973 337 2042; x_wconf 83' lang='grc' dir='ltr'>μὴν</span> <span class='ocrx_word' id='word_1_151' title='bbox 373 1968 652 2030; x_wconf 75' lang='grc' dir='ltr'>παντελῶς</span> <span class='ocrx_word' id='word_1_152' title='bbox 685 1966 1096 2038; x_wconf 56' lang='grc' dir='ltr'>ἀποσϐέννυται.</span> <span class='ocrx_word' id='word_1_153' title='bbox 1142 1964 1533 2035; x_wconf 84' lang='grc' dir='ltr'>Ἐπειγομένης</span> <span class='ocrx_word' id='word_1_154' title='bbox 1562 1964 1618 2017; x_wconf 81' lang='grc' dir='ltr'>δὲ</span> <span class='ocrx_word' id='word_1_155' title='bbox 1651 1981 1803 2035; x_wconf 85' lang='grc' dir='ltr'>τηνι-</span> 
     </span>
    </p>
   </div>
   <div class='ocr_carea' id='block_1_23' title="bbox 225 2057 1803 2129">
    <p class='ocr_par' dir='ltr' id='par_1_23' title="bbox 225 2057 1803 2129">
     <span class='ocr_line' id='line_1_23' title="bbox 225 2057 1803 2129; baseline -0.003 -15"><span class='ocrx_word' id='word_1_156' title='bbox 225 2060 411 2115; x_wconf 83' lang='grc' dir='ltr'>καῦτα</span> <span class='ocrx_word' id='word_1_157' title='bbox 445 2061 532 2113; x_wconf 76' lang='grc' dir='ltr'>διὰ</span> <span class='ocrx_word' id='word_1_158' title='bbox 555 2059 643 2112; x_wconf 85' lang='grc' dir='ltr'><strong>τοῦ</strong></span> <span class='ocrx_word' id='word_1_159' title='bbox 676 2059 840 2113; x_wconf 86' lang='grc' dir='ltr'>ὕπνου</span> <span class='ocrx_word' id='word_1_160' title='bbox 876 2058 1012 2129; x_wconf 74' lang='grc' dir='ltr'>πρὸς</span> <span class='ocrx_word' id='word_1_161' title='bbox 1045 2057 1143 2129; x_wconf 77' lang='grc' dir='ltr'><strong>τὴν</strong></span> <span class='ocrx_word' id='word_1_162' title='bbox 1173 2058 1334 2127; x_wconf 82' lang='grc' dir='ltr'>πέψιν</span> <span class='ocrx_word' id='word_1_163' title='bbox 1377 2057 1477 2127; x_wconf 81' lang='grc' dir='ltr'>τῆς</span> <span class='ocrx_word' id='word_1_164' title='bbox 1504 2057 1803 2128; x_wconf 83' lang='grc' dir='ltr'>θρεπτικῆς</span> 
     </span>
    </p>
   </div>
   <div class='ocr_carea' id='block_1_24' title="bbox 222 2144 1804 2222">
    <p class='ocr_par' dir='ltr' id='par_1_24' title="bbox 222 2144 1804 2222">
     <span class='ocr_line' id='line_1_24' title="bbox 222 2144 1804 2222; baseline -0.004 -18"><span class='ocrx_word' id='word_1_165' title='bbox 222 2151 530 2222; x_wconf 85' lang='grc' dir='ltr'>δυνάμεως,</span> <span class='ocrx_word' id='word_1_166' title='bbox 558 2151 648 2202; x_wconf 72' lang='grc' dir='ltr'>καὶ</span> <span class='ocrx_word' id='word_1_167' title='bbox 673 2151 855 2202; x_wconf 83' lang='grc' dir='ltr'>πᾶσαν</span> <span class='ocrx_word' id='word_1_168' title='bbox 888 2147 985 2217; x_wconf 80' lang='grc' dir='ltr'>τὴν</span> <span class='ocrx_word' id='word_1_169' title='bbox 1025 2147 1186 2215; x_wconf 81' lang='grc' dir='ltr'>φύσιν</span> <span class='ocrx_word' id='word_1_170' title='bbox 1229 2147 1365 2218; x_wconf 84' lang='grc' dir='ltr'>πρὸς</span> <span class='ocrx_word' id='word_1_171' title='bbox 1406 2144 1601 2216; x_wconf 79' lang='grc' dir='ltr'>ἑαυτὴν</span> <span class='ocrx_word' id='word_1_172' title='bbox 1647 2145 1804 2215; x_wconf 84' lang='grc' dir='ltr'>ἀσχο-</span> 
     </span>
    </p>
   </div>
   <div class='ocr_carea' id='block_1_25' title="bbox 221 2237 1800 2312">
    <p class='ocr_par' dir='ltr' id='par_1_25' title="bbox 221 2237 1800 2312">
     <span class='ocr_line' id='line_1_25' title="bbox 221 2237 1800 2312; baseline -0.003 -18"><span class='ocrx_word' id='word_1_173' title='bbox 221 2242 440 2312; x_wconf 78' lang='grc' dir='ltr'>λούσης,</span> <span class='ocrx_word' id='word_1_174' title='bbox 493 2239 616 2292; x_wconf 85' lang='grc' dir='ltr'>οὕτε</span> <span class='ocrx_word' id='word_1_175' title='bbox 673 2237 950 2300; x_wconf 83' lang='grc' dir='ltr'>παντελῶς</span> <span class='ocrx_word' id='word_1_176' title='bbox 1009 2239 1302 2292; x_wconf 75' lang='grc' dir='ltr'>διασπᾶται</span> <span class='ocrx_word' id='word_1_177' title='bbox 1341 2237 1545 2308; x_wconf 81' lang='grc' dir='ltr'>ταύτης</span> <span class='ocrx_word' id='word_1_178' title='bbox 1595 2240 1628 2309; x_wconf 80' lang='grc' dir='ltr'>ἡ</span> <span class='ocrx_word' id='word_1_179' title='bbox 1681 2238 1800 2289; x_wconf 76' lang='grc' dir='ltr'>κατ’</span> 
     </span>
    </p>
   </div>
   <div class='ocr_carea' id='block_1_26' title="bbox 218 2329 1803 2403">
    <p class='ocr_par' dir='ltr' id='par_1_26' title="bbox 218 2329 1803 2403">
     <span class='ocr_line' id='line_1_26' title="bbox 218 2329 1803 2403; baseline -0.003 -17"><span class='ocrx_word' id='word_1_180' title='bbox 218 2335 471 2403; x_wconf 80' lang='grc' dir='ltr'>αἴσθησιν</span> <span class='ocrx_word' id='word_1_181' title='bbox 511 2331 743 2400; x_wconf 77' lang='grc' dir='ltr'>δύναμις</span> <span class='ocrx_word' id='word_1_182' title='bbox 787 2331 868 2401; x_wconf 87' lang='grc' dir='ltr'>(οὕ</span> <span class='ocrx_word' id='word_1_183' title='bbox 905 2331 1014 2402; x_wconf 84' lang='grc' dir='ltr'><strong>γὰρ</strong></span> <span class='ocrx_word' id='word_1_184' title='bbox 1069 2331 1343 2400; x_wconf 79' lang='grc' dir='ltr'>ἐνδέχεται</span> <span class='ocrx_word' id='word_1_185' title='bbox 1374 2330 1433 2383; x_wconf 82' lang='grc' dir='ltr'><strong>τὸ</strong></span> <span class='ocrx_word' id='word_1_186' title='bbox 1471 2329 1615 2396; x_wconf 80' lang='grc' dir='ltr'>ἆπαξ</span> <span class='ocrx_word' id='word_1_187' title='bbox 1663 2347 1803 2402; x_wconf 85' lang='grc' dir='ltr'>συμ-</span> 
     </span>
    </p>
   </div>
   <div class='ocr_carea' id='block_1_27' title="bbox 219 2419 1804 2494">
    <p class='ocr_par' dir='ltr' id='par_1_27' title="bbox 219 2419 1804 2494">
     <span class='ocr_line' id='line_1_27' title="bbox 219 2419 1804 2494; baseline 0 -20"><span class='ocrx_word' id='word_1_188' title='bbox 219 2423 464 2491; x_wconf 66' lang='grc' dir='ltr'>πεςςυκδς</span> <span class='ocrx_word' id='word_1_189' title='bbox 501 2420 953 2492; x_wconf 84' lang='grc' dir='ltr'>διατέμνεσθαι),</span> <span class='ocrx_word' id='word_1_190' title='bbox 985 2419 1107 2474; x_wconf 86' lang='grc' dir='ltr'>οὕτε</span> <span class='ocrx_word' id='word_1_191' title='bbox 1158 2421 1496 2492; x_wconf 85' lang='grc' dir='ltr'>ἀναλάμπειν</span> <span class='ocrx_word' id='word_1_192' title='bbox 1545 2424 1578 2492; x_wconf 79' lang='grc' dir='ltr'>ἡ</span> <span class='ocrx_word' id='word_1_193' title='bbox 1632 2422 1804 2494; x_wconf 81' lang='grc' dir='ltr'>αὐτῆς</span> 
     </span>
    </p>
   </div>
   <div class='ocr_carea' id='block_1_28' title="bbox 213 2510 1804 2587">
    <p class='ocr_par' dir='ltr' id='par_1_28' title="bbox 213 2510 1804 2587">
     <span class='ocr_line' id='line_1_28' title="bbox 213 2510 1804 2587; baseline 0.001 -21"><span class='ocrx_word' id='word_1_194' title='bbox 213 2515 470 2582; x_wconf 77' lang='grc' dir='ltr'>ἐνέργεια</span> <span class='ocrx_word' id='word_1_195' title='bbox 517 2513 760 2578; x_wconf 80' lang='grc' dir='ltr'>δύναται,</span> <span class='ocrx_word' id='word_1_196' title='bbox 808 2515 874 2583; x_wconf 80' lang='grc' dir='ltr'>τῇ</span> <span class='ocrx_word' id='word_1_197' title='bbox 912 2510 1020 2564; x_wconf 88' lang='grc' dir='ltr'><strong>τῶν</strong></span> <span class='ocrx_word' id='word_1_198' title='bbox 1063 2513 1428 2587; x_wconf 75' lang='grc' dir='ltr'>αἰσθητηρίων</span> <span class='ocrx_word' id='word_1_199' title='bbox 1474 2515 1639 2586; x_wconf 81' lang='grc' dir='ltr'>ἀργίᾳ</span> <span class='ocrx_word' id='word_1_200' title='bbox 1664 2514 1804 2568; x_wconf 86' lang='grc' dir='ltr'><strong>κατά</strong></span> 
     </span>
    </p>
   </div>
   <div class='ocr_carea' id='block_1_29' title="bbox 214 2605 1804 2677">
    <p class='ocr_par' dir='ltr' id='par_1_29' title="bbox 214 2605 1804 2677">
     <span class='ocr_line' id='line_1_29' title="bbox 214 2605 1804 2677; baseline 0.001 -18"><span class='ocrx_word' id='word_1_201' title='bbox 214 2606 305 2659; x_wconf 67' lang='grc' dir='ltr'><strong>τὸν</strong></span> <span class='ocrx_word' id='word_1_202' title='bbox 353 2605 526 2659; x_wconf 79' lang='grc' dir='ltr'>ὕπνον</span> <span class='ocrx_word' id='word_1_203' title='bbox 576 2605 963 2677; x_wconf 82' lang='grc' dir='ltr'>ἐμπεδηθεῖσα.</span> <span class='ocrx_word' id='word_1_204' title='bbox 996 2607 1152 2660; x_wconf 87' lang='grc' dir='ltr'>Κατά</span> <span class='ocrx_word' id='word_1_205' title='bbox 1199 2608 1290 2660; x_wconf 82' lang='grc' dir='ltr'>τὸν</span> <span class='ocrx_word' id='word_1_206' title='bbox 1340 2608 1500 2661; x_wconf 78' lang='grc' dir='ltr'>αὐτὸν</span> <span class='ocrx_word' id='word_1_207' title='bbox 1553 2609 1608 2662; x_wconf 85' lang='grc' dir='ltr'>δὲ</span> <span class='ocrx_word' id='word_1_208' title='bbox 1647 2609 1804 2677; x_wconf 90' lang='grc' dir='ltr'>λόγον</span> 
     </span>
    </p>
   </div>
   <div class='ocr_carea' id='block_1_30' title="bbox 218 2685 1803 2770">
    <p class='ocr_par' dir='ltr' id='par_1_30' title="bbox 218 2685 1803 2770">
     <span class='ocr_line' id='line_1_30' title="bbox 218 2685 1803 2770; baseline 0.003 -20"><span class='ocrx_word' id='word_1_209' title='bbox 218 2698 311 2750; x_wconf 70' lang='grc' dir='ltr'><strong>καὶ</strong></span> <span class='ocrx_word' id='word_1_210' title='bbox 371 2697 471 2749; x_wconf 89' lang='grc' dir='ltr'><strong>τοῦ</strong></span> <span class='ocrx_word' id='word_1_211' title='bbox 533 2696 629 2750; x_wconf 91' lang='grc' dir='ltr'><strong>νοῦ</strong></span> <span class='ocrx_word' id='word_1_212' title='bbox 677 2698 816 2767; x_wconf 79' lang='grc' dir='ltr'>πρὸς</span> <span class='ocrx_word' id='word_1_213' title='bbox 869 2699 931 2751; x_wconf 80' lang='grc' dir='ltr'>τὸ</span> <span class='ocrx_word' id='word_1_214' title='bbox 991 2699 1306 2770; x_wconf 79' lang='grc' dir='ltr'>αἰσθητικὸν</span> <span class='ocrx_word' id='word_1_215' title='bbox 1354 2685 1492 2762; x_wconf 80' lang='grc' dir='ltr'>εἶδος</span> <span class='ocrx_word' id='word_1_216' title='bbox 1543 2701 1644 2770; x_wconf 71' lang='grc' dir='ltr'>τῆς</span> <span class='ocrx_word' id='word_1_217' title='bbox 1695 2700 1803 2770; x_wconf 76' lang='grc' dir='ltr'>ψυ-</span> 
     </span>
    </p>
   </div>
   <div class='ocr_carea' id='block_1_31' title="bbox 218 2790 1801 2862">
    <p class='ocr_par' dir='ltr' id='par_1_31' title="bbox 218 2790 1801 2862">
     <span class='ocr_line' id='line_1_31' title="bbox 218 2790 1801 2862; baseline 0.001 -20"><span class='ocrx_word' id='word_1_218' title='bbox 218 2791 317 2862; x_wconf 78' lang='grc' dir='ltr'>χῆς</span> <span class='ocrx_word' id='word_1_219' title='bbox 337 2790 744 2860; x_wconf 73' lang='grc' dir='ltr'>οἰκειουμένου,</span> <span class='ocrx_word' id='word_1_220' title='bbox 779 2791 1072 2845; x_wconf 89' lang='grc' dir='ltr'>ἀκόλουθον</span> <span class='ocrx_word' id='word_1_221' title='bbox 1107 2792 1173 2845; x_wconf 83' lang='grc' dir='ltr'>ἂν</span> <span class='ocrx_word' id='word_1_222' title='bbox 1213 2793 1298 2862; x_wconf 80' lang='grc' dir='ltr'>εἴη</span> <span class='ocrx_word' id='word_1_223' title='bbox 1349 2792 1443 2844; x_wconf 76' lang='grc' dir='ltr'><strong>καὶ</strong></span> <span class='ocrx_word' id='word_1_224' title='bbox 1483 2792 1801 2861; x_wconf 82' lang='grc' dir='ltr'>κινουμένου</span> 
     </span>
    </p>
   </div>
   <div class='ocr_carea' id='block_1_32' title="bbox 217 2881 1804 2954">
    <p class='ocr_par' dir='ltr' id='par_1_32' title="bbox 217 2881 1804 2954">
     <span class='ocr_line' id='line_1_32' title="bbox 217 2881 1804 2954; baseline 0.001 -20"><span class='ocrx_word' id='word_1_225' title='bbox 217 2881 430 2945; x_wconf 72' lang='grc' dir='ltr'>τούτου,</span> <span class='ocrx_word' id='word_1_226' title='bbox 467 2882 844 2947; x_wconf 81' lang='grc' dir='ltr'>συγκινεῖσθαι</span> <span class='ocrx_word' id='word_1_227' title='bbox 883 2883 1062 2950; x_wconf 85' lang='grc' dir='ltr'>λέγειν</span> <span class='ocrx_word' id='word_1_228' title='bbox 1105 2883 1266 2937; x_wconf 77' lang='grc' dir='ltr'>αὐτὸν</span> <span class='ocrx_word' id='word_1_229' title='bbox 1294 2921 1308 2948; x_wconf 88' lang='grc'><strong>,</strong></span> <span class='ocrx_word' id='word_1_230' title='bbox 1340 2883 1434 2936; x_wconf 70' lang='grc' dir='ltr'><strong>καὶ</strong></span> <span class='ocrx_word' id='word_1_231' title='bbox 1471 2882 1804 2954; x_wconf 78' lang='grc' dir='ltr'>ἠρεμοῦντος</span> 
     </span>
    </p>
   </div>
   <div class='ocr_carea' id='block_1_33' title="bbox 218 2967 1804 3044">
    <p class='ocr_par' dir='ltr' id='par_1_33' title="bbox 218 2967 1804 3044">
     <span class='ocr_line' id='line_1_33' title="bbox 218 2967 1804 3044; baseline 0 -18"><span class='ocrx_word' id='word_1_232' title='bbox 218 2972 762 3042; x_wconf 82' lang='grc' dir='ltr'>συγκαταπαύεσθαι.</span> <span class='ocrx_word' id='word_1_233' title='bbox 797 2967 921 3025; x_wconf 81' lang='grc' dir='ltr'>Οῗον</span> <span class='ocrx_word' id='word_1_234' title='bbox 967 2973 1022 3026; x_wconf 83' lang='grc' dir='ltr'><strong>δέ</strong></span> <span class='ocrx_word' id='word_1_235' title='bbox 1063 2991 1114 3026; x_wconf 89' lang='grc' dir='ltr'><strong>τι</strong></span> <span class='ocrx_word' id='word_1_236' title='bbox 1155 2975 1284 3044; x_wconf 82' lang='grc' dir='ltr'><strong>περὶ</strong></span> <span class='ocrx_word' id='word_1_237' title='bbox 1325 2975 1384 3027; x_wconf 83' lang='grc' dir='ltr'><strong>τὸ</strong></span> <span class='ocrx_word' id='word_1_238' title='bbox 1423 2973 1533 3044; x_wconf 90' lang='grc' dir='ltr'><strong>πῦρ</strong></span> <span class='ocrx_word' id='word_1_239' title='bbox 1561 2974 1804 3042; x_wconf 86' lang='grc' dir='ltr'>γίνεσθαι</span> 
     </span>
    </p>
   </div>
   <div class='ocr_carea' id='block_1_34' title="bbox 218 3063 1870 3160">
    <p class='ocr_par' dir='ltr' id='par_1_34' title="bbox 218 3063 1870 3160">
     <span class='ocr_line' id='line_1_34' title="bbox 218 3063 1870 3160; baseline 0.002 -45"><span class='ocrx_word' id='word_1_240' title='bbox 218 3063 481 3131; x_wconf 71' lang='grc' dir='ltr'>πέφυκεν,</span> <span class='ocrx_word' id='word_1_241' title='bbox 509 3063 642 3116; x_wconf 78' lang='grc' dir='ltr'>ὅταν</span> <span class='ocrx_word' id='word_1_242' title='bbox 679 3064 777 3133; x_wconf 85' lang='grc' dir='ltr'>μὲν</span> <span class='ocrx_word' id='word_1_243' title='bbox 814 3063 1136 3135; x_wconf 73' lang='grc' dir='ltr'>ὑποκρυιρθῇ</span> <span class='ocrx_word' id='word_1_244' title='bbox 1164 3067 1275 3126; x_wconf 87' lang='grc' dir='ltr'>τοῖς</span> <span class='ocrx_word' id='word_1_245' title='bbox 1308 3064 1530 3134; x_wconf 79' lang='grc' dir='ltr'>ἀχύροις</span> <span class='ocrx_word' id='word_1_246' title='bbox 1563 3067 1803 3118; x_wconf 85' lang='grc' dir='ltr'>ἁπαντα-</span> <span class='ocrx_word' id='word_1_247' title='bbox 1828 3103 1870 3160; x_wconf 76' lang='lat' dir='ltr'><strong><em>C</em></strong></span> 
     </span>
    </p>
   </div>
   <div class='ocr_carea' id='block_1_35' title="bbox 217 3155 1795 3227">
    <p class='ocr_par' dir='ltr' id='par_1_35' title="bbox 217 3155 1795 3227">
     <span class='ocr_line' id='line_1_35' title="bbox 217 3155 1795 3227; baseline 0 -19"><span class='ocrx_word' id='word_1_248' title='bbox 217 3155 392 3224; x_wconf 76' lang='grc' dir='ltr'>χόθεν,</span> <span class='ocrx_word' id='word_1_249' title='bbox 419 3155 697 3225; x_wconf 79' lang='grc' dir='ltr'>μηδεμιᾶς</span> <span class='ocrx_word' id='word_1_250' title='bbox 712 3155 986 3225; x_wconf 82' lang='grc' dir='ltr'>ἀναπνοῆς</span> <span class='ocrx_word' id='word_1_251' title='bbox 1001 3157 1100 3209; x_wconf 86' lang='grc' dir='ltr'><strong>ἀνα</strong></span> <span class='ocrx_word' id='word_1_252' title='bbox 1107 3155 1355 3226; x_wconf 79' lang='grc' dir='ltr'>ρῤιπιζού</span> <span class='ocrx_word' id='word_1_253' title='bbox 1364 3175 1462 3227; x_wconf 90' lang='grc' dir='ltr'><strong>σης</strong></span> <span class='ocrx_word' id='word_1_254' title='bbox 1477 3158 1576 3227; x_wconf 80' lang='grc' dir='ltr'>τὴν</span> <span class='ocrx_word' id='word_1_255' title='bbox 1605 3157 1795 3226; x_wconf 84' lang='grc' dir='ltr'><strong>φλόγα,</strong></span> 
     </span>
    </p>
   </div>
   <div class='ocr_carea' id='block_1_36' title="bbox 216 3245 1801 3316">
    <p class='ocr_par' dir='ltr' id='par_1_36' title="bbox 216 3245 1801 3316">
     <span class='ocr_line' id='line_1_36' title="bbox 216 3245 1801 3316; baseline 0.001 -18"><span class='ocrx_word' id='word_1_256' title='bbox 216 3245 339 3299; x_wconf 82' lang='grc' dir='ltr'>οὕτε</span> <span class='ocrx_word' id='word_1_257' title='bbox 371 3247 444 3298; x_wconf 82' lang='grc' dir='ltr'><strong>τά</strong></span> <span class='ocrx_word' id='word_1_258' title='bbox 492 3245 1025 3316; x_wconf 83' lang='grc' dir='ltr'>προσπαρακείμενα</span> <span class='ocrx_word' id='word_1_259' title='bbox 1073 3246 1318 3315; x_wconf 82' lang='grc' dir='ltr'>νέμεται,</span> <span class='ocrx_word' id='word_1_260' title='bbox 1349 3247 1472 3300; x_wconf 83' lang='grc' dir='ltr'>οὕτε</span> <span class='ocrx_word' id='word_1_261' title='bbox 1523 3248 1801 3310; x_wconf 82' lang='grc' dir='ltr'>παντελῶς</span> 
     </span>
    </p>
   </div>
   <div class='ocr_carea' id='block_1_37' title="bbox 217 3323 1800 3408">
    <p class='ocr_par' dir='ltr' id='par_1_37' title="bbox 217 3323 1800 3408">
     <span class='ocr_line' id='line_1_37' title="bbox 217 3323 1800 3408; baseline 0.001 -18"><span class='ocrx_word' id='word_1_262' title='bbox 217 3335 688 3402; x_wconf 77' lang='grc' dir='ltr'>κατασϐέννυται,</span> <span class='ocrx_word' id='word_1_263' title='bbox 722 3336 838 3388; x_wconf 82' lang='grc' dir='ltr'>ἀλλ’</span> <span class='ocrx_word' id='word_1_264' title='bbox 870 3337 990 3389; x_wconf 78' lang='grc' dir='ltr'>ἀντὶ</span> <span class='ocrx_word' id='word_1_265' title='bbox 1030 3336 1225 3406; x_wconf 75' lang='grc' dir='ltr'>φλογὸς</span> <span class='ocrx_word' id='word_1_266' title='bbox 1252 3323 1424 3408; x_wconf 76' lang='grc' dir='ltr'>ἀτμός</span> <span class='ocrx_word' id='word_1_267' title='bbox 1451 3356 1532 3402; x_wconf 88' lang='grc' dir='ltr'><strong>τις</strong></span> <span class='ocrx_word' id='word_1_268' title='bbox 1565 3339 1652 3391; x_wconf 76' lang='grc' dir='ltr'><strong>διὰ</strong></span> <span class='ocrx_word' id='word_1_269' title='bbox 1691 3337 1800 3392; x_wconf 85' lang='grc' dir='ltr'><strong>τῶν</strong></span> 
     </span>
    </p>
   </div>
   <div class='ocr_carea' id='block_1_38' title="bbox 217 3425 1802 3496">
    <p class='ocr_par' dir='ltr' id='par_1_38' title="bbox 217 3425 1802 3496">
     <span class='ocr_line' id='line_1_38' title="bbox 217 3425 1802 3496; baseline 0.001 -16"><span class='ocrx_word' id='word_1_270' title='bbox 217 3426 440 3496; x_wconf 74' lang='grc' dir='ltr'>ἀχύρων</span> <span class='ocrx_word' id='word_1_271' title='bbox 462 3427 558 3479; x_wconf 72' lang='grc' dir='ltr'>ἐπὶ</span> <span class='ocrx_word' id='word_1_272' title='bbox 591 3427 682 3478; x_wconf 75' lang='grc' dir='ltr'><strong>τὸν</strong></span> <span class='ocrx_word' id='word_1_273' title='bbox 720 3425 857 3494; x_wconf 85' lang='grc' dir='ltr'>ἀέρα</span> <span class='ocrx_word' id='word_1_274' title='bbox 903 3426 1173 3493; x_wconf 79' lang='grc' dir='ltr'>διέξεισιν,</span> <span class='ocrx_word' id='word_1_275' title='bbox 1220 3429 1268 3480; x_wconf 83' lang='grc' dir='ltr'><strong>εί</strong></span> <span class='ocrx_word' id='word_1_276' title='bbox 1298 3428 1355 3480; x_wconf 86' lang='grc' dir='ltr'><strong>δέ</strong></span> <span class='ocrx_word' id='word_1_277' title='bbox 1399 3446 1544 3492; x_wconf 87' lang='grc' dir='ltr'>τινος</span> <span class='ocrx_word' id='word_1_278' title='bbox 1587 3429 1802 3483; x_wconf 80' lang='grc' dir='ltr'>λάϐοιτο</span> 
     </span>
    </p>
   </div>
   <div class='ocr_carea' id='block_1_39' title="bbox 215 3518 1803 3592">
    <p class='ocr_par' dir='ltr' id='par_1_39' title="bbox 215 3518 1803 3592">
     <span class='ocr_line' id='line_1_39' title="bbox 215 3518 1803 3592; baseline 0.003 -21"><span class='ocrx_word' id='word_1_279' title='bbox 215 3519 503 3589; x_wconf 77' lang='grc' dir='ltr'>διαπνοῆς,</span> <span class='ocrx_word' id='word_1_280' title='bbox 552 3519 724 3590; x_wconf 77' lang='grc' dir='ltr'>φλόγα</span> <span class='ocrx_word' id='word_1_281' title='bbox 776 3518 866 3571; x_wconf 75' lang='grc' dir='ltr'><strong>τὸν</strong></span> <span class='ocrx_word' id='word_1_282' title='bbox 899 3519 1102 3572; x_wconf 75' lang='grc' dir='ltr'>καπνὸν</span> <span class='ocrx_word' id='word_1_283' title='bbox 1149 3521 1557 3592; x_wconf 78' lang='grc' dir='ltr'>ἀπεργάζεται·</span> <span class='ocrx_word' id='word_1_284' title='bbox 1581 3522 1674 3574; x_wconf 80' lang='grc' dir='ltr'><strong>τὸν</strong></span> <span class='ocrx_word' id='word_1_285' title='bbox 1705 3523 1803 3575; x_wconf 87' lang='grc' dir='ltr'><strong>αὐ-</strong></span> 
     </span>
    </p>
   </div>
   <div class='ocr_carea' id='block_1_40' title="bbox 211 3610 1801 3683">
    <p class='ocr_par' dir='ltr' id='par_1_40' title="bbox 211 3610 1801 3683">
     <span class='ocr_line' id='line_1_40' title="bbox 211 3610 1801 3683; baseline 0.001 -18"><span class='ocrx_word' id='word_1_286' title='bbox 211 3612 303 3665; x_wconf 71' lang='grc' dir='ltr'>τὸν</span> <span class='ocrx_word' id='word_1_287' title='bbox 333 3610 548 3681; x_wconf 78' lang='grc' dir='ltr'>τρόπον</span> <span class='ocrx_word' id='word_1_288' title='bbox 593 3612 734 3662; x_wconf 70' lang='grc' dir='ltr'>καὶὸ</span> <span class='ocrx_word' id='word_1_289' title='bbox 763 3610 887 3674; x_wconf 81' lang='grc' dir='ltr'>νοῦς</span> <span class='ocrx_word' id='word_1_290' title='bbox 923 3615 988 3682; x_wconf 84' lang='grc' dir='ltr'>τῇ</span> <span class='ocrx_word' id='word_1_291' title='bbox 1047 3612 1290 3683; x_wconf 78' lang='grc' dir='ltr'>ἀπραξίᾳ</span> <span class='ocrx_word' id='word_1_292' title='bbox 1341 3613 1448 3666; x_wconf 87' lang='grc' dir='ltr'><strong>τῶν</strong></span> <span class='ocrx_word' id='word_1_293' title='bbox 1496 3613 1801 3682; x_wconf 77' lang='grc' dir='ltr'>αἰσθήσεων</span> 
     </span>
    </p>
   </div>
   <div class='ocr_carea' id='block_1_41' title="bbox 218 3701 1798 3774">
    <p class='ocr_par' dir='ltr' id='par_1_41' title="bbox 218 3701 1798 3774">
     <span class='ocr_line' id='line_1_41' title="bbox 218 3701 1798 3774; baseline -0.001 -16"><span class='ocrx_word' id='word_1_294' title='bbox 218 3704 359 3758; x_wconf 86' lang='grc' dir='ltr'><strong>κατά</strong></span> <span class='ocrx_word' id='word_1_295' title='bbox 405 3703 504 3755; x_wconf 76' lang='grc' dir='ltr'>τὸν</span> <span class='ocrx_word' id='word_1_296' title='bbox 538 3701 698 3758; x_wconf 86' lang='grc' dir='ltr'>ὕπνον</span> <span class='ocrx_word' id='word_1_297' title='bbox 749 3704 1148 3774; x_wconf 75' lang='grc' dir='ltr'>συγκαλυφθεὶς</span> <span class='ocrx_word' id='word_1_298' title='bbox 1173 3747 1186 3770; x_wconf 94' lang='grc'><strong>,</strong></span> <span class='ocrx_word' id='word_1_299' title='bbox 1222 3703 1343 3758; x_wconf 87' lang='grc' dir='ltr'>οὕτε</span> <span class='ocrx_word' id='word_1_300' title='bbox 1395 3704 1696 3774; x_wconf 84' lang='grc' dir='ltr'>ἐκλάμπειν</span> <span class='ocrx_word' id='word_1_301' title='bbox 1729 3705 1798 3757; x_wconf 79' lang='grc' dir='ltr'>δι’</span> 
     </span>
    </p>
   </div>
   <div class='ocr_carea' id='block_1_42' title="bbox 216 3794 1799 3866">
    <p class='ocr_par' dir='ltr' id='par_1_42' title="bbox 216 3794 1799 3866">
     <span class='ocr_line' id='line_1_42' title="bbox 216 3794 1799 3866; baseline 0 -18"><span class='ocrx_word' id='word_1_302' title='bbox 216 3796 400 3849; x_wconf 79' lang='grc' dir='ltr'>αὐτῶν</span> <span class='ocrx_word' id='word_1_303' title='bbox 431 3794 679 3857; x_wconf 84' lang='grc' dir='ltr'>δυνατῶς</span> <span class='ocrx_word' id='word_1_304' title='bbox 703 3795 845 3865; x_wconf 74' lang='grc' dir='ltr'>ἔχει,</span> <span class='ocrx_word' id='word_1_305' title='bbox 876 3794 995 3848; x_wconf 84' lang='grc' dir='ltr'>οὕτε</span> <span class='ocrx_word' id='word_1_306' title='bbox 1033 3796 1138 3866; x_wconf 83' lang='grc' dir='ltr'>μὴν</span> <span class='ocrx_word' id='word_1_307' title='bbox 1187 3795 1465 3858; x_wconf 85' lang='grc' dir='ltr'>παντελῶς</span> <span class='ocrx_word' id='word_1_308' title='bbox 1495 3795 1799 3849; x_wconf 81' lang='grc' dir='ltr'>κατασϐέν-</span> 
     </span>
    </p>
   </div>
   <div class='ocr_carea' id='block_1_43' title="bbox 217 3878 1801 3958">
    <p class='ocr_par' dir='ltr' id='par_1_43' title="bbox 217 3878 1801 3958">
     <span class='ocr_line' id='line_1_43' title="bbox 217 3878 1801 3958; baseline 0.001 -21"><span class='ocrx_word' id='word_1_309' title='bbox 217 3901 402 3938; x_wconf 83' lang='grc' dir='ltr'>νυται’</span> <span class='ocrx_word' id='word_1_310' title='bbox 439 3883 558 3936; x_wconf 86' lang='grc' dir='ltr'>ἀλλ’</span> <span class='ocrx_word' id='word_1_311' title='bbox 592 3878 701 3936; x_wconf 79' lang='grc' dir='ltr'>οἷον</span> <span class='ocrx_word' id='word_1_312' title='bbox 728 3883 1056 3947; x_wconf 85' lang='grc' dir='ltr'>καπνοειδῶς</span> <span class='ocrx_word' id='word_1_313' title='bbox 1081 3886 1328 3949; x_wconf 88' lang='grc' dir='ltr'>κινεῖται,</span> <span class='ocrx_word' id='word_1_314' title='bbox 1353 3884 1415 3936; x_wconf 81' lang='grc' dir='ltr'><strong>τὸ</strong></span> <span class='ocrx_word' id='word_1_315' title='bbox 1443 3885 1547 3955; x_wconf 84' lang='grc' dir='ltr'><strong>μέν</strong></span> <span class='ocrx_word' id='word_1_316' title='bbox 1568 3903 1617 3938; x_wconf 87' lang='grc' dir='ltr'><strong>τι</strong></span> <span class='ocrx_word' id='word_1_317' title='bbox 1651 3887 1801 3958; x_wconf 85' lang='grc' dir='ltr'>ἐνερ-</span> 
     </span>
    </p>
   </div>
   <div class='ocr_carea' id='block_1_44' title="bbox 215 3974 1800 4047">
    <p class='ocr_par' dir='ltr' id='par_1_44' title="bbox 215 3974 1800 4047">
     <span class='ocr_line' id='line_1_44' title="bbox 215 3974 1800 4047; baseline 0.002 -21"><span class='ocrx_word' id='word_1_318' title='bbox 215 3975 348 4042; x_wconf 87' lang='grc' dir='ltr'>γῶν,</span> <span class='ocrx_word' id='word_1_319' title='bbox 387 3974 455 4028; x_wconf 82' lang='grc' dir='ltr'><strong>τὸ</strong></span> <span class='ocrx_word' id='word_1_320' title='bbox 494 3974 556 4028; x_wconf 79' lang='grc' dir='ltr'>δὲ</span> <span class='ocrx_word' id='word_1_321' title='bbox 599 3975 660 4027; x_wconf 80' lang='grc' dir='ltr'><strong>οὕ</strong></span> <span class='ocrx_word' id='word_1_322' title='bbox 711 3974 1022 4044; x_wconf 87' lang='grc' dir='ltr'>δυνάμενος.</span> <span class='ocrx_word' id='word_1_323' title='bbox 1060 3977 1171 4028; x_wconf 74' lang='grc' dir='ltr'>Καὶ</span> <span class='ocrx_word' id='word_1_324' title='bbox 1204 3976 1391 4047; x_wconf 84' lang='grc' dir='ltr'>ὥσπερ</span> <span class='ocrx_word' id='word_1_325' title='bbox 1410 3993 1494 4038; x_wconf 87' lang='grc' dir='ltr'><strong>τις</strong></span> <span class='ocrx_word' id='word_1_326' title='bbox 1544 3976 1800 4046; x_wconf 80' lang='grc' dir='ltr'>μουσικὸς</span> 
     </span>
    </p>
   </div>
   <div class='ocr_carea' id='block_1_45' title="bbox 217 4065 1800 4137">
    <p class='ocr_par' dir='ltr' id='par_1_45' title="bbox 217 4065 1800 4137">
     <span class='ocr_line' id='line_1_45' title="bbox 217 4065 1800 4137; baseline 0.001 -18"><span class='ocrx_word' id='word_1_327' title='bbox 217 4065 661 4136; x_wconf 82' lang='grc' dir='ltr'>κεχαλασμέναις</span> <span class='ocrx_word' id='word_1_328' title='bbox 692 4067 812 4128; x_wconf 84' lang='grc' dir='ltr'>ταῖς</span> <span class='ocrx_word' id='word_1_329' title='bbox 861 4065 1079 4136; x_wconf 83' lang='grc' dir='ltr'>χορδαῖς</span> <span class='ocrx_word' id='word_1_330' title='bbox 1121 4065 1220 4134; x_wconf 82' lang='grc' dir='ltr'>τῆς</span> <span class='ocrx_word' id='word_1_331' title='bbox 1253 4065 1420 4137; x_wconf 74' lang='grc' dir='ltr'>λύρας</span> <span class='ocrx_word' id='word_1_332' title='bbox 1457 4065 1709 4137; x_wconf 78' lang='grc' dir='ltr'>ἐμϐαλὼν</span> <span class='ocrx_word' id='word_1_333' title='bbox 1740 4067 1800 4120; x_wconf 78' lang='grc' dir='ltr'><strong>τὸ</strong></span> 
     </span>
    </p>
   </div>
   <div class='ocr_carea' id='block_1_46' title="bbox 217 4155 1799 4229">
    <p class='ocr_par' dir='ltr' id='par_1_46' title="bbox 217 4155 1799 4229">
     <span class='ocr_line' id='line_1_46' title="bbox 217 4155 1799 4229; baseline 0.004 -23"><span class='ocrx_word' id='word_1_334' title='bbox 217 4157 520 4226; x_wconf 80' lang='grc' dir='ltr'>πλῆκτρον,</span> <span class='ocrx_word' id='word_1_335' title='bbox 551 4156 612 4209; x_wconf 78' lang='grc' dir='ltr'><strong>οὐ</strong></span> <span class='ocrx_word' id='word_1_336' title='bbox 642 4155 782 4209; x_wconf 89' lang='grc' dir='ltr'><strong>κατά</strong></span> <span class='ocrx_word' id='word_1_337' title='bbox 812 4156 1015 4226; x_wconf 80' lang='grc' dir='ltr'>ῥυθμὸν</span> <span class='ocrx_word' id='word_1_338' title='bbox 1046 4156 1276 4226; x_wconf 79' lang='grc' dir='ltr'>προάγει</span> <span class='ocrx_word' id='word_1_339' title='bbox 1301 4158 1362 4210; x_wconf 85' lang='grc' dir='ltr'><strong>τὸ</strong></span> <span class='ocrx_word' id='word_1_340' title='bbox 1388 4158 1570 4223; x_wconf 61' lang='grc' dir='ltr'>μέλοςὲ</span> <span class='ocrx_word' id='word_1_341' title='bbox 1601 4159 1660 4211; x_wconf 83' lang='grc' dir='ltr'>οὐ</span> <span class='ocrx_word' id='word_1_342' title='bbox 1691 4157 1799 4229; x_wconf 76' lang='grc' dir='ltr'><strong>γάρ</strong></span> 
     </span>
    </p>
   </div>
   <div class='ocr_carea' id='block_1_47' title="bbox 215 4245 1799 4318">
    <p class='ocr_par' dir='ltr' id='par_1_47' title="bbox 215 4245 1799 4318">
     <span class='ocr_line' id='line_1_47' title="bbox 215 4245 1799 4318; baseline 0.003 -20"><span class='ocrx_word' id='word_1_343' title='bbox 215 4245 282 4299; x_wconf 76' lang='grc' dir='ltr'>ἂν</span> <span class='ocrx_word' id='word_1_344' title='bbox 312 4246 378 4298; x_wconf 81' lang='grc' dir='ltr'>τὸ</span> <span class='ocrx_word' id='word_1_345' title='bbox 431 4247 508 4317; x_wconf 79' lang='grc' dir='ltr'>μὴ</span> <span class='ocrx_word' id='word_1_346' title='bbox 567 4246 959 4316; x_wconf 79' lang='grc' dir='ltr'>συντεταμένον</span> <span class='ocrx_word' id='word_1_347' title='bbox 988 4247 1238 4317; x_wconf 74' lang='grc' dir='ltr'>ὴχήσειεν</span> <span class='ocrx_word' id='word_1_348' title='bbox 1271 4263 1284 4277; x_wconf 73' lang='grc'><strong><em>⁸</em></strong></span> <span class='ocrx_word' id='word_1_349' title='bbox 1323 4247 1486 4318; x_wconf 79' lang='grc' dir='ltr'>ἀλλ’ἢ</span> <span class='ocrx_word' id='word_1_350' title='bbox 1533 4247 1630 4317; x_wconf 86' lang='grc' dir='ltr'>μὲν</span> <span class='ocrx_word' id='word_1_351' title='bbox 1680 4250 1799 4318; x_wconf 73' lang='grc' dir='ltr'>χεὶρ</span> 
     </span>
    </p>
   </div>
   <div class='ocr_carea' id='block_1_48' title="bbox 217 4336 1799 4410">
    <p class='ocr_par' dir='ltr' id='par_1_48' title="bbox 217 4336 1799 4410">
     <span class='ocr_line' id='line_1_48' title="bbox 217 4336 1799 4410; baseline 0.003 -20"><span class='ocrx_word' id='word_1_352' title='bbox 217 4337 484 4408; x_wconf 83' lang='grc' dir='ltr'>τεχνικῶς</span> <span class='ocrx_word' id='word_1_353' title='bbox 529 4336 789 4400; x_wconf 82' lang='grc' dir='ltr'>πολλάκις</span> <span class='ocrx_word' id='word_1_354' title='bbox 819 4339 1066 4400; x_wconf 87' lang='grc' dir='ltr'>κινεῖται,</span> <span class='ocrx_word' id='word_1_355' title='bbox 1105 4338 1242 4408; x_wconf 76' lang='grc' dir='ltr'>πρὸς</span> <span class='ocrx_word' id='word_1_356' title='bbox 1265 4337 1362 4409; x_wconf 82' lang='grc' dir='ltr'>τὴν</span> <span class='ocrx_word' id='word_1_357' title='bbox 1390 4339 1619 4410; x_wconf 81' lang='grc' dir='ltr'>τοπικὴν</span> <span class='ocrx_word' id='word_1_358' title='bbox 1651 4340 1799 4394; x_wconf 88' lang='grc' dir='ltr'>Θέσιν</span> 
     </span>
    </p>
   </div>
   <div class='ocr_carea' id='block_1_49' title="bbox 1905 506 3474 580">
    <p class='ocr_par' dir='ltr' id='par_1_49' title="bbox 1905 506 3474 580">
     <span class='ocr_line' id='line_1_49' title="bbox 1905 506 3474 580; baseline -0.003 -16"><span class='ocrx_word' id='word_1_359' title='bbox 1905 511 2149 566; x_wconf 86' lang='lat' dir='ltr'><strong>membra</strong></span> <span class='ocrx_word' id='word_1_360' title='bbox 2191 509 2409 580; x_wconf 85' lang='lat' dir='ltr'><strong>singula</strong></span> <span class='ocrx_word' id='word_1_361' title='bbox 2456 507 2715 578; x_wconf 86' lang='lat' dir='ltr'><strong>quiddam</strong></span> <span class='ocrx_word' id='word_1_362' title='bbox 2763 507 3115 576; x_wconf 74' lang='lat' dir='ltr'><strong>peculiariter</strong></span> <span class='ocrx_word' id='word_1_363' title='bbox 3155 522 3254 576; x_wconf 89' lang='lat' dir='ltr'><strong>pro</strong></span> <span class='ocrx_word' id='word_1_364' title='bbox 3303 506 3474 560; x_wconf 87' lang='lat' dir='ltr'><strong>indita</strong></span> 
     </span>
    </p>
   </div>
   <div class='ocr_carea' id='block_1_50' title="bbox 1905 600 3475 674">
    <p class='ocr_par' dir='ltr' id='par_1_50' title="bbox 1905 600 3475 674">
     <span class='ocr_line' id='line_1_50' title="bbox 1905 600 3475 674; baseline -0.003 -17"><span class='ocrx_word' id='word_1_365' title='bbox 1905 603 2044 674; x_wconf 85' lang='lat' dir='ltr'><strong>ipsis</strong></span> <span class='ocrx_word' id='word_1_366' title='bbox 2065 618 2096 657; x_wconf 87' lang='lat' dir='ltr'><strong>a</strong></span> <span class='ocrx_word' id='word_1_367' title='bbox 2120 609 2316 657; x_wconf 90' lang='lat' dir='ltr'><strong>natura</strong></span> <span class='ocrx_word' id='word_1_368' title='bbox 2345 601 2602 656; x_wconf 76' lang='lat' dir='ltr'><strong>facultate</strong></span> <span class='ocrx_word' id='word_1_369' title='bbox 2628 608 2826 671; x_wconf 82' lang='lat' dir='ltr'><strong>agant:</strong></span> <span class='ocrx_word' id='word_1_370' title='bbox 2860 607 3042 655; x_wconf 88' lang='lat' dir='ltr'><strong>tamen</strong></span> <span class='ocrx_word' id='word_1_371' title='bbox 3066 600 3246 670; x_wconf 84' lang='lat' dir='ltr'><strong>aliqua</strong></span> <span class='ocrx_word' id='word_1_372' title='bbox 3276 600 3475 656; x_wconf 78' lang='lat' dir='ltr'><strong>existat</strong></span> 
     </span>
    </p>
   </div>
   <div class='ocr_carea' id='block_1_51' title="bbox 1905 691 3470 768">
    <p class='ocr_par' dir='ltr' id='par_1_51' title="bbox 1905 691 3470 768">
     <span class='ocr_line' id='line_1_51' title="bbox 1905 691 3470 768; baseline -0.003 -20"><span class='ocrx_word' id='word_1_373' title='bbox 1905 695 2077 764; x_wconf 90' lang='lat' dir='ltr'><strong>partis</strong></span> <span class='ocrx_word' id='word_1_374' title='bbox 2115 694 2469 768; x_wconf 72' lang='lat' dir='ltr'><strong>quiescentis,</strong></span> <span class='ocrx_word' id='word_1_375' title='bbox 2508 691 2576 746; x_wconf 89' lang='lat' dir='ltr'><strong>ad</strong></span> <span class='ocrx_word' id='word_1_376' title='bbox 2611 706 2728 747; x_wconf 84' lang='lat' dir='ltr'><strong>eam</strong></span> <span class='ocrx_word' id='word_1_377' title='bbox 2766 706 2888 761; x_wconf 82' lang='lat' dir='ltr'><strong>quae</strong></span> <span class='ocrx_word' id='word_1_378' title='bbox 2914 699 3182 759; x_wconf 79' lang='lat' dir='ltr'><strong>movetur,</strong></span> <span class='ocrx_word' id='word_1_379' title='bbox 3219 691 3470 747; x_wconf 75' lang='lat' dir='ltr'><strong>aﬂ&#39;eclio:</strong></span> 
     </span>
    </p>
   </div>
   <div class='ocr_carea' id='block_1_52' title="bbox 1906 783 3476 847">
    <p class='ocr_par' dir='ltr' id='par_1_52' title="bbox 1906 783 3476 847">
     <span class='ocr_line' id='line_1_52' title="bbox 1906 783 3476 847; baseline -0.004 -6"><span class='ocrx_word' id='word_1_380' title='bbox 1906 787 2092 842; x_wconf 86' lang='lat' dir='ltr'><strong>eadem</strong></span> <span class='ocrx_word' id='word_1_381' title='bbox 2142 786 2352 840; x_wconf 75' lang='lat' dir='ltr'><strong>ratione</strong></span> <span class='ocrx_word' id='word_1_382' title='bbox 2404 786 2460 838; x_wconf 92' lang='lat' dir='ltr'><strong>in</strong></span> <span class='ocrx_word' id='word_1_383' title='bbox 2493 784 2679 838; x_wconf 89' lang='lat' dir='ltr'><strong>animo</strong></span> <span class='ocrx_word' id='word_1_384' title='bbox 2715 783 2876 838; x_wconf 91' lang='lat' dir='ltr'><strong>etiam</strong></span> <span class='ocrx_word' id='word_1_385' title='bbox 2925 783 3201 847; x_wconf 89' lang='lat' dir='ltr'><strong>usuvenit,</strong></span> <span class='ocrx_word' id='word_1_386' title='bbox 3252 790 3307 836; x_wconf 88' lang='lat' dir='ltr'><strong>ut</strong></span> <span class='ocrx_word' id='word_1_387' title='bbox 3348 783 3476 838; x_wconf 90' lang='lat' dir='ltr'><strong>licet</strong></span> 
     </span>
    </p>
   </div>
   <div class='ocr_carea' id='block_1_53' title="bbox 1905 874 3475 947">
    <p class='ocr_par' dir='ltr' id='par_1_53' title="bbox 1905 874 3475 947">
     <span class='ocr_line' id='line_1_53' title="bbox 1905 874 3475 947; baseline -0.003 -17"><span class='ocrx_word' id='word_1_388' title='bbox 1905 892 2033 947; x_wconf 90' lang='lat' dir='ltr'><strong>pars</strong></span> <span class='ocrx_word' id='word_1_389' title='bbox 2059 878 2178 946; x_wconf 90' lang='lat' dir='ltr'><strong>ejus</strong></span> <span class='ocrx_word' id='word_1_390' title='bbox 2204 877 2316 931; x_wconf 85' lang='lat' dir='ltr'><strong>haec</strong></span> <span class='ocrx_word' id='word_1_391' title='bbox 2347 876 2616 946; x_wconf 77' lang='lat' dir='ltr'><strong>quiescat,</strong></span> <span class='ocrx_word' id='word_1_392' title='bbox 2653 875 2823 930; x_wconf 88' lang='lat' dir='ltr'><strong>altera</strong></span> <span class='ocrx_word' id='word_1_393' title='bbox 2855 882 3168 929; x_wconf 75' lang='lat' dir='ltr'><strong>moveatur:</strong></span> <span class='ocrx_word' id='word_1_394' title='bbox 3204 874 3370 929; x_wconf 86' lang='lat' dir='ltr'><strong>totius</strong></span> <span class='ocrx_word' id='word_1_395' title='bbox 3395 883 3475 926; x_wconf 91' lang='lat' dir='ltr'><strong>ta-</strong></span> 
     </span>
    </p>
   </div>
   <div class='ocr_carea' id='block_1_54' title="bbox 1905 966 3476 1037">
    <p class='ocr_par' dir='ltr' id='par_1_54' title="bbox 1905 966 3476 1037">
     <span class='ocr_line' id='line_1_54' title="bbox 1905 966 3476 1037; baseline -0.001 -17"><span class='ocrx_word' id='word_1_396' title='bbox 1905 983 2027 1022; x_wconf 89' lang='lat' dir='ltr'><strong>men</strong></span> <span class='ocrx_word' id='word_1_397' title='bbox 2077 967 2144 1021; x_wconf 91' lang='lat' dir='ltr'><strong>ad</strong></span> <span class='ocrx_word' id='word_1_398' title='bbox 2183 976 2390 1037; x_wconf 88' lang='lat' dir='ltr'><strong>partem</strong></span> <span class='ocrx_word' id='word_1_399' title='bbox 2432 967 2646 1023; x_wconf 73' lang='lat' dir='ltr'><strong>affectio</strong></span> <span class='ocrx_word' id='word_1_400' title='bbox 2695 967 2940 1037; x_wconf 76' lang='lat' dir='ltr'><strong>qttzedam</strong></span> <span class='ocrx_word' id='word_1_401' title='bbox 2988 975 3223 1022; x_wconf 87' lang='lat' dir='ltr'><strong>maneat.</strong></span> <span class='ocrx_word' id='word_1_402' title='bbox 3263 966 3476 1036; x_wconf 85' lang='lat' dir='ltr'><strong>Nequa-</strong></span> 
     </span>
    </p>
   </div>
   <div class='ocr_carea' id='block_1_55' title="bbox 1904 1057 3477 1128">
    <p class='ocr_par' dir='ltr' id='par_1_55' title="bbox 1904 1057 3477 1128">
     <span class='ocr_line' id='line_1_55' title="bbox 1904 1057 3477 1128; baseline 0.001 -17"><span class='ocrx_word' id='word_1_403' title='bbox 1904 1072 2070 1126; x_wconf 89' lang='lat' dir='ltr'><strong>quam</strong></span> <span class='ocrx_word' id='word_1_404' title='bbox 2104 1059 2249 1112; x_wconf 89' lang='lat' dir='ltr'><strong>enim</strong></span> <span class='ocrx_word' id='word_1_405' title='bbox 2285 1060 2399 1112; x_wconf 87' lang='lat' dir='ltr'><strong>fieri</strong></span> <span class='ocrx_word' id='word_1_406' title='bbox 2432 1067 2628 1128; x_wconf 89' lang='lat' dir='ltr'><strong>potest,</strong></span> <span class='ocrx_word' id='word_1_407' title='bbox 2667 1066 2723 1111; x_wconf 92' lang='lat' dir='ltr'><strong>ut</strong></span> <span class='ocrx_word' id='word_1_408' title='bbox 2755 1057 3021 1113; x_wconf 81' lang='lat' dir='ltr'><strong>naturalis</strong></span> <span class='ocrx_word' id='word_1_409' title='bbox 3047 1058 3221 1113; x_wconf 92' lang='lat' dir='ltr'><strong>unitio</strong></span> <span class='ocrx_word' id='word_1_410' title='bbox 3251 1072 3477 1126; x_wconf 86' lang='lat' dir='ltr'><strong>prorsus</strong></span> 
     </span>
    </p>
   </div>
   <div class='ocr_carea' id='block_1_56' title="bbox 1905 1148 3476 1219">
    <p class='ocr_par' dir='ltr' id='par_1_56' title="bbox 1905 1148 3476 1219">
     <span class='ocr_line' id='line_1_56' title="bbox 1905 1148 3476 1219; baseline 0.001 -17"><span class='ocrx_word' id='word_1_411' title='bbox 1905 1148 2257 1213; x_wconf 83' lang='lat' dir='ltr'><strong>dissolvatur,</strong></span> <span class='ocrx_word' id='word_1_412' title='bbox 2298 1150 2512 1206; x_wconf 90' lang='lat' dir='ltr'><strong>etiamsi</strong></span> <span class='ocrx_word' id='word_1_413' title='bbox 2552 1150 2799 1219; x_wconf 82' lang='lat' dir='ltr'><strong>quaedam</strong></span> <span class='ocrx_word' id='word_1_414' title='bbox 2841 1150 2893 1203; x_wconf 91' lang='lat' dir='ltr'><strong>in</strong></span> <span class='ocrx_word' id='word_1_415' title='bbox 2925 1149 3084 1205; x_wconf 86' lang='lat' dir='ltr'><strong>nobis</strong></span> <span class='ocrx_word' id='word_1_416' title='bbox 3115 1149 3347 1205; x_wconf 86' lang='lat' dir='ltr'><strong>facultas</strong></span> <span class='ocrx_word' id='word_1_417' title='bbox 3374 1149 3476 1204; x_wconf 88' lang='lat' dir='ltr'><strong>ali-</strong></span> 
     </span>
    </p>
   </div>
   <div class='ocr_carea' id='block_1_57' title="bbox 1905 1240 3472 1310">
    <p class='ocr_par' dir='ltr' id='par_1_57' title="bbox 1905 1240 3472 1310">
     <span class='ocr_line' id='line_1_57' title="bbox 1905 1240 3472 1310; baseline 0.002 -18"><span class='ocrx_word' id='word_1_418' title='bbox 1905 1241 2124 1309; x_wconf 89' lang='lat' dir='ltr'><strong>quando</strong></span> <span class='ocrx_word' id='word_1_419' title='bbox 2162 1240 2375 1296; x_wconf 65' lang='lat' dir='ltr'><strong>creteris</strong></span> <span class='ocrx_word' id='word_1_420' title='bbox 2423 1241 2616 1310; x_wconf 86' lang='lat' dir='ltr'><strong>agendi</strong></span> <span class='ocrx_word' id='word_1_421' title='bbox 2665 1242 2717 1295; x_wconf 89' lang='lat' dir='ltr'><strong>vi</strong></span> <span class='ocrx_word' id='word_1_422' title='bbox 2768 1251 2822 1297; x_wconf 89' lang='lat' dir='ltr'><strong>et</strong></span> <span class='ocrx_word' id='word_1_423' title='bbox 2859 1240 3178 1298; x_wconf 76' lang='lat' dir='ltr'><strong>elﬁcacitate</strong></span> <span class='ocrx_word' id='word_1_424' title='bbox 3232 1250 3472 1310; x_wconf 79' lang='lat' dir='ltr'><strong>praestet.</strong></span> 
     </span>
    </p>
   </div>
   <div class='ocr_carea' id='block_1_58' title="bbox 1905 1331 3476 1403">
    <p class='ocr_par' dir='ltr' id='par_1_58' title="bbox 1905 1331 3476 1403">
     <span class='ocr_line' id='line_1_58' title="bbox 1905 1331 3476 1403; baseline 0.001 -19"><span class='ocrx_word' id='word_1_425' title='bbox 1905 1331 2195 1385; x_wconf 88' lang='lat' dir='ltr'><strong>Enimvero</strong></span> <span class='ocrx_word' id='word_1_426' title='bbox 2239 1339 2300 1386; x_wconf 91' lang='lat' dir='ltr'><strong>ut</strong></span> <span class='ocrx_word' id='word_1_427' title='bbox 2348 1333 2507 1387; x_wconf 91' lang='lat' dir='ltr'><strong>nobis</strong></span> <span class='ocrx_word' id='word_1_428' title='bbox 2549 1332 2904 1402; x_wconf 82' lang='lat' dir='ltr'><strong>vigilantibus</strong></span> <span class='ocrx_word' id='word_1_429' title='bbox 2950 1341 3004 1389; x_wconf 86' lang='lat' dir='ltr'><strong>et</strong></span> <span class='ocrx_word' id='word_1_430' title='bbox 3053 1332 3261 1403; x_wconf 78' lang='lat' dir='ltr'><strong>agendo</strong></span> <span class='ocrx_word' id='word_1_431' title='bbox 3311 1347 3476 1386; x_wconf 86' lang='lat' dir='ltr'><strong>occu-</strong></span> 
     </span>
    </p>
   </div>
   <div class='ocr_carea' id='block_1_59' title="bbox 1905 1421 3473 1494">
    <p class='ocr_par' dir='ltr' id='par_1_59' title="bbox 1905 1421 3473 1494">
     <span class='ocr_line' id='line_1_59' title="bbox 1905 1421 3473 1494; baseline 0.003 -21"><span class='ocrx_word' id='word_1_432' title='bbox 1905 1421 2048 1490; x_wconf 86' lang='lat' dir='ltr'><strong>patis</strong></span> <span class='ocrx_word' id='word_1_433' title='bbox 2079 1423 2353 1491; x_wconf 77' lang='lat' dir='ltr'><strong>przecipua</strong></span> <span class='ocrx_word' id='word_1_434' title='bbox 2383 1425 2583 1479; x_wconf 91' lang='lat' dir='ltr'><strong>mentis</strong></span> <span class='ocrx_word' id='word_1_435' title='bbox 2607 1435 2686 1479; x_wconf 88' lang='lat' dir='ltr'><strong>est</strong></span> <span class='ocrx_word' id='word_1_436' title='bbox 2718 1433 2982 1494; x_wconf 85' lang='lat' dir='ltr'><strong>potestas,</strong></span> <span class='ocrx_word' id='word_1_437' title='bbox 3013 1426 3265 1481; x_wconf 88' lang='lat' dir='ltr'><strong>minister</strong></span> <span class='ocrx_word' id='word_1_438' title='bbox 3289 1435 3473 1480; x_wconf 89' lang='lat' dir='ltr'><strong>autem</strong></span> 
     </span>
    </p>
   </div>
   <div class='ocr_carea' id='block_1_60' title="bbox 1906 1514 3477 1586">
    <p class='ocr_par' dir='ltr' id='par_1_60' title="bbox 1906 1514 3477 1586">
     <span class='ocr_line' id='line_1_60' title="bbox 1906 1514 3477 1586; baseline 0.004 -22"><span class='ocrx_word' id='word_1_439' title='bbox 1906 1514 2105 1567; x_wconf 89' lang='lat' dir='ltr'><strong>mentis</strong></span> <span class='ocrx_word' id='word_1_440' title='bbox 2133 1521 2217 1566; x_wconf 88' lang='lat' dir='ltr'><strong>est</strong></span> <span class='ocrx_word' id='word_1_441' title='bbox 2257 1528 2486 1568; x_wconf 89' lang='lat' dir='ltr'><strong>sensus:</strong></span> <span class='ocrx_word' id='word_1_442' title='bbox 2533 1531 2710 1584; x_wconf 88' lang='lat' dir='ltr'><strong>neque</strong></span> <span class='ocrx_word' id='word_1_443' title='bbox 2735 1515 2971 1571; x_wconf 80' lang='lat' dir='ltr'><strong>facultas</strong></span> <span class='ocrx_word' id='word_1_444' title='bbox 3003 1532 3123 1586; x_wconf 75' lang='lat' dir='ltr'><strong>qua:</strong></span> <span class='ocrx_word' id='word_1_445' title='bbox 3143 1531 3345 1586; x_wconf 88' lang='lat' dir='ltr'><strong>corpus</strong></span> <span class='ocrx_word' id='word_1_446' title='bbox 3374 1532 3477 1570; x_wconf 88' lang='lat' dir='ltr'><strong>nu-</strong></span> 
     </span>
    </p>
   </div>
   <div class='ocr_carea' id='block_1_61' title="bbox 1904 1603 3476 1678">
    <p class='ocr_par' dir='ltr' id='par_1_61' title="bbox 1904 1603 3476 1678">
     <span class='ocr_line' id='line_1_61' title="bbox 1904 1603 3476 1678; baseline 0.006 -24"><span class='ocrx_word' id='word_1_447' title='bbox 1904 1603 2020 1665; x_wconf 84' lang='lat' dir='ltr'><strong>trit,</strong></span> <span class='ocrx_word' id='word_1_448' title='bbox 2059 1603 2386 1658; x_wconf 84' lang='lat' dir='ltr'><strong>excluditur.</strong></span> <span class='ocrx_word' id='word_1_449' title='bbox 2412 1605 2562 1661; x_wconf 83' lang='lat' dir='ltr'><strong>Mens</strong></span> <span class='ocrx_word' id='word_1_450' title='bbox 2589 1607 2731 1660; x_wconf 90' lang='lat' dir='ltr'><strong>enim</strong></span> <span class='ocrx_word' id='word_1_451' title='bbox 2763 1607 3028 1662; x_wconf 88' lang='lat' dir='ltr'><strong>rationem</strong></span> <span class='ocrx_word' id='word_1_452' title='bbox 3064 1609 3344 1678; x_wconf 87' lang='lat' dir='ltr'><strong>apiscendi</strong></span> <span class='ocrx_word' id='word_1_453' title='bbox 3379 1623 3476 1663; x_wconf 85' lang='lat' dir='ltr'><strong>ue-</strong></span> 
     </span>
    </p>
   </div>
   <div class='ocr_carea' id='block_1_62' title="bbox 1907 1694 3476 1770">
    <p class='ocr_par' dir='ltr' id='par_1_62' title="bbox 1907 1694 3476 1770">
     <span class='ocr_line' id='line_1_62' title="bbox 1907 1694 3476 1770; baseline 0.003 -22"><span class='ocrx_word' id='word_1_454' title='bbox 1907 1694 2130 1748; x_wconf 89' lang='lat' dir='ltr'><strong>cessarii</strong></span> <span class='ocrx_word' id='word_1_455' title='bbox 2177 1695 2416 1750; x_wconf 89' lang='lat' dir='ltr'><strong>alimenti</strong></span> <span class='ocrx_word' id='word_1_456' title='bbox 2444 1697 2702 1761; x_wconf 86' lang='lat' dir='ltr'><strong>ostendit,</strong></span> <span class='ocrx_word' id='word_1_457' title='bbox 2740 1713 2936 1753; x_wconf 83' lang='lat' dir='ltr'><strong>sensus</strong></span> <span class='ocrx_word' id='word_1_458' title='bbox 2966 1699 3112 1768; x_wconf 86' lang='lat' dir='ltr'><strong>quod</strong></span> <span class='ocrx_word' id='word_1_459' title='bbox 3151 1707 3236 1755; x_wconf 88' lang='lat' dir='ltr'><strong>est</strong></span> <span class='ocrx_word' id='word_1_460' title='bbox 3257 1714 3476 1770; x_wconf 88' lang='lat' dir='ltr'><strong>compa-</strong></span> 
     </span>
    </p>
   </div>
   <div class='ocr_carea' id='block_1_63' title="bbox 1910 1785 3475 1858">
    <p class='ocr_par' dir='ltr' id='par_1_63' title="bbox 1910 1785 3475 1858">
     <span class='ocr_line' id='line_1_63' title="bbox 1910 1785 3475 1858; baseline 0.004 -19"><span class='ocrx_word' id='word_1_461' title='bbox 1910 1787 2084 1839; x_wconf 89' lang='lat' dir='ltr'><strong>ra&#39;tum</strong></span> <span class='ocrx_word' id='word_1_462' title='bbox 2115 1785 2331 1854; x_wconf 87' lang='lat' dir='ltr'><strong>recipit,</strong></span> <span class='ocrx_word' id='word_1_463' title='bbox 2381 1785 2612 1842; x_wconf 88' lang='lat' dir='ltr'><strong>facultas</strong></span> <span class='ocrx_word' id='word_1_464' title='bbox 2645 1787 2880 1858; x_wconf 87' lang='lat' dir='ltr'><strong>denique</strong></span> <span class='ocrx_word' id='word_1_465' title='bbox 2917 1790 3168 1846; x_wconf 88' lang='lat' dir='ltr'><strong>nutriens</strong></span> <span class='ocrx_word' id='word_1_466' title='bbox 3215 1806 3372 1846; x_wconf 91' lang='lat' dir='ltr'><strong>suum</strong></span> <span class='ocrx_word' id='word_1_467' title='bbox 3419 1792 3475 1845; x_wconf 91' lang='lat' dir='ltr'><strong>in</strong></span> 
     </span>
    </p>
   </div>
   <div class='ocr_carea' id='block_1_64' title="bbox 1907 1876 3478 1951">
    <p class='ocr_par' dir='ltr' id='par_1_64' title="bbox 1907 1876 3478 1951">
     <span class='ocr_line' id='line_1_64' title="bbox 1907 1876 3478 1951; baseline 0.006 -23"><span class='ocrx_word' id='word_1_468' title='bbox 1907 1891 2066 1929; x_wconf 88' lang='lat' dir='ltr'><strong>usum</strong></span> <span class='ocrx_word' id='word_1_469' title='bbox 2111 1878 2292 1932; x_wconf 90' lang='lat' dir='ltr'><strong>vertit.</strong></span> <span class='ocrx_word' id='word_1_470' title='bbox 2332 1876 2421 1932; x_wconf 89' lang='lat' dir='ltr'><strong>Sic</strong></span> <span class='ocrx_word' id='word_1_471' title='bbox 2453 1894 2548 1949; x_wconf 91' lang='lat' dir='ltr'><strong>per</strong></span> <span class='ocrx_word' id='word_1_472' title='bbox 2582 1894 2835 1934; x_wconf 88' lang='lat' dir='ltr'><strong>somnum</strong></span> <span class='ocrx_word' id='word_1_473' title='bbox 2884 1882 3226 1951; x_wconf 88' lang='lat' dir='ltr'><strong>principatus</strong></span> <span class='ocrx_word' id='word_1_474' title='bbox 3255 1881 3478 1937; x_wconf 85' lang='lat' dir='ltr'><strong>faculta-</strong></span> 
     </span>
    </p>
   </div>
   <div class='ocr_carea' id='block_1_65' title="bbox 1906 1963 3474 2038">
    <p class='ocr_par' dir='ltr' id='par_1_65' title="bbox 1906 1963 3474 2038">
     <span class='ocr_line' id='line_1_65' title="bbox 1906 1963 3474 2038; baseline 0.008 -24"><span class='ocrx_word' id='word_1_475' title='bbox 1906 1970 2022 2015; x_wconf 90' lang='lat' dir='ltr'><strong>tum</strong></span> <span class='ocrx_word' id='word_1_476' title='bbox 2051 1963 2103 2016; x_wconf 92' lang='lat' dir='ltr'><strong>in</strong></span> <span class='ocrx_word' id='word_1_477' title='bbox 2138 1965 2296 2020; x_wconf 90' lang='lat' dir='ltr'><strong>nobis</strong></span> <span class='ocrx_word' id='word_1_478' title='bbox 2321 1966 2557 2036; x_wconf 89' lang='lat' dir='ltr'><strong>quodam</strong></span> <span class='ocrx_word' id='word_1_479' title='bbox 2586 1969 2746 2023; x_wconf 86' lang='lat' dir='ltr'><strong>modo</strong></span> <span class='ocrx_word' id='word_1_480' title='bbox 2786 1980 3146 2038; x_wconf 89' lang='lat' dir='ltr'><strong>permutatur.</strong></span> <span class='ocrx_word' id='word_1_481' title='bbox 3181 1971 3315 2025; x_wconf 88' lang='lat' dir='ltr'><strong>Nam</strong></span> <span class='ocrx_word' id='word_1_482' title='bbox 3348 1987 3474 2027; x_wconf 87' lang='lat' dir='ltr'><strong>eum</strong></span> 
     </span>
    </p>
   </div>
   <div class='ocr_carea' id='block_1_66' title="bbox 1907 2057 3474 2129">
    <p class='ocr_par' dir='ltr' id='par_1_66' title="bbox 1907 2057 3474 2129">
     <span class='ocr_line' id='line_1_66' title="bbox 1907 2057 3474 2129; baseline 0.006 -23"><span class='ocrx_word' id='word_1_483' title='bbox 1907 2066 2074 2121; x_wconf 89' lang='lat' dir='ltr'><strong>penes</strong></span> <span class='ocrx_word' id='word_1_484' title='bbox 2128 2061 2336 2122; x_wconf 87' lang='lat' dir='ltr'><strong>partem</strong></span> <span class='ocrx_word' id='word_1_485' title='bbox 2383 2057 2594 2111; x_wconf 87' lang='lat' dir='ltr'><strong>ratione</strong></span> <span class='ocrx_word' id='word_1_486' title='bbox 2629 2072 2739 2111; x_wconf 91' lang='lat' dir='ltr'><strong>non</strong></span> <span class='ocrx_word' id='word_1_487' title='bbox 2790 2066 3033 2114; x_wconf 89' lang='lat' dir='ltr'><strong>utentem</strong></span> <span class='ocrx_word' id='word_1_488' title='bbox 3089 2068 3330 2129; x_wconf 84' lang='lat' dir='ltr'><strong>potestas</strong></span> <span class='ocrx_word' id='word_1_489' title='bbox 3381 2065 3474 2125; x_wconf 90' lang='lat' dir='ltr'><strong>sit,</strong></span> 
     </span>
    </p>
   </div>
   <div class='ocr_carea' id='block_1_67' title="bbox 1907 2140 3480 2218">
    <p class='ocr_par' dir='ltr' id='par_1_67' title="bbox 1907 2140 3480 2218">
     <span class='ocr_line' id='line_1_67' title="bbox 1907 2140 3480 2218; baseline 0.008 -23"><span class='ocrx_word' id='word_1_490' title='bbox 1907 2140 2227 2198; x_wconf 90' lang='lat' dir='ltr'><strong>facultatum</strong></span> <span class='ocrx_word' id='word_1_491' title='bbox 2269 2146 2477 2201; x_wconf 85' lang='lat' dir='ltr'><strong>scilicet</strong></span> <span class='ocrx_word' id='word_1_492' title='bbox 2506 2147 2675 2201; x_wconf 91' lang='lat' dir='ltr'><strong>animi</strong></span> <span class='ocrx_word' id='word_1_493' title='bbox 2708 2149 3042 2218; x_wconf 90' lang='lat' dir='ltr'><strong>reliquarum</strong></span> <span class='ocrx_word' id='word_1_494' title='bbox 3082 2152 3327 2208; x_wconf 86' lang='lat' dir='ltr'><strong>actiones</strong></span> <span class='ocrx_word' id='word_1_495' title='bbox 3358 2168 3480 2210; x_wconf 89' lang='lat' dir='ltr'><strong>ces-</strong></span> 
     </span>
    </p>
   </div>
   <div class='ocr_carea' id='block_1_68' title="bbox 1906 2236 3482 2313">
    <p class='ocr_par' dir='ltr' id='par_1_68' title="bbox 1906 2236 3482 2313">
     <span class='ocr_line' id='line_1_68' title="bbox 1906 2236 3482 2313; baseline 0.006 -25"><span class='ocrx_word' id='word_1_496' title='bbox 1906 2242 2031 2288; x_wconf 87' lang='lat' dir='ltr'><strong>sant</strong></span> <span class='ocrx_word' id='word_1_497' title='bbox 2079 2236 2318 2306; x_wconf 89' lang='lat' dir='ltr'><strong>quidem,</strong></span> <span class='ocrx_word' id='word_1_498' title='bbox 2369 2246 2424 2292; x_wconf 90' lang='lat' dir='ltr'><strong>at</strong></span> <span class='ocrx_word' id='word_1_499' title='bbox 2476 2254 2586 2293; x_wconf 90' lang='lat' dir='ltr'><strong>non</strong></span> <span class='ocrx_word' id='word_1_500' title='bbox 2637 2253 2863 2308; x_wconf 83' lang='lat' dir='ltr'><strong>prorsus</strong></span> <span class='ocrx_word' id='word_1_501' title='bbox 2911 2243 3359 2313; x_wconf 81' lang='lat' dir='ltr'><strong>exstinguuntur.</strong></span> <span class='ocrx_word' id='word_1_502' title='bbox 3415 2244 3482 2298; x_wconf 87' lang='lat' dir='ltr'><strong>Et</strong></span> 
     </span>
    </p>
   </div>
   <div class='ocr_carea' id='block_1_69' title="bbox 1907 2319 3478 2401">
    <p class='ocr_par' dir='ltr' id='par_1_69' title="bbox 1907 2319 3478 2401">
     <span class='ocr_line' id='line_1_69' title="bbox 1907 2319 3478 2401; baseline 0.007 -21"><span class='ocrx_word' id='word_1_503' title='bbox 1907 2319 2250 2396; x_wconf 16' lang='lat' dir='ltr'><strong>quamvisneo</strong></span> <span class='ocrx_word' id='word_1_504' title='bbox 2292 2337 2534 2401; x_wconf 89' lang='lat' dir='ltr'><strong>tempore</strong></span> <span class='ocrx_word' id='word_1_505' title='bbox 2574 2330 2805 2388; x_wconf 87' lang='lat' dir='ltr'><strong>facultas</strong></span> <span class='ocrx_word' id='word_1_506' title='bbox 2845 2334 3095 2390; x_wconf 87' lang='lat' dir='ltr'><strong>nutriens</strong></span> <span class='ocrx_word' id='word_1_507' title='bbox 3136 2339 3478 2392; x_wconf 89' lang='lat' dir='ltr'><strong>concoctioni</strong></span> 
     </span>
    </p>
   </div>
   <div class='ocr_carea' id='block_1_70' title="bbox 1906 2420 3471 2500">
    <p class='ocr_par' dir='ltr' id='par_1_70' title="bbox 1906 2420 3471 2500">
     <span class='ocr_line' id='line_1_70' title="bbox 1906 2420 3471 2500; baseline 0.008 -26"><span class='ocrx_word' id='word_1_508' title='bbox 1906 2420 2151 2474; x_wconf 88' lang='lat' dir='ltr'><strong>ciborum</strong></span> <span class='ocrx_word' id='word_1_509' title='bbox 2185 2421 2391 2476; x_wconf 90' lang='lat' dir='ltr'><strong>intenta</strong></span> <span class='ocrx_word' id='word_1_510' title='bbox 2419 2425 2511 2488; x_wconf 86' lang='lat' dir='ltr'><strong>sit,</strong></span> <span class='ocrx_word' id='word_1_511' title='bbox 2545 2425 2860 2494; x_wconf 88' lang='lat' dir='ltr'><strong>adjumento</strong></span> <span class='ocrx_word' id='word_1_512' title='bbox 2887 2430 3067 2484; x_wconf 90' lang='lat' dir='ltr'><strong>somni</strong></span> <span class='ocrx_word' id='word_1_513' title='bbox 3102 2431 3471 2500; x_wconf 60' lang='lat' dir='ltr'><strong>perficienda,</strong></span> 
     </span>
    </p>
   </div>
   <div class='ocr_carea' id='block_1_71' title="bbox 1905 2511 3477 2590">
    <p class='ocr_par' dir='ltr' id='par_1_71' title="bbox 1905 2511 3477 2590">
     <span class='ocr_line' id='line_1_71' title="bbox 1905 2511 3477 2590; baseline 0.006 -24"><span class='ocrx_word' id='word_1_514' title='bbox 1905 2511 2151 2582; x_wconf 86' lang='lat' dir='ltr'><strong>adeoque</strong></span> <span class='ocrx_word' id='word_1_515' title='bbox 2182 2513 2236 2566; x_wconf 91' lang='lat' dir='ltr'><strong>in</strong></span> <span class='ocrx_word' id='word_1_516' title='bbox 2277 2513 2378 2568; x_wconf 87' lang='lat' dir='ltr'><strong>bac</strong></span> <span class='ocrx_word' id='word_1_517' title='bbox 2413 2515 2668 2570; x_wconf 88' lang='lat' dir='ltr'><strong>universa</strong></span> <span class='ocrx_word' id='word_1_518' title='bbox 2698 2527 2892 2572; x_wconf 89' lang='lat' dir='ltr'><strong>natura</strong></span> <span class='ocrx_word' id='word_1_519' title='bbox 2925 2529 3225 2590; x_wconf 87' lang='lat' dir='ltr'><strong>occupetur</strong></span> <span class='ocrx_word' id='word_1_520' title='bbox 3251 2539 3264 2574; x_wconf 91' lang='lat'><strong>:</strong></span> <span class='ocrx_word' id='word_1_521' title='bbox 3296 2529 3477 2576; x_wconf 87' lang='lat' dir='ltr'><strong>tamen</strong></span> 
     </span>
    </p>
   </div>
   <div class='ocr_carea' id='block_1_72' title="bbox 1907 2603 3481 2672">
    <p class='ocr_par' dir='ltr' id='par_1_72' title="bbox 1907 2603 3481 2672">
     <span class='ocr_line' id='line_1_72' title="bbox 1907 2603 3481 2672; baseline 0.008 -17"><span class='ocrx_word' id='word_1_522' title='bbox 1907 2611 1966 2656; x_wconf 91' lang='lat' dir='ltr'><strong>ut</strong></span> <span class='ocrx_word' id='word_1_523' title='bbox 1992 2603 2149 2672; x_wconf 89' lang='lat' dir='ltr'><strong>plane</strong></span> <span class='ocrx_word' id='word_1_524' title='bbox 2178 2605 2246 2657; x_wconf 93' lang='lat' dir='ltr'><strong>ab</strong></span> <span class='ocrx_word' id='word_1_525' title='bbox 2274 2603 2377 2658; x_wconf 91' lang='lat' dir='ltr'><strong>hac</strong></span> <span class='ocrx_word' id='word_1_526' title='bbox 2410 2605 2655 2662; x_wconf 90' lang='lat' dir='ltr'><strong>sentiens</strong></span> <span class='ocrx_word' id='word_1_527' title='bbox 2685 2607 2913 2665; x_wconf 81' lang='lat' dir='ltr'><strong>facultas</strong></span> <span class='ocrx_word' id='word_1_528' title='bbox 2946 2618 3059 2664; x_wconf 89' lang='lat' dir='ltr'><strong>tum</strong></span> <span class='ocrx_word' id='word_1_529' title='bbox 3095 2628 3198 2667; x_wconf 92' lang='lat' dir='ltr'><strong>non</strong></span> <span class='ocrx_word' id='word_1_530' title='bbox 3227 2615 3481 2670; x_wconf 84' lang='lat' dir='ltr'><strong>avellitur</strong></span> 
     </span>
    </p>
   </div>
   <div class='ocr_carea' id='block_1_73' title="bbox 1909 2694 3481 2774">
    <p class='ocr_par' dir='ltr' id='par_1_73' title="bbox 1909 2694 3481 2774">
     <span class='ocr_line' id='line_1_73' title="bbox 1909 2694 3481 2774; baseline 0.01 -28"><span class='ocrx_word' id='word_1_531' title='bbox 1909 2694 2150 2764; x_wconf 85' lang='lat' dir='ltr'><strong>(quando</strong></span> <span class='ocrx_word' id='word_1_532' title='bbox 2173 2709 2293 2764; x_wconf 67' lang='lat' dir='ltr'><strong>quae</strong></span> <span class='ocrx_word' id='word_1_533' title='bbox 2323 2705 2513 2750; x_wconf 88' lang='lat' dir='ltr'><strong>natura</strong></span> <span class='ocrx_word' id='word_1_534' title='bbox 2544 2698 2884 2764; x_wconf 83' lang='lat' dir='ltr'><strong>coaluerunt,</strong></span> <span class='ocrx_word' id='word_1_535' title='bbox 2925 2700 3160 2772; x_wconf 85' lang='lat' dir='ltr'><strong>disjungi</strong></span> <span class='ocrx_word' id='word_1_536' title='bbox 3192 2718 3299 2758; x_wconf 91' lang='lat' dir='ltr'><strong>non</strong></span> <span class='ocrx_word' id='word_1_537' title='bbox 3334 2719 3481 2774; x_wconf 88' lang='lat' dir='ltr'><strong>.pos-</strong></span> 
     </span>
    </p>
   </div>
   <div class='ocr_carea' id='block_1_74' title="bbox 1908 2785 3479 2867">
    <p class='ocr_par' dir='ltr' id='par_1_74' title="bbox 1908 2785 3479 2867">
     <span class='ocr_line' id='line_1_74' title="bbox 1908 2785 3479 2867; baseline 0.008 -28"><span class='ocrx_word' id='word_1_538' title='bbox 1908 2786 2079 2856; x_wconf 91' lang='lat' dir='ltr'><strong>sunt),</strong></span> <span class='ocrx_word' id='word_1_539' title='bbox 2115 2785 2191 2839; x_wconf 91' lang='lat' dir='ltr'><strong>ita</strong></span> <span class='ocrx_word' id='word_1_540' title='bbox 2231 2801 2407 2856; x_wconf 88' lang='lat' dir='ltr'><strong>neque</strong></span> <span class='ocrx_word' id='word_1_541' title='bbox 2448 2796 2558 2841; x_wconf 90' lang='lat' dir='ltr'><strong>tota</strong></span> <span class='ocrx_word' id='word_1_542' title='bbox 2594 2788 2767 2857; x_wconf 89' lang='lat' dir='ltr'><strong>ipsius</strong></span> <span class='ocrx_word' id='word_1_543' title='bbox 2806 2790 3111 2858; x_wconf 89' lang='lat' dir='ltr'><strong>vis&#39;elucet,</strong></span> <span class='ocrx_word' id='word_1_544' title='bbox 3155 2795 3224 2850; x_wconf 90' lang='lat' dir='ltr'><strong>ab</strong></span> <span class='ocrx_word' id='word_1_545' title='bbox 3255 2798 3479 2867; x_wconf 87' lang='lat' dir='ltr'><strong>organis</strong></span> 
     </span>
    </p>
   </div>
   <div class='ocr_carea' id='block_1_75' title="bbox 1906 2880 3476 2957">
    <p class='ocr_par' dir='ltr' id='par_1_75' title="bbox 1906 2880 3476 2957">
     <span class='ocr_line' id='line_1_75' title="bbox 1906 2880 3476 2957; baseline 0.007 -25"><span class='ocrx_word' id='word_1_546' title='bbox 1906 2891 2166 2932; x_wconf 88' lang='lat' dir='ltr'><strong>sensuum</strong></span> <span class='ocrx_word' id='word_1_547' title='bbox 2207 2893 2303 2946; x_wconf 89' lang='lat' dir='ltr'><strong>per</strong></span> <span class='ocrx_word' id='word_1_548' title='bbox 2335 2893 2585 2932; x_wconf 92' lang='lat' dir='ltr'><strong>somnum</strong></span> <span class='ocrx_word' id='word_1_549' title='bbox 2622 2881 2779 2950; x_wconf 90' lang='lat' dir='ltr'><strong>quasi</strong></span> <span class='ocrx_word' id='word_1_550' title='bbox 2822 2880 3148 2940; x_wconf 87' lang='lat' dir='ltr'><strong>feriantibus</strong></span> <span class='ocrx_word' id='word_1_551' title='bbox 3199 2887 3476 2957; x_wconf 84' lang='lat' dir='ltr'><strong>impedita.</strong></span> 
     </span>
    </p>
   </div>
   <div class='ocr_carea' id='block_1_76' title="bbox 1907 2966 3474 3045">
    <p class='ocr_par' dir='ltr' id='par_1_76' title="bbox 1907 2966 3474 3045">
     <span class='ocr_line' id='line_1_76' title="bbox 1907 2966 3474 3045; baseline 0.008 -25"><span class='ocrx_word' id='word_1_552' title='bbox 1907 2966 2107 3023; x_wconf 88' lang='lat' dir='ltr'><strong>Eadem</strong></span> <span class='ocrx_word' id='word_1_553' title='bbox 2155 2969 2368 3024; x_wconf 89' lang='lat' dir='ltr'><strong>ratione</strong></span> <span class='ocrx_word' id='word_1_554' title='bbox 2414 2978 2468 3024; x_wconf 88' lang='lat' dir='ltr'><strong>et</strong></span> <span class='ocrx_word' id='word_1_555' title='bbox 2525 2969 2660 3026; x_wconf 92' lang='lat' dir='ltr'><strong>illud</strong></span> <span class='ocrx_word' id='word_1_556' title='bbox 2698 2981 3088 3043; x_wconf 83' lang='lat' dir='ltr'><strong>consequetur,</strong></span> <span class='ocrx_word' id='word_1_557' title='bbox 3146 2975 3292 3045; x_wconf 90' lang='lat' dir='ltr'><strong>quod</strong></span> <span class='ocrx_word' id='word_1_558' title='bbox 3348 2992 3474 3032; x_wconf 92' lang='lat' dir='ltr'><strong>cum</strong></span> 
     </span>
    </p>
   </div>
   <div class='ocr_carea' id='block_1_77' title="bbox 1907 3060 3476 3136">
    <p class='ocr_par' dir='ltr' id='par_1_77' title="bbox 1907 3060 3476 3136">
     <span class='ocr_line' id='line_1_77' title="bbox 1907 3060 3476 3136; baseline 0.005 -25"><span class='ocrx_word' id='word_1_559' title='bbox 1907 3060 2106 3114; x_wconf 92' lang='lat' dir='ltr'><strong>mentis</strong></span> <span class='ocrx_word' id='word_1_560' title='bbox 2151 3068 2207 3114; x_wconf 91' lang='lat' dir='ltr'><strong>et</strong></span> <span class='ocrx_word' id='word_1_561' title='bbox 2244 3060 2416 3129; x_wconf 88' lang='lat' dir='ltr'><strong>partis</strong></span> <span class='ocrx_word' id='word_1_562' title='bbox 2467 3061 2632 3115; x_wconf 91' lang='lat' dir='ltr'><strong>animi</strong></span> <span class='ocrx_word' id='word_1_563' title='bbox 2677 3065 2967 3119; x_wconf 89' lang='lat' dir='ltr'><strong>sentientis</strong></span> <span class='ocrx_word' id='word_1_564' title='bbox 3011 3071 3197 3119; x_wconf 91' lang='lat' dir='ltr'><strong>mutua</strong></span> <span class='ocrx_word' id='word_1_565' title='bbox 3229 3067 3476 3136; x_wconf 66' lang='lat' dir='ltr'><strong>quaedam</strong></span> 
     </span>
    </p>
   </div>
   <div class='ocr_carea' id='block_1_78' title="bbox 1905 3148 3476 3222">
    <p class='ocr_par' dir='ltr' id='par_1_78' title="bbox 1905 3148 3476 3222">
     <span class='ocr_line' id='line_1_78' title="bbox 1905 3148 3476 3222; baseline 0.006 -21"><span class='ocrx_word' id='word_1_566' title='bbox 1905 3148 1975 3201; x_wconf 92' lang='lat' dir='ltr'><strong>sit</strong></span> <span class='ocrx_word' id='word_1_567' title='bbox 2004 3149 2356 3218; x_wconf 87' lang='lat' dir='ltr'><strong>conjunctio:</strong></span> <span class='ocrx_word' id='word_1_568' title='bbox 2408 3159 2556 3205; x_wconf 89' lang='lat' dir='ltr'><strong>mota</strong></span> <span class='ocrx_word' id='word_1_569' title='bbox 2603 3152 2725 3216; x_wconf 90' lang='lat' dir='ltr'><strong>hac,</strong></span> <span class='ocrx_word' id='word_1_570' title='bbox 2769 3154 2932 3208; x_wconf 90' lang='lat' dir='ltr'><strong>simul</strong></span> <span class='ocrx_word' id='word_1_571' title='bbox 2968 3163 3203 3211; x_wconf 87' lang='lat' dir='ltr'><strong>mentem</strong></span> <span class='ocrx_word' id='word_1_572' title='bbox 3247 3158 3476 3222; x_wconf 82' lang='lat' dir='ltr'><strong>moveri,</strong></span> 
     </span>
    </p>
   </div>
   <div class='ocr_carea' id='block_1_79' title="bbox 1903 3240 3476 3316">
    <p class='ocr_par' dir='ltr' id='par_1_79' title="bbox 1903 3240 3476 3316">
     <span class='ocr_line' id='line_1_79' title="bbox 1903 3240 3476 3316; baseline 0.011 -27"><span class='ocrx_word' id='word_1_573' title='bbox 1903 3243 1957 3290; x_wconf 94' lang='lat' dir='ltr'><strong>et</strong></span> <span class='ocrx_word' id='word_1_574' title='bbox 2006 3246 2196 3292; x_wconf 88' lang='lat' dir='ltr'><strong>contra</strong></span> <span class='ocrx_word' id='word_1_575' title='bbox 2245 3240 2590 3309; x_wconf 90' lang='lat' dir='ltr'><strong>quiescente,</strong></span> <span class='ocrx_word' id='word_1_576' title='bbox 2648 3243 2950 3313; x_wconf 88' lang='lat' dir='ltr'><strong>quiescere.</strong></span> <span class='ocrx_word' id='word_1_577' title='bbox 2999 3245 3181 3316; x_wconf 88' lang='lat' dir='ltr'><strong>Ignem</strong></span> <span class='ocrx_word' id='word_1_578' title='bbox 3231 3248 3476 3306; x_wconf 87' lang='lat' dir='ltr'><strong>videmus</strong></span> 
     </span>
    </p>
   </div>
   <div class='ocr_carea' id='block_1_80' title="bbox 1902 3327 3477 3404">
    <p class='ocr_par' dir='ltr' id='par_1_80' title="bbox 1902 3327 3477 3404">
     <span class='ocr_line' id='line_1_80' title="bbox 1902 3327 3477 3404; baseline 0.009 -24"><span class='ocrx_word' id='word_1_579' title='bbox 1902 3327 2074 3396; x_wconf 90' lang='lat' dir='ltr'><strong>paleis</strong></span> <span class='ocrx_word' id='word_1_580' title='bbox 2121 3344 2185 3383; x_wconf 83' lang='lat' dir='ltr'><strong>ex</strong></span> <span class='ocrx_word' id='word_1_581' title='bbox 2234 3331 2380 3384; x_wconf 91' lang='lat' dir='ltr'><strong>omni</strong></span> <span class='ocrx_word' id='word_1_582' title='bbox 2437 3341 2590 3402; x_wconf 86' lang='lat' dir='ltr'><strong>parte</strong></span> <span class='ocrx_word' id='word_1_583' title='bbox 2647 3342 2988 3404; x_wconf 85' lang='lat' dir='ltr'><strong>coopertum,</strong></span> <span class='ocrx_word' id='word_1_584' title='bbox 3051 3337 3097 3390; x_wconf 88' lang='lat' dir='ltr'><strong>si</strong></span> <span class='ocrx_word' id='word_1_585' title='bbox 3148 3339 3298 3392; x_wconf 91' lang='lat' dir='ltr'><strong>nullo</strong></span> <span class='ocrx_word' id='word_1_586' title='bbox 3345 3337 3477 3394; x_wconf 81' lang='lat' dir='ltr'><strong>ﬂatu</strong></span> 
     </span>
    </p>
   </div>
   <div class='ocr_carea' id='block_1_81' title="bbox 1901 3418 3478 3499">
    <p class='ocr_par' dir='ltr' id='par_1_81' title="bbox 1901 3418 3478 3499">
     <span class='ocr_line' id='line_1_81' title="bbox 1901 3418 3478 3499; baseline 0.008 -28"><span class='ocrx_word' id='word_1_587' title='bbox 1901 3418 2116 3473; x_wconf 87' lang='lat' dir='ltr'><strong>ﬂamma</strong></span> <span class='ocrx_word' id='word_1_588' title='bbox 2134 3422 2419 3488; x_wconf 85' lang='lat' dir='ltr'><strong>excitetur,</strong></span> <span class='ocrx_word' id='word_1_589' title='bbox 2438 3439 2616 3494; x_wconf 86' lang='lat' dir='ltr'><strong>neque</strong></span> <span class='ocrx_word' id='word_1_590' title='bbox 2631 3428 2877 3496; x_wconf 80' lang='lat' dir='ltr'><strong>proxima</strong></span> <span class='ocrx_word' id='word_1_591' title='bbox 2895 3444 3122 3499; x_wconf 58' lang='lat' dir='ltr'><strong>quisque</strong></span> <span class='ocrx_word' id='word_1_592' title='bbox 3138 3431 3478 3487; x_wconf 88' lang='lat' dir='ltr'><strong>absumendo</strong></span> 
     </span>
    </p>
   </div>
   <div class='ocr_carea' id='block_1_82' title="bbox 1904 3507 3475 3592">
    <p class='ocr_par' dir='ltr' id='par_1_82' title="bbox 1904 3507 3475 3592">
     <span class='ocr_line' id='line_1_82' title="bbox 1904 3507 3475 3592; baseline 0.011 -32"><span class='ocrx_word' id='word_1_593' title='bbox 1904 3507 2218 3578; x_wconf 85' lang='lat' dir='ltr'><strong>depascere,</strong></span> <span class='ocrx_word' id='word_1_594' title='bbox 2275 3523 2329 3567; x_wconf 91' lang='lat' dir='ltr'><strong>et</strong></span> <span class='ocrx_word' id='word_1_595' title='bbox 2388 3528 2617 3583; x_wconf 88' lang='lat' dir='ltr'><strong>prorsus</strong></span> <span class='ocrx_word' id='word_1_596' title='bbox 2675 3517 2839 3572; x_wconf 88' lang='lat' dir='ltr'><strong>etiam</strong></span> <span class='ocrx_word' id='word_1_597' title='bbox 2896 3533 3003 3573; x_wconf 91' lang='lat' dir='ltr'><strong>non</strong></span> <span class='ocrx_word' id='word_1_598' title='bbox 3057 3520 3322 3591; x_wconf 80' lang='lat' dir='ltr'><strong>extingui,</strong></span> <span class='ocrx_word' id='word_1_599' title='bbox 3374 3536 3475 3592; x_wconf 88' lang='lat' dir='ltr'><strong>pro</strong></span> 
     </span>
    </p>
   </div>
   <div class='ocr_carea' id='block_1_83' title="bbox 1903 3597 3472 3678">
    <p class='ocr_par' dir='ltr' id='par_1_83' title="bbox 1903 3597 3472 3678">
     <span class='ocr_line' id='line_1_83' title="bbox 1903 3597 3472 3678; baseline 0.01 -28"><span class='ocrx_word' id='word_1_600' title='bbox 1903 3597 2119 3652; x_wconf 84' lang='lat' dir='ltr'><strong>flamma</strong></span> <span class='ocrx_word' id='word_1_601' title='bbox 2150 3617 2349 3670; x_wconf 88' lang='lat' dir='ltr'><strong>vapore</strong></span> <span class='ocrx_word' id='word_1_602' title='bbox 2382 3604 2618 3672; x_wconf 89' lang='lat' dir='ltr'><strong>quodam</strong></span> <span class='ocrx_word' id='word_1_603' title='bbox 2666 3621 2765 3675; x_wconf 92' lang='lat' dir='ltr'><strong>per</strong></span> <span class='ocrx_word' id='word_1_604' title='bbox 2811 3609 2957 3677; x_wconf 89' lang='lat' dir='ltr'><strong>ipsas</strong></span> <span class='ocrx_word' id='word_1_605' title='bbox 2991 3611 3174 3678; x_wconf 89' lang='lat' dir='ltr'><strong>paleas</strong></span> <span class='ocrx_word' id='word_1_606' title='bbox 3207 3612 3261 3665; x_wconf 93' lang='lat' dir='ltr'><strong>in</strong></span> <span class='ocrx_word' id='word_1_607' title='bbox 3293 3627 3472 3668; x_wconf 89' lang='lat' dir='ltr'><strong>aerem</strong></span> 
     </span>
    </p>
   </div>
   <div class='ocr_carea' id='block_1_84' title="bbox 1903 3690 3546 3770">
    <p class='ocr_par' dir='ltr' id='par_1_84' title="bbox 1903 3690 3546 3770">
     <span class='ocr_line' id='line_1_84' title="bbox 1903 3690 3546 3770; baseline 0.009 -30"><span class='ocrx_word' id='word_1_608' title='bbox 1903 3697 2239 3754; x_wconf 86' lang='lat' dir='ltr'><strong>penetrante.</strong></span> <span class='ocrx_word' id='word_1_609' title='bbox 2291 3690 2448 3756; x_wconf 89' lang='lat' dir='ltr'><strong>Quod</strong></span> <span class='ocrx_word' id='word_1_610' title='bbox 2496 3693 2543 3746; x_wconf 90' lang='lat' dir='ltr'><strong>si</strong></span> <span class='ocrx_word' id='word_1_611' title='bbox 2583 3703 2765 3747; x_wconf 89' lang='lat' dir='ltr'><strong>autem</strong></span> <span class='ocrx_word' id='word_1_612' title='bbox 2795 3694 2954 3752; x_wconf 78' lang='lat' dir='ltr'><strong>flatus</strong></span> <span class='ocrx_word' id='word_1_613' title='bbox 2997 3699 3196 3768; x_wconf 89' lang='lat' dir='ltr'><strong>aliquis</strong></span> <span class='ocrx_word' id='word_1_614' title='bbox 3226 3699 3472 3763; x_wconf 85' lang='lat' dir='ltr'><strong>accedat,</strong></span> <span class='ocrx_word' id='word_1_615' title='bbox 3539 3766 3546 3770; x_wconf 92' lang='lat'><strong>_</strong></span> 
     </span>
    </p>
   </div>
   <div class='ocr_carea' id='block_1_85' title="bbox 1903 3779 3477 3848">
    <p class='ocr_par' dir='ltr' id='par_1_85' title="bbox 1903 3779 3477 3848">
     <span class='ocr_line' id='line_1_85' title="bbox 1903 3779 3477 3848; baseline 0.011 -17"><span class='ocrx_word' id='word_1_616' title='bbox 1903 3793 2002 3848; x_wconf 89' lang='lat' dir='ltr'><strong>pro</strong></span> <span class='ocrx_word' id='word_1_617' title='bbox 2032 3779 2182 3834; x_wconf 89' lang='lat' dir='ltr'><strong>fumo</strong></span> <span class='ocrx_word' id='word_1_618' title='bbox 2211 3783 2425 3836; x_wconf 85' lang='lat' dir='ltr'><strong>flamma</strong></span> <span class='ocrx_word' id='word_1_619' title='bbox 2455 3786 2791 3840; x_wconf 87' lang='lat' dir='ltr'><strong>accenditur.</strong></span> <span class='ocrx_word' id='word_1_620' title='bbox 2831 3787 2923 3842; x_wconf 89' lang='lat' dir='ltr'><strong>Sic</strong></span> <span class='ocrx_word' id='word_1_621' title='bbox 2956 3805 3110 3845; x_wconf 90' lang='lat' dir='ltr'><strong>mens</strong></span> <span class='ocrx_word' id='word_1_622' title='bbox 3136 3792 3389 3848; x_wconf 89' lang='lat' dir='ltr'><strong>sensibus</strong></span> <span class='ocrx_word' id='word_1_623' title='bbox 3421 3793 3477 3848; x_wconf 89' lang='lat' dir='ltr'><strong>in</strong></span> 
     </span>
    </p>
   </div>
   <div class='ocr_carea' id='block_1_86' title="bbox 1902 3874 3479 3954">
    <p class='ocr_par' dir='ltr' id='par_1_86' title="bbox 1902 3874 3479 3954">
     <span class='ocr_line' id='line_1_86' title="bbox 1902 3874 3479 3954; baseline 0.01 -29"><span class='ocrx_word' id='word_1_624' title='bbox 1902 3885 2096 3926; x_wconf 91' lang='lat' dir='ltr'><strong>somno</strong></span> <span class='ocrx_word' id='word_1_625' title='bbox 2157 3874 2568 3943; x_wconf 89' lang='lat' dir='ltr'><strong>quiescentibus</strong></span> <span class='ocrx_word' id='word_1_626' title='bbox 2619 3878 2778 3948; x_wconf 88' lang='lat' dir='ltr'><strong>quasi</strong></span> <span class='ocrx_word' id='word_1_627' title='bbox 2833 3887 3105 3946; x_wconf 90' lang='lat' dir='ltr'><strong>contecta,</strong></span> <span class='ocrx_word' id='word_1_628' title='bbox 3157 3898 3334 3952; x_wconf 90' lang='lat' dir='ltr'><strong>neque</strong></span> <span class='ocrx_word' id='word_1_629' title='bbox 3380 3899 3479 3954; x_wconf 89' lang='lat' dir='ltr'><strong>per</strong></span> 
     </span>
    </p>
   </div>
   <div class='ocr_carea' id='block_1_87' title="bbox 1902 3964 3476 4046">
    <p class='ocr_par' dir='ltr' id='par_1_87' title="bbox 1902 3964 3476 4046">
     <span class='ocr_line' id='line_1_87' title="bbox 1902 3964 3476 4046; baseline 0.006 -26"><span class='ocrx_word' id='word_1_630' title='bbox 1902 3978 1998 4020; x_wconf 89' lang='lat' dir='ltr'><strong>eos</strong></span> <span class='ocrx_word' id='word_1_631' title='bbox 2021 3964 2238 4020; x_wconf 88' lang='lat' dir='ltr'><strong>elucere</strong></span> <span class='ocrx_word' id='word_1_632' title='bbox 2269 3975 2467 4036; x_wconf 90' lang='lat' dir='ltr'><strong>potest,</strong></span> <span class='ocrx_word' id='word_1_633' title='bbox 2493 3977 2547 4025; x_wconf 88' lang='lat' dir='ltr'><strong>et</strong></span> <span class='ocrx_word' id='word_1_634' title='bbox 2576 3971 2802 4026; x_wconf 85' lang='lat' dir='ltr'><strong>omnino</strong></span> <span class='ocrx_word' id='word_1_635' title='bbox 2836 3972 3000 4028; x_wconf 89' lang='lat' dir='ltr'><strong>etiam</strong></span> <span class='ocrx_word' id='word_1_636' title='bbox 3035 3990 3144 4030; x_wconf 90' lang='lat' dir='ltr'><strong>non</strong></span> <span class='ocrx_word' id='word_1_637' title='bbox 3175 3977 3476 4046; x_wconf 73' lang='lat' dir='ltr'><strong>exstingui-</strong></span> 
     </span>
    </p>
   </div>
   <div class='ocr_carea' id='block_1_88' title="bbox 1903 4057 3475 4136">
    <p class='ocr_par' dir='ltr' id='par_1_88' title="bbox 1903 4057 3475 4136">
     <span class='ocr_line' id='line_1_88' title="bbox 1903 4057 3475 4136; baseline 0.007 -27"><span class='ocrx_word' id='word_1_638' title='bbox 1903 4063 2010 4122; x_wconf 90' lang='lat' dir='ltr'><strong>tur,</strong></span> <span class='ocrx_word' id='word_1_639' title='bbox 2061 4057 2155 4113; x_wconf 89' lang='lat' dir='ltr'><strong>sed</strong></span> <span class='ocrx_word' id='word_1_640' title='bbox 2200 4066 2260 4113; x_wconf 90' lang='lat' dir='ltr'><strong>ut</strong></span> <span class='ocrx_word' id='word_1_641' title='bbox 2304 4061 2447 4128; x_wconf 85' lang='lat' dir='ltr'><strong>ignis</strong></span> <span class='ocrx_word' id='word_1_642' title='bbox 2480 4061 2711 4129; x_wconf 88' lang='lat' dir='ltr'><strong>fumum,</strong></span> <span class='ocrx_word' id='word_1_643' title='bbox 2747 4065 2970 4134; x_wconf 84' lang='lat' dir='ltr'><strong>sicipsa</strong></span> <span class='ocrx_word' id='word_1_644' title='bbox 3002 4074 3207 4121; x_wconf 91' lang='lat' dir='ltr'><strong>motum</strong></span> <span class='ocrx_word' id='word_1_645' title='bbox 3239 4068 3475 4136; x_wconf 89' lang='lat' dir='ltr'><strong>aliquem</strong></span> 
     </span>
    </p>
   </div>
   <div class='ocr_carea' id='block_1_89' title="bbox 1902 4149 3475 4228">
    <p class='ocr_par' dir='ltr' id='par_1_89' title="bbox 1902 4149 3475 4228">
     <span class='ocr_line' id='line_1_89' title="bbox 1902 4149 3475 4228; baseline 0.01 -26"><span class='ocrx_word' id='word_1_646' title='bbox 1902 4149 2121 4216; x_wconf 86' lang='lat' dir='ltr'><strong>retinet,</strong></span> <span class='ocrx_word' id='word_1_647' title='bbox 2159 4153 2355 4220; x_wconf 88' lang='lat' dir='ltr'><strong>partim</strong></span> <span class='ocrx_word' id='word_1_648' title='bbox 2409 4169 2597 4224; x_wconf 81' lang='lat' dir='ltr'><strong>agens,</strong></span> <span class='ocrx_word' id='word_1_649' title='bbox 2643 4156 2842 4226; x_wconf 88' lang='lat' dir='ltr'><strong>partim</strong></span> <span class='ocrx_word' id='word_1_650' title='bbox 2875 4160 2928 4212; x_wconf 91' lang='lat' dir='ltr'><strong>in</strong></span> <span class='ocrx_word' id='word_1_651' title='bbox 2957 4159 3164 4228; x_wconf 87' lang='lat' dir='ltr'><strong>agendo</strong></span> <span class='ocrx_word' id='word_1_652' title='bbox 3193 4159 3475 4217; x_wconf 87' lang='lat' dir='ltr'><strong>deficiens.</strong></span> 
     </span>
    </p>
   </div>
   <div class='ocr_carea' id='block_1_90' title="bbox 1903 4240 3477 4318">
    <p class='ocr_par' dir='ltr' id='par_1_90' title="bbox 1903 4240 3477 4318">
     <span class='ocr_line' id='line_1_90' title="bbox 1903 4240 3477 4318; baseline 0.01 -25"><span class='ocrx_word' id='word_1_653' title='bbox 1903 4240 2079 4311; x_wconf 84' lang='lat' dir='ltr'><strong>Atque</strong></span> <span class='ocrx_word' id='word_1_654' title='bbox 2111 4243 2189 4297; x_wconf 89' lang='lat' dir='ltr'><strong>uti</strong></span> <span class='ocrx_word' id='word_1_655' title='bbox 2238 4245 2482 4298; x_wconf 89' lang='lat' dir='ltr'><strong>musicus</strong></span> <span class='ocrx_word' id='word_1_656' title='bbox 2518 4246 2726 4314; x_wconf 92' lang='lat' dir='ltr'><strong>plectro</strong></span> <span class='ocrx_word' id='word_1_657' title='bbox 2775 4248 3011 4303; x_wconf 87' lang='lat' dir='ltr'><strong>chordas</strong></span> <span class='ocrx_word' id='word_1_658' title='bbox 3057 4249 3184 4318; x_wconf 65' lang='lat' dir='ltr'><strong>lyrae</strong></span> <span class='ocrx_word' id='word_1_659' title='bbox 3214 4250 3477 4308; x_wconf 83' lang='lat' dir='ltr'><strong>remissas</strong></span> 
     </span>
    </p>
   </div>
   <div class='ocr_carea' id='block_1_91' title="bbox 1905 4337 3473 4409">
    <p class='ocr_par' dir='ltr' id='par_1_91' title="bbox 1905 4337 3473 4409">
     <span class='ocr_line' id='line_1_91' title="bbox 1905 4337 3473 4409; baseline 0.006 -24"><span class='ocrx_word' id='word_1_660' title='bbox 1905 4340 2156 4404; x_wconf 88' lang='lat' dir='ltr'><strong>tangens,</strong></span> <span class='ocrx_word' id='word_1_661' title='bbox 2183 4351 2292 4390; x_wconf 92' lang='lat' dir='ltr'><strong>non</strong></span> <span class='ocrx_word' id='word_1_662' title='bbox 2315 4337 2590 4407; x_wconf 74' lang='lat' dir='ltr'><strong>eleganter</strong></span> <span class='ocrx_word' id='word_1_663' title='bbox 2609 4347 2661 4391; x_wconf 92' lang='lat' dir='ltr'><strong>et</strong></span> <span class='ocrx_word' id='word_1_664' title='bbox 2681 4353 2970 4394; x_wconf 89' lang='lat' dir='ltr'><strong>numerose</strong></span> <span class='ocrx_word' id='word_1_665' title='bbox 2991 4339 3286 4409; x_wconf 84' lang='lat' dir='ltr'><strong>quidquam</strong></span> <span class='ocrx_word' id='word_1_666' title='bbox 3303 4342 3473 4408; x_wconf 92' lang='lat' dir='ltr'><strong>canit,</strong></span> 
     </span>
    </p>
   </div>
   <div class='ocr_carea' id='block_1_92' title="bbox 219 4426 1802 4505">
    <p class='ocr_par' dir='ltr' id='par_1_92' title="bbox 219 4426 1800 4499">
     <span class='ocr_line' id='line_1_92' title="bbox 219 4426 1800 4499; baseline 0.002 -19"><span class='ocrx_word' id='word_1_667' title='bbox 219 4429 323 4480; x_wconf 82' lang='grc' dir='ltr'><strong>τῶν</strong></span> <span class='ocrx_word' id='word_1_668' title='bbox 365 4427 541 4480; x_wconf 84' lang='grc' dir='ltr'>τόνων</span> <span class='ocrx_word' id='word_1_669' title='bbox 587 4427 650 4479; x_wconf 81' lang='grc' dir='ltr'><strong>τὸ</strong></span> <span class='ocrx_word' id='word_1_670' title='bbox 696 4426 970 4496; x_wconf 81' lang='grc' dir='ltr'>πλῆκτρον</span> <span class='ocrx_word' id='word_1_671' title='bbox 1018 4428 1262 4494; x_wconf 77' lang='grc' dir='ltr'>ἄγουσα,</span> <span class='ocrx_word' id='word_1_672' title='bbox 1296 4427 1356 4482; x_wconf 85' lang='grc' dir='ltr'><strong>τὸ</strong></span> <span class='ocrx_word' id='word_1_673' title='bbox 1387 4428 1444 4481; x_wconf 90' lang='grc' dir='ltr'><strong>δέ</strong></span> <span class='ocrx_word' id='word_1_674' title='bbox 1484 4430 1648 4499; x_wconf 79' lang='grc' dir='ltr'>ἠχοῦν</span> <span class='ocrx_word' id='word_1_675' title='bbox 1700 4430 1800 4483; x_wconf 80' lang='grc' dir='ltr'>οὐκ</span> 
     </span>
    </p>
   </div>
   <div class='ocr_carea' id='block_1_93' title="bbox 1905 4426 3474 4505">
    <p class='ocr_par' dir='ltr' id='par_1_93' title="bbox 1907 4427 3474 4505">
     <span class='ocr_line' id='line_1_93' title="bbox 1907 4427 3474 4505; baseline 0.008 -27"><span class='ocrx_word' id='word_1_676' title='bbox 1907 4427 2127 4495; x_wconf 87' lang='lat' dir='ltr'><strong>quando</strong></span> <span class='ocrx_word' id='word_1_677' title='bbox 2154 4428 2298 4496; x_wconf 86' lang='lat' dir='ltr'><strong>quod</strong></span> <span class='ocrx_word' id='word_1_678' title='bbox 2333 4437 2542 4483; x_wconf 87' lang='lat' dir='ltr'><strong>tensum</strong></span> <span class='ocrx_word' id='word_1_679' title='bbox 2571 4444 2677 4484; x_wconf 88' lang='lat' dir='ltr'><strong>non</strong></span> <span class='ocrx_word' id='word_1_680' title='bbox 2710 4437 2812 4492; x_wconf 88' lang='lat' dir='ltr'><strong>est,</strong></span> <span class='ocrx_word' id='word_1_681' title='bbox 2844 4431 3004 4487; x_wconf 87' lang='lat' dir='ltr'><strong>edere</strong></span> <span class='ocrx_word' id='word_1_682' title='bbox 3030 4448 3224 4488; x_wconf 92' lang='lat' dir='ltr'><strong>sonum</strong></span> <span class='ocrx_word' id='word_1_683' title='bbox 3252 4436 3474 4505; x_wconf 90' lang='lat' dir='ltr'><strong>nequit;</strong></span> 
     </span>
    </p>
   </div>
   <div class='ocr_carea' id='block_1_94' title="bbox 215 4513 1798 4591">
    <p class='ocr_par' dir='ltr' id='par_1_94' title="bbox 215 4513 1798 4591">
     <span class='ocr_line' id='line_1_94' title="bbox 215 4513 1798 4591; baseline 0.004 -25"><span class='ocrx_word' id='word_1_684' title='bbox 215 4513 382 4578; x_wconf 78' lang='grc' dir='ltr'>ἐστιν,</span> <span class='ocrx_word' id='word_1_685' title='bbox 403 4516 461 4567; x_wconf 76' lang='grc' dir='ltr'><strong>ἐἶ</strong></span> <span class='ocrx_word' id='word_1_686' title='bbox 496 4513 574 4584; x_wconf 80' lang='grc' dir='ltr'>μὴ</span> <span class='ocrx_word' id='word_1_687' title='bbox 609 4514 734 4568; x_wconf 81' lang='grc' dir='ltr'>ὅσον</span> <span class='ocrx_word' id='word_1_688' title='bbox 762 4515 974 4585; x_wconf 78' lang='grc' dir='ltr'>ἄσημόν</span> <span class='ocrx_word' id='word_1_689' title='bbox 1007 4532 1126 4569; x_wconf 88' lang='grc' dir='ltr'>τινα</span> <span class='ocrx_word' id='word_1_690' title='bbox 1160 4518 1253 4570; x_wconf 80' lang='grc' dir='ltr'><strong>καὶ</strong></span> <span class='ocrx_word' id='word_1_691' title='bbox 1288 4517 1620 4572; x_wconf 81' lang='grc' dir='ltr'>ἀσύντακτον</span> <span class='ocrx_word' id='word_1_692' title='bbox 1649 4522 1708 4573; x_wconf 86' lang='grc' dir='ltr'><strong>ἐν</strong></span> <span class='ocrx_word' id='word_1_693' title='bbox 1733 4522 1798 4591; x_wconf 82' lang='grc' dir='ltr'>τῇ</span> 
     </span>
    </p>
   </div>
   <div class='ocr_carea' id='block_1_95' title="bbox 217 4605 1800 4678">
    <p class='ocr_par' dir='ltr' id='par_1_95' title="bbox 217 4605 1800 4678">
     <span class='ocr_line' id='line_1_95' title="bbox 217 4605 1800 4678; baseline 0.004 -21"><span class='ocrx_word' id='word_1_694' title='bbox 217 4607 432 4675; x_wconf 81' lang='grc' dir='ltr'>κινήσει</span> <span class='ocrx_word' id='word_1_695' title='bbox 465 4605 578 4658; x_wconf 79' lang='grc' dir='ltr'><strong>τῶν</strong></span> <span class='ocrx_word' id='word_1_696' title='bbox 606 4605 813 4677; x_wconf 86' lang='grc' dir='ltr'>χορδῶν</span> <span class='ocrx_word' id='word_1_697' title='bbox 829 4606 1038 4678; x_wconf 78' lang='grc' dir='ltr'>ὑπηχεῖ</span> <span class='ocrx_word' id='word_1_698' title='bbox 1058 4607 1148 4660; x_wconf 79' lang='grc' dir='ltr'><strong>τὸν</strong></span> <span class='ocrx_word' id='word_1_699' title='bbox 1176 4607 1398 4677; x_wconf 77' lang='grc' dir='ltr'>βόμϐονο</span> <span class='ocrx_word' id='word_1_700' title='bbox 1420 4609 1562 4662; x_wconf 88' lang='grc' dir='ltr'>οὕτω</span> <span class='ocrx_word' id='word_1_701' title='bbox 1592 4610 1681 4664; x_wconf 83' lang='grc' dir='ltr'>διὰ</span> <span class='ocrx_word' id='word_1_702' title='bbox 1707 4610 1800 4664; x_wconf 89' lang='grc' dir='ltr'><strong>τοῦ</strong></span> 
     </span>
    </p>
   </div>
   <div class='ocr_carea' id='block_1_96' title="bbox 218 4695 1802 4774">
    <p class='ocr_par' dir='ltr' id='par_1_96' title="bbox 218 4695 1802 4774">
     <span class='ocr_line' id='line_1_96' title="bbox 218 4695 1802 4774; baseline 0.005 -26"><span class='ocrx_word' id='word_1_703' title='bbox 218 4695 387 4750; x_wconf 84' lang='grc' dir='ltr'>ὕπνου</span> <span class='ocrx_word' id='word_1_704' title='bbox 450 4699 552 4766; x_wconf 79' lang='grc' dir='ltr'>τῆς</span> <span class='ocrx_word' id='word_1_705' title='bbox 609 4698 905 4767; x_wconf 83' lang='grc' dir='ltr'>ὀργανικῆς</span> <span class='ocrx_word' id='word_1_706' title='bbox 932 4699 1039 4752; x_wconf 89' lang='grc' dir='ltr'><strong>τῶν</strong></span> <span class='ocrx_word' id='word_1_707' title='bbox 1066 4701 1432 4772; x_wconf 76' lang='grc' dir='ltr'>αἰσθητηρίων</span> <span class='ocrx_word' id='word_1_708' title='bbox 1459 4703 1802 4774; x_wconf 85' lang='grc' dir='ltr'>κατασκευῆς</span> 
     </span>
    </p>
   </div>
   <div class='ocr_carea' id='block_1_97' title="bbox 216 4784 1801 4863">
    <p class='ocr_par' dir='ltr' id='par_1_97' title="bbox 216 4784 1801 4863">
     <span class='ocr_line' id='line_1_97' title="bbox 216 4784 1801 4863; baseline 0.005 -26"><span class='ocrx_word' id='word_1_709' title='bbox 216 4784 612 4854; x_wconf 77' lang='grc' dir='ltr'>χαλασθείσης,</span> <span class='ocrx_word' id='word_1_710' title='bbox 652 4785 686 4855; x_wconf 83' lang='grc' dir='ltr'><strong>ἢ</strong></span> <span class='ocrx_word' id='word_1_711' title='bbox 737 4785 966 4839; x_wconf 80' lang='grc' dir='ltr'>καθόλου</span> <span class='ocrx_word' id='word_1_712' title='bbox 1011 4789 1208 4859; x_wconf 79' lang='grc' dir='ltr'>ἠρεμεῖ</span> <span class='ocrx_word' id='word_1_713' title='bbox 1251 4790 1280 4841; x_wconf 90' lang='grc' dir='ltr'><strong>ό</strong></span> <span class='ocrx_word' id='word_1_714' title='bbox 1323 4791 1606 4861; x_wconf 81' lang='grc' dir='ltr'>τεχνίτης,</span> <span class='ocrx_word' id='word_1_715' title='bbox 1643 4793 1801 4863; x_wconf 77' lang='grc' dir='ltr'>εἴπερ</span> 
     </span>
    </p>
   </div>
   <div class='ocr_carea' id='block_1_98' title="bbox 215 4874 1800 4952">
    <p class='ocr_par' dir='ltr' id='par_1_98' title="bbox 215 4874 1800 4952">
     <span class='ocr_line' id='line_1_98' title="bbox 215 4874 1800 4952; baseline 0.008 -28"><span class='ocrx_word' id='word_1_716' title='bbox 215 4875 430 4928; x_wconf 80' lang='grc' dir='ltr'>τελείαν</span> <span class='ocrx_word' id='word_1_717' title='bbox 461 4874 615 4927; x_wconf 79' lang='grc' dir='ltr'>λύσιν</span> <span class='ocrx_word' id='word_1_718' title='bbox 645 4876 709 4929; x_wconf 88' lang='grc' dir='ltr'><strong>ἐκ</strong></span> <span class='ocrx_word' id='word_1_719' title='bbox 760 4876 1052 4948; x_wconf 85' lang='grc' dir='ltr'>πληθώρας</span> <span class='ocrx_word' id='word_1_720' title='bbox 1089 4879 1230 4943; x_wconf 70' lang='grc' dir='ltr'>τινος</span> <span class='ocrx_word' id='word_1_721' title='bbox 1263 4880 1357 4932; x_wconf 78' lang='grc' dir='ltr'><strong>καὶ</strong></span> <span class='ocrx_word' id='word_1_722' title='bbox 1389 4880 1588 4952; x_wconf 85' lang='grc' dir='ltr'>βάρους</span> <span class='ocrx_word' id='word_1_723' title='bbox 1640 4883 1800 4937; x_wconf 86' lang='grc' dir='ltr'>πάθοι</span> 
     </span>
    </p>
   </div>
   <div class='ocr_carea' id='block_1_99' title="bbox 217 4966 1801 5047">
    <p class='ocr_par' dir='ltr' id='par_1_99' title="bbox 217 4966 1801 5047">
     <span class='ocr_line' id='line_1_99' title="bbox 217 4966 1801 5047; baseline 0.006 -29"><span class='ocrx_word' id='word_1_724' title='bbox 217 4967 274 5018; x_wconf 65' lang='grc' dir='ltr'>τὸ</span> <span class='ocrx_word' id='word_1_725' title='bbox 296 4966 558 5036; x_wconf 74' lang='grc' dir='ltr'>ὄργανον,</span> <span class='ocrx_word' id='word_1_726' title='bbox 581 4967 614 5036; x_wconf 86' lang='grc' dir='ltr'>ἢ</span> <span class='ocrx_word' id='word_1_727' title='bbox 644 4967 847 5031; x_wconf 87' lang='grc' dir='ltr'>ἀτόνως</span> <span class='ocrx_word' id='word_1_728' title='bbox 866 4985 927 5020; x_wconf 86' lang='grc' dir='ltr'><strong>τε</strong></span> <span class='ocrx_word' id='word_1_729' title='bbox 961 4969 1054 5021; x_wconf 78' lang='grc' dir='ltr'>καὶ</span> <span class='ocrx_word' id='word_1_730' title='bbox 1088 4971 1344 5040; x_wconf 86' lang='grc' dir='ltr'>ἀμυδρῶς</span> <span class='ocrx_word' id='word_1_731' title='bbox 1372 4973 1676 5044; x_wconf 83' lang='grc' dir='ltr'>ἐνεργήσει,</span> <span class='ocrx_word' id='word_1_732' title='bbox 1703 4975 1801 5047; x_wconf 68' lang='grc' dir='ltr'><strong>οὕχ</strong></span> 
     </span>
    </p>
   </div>
   <div class='ocr_carea' id='block_1_100' title="bbox 219 5055 1801 5134">
    <p class='ocr_par' dir='ltr' id='par_1_100' title="bbox 219 5055 1801 5134">
     <span class='ocr_line' id='line_1_100' title="bbox 219 5055 1801 5134; baseline 0.008 -28"><span class='ocrx_word' id='word_1_733' title='bbox 219 5055 616 5125; x_wconf 67' lang='grc' dir='ltr'>ὑποδεχομένου</span> <span class='ocrx_word' id='word_1_734' title='bbox 647 5055 740 5109; x_wconf 88' lang='grc' dir='ltr'><strong>τοῦ</strong></span> <span class='ocrx_word' id='word_1_735' title='bbox 787 5058 1102 5128; x_wconf 79' lang='grc' dir='ltr'>αἰσθητικοῦ</span> <span class='ocrx_word' id='word_1_736' title='bbox 1139 5060 1369 5131; x_wconf 84' lang='grc' dir='ltr'>ὀργάνου</span> <span class='ocrx_word' id='word_1_737' title='bbox 1402 5061 1469 5114; x_wconf 87' lang='grc' dir='ltr'>δι’</span> <span class='ocrx_word' id='word_1_738' title='bbox 1519 5064 1801 5134; x_wconf 72' lang='grc' dir='ltr'>ἀκριϐείας</span> 
     </span>
    </p>
   </div>
   <div class='ocr_carea' id='block_1_101' title="bbox 217 5145 1800 5224">
    <p class='ocr_par' dir='ltr' id='par_1_101' title="bbox 217 5145 1800 5224">
     <span class='ocr_line' id='line_1_101' title="bbox 217 5145 1800 5224; baseline 0.008 -29"><span class='ocrx_word' id='word_1_739' title='bbox 217 5146 310 5216; x_wconf 74' lang='grc' dir='ltr'>τὴν</span> <span class='ocrx_word' id='word_1_740' title='bbox 334 5147 562 5216; x_wconf 72' lang='grc' dir='ltr'>τέχνην.</span> <span class='ocrx_word' id='word_1_741' title='bbox 602 5145 700 5199; x_wconf 71' lang='grc' dir='ltr'>Διά</span> <span class='ocrx_word' id='word_1_742' title='bbox 720 5146 876 5200; x_wconf 83' lang='grc' dir='ltr'>τοῦτο</span> <span class='ocrx_word' id='word_1_743' title='bbox 900 5149 935 5218; x_wconf 81' lang='grc' dir='ltr'>ἦ</span> <span class='ocrx_word' id='word_1_744' title='bbox 961 5166 1020 5202; x_wconf 90' lang='grc' dir='ltr'><strong>τε</strong></span> <span class='ocrx_word' id='word_1_745' title='bbox 1053 5151 1238 5220; x_wconf 82' lang='grc' dir='ltr'>μνήμη</span> <span class='ocrx_word' id='word_1_746' title='bbox 1269 5154 1668 5224; x_wconf 87' lang='grc' dir='ltr'>συγκεχυμένη,</span> <span class='ocrx_word' id='word_1_747' title='bbox 1708 5155 1800 5208; x_wconf 79' lang='grc' dir='ltr'>καὶ</span> 
     </span>
    </p>
   </div>
   <div class='ocr_carea' id='block_1_102' title="bbox 221 5237 1800 5314">
    <p class='ocr_par' dir='ltr' id='par_1_102' title="bbox 221 5237 1800 5314">
     <span class='ocr_line' id='line_1_102' title="bbox 221 5237 1800 5314; baseline 0.006 -26"><span class='ocrx_word' id='word_1_748' title='bbox 221 5237 251 5305; x_wconf 69' lang='grc' dir='ltr'><strong>ἡ</strong></span> <span class='ocrx_word' id='word_1_749' title='bbox 293 5238 611 5307; x_wconf 79' lang='grc' dir='ltr'>πρόγνωσις</span> <span class='ocrx_word' id='word_1_750' title='bbox 664 5238 1087 5310; x_wconf 82' lang='grc' dir='ltr'>προκαλύμμασί</span> <span class='ocrx_word' id='word_1_751' title='bbox 1133 5259 1275 5295; x_wconf 89' lang='grc' dir='ltr'>τισιν</span> <span class='ocrx_word' id='word_1_752' title='bbox 1323 5243 1642 5314; x_wconf 70' lang='grc' dir='ltr'>ἀμφιϐόλοις</span> <span class='ocrx_word' id='word_1_753' title='bbox 1681 5247 1800 5298; x_wconf 85' lang='grc' dir='ltr'>ἐπι-</span> 
     </span>
    </p>
   </div>
   <div class='ocr_carea' id='block_1_103' title="bbox 221 5328 1800 5408">
    <p class='ocr_par' dir='ltr' id='par_1_103' title="bbox 221 5328 1800 5408">
     <span class='ocr_line' id='line_1_103' title="bbox 221 5328 1800 5408; baseline 0.009 -32"><span class='ocrx_word' id='word_1_754' title='bbox 221 5329 580 5392; x_wconf 77' lang='grc' dir='ltr'>νυστάζουσα,</span> <span class='ocrx_word' id='word_1_755' title='bbox 612 5329 670 5380; x_wconf 75' lang='grc' dir='ltr'><strong>ἐν</strong></span> <span class='ocrx_word' id='word_1_756' title='bbox 692 5328 928 5393; x_wconf 73' lang='grc' dir='ltr'>εἰδώλοις</span> <span class='ocrx_word' id='word_1_757' title='bbox 955 5331 1062 5384; x_wconf 89' lang='grc' dir='ltr'><strong>τῶν</strong></span> <span class='ocrx_word' id='word_1_758' title='bbox 1103 5333 1222 5385; x_wconf 76' lang='grc' dir='ltr'>καθ’</span> <span class='ocrx_word' id='word_1_759' title='bbox 1251 5332 1394 5408; x_wconf 87' lang='grc' dir='ltr'>ὕπαρ</span> <span class='ocrx_word' id='word_1_760' title='bbox 1434 5337 1800 5407; x_wconf 79' lang='grc' dir='ltr'>σπουδαζομέ-</span> 
     </span>
    </p>
   </div>
   <div class='ocr_carea' id='block_1_104' title="bbox 221 5417 1799 5492">
    <p class='ocr_par' dir='ltr' id='par_1_104' title="bbox 221 5417 1799 5492">
     <span class='ocr_line' id='line_1_104' title="bbox 221 5417 1799 5492; baseline 0.006 -20"><span class='ocrx_word' id='word_1_761' title='bbox 221 5435 318 5472; x_wconf 82' lang='grc' dir='ltr'>··ων</span> <span class='ocrx_word' id='word_1_762' title='bbox 350 5417 745 5488; x_wconf 68' lang='grc' dir='ltr'>φαντασιοῦται</span> <span class='ocrx_word' id='word_1_763' title='bbox 767 5461 782 5484; x_wconf 97' lang='grc'><strong>,</strong></span> <span class='ocrx_word' id='word_1_764' title='bbox 811 5421 903 5474; x_wconf 84' lang='grc' dir='ltr'><strong>καί</strong></span> <span class='ocrx_word' id='word_1_765' title='bbox 931 5439 983 5475; x_wconf 90' lang='grc' dir='ltr'><strong>τι</strong></span> <span class='ocrx_word' id='word_1_766' title='bbox 1014 5423 1120 5476; x_wconf 86' lang='grc' dir='ltr'><strong>τῶν</strong></span> <span class='ocrx_word' id='word_1_767' title='bbox 1149 5426 1504 5481; x_wconf 82' lang='grc' dir='ltr'>ἐκσαινόντων</span> <span class='ocrx_word' id='word_1_768' title='bbox 1542 5427 1799 5492; x_wconf 87' lang='grc' dir='ltr'>πολλάκις</span> 
     </span>
    </p>
   </div>
   <div class='ocr_carea' id='block_1_105' title="bbox 223 5509 1800 5588">
    <p class='ocr_par' dir='ltr' id='par_1_105' title="bbox 223 5509 1800 5588">
     <span class='ocr_line' id='line_1_105' title="bbox 223 5509 1800 5588; baseline 0.011 -32"><span class='ocrx_word' id='word_1_769' title='bbox 223 5510 473 5577; x_wconf 72' lang='grc' dir='ltr'>ἐμήνυσε.</span> <span class='ocrx_word' id='word_1_770' title='bbox 506 5509 600 5577; x_wconf 81' lang='grc' dir='ltr'>Τῷ</span> <span class='ocrx_word' id='word_1_771' title='bbox 630 5509 735 5580; x_wconf 76' lang='grc' dir='ltr'><strong>γάρ</strong></span> <span class='ocrx_word' id='word_1_772' title='bbox 780 5510 962 5582; x_wconf 81' lang='grc' dir='ltr'>λεπτῷ</span> <span class='ocrx_word' id='word_1_773' title='bbox 1000 5515 1096 5584; x_wconf 84' lang='grc' dir='ltr'>τῆς</span> <span class='ocrx_word' id='word_1_774' title='bbox 1129 5512 1363 5583; x_wconf 76' lang='grc' dir='ltr'>φύσεως,</span> <span class='ocrx_word' id='word_1_775' title='bbox 1405 5517 1516 5588; x_wconf 78' lang='grc' dir='ltr'>ἔχει</span> <span class='ocrx_word' id='word_1_776' title='bbox 1545 5536 1597 5571; x_wconf 92' lang='grc' dir='ltr'><strong>τι</strong></span> <span class='ocrx_word' id='word_1_777' title='bbox 1638 5519 1800 5574; x_wconf 77' lang='grc' dir='ltr'>πλέον</span> 
     </span>
    </p>
   </div>
   <div class='ocr_carea' id='block_1_106' title="bbox 227 5600 1799 5681">
    <p class='ocr_par' dir='ltr' id='par_1_106' title="bbox 227 5600 1799 5681">
     <span class='ocr_line' id='line_1_106' title="bbox 227 5600 1799 5681; baseline 0.011 -34"><span class='ocrx_word' id='word_1_778' title='bbox 227 5601 374 5668; x_wconf 74' lang='grc' dir='ltr'><strong>παρά</strong></span> <span class='ocrx_word' id='word_1_779' title='bbox 389 5600 491 5669; x_wconf 71' lang='grc' dir='ltr'><strong>τὴν</strong></span> <span class='ocrx_word' id='word_1_780' title='bbox 517 5601 832 5674; x_wconf 76' lang='grc' dir='ltr'>σωματικὴν</span> <span class='ocrx_word' id='word_1_781' title='bbox 859 5605 1237 5677; x_wconf 86' lang='grc' dir='ltr'>παχυμέρειαν</span> <span class='ocrx_word' id='word_1_782' title='bbox 1272 5609 1352 5671; x_wconf 78' lang='grc' dir='ltr'>εἰς</span> <span class='ocrx_word' id='word_1_783' title='bbox 1385 5609 1446 5662; x_wconf 85' lang='grc' dir='ltr'><strong>τὸ</strong></span> <span class='ocrx_word' id='word_1_784' title='bbox 1487 5609 1724 5681; x_wconf 77' lang='grc' dir='ltr'>καθορᾷν</span> <span class='ocrx_word' id='word_1_785' title='bbox 1749 5629 1799 5665; x_wconf 86' lang='grc' dir='ltr'><strong>τι</strong></span> 
     </span>
    </p>
   </div>
   <div class='ocr_carea' id='block_1_107' title="bbox 224 5691 1799 5769">
    <p class='ocr_par' dir='ltr' id='par_1_107' title="bbox 224 5691 1799 5769">
     <span class='ocr_line' id='line_1_107' title="bbox 224 5691 1799 5769; baseline 0.01 -29"><span class='ocrx_word' id='word_1_786' title='bbox 224 5692 323 5744; x_wconf 75' lang='grc' dir='ltr'><strong>τῶν</strong></span> <span class='ocrx_word' id='word_1_787' title='bbox 346 5692 519 5746; x_wconf 71' lang='grc' dir='ltr'>όντων</span> <span class='ocrx_word' id='word_1_788' title='bbox 548 5691 818 5749; x_wconf 76' lang='grc' dir='ltr'>δύνασθαι.</span> <span class='ocrx_word' id='word_1_789' title='bbox 854 5698 929 5751; x_wconf 86' lang='grc' dir='ltr'><strong>Οὐ</strong></span> <span class='ocrx_word' id='word_1_790' title='bbox 982 5699 1087 5769; x_wconf 78' lang='grc' dir='ltr'><strong>μην</strong></span> <span class='ocrx_word' id='word_1_791' title='bbox 1117 5698 1182 5751; x_wconf 85' lang='grc' dir='ltr'>δι’</span> <span class='ocrx_word' id='word_1_792' title='bbox 1218 5699 1433 5763; x_wconf 79' lang='grc' dir='ltr'>εὐθείας</span> <span class='ocrx_word' id='word_1_793' title='bbox 1464 5701 1607 5764; x_wconf 77' lang='grc' dir='ltr'>τινὸς</span> <span class='ocrx_word' id='word_1_794' title='bbox 1644 5702 1799 5755; x_wconf 71' lang='grc' dir='ltr'>δύνα-</span> 
     </span>
    </p>
   </div>
   <div class='ocr_carea' id='block_1_108' title="bbox 553 5781 1253 5852">
    <p class='ocr_par' dir='ltr' id='par_1_108' title="bbox 553 5781 1253 5852">
     <span class='ocr_line' id='line_1_108' title="bbox 553 5781 1253 5852; baseline 0.017 -13"><span class='ocrx_word' id='word_1_795' title='bbox 553 5781 810 5849; x_wconf 74' lang='lat' dir='ltr'><strong>ParnOL.</strong></span> <span class='ocrx_word' id='word_1_796' title='bbox 859 5791 978 5852; x_wconf 77' lang='lat' dir='ltr'><strong>Gn.</strong></span> <span class='ocrx_word' id='word_1_797' title='bbox 1031 5789 1253 5852; x_wconf 82' lang='lat' dir='ltr'><strong>XIJV.</strong></span> 
     </span>
    </p>
   </div>
   <div class='ocr_carea' id='block_1_109' title="bbox 1907 4520 3474 4598">
    <p class='ocr_par' dir='ltr' id='par_1_109' title="bbox 1907 4520 3474 4598">
     <span class='ocr_line' id='line_1_109' title="bbox 1907 4520 3474 4598; baseline 0.008 -27"><span class='ocrx_word' id='word_1_798' title='bbox 1907 4533 2127 4572; x_wconf 91' lang='lat' dir='ltr'><strong>manum</strong></span> <span class='ocrx_word' id='word_1_799' title='bbox 2170 4520 2259 4574; x_wconf 88' lang='lat' dir='ltr'><strong>ille</strong></span> <span class='ocrx_word' id='word_1_800' title='bbox 2285 4520 2502 4590; x_wconf 81' lang='lat' dir='ltr'><strong>quidem</strong></span> <span class='ocrx_word' id='word_1_801' title='bbox 2536 4520 2830 4579; x_wconf 82' lang='lat' dir='ltr'><strong>artificiose</strong></span> <span class='ocrx_word' id='word_1_802' title='bbox 2878 4533 3076 4589; x_wconf 87' lang='lat' dir='ltr'><strong>movet,</strong></span> <span class='ocrx_word' id='word_1_803' title='bbox 3114 4527 3319 4596; x_wconf 91' lang='lat' dir='ltr'><strong>plectro</strong></span> <span class='ocrx_word' id='word_1_804' title='bbox 3349 4531 3474 4598; x_wconf 85' lang='lat' dir='ltr'><strong>qui-</strong></span> 
     </span>
    </p>
   </div>
   <div class='ocr_carea' id='block_1_110' title="bbox 1906 4608 3478 4682">
    <p class='ocr_par' dir='ltr' id='par_1_110' title="bbox 1906 4608 3478 4682">
     <span class='ocr_line' id='line_1_110' title="bbox 1906 4608 3478 4682; baseline 0.008 -20"><span class='ocrx_word' id='word_1_805' title='bbox 1906 4608 2009 4663; x_wconf 89' lang='lat' dir='ltr'><strong>bus</strong></span> <span class='ocrx_word' id='word_1_806' title='bbox 2035 4610 2292 4662; x_wconf 88' lang='lat' dir='ltr'><strong>convenit</strong></span> <span class='ocrx_word' id='word_1_807' title='bbox 2319 4610 2456 4666; x_wconf 89' lang='lat' dir='ltr'><strong>loeis</strong></span> <span class='ocrx_word' id='word_1_808' title='bbox 2497 4612 2790 4682; x_wconf 88' lang='lat' dir='ltr'><strong>applicato,</strong></span> <span class='ocrx_word' id='word_1_809' title='bbox 2823 4629 2991 4670; x_wconf 91' lang='lat' dir='ltr'><strong>sonus</strong></span> <span class='ocrx_word' id='word_1_810' title='bbox 3021 4625 3200 4672; x_wconf 90' lang='lat' dir='ltr'><strong>tamen</strong></span> <span class='ocrx_word' id='word_1_811' title='bbox 3241 4620 3323 4674; x_wconf 90' lang='lat' dir='ltr'><strong>vel</strong></span> <span class='ocrx_word' id='word_1_812' title='bbox 3355 4621 3478 4674; x_wconf 91' lang='lat' dir='ltr'><strong>nul-</strong></span> 
     </span>
    </p>
   </div>
   <div class='ocr_carea' id='block_1_111' title="bbox 1906 4699 3474 4782">
    <p class='ocr_par' dir='ltr' id='par_1_111' title="bbox 1906 4699 3474 4782">
     <span class='ocr_line' id='line_1_111' title="bbox 1906 4699 3474 4782; baseline 0.011 -30"><span class='ocrx_word' id='word_1_813' title='bbox 1906 4699 2013 4764; x_wconf 92' lang='lat' dir='ltr'><strong>lus,</strong></span> <span class='ocrx_word' id='word_1_814' title='bbox 2044 4700 2124 4753; x_wconf 90' lang='lat' dir='ltr'><strong>vel</strong></span> <span class='ocrx_word' id='word_1_815' title='bbox 2150 4701 2367 4769; x_wconf 87' lang='lat' dir='ltr'><strong>ignotus</strong></span> <span class='ocrx_word' id='word_1_816' title='bbox 2390 4713 2445 4756; x_wconf 91' lang='lat' dir='ltr'><strong>et</strong></span> <span class='ocrx_word' id='word_1_817' title='bbox 2468 4703 2864 4775; x_wconf 89' lang='lat' dir='ltr'><strong>incompositus</strong></span> <span class='ocrx_word' id='word_1_818' title='bbox 2888 4707 2955 4763; x_wconf 90' lang='lat' dir='ltr'><strong>de</strong></span> <span class='ocrx_word' id='word_1_819' title='bbox 2978 4710 3071 4764; x_wconf 91' lang='lat' dir='ltr'><strong>tali</strong></span> <span class='ocrx_word' id='word_1_820' title='bbox 3102 4709 3287 4766; x_wconf 89' lang='lat' dir='ltr'><strong>fidium</strong></span> <span class='ocrx_word' id='word_1_821' title='bbox 3314 4714 3474 4782; x_wconf 88' lang='lat' dir='ltr'><strong>pulsu</strong></span> 
     </span>
    </p>
   </div>
   <div class='ocr_carea' id='block_1_112' title="bbox 1905 4790 3574 4874">
    <p class='ocr_par' dir='ltr' id='par_1_112' title="bbox 1905 4790 3574 4874">
     <span class='ocr_line' id='line_1_112' title="bbox 1905 4790 3574 4874; baseline 0.009 -30"><span class='ocrx_word' id='word_1_822' title='bbox 1905 4790 2271 4860; x_wconf 79' lang='lat' dir='ltr'><strong>exprimitur:</strong></span> <span class='ocrx_word' id='word_1_823' title='bbox 2308 4792 2380 4846; x_wconf 93' lang='lat' dir='ltr'><strong>ita</strong></span> <span class='ocrx_word' id='word_1_824' title='bbox 2432 4801 2485 4848; x_wconf 91' lang='lat' dir='ltr'><strong>et</strong></span> <span class='ocrx_word' id='word_1_825' title='bbox 2542 4799 2797 4864; x_wconf 88' lang='lat' dir='ltr'><strong>organica</strong></span> <span class='ocrx_word' id='word_1_826' title='bbox 2858 4814 3117 4855; x_wconf 90' lang='lat' dir='ltr'><strong>sensuum</strong></span> <span class='ocrx_word' id='word_1_827' title='bbox 3171 4810 3470 4874; x_wconf 83' lang='lat' dir='ltr'><strong>structura,</strong></span> <span class='ocrx_word' id='word_1_828' title='bbox 3563 4845 3574 4859; x_wconf 87' lang='lat'><strong>.</strong></span> 
     </span>
    </p>
   </div>
   <div class='ocr_carea' id='block_1_113' title="bbox 1906 4883 3476 4965">
    <p class='ocr_par' dir='ltr' id='par_1_113' title="bbox 1906 4883 3476 4965">
     <span class='ocr_line' id='line_1_113' title="bbox 1906 4883 3476 4965; baseline 0.011 -30"><span class='ocrx_word' id='word_1_829' title='bbox 1906 4883 2122 4951; x_wconf 89' lang='lat' dir='ltr'><strong>quoties</strong></span> <span class='ocrx_word' id='word_1_830' title='bbox 2148 4899 2242 4952; x_wconf 90' lang='lat' dir='ltr'><strong>per</strong></span> <span class='ocrx_word' id='word_1_831' title='bbox 2270 4899 2519 4939; x_wconf 88' lang='lat' dir='ltr'><strong>somnum</strong></span> <span class='ocrx_word' id='word_1_832' title='bbox 2549 4888 2726 4941; x_wconf 78' lang='lat' dir='ltr'><strong>laxata</strong></span> <span class='ocrx_word' id='word_1_833' title='bbox 2752 4899 2856 4951; x_wconf 90' lang='lat' dir='ltr'><strong>est,</strong></span> <span class='ocrx_word' id='word_1_834' title='bbox 2885 4892 2966 4946; x_wconf 90' lang='lat' dir='ltr'><strong>vel</strong></span> <span class='ocrx_word' id='word_1_835' title='bbox 2987 4908 3213 4962; x_wconf 87' lang='lat' dir='ltr'><strong>prorsus</strong></span> <span class='ocrx_word' id='word_1_836' title='bbox 3241 4897 3476 4965; x_wconf 89' lang='lat' dir='ltr'><strong>quiescit</strong></span> 
     </span>
    </p>
   </div>
   <div class='ocr_carea' id='block_1_114' title="bbox 1906 4971 3473 5056">
    <p class='ocr_par' dir='ltr' id='par_1_114' title="bbox 1906 4971 3473 5056">
     <span class='ocr_line' id='line_1_114' title="bbox 1906 4971 3473 5056; baseline 0.01 -30"><span class='ocrx_word' id='word_1_837' title='bbox 1906 4971 2124 5037; x_wconf 85' lang='lat' dir='ltr'><strong>artifex,</strong></span> <span class='ocrx_word' id='word_1_838' title='bbox 2159 4975 2324 5029; x_wconf 88' lang='lat' dir='ltr'><strong>veluti</strong></span> <span class='ocrx_word' id='word_1_839' title='bbox 2361 4991 2482 5030; x_wconf 90' lang='lat' dir='ltr'><strong>cum</strong></span> <span class='ocrx_word' id='word_1_840' title='bbox 2511 4993 2574 5031; x_wconf 83' lang='lat' dir='ltr'><strong>ex</strong></span> <span class='ocrx_word' id='word_1_841' title='bbox 2612 4979 2778 5034; x_wconf 90' lang='lat' dir='ltr'><strong>nimia</strong></span> <span class='ocrx_word' id='word_1_842' title='bbox 2810 4983 3108 5051; x_wconf 90' lang='lat' dir='ltr'><strong>repletione</strong></span> <span class='ocrx_word' id='word_1_843' title='bbox 3147 5001 3210 5040; x_wconf 89' lang='lat' dir='ltr'><strong>ac</strong></span> <span class='ocrx_word' id='word_1_844' title='bbox 3231 4988 3473 5056; x_wconf 84' lang='lat' dir='ltr'><strong>pondere</strong></span> 
     </span>
    </p>
   </div>
   <div class='ocr_carea' id='block_1_115' title="bbox 1906 5063 3471 5142">
    <p class='ocr_par' dir='ltr' id='par_1_115' title="bbox 1906 5063 3471 5142">
     <span class='ocr_line' id='line_1_115' title="bbox 1906 5063 3471 5142; baseline 0.01 -26"><span class='ocrx_word' id='word_1_845' title='bbox 1906 5063 2116 5134; x_wconf 84' lang='lat' dir='ltr'><strong>integra</strong></span> <span class='ocrx_word' id='word_1_846' title='bbox 2166 5064 2512 5121; x_wconf 89' lang='lat' dir='ltr'><strong>instrumenti</strong></span> <span class='ocrx_word' id='word_1_847' title='bbox 2553 5076 2638 5122; x_wconf 87' lang='lat' dir='ltr'><strong>est</strong></span> <span class='ocrx_word' id='word_1_848' title='bbox 2684 5068 2824 5123; x_wconf 87' lang='lat' dir='ltr'><strong>facta</strong></span> <span class='ocrx_word' id='word_1_849' title='bbox 2870 5073 3036 5129; x_wconf 90' lang='lat' dir='ltr'><strong>totius</strong></span> <span class='ocrx_word' id='word_1_850' title='bbox 3073 5076 3353 5142; x_wconf 80' lang='lat' dir='ltr'><strong>relaxatio,</strong></span> <span class='ocrx_word' id='word_1_851' title='bbox 3389 5081 3471 5133; x_wconf 89' lang='lat' dir='ltr'><strong>vel</strong></span> 
     </span>
    </p>
   </div>
   <div class='ocr_carea' id='block_1_116' title="bbox 1904 5147 3470 5237">
    <p class='ocr_par' dir='ltr' id='par_1_116' title="bbox 1904 5147 3470 5237">
     <span class='ocr_line' id='line_1_116' title="bbox 1904 5147 3470 5237; baseline 0.01 -31"><span class='ocrx_word' id='word_1_852' title='bbox 1904 5153 2156 5237; x_wconf 66' lang='lat' dir='ltr'><strong>languide</strong></span> <span class='ocrx_word' id='word_1_853' title='bbox 2173 5163 2224 5207; x_wconf 91' lang='lat' dir='ltr'><strong>et</strong></span> <span class='ocrx_word' id='word_1_854' title='bbox 2254 5156 2488 5211; x_wconf 89' lang='lat' dir='ltr'><strong>obscure</strong></span> <span class='ocrx_word' id='word_1_855' title='bbox 2517 5158 2647 5227; x_wconf 87' lang='lat' dir='ltr'><strong>agit,</strong></span> <span class='ocrx_word' id='word_1_856' title='bbox 2680 5159 3044 5218; x_wconf 88' lang='lat' dir='ltr'><strong>instrumento</strong></span> <span class='ocrx_word' id='word_1_857' title='bbox 3074 5180 3270 5222; x_wconf 90' lang='lat' dir='ltr'><strong>sensus</strong></span> <span class='ocrx_word' id='word_1_858' title='bbox 3299 5147 3470 5223; x_wconf 71' lang='lat' dir='ltr'><strong>artem</strong></span> 
     </span>
    </p>
   </div>
   <div class='ocr_carea' id='block_1_117' title="bbox 1905 5246 3472 5321">
    <p class='ocr_par' dir='ltr' id='par_1_117' title="bbox 1905 5246 3472 5321">
     <span class='ocr_line' id='line_1_117' title="bbox 1905 5246 3472 5321; baseline 0.01 -22"><span class='ocrx_word' id='word_1_859' title='bbox 1905 5246 2103 5301; x_wconf 90' lang='lat' dir='ltr'><strong>mentis</strong></span> <span class='ocrx_word' id='word_1_860' title='bbox 2138 5257 2450 5302; x_wconf 88' lang='lat' dir='ltr'><strong>accuratam</strong></span> <span class='ocrx_word' id='word_1_861' title='bbox 2499 5264 2604 5303; x_wconf 90' lang='lat' dir='ltr'><strong>non</strong></span> <span class='ocrx_word' id='word_1_862' title='bbox 2649 5253 2917 5321; x_wconf 89' lang='lat' dir='ltr'><strong>capiente.</strong></span> <span class='ocrx_word' id='word_1_863' title='bbox 2967 5253 3176 5312; x_wconf 89' lang='lat' dir='ltr'><strong>Idcirco</strong></span> <span class='ocrx_word' id='word_1_864' title='bbox 3211 5262 3472 5314; x_wconf 87' lang='lat' dir='ltr'><strong>memoria</strong></span> 
     </span>
    </p>
   </div>
   <div class='ocr_carea' id='block_1_118' title="bbox 1904 5335 3468 5414">
    <p class='ocr_par' dir='ltr' id='par_1_118' title="bbox 1904 5335 3468 5414">
     <span class='ocr_line' id='line_1_118' title="bbox 1904 5335 3468 5414; baseline 0.006 -26"><span class='ocrx_word' id='word_1_865' title='bbox 1904 5335 2153 5399; x_wconf 88' lang='lat' dir='ltr'><strong>confusa,</strong></span> <span class='ocrx_word' id='word_1_866' title='bbox 2187 5346 2239 5391; x_wconf 87' lang='lat' dir='ltr'><strong>et</strong></span> <span class='ocrx_word' id='word_1_867' title='bbox 2271 5338 2352 5393; x_wconf 85' lang='lat' dir='ltr'><strong>vis</strong></span> <span class='ocrx_word' id='word_1_868' title='bbox 2385 5339 2738 5408; x_wconf 66' lang='lat' dir='ltr'><strong>prmsagiendi</strong></span> <span class='ocrx_word' id='word_1_869' title='bbox 2770 5342 3039 5413; x_wconf 85' lang='lat' dir='ltr'><strong>ambiguis</strong></span> <span class='ocrx_word' id='word_1_870' title='bbox 3071 5346 3124 5399; x_wconf 92' lang='lat' dir='ltr'><strong>in</strong></span> <span class='ocrx_word' id='word_1_871' title='bbox 3147 5347 3468 5414; x_wconf 86' lang='lat' dir='ltr'><strong>quibusdam</strong></span> 
     </span>
    </p>
   </div>
   <div class='ocr_carea' id='block_1_119' title="bbox 1903 5427 3469 5501">
    <p class='ocr_par' dir='ltr' id='par_1_119' title="bbox 1903 5427 3469 5501">
     <span class='ocr_line' id='line_1_119' title="bbox 1903 5427 3469 5501; baseline 0.006 -21"><span class='ocrx_word' id='word_1_872' title='bbox 1903 5427 2224 5484; x_wconf 87' lang='lat' dir='ltr'><strong>velamentis</strong></span> <span class='ocrx_word' id='word_1_873' title='bbox 2283 5431 2439 5498; x_wconf 86' lang='lat' dir='ltr'><strong>quasi</strong></span> <span class='ocrx_word' id='word_1_874' title='bbox 2495 5431 2839 5488; x_wconf 88' lang='lat' dir='ltr'><strong>dormitando</strong></span> <span class='ocrx_word' id='word_1_875' title='bbox 2897 5443 3118 5501; x_wconf 86' lang='lat' dir='ltr'><strong>nutans,</strong></span> <span class='ocrx_word' id='word_1_876' title='bbox 3178 5439 3469 5492; x_wconf 86' lang='lat' dir='ltr'><strong>simulacra</strong></span> 
     </span>
    </p>
   </div>
   <div class='ocr_carea' id='block_1_120' title="bbox 1904 5519 3469 5597">
    <p class='ocr_par' dir='ltr' id='par_1_120' title="bbox 1904 5519 3469 5597">
     <span class='ocr_line' id='line_1_120' title="bbox 1904 5519 3469 5597; baseline 0.005 -27"><span class='ocrx_word' id='word_1_877' title='bbox 1904 5533 2110 5583; x_wconf 89' lang='lat' dir='ltr'><strong>rerum,</strong></span> <span class='ocrx_word' id='word_1_878' title='bbox 2144 5519 2344 5588; x_wconf 90' lang='lat' dir='ltr'><strong>quibus</strong></span> <span class='ocrx_word' id='word_1_879' title='bbox 2371 5521 2600 5591; x_wconf 86' lang='lat' dir='ltr'><strong>vigilans</strong></span> <span class='ocrx_word' id='word_1_880' title='bbox 2631 5535 2948 5594; x_wconf 89' lang='lat' dir='ltr'><strong>occupatur,</strong></span> <span class='ocrx_word' id='word_1_881' title='bbox 2986 5525 3334 5597; x_wconf 85' lang='lat' dir='ltr'><strong>imaginando</strong></span> <span class='ocrx_word' id='word_1_882' title='bbox 3365 5525 3469 5581; x_wconf 81' lang='lat' dir='ltr'><strong>sibi</strong></span> 
     </span>
    </p>
   </div>
   <div class='ocr_carea' id='block_1_121' title="bbox 1904 5609 3476 5691">
    <p class='ocr_par' dir='ltr' id='par_1_121' title="bbox 1904 5609 3476 5691">
     <span class='ocr_line' id='line_1_121' title="bbox 1904 5609 3476 5691; baseline 0.007 -28"><span class='ocrx_word' id='word_1_883' title='bbox 1904 5609 2200 5665; x_wconf 88' lang='lat' dir='ltr'><strong>informare</strong></span> <span class='ocrx_word' id='word_1_884' title='bbox 2254 5611 2493 5667; x_wconf 89' lang='lat' dir='ltr'><strong>videtur:</strong></span> <span class='ocrx_word' id='word_1_885' title='bbox 2544 5629 2722 5684; x_wconf 90' lang='lat' dir='ltr'><strong>neque</strong></span> <span class='ocrx_word' id='word_1_886' title='bbox 2764 5631 2871 5670; x_wconf 92' lang='lat' dir='ltr'><strong>non</strong></span> <span class='ocrx_word' id='word_1_887' title='bbox 2907 5616 3201 5684; x_wconf 87' lang='lat' dir='ltr'><strong>aliquando</strong></span> <span class='ocrx_word' id='word_1_888' title='bbox 3235 5633 3301 5672; x_wconf 87' lang='lat' dir='ltr'><strong>ea</strong></span> <span class='ocrx_word' id='word_1_889' title='bbox 3351 5633 3476 5691; x_wconf 66' lang='lat' dir='ltr'><strong>qua:</strong></span> 
     </span>
    </p>
   </div>
   <div class='ocr_carea' id='block_1_122' title="bbox 1901 5701 3473 5778">
    <p class='ocr_par' dir='ltr' id='par_1_122' title="bbox 1901 5701 3473 5778">
     <span class='ocr_line' id='line_1_122' title="bbox 1901 5701 3473 5778; baseline 0.001 -22"><span class='ocrx_word' id='word_1_890' title='bbox 1901 5701 2099 5760; x_wconf 86' lang='lat' dir='ltr'><strong>deinde</strong></span> <span class='ocrx_word' id='word_1_891' title='bbox 2125 5703 2502 5773; x_wconf 87' lang='lat' dir='ltr'><strong>comprobaret</strong></span> <span class='ocrx_word' id='word_1_892' title='bbox 2533 5715 2782 5775; x_wconf 88' lang='lat' dir='ltr'><strong>eventus,</strong></span> <span class='ocrx_word' id='word_1_893' title='bbox 2811 5706 3090 5762; x_wconf 86' lang='lat' dir='ltr'><strong>indicavit.</strong></span> <span class='ocrx_word' id='word_1_894' title='bbox 3115 5709 3250 5763; x_wconf 79' lang='lat' dir='ltr'><strong>Nam</strong></span> <span class='ocrx_word' id='word_1_895' title='bbox 3278 5719 3473 5778; x_wconf 69' lang='lat' dir='ltr'><strong>pra-ter</strong></span> 
     </span>
    </p>
   </div>
   <div class='ocr_carea' id='block_1_123' title="bbox 3152 5800 3190 5860">
    <p class='ocr_par' dir='ltr' id='par_1_123' title="bbox 3152 5800 3190 5860">
     <span class='ocr_line' id='line_1_123' title="bbox 3152 5800 3190 5860; baseline 0 0"><span class='ocrx_word' id='word_1_896' title='bbox 3152 5800 3190 5860; x_wconf 83' lang='grc'>6</span> 
     </span>
    </p>
   </div>
  </div>
