4088 6210
626 391 724 445 171

1896 382 1956 438 S.
1992 381 2320 442 GREGORII
2356 385 2653 444 NYSSENI

3781 394 3900 451 172

622 515 766 564 eam,
790 512 912 569 qua:
931 497 986 553 in
1011 498 1262 570 corporis
1282 505 1367 554 est
1392 503 1842 567 temperamento,
1865 496 2200 561 crassitiem,

2308 516 2396 553 ται
2410 500 2696 570 διασαφεῖν
2721 499 2783 555 τδ
2814 500 3127 573 λεγόμενον,
3159 502 3234 567 ὡς
3265 503 3508 576 τηλαυγῆ
3536 521 3595 559 τε
3630 506 3724 561 καὶ
3748 510 3897 581 πρό-

629 592 794 647 habet
835 589 1096 661 quiddam
1144 606 1240 660 per
1286 597 1495 645 natura:
1539 587 1921 652 subtilitatem,
1974 602 2082 658 quo
2113 602 2205 644 res

627 682 940 755 perspicere
977 681 1172 752 possit.
1210 680 1395 753 Neque
1432 688 1613 737 tamen
1642 680 1733 734 illa
1760 685 1845 734 est
1885 678 1989 745 vis,
2021 686 2083 734 ut
2114 680 2202 735 di-

623 784 777 830 recto
836 774 1021 828 futura
1074 774 1334 839 declaret,
1398 773 1577 843 deque
1635 771 1703 827 iis
1752 769 1991 825 dilucide
2041 780 2204 840 atque

626 870 813 932 aperte
841 877 943 917 nos
970 862 1195 917 doceat:
1240 862 1334 917 sed
1356 870 1441 917 est
1468 870 1678 916 tantum
1704 860 1952 931 quadam
1978 860 2202 929 obliqua

624 961 679 1008 et
698 953 953 1024 ambigua
976 953 1144 1007 futuri
1166 962 1393 1009 eventus
1418 952 1768 1023 signiﬁcatio,
1794 965 1955 1021 quam
1973 952 2202 1021 aenigma

627 1058 849 1113 vocant,
900 1047 995 1119 qui
1044 1047 1101 1101 in
1141 1046 1226 1101 his
1278 1044 1702 1116 interpretandis
1750 1051 2057 1098 versantur.
2110 1040 2202 1097 Sic

629 1139 723 1209 qui
764 1154 795 1193 a
826 1138 1039 1209 poculis
1075 1144 1189 1193 erat
1223 1136 1515 1199 Pharaoni,
1559 1151 1655 1205 per
1682 1148 1936 1189 somnum
1974 1133 2027 1186 in
2060 1132 2200 1202 regis

632 1231 859 1286 calicem
898 1231 1111 1285 botrum
1138 1228 1427 1298 exprimit:
1471 1226 1550 1281 sic
1584 1227 1761 1295 pistor
1798 1223 2063 1294 ejusdem,
2109 1237 2199 1276 ca-

632 1322 866 1377 nistrum
901 1321 1005 1376 sibi
1047 1327 1259 1391 gestare
1285 1318 1499 1373 videtur
1520 1317 1589 1373 ⁸³.
1623 1316 1759 1382 Quia
1795 1314 1936 1369 enim
1978 1322 2204 1383 uterque

630 1413 862 1483 vigilans
918 1412 1004 1467 bis
1053 1410 1219 1465 rebus
1261 1406 1520 1477 occupari
1574 1420 1904 1476 magnopere
1962 1412 2202 1473 cuperet,

630 1504 796 1559 etiam
851 1519 948 1574 per
1003 1516 1253 1557 somnum
1309 1514 1373 1555 ea
1427 1498 1541 1553 ﬁeri
1598 1497 1842 1568 putabat.
1900 1496 2205 1550 Simulacra

2305 589 2463 662 δηλον
2488 586 2628 646 εῖναι
2649 592 2747 663 τὴν
2786 591 2894 647 τῶν
2926 593 3301 665 προκειμένων
3333 594 3678 663 διδασκαλίαν
3697 615 3710 628 ο
3739 599 3901 654 ἀλλά

2304 678 2433 751 λοξὴ
2461 681 2555 733 καὶ
2584 679 2883 749 ἀμφίϐολος
2913 680 3007 734 τοῦ
3038 681 3321 751 μέλλοντος
3340 683 3373 751 ή
3396 680 3624 750 δήλωσις
3649 684 3897 751 γίνεται,

2305 772 2441 842 ὅπερ
2469 771 2697 843 αἴνιγμα
2724 772 2970 842 λέγουσιν
3002 762 3141 828 οῖ’τά
3170 773 3395 828 τοιαῦτα
3444 776 3896 847 ὑποκρινόμενοι.

2309 861 2495 925 Ούτως
2523 863 2552 914 6
2578 863 2812 933 οἰνοχόος
2862 863 3099 918 ἐκθλίϐει
3145 864 3241 935 τὴν
3270 864 3464 937 βότρυν
3492 869 3560 937 τῇ
3582 867 3763 921 κύλικι
3789 867 3898 920 τοῦ

2307 953 2507 1025 Φαραώ
2530 971 2543 985 ·
2567 954 2709 1008 οὕτω
2735 959 3061 1027 κανηφορεῖν
3093 957 3123 1009 ό
3162 957 3432 1019 σιτοποιὸς
3462 957 3794 1027 ἐφαντάσθη,
3831 960 3899 1011 ἑν

2306 1040 2388 1109 οἷς
2417 1045 2537 1099 καθ’
2563 1045 2710 1117 ὕπαρ
2739 1046 2996 1119 ἑκάτερος
3020 1049 3118 1120 τὴν
3146 1048 3375 1118 σπουδὴν
3401 1042 3567 1117 εἶχεν,
3594 1051 3652 1101 ἐν
3673 1049 3901 1113 τούτοις

2307 1132 2445 1189 εἶναι
2478 1137 2571 1190 καὶ¹
2592 1137 2687 1197 διά,
2707 1136 2813 1191 τῶν
2834 1138 3056 1210 ὀνείρων
3084 1140 3345 1208 οἰόμενος.
3366 1139 3486 1192 Τῶν
3502 1141 3609 1210 γὰρ
3636 1141 3897 1211 συνήθων

2307 1226 2487 1288 αὐτοῖς
2513 1227 2955 1297 ἐπιτηδευμάτων
2974 1228 3040 1282 τὰ
3067 1228 3257 1281 εἴδωλα
3281 1228 3359 1299 τῷ
3372 1230 3763 1301 προγνωστικῷ
3785 1231 3896 1300 τῆς

2307 1317 2483 1388 ψυχῆς
2516 1317 2918 1385 ἐντυπωθέντα,
2949 1320 3222 1391 παρέσχεν
3262 1322 3353 1374 ἐπὶ
3396 1321 3588 1392 καιροῦ
3632 1323 3740 1375 τῶν
3788 1325 3897 1377 ἐκ-

2311 1407 2629 1477 δησομένων
2676 1408 2764 1462 διὰ
2815 1411 2914 1481 τῆς
2959 1412 3213 1482 τοιαύτης
3268 1412 3361 1465 τοῦ
3405 1412 3497 1466 νοῦ
3549 1416 3894 1483 προφητείας

2312 1497 2883 1567 καταμαντεύσασθαι.

632 1609 869 1665 namque
910 1594 1216 1649 studiorum
1244 1605 1307 1645 ac
1335 1591 1479 1654 vitae,
1510 1590 1598 1644 cui
1624 1596 2001 1646 assueverant,
2034 1587 2173 1657 parti
2202 1585 2369 1641 animi
2400 1588 2467 1643 de
2493 1589 2693 1646 futuris
2732 1589 3041 1661 dispicienti
3074 1592 3363 1661 impressa,
3400 1593 3668 1652 faciebant
3703 1606 3763 1651 ut
3789 1613 3894 1667 per

631 1685 772 1739 hanc
810 1684 1009 1740 mentis
1052 1682 1486 1754 prmsagitionem
1516 1679 1799 1750 quiddam,
1848 1680 1937 1733 cui
2002 1676 2356 1747 responderet
2381 1686 2630 1745 eventus,
2666 1682 2770 1736 sibi
2802 1682 3242 1738 vaticinarentur.

704 1776 842 1830 lllud
864 1777 1106 1846 quidem,
1136 1776 1282 1846 quod
1314 1774 1504 1829 Daniel
1534 1781 1589 1829 et
1611 1772 1888 1845 Josepbus
1917 1780 1971 1828 et
2004 1773 2089 1828 his
2118 1770 2205 1826 alii

2380 1771 2443 1826 El
2472 1774 2528 1827 δὲ
2556 1776 2751 1846 Δανιὴλ
2785 1776 3126 1849 καὶῚωσὴφ,
3159 1778 3254 1831 καὶ
3283 1781 3332 1832 οἱ
3364 1783 3483 1835 κατ’
3502 1781 3742 1848 ἐκείνους
3764 1786 3895 1857 θείᾳ

633 1867 967 1930 consimiles,
1029 1865 1284 1921 facultate
1306 1864 1539 1935 quadam
1566 1864 1773 1928 divina,
1810 1862 2064 1919 sensibus
2097 1862 2201 1915 mi-

633 1959 779 2013 nime
804 1958 1159 2026 perturbatis,
1201 1971 1384 2011 rerum
1439 1956 1749 2010 futurarum
1780 1953 2089 2023 cognitione
2118 1953 2204 2006 in-

630 2050 826 2104 structi
860 2047 1101 2115 fuerunt,
1153 2048 1289 2102 nihil
1327 2046 1395 2101 ad
1428 2046 1483 2101 id
1514 2046 1582 2102 de
1636 2062 1744 2118 quo
1770 2047 1951 2117 agitur
1989 2045 2202 2100 attinet.

632 2140 752 2196 Non
786 2139 931 2195 enim
968 2139 1257 2210 quisquam
1288 2137 1405 2193 hac
1430 2144 1578 2192 recte
1612 2137 1679 2192 ad
1708 2136 2047 2193 somniorum
2078 2134 2207 2191 effe-

633 2240 721 2285 cta
751 2231 1020 2297 retulerit,
1068 2230 1174 2285 nisi
1208 2228 1349 2284 forte
1384 2228 1598 2284 ratione
1627 2228 1815 2284 eadem
1854 2227 2068 2283 divinas
2110 2242 2205 2298 ap-

2310 1862 2561 1934 δυνάμει,
2586 1867 2853 1938 μηδεμιᾶς
2866 1869 3064 1933 αὐτοὺς
3082 1870 3433 1941 ἐπιθολούσης
3446 1873 3606 1943 αίσθή
3616 1892 3768 1940 σεως,
3783 1878 3894 1949 τὴν

2310 1954 2422 2009 τῶν
2470 1956 2772 2025 μελλόντων
2803 1959 3002 2027 γνῶσιν
3030 1963 3500 2033 προεπαιδεύοντο,
3532 1965 3683 2018 ούδέν
3726 1966 3894 2021 τοῦτο

2311 2045 2448 2116 πρὸς
2468 2047 2560 2100 τὸν
2584 2048 2942 2119 προκείμενον
2961 2038 3134 2119 λόγον.
3158 2053 3421 2129 γὰρ
3437 2055 3501 2109 ἄν
3517 2073 3599 2118 τις
3613 2056 3783 2111 ταῦτα
3816 2062 3888 2129 τῇ

2309 2132 2534 2204 δυνάμει
2554 2135 2661 2190 τῶν
2670 2139 2953 2212 Magio
2974 2122 3417 2209 λογίσαῗτῖ-ἐπελ
3444 2145 3659 2209 πάντως
3686 2147 3751 2199 ἐκ

2309 2224 2603 2280 ἀκολούθου
2627 2230 2833 2293 καὶτὰς
2854 2231 2977 2285 καθ’
2990 2232 3135 2305 ὕπαρ
3146 2234 3435 2305 γινομένας
3452 2236 3770 2307 θεοφανείας
3784 2241 3891 2295 ούκ

633 2322 953 2393 paritiones,
995 2336 1119 2393 quae
1157 2319 1437 2376 nonnullis
1470 2319 1820 2390 vigilantibus
1851 2334 1911 2375 se
1946 2317 2201 2383 offerunt,

2308 2317 2595 2399 ﬂigi),
2615 2320 2750 2374 ἀλλά
2777 2321 2989 2391 φύσεως
3003 2324 3321 2380 ἀκολουθίαν
3348 2327 3485 2381 κατὰ
3502 2328 3563 2381 τὸ
3584 2329 3889 2399 αὐτόματον

633 2426 741 2466 non
774 2410 1063 2482 peculiaria
1083 2409 1220 2475 visa,
1245 2410 1340 2465 sed
1358 2414 1787 2464 consentaneum
1809 2422 1947 2477 opus
1970 2415 2200 2471 natura,

635 2508 824 2569 suapte
847 2500 895 2554 vi
924 2499 1158 2571 quadam
1186 2499 1240 2554 id
1267 2497 1573 2561 eﬂicientis,
1601 2512 1724 2553 esse
1752 2504 1974 2552 statuat.
2000 2495 2203 2561 Quem-

635 2591 928 2646 admodum
968 2606 1120 2662 ergo,
1164 2606 1291 2646 cum
1349 2588 1599 2649 homines
1640 2587 1881 2643 universi
1947 2601 1978 2641 a
2025 2592 2208 2640 mente

634 2682 852 2752 propria
898 2688 1179 2753 regantur,
1222 2681 1383 2754 pauci
1428 2689 1611 2737 tamen
1640 2679 1863 2750 quidam
1910 2678 2205 2743 exsistunt,

634 2773 958 2842 quibuscum
990 2772 1131 2829 Deus
1168 2772 1463 2829 manifesto
1488 2788 1626 2844 pene
1653 2770 1975 2825 familiarem
2010 2770 2064 2823 in
2092 2783 2210 2822 mo-

635 2866 765 2920 dum
789 2874 1072 2921 versatur:
1108 2866 1186 2921 sic
1209 2880 1335 2921 cum
1356 2865 1440 2920 vis
1466 2861 1803 2935 imaginandi
1833 2876 1929 2931 per
1954 2873 2209 2915 somnum

636 2955 891 3011 omnibus
923 2970 1077 3026 teque
1122 2970 1186 3010 ac
1214 2956 1334 3012 sine
1368 2955 1682 3011 discrimine
1725 2969 1757 3008 a
1794 2963 1988 3007 natura
2026 2952 2097 3005 sit
2129 2951 2211 3004 in-

635 3045 770 3113 dita,
813 3047 968 3118 pauci
1005 3062 1073 3102 ex
1104 3046 1488 3102 universorum
1532 3054 1676 3100 coztu
1721 3053 1870 3109 sunt,
1902 3042 2103 3111 quibus
2132 3040 2211 3094 di-

2270 2385 2525 2415 -ρεῖῖζς

2309 2404 2706 2481 ἐνερῨῖῑύῙὶένην
2725 2413 2983 2483 οἰήσεται.
3011 2415 3217 2486 Ὥσπερ
3236 2417 3412 2471 τοίνυν
3432 2418 3649 2472 πάντων
3675 2417 3890 2489 ἀνθρὼ-

2310 2514 2427 2551 πων
2442 2500 2583 2553 κατά
2598 2501 2687 2554 τὸν
2709 2502 2837 2556 [διον
2860 2504 2984 2558 νοῦν
3006 2506 3406 2577 διοικουμένων,
3422 2509 3590 2577 ὀλίγοι
3635 2515 3775 2573 τινές
3801 2511 3891 2563 εί-

2313 2603 2395 2639 σιν
2422 2590 2469 2640 οί
2499 2588 2598 2659 τῆς
2626 2590 2774 2654 θείας
2798 2593 3011 2666 ὁμιλίας
3037 2595 3101 2647 ἐκ
3133 2595 3226 2648 τοῦ
3240 2596 3523 2671 ἐμφανοῦς
3551 2598 3885 2668 ἀξιούμενοι·

2310 2674 2453 2730 οὕτω
2490 2679 2686 2743 κοινῶς
2712 2683 2846 2738 πᾶσι
2886 2685 2978 2737 καὶ
3007 2684 3283 2755 ὀμοτίμως
3312 2686 3413 2755 τῆς
3454 2686 3510 2737 ἐν
3535 2684 3721 2749 ὕπνοις
3752 2704 3887 2756 φαν-

2309 2769 2502 2833 τασίας
2549 2772 2690 2826 κατὰ
2748 2773 2908 2843 φύσιν
2957 2777 3349 2847 ἐγγινομένης,
3385 2779 3668 2849 μετέχουσι
3712 2797 3880 2844 τινες,

2310 2860 2431 2929 οὐχὶ
2467 2862 2685 2937 πάντες,
2732 2864 3005 2936 θειοτέρας
3036 2866 3179 2930 τινὸς
3224 2868 3311 2921 διὰ
3355 2869 3462 2924 τῶν
3511 2870 3735 2940 ὀνείρων
3778 2871 3881 2941 τῆς

2310 2951 2628 3021 ἐμφανείας.
2672 2956 2798 3020 Τοῖς
2841 2958 2886 3009 δ’
2915 2959 3093 3022 ἄλλοις
3135 2961 3268 3013 πᾶσι
3311 2959 3415 3012 κᾶν
3461 2960 3684 3031 γένηταί
3712 2978 3801 3025 τις
3824 2962 3883 3027 ἐξ

2311 3044 2577 3098 ἐνυπνίων
2614 3046 2740 3117 περί
2784 3065 2835 3101 τι
2885 3048 3225 3119 πρόγνωσις,
3263 3050 3403 3103 κατὰ
3447 3051 3538 3104 τὸν
3593 3052 3881 3122 εἰρημένον

636 3116 849 3194 viniora
876 3153 936 3194 se
967 3136 1307 3193 somniorum
1339 3134 1453 3188 visa
1481 3134 1737 3188 offerunt.
1778 3130 1971 3186 Caateri
2004 3130 2049 3185 si
2078 3129 2205 3199 quid

2310 3132 2520 3201 γίνεται
2545 3116 2763 3205 τρόπον.
2795 3139 2858 3190 El
2888 3116 2944 3191 δέ
2976 3116 3070 3192 καὶ
3101 3142 3129 3193 6
3172 3141 3468 3209 Αἰγύπτιος
3503 3143 3597 3195 καὶ
3689 3116 3880 3198 ’Ᾰσσύ-

636 3227 706 3281 de
750 3226 1090 3283 somniorum
1124 3222 1455 3290 coniecturis
1491 3221 1567 3275 rei
1606 3220 1804 3273 futura:
1830 3227 2204 3287 cognoscunt:

635 3318 689 3371 id
724 3326 897 3372 totum
928 3316 1046 3371 ﬁeri
1080 3330 1167 3379 eo,
1212 3330 1321 3386 quo
1350 3312 1646 3367 indicatum
1675 3316 1781 3373 est,
1823 3308 1985 3362 modo
2014 3314 2210 3377 putan-

636 3408 763 3462 dum
797 3409 919 3463 erit.
956 3405 1112 3472 Quod
1146 3413 1324 3461 autem
1352 3411 1405 3457 et
1432 3400 1721 3473 Egyplius
1760 3410 1812 3455 et
1836 3398 2095 3469 Assyrius
2123 3406 2209 3468 ty-

635 3513 842 3555 rannus
881 3497 977 3553 Dei
1023 3504 1160 3552 nutu
1205 3496 1273 3551 ad
1308 3495 1617 3549 futurorum
1670 3492 1956 3549 scientiam
1990 3489 2209 3545 deducti

636 3597 786 3654 sunt,
837 3590 940 3645 hoc
988 3603 1203 3659 quoque
1242 3586 1351 3641 alio
1402 3583 1733 3653 respiciente
1772 3581 1883 3637 Deo
1931 3582 2204 3636 usuvenit.

634 3680 772 3736 Nam
802 3696 867 3736 eo
894 3690 1051 3752 pacto
1076 3686 1391 3736 sanctorum
1424 3674 1783 3746 quorumdam
1812 3672 2093 3727 hominum
2123 3687 2213 3727 sa-

638 3773 897 3843 pientiam
931 3773 1185 3828 omnibus
1229 3772 1574 3826 innotescere
1603 3766 1868 3837 oportuit,
1906 3775 1965 3820 ut
1994 3779 2056 3820 ea
2085 3764 2210 3819 vita:

637 3866 921 3921 hominum
965 3864 1115 3919 utilis
1158 3872 1321 3920 esset.
1364 3860 1467 3927 Qui
1496 3859 1643 3915 enim
1674 3857 1789 3912 fieri
1826 3859 2115 3928 potuisset,
2150 3863 2210 3911 ut

638 3959 695 4011 in
723 3956 942 4011 Daniele
971 3954 1199 4010 facultas
1230 3969 1355 4010 esse
1390 3948 1728 4007 vaticinandi
1770 3947 2207 4018 deprehendere-

637 4058 750 4112 tur,
779 4047 887 4102 nisi
933 4052 1315 4101 excantatores
1344 4050 1399 4098 et
1447 4039 1589 4110 magi
1639 4038 1913 4093 somnium
1982 4036 2125 4106 regis
2154 4041 2208 4089 et

639 4137 883 4193 invenire
949 4143 1003 4191 et
1078 4129 1430 4203 interpretari
1506 4126 1871 4197 nequissent?
1932 4122 2206 4195 quomodo

637 4228 1019 4301 Egyptiorum
1043 4222 1359 4281 conservari
1388 4219 1538 4277 natio
1569 4217 1857 4289 potuisset,
1882 4214 2121 4284 Josepho
2149 4213 2205 4267 in

637 4339 858 4381 carcere
882 4322 1067 4379 abdito
1089 4328 1143 4377 et
1168 4319 1453 4381 concluso,
1486 4317 1531 4373 si
1561 4331 1667 4371 non
1704 4313 1902 4369 somnii
1943 4311 2204 4382 explana-

2312 3241 2425 3295 ριος
2460 3225 2719 3297 τύραννος
2754 3227 2936 3281 θεόθεν
2974 3230 3109 3301 πρὸς
3136 3232 3234 3301 τὴν
3272 3232 3380 3285 τῶν
3414 3233 3712 3302 μελλόντων
3740 3235 3877 3307 ὠδηο

2309 3313 2503 3384 γοῦντο
2532 3316 2756 3384 γνῶσιν,
2784 3318 2970 3389 ἕτερόν
2995 3322 3109 3373 ἐστι
3146 3321 3208 3374 τὸ
3232 3322 3319 3375 διὰ
3346 3322 3549 3376 τούτων
3572 3326 3879 3394 οἰκονομού-

2313 3422 2471 3476 μενον
2490 3425 2503 3439 ·
2534 3409 2909 3480 φανερωθῆναι
2943 3410 3050 3481 γὰρ
3088 3410 3193 3464 ἔδει
3229 3416 3615 3486 κεκρυμμένην
3642 3419 3743 3486 τὴν
3773 3418 3879 3471 τῶν

2310 3500 2482 3568 ἁγίων
2510 3501 2721 3569 σοφίαν,
2752 3502 2827 3565 ὡς
2870 3502 2937 3555 ἂν
2969 3502 3043 3573 μὴ
3077 3503 3347 3575 ἄχρηστος
3392 3506 3469 3576 τῷ
3498 3507 3660 3576 κοινῷ
3703 3526 3878 3580 παρα-

2307 3593 2491 3666 δράμῃ
2516 3594 2604 3646 τὸν
2657 3593 2789 3664 βίον.
2831 3594 2955 3656 Πῶς
2982 3594 3089 3665 γάρ
3126 3594 3371 3666 ἐγνώσθη
3406 3596 3642 3659 τοιοῦτος
3670 3596 3746 3651 ῶν
3774 3602 3875 3652 Δα-

2307 3688 2447 3759 νιὴλ,
2489 3686 2564 3758 μὴ
2592 3686 2697 3739 τῶν
2741 3685 3007 3739 ἐπαοιδῶν
3055 3686 3148 3739 καὶ⁵
3186 3687 3374 3756 μάγων
3407 3688 3543 3756 πρὸς
3573 3688 3671 3758 τὴν
3725 3690 3876 3760 εὔρε-

2310 3797 2393 3833 σιν
2431 3780 2530 3850 τῆς
2577 3778 2874 3849 φαντασίας
2915 3777 3291 3849 ἀτονησάντων
3319 3796 3333 3845 ;
3364 3778 3489 3841 Πῶς
3523 3779 3566 3831 δ’
3601 3781 3667 3833 ἂν
3726 3798 3877 3852 περι-

2309 3866 2490 3935 εσώθη
2505 3866 2566 3918 τὸ
2586 3867 2876 3934 Αίγύπτιον
2894 3867 3063 3929 ἔθνος,
3085 3868 3142 3917 ἐν
3165 3865 3525 3935 δεσμωτηρίῳ
3545 3868 3872 3934 καθειργμέ-

2308 3973 2400 4011 νου
2433 3956 2526 4009 τοῦ
2570 3956 2790 4026 Ἰωσὴφ,
2826 3958 2873 4009 εί
2910 3956 2983 4027 μὴ
3030 3957 3350 4026 παρήγαγεν
3380 3957 3460 4020 είς
3492 3958 3687 4027 μέσους
3715 3956 3874 4009 αὑτὸν

2307 4050 2343 4117 ἠ
2378 4046 2472 4102 τοῦ
2517 4049 2765 4102 ἐνυπνίου
2810 4048 3020 4118 κρίσις;
3069 4047 3279 4102 Οὐκοῦν
3302 4047 3428 4101 ἀλλο
3470 4064 3521 4100 τι
3560 4051 3751 4115 ταῦτα,
3785 4050 3872 4103 καὶ

2305 4138 2427 4208 οὐχὶ
2460 4137 2601 4192 κατὰ
2631 4137 2728 4203 τάς
2771 4136 2955 4199 κοινὰς
2983 4136 3283 4204 φαντασίας
3323 4134 3625 4204 λογίζεσθαι
3654 4137 3777 4206 χρή.
3810 4137 3872 4189 'li

2305 4228 2363 4282 δὲ
2400 4227 2633 4298 συνήθης
2681 4227 2822 4296 αὕτη
2857 4226 2967 4279 τῶν
3011 4226 3233 4296 ὀνείρων
3278 4225 3398 4295 lida;
3451 4224 3603 4295 κοινὴ
3658 4225 3873 4278 πάντων

2305 4319 2454 4384 ἐστὶ,
2484 4319 2832 4390 πολυτρόπως
2886 4318 2980 4371 καὶ
3040 4317 3333 4381 πολυειδῶς
3382 4318 3504 4380 ταῖς
3555 4316 3870 4386 φαντασίαις

637 4416 717 4470 tio
768 4414 1089 4485 praebuisset
1120 4411 1487 4473 occasionem,
1544 4422 1648 4477 qua
1694 4407 1754 4461 in
1785 4412 1985 4459 emtum
2037 4402 2205 4456 totius

2308 4411 2648 4482 ἐγγινομένη,
2682 4406 2753 4463 ’Ἡ
2782 4410 2891 4481 γάρ
2930 4410 3262 4479 παραμένει,
3294 4407 3475 4472 καθὼς
3514 4408 3765 4481 εἴρηται,
3796 4408 3872 4478 τῷ

640 4504 820 4573 gentis
844 4504 1253 4561 accerseretur?
1278 4502 1493 4558 idcirco
1526 4497 1871 4555 statuendum
1895 4504 1999 4559 est,
2028 4493 2207 4548 diver-

641 4608 759 4648 sam
798 4593 993 4647 horum
1039 4594 1306 4648 rationem
1330 4606 1472 4658 esse,
1514 4606 1636 4661 quae
1675 4589 1742 4644 ad
1777 4601 2095 4644 communes
2122 4585 2205 4640 vi-

640 4682 827 4739 siones
854 4696 963 4736 non
992 4691 1278 4752 congruat.
1314 4681 1526 4738 Usitata
1554 4695 1680 4735 vero
1703 4678 2036 4735 somniorum
2067 4676 2203 4740 visa,

640 4770 894 4827 omnibus
914 4771 1094 4833 obvia,
1129 4786 1387 4840 perquam
1426 4770 1594 4825 variis
1619 4769 1793 4823 modis
1822 4767 2205 4823 informantur.

638 4861 750 4918 Aut
777 4860 944 4923 enim,
983 4859 1439 4930 quemadmodum
1482 4865 1566 4913 est
1597 4858 1923 4926 expositum,
1977 4856 2204 4912 extremi

641 4950 801 5021 quasi
846 4949 967 5005 soni
1011 4948 1334 5003 diurnarum
1362 4947 1706 5004 eﬂ‘ectionum
1747 4946 1802 5000 in
1852 4956 2007 5017 parte
2038 4945 2205 5000 animi

642 5041 1027 5097 reminiscente
1052 5038 1247 5108 reliqui
1277 5038 1537 5100 tinniunt,
1572 5043 1664 5090 aut
1684 5050 1784 5105 pro
1803 5050 1869 5090 eo
1899 5044 2061 5105 atque
2090 5049 2210 5089 cor-

642 5148 745 5203 pus
784 5131 1032 5189 affectum
1064 5138 1170 5195 est,
1227 5128 1438 5185 somnia
1466 5142 1682 5198 quoque
1722 5128 2015 5198 ﬁnguntur.
2055 5127 2211 5182 Patet

643 5224 748 5278 hoc
791 5239 856 5279 ex
901 5238 989 5290 eo,
1034 5223 1177 5293 quod
1225 5221 1315 5293 qui
1360 5221 1573 5285 sitiunt,
1630 5235 1752 5275 esse
1780 5222 1845 5273 ad
1880 5219 2058 5275 fontes
2088 5233 2209 5274 sese

643 5311 995 5367 existimant:
1044 5310 1137 5381 qui
1168 5308 1440 5373 esuriunt,
1485 5307 1539 5361 in
1564 5306 1853 5373 conviviis,
1888 5307 2208 5362 adolescens

645 5418 741 5472 per
783 5410 996 5458 aetatem
1040 5401 1354 5467 lasciviens,
1411 5408 1778 5458 consentanea
1830 5398 2038 5454 libidini
2095 5412 2208 5453 sua:

644 5497 991 5568 imaginatur.
1020 5494 1279 5565 Equidem
1307 5501 1362 5551 et
1388 5494 1549 5549 aliam
1577 5491 1864 5564 quamdam
1888 5498 2085 5561 praeter
2108 5492 2206 5547 has

644 5584 975 5638 somniorum
1002 5598 1226 5639 causam
1250 5583 1436 5649 didici,
1475 5597 1598 5638 cum
1626 5581 1995 5637 necessarium
2022 5596 2208 5651 quem-

711 5732 753 5762 ⁸³
784 5738 916 5793 Gen.
942 5752 1032 5808 ιι,
1072 5740 1091 5794 l
1133 5754 1283 5813 seqq.

2313 4500 2629 4573 μνημονικῷ
2674 4500 2773 4569 τῆς
2800 4499 2975 4570 ψυχῆς
3003 4498 3109 4552 τῶν
3168 4498 3544 4569 μεθημερινῶν
3593 4498 3872 4568 ἐπιτηδευ-

2312 4592 2495 4663 μάτων
2524 4592 2590 4646 τά
2632 4591 2969 4660 ἀπηχήματα
3136 4589 3395 4651 πολλάκις
3445 4588 3540 4641 καὶ
3590 4588 3730 4658 πρὸς
3778 4587 3873 4650 τάς

2308 4684 2468 4748 ποιὰς
2494 4683 2587 4737 τοῦ
2620 4682 2867 4753 σώματος
2903 4681 3219 4751 διαθέσειςὴ
3249 4680 3357 4733 τῶν
3392 4682 3657 4733 ἐνυπνίων
3705 4680 3872 4733 κατά-

2310 4790 2496 4836 στασις
2518 4771 2904 4827 ἀνατυποῦται.
2939 4770 3094 4824 Ούτω
3121 4769 3230 4842 γὰρ
3259 4772 3287 4823 6
3316 4770 3549 4840 διψώδης
3583 4773 3641 4823 ἐν
3674 4773 3875 4839 πηγαῖς

2307 4859 2447 4918 εἶναι
2475 4863 2640 4925 δοκεῖ,
2669 4864 2762 4916 καὶ
2800 4864 2856 4915 ἐν
2887 4861 3139 4931 εὐωχίαις
3170 4863 3198 4913 6
3226 4862 3431 4933 τροφῆς
3459 4860 3870 4930 προσδεόμενος,

2310 4954 2402 5007 καὶ
2428 4955 2457 5005 6
2486 4954 2623 5018 νέος,
2658 4950 2975 5022 σφριγώσης
2997 4949 3143 5019 αύτῷ
3170 4950 3267 5020 τῆς
3295 4949 3529 5020 ἡλικίας,
3558 4949 3872 5019 καταλλήλῳ

2306 5043 2386 5114 τῷ
2434 5043 2595 5098 πάθει
2647 5040 3050 5111 φαντασιοῖνιαι.
3091 5042 3301 5108 Ἔγνων
3333 5039 3389 5093 δὲ
3430 5040 3523 5092 καὶ
3569 5039 3734 5110 ἀλλην
3765 5038 3873 5106 ἐγὼ

2308 5134 2417 5188 τῶν
2452 5133 2571 5187 καθ’
2609 5131 2779 5185 ὕπνου
2819 5131 3124 5202 γενομένων
3161 5132 3369 5195 αἰτίαν,
3405 5131 3722 5202 θεραπεύων
3758 5131 3873 5184 τινὰ

2306 5224 2415 5278 τῶν
2461 5223 2776 5290 ἐπιτηδείων
2808 5223 3083 5277 ἑαλωκότα
3120 5223 3410 5295 φρενίτιδι,
3450 5223 3507 5285 ὀς
3545 5222 3874 5293 βαρούμενος

2307 5318 2372 5386 τῇ
2395 5317 2567 5385 τροφῇ
2594 5314 2792 5368 πλείονι
2816 5314 2915 5384 τῆς
2943 5314 3223 5385 δυνάμεως
3242 5314 3407 5368 αὑτοῦ
3430 5313 3871 5384 προσενεχθείσῃ.

2307 5406 2641 5483 ἐσόαητοὺς
2700 5405 3066 5477 περιεστῶτας
3117 5406 3502 5476 μεμφόμενος,
3548 5405 3632 5457 ὅτι
3689 5403 3869 5472 ἔντερα

2308 5497 2511 5551 κόποου
2546 5496 2930 5568 πληρώσαντες
2964 5491 3073 5549 εἷεν
3098 5495 3494 5558 ἐπιτιθεικότες
3524 5492 3700 5562 αύτῷ.
