4088 6210
309 301 417 356 1¹13

1571 293 1659 348 DE
1703 291 1984 348 HOMINIS
2020 290 2333 348 OPIFICIO.

3475 293 3576 351 ιιι

311 412 445 467 dam
487 408 825 464 laborantem
864 421 932 462 ex
980 406 1287 478 phrenitide
1330 417 1604 462 curarem.
1639 407 1776 462 Cibo
1811 407 1957 462 enim
1997 406 2254 477 largiore,
2299 417 2460 476 quam
2491 405 2666 476 ipsius
2710 405 2917 462 viribus
2949 408 3282 474 conveniret,
3317 414 3577 477 gravatus

313 502 616 568 clamabat,
652 508 708 557 et
740 507 988 557 astantes
1017 500 1361 573 objurgabat,
1389 500 1746 572 quamobrem
1774 500 2033 557 intestina
2065 513 2222 555 emno
2261 499 2466 568 repleta
2497 499 2602 556 sibi
2641 499 3048 570 imposuissent.

389 615 494 668 Καὶ
519 613 620 684 ἥδη
681 612 778 666 τοῦ
803 611 1054 684 σώματος
1099 612 1244 683 αὐτῷ
1305 611 1442 684 πρὸς
1487 603 1686 683 ίδρῶτα
1736 611 1902 664 σπεύ-

2075 611 2322 681 Cumque
2355 609 2467 680 jam
2498 623 2698 679 corpus
2722 609 2954 680 quodam
2985 624 3111 664 cum
3160 612 3363 682 impetu
3403 613 3575 669 sudo-

305 707 515 769 δοντος,
565 705 760 776 ᾐτιᾶτο
805 705 932 768 τοὺς
979 705 1254 774 παρόντας
1301 704 1444 775 ὕδωρ
1493 703 1637 774 ἔχειν
1678 705 1904 774 ἡτοιμα-

312 798 540 867 σμένον,
564 797 650 864 ὲφ’
673 789 718 864 ᾧ
743 812 802 848 τε
826 794 1158 865 καταϐρέξαι
1193 795 1465 864 κείμενον,
1491 795 1584 848 καὶ
1609 794 1710 848 οὐκ
1740 792 1903 846 ἐνεδί-

305 888 406 941 δου
432 887 594 957 βοῶν,
611 886 718 948 ἓως
739 887 774 956 ἡ
799 884 1020 948 ἔκϐασις
1036 884 1144 937 τῶν
1161 885 1414 937 τοιούτων
1439 883 1696 955 μέμψεων
1710 880 1808 945 τὰς
1821 882 1906 936 αί-

309 978 436 1040 τίας
448 978 816 1048 ἠρμήνευσεν.
845 975 1082 1046 ’Δθρόως
1098 974 1208 1046 γὰρ
1225 973 1386 1045 ἱδρώς
1403 991 1460 1027 τε
1482 973 1647 1037 πολὺς
1662 971 1904 1044 ὲπερῥύη

306 1065 394 1136 τῷ
409 1065 650 1135 σώματι,
670 1067 766 1118 καὶ⁵
785 1067 820 1136 ἡ
844 1063 1054 1135 γαστὴρ
1084 1064 1459 1133 ύποφθαρεῖσα
1476 1064 1573 1135 τὴν
1601 1066 1657 1118 ὲν
1689 1065 1802 1127 τοῖς
1821 1065 1906 1117 tv-

308 1157 501 1226 τέροις
532 1155 817 1226 βαρύτητα
844 1155 1192 1225 διεσήμανεν.
1223 1155 1401 1226 Ὅπερ
1431 1154 1634 1219 τοίνυν,
1668 1153 1909 1225 ἀμὸλυν-

311 1245 506 1316 θείσης
555 1245 662 1298 ὑπὸ
701 1245 800 1314 τῆς
830 1245 987 1298 νόσου
1025 1243 1124 1314 τῆς
1154 1232 1387 1315 νήψεως,
1419 1244 1656 1315 ἔπασχεν
1683 1245 1716 1314 ἡ
1748 1243 1907 1312 φύσις

315 1339 776 1410 συνδιατιθεμένη
831 1338 912 1409 τῷ
963 1338 1126 1393 πάθει
1174 1337 1268 1392 τοῦ
1333 1337 1602 1408 σώματος,
1656 1336 1750 1389 τοῦ
1812 1337 1907 1406 μὲν

312 1430 605 1501 ὀχλοῦντος
641 1430 743 1483 οὐκ
796 1429 1141 1500 ἀναισθήτως
1169 1413 1389 1499 ἔχουσα,
1409 1429 1738 1498 διασαφῆναι
1765 1427 1822 1480 δὲ
1846 1427 1908 1482 τὸ

316 1519 528 1574 λυποῦν
571 1519 840 1592 ἐναργῶς,
871 1519 960 1572 διά
1006 1518 1105 1590 τὴν
1136 1521 1200 1573 ὲκ
1242 1519 1342 1591 τῆς
1379 1520 1536 1574 νόσου
1562 1518 1905 1591 παραφορὰν,

315 1613 420 1665 οὐκ
473 1611 764 1682 ίσχύουσα’
812 1609 972 1663 τοῦτο
1003 1611 1146 1665 κατά
1180 1611 1241 1665 τὸ
1280 1611 1448 1676 εἰκὸς,
1477 1613 1524 1664 εί
1554 1611 1628 1683 μὴ
1657 1610 1715 1676 ἐξ
1735 1613 1910 1684 ἀρῤω-

321 1702 500 1766 στίαις,
539 1702 675 1755 ἀλλά
701 1701 778 1772 τῷ
803 1702 945 1755 κατά
972 1702 1133 1771 φύσιν
1163 1701 1316 1784 ὕπνῳ
1348 1702 1408 1756 τὸ
1436 1703 1777 1773 διανοητικδν
1808 1704 1908 1774 τῆς

327 1791 514 1861 ψυχῆς
558 1789 930 1862 κατηυνάσθη,
957 1791 1206 1845 ἐνύπνιον
1237 1792 1304 1846 ἂν
1355 1792 1432 1862 τῷ
1484 1791 1656 1855 οὕτως
1707 1791 1909 1845 διακει·

328 1883 478 1952 μένῳ
522 1882 748 1950 ἐγίνετο,
784 1882 937 1936 ῦδατι
974 1883 1072 1953 μὲν
1118 1883 1216 1953 τῆς
1240 1882 1333 1936 τοῦ
1371 1882 1592 1953 ἱδρῶτος
1623 1882 1905 1954 ἐπιρροῆς,

2004 717 2119 758 rem
2147 715 2534 772 expressurunt
2562 707 2700 764 erat,
2724 700 3016 756 accusabat
3039 715 3134 756 eos
3166 701 3258 772 qui
3295 701 3574 771 adessent,

2006 790 2163 861 quasi
2190 805 2387 860 aquam
2432 791 2499 845 ad
2531 805 2726 846 manus
2755 789 3045 856 haberent,
3098 805 3206 861 qua
3258 792 3436 862 ipsum
3491 794 3578 864 ja‘

2006 892 2219 939 centem
2285 890 2684 954 respergerent.
2736 880 3063 953 llujusmodi
3123 883 3393 940 clamores
3461 900 3576 942 non

2007 971 2426 1036 intermittebat,
2459 969 2636 1026 donec
2661 981 2893 1028 eventus
2921 973 3062 1042 ipse,
3093 987 3217 1042 quae
3253 972 3447 1028 harum
3493 974 3582 1029 in-

2006 1062 2383 1133 crepationum
2447 1076 2627 1117 causae
2677 1069 2881 1128 essent,
2935 1062 3255 1119 declararet.
3301 1063 3576 1120 Continuo

2009 1153 2154 1208 enim
2187 1152 2358 1208 sudor
2389 1153 2648 1222 copiosus
2669 1168 2700 1207 e
2733 1168 2962 1223 corpore
2995 1155 3268 1219 manabat.
3304 1165 3360 1212 et
3390 1165 3580 1213 venter

2013 1242 2230 1297 solutus
2274 1241 2430 1315 quod.
2471 1242 2653 1297 isthuc
2725 1252 2875 1298 esset
2925 1244 2980 1298 in
3033 1244 3317 1302 intestinis
3365 1247 3580 1317 pondus

2017 1330 2387 1401 significabat.
2421 1331 2577 1398 Quod
2616 1332 2782 1404 igitur
2815 1333 3016 1388 accidit
3048 1335 3311 1392 hebetata:
3344 1353 3442 1407 per
3468 1338 3578 1392 vim

2009 1423 2187 1478 morbi
2225 1430 2452 1489 naturae,
2485 1439 2608 1494 qua;
2628 1425 2817 1480 morbo
2851 1425 3100 1495 corporis
3130 1426 3488 1494 afﬁciebatur,
3519 1437 3581 1483 ut

2009 1514 2141 1584 quid
2193 1530 2358 1586 grave
2398 1516 2799 1586 molestumque
2843 1517 2948 1573 sibi
2987 1529 3156 1583 esset,
3201 1533 3313 1573 non
3355 1519 3581 1576 omnino

2007 1605 2309 1676 ignoraret,
2360 1605 2606 1661 indicare
2659 1615 2843 1662 tamen
2896 1623 2994 1679 per
3049 1618 3224 1664 ortam
3267 1624 3335 1665 ex
3387 1609 3580 1665 morbo

2008 1690 2390 1746 delirationem
2423 1692 2567 1746 unde
2612 1691 2924 1759 laederetur,
2958 1697 3250 1766 perspicue
3281 1712 3394 1753 non
3435 1699 3588 1754 vale-

2009 1783 2192 1838 retzid
2218 1790 2646 1838 consentaneum
2671 1792 2776 1848 est,
2815 1787 2862 1841 si
2887 1787 3030 1842 forte
3052 1805 3160 1843 non
3186 1805 3252 1845 ex
3271 1790 3584 1845 invalitudi-

2011 1887 2099 1939 ne,
2145 1873 2240 1927 sed
2277 1873 2516 1927 naturali
2548 1889 2744 1930 somno
2781 1877 3094 1948 intelligens
3143 1881 3312 1936 animi
3347 1882 3580 1938 facultas

328 1974 565 2045 ἐντέρων
610 1975 666 2027 δὲ
693 1973 844 2045 βάρει
887 1975 986 2044 τῆς
1032 1973 1173 2028 κατά
1219 1973 1316 2045 τὴν
1352 1975 1559 2045 τροφὴν
1612 1973 1907 2044 ἀχθηδόνος

2020 1963 2185 2033 sopita
2211 1962 2490 2028 fuisset,in
2524 1965 2747 2021 homine
2777 1967 2858 2022 sic
2886 1967 3081 2024 allecto
3107 1972 3378 2027 somnium
3405 1973 3582 2042 quod-

336 2064 758 2136 σημαινομένης.
789 2062 962 2119 Τοῦτο
1007 2066 1100 2119 καὶ
1127 2065 1339 2129 πολλοῖς
1376 2065 1486 2119 τῶν
1514 2067 1613 2137 τὴν
1657 2065 1911 2139 ίατρικὴν

334 2155 777 2226 πεπαιδευμένων
825 2157 994 2221 δοκεῖ,
1040 2158 1189 2230 παρά
1245 2159 1344 2222 τὰς
1401 2157 1512 2211 τῶν
1565 2157 1911 2228 παθημάτων

327 2246 716 2316 διαφορὰς,καὶ
748 2246 850 2310 τὰς
881 2247 987 2300 τῶν
1017 2247 1284 2302 ἐνυπνίων
1321 2247 1471 2317 ὄψεις
1501 2248 1612 2311 τοῖς
1643 2246 1911 2315 κάμνουσι

326 2335 613 2404 γίνεσθαι·
647 2335 814 2400 ἄλλας
869 2340 968 2408 μὲν
1012 2337 1122 2390 τῶν
1163 2336 1595 2408 στομαχούντων,
1623 2337 1816 2408 ἑτέρας
1854 2335 1918 2390 δὲ

327 2428 437 2480 τῶν
469 2429 876 2499 κεκακωμένων
922 2428 1021 2492 τὰς
1067 2430 1359 2500 μήνιγγας,
1395 2428 1490 2484 καὶ
1523 2428 1636 2482 τῶν
1659 2431 1717 2482 ὲν
1745 2445 1913 2500 πυρε-

324 2522 438 2582 τοῖς
481 2520 644 2572 πάλιν
685 2519 901 2587 ἑτέρας,
933 2519 1042 2572 τῶν
1083 2537 1142 2573 τε
1199 2520 1341 2574 κατά
1368 2519 1550 2592 χολὴν,
1586 2521 1679 2574 καὶ
1723 2519 1828 2572 τῶν
1854 2520 1913 2572 ὲν

327 2610 608 2680 φλέγματι
632 2611 992 2681 κακουμένων
1034 2609 1094 2664 ού
1136 2610 1234 2674 τὰς
1267 2610 1466 2674 αὐτὰς,
1513 2608 1604 2663 καὶ
1633 2608 1742 2662 τῶν
1778 2607 1914 2680 πλη-

328 2700 604 2770 θωρικῶν,
628 2700 852 2754 καὶτῶν
883 2700 1252 2772 έκτετηκότων
1289 2699 1450 2756 πάλιν
1497 2698 1682 2762 ἄλλας.
1728 2697 1818 2763 Ἐξ
1839 2691 1914 2753 ὧν

331 2791 478 2846 ἔστιν
507 2791 654 2855 ἰδεῖν,
681 2793 762 2845 ὅτι
801 2792 834 2862 ή
870 2791 1136 2863 θρεπτική
1169 2807 1229 2843 τε
1264 2793 1356 2844 καὶ
1385 2789 1654 2861 αὐξητικὴ
1687 2787 1917 2860 δύναμις

330 2883 427 2954 τῆς
459 2883 641 2953 ψυχῆς
661 2881 762 2955 ἔχῃ
795 2900 848 2936 τι
885 2881 1098 2935 καὶτοῦ
1128 2880 1318 2954 νοεροῦ
1359 2880 1916 2952 συγκατεσπαρμένον

330 2974 471 3044 αὐτῇ
501 2973 595 3026 διὰ
642 2973 742 3042 τῆς
772 2972 1161 3044 ἀνακράσεως,
1196 2971 1226 3024 ὃ
1253 2973 1320 3043 τῇ
1367 2972 1501 3044 ποιᾷ
1549 2970 1784 3025 διαθέσει
1822 2970 1916 3026 τοῦ

215 3119 221 3123 _
332 3061 592 3132 σώματος
621 3062 820 3134 τρόπον
866 3061 990 3116 τινὰ
1028 3060 1391 3133 ἐξομοιοῦται,
1425 3063 1520 3116 καὶ
1572 3061 1634 3116 τὸ
1683 3063 1918 3134 ἐπικρα-

329 3151 458 3206 τοῦν
486 3151 660 3216 πάθος
705 3155 826 3216 ταῖς
875 3153 1194 3222 φαντασίαις
1249 3152 1749 3224 μεθαρμοζόμενον.
1796 3151 1918 3205 Ἔτι

330 3243 389 3296 ἃ
434 3243 530 3297 καὶ
577 3243 716 3314 πρὸς
753 3243 852 3307 τὰς
898 3243 1006 3298 τῶν
1054 3243 1198 3313 ἠθῶν
1237 3244 1600 3307 καταστάσεις
1647 3245 1916 3300 τυποῦται

335 3332 550 3396 πολλοῖς
575 3305 644 3386 τά
672 3305 918 3388 ἐνύπνια.
937 3305 1105 3388 Ἀλλά
1128 3333 1222 3386 τοῦ
1251 3333 1518 3405 ἀνδρείου,
1537 3305 1630 3387 καὶ
1661 3332 1797 3389 ἄλλα
1823 3332 1917 3387 τοῦ
1945 3305 1992 3364 C‘

334 3422 510 3477 δειλοῦ
532 3424 603 3477 τὰ
635 3425 998 3495 φαντάσματα
1023 3441 1036 3454 ’
1073 3424 1221 3478 ἄλλοι
1249 3423 1343 3477 τοῦ
1372 3424 1670 3479 ἀκολάστου
1695 3424 1917 3496 ὄνειροι,

336 3515 432 3568 καὶ
461 3514 615 3569 ἄλλοι
659 3514 754 3569 τοῦ
800 3515 1102 3586 σώφρονος’
1125 3517 1184 3570 ὲν
1230 3514 1438 3587 ἑτέροις
1465 3517 1494 3569 ό
1534 3514 1880 3586 μεταδοτικὸς
1901 3553 1916 3577 ,

338 3607 434 3661 καὶ
483 3608 545 3660 ιν
602 3605 810 3678 ἑτέροις
849 3605 1238 3675 φαντασιοῦται
1278 3607 1308 3659 ὁ
1342 3604 1646 3675 ἄπληστος,
1681 3602 1918 3674 οὐδαμοῦ

337 3697 444 3766 τῆς
476 3696 710 3760 διανοίας
729 3735 744 3760 ,
779 3695 918 3750 ἀλλά
949 3696 1048 3765 τῆς
1085 3695 1433 3766 ἀλογωτέρας
1461 3693 1750 3758 διαθέσεως
1769 3695 1826 3747 ὲν
1850 3696 1918 3765 τῇ

340 3788 488 3860 ψυχῇ
528 3788 627 3850 τὰς
648 3786 904 3851 τοιαύτας
933 3788 1234 3857 φαντασίας
1255 3785 1656 3858 ἀνατυπούσης,
1677 3781 1759 3851 οἷς
1790 3803 1922 3857 προ-

342 3878 551 3952 ειθίσθη
582 3877 671 3932 διὰ
704 3879 804 3949 τῆς
834 3878 956 3932 καθ’
989 3878 1138 3949 ῦπαρ
1175 3876 1425 3948 μελέτης,
1472 3876 1678 3932 τούτων
1709 3876 1809 3941 τὰς
1844 3877 1922 3929 εί-

343 3969 503 4033 audita;
533 3970 632 4024 καὶ
665 3970 723 4024 ὲν
751 3972 862 4032 τοῖς
893 3969 1166 4032 ἐνυπνίοις
1203 3966 1672 4037 ἀναπλαττούσης.

2013 2053 2138 2109 dam
2180 2053 2424 2108 futurum
2472 2054 2665 2122 fuisse,
2711 2057 2768 2111 in
2807 2073 2916 2128 quo
2974 2075 3071 2130 per
3113 2076 3308 2133 aquam
3365 2060 3585 2120 sudoris

2012 2141 2203 2206 fluxio,
2243 2159 2342 2213 per
2373 2144 2759 2201 intestinorum
2782 2148 2999 2217 pondus
3030 2151 3138 2206 cibi
3170 2161 3317 2208 esset
3345 2156 3584 2226 gravitas

2014 2235 2345 2305 significata.
2383 2236 2531 2292 ldem
2569 2238 2817 2310 plerique
2847 2241 3041 2298 medici
3076 2253 3342 2313 statuunt,
3375 2248 3466 2318 qui
3497 2263 3586 2303 se-

2012 2327 2249 2382 cundum
2303 2328 2615 2386 morborum
2665 2330 2986 2388 discrimina
3035 2336 3376 2393 somniorum
3417 2338 3582 2394 etiam

2014 2417 2226 2488 species
2269 2417 2516 2476 diversas
2562 2422 2722 2492 aegris
2760 2421 3009 2480 accidere
3054 2423 3324 2482 allirmant
3376 2442 3392 2482 :
3447 2427 3584 2486 alias

2014 2509 2276 2563 nimirum
2317 2510 2385 2566 iis
2424 2510 2518 2581 qui
2553 2513 2824 2568 stomachi
2865 2515 3001 2570 vitio
3036 2515 3310 2584 laborent,
3345 2518 3487 2575 alias
3520 2521 3588 2577 iis

2015 2600 2215 2670 quibus
2257 2601 2467 2656 cerebri
2513 2603 2844 2659 membrana
2892 2605 3002 2660 sint
3051 2607 3214 2672 lzesae.
3264 2610 3398 2666 alias
3451 2610 3587 2666 febri

2018 2690 2320 2760 correptis,
2387 2691 2525 2747 alias
2574 2691 2642 2747 iis
2685 2695 2884 2764 quibus
2936 2696 3142 2753 nimius
3190 2698 3317 2756 bilis
3370 2701 3587 2769 humor,

2017 2779 2153 2834 alias
2185 2779 2384 2849 quibus
2413 2779 2604 2849 pituita
2635 2783 2707 2837 sit
2741 2783 2968 2840 molesta
2997 2801 3011 2839 :
3041 2783 3276 2857 denique
3306 2788 3412 2843 alia
3443 2807 3592 2846 som-

2018 2869 2232 2925 niorum
2273 2870 2388 2926 visa
2436 2873 2584 2928 succi
2620 2873 2796 2945 plenis
2824 2878 3170 2948 corporibus,
3208 2880 3313 2934 alia
3351 2898 3591 2941 marces-

2018 2961 2268 3016 centibus
2323 2961 2512 3031 objici.
2576 2961 2651 3019 De
2703 2964 2908 3034 quibus
2951 2969 3206 3025 omnibus
3246 2971 3430 3028 videre
3481 2983 3588 3038 est,

2019 3055 2347 3110 nutrientem
2386 3065 2910 3128 accrescentemque
2948 3059 3257 3118 facultatem
3289 3064 3455 3119 animi
3481 3082 3589 3122 non

2018 3145 2157 3200 nihil
2186 3146 2348 3201 etiam
2401 3145 2469 3202 de
2523 3148 2578 3202 vi
2637 3147 2974 3220 intelligente
3020 3152 3124 3208 sibi
3174 3153 3487 3224 inspersum
3523 3173 3592 3213 ex

2021 3245 2388 3309 temperatura
2416 3246 2606 3294 mutua
2636 3241 2940 3307 continere,
2989 3244 3133 3314 quod
3181 3247 3430 3316 corporis
3471 3246 3597 3304 aﬂ'e-

2023 3332 2191 3388 ctioni
2219 3334 2452 3404 quodam
2475 3333 2638 3390 modo
2657 3336 2945 3392 consimile
2967 3338 3248 3404 reddatur,
3267 3348 3322 3395 et
3347 3341 3594 3398 diversas

2025 3422 2452 3494 imaginationes
2481 3432 2780 3482 nocturnas
2809 3442 2908 3498 pro
2939 3429 3114 3483 morbi
3137 3428 3455 3487 diversitate
3482 3431 3596 3489 eih-

2027 3511 2161 3566 ciat.
2218 3513 2316 3568 Est
2365 3521 2419 3568 et
2467 3514 2614 3569 aliud
2660 3515 3002 3571 somniorum
3061 3519 3335 3587 quoddam
3393 3535 3594 3590 genus.

2023 3600 2169 3672 quod
2232 3617 2330 3671 pro
2385 3617 2598 3657 morum
2661 3603 2930 3674 cujusque
2988 3606 3250 3662 varietate
3307 3606 3595 3664 formatur.

2028 3689 2167 3745 Sunt
2203 3691 2348 3746 enim
2379 3692 2497 3746 alia:
2534 3691 2772 3750 hominis
2813 3693 2990 3762 fortis,
3030 3696 3148 3751 alia:
3192 3697 3364 3753 timidi
3406 3699 3599 3770 imagi-

2024 3783 2272 3838 nationes
2310 3792 2590 3838 nocturnae
2632 3802 2645 3838 :
2682 3784 2788 3838 alia
2826 3788 3209 3857 temperantis,
3251 3789 3465 3860 aliaque
3509 3792 3598 3845 in-

2025 3873 2378 3943 temperantis
2406 3875 2651 3942 somnia;
2700 3875 2803 3930 alia
2848 3876 3054 3932 homini
3095 3879 3320 3932 avaritia
3356 3880 3598 3950 inexple-

2027 3962 2152 4027 bili,
2191 3964 2294 4017 alia
2333 3964 2542 4020 liberali
2589 3980 2684 4036 per
2726 3981 2978 4022 somnum
3025 3967 3380 4038 objiciuntur.
3422 3972 3600 4041 Atque

347 4063 459 4117 visa
491 4062 609 4117 haec
637 4077 982 4133 nequaquam
1018 4076 1196 4128 mens,
1228 4061 1324 4118 sed
1357 4076 1553 4132 expers
1583 4061 1673 4116 illa
1701 4058 1932 4115 rationis
1967 4057 2021 4113 in
2053 4059 2230 4113 anima
2251 4058 2464 4115 aﬂectio
2493 4058 2770 4117 informat.
2809 4059 2942 4117 Nam
2971 4063 3171 4134 quibus
3199 4065 3322 4136 quis
3358 4066 3600 4123 assuevit

345 4152 541 4210 diurno
575 4153 782 4220 studio,
825 4167 1012 4209 eorum
1056 4153 1110 4207 in
1151 4153 1360 4209 somnis
1396 4153 1559 4209 etiam
1603 4152 1896 4208 simulacra
1943 4148 2114 4222 lingit.

871 4293 1265 4348 ΚΕΦΑΛΑΙΟΝ
1312 4293 1410 4350 1Δ’.

354 4383 476 4463 ὀςι
500 4385 614 4463 ρὺκ
639 4384 711 4437 ἐν
731 4382 896 4463 μέρει
923 4383 1029 4439 τοῦ
1055 4383 1326 4463 σώματος
1364 4387 1397 4438 ό
1433 4383 1598 4463 νοῦς.
1633 4382 1730 4436 Ἐν
1744 4373 1802 4462 ᾖ)
1824 4380 1921 4434 καὶ

418 4449 876 4534 διάκρισις-’τῶν
904 4470 967 4507 τε
1013 4449 1366 4522 σωματικῶν
1403 4454 1502 4507 καὶ
1539 4449 1816 4522 ψυχικῶν
1846 4467 1926 4505 κιο
1957 4479 2002 4534 D

419 4523 717 4592 νημάτων-
751 4583 760 4592 ,

437 4635 598 4688 Ἀλλά
662 4633 799 4688 πολὺ
852 4633 960 4688 τῶν
1011 4634 1385 4706 προκειμένων
1441 4631 1926 4704 ἀπεπλανήθημιν.

358 4725 531 4790 Δεῖξαι
561 4725 672 4796 γὰρ
709 4726 845 4796 ἡμῖν
871 4725 901 4777 ό
922 4723 1078 4793 λόγος
1112 4724 1370 4796 προέθετο
1399 4725 1480 4790 τὸ,
1526 4723 1602 4795 μὴ
1637 4722 1791 4794 μέρει
1823 4723 1930 4776 τινὶ

357 4811 451 4866 τοῦ
491 4813 739 4882 σώματος
771 4813 1073 4867 ἐνδεδέσθαι
1099 4815 1190 4868 τὸν
1213 4815 1336 4868 νοῦν
1365 4832 1378 4844 ·
1406 4814 1542 4869 ἀλλά
1567 4813 1768 4876 παντὸς
1789 4811 1930 4866 κατά

357 4903 419 4956 τὸ
450 4903 563 4957 ἴσον
592 4905 970 4974 ἐφάπτεσθαι,
1001 4906 1348 4978 καταλλήλως
1383 4909 1450 4977 τῇ
1481 4905 1642 4976 φύσει
1671 4902 1765 4958 τοῦ
1793 4903 1930 4957 ὑπο-

359 4995 608 5064 κειμένου
645 4995 844 5067 μέρους
887 4996 1212 5070 ἐνεργοῦντα
1263 4996 1362 5068 τὴν
1416 4998 1650 5067 κίνησιν.
1679 4995 1836 5048 Ἔστι
1875 4993 1931 5047 δὲ

358 5087 485 5138 ὅπου
533 5087 629 5139 καὶ
661 5087 1018 5141 ἐπακολουθεῖ
1053 5091 1171 5151 ταῖς
1202 5089 1458 5157 φυσικαῖς
1499 5089 1692 5158 ὁρμαῖς
1717 5087 1746 5139 ὁ
1785 5084 1930 5152 νοῦς,

360 5169 466 5230 οἷον
504 5176 789 5247 ὑπηρέτης
829 5179 1136 5249 γενόμενος.
1172 5179 1506 5250 Καθηγεῖται
1534 5178 1644 5250 γὰρ
1675 5177 1934 5242 πολλάκις

362 5266 509 5336 ἢτοῦ
552 5266 804 5338 σώματος
849 5270 1030 5339 φύσις,
1066 5270 1159 5324 καὶ
1205 5269 1298 5323 τοῦ
1349 5269 1642 5333 λυποῦντος
1684 5269 1934 5340 αῐσθησιν

364 5359 662 5423 ἓντιθεῖσα,
707 5359 801 5412 καὶ
846 5357 940 5412 τοῦ
997 5358 1376 5432 εύφραίνοντος
1425 5358 1751 5430 ἐπιθυμίαν,
1795 5357 1936 5412 ὥστε

364 5448 565 5520 ταύτην
591 5449 690 5518 μὲν
723 5449 824 5513 τάς
853 5449 1073 5522 πρώτας
1105 5450 1364 5523 παρέχειν
1391 5450 1585 5521 ἀρχὰς,
1612 5450 1646 5522 ἢ
1679 5448 1937 5520 βρώσεως

365 5537 576 5609 ὄρεξιν,
610 5540 645 5611 ἦ
685 5557 830 5606 τινος
879 5542 1018 5607 ὅλως
1063 5542 1172 5596 τῶν
1206 5540 1328 5595 καθ’
1377 5540 1568 5612 ἡδονὴν
1619 5541 1716 5612 τὴν
1761 5538 1937 5612 ὁρμὴν

368 5631 716 5703 ἐμποιοῦσαν,
741 5636 831 5690 τὸν
870 5637 927 5692 δὲ
969 5637 1094 5694 νοῦν
1139 5635 1491 5707 ἐκδεχόμενον
1529 5633 1628 5698 τάς
1682 5631 1939 5696 τοιαύτας

370 5722 704 5796 δριιάς,ταῖς
742 5727 968 5798 οἰκείαις
1008 5727 1313 5805 περινοίαις
1350 5724 1448 5789 τὰς
1490 5724 1624 5795 πρὸς
1652 5723 1713 5777 τὸ
1742 5722 1940 5776 ποθού-

2607 4288 2834 4345 CAPUT
2881 4287 3024 4342 XIV.

2033 4378 2259 4434 Mentem
2284 4389 2428 4434 certa
2447 4380 2674 4450 quadam
2721 4382 2776 4435 in
2796 4381 3029 4448 corporis
3051 4391 3202 4448 parte
3223 4398 3325 4436 non
3354 4383 3599 4448 existere.

2100 4451 2432 4505 declaratum
2461 4466 2479 4503 :
2503 4459 2758 4513 pra'terea
2785 4451 3024 4520 corporis
3054 4461 3104 4505 et
3151 4453 3318 4507 animi
3364 4463 3600 4509 motuum

2100 4521 2384 4574 discrimen
2414 4521 2730 4589 expositum.

2103 4629 2299 4685 Verum
2331 4631 2607 4687 enimvero
2656 4631 2816 4704 longe
2868 4632 2938 4688 ab
2977 4649 3064 4701 eo,
3122 4648 3233 4705 quo
3268 4634 3337 4690 de
3373 4636 3458 4708 agi
3487 4652 3602 4694 cte-

2030 4729 2183 4792 ptum
2233 4728 2374 4786 erat,
2439 4721 2673 4794 digressi
2724 4739 2937 4781 sumus.
2989 4724 3408 4784 lnstitueramus
3453 4728 3600 4785 enim

2031 4814 2426 4879 demonstrare,
2459 4823 2695 4870 utentem
2734 4816 2878 4886 parti
2924 4817 3177 4888 corporis
3202 4817 3366 4872 alicui
3406 4817 3598 4890 alliga-

2031 4917 2211 4975 gatam
2241 4918 2347 4960 non
2380 4919 2542 4961 esse:
2574 4905 2667 4962 sed
2709 4920 2832 4961 cum
2880 4914 3004 4963 toto
3048 4908 3166 4979 pari
3211 4908 3425 4964 ratione
3469 4923 3606 4965 con-

2027 4995 2205 5066 jungi,
2227 4993 2546 5052 efﬁcientem
2577 5006 2783 5052 motum
2808 4998 2862 5052 in
2896 4999 3154 5054 membris
3180 4999 3352 5070 partis
3379 5001 3606 5070 cujusli-

2031 5086 2126 5140 bet
2181 5094 2390 5141 natura;
2445 5097 2893 5144 consentaneum.
2961 5086 3046 5142 Fit
3099 5095 3281 5142 autem
3328 5089 3604 5145 interdum

2033 5174 2223 5240 etiam,
2257 5183 2317 5231 ut
2350 5191 2504 5232 mens
2539 5183 2798 5247 tanquam
2830 5175 3104 5241 minister,
3135 5187 3348 5234 natura;
3377 5179 3608 5235 libidini-

2035 5265 2137 5321 bus
2169 5265 2519 5337 obtemperet.
2560 5265 2714 5337 Smpe
2743 5267 2889 5322 enim
2921 5267 3171 5338 corporis
3210 5276 3408 5324 natura
3449 5267 3607 5324 ducis

2035 5356 2276 5414 officium
2309 5365 2557 5428 usurpat,
2595 5358 2670 5413 ita
2695 5366 2752 5414 ut
2789 5365 2843 5414 et
2874 5360 3124 5416 nocentis
3151 5359 3230 5416 rei
3273 5375 3520 5422 sensum.
3555 5366 3611 5414 et

2033 5447 2286 5518 jucunda:
2309 5462 2374 5503 ac
2403 5456 2570 5520 gratae
2588 5449 2918 5507 desiderium
2941 5449 3162 5508 excitet.
3181 5452 3438 5521 Adeoque
3467 5450 3525 5502 fit
3549 5456 3610 5502 ut

2037 5539 2354 5610 expetendis
2376 5539 2540 5596 rebus
2564 5544 2908 5597 occasionem
2932 5557 3128 5614 corpus
3155 5542 3411 5614 praabeat,
3442 5553 3508 5594 ac
3527 5539 3610 5594 vel

2040 5629 2148 5686 cibi
2183 5630 2266 5686 vel
2309 5630 2609 5702 voluptatis
2643 5631 2876 5704 alicujus
2921 5632 3202 5688 libidinem
3235 5633 3396 5688 nobis
3425 5629 3608 5696 indat;

2041 5734 2197 5778 mens
2226 5729 2405 5778 autem
2445 5722 2762 5796 hujusmodi
2789 5722 3117 5786 cupiditates
3153 5722 3447 5791 excipiens,
3491 5731 3607 5774 om-
