4088 6210
534 271 638 328 "5
1804 273 1860 330 S.
1895 274 2218 332 GREGORII
2257 274 2551 337 NYSSENI
3681 288 3786 344 176

509 399 632 443 nes
682 381 921 439 rationes
958 389 1012 438 et
1052 382 1284 439 consilia
1323 372 1541 454 corpori
1587 386 1987 453 accommodet,
2035 397 2098 443 ut

2169 405 2363 459 ,μενον
2418 393 2673 465 ἀφορμὰς
2737 397 3141 469 συνεκπορίζειν
3189 396 3268 470 τῷ
3306 395 3544 469 σώματι.
3598 398 3674 454 Τὸ
3722 400 3783 456 δὲ

530 473 809 530 industria
853 488 953 530 sua
1001 474 1145 545 quod
1193 475 1470 543 expetitur
1517 475 1779 532 inveniat.
1831 475 1951 533 Non
1998 479 2103 536 hoc

2204 481 2444 537 τοιοῦτον
2470 486 2571 538 οὐκ
2607 486 2700 539 ἐπὶ
2731 487 2944 541 πάντων
2971 489 3136 555 ἐστὶν,
3171 489 3304 544 ἀλλὰ
3338 490 3514 560 μόνων
3542 491 3650 544 τῶν
3684 493 3781 547 ἀν-

528 563 671 634 apud
699 579 892 621 omnes
917 565 1170 622 homines
1202 569 1381 622 locum
1406 566 1573 622 habet
1594 585 1606 621 :
1627 567 1725 620 sed
1753 565 1972 622 illorum
1995 578 2100 636 est,

2202 570 2704 645 δραποδωδέστερον
2749 576 3132 649 διακειμένων,
3182 581 3231 633 οἳ
3274 580 3636 647 δουλώσαντες
3689 583 3783 636 τὸν

528 654 623 724 qui
653 670 682 708 a
713 663 913 711 natura
957 656 1248 727 mancipiis
1289 671 1456 724 quam
1499 655 1767 710 simillimi
1801 658 2093 726 exsistunt,

2202 663 2358 733 λόγον
2413 668 2532 730 ταῖς
2584 669 2780 739 ὁρμαῖς
2831 673 2927 742 τῆς
2981 672 3216 742 φύσεως,
3265 675 3352 728 διὰ
3393 675 3492 745 τῆς
3544 674 3639 728 τοῦ
3685 673 3782 731 νοῦ

525 745 607 801 llli
653 748 821 814 enim,
874 764 997 804 cum
1038 758 1249 803 naturai
1298 747 1617 804 libidinibus
1668 747 1933 804 rationem
1980 756 2101 804 tan-

2203 755 2514 826 συμμαχίας
2568 758 2630 812 rb
2668 761 2808 812 κατὰ
2857 760 2954 825 τὰς
3000 765 3280 833 αἰσθήσεις
3331 764 3456 834 ἡδὺ,
3485 764 3781 836 δουλοπρε-

523 853 691 909 quam
729 854 843 896 rem
892 840 1130 910 mancipi
1184 840 1457 896 addictam
1515 838 1845 909 subjiciam,
1897 841 2098 898 mentis

2201 846 2319 910 πῶς
2383 848 2790 906 κολακεύουσιν.
2863 853 2985 906 Ἐπὶ
3038 854 3093 906 δὲ
3137 853 3244 908 τῶν
3283 854 3628 926 τελειοτέρων
3679 857 3782 926 οὐχ

521 928 735 984 scilicet
770 943 938 999 opera
985 930 1042 983 in
1087 927 1361 983 adulando
1413 943 1678 983 sensuum
1720 928 2097 998 voluptatibus

2198 935 2370 1001 οὕτως
2419 938 2646 1006 γίνεται.
2693 942 3028 1012 Καθηγεῖται
3071 944 3178 1015 γὰρ
3228 947 3256 997 ὁ
3309 945 3462 1009 νοῦς,
3496 944 3639 1015 λόγῳ
3681 949 3780 999 καὶ¹

523 1019 776 1091 servilem
822 1021 877 1072 in
922 1019 1144 1074 modum
1193 1019 1511 1074 abutuntur.
1554 1019 1637 1074 Ab
1670 1018 1739 1074 iis
1790 1027 1972 1075 autem
2001 1021 2096 1091 qui

2197 1027 2318 1098 οὐχὶ
2371 1029 2531 1084 πάθει
2561 1031 2622 1084 rb
2655 1032 2928 1098 λυσιτελὲς
2977 1030 3499 1107 προαιρούμενοςοή
3527 1037 3582 1089 δὲ
3613 1038 3779 1106 φύσις

522 1089 882 1180 perfectiores
911 1119 1063 1178 sunt,
1085 1113 1191 1166 hoc
1219 1125 1565 1181 nequaquam
1589 1110 1915 1166 admittitur.
1941 1089 2094 1167 Metus

2198 1089 2316 1170 κατ’
2351 1119 2493 1189 [χνος
2543 1122 2736 1178 ἕπεται
2783 1125 2861 1194 τῷ
2902 1089 3421 1198 ἐτροκαθηῖγουμένιρ.
3467 1089 3679 1195 ’ίίπειδὴ
3716 1089 3780 1183 δέ

521 1198 667 1253 enim
697 1200 754 1254 in
779 1201 866 1256 his
894 1201 1056 1256 ducis
1084 1201 1262 1256 olIicio
1293 1199 1539 1272 fungitur
1567 1219 1580 1254 :
1606 1201 1861 1272 quodque
1889 1218 1957 1257 ex
1985 1218 2093 1257 usu

2195 1212 2345 1290 τρεῖς
2390 1211 2530 1265 κατὰ
2571 1213 2669 1284 τὴν
2713 1214 2946 1287 ζωτικὴν
2992 1217 3218 1287 δύναμιν
3269 1219 3531 1290 διαφορὰς
3563 1222 3590 1272 ό
3619 1220 3779 1287 λόγος

518 1297 627 1355 est,
678 1290 747 1346 de
779 1291 1021 1348 rationis
1064 1290 1286 1361 iudicio,
1329 1305 1437 1346 non
1470 1289 1694 1346 libidine
1743 1292 1913 1347 ullius
1958 1293 2090 1348 afl‘e-

2194 1288 2357 1366 εὗρε,
2387 1299 2484 1369 τὴν
2531 1302 2628 1371 μὲν
2677 1306 3014 1377 τρεφομένην
3071 1309 3237 1380 χωρὶς
3283 1288 3623 1380 αἰσθήσεως,
3671 1310 3777 1378 τὴν

517 1381 718 1436 ctionis
747 1381 922 1450 eligit.
978 1381 1151 1452 Atque
1187 1381 1353 1452 hujus
1387 1383 1546 1438 ducis
1597 1382 1845 1470 vestigiis
1893 1390 2089 1438 natura

2192 1385 2248 1439 δὲ
2309 1391 2652 1463 τρεφομένην
2723 1394 2821 1464 μὲν
2887 1397 2980 1448 καὶ
3041 1397 3456 1469 αὐξανομένην,
3511 1398 3775 1470 ἀμοιροῦ-

516 1471 800 1540 insistens,
835 1472 1234 1542 praecedentem
1273 1474 1544 1543 sequitur.
1578 1462 1845 1528 Caeterum
1869 1475 1970 1529 etsi
1997 1490 2091 1529 su-

2193 1489 2289 1527 σαν
2349 1477 2405 1528 δὲ
2464 1479 2562 1547 τῆς
2615 1480 2837 1551 λογικῆς
2897 1485 3210 1555 ἐνεργείας,
3265 1487 3362 1558 τὴν
3428 1487 3484 1539 δὲ
3545 1488 3772 1558 λογικὴν

513 1565 732 1634 periore
770 1565 1022 1619 oratione
1068 1564 1410 1619 declaratum
1451 1571 1556 1627 est,
1607 1563 1805 1632 triplex
1863 1578 1985 1619 esse
2031 1563 2087 1617 in

2191 1565 2283 1617 καὶ
2307 1565 2513 1621 τελείαν
2540 1569 2605 1622 δι’
2643 1572 2858 1642 ἁπάσης
2887 1575 3176 1646 διήκουσαν
3204 1578 3303 1648 τῆς
3347 1579 3649 1650 δυνάμεως,
3688 1581 3767 1645 ὡς

512 1654 731 1709 vivendi
764 1653 1025 1709 facultate
1069 1654 1391 1718 discrimen,
1425 1663 1486 1708 ut
1529 1654 1634 1707 alia
1685 1654 1758 1709 sit
1803 1655 1915 1707 vita
1967 1669 2126 1742 quac1

2152 1729 2158 1742 Ι
2191 1657 2281 1709 καὶ
2309 1659 2366 1711 ὲν
2400 1661 2636 1725 ἐκείναις
2667 1658 2806 1717 εἶναι
2840 1668 2930 1719 καὶ
2956 1668 3056 1737 τῆς
3082 1671 3272 1739 νοερᾶς
3302 1671 3361 1724 τὸ
3389 1671 3547 1724 πλέον
3583 1672 3725 1742 ἔχειν
3749 1688 3766 1702 ⁸

510 1748 729 1817 quidem
765 1747 1062 1809 nutriatur,
1103 1759 1300 1812 expers
1344 1752 1526 1798 tamen
1579 1744 1652 1797 sit
1697 1759 1893 1798 sensus
1934 1723 2124 1799 :alia]

2154 1731 2158 1772 ⁵
2191 1745 2378 1815 μηδεὶς
2407 1748 2492 1802 διὰ
2532 1723 2733 1806 τούτων
2777 1723 3068 1810 ὑπονοείτω
3101 1723 3248 1829 τρεῖς
3295 1723 3768 1832 συγκεκροτῆσθαι

507 1845 565 1892 et
618 1836 918 1900 nutriatur,
969 1842 1024 1889 et
1072 1834 1294 1897 sentiat,
1350 1840 1533 1888 careat
1589 1841 1773 1889 autem
1825 1834 2086 1891 facultate

2185 1836 2362 1907 ψυχὰς
2398 1840 2455 1893 ὲν
2493 1841 2570 1912 τῷ
2595 1843 2916 1917 ἀνθρωπίνῳ
2948 1849 3301 1920 συγκρίματι,
3331 1853 3388 1905 ὲν
3419 1853 3576 1917 ἰδίαις
3609 1873 3767 1924 περι-

509 1927 740 1983 rationis
777 1946 790 1982 :
843 1926 949 1980 alia
987 1925 1226 1996 denique
1267 1935 1320 1981 et
1355 1924 1569 1979 ratione
1602 1933 1813 1989 utatur,
1860 1933 1914 1981 et
1956 1941 2084 1996 per-

2186 1932 2423 1997 γραοραῖς
2459 1931 2854 2005 θεωρουμένας,
2891 1937 3029 1992 ὥστε
3072 1941 3429 2014 συγκρότημά
3468 1962 3518 1997 τι
3552 1945 3764 2000 πολλῶν

508 2020 652 2074 fecta
691 2017 784 2083 sit,
816 2030 1023 2086 perque
1060 2014 1348 2070 facultates
1381 2021 1606 2070 caeteras
1639 2029 1828 2070 omnes
1861 2015 2082 2082 diffusa,

2184 2017 2372 2089 ψυχῶν
2415 2023 2511 2093 τὴν
2563 2026 2907 2100 ἀνθρωπίνην
2958 2030 3116 2100 φύσιν
3157 2029 3295 2088 εἶναι
3326 2036 3584 2106 νομίζειν.
3621 2038 3759 2092 Ἀλλ’

506 2117 569 2165 ut
604 2118 659 2165 et
687 2108 745 2162 in
774 2108 842 2163 iis
876 2107 1123 2171 exsistat,
1160 2116 1212 2162 et
1246 2115 1502 2176 tanquam
1535 2107 1795 2162 eximium
1825 2109 2080 2178 quiddam

2184 2111 2216 2180 ἡ
2248 2112 2353 2181 μὲν
2367 2113 2574 2186 ἀληθής
2595 2134 2653 2169 τε
2679 2118 2770 2171 καὶ
2794 2120 2971 2173 τελεία
3000 2121 3166 2194 ψυχὴ,
3194 2125 3291 2194 μία
3316 2129 3381 2196 τῇ
3407 2129 3564 2194 φύσει
3588 2129 3759 2193 ἐστὶν,

506 2197 872 2267 intelligentiae
900 2195 1009 2249 vim
1043 2197 1241 2251 habeat
1271 2214 1283 2250 :
1315 2211 1476 2250 nemo
1506 2203 1685 2252 tamen
1726 2196 1928 2252 idcirco
1963 2199 2082 2253 exi-

2180 2203 2212 2271 ἡ
2243 2200 2409 2273 νοερά
2431 2221 2489 2256 τε
2513 2207 2607 2259 καὶ
2631 2207 2811 2275 ἄῦλος,
2847 2212 2879 2281 ἡ
2909 2211 2994 2265 διὰ
3020 2213 3126 2267 τῶν
3157 2195 3461 2284 αἰσθήσεων
3498 2221 3562 2289 τῇ
3599 2219 3757 2291 ὑλικῇ

505 2289 690 2346 stimet
733 2295 845 2343 tres
898 2286 954 2340 in
1005 2286 1245 2340 humano
1293 2285 1511 2355 Opificio
1559 2287 1772 2342 animas
1817 2288 2077 2354 existere,

2179 2296 2624 2378 καταμιγνυμένη
2670 2299 2849 2367 φύσει.
2893 2303 2965 2355 Τὸ
2998 2303 3054 2355 δὲ
3089 2304 3286 2370 ὑλῶδες
3318 2306 3461 2360 ἅπαν
3495 2285 3757 2382 ἐντροπῇ

503 2394 753 2435 seorsum
780 2378 948 2434 certis
989 2377 1147 2447 quasi
1195 2376 1459 2431 limitibus
1505 2377 1974 2448 circumscriptas,
2021 2388 2078 2432 ut

2175 2398 2233 2432 τε
2279 2384 2372 2435 καὶ
2418 2371 2698 2441 ἀλλοιώσει
2727 2390 3006 2461 κείμενον,
3048 2395 3098 2446 εί
3150 2396 3247 2464 μὲν
3282 2397 3495 2467 μετέχοι
3517 2371 3626 2468 τῆς·
3653 2371 3761 2470 qui

503 2480 758 2526 naturam
820 2469 1056 2525 hominis
1111 2484 1176 2523 ex
1228 2468 1502 2538 pluribus
1533 2468 1734 2526 animis
1787 2470 2075 2525 conﬂatam

2175 2473 2376 2546 χούσης
2415 2477 2724 2549 δυνάμεως,
2763 2483 2902 2538 κατὰ
2934 2484 3158 2556 αὔξησιν
3203 2486 3586 2559 κινηθήσεται·
3617 2468 3758 2544 εί-δὲ

500 2571 694 2635 putare
739 2563 1056 2618 debeamus.
1122 2560 1259 2615 Nam
1314 2575 1442 2615 vera
1485 2569 1541 2616 et
1599 2561 1839 2631 perfecta
1893 2562 2073 2617 anima

2179 2566 2442 2621 ἀποπέσοι
2463 2571 2821 2644 τῆς“ζωτικῆς
2845 2575 3153 2647 ὲνεργείας,·
3169 2581 3247 2642 είς
3275 2580 3475 2652 φθορὰν
3497 2583 3754 2637 ἁναλύσει

503 2655 875 2726 τεερεολιιηὶοιι
906 2655 1153 2725 quasdam
1185 2661 1288 2718 est,
1314 2653 1650 2724 intelligens,
1683 2654 1832 2708 nulla
1865 2671 1930 2711 ex
1957 2669 2072 2708 ma-

2177 2653 2277 2725 τὴν
2299 2657 2533 2727 κίνησιν.
2569 2662 2704 2716 Οὔτε
2736 2661 2827 2718 οὖν
2858 2668 3106 2738 αἴσθησις
3135 2671 3300 2741 χωρὶς
3329 2671 3518 2743 ὑλικῆς
3541 2674 3752 2740 οὐσίας,

484 2746 636 2802 ‘terie
677 2760 868 2802 crassa
918 2752 1198 2809 constans,
1253 2743 1347 2798 sed
1383 2759 1480 2814 per
1517 2759 1715 2799 sensus
1756 2752 1964 2798 natura:
1995 2745 2072 2800 illi

2180 2745 2300 2799 οὕτε
2326 2752 2423 2819 τῆς
2469 2756 2661 2823 νοερᾶς
2706 2755 2985 2830 δυνάμεως
3023 2762 3223 2832 χωρὶς,
3270 2763 3568 2834 αἰσθήσεως
3598 2765 3756 2838 ὲνέρ·

496 2852 698 2892 crassae
738 2836 920 2892 mista.
967 2835 1243 2906 Quidquid
1283 2843 1464 2891 autem
1502 2835 1720 2892 exsistit
1745 2851 1813 2890 ex
1847 2836 2074 2890 materie

967 2835 1243 2906 Quidquid
1283 2843 1464 2891 autem
1502 2835 1720 2892 exsistit
1745 2851 1813 2890 ex
1847 2836 2074 2890 materie
2180 2843 2302 2905 γεια
2334 2841 2561 2909 γίνεται.

494 2941 712 2995 crassa,
758 2929 1154 2983 mutationibus
1205 2935 1256 2983 et
1317 2929 1543 2984 alternis
1595 2929 2043 2984 conversionibus
2095 2927 2431 2999 obnoxium,
2466 2937 2512 2990 si
2563 2937 2780 3006 quidem
2830 2940 3104 3000 facultatis
3148 2945 3418 3017 particeps
3471 2947 3577 3002 erit
3625 2949 3751 3018 ejus

493 3039 614 3094 quae
665 3023 902 3078 animam
960 3024 1361 3094 complectitur,
1401 3024 1728 3080 accretionis
1773 3034 1977 3079 motum
2019 3024 2278 3094 habebit;
2344 3030 2429 3084 sin
2490 3040 2672 3089 autem
2721 3036 3290 3116 vivendilfacultatcm
3347 3045 3576 3112 amittat,
3631 3056 3748 3100 tum

491 3110 686 3187 deinde
739 3113 949 3168 scilicet
979 3122 1159 3167 motus
1207 3111 1326 3176 eius
1373 3112 1438 3165 ad
1489 3121 1787 3168 extremum
1849 3115 2125 3171 interitum
2184 3129 2387 3190 verget.
2439 3123 2644 3180 idcirco
2684 3142 2860 3198 neque
2889 3110 3083 3188 sensus
3113 3143 3264 3188 extra
3301 3136 3542 3192 matcriei
3585 3143 3750 3192 natu-

495 3219 606 3258 ram
631 3205 846 3261 exsistit
870 3224 883 3261 :
914 3221 1090 3276 neque
1113 3205 1344 3258 facultas
1371 3204 1680 3276 intelligens
1709 3208 1828 3264 sine
1857 3225 2023 3265 sensu
2077 3213 2322 3269 actiones
2367 3233 2496 3272 suas
2523 3228 2762 3275 exercet.

1084 3295 1307 3352 CAPUT
1356 3296 1473 3352 XV.
2091 3309 2134 3367 C
2170 3310 2175 3314 ’
2679 3318 2698 3368 l

2091 3309 2134 3367 C
2170 3310 2175 3314 ’
2679 3317 3074 3372 ΚΕΦΛΛΛΙΟΝ
3124 3323 3220 3374 ΙΕ’.

489 3383 758 3477 Militum.
782 3384 988 3477 "1°33?
1015 3392 1222 3477 .‘i‘ff‘f
1251 3401 1418 3477 ,Ἔφη
1433 3395 1498 3477 99,
1514 3387 1658 3477 ἐξά)
1693 3407 1816 3477 9⁸⁸⁸⁸
1833 3394 2062 3477 ,ναίεσκε

2167 3397 2290 3454 Ὅτι
2339 3401 2798 3477 κυρίως-Ᾱψρχὴ,
2844 3407 2881 3473 ἡ
2921 3409 3134 3477 λογικὴ
3185 3411 3283 3464 καὶ
3325 3412 3454 3465 ἔστι
3497 3413 3593 3466 καὶ
3639 3415 3741 3468 λέ-

555 3455 758 3516 utitur;
787 3453 988 3549 ueteri?
1013 3462 1220 3508 tantum
1242 3456 1650 3538 appellationem
1675 3453 1793 3514 cam
1825 3462 1923 3516 hac
1949 3481 2062 3520 esse

2231 3453 2426 3549 τεταίτ
2451 3453 2819 3549 αἱῖδξᾶἲλαι
2855 3453 3174 3549 έμωιίύμῶς
3214 3481 3733 3549 κατονομάζονται.

554 3521 1198 3617 commurtemLP'rwteSeo'
1233 3521 1324 3592 per
1361 3528 1664 3609 universum
1690 3547 1882 3617 corptts
1918 3549 2061 3587 men-

2239 3521 2250 3537 ,
2554 3521 2573 3524 _
2858 3521 2881 3530 ν
2910 3521 2993 3531 η..
3019 3521 3042 3532 ν
3077 3521 3137 3531 ..ν
3214 3521 3377 3533 ,μην
3399 3521 3427 3534 ν
3449 3521 3596 3540 mw.
3619 3521 3734 3538 ιυμ..

2244 3541 2339 3617 Ἑν
2359 3532 2405 3604 ᾧ
2434 3540 2532 3617 κᾳί
2561 3543 2656 3617 rd,
2685 3543 2782 3617 διὰ
2808 3521 3032 3614 παῖιτὸς
3051 3521 3166 3600 ἒόῧ
3197 3521 3467 3617 adipata;-
3503 3551 3740 3616 διήκειν

669 3608 724 3646 se
758 3592 1077 3686 facuthqtem'
1102 3592 1301 3686 didere,
1335 3598 1665 3686 conveniente
1694 3592 1925 3670 quddam
1967 3620 2060 3657 ra-

2228 3607 2343 3686 τὴν
2373 3592 2498 3662 ’τοῦ
2537 3592 2656 3665 νοῦ⁷
2692 3612 2967 3686 δύναμιν,
3003 3592 3412 3686 δκαταλλήῗὶως
3436 3592 3737 3678 ὃέκάίῖτου

554 3663 694 3715 tione
737 3661 982 3716 membris
1030 3663 1255 3732 singulis
1308 3666 1668 3734 conjunctam.
1703 3661 1715 3670 ’
2105 3724 2109 3728 ,

1381 3666 1668 3734 njunctam.
1703 3661 1715 3670 ’
2105 3724 2109 3728 .
2222 3661 2445 3746 μέρους
2470 3661 2995 3755 άροἕααὲἱόμῗὲῐιῆιί.

555 3749 613 3805 Si
652 3751 777 3821 quis
824 3758 1004 3807 autem
1056 3751 1262 3808 idcirco
1306 3754 1494 3824 plures
1542 3771 1665 3813 esse
1698 3759 1907 3816 animas
1939 3761 2058 3831 opi-

2225 3769 2288 3820 Εί
2322 3769 2382 3821 δέ
2409 3787 2528 3823 τινα
2579 3775 2676 3843 τῆς
2725 3777 2953 3840 κτίσεως
2994 3777 3092 3848 τὴν
3122 3779 3419 3850 θρεπτικὴν
3451 3780 3733 3852 ἐνέργειαν

486 3849 675 3906 natur,
722 3842 870 3913 quod
921 3851 1104 3899 creata
1158 3847 1420 3902 nonnulla
1471 3848 1728 3906 facultate
1779 3855 2056 3911 nutriente

2154 3857 2299 3930 ἔχει,
2333 3859 2364 3930 ἢ
2416 3862 2576 3917 πάλιν
2609 3865 2772 3930 ἔτερα
2815 3870 2880 3938 τῇ
2926 3842 3212 3940 αἰσθητικῇ
3253 3842 3730 3930 διοικεῖταιδυνά-

481 3938 612 3986 sunt
640 3932 885 4001 praedita,
927 3934 1186 3988 nonnulla
1226 3936 1522 4005 sentiente;
1575 3955 1700 3995 cum
1736 3942 1827 3997 illa
1863 3959 2050 4010 sensu,

2156 3967 2265 4019 μει,
2296 3953 2431 4022 μήτε
2457 3954 2639 4007 ἐκεῖνα
2671 3932 3003 4027 αἰσθήσεως,
3039 3932 3377 4031 μ’ήτεῖιαῦτα
3406 3965 3504 4034 τῆς
3532 3967 3729 4034 νοερᾶς

472 4020 597 4076 haec
621 4021 990 4092 intelligentia
1042 4033 1290 4090 careant;
1326 4027 1374 4081 is
1413 4028 1716 4084 animarum
1754 4033 2052 4090 discrimen

2155 4020 2449 4110 μετέχοντα
2484 4042 2728 4110 φύσεως,
2770 4020 2863 4098 καὶ
2894 4020 3166 4102 διατοῦτό
3190 4068 3274 4114 τις
3305 4020 3500 4122 ψυχῶῖ
3525 4020 3727 4123 πλῆθος

479 4127 589 4167 non
618 4113 759 4168 satis
791 4113 1060 4184 explicate
1095 4114 1360 4194 declarat.
1395 4117 1667 4190 Quidquid
1696 4124 1842 4177 enim
1874 4125 1928 4180 in
1961 4142 2048 4182 re-

2150 4127 2581 4184 καθυποπτεύει·
2632 4133 2692 4184 οὺ
2757 4135 2897 4188 κατὰ
2955 4137 3046 4190 τὸν
3104 4138 3412 4210 διαιροῦντα
3473 4141 3627 4209 λόγον
3695 4145 3725 4197 ὁ

475 4221 599 4260 rum
625 4212 823 4260 natura
860 4207 1098 4274 exsistit,
1127 4209 1174 4264 si
1201 4210 1419 4280 quidem
1449 4212 1688 4281 perfecte
1710 4225 1793 4270 est
1813 4217 1864 4270 id
1893 4221 2038 4287 quod

2149 4215 2388 4280 τοιοῦτος
2418 4218 2514 4289 τὴν
2554 4221 2662 4275 τῶν
2689 4222 2876 4294 ψυχῶν
2909 4227 3169 4298 διαφορὰν
3203 4207 3552 4300 δογματίσειέ
3586 4234 3721 4288 διότι

473 4309 596 4351 esse
647 4295 847 4352 debet:
894 4304 1044 4354 recte
1080 4299 1243 4353 etiam
1283 4314 1347 4354 ac
1380 4303 1601 4373 proprie
1643 4320 1843 4361 nomen
1884 4325 2042 4364 suum

2147 4307 2254 4358 πᾶν
2272 4307 2332 4359 τὸ
2351 4309 2407 4361 ὲν
2426 4312 2538 4371 τοῖς
2555 4307 2672 4364 οὖσι
2699 4313 3004 4385 νοούμενον,
3036 4321 3082 4370 εἰ
3107 4319 3203 4387 μὲν
3228 4320 3447 4384 τελείως
3473 4323 3555 4393 εἴη
3583 4323 3720 4395 ὅπερ

471 4384 703 4452 obtinet,
755 4401 866 4456 quo
902 4387 1115 4444 scilicet
1167 4391 1507 4462 appellatur;
1561 4394 1644 4449 sin
1693 4397 1897 4466 aliquid
1935 4414 2043 4454 non

2145 4395 2288 4462 ἐστὶ,
2319 4400 2522 4470 κυρίως
2559 4404 2652 4456 καὶ
2681 4384 3000 4476 ὀνομάζεται
3028 4384 3162 4481 ὅπερ
3189 4410 3398 4478 λέγεται
3417 4431 3431 4445 ο
3464 4414 3524 4465 rb
3545 4384 3607 4466 bs
3641 4384 3719 4487 μί]

471 4488 698 4542 prorsus
724 4483 778 4530 et
825 4477 1034 4547 integre
1065 4486 1150 4534 est
1181 4480 1259 4545 id,
1293 4483 1438 4551 quod
1478 4498 1601 4540 esse
1633 4485 1838 4541 dicitur
1867 4503 1885 4542 :
1915 4489 2042 4545 huic

2143 4487 2230 4541 διὰ
2253 4489 2470 4544 πάντων
2505 4493 2568 4545 δν
2599 4496 2801 4561 ὲκεῖνο,
2831 4498 2859 4550 ὃ
2889 4501 3322 4571 κατωνόμασται,
3353 4505 3584 4572 ματαίαν
3620 4509 3718 4560 καὶ

403 4579 412 4588 ί
470 4562 770 4631 improprie
816 4580 1015 4622 nomen
1061 4569 1241 4638 ipsum
1285 4573 1563 4628 tribuitur.
1600 4571 1656 4629 Si
1701 4579 1846 4647 quis,
1886 4583 2017 4635 verb

2103 4658 2111 4664 ι
2141 4580 2240 4648 τὴν
2273 4584 2638 4652 προσηγορίαν
2668 4585 2799 4656 ἔχει.
2839 4584 2962 4642 Οἷον
2992 4592 3044 4642 εί
3067 4562 3148 4656 τίς
3173 4593 3261 4647 τὸν
3289 4562 3460 4664 ἀληθῆ
3489 4595 3717 4659 δείξειεν

468 4651 667 4719 gratia,
707 4666 900 4721 panem
945 4671 1136 4711 verum
1165 4663 1417 4717 ostendat
1451 4680 1466 4717 :
1501 4680 1625 4720 eum
1663 4644 1880 4739 proprie
1909 4687 2025 4727 rem
2069 4644 2082 4700 1

2101 4644 2333 4740 ³ἆρτον,
2394 4644 2573 4745 φαμέν
2630 4644 2728 4730 rb;
2769 4678 3004 4732 τοιοῦτον
3061 4644 3263 4752 κυρίως
3293 4644 3715 4758 irrisive—tver

467 4740 764 4796 indicatam
799 4758 901 4798 suo
936 4747 1158 4803 nomine
1187 4753 1494 4821 appellasse
1522 4756 1776 4816 dicimus.
1811 4761 1908 4817 Sin
1936 4777 2038 4818 au-

2143 4760 2486 4834 ὑποκειμένῳ
2512 4764 2572 4818 rb
2595 4765 2784 4836 ὄνομα.
2813 4767 2872 4822 Εἰ
2898 4770 2955 4822 δέ
2979 4782 3066 4833 τις
3085 4772 3175 4824 τὸν
3209 4772 3315 4828 ἀπὸ
3350 4774 3494 4827 λίθου
3519 4793 3715 4846 τεχνη-

466 4839 574 4885 tem
621 4846 728 4885 una
771 4846 895 4886 cum
950 4833 1056 4889 hoc
1109 4836 1273 4891 alium
1327 4842 1616 4910 quemdam
1675 4846 2034 4919 demonstret,

2133 4850 2300 4906 θέντα
2345 4854 2420 4924 τῷ
2463 4857 2600 4910 κατὰ
2648 4858 2812 4931 φύσιν.
2859 4850 3384 4934 ἀντιπαραδείξειεν,
3432 4860 3476 4934 ᾧ
3524 4865 3713 4937 σχῆμα

465 4926 583 4973 arte
630 4917 834 4974 factum
875 4920 942 4976 de
986 4925 1219 4980 materie
1262 4927 1496 4997 lapidea,
1537 4931 1782 4999 ejusdem
1824 4917 2030 5005 formas,

2141 4944 2238 5013 μὲν
2277 4945 2337 4998 rb
2380 4917 2542 5014 αὐτὸ,
2581 4917 2673 5003 καί
2705 4951 2765 5004 τὸ
2807 4925 3032 5022 ίμὲγεθος
3062 4917 3338 5021 ,ἴσονξκαὶ
3439 4917 3531 5016 τοῦ

465 5007 730 5076 aequalem
768 5011 1164 5080 magnitudine,
1197 5017 1378 5072 colore
1410 5020 1770 5090 consimilem,
1806 5034 1864 5080 ut
1892 5031 2032 5082 mul-

2141 5007 2152 5013 _
2528 5007 2539 5014 .
2813 5007 2825 5022 ι
2894 5007 2904 5020 .
3017 5007 3032 5017 σ
3199 5007 3212 5021 ν
3385 5007 3409 5027 νι
3452 5007 3522 5016 "‘
3560 5007 3669 5028 Ar"

2135 5050 2300 5101 ματος
2340 5038 2626 5110 ὁμοιότης,
2669 5041 2806 5094 ὥστε
2845 5043 2930 5096 διὰ
2969 5045 3077 5098 τῶν
3117 5046 3382 5101 πλείστων
3426 5048 3517 5100 τὸν
3543 5048 3709 5103 αὐτὸν

461 5099 533 5151 tis
558 5112 624 5152 ex
653 5100 817 5155 rebus
851 5101 991 5156 idem
1027 5117 1149 5158 esse
1181 5119 1304 5159 cum
1331 5121 1416 5171 eo,
1453 5109 1518 5163 ad
1563 5111 1722 5179 cujus
1754 5118 2034 5186 exemplar

461 5185 637 5209 1--.---
673 5196 746 5209 --ι
804 5199 1052 5209 ---.-Α-,-.
1457 5199 1470 5209 .
1550 5199 1566 5209 .
1637 5202 1650 5209 -
1862 5203 1876 5209 -
1915 5205 1925 5209 -
1952 5207 1962 5209 _

2130 5121 2267 5179 εἶναι
2304 5129 2382 5199 τῷ
2425 5133 2758 5200 πρωτοτύπῳ
2801 5136 3008 5203 δοκεῖν,
3065 5138 3334 5193 ἐπιλείπει
3364 5140 3420 5194 δὲ
3461 5140 3608 5209 αὐτῷ
3643 5140 3708 5194 rb

460 5185 640 5243 factus
667 5196 772 5254 est,
801 5199 1058 5260 appareat
1087 5209 1100 5247 :
1148 5209 1314 5250 unum
1348 5199 1509 5254 modo
1535 5199 1698 5264 desit,
1735 5203 1878 5272 quod
1914 5185 2031 5260 ido-

2129 5216 2224 5301 καὶ
2260 5185 2481 5291 τροφὴν.
2509 5187 2764 5277 δύνασθαι
2794 5221 2930 5280 εἶναι
2956 5245 2969 5258 °
2997 5185 3153 5298 ⁷*ιἐαρξὶι
3182 5230 3335 5284 τοῦτο
3375 5232 3433 5284 οὐ
3472 5192 3703 5301 κυρίως,

459 5293 595 5335 neus
624 5294 746 5336 esse
773 5282 968 5338 alendo
1003 5283 1210 5340 homini
1244 5302 1352 5341 non
1397 5290 1572 5359 possit
1607 5299 1762 5346 :tum
1797 5309 1926 5350 vero
1962 5296 2028 5354 de

2127 5300 2239 5352 ἀλλ’
2274 5282 2338 5356 ἐκ
2378 5282 2765 5380 καταχρήσεως
2810 5315 2908 5384 τῆς
2951 5282 3264 5386 ἐπωνυμίας
3292 5319 3385 5372 τοῦ
3415 5282 3579 5389 ἄρτου
3611 5337 3701 5372 τε·

455 5369 559 5426 hoc
586 5371 706 5440 ipso
751 5387 862 5426 non
895 5383 1040 5429 recte
1081 5376 1242 5445 lapidi
1275 5379 1429 5446 panis
1475 5382 1896 5450 appellationem
1936 5387 2021 5441 in-

2125 5395 2422 5463 τυχηκέναι
2474 5399 2563 5451 τὸν
2609 5401 2752 5454 λίθον
2798 5403 3062 5474 λέγωμεν.
3110 5410 3218 5460 Καὶ
3253 5409 3428 5464 πάντα
3462 5410 3530 5462 τὰ
3557 5408 3697 5463 κατὰ

455 5459 646 5524 ditam,
671 5460 767 5516 sed
795 5476 890 5532 per
917 5464 1068 5520 vocis
1089 5465 1338 5533 abusum,
1372 5467 1780 5528 allirmabimus.
1819 5473 2017 5532 Eodem

455 5551 610 5571 NL
1221 5557 1232 5569 .
1474 5567 1483 5571 Α
1549 5561 1598 5571 ..
1873 5568 1887 5571 -
1946 5568 1959 5571 -

2124 5481 2216 5534 τὸν
2261 5485 2422 5540 αὐτὸν
2466 5489 2640 5559 λόγον,
2672 5492 2706 5544 ἃ
2749 5495 2821 5563 μὴ
2864 5495 2930 5547 δι’
2958 5497 3091 5549 ὅλων
3121 5499 3264 5551 ἐστὶν
3288 5501 3423 5571 ὅπερ
3445 5501 3694 5567 λέγεται,

453 5551 905 5624 modo-quidquid
932 5569 1040 5609 non
1087 5557 1234 5612 omni
1266 5573 1330 5613 ex
1369 5567 1523 5629 parte
1549 5561 1599 5615 id
1631 5571 1714 5618 est
1743 5568 1889 5635 quod
1929 5568 2014 5623 di-

2124 5573 2188 5624 ἐκ
2231 5580 2617 5650 καταχρησεως
2657 5582 2768 5652 ἔχει
2802 5588 2898 5656 τὴν
2941 5587 3152 5659 κλῆσιν.
3197 5589 3350 5644 Οὖτω
3387 5592 3562 5646 τοίνυν
3595 5586 3694 5640 καὶ

449 5643 612 5713 citur,
635 5644 693 5701 in
721 5661 787 5704 eo
816 5646 1139 5720 appellando
1173 5650 1451 5706 vocabulis
1480 5651 1772 5712 abutimur.
1808 5658 2013 5724 Quam-

2120 5663 2218 5734 τῆς
2270 5666 2446 5740 ψυχῆς
2491 5672 2544 5724 ἐν
2593 5673 2669 5750 τῷ
2717 5676 2884 5748 νοερῷ
2926 5697 2979 5732 τε
3027 5682 3118 5736 καὶ
3154 5680 3352 5753 λογικῴ
3396 5683 3454 5735 τὸ
3486 5681 3689 5735 τέλειον
