4088 6210
297 277 399 335 ΓΠ

1560 281 1649 337 DE
1689 283 1975 341 liOMlNlS
2011 286 2324 346 OPIFICIO.

3458 299 3560 356 178

295 389 565 468 ἐχούσης,
596 389 703 442 πᾶν
735 388 765 441 ὃ
797 387 871 459 μὴ
897 386 1058 442 τοῦτό
1089 389 1271 455 ἐστιν,
1301 388 1589 462 ὁμώνυμον
1624 394 1722 464 μὲν
1749 391 1878 449 εἶναι

1989 398 2178 454 obrem
2231 413 2356 454 cum
2405 413 2470 455 ea
2517 397 2735 455 demum
2803 398 3045 472 perfecta
3083 401 3158 457 sit
3202 401 3402 472 anima,
3440 420 3562 477 qua:

295 480 523 533 δύναται
555 481 620 549 τῇ
656 479 804 549 ψυχῇ
829 517 844 543 ,
875 479 934 530 οὐ
974 479 1078 549 μὴν
1103 479 1196 534 καὶ
1230 479 1398 543 ὅντως
1426 480 1571 553 ψυχὴ
1591 522 1607 548 ,
1645 483 1782 538 ἀλλά
1802 503 1885 550 τις

293 569 551 638 ἐνέργεια
595 567 836 637 ζωτικὴ,
882 570 947 637 τῇ
994 567 1093 637 τῆς
1139 568 1315 639 ψυχῆς
1364 569 1555 640 κλήσει
1592 587 1884 644 συγκεκρι-

294 659 458 729 μένη.
493 657 585 710 Διὸ
624 658 717 710 καὶ
747 658 848 729 τὴν
878 657 988 709 τῶν
1024 657 1233 726 ἀλόγων
1264 659 1458 726 φύσιν,
1493 661 1569 724 ὡς
1600 663 1660 714 οὐ
1694 664 1884 735 πόρρω

293 749 402 820 τῆς
428 749 663 818 φυσικῆς
687 749 892 818 ταύτης
916 747 1061 817 ζωῆς
1083 747 1363 818 κειμένην,
1394 750 1592 818 ὁμοίως
1625 750 1791 805 ἔδωκε
1817 755 1882 824 τῇ

289 843 497 911 χρήσει
539 839 633 891 τοῦ
673 837 993 910 ἀνθρώπου,
1040 839 1069 890 ὁ
1112 837 1348 897 τά,καθ’
1390 839 1620 894 ἕκαστον
1665 842 1886 912 νομοθε·

288 934 492 1002 τήσας,
517 930 594 993 ὡς
614 931 734 984 ἀντὶ
760 931 994 1000 λαχάνου
1025 931 1135 993 τοῖς
1161 930 1478 1000 μετέχουσιν
1506 927 1664 986 εἶναι.
1701 935 1884 988 Πάντα

289 1023 431 1094 γὰρ,
467 1023 625 1094 φησὶ,
647 1021 717 1075 τὰ
738 1021 875 1092 κρέα
904 1020 1161 1089 φάγεσθε,
1191 1023 1267 1085 ὼς
1293 1021 1499 1092 λάχανα
1523 1023 1734 1093 χόρτου,
1779 1026 1885 1078 Μι-

287 1113 435 1184 κρὸν
456 1113 570 1182 γάρ
595 1129 652 1164 τι
684 1112 1024 1164 πλεονεκτεῖν
1047 1111 1195 1164 δοκεῖ
1219 1114 1283 1182 τῇ
1316 1112 1603 1184 αἰσθητικῇ
1635 1115 1885 1188 ἐνεργείᾳ

285 1203 396 1257 τοῦ
437 1203 562 1271 δίχα
620 1201 823 1272 ταύτης
867 1201 1200 1272 τρεφομένου
1245 1220 1305 1256 τε
1355 1203 1450 1256 xai.
1491 1205 1880 1276 αὐξανομένου.

289 1293 658 1346 Παιδευσάτω
685 1292 846 1345 τοῦτο
875 1293 1000 1355 τοὺς
1029 1292 1390 1364 φιλοσάρκους
1409 1332 1425 1358 ,
1477 1296 1552 1367 μὴ
1587 1297 1722 1350 πολὺ
1770 1300 1884 1362 τοῖς

289 1385 426 1434 κατ’
457 1382 707 1452 αἴσθησιν
740 1382 1083 1451 φαινομένοις
1105 1383 1476 1454 προσδραμεῖν
1504 1385 1602 1455 τὴν
1623 1385 1880 1456 διάνοιαν,

288 1474 417 1526 ἀλλ’
443 1476 502 1526 ὲν
531 1475 644 1536 τοῖς
670 1473 924 1542 ψυχικοῖς
960 1475 1336 1544 προτερήμασι
1370 1475 1881 1545 προσασχολεῖσθαι,

290 1565 376 1627 ὡς
406 1565 506 1634 τῆς
535 1564 766 1634 ἀληθοῦς
804 1565 983 1633 ψυχῆς
1012 1566 1071 1617 ὲν
1106 1564 1318 1627 τούτοις
1351 1566 1754 1638 θεωρουμένης,
1783 1570 1883 1639 τῆς

290 1656 356 1709 δὲ
406 1656 710 1726 αἰσθήσεως
753 1657 847 1709 καὶ
881 1658 939 1708 ὲν
978 1658 1093 1718 τοῖς
1137 1655 1350 1725 ἀλόγοις
1378 1657 1439 1710 τὸ
1474 1659 1588 1711 ἴσον
1629 1659 1878 1729 ἐχούσης.

304 1730 461 1798 Ἀλλ’
488 1749 573 1816 ἐφ’
620 1747 802 1817 ἕτερον
846 1747 878 1816 ή
909 1746 1198 1800 ἀκολουθία
1235 1748 1550 1818 παρηνέχθη
1577 1749 1873 1829 τοῦλόγου.
1912 1738 1952 1796 Β

294 1837 381 1889 Οὐ
415 1836 526 1906 γὰρ
568 1835 721 1890 τοῦτο
768 1838 833 1907 τῇ
877 1836 1079 1907 θεωρίᾳ
1117 1837 1432 1908 προέκειτο,
1471 1839 1553 1891 ὄτι
1602 1839 1880 1910 προτιμὼ-

292 1945 471 1999 τερον
496 1929 603 1981 τῶν
649 1931 705 1980 ὲν
742 1929 817 1997 τῷ
849 1927 1122 1998 ἀνθρώπῳ
1159 1929 1463 1998 νοουμένων
1495 1931 1644 1982 ἐστὶν
1673 1932 1706 2000 ἡ
1738 1929 1880 1984 κατά

295 2019 440 2073 νοῦν
482 2020 723 2091 ἐνέργεια
749 2019 778 2088 ἢ
807 2020 868 2071 τὸ
895 2019 1080 2072 ὑλικὸν
1110 2019 1209 2088 τῆς
1235 2020 1586 2084 ὑποστάσεως
1605 2037 1618 2051 ο
1655 2021 1769 2073 ἀλλ’
1796 2021 1878 2073 ὄτι

294 2113 429 2181 οὐχὶ
466 2113 620 2183 μέρει
647 2114 747 2165 τινὶ
769 2111 879 2166 τῶν
919 2114 978 2164 ὲν
1015 2113 1145 2182 ἡμῖν
1187 2112 1216 2164 ό
1241 2112 1364 2176 νοῦς
1391 2111 1734 2181 περιέχεται,
1760 2111 1878 2166 ἀλλ’

292 2205 500 2274 ἐπίσης
530 2206 587 2256 ἐν
635 2206 765 2257 πᾶσι
811 2205 904 2258 καὶ
931 2204 1018 2257 διὰ
1061 2205 1276 2258 πάντων
1302 2204 1482 2256 ἐστίν⁸
1517 2202 1642 2256 οὔτε
1680 2203 1878 2270 ἔξωθεν

291 2295 749 2364 περιλαμϐάνων,
802 2294 925 2348 οὔτε
987 2294 1197 2347 ἔνδοθεν
1252 2293 1641 2366 κρατούμενος.
1693 2293 1879 2348 Ταῦτα

287 2385 402 2455 γὰρ
453 2387 545 2438 ἐπὶ
589 2387 770 2440 κάδων
822 2385 855 2455 ἧ
902 2385 1076 2439 ἄλλων
1116 2384 1276 2437 τινῶν
1311 2385 1580 2454 σωμάτων
1627 2383 1878 2454 ἀλλήλοις

285 2476 652 2545 ἐπιθεμένων
696 2475 901 2546 κυρίως
942 2475 1179 2543 λέγεται.
1221 2474 1286 2528 'H
1324 2475 1380 2526 δὲ
1404 2474 1498 2527 τοῦ
1529 2473 1620 2528 νοῦ
1655 2475 1790 2545 πρὸς
1817 2475 1879 2527 τὸ

287 2567 608 2636 σωματικὸν
659 2565 913 2619 κοινωνία
965 2565 1242 2633 ἄφραστόν
1285 2582 1348 2618 τε
1386 2565 1482 2618 καὶ
1524 2565 1878 2636 ἀνεπινόητον

283 2654 390 2725 τὴν
412 2655 708 2723 συνάφειαν
734 2655 864 2726 ἔχει,
887 2655 1009 2708 οὔτε
1032 2655 1180 2718 ἐντὸς
1198 2651 1333 2708 οὖσα
1358 2653 1514 2725 (οὔτε
1541 2654 1651 2726 γὰρ
1673 2658 1880 2726 ὲγκρασε

283 2748 465 2798 τεῖται
531 2744 745 2814 σώματι
795 2744 856 2796 τὸ
915 2742 1268 2813 ἀσώματον),
1315 2741 1436 2795 οὕτε
1495 2741 1650 2804 ἐκτὸς
1690 2742 1875 2812 περιέ-

285 2854 460 2908 χουσα
491 2837 584 2905 (οὐ
629 2836 738 2907 γὰρ
770 2835 1166 2906 περιλαμϐάνει
1203 2852 1254 2888 τι
1283 2834 1352 2888 τὰ
1380 2834 1676 2906 ἀσώματα)
1697 2851 1710 2866 ·
1742 2833 1880 2890 ἀλλὰ

283 2929 434 2982 κατά
477 2945 599 2980 τινα
630 2928 827 2998 τρόπον
869 2927 1149 2997 ἀμήχανόν
1173 2943 1233 2978 τε
1262 2926 1355 2979 καὶ
1389 2925 1755 2996 ἀκατανόητον
1784 2927 1879 2995 ἐγ-

283 3021 462 3088 γῖξων
489 3021 518 3073 ό
548 3019 676 3082 νοῦς
716 3022 782 3090 τῇ
820 3017 1012 3088 φύσει,
1058 3019 1152 3072 καὶ
1180 3017 1655 3089 προσαπτόμενος,
1692 3017 1784 3072 καὶ
1820 3019 1878 3072 ἐν

280 3113 431 3182 αὑτῇ
475 3111 570 3164 καὶ
600 3110 729 3180 περὶ
759 3109 928 3180 αὐτὴν
963 3107 1276 3180 θεωρεῖται,
1313 3108 1436 3162 οὔτε
1480 3109 1872 3181 ἐγκαθήμενος,

279 3203 416 3256 οὔτε
452 3203 987 3274 περιτπυσσόμενος·
1041 3200 1175 3254 ἀλλὰ
1206 3201 1281 3264 ὠς
1310 3200 1410 3254 οὐκ
1453 3199 1599 3253 ἔστιν
1631 3203 1800 3254 εἰπεῖν
1837 3201 1870 3272 ἢ

223 3358 231 3364 ,
280 3295 511 3364 νοῆσαι,
539 3295 679 3364 πλὴν
707 3295 786 3347 ὅτι
807 3294 948 3346 κατὰ
968 3294 1057 3346 τὸν
1089 3294 1220 3347 ἴδιον
1251 3293 1422 3362 αὐτῆς
1449 3293 1638 3363 εἱρμὸν
1663 3293 1874 3345 εὐοδου·

285 3387 467 3456 μένης
509 3386 606 3456 τῆς
646 3385 894 3455 φύσεως,
927 3387 1021 3438 καὶ
1047 3387 1075 3438 ό
1114 3384 1240 3448 νοῦς
1280 3384 1501 3454 ἐνεργὸς
1547 3383 1773 3452 γίνεται.
1812 3383 1874 3436 Ei

315 3477 341 3529 ἐ
398 3494 451 3528 τι
494 3476 869 3546 πλημμέλημα
913 3475 1042 3545 περὶ¹
1074 3473 1276 3544 ταύτην
1325 3472 1626 3544 συμπέσοι,
1688 3471 1874 3535 σχάζει

283 3569 420 3620 κατ’
452 3567 631 3619 ἐκεῖνο
662 3567 753 3620 καὶ
776 3566 877 3636 τῆς
902 3566 1139 3628 διανοίας
1164 3567 1197 3635 ἡ
1229 3565 1460 3634 κίνησις.

1989 498 2041 544 et
2074 490 2451 560 intelligentiae
2476 501 2529 547 et
2558 491 2788 546 rationis
2814 499 2900 547 est
2931 491 2985 546 vi
3012 492 3274 562 praedita:
3299 495 3562 566 quidquid

1989 579 2202 635 scilicet
2239 583 2345 652 tale
2374 597 2482 636 non
2530 591 2633 647 est,
2666 583 2714 638 ei
2750 596 2876 636 cum
2909 583 3090 636 anima
3115 584 3333 654 quidem
3361 602 3569 644 nomen.

1987 683 2110 725 esse
2155 684 2445 730 commune
2471 681 2676 742 potest,
2709 687 2905 743 reapse
2935 687 3062 728 vero
3090 688 3199 728 non
3231 675 3432 741 anima,
3461 679 3558 734 sed

1989 759 2201 814 vivendi
2237 760 2468 816 facultas
2494 763 2744 832 quaedam
2774 763 2901 827 erit,
2935 778 3055 833 qum
3101 779 3253 819 more
3273 764 3556 823 hominum

1987 849 2180 904 animae
2213 852 2568 922 appellatione
2600 861 2912 909 censeatur.
2935 852 3146 908 ldcirco
3175 853 3319 910 Deus
3351 857 3557 913 homini

1987 940 2301 996 animalium
2345 945 2602 1000 carnibus
2631 946 2798 1010 vesci,
2833 946 3058 1015 perinde
3094 953 3255 1018 atque
3295 948 3557 1017 oleribus,

1985 1033 2249 1100 permittit
2297 1035 2490 1104 :quod
2541 1051 2732 1091 eorum
2778 1046 2973 1090 natura
3021 1051 3190 1107 prope
3237 1052 3266 1091 a
3305 1039 3416 1092 vita
3467 1040 3558 1097 illa

1985 1137 2172 1176 rerum
2206 1125 2539 1179 naturalium
2575 1127 2733 1182 absit.
2767 1125 2859 1182 Est
2882 1126 3026 1180 enim
3057 1127 3130 1180 ita
3159 1129 3559 1199 perscriptum:

1985 1210 2176 1269 Omnis
2225 1216 2442 1285 generis
2475 1218 2734 1273 carnibus
2779 1225 3038 1287 tanquam
3087 1217 3330 1272 oleribus
3357 1220 3554 1288 grami-

1983 1304 2102 1359 neis
2121 1307 2433 1362 vescemini.
2459 1306 2652 1362 Parum
2675 1309 2883 1363 scilicet
2911 1307 3169 1377 quiddam
3189 1324 3310 1365 esse
3339 1298 3558 1365 videtur

1985 1393 2042 1448 in
2093 1395 2425 1452 animalibus
2458 1399 2669 1454 caeteris
2698 1398 2929 1454 facultas
2980 1401 3244 1466 sentiens,
3289 1414 3398 1470 qua
3450 1417 3556 1454 una

1987 1487 2152 1542 rebus
2193 1489 2337 1552 aliis,
2384 1505 2505 1559 quae
2539 1491 2743 1560 absque
2800 1492 2901 1546 hac
2957 1501 3009 1547 et
3041 1492 3263 1547 aluntur
3295 1501 3350 1548 et
3374 1508 3556 1549 accre-

1986 1585 2170 1640 scunt,
2220 1589 2502 1648 prmstant.
2541 1582 2614 1637 De
2645 1597 2752 1650 quo
2798 1583 3134 1652 voluptarios
3164 1583 3415 1638 homines
3453 1583 3556 1638 hoc

1985 1678 2179 1732 capere
2208 1665 2468 1720 doctrinae
2497 1676 2551 1722 et
2592 1669 2978 1724 admonitionis
3011 1679 3242 1739 oportet,
3278 1679 3340 1726 ιιι
3384 1672 3559 1726 animi

1981 1755 2361 1824 cogitationem
2389 1757 2454 1811 ad
2490 1773 2577 1812 res
2606 1775 2726 1828 qua:
2756 1758 2942 1813 sensui
2974 1759 3240 1824 arrident,
3289 1775 3399 1816 non
3426 1776 3556 1816 con-

1982 1855 2216 1911 vertant,
2244 1848 2339 1902 sed
2366 1863 2579 1904 omnem
2611 1865 2829 1920 operam
2854 1851 3203 1922 studiumque
3226 1851 3277 1906 in
3301 1853 3556 1908 excolen-

1983 1935 2072 1992 dis
2120 1938 2304 2016 animi;
2338 1955 2466 1994 vere
2512 1940 2849 2009 principibus
2894 1942 3052 1998 bonis
3098 1943 3387 2011 collocent,
3412 1944 3556 1999 circa

1979 2043 2101 2097 quae
2123 2043 2250 2084 vere
2281 2029 2540 2084 nimirum
2571 2031 2750 2085 anima
2776 2041 3048 2101 versatur,
3089 2049 3258 2104 quum
3287 2035 3555 2091 sentiendi

1980 2116 2244 2172 facultate
2268 2119 2523 2173 animalia
2555 2121 2780 2176 rationis
2802 2122 3045 2192 expertia
3077 2137 3186 2177 non
3210 2139 3553 2194 superemus.

1980 2208 2089 2264 Sed
2147 2212 2215 2265 ab
2265 2211 2386 2266 aliis
2429 2210 2504 2264 ad'
2543 2213 2649 2267 alia
2712 2228 3004 2284 progressa
3053 2223 3138 2271 est
3183 2216 3376 2271 oratio.
3437 2215 3556 2272 Non

1979 2299 2124 2354 enim
2168 2299 2509 2356 instituimus
2541 2302 2828 2359 ostendere
2853 2311 3090 2359 mentem
3121 2305 3178 2359 in
3207 2305 3428 2360 homine
3454 2321 3556 2360 na-

1980 2397 2101 2445 tura
2130 2406 2331 2447 crassae
2357 2392 2604 2447 materiei
2627 2395 3062 2464 praestantiorem
3100 2411 3260 2452 esse:
3287 2396 3382 2451 sed
3405 2396 3556 2450 nulla

1979 2486 2131 2533 certa
2150 2487 2301 2548 parte
2332 2482 2580 2552 corporis
2603 2480 2779 2538 uestri
2815 2492 3054 2540 mentem
3074 2485 3367 2542 contineri.
3394 2484 3556 2542 Exsi-

1979 2577 2123 2625 stere
2152 2571 2362 2625 scilicet
2406 2587 2524 2627 eam
2567 2573 2780 2628 ratione
2830 2575 2948 2643 pari
2980 2575 3036 2629 in
3064 2576 3341 2640 omnibus,
3377 2583 3431 2631 et
3459 2591 3557 2647 per

1979 2658 2182 2722 omnia,
2223 2667 2386 2728 atque
2437 2667 2496 2715 ut
2541 2663 2783 2717 exterius
2823 2662 2962 2717 nihil
3009 2664 3420 2734 complectatur,
3473 2665 3556 2720 sic

1983 2749 2213 2805 interius
2247 2766 2366 2805 eam
2402 2767 2509 2805 non
2560 2752 2814 2806 concludi
2850 2771 2864 2806 :
2905 2754 3361 2822 quemadmodum
3387 2754 3555 2812 cados

1981 2842 2200 2912 aliaque
2259 2857 2491 2913 corpora
2544 2845 2762 2913 proprie
2818 2860 2878 2900 se
2944 2846 3231 2915 complecti
3278 2847 3550 2910 dicimus.

1981 2945 2150 3000 quum
2183 2930 2238 2985 in
2269 2931 2390 2985 aliis
2423 2930 2528 2985 alia
2581 2931 2937 2988 collocantur.
2979 2931 3177 2987 Mentis
3211 2940 3389 2988 autem
3427 2949 3553 2990 cor-

1981 3022 2244 3090 porisque
2269 3035 2443 3076 nexus
2470 3027 2524 3076 et
2548 3020 2806 3084 societas,
2832 3022 3097 3077 rationem
3128 3007 3397 3092 quandam
3423 3039 3550 3078 con.

1978 3111 2285 3181 junctionis
2315 3111 2499 3179 habet,
2547 3127 2667 3182 quae
2694 3113 2973 3183 explanari
3013 3114 3265 3179 dicendo,
3307 3123 3361 3169 et
3394 3114 3552 3170 intel-

1981 3203 2076 3274 ligi
2120 3203 2414 3274 cogitando
2447 3218 2558 3258 non
2588 3211 2787 3274 potest.
2839 3203 3026 3274 Neque
3053 3206 3196 3259 enim
3227 3221 3380 3261 mens
3409 3205 3550 3260 intra

1982 3309 2182 3364 corpus
2216 3303 2323 3359 est,
2355 3293 2576 3364 quando
2609 3310 2726 3349 rem
2755 3296 3006 3365 corporis
3027 3304 3300 3365 expertem
3325 3311 3550 3367 corpore

1980 3384 2254 3439 contineri
2307 3383 2390 3439 fas
2443 3391 2709 3440 non-est.
2754 3383 2928 3438 Etiam
2985 3386 3228 3441 exterius
3275 3402 3375 3442 nos
3442 3402 3549 3442 non

1981 3473 2381 3542 complectitur,
2424 3473 2643 3542 quando
2681 3475 2748 3527 ah
2798 3473 2865 3528 iis
2905 3489 3026 3544 qua:
3070 3489 3296 3545 corpore
3341 3485 3549 3542 carent,

1986 3565 2122 3618 nihil
2148 3565 2402 3619 concludi
2431 3571 2634 3635 potest.
2671 3564 2829 3619 Enim
2865 3582 2997 3621 vero
3041 3582 3192 3621 mens
3223 3566 3384 3621 modo
3418 3581 3549 3636 quo-

283 3662 424 3714 dam
472 3660 722 3714 oratione
773 3659 1182 3728 inexplicabili,
1227 3670 1280 3712 ct
1345 3658 1439 3726 qui
1495 3656 1563 3710 ab
1607 3655 1966 3724 intelligentia
2000 3664 2189 3713 nostra
2226 3657 2614 3727 comprehendi
2663 3672 2771 3711 non
2823 3666 3032 3727 potest,
3097 3667 3306 3712 naturae
3366 3657 3550 3713 adest.

283 3751 909 3820 eidemqueCOpulatur,
934 3749 1096 3818 inque
1129 3763 1192 3803 ea
1245 3756 1299 3802 et
1349 3749 1494 3802 circa
1525 3763 1644 3802 eam
1695 3747 1932 3802 exsistit.
1985 3747 2055 3802 Ut
2101 3749 2150 3803 ei
2185 3763 2292 3802 non
2346 3749 2567 3812 insidet,
2617 3749 2694 3802 ita
2736 3762 2856 3828 eam
2905 3765 3012 3802 non
3061 3748 3549 3816 circumplectitur,

284 3845 395 3899 sed
438 3843 856 3905 adest'ratione,
891 3856 1012 3912 quae
1053 3857 1227 3912 neque
1271 3841 1504 3909 exponi,
1539 3855 1716 3910 neque
1762 3839 2164 3896 considerando
2208 3840 2488 3895 exhauriri
2519 3848 2716 3911 potest.
2780 3838 2957 3894 Unum
3014 3840 3118 3894 hoc
3175 3839 3546 3909 intelligimus,

283 3944 494 3991 natura
540 3937 689 3990 salva
731 3943 783 3990 et
849 3934 1140 3999 incolumi,
1206 3942 1442 3988 mentem
1486 3934 1649 3986 etiam
1696 3932 2070 3988 ellicacitatem
2126 3948 2283 3988 suam
2332 3933 2597 3990 obtinere.
2661 3933 2757 3990 Sin
2806 3931 3027 4003 aliquod
3067 3946 3132 3988 ea
3160 3929 3547 3988 detrimentum

281 4029 498 4100 capiat,
541 4029 742 4083 mentis
765 4044 981 4098 quoque
1011 4035 1215 4082 motum
1249 4029 1457 4083 scilicet
1480 4028 1572 4082 illa
1599 4027 1653 4082 in
1685 4038 1838 4098 parte
1860 4027 2193 4084 claudicare.

787 4165 1177 4219 ΚΕΦΑΛΑΙΟΝ
1222 4167 1340 4234 ις’.

288 4278 518 4346 Θεωρία
547 4278 653 4332 τοῦ
693 4278 855 4333 θείου
890 4278 1077 4344 ῥητοῦ
1104 4279 1398 4342 εἰπόντος,
1447 4294 1466 4328 ι
1513 4275 1863 4344 Ποιήσωμεν

360 4349 679 4416 ἄνθρωπον
694 4350 822 4400 κατ’
845 4349 1046 4400 εἰκόνα
1071 4349 1168 4402 καὶ
1189 4349 1471 4415 όμοΙωσιν
1490 4349 1801 4415 ἡμετέραν.
1835 4364 1853 4397 ι

373 4420 479 4472 Ἐν
502 4410 549 4483 ᾧ
571 4416 928 4480 ἐξετάζεται,
957 4418 1046 4482 τίς
1072 4420 1104 4469 ό
1135 4418 1244 4484 τῆς
1267 4418 1499 4482 εἰκόνος
1523 4417 1723 4484 λόγος,
1765 4415 1863 4468 καὶ

362 4490 413 4540 εἰ
441 4487 744 4555 ὁμοιοῦται
783 4486 863 4550 τῷ
895 4487 1162 4554 μακαρίῳ
1195 4503 1257 4539 τε
1300 4486 1397 4539 καὶ
1427 4485 1639 4539 ἀπαθεῖ
1679 4485 1742 4555 τὸ
1768 4485 1866 4555 ἐμέ-

361 4553 550 4621 παθὲς
585 4558 682 4610 καὶ
726 4553 1042 4623 ἐπίκηρον,
1081 4557 1174 4610 καὶ
1234 4555 1358 4621 πῶς
1386 4556 1455 4607 ἐν
1476 4555 1549 4622 τῇ
1584 4554 1770 4607 εικόνι
1799 4553 1862 4606 τὸ

361 4626 546 4714 agite:
587 4627 682 4681 καὶ
714 4626 779 4680 τὸ
815 4624 968 4694 θῆλυ
990 4667 1004 4692 ,
1029 4627 1098 4679 ἐν
1143 4623 1222 4691 τῷ
1249 4627 1608 4694 πρωτοτύπφ
1640 4625 1865 4678 τούτων

360 4713 474 4751 ουκ
510 4713 715 4753 οντων.

371 4873 519 4926 Ἀλλ’
577 4871 1005 4941 ἐπαναλάὀωμεν
1065 4871 1226 4924 πάλιν
1276 4870 1375 4942 τὴν
1428 4869 1576 4924 θείαν
1644 4869 1823 4940 φωνὴν
1848 4908 1866 4932 ,

282 4985 304 5018 ι
341 4967 670 5037 Ποιήσωμεν
722 4967 1006 5037 ἄνθρωπον
1061 4967 1181 5018 κατ’
1232 4965 1411 5018 εἰκόνα
1464 4963 1558 5016 καὶ
1609 4963 1866 5032 ὁμοίωσιν

275 5058 584 5129 ἡμετέραν.
626 5076 644 5108 ι
689 5057 776 5120 Ὦς
798 5057 969 5128 μικρά
991 5074 1048 5109 τε
1079 5057 1170 5109 καὶ
1195 5054 1387 5120 ἀνάξια
1413 5055 1509 5124 τῆς
1538 5053 1630 5108 τοῦ
1659 5054 1867 5125 ἀνθρώ-

276 5165 394 5201 που
437 5147 808 5219 μεγαλοφυῖας
851 5149 958 5202 τῶν
1005 5147 1200 5212 ἔξωθέν
1235 5165 1375 5212 τινες
1429 5144 1864 5217 ἐφαντάσθησαν,

276 5241 351 5309 τῇ
390 5241 526 5311 πρὸς
555 5239 647 5292 τὸν
681 5241 881 5309 κόσμον
909 5241 1096 5295 τοῦτον
1129 5239 1410 5310 συγκρίσει
1447 5236 1861 5309 μεγαλύνοντες,

279 5329 366 5392 ὡς
410 5330 685 5400 ﬁnit-cono
729 5332 1083 5403 ἀνθρώπινον.
1126 5335 1263 5388 Φασὶ
1316 5333 1423 5403 γὰρ
1478 5331 1672 5402 μικρὸν
1722 5326 1861 5383 εἶναι

280 5420 494 5492 κόσμον
533 5423 624 5476 τὸν
653 5424 955 5494 ἄνθρωπον,
986 5431 1049 5483 ἐκ
1084 5427 1189 5482 τῶν
1226 5423 1406 5480 αὐτῶν
1429 5423 1504 5493 τῷ
1531 5420 1688 5474 παντὶ
1723 5438 1862 5474 στοι-

285 5511 455 5581 ιειων
485 5517 862 5586 συνεστηκότα.
897 5523 955 5578 Οἱ
985 5523 1092 5596 γὰρ
1124 5519 1204 5592 τῷ
1242 5517 1442 5586 κόμπῳ
1473 5513 1568 5568 τοῦ
1598 5514 1861 5585 ὀνόματος

369 5688 430 5756 ,⁸⁸
457 5686 588 5746 Gen.
623 5707 659 5759 I,
690 5694 766 5748 ‘26.

2546 4164 2776 4241 CAPUT
2819 4165 2960 4219 xvn.

1968 4278 2236 4332 Accurata
2280 4277 2410 4331 dicti
2439 4278 2584 4332 illius
2617 4278 2778 4332 divini
2799 4275 3171 4340 consideratio,
3211 4293 3230 4328 ι
3252 4275 3549 4332 Faciamus

561 4364 679 4400 πον
694 4350 822 4400 κατ’
845 4343 1046 4400 εἰκόνα
1071 4347 1168 4402 καὶ
1189 4347 1471 4415 ὁμοίωσιν
1490 4343 1801 4415 ἡμετέραν.
1835 4364 1854 4416 ξ

2033 4348 2291 4402 hominem
2325 4347 2392 4400 ad
2424 4349 2705 4416 imaginem
2735 4346 3236 4416 similitudinemun
3278 4347 3480 4412 nostri,
3517 4366 3537 4400 ι

2040 4427 2151 4470 tum
2181 4433 2352 4486 ecqua:
2399 4418 2467 4471 sit
2504 4418 2749 4486 imaginis
2786 4417 2945 4478 ratio,
2994 4417 3380 4486 investigatum,
3421 4433 3545 4486 pos-

2039 4489 2192 4550 sitne,
2216 4485 2352 4554 quod
2381 4485 2573 4540 morbis
2613 4485 2674 4539 ac
2709 4488 2868 4539 morti
2900 4485 3194 4538 obnoxium
3211 4495 3309 4551 est,
3346 4485 3427 4540 ad
3449 4503 3547 4540 na-

2039 4565 2174 4608 tura:
2211 4556 2376 4608 beata:
2421 4555 2824 4624 morborumque
2864 4557 3090 4622 expertis
3147 4556 3546 4610 similitudinem

2038 4624 2384 4696 factumidici
2409 4641 2434 4696 7:
2463 4642 2562 4696 quo
2586 4625 2806 4694 denique
2834 4627 2987 4679 modo
3021 4627 3077 4678 in
3122 4626 3350 4696 imagine
3387 4642 3544 4696 sexus

2038 4693 2262 4776 masculi
2293 4693 2602 4776 femineique
2629 4696 2911 4750 discrimen
2941 4697 3032 4761 sit,
3060 4696 3197 4766 quod
3227 4693 3279 4750 in
3306 4695 3543 4766 exemplo

2037 4773 2268 4832 principe
2294 4781 2396 4817 non
2420 4773 2648 4818 exsistit.

2034 4874 2326 4931 Enimvero
2386 4876 2675 4931 redeamus
2719 4877 2938 4932 tandem
2987 4877 3055 4931 ad
3109 4876 3348 4933 divinam
3393 4877 3540 4931 illam

1961 4986 2146 5026 vocem
2181 4988 2195 5024 :
2234 4989 2252 5020 ι
2292 4967 2558 5023 Crcemus
2595 4968 2868 5022 hominem
2913 4968 2978 5023 ad
3022 4968 3311 5039 imaginem
3349 4967 3542 5023 simili.

1965 5061 2320 5130 tudinemque
2358 5059 2533 5114 nostri
2557 5059 2624 5112 “.
2665 5077 2683 5110 ι
2719 5056 2893 5113 Fuere
2932 5058 3184 5112 nonnulli
3228 5058 3540 5130 philosophi

1965 5153 2158 5218 exteri,
2189 5152 2284 5222 qui
2319 5167 2376 5206 se
2401 5149 2677 5205 hominem
2708 5165 2808 5204 sua
2849 5149 3070 5220 quidem
3103 5149 3366 5220 opinione
3405 5166 3540 5220 prte-

1970 5243 2248 5298 dicaturos
2281 5241 2478 5297 eximie
2510 5241 2794 5311 putabant,
2822 5239 2868 5294 si
2903 5255 3025 5294 eum
3059 5238 3127 5292 ad
3155 5239 3342 5294 mundi
3374 5240 3537 5310 hujus

1969 5333 2277 5388 machinam
2337 5331 2649 5386 conferrent
2695 5351 2708 5386 :
2760 5348 2883 5386 cum
2934 5331 3100 5386 nimis
3151 5331 3351 5396 exilia,
3394 5347 3533 5402 prae—

1968 5424 2413 5492 stantissimaque
2445 5421 2684 5478 hominis
2725 5421 3044 5477 excellentia
3078 5419 3301 5490 indigna
3344 5420 3536 5490 imagi-

1971 5523 2250 5572 narentur.
2291 5512 2522 5570 Aiebam
2560 5513 2704 5571 cnim
2752 5513 3026 5569 hominem
3075 5525 3301 5583 parvum
3339 5524 3534 5584 quetn~
