  <div class='ocr_page' id='page_1' title='image "/cluster/home/n/w/nwhite01/storage/ocr_20150623/44/hvd.32044052767431/096.png"; bbox 0 0 4088 6210; ppageno 0'>
   <div class='ocr_carea' id='block_1_1' title="bbox 302 124 1899 197">
    <p class='ocr_par' dir='ltr' id='par_1_1' title="bbox 302 124 1899 191">
     <span class='ocr_line' id='line_1_1' title="bbox 302 124 1899 191; baseline 0.008 -12"><span class='ocrx_word' id='word_1_1' title='bbox 302 124 399 181; x_wconf 78' lang='grc'><strong>181</strong></span> <span class='ocrx_word' id='word_1_2' title='bbox 1566 132 1656 189; x_wconf 86' lang='lat' dir='ltr'><strong>DE</strong></span> <span class='ocrx_word' id='word_1_3' title='bbox 1694 133 1899 191; x_wconf 64' lang='lat' dir='ltr'><strong>HOMllV</strong></span> 
     </span>
    </p>
   </div>
   <div class='ocr_carea' id='block_1_2' title="bbox 2001 124 3563 197">
    <p class='ocr_par' dir='ltr' id='par_1_2' title="bbox 2012 133 3563 197">
     <span class='ocr_line' id='line_1_2' title="bbox 2012 133 3563 197; baseline -0.002 -4"><span class='ocrx_word' id='word_1_4' title='bbox 2012 133 2323 197; x_wconf 84' lang='lat' dir='ltr'><strong>OPIFICIO.</strong></span> <span class='ocrx_word' id='word_1_5' title='bbox 3461 133 3563 192; x_wconf 67' lang='lat' dir='ltr'><strong>I82</strong></span> 
     </span>
    </p>
   </div>
   <div class='ocr_carea' id='block_1_3' title="bbox 305 237 3565 327">
    <p class='ocr_par' dir='ltr' id='par_1_3' title="bbox 305 237 3565 327">
     <span class='ocr_line' id='line_1_3' title="bbox 305 237 3565 327; baseline 0.004 -33"><span class='ocrx_word' id='word_1_6' title='bbox 305 237 587 297; x_wconf 74' lang='lat' dir='ltr'><strong>cationem</strong></span> <span class='ocrx_word' id='word_1_7' title='bbox 633 240 757 313; x_wconf 75' lang='lat' dir='ltr'><strong>ejus</strong></span> <span class='ocrx_word' id='word_1_8' title='bbox 786 244 937 315; x_wconf 90' lang='lat' dir='ltr'><strong>quod</strong></span> <span class='ocrx_word' id='word_1_9' title='bbox 985 246 1304 317; x_wconf 63' lang='lat' dir='ltr'><strong>quatrimus,</strong></span> <span class='ocrx_word' id='word_1_10' title='bbox 1354 246 1625 315; x_wconf 83' lang='lat' dir='ltr'><strong>deducere</strong></span> <span class='ocrx_word' id='word_1_11' title='bbox 1656 255 1888 324; x_wconf 75' lang='lat' dir='ltr'><strong>possint.</strong></span> <span class='ocrx_word' id='word_1_12' title='bbox 1952 253 2062 309; x_wconf 60' lang='lat' dir='ltr'><strong>Illae</strong></span> <span class='ocrx_word' id='word_1_13' title='bbox 2104 254 2270 327; x_wconf 78' lang='lat' dir='ltr'><strong>igitur</strong></span> <span class='ocrx_word' id='word_1_14' title='bbox 2318 266 2442 308; x_wconf 88' lang='lat' dir='ltr'><strong>cum</strong></span> <span class='ocrx_word' id='word_1_15' title='bbox 2481 250 2863 322; x_wconf 90' lang='lat' dir='ltr'><strong>exposuissent</strong></span> <span class='ocrx_word' id='word_1_16' title='bbox 2904 249 3019 307; x_wconf 62' lang='lat' dir='ltr'><strong>haec</strong></span> <span class='ocrx_word' id='word_1_17' title='bbox 3056 248 3150 306; x_wconf 87' lang='lat' dir='ltr'><strong>Dei</strong></span> <span class='ocrx_word' id='word_1_18' title='bbox 3184 251 3368 319; x_wconf 88' lang='lat' dir='ltr'><strong>verba,</strong></span> <span class='ocrx_word' id='word_1_19' title='bbox 3407 269 3426 304; x_wconf 80' lang='grc' dir='ltr'><strong>ι</strong></span> <span class='ocrx_word' id='word_1_20' title='bbox 3458 251 3565 307; x_wconf 86' lang='lat' dir='ltr'><strong>Fa-</strong></span> 
     </span>
    </p>
   </div>
   <div class='ocr_carea' id='block_1_4' title="bbox 305 331 3569 415">
    <p class='ocr_par' dir='ltr' id='par_1_4' title="bbox 305 331 3569 415">
     <span class='ocr_line' id='line_1_4' title="bbox 305 331 3569 415; baseline 0.005 -33"><span class='ocrx_word' id='word_1_21' title='bbox 305 331 528 386; x_wconf 82' lang='lat' dir='ltr'><strong>ciamus</strong></span> <span class='ocrx_word' id='word_1_22' title='bbox 556 332 831 388; x_wconf 82' lang='lat' dir='ltr'><strong>hominem</strong></span> <span class='ocrx_word' id='word_1_23' title='bbox 876 335 944 389; x_wconf 87' lang='lat' dir='ltr'><strong>ad</strong></span> <span class='ocrx_word' id='word_1_24' title='bbox 992 336 1285 409; x_wconf 74' lang='lat' dir='ltr'><strong>imaginem</strong></span> <span class='ocrx_word' id='word_1_25' title='bbox 1320 348 1603 398; x_wconf 88' lang='lat' dir='ltr'><strong>nostram:</strong></span> <span class='ocrx_word' id='word_1_26' title='bbox 1649 361 1669 396; x_wconf 78' lang='grc' dir='ltr'><strong>ι</strong></span> <span class='ocrx_word' id='word_1_27' title='bbox 1707 344 1888 400; x_wconf 89' lang='lat' dir='ltr'><strong>addita</strong></span> <span class='ocrx_word' id='word_1_28' title='bbox 1927 348 2091 403; x_wconf 88' lang='lat' dir='ltr'><strong>etiam</strong></span> <span class='ocrx_word' id='word_1_29' title='bbox 2132 363 2196 404; x_wconf 92' lang='lat' dir='ltr'><strong>ea</strong></span> <span class='ocrx_word' id='word_1_30' title='bbox 2248 347 2597 409; x_wconf 90' lang='lat' dir='ltr'><strong>indicatione,</strong></span> <span class='ocrx_word' id='word_1_31' title='bbox 2648 358 2809 415; x_wconf 88' lang='lat' dir='ltr'><strong>quem</strong></span> <span class='ocrx_word' id='word_1_32' title='bbox 2842 342 3051 400; x_wconf 75' lang='lat' dir='ltr'><strong>scilicet</strong></span> <span class='ocrx_word' id='word_1_33' title='bbox 3094 343 3163 399; x_wconf 88' lang='lat' dir='ltr'><strong>ad</strong></span> <span class='ocrx_word' id='word_1_34' title='bbox 3198 343 3359 399; x_wconf 85' lang='lat' dir='ltr'><strong>finem</strong></span> <span class='ocrx_word' id='word_1_35' title='bbox 3401 344 3569 398; x_wconf 84' lang='lat' dir='ltr'><strong>homo</strong></span> 
     </span>
    </p>
   </div>
   <div class='ocr_carea' id='block_1_5' title="bbox 297 426 3566 512">
    <p class='ocr_par' dir='ltr' id='par_1_5' title="bbox 297 426 3566 512">
     <span class='ocr_line' id='line_1_5' title="bbox 297 426 3566 512; baseline 0.004 -34"><span class='ocrx_word' id='word_1_36' title='bbox 297 426 585 481; x_wconf 83' lang='lat' dir='ltr'><strong>creandos</strong></span> <span class='ocrx_word' id='word_1_37' title='bbox 649 437 816 494; x_wconf 90' lang='lat' dir='ltr'><strong>esset,</strong></span> <span class='ocrx_word' id='word_1_38' title='bbox 879 437 995 484; x_wconf 90' lang='lat' dir='ltr'><strong>tum</strong></span> <span class='ocrx_word' id='word_1_39' title='bbox 1065 431 1263 487; x_wconf 89' lang='lat' dir='ltr'><strong>deinde</strong></span> <span class='ocrx_word' id='word_1_40' title='bbox 1302 432 1617 503; x_wconf 89' lang='lat' dir='ltr'><strong>hujusmodi</strong></span> <span class='ocrx_word' id='word_1_41' title='bbox 1658 439 1959 495; x_wconf 91' lang='lat' dir='ltr'><strong>orationem</strong></span> <span class='ocrx_word' id='word_1_42' title='bbox 2009 442 2328 512; x_wconf 79' lang='lat' dir='ltr'><strong>subjiciunt:</strong></span> <span class='ocrx_word' id='word_1_43' title='bbox 2414 440 2601 510; x_wconf 91' lang='lat' dir='ltr'><strong>Itaque</strong></span> <span class='ocrx_word' id='word_1_44' title='bbox 2628 436 2771 493; x_wconf 91' lang='lat' dir='ltr'><strong>Deus</strong></span> <span class='ocrx_word' id='word_1_45' title='bbox 2802 437 3074 492; x_wconf 90' lang='lat' dir='ltr'><strong>hominem</strong></span> <span class='ocrx_word' id='word_1_46' title='bbox 3114 438 3378 503; x_wconf 87' lang='lat' dir='ltr'><strong>condidit,</strong></span> <span class='ocrx_word' id='word_1_47' title='bbox 3406 446 3460 494; x_wconf 90' lang='lat' dir='ltr'><strong>et</strong></span> <span class='ocrx_word' id='word_1_48' title='bbox 3495 436 3566 491; x_wconf 86' lang='lat' dir='ltr'><strong>ad</strong></span> 
     </span>
    </p>
   </div>
   <div class='ocr_carea' id='block_1_6' title="bbox 292 518 3564 599">
    <p class='ocr_par' dir='ltr' id='par_1_6' title="bbox 292 518 3564 599">
     <span class='ocr_line' id='line_1_6' title="bbox 292 518 3564 599; baseline 0.002 -26"><span class='ocrx_word' id='word_1_49' title='bbox 292 518 593 586; x_wconf 74' lang='lat' dir='ltr'><strong>imaginem</strong></span> <span class='ocrx_word' id='word_1_50' title='bbox 647 534 774 574; x_wconf 90' lang='lat' dir='ltr'><strong>eum</strong></span> <span class='ocrx_word' id='word_1_51' title='bbox 820 518 916 575; x_wconf 90' lang='lat' dir='ltr'><strong>Dei</strong></span> <span class='ocrx_word' id='word_1_52' title='bbox 961 523 1270 588; x_wconf 71' lang='lat' dir='ltr'><strong>condidit;¢</strong></span> <span class='ocrx_word' id='word_1_53' title='bbox 1290 538 1494 580; x_wconf 85' lang='lat' dir='ltr'><strong>marem</strong></span> <span class='ocrx_word' id='word_1_54' title='bbox 1528 535 1581 583; x_wconf 92' lang='lat' dir='ltr'><strong>et</strong></span> <span class='ocrx_word' id='word_1_55' title='bbox 1630 528 1887 585; x_wconf 78' lang='lat' dir='ltr'><strong>feminam</strong></span> <span class='ocrx_word' id='word_1_56' title='bbox 1924 532 2051 587; x_wconf 86' lang='lat' dir='ltr'><strong>fecit</strong></span> <span class='ocrx_word' id='word_1_57' title='bbox 2092 547 2187 587; x_wconf 91' lang='lat' dir='ltr'><strong>eos</strong></span> <span class='ocrx_word' id='word_1_58' title='bbox 2232 533 2300 586; x_wconf 84' lang='grc'><strong>⁸⁸.</strong></span> <span class='ocrx_word' id='word_1_59' title='bbox 2360 551 2380 583; x_wconf 78' lang='grc' dir='ltr'><strong>ι</strong></span> <span class='ocrx_word' id='word_1_60' title='bbox 2435 529 2571 585; x_wconf 90' lang='lat' dir='ltr'><strong>Illud</strong></span> <span class='ocrx_word' id='word_1_61' title='bbox 2615 528 2835 599; x_wconf 89' lang='lat' dir='ltr'><strong>quidem</strong></span> <span class='ocrx_word' id='word_1_62' title='bbox 2884 542 3047 597; x_wconf 81' lang='lat' dir='ltr'><strong>supra</strong></span> <span class='ocrx_word' id='word_1_63' title='bbox 3088 535 3174 584; x_wconf 87' lang='lat' dir='ltr'><strong>est</strong></span> <span class='ocrx_word' id='word_1_64' title='bbox 3240 529 3564 592; x_wconf 89' lang='lat' dir='ltr'><strong>indicatum,</strong></span> 
     </span>
    </p>
   </div>
   <div class='ocr_carea' id='block_1_7' title="bbox 300 608 3560 696">
    <p class='ocr_par' dir='ltr' id='par_1_7' title="bbox 300 608 3560 696">
     <span class='ocr_line' id='line_1_7' title="bbox 300 608 3560 696; baseline 0.005 -39"><span class='ocrx_word' id='word_1_65' title='bbox 300 609 471 660; x_wconf 77' lang='lat' dir='ltr'><strong>verba</strong></span> <span class='ocrx_word' id='word_1_66' title='bbox 519 608 637 665; x_wconf 67' lang='lat' dir='ltr'><strong>haec</strong></span> <span class='ocrx_word' id='word_1_67' title='bbox 684 610 953 669; x_wconf 86' lang='lat' dir='ltr'><strong>divinitus</strong></span> <span class='ocrx_word' id='word_1_68' title='bbox 992 628 1114 669; x_wconf 88' lang='lat' dir='ltr'><strong>esse</strong></span> <span class='ocrx_word' id='word_1_69' title='bbox 1160 617 1389 684; x_wconf 90' lang='lat' dir='ltr'><strong>prolata,</strong></span> <span class='ocrx_word' id='word_1_70' title='bbox 1429 619 1497 674; x_wconf 91' lang='lat' dir='ltr'><strong>ad</strong></span> <span class='ocrx_word' id='word_1_71' title='bbox 1542 624 1890 678; x_wconf 84' lang='lat' dir='ltr'><strong>evertendam</strong></span> <span class='ocrx_word' id='word_1_72' title='bbox 1954 625 2285 696; x_wconf 82' lang='lat' dir='ltr'><strong>impietatem</strong></span> <span class='ocrx_word' id='word_1_73' title='bbox 2340 623 2754 685; x_wconf 76' lang='lat' dir='ltr'><strong>haereticorum,</strong></span> <span class='ocrx_word' id='word_1_74' title='bbox 2797 635 2936 691; x_wconf 92' lang='lat' dir='ltr'><strong>quos</strong></span> <span class='ocrx_word' id='word_1_75' title='bbox 2983 620 3273 676; x_wconf 67' lang='lat' dir='ltr'><strong>Anomaos</strong></span> <span class='ocrx_word' id='word_1_76' title='bbox 3319 620 3560 691; x_wconf 84' lang='lat' dir='ltr'><strong>appella-</strong></span> 
     </span>
    </p>
   </div>
   <div class='ocr_carea' id='block_1_8' title="bbox 301 699 3573 786">
    <p class='ocr_par' dir='ltr' id='par_1_8' title="bbox 301 699 3573 786">
     <span class='ocr_line' id='line_1_8' title="bbox 301 699 3573 786; baseline 0.004 -36"><span class='ocrx_word' id='word_1_77' title='bbox 301 699 509 763; x_wconf 79' lang='lat' dir='ltr'><strong>vimus,</strong></span> <span class='ocrx_word' id='word_1_78' title='bbox 560 710 622 756; x_wconf 89' lang='lat' dir='ltr'><strong>ut</strong></span> <span class='ocrx_word' id='word_1_79' title='bbox 673 704 877 769; x_wconf 89' lang='lat' dir='ltr'><strong>edocti,</strong></span> <span class='ocrx_word' id='word_1_80' title='bbox 938 704 1106 760; x_wconf 91' lang='lat' dir='ltr'><strong>Deum</strong></span> <span class='ocrx_word' id='word_1_81' title='bbox 1154 706 1308 762; x_wconf 89' lang='lat' dir='ltr'><strong>illum</strong></span> <span class='ocrx_word' id='word_1_82' title='bbox 1368 712 1660 782; x_wconf 90' lang='lat' dir='ltr'><strong>unigenam</strong></span> <span class='ocrx_word' id='word_1_83' title='bbox 1708 729 1926 773; x_wconf 86' lang='lat' dir='ltr'><strong>creasse</strong></span> <span class='ocrx_word' id='word_1_84' title='bbox 1982 717 2259 774; x_wconf 90' lang='lat' dir='ltr'><strong>hominem</strong></span> <span class='ocrx_word' id='word_1_85' title='bbox 2309 717 2377 772; x_wconf 90' lang='lat' dir='ltr'><strong>ad</strong></span> <span class='ocrx_word' id='word_1_86' title='bbox 2416 713 2509 771; x_wconf 90' lang='lat' dir='ltr'><strong>Dei</strong></span> <span class='ocrx_word' id='word_1_87' title='bbox 2550 716 2879 786; x_wconf 76' lang='lat' dir='ltr'><strong>imaginem,</strong></span> <span class='ocrx_word' id='word_1_88' title='bbox 2912 714 3062 769; x_wconf 92' lang='lat' dir='ltr'><strong>nullo</strong></span> <span class='ocrx_word' id='word_1_89' title='bbox 3090 714 3252 769; x_wconf 90' lang='lat' dir='ltr'><strong>modo</strong></span> <span class='ocrx_word' id='word_1_90' title='bbox 3286 708 3573 765; x_wconf 84' lang='lat' dir='ltr'><strong>PatrisFi-</strong></span> 
     </span>
    </p>
   </div>
   <div class='ocr_carea' id='block_1_9' title="bbox 302 790 3560 879">
    <p class='ocr_par' dir='ltr' id='par_1_9' title="bbox 302 790 3560 879">
     <span class='ocr_line' id='line_1_9' title="bbox 302 790 3560 879; baseline 0.004 -36"><span class='ocrx_word' id='word_1_91' title='bbox 302 790 470 861; x_wconf 81' lang='lat' dir='ltr'><strong>Iiique</strong></span> <span class='ocrx_word' id='word_1_92' title='bbox 501 793 849 850; x_wconf 80' lang='lat' dir='ltr'><strong>divinitatem</strong></span> <span class='ocrx_word' id='word_1_93' title='bbox 874 812 1213 868; x_wconf 86' lang='lat' dir='ltr'><strong>separemus,</strong></span> <span class='ocrx_word' id='word_1_94' title='bbox 1235 804 1455 872; x_wconf 87' lang='lat' dir='ltr'><strong>quando</strong></span> <span class='ocrx_word' id='word_1_95' title='bbox 1485 802 1703 860; x_wconf 62' lang='lat' dir='ltr'><strong>Littera!</strong></span> <span class='ocrx_word' id='word_1_96' title='bbox 1730 820 1903 861; x_wconf 65' lang='lat' dir='ltr'><strong>sacrae</strong></span> <span class='ocrx_word' id='word_1_97' title='bbox 1945 814 2237 879; x_wconf 85' lang='lat' dir='ltr'><strong>utrumque</strong></span> <span class='ocrx_word' id='word_1_98' title='bbox 2272 806 2554 877; x_wconf 61' lang='lat' dir='ltr'><strong>aequaliter</strong></span> <span class='ocrx_word' id='word_1_99' title='bbox 2600 803 2770 860; x_wconf 87' lang='lat' dir='ltr'><strong>Deum</strong></span> <span class='ocrx_word' id='word_1_100' title='bbox 2820 803 3140 876; x_wconf 86' lang='lat' dir='ltr'><strong>appellant,</strong></span> <span class='ocrx_word' id='word_1_101' title='bbox 3177 813 3231 859; x_wconf 90' lang='lat' dir='ltr'><strong>et</strong></span> <span class='ocrx_word' id='word_1_102' title='bbox 3275 803 3429 859; x_wconf 85' lang='lat' dir='ltr'><strong>illum</strong></span> <span class='ocrx_word' id='word_1_103' title='bbox 3466 804 3560 873; x_wconf 91' lang='lat' dir='ltr'><strong>qui</strong></span> 
     </span>
    </p>
   </div>
   <div class='ocr_carea' id='block_1_10' title="bbox 304 882 1903 963">
    <p class='ocr_par' dir='ltr' id='par_1_10' title="bbox 304 882 1903 963">
     <span class='ocr_line' id='line_1_10' title="bbox 304 882 1903 963; baseline 0.009 -26"><span class='ocrx_word' id='word_1_104' title='bbox 304 882 582 939; x_wconf 85' lang='lat' dir='ltr'><strong>hominem</strong></span> <span class='ocrx_word' id='word_1_105' title='bbox 613 887 842 952; x_wconf 79' lang='lat' dir='ltr'><strong>creavit,</strong></span> <span class='ocrx_word' id='word_1_106' title='bbox 877 898 933 943; x_wconf 91' lang='lat' dir='ltr'><strong>et</strong></span> <span class='ocrx_word' id='word_1_107' title='bbox 959 889 1124 959; x_wconf 85' lang='lat' dir='ltr'><strong>cujus</strong></span> <span class='ocrx_word' id='word_1_108' title='bbox 1156 891 1229 945; x_wconf 89' lang='lat' dir='ltr'><strong>ad</strong></span> <span class='ocrx_word' id='word_1_109' title='bbox 1258 892 1551 963; x_wconf 86' lang='lat' dir='ltr'><strong>imaginem</strong></span> <span class='ocrx_word' id='word_1_110' title='bbox 1582 892 1768 951; x_wconf 82' lang='lat' dir='ltr'><strong>factus</strong></span> <span class='ocrx_word' id='word_1_111' title='bbox 1795 903 1903 951; x_wconf 91' lang='lat' dir='ltr'><strong>est.</strong></span> 
     </span>
    </p>
   </div>
   <div class='ocr_carea' id='block_1_11' title="bbox 387 1020 1899 1103">
    <p class='ocr_par' dir='ltr' id='par_1_11' title="bbox 387 1020 1891 1101">
     <span class='ocr_line' id='line_1_11' title="bbox 387 1020 1891 1101; baseline 0.009 -30"><span class='ocrx_word' id='word_1_112' title='bbox 387 1020 534 1072; x_wconf 78' lang='grc' dir='ltr'>Ἀλλ’</span> <span class='ocrx_word' id='word_1_113' title='bbox 558 1022 591 1072; x_wconf 84' lang='grc' dir='ltr'><strong>ό</strong></span> <span class='ocrx_word' id='word_1_114' title='bbox 615 1020 717 1090; x_wconf 82' lang='grc' dir='ltr'>μὲν</span> <span class='ocrx_word' id='word_1_115' title='bbox 747 1021 874 1093; x_wconf 76' lang='grc' dir='ltr'>περὶ</span> <span class='ocrx_word' id='word_1_116' title='bbox 900 1022 1103 1079; x_wconf 78' lang='grc' dir='ltr'>τούτων</span> <span class='ocrx_word' id='word_1_117' title='bbox 1120 1025 1276 1095; x_wconf 81' lang='grc' dir='ltr'><strong>λόγος</strong></span> <span class='ocrx_word' id='word_1_118' title='bbox 1297 1027 1561 1096; x_wconf 76' lang='grc' dir='ltr'><strong>ἀφείσθω,</strong></span> <span class='ocrx_word' id='word_1_119' title='bbox 1586 1029 1721 1101; x_wconf 75' lang='grc' dir='ltr'>πρὸς</span> <span class='ocrx_word' id='word_1_120' title='bbox 1745 1031 1804 1084; x_wconf 83' lang='grc' dir='ltr'>δὲ</span> <span class='ocrx_word' id='word_1_121' title='bbox 1831 1030 1891 1084; x_wconf 88' lang='grc' dir='ltr'><strong>τδ</strong></span> 
     </span>
    </p>
   </div>
   <div class='ocr_carea' id='block_1_12' title="bbox 2001 1020 3569 1103">
    <p class='ocr_par' dir='ltr' id='par_1_12' title="bbox 2068 1030 3569 1103">
     <span class='ocr_line' id='line_1_12' title="bbox 2068 1030 3569 1103; baseline 0.002 -15"><span class='ocrx_word' id='word_1_122' title='bbox 2068 1031 2267 1088; x_wconf 88' lang='lat' dir='ltr'><strong>Verum</strong></span> <span class='ocrx_word' id='word_1_123' title='bbox 2309 1032 2568 1103; x_wconf 76' lang='lat' dir='ltr'><strong>prolixior</strong></span> <span class='ocrx_word' id='word_1_124' title='bbox 2609 1032 2677 1088; x_wconf 93' lang='lat' dir='ltr'><strong>de</strong></span> <span class='ocrx_word' id='word_1_125' title='bbox 2728 1030 2816 1087; x_wconf 89' lang='lat' dir='ltr'><strong>his</strong></span> <span class='ocrx_word' id='word_1_126' title='bbox 2860 1031 3035 1086; x_wconf 84' lang='lat' dir='ltr'><strong>oratio</strong></span> <span class='ocrx_word' id='word_1_127' title='bbox 3081 1032 3416 1089; x_wconf 86' lang='lat' dir='ltr'><strong>instituenda</strong></span> <span class='ocrx_word' id='word_1_128' title='bbox 3458 1048 3569 1091; x_wconf 91' lang='lat' dir='ltr'><strong>non</strong></span> 
     </span>
    </p>
   </div>
   <div class='ocr_carea' id='block_1_13' title="bbox 302 1110 1891 1188">
    <p class='ocr_par' dir='ltr' id='par_1_13' title="bbox 302 1110 1891 1188">
     <span class='ocr_line' id='line_1_13' title="bbox 302 1110 1891 1188; baseline 0.008 -26"><span class='ocrx_word' id='word_1_129' title='bbox 302 1110 670 1182; x_wconf 76' lang='grc' dir='ltr'>προκείμενον</span> <span class='ocrx_word' id='word_1_130' title='bbox 702 1113 1094 1183; x_wconf 75' lang='grc' dir='ltr'>ἐπιστρεπέον</span> <span class='ocrx_word' id='word_1_131' title='bbox 1124 1116 1221 1187; x_wconf 80' lang='grc' dir='ltr'>τὴν</span> <span class='ocrx_word' id='word_1_132' title='bbox 1260 1118 1516 1188; x_wconf 72' lang='grc' dir='ltr'>ζήτησιψ</span> <span class='ocrx_word' id='word_1_133' title='bbox 1550 1119 1665 1183; x_wconf 85' lang='grc' dir='ltr'>πῶς</span> <span class='ocrx_word' id='word_1_134' title='bbox 1699 1121 1793 1173; x_wconf 74' lang='grc' dir='ltr'>καὶ</span> <span class='ocrx_word' id='word_1_135' title='bbox 1828 1122 1891 1174; x_wconf 81' lang='grc' dir='ltr'>τὸ</span> 
     </span>
    </p>
   </div>
   <div class='ocr_carea' id='block_1_14' title="bbox 300 1202 1889 1281">
    <p class='ocr_par' dir='ltr' id='par_1_14' title="bbox 300 1202 1889 1281">
     <span class='ocr_line' id='line_1_14' title="bbox 300 1202 1889 1281; baseline 0.006 -26"><span class='ocrx_word' id='word_1_136' title='bbox 300 1202 446 1255; x_wconf 82' lang='grc' dir='ltr'>θεῖον</span> <span class='ocrx_word' id='word_1_137' title='bbox 469 1203 764 1274; x_wconf 84' lang='grc' dir='ltr'>μακάριον,</span> <span class='ocrx_word' id='word_1_138' title='bbox 784 1206 877 1258; x_wconf 73' lang='grc' dir='ltr'>καὶ</span> <span class='ocrx_word' id='word_1_139' title='bbox 894 1206 1125 1259; x_wconf 79' lang='grc' dir='ltr'>ἐλεεινὸν</span> <span class='ocrx_word' id='word_1_140' title='bbox 1142 1207 1204 1260; x_wconf 83' lang='grc' dir='ltr'>τὸ</span> <span class='ocrx_word' id='word_1_141' title='bbox 1218 1206 1575 1279; x_wconf 86' lang='grc' dir='ltr'>ἀνθρώπινον,</span> <span class='ocrx_word' id='word_1_142' title='bbox 1594 1211 1687 1264; x_wconf 76' lang='grc' dir='ltr'>καὶ</span> <span class='ocrx_word' id='word_1_143' title='bbox 1707 1211 1889 1281; x_wconf 82' lang='grc' dir='ltr'>ὅμοιον</span> 
     </span>
    </p>
   </div>
   <div class='ocr_carea' id='block_1_15' title="bbox 302 1294 1887 1368">
    <p class='ocr_par' dir='ltr' id='par_1_15' title="bbox 302 1294 1887 1368">
     <span class='ocr_line' id='line_1_15' title="bbox 302 1294 1887 1368; baseline 0.007 -24"><span class='ocrx_word' id='word_1_144' title='bbox 302 1294 501 1363; x_wconf 75' lang='grc' dir='ltr'>ἐκείνῳ</span> <span class='ocrx_word' id='word_1_145' title='bbox 540 1294 700 1348; x_wconf 80' lang='grc' dir='ltr'>τοῦτο</span> <span class='ocrx_word' id='word_1_146' title='bbox 729 1296 880 1367; x_wconf 87' lang='grc' dir='ltr'><strong>παρά</strong></span> <span class='ocrx_word' id='word_1_147' title='bbox 908 1299 1008 1367; x_wconf 84' lang='grc' dir='ltr'>τῆς</span> <span class='ocrx_word' id='word_1_148' title='bbox 1040 1297 1266 1368; x_wconf 83' lang='grc' dir='ltr'>Γραφῆς</span> <span class='ocrx_word' id='word_1_149' title='bbox 1296 1298 1640 1368; x_wconf 75' lang='grc' dir='ltr'>ὀνομάζεται.</span> <span class='ocrx_word' id='word_1_150' title='bbox 1681 1301 1887 1355; x_wconf 81' lang='grc' dir='ltr'>Οὐκοῦν</span> 
     </span>
    </p>
   </div>
   <div class='ocr_carea' id='block_1_16' title="bbox 303 1386 1885 1462">
    <p class='ocr_par' dir='ltr' id='par_1_16' title="bbox 303 1386 1885 1462">
     <span class='ocr_line' id='line_1_16' title="bbox 303 1386 1885 1462; baseline 0.004 -24"><span class='ocrx_word' id='word_1_151' title='bbox 303 1386 620 1451; x_wconf 75' lang='grc' dir='ltr'><strong>ἐξεταστέον</strong></span> <span class='ocrx_word' id='word_1_152' title='bbox 640 1387 756 1456; x_wconf 82' lang='grc' dir='ltr'>μετ’</span> <span class='ocrx_word' id='word_1_153' title='bbox 770 1386 1055 1457; x_wconf 75' lang='grc' dir='ltr'>ἀκριϐείας</span> <span class='ocrx_word' id='word_1_154' title='bbox 1078 1387 1145 1440; x_wconf 84' lang='grc' dir='ltr'><strong>τὰ</strong></span> <span class='ocrx_word' id='word_1_155' title='bbox 1165 1390 1402 1460; x_wconf 77' lang='grc' dir='ltr'>ῥήματα.</span> <span class='ocrx_word' id='word_1_156' title='bbox 1424 1391 1741 1462; x_wconf 84' lang='grc' dir='ltr'>Εὑρήσομεν</span> <span class='ocrx_word' id='word_1_157' title='bbox 1756 1392 1885 1461; x_wconf 85' lang='grc' dir='ltr'>γὰρ,</span> 
     </span>
    </p>
   </div>
   <div class='ocr_carea' id='block_1_17' title="bbox 303 1475 1887 1555">
    <p class='ocr_par' dir='ltr' id='par_1_17' title="bbox 303 1475 1887 1555">
     <span class='ocr_line' id='line_1_17' title="bbox 303 1475 1887 1555; baseline 0.006 -28"><span class='ocrx_word' id='word_1_158' title='bbox 303 1475 385 1527; x_wconf 81' lang='grc' dir='ltr'>ὅτι</span> <span class='ocrx_word' id='word_1_159' title='bbox 406 1476 492 1527; x_wconf 77' lang='grc' dir='ltr'>ἒτε</span> <span class='ocrx_word' id='word_1_160' title='bbox 504 1492 595 1545; x_wconf 88' lang='grc' dir='ltr'><strong>ρον</strong></span> <span class='ocrx_word' id='word_1_161' title='bbox 618 1477 717 1546; x_wconf 85' lang='grc' dir='ltr'>μέν</span> <span class='ocrx_word' id='word_1_162' title='bbox 733 1494 785 1529; x_wconf 90' lang='grc' dir='ltr'><strong>τι</strong></span> <span class='ocrx_word' id='word_1_163' title='bbox 805 1477 864 1529; x_wconf 86' lang='grc' dir='ltr'>τὸ</span> <span class='ocrx_word' id='word_1_164' title='bbox 890 1480 1009 1530; x_wconf 80' lang='grc' dir='ltr'>κατ’</span> <span class='ocrx_word' id='word_1_165' title='bbox 1024 1478 1204 1532; x_wconf 77' lang='grc' dir='ltr'>εἰκόνα</span> <span class='ocrx_word' id='word_1_166' title='bbox 1221 1481 1535 1552; x_wconf 89' lang='grc' dir='ltr'>γενόμενον,</span> <span class='ocrx_word' id='word_1_167' title='bbox 1555 1483 1739 1555; x_wconf 75' lang='grc' dir='ltr'>ἕτερον</span> <span class='ocrx_word' id='word_1_168' title='bbox 1754 1484 1809 1536; x_wconf 83' lang='grc' dir='ltr'>δὲ</span> <span class='ocrx_word' id='word_1_169' title='bbox 1826 1484 1887 1537; x_wconf 83' lang='grc' dir='ltr'>τὸ</span> 
     </span>
    </p>
   </div>
   <div class='ocr_carea' id='block_1_18' title="bbox 303 1564 1881 1645">
    <p class='ocr_par' dir='ltr' id='par_1_18' title="bbox 303 1564 1881 1645">
     <span class='ocr_line' id='line_1_18' title="bbox 303 1564 1881 1645; baseline 0.005 -27"><span class='ocrx_word' id='word_1_170' title='bbox 303 1564 398 1619; x_wconf 79' lang='grc' dir='ltr'>νῦν</span> <span class='ocrx_word' id='word_1_171' title='bbox 418 1568 477 1619; x_wconf 84' lang='grc' dir='ltr'>ὲν</span> <span class='ocrx_word' id='word_1_172' title='bbox 504 1567 851 1638; x_wconf 73' lang='grc' dir='ltr'><strong>ταλαιπωρίᾳ</strong></span> <span class='ocrx_word' id='word_1_173' title='bbox 877 1567 1239 1639; x_wconf 82' lang='grc' dir='ltr'><strong>δεικνύμενον.</strong></span> <span class='ocrx_word' id='word_1_174' title='bbox 1277 1591 1295 1623; x_wconf 80' lang='grc' dir='ltr'><strong>ι</strong></span> <span class='ocrx_word' id='word_1_175' title='bbox 1328 1573 1615 1645; x_wconf 81' lang='grc' dir='ltr'><strong>Ἐποίησεν</strong></span> <span class='ocrx_word' id='word_1_176' title='bbox 1644 1578 1671 1627; x_wconf 87' lang='grc' dir='ltr'><strong>ό</strong></span> <span class='ocrx_word' id='word_1_177' title='bbox 1690 1575 1840 1641; x_wconf 81' lang='grc' dir='ltr'>Θεὸς,</span> <span class='ocrx_word' id='word_1_178' title='bbox 1863 1594 1881 1626; x_wconf 74' lang='grc' dir='ltr'><strong>ι</strong></span> 
     </span>
    </p>
   </div>
   <div class='ocr_carea' id='block_1_19' title="bbox 308 1656 1888 1737">
    <p class='ocr_par' dir='ltr' id='par_1_19' title="bbox 308 1656 1888 1737">
     <span class='ocr_line' id='line_1_19' title="bbox 308 1656 1888 1737; baseline 0.01 -32"><span class='ocrx_word' id='word_1_179' title='bbox 308 1656 467 1726; x_wconf 68' lang='grc' dir='ltr'>φησὶ,</span> <span class='ocrx_word' id='word_1_180' title='bbox 507 1675 527 1707; x_wconf 79' lang='lat' dir='ltr'><strong>r</strong></span> <span class='ocrx_word' id='word_1_181' title='bbox 563 1658 654 1709; x_wconf 76' lang='grc' dir='ltr'>τὸν</span> <span class='ocrx_word' id='word_1_182' title='bbox 705 1657 1012 1728; x_wconf 78' lang='grc' dir='ltr'>ἄνθρωπον,</span> <span class='ocrx_word' id='word_1_183' title='bbox 1067 1662 1185 1713; x_wconf 81' lang='grc' dir='ltr'>κατ’</span> <span class='ocrx_word' id='word_1_184' title='bbox 1219 1663 1401 1715; x_wconf 89' lang='grc' dir='ltr'>εἰκόνα</span> <span class='ocrx_word' id='word_1_185' title='bbox 1452 1663 1587 1717; x_wconf 81' lang='grc' dir='ltr'>Θεοῦ</span> <span class='ocrx_word' id='word_1_186' title='bbox 1633 1667 1888 1737; x_wconf 76' lang='grc' dir='ltr'>ἐποίησεν</span> 
     </span>
    </p>
   </div>
   <div class='ocr_carea' id='block_1_20' title="bbox 308 1747 1886 1826">
    <p class='ocr_par' dir='ltr' id='par_1_20' title="bbox 308 1747 1886 1826">
     <span class='ocr_line' id='line_1_20' title="bbox 308 1747 1886 1826; baseline 0.008 -28"><span class='ocrx_word' id='word_1_187' title='bbox 308 1747 495 1799; x_wconf 82' lang='grc' dir='ltr'>αὐτόν.</span> <span class='ocrx_word' id='word_1_188' title='bbox 535 1766 554 1798; x_wconf 71' lang='grc' dir='ltr'><strong>ι</strong></span> <span class='ocrx_word' id='word_1_189' title='bbox 595 1748 759 1810; x_wconf 78' lang='grc' dir='ltr'>Τέλος</span> <span class='ocrx_word' id='word_1_190' title='bbox 788 1748 900 1817; x_wconf 81' lang='grc' dir='ltr'>ἔχει</span> <span class='ocrx_word' id='word_1_191' title='bbox 934 1750 966 1820; x_wconf 79' lang='grc' dir='ltr'>ἡ</span> <span class='ocrx_word' id='word_1_192' title='bbox 1008 1751 1101 1802; x_wconf 82' lang='grc' dir='ltr'><strong>τοῦ</strong></span> <span class='ocrx_word' id='word_1_193' title='bbox 1150 1752 1268 1805; x_wconf 82' lang='grc' dir='ltr'>κατ’</span> <span class='ocrx_word' id='word_1_194' title='bbox 1297 1754 1480 1807; x_wconf 84' lang='grc' dir='ltr'>εἰκόνα</span> <span class='ocrx_word' id='word_1_195' title='bbox 1520 1758 1886 1826; x_wconf 78' lang='grc' dir='ltr'><strong>γεγενημένου</strong></span> 
     </span>
    </p>
   </div>
   <div class='ocr_carea' id='block_1_21' title="bbox 309 1835 1889 1917">
    <p class='ocr_par' dir='ltr' id='par_1_21' title="bbox 309 1835 1889 1917">
     <span class='ocr_line' id='line_1_21' title="bbox 309 1835 1889 1917; baseline 0.006 -26"><span class='ocrx_word' id='word_1_196' title='bbox 309 1837 511 1901; x_wconf 84' lang='grc' dir='ltr'>κτίσις.</span> <span class='ocrx_word' id='word_1_197' title='bbox 574 1835 706 1892; x_wconf 77' lang='grc' dir='ltr'>Εἶτα</span> <span class='ocrx_word' id='word_1_198' title='bbox 759 1840 1096 1910; x_wconf 75' lang='grc' dir='ltr'>ἐπανάληψιν</span> <span class='ocrx_word' id='word_1_199' title='bbox 1153 1846 1383 1897; x_wconf 78' lang='grc' dir='ltr'>ποιεῖται</span> <span class='ocrx_word' id='word_1_200' title='bbox 1447 1844 1541 1897; x_wconf 81' lang='grc' dir='ltr'>τοῦ</span> <span class='ocrx_word' id='word_1_201' title='bbox 1596 1846 1737 1899; x_wconf 88' lang='grc' dir='ltr'><strong>κατά</strong></span> <span class='ocrx_word' id='word_1_202' title='bbox 1790 1847 1889 1917; x_wconf 84' lang='grc' dir='ltr'>τὴν</span> 
     </span>
    </p>
   </div>
   <div class='ocr_carea' id='block_1_22' title="bbox 311 1929 1884 2008">
    <p class='ocr_par' dir='ltr' id='par_1_22' title="bbox 311 1929 1884 2008">
     <span class='ocr_line' id='line_1_22' title="bbox 311 1929 1884 2008; baseline 0.005 -26"><span class='ocrx_word' id='word_1_203' title='bbox 311 1930 665 1999; x_wconf 75' lang='grc' dir='ltr'>κατασκευὴν</span> <span class='ocrx_word' id='word_1_204' title='bbox 708 1929 884 1997; x_wconf 85' lang='grc' dir='ltr'>λόγου,</span> <span class='ocrx_word' id='word_1_205' title='bbox 938 1932 1029 1985; x_wconf 85' lang='grc' dir='ltr'><strong>καί</strong></span> <span class='ocrx_word' id='word_1_206' title='bbox 1074 1950 1260 2003; x_wconf 83' lang='grc' dir='ltr'>φησιν,</span> <span class='ocrx_word' id='word_1_207' title='bbox 1319 1952 1339 1986; x_wconf 78' lang='grc' dir='ltr'><strong>ι</strong></span> <span class='ocrx_word' id='word_1_208' title='bbox 1393 1935 1591 2007; x_wconf 80' lang='grc' dir='ltr'>’Δρσεν</span> <span class='ocrx_word' id='word_1_209' title='bbox 1623 1936 1717 1989; x_wconf 72' lang='grc' dir='ltr'><strong>καὶ</strong></span> <span class='ocrx_word' id='word_1_210' title='bbox 1751 1937 1884 2008; x_wconf 80' lang='grc' dir='ltr'>θῆλυ</span> 
     </span>
    </p>
   </div>
   <div class='ocr_carea' id='block_1_23' title="bbox 314 2019 1884 2097">
    <p class='ocr_par' dir='ltr' id='par_1_23' title="bbox 314 2019 1884 2097">
     <span class='ocr_line' id='line_1_23' title="bbox 314 2019 1884 2097; baseline 0.007 -27"><span class='ocrx_word' id='word_1_211' title='bbox 314 2019 580 2088; x_wconf 73' lang='grc' dir='ltr'>ἐποίησεν</span> <span class='ocrx_word' id='word_1_212' title='bbox 612 2021 851 2084; x_wconf 77' lang='grc' dir='ltr'>αὐτούς.»</span> <span class='ocrx_word' id='word_1_213' title='bbox 876 2022 1046 2077; x_wconf 76' lang='grc' dir='ltr'>Παντὶ</span> <span class='ocrx_word' id='word_1_214' title='bbox 1071 2024 1179 2095; x_wconf 82' lang='grc' dir='ltr'><strong>γὰρ</strong></span> <span class='ocrx_word' id='word_1_215' title='bbox 1223 2021 1373 2095; x_wconf 74' lang='grc' dir='ltr'>οἶμαι</span> <span class='ocrx_word' id='word_1_216' title='bbox 1405 2026 1684 2097; x_wconf 85' lang='grc' dir='ltr'>γνώριμον</span> <span class='ocrx_word' id='word_1_217' title='bbox 1727 2023 1884 2093; x_wconf 83' lang='grc' dir='ltr'>εἶναι,</span> 
     </span>
    </p>
   </div>
   <div class='ocr_carea' id='block_1_24' title="bbox 312 2110 1890 2187">
    <p class='ocr_par' dir='ltr' id='par_1_24' title="bbox 312 2110 1890 2187">
     <span class='ocr_line' id='line_1_24' title="bbox 312 2110 1890 2187; baseline 0.004 -25"><span class='ocrx_word' id='word_1_218' title='bbox 312 2111 395 2163; x_wconf 79' lang='grc' dir='ltr'>ὅτι</span> <span class='ocrx_word' id='word_1_219' title='bbox 430 2112 537 2175; x_wconf 77' lang='grc' dir='ltr'><strong>ἔξω</strong></span> <span class='ocrx_word' id='word_1_220' title='bbox 580 2110 733 2163; x_wconf 71' lang='grc' dir='ltr'>τοῦτο</span> <span class='ocrx_word' id='word_1_221' title='bbox 764 2111 858 2164; x_wconf 78' lang='grc' dir='ltr'><strong>τοῦ</strong></span> <span class='ocrx_word' id='word_1_222' title='bbox 908 2114 1262 2183; x_wconf 83' lang='grc' dir='ltr'>πρωτοτύπου</span> <span class='ocrx_word' id='word_1_223' title='bbox 1308 2118 1537 2168; x_wconf 84' lang='grc' dir='ltr'>νοεῖται·</span> <span class='ocrx_word' id='word_1_224' title='bbox 1580 2135 1598 2168; x_wconf 79' lang='grc' dir='ltr'><strong>ι</strong></span> <span class='ocrx_word' id='word_1_225' title='bbox 1657 2117 1743 2171; x_wconf 81' lang='grc' dir='ltr'>Ἐν</span> <span class='ocrx_word' id='word_1_226' title='bbox 1781 2116 1890 2187; x_wconf 75' lang='grc' dir='ltr'><strong>γὰρ</strong></span> 
     </span>
    </p>
   </div>
   <div class='ocr_carea' id='block_1_25' title="bbox 312 2199 1889 2272">
    <p class='ocr_par' dir='ltr' id='par_1_25' title="bbox 312 2199 1889 2272">
     <span class='ocr_line' id='line_1_25' title="bbox 312 2199 1889 2272; baseline 0.006 -22"><span class='ocrx_word' id='word_1_227' title='bbox 312 2200 535 2269; x_wconf 83' lang='grc' dir='ltr'>Χριστῷ</span> <span class='ocrx_word' id='word_1_228' title='bbox 579 2199 773 2269; x_wconf 80' lang='grc' dir='ltr'>Ἰησοῦ,</span> <span class='ocrx_word' id='word_1_229' title='bbox 816 2219 835 2251; x_wconf 73' lang='grc' dir='ltr'><strong>ι</strong></span> <span class='ocrx_word' id='word_1_230' title='bbox 879 2200 1060 2263; x_wconf 81' lang='grc' dir='ltr'>καθώς</span> <span class='ocrx_word' id='word_1_231' title='bbox 1089 2219 1251 2272; x_wconf 85' lang='grc' dir='ltr'>φησιν</span> <span class='ocrx_word' id='word_1_232' title='bbox 1276 2203 1304 2255; x_wconf 93' lang='grc' dir='ltr'><strong>ό</strong></span> <span class='ocrx_word' id='word_1_233' title='bbox 1340 2204 1678 2269; x_wconf 80' lang='grc' dir='ltr'>Ἀπόστολος,</span> <span class='ocrx_word' id='word_1_234' title='bbox 1710 2224 1728 2257; x_wconf 87' lang='grc'>‹</span> <span class='ocrx_word' id='word_1_235' title='bbox 1764 2205 1889 2258; x_wconf 76' lang='grc' dir='ltr'>οὔτε</span> 
     </span>
    </p>
   </div>
   <div class='ocr_carea' id='block_1_26' title="bbox 312 2289 1890 2366">
    <p class='ocr_par' dir='ltr' id='par_1_26' title="bbox 312 2289 1890 2366">
     <span class='ocr_line' id='line_1_26' title="bbox 312 2289 1890 2366; baseline 0.003 -23"><span class='ocrx_word' id='word_1_236' title='bbox 312 2290 478 2360; x_wconf 75' lang='grc' dir='ltr'>ἄρρεν</span> <span class='ocrx_word' id='word_1_237' title='bbox 506 2290 631 2342; x_wconf 68' lang='grc' dir='ltr'>οὔτε</span> <span class='ocrx_word' id='word_1_238' title='bbox 663 2289 800 2357; x_wconf 80' lang='grc' dir='ltr'>θῆλύ</span> <span class='ocrx_word' id='word_1_239' title='bbox 828 2292 993 2345; x_wconf 74' lang='grc' dir='ltr'>ἐστιν.</span> <span class='ocrx_word' id='word_1_240' title='bbox 1035 2310 1053 2343; x_wconf 71' lang='grc' dir='ltr'><strong>ο</strong></span> <span class='ocrx_word' id='word_1_241' title='bbox 1108 2292 1267 2345; x_wconf 82' lang='grc' dir='ltr'>Ἀλλά</span> <span class='ocrx_word' id='word_1_242' title='bbox 1308 2294 1416 2365; x_wconf 80' lang='grc' dir='ltr'>μὴν</span> <span class='ocrx_word' id='word_1_243' title='bbox 1459 2296 1539 2359; x_wconf 89' lang='grc' dir='ltr'><strong>είς</strong></span> <span class='ocrx_word' id='word_1_244' title='bbox 1571 2294 1741 2348; x_wconf 80' lang='grc' dir='ltr'>ταῦτα</span> <span class='ocrx_word' id='word_1_245' title='bbox 1775 2295 1890 2366; x_wconf 81' lang='grc' dir='ltr'>διῃ-</span> 
     </span>
    </p>
   </div>
   <div class='ocr_carea' id='block_1_27' title="bbox 1992 1122 3573 1194">
    <p class='ocr_par' dir='ltr' id='par_1_27' title="bbox 1992 1122 3573 1194">
     <span class='ocr_line' id='line_1_27' title="bbox 1992 1122 3573 1194; baseline 0.001 -16"><span class='ocrx_word' id='word_1_246' title='bbox 1992 1129 2113 1187; x_wconf 89' lang='lat' dir='ltr'><strong>est,</strong></span> <span class='ocrx_word' id='word_1_247' title='bbox 2170 1124 2459 1194; x_wconf 84' lang='lat' dir='ltr'><strong>potiusque</strong></span> <span class='ocrx_word' id='word_1_248' title='bbox 2500 1123 2568 1178; x_wconf 86' lang='lat' dir='ltr'><strong>ad</strong></span> <span class='ocrx_word' id='word_1_249' title='bbox 2620 1123 2671 1177; x_wconf 92' lang='lat' dir='ltr'><strong>id</strong></span> <span class='ocrx_word' id='word_1_250' title='bbox 2712 1136 2821 1193; x_wconf 93' lang='lat' dir='ltr'><strong>quo</strong></span> <span class='ocrx_word' id='word_1_251' title='bbox 2876 1122 2943 1177; x_wconf 92' lang='lat' dir='ltr'><strong>de</strong></span> <span class='ocrx_word' id='word_1_252' title='bbox 2980 1137 3137 1192; x_wconf 88' lang='lat' dir='ltr'><strong>agere</strong></span> <span class='ocrx_word' id='word_1_253' title='bbox 3186 1132 3426 1193; x_wconf 87' lang='lat' dir='ltr'><strong>coeptum</strong></span> <span class='ocrx_word' id='word_1_254' title='bbox 3487 1132 3573 1180; x_wconf 79' lang='lat' dir='ltr'><strong>est</strong></span> 
     </span>
    </p>
   </div>
   <div class='ocr_carea' id='block_1_28' title="bbox 1991 1204 3635 1283">
    <p class='ocr_par' dir='ltr' id='par_1_28' title="bbox 1991 1204 3635 1283">
     <span class='ocr_line' id='line_1_28' title="bbox 1991 1204 3635 1283; baseline 0.002 -18"><span class='ocrx_word' id='word_1_255' title='bbox 1991 1222 2373 1279; x_wconf 86' lang='lat' dir='ltr'><strong>revertamur,</strong></span> <span class='ocrx_word' id='word_1_256' title='bbox 2431 1212 2787 1283; x_wconf 85' lang='lat' dir='ltr'><strong>quamobrem</strong></span> <span class='ocrx_word' id='word_1_257' title='bbox 2842 1211 3056 1267; x_wconf 86' lang='lat' dir='ltr'><strong>scilicet</strong></span> <span class='ocrx_word' id='word_1_258' title='bbox 3099 1210 3299 1267; x_wconf 73' lang='lat' dir='ltr'><strong>divina:</strong></span> <span class='ocrx_word' id='word_1_259' title='bbox 3359 1220 3572 1268; x_wconf 69' lang='lat' dir='ltr'><strong>natura:</strong></span> <span class='ocrx_word' id='word_1_260' title='bbox 3632 1204 3635 1205; x_wconf 39' lang='grc'><strong><em>⁷</em></strong></span> 
     </span>
    </p>
   </div>
   <div class='ocr_carea' id='block_1_29' title="bbox 1990 1301 3571 1375">
    <p class='ocr_par' dir='ltr' id='par_1_29' title="bbox 1990 1301 3571 1375">
     <span class='ocr_line' id='line_1_29' title="bbox 1990 1301 3571 1375; baseline 0 -16"><span class='ocrx_word' id='word_1_261' title='bbox 1990 1302 2230 1359; x_wconf 87' lang='lat' dir='ltr'><strong>similem</strong></span> <span class='ocrx_word' id='word_1_262' title='bbox 2276 1320 2400 1361; x_wconf 90' lang='lat' dir='ltr'><strong>esse</strong></span> <span class='ocrx_word' id='word_1_263' title='bbox 2458 1305 2757 1359; x_wconf 86' lang='lat' dir='ltr'><strong>humanam</strong></span> <span class='ocrx_word' id='word_1_264' title='bbox 2822 1301 2997 1358; x_wconf 88' lang='lat' dir='ltr'><strong>sacris</strong></span> <span class='ocrx_word' id='word_1_265' title='bbox 3057 1302 3130 1357; x_wconf 88' lang='lat' dir='ltr'><strong>sit</strong></span> <span class='ocrx_word' id='word_1_266' title='bbox 3176 1301 3399 1359; x_wconf 88' lang='lat' dir='ltr'><strong>Litteris</strong></span> <span class='ocrx_word' id='word_1_267' title='bbox 3439 1318 3571 1375; x_wconf 82' lang='lat' dir='ltr'><strong>pro-</strong></span> 
     </span>
    </p>
   </div>
   <div class='ocr_carea' id='block_1_30' title="bbox 1989 1393 3572 1467">
    <p class='ocr_par' dir='ltr' id='par_1_30' title="bbox 1989 1393 3572 1467">
     <span class='ocr_line' id='line_1_30' title="bbox 1989 1393 3572 1467; baseline 0.001 -17"><span class='ocrx_word' id='word_1_268' title='bbox 1989 1395 2163 1451; x_wconf 91' lang='lat' dir='ltr'><strong>ditum</strong></span> <span class='ocrx_word' id='word_1_269' title='bbox 2212 1416 2225 1451; x_wconf 94' lang='lat'>:</span> <span class='ocrx_word' id='word_1_270' title='bbox 2275 1411 2399 1451; x_wconf 91' lang='lat' dir='ltr'><strong>cum</strong></span> <span class='ocrx_word' id='word_1_271' title='bbox 2455 1396 2569 1450; x_wconf 64' lang='lat' dir='ltr'><strong>haec</strong></span> <span class='ocrx_word' id='word_1_272' title='bbox 2633 1394 2879 1467; x_wconf 90' lang='lat' dir='ltr'><strong>profecto</strong></span> <span class='ocrx_word' id='word_1_273' title='bbox 2925 1394 2997 1450; x_wconf 87' lang='lat' dir='ltr'><strong>sit</strong></span> <span class='ocrx_word' id='word_1_274' title='bbox 3040 1393 3262 1457; x_wconf 87' lang='lat' dir='ltr'><strong>misera,</strong></span> <span class='ocrx_word' id='word_1_275' title='bbox 3301 1394 3393 1448; x_wconf 87' lang='lat' dir='ltr'><strong>illa</strong></span> <span class='ocrx_word' id='word_1_276' title='bbox 3441 1411 3572 1452; x_wconf 88' lang='lat' dir='ltr'><strong>vero</strong></span> 
     </span>
    </p>
   </div>
   <div class='ocr_carea' id='block_1_31' title="bbox 1990 1482 3573 1554">
    <p class='ocr_par' dir='ltr' id='par_1_31' title="bbox 1990 1482 3573 1554">
     <span class='ocr_line' id='line_1_31' title="bbox 1990 1482 3573 1554; baseline -0.001 -13"><span class='ocrx_word' id='word_1_277' title='bbox 1990 1485 2171 1541; x_wconf 85' lang='lat' dir='ltr'><strong>beata.</strong></span> <span class='ocrx_word' id='word_1_278' title='bbox 2206 1487 2395 1554; x_wconf 86' lang='lat' dir='ltr'><strong>Itaque</strong></span> <span class='ocrx_word' id='word_1_279' title='bbox 2423 1485 2583 1539; x_wconf 86' lang='lat' dir='ltr'><strong>nobis</strong></span> <span class='ocrx_word' id='word_1_280' title='bbox 2626 1491 2882 1539; x_wconf 87' lang='lat' dir='ltr'><strong>accurate</strong></span> <span class='ocrx_word' id='word_1_281' title='bbox 2927 1482 3146 1554; x_wconf 88' lang='lat' dir='ltr'><strong>singula</strong></span> <span class='ocrx_word' id='word_1_282' title='bbox 3182 1484 3238 1537; x_wconf 92' lang='lat' dir='ltr'><strong>in</strong></span> <span class='ocrx_word' id='word_1_283' title='bbox 3278 1483 3444 1538; x_wconf 87' lang='lat' dir='ltr'><strong>verba</strong></span> <span class='ocrx_word' id='word_1_284' title='bbox 3486 1494 3573 1541; x_wconf 91' lang='lat' dir='ltr'><strong>est</strong></span> 
     </span>
    </p>
   </div>
   <div class='ocr_carea' id='block_1_32' title="bbox 1990 1572 3572 1647">
    <p class='ocr_par' dir='ltr' id='par_1_32' title="bbox 1990 1572 3572 1647">
     <span class='ocr_line' id='line_1_32' title="bbox 1990 1572 3572 1647; baseline -0.001 -17"><span class='ocrx_word' id='word_1_285' title='bbox 1990 1576 2398 1645; x_wconf 90' lang='lat' dir='ltr'><strong>inquirendum.</strong></span> <span class='ocrx_word' id='word_1_286' title='bbox 2449 1574 2795 1629; x_wconf 89' lang='lat' dir='ltr'><strong>Inveniemus</strong></span> <span class='ocrx_word' id='word_1_287' title='bbox 2847 1574 2994 1629; x_wconf 89' lang='lat' dir='ltr'><strong>enim</strong></span> <span class='ocrx_word' id='word_1_288' title='bbox 3046 1572 3195 1628; x_wconf 86' lang='lat' dir='ltr'><strong>aliud</strong></span> <span class='ocrx_word' id='word_1_289' title='bbox 3254 1589 3377 1629; x_wconf 88' lang='lat' dir='ltr'><strong>esse</strong></span> <span class='ocrx_word' id='word_1_290' title='bbox 3424 1574 3572 1647; x_wconf 87' lang='lat' dir='ltr'><strong>quod</strong></span> 
     </span>
    </p>
   </div>
   <div class='ocr_carea' id='block_1_33' title="bbox 1990 1664 3563 1735">
    <p class='ocr_par' dir='ltr' id='par_1_33' title="bbox 1990 1664 3563 1735">
     <span class='ocr_line' id='line_1_33' title="bbox 1990 1664 3563 1735; baseline 0 -16"><span class='ocrx_word' id='word_1_291' title='bbox 1990 1666 2085 1721; x_wconf 92' lang='lat' dir='ltr'><strong>Dei</strong></span> <span class='ocrx_word' id='word_1_292' title='bbox 2114 1666 2402 1735; x_wconf 90' lang='lat' dir='ltr'><strong>imaginem</strong></span> <span class='ocrx_word' id='word_1_293' title='bbox 2438 1664 2658 1729; x_wconf 81' lang='lat' dir='ltr'><strong>referat,</strong></span> <span class='ocrx_word' id='word_1_294' title='bbox 2694 1665 2763 1718; x_wconf 92' lang='lat' dir='ltr'><strong>ab</strong></span> <span class='ocrx_word' id='word_1_295' title='bbox 2810 1678 2876 1719; x_wconf 92' lang='lat' dir='ltr'><strong>eo</strong></span> <span class='ocrx_word' id='word_1_296' title='bbox 2903 1664 3048 1733; x_wconf 91' lang='lat' dir='ltr'><strong>quod</strong></span> <span class='ocrx_word' id='word_1_297' title='bbox 3086 1666 3189 1718; x_wconf 85' lang='lat' dir='ltr'><strong>hac</strong></span> <span class='ocrx_word' id='word_1_298' title='bbox 3220 1665 3276 1720; x_wconf 92' lang='lat' dir='ltr'><strong>in</strong></span> <span class='ocrx_word' id='word_1_299' title='bbox 3318 1681 3563 1720; x_wconf 66' lang='lat' dir='ltr'><strong>aerumna</strong></span> 
     </span>
    </p>
   </div>
   <div class='ocr_carea' id='block_1_34' title="bbox 1989 1751 3571 1826">
    <p class='ocr_par' dir='ltr' id='par_1_34' title="bbox 1989 1751 3571 1826">
     <span class='ocr_line' id='line_1_34' title="bbox 1989 1751 3571 1826; baseline -0.003 -15"><span class='ocrx_word' id='word_1_300' title='bbox 1989 1755 2385 1826; x_wconf 86' lang='lat' dir='ltr'><strong>conspicimus.</strong></span> <span class='ocrx_word' id='word_1_301' title='bbox 2420 1772 2438 1805; x_wconf 76' lang='grc' dir='ltr'><strong>ι</strong></span> <span class='ocrx_word' id='word_1_302' title='bbox 2472 1753 2623 1808; x_wconf 88' lang='lat' dir='ltr'><strong>Fecit</strong></span> <span class='ocrx_word' id='word_1_303' title='bbox 2661 1751 2825 1813; x_wconf 89' lang='lat' dir='ltr'><strong>Deus,</strong></span> <span class='ocrx_word' id='word_1_304' title='bbox 2865 1771 2884 1804; x_wconf 74' lang='grc' dir='ltr'><strong>ι</strong></span> <span class='ocrx_word' id='word_1_305' title='bbox 2924 1752 3183 1822; x_wconf 88' lang='lat' dir='ltr'><strong>inquiunt</strong></span> <span class='ocrx_word' id='word_1_306' title='bbox 3221 1753 3442 1809; x_wconf 73' lang='lat' dir='ltr'><strong>Litterae</strong></span> <span class='ocrx_word' id='word_1_307' title='bbox 3482 1770 3571 1809; x_wconf 76' lang='lat' dir='ltr'><strong>sa~</strong></span> 
     </span>
    </p>
   </div>
   <div class='ocr_carea' id='block_1_35' title="bbox 1989 1842 3570 1913">
    <p class='ocr_par' dir='ltr' id='par_1_35' title="bbox 1989 1842 3570 1913">
     <span class='ocr_line' id='line_1_35' title="bbox 1989 1842 3570 1913; baseline -0.003 -13"><span class='ocrx_word' id='word_1_308' title='bbox 1989 1861 2117 1909; x_wconf 65' lang='lat' dir='ltr'><strong>crte,</strong></span> <span class='ocrx_word' id='word_1_309' title='bbox 2174 1864 2193 1897; x_wconf 81' lang='grc' dir='ltr'><strong>ι</strong></span> <span class='ocrx_word' id='word_1_310' title='bbox 2234 1844 2507 1898; x_wconf 91' lang='lat' dir='ltr'><strong>hominem</strong></span> <span class='ocrx_word' id='word_1_311' title='bbox 2551 1862 2564 1898; x_wconf 93' lang='lat'><strong>:</strong></span> <span class='ocrx_word' id='word_1_312' title='bbox 2613 1850 2667 1898; x_wconf 91' lang='lat' dir='ltr'><strong>et</strong></span> <span class='ocrx_word' id='word_1_313' title='bbox 2720 1842 2939 1912; x_wconf 88' lang='lat' dir='ltr'><strong>quidem</strong></span> <span class='ocrx_word' id='word_1_314' title='bbox 2990 1855 3112 1896; x_wconf 90' lang='lat' dir='ltr'><strong>eum</strong></span> <span class='ocrx_word' id='word_1_315' title='bbox 3169 1842 3236 1896; x_wconf 93' lang='lat' dir='ltr'><strong>ad</strong></span> <span class='ocrx_word' id='word_1_316' title='bbox 3278 1842 3570 1913; x_wconf 88' lang='lat' dir='ltr'><strong>imaginem</strong></span> 
     </span>
    </p>
   </div>
   <div class='ocr_carea' id='block_1_36' title="bbox 1990 1931 3570 2005">
    <p class='ocr_par' dir='ltr' id='par_1_36' title="bbox 1990 1931 3570 2005">
     <span class='ocr_line' id='line_1_36' title="bbox 1990 1931 3570 2005; baseline -0.003 -14"><span class='ocrx_word' id='word_1_317' title='bbox 1990 1937 2083 1991; x_wconf 89' lang='lat' dir='ltr'><strong>Dei</strong></span> <span class='ocrx_word' id='word_1_318' title='bbox 2113 1936 2241 1990; x_wconf 90' lang='lat' dir='ltr'><strong>fecit</strong></span> <span class='ocrx_word' id='word_1_319' title='bbox 2270 1936 2337 1988; x_wconf 85' lang='lat'><strong>&quot;.</strong></span> <span class='ocrx_word' id='word_1_320' title='bbox 2377 1953 2395 1987; x_wconf 75' lang='grc' dir='ltr'><strong>ι</strong></span> <span class='ocrx_word' id='word_1_321' title='bbox 2432 1933 2570 2005; x_wconf 88' lang='lat' dir='ltr'><strong>Ergo</strong></span> <span class='ocrx_word' id='word_1_322' title='bbox 2594 1932 3039 2003; x_wconf 82' lang='lat' dir='ltr'><strong>jamperfectum</strong></span> <span class='ocrx_word' id='word_1_323' title='bbox 3066 1931 3389 2002; x_wconf 90' lang='lat' dir='ltr'><strong>intelligitur</strong></span> <span class='ocrx_word' id='word_1_324' title='bbox 3432 1931 3570 1986; x_wconf 86' lang='lat' dir='ltr'><strong>illud</strong></span> 
     </span>
    </p>
   </div>
   <div class='ocr_carea' id='block_1_37' title="bbox 1990 2023 3572 2096">
    <p class='ocr_par' dir='ltr' id='par_1_37' title="bbox 1990 2023 3572 2096">
     <span class='ocr_line' id='line_1_37' title="bbox 1990 2023 3572 2096; baseline -0.003 -13"><span class='ocrx_word' id='word_1_325' title='bbox 1990 2038 2256 2093; x_wconf 90' lang='lat' dir='ltr'><strong>creatum,</strong></span> <span class='ocrx_word' id='word_1_326' title='bbox 2308 2026 2455 2096; x_wconf 92' lang='lat' dir='ltr'><strong>quod</strong></span> <span class='ocrx_word' id='word_1_327' title='bbox 2506 2025 2573 2080; x_wconf 91' lang='lat' dir='ltr'><strong>ad</strong></span> <span class='ocrx_word' id='word_1_328' title='bbox 2617 2024 2857 2080; x_wconf 87' lang='lat' dir='ltr'><strong>divinam</strong></span> <span class='ocrx_word' id='word_1_329' title='bbox 2889 2025 3179 2095; x_wconf 86' lang='lat' dir='ltr'><strong>imaginem</strong></span> <span class='ocrx_word' id='word_1_330' title='bbox 3228 2023 3572 2079; x_wconf 84' lang='lat' dir='ltr'><strong>conformari</strong></span> 
     </span>
    </p>
   </div>
   <div class='ocr_carea' id='block_1_38' title="bbox 1990 2114 3575 2186">
    <p class='ocr_par' dir='ltr' id='par_1_38' title="bbox 1990 2114 3575 2186">
     <span class='ocr_line' id='line_1_38' title="bbox 1990 2114 3575 2186; baseline -0.005 -13"><span class='ocrx_word' id='word_1_331' title='bbox 1990 2117 2251 2186; x_wconf 88' lang='lat' dir='ltr'><strong>oportuit.</strong></span> <span class='ocrx_word' id='word_1_332' title='bbox 2298 2114 2455 2181; x_wconf 86' lang='lat' dir='ltr'><strong>Quod</strong></span> <span class='ocrx_word' id='word_1_333' title='bbox 2510 2122 2690 2169; x_wconf 89' lang='lat' dir='ltr'><strong>autem</strong></span> <span class='ocrx_word' id='word_1_334' title='bbox 2727 2122 2849 2184; x_wconf 90' lang='lat' dir='ltr'><strong>post</strong></span> <span class='ocrx_word' id='word_1_335' title='bbox 2897 2114 3013 2169; x_wconf 85' lang='lat' dir='ltr'><strong>haec</strong></span> <span class='ocrx_word' id='word_1_336' title='bbox 3066 2114 3208 2168; x_wconf 89' lang='lat' dir='ltr'><strong>redit</strong></span> <span class='ocrx_word' id='word_1_337' title='bbox 3243 2114 3307 2167; x_wconf 88' lang='lat' dir='ltr'><strong>ad</strong></span> <span class='ocrx_word' id='word_1_338' title='bbox 3355 2114 3575 2183; x_wconf 91' lang='lat' dir='ltr'><strong>exposi-</strong></span> 
     </span>
    </p>
   </div>
   <div class='ocr_carea' id='block_1_39' title="bbox 1992 2202 3571 2275">
    <p class='ocr_par' dir='ltr' id='par_1_39' title="bbox 1992 2202 3571 2275">
     <span class='ocr_line' id='line_1_39' title="bbox 1992 2202 3571 2275; baseline -0.003 -15"><span class='ocrx_word' id='word_1_339' title='bbox 1992 2208 2194 2261; x_wconf 88' lang='lat' dir='ltr'><strong>tionem</strong></span> <span class='ocrx_word' id='word_1_340' title='bbox 2235 2205 2436 2275; x_wconf 87' lang='lat' dir='ltr'><strong>0pificii</strong></span> <span class='ocrx_word' id='word_1_341' title='bbox 2471 2205 2661 2269; x_wconf 89' lang='lat' dir='ltr'><strong>divini,</strong></span> <span class='ocrx_word' id='word_1_342' title='bbox 2697 2220 2820 2259; x_wconf 92' lang='lat' dir='ltr'><strong>cum</strong></span> <span class='ocrx_word' id='word_1_343' title='bbox 2859 2204 2957 2268; x_wconf 89' lang='lat' dir='ltr'><strong>ait,</strong></span> <span class='ocrx_word' id='word_1_344' title='bbox 3004 2222 3023 2254; x_wconf 78' lang='grc' dir='ltr'><strong>ι</strong></span> <span class='ocrx_word' id='word_1_345' title='bbox 3057 2202 3210 2257; x_wconf 87' lang='lat' dir='ltr'><strong>Fecit</strong></span> <span class='ocrx_word' id='word_1_346' title='bbox 3235 2218 3330 2258; x_wconf 91' lang='lat' dir='ltr'><strong>eos</strong></span> <span class='ocrx_word' id='word_1_347' title='bbox 3364 2218 3571 2257; x_wconf 90' lang='lat' dir='ltr'><strong>marem</strong></span> 
     </span>
    </p>
   </div>
   <div class='ocr_carea' id='block_1_40' title="bbox 1993 2294 3573 2366">
    <p class='ocr_par' dir='ltr' id='par_1_40' title="bbox 1993 2294 3573 2366">
     <span class='ocr_line' id='line_1_40' title="bbox 1993 2294 3573 2366; baseline -0.002 -16"><span class='ocrx_word' id='word_1_348' title='bbox 1993 2311 2058 2351; x_wconf 90' lang='lat' dir='ltr'><strong>ac</strong></span> <span class='ocrx_word' id='word_1_349' title='bbox 2097 2294 2395 2351; x_wconf 79' lang='lat' dir='ltr'><strong>feminam:</strong></span> <span class='ocrx_word' id='word_1_350' title='bbox 2454 2315 2472 2348; x_wconf 70' lang='grc' dir='ltr'><strong>ι</strong></span> <span class='ocrx_word' id='word_1_351' title='bbox 2532 2296 2585 2351; x_wconf 87' lang='lat' dir='ltr'><strong>id</strong></span> <span class='ocrx_word' id='word_1_352' title='bbox 2629 2296 2821 2366; x_wconf 88' lang='lat' dir='ltr'><strong>opinor</strong></span> <span class='ocrx_word' id='word_1_353' title='bbox 2848 2311 3037 2351; x_wconf 87' lang='lat' dir='ltr'><strong>omnes</strong></span> <span class='ocrx_word' id='word_1_354' title='bbox 3071 2295 3317 2350; x_wconf 89' lang='lat' dir='ltr'><strong>homines</strong></span> <span class='ocrx_word' id='word_1_355' title='bbox 3362 2295 3573 2365; x_wconf 64' lang='lat' dir='ltr'><strong>perspio</strong></span> 
     </span>
    </p>
   </div>
   <div class='ocr_carea' id='block_1_41' title="bbox 314 2364 1899 2456">
    <p class='ocr_par' dir='ltr' id='par_1_41' title="bbox 314 2364 1891 2456">
     <span class='ocr_line' id='line_1_41' title="bbox 314 2364 1891 2456; baseline 0.005 -26"><span class='ocrx_word' id='word_1_356' title='bbox 314 2380 510 2449; x_wconf 82' lang='grc' dir='ltr'>ρῆσθαι</span> <span class='ocrx_word' id='word_1_357' title='bbox 556 2383 585 2432; x_wconf 84' lang='grc' dir='ltr'>ὁ</span> <span class='ocrx_word' id='word_1_358' title='bbox 613 2381 774 2449; x_wconf 81' lang='grc' dir='ltr'>λόγος</span> <span class='ocrx_word' id='word_1_359' title='bbox 824 2382 955 2449; x_wconf 75' lang='grc' dir='ltr'><strong>φησί</strong></span> <span class='ocrx_word' id='word_1_360' title='bbox 1001 2381 1093 2435; x_wconf 83' lang='grc' dir='ltr'>τὸν</span> <span class='ocrx_word' id='word_1_361' title='bbox 1127 2364 1441 2456; x_wconf 81' lang='grc' dir='ltr'>ἄνθρωπον.</span> <span class='ocrx_word' id='word_1_362' title='bbox 1484 2385 1694 2440; x_wconf 83' lang='grc' dir='ltr'>Οὐκοῦν</span> <span class='ocrx_word' id='word_1_363' title='bbox 1730 2364 1891 2455; x_wconf 85' lang='grc' dir='ltr'>διπλῆ</span> 
     </span>
    </p>
   </div>
   <div class='ocr_carea' id='block_1_42' title="bbox 2001 2364 3572 2456">
    <p class='ocr_par' dir='ltr' id='par_1_42' title="bbox 2001 2384 3572 2456">
     <span class='ocr_line' id='line_1_42' title="bbox 2001 2384 3572 2456; baseline -0.002 -15"><span class='ocrx_word' id='word_1_364' title='bbox 2001 2402 2142 2450; x_wconf 84' lang='lat' dir='ltr'><strong>cere,</strong></span> <span class='ocrx_word' id='word_1_365' title='bbox 2193 2386 2260 2439; x_wconf 92' lang='lat' dir='ltr'><strong>ab</strong></span> <span class='ocrx_word' id='word_1_366' title='bbox 2289 2386 2537 2456; x_wconf 88' lang='lat' dir='ltr'><strong>exemplo</strong></span> <span class='ocrx_word' id='word_1_367' title='bbox 2564 2386 2809 2456; x_wconf 88' lang='lat' dir='ltr'><strong>principe</strong></span> <span class='ocrx_word' id='word_1_368' title='bbox 2844 2384 3230 2442; x_wconf 88' lang='lat' dir='ltr'><strong>removendum</strong></span> <span class='ocrx_word' id='word_1_369' title='bbox 3279 2400 3420 2441; x_wconf 91' lang='lat' dir='ltr'><strong>esse.</strong></span> <span class='ocrx_word' id='word_1_370' title='bbox 3459 2403 3479 2436; x_wconf 75' lang='grc' dir='ltr'><strong>ι</strong></span> <span class='ocrx_word' id='word_1_371' title='bbox 3514 2384 3572 2439; x_wconf 80' lang='grc' dir='ltr'>ιιι</span> 
     </span>
    </p>
   </div>
   <div class='ocr_carea' id='block_1_43' title="bbox 312 2471 1895 2549">
    <p class='ocr_par' dir='ltr' id='par_1_43' title="bbox 312 2471 1895 2549">
     <span class='ocr_line' id='line_1_43' title="bbox 312 2471 1895 2549; baseline 0.006 -28"><span class='ocrx_word' id='word_1_372' title='bbox 312 2471 391 2527; x_wconf 78' lang='grc' dir='ltr'><strong>τίς</strong></span> <span class='ocrx_word' id='word_1_373' title='bbox 424 2473 574 2523; x_wconf 72' lang='grc' dir='ltr'>ἐστιν</span> <span class='ocrx_word' id='word_1_374' title='bbox 603 2474 636 2542; x_wconf 79' lang='grc' dir='ltr'>ἡ</span> <span class='ocrx_word' id='word_1_375' title='bbox 669 2472 773 2542; x_wconf 82' lang='grc' dir='ltr'>τῆς</span> <span class='ocrx_word' id='word_1_376' title='bbox 802 2472 1017 2541; x_wconf 83' lang='grc' dir='ltr'>φύσεως</span> <span class='ocrx_word' id='word_1_377' title='bbox 1058 2474 1216 2545; x_wconf 75' lang='grc' dir='ltr'>ἡμῶν</span> <span class='ocrx_word' id='word_1_378' title='bbox 1248 2478 1581 2548; x_wconf 79' lang='grc' dir='ltr'>κατασκευὴ,</span> <span class='ocrx_word' id='word_1_379' title='bbox 1606 2477 1641 2547; x_wconf 78' lang='grc' dir='ltr'>ἥ</span> <span class='ocrx_word' id='word_1_380' title='bbox 1664 2495 1722 2530; x_wconf 89' lang='grc' dir='ltr'><strong>τε</strong></span> <span class='ocrx_word' id='word_1_381' title='bbox 1760 2477 1895 2549; x_wconf 79' lang='grc' dir='ltr'>πρὸς</span> 
     </span>
    </p>
   </div>
   <div class='ocr_carea' id='block_1_44' title="bbox 312 2562 1896 2639">
    <p class='ocr_par' dir='ltr' id='par_1_44' title="bbox 312 2562 1896 2639">
     <span class='ocr_line' id='line_1_44' title="bbox 312 2562 1896 2639; baseline 0.006 -27"><span class='ocrx_word' id='word_1_382' title='bbox 312 2562 373 2613; x_wconf 79' lang='grc' dir='ltr'>τὸ</span> <span class='ocrx_word' id='word_1_383' title='bbox 401 2562 551 2629; x_wconf 78' lang='grc' dir='ltr'>Θεζον</span> <span class='ocrx_word' id='word_1_384' title='bbox 584 2563 935 2635; x_wconf 83' lang='grc' dir='ltr'>ώμοιωμένη,</span> <span class='ocrx_word' id='word_1_385' title='bbox 955 2563 989 2631; x_wconf 76' lang='grc' dir='ltr'><strong>ἤ</strong></span> <span class='ocrx_word' id='word_1_386' title='bbox 1007 2579 1065 2615; x_wconf 84' lang='grc' dir='ltr'><strong>τε</strong></span> <span class='ocrx_word' id='word_1_387' title='bbox 1100 2565 1237 2635; x_wconf 85' lang='grc' dir='ltr'>πρὸς</span> <span class='ocrx_word' id='word_1_388' title='bbox 1268 2566 1364 2637; x_wconf 80' lang='grc' dir='ltr'>τὴν</span> <span class='ocrx_word' id='word_1_389' title='bbox 1400 2568 1664 2639; x_wconf 68' lang='grc' dir='ltr'>διαφορὰν</span> <span class='ocrx_word' id='word_1_390' title='bbox 1690 2568 1896 2639; x_wconf 80' lang='grc' dir='ltr'>ταύτην</span> 
     </span>
    </p>
   </div>
   <div class='ocr_carea' id='block_1_45' title="bbox 311 2650 1899 2729">
    <p class='ocr_par' dir='ltr' id='par_1_45' title="bbox 311 2650 1899 2729">
     <span class='ocr_line' id='line_1_45' title="bbox 311 2650 1899 2729; baseline 0.006 -27"><span class='ocrx_word' id='word_1_391' title='bbox 311 2650 642 2723; x_wconf 71' lang='grc' dir='ltr'>διῃρημένη.</span> <span class='ocrx_word' id='word_1_392' title='bbox 696 2651 947 2706; x_wconf 80' lang='grc' dir='ltr'>Τοιοῦτον</span> <span class='ocrx_word' id='word_1_393' title='bbox 1000 2656 1109 2724; x_wconf 82' lang='grc' dir='ltr'>γάρ</span> <span class='ocrx_word' id='word_1_394' title='bbox 1149 2671 1201 2707; x_wconf 88' lang='grc' dir='ltr'><strong>τι</strong></span> <span class='ocrx_word' id='word_1_395' title='bbox 1246 2656 1275 2708; x_wconf 83' lang='grc' dir='ltr'>ὁ</span> <span class='ocrx_word' id='word_1_396' title='bbox 1320 2657 1476 2726; x_wconf 84' lang='grc' dir='ltr'>λόγος</span> <span class='ocrx_word' id='word_1_397' title='bbox 1522 2659 1585 2711; x_wconf 82' lang='grc' dir='ltr'>ἐκ</span> <span class='ocrx_word' id='word_1_398' title='bbox 1634 2659 1735 2729; x_wconf 82' lang='grc' dir='ltr'><strong>τῆς</strong></span> <span class='ocrx_word' id='word_1_399' title='bbox 1782 2674 1899 2711; x_wconf 88' lang='grc' dir='ltr'>συν·</span> 
     </span>
    </p>
   </div>
   <div class='ocr_carea' id='block_1_46' title="bbox 316 2742 1899 2823">
    <p class='ocr_par' dir='ltr' id='par_1_46' title="bbox 316 2742 1899 2823">
     <span class='ocr_line' id='line_1_46' title="bbox 316 2742 1899 2823; baseline 0.006 -29"><span class='ocrx_word' id='word_1_400' title='bbox 316 2742 524 2807; x_wconf 73' lang='grc' dir='ltr'>τάξεως</span> <span class='ocrx_word' id='word_1_401' title='bbox 577 2744 688 2796; x_wconf 85' lang='grc' dir='ltr'>τῶν</span> <span class='ocrx_word' id='word_1_402' title='bbox 737 2745 1134 2815; x_wconf 78' lang='grc' dir='ltr'>γεγραμμένων</span> <span class='ocrx_word' id='word_1_403' title='bbox 1174 2748 1489 2815; x_wconf 77' lang='grc' dir='ltr'>αἰνίττεται,</span> <span class='ocrx_word' id='word_1_404' title='bbox 1530 2749 1745 2823; x_wconf 85' lang='grc' dir='ltr'>πρῶτον</span> <span class='ocrx_word' id='word_1_405' title='bbox 1801 2750 1899 2821; x_wconf 87' lang='grc' dir='ltr'>μὲν</span> 
     </span>
    </p>
   </div>
   <div class='ocr_carea' id='block_1_47' title="bbox 314 2834 1899 2913">
    <p class='ocr_par' dir='ltr' id='par_1_47' title="bbox 314 2834 1899 2913">
     <span class='ocr_line' id='line_1_47' title="bbox 314 2834 1899 2913; baseline 0.007 -27"><span class='ocrx_word' id='word_1_406' title='bbox 314 2834 505 2901; x_wconf 78' lang='grc' dir='ltr'>εἰπὼν,</span> <span class='ocrx_word' id='word_1_407' title='bbox 541 2836 626 2888; x_wconf 80' lang='grc' dir='ltr'>ὅτι</span> <span class='ocrx_word' id='word_1_408' title='bbox 662 2856 682 2887; x_wconf 80' lang='grc' dir='ltr'><strong>ι</strong></span> <span class='ocrx_word' id='word_1_409' title='bbox 746 2837 1033 2907; x_wconf 85' lang='grc' dir='ltr'>Ἐποίησεν</span> <span class='ocrx_word' id='word_1_410' title='bbox 1070 2840 1098 2891; x_wconf 88' lang='grc' dir='ltr'>ὁ</span> <span class='ocrx_word' id='word_1_411' title='bbox 1138 2839 1270 2904; x_wconf 83' lang='grc' dir='ltr'><strong>Θεὸς</strong></span> <span class='ocrx_word' id='word_1_412' title='bbox 1300 2840 1390 2895; x_wconf 81' lang='grc' dir='ltr'>τὸν</span> <span class='ocrx_word' id='word_1_413' title='bbox 1424 2841 1728 2913; x_wconf 77' lang='grc' dir='ltr'>ἄνθρωπον,</span> <span class='ocrx_word' id='word_1_414' title='bbox 1779 2846 1899 2898; x_wconf 82' lang='grc' dir='ltr'>κατ’</span> 
     </span>
    </p>
   </div>
   <div class='ocr_carea' id='block_1_48' title="bbox 315 2926 1901 3001">
    <p class='ocr_par' dir='ltr' id='par_1_48' title="bbox 315 2926 1901 3001">
     <span class='ocr_line' id='line_1_48' title="bbox 315 2926 1901 3001; baseline 0.008 -23"><span class='ocrx_word' id='word_1_415' title='bbox 315 2926 500 2979; x_wconf 79' lang='grc' dir='ltr'>εἰκόνα</span> <span class='ocrx_word' id='word_1_416' title='bbox 558 2926 697 2979; x_wconf 76' lang='grc' dir='ltr'>Θεοῦ</span> <span class='ocrx_word' id='word_1_417' title='bbox 758 2929 1013 2999; x_wconf 70' lang='grc' dir='ltr'>ἐποίησεν</span> <span class='ocrx_word' id='word_1_418' title='bbox 1070 2930 1264 2984; x_wconf 79' lang='grc' dir='ltr'>αὐτόν’</span> <span class='ocrx_word' id='word_1_419' title='bbox 1335 2951 1355 2984; x_wconf 75' lang='grc' dir='ltr'><strong>ι</strong></span> <span class='ocrx_word' id='word_1_420' title='bbox 1428 2950 1439 2992; x_wconf 86' lang='grc'>;</span> <span class='ocrx_word' id='word_1_421' title='bbox 1484 2934 1601 2987; x_wconf 86' lang='grc' dir='ltr'>ἀλιν</span> <span class='ocrx_word' id='word_1_422' title='bbox 1668 2935 1724 2988; x_wconf 85' lang='grc' dir='ltr'>δὲ</span> <span class='ocrx_word' id='word_1_423' title='bbox 1790 2940 1901 3001; x_wconf 80' lang='grc' dir='ltr'>τοῖς</span> 
     </span>
    </p>
   </div>
   <div class='ocr_carea' id='block_1_49' title="bbox 317 3017 1903 3096">
    <p class='ocr_par' dir='ltr' id='par_1_49' title="bbox 317 3017 1903 3096">
     <span class='ocr_line' id='line_1_49' title="bbox 317 3017 1903 3096; baseline 0.008 -28"><span class='ocrx_word' id='word_1_424' title='bbox 317 3017 633 3088; x_wconf 79' lang='grc' dir='ltr'>εἰρημένοις</span> <span class='ocrx_word' id='word_1_425' title='bbox 666 3019 983 3087; x_wconf 72' lang='grc' dir='ltr'>ἐπαγαγὼν,</span> <span class='ocrx_word' id='word_1_426' title='bbox 1022 3021 1102 3073; x_wconf 85' lang='grc' dir='ltr'>ὅτι</span> <span class='ocrx_word' id='word_1_427' title='bbox 1140 3039 1159 3073; x_wconf 77' lang='lat' dir='ltr'><strong>t</strong></span> <span class='ocrx_word' id='word_1_428' title='bbox 1210 3023 1408 3092; x_wconf 81' lang='grc' dir='ltr'>Ἀρσεν</span> <span class='ocrx_word' id='word_1_429' title='bbox 1447 3024 1542 3077; x_wconf 75' lang='grc' dir='ltr'>καὶ</span> <span class='ocrx_word' id='word_1_430' title='bbox 1586 3024 1719 3096; x_wconf 83' lang='grc' dir='ltr'>θῆλυ</span> <span class='ocrx_word' id='word_1_431' title='bbox 1756 3028 1903 3080; x_wconf 84' lang='grc' dir='ltr'>ὲποί-</span> 
     </span>
    </p>
   </div>
   <div class='ocr_carea' id='block_1_50' title="bbox 315 3107 1900 3186">
    <p class='ocr_par' dir='ltr' id='par_1_50' title="bbox 315 3107 1900 3186">
     <span class='ocr_line' id='line_1_50' title="bbox 315 3107 1900 3186; baseline 0.008 -28"><span class='ocrx_word' id='word_1_432' title='bbox 315 3123 447 3176; x_wconf 76' lang='grc' dir='ltr'>ησεν</span> <span class='ocrx_word' id='word_1_433' title='bbox 497 3107 730 3171; x_wconf 75' lang='grc' dir='ltr'>αὐτοὺς,</span> <span class='ocrx_word' id='word_1_434' title='bbox 794 3128 813 3160; x_wconf 82' lang='grc'><strong><em>›</em></strong></span> <span class='ocrx_word' id='word_1_435' title='bbox 880 3109 1016 3181; x_wconf 83' lang='grc' dir='ltr'>ὅπερ</span> <span class='ocrx_word' id='word_1_436' title='bbox 1076 3110 1352 3182; x_wconf 85' lang='grc' dir='ltr'>ἀλλότριον</span> <span class='ocrx_word' id='word_1_437' title='bbox 1412 3112 1524 3167; x_wconf 85' lang='grc' dir='ltr'><strong>τῶν</strong></span> <span class='ocrx_word' id='word_1_438' title='bbox 1572 3116 1701 3186; x_wconf 71' lang='grc' dir='ltr'>περὶ</span> <span class='ocrx_word' id='word_1_439' title='bbox 1764 3115 1900 3169; x_wconf 80' lang='grc' dir='ltr'>Θεοῦ</span> 
     </span>
    </p>
   </div>
   <div class='ocr_carea' id='block_1_51' title="bbox 316 3195 1904 3276">
    <p class='ocr_par' dir='ltr' id='par_1_51' title="bbox 316 3195 1904 3276">
     <span class='ocr_line' id='line_1_51' title="bbox 316 3195 1904 3276; baseline 0.006 -26"><span class='ocrx_word' id='word_1_440' title='bbox 316 3198 628 3268; x_wconf 76' lang='grc' dir='ltr'>νοουμένων</span> <span class='ocrx_word' id='word_1_441' title='bbox 678 3199 848 3253; x_wconf 80' lang='grc' dir='ltr'>ἐστίν.</span> <span class='ocrx_word' id='word_1_442' title='bbox 909 3195 1075 3269; x_wconf 75' lang='grc' dir='ltr'>Οἶμαι</span> <span class='ocrx_word' id='word_1_443' title='bbox 1120 3200 1228 3273; x_wconf 82' lang='grc' dir='ltr'><strong>γὰρ</strong></span> <span class='ocrx_word' id='word_1_444' title='bbox 1286 3202 1397 3270; x_wconf 77' lang='grc' dir='ltr'><strong>ἐγὼ</strong></span> <span class='ocrx_word' id='word_1_445' title='bbox 1439 3204 1616 3275; x_wconf 84' lang='grc' dir='ltr'>δόγμα</span> <span class='ocrx_word' id='word_1_446' title='bbox 1664 3223 1717 3259; x_wconf 87' lang='grc' dir='ltr'><strong>τι</strong></span> <span class='ocrx_word' id='word_1_447' title='bbox 1762 3208 1904 3276; x_wconf 87' lang='grc' dir='ltr'>μέγα</span> 
     </span>
    </p>
   </div>
   <div class='ocr_carea' id='block_1_52' title="bbox 322 3288 1905 3364">
    <p class='ocr_par' dir='ltr' id='par_1_52' title="bbox 322 3288 1905 3364">
     <span class='ocr_line' id='line_1_52' title="bbox 322 3288 1905 3364; baseline 0.004 -23"><span class='ocrx_word' id='word_1_448' title='bbox 322 3289 418 3341; x_wconf 68' lang='grc' dir='ltr'>καὶ</span> <span class='ocrx_word' id='word_1_449' title='bbox 481 3288 685 3358; x_wconf 49' lang='grc' dir='ltr'>ὑψηλὸν</span> <span class='ocrx_word' id='word_1_450' title='bbox 754 3288 843 3341; x_wconf 78' lang='grc' dir='ltr'><strong>διὰ</strong></span> <span class='ocrx_word' id='word_1_451' title='bbox 900 3288 1008 3342; x_wconf 83' lang='grc' dir='ltr'>τῶν</span> <span class='ocrx_word' id='word_1_452' title='bbox 1072 3291 1378 3361; x_wconf 81' lang='grc' dir='ltr'>εἰρημένων</span> <span class='ocrx_word' id='word_1_453' title='bbox 1436 3292 1541 3346; x_wconf 82' lang='grc' dir='ltr'><strong>ὑπὸ</strong></span> <span class='ocrx_word' id='word_1_454' title='bbox 1603 3294 1701 3364; x_wconf 82' lang='grc' dir='ltr'>τῆς</span> <span class='ocrx_word' id='word_1_455' title='bbox 1756 3294 1905 3358; x_wconf 83' lang='grc' dir='ltr'>θείας</span> 
     </span>
    </p>
   </div>
   <div class='ocr_carea' id='block_1_53' title="bbox 320 3376 1903 3452">
    <p class='ocr_par' dir='ltr' id='par_1_53' title="bbox 320 3376 1903 3452">
     <span class='ocr_line' id='line_1_53' title="bbox 320 3376 1903 3452; baseline 0.006 -23"><span class='ocrx_word' id='word_1_456' title='bbox 320 3376 545 3447; x_wconf 80' lang='grc' dir='ltr'>Γραφῆς</span> <span class='ocrx_word' id='word_1_457' title='bbox 598 3377 1002 3447; x_wconf 82' lang='grc' dir='ltr'>παραδίδοσθαι.</span> <span class='ocrx_word' id='word_1_458' title='bbox 1036 3379 1108 3432; x_wconf 84' lang='grc' dir='ltr'><strong>Τὸ</strong></span> <span class='ocrx_word' id='word_1_459' title='bbox 1152 3380 1209 3434; x_wconf 80' lang='grc' dir='ltr'>δὲ</span> <span class='ocrx_word' id='word_1_460' title='bbox 1253 3380 1427 3452; x_wconf 81' lang='grc' dir='ltr'>δόγμα</span> <span class='ocrx_word' id='word_1_461' title='bbox 1460 3382 1698 3436; x_wconf 82' lang='grc' dir='ltr'>τοιοῦτόν</span> <span class='ocrx_word' id='word_1_462' title='bbox 1752 3386 1903 3439; x_wconf 78' lang='grc' dir='ltr'>ἐστι’</span> 
     </span>
    </p>
   </div>
   <div class='ocr_carea' id='block_1_54' title="bbox 320 3469 1905 3546">
    <p class='ocr_par' dir='ltr' id='par_1_54' title="bbox 320 3469 1905 3546">
     <span class='ocr_line' id='line_1_54' title="bbox 320 3469 1905 3546; baseline 0.003 -24"><span class='ocrx_word' id='word_1_463' title='bbox 320 3469 424 3522; x_wconf 70' lang='grc' dir='ltr'><strong>Δύο</strong></span> <span class='ocrx_word' id='word_1_464' title='bbox 467 3469 633 3521; x_wconf 82' lang='grc' dir='ltr'>τινῶν</span> <span class='ocrx_word' id='word_1_465' title='bbox 665 3469 804 3522; x_wconf 87' lang='grc' dir='ltr'><strong>κατά</strong></span> <span class='ocrx_word' id='word_1_466' title='bbox 844 3469 906 3522; x_wconf 81' lang='grc' dir='ltr'>τὸ</span> <span class='ocrx_word' id='word_1_467' title='bbox 948 3470 1246 3541; x_wconf 83' lang='grc' dir='ltr'>ἀκρότατον</span> <span class='ocrx_word' id='word_1_468' title='bbox 1286 3472 1423 3541; x_wconf 83' lang='grc' dir='ltr'>πρὸς</span> <span class='ocrx_word' id='word_1_469' title='bbox 1452 3472 1658 3542; x_wconf 82' lang='grc' dir='ltr'>ἄλληλα</span> <span class='ocrx_word' id='word_1_470' title='bbox 1688 3474 1905 3546; x_wconf 87' lang='grc' dir='ltr'>διεστη-</span> 
     </span>
    </p>
   </div>
   <div class='ocr_carea' id='block_1_55' title="bbox 320 3558 1906 3631">
    <p class='ocr_par' dir='ltr' id='par_1_55' title="bbox 320 3558 1906 3631">
     <span class='ocr_line' id='line_1_55' title="bbox 320 3558 1906 3631; baseline 0.005 -22"><span class='ocrx_word' id='word_1_471' title='bbox 320 3558 523 3621; x_wconf 82' lang='grc' dir='ltr'>κότων,</span> <span class='ocrx_word' id='word_1_472' title='bbox 564 3559 723 3627; x_wconf 72' lang='grc' dir='ltr'>μέσον</span> <span class='ocrx_word' id='word_1_473' title='bbox 756 3559 874 3612; x_wconf 75' lang='grc' dir='ltr'>ἐστὶ</span> <span class='ocrx_word' id='word_1_474' title='bbox 900 3559 962 3612; x_wconf 80' lang='grc' dir='ltr'>τὸ</span> <span class='ocrx_word' id='word_1_475' title='bbox 1010 3559 1367 3631; x_wconf 87' lang='grc' dir='ltr'>ἀνθρώπινον,</span> <span class='ocrx_word' id='word_1_476' title='bbox 1392 3562 1492 3631; x_wconf 78' lang='grc' dir='ltr'>τῆς</span> <span class='ocrx_word' id='word_1_477' title='bbox 1538 3580 1596 3615; x_wconf 87' lang='grc' dir='ltr'><strong>τε</strong></span> <span class='ocrx_word' id='word_1_478' title='bbox 1637 3563 1783 3626; x_wconf 84' lang='grc' dir='ltr'>θείας</span> <span class='ocrx_word' id='word_1_479' title='bbox 1813 3565 1906 3617; x_wconf 81' lang='grc' dir='ltr'>καὶ</span> 
     </span>
    </p>
   </div>
   <div class='ocr_carea' id='block_1_56' title="bbox 1993 2475 3576 2549">
    <p class='ocr_par' dir='ltr' id='par_1_56' title="bbox 1993 2475 3576 2549">
     <span class='ocr_line' id='line_1_56' title="bbox 1993 2475 3576 2549; baseline -0.001 -16"><span class='ocrx_word' id='word_1_480' title='bbox 1993 2477 2218 2534; x_wconf 88' lang='lat' dir='ltr'><strong>Christo</strong></span> <span class='ocrx_word' id='word_1_481' title='bbox 2246 2477 2398 2533; x_wconf 89' lang='lat' dir='ltr'><strong>enim</strong></span> <span class='ocrx_word' id='word_1_482' title='bbox 2429 2475 2582 2542; x_wconf 81' lang='lat' dir='ltr'><strong>Jesu,</strong></span> <span class='ocrx_word' id='word_1_483' title='bbox 2614 2496 2633 2530; x_wconf 74' lang='grc' dir='ltr'><strong>ι</strong></span> <span class='ocrx_word' id='word_1_484' title='bbox 2672 2486 2733 2532; x_wconf 83' lang='grc' dir='ltr'><strong>ιιι</strong></span> <span class='ocrx_word' id='word_1_485' title='bbox 2779 2479 3077 2548; x_wconf 83' lang='lat' dir='ltr'><strong>Apostolus</strong></span> <span class='ocrx_word' id='word_1_486' title='bbox 3116 2477 3315 2549; x_wconf 90' lang='lat' dir='ltr'><strong>inquit,</strong></span> <span class='ocrx_word' id='word_1_487' title='bbox 3350 2497 3369 2531; x_wconf 76' lang='grc' dir='ltr'><strong>ι</strong></span> <span class='ocrx_word' id='word_1_488' title='bbox 3397 2491 3576 2547; x_wconf 91' lang='lat' dir='ltr'><strong>neque</strong></span> 
     </span>
    </p>
   </div>
   <div class='ocr_carea' id='block_1_57' title="bbox 2000 2569 3577 2640">
    <p class='ocr_par' dir='ltr' id='par_1_57' title="bbox 2000 2569 3577 2640">
     <span class='ocr_line' id='line_1_57' title="bbox 2000 2569 3577 2640; baseline -0.001 -17"><span class='ocrx_word' id='word_1_489' title='bbox 2000 2584 2121 2626; x_wconf 88' lang='lat' dir='ltr'><strong>mas</strong></span> <span class='ocrx_word' id='word_1_490' title='bbox 2153 2586 2331 2640; x_wconf 92' lang='lat' dir='ltr'><strong>neque</strong></span> <span class='ocrx_word' id='word_1_491' title='bbox 2372 2569 2579 2624; x_wconf 90' lang='lat' dir='ltr'><strong>femina</strong></span> <span class='ocrx_word' id='word_1_492' title='bbox 2621 2578 2706 2624; x_wconf 92' lang='lat' dir='ltr'><strong>est</strong></span> <span class='ocrx_word' id='word_1_493' title='bbox 2725 2571 2791 2623; x_wconf 84' lang='lat'><strong>&quot;.</strong></span> <span class='ocrx_word' id='word_1_494' title='bbox 2826 2588 2845 2623; x_wconf 74' lang='grc' dir='ltr'><strong>ι</strong></span> <span class='ocrx_word' id='word_1_495' title='bbox 2888 2571 2957 2623; x_wconf 85' lang='lat' dir='ltr'><strong>At</strong></span> <span class='ocrx_word' id='word_1_496' title='bbox 2985 2584 3115 2625; x_wconf 89' lang='lat' dir='ltr'><strong>vero</strong></span> <span class='ocrx_word' id='word_1_497' title='bbox 3153 2570 3375 2625; x_wconf 65' lang='lat' dir='ltr'><strong>Litterae</strong></span> <span class='ocrx_word' id='word_1_498' title='bbox 3404 2582 3577 2625; x_wconf 68' lang='lat' dir='ltr'><strong>sacra</strong></span> 
     </span>
    </p>
   </div>
   <div class='ocr_carea' id='block_1_58' title="bbox 1997 2659 3577 2730">
    <p class='ocr_par' dir='ltr' id='par_1_58' title="bbox 1997 2659 3577 2730">
     <span class='ocr_line' id='line_1_58' title="bbox 1997 2659 3577 2730; baseline 0.001 -15"><span class='ocrx_word' id='word_1_499' title='bbox 1997 2660 2202 2716; x_wconf 90' lang='lat' dir='ltr'><strong>diserte</strong></span> <span class='ocrx_word' id='word_1_500' title='bbox 2230 2659 2521 2724; x_wconf 85' lang='lat' dir='ltr'><strong>ailirmant,</strong></span> <span class='ocrx_word' id='word_1_501' title='bbox 2558 2660 2832 2715; x_wconf 92' lang='lat' dir='ltr'><strong>hominem</strong></span> <span class='ocrx_word' id='word_1_502' title='bbox 2867 2661 2921 2714; x_wconf 93' lang='lat' dir='ltr'><strong>in</strong></span> <span class='ocrx_word' id='word_1_503' title='bbox 2962 2676 3167 2715; x_wconf 87' lang='lat' dir='ltr'><strong>marem</strong></span> <span class='ocrx_word' id='word_1_504' title='bbox 3211 2660 3577 2730; x_wconf 85' lang='lat' dir='ltr'><strong>feminamque</strong></span> 
     </span>
    </p>
   </div>
   <div class='ocr_carea' id='block_1_59' title="bbox 1998 2748 3576 2819">
    <p class='ocr_par' dir='ltr' id='par_1_59' title="bbox 1998 2748 3576 2819">
     <span class='ocr_line' id='line_1_59' title="bbox 1998 2748 3576 2819; baseline -0.001 -14"><span class='ocrx_word' id='word_1_505' title='bbox 1998 2749 2233 2805; x_wconf 89' lang='lat' dir='ltr'><strong>divisum</strong></span> <span class='ocrx_word' id='word_1_506' title='bbox 2263 2764 2407 2805; x_wconf 88' lang='lat' dir='ltr'><strong>esse.</strong></span> <span class='ocrx_word' id='word_1_507' title='bbox 2450 2748 2635 2818; x_wconf 90' lang='lat' dir='ltr'><strong>Itaque</strong></span> <span class='ocrx_word' id='word_1_508' title='bbox 2663 2750 2932 2819; x_wconf 82' lang='lat' dir='ltr'><strong>duplicem</strong></span> <span class='ocrx_word' id='word_1_509' title='bbox 2963 2765 3086 2805; x_wconf 89' lang='lat' dir='ltr'><strong>esse</strong></span> <span class='ocrx_word' id='word_1_510' title='bbox 3128 2749 3325 2803; x_wconf 88' lang='lat' dir='ltr'><strong>factam</strong></span> <span class='ocrx_word' id='word_1_511' title='bbox 3363 2757 3576 2804; x_wconf 77' lang='lat' dir='ltr'><strong>natura:</strong></span> 
     </span>
    </p>
   </div>
   <div class='ocr_carea' id='block_1_60' title="bbox 2000 2838 3576 2907">
    <p class='ocr_par' dir='ltr' id='par_1_60' title="bbox 2000 2838 3576 2907">
     <span class='ocr_line' id='line_1_60' title="bbox 2000 2838 3576 2907; baseline 0 -15"><span class='ocrx_word' id='word_1_512' title='bbox 2000 2847 2203 2893; x_wconf 71' lang='lat' dir='ltr'><strong>nostra:</strong></span> <span class='ocrx_word' id='word_1_513' title='bbox 2243 2844 2577 2894; x_wconf 88' lang='lat' dir='ltr'><strong>structuram</strong></span> <span class='ocrx_word' id='word_1_514' title='bbox 2624 2852 2853 2892; x_wconf 88' lang='lat' dir='ltr'><strong>necesse</strong></span> <span class='ocrx_word' id='word_1_515' title='bbox 2883 2845 2991 2902; x_wconf 90' lang='lat' dir='ltr'><strong>est,</strong></span> <span class='ocrx_word' id='word_1_516' title='bbox 3038 2851 3272 2907; x_wconf 89' lang='lat' dir='ltr'><strong>quarum</strong></span> <span class='ocrx_word' id='word_1_517' title='bbox 3310 2838 3479 2892; x_wconf 89' lang='lat' dir='ltr'><strong>altera</strong></span> <span class='ocrx_word' id='word_1_518' title='bbox 3507 2838 3576 2892; x_wconf 84' lang='lat' dir='ltr'><strong>ad</strong></span> 
     </span>
    </p>
   </div>
   <div class='ocr_carea' id='block_1_61' title="bbox 2000 2926 3576 2998">
    <p class='ocr_par' dir='ltr' id='par_1_61' title="bbox 2000 2926 3576 2998">
     <span class='ocr_line' id='line_1_61' title="bbox 2000 2926 3576 2998; baseline 0 -17"><span class='ocrx_word' id='word_1_519' title='bbox 2000 2926 2239 2982; x_wconf 91' lang='lat' dir='ltr'><strong>divinam</strong></span> <span class='ocrx_word' id='word_1_520' title='bbox 2312 2928 2603 2998; x_wconf 89' lang='lat' dir='ltr'><strong>imaginem</strong></span> <span class='ocrx_word' id='word_1_521' title='bbox 2659 2926 3071 2997; x_wconf 87' lang='lat' dir='ltr'><strong>exprimendam</strong></span> <span class='ocrx_word' id='word_1_522' title='bbox 3124 2926 3332 2982; x_wconf 87' lang='lat' dir='ltr'><strong>directa</strong></span> <span class='ocrx_word' id='word_1_523' title='bbox 3379 2927 3576 2990; x_wconf 88' lang='lat' dir='ltr'><strong>fuerit,</strong></span> 
     </span>
    </p>
   </div>
   <div class='ocr_carea' id='block_1_62' title="bbox 2004 3016 3578 3074">
    <p class='ocr_par' dir='ltr' id='par_1_62' title="bbox 2004 3016 3578 3074">
     <span class='ocr_line' id='line_1_62' title="bbox 2004 3016 3578 3074; baseline -0.001 -2"><span class='ocrx_word' id='word_1_524' title='bbox 2004 3019 2175 3073; x_wconf 89' lang='lat' dir='ltr'><strong>altera</strong></span> <span class='ocrx_word' id='word_1_525' title='bbox 2210 3016 2278 3072; x_wconf 91' lang='lat' dir='ltr'><strong>ad</strong></span> <span class='ocrx_word' id='word_1_526' title='bbox 2328 3016 2670 3074; x_wconf 77' lang='lat' dir='ltr'><strong>efﬁciendum</strong></span> <span class='ocrx_word' id='word_1_527' title='bbox 2709 3018 2839 3072; x_wconf 89' lang='lat' dir='ltr'><strong>illud</strong></span> <span class='ocrx_word' id='word_1_528' title='bbox 2892 3032 3058 3073; x_wconf 85' lang='lat' dir='ltr'><strong>sexus</strong></span> <span class='ocrx_word' id='word_1_529' title='bbox 3100 3016 3418 3073; x_wconf 87' lang='lat' dir='ltr'><strong>discrimen.</strong></span> <span class='ocrx_word' id='word_1_530' title='bbox 3465 3016 3578 3071; x_wconf 76' lang='lat' dir='ltr'><strong>liu-</strong></span> 
     </span>
    </p>
   </div>
   <div class='ocr_carea' id='block_1_63' title="bbox 1997 3107 3576 3180">
    <p class='ocr_par' dir='ltr' id='par_1_63' title="bbox 1997 3107 3576 3180">
     <span class='ocr_line' id='line_1_63' title="bbox 1997 3107 3576 3180; baseline 0 -17"><span class='ocrx_word' id='word_1_531' title='bbox 1997 3110 2241 3178; x_wconf 87' lang='lat' dir='ltr'><strong>jusmodi</strong></span> <span class='ocrx_word' id='word_1_532' title='bbox 2279 3111 2424 3166; x_wconf 91' lang='lat' dir='ltr'><strong>enim</strong></span> <span class='ocrx_word' id='word_1_533' title='bbox 2461 3109 2720 3180; x_wconf 90' lang='lat' dir='ltr'><strong>quiddam</strong></span> <span class='ocrx_word' id='word_1_534' title='bbox 2774 3107 3004 3163; x_wconf 88' lang='lat' dir='ltr'><strong>indicari</strong></span> <span class='ocrx_word' id='word_1_535' title='bbox 3041 3107 3290 3175; x_wconf 89' lang='lat' dir='ltr'><strong>videtur,</strong></span> <span class='ocrx_word' id='word_1_536' title='bbox 3351 3109 3400 3164; x_wconf 90' lang='lat' dir='ltr'><strong>si</strong></span> <span class='ocrx_word' id='word_1_537' title='bbox 3449 3124 3576 3163; x_wconf 88' lang='lat' dir='ltr'><strong>ver-</strong></span> 
     </span>
    </p>
   </div>
   <div class='ocr_carea' id='block_1_64' title="bbox 2003 3198 3576 3271">
    <p class='ocr_par' dir='ltr' id='par_1_64' title="bbox 2003 3198 3576 3271">
     <span class='ocr_line' id='line_1_64' title="bbox 2003 3198 3576 3271; baseline -0.001 -16"><span class='ocrx_word' id='word_1_538' title='bbox 2003 3201 2195 3256; x_wconf 87' lang='lat' dir='ltr'><strong>borum</strong></span> <span class='ocrx_word' id='word_1_539' title='bbox 2226 3202 2554 3271; x_wconf 90' lang='lat' dir='ltr'><strong>compositio</strong></span> <span class='ocrx_word' id='word_1_540' title='bbox 2588 3208 2641 3256; x_wconf 90' lang='lat' dir='ltr'><strong>et</strong></span> <span class='ocrx_word' id='word_1_541' title='bbox 2684 3200 2859 3256; x_wconf 87' lang='lat' dir='ltr'><strong>series</strong></span> <span class='ocrx_word' id='word_1_542' title='bbox 2894 3198 3294 3266; x_wconf 87' lang='lat' dir='ltr'><strong>consideretur,</strong></span> <span class='ocrx_word' id='word_1_543' title='bbox 3342 3201 3576 3270; x_wconf 88' lang='lat' dir='ltr'><strong>primum</strong></span> 
     </span>
    </p>
   </div>
   <div class='ocr_carea' id='block_1_65' title="bbox 2004 3289 3578 3361">
    <p class='ocr_par' dir='ltr' id='par_1_65' title="bbox 2004 3289 3578 3361">
     <span class='ocr_line' id='line_1_65' title="bbox 2004 3289 3578 3361; baseline 0.001 -15"><span class='ocrx_word' id='word_1_544' title='bbox 2004 3291 2150 3347; x_wconf 91' lang='lat' dir='ltr'><strong>enim</strong></span> <span class='ocrx_word' id='word_1_545' title='bbox 2194 3290 2396 3345; x_wconf 89' lang='lat' dir='ltr'><strong>dicitur</strong></span> <span class='ocrx_word' id='word_1_546' title='bbox 2457 3309 2475 3343; x_wconf 75' lang='grc' dir='ltr'><strong>ι</strong></span> <span class='ocrx_word' id='word_1_547' title='bbox 2511 3289 2663 3345; x_wconf 87' lang='lat' dir='ltr'><strong>Fecit</strong></span> <span class='ocrx_word' id='word_1_548' title='bbox 2712 3290 2987 3345; x_wconf 90' lang='lat' dir='ltr'><strong>hominem</strong></span> <span class='ocrx_word' id='word_1_549' title='bbox 3032 3290 3197 3355; x_wconf 90' lang='lat' dir='ltr'><strong>Deus,</strong></span> <span class='ocrx_word' id='word_1_550' title='bbox 3252 3297 3308 3346; x_wconf 88' lang='lat' dir='ltr'><strong>et</strong></span> <span class='ocrx_word' id='word_1_551' title='bbox 3356 3291 3578 3361; x_wconf 89' lang='lat' dir='ltr'><strong>quidem</strong></span> 
     </span>
    </p>
   </div>
   <div class='ocr_carea' id='block_1_66' title="bbox 2004 3378 3580 3452">
    <p class='ocr_par' dir='ltr' id='par_1_66' title="bbox 2004 3378 3580 3452">
     <span class='ocr_line' id='line_1_66' title="bbox 2004 3378 3580 3452; baseline -0.003 -13"><span class='ocrx_word' id='word_1_552' title='bbox 2004 3397 2131 3439; x_wconf 88' lang='lat' dir='ltr'><strong>eum</strong></span> <span class='ocrx_word' id='word_1_553' title='bbox 2163 3381 2229 3436; x_wconf 92' lang='lat' dir='ltr'><strong>ad</strong></span> <span class='ocrx_word' id='word_1_554' title='bbox 2256 3380 2545 3452; x_wconf 91' lang='lat' dir='ltr'><strong>imaginem</strong></span> <span class='ocrx_word' id='word_1_555' title='bbox 2572 3379 2664 3435; x_wconf 91' lang='lat' dir='ltr'><strong>Dei</strong></span> <span class='ocrx_word' id='word_1_556' title='bbox 2694 3378 2841 3435; x_wconf 88' lang='lat' dir='ltr'><strong>fecit.</strong></span> <span class='ocrx_word' id='word_1_557' title='bbox 2883 3398 2901 3432; x_wconf 77' lang='grc' dir='ltr'><strong>ι</strong></span> <span class='ocrx_word' id='word_1_558' title='bbox 2943 3380 3147 3435; x_wconf 91' lang='lat' dir='ltr'><strong>Deinde</strong></span> <span class='ocrx_word' id='word_1_559' title='bbox 3178 3379 3265 3436; x_wconf 87' lang='lat' dir='ltr'><strong>his</strong></span> <span class='ocrx_word' id='word_1_560' title='bbox 3288 3380 3379 3434; x_wconf 89' lang='lat' dir='ltr'><strong>illa</strong></span> <span class='ocrx_word' id='word_1_561' title='bbox 3404 3380 3580 3450; x_wconf 71' lang='lat' dir='ltr'><strong>subji~</strong></span> 
     </span>
    </p>
   </div>
   <div class='ocr_carea' id='block_1_67' title="bbox 2006 3470 3582 3542">
    <p class='ocr_par' dir='ltr' id='par_1_67' title="bbox 2006 3470 3582 3542">
     <span class='ocr_line' id='line_1_67' title="bbox 2006 3470 3582 3542; baseline 0.001 -15"><span class='ocrx_word' id='word_1_562' title='bbox 2006 3473 2248 3537; x_wconf 90' lang='lat' dir='ltr'><strong>ciuntur,</strong></span> <span class='ocrx_word' id='word_1_563' title='bbox 2299 3490 2318 3523; x_wconf 78' lang='grc' dir='ltr'><strong>ι</strong></span> <span class='ocrx_word' id='word_1_564' title='bbox 2354 3471 2557 3527; x_wconf 82' lang='lat' dir='ltr'><strong>Marem</strong></span> <span class='ocrx_word' id='word_1_565' title='bbox 2607 3486 2671 3525; x_wconf 91' lang='lat' dir='ltr'><strong>ac</strong></span> <span class='ocrx_word' id='word_1_566' title='bbox 2732 3470 2987 3527; x_wconf 83' lang='lat' dir='ltr'><strong>feminam</strong></span> <span class='ocrx_word' id='word_1_567' title='bbox 3030 3486 3126 3527; x_wconf 91' lang='lat' dir='ltr'><strong>eos</strong></span> <span class='ocrx_word' id='word_1_568' title='bbox 3179 3470 3343 3528; x_wconf 89' lang='lat' dir='ltr'><strong>fecit:</strong></span> <span class='ocrx_word' id='word_1_569' title='bbox 3377 3491 3395 3525; x_wconf 75' lang='grc' dir='ltr'><strong>ι</strong></span> <span class='ocrx_word' id='word_1_570' title='bbox 3459 3487 3582 3542; x_wconf 69' lang='lat' dir='ltr'><strong>qua</strong></span> 
     </span>
    </p>
   </div>
   <div class='ocr_carea' id='block_1_68' title="bbox 2007 3560 3583 3635">
    <p class='ocr_par' dir='ltr' id='par_1_68' title="bbox 2007 3560 3583 3635">
     <span class='ocr_line' id='line_1_68' title="bbox 2007 3560 3583 3635; baseline 0.001 -19"><span class='ocrx_word' id='word_1_571' title='bbox 2007 3563 2251 3635; x_wconf 89' lang='lat' dir='ltr'><strong>profecto</strong></span> <span class='ocrx_word' id='word_1_572' title='bbox 2275 3563 2340 3616; x_wconf 91' lang='lat' dir='ltr'><strong>ad</strong></span> <span class='ocrx_word' id='word_1_573' title='bbox 2364 3563 2652 3631; x_wconf 91' lang='lat' dir='ltr'><strong>imaginem</strong></span> <span class='ocrx_word' id='word_1_574' title='bbox 2675 3560 2767 3617; x_wconf 91' lang='lat' dir='ltr'><strong>Dei</strong></span> <span class='ocrx_word' id='word_1_575' title='bbox 2793 3577 2899 3616; x_wconf 93' lang='lat' dir='ltr'><strong>non</strong></span> <span class='ocrx_word' id='word_1_576' title='bbox 2934 3569 3061 3617; x_wconf 92' lang='lat' dir='ltr'><strong>sunt</strong></span> <span class='ocrx_word' id='word_1_577' title='bbox 3085 3561 3388 3618; x_wconf 89' lang='lat' dir='ltr'><strong>referenda.</strong></span> <span class='ocrx_word' id='word_1_578' title='bbox 3414 3562 3583 3633; x_wconf 74' lang='lat' dir='ltr'><strong>Equi-</strong></span> 
     </span>
    </p>
   </div>
   <div class='ocr_carea' id='block_1_69' title="bbox 320 3651 1899 3744">
    <p class='ocr_par' dir='ltr' id='par_1_69' title="bbox 320 3652 1899 3726">
     <span class='ocr_line' id='line_1_69' title="bbox 320 3652 1899 3726; baseline 0.003 -21"><span class='ocrx_word' id='word_1_579' title='bbox 320 3652 629 3721; x_wconf 77' lang='grc' dir='ltr'>ἀσωμάτου</span> <span class='ocrx_word' id='word_1_580' title='bbox 656 3652 889 3720; x_wconf 79' lang='grc' dir='ltr'>φύσεως,</span> <span class='ocrx_word' id='word_1_581' title='bbox 929 3654 1022 3705; x_wconf 78' lang='grc' dir='ltr'>καὶ</span> <span class='ocrx_word' id='word_1_582' title='bbox 1059 3652 1157 3722; x_wconf 83' lang='grc' dir='ltr'>τῆς</span> <span class='ocrx_word' id='word_1_583' title='bbox 1207 3652 1404 3721; x_wconf 87' lang='grc' dir='ltr'>ἀλόγου</span> <span class='ocrx_word' id='word_1_584' title='bbox 1454 3656 1549 3708; x_wconf 77' lang='grc' dir='ltr'>καὶ</span> <span class='ocrx_word' id='word_1_585' title='bbox 1603 3655 1899 3726; x_wconf 86' lang='grc' dir='ltr'>κτηνώδους</span> 
     </span>
    </p>
   </div>
   <div class='ocr_carea' id='block_1_70' title="bbox 2001 3651 3584 3744">
    <p class='ocr_par' dir='ltr' id='par_1_70' title="bbox 2009 3651 3584 3721">
     <span class='ocr_line' id='line_1_70' title="bbox 2009 3651 3584 3721; baseline 0.001 -15"><span class='ocrx_word' id='word_1_586' title='bbox 2009 3652 2130 3706; x_wconf 82' lang='lat' dir='ltr'><strong>dem</strong></span> <span class='ocrx_word' id='word_1_587' title='bbox 2180 3652 2412 3721; x_wconf 85' lang='lat' dir='ltr'><strong>amplam</strong></span> <span class='ocrx_word' id='word_1_588' title='bbox 2460 3658 2641 3705; x_wconf 89' lang='lat' dir='ltr'><strong>statuo</strong></span> <span class='ocrx_word' id='word_1_589' title='bbox 2682 3659 2737 3705; x_wconf 92' lang='lat' dir='ltr'><strong>et</strong></span> <span class='ocrx_word' id='word_1_590' title='bbox 2780 3651 3004 3705; x_wconf 87' lang='lat' dir='ltr'><strong>arduam</strong></span> <span class='ocrx_word' id='word_1_591' title='bbox 3050 3652 3358 3707; x_wconf 88' lang='lat' dir='ltr'><strong>doctrinam</strong></span> <span class='ocrx_word' id='word_1_592' title='bbox 3407 3652 3463 3707; x_wconf 92' lang='lat' dir='ltr'><strong>in</strong></span> <span class='ocrx_word' id='word_1_593' title='bbox 3495 3652 3584 3708; x_wconf 89' lang='lat' dir='ltr'><strong>his</strong></span> 
     </span>
    </p>
   </div>
   <div class='ocr_carea' id='block_1_71' title="bbox 323 3742 1908 3817">
    <p class='ocr_par' dir='ltr' id='par_1_71' title="bbox 323 3742 1908 3817">
     <span class='ocr_line' id='line_1_71' title="bbox 323 3742 1908 3817; baseline 0.001 -20"><span class='ocrx_word' id='word_1_594' title='bbox 323 3742 493 3812; x_wconf 78' lang='grc' dir='ltr'>ζωῆς.</span> <span class='ocrx_word' id='word_1_595' title='bbox 539 3742 756 3807; x_wconf 76' lang='grc' dir='ltr'>Ἔξεστι</span> <span class='ocrx_word' id='word_1_596' title='bbox 791 3746 899 3815; x_wconf 82' lang='grc' dir='ltr'>γὰρ</span> <span class='ocrx_word' id='word_1_597' title='bbox 937 3745 1196 3815; x_wconf 79' lang='grc' dir='ltr'>ἑκατέρου</span> <span class='ocrx_word' id='word_1_598' title='bbox 1242 3743 1350 3798; x_wconf 83' lang='grc' dir='ltr'><strong>τῶν</strong></span> <span class='ocrx_word' id='word_1_599' title='bbox 1398 3744 1699 3817; x_wconf 82' lang='grc' dir='ltr'>εἰρημένων</span> <span class='ocrx_word' id='word_1_600' title='bbox 1740 3746 1798 3798; x_wconf 85' lang='grc' dir='ltr'>ὲν</span> <span class='ocrx_word' id='word_1_601' title='bbox 1830 3744 1908 3815; x_wconf 84' lang='grc' dir='ltr'>τῷ</span> 
     </span>
    </p>
   </div>
   <div class='ocr_carea' id='block_1_72' title="bbox 323 3834 1908 3907">
    <p class='ocr_par' dir='ltr' id='par_1_72' title="bbox 323 3834 1908 3907">
     <span class='ocr_line' id='line_1_72' title="bbox 323 3834 1908 3907; baseline 0.002 -20"><span class='ocrx_word' id='word_1_602' title='bbox 323 3834 652 3905; x_wconf 78' lang='grc' dir='ltr'>ἀνθρωπίνῳ</span> <span class='ocrx_word' id='word_1_603' title='bbox 694 3836 1023 3905; x_wconf 84' lang='grc' dir='ltr'>συγκρίματι</span> <span class='ocrx_word' id='word_1_604' title='bbox 1075 3836 1348 3907; x_wconf 79' lang='grc' dir='ltr'>θεωρῆσαι</span> <span class='ocrx_word' id='word_1_605' title='bbox 1393 3838 1492 3906; x_wconf 85' lang='grc' dir='ltr'>τὴν</span> <span class='ocrx_word' id='word_1_606' title='bbox 1537 3839 1765 3907; x_wconf 83' lang='grc' dir='ltr'>μοῖραν’</span> <span class='ocrx_word' id='word_1_607' title='bbox 1814 3836 1908 3890; x_wconf 82' lang='grc' dir='ltr'>τοῦ</span> 
     </span>
    </p>
   </div>
   <div class='ocr_carea' id='block_1_73' title="bbox 325 3924 1911 3998">
    <p class='ocr_par' dir='ltr' id='par_1_73' title="bbox 325 3924 1911 3998">
     <span class='ocr_line' id='line_1_73' title="bbox 325 3924 1911 3998; baseline 0.002 -21"><span class='ocrx_word' id='word_1_608' title='bbox 325 3924 427 3994; x_wconf 75' lang='grc' dir='ltr'>μὲν</span> <span class='ocrx_word' id='word_1_609' title='bbox 456 3926 606 3977; x_wconf 82' lang='grc' dir='ltr'>θείου</span> <span class='ocrx_word' id='word_1_610' title='bbox 634 3926 697 3978; x_wconf 83' lang='grc' dir='ltr'>τὸ</span> <span class='ocrx_word' id='word_1_611' title='bbox 728 3925 941 3994; x_wconf 83' lang='grc' dir='ltr'>λογικόν</span> <span class='ocrx_word' id='word_1_612' title='bbox 972 3944 1030 3979; x_wconf 86' lang='grc' dir='ltr'><strong>τε</strong></span> <span class='ocrx_word' id='word_1_613' title='bbox 1068 3928 1161 3980; x_wconf 79' lang='grc' dir='ltr'>καὶ</span> <span class='ocrx_word' id='word_1_614' title='bbox 1191 3927 1551 3998; x_wconf 85' lang='grc' dir='ltr'>διανοητικὸν,</span> <span class='ocrx_word' id='word_1_615' title='bbox 1582 3928 1610 3979; x_wconf 81' lang='grc' dir='ltr'>ὃ</span> <span class='ocrx_word' id='word_1_616' title='bbox 1636 3928 1735 3998; x_wconf 83' lang='grc' dir='ltr'>τὴν</span> <span class='ocrx_word' id='word_1_617' title='bbox 1771 3926 1911 3981; x_wconf 85' lang='grc' dir='ltr'><strong>κατά</strong></span> 
     </span>
    </p>
   </div>
   <div class='ocr_carea' id='block_1_74' title="bbox 322 4013 1910 4088">
    <p class='ocr_par' dir='ltr' id='par_1_74' title="bbox 322 4013 1910 4088">
     <span class='ocr_line' id='line_1_74' title="bbox 322 4013 1910 4088; baseline 0.001 -22"><span class='ocrx_word' id='word_1_618' title='bbox 322 4013 383 4065; x_wconf 76' lang='grc' dir='ltr'>τὸ</span> <span class='ocrx_word' id='word_1_619' title='bbox 412 4016 589 4085; x_wconf 81' lang='grc' dir='ltr'>ἀρῤεν</span> <span class='ocrx_word' id='word_1_620' title='bbox 630 4016 725 4068; x_wconf 76' lang='grc' dir='ltr'>καὶ</span> <span class='ocrx_word' id='word_1_621' title='bbox 772 4015 905 4087; x_wconf 75' lang='grc' dir='ltr'>θῆλυ</span> <span class='ocrx_word' id='word_1_622' title='bbox 952 4015 1214 4088; x_wconf 81' lang='grc' dir='ltr'>διαφορὰν</span> <span class='ocrx_word' id='word_1_623' title='bbox 1259 4016 1320 4068; x_wconf 84' lang='grc' dir='ltr'>οὐ</span> <span class='ocrx_word' id='word_1_624' title='bbox 1362 4016 1643 4087; x_wconf 84' lang='grc' dir='ltr'>προσίεται</span> <span class='ocrx_word' id='word_1_625' title='bbox 1668 4032 1681 4046; x_wconf 74' lang='grc' dir='ltr'>σ</span> <span class='ocrx_word' id='word_1_626' title='bbox 1728 4014 1821 4068; x_wconf 81' lang='grc' dir='ltr'>τοῦ</span> <span class='ocrx_word' id='word_1_627' title='bbox 1853 4015 1910 4069; x_wconf 88' lang='grc' dir='ltr'>δὲ</span> 
     </span>
    </p>
   </div>
   <div class='ocr_carea' id='block_1_75' title="bbox 324 4102 1910 4175">
    <p class='ocr_par' dir='ltr' id='par_1_75' title="bbox 324 4102 1910 4175">
     <span class='ocr_line' id='line_1_75' title="bbox 324 4102 1910 4175; baseline 0.002 -21"><span class='ocrx_word' id='word_1_628' title='bbox 324 4102 520 4170; x_wconf 78' lang='grc' dir='ltr'>ἀλόγου</span> <span class='ocrx_word' id='word_1_629' title='bbox 550 4104 652 4173; x_wconf 83' lang='grc' dir='ltr'>τὴν</span> <span class='ocrx_word' id='word_1_630' title='bbox 684 4104 1001 4173; x_wconf 81' lang='grc' dir='ltr'>σωματικὴν</span> <span class='ocrx_word' id='word_1_631' title='bbox 1029 4104 1370 4175; x_wconf 79' lang='grc' dir='ltr'>κατασκευὴν</span> <span class='ocrx_word' id='word_1_632' title='bbox 1399 4107 1493 4157; x_wconf 74' lang='grc' dir='ltr'>καὶ</span> <span class='ocrx_word' id='word_1_633' title='bbox 1518 4104 1802 4158; x_wconf 86' lang='grc' dir='ltr'>διάπλασιν</span> <span class='ocrx_word' id='word_1_634' title='bbox 1831 4107 1910 4169; x_wconf 90' lang='grc' dir='ltr'><strong>εἰς</strong></span> 
     </span>
    </p>
   </div>
   <div class='ocr_carea' id='block_1_76' title="bbox 326 4193 1911 4268">
    <p class='ocr_par' dir='ltr' id='par_1_76' title="bbox 326 4193 1911 4268">
     <span class='ocr_line' id='line_1_76' title="bbox 326 4193 1911 4268; baseline 0.003 -23"><span class='ocrx_word' id='word_1_635' title='bbox 326 4193 493 4263; x_wconf 76' lang='grc' dir='ltr'>ἄρρεν</span> <span class='ocrx_word' id='word_1_636' title='bbox 539 4211 602 4246; x_wconf 85' lang='grc' dir='ltr'><strong>τε</strong></span> <span class='ocrx_word' id='word_1_637' title='bbox 652 4195 747 4246; x_wconf 76' lang='grc' dir='ltr'>καὶ</span> <span class='ocrx_word' id='word_1_638' title='bbox 799 4195 932 4265; x_wconf 81' lang='grc' dir='ltr'>θῆλυ</span> <span class='ocrx_word' id='word_1_639' title='bbox 982 4194 1410 4265; x_wconf 79' lang='grc' dir='ltr'>μεμερισμένην.</span> <span class='ocrx_word' id='word_1_640' title='bbox 1474 4195 1773 4267; x_wconf 59' lang='grc' dir='ltr'>Ἑκάτερον,</span> <span class='ocrx_word' id='word_1_641' title='bbox 1805 4197 1911 4268; x_wconf 87' lang='grc' dir='ltr'><strong>γάρ</strong></span> 
     </span>
    </p>
   </div>
   <div class='ocr_carea' id='block_1_77' title="bbox 324 4282 1911 4354">
    <p class='ocr_par' dir='ltr' id='par_1_77' title="bbox 324 4282 1911 4354">
     <span class='ocr_line' id='line_1_77' title="bbox 324 4282 1911 4354; baseline 0.002 -20"><span class='ocrx_word' id='word_1_642' title='bbox 324 4282 529 4335; x_wconf 77' lang='grc' dir='ltr'>τούτων</span> <span class='ocrx_word' id='word_1_643' title='bbox 561 4284 683 4335; x_wconf 78' lang='grc' dir='ltr'>ἐστὶ</span> <span class='ocrx_word' id='word_1_644' title='bbox 715 4285 932 4347; x_wconf 81' lang='grc' dir='ltr'>πάντως</span> <span class='ocrx_word' id='word_1_645' title='bbox 969 4285 1027 4336; x_wconf 79' lang='grc' dir='ltr'>ὲν</span> <span class='ocrx_word' id='word_1_646' title='bbox 1057 4284 1222 4337; x_wconf 83' lang='grc' dir='ltr'>παντὶ</span> <span class='ocrx_word' id='word_1_647' title='bbox 1253 4284 1332 4353; x_wconf 82' lang='grc' dir='ltr'>τῷ</span> <span class='ocrx_word' id='word_1_648' title='bbox 1374 4284 1651 4353; x_wconf 83' lang='grc' dir='ltr'>μετέχοντι</span> <span class='ocrx_word' id='word_1_649' title='bbox 1682 4286 1783 4354; x_wconf 79' lang='grc' dir='ltr'>τῆς</span> <span class='ocrx_word' id='word_1_650' title='bbox 1817 4287 1911 4339; x_wconf 88' lang='grc' dir='ltr'>ἀν-</span> 
     </span>
    </p>
   </div>
   <div class='ocr_carea' id='block_1_78' title="bbox 326 4371 1914 4443">
    <p class='ocr_par' dir='ltr' id='par_1_78' title="bbox 326 4371 1914 4443">
     <span class='ocr_line' id='line_1_78' title="bbox 326 4371 1914 4443; baseline 0.002 -20"><span class='ocrx_word' id='word_1_651' title='bbox 326 4371 611 4443; x_wconf 82' lang='grc' dir='ltr'>θρωπίνης</span> <span class='ocrx_word' id='word_1_652' title='bbox 633 4372 799 4441; x_wconf 54' lang='grc' dir='ltr'><strong>ζωῆς</strong></span> <span class='ocrx_word' id='word_1_653' title='bbox 846 4372 1005 4424; x_wconf 82' lang='grc' dir='ltr'>Ἀλλά</span> <span class='ocrx_word' id='word_1_654' title='bbox 1036 4372 1387 4443; x_wconf 81' lang='grc' dir='ltr'>προτερεύειν</span> <span class='ocrx_word' id='word_1_655' title='bbox 1414 4373 1476 4425; x_wconf 83' lang='grc' dir='ltr'>τὸ</span> <span class='ocrx_word' id='word_1_656' title='bbox 1505 4373 1708 4443; x_wconf 79' lang='grc' dir='ltr'>νοερὸν,</span> <span class='ocrx_word' id='word_1_657' title='bbox 1732 4374 1914 4438; x_wconf 87' lang='grc' dir='ltr'>καθὼς</span> 
     </span>
    </p>
   </div>
   <div class='ocr_carea' id='block_1_79' title="bbox 331 4461 1914 4533">
    <p class='ocr_par' dir='ltr' id='par_1_79' title="bbox 331 4461 1914 4533">
     <span class='ocr_line' id='line_1_79' title="bbox 331 4461 1914 4533; baseline 0.001 -18"><span class='ocrx_word' id='word_1_658' title='bbox 331 4464 481 4533; x_wconf 74' lang='grc' dir='ltr'><strong>παρά</strong></span> <span class='ocrx_word' id='word_1_659' title='bbox 519 4461 619 4515; x_wconf 80' lang='grc' dir='ltr'><strong>τοῦ</strong></span> <span class='ocrx_word' id='word_1_660' title='bbox 664 4463 762 4533; x_wconf 80' lang='grc' dir='ltr'>τὴν</span> <span class='ocrx_word' id='word_1_661' title='bbox 805 4462 1247 4533; x_wconf 87' lang='grc' dir='ltr'>ἀνθρωπογονίαν</span> <span class='ocrx_word' id='word_1_662' title='bbox 1280 4465 1337 4516; x_wconf 81' lang='grc' dir='ltr'>ὲν</span> <span class='ocrx_word' id='word_1_663' title='bbox 1378 4463 1528 4527; x_wconf 80' lang='grc' dir='ltr'>τάξει</span> <span class='ocrx_word' id='word_1_664' title='bbox 1557 4463 1914 4528; x_wconf 82' lang='grc' dir='ltr'>διεξελθόντος</span> 
     </span>
    </p>
   </div>
   <div class='ocr_carea' id='block_1_80' title="bbox 330 4550 1913 4625">
    <p class='ocr_par' dir='ltr' id='par_1_80' title="bbox 330 4550 1913 4625">
     <span class='ocr_line' id='line_1_80' title="bbox 330 4550 1913 4625; baseline 0.001 -21"><span class='ocrx_word' id='word_1_665' title='bbox 330 4552 633 4623; x_wconf 75' lang='grc' dir='ltr'>ἐμάθομεν,</span> <span class='ocrx_word' id='word_1_666' title='bbox 688 4553 1185 4624; x_wconf 80' lang='grc' dir='ltr'>ὲπιγεννηματικὴν</span> <span class='ocrx_word' id='word_1_667' title='bbox 1230 4554 1287 4606; x_wconf 81' lang='grc' dir='ltr'>δὲ</span> <span class='ocrx_word' id='word_1_668' title='bbox 1338 4550 1476 4608; x_wconf 79' lang='grc' dir='ltr'>εἶναι</span> <span class='ocrx_word' id='word_1_669' title='bbox 1527 4554 1604 4624; x_wconf 83' lang='grc' dir='ltr'>τῷ</span> <span class='ocrx_word' id='word_1_670' title='bbox 1643 4554 1913 4625; x_wconf 80' lang='grc' dir='ltr'>ἀνθρώπῳ</span> 
     </span>
    </p>
   </div>
   <div class='ocr_carea' id='block_1_81' title="bbox 329 4643 1910 4714">
    <p class='ocr_par' dir='ltr' id='par_1_81' title="bbox 329 4643 1910 4714">
     <span class='ocr_line' id='line_1_81' title="bbox 329 4643 1910 4714; baseline 0.003 -20"><span class='ocrx_word' id='word_1_671' title='bbox 329 4644 426 4712; x_wconf 76' lang='grc' dir='ltr'>τὴν</span> <span class='ocrx_word' id='word_1_672' title='bbox 468 4644 612 4714; x_wconf 79' lang='grc' dir='ltr'>πρὸς</span> <span class='ocrx_word' id='word_1_673' title='bbox 659 4644 722 4696; x_wconf 80' lang='grc' dir='ltr'>τὸ</span> <span class='ocrx_word' id='word_1_674' title='bbox 762 4643 956 4712; x_wconf 72' lang='grc' dir='ltr'>ἄλογον</span> <span class='ocrx_word' id='word_1_675' title='bbox 1005 4644 1289 4699; x_wconf 84' lang='grc' dir='ltr'>κοινωνίαν</span> <span class='ocrx_word' id='word_1_676' title='bbox 1325 4660 1384 4696; x_wconf 86' lang='grc' dir='ltr'><strong>τε</strong></span> <span class='ocrx_word' id='word_1_677' title='bbox 1430 4644 1525 4697; x_wconf 77' lang='grc' dir='ltr'>καὶ</span> <span class='ocrx_word' id='word_1_678' title='bbox 1574 4646 1910 4712; x_wconf 83' lang='grc' dir='ltr'>συγγένειαν.</span> 
     </span>
    </p>
   </div>
   <div class='ocr_carea' id='block_1_82' title="bbox 331 4731 1912 4805">
    <p class='ocr_par' dir='ltr' id='par_1_82' title="bbox 331 4731 1912 4805">
     <span class='ocr_line' id='line_1_82' title="bbox 331 4731 1912 4805; baseline 0.001 -20"><span class='ocrx_word' id='word_1_679' title='bbox 331 4733 560 4802; x_wconf 82' lang='grc' dir='ltr'>Πρῶτον</span> <span class='ocrx_word' id='word_1_680' title='bbox 586 4735 684 4803; x_wconf 81' lang='grc' dir='ltr'>μὲν</span> <span class='ocrx_word' id='word_1_681' title='bbox 708 4731 822 4803; x_wconf 82' lang='grc' dir='ltr'>γάρ</span> <span class='ocrx_word' id='word_1_682' title='bbox 849 4750 1030 4805; x_wconf 83' lang='grc' dir='ltr'>φησιν,</span> <span class='ocrx_word' id='word_1_683' title='bbox 1063 4735 1145 4787; x_wconf 66' lang='grc' dir='ltr'>ὅτι</span> <span class='ocrx_word' id='word_1_684' title='bbox 1202 4752 1220 4785; x_wconf 81' lang='grc' dir='ltr'><strong>ι</strong></span> <span class='ocrx_word' id='word_1_685' title='bbox 1267 4734 1549 4805; x_wconf 84' lang='grc' dir='ltr'>Ἐποίησεν</span> <span class='ocrx_word' id='word_1_686' title='bbox 1580 4734 1608 4787; x_wconf 85' lang='grc' dir='ltr'><strong>ό</strong></span> <span class='ocrx_word' id='word_1_687' title='bbox 1634 4734 1764 4798; x_wconf 83' lang='grc' dir='ltr'>Θεὸς</span> <span class='ocrx_word' id='word_1_688' title='bbox 1795 4736 1912 4789; x_wconf 87' lang='grc' dir='ltr'>κατ’</span> 
     </span>
    </p>
   </div>
   <div class='ocr_carea' id='block_1_83' title="bbox 2013 3738 3583 3808">
    <p class='ocr_par' dir='ltr' id='par_1_83' title="bbox 2013 3738 3583 3808">
     <span class='ocr_line' id='line_1_83' title="bbox 2013 3738 3583 3808; baseline 0 -14"><span class='ocrx_word' id='word_1_689' title='bbox 2013 3741 2184 3805; x_wconf 89' lang='lat' dir='ltr'><strong>tradi,</strong></span> <span class='ocrx_word' id='word_1_690' title='bbox 2232 3740 2494 3793; x_wconf 89' lang='lat' dir='ltr'><strong>nimirum</strong></span> <span class='ocrx_word' id='word_1_691' title='bbox 2557 3738 2869 3808; x_wconf 88' lang='lat' dir='ltr'><strong>hujusmodi</strong></span> <span class='ocrx_word' id='word_1_692' title='bbox 2917 3739 3227 3808; x_wconf 88' lang='lat' dir='ltr'><strong>quamdam:</strong></span> <span class='ocrx_word' id='word_1_693' title='bbox 3286 3738 3428 3793; x_wconf 87' lang='lat' dir='ltr'><strong>Inter</strong></span> <span class='ocrx_word' id='word_1_694' title='bbox 3474 3740 3583 3794; x_wconf 89' lang='lat' dir='ltr'><strong>duo</strong></span> 
     </span>
    </p>
   </div>
   <div class='ocr_carea' id='block_1_84' title="bbox 2011 3828 3583 3895">
    <p class='ocr_par' dir='ltr' id='par_1_84' title="bbox 2011 3828 3583 3895">
     <span class='ocr_line' id='line_1_84' title="bbox 2011 3828 3583 3895; baseline -0.001 -8"><span class='ocrx_word' id='word_1_695' title='bbox 2011 3839 2253 3887; x_wconf 79' lang='lat' dir='ltr'><strong>extreme</strong></span> <span class='ocrx_word' id='word_1_696' title='bbox 2308 3828 2665 3895; x_wconf 82' lang='lat' dir='ltr'><strong>dissidentia,</strong></span> <span class='ocrx_word' id='word_1_697' title='bbox 2718 3839 2971 3884; x_wconf 89' lang='lat' dir='ltr'><strong>naturam</strong></span> <span class='ocrx_word' id='word_1_698' title='bbox 3039 3829 3288 3886; x_wconf 81' lang='lat' dir='ltr'><strong>videlicet</strong></span> <span class='ocrx_word' id='word_1_699' title='bbox 3343 3831 3583 3885; x_wconf 83' lang='lat' dir='ltr'><strong>divinam</strong></span> 
     </span>
    </p>
   </div>
   <div class='ocr_carea' id='block_1_85' title="bbox 2012 3922 3585 3992">
    <p class='ocr_par' dir='ltr' id='par_1_85' title="bbox 2012 3922 3585 3992">
     <span class='ocr_line' id='line_1_85' title="bbox 2012 3922 3585 3992; baseline 0.001 -13"><span class='ocrx_word' id='word_1_700' title='bbox 2012 3928 2402 3992; x_wconf 83' lang='lat' dir='ltr'><strong>expertemque</strong></span> <span class='ocrx_word' id='word_1_701' title='bbox 2426 3922 2697 3991; x_wconf 88' lang='lat' dir='ltr'><strong>corporis,</strong></span> <span class='ocrx_word' id='word_1_702' title='bbox 2726 3929 2781 3977; x_wconf 89' lang='lat' dir='ltr'><strong>et</strong></span> <span class='ocrx_word' id='word_1_703' title='bbox 2810 3923 3038 3977; x_wconf 88' lang='lat' dir='ltr'><strong>alteram</strong></span> <span class='ocrx_word' id='word_1_704' title='bbox 3064 3932 3341 3979; x_wconf 90' lang='lat' dir='ltr'><strong>carentem</strong></span> <span class='ocrx_word' id='word_1_705' title='bbox 3370 3928 3585 3980; x_wconf 91' lang='lat' dir='ltr'><strong>ratione</strong></span> 
     </span>
    </p>
   </div>
   <div class='ocr_carea' id='block_1_86' title="bbox 2014 4010 3584 4079">
    <p class='ocr_par' dir='ltr' id='par_1_86' title="bbox 2014 4010 3584 4079">
     <span class='ocr_line' id='line_1_86' title="bbox 2014 4010 3584 4079; baseline 0.001 -12"><span class='ocrx_word' id='word_1_706' title='bbox 2014 4028 2077 4067; x_wconf 92' lang='lat' dir='ltr'><strong>ac</strong></span> <span class='ocrx_word' id='word_1_707' title='bbox 2140 4012 2455 4079; x_wconf 88' lang='lat' dir='ltr'><strong>belluinam,</strong></span> <span class='ocrx_word' id='word_1_708' title='bbox 2513 4012 2753 4067; x_wconf 88' lang='lat' dir='ltr'><strong>medium</strong></span> <span class='ocrx_word' id='word_1_709' title='bbox 2801 4010 3074 4067; x_wconf 91' lang='lat' dir='ltr'><strong>hominem</strong></span> <span class='ocrx_word' id='word_1_710' title='bbox 3126 4028 3268 4069; x_wconf 92' lang='lat' dir='ltr'><strong>esse.</strong></span> <span class='ocrx_word' id='word_1_711' title='bbox 3319 4011 3452 4067; x_wconf 85' lang='lat' dir='ltr'><strong>Nam</strong></span> <span class='ocrx_word' id='word_1_712' title='bbox 3517 4012 3584 4068; x_wconf 91' lang='lat' dir='ltr'><strong>de</strong></span> 
     </span>
    </p>
   </div>
   <div class='ocr_carea' id='block_1_87' title="bbox 2014 4099 3586 4171">
    <p class='ocr_par' dir='ltr' id='par_1_87' title="bbox 2014 4099 3586 4171">
     <span class='ocr_line' id='line_1_87' title="bbox 2014 4099 3586 4171; baseline -0.001 -16"><span class='ocrx_word' id='word_1_713' title='bbox 2014 4110 2248 4170; x_wconf 91' lang='lat' dir='ltr'><strong>utroque</strong></span> <span class='ocrx_word' id='word_1_714' title='bbox 2282 4100 2336 4154; x_wconf 91' lang='lat' dir='ltr'><strong>in</strong></span> <span class='ocrx_word' id='word_1_715' title='bbox 2367 4101 2532 4169; x_wconf 89' lang='lat' dir='ltr'><strong>hujus</strong></span> <span class='ocrx_word' id='word_1_716' title='bbox 2566 4099 2786 4170; x_wconf 85' lang='lat' dir='ltr'><strong>opificio</strong></span> <span class='ocrx_word' id='word_1_717' title='bbox 2826 4101 3091 4156; x_wconf 83' lang='lat' dir='ltr'><strong>exsistere</strong></span> <span class='ocrx_word' id='word_1_718' title='bbox 3122 4103 3396 4170; x_wconf 87' lang='lat' dir='ltr'><strong>quiddam,</strong></span> <span class='ocrx_word' id='word_1_719' title='bbox 3430 4116 3586 4171; x_wconf 86' lang='lat' dir='ltr'><strong>pror-</strong></span> 
     </span>
    </p>
   </div>
   <div class='ocr_carea' id='block_1_88' title="bbox 2016 4189 3588 4253">
    <p class='ocr_par' dir='ltr' id='par_1_88' title="bbox 2016 4189 3588 4253">
     <span class='ocr_line' id='line_1_88' title="bbox 2016 4189 3588 4253; baseline -0.001 -5"><span class='ocrx_word' id='word_1_720' title='bbox 2016 4208 2111 4248; x_wconf 90' lang='lat' dir='ltr'><strong>sus</strong></span> <span class='ocrx_word' id='word_1_721' title='bbox 2148 4199 2233 4253; x_wconf 91' lang='lat' dir='ltr'><strong>est</strong></span> <span class='ocrx_word' id='word_1_722' title='bbox 2273 4191 2727 4247; x_wconf 89' lang='lat' dir='ltr'><strong>animadvertere.</strong></span> <span class='ocrx_word' id='word_1_723' title='bbox 2774 4189 2847 4245; x_wconf 91' lang='lat' dir='ltr'><strong>De</strong></span> <span class='ocrx_word' id='word_1_724' title='bbox 2885 4199 3081 4245; x_wconf 90' lang='lat' dir='ltr'><strong>natura</strong></span> <span class='ocrx_word' id='word_1_725' title='bbox 3110 4191 3314 4253; x_wconf 88' lang='lat' dir='ltr'><strong>divina,</strong></span> <span class='ocrx_word' id='word_1_726' title='bbox 3356 4192 3463 4245; x_wconf 85' lang='lat' dir='ltr'><strong>vim</strong></span> <span class='ocrx_word' id='word_1_727' title='bbox 3497 4206 3588 4246; x_wconf 84' lang='lat' dir='ltr'><strong>ra-</strong></span> 
     </span>
    </p>
   </div>
   <div class='ocr_carea' id='block_1_89' title="bbox 2014 4278 3588 4351">
    <p class='ocr_par' dir='ltr' id='par_1_89' title="bbox 2014 4278 3588 4351">
     <span class='ocr_line' id='line_1_89' title="bbox 2014 4278 3588 4351; baseline -0.002 -16"><span class='ocrx_word' id='word_1_728' title='bbox 2014 4282 2181 4337; x_wconf 90' lang='lat' dir='ltr'><strong>tionis</strong></span> <span class='ocrx_word' id='word_1_729' title='bbox 2210 4291 2263 4337; x_wconf 92' lang='lat' dir='ltr'><strong>et</strong></span> <span class='ocrx_word' id='word_1_730' title='bbox 2292 4280 2681 4351; x_wconf 64' lang='lat' dir='ltr'><strong>intelligentia,</strong></span> <span class='ocrx_word' id='word_1_731' title='bbox 2715 4293 2838 4348; x_wconf 71' lang='lat' dir='ltr'><strong>qua:</strong></span> <span class='ocrx_word' id='word_1_732' title='bbox 2866 4293 3030 4333; x_wconf 79' lang='lat' dir='ltr'><strong>sexus</strong></span> <span class='ocrx_word' id='word_1_733' title='bbox 3059 4278 3285 4333; x_wconf 90' lang='lat' dir='ltr'><strong>masculi</strong></span> <span class='ocrx_word' id='word_1_734' title='bbox 3326 4292 3400 4334; x_wconf 78' lang='lat' dir='ltr'><strong>ao</strong></span> <span class='ocrx_word' id='word_1_735' title='bbox 3428 4278 3588 4333; x_wconf 87' lang='lat' dir='ltr'><strong>femi-</strong></span> 
     </span>
    </p>
   </div>
   <div class='ocr_carea' id='block_1_90' title="bbox 2016 4366 3585 4437">
    <p class='ocr_par' dir='ltr' id='par_1_90' title="bbox 2016 4366 3585 4437">
     <span class='ocr_line' id='line_1_90' title="bbox 2016 4366 3585 4437; baseline -0.002 -9"><span class='ocrx_word' id='word_1_736' title='bbox 2016 4374 2106 4429; x_wconf 90' lang='lat' dir='ltr'><strong>nei</strong></span> <span class='ocrx_word' id='word_1_737' title='bbox 2157 4373 2453 4428; x_wconf 91' lang='lat' dir='ltr'><strong>discrimen</strong></span> <span class='ocrx_word' id='word_1_738' title='bbox 2504 4371 2715 4424; x_wconf 90' lang='lat' dir='ltr'><strong>nullum</strong></span> <span class='ocrx_word' id='word_1_739' title='bbox 2763 4368 2976 4437; x_wconf 88' lang='lat' dir='ltr'><strong>recipit,</strong></span> <span class='ocrx_word' id='word_1_740' title='bbox 3018 4368 3085 4422; x_wconf 90' lang='lat' dir='ltr'><strong>de</strong></span> <span class='ocrx_word' id='word_1_741' title='bbox 3121 4375 3313 4422; x_wconf 87' lang='lat' dir='ltr'><strong>natura</strong></span> <span class='ocrx_word' id='word_1_742' title='bbox 3359 4366 3585 4425; x_wconf 85' lang='lat' dir='ltr'><strong>rationis</strong></span> 
     </span>
    </p>
   </div>
   <div class='ocr_carea' id='block_1_91' title="bbox 2016 4458 3587 4535">
    <p class='ocr_par' dir='ltr' id='par_1_91' title="bbox 2016 4458 3587 4535">
     <span class='ocr_line' id='line_1_91' title="bbox 2016 4458 3587 4535; baseline -0.001 -16"><span class='ocrx_word' id='word_1_743' title='bbox 2016 4473 2261 4535; x_wconf 88' lang='lat' dir='ltr'><strong>experte,</strong></span> <span class='ocrx_word' id='word_1_744' title='bbox 2294 4469 2627 4517; x_wconf 87' lang='lat' dir='ltr'><strong>structuram</strong></span> <span class='ocrx_word' id='word_1_745' title='bbox 2657 4460 2800 4514; x_wconf 90' lang='lat' dir='ltr'><strong>hanc</strong></span> <span class='ocrx_word' id='word_1_746' title='bbox 2830 4458 3078 4530; x_wconf 89' lang='lat' dir='ltr'><strong>corporis</strong></span> <span class='ocrx_word' id='word_1_747' title='bbox 3102 4466 3155 4514; x_wconf 93' lang='lat' dir='ltr'><strong>et</strong></span> <span class='ocrx_word' id='word_1_748' title='bbox 3195 4459 3421 4514; x_wconf 88' lang='lat' dir='ltr'><strong>formam</strong></span> <span class='ocrx_word' id='word_1_749' title='bbox 3449 4474 3587 4519; x_wconf 79' lang='lat' dir='ltr'><strong>sexu</strong></span> 
     </span>
    </p>
   </div>
   <div class='ocr_carea' id='block_1_92' title="bbox 2015 4551 3587 4622">
    <p class='ocr_par' dir='ltr' id='par_1_92' title="bbox 2015 4551 3587 4622">
     <span class='ocr_line' id='line_1_92' title="bbox 2015 4551 3587 4622; baseline -0.001 -14"><span class='ocrx_word' id='word_1_750' title='bbox 2015 4553 2353 4609; x_wconf 88' lang='lat' dir='ltr'><strong>distinctam.</strong></span> <span class='ocrx_word' id='word_1_751' title='bbox 2406 4551 2712 4622; x_wconf 90' lang='lat' dir='ltr'><strong>Utrumque</strong></span> <span class='ocrx_word' id='word_1_752' title='bbox 2763 4552 2957 4605; x_wconf 89' lang='lat' dir='ltr'><strong>borum</strong></span> <span class='ocrx_word' id='word_1_753' title='bbox 3003 4551 3057 4605; x_wconf 92' lang='lat' dir='ltr'><strong>in</strong></span> <span class='ocrx_word' id='word_1_754' title='bbox 3091 4551 3333 4621; x_wconf 88' lang='lat' dir='ltr'><strong>quolibet</strong></span> <span class='ocrx_word' id='word_1_755' title='bbox 3367 4551 3587 4609; x_wconf 85' lang='lat' dir='ltr'><strong>homine</strong></span> 
     </span>
    </p>
   </div>
   <div class='ocr_carea' id='block_1_93' title="bbox 2013 4640 3588 4723">
    <p class='ocr_par' dir='ltr' id='par_1_93' title="bbox 2013 4640 3588 4723">
     <span class='ocr_line' id='line_1_93' title="bbox 2013 4640 3588 4723; baseline -0.001 -26"><span class='ocrx_word' id='word_1_756' title='bbox 2013 4652 2117 4698; x_wconf 89' lang='lat' dir='ltr'><strong>est.</strong></span> <span class='ocrx_word' id='word_1_757' title='bbox 2158 4642 2264 4698; x_wconf 88' lang='lat' dir='ltr'><strong>Sed</strong></span> <span class='ocrx_word' id='word_1_758' title='bbox 2310 4642 2547 4723; x_wconf 84' lang='lat' dir='ltr'><strong>priorem</strong></span> <span class='ocrx_word' id='word_1_759' title='bbox 2598 4640 2768 4697; x_wconf 92' lang='lat' dir='ltr'><strong>fuisse</strong></span> <span class='ocrx_word' id='word_1_760' title='bbox 2822 4641 2877 4695; x_wconf 93' lang='lat' dir='ltr'><strong>in</strong></span> <span class='ocrx_word' id='word_1_761' title='bbox 2926 4656 2991 4697; x_wconf 91' lang='lat' dir='ltr'><strong>eo</strong></span> <span class='ocrx_word' id='word_1_762' title='bbox 3024 4640 3337 4696; x_wconf 89' lang='lat' dir='ltr'><strong>facultatem</strong></span> <span class='ocrx_word' id='word_1_763' title='bbox 3385 4641 3588 4696; x_wconf 87' lang='lat' dir='ltr'><strong>intelli-</strong></span> 
     </span>
    </p>
   </div>
   <div class='ocr_carea' id='block_1_94' title="bbox 2013 4734 3587 4807">
    <p class='ocr_par' dir='ltr' id='par_1_94' title="bbox 2013 4734 3587 4807">
     <span class='ocr_line' id='line_1_94' title="bbox 2013 4734 3587 4807; baseline -0.003 -17"><span class='ocrx_word' id='word_1_764' title='bbox 2013 4734 2197 4807; x_wconf 90' lang='lat' dir='ltr'><strong>gendi,</strong></span> <span class='ocrx_word' id='word_1_765' title='bbox 2229 4734 2427 4790; x_wconf 89' lang='lat' dir='ltr'><strong>deinde</strong></span> <span class='ocrx_word' id='word_1_766' title='bbox 2452 4734 2769 4789; x_wconf 89' lang='lat' dir='ltr'><strong>societatem</strong></span> <span class='ocrx_word' id='word_1_767' title='bbox 2804 4734 3291 4803; x_wconf 80' lang='lat' dir='ltr'><strong>cognationemque</strong></span> <span class='ocrx_word' id='word_1_768' title='bbox 3327 4748 3451 4787; x_wconf 92' lang='lat' dir='ltr'><strong>cum</strong></span> <span class='ocrx_word' id='word_1_769' title='bbox 3485 4748 3587 4787; x_wconf 80' lang='lat' dir='ltr'><strong>na-</strong></span> 
     </span>
    </p>
   </div>
   <div class='ocr_carea' id='block_1_95' title="bbox 333 4822 1899 4893">
    <p class='ocr_par' dir='ltr' id='par_1_95' title="bbox 333 4822 1899 4893">
     <span class='ocr_line' id='line_1_95' title="bbox 333 4822 1899 4893; baseline 0.003 -19"><span class='ocrx_word' id='word_1_770' title='bbox 333 4822 521 4876; x_wconf 86' lang='grc' dir='ltr'>εἰκόνα</span> <span class='ocrx_word' id='word_1_771' title='bbox 568 4823 841 4877; x_wconf 78' lang='grc' dir='ltr'><strong>τοῦΘεοῦ</strong></span> <span class='ocrx_word' id='word_1_772' title='bbox 888 4825 979 4877; x_wconf 80' lang='grc' dir='ltr'>τὸν</span> <span class='ocrx_word' id='word_1_773' title='bbox 1012 4824 1316 4893; x_wconf 76' lang='grc' dir='ltr'>ἄνθρωπον,</span> <span class='ocrx_word' id='word_1_774' title='bbox 1360 4844 1379 4877; x_wconf 72' lang='grc' dir='ltr'><strong>ι</strong></span> <span class='ocrx_word' id='word_1_775' title='bbox 1415 4824 1627 4888; x_wconf 76' lang='grc' dir='ltr'>δεικνὺς</span> <span class='ocrx_word' id='word_1_776' title='bbox 1670 4824 1760 4878; x_wconf 84' lang='grc' dir='ltr'><strong>διά</strong></span> <span class='ocrx_word' id='word_1_777' title='bbox 1802 4825 1899 4878; x_wconf 55' lang='grc' dir='ltr'><strong>τῶι</strong></span> 
     </span>
    </p>
   </div>
   <div class='ocr_carea' id='block_1_96' title="bbox 2001 4822 3588 4893">
    <p class='ocr_par' dir='ltr' id='par_1_96' title="bbox 2017 4823 3588 4881">
     <span class='ocr_line' id='line_1_96' title="bbox 2017 4823 3588 4881; baseline -0.002 -1"><span class='ocrx_word' id='word_1_778' title='bbox 2017 4835 2139 4881; x_wconf 89' lang='lat' dir='ltr'><strong>tura</strong></span> <span class='ocrx_word' id='word_1_779' title='bbox 2178 4826 2390 4881; x_wconf 92' lang='lat' dir='ltr'><strong>ratione</strong></span> <span class='ocrx_word' id='word_1_780' title='bbox 2431 4833 2654 4880; x_wconf 90' lang='lat' dir='ltr'><strong>carente</strong></span> <span class='ocrx_word' id='word_1_781' title='bbox 2683 4826 2984 4881; x_wconf 86' lang='lat' dir='ltr'><strong>accessisse</strong></span> <span class='ocrx_word' id='word_1_782' title='bbox 3018 4843 3032 4880; x_wconf 90' lang='lat'><strong>:</strong></span> <span class='ocrx_word' id='word_1_783' title='bbox 3063 4840 3129 4880; x_wconf 89' lang='lat' dir='ltr'><strong>ex</strong></span> <span class='ocrx_word' id='word_1_784' title='bbox 3162 4831 3385 4879; x_wconf 91' lang='lat' dir='ltr'><strong>auctore</strong></span> <span class='ocrx_word' id='word_1_785' title='bbox 3416 4823 3588 4878; x_wconf 79' lang='lat' dir='ltr'><strong>histo-</strong></span> 
     </span>
    </p>
   </div>
   <div class='ocr_carea' id='block_1_97' title="bbox 333 4914 1899 4987">
    <p class='ocr_par' dir='ltr' id='par_1_97' title="bbox 333 4914 1899 4986">
     <span class='ocr_line' id='line_1_97' title="bbox 333 4914 1899 4986; baseline 0.003 -22"><span class='ocrx_word' id='word_1_786' title='bbox 333 4914 661 4983; x_wconf 74' lang='grc' dir='ltr'>εἰρημένων,</span> <span class='ocrx_word' id='word_1_787' title='bbox 710 4915 893 4979; x_wconf 88' lang='grc' dir='ltr'>καθώς</span> <span class='ocrx_word' id='word_1_788' title='bbox 938 4931 1101 4984; x_wconf 81' lang='grc' dir='ltr'>φησιν</span> <span class='ocrx_word' id='word_1_789' title='bbox 1144 4916 1173 4967; x_wconf 79' lang='grc' dir='ltr'><strong>ὁ</strong></span> <span class='ocrx_word' id='word_1_790' title='bbox 1229 4915 1566 4979; x_wconf 73' lang='grc' dir='ltr'>Ἀπόστολος,</span> <span class='ocrx_word' id='word_1_791' title='bbox 1605 4915 1686 4967; x_wconf 85' lang='grc' dir='ltr'>ὅτι</span> <span class='ocrx_word' id='word_1_792' title='bbox 1735 4916 1794 4968; x_wconf 81' lang='grc' dir='ltr'>ὲν</span> <span class='ocrx_word' id='word_1_793' title='bbox 1834 4914 1899 4986; x_wconf 71' lang='grc' dir='ltr'>τᾷ</span> 
     </span>
    </p>
   </div>
   <div class='ocr_carea' id='block_1_98' title="bbox 2001 4914 3582 4987">
    <p class='ocr_par' dir='ltr' id='par_1_98' title="bbox 2017 4917 3582 4987">
     <span class='ocr_line' id='line_1_98' title="bbox 2017 4917 3582 4987; baseline 0.001 -16"><span class='ocrx_word' id='word_1_794' title='bbox 2017 4918 2112 4972; x_wconf 67' lang='lat' dir='ltr'><strong>ria:</strong></span> <span class='ocrx_word' id='word_1_795' title='bbox 2162 4918 2231 4973; x_wconf 92' lang='lat' dir='ltr'><strong>de</strong></span> <span class='ocrx_word' id='word_1_796' title='bbox 2280 4926 2405 4972; x_wconf 89' lang='lat' dir='ltr'><strong>ortu</strong></span> <span class='ocrx_word' id='word_1_797' title='bbox 2464 4917 2722 4983; x_wconf 91' lang='lat' dir='ltr'><strong>hominis,</strong></span> <span class='ocrx_word' id='word_1_798' title='bbox 2784 4918 2979 4973; x_wconf 89' lang='lat' dir='ltr'><strong>ordine</strong></span> <span class='ocrx_word' id='word_1_799' title='bbox 3034 4917 3247 4987; x_wconf 86' lang='lat' dir='ltr'><strong>singula</strong></span> <span class='ocrx_word' id='word_1_800' title='bbox 3305 4924 3582 4983; x_wconf 87' lang='lat' dir='ltr'><strong>narrante,</strong></span> 
     </span>
    </p>
   </div>
   <div class='ocr_carea' id='block_1_99' title="bbox 334 4998 1899 5077">
    <p class='ocr_par' dir='ltr' id='par_1_99' title="bbox 334 5001 1899 5077">
     <span class='ocr_line' id='line_1_99' title="bbox 334 5001 1899 5077; baseline 0.001 -21"><span class='ocrx_word' id='word_1_801' title='bbox 334 5004 561 5074; x_wconf 75' lang='grc' dir='ltr'>τοιούτῳ</span> <span class='ocrx_word' id='word_1_802' title='bbox 597 5006 767 5077; x_wconf 76' lang='grc' dir='ltr'>ἄρρεν</span> <span class='ocrx_word' id='word_1_803' title='bbox 809 5007 903 5059; x_wconf 73' lang='grc' dir='ltr'>καὶ</span> <span class='ocrx_word' id='word_1_804' title='bbox 940 5006 1071 5077; x_wconf 79' lang='grc' dir='ltr'>θῆλυ</span> <span class='ocrx_word' id='word_1_805' title='bbox 1106 5006 1206 5059; x_wconf 81' lang='grc' dir='ltr'>οὐκ</span> <span class='ocrx_word' id='word_1_806' title='bbox 1233 5005 1399 5060; x_wconf 83' lang='grc' dir='ltr'>ἐστιν.</span> <span class='ocrx_word' id='word_1_807' title='bbox 1427 5001 1559 5059; x_wconf 74' lang='grc' dir='ltr'>Εἶτα</span> <span class='ocrx_word' id='word_1_808' title='bbox 1589 5006 1783 5073; x_wconf 75' lang='grc' dir='ltr'>ἐπάγει</span> <span class='ocrx_word' id='word_1_809' title='bbox 1815 5007 1899 5076; x_wconf 74' lang='grc' dir='ltr'>τῆς</span> 
     </span>
    </p>
   </div>
   <div class='ocr_carea' id='block_1_100' title="bbox 2001 4998 3585 5077">
    <p class='ocr_par' dir='ltr' id='par_1_100' title="bbox 2018 5006 3585 5073">
     <span class='ocr_line' id='line_1_100' title="bbox 2018 5006 3585 5073; baseline -0.003 -10"><span class='ocrx_word' id='word_1_810' title='bbox 2018 5006 2307 5065; x_wconf 81' lang='lat' dir='ltr'><strong>discimus.</strong></span> <span class='ocrx_word' id='word_1_811' title='bbox 2342 5007 2589 5061; x_wconf 87' lang='lat' dir='ltr'><strong>Primum</strong></span> <span class='ocrx_word' id='word_1_812' title='bbox 2616 5008 2761 5063; x_wconf 92' lang='lat' dir='ltr'><strong>enim</strong></span> <span class='ocrx_word' id='word_1_813' title='bbox 2812 5006 3001 5073; x_wconf 88' lang='lat' dir='ltr'><strong>tradit,</strong></span> <span class='ocrx_word' id='word_1_814' title='bbox 3035 5006 3200 5062; x_wconf 91' lang='lat' dir='ltr'><strong>Deum</strong></span> <span class='ocrx_word' id='word_1_815' title='bbox 3232 5020 3450 5062; x_wconf 80' lang='lat' dir='ltr'><strong>creasse</strong></span> <span class='ocrx_word' id='word_1_816' title='bbox 3486 5006 3585 5059; x_wconf 81' lang='lat' dir='ltr'><strong>ho-</strong></span> 
     </span>
    </p>
   </div>
   <div class='ocr_carea' id='block_1_101' title="bbox 338 5093 1899 5169">
    <p class='ocr_par' dir='ltr' id='par_1_101' title="bbox 338 5096 1899 5169">
     <span class='ocr_line' id='line_1_101' title="bbox 338 5096 1899 5169; baseline 0 -19"><span class='ocrx_word' id='word_1_817' title='bbox 338 5096 689 5167; x_wconf 81' lang='grc' dir='ltr'>ἀνθρωπίνης</span> <span class='ocrx_word' id='word_1_818' title='bbox 722 5097 935 5167; x_wconf 75' lang='grc' dir='ltr'>φύσεως</span> <span class='ocrx_word' id='word_1_819' title='bbox 966 5098 1036 5152; x_wconf 86' lang='grc' dir='ltr'><strong>τά</strong></span> <span class='ocrx_word' id='word_1_820' title='bbox 1086 5096 1369 5167; x_wconf 85' lang='grc' dir='ltr'>ἰδιώματα,</span> <span class='ocrx_word' id='word_1_821' title='bbox 1406 5096 1487 5149; x_wconf 79' lang='grc' dir='ltr'>ὅτι</span> <span class='ocrx_word' id='word_1_822' title='bbox 1523 5114 1542 5147; x_wconf 75' lang='grc' dir='ltr'><strong>ι</strong></span> <span class='ocrx_word' id='word_1_823' title='bbox 1584 5098 1786 5169; x_wconf 80' lang='grc' dir='ltr'>Ἀρρεν</span> <span class='ocrx_word' id='word_1_824' title='bbox 1819 5097 1899 5150; x_wconf 61' lang='grc' dir='ltr'>καῖ</span> 
     </span>
    </p>
   </div>
   <div class='ocr_carea' id='block_1_102' title="bbox 2001 5093 3587 5169">
    <p class='ocr_par' dir='ltr' id='par_1_102' title="bbox 2018 5093 3587 5169">
     <span class='ocr_line' id='line_1_102' title="bbox 2018 5093 3587 5169; baseline -0.003 -15"><span class='ocrx_word' id='word_1_825' title='bbox 2018 5100 2221 5154; x_wconf 87' lang='lat' dir='ltr'><strong>minem</strong></span> <span class='ocrx_word' id='word_1_826' title='bbox 2267 5098 2335 5152; x_wconf 89' lang='lat' dir='ltr'><strong>ad</strong></span> <span class='ocrx_word' id='word_1_827' title='bbox 2394 5099 2684 5169; x_wconf 90' lang='lat' dir='ltr'><strong>imaginem</strong></span> <span class='ocrx_word' id='word_1_828' title='bbox 2742 5112 2897 5154; x_wconf 88' lang='lat' dir='ltr'><strong>suam</strong></span> <span class='ocrx_word' id='word_1_829' title='bbox 2946 5116 2959 5153; x_wconf 91' lang='lat'><strong>:</strong></span> <span class='ocrx_word' id='word_1_830' title='bbox 3003 5098 3060 5153; x_wconf 91' lang='lat' dir='ltr'><strong>in</strong></span> <span class='ocrx_word' id='word_1_831' title='bbox 3114 5109 3223 5167; x_wconf 90' lang='lat' dir='ltr'><strong>quo</strong></span> <span class='ocrx_word' id='word_1_832' title='bbox 3282 5094 3425 5151; x_wconf 91' lang='lat' dir='ltr'><strong>idem</strong></span> <span class='ocrx_word' id='word_1_833' title='bbox 3474 5093 3587 5149; x_wconf 85' lang='lat' dir='ltr'><strong>vult</strong></span> 
     </span>
    </p>
   </div>
   <div class='ocr_carea' id='block_1_103' title="bbox 340 5183 1899 5259">
    <p class='ocr_par' dir='ltr' id='par_1_103' title="bbox 340 5183 1899 5259">
     <span class='ocr_line' id='line_1_103' title="bbox 340 5183 1899 5259; baseline 0.001 -18"><span class='ocrx_word' id='word_1_834' title='bbox 340 5186 470 5259; x_wconf 74' lang='grc' dir='ltr'>θῆλυ</span> <span class='ocrx_word' id='word_1_835' title='bbox 503 5188 763 5259; x_wconf 68' lang='grc' dir='ltr'>ἐποίησεν</span> <span class='ocrx_word' id='word_1_836' title='bbox 798 5189 1011 5257; x_wconf 84' lang='grc' dir='ltr'>αὐτούς.</span> <span class='ocrx_word' id='word_1_837' title='bbox 1056 5210 1077 5244; x_wconf 74' lang='grc' dir='ltr'><strong>ι</strong></span> <span class='ocrx_word' id='word_1_838' title='bbox 1119 5189 1184 5243; x_wconf 85' lang='grc' dir='ltr'><strong>Τί</strong></span> <span class='ocrx_word' id='word_1_839' title='bbox 1231 5183 1323 5242; x_wconf 81' lang='grc' dir='ltr'>οὖν</span> <span class='ocrx_word' id='word_1_840' title='bbox 1353 5187 1439 5242; x_wconf 85' lang='grc' dir='ltr'><strong>διὰ</strong></span> <span class='ocrx_word' id='word_1_841' title='bbox 1479 5186 1669 5241; x_wconf 80' lang='grc' dir='ltr'>τούτου</span> <span class='ocrx_word' id='word_1_842' title='bbox 1705 5186 1899 5257; x_wconf 81' lang='grc' dir='ltr'>μανθά-</span> 
     </span>
    </p>
   </div>
   <div class='ocr_carea' id='block_1_104' title="bbox 2001 5183 3585 5259">
    <p class='ocr_par' dir='ltr' id='par_1_104' title="bbox 2016 5184 3585 5257">
     <span class='ocr_line' id='line_1_104' title="bbox 2016 5184 3585 5257; baseline -0.004 -15"><span class='ocrx_word' id='word_1_843' title='bbox 2016 5187 2249 5252; x_wconf 81' lang='lat' dir='ltr'><strong>docere,</strong></span> <span class='ocrx_word' id='word_1_844' title='bbox 2303 5187 2448 5257; x_wconf 93' lang='lat' dir='ltr'><strong>quod</strong></span> <span class='ocrx_word' id='word_1_845' title='bbox 2502 5195 2558 5242; x_wconf 93' lang='lat' dir='ltr'><strong>et</strong></span> <span class='ocrx_word' id='word_1_846' title='bbox 2602 5184 2900 5257; x_wconf 85' lang='lat' dir='ltr'><strong>Apostolus</strong></span> <span class='ocrx_word' id='word_1_847' title='bbox 2951 5185 3171 5255; x_wconf 89' lang='lat' dir='ltr'><strong>scripsit</strong></span> <span class='ocrx_word' id='word_1_848' title='bbox 3191 5184 3275 5251; x_wconf 83' lang='lat'><strong>&quot;,</strong></span> <span class='ocrx_word' id='word_1_849' title='bbox 3315 5191 3585 5255; x_wconf 84' lang='lat' dir='ltr'><strong>quatenus</strong></span> 
     </span>
    </p>
   </div>
   <div class='ocr_carea' id='block_1_105' title="bbox 342 5272 1899 5356">
    <p class='ocr_par' dir='ltr' id='par_1_105' title="bbox 342 5277 1899 5356">
     <span class='ocr_line' id='line_1_105' title="bbox 342 5277 1899 5356; baseline 0 -24"><span class='ocrx_word' id='word_1_850' title='bbox 342 5292 538 5350; x_wconf 62' lang='lat' dir='ltr'><strong>vom;</strong></span> <span class='ocrx_word' id='word_1_851' title='bbox 577 5279 691 5333; x_wconf 80' lang='grc' dir='ltr'>Καί</span> <span class='ocrx_word' id='word_1_852' title='bbox 734 5297 822 5351; x_wconf 81' lang='grc' dir='ltr'><strong>μοι</strong></span> <span class='ocrx_word' id='word_1_853' title='bbox 872 5284 1059 5356; x_wconf 80' lang='grc' dir='ltr'>μηδεὶς</span> <span class='ocrx_word' id='word_1_854' title='bbox 1087 5279 1374 5352; x_wconf 83' lang='grc' dir='ltr'>νεμεσάτω</span> <span class='ocrx_word' id='word_1_855' title='bbox 1420 5277 1702 5350; x_wconf 74' lang='grc' dir='ltr'>πόρρωθεν</span> <span class='ocrx_word' id='word_1_856' title='bbox 1750 5295 1899 5349; x_wconf 84' lang='grc' dir='ltr'>προσ-</span> 
     </span>
    </p>
   </div>
   <div class='ocr_carea' id='block_1_106' title="bbox 2001 5272 3581 5356">
    <p class='ocr_par' dir='ltr' id='par_1_106' title="bbox 2022 5272 3581 5349">
     <span class='ocr_line' id='line_1_106' title="bbox 2022 5272 3581 5349; baseline -0.008 -15"><span class='ocrx_word' id='word_1_857' title='bbox 2022 5278 2200 5349; x_wconf 84' lang='lat' dir='ltr'><strong>imago</strong></span> <span class='ocrx_word' id='word_1_858' title='bbox 2234 5277 2329 5334; x_wconf 86' lang='lat' dir='ltr'><strong>Dei</strong></span> <span class='ocrx_word' id='word_1_859' title='bbox 2354 5279 2428 5335; x_wconf 88' lang='lat' dir='ltr'><strong>sit</strong></span> <span class='ocrx_word' id='word_1_860' title='bbox 2458 5278 2642 5348; x_wconf 88' lang='lat' dir='ltr'><strong>homo,</strong></span> <span class='ocrx_word' id='word_1_861' title='bbox 2671 5291 2837 5335; x_wconf 89' lang='lat' dir='ltr'><strong>sexus</strong></span> <span class='ocrx_word' id='word_1_862' title='bbox 2874 5278 2930 5333; x_wconf 90' lang='lat' dir='ltr'><strong>in</strong></span> <span class='ocrx_word' id='word_1_863' title='bbox 2953 5291 3022 5335; x_wconf 90' lang='lat' dir='ltr'><strong>eo</strong></span> <span class='ocrx_word' id='word_1_864' title='bbox 3048 5276 3344 5334; x_wconf 89' lang='lat' dir='ltr'><strong>discrimen</strong></span> <span class='ocrx_word' id='word_1_865' title='bbox 3380 5272 3581 5331; x_wconf 85' lang='lat' dir='ltr'><strong>nullum</strong></span> 
     </span>
    </p>
   </div>
   <div class='ocr_carea' id='block_1_107' title="bbox 414 5499 1847 5573">
    <p class='ocr_par' dir='ltr' id='par_1_107' title="bbox 414 5499 1847 5573">
     <span class='ocr_line' id='line_1_107' title="bbox 414 5499 1847 5573; baseline -0.001 -19"><span class='ocrx_word' id='word_1_866' title='bbox 414 5499 461 5534; x_wconf 76' lang='grc'>⁸⁸</span> <span class='ocrx_word' id='word_1_867' title='bbox 489 5499 625 5555; x_wconf 84' lang='lat' dir='ltr'><strong>Gen.</strong></span> <span class='ocrx_word' id='word_1_868' title='bbox 649 5516 686 5567; x_wconf 85' lang='grc' dir='ltr'><strong>ι,</strong></span> <span class='ocrx_word' id='word_1_869' title='bbox 720 5502 799 5563; x_wconf 79' lang='lat'><strong>27.</strong></span> <span class='ocrx_word' id='word_1_870' title='bbox 872 5514 1114 5573; x_wconf 66' lang='lat' dir='ltr'><strong>&quot;Galat.</strong></span> <span class='ocrx_word' id='word_1_871' title='bbox 1145 5520 1233 5568; x_wconf 84' lang='lat' dir='ltr'><strong>In,</strong></span> <span class='ocrx_word' id='word_1_872' title='bbox 1264 5500 1355 5554; x_wconf 68' lang='lat'><strong>28.</strong></span> <span class='ocrx_word' id='word_1_873' title='bbox 1408 5501 1451 5533; x_wconf 82' lang='grc'><strong>⁸⁸</strong></span> <span class='ocrx_word' id='word_1_874' title='bbox 1479 5499 1607 5555; x_wconf 84' lang='lat' dir='ltr'><strong>ibid.</strong></span> <span class='ocrx_word' id='word_1_875' title='bbox 1638 5499 1706 5553; x_wconf 77' lang='lat'><strong>9.6</strong></span> <span class='ocrx_word' id='word_1_876' title='bbox 1730 5515 1847 5570; x_wconf 86' lang='lat' dir='ltr'><strong>sqq.</strong></span> 
     </span>
    </p>
   </div>
  </div>
