4088 6210
506 177 607 231 185

1729 181 1784 236 S.
1816 177 2146 238 GREGORII
2204 181 2250 237 Ν
2255 181 2531 240 γεεΕΝικ

3656 186 3763 241 184

501 304 646 346 esse.
682 289 886 346 Deinde
916 291 1390 377 naturwhominis
1417 294 1674 349 attributa
1698 298 1919 366 propria
1944 297 2075 354 sub-

2180 281 2360 368 ἀγόντι
2390 302 2481 354 τὸν
2510 300 2665 370 λόγον
2711 299 2788 371 τῷ
2835 299 3180 371 προκειμένῳ
3211 293 3468 371 νοήματιο
3517 299 3649 364 Θεὸς
3684 303 3760 373 τῇ
3848 308 3851 311 ’

499 382 618 451 jicit
648 380 895 436 :Marem
936 381 1303 454 feminamque
1347 387 1474 441 fecit
1517 402 1632 442 eos.
1664 386 1805 453 Quid
1847 404 1978 458 ergo
2011 389 2079 445 de

505 473 606 524 hoc
631 468 951 524 discendum
983 472 1142 527 nobis
1170 474 1292 528 est?
1326 473 1593 544 Equidem
1630 474 1763 528 mihi
1803 477 2076 531 neminem

505 561 668 616 irasci
718 561 864 621 volo.
921 563 1088 618 altius
1134 580 1249 619 rem
1298 581 1420 635 quae
1471 567 1526 620 in
1585 567 2077 622 considerationem

505 651 671 713 venit,
711 654 993 721 repetenti.
1042 653 1183 709 Deus
1227 662 1422 710 natura
1471 670 1570 710 sua
1611 656 1718 710 tale
1767 671 1830 710 ac
1869 663 2079 710 tantum

501 742 772 811 quoddam
803 744 1003 798 bonum
1028 755 1132 810 est,
1155 753 1418 814 quantum
1446 746 1556 799 ulla
1579 746 1909 816 cogitatione
1936 761 2080 801 com-

503 833 765 902 prehendi
820 837 1149 903 potestzvel
1205 837 1386 906 potius
1436 837 1604 892 etiam
1659 852 1821 893 omne
1871 839 2078 893 bonum

501 925 646 993 quod
713 925 1068 996 intelligendo
1127 928 1487 997 cogitandove
1553 928 2074 998 comprehenditur,

501 1024 816 1085 exsuperat.
864 1017 1051 1088 Itaque
1089 1025 1341 1075 naturam
1374 1019 1672 1076 humanam
1713 1037 1821 1077 non
1874 1023 1981 1077 alia
2010 1021 2078 1076 de

503 1123 666 1163 causa
709 1108 972 1173 condidit,
1018 1125 1180 1180 quam
1215 1110 1361 1179 quod
1404 1111 1584 1171 bonus
1635 1121 1800 1169 esset.
1835 1113 2079 1184 Cumque

501 1200 628 1256 talis
676 1209 843 1267 esset,
893 1209 948 1256 et
989 1216 1151 1255 unam
1202 1203 1343 1257 hanc
1394 1203 1464 1258 ob
1515 1218 1736 1259 causam
1785 1203 1852 1259 ad
1908 1204 2076 1259 fabri-

503 1292 771 1348 cationem
824 1292 1073 1348 humanae
1114 1302 1321 1347 naturae
1355 1294 1703 1360 accessisset,
1737 1311 1850 1349 non
1888 1311 1956 1348 ex
1989 1310 2078 1350 se-

501 1383 668 1437 misse
720 1383 827 1437 vim
876 1373 1166 1442 bonitatis,
1211 1400 1323 1439 sure
1384 1386 1665 1441 declarare
1724 1387 1936 1452 voluit,
2001 1387 2076 1442 ita

503 1479 561 1523 ut
606 1473 856 1526 nonnihil
902 1474 1110 1528 homini
1164 1489 1389 1530 suorum
1431 1477 1699 1532 bonorum
1748 1480 2074 1550 largiretur,

504 1563 751 1616 nonnihil
788 1578 911 1618 cum
961 1579 1024 1622 eo
1079 1580 1148 1620 ne
1185 1567 1636 1634 communicaret,
1689 1569 1893 1623 invidia
1936 1585 2076 1639 prae-

500 1655 797 1722 pediretur.
847 1655 1092 1713 Perfecte
1132 1658 1394 1714 nimirum
1450 1675 1510 1714 se
1560 1660 1764 1714 bonum
1818 1662 2078 1726 ostendit,

501 1761 623 1798 eum
703 1747 974 1803 hominem
1061 1749 1128 1802 de
1207 1749 1382 1804 nihilo
1441 1752 1740 1817 conderet,
1822 1753 2081 1824 omnique

501 1834 770 1888 honorum
817 1837 973 1906 copia
1024 1837 1339 1894 instrueret.
1378 1840 1510 1906 Qua:
1557 1856 1680 1896 cum
1732 1842 1867 1898 adeo
1912 1843 2081 1897 multa

499 1925 610 1981 sint
653 1941 900 1991 numero,
941 1934 1001 1982 ut
1045 1930 1317 1986 recenseri
1352 1931 1564 2002 singula
1603 1934 2081 1990 commemorando

500 2015 785 2072 .lilliculter
835 2021 1093 2089 possint:
1126 2021 1332 2076 idcirco
1390 2023 1628 2079 breviter
1682 2025 1941 2081 universa
1991 2025 2080 2080 his

499 2107 680 2163 verbis
728 2110 1286 2178 comprehenduntur,
1321 2114 1524 2184 quibus
1575 2115 1737 2170 homo
1767 2117 1834 2170 ad
1885 2117 2080 2187 imagi-

501 2214 623 2252 nem
663 2198 754 2253 Dei
783 2199 962 2255 factus
992 2217 1115 2257 esse
1161 2202 1382 2258 dicitur.
1411 2204 1604 2262 Valent
1646 2207 1790 2262 enim
1824 2209 1915 2262 illa
1959 2217 2082 2262 tan-

503 2289 764 2354 tumdem,
797 2305 862 2344 ac
901 2293 946 2345 si
972 2292 1268 2359 diceretur,
1306 2305 1557 2350 naturam
1584 2297 1879 2351 humanam
1908 2314 1938 2352 a
1973 2299 2081 2354 Deo

503 2383 554 2436 in
585 2381 828 2438 omnium
853 2381 1126 2439 bonorum
1156 2385 1472 2442 societatem
1498 2395 1745 2443 vocatam
1775 2404 1914 2444 esse.
1945 2388 2081 2444 Nam

501 2472 544 2526 si
582 2470 677 2526 Dei
709 2483 899 2530 natura
932 2476 1173 2544 perlecta
1203 2477 1448 2549 quaedam
1487 2481 1642 2550 copia
1683 2487 1768 2536 est
1809 2482 2080 2536 bonorum

499 2557 806 2636 omnium,_
849 2566 1013 2622 homo
1072 2575 1250 2623 autem
1303 2571 1423 2639 ejus
1478 2580 1564 2628 est
1631 2574 1809 2645 imago
1865 2593 1878 2629 :
1938 2574 2080 2630 haud

500 2660 662 2715 dubie
717 2661 1071 2717 simulacrum
1135 2663 1238 2718 hoc
1304 2663 1400 2719 Dei
1465 2666 1719 2737 princeps
1774 2669 2079 2738 exemplum

501 2752 572 2804 ita
626 2751 861 2819 referet,
919 2760 979 2806 ut
1044 2761 1098 2808 et
1153 2753 1334 2824 ipsum
1384 2755 1544 2811 bonis
1576 2744 1852 2813 omnibus
1905 2759 2083 2813 abun-

499 2839 609 2893 det.
669 2838 857 2909 Itaque
919 2841 976 2894 in
1038 2841 1199 2897 nobis
1266 2851 1350 2898 est
1403 2859 1666 2913 expressa
1733 2847 1915 2903 omnis
1979 2847 2081 2902 ho-

2181 388 2378 442 ὲαυτοῦ
2411 387 2571 460 φύσει
2606 390 2714 444 πᾶν
2751 390 2834 442 ὅτι
2868 405 2974 459 περ
3011 388 3131 442 ἔστι
3179 391 3297 442 κατ’
3327 389 3536 443 ἔννοιαν
3574 391 3765 446 λαϐεῖν

2180 478 2398 547 ἀγαθὸν,
2450 479 2626 532 ἐκεῖνό
2673 480 2820 533 ἐστιν
2861 479 3058 549 μᾶλλον
3091 478 3150 531 δὲ
3180 478 3380 542 παντὸς
3408 478 3614 547 ἀγαθοῦ
3660 481 3761 534 τοῦ

2179 565 2468 636 νοουμένου
2518 583 2576 620 τε
2622 569 2716 621 καὶ
2761 567 3309 637 καταλαμϐανομένου
3349 567 3609 620 ἐπέκεινα
3652 567 3759 633 ὢν,

2179 659 2240 711 οὐ
2267 659 2335 711 δι’
2363 658 2494 712 ἄλλο.
2528 677 2579 712 τι
2608 659 2780 724 κτίζει
2811 660 2912 730 τὴν
2943 659 3291 730 ἀνθρωπίνην
3319 659 3485 730 ζωὴν,
3522 661 3555 731 ἧ
3586 660 3676 712 διὰ
3697 659 3763 714 τὸ

2178 748 2381 817 ἀγαθὸς
2426 745 2582 802 εἶναι.
2633 749 2884 814 Τοιοῦτος
2926 749 2982 802 δὲ
3021 750 3115 812 ὢν,
3152 749 3247 801 καὶ
3281 748 3370 801 διά
3420 749 3578 802 τοῦτο
3621 749 3763 820 πρὸς

2178 839 2277 910 τὴν
2304 839 2660 911 δημιουργίαν
2690 841 2790 911 τῆς
2836 841 3185 911 ἀνθρωπίνης
3228 839 3441 908 φύσεως
3481 842 3798 911 ὁρμήσας..

2179 932 2278 984 οὐκ
2298 930 2364 984 ἂν
2391 931 2622 1002 ἡμιτελῆ
2649 931 2747 1003 τὴν
2773 933 2872 1002 τῆς
2904 931 3238 1001 ἀγαθότητος
3266 930 3566 996 ἐνεδείξατο
3593 931 3763 984 δύνα-

2182 1039 2294 1094 μιν,
2331 1023 2392 1074 τὸ
2437 1022 2534 1092 μέν
2571 1040 2621 1074 τι
2648 1021 2769 1085 δοὺς
2809 1023 2874 1074 ὲκ
2899 1021 3006 1073 τῶν
3040 1021 3346 1091 προσόντων
3373 1019 3538 1089 αὐτῷ,
3572 1018 3667 1072 τοῦ
3701 1020 3766 1072 δὲ

2180 1113 2451 1186 φθονήσας
2476 1114 2574 1183 τῆς
2620 1112 2935 1183 μετουσίας’
2983 1110 3118 1163 ἀλλά
3154 1110 3215 1162 τὸ
3246 1108 3450 1162 τέλειον
3485 1109 3584 1178 τῆς
3615 1110 3761 1177 ἀγα-

2181 1205 2401 1275 θὸτητος
2432 1203 2566 1267 εἶδος
2604 1205 2661 1256 ὲν
2687 1203 2860 1273 τούτῳ
2891 1203 3060 1265 ἐστὶν,
3087 1201 3158 1255 εκ
3180 1201 3272 1253 τοῦ
3304 1202 3397 1254 καὶ
3417 1203 3765 1271 παραγαγεῖν

2177 1297 2269 1351 τὸν
2298 1295 2582 1366 ἄνθρωπον
2608 1298 2670 1348 ἐκ
2696 1295 2788 1347 τοῦ
2818 1295 2890 1365 μὴ
2916 1294 3064 1356 ὄντος
3099 1295 3178 1356 είς
3215 1293 3449 1361 γένεσιν,
3486 1292 3580 1345 καὶ
3603 1294 3765 1345 ἀνεν-

2177 1385 2270 1456 δεῆ
2299 1385 2406 1438 τῶν
2429 1384 2648 1453 ἀγαθῶν
2676 1384 3114 1455 ἀπεργάσασθαι.
3187 1384 3338 1436 Ἐπεὶ
3366 1383 3422 1436 δὲ
3456 1383 3622 1445 πολὺς
3648 1383 3762 1435 τῶν

2179 1476 2300 1535 καθ’
2329 1476 2557 1530 ἕκαστον
2601 1475 2818 1544 ἀγαθῶν
2863 1476 2891 1526 ό
2921 1476 3240 1542 κατάλογος,
3272 1474 3330 1526 ού
3366 1475 3463 1544 μὲν
3493 1468 3582 1526 οὖν
3611 1473 3762 1526 ἐστιν

2181 1567 2395 1639 ἀριθμῷ
2429 1567 2624 1640 ῥᾳδίως
2671 1565 2858 1620 τοῦτον
2905 1565 3193 1618 διαλαϐεῖν.
3250 1565 3348 1618 Διά
3398 1565 3556 1617 τοῦτο
3606 1581 3764 1634 περι-

2181 1660 2417 1730 ληπτικῇ
2448 1661 2514 1730 τῇ
2553 1662 2701 1730 φωνῇ
2733 1658 2948 1714 ἅπαντα
2982 1657 3257 1710 συλλαϐὼν
3299 1659 3326 1709 ό
3361 1656 3516 1724 λόγος
3550 1657 3762 1726 ἐσήμα-

2183 1769 2290 1816 νεν,
2323 1751 2377 1803 ἐν
2403 1749 2481 1820 τῷ
2532 1752 2724 1808 εἰπεῖν,
2760 1749 2880 1804 κατ’
2908 1749 3088 1802 εἰκόνα
3126 1748 3260 1801 Θεοῦ
3297 1748 3622 1818 γεγενῆσθαι
3669 1749 3763 1801 τὸν

2182 1842 2485 1915 ἄνθρωπον.
2517 1836 2666 1894 Ἷσον
2704 1841 2813 1911 γάρ
2847 1842 2962 1892 ἐστι
2988 1839 3146 1893 τοῦτο
3176 1839 3253 1910 τῷ
3282 1841 3475 1898 εἰπεῖν,
3510 1840 3591 1892 ὅτι
3619 1856 3761 1891 παν-

2183 1935 2272 1997 τὸς
2304 1933 2507 2003 ἀγαθοῦ
2544 1933 2767 2003 μέτοχον
2796 1931 2894 2003 τὴν
2923 1931 3272 2002 ἀνθρωπίνην
3298 1931 3456 1999 φύσιν
3481 1930 3758 2000 ἐποίησεν.

2185 2028 2245 2084 Εἰ
2284 2025 2392 2096 γάρ
2439 2024 2708 2094 πλήρωμα
2753 2021 2852 2092 μὲν
2886 2021 3105 2090 ἀγαθῶν
3149 2021 3209 2077 τὸ
3239 2023 3410 2083 Θεῖον,
3462 2020 3670 2073 ἐκείνου
3705 2021 3764 2073 δὲ

2183 2117 2339 2170 τοῦτο
2371 2115 2532 2169 είκὼν
2553 2131 2565 2143 °
2596 2115 2681 2185 ἄρ’
2707 2115 2763 2166 ἐν
2793 2112 2872 2184 τῷ
2903 2112 3107 2183 πλῆρες
3138 2107 3276 2165 εἶναι
3310 2114 3508 2174 παντὸς
3529 2110 3760 2179 ἀγαθοῦ,

2183 2208 2318 2278 πρὸς
2363 2206 2424 2259 τὸ
2478 2206 2786 2276 ἀρχέτυπον
2836 2206 2870 2275 ἡ
2917 2203 3081 2257 εἰκὼν
3133 2201 3246 2274 ἔχει
3305 2203 3398 2275 τὴν
3445 2203 3758 2273 ὁμοιότητα.

2165 2297 2391 2351 -Ούκοῦν
2433 2298 2582 2348 ἐστιν
2616 2297 2671 2347 ὲν
2697 2298 2830 2366 ἡμῖν
2869 2295 3068 2358 παντὸς
3100 2295 3198 2364 μὲν
3240 2294 3406 2348 καλοῦ
3441 2294 3570 2360 ἰδέα,
3609 2297 3760 2349 πᾶσα

2182 2388 2238 2441 δὲ
2285 2387 2452 2460 ἀρετὴ
2507 2388 2600 2440 καὶ
2648 2386 2829 2454 σοφία,
2870 2386 2963 2439 καὶ
3009 2390 3116 2439 πᾶν
3161 2386 3350 2458 ὅτιπέρ
3381 2388 3494 2439 ἐστι
3531 2386 3668 2458 πρὸς
3699 2385 3762 2438 τὸ

2183 2483 2428 2550 κρεῖττον
2467 2479 2777 2549 νοούμενον.
2825 2479 2920 2530 Ἓν
2946 2478 3002 2530 δὲ
3031 2477 3138 2530 τῶν
3166 2478 3379 2530 πάντων
3406 2478 3497 2531 καὶ
3527 2477 3586 2529 τὸ
3613 2476 3763 2530 ἐλεύ-

2185 2572 2340 2643 θερον
2369 2571 2613 2640 ἀνάγκης
2641 2565 2798 2635 εἶναι,
2830 2570 2922 2622 καὶ
2956 2568 3031 2639 μὴ
3065 2568 3398 2639 ὑπεζεῦχθαί
3429 2587 3531 2622 τινι
3557 2569 3760 2639 φυσικῇ

2183 2662 2509 2732 δυναστείᾳ·
2560 2661 2674 2714 ἀλλ’
2718 2660 3066 2726 αὐτεξούσιον
3112 2660 3248 2730 πρὸς
3285 2660 3346 2713 τὸ
3388 2658 3576 2713 δοκοῦν
3615 2659 3764 2729 ἔχειν

2182 2749 2279 2821 τὴν
2309 2748 2553 2820 γνώμην.
2602 2748 2918 2801 Ἀδέσποτον
2950 2751 3058 2819 γὰρ
3093 2766 3144 2801 τι
3179 2749 3363 2819 χρῆμα
3395 2750 3427 2819 ἡ
3457 2748 3626 2818 ἁρετὴ
3671 2749 3766 2800 καὶ

2184 2840 2449 2904 ἑκούσιον,
2495 2839 2556 2892 τὸ
2601 2839 2656 2892 δὲ
2705 2839 3224 2909 κατηναγκασμένον
3268 2838 3361 2892 καὶ
3407 2837 3765 2908 βεϐιασμένον

498 2929 642 2984 nesti
673 2930 907 3000 species,
938 2933 1118 2988 omnis
1155 2934 1353 3000 virtus,
1390 2937 1571 2993 omnis
1595 2937 1882 3005 sapientia,
1916 2938 2077 3008 quid-

2184 2933 2352 3003 ἀρετὴ
2373 2929 2512 2985 εἶναι
2538 2932 2596 2986 οὑ
2626 2931 2867 2986 δύναται.
2916 2932 3004 2985 Ἐν
3040 2934 3172 2984 πᾶσι
3204 2932 3380 2985 τοίνυν
3413 2932 3513 3002 τῆς
3555 2931 3765 2996 εἰκόνος

497 3018 631 3088 quid
697 3019 935 3090 denique
993 3024 1508 3092 prarstantissimum
1573 3027 1966 3096 comprehendi
2025 3026 2080 3082 vi

500 3111 874 3182 intelligentiae
944 3122 1144 3184 potest.
1207 3115 1384 3185 Atque
1434 3117 1576 3170 inter
1637 3126 1831 3172 canem
1887 3127 1970 3173 est
2025 3117 2081 3171 in

498 3202 657 3258 nobis
688 3203 938 3269 libertas,
976 3221 1096 3278 qua:
1129 3207 1276 3262 nulla
1319 3208 1664 3263 necessitatis
1701 3209 1816 3278 lege
1844 3215 2078 3271 tenetur,

499 3297 700 3352 nullius
733 3297 788 3352 in
817 3307 1010 3352 natura
1045 3298 1506 3369 dominatusjugo
1531 3299 1803 3369 subjecta,
1839 3301 1932 3354 sed
1959 3317 2081 3370 quae

495 3387 702 3457 judicio
728 3395 878 3443 certo
905 3397 959 3443 et
989 3388 1270 3446 liberrimo
1293 3390 1440 3460 quod
1473 3392 1588 3445 vult
1625 3392 1793 3463 eligit.
1816 3391 1910 3446 Est
1935 3393 2078 3446 enim

499 3481 673 3536 virtus
729 3495 842 3536 suae
893 3482 1136 3550 spontis,
1194 3482 1402 3538 nullius
1461 3482 1690 3552 imperio
1747 3483 2075 3552 mancipata.

499 3574 654 3641 Quod
683 3581 865 3630 autem
891 3589 922 3628 a
947 3574 1275 3629 necessitate
1301 3573 1534 3643 quadam
1576 3573 1904 3629 violentiave
1929 3573 2079 3644 cogi-

499 3672 608 3727 tur,
648 3663 838 3719 virtuti
887 3671 1318 3719 consentaneum
1375 3679 1499 3719 esse
1555 3665 1765 3734 nequit.
1823 3664 1979 3733 Quod
2031 3665 2098 3736 si,

499 3767 663 3823 porro
690 3753 876 3824 imago
899 3769 1215 3824 expressam
1264 3755 1692 3825 pulchritudinis
1742 3759 1796 3812 in
1829 3759 2079 3829 exemplo

501 3844 744 3915 principe
797 3846 1027 3917 ﬁguram
1089 3847 1162 3901 ita
1197 3855 1571 3918 repraasentet,
1630 3856 1690 3903 ut
1742 3850 1880 3904 nihil
1912 3850 1981 3904 ab
2013 3865 2078 3906 ea

501 3952 726 4006 prorsus
757 3938 992 4002 dill‘erat,
1018 3955 1126 3993 non
1157 3938 1270 4008 jam
1301 3940 1448 3994 illam
1475 3941 1768 4012 imaginem
1797 3941 1937 4004 fore,
1971 3941 2068 3998 sed

501 4027 672 4097 ipsam
705 4028 1060 4099 eamdemque
1104 4046 1238 4093 rem,
1304 4046 1425 4100 qua:
1478 4033 1625 4085 nulla
1661 4033 1745 4086 sui
1801 4042 1958 4103 parte
1990 4033 2076 4089 di-

499 4119 680 4178 scerni
715 4135 746 4174 a
773 4120 954 4190 seipsa
985 4121 1180 4190 possit.
1217 4121 1358 4188 Quid
1394 4122 1559 4192 igitur
1593 4131 1697 4190 est,
1747 4125 1984 4195 inquies,
2021 4127 2076 4181 in

499 4226 608 4280 quo
639 4220 849 4266 natura:
878 4211 1098 4276 divinae,
1157 4223 1213 4268 et
1271 4214 1392 4283 cjus
1444 4229 1566 4283 qua:
1617 4215 1684 4270 ad
1715 4215 1954 4271 divinam
1992 4223 2076 4272 est

2183 3022 2274 3076 τοῦ
2307 3021 2659 3093 πρωτοτύπου
2693 3022 2920 3085 κάλλους
2969 3023 3059 3076 τὸν
3092 3024 3418 3094 χαρακτῆρα
3464 3023 3758 3095 φερούσης,

2182 3113 2230 3165 εί
2267 3111 2343 3181 μὴ
2374 3111 2515 3164 κοιτά
2549 3112 2600 3164 τὶ
2621 3111 2718 3181 τὴν
2747 3111 3009 3182 διαφορὰν
3041 3112 3160 3183 ἔχῃ,
3197 3114 3377 3166 οὐκέτι
3411 3114 3475 3167 ἂν
3509 3113 3595 3184 εἴη
3625 3114 3764 3167 πάν-

2181 3219 2288 3264 τως
2332 3203 2604 3274 ὁμοίωμα,
2639 3203 2775 3256 ἀλλά
2821 3203 3014 3257 ταύτὸν
3050 3205 3226 3258 ἐκεῖνο
3258 3205 3344 3257 διά
3378 3206 3596 3258 πάντων
3630 3206 3762 3258 ἀνα-

2181 3293 2540 3363 δειχθήσεται,
2571 3294 2629 3346 τὸ
2661 3296 2716 3346 ἐν
2756 3295 2918 3346 παντὶ
2948 3295 3384 3367 ἀπαράλλακτον.
3419 3297 3551 3349 Τίνα
3582 3297 3763 3351 τοίνυν

2182 3384 2346 3436 αὑτοῦ
2381 3401 2439 3436 τε
2471 3383 2563 3436 τοῦ
2593 3383 2772 3448 Θείου,
2816 3385 2910 3438 καὶ
2940 3383 3034 3437 τοῦ
3085 3384 3218 3454 πρὸς
3264 3385 3324 3438 τὸ
3349 3386 3502 3439 Θείον
3546 3386 3764 3455 ὡμοιω-

2185 3477 2346 3547 μένου
2401 3476 2498 3547 τὴν
2546 3475 2803 3547 διαφορὰν
2853 3475 3203 3547 καθορῶμεν;
3257 3477 3343 3530 Ἐν
3390 3477 3488 3548 τῷ,
3536 3478 3596 3529 τὸ
3659 3479 3760 3546 μὲν

2180 3569 2448 3632 ἀκτίστως
2476 3564 2635 3633 εἶναι,
2667 3569 2728 3621 τὸ
2763 3569 2818 3621 δὲ
2849 3569 2935 3622 διὰ
2974 3570 3202 3632 κτίσεως
3240 3571 3561 3637 ὑποστῆναι.
3611 3571 3674 3622 Ἠ
3703 3570 3760 3622 δὲ

2179 3662 2278 3732 τῆς
2301 3662 2555 3731 τοιαύτης
2580 3661 2836 3731 ἰδιότητος
2867 3661 3098 3732 διαφορὰ
3131 3661 3289 3714 πάλιν
3318 3662 3519 3732 ἑτέρων
3546 3661 3765 3731 ἰδιωμά-

2180 3769 2287 3806 των
2315 3750 2639 3805 ἀκολουθίαν
2672 3751 2916 3822 ὲποίησε.
2965 3751 3410 3822 Συνομολογεῖται
3441 3753 3549 3821 γὰρ
3582 3752 3764 3822 πάντη

2179 3860 2239 3898 τε
2283 3842 2377 3896 καὶ
2420 3842 2656 3908 πάντως,
2703 3843 2801 3914 τὴν
2845 3843 2941 3913 μὲν
2977 3843 3229 3896 ἄκτιστον
3265 3843 3562 3912 φύσινκαὶ
3604 3842 3766 3914 ἄτρε-

2181 3951 2314 3989 πτον
2357 3929 2518 3998 εἶναι,
2553 3935 2648 3987 καὶ
2691 3935 2776 3986 ἀεὶ
2814 3933 3074 3997 ὡσαύτως
3112 3934 3278 4005 ἔχειν,
3311 3935 3409 4005 τὴν
3440 3936 3497 3988 δὲ
3535 3934 3764 4005 κτιστὴν

2179 4028 2439 4082 ἀδύνατον
2469 4027 2595 4081 ἄνευ
2625 4023 2960 4089 ἀλλοιώσεως
2991 4027 3273 4097 συστῆναι.
3309 4026 3455 4080 Αὐτὴ
3486 4027 3590 4100 γὰρ
3620 4028 3653 4097 ἡ
3694 4029 3762 4080 ἐκ

2179 4120 2270 4174 τοῦ
2311 4120 2386 4191 μὴ
2419 4119 2570 4182 ὄντος
2597 4121 2677 4182 είς
2709 4119 2768 4172 τὸ
2793 4114 2931 4191 εἶναι
2974 4118 3226 4190 πάροδος,
3257 4117 3468 4188 κίνησίς
3501 4120 3582 4180 τίς
3617 4122 3768 4182 ἐστι,

2179 4213 2274 4266 κα)⁸
2319 4211 2602 4274 ἀλλοίωσις
2642 4210 2736 4263 τοῦ
2793 4209 2867 4280 μὴ
2917 4209 3068 4274 ὄντος
3101 4212 3180 4274 εἰς
3213 4211 3272 4264 τὸ
3305 4207 3464 4275 εἶναι,
3508 4211 3650 4265 κατά
3696 4214 3767 4268 τὸ

498 4303 863 4371 conformata,
901 4304 1198 4360 discrimen
1231 4308 1473 4377 perspici
1528 4309 1743 4378 possit?
1779 4310 1910 4365 illud
1945 4326 2074 4366 vero

2181 4307 2320 4360 θεῖον
2358 4305 2602 4375 βούλημα
2657 4302 3076 4373 μεθισταμένου.
3130 4305 3240 4356 Καὶ
3288 4303 3476 4374 ὥσπερ
3525 4303 3614 4356 τὸν
3664 4305 3769 4358 ἐπὶ

500 4394 553 4447 in
586 4409 652 4450 eo
682 4395 1002 4465 perspicies,
1036 4397 1182 4465 quod
1213 4396 1309 4453 Dei
1347 4407 1541 4454 natura
1563 4399 1772 4456 exsistit
1792 4401 2070 4458 increata:

500 4485 779 4539 hominum
814 4501 946 4540 vero
977 4502 1071 4555 per
1111 4490 1444 4545 creationem
1483 4498 1567 4545 est
1629 4499 1768 4546 orta.
1805 4491 1945 4546 .lioc
1980 4493 2080 4548 de-

500 4575 626 4628 inde
686 4575 983 4630 discrimen
1040 4576 1148 4630 alia
1205 4579 1453 4647 quaedam
1503 4595 1936 4652 consequuntur.
1979 4583 2076 4638 Est

499 4661 644 4716 enim
686 4661 844 4731 plane
869 4661 1009 4730 apud
1042 4677 1234 4718 omnes
1287 4666 1344 4719 in
1381 4666 1658 4732 confesso,
1707 4677 1958 4724 naturam
1992 4671 2076 4724 in-

498 4757 743 4807 creatam
793 4752 1210 4818 immutabilem,
1267 4755 1625 4825 eamdemque
1673 4773 1885 4828 semper
1919 4774 2081 4825 esse;

2189 4395 2271 4450 τοῦ
2330 4395 2531 4466 χαλκοῦ
2565 4393 2902 4464 ’χαρακτῆρα
2957 4392 3234 4464 Καίσαρος
3277 4395 3460 4447 εἰκόνα
3505 4393 3650 4460 λέγει
3699 4393 3769 4446 τὸ

2179 4487 2529 4556 Εὑαγγέλιον,
2579 4486 2646 4538 δι’
2694 4478 2755 4538 οὗ
2802 4483 3142 4554 μανθάνομεν
3185 4484 3324 4539 κατὰ
3377 4485 3476 4554 μὲν
3521 4484 3583 4537 τὸ
3630 4486 3770 4556 πρό-

2180 4597 2368 4650 σχημα
2415 4578 2513 4648 τὴν
2543 4576 2801 4648 ὁμοίωσιν
2839 4573 2978 4629 εἶναι
3011 4575 3103 4628 τοῦ
3145 4575 3575 4646 μεμορφωμένου
3618 4575 3766 4646 πρὸς

2179 4671 2454 4739 Καίσαρα,
2485 4670 2543 4720 ὲν
2570 4667 2626 4720 δὲ
2649 4667 2726 4738 τῷ
2752 4667 3093 4737 ὑποκειμένῳ
3130 4666 3227 4736 τὴν
3260 4667 3524 4737 διαφορὰν
3568 4666 3715 4736 ἔχειν
3746 4684 3762 4698 °

2175 4763 2317 4817 οὕτω
2338 4761 2432 4814 καὶ
2453 4760 2594 4813 κατά
2641 4759 2726 4812 τὸν
2767 4759 3008 4830 παρόντα
3036 4759 3214 4827 λόγον,
3243 4757 3365 4810 ἀντὶ
3391 4751 3763 4828 χαρακτήρων

500 4850 782 4908 creatam,
836 4843 958 4898 sine
1020 4854 1281 4914 perpetua
1337 4847 1720 4902 vicissitudine
1775 4851 2077 4906 consistere

2180 4854 2242 4906 τὰ
2275 4849 2718 4920 ὲπιθεωρούμενα
2749 4852 2813 4919 τῇ
2844 4867 2902 4901 τε
2931 4849 3048 4919 θείᾳ.
3092 4848 3250 4916 φύσει
3297 4847 3391 4902 καὶ
3435 4850 3500 4919 τῇ
3546 4849 3765 4920 ἀνθρω-

503 4935 656 4989 nullo
685 4935 848 4990 modo
882 4951 1062 5005 posse.
1100 4936 1233 4991 Nam
1265 4939 1382 5009 ipse
1415 4939 1684 4994 transitus
1709 4955 1778 4994 ex
1807 4942 1978 4995 nihilo
2010 4943 2077 4996 ad

499 5039 705 5092 ortum,
735 5036 916 5084 motus
937 5029 1160 5098 quidam
1191 5039 1293 5096 est,
1326 5039 1380 5086 et
1407 5032 1659 5097 mutatio,
1697 5048 1804 5102 qua
1850 5034 1904 5087 id
1931 5034 2078 5102 quod

501 5132 684 5172 rerum
721 5118 774 5172 in
813 5127 1009 5173 natura
1048 5137 1158 5175 non
1194 5135 1341 5186 erat,
1375 5124 1442 5179 de
1478 5125 1746 5180 sententia
1774 5126 2072 5182 voluntatis

501 5210 700 5265 divina:
720 5213 989 5269 exsistere
1024 5215 1232 5286 incipit.
1254 5218 1428 5288 Atque
1440 5217 1559 5272 utin
1571 5218 1866 5292 Evangelio
1879 5223 1922 5255 ⁸ο
1943 5229 2070 5276 nota

502 5303 556 5358 in
589 5318 695 5358 aere
724 5319 979 5374 expressa
997 5307 1229 5367 Caesaris
1253 5307 1430 5379 imago
1467 5308 1692 5376 dicitur,
1728 5311 1795 5366 de
1832 5327 1941 5381 quo
1985 5313 2072 5366 in—

504 5395 765 5468 telligitur
796 5399 1098 5454 secundum
1133 5412 1410 5456 esternam
1440 5401 1675 5473 speciem
1714 5401 1886 5462 fuisse
1922 5404 2067 5460 illam

578 5572 622 5603 ⁵⁹
661 5573 825 5628 Marc.
882 5587 977 5640 xu,
1027 5572 1105 5625 15.

2177 4945 2306 5014 πίνῃ
2337 4943 2793 5012 κατανοήσαντες,
2819 4942 2875 4992 ἐν
2903 4935 2983 5000 οἷς
3027 4941 3059 5009 ἡ
3095 4939 3351 5008 ὁμοιότης
3379 4928 3556 5004 ἔστὶν,
3594 4940 3654 4991 ἐν
3678 4939 3763 5009 τῷ

2176 5037 2525 5107 ὑποκειμένῳ
2566 5033 2663 5104 τὴν
2684 5031 2945 5102 διαφορὰν
2994 5030 3402 5102 ὲξευρίσκομεν,
3435 5031 3555 5101 ἥτις
3598 5032 3658 5082 ὲν
3677 5031 3763 5101 τῷ

2178 5129 2418 5196 ἀκτίστῴ
2465 5124 2667 5194 καὶτῷ
2708 5121 2906 5191 κτιστῷ
2953 5122 3274 5192 καθορᾶται.
3328 5121 3542 5192 Ἐπειδὴ
3573 5121 3762 5176 τοίνυν

2177 5221 2240 5274 τὸ
2271 5220 2370 5290 μὲν
2399 5215 2657 5279 ὡσαύτως
2689 5214 2819 5284 ἔχει,
2851 5214 2942 5267 καὶ
2980 5214 3086 5278 ἀεὶ,
3116 5214 3178 5266 τὸ
3208 5215 3265 5268 δὲ
3296 5215 3382 5268 διὰ.
3408 5214 3640 5276 κτίσεως
3666 5230 3761 5282 γε·

2179 5310 2480 5381 γενημένον
2527 5308 2621 5361 ἀπ’
2673 5301 3006 5365 ἀλλοιώσεως
3049 5302 3143 5356 τοῦ
3189 5299 3326 5356 εἶναι
3373 5300 3608 5373 ἤρξατο,
3659 5300 3761 5354 καὶ

2181 5400 2457 5470 συγγενῶς
2528 5397 2664 5469 πρὸς
2727 5395 2825 5466 τὴν
2865 5393 3141 5465 ’τοιαύτην
3195 5393 3305 5463 ἔχει
3360 5393 3600 5466 τροπήν·
3664 5391 3759 5452 διὰ
