4088 6210
310 180 420 241 183

1578 183 1666 240 DE
1704 184 1987 243 HOMINIS
2004 176 2337 249 'OPIFICIO.

3482 199 3582 260 186

309 296 482 350 τοῦτο
500 296 532 350 6
559 295 715 361 εἰδὼς
734 295 808 350 τά
834 296 1015 352 πάντα
1044 298 1176 371 πρὶν
1209 299 1479 366 γενέσεως
1499 302 1703 366 αὐτῶν,
1726 302 1907 367 καθώς

2009 307 2424 365 similitudinem
2451 308 2533 366 rei
2568 307 2921 367 conformatae
2951 311 3016 367 ad
3064 310 3292 385 efﬁgiem
3333 312 3578 387 Cesaris,

312 404 496 456 φησιν
524 388 559 456 ἡ
584 387 910 457 προφητεία,
951 389 1413 462 ἐπακολουθήσας,
1449 393 1649 463 μᾶλλον
1675 393 1732 446 δὲ
1768 412 1903 467 προ-

314 480 664 545 κατανοήσας
686 480 752 547 τῇ
781 483 1165 551 προγνωστικῇ
1209 479 1455 552 δυνάμει,
1484 483 1623 553 πρὸς
1656 486 1684 539 ὃ
1728 501 1780 536 τι
1815 483 1907 552 ῥέ-

315 585 414 620 πει
453 565 594 619 κατὰ
621 566 683 618 τὸ
712 567 1048 639 αὐτοκρατές
1080 586 1139 622 τε
1170 570 1263 623 καὶ
1294 570 1639 637 αὐτεξούσιον
1674 571 1775 642 τῆς
1812 573 1906 626 ἀν.

314 657 604 729 θρωπίνης
627 659 1002 729 προαιρέσεως
1031 662 1065 730 ή
1089 661 1322 732 κίνησις,
1352 662 1539 734 ἐπειδὴ
1568 664 1629 717 τὸ
1649 664 1904 734 ἐσόμενον

312 744 481 813 εἶδεν,
533 747 887 817 ἐπιτεχνᾶται
931 751 998 818 τῇ
1028 749 1197 802 εἰκόνι
1234 749 1332 821 τὴν
1362 751 1490 818 περὶ
1519 751 1579 804 τὸ
1615 751 1780 822 ἄρρεν
1809 753 1905 805 καί

264 850 281 863 ο
316 835 457 906 θῆλυ
495 835 783 907 διαφορὰν,
812 838 935 907 ἥτις
961 839 1146 892 ούκέτι
1175 840 1313 910 πρὸς
1342 840 1402 893 τὸ
1429 839 1571 895 θεῖον
1601 843 1905 913 ἀρχέτυπον

315 926 530 997 βλέπει,
588 926 727 980 ἀλλὰ
765 927 946 991 καθὼς
998 930 1229 1001 εἴρηται,
1276 933 1342 1001 τῇ
1387 931 1702 1004 ἀλογωτέρᾳ
1739 950 1906 1005 προσ-

315 1017 595 1087 ῳκείωται
629 1017 810 1087 φύσει.
842 1018 954 1091 Τὴν
994 1019 1050 1072 δὲ
1094 1022 1271 1075 αἰτίαν
1297 1022 1395 1092 τῆς
1434 1022 1692 1093 τοιαύτης
1720 1024 1906 1075 ἐπιτε-

315 1108 566 1178 χνήσεως
604 1109 756 1179 μόνοι
788 1110 891 1180 μὲν
930 1108 997 1162 ἂν
1022 1111 1213 1164 εἰδεῖεν
1248 1113 1298 1165 οἰ
1325 1112 1426 1183 τῆς
1459 1112 1715 1183 ἀληθείας
1741 1113 1905 1166 αὐτό-

316 1217 478 1265 πται,
502 1202 597 1254 καὶ
618 1202 888 1272 ὑπηρέται
914 1202 1006 1256 τοῦ
1037 1203 1218 1272 λόγου.
1262 1190 1452 1276 Ἡμεῖς
1482 1206 1558 1270 δὲ,
1584 1205 1765 1269 καθώς
1787 1209 1904 1260 ἐστι

315 1295 671 1359 δυνατὸν,διά
694 1296 1017 1365 ποχασμῶν
1038 1314 1202 1350 τινων
1225 1298 1316 1350 καὶ
1333 1298 1555 1351 εἰκόνων
1576 1299 1907 1368 φαντασθέν-

315 1401 412 1448 τες
435 1384 535 1451 τὴν
556 1383 837 1455 ἀλήθειαν,
861 1385 921 1437 τὸ
949 1387 1042 1438 ἐπὶ
1071 1384 1192 1439 νοῦν
1215 1386 1369 1441 ἐλθὸν
1399 1389 1498 1441 οὐκ
1518 1389 1906 1459 άποφαντικῶς

315 1466 821 1545 ὲκτιθέμεθα,”ἀλλ’
849 1476 921 1539 ὡς
963 1478 1020 1527 ἐν
1049 1478 1356 1547 γυμνασίας
1392 1477 1521 1532 εῖδει
1550 1483 1661 1544 τοῖς
1704 1481 1906 1550 εὐγνώ-

322 1582 449 1636 μοσι
472 1565 588 1617 τῶν
614 1566 989 1637 ἀκροωμένων
1013 1567 1414 1639 προσθήσομεν.
1439 1571 1503 1624 Τί
1529 1570 1706 1626 τοίνυν
1735 1574 1901 1637 ἐστὶν,

317 1658 348 1710 ὃ
373 1659 510 1727 περὶ
537 1657 743 1710 τούτων
773 1657 1020 1729 διενοήθη
1031 1675 1127 1729 μεν
1143 1675 1162 1729 3
1188 1658 1373 1714 Εἰπὼν
1405 1664 1433 1715 6
1467 1662 1622 1731 λόγος
1650 1664 1731 1717 ὅτι
1754 1664 1904 1717 ὲποί-
1935 1639 1977 1694 Β

316 1766 456 1820 ησεν
484 1751 513 1801 6
537 1748 669 1812 Θεὸς
694 1748 786 1802 τὸν
807 1748 1113 1818 ἄνθρωπον,
1146 1749 1224 1820 τῷ
1246 1750 1480 1823 ἀορίστῳ
1504 1754 1603 1821 τῆς
1631 1753 1904 1824 σημασίας

324 1844 473 1897 ἇπαν
511 1841 840 1905 ἐνδείκνυται
868 1841 931 1894 τὸ
961 1840 1323 1913 ἀνθρώπινον.
1359 1844 1433 1895 Οὐ
1456 1821 1568 1915 γάρ
1594 1821 1947 1923 συνωνομά-ίί

326 1934 437 2004 adn
458 1933 541 2002 τῷ
563 1932 817 2007 κτίσματι
850 1932 949 1986 νῦν
971 1936 1000 1987 6
1032 1934 1222 2004 Ἀδὰμ,
1259 1932 1442 1997 καθὼς
1478 1937 1536 1987 ὲν
1570 1937 1684 1998 τοῖς
1710 1928 1913 2005 ἐφεξῆς

326 2028 362 2097 ἡ
396 2026 616 2098 ἱστορία
649 2026 837 2093 φησίν·
882 2025 997 2080 ἀλλ’
1024 2026 1195 2096 δνομα
1232 2026 1310 2096 τῷ
1341 2024 1614 2080 κτισθέντι
1635 2025 1905 2097 ἀνθρώπῳ

321 2117 427 2186 οὑχ
447 2118 477 2170 6
503 2116 606 2179 τὶς,
634 2115 748 2169 ἀλλ’
768 2117 797 2168 ό
833 2114 1063 2169 καθόλου
1104 2115 1273 2170 ἐστίν.
1299 2113 1505 2169 Οὐκοῦν
1536 2118 1603 2186 τῇ
1645 2115 1903 2187 καθολικῇ

320 2208 422 2278 τῆς
464 2207 677 2277 φύσεως
707 2206 896 2278 κλήσει
932 2207 1173 2261 τοιοῦτόν
1202 2225 1253 2260 τι
1297 2206 1544 2259 ὑπονοεῖν
1577 2206 1902 2278 ἐναγόμεθα,

319 2301 400 2352 ὅτι
439 2301 505 2369 τῇ
546 2298 667 2370 θείᾳ
709 2297 1016 2370 προγνώσει
1054 2316 1113 2352 τε
1152 2299 1247 2353 καί
1287 2297 1515 2368 δυνάμει
1557 2302 1704 2354 πᾶσα
1750 2301 1783 2370 ἠ
1819 2302 1907 2354 άν-

320 2391 615 2461 θρωπότης
661 2393 721 2444 ὲν
766 2394 835 2462 τῇ
893 2388 1086 2462 πρώτῃ
1130 2396 1443 2465 κατασκευῇ
1499 2392 1901 2463 περιείληπται.

319 2482 444 2553 Χρὴ
469 2482 579 2552 γάρ
617 2481 738 2552 Θεῷ
786 2482 953 2553 μηδὲν
996 2483 1247 2552 ἀόριστον
1270 2486 1327 2538 ὲν
1371 2489 1483 2548 τοῖς
1518 2484 1907 2555 γεγενημένοις

319 2575 453 2644 παρ’
489 2574 655 2627 αὑτοῦ
688 2573 932 2645 νομίζειν
953 2592 965 2604 ·
998 2575 1111 2628 ἀλλ’
1159 2576 1389 2631 ἑκάστου
1423 2576 1531 2630 τῶν
1570 2576 1738 2630 ὄντων
1768 2573 1905 2629 εἷναί

319 2681 374 2719 τι
422 2662 601 2735 πέρας
654 2664 749 2717 καὶ
801 2663 1021 2735 μέτρον,
1069 2667 1135 2736 τῇ
1186 2666 1281 2719 τοῦ
1328 2664 1690 2737 πεποιηκότος
1742 2667 1907 2738 σοφίᾳ

322 2774 386 2809 πε
396 2756 848 2831 ριμετρούμενον.
875 2758 1085 2829 Ὠσπερ
1110 2758 1289 2811 τοίνυν
1314 2761 1343 2811 ό
1378 2759 1464 2822 τίς
1504 2759 1787 2830 ἄνθρωπος
1828 2758 1906 2829 τῷ

321 2849 460 2901 κατὰ
492 2849 554 2901 τὸ
586 2849 748 2918 σῶμα
776 2848 929 2921 ποσῷ
970 2849 1357 2921 περιείργεται,
1391 2851 1483 2904 καί
1520 2851 1719 2922 μέτρον
1755 2849 1905 2920 αύτῷ

2007 411 2131 452 cum
2159 412 2270 453 non
2317 398 2542 454 dubium
2598 399 2654 453 in
2700 402 2927 455 materia
2981 402 3223 472 subjecta
3281 403 3581 461 discrimen

2006 496 2190 545 esset:
2221 490 2302 546 sic
2334 490 2503 546 etiam
2533 489 2637 547 hac
2665 490 2718 544 in
2751 491 3148 561 disputatione,
3179 494 3225 547 si
3280 510 3378 566 pro
3434 496 3580 552 notis

2005 594 2068 634 ea
2090 595 2210 650 qua:
2244 580 2301 634 in
2326 588 2522 635 natura
2552 581 2738 636 divina
2765 590 2819 638 et
2842 583 3077 637 humana
3105 596 3251 649 sunt,
3291 585 3346 639 in
3376 575 3579 655 quibus
3624 652 3633 657 ,

2007 671 2307 727 similitudo
2341 673 2613 738 consistit,
2640 674 3111 729 considerabimus
3137 694 3149 707 -
3177 690 3304 732 esse.
3326 691 3579 747 magnam

2004 763 2062 817 in
2113 763 2280 819 rebus
2338 764 2603 834 subjectis
2659 765 3031 821 diversitatem
3069 766 3577 837 deprehendemus,

2006 869 2169 924 quam
2231 855 2525 925 perspicue
2576 856 2745 911 estin
2800 872 2867 912 eo
2923 858 3389 921 animadvertere,
3434 859 3580 928 quod

2008 951 2254 998 creatum
2290 952 2345 999 et
2374 945 2678 1000 increatunt
2709 946 3002 1015 plurimum
3030 946 3176 1002 inter
3203 961 3264 1001 se
3298 946 3579 1007 differunt.

2010 1036 2377 1103 Quamobrem
2412 1054 2535 1093 cum
2563 1038 2710 1109 quod
2736 1039 3036 1093 increatum
3067 1048 3170 1103 est,
3202 1055 3417 1109 semper
3438 1038 3582 1095 idem

2008 1131 2279 1203 exsistat:
2317 1137 2562 1185 creatum
2598 1144 2730 1187 vero
2762 1145 2859 1201 per
2899 1128 3338 1185 vicissitudinem
3389 1145 3584 1201 quam-

2005 1223 2131 1277 dam
2162 1238 2284 1278 esse
2310 1223 2562 1292 coeperit,
2588 1230 2643 1278 et
2672 1222 2962 1277 mutationi
2994 1236 3220 1292 prorsus
3253 1220 3410 1277 atline
3467 1221 3579 1286 sit,

2004 1314 2212 1369 idcirco
2249 1316 2298 1370 is
2333 1316 2426 1385 qui
2485 1314 2791 1370 secundum
2838 1323 3015 1368 vatem
3055 1329 3144 1369 res
3207 1327 3398 1367 omnes
3454 1320 3583 1367 ante

2005 1407 2246 1476 ipsarum
2276 1413 2457 1461 ortum
2487 1406 2739 1477 cognitas
2790 1405 2972 1470 habet,
3007 1420 3131 1460 cum
3168 1420 3349 1461 rerum
3402 1403 3580 1459 ordini

2004 1498 2303 1564 insisteret,
2336 1497 2422 1552 vel
2454 1496 2635 1567 potius
2669 1496 2856 1552 divina
2897 1510 2998 1552 sua
3031 1494 3398 1566 prospiciendi
3432 1493 3583 1548 futu-

2005 1602 2096 1642 ros
2123 1593 2353 1642 eventus
2393 1585 2653 1640 facultate
2686 1585 3053 1655 praecepisset,
3085 1598 3248 1655 quam
3278 1583 3333 1637 in
3370 1590 3581 1653 partem

2006 1686 2189 1745 motus
2221 1677 2505 1732 electionis
2535 1677 2786 1730 humana:
2816 1690 2915 1745 pro
2939 1676 3151 1730 arbitrii
3176 1675 3584 1744 voluntatisque

2007 1786 2121 1828 suae
2178 1770 2432 1825 libertate
2484 1768 2818 1823 inclinaret:
2879 1767 3172 1839 imaginem
3228 1777 3467 1822 creatam
3523 1766 3578 1820 in

2006 1864 2313 1919 masculum
2342 1869 2397 1917 et
2427 1859 2682 1915 feminam
2715 1858 2917 1914 divisit.
2952 1857 3078 1914 limo
3117 1858 3316 1913 divisio
3359 1872 3469 1911 non
3512 1855 3582 1909 ad

2007 1953 2100 2009 Dei
2123 1954 2380 2024 princeps
2410 1951 2545 2006 illud
2580 1952 2886 2020 exemplum
2926 1948 3067 2004 facta
3112 1963 3234 2004 esse
3280 1948 3458 2018 putari
3486 1946 3585 2001 de-

2005 2045 2118 2107 bet,
2158 2042 2256 2099 sed
2314 2041 2771 2112 quemadmodum
2807 2047 2892 2095 est
2951 2039 3183 2094 antehac
3243 2038 3583 2101 indicatum,

2006 2135 2385 2206 cognationem
2422 2133 2584 2188 habet
2631 2147 2753 2187 cum
2794 2140 2989 2185 natura
3041 2129 3272 2185 rationis
3333 2138 3579 2198 experte.

2007 2227 2241 2283 Causam
2281 2225 2498 2296 quidem
2541 2225 2705 2295 hujus
2727 2220 3079 2279 discretionis
3110 2238 3275 2279 sexus
3305 2222 3407 2276 soli
3439 2219 3584 2275 haud

2006 2317 2170 2374 dubie
2216 2317 2525 2386 intelligunt
2558 2315 2659 2379 illi,
2694 2313 2788 2382 qui
2846 2311 3092 2368 veritatis
3145 2310 3351 2366 oculati
3409 2316 3581 2364 testes

2007 2417 2157 2472 sunt,
2197 2416 2250 2463 et
2302 2407 2497 2461 harum
2553 2421 2740 2461 rerum
2788 2404 2949 2459 nobis
3003 2403 3322 2458 memoriam
3385 2401 3586 2456 litteris

2007 2500 2277 2570 proditam
2301 2497 2666 2552 tradiderunt.
2700 2495 2811 2551 Nos
2864 2511 2995 2552 vero
3034 2511 3134 2565 pro
3186 2494 3333 2550 virili
3392 2500 3584 2548 nostra

2006 2608 2103 2663 per
2132 2591 2480 2659 conjecturas
2504 2596 2557 2643 et
2584 2589 2879 2643 simulacra
2908 2586 3155 2658 quaedam
3187 2587 3471 2640 veritatem
3505 2584 3587 2638 in-

2006 2682 2331 2745 formantes,
2363 2679 2508 2750 quod
2544 2679 2705 2734 nobis
2736 2678 2804 2748 ad
2837 2678 3079 2732 animum
3116 2676 3316 2730 accidit
3354 2674 3584 2744 exponi-

2006 2790 2152 2835 mus,
2185 2788 2298 2827 non
2340 2769 2474 2825 illud
2508 2770 2727 2841 quidem
2763 2776 2822 2821 ut
2854 2782 3042 2821 verum
3100 2774 3431 2826 asserentes,
3489 2759 3586 2817 sed

2008 2864 2361 2934 subjicientes
2398 2862 2456 2916 in
2504 2861 2735 2931 gratiam
2788 2857 3122 2921 auditorum,
3184 2854 3421 2922 benigne
3471 2851 3587 2905 haec

322 2938 417 3008 τῆς
441 2938 803 3002 ὑποστάσεως
830 2942 867 3010 ἡ
904 2939 1202 3011 πηλικότης
1230 2941 1400 3004 ἐστὶν,
1444 2942 1476 3013 ἡ
1523 2942 1908 3014 συναπαρτιζο-

2010 2953 2166 3024 quasi
2199 2951 2444 3007 exercitii
2470 2963 2636 3005 causa
2665 2947 2720 3001 in
2746 2946 2982 3002 medium
3024 2944 3187 2997 allata
3219 2942 3587 3010 interpretan-

325 3030 459 3100 μένη
488 3032 556 3100 τῇ
585 3028 879 3100 ἐπιφανείᾳ
914 3026 1008 3081 τοῦ
1035 3028 1285 3099 σώματος
1310 3045 1323 3059 ·
1354 3029 1528 3094 οὕτως
1550 3025 1703 3102 οἶμαι
1737 3030 1909 3085 καθά-

2015 3044 2175 3099 tium.
2237 3040 2380 3109 Quid
2409 3040 2574 3111 igitur
2612 3038 2678 3092 de
2722 3038 2807 3091 his
2849 3036 2904 3090 in
2937 3042 3173 3088 mentem
3207 3031 3365 3086 nobis
3386 3029 3537 3083 venit
3563 3027 3605 3081 ἲ·
3666 3060 3669 3105 λ

322 3138 426 3192 περ
450 3123 508 3173 ὲν
528 3120 610 3173 ἐνὶ
638 3119 853 3190 σώματι
875 3119 995 3174 ὅλον
1009 3120 1069 3173 τὸ
1080 3121 1177 3209 τῇς
1202 3122 1296 3175 άνθ
1306 3122 1614 3193 ρωπότητος
1637 3123 1909 3194 πλήρωμα

2016 3137 2119 3191 hoc
2145 3135 2425 3189 nimirum:
2451 3130 2586 3187 Cum
2611 3129 2834 3194 dicitur,
2857 3126 3023 3181 Deum
3049 3137 3268 3179 creasse
3288 3119 3581 3184 hominem,

320 3216 387 3285 τῇ
426 3215 815 3284 προγνωστικῇ
849 3212 1075 3290 δυνάμει
1118 3213 1269 3284 παρὰ
1309 3214 1402 3267 τοῦ
1446 3213 1579 3267 Θεοῦ
1630 3214 1738 3268 τῶν
1772 3214 1908 3269 ὅλων

323 3303 740 3376 περισχεθῆναι,
777 3304 870 3356 καὶ
899 3303 1059 3357 τοῦτο
1102 3303 1373 3358 διδάσκειν
1405 3306 1495 3359 τὸν
1526 3306 1683 3374 λόγον
1713 3306 1805 3359 τὸν
1833 3308 1911 3359 εί-

322 3391 516 3452 πόντα,
567 3392 650 3443 ὅτι
691 3389 785 3442 καὶ
814 3390 1069 3460 ἐποίησεν
1112 3392 1141 3444 ὁ
1170 3391 1303 3456 Θεὸς
1345 3392 1437 3445 τὸν
1472 3394 1776 3466 ἄνθρωπον,
1816 3396 1910 3449 καί⁵

323 3485 444 3535 κατ’
481 3482 670 3536 εἰκόνα
706 3481 841 3535 Θεοῦ
880 3484 1134 3557 ἐποίησεν
1174 3484 1355 3539 αὐτόν.
1388 3487 1462 3539 Οὐ
1504 3487 1613 3558 γὰρ
1651 3489 1708 3540 ἐν
1752 3486 1909 3557 μέρει

322 3573 425 3647 τῆς
466 3572 688 3642 φύσεως
729 3575 762 3643 ἠ
815 3573 1001 3639 εἰκὼν,
1051 3573 1171 3627 οὐδὲ
1216 3574 1273 3628 ἓν
1301 3592 1406 3629 τινι
1446 3575 1553 3629 τῶν
1595 3575 1716 3630 καθ’
1747 3576 1911 3631 αὐτὸν

324 3666 729 3737 θεωρουμένων
768 3667 803 3736 η
831 3666 1026 3737 χάρις’
1060 3665 1173 3719 ἀλλ’
1204 3669 1288 3737 ἐφ’
1325 3668 1470 3750 ἅπαν
1502 3658 1565 3722 τὸ
1605 3668 1761 3737 γένος
1789 3653 1911 3722 Erti-

324 3774 423 3829 σης
457 3759 494 3827 ὴ
537 3755 764 3827 τοιαύτη
800 3756 979 3828 διήκει
1022 3756 1271 3828 δύναμις.
1311 3750 1541 3829 Σημεῖόν
1573 3759 1649 3822 δὲ,
1683 3760 1765 3812 ὃτι
1809 3760 1914 3811 πᾶ-

323 3866 411 3902 σιν
465 3845 737 3911 ὡσαύτως
794 3849 823 3901 6
892 3847 1014 3911 νοῦς
1073 3849 1495 3922 ὲγκαθὶδρυται·
1563 3851 1764 3914 πάντες
1816 3848 1910 3903 τοῦ

324 3939 660 3994 διανοεῖσθαι
698 3939 793 3993 καὶ
819 3939 1204 4011 προϐουλεύειν
1227 3940 1325 4011 τὴν
1345 3940 1572 4013 δύναμιν
1596 3941 1796 4012 ἔχουσι,
1818 3941 1914 3994 καὶ

323 4032 389 4085 τά
414 4031 553 4086 ἄλλα
584 4029 787 4095 πάντα,
813 4030 878 4082 δι’
900 4018 976 4082 ὧν
1005 4031 1039 4101 ἡ
1073 4028 1193 4083 θεία
1213 4030 1373 4098 φύσις
1410 4031 1467 4083 ὲν
1488 4030 1563 4101 τῷ
1595 4031 1713 4083 κατ’
1743 4030 1913 4101 αὐτὴν

327 4123 577 4193 γεγονότι
608 4119 1031 4186 άπεικονίζεται.
1076 4120 1307 4195 Ὁμοίως
1338 4121 1448 4192 ἔχει
1480 4123 1507 4175 ὃ
1536 4140 1593 4174 τε
1628 4124 1692 4195 τῇ
1723 4122 1912 4195 πρώτῃ

326 4214 417 4267 τοῦ
477 4213 696 4284 κόσμου
745 4216 1061 4283 κατασκευῇ
1120 4213 1553 4285 συναναδειχθείς
1598 4215 1910 4286 ἄνθρωπος,

2014 3244 2112 3299 per
2140 3224 2477 3301 indeﬁnitam
2516 3221 2769 3276 vocabuli
2802 3218 3039 3274 hominis
3080 3215 3441 3277 notationem,
3483 3225 3586 3264 nae

2016 3327 2195 3374 turam
2226 3318 2515 3371 humanam
2545 3314 2856 3369 universam
2886 3307 3137 3378 intelligi.
3175 3304 3309 3359 Nam
3341 3310 3587 3357 creatum

2014 3413 2140 3477 hoc,
2178 3408 2325 3480 quod
2360 3407 2427 3462 ad
2455 3405 2547 3461 Dei
2584 3404 2786 3459 factum
2832 3402 3125 3472 imaginem
3182 3396 3437 3459 traditur,
3476 3408 3583 3448 non

2014 3503 2105 3558 hic
2132 3498 2325 3555 Adami
2356 3512 2554 3553 nomen
2585 3495 2857 3565 adjectum
2882 3494 3061 3555 habet,
3089 3490 3232 3545 sicut
3264 3489 3318 3542 in
3348 3484 3589 3541 historia:

2016 3589 2426 3648 narrationibus
2484 3585 2876 3656 sequentibus:
2940 3580 3038 3637 sed
3090 3593 3298 3633 nomen
3347 3573 3586 3628 hominis
3652 3606 3665 3615 ς

2017 3681 2188 3737 creati
2221 3675 2461 3733 universi
2502 3676 2741 3745 positum
2771 3679 2878 3737 est,
2925 3686 3036 3726 non
3072 3679 3129 3724 ut
3187 3670 3253 3723 de
3286 3666 3587 3722 individuo.

2018 3775 2229 3830 Idcirco
2255 3786 2351 3840 per
2383 3769 2524 3823 hanc
2548 3766 2785 3821 hominis
2811 3762 3251 3834 appellationem,
3281 3773 3388 3830 qua
3415 3765 3588 3811 totum

2018 3881 2190 3938 genus
2217 3865 2471 3918 universe
2502 3855 3009 3929 comprehenditur,
3037 3854 3156 3924 ejus
3194 3852 3588 3906 admonemur:

2019 3955 2164 4028 quod
2191 3952 2531 4024 providentia
2562 3956 2917 4020 potestasque
2950 3945 3047 3999 Dei
3082 3950 3251 3997 totam
3308 3941 3590 3995 hominum

2020 4027 2271 4100 naturam
2303 4042 2359 4095 in
2417 4040 2593 4111 prima
2627 4037 2716 4091 illa
2750 4037 3026 4091 creatione
3082 4032 3362 4101 complexa
3406 4030 3495 4085 sit.
3532 4027 3592 4080 ιιι

2020 4136 2184 4192 rebus
2212 4132 2358 4189 enim
2390 4147 2420 4185 a
2457 4129 2567 4185 Deo
2619 4128 2781 4183 factis
2822 4127 2958 4181 nihil
3001 4141 3122 4180 esse
3155 4121 3451 4193 putandum
3485 4125 3591 4182 est,

2020 4221 2169 4295 quod
2199 4222 2269 4276 sit
2299 4218 2403 4291 ipsi
2430 4217 2699 4272 infinitum
2725 4234 2739 4270 :
2773 4229 2895 4269 cum
2923 4214 3108 4267 omnia
3129 4226 3251 4280 quae
3277 4209 3592 4271 exsistunt,

329 4306 420 4359 καί
451 4308 482 4359 6
510 4305 660 4359 κατὰ
690 4302 793 4375 τὴν
824 4303 920 4357 τοῦ
950 4304 1148 4369 παντὸς
1179 4305 1488 4361 συντέλειαν
1523 4307 1905 4378 γενησόμενος,

2017 4318 2178 4373 linem
2222 4308 2510 4382 quemdam
2544 4315 2599 4361 et
2654 4319 2941 4361 numerum
2978 4304 3237 4365 habeant,
3293 4299 3593 4354 conditoris

330 4398 529 4467 ἰπίσης
572 4398 662 4465 ἐφ’
709 4397 917 4449 ἑαυτῶν
961 4397 1189 4469 φέρουσι
1228 4399 1327 4470 τὴν
1373 4400 1523 4455 θείαν
1567 4401 1767 4457 εἰκόνα.
1816 4401 1909 4453 Διὰ

2019 4403 2288 4474 sapientia
2324 4398 2709 4469 constitutum.
2738 4392 3207 4461 Quemadmodum
3240 4391 3406 4460 igitur
3432 4390 3596 4444 homo

331 4487 490 4541 τοῦτο
517 4482 603 4552 εἷς
637 4487 926 4559 ἄνθρωπος
952 4490 1350 4561 κατωνομάσοη
1378 4490 1440 4542 τὸ
1464 4492 1591 4554 πᾶν,
1626 4492 1706 4545 ὅτι
1729 4494 1796 4562 τῇ
1828 4493 1909 4544 δυ‹

2019 4494 2309 4569 (intelligo
2343 4498 2524 4545 autem
2583 4485 2926 4541 individuum
2978 4482 3292 4555 quoddam)
3350 4484 3596 4552 corporis

330 4581 491 4652 νάμει
529 4580 628 4635 τοῦ
678 4581 817 4634 Θεοῦ
850 4581 975 4635 οὔτε
1018 4600 1071 4635 τι
1123 4581 1489 4654 παρῴχηκεν,
1541 4584 1666 4641 οὔτε
1707 4585 1909 4655 μέλλει,

2020 4583 2453 4656 magnitudinem
2481 4579 2686 4634 finitam
2712 4579 2892 4641 habet,
2926 4577 3401 4645 substantiamque
3424 4575 3595 4644 ipsius

331 4675 467 4730 ἀλλά
510 4675 610 4728 καὶ
654 4675 718 4727 τὸ
760 4673 1210 4747 προσδοκώμενον
1239 4675 1434 4747 ἐπίσης
1472 4675 1550 4747 τῷ
1582 4677 1810 4748 παρόντι
1849 4678 1909 4747 τῇ

2018 4675 2328 4749 quantitate
2359 4672 2638 4736 metimur,
2671 4685 2795 4741 quae
2817 4670 3069 4740 corporis
3101 4668 3390 4738 superficie
3417 4666 3596 4722 conti-

332 4768 660 4838 περιεκτικῇ
728 4764 823 4818 τοῦ
892 4766 1090 4830 παντὸς
1158 4767 1409 4839 ἐνεργείᾳ
1480 4770 1909 4839 περικρατεῖται.

2018 4783 2179 4826 netur
2206 4786 2220 4823 :
2253 4767 2335 4823 sic
2369 4766 2611 4821 arbitror
2642 4763 2800 4818 initio
2832 4778 3013 4819 rerum
3040 4777 3148 4817 uno
3178 4775 3406 4831 corpore
3427 4767 3593 4813 totam

334 4854 493 4908 Πᾶσα
522 4854 767 4926 τοίνυνή
798 4852 960 4922 φύσις
991 4857 1024 4925 ἡ
1051 4855 1159 4908 άπὸ
1207 4855 1313 4909 τῶν
1350 4855 1580 4929 πρώτων
1623 4858 1784 4929 μέχρι
1814 4859 1909 4910 τῶι

2018 4870 2271 4916 naturam
2321 4858 2619 4913 humanam
2664 4855 2832 4911 Deum
2871 4862 3139 4925 potestate
3166 4867 3288 4914 sua,
3319 4865 3426 4921 qua
3466 4864 3603 4904 cutt-

333 4947 582 5016 ἐσχάτων
614 4944 880 5015 διήκουσα
901 4987 916 5010 ,
959 4945 1055 5017 μία
1084 4962 1168 5009 τις
1209 4946 1303 5001 τοῦ
1343 4948 1493 5012 ὄντος
1524 4950 1671 5002 ἐστὶν
1721 4948 1909 5002 εἰκώνε

2021 4961 2111 5008 cta
2146 4950 2425 5022 praevidet,
2454 4948 2798 5019 complexum
2832 4961 2976 5010 esse,
3023 4944 3361 5015 idque‘adeo
3417 4940 3599 4996 verbis

335 5040 368 5107 ἡ
397 5037 453 5091 δὲ
486 5037 630 5108 πρὸς
669 5036 733 5089 τδ
760 5038 929 5108 άρῤεν
973 5039 1067 5092 καί¹
1106 5037 1239 5109 θῆλυ
1271 5037 1364 5092 τοῦ
1407 5039 1595 5108 γένους
1685 5037 1909 5112 διαφορὰ

2017 5041 2171 5097 hisce
2202 5038 2345 5094 tradi
2374 5057 2388 5093 :
2428 5058 2446 5090 ι
2485 5036 2639 5093 Fecit
2673 5036 2818 5091 Deus
2848 5037 3147 5101 hominem,
3170 5041 3225 5089 et
3251 5031 3317 5086 ad
3344 5030 3437 5086 Dei
3465 5031 3599 5084 ima-

343 5127 898 5199 προσκατεσκευάσθη
940 5130 1249 5185 τελευταῖον
1264 5128 1342 5202 τῷ
1371 5129 1674 5203 πλάσματι,
1707 5129 1797 5184 διὰ
1821 5130 1909 5203 rip

2023 5133 2211 5205 ginem
2239 5146 2364 5188 eum
2400 5130 2547 5186 fecit.
2576 5148 2594 5181 ι
2628 5127 2747 5183 Νυη
2778 5129 2920 5183 enim
2953 5129 3131 5197 imago
3163 5138 3213 5180 et
3249 5124 3422 5195 gratia
3447 5121 3602 5177 beni-

340 5220 538 5286 αἰτίαν,
575 5218 655 5282 ὡς
688 5214 863 5289 οἶμαι,
895 5220 1117 5294 ταύτην.

2025 5225 2120 5297 gni
2152 5224 2244 5280 Dei
2275 5223 2360 5279 vel
2389 5224 2529 5294 parti
2592 5231 2821 5287 naturae,
2862 5222 2945 5277 vel
2978 5221 3072 5276 uni
3108 5220 3301 5275 alicui
3335 5228 3599 5273 concessa

343 5322 424 5369 est
459 5312 672 5368 homini
705 5313 1073 5383 peculiariter,
1115 5312 1213 5372 sed
1259 5311 1494 5369 facultas
1547 5313 1637 5366 illa
1697 5311 1765 5367 ad
1795 5328 1968 5384 genus
2008 5317 2324 5372 universum
2376 5313 2659 5385 aequaliter
2689 5316 2969 5385 pertinuit.
3021 5313 3176 5380 Quod
3208 5313 3278 5367 ita
3310 5326 3451 5373 esse,
3498 5307 3600 5361 hoc

351 5405 513 5458 etiam
551 5413 875 5472 argumento
901 5414 1004 5477 est,
1062 5407 1213 5481 quod
1254 5421 1408 5461 mens
1439 5406 1647 5475 pariter
1682 5403 1742 5458 in
1780 5407 2039 5466 omnibus
2095 5407 2307 5463 habitat
2355 5423 2371 5461 :
2418 5419 2607 5460 omnes
2669 5406 2965 5476 cogitandi,
3005 5404 3183 5474 deque
3231 5402 3428 5456 futuris
3462 5410 3598 5451 con-

350 5491 588 5549 sultandi
619 5491 891 5564 facultate,
929 5502 1265 5570 exterisque
1327 5494 1492 5551 rebus
1521 5496 1800 5563 omnibus,
1834 5512 1931 5567 per
1963 5514 2102 5569 quas
2135 5513 2224 5554 res
2255 5496 2440 5553 divina
2472 5503 2670 5551 natura
2726 5496 2781 5550 in
2815 5496 3053 5567 imagine
3097 5509 3198 5548 sua
3252 5490 3599 5560 exprimitur.

353 5586 557 5660 νπειιῑῡ
594 5592 743 5642 5"!"-
772 5586 905 5678 letil
930 5600 1074 5661 inter
1105 5591 1398 5656 hominem
1430 5599 1672 5648 creatum
1705 5595 1759 5650 in
1801 5596 1975 5666 prima
2033 5612 2213 5653 rerum
2268 5593 2649 5663 fabricatione,
2702 5600 2755 5650 et
2812 5606 2934 5649 cum
2970 5588 3062 5661 qui
3094 5589 3147 5643 in
3217 5594 3466 5645 extremo
3503 5592 3599 5638 nne

3342 5848 3355 5879 \

3668 3020 3695 3079 fi
