  <div class='ocr_page' id='page_1' title='image "/cluster/home/n/w/nwhite01/storage/ocr_20150623/44/hvd.32044052767431/099.png"; bbox 0 0 4088 6210; ppageno 0'>
   <div class='ocr_carea' id='block_1_1' title="bbox 502 213 3728 294">
    <p class='ocr_par' dir='ltr' id='par_1_1' title="bbox 502 213 3728 294">
     <span class='ocr_line' id='line_1_1' title="bbox 502 213 3728 294; baseline 0.011 -27"><span class='ocrx_word' id='word_1_1' title='bbox 502 213 600 271; x_wconf 75' lang='grc'><strong>187</strong></span> <span class='ocrx_word' id='word_1_2' title='bbox 1694 224 1753 280; x_wconf 86' lang='lat' dir='ltr'><strong>S.</strong></span> <span class='ocrx_word' id='word_1_3' title='bbox 1783 225 2108 287; x_wconf 79' lang='lat' dir='ltr'><strong>GREGORII</strong></span> <span class='ocrx_word' id='word_1_4' title='bbox 2139 230 2432 289; x_wconf 80' lang='lat' dir='ltr'><strong>NYSSENI</strong></span> <span class='ocrx_word' id='word_1_5' title='bbox 3626 237 3728 294; x_wconf 60' lang='lat'><strong>533</strong></span> 
     </span>
    </p>
   </div>
   <div class='ocr_carea' id='block_1_2' title="bbox 501 330 3735 424">
    <p class='ocr_par' dir='ltr' id='par_1_2' title="bbox 501 330 3735 424">
     <span class='ocr_line' id='line_1_2' title="bbox 501 330 3735 424; baseline 0.006 -38"><span class='ocrx_word' id='word_1_6' title='bbox 501 337 889 424; x_wconf 76' lang='lat' dir='ltr'><strong>scetur,_cum</strong></span> <span class='ocrx_word' id='word_1_7' title='bbox 925 330 1038 400; x_wconf 87' lang='lat' dir='ltr'><strong>jam</strong></span> <span class='ocrx_word' id='word_1_8' title='bbox 1099 333 1287 394; x_wconf 82' lang='lat' dir='ltr'><strong>omnia</strong></span> <span class='ocrx_word' id='word_1_9' title='bbox 1323 348 1702 394; x_wconf 87' lang='lat' dir='ltr'><strong>consummata</strong></span> <span class='ocrx_word' id='word_1_10' title='bbox 1756 355 1942 411; x_wconf 88' lang='lat' dir='ltr'><strong>erunt,</strong></span> <span class='ocrx_word' id='word_1_11' title='bbox 1975 346 2222 405; x_wconf 76' lang='lat' dir='ltr'><strong>interest.</strong></span> <span class='ocrx_word' id='word_1_12' title='bbox 2275 347 2496 418; x_wconf 67' lang='lat' dir='ltr'><strong>Equali</strong></span> <span class='ocrx_word' id='word_1_13' title='bbox 2535 349 2679 404; x_wconf 88' lang='lat' dir='ltr'><strong>enim</strong></span> <span class='ocrx_word' id='word_1_14' title='bbox 2735 349 2948 406; x_wconf 89' lang='lat' dir='ltr'><strong>ratione</strong></span> <span class='ocrx_word' id='word_1_15' title='bbox 3005 349 3298 423; x_wconf 76' lang='lat' dir='ltr'><strong>imaginem</strong></span> <span class='ocrx_word' id='word_1_16' title='bbox 3351 349 3442 407; x_wconf 89' lang='lat' dir='ltr'><strong>Dei</strong></span> <span class='ocrx_word' id='word_1_17' title='bbox 3501 357 3735 424; x_wconf 88' lang='lat' dir='ltr'><strong>uterque</strong></span> 
     </span>
    </p>
   </div>
   <div class='ocr_carea' id='block_1_3' title="bbox 501 421 3736 523">
    <p class='ocr_par' dir='ltr' id='par_1_3' title="bbox 501 421 3736 523">
     <span class='ocr_line' id='line_1_3' title="bbox 501 421 3736 523; baseline 0.006 -41"><span class='ocrx_word' id='word_1_18' title='bbox 501 430 696 523; x_wconf 48' lang='lat' dir='ltr'><strong>{testat-</strong></span> <span class='ocrx_word' id='word_1_19' title='bbox 723 421 1016 523; x_wconf 44' lang='lat' dir='ltr'><strong>Pcoplerea</strong></span> <span class='ocrx_word' id='word_1_20' title='bbox 1075 428 1238 523; x_wconf 85' lang='lat' dir='ltr'><strong>unius</strong></span> <span class='ocrx_word' id='word_1_21' title='bbox 1275 429 1514 486; x_wconf 91' lang='lat' dir='ltr'><strong>hominis</strong></span> <span class='ocrx_word' id='word_1_22' title='bbox 1541 434 1762 490; x_wconf 88' lang='lat' dir='ltr'><strong>nomine</strong></span> <span class='ocrx_word' id='word_1_23' title='bbox 1811 437 1930 506; x_wconf 88' lang='lat' dir='ltr'><strong>ipsa</strong></span> <span class='ocrx_word' id='word_1_24' title='bbox 1973 442 2189 512; x_wconf 77' lang='lat' dir='ltr'><strong>generis</strong></span> <span class='ocrx_word' id='word_1_25' title='bbox 2224 441 2553 497; x_wconf 75' lang='lat' dir='ltr'><strong>universitas</strong></span> <span class='ocrx_word' id='word_1_26' title='bbox 2610 443 3006 511; x_wconf 88' lang='lat' dir='ltr'><strong>comprehensa</strong></span> <span class='ocrx_word' id='word_1_27' title='bbox 3055 421 3191 511; x_wconf 78' lang='lat' dir='ltr'><strong>fuit,</strong></span> <span class='ocrx_word' id='word_1_28' title='bbox 3225 441 3445 513; x_wconf 84' lang='lat' dir='ltr'><strong>quando</strong></span> <span class='ocrx_word' id='word_1_29' title='bbox 3478 421 3736 514; x_wconf 71' lang='lat' dir='ltr'><strong>potestati</strong></span> 
     </span>
    </p>
   </div>
   <div class='ocr_carea' id='block_1_4' title="bbox 503 511 3736 606">
    <p class='ocr_par' dir='ltr' id='par_1_4' title="bbox 503 511 3736 606">
     <span class='ocr_line' id='line_1_4' title="bbox 503 511 3736 606; baseline 0.008 -41"><span class='ocrx_word' id='word_1_30' title='bbox 503 511 699 566; x_wconf 73' lang='lat' dir='ltr'><strong>divina:</strong></span> <span class='ocrx_word' id='word_1_31' title='bbox 728 514 862 569; x_wconf 84' lang='lat' dir='ltr'><strong>nihil</strong></span> <span class='ocrx_word' id='word_1_32' title='bbox 905 527 988 572; x_wconf 89' lang='lat' dir='ltr'><strong>est</strong></span> <span class='ocrx_word' id='word_1_33' title='bbox 1023 520 1106 574; x_wconf 86' lang='lat' dir='ltr'><strong>vel</strong></span> <span class='ocrx_word' id='word_1_34' title='bbox 1136 524 1484 590; x_wconf 63' lang='lat' dir='ltr'><strong>praeteritum,</strong></span> <span class='ocrx_word' id='word_1_35' title='bbox 1520 526 1603 580; x_wconf 87' lang='lat' dir='ltr'><strong>vel</strong></span> <span class='ocrx_word' id='word_1_36' title='bbox 1642 525 1905 584; x_wconf 76' lang='lat' dir='ltr'><strong>futurum.</strong></span> <span class='ocrx_word' id='word_1_37' title='bbox 1939 511 2081 598; x_wconf 84' lang='lat' dir='ltr'><strong>Quin</strong></span> <span class='ocrx_word' id='word_1_38' title='bbox 2134 541 2186 590; x_wconf 88' lang='lat' dir='ltr'><strong>et</strong></span> <span class='ocrx_word' id='word_1_39' title='bbox 2234 549 2297 589; x_wconf 92' lang='lat' dir='ltr'><strong>ea</strong></span> <span class='ocrx_word' id='word_1_40' title='bbox 2345 549 2466 603; x_wconf 75' lang='lat' dir='ltr'><strong>qua:</strong></span> <span class='ocrx_word' id='word_1_41' title='bbox 2523 541 2903 604; x_wconf 81' lang='lat' dir='ltr'><strong>expectantur,</strong></span> <span class='ocrx_word' id='word_1_42' title='bbox 2961 549 3070 589; x_wconf 91' lang='lat' dir='ltr'><strong>non</strong></span> <span class='ocrx_word' id='word_1_43' title='bbox 3115 511 3274 590; x_wconf 78' lang='lat' dir='ltr'><strong>aliter</strong></span> <span class='ocrx_word' id='word_1_44' title='bbox 3311 511 3496 605; x_wconf 40' lang='lat' dir='ltr'><strong>atque—</strong></span> <span class='ocrx_word' id='word_1_45' title='bbox 3528 536 3574 591; x_wconf 86' lang='lat' dir='ltr'><strong>si</strong></span> <span class='ocrx_word' id='word_1_46' title='bbox 3620 537 3736 606; x_wconf 89' lang='lat' dir='ltr'><strong>jam</strong></span> 
     </span>
    </p>
   </div>
   <div class='ocr_carea' id='block_1_5' title="bbox 504 607 3736 697">
    <p class='ocr_par' dir='ltr' id='par_1_5' title="bbox 504 607 3736 697">
     <span class='ocr_line' id='line_1_5' title="bbox 504 607 3736 697; baseline 0.003 -24"><span class='ocrx_word' id='word_1_47' title='bbox 504 607 790 673; x_wconf 61' lang='lat' dir='ltr'><strong>Pmsenlia</strong></span> <span class='ocrx_word' id='word_1_48' title='bbox 831 607 1028 673; x_wconf 67' lang='grc' dir='ltr'><strong>Γοτθηιο</strong></span> <span class='ocrx_word' id='word_1_49' title='bbox 1085 629 1183 668; x_wconf 72' lang='lat' dir='ltr'><strong>sua</strong></span> <span class='ocrx_word' id='word_1_50' title='bbox 1242 614 1296 667; x_wconf 84' lang='lat' dir='ltr'><strong>in</strong></span> <span class='ocrx_word' id='word_1_51' title='bbox 1355 624 1648 684; x_wconf 86' lang='lat' dir='ltr'><strong>potestate,</strong></span> <span class='ocrx_word' id='word_1_52' title='bbox 1713 635 1813 689; x_wconf 82' lang='lat' dir='ltr'><strong>qua</strong></span> <span class='ocrx_word' id='word_1_53' title='bbox 1859 624 2112 680; x_wconf 87' lang='lat' dir='ltr'><strong>universa</strong></span> <span class='ocrx_word' id='word_1_54' title='bbox 2164 625 2565 696; x_wconf 88' lang='lat' dir='ltr'><strong>complectitur,</strong></span> <span class='ocrx_word' id='word_1_55' title='bbox 2611 626 2796 682; x_wconf 88' lang='lat' dir='ltr'><strong>habet.</strong></span> <span class='ocrx_word' id='word_1_56' title='bbox 2847 627 2942 682; x_wconf 88' lang='lat' dir='ltr'><strong>Est</strong></span> <span class='ocrx_word' id='word_1_57' title='bbox 2977 627 3144 697; x_wconf 74' lang='lat' dir='ltr'><strong>igitur</strong></span> <span class='ocrx_word' id='word_1_58' title='bbox 3173 633 3288 680; x_wconf 87' lang='lat' dir='ltr'><strong>tota</strong></span> <span class='ocrx_word' id='word_1_59' title='bbox 3332 633 3525 682; x_wconf 89' lang='lat' dir='ltr'><strong>natura</strong></span> <span class='ocrx_word' id='word_1_60' title='bbox 3555 627 3736 683; x_wconf 88' lang='lat' dir='ltr'><strong>homi-</strong></span> 
     </span>
    </p>
   </div>
   <div class='ocr_carea' id='block_1_6' title="bbox 507 704 3739 798">
    <p class='ocr_par' dir='ltr' id='par_1_6' title="bbox 507 704 3739 798">
     <span class='ocr_line' id='line_1_6' title="bbox 507 704 3739 798; baseline 0.006 -38"><span class='ocrx_word' id='word_1_61' title='bbox 507 716 713 798; x_wconf 28' lang='lat' dir='ltr'><strong>num‘a</strong></span> <span class='ocrx_word' id='word_1_62' title='bbox 750 704 942 798; x_wconf 82' lang='lat' dir='ltr'><strong>primis</strong></span> <span class='ocrx_word' id='word_1_63' title='bbox 989 709 1054 762; x_wconf 88' lang='lat' dir='ltr'><strong>ad</strong></span> <span class='ocrx_word' id='word_1_64' title='bbox 1081 718 1356 768; x_wconf 78' lang='lat' dir='ltr'><strong>extremos</strong></span> <span class='ocrx_word' id='word_1_65' title='bbox 1409 731 1604 785; x_wconf 87' lang='lat' dir='ltr'><strong>usque,</strong></span> <span class='ocrx_word' id='word_1_66' title='bbox 1647 732 1764 785; x_wconf 55' lang='lat' dir='ltr'><strong>una,</strong></span> <span class='ocrx_word' id='word_1_67' title='bbox 1805 721 2103 792; x_wconf 82' lang='lat' dir='ltr'><strong>eademque</strong></span> <span class='ocrx_word' id='word_1_68' title='bbox 2158 727 2269 782; x_wconf 88' lang='lat' dir='ltr'><strong>veri</strong></span> <span class='ocrx_word' id='word_1_69' title='bbox 2321 727 2411 783; x_wconf 89' lang='lat' dir='ltr'><strong>Dei</strong></span> <span class='ocrx_word' id='word_1_70' title='bbox 2445 729 2642 798; x_wconf 75' lang='lat' dir='ltr'><strong>imago.</strong></span> <span class='ocrx_word' id='word_1_71' title='bbox 2681 727 2856 784; x_wconf 82' lang='lat' dir='ltr'><strong>Sexus</strong></span> <span class='ocrx_word' id='word_1_72' title='bbox 2900 739 3081 785; x_wconf 88' lang='lat' dir='ltr'><strong>autem</strong></span> <span class='ocrx_word' id='word_1_73' title='bbox 3135 729 3362 786; x_wconf 86' lang='lat' dir='ltr'><strong>masculi</strong></span> <span class='ocrx_word' id='word_1_74' title='bbox 3407 726 3739 796; x_wconf 84' lang='lat' dir='ltr'><strong>femineique</strong></span> 
     </span>
    </p>
   </div>
   <div class='ocr_carea' id='block_1_7' title="bbox 506 792 3740 938">
    <p class='ocr_par' dir='ltr' id='par_1_7' title="bbox 506 792 3740 938">
     <span class='ocr_line' id='line_1_7' title="bbox 506 792 3740 938; baseline 0.008 -93"><span class='ocrx_word' id='word_1_75' title='bbox 506 792 800 938; x_wconf 57' lang='lat' dir='ltr'><strong>«flisfrimen</strong></span> <span class='ocrx_word' id='word_1_76' title='bbox 849 797 904 851; x_wconf 90' lang='lat' dir='ltr'><strong>in</strong></span> <span class='ocrx_word' id='word_1_77' title='bbox 967 800 1184 857; x_wconf 89' lang='lat' dir='ltr'><strong>homine</strong></span> <span class='ocrx_word' id='word_1_78' title='bbox 1233 803 1346 871; x_wconf 90' lang='lat' dir='ltr'><strong>jam</strong></span> <span class='ocrx_word' id='word_1_79' title='bbox 1405 815 1590 862; x_wconf 84' lang='lat' dir='ltr'><strong>creato</strong></span> <span class='ocrx_word' id='word_1_80' title='bbox 1619 809 1687 864; x_wconf 90' lang='lat' dir='ltr'><strong>de</strong></span> <span class='ocrx_word' id='word_1_81' title='bbox 1713 825 1898 880; x_wconf 89' lang='lat' dir='ltr'><strong>causa,</strong></span> <span class='ocrx_word' id='word_1_82' title='bbox 1937 822 1996 868; x_wconf 91' lang='lat' dir='ltr'><strong>ut</strong></span> <span class='ocrx_word' id='word_1_83' title='bbox 2043 819 2143 887; x_wconf 76' lang='lat' dir='ltr'><strong>ego</strong></span> <span class='ocrx_word' id='word_1_84' title='bbox 2197 818 2414 888; x_wconf 89' lang='lat' dir='ltr'><strong>quidem</strong></span> <span class='ocrx_word' id='word_1_85' title='bbox 2447 792 2736 886; x_wconf 69' lang='lat' dir='ltr'><strong>existimo,</strong></span> <span class='ocrx_word' id='word_1_86' title='bbox 2802 820 3115 891; x_wconf 87' lang='lat' dir='ltr'><strong>hujusmodi</strong></span> <span class='ocrx_word' id='word_1_87' title='bbox 3175 819 3410 892; x_wconf 87' lang='lat' dir='ltr'><strong>quadam</strong></span> <span class='ocrx_word' id='word_1_88' title='bbox 3463 792 3740 890; x_wconf 84' lang='lat' dir='ltr'><strong>adjectum</strong></span> 
     </span>
     <span class='ocr_line' id='line_1_8' title="bbox 533 900 627 937; baseline 0 -1"><span class='ocrx_word' id='word_1_89' title='bbox 533 900 581 937; x_wconf 82' lang='lat' dir='ltr'><strong>Ill</strong></span> <span class='ocrx_word' id='word_1_90' title='bbox 614 924 627 936; x_wconf 95' lang='lat'><strong>.</strong></span> 
     </span>
    </p>
   </div>
   <div class='ocr_carea' id='block_1_8' title="bbox 1071 1025 2079 1087">
    <p class='ocr_par' dir='ltr' id='par_1_8' title="bbox 1071 1025 1505 1084">
     <span class='ocr_line' id='line_1_9' title="bbox 1071 1025 1505 1084; baseline 0.009 -5"><span class='ocrx_word' id='word_1_91' title='bbox 1071 1025 1300 1082; x_wconf 80' lang='lat' dir='ltr'><strong>CAPUT</strong></span> <span class='ocrx_word' id='word_1_92' title='bbox 1342 1029 1505 1084; x_wconf 81' lang='lat' dir='ltr'><strong>XVII.</strong></span> 
     </span>
    </p>
   </div>
   <div class='ocr_carea' id='block_1_9' title="bbox 2179 1025 3213 1087">
    <p class='ocr_par' dir='ltr' id='par_1_9' title="bbox 2681 1030 3213 1087">
     <span class='ocr_line' id='line_1_10' title="bbox 2681 1030 3213 1087; baseline -0.002 0"><span class='ocrx_word' id='word_1_93' title='bbox 2681 1030 3072 1087; x_wconf 78' lang='grc' dir='ltr'><strong>ΚΕΦΑΛΑΙΟΝ</strong></span> <span class='ocrx_word' id='word_1_94' title='bbox 3115 1033 3213 1086; x_wconf 83' lang='lat' dir='ltr'><strong>IZ&#39;.</strong></span> 
     </span>
    </p>
   </div>
   <div class='ocr_carea' id='block_1_10' title="bbox 506 1133 2079 1220">
    <p class='ocr_par' dir='ltr' id='par_1_10' title="bbox 506 1133 2071 1220">
     <span class='ocr_line' id='line_1_11' title="bbox 506 1133 2071 1220; baseline 0.01 -35"><span class='ocrx_word' id='word_1_95' title='bbox 506 1133 1090 1220; x_wconf 32' lang='lat' dir='ltr'><strong>Quidni-espoudendunt</strong></span> <span class='ocrx_word' id='word_1_96' title='bbox 1124 1139 1523 1220; x_wconf 45' lang='lat' dir='ltr'><strong>.dubitantious,</strong></span> <span class='ocrx_word' id='word_1_97' title='bbox 1589 1143 1846 1220; x_wconf 72' lang='lat' dir='ltr'><strong>quomodo</strong></span> <span class='ocrx_word' id='word_1_98' title='bbox 1901 1145 2071 1220; x_wconf 61' lang='lat' dir='ltr'><strong>animi</strong></span> 
     </span>
    </p>
   </div>
   <div class='ocr_carea' id='block_1_11' title="bbox 2179 1133 3740 1220">
    <p class='ocr_par' dir='ltr' id='par_1_11' title="bbox 2179 1141 3740 1220">
     <span class='ocr_line' id='line_1_12' title="bbox 2179 1141 3740 1220; baseline -0.001 -22"><span class='ocrx_word' id='word_1_99' title='bbox 2179 1143 2241 1198; x_wconf 85' lang='grc' dir='ltr'>Τί</span> <span class='ocrx_word' id='word_1_100' title='bbox 2261 1141 2378 1220; x_wconf 77' lang='grc' dir='ltr'>χρὴ</span> <span class='ocrx_word' id='word_1_101' title='bbox 2401 1143 2610 1220; x_wconf 48' lang='grc' dir='ltr'>ψέγειν·</span> <span class='ocrx_word' id='word_1_102' title='bbox 2641 1143 2784 1220; x_wconf 66' lang='grc' dir='ltr'>πρὸς</span> <span class='ocrx_word' id='word_1_103' title='bbox 2812 1142 2960 1220; x_wconf 62' lang='grc' dir='ltr'>τορς</span> <span class='ocrx_word' id='word_1_104' title='bbox 2990 1141 3479 1220; x_wconf 51' lang='grc' dir='ltr'>ἐταποροῦγτας,</span> <span class='ocrx_word' id='word_1_105' title='bbox 3512 1143 3563 1196; x_wconf 82' lang='grc' dir='ltr'><strong>εί</strong></span> 
     </span>
    </p>
   </div>
   <div class='ocr_carea' id='block_1_12' title="bbox 581 1206 2079 1281">
    <p class='ocr_par' dir='ltr' id='par_1_12' title="bbox 581 1206 2074 1281">
     <span class='ocr_line' id='line_1_13' title="bbox 581 1206 2074 1281; baseline 0.009 -24"><span class='ocrx_word' id='word_1_106' title='bbox 581 1206 1013 1281; x_wconf 35' lang='lat' dir='ltr'><strong>oriturifu‘issmt</strong></span> <span class='ocrx_word' id='word_1_107' title='bbox 1043 1209 1348 1281; x_wconf 71' lang='lat' dir='ltr'><strong>sihomines</strong></span> <span class='ocrx_word' id='word_1_108' title='bbox 1396 1212 1479 1264; x_wconf 85' lang='lat' dir='ltr'><strong>illi</strong></span> <span class='ocrx_word' id='word_1_109' title='bbox 1508 1206 1781 1280; x_wconf 66' lang='lat' dir='ltr'><strong>principes</strong></span> <span class='ocrx_word' id='word_1_110' title='bbox 1819 1215 1968 1268; x_wconf 84' lang='lat' dir='ltr'><strong>nulla</strong></span> <span class='ocrx_word' id='word_1_111' title='bbox 2018 1232 2074 1271; x_wconf 73' lang='lat' dir='ltr'><strong>se</strong></span> 
     </span>
    </p>
   </div>
   <div class='ocr_carea' id='block_1_13' title="bbox 2179 1206 3739 1281">
    <p class='ocr_par' dir='ltr' id='par_1_13' title="bbox 2257 1206 3739 1281">
     <span class='ocr_line' id='line_1_14' title="bbox 2257 1206 3739 1281; baseline 0.002 -17"><span class='ocrx_word' id='word_1_112' title='bbox 2257 1206 2674 1280; x_wconf 54' lang='grc' dir='ltr'>ἦνιν-ἁμαρτίαν</span> <span class='ocrx_word' id='word_1_113' title='bbox 2685 1206 2734 1278; x_wconf 73' lang='grc' dir='ltr'><strong>’ἡ</strong></span> <span class='ocrx_word' id='word_1_114' title='bbox 2749 1206 3124 1281; x_wconf 50' lang='lat' dir='ltr'><strong>amoenam,</strong></span> <span class='ocrx_word' id='word_1_115' title='bbox 3148 1206 3274 1276; x_wconf 58' lang='grc' dir='ltr'>πῶς</span> <span class='ocrx_word' id='word_1_116' title='bbox 3285 1211 3363 1265; x_wconf 78' lang='grc' dir='ltr'><strong>ἂν</strong></span> <span class='ocrx_word' id='word_1_117' title='bbox 3382 1206 3660 1281; x_wconf 65' lang='grc' dir='ltr'>ἐγένονῖτο</span> <span class='ocrx_word' id='word_1_118' title='bbox 3677 1215 3739 1267; x_wconf 82' lang='grc' dir='ltr'>ιιι</span> 
     </span>
    </p>
   </div>
   <div class='ocr_carea' id='block_1_14' title="bbox 577 1276 2079 1352">
    <p class='ocr_par' dir='ltr' id='par_1_14' title="bbox 577 1276 2075 1352">
     <span class='ocr_line' id='line_1_15' title="bbox 577 1276 2075 1352; baseline 0.009 -26"><span class='ocrx_word' id='word_1_119' title='bbox 577 1277 779 1352; x_wconf 66' lang='lat' dir='ltr'><strong>peccati</strong></span> <span class='ocrx_word' id='word_1_120' title='bbox 837 1276 1353 1352; x_wconf 69' lang='lat' dir='ltr'><strong>lqbe~polluissenl:</strong></span> <span class='ocrx_word' id='word_1_121' title='bbox 1407 1276 1618 1350; x_wconf 69' lang='lat' dir='ltr'><strong>quando</strong></span> <span class='ocrx_word' id='word_1_122' title='bbox 1671 1276 1903 1351; x_wconf 62' lang='lat' dir='ltr'><strong>primum</strong></span> <span class='ocrx_word' id='word_1_123' title='bbox 1958 1295 2075 1352; x_wconf 78' lang='lat' dir='ltr'><strong>post</strong></span> 
     </span>
    </p>
   </div>
   <div class='ocr_carea' id='block_1_15' title="bbox 2179 1276 3737 1352">
    <p class='ocr_par' dir='ltr' id='par_1_15' title="bbox 2241 1276 3737 1352">
     <span class='ocr_line' id='line_1_16' title="bbox 2241 1276 3737 1352; baseline 0.009 -22"><span class='ocrx_word' id='word_1_124' title='bbox 2241 1276 2454 1352; x_wconf 54' lang='grc' dir='ltr'>Ψύχαλ</span> <span class='ocrx_word' id='word_1_125' title='bbox 2483 1276 2536 1334; x_wconf 80' lang='grc' dir='ltr'><strong>ἐι</strong></span> <span class='ocrx_word' id='word_1_126' title='bbox 2563 1276 2962 1350; x_wconf 72' lang='grc' dir='ltr'>ἀναμάρτητοι</span> <span class='ocrx_word' id='word_1_127' title='bbox 3002 1280 3305 1350; x_wconf 79' lang='grc' dir='ltr'>διέμειναν</span> <span class='ocrx_word' id='word_1_128' title='bbox 3343 1284 3398 1336; x_wconf 79' lang='grc' dir='ltr'>οἱ</span> <span class='ocrx_word' id='word_1_129' title='bbox 3423 1276 3516 1346; x_wconf 75' lang='grc' dir='ltr'><strong>’ἐξ</strong></span> <span class='ocrx_word' id='word_1_130' title='bbox 3539 1281 3737 1352; x_wconf 82' lang='grc' dir='ltr'>ἀρχῆς</span> 
     </span>
    </p>
   </div>
   <div class='ocr_carea' id='block_1_16' title="bbox 577 1344 2560 1420">
    <p class='ocr_par' dir='ltr' id='par_1_16' title="bbox 577 1344 2560 1420">
     <span class='ocr_line' id='line_1_17' title="bbox 577 1344 2560 1420; baseline 0.008 -24"><span class='ocrx_word' id='word_1_131' title='bbox 577 1344 727 1420; x_wconf 61' lang='grc' dir='ltr'><strong>ίιιιιιεΔ</strong></span> <span class='ocrx_word' id='word_1_132' title='bbox 746 1344 1157 1420; x_wconf 72' lang='lat' dir='ltr'><strong>inquinationem</strong></span> <span class='ocrx_word' id='word_1_133' title='bbox 1180 1417 1188 1420; x_wconf 87' lang='lat'>_</span> <span class='ocrx_word' id='word_1_134' title='bbox 1212 1344 1429 1418; x_wconf 67' lang='lat' dir='ltr'><strong>operarii</strong></span> <span class='ocrx_word' id='word_1_135' title='bbox 1473 1344 1827 1420; x_wconf 72' lang='lat' dir='ltr'><strong>procreittioni</strong></span> <span class='ocrx_word' id='word_1_136' title='bbox 1873 1344 2072 1411; x_wconf 69' lang='lat' dir='ltr'><strong>sobolis</strong></span> <span class='ocrx_word' id='word_1_137' title='bbox 2243 1344 2560 1418; x_wconf 60' lang='grc' dir='ltr'><strong>ἇνθρωποιο</strong></span> 
     </span>
    </p>
   </div>
   <div class='ocr_carea' id='block_1_17' title="bbox 581 1413 1357 1473">
    <p class='ocr_par' dir='ltr' id='par_1_17' title="bbox 581 1413 1357 1473">
     <span class='ocr_line' id='line_1_18' title="bbox 581 1413 1357 1473; baseline 0.012 -9"><span class='ocrx_word' id='word_1_138' title='bbox 581 1413 841 1468; x_wconf 80' lang='lat' dir='ltr'><strong>hominem</strong></span> <span class='ocrx_word' id='word_1_139' title='bbox 877 1415 1082 1472; x_wconf 75' lang='lat' dir='ltr'><strong>dedisse</strong></span> <span class='ocrx_word' id='word_1_140' title='bbox 1108 1413 1357 1473; x_wconf 76' lang='lat' dir='ltr'><strong>videmus.</strong></span> 
     </span>
    </p>
   </div>
   <div class='ocr_carea' id='block_1_18' title="bbox 579 1500 2079 1577">
    <p class='ocr_par' dir='ltr' id='par_1_18' title="bbox 579 1500 2075 1577">
     <span class='ocr_line' id='line_1_19' title="bbox 579 1500 2075 1577; baseline 0.009 -23"><span class='ocrx_word' id='word_1_141' title='bbox 579 1500 739 1558; x_wconf 84' lang='lat' dir='ltr'><strong>Prius</strong></span> <span class='ocrx_word' id='word_1_142' title='bbox 768 1519 896 1558; x_wconf 88' lang='lat' dir='ltr'><strong>vero</strong></span> <span class='ocrx_word' id='word_1_143' title='bbox 923 1521 1084 1574; x_wconf 93' lang='lat' dir='ltr'><strong>quam</strong></span> <span class='ocrx_word' id='word_1_144' title='bbox 1118 1506 1169 1560; x_wconf 93' lang='lat' dir='ltr'><strong>id</strong></span> <span class='ocrx_word' id='word_1_145' title='bbox 1225 1517 1648 1577; x_wconf 89' lang='lat' dir='ltr'><strong>perscrutemur,</strong></span> <span class='ocrx_word' id='word_1_146' title='bbox 1686 1510 1828 1567; x_wconf 85' lang='lat' dir='ltr'><strong>forte</strong></span> <span class='ocrx_word' id='word_1_147' title='bbox 1873 1512 2075 1568; x_wconf 90' lang='lat' dir='ltr'><strong>rectius</strong></span> 
     </span>
    </p>
   </div>
   <div class='ocr_carea' id='block_1_19' title="bbox 2179 1500 3743 1577">
    <p class='ocr_par' dir='ltr' id='par_1_19' title="bbox 2243 1503 3743 1576">
     <span class='ocr_line' id='line_1_20' title="bbox 2243 1503 3743 1576; baseline -0.001 -15"><span class='ocrx_word' id='word_1_148' title='bbox 2243 1506 2457 1562; x_wconf 75' lang='grc' dir='ltr'>Μᾶλλον</span> <span class='ocrx_word' id='word_1_149' title='bbox 2479 1505 2556 1567; x_wconf 79' lang='grc' dir='ltr'>δὲ,</span> <span class='ocrx_word' id='word_1_150' title='bbox 2574 1505 2702 1576; x_wconf 72' lang='grc' dir='ltr'>πρὶν</span> <span class='ocrx_word' id='word_1_151' title='bbox 2719 1503 2780 1556; x_wconf 78' lang='grc' dir='ltr'>τὸ</span> <span class='ocrx_word' id='word_1_152' title='bbox 2800 1504 3154 1575; x_wconf 89' lang='grc' dir='ltr'>προκείμενον</span> <span class='ocrx_word' id='word_1_153' title='bbox 3172 1503 3536 1574; x_wconf 82' lang='grc' dir='ltr'>διερευνῆσαι,</span> <span class='ocrx_word' id='word_1_154' title='bbox 3566 1506 3743 1575; x_wconf 85' lang='grc' dir='ltr'>κρεῖτ-</span> 
     </span>
    </p>
   </div>
   <div class='ocr_carea' id='block_1_20' title="bbox 512 1588 2077 1670">
    <p class='ocr_par' dir='ltr' id='par_1_20' title="bbox 512 1588 2077 1670">
     <span class='ocr_line' id='line_1_21' title="bbox 512 1588 2077 1670; baseline 0.007 -27"><span class='ocrx_word' id='word_1_155' title='bbox 512 1588 824 1655; x_wconf 79' lang='lat' dir='ltr'><strong>fecerimus,</strong></span> <span class='ocrx_word' id='word_1_156' title='bbox 857 1595 901 1650; x_wconf 88' lang='lat' dir='ltr'><strong>si</strong></span> <span class='ocrx_word' id='word_1_157' title='bbox 931 1595 1207 1664; x_wconf 88' lang='lat' dir='ltr'><strong>quiddam,</strong></span> <span class='ocrx_word' id='word_1_158' title='bbox 1243 1599 1388 1668; x_wconf 89' lang='lat' dir='ltr'><strong>quod</strong></span> <span class='ocrx_word' id='word_1_159' title='bbox 1422 1599 1489 1654; x_wconf 89' lang='lat' dir='ltr'><strong>ab</strong></span> <span class='ocrx_word' id='word_1_160' title='bbox 1520 1600 1845 1656; x_wconf 88' lang='lat' dir='ltr'><strong>adversariis</strong></span> <span class='ocrx_word' id='word_1_161' title='bbox 1884 1601 2077 1670; x_wconf 77' lang='lat' dir='ltr'><strong>objici-</strong></span> 
     </span>
    </p>
   </div>
   <div class='ocr_carea' id='block_1_21' title="bbox 511 1683 2074 1759">
    <p class='ocr_par' dir='ltr' id='par_1_21' title="bbox 511 1683 2074 1759">
     <span class='ocr_line' id='line_1_22' title="bbox 511 1683 2074 1759; baseline 0.008 -27"><span class='ocrx_word' id='word_1_162' title='bbox 511 1687 623 1744; x_wconf 91' lang='lat' dir='ltr'><strong>tur,</strong></span> <span class='ocrx_word' id='word_1_163' title='bbox 654 1683 1004 1752; x_wconf 81' lang='lat' dir='ltr'><strong>explicemus.</strong></span> <span class='ocrx_word' id='word_1_164' title='bbox 1034 1685 1200 1741; x_wconf 87' lang='lat' dir='ltr'><strong>Aiunt</strong></span> <span class='ocrx_word' id='word_1_165' title='bbox 1225 1690 1389 1752; x_wconf 90' lang='lat' dir='ltr'><strong>enim,</strong></span> <span class='ocrx_word' id='word_1_166' title='bbox 1423 1699 1547 1743; x_wconf 84' lang='lat' dir='ltr'><strong>ante</strong></span> <span class='ocrx_word' id='word_1_167' title='bbox 1573 1699 1849 1759; x_wconf 89' lang='lat' dir='ltr'><strong>peccatum</strong></span> <span class='ocrx_word' id='word_1_168' title='bbox 1873 1693 2074 1746; x_wconf 90' lang='lat' dir='ltr'><strong>nullam</strong></span> 
     </span>
    </p>
   </div>
   <div class='ocr_carea' id='block_1_22' title="bbox 511 1776 2075 1854">
    <p class='ocr_par' dir='ltr' id='par_1_22' title="bbox 511 1776 2075 1854">
     <span class='ocr_line' id='line_1_23' title="bbox 511 1776 2075 1854; baseline 0.01 -30"><span class='ocrx_word' id='word_1_169' title='bbox 511 1787 690 1842; x_wconf 88' lang='lat' dir='ltr'><strong>neque</strong></span> <span class='ocrx_word' id='word_1_170' title='bbox 715 1776 1132 1843; x_wconf 83' lang='lat' dir='ltr'><strong>procreationis,</strong></span> <span class='ocrx_word' id='word_1_171' title='bbox 1176 1794 1351 1848; x_wconf 93' lang='lat' dir='ltr'><strong>neque</strong></span> <span class='ocrx_word' id='word_1_172' title='bbox 1379 1783 1752 1852; x_wconf 75' lang='lat' dir='ltr'><strong>parturiginis,</strong></span> <span class='ocrx_word' id='word_1_173' title='bbox 1783 1798 1846 1838; x_wconf 88' lang='lat' dir='ltr'><strong>ac</strong></span> <span class='ocrx_word' id='word_1_174' title='bbox 1878 1801 1945 1838; x_wconf 91' lang='lat' dir='ltr'><strong>ne</strong></span> <span class='ocrx_word' id='word_1_175' title='bbox 1977 1801 2075 1854; x_wconf 89' lang='lat' dir='ltr'><strong>ap-</strong></span> 
     </span>
    </p>
   </div>
   <div class='ocr_carea' id='block_1_23' title="bbox 511 1865 2077 1942">
    <p class='ocr_par' dir='ltr' id='par_1_23' title="bbox 511 1865 2077 1942">
     <span class='ocr_line' id='line_1_24' title="bbox 511 1865 2077 1942; baseline 0.008 -23"><span class='ocrx_word' id='word_1_176' title='bbox 511 1865 714 1932; x_wconf 75' lang='lat' dir='ltr'><strong>petitus</strong></span> <span class='ocrx_word' id='word_1_177' title='bbox 744 1867 964 1936; x_wconf 89' lang='lat' dir='ltr'><strong>quidem</strong></span> <span class='ocrx_word' id='word_1_178' title='bbox 997 1869 1050 1923; x_wconf 92' lang='lat' dir='ltr'><strong>in</strong></span> <span class='ocrx_word' id='word_1_179' title='bbox 1082 1869 1300 1927; x_wconf 87' lang='lat' dir='ltr'><strong>homine</strong></span> <span class='ocrx_word' id='word_1_180' title='bbox 1320 1873 1386 1928; x_wconf 91' lang='lat' dir='ltr'><strong>ad</strong></span> <span class='ocrx_word' id='word_1_181' title='bbox 1418 1874 1813 1942; x_wconf 88' lang='lat' dir='ltr'><strong>procreandum</strong></span> <span class='ocrx_word' id='word_1_182' title='bbox 1845 1877 2077 1932; x_wconf 90' lang='lat' dir='ltr'><strong>mentio-</strong></span> 
     </span>
    </p>
   </div>
   <div class='ocr_carea' id='block_1_24' title="bbox 511 1954 2079 2036">
    <p class='ocr_par' dir='ltr' id='par_1_24' title="bbox 511 1954 2079 2036">
     <span class='ocr_line' id='line_1_25' title="bbox 511 1954 2079 2036; baseline 0.01 -28"><span class='ocrx_word' id='word_1_183' title='bbox 511 1969 636 2009; x_wconf 87' lang='lat' dir='ltr'><strong>nem</strong></span> <span class='ocrx_word' id='word_1_184' title='bbox 671 1954 805 2010; x_wconf 84' lang='lat' dir='ltr'><strong>lieri.</strong></span> <span class='ocrx_word' id='word_1_185' title='bbox 837 1955 1132 2029; x_wconf 86' lang='lat' dir='ltr'><strong>Postquam</strong></span> <span class='ocrx_word' id='word_1_186' title='bbox 1173 1969 1352 2017; x_wconf 91' lang='lat' dir='ltr'><strong>autem</strong></span> <span class='ocrx_word' id='word_1_187' title='bbox 1388 1963 1634 2019; x_wconf 88' lang='lat' dir='ltr'><strong>homines</strong></span> <span class='ocrx_word' id='word_1_188' title='bbox 1673 1964 1832 2035; x_wconf 88' lang='lat' dir='ltr'><strong>primi</strong></span> <span class='ocrx_word' id='word_1_189' title='bbox 1864 1981 2079 2036; x_wconf 87' lang='lat' dir='ltr'><strong>peccas-</strong></span> 
     </span>
    </p>
   </div>
   <div class='ocr_carea' id='block_1_25' title="bbox 513 2047 2076 2129">
    <p class='ocr_par' dir='ltr' id='par_1_25' title="bbox 513 2047 2076 2129">
     <span class='ocr_line' id='line_1_26' title="bbox 513 2047 2076 2129; baseline 0.011 -31"><span class='ocrx_word' id='word_1_190' title='bbox 513 2053 656 2110; x_wconf 86' lang='lat' dir='ltr'><strong>sent,</strong></span> <span class='ocrx_word' id='word_1_191' title='bbox 687 2047 862 2116; x_wconf 91' lang='lat' dir='ltr'><strong>deque</strong></span> <span class='ocrx_word' id='word_1_192' title='bbox 890 2051 1142 2118; x_wconf 88' lang='lat' dir='ltr'><strong>paradiso</strong></span> <span class='ocrx_word' id='word_1_193' title='bbox 1165 2052 1323 2121; x_wconf 87' lang='lat' dir='ltr'><strong>ejecti</strong></span> <span class='ocrx_word' id='word_1_194' title='bbox 1350 2061 1552 2122; x_wconf 82' lang='lat' dir='ltr'><strong>essent,</strong></span> <span class='ocrx_word' id='word_1_195' title='bbox 1581 2069 1644 2109; x_wconf 89' lang='lat' dir='ltr'><strong>ac</strong></span> <span class='ocrx_word' id='word_1_196' title='bbox 1675 2055 1887 2111; x_wconf 82' lang='lat' dir='ltr'><strong>feminae</strong></span> <span class='ocrx_word' id='word_1_197' title='bbox 1916 2073 2076 2129; x_wconf 71' lang='lat' dir='ltr'><strong>paena</strong></span> 
     </span>
    </p>
   </div>
   <div class='ocr_carea' id='block_1_26' title="bbox 510 2136 2077 2212">
    <p class='ocr_par' dir='ltr' id='par_1_26' title="bbox 510 2136 2077 2212">
     <span class='ocr_line' id='line_1_27' title="bbox 510 2136 2077 2212; baseline 0.011 -24"><span class='ocrx_word' id='word_1_198' title='bbox 510 2136 763 2190; x_wconf 88' lang='lat' dir='ltr'><strong>dolorum</strong></span> <span class='ocrx_word' id='word_1_199' title='bbox 796 2138 850 2191; x_wconf 92' lang='lat' dir='ltr'><strong>in</strong></span> <span class='ocrx_word' id='word_1_200' title='bbox 881 2147 1038 2208; x_wconf 88' lang='lat' dir='ltr'><strong>partu</strong></span> <span class='ocrx_word' id='word_1_201' title='bbox 1073 2150 1218 2196; x_wconf 91' lang='lat' dir='ltr'><strong>esset</strong></span> <span class='ocrx_word' id='word_1_202' title='bbox 1258 2142 1532 2212; x_wconf 84' lang='lat' dir='ltr'><strong>imposita,</strong></span> <span class='ocrx_word' id='word_1_203' title='bbox 1596 2154 1711 2200; x_wconf 92' lang='lat' dir='ltr'><strong>tum</strong></span> <span class='ocrx_word' id='word_1_204' title='bbox 1747 2149 1956 2204; x_wconf 89' lang='lat' dir='ltr'><strong>scilicet</strong></span> <span class='ocrx_word' id='word_1_205' title='bbox 2011 2150 2077 2205; x_wconf 93' lang='lat' dir='ltr'><strong>ad</strong></span> 
     </span>
    </p>
   </div>
   <div class='ocr_carea' id='block_1_27' title="bbox 515 2229 2077 2298">
    <p class='ocr_par' dir='ltr' id='par_1_27' title="bbox 515 2229 2077 2298">
     <span class='ocr_line' id='line_1_28' title="bbox 515 2229 2077 2298; baseline 0.009 -16"><span class='ocrx_word' id='word_1_206' title='bbox 515 2229 566 2282; x_wconf 94' lang='lat' dir='ltr'><strong>id</strong></span> <span class='ocrx_word' id='word_1_207' title='bbox 590 2243 940 2298; x_wconf 80' lang='lat' dir='ltr'><strong>progressum</strong></span> <span class='ocrx_word' id='word_1_208' title='bbox 968 2246 1088 2286; x_wconf 89' lang='lat' dir='ltr'><strong>esse</strong></span> <span class='ocrx_word' id='word_1_209' title='bbox 1118 2233 1407 2298; x_wconf 86' lang='lat' dir='ltr'><strong>Adamum,</strong></span> <span class='ocrx_word' id='word_1_210' title='bbox 1434 2243 1492 2288; x_wconf 92' lang='lat' dir='ltr'><strong>ut</strong></span> <span class='ocrx_word' id='word_1_211' title='bbox 1521 2240 1914 2296; x_wconf 87' lang='lat' dir='ltr'><strong>consuetudine</strong></span> <span class='ocrx_word' id='word_1_212' title='bbox 1947 2257 2077 2296; x_wconf 88' lang='lat' dir='ltr'><strong>con-</strong></span> 
     </span>
    </p>
   </div>
   <div class='ocr_carea' id='block_1_28' title="bbox 2173 1594 3740 1666">
    <p class='ocr_par' dir='ltr' id='par_1_28' title="bbox 2173 1594 3740 1666">
     <span class='ocr_line' id='line_1_29' title="bbox 2173 1594 3740 1666; baseline -0.001 -16"><span class='ocrx_word' id='word_1_213' title='bbox 2173 1613 2265 1650; x_wconf 87' lang='grc' dir='ltr'><strong>τον</strong></span> <span class='ocrx_word' id='word_1_214' title='bbox 2306 1597 2434 1658; x_wconf 75' lang='grc' dir='ltr'>ἴσως</span> <span class='ocrx_word' id='word_1_215' title='bbox 2475 1594 2566 1648; x_wconf 87' lang='grc' dir='ltr'><strong>τοῦ</strong></span> <span class='ocrx_word' id='word_1_216' title='bbox 2601 1595 3006 1666; x_wconf 82' lang='grc' dir='ltr'><strong>προφερομένου</strong></span> <span class='ocrx_word' id='word_1_217' title='bbox 3057 1595 3211 1665; x_wconf 91' lang='grc' dir='ltr'><strong>παρά</strong></span> <span class='ocrx_word' id='word_1_218' title='bbox 3254 1594 3363 1648; x_wconf 85' lang='grc' dir='ltr'><strong>τῶν</strong></span> <span class='ocrx_word' id='word_1_219' title='bbox 3413 1596 3740 1666; x_wconf 83' lang='grc' dir='ltr'>μαχομένων</span> 
     </span>
    </p>
   </div>
   <div class='ocr_carea' id='block_1_29' title="bbox 2174 1685 3742 1758">
    <p class='ocr_par' dir='ltr' id='par_1_29' title="bbox 2174 1685 3742 1758">
     <span class='ocr_line' id='line_1_30' title="bbox 2174 1685 3742 1758; baseline -0.001 -18"><span class='ocrx_word' id='word_1_220' title='bbox 2174 1689 2304 1758; x_wconf 82' lang='grc' dir='ltr'>ἡμῖν</span> <span class='ocrx_word' id='word_1_221' title='bbox 2344 1685 2672 1757; x_wconf 73' lang='grc' dir='ltr'>ἐπιζητῆσαι</span> <span class='ocrx_word' id='word_1_222' title='bbox 2716 1686 2815 1757; x_wconf 80' lang='grc' dir='ltr'>τὴν</span> <span class='ocrx_word' id='word_1_223' title='bbox 2847 1685 3021 1739; x_wconf 87' lang='grc' dir='ltr'>λύσιν.</span> <span class='ocrx_word' id='word_1_224' title='bbox 3069 1686 3302 1754; x_wconf 83' lang='grc' dir='ltr'><strong>Λέγουσι</strong></span> <span class='ocrx_word' id='word_1_225' title='bbox 3336 1685 3445 1756; x_wconf 81' lang='grc' dir='ltr'><strong>γὰρ</strong></span> <span class='ocrx_word' id='word_1_226' title='bbox 3487 1685 3593 1756; x_wconf 79' lang='grc' dir='ltr'><strong>πρὸ</strong></span> <span class='ocrx_word' id='word_1_227' title='bbox 3639 1687 3742 1757; x_wconf 82' lang='grc' dir='ltr'>τῆς</span> 
     </span>
    </p>
   </div>
   <div class='ocr_carea' id='block_1_30' title="bbox 2174 1775 3739 1849">
    <p class='ocr_par' dir='ltr' id='par_1_30' title="bbox 2174 1775 3739 1849">
     <span class='ocr_line' id='line_1_31' title="bbox 2174 1775 3739 1849; baseline -0.001 -18"><span class='ocrx_word' id='word_1_228' title='bbox 2174 1778 2450 1849; x_wconf 85' lang='grc' dir='ltr'>ἁμαρτίας</span> <span class='ocrx_word' id='word_1_229' title='bbox 2482 1778 2617 1847; x_wconf 86' lang='grc' dir='ltr'>μήτε</span> <span class='ocrx_word' id='word_1_230' title='bbox 2649 1777 2806 1830; x_wconf 84' lang='grc' dir='ltr'>τόκον</span> <span class='ocrx_word' id='word_1_231' title='bbox 2840 1777 3190 1848; x_wconf 75' lang='grc' dir='ltr'>ἱστορεῖσθαι,</span> <span class='ocrx_word' id='word_1_232' title='bbox 3220 1777 3360 1847; x_wconf 86' lang='grc' dir='ltr'>μήτε</span> <span class='ocrx_word' id='word_1_233' title='bbox 3385 1775 3568 1841; x_wconf 82' lang='grc' dir='ltr'><strong>ὠδῖνα,</strong></span> <span class='ocrx_word' id='word_1_234' title='bbox 3601 1777 3739 1848; x_wconf 79' lang='grc' dir='ltr'>μήτε</span> 
     </span>
    </p>
   </div>
   <div class='ocr_carea' id='block_1_31' title="bbox 2173 1865 3737 1942">
    <p class='ocr_par' dir='ltr' id='par_1_31' title="bbox 2173 1865 3737 1942">
     <span class='ocr_line' id='line_1_32' title="bbox 2173 1865 3737 1942; baseline -0.002 -20"><span class='ocrx_word' id='word_1_235' title='bbox 2173 1869 2272 1941; x_wconf 77' lang='grc' dir='ltr'>τὴν</span> <span class='ocrx_word' id='word_1_236' title='bbox 2301 1869 2436 1942; x_wconf 83' lang='grc' dir='ltr'>πρὸς</span> <span class='ocrx_word' id='word_1_237' title='bbox 2485 1869 2823 1922; x_wconf 81' lang='grc' dir='ltr'>παιδοποιῖαν</span> <span class='ocrx_word' id='word_1_238' title='bbox 2863 1871 3035 1940; x_wconf 78' lang='grc' dir='ltr'>ὁρμήν</span> <span class='ocrx_word' id='word_1_239' title='bbox 3060 1885 3073 1900; x_wconf 74' lang='grc' dir='ltr'><strong>ο</strong></span> <span class='ocrx_word' id='word_1_240' title='bbox 3106 1869 3530 1924; x_wconf 85' lang='grc' dir='ltr'>ἀποικισθέντων</span> <span class='ocrx_word' id='word_1_241' title='bbox 3559 1869 3616 1922; x_wconf 84' lang='grc' dir='ltr'>δὲ</span> <span class='ocrx_word' id='word_1_242' title='bbox 3641 1865 3737 1923; x_wconf 84' lang='grc' dir='ltr'><strong>τοῦ</strong></span> 
     </span>
    </p>
   </div>
   <div class='ocr_carea' id='block_1_32' title="bbox 2175 1960 3741 2032">
    <p class='ocr_par' dir='ltr' id='par_1_32' title="bbox 2175 1960 3741 2032">
     <span class='ocr_line' id='line_1_33' title="bbox 2175 1960 3741 2032; baseline -0.002 -16"><span class='ocrx_word' id='word_1_243' title='bbox 2175 1961 2501 2031; x_wconf 79' lang='grc' dir='ltr'><strong>παραδείσου</strong></span> <span class='ocrx_word' id='word_1_244' title='bbox 2531 1960 2667 2031; x_wconf 86' lang='grc' dir='ltr'><strong>μετά</strong></span> <span class='ocrx_word' id='word_1_245' title='bbox 2691 1961 2788 2032; x_wconf 83' lang='grc' dir='ltr'>τὴν</span> <span class='ocrx_word' id='word_1_246' title='bbox 2814 1960 3108 2031; x_wconf 75' lang='grc' dir='ltr'>ἁμαρτίαν,</span> <span class='ocrx_word' id='word_1_247' title='bbox 3135 1961 3229 2014; x_wconf 76' lang='grc' dir='ltr'><strong>καὶ</strong></span> <span class='ocrx_word' id='word_1_248' title='bbox 3261 1961 3361 2031; x_wconf 79' lang='grc' dir='ltr'>τῆς</span> <span class='ocrx_word' id='word_1_249' title='bbox 3389 1960 3645 2029; x_wconf 73' lang='grc' dir='ltr'>γυναικὸς</span> <span class='ocrx_word' id='word_1_250' title='bbox 3672 1963 3741 2032; x_wconf 72' lang='grc' dir='ltr'><strong>τῇ</strong></span> 
     </span>
    </p>
   </div>
   <div class='ocr_carea' id='block_1_33' title="bbox 2173 2051 3744 2124">
    <p class='ocr_par' dir='ltr' id='par_1_33' title="bbox 2173 2051 3744 2124">
     <span class='ocr_line' id='line_1_34' title="bbox 2173 2051 3744 2124; baseline -0.001 -17"><span class='ocrx_word' id='word_1_251' title='bbox 2173 2053 2412 2124; x_wconf 71' lang='grc' dir='ltr'>τιμωρίᾳ</span> <span class='ocrx_word' id='word_1_252' title='bbox 2447 2052 2560 2105; x_wconf 86' lang='grc' dir='ltr'>τῶν</span> <span class='ocrx_word' id='word_1_253' title='bbox 2591 2051 2796 2106; x_wconf 83' lang='grc' dir='ltr'>ὠδίνων</span> <span class='ocrx_word' id='word_1_254' title='bbox 2846 2051 3305 2123; x_wconf 85' lang='grc' dir='ltr'>κατακριθείσης,</span> <span class='ocrx_word' id='word_1_255' title='bbox 3347 2051 3520 2116; x_wconf 77' lang='grc' dir='ltr'>οὕτως</span> <span class='ocrx_word' id='word_1_256' title='bbox 3568 2052 3744 2106; x_wconf 72' lang='grc' dir='ltr'>ἐλθεῖν</span> 
     </span>
    </p>
   </div>
   <div class='ocr_carea' id='block_1_34' title="bbox 2173 2141 3744 2214">
    <p class='ocr_par' dir='ltr' id='par_1_34' title="bbox 2173 2141 3744 2214">
     <span class='ocr_line' id='line_1_35' title="bbox 2173 2141 3744 2214; baseline -0.001 -17"><span class='ocrx_word' id='word_1_257' title='bbox 2173 2143 2264 2197; x_wconf 80' lang='grc' dir='ltr'><strong>τὸν</strong></span> <span class='ocrx_word' id='word_1_258' title='bbox 2311 2143 2480 2213; x_wconf 79' lang='grc' dir='ltr'>Ἀδὰμ</span> <span class='ocrx_word' id='word_1_259' title='bbox 2505 2144 2584 2203; x_wconf 88' lang='grc' dir='ltr'><strong>είς</strong></span> <span class='ocrx_word' id='word_1_260' title='bbox 2609 2141 2670 2194; x_wconf 78' lang='grc' dir='ltr'>τὸ</span> <span class='ocrx_word' id='word_1_261' title='bbox 2689 2141 2891 2210; x_wconf 84' lang='grc' dir='ltr'>γνῶναι</span> <span class='ocrx_word' id='word_1_262' title='bbox 2920 2142 3173 2212; x_wconf 86' lang='grc' dir='ltr'>γαμικῶς</span> <span class='ocrx_word' id='word_1_263' title='bbox 3201 2142 3299 2214; x_wconf 82' lang='grc' dir='ltr'>τὴν</span> <span class='ocrx_word' id='word_1_264' title='bbox 3327 2143 3614 2213; x_wconf 80' lang='grc' dir='ltr'>ὀμόζυγον,</span> <span class='ocrx_word' id='word_1_265' title='bbox 3647 2143 3744 2198; x_wconf 80' lang='grc' dir='ltr'>καὶ</span> 
     </span>
    </p>
   </div>
   <div class='ocr_carea' id='block_1_35' title="bbox 2173 2229 3744 2304">
    <p class='ocr_par' dir='ltr' id='par_1_35' title="bbox 2173 2229 3744 2304">
     <span class='ocr_line' id='line_1_36' title="bbox 2173 2229 3744 2304; baseline 0 -16"><span class='ocrx_word' id='word_1_266' title='bbox 2173 2235 2295 2288; x_wconf 87' lang='grc' dir='ltr'>τότε</span> <span class='ocrx_word' id='word_1_267' title='bbox 2341 2235 2439 2304; x_wconf 85' lang='grc' dir='ltr'>τῆς</span> <span class='ocrx_word' id='word_1_268' title='bbox 2479 2233 2800 2296; x_wconf 83' lang='grc' dir='ltr'>παιδοποῖας</span> <span class='ocrx_word' id='word_1_269' title='bbox 2838 2234 2938 2303; x_wconf 79' lang='grc' dir='ltr'>τὴν</span> <span class='ocrx_word' id='word_1_270' title='bbox 2987 2233 3162 2304; x_wconf 82' lang='grc' dir='ltr'>ἀρχὴν</span> <span class='ocrx_word' id='word_1_271' title='bbox 3208 2233 3483 2302; x_wconf 88' lang='grc' dir='ltr'>γενέσθαι.</span> <span class='ocrx_word' id='word_1_272' title='bbox 3536 2233 3600 2287; x_wconf 77' lang='lat' dir='ltr'><strong>Et</strong></span> <span class='ocrx_word' id='word_1_273' title='bbox 3646 2229 3744 2288; x_wconf 83' lang='grc' dir='ltr'><strong>οῦν</strong></span> 
     </span>
    </p>
   </div>
   <div class='ocr_carea' id='block_1_36' title="bbox 510 2320 2079 2411">
    <p class='ocr_par' dir='ltr' id='par_1_36' title="bbox 510 2320 2072 2404">
     <span class='ocr_line' id='line_1_37' title="bbox 510 2320 2072 2404; baseline 0.01 -31"><span class='ocrx_word' id='word_1_274' title='bbox 510 2320 657 2390; x_wconf 75' lang='lat' dir='ltr'><strong>iugis</strong></span> <span class='ocrx_word' id='word_1_275' title='bbox 695 2320 763 2374; x_wconf 92' lang='lat' dir='ltr'><strong>ad</strong></span> <span class='ocrx_word' id='word_1_276' title='bbox 821 2325 1248 2391; x_wconf 88' lang='lat' dir='ltr'><strong>procreationem</strong></span> <span class='ocrx_word' id='word_1_277' title='bbox 1307 2326 1384 2379; x_wconf 91' lang='lat' dir='ltr'><strong>uti</strong></span> <span class='ocrx_word' id='word_1_278' title='bbox 1420 2328 1700 2398; x_wconf 85' lang='lat' dir='ltr'><strong>inciperet.</strong></span> <span class='ocrx_word' id='word_1_279' title='bbox 1765 2331 1822 2385; x_wconf 92' lang='lat' dir='ltr'><strong>Si</strong></span> <span class='ocrx_word' id='word_1_280' title='bbox 1888 2335 2072 2404; x_wconf 81' lang='lat' dir='ltr'><strong>igitur,</strong></span> 
     </span>
    </p>
   </div>
   <div class='ocr_carea' id='block_1_37' title="bbox 2179 2320 3745 2411">
    <p class='ocr_par' dir='ltr' id='par_1_37' title="bbox 2179 2320 3745 2396">
     <span class='ocr_line' id='line_1_38' title="bbox 2179 2320 3745 2396; baseline -0.002 -16"><span class='ocrx_word' id='word_1_281' title='bbox 2179 2327 2349 2396; x_wconf 86' lang='grc' dir='ltr'>γάμος</span> <span class='ocrx_word' id='word_1_282' title='bbox 2378 2326 2435 2378; x_wconf 81' lang='grc' dir='ltr'>ὲν</span> <span class='ocrx_word' id='word_1_283' title='bbox 2460 2324 2537 2394; x_wconf 85' lang='grc' dir='ltr'><strong>τῷ</strong></span> <span class='ocrx_word' id='word_1_284' title='bbox 2567 2324 2878 2396; x_wconf 77' lang='grc' dir='ltr'>παραδείσῳ</span> <span class='ocrx_word' id='word_1_285' title='bbox 2909 2324 3008 2376; x_wconf 81' lang='grc' dir='ltr'>οὐκ</span> <span class='ocrx_word' id='word_1_286' title='bbox 3035 2320 3124 2394; x_wconf 83' lang='grc' dir='ltr'>ἦν,</span> <span class='ocrx_word' id='word_1_287' title='bbox 3159 2323 3280 2376; x_wconf 77' lang='grc' dir='ltr'>οὔτε</span> <span class='ocrx_word' id='word_1_288' title='bbox 3309 2324 3455 2390; x_wconf 73' lang='grc' dir='ltr'>ὠδὶς,</span> <span class='ocrx_word' id='word_1_289' title='bbox 3496 2323 3620 2378; x_wconf 76' lang='grc' dir='ltr'>οὔτε</span> <span class='ocrx_word' id='word_1_290' title='bbox 3651 2324 3745 2377; x_wconf 81' lang='grc' dir='ltr'>τό·</span> 
     </span>
    </p>
   </div>
   <div class='ocr_carea' id='block_1_38' title="bbox 513 2412 2070 2489">
    <p class='ocr_par' dir='ltr' id='par_1_38' title="bbox 513 2412 2070 2489">
     <span class='ocr_line' id='line_1_39' title="bbox 513 2412 2070 2489; baseline 0.008 -23"><span class='ocrx_word' id='word_1_291' title='bbox 513 2412 786 2482; x_wconf 91' lang='lat' dir='ltr'><strong>inquiunt,</strong></span> <span class='ocrx_word' id='word_1_292' title='bbox 815 2429 992 2483; x_wconf 89' lang='lat' dir='ltr'><strong>neque</strong></span> <span class='ocrx_word' id='word_1_293' title='bbox 1019 2415 1087 2469; x_wconf 92' lang='lat' dir='ltr'><strong>ad</strong></span> <span class='ocrx_word' id='word_1_294' title='bbox 1118 2417 1356 2489; x_wconf 76' lang='lat' dir='ltr'><strong>nuptias,</strong></span> <span class='ocrx_word' id='word_1_295' title='bbox 1390 2433 1566 2487; x_wconf 87' lang='lat' dir='ltr'><strong>neque</strong></span> <span class='ocrx_word' id='word_1_296' title='bbox 1617 2424 2070 2489; x_wconf 87' lang='lat' dir='ltr'><strong>procreationem,</strong></span> 
     </span>
    </p>
   </div>
   <div class='ocr_carea' id='block_1_39' title="bbox 513 2507 2077 2579">
    <p class='ocr_par' dir='ltr' id='par_1_39' title="bbox 513 2507 2077 2579">
     <span class='ocr_line' id='line_1_40' title="bbox 513 2507 2077 2579; baseline 0.008 -21"><span class='ocrx_word' id='word_1_297' title='bbox 513 2518 689 2574; x_wconf 88' lang='lat' dir='ltr'><strong>neque</strong></span> <span class='ocrx_word' id='word_1_298' title='bbox 718 2513 932 2574; x_wconf 88' lang='lat' dir='ltr'><strong>partum</strong></span> <span class='ocrx_word' id='word_1_299' title='bbox 966 2507 1020 2560; x_wconf 91' lang='lat' dir='ltr'><strong>in</strong></span> <span class='ocrx_word' id='word_1_300' title='bbox 1049 2508 1303 2577; x_wconf 84' lang='lat' dir='ltr'><strong>paradiso</strong></span> <span class='ocrx_word' id='word_1_301' title='bbox 1330 2518 1650 2578; x_wconf 87' lang='lat' dir='ltr'><strong>perventum</strong></span> <span class='ocrx_word' id='word_1_302' title='bbox 1686 2521 1792 2579; x_wconf 86' lang='lat' dir='ltr'><strong>est,</strong></span> <span class='ocrx_word' id='word_1_303' title='bbox 1823 2531 2077 2571; x_wconf 83' lang='lat' dir='ltr'><strong>necessa-</strong></span> 
     </span>
    </p>
   </div>
   <div class='ocr_carea' id='block_1_40' title="bbox 513 2592 2079 2666">
    <p class='ocr_par' dir='ltr' id='par_1_40' title="bbox 513 2592 2079 2666">
     <span class='ocr_line' id='line_1_41' title="bbox 513 2592 2079 2666; baseline 0.01 -21"><span class='ocrx_word' id='word_1_304' title='bbox 513 2592 657 2646; x_wconf 84' lang='lat' dir='ltr'><strong>rium</strong></span> <span class='ocrx_word' id='word_1_305' title='bbox 688 2601 768 2648; x_wconf 87' lang='lat' dir='ltr'><strong>est</strong></span> <span class='ocrx_word' id='word_1_306' title='bbox 803 2594 906 2649; x_wconf 88' lang='lat' dir='ltr'><strong>hoc</strong></span> <span class='ocrx_word' id='word_1_307' title='bbox 935 2610 1155 2666; x_wconf 90' lang='lat' dir='ltr'><strong>quoque</strong></span> <span class='ocrx_word' id='word_1_308' title='bbox 1179 2607 1464 2666; x_wconf 85' lang='lat' dir='ltr'><strong>sequatur,</strong></span> <span class='ocrx_word' id='word_1_309' title='bbox 1496 2600 1801 2656; x_wconf 90' lang='lat' dir='ltr'><strong>animorum</strong></span> <span class='ocrx_word' id='word_1_310' title='bbox 1839 2605 2079 2660; x_wconf 87' lang='lat' dir='ltr'><strong>multitu-</strong></span> 
     </span>
    </p>
   </div>
   <div class='ocr_carea' id='block_1_41' title="bbox 510 2685 2076 2758">
    <p class='ocr_par' dir='ltr' id='par_1_41' title="bbox 510 2685 2076 2758">
     <span class='ocr_line' id='line_1_42' title="bbox 510 2685 2076 2758; baseline 0.008 -19"><span class='ocrx_word' id='word_1_311' title='bbox 510 2685 693 2740; x_wconf 91' lang='lat' dir='ltr'><strong>dinem</strong></span> <span class='ocrx_word' id='word_1_312' title='bbox 725 2686 928 2740; x_wconf 88' lang='lat' dir='ltr'><strong>nullam</strong></span> <span class='ocrx_word' id='word_1_313' title='bbox 982 2686 1153 2743; x_wconf 81' lang='lat' dir='ltr'><strong>fuisse</strong></span> <span class='ocrx_word' id='word_1_314' title='bbox 1210 2690 1484 2758; x_wconf 81' lang='lat' dir='ltr'><strong>futuram,</strong></span> <span class='ocrx_word' id='word_1_315' title='bbox 1538 2694 1644 2749; x_wconf 91' lang='lat' dir='ltr'><strong>nisi</strong></span> <span class='ocrx_word' id='word_1_316' title='bbox 1686 2695 1884 2750; x_wconf 90' lang='lat' dir='ltr'><strong>douum</strong></span> <span class='ocrx_word' id='word_1_317' title='bbox 1946 2696 2076 2752; x_wconf 91' lang='lat' dir='ltr'><strong>illud</strong></span> 
     </span>
    </p>
   </div>
   <div class='ocr_carea' id='block_1_42' title="bbox 511 2776 2074 2852">
    <p class='ocr_par' dir='ltr' id='par_1_42' title="bbox 511 2776 2074 2852">
     <span class='ocr_line' id='line_1_43' title="bbox 511 2776 2074 2852; baseline 0.006 -23"><span class='ocrx_word' id='word_1_318' title='bbox 511 2776 940 2833; x_wconf 84' lang='lat' dir='ltr'><strong>immortalitatis</strong></span> <span class='ocrx_word' id='word_1_319' title='bbox 973 2777 1027 2832; x_wconf 90' lang='lat' dir='ltr'><strong>in</strong></span> <span class='ocrx_word' id='word_1_320' title='bbox 1060 2780 1445 2836; x_wconf 88' lang='lat' dir='ltr'><strong>mortalitatem</strong></span> <span class='ocrx_word' id='word_1_321' title='bbox 1479 2792 1872 2838; x_wconf 87' lang='lat' dir='ltr'><strong>commutatum</strong></span> <span class='ocrx_word' id='word_1_322' title='bbox 1909 2797 2074 2852; x_wconf 82' lang='lat' dir='ltr'><strong>esset,</strong></span> 
     </span>
    </p>
   </div>
   <div class='ocr_carea' id='block_1_43' title="bbox 509 2869 2081 2946">
    <p class='ocr_par' dir='ltr' id='par_1_43' title="bbox 509 2869 2081 2946">
     <span class='ocr_line' id='line_1_44' title="bbox 509 2869 2081 2946; baseline 0.008 -26"><span class='ocrx_word' id='word_1_323' title='bbox 509 2883 578 2923; x_wconf 84' lang='lat' dir='ltr'><strong>ac</strong></span> <span class='ocrx_word' id='word_1_324' title='bbox 605 2884 704 2938; x_wconf 91' lang='lat' dir='ltr'><strong>per</strong></span> <span class='ocrx_word' id='word_1_325' title='bbox 740 2869 1058 2940; x_wconf 82' lang='lat' dir='ltr'><strong>conjugium</strong></span> <span class='ocrx_word' id='word_1_326' title='bbox 1091 2873 1326 2928; x_wconf 84' lang='lat' dir='ltr'><strong>excitata</strong></span> <span class='ocrx_word' id='word_1_327' title='bbox 1358 2875 1649 2945; x_wconf 88' lang='lat' dir='ltr'><strong>posteritas</strong></span> <span class='ocrx_word' id='word_1_328' title='bbox 1675 2891 1774 2945; x_wconf 90' lang='lat' dir='ltr'><strong>pro</strong></span> <span class='ocrx_word' id='word_1_329' title='bbox 1800 2876 2081 2946; x_wconf 80' lang='lat' dir='ltr'><strong>migranti-</strong></span> 
     </span>
    </p>
   </div>
   <div class='ocr_carea' id='block_1_44' title="bbox 511 2960 2080 3030">
    <p class='ocr_par' dir='ltr' id='par_1_44' title="bbox 511 2960 2080 3030">
     <span class='ocr_line' id='line_1_45' title="bbox 511 2960 2080 3030; baseline 0.006 -15"><span class='ocrx_word' id='word_1_330' title='bbox 511 2960 621 3016; x_wconf 80' lang='lat' dir='ltr'><strong>bus</strong></span> <span class='ocrx_word' id='word_1_331' title='bbox 654 2961 721 3016; x_wconf 94' lang='lat' dir='ltr'><strong>de</strong></span> <span class='ocrx_word' id='word_1_332' title='bbox 754 2961 857 3016; x_wconf 89' lang='lat' dir='ltr'><strong>hac</strong></span> <span class='ocrx_word' id='word_1_333' title='bbox 884 2962 994 3016; x_wconf 91' lang='lat' dir='ltr'><strong>vita</strong></span> <span class='ocrx_word' id='word_1_334' title='bbox 1018 2963 1370 3020; x_wconf 87' lang='lat' dir='ltr'><strong>substitueret</strong></span> <span class='ocrx_word' id='word_1_335' title='bbox 1422 2967 1579 3030; x_wconf 85' lang='lat' dir='ltr'><strong>alios,</strong></span> <span class='ocrx_word' id='word_1_336' title='bbox 1631 2975 1685 3020; x_wconf 89' lang='lat' dir='ltr'><strong>et</strong></span> <span class='ocrx_word' id='word_1_337' title='bbox 1708 2967 1810 3020; x_wconf 92' lang='lat' dir='ltr'><strong>hac</strong></span> <span class='ocrx_word' id='word_1_338' title='bbox 1868 2969 2080 3025; x_wconf 90' lang='lat' dir='ltr'><strong>ratione</strong></span> 
     </span>
    </p>
   </div>
   <div class='ocr_carea' id='block_1_45' title="bbox 511 3057 2079 3128">
    <p class='ocr_par' dir='ltr' id='par_1_45' title="bbox 511 3057 2079 3128">
     <span class='ocr_line' id='line_1_46' title="bbox 511 3057 2079 3128; baseline 0.006 -22"><span class='ocrx_word' id='word_1_339' title='bbox 511 3061 764 3109; x_wconf 87' lang='lat' dir='ltr'><strong>naturam</strong></span> <span class='ocrx_word' id='word_1_340' title='bbox 815 3063 1185 3111; x_wconf 88' lang='lat' dir='ltr'><strong>conservaret.</strong></span> <span class='ocrx_word' id='word_1_341' title='bbox 1219 3057 1475 3126; x_wconf 83' lang='lat' dir='ltr'><strong>Adeoque</strong></span> <span class='ocrx_word' id='word_1_342' title='bbox 1507 3066 1786 3126; x_wconf 87' lang='lat' dir='ltr'><strong>peccatum</strong></span> <span class='ocrx_word' id='word_1_343' title='bbox 1841 3061 2079 3128; x_wconf 88' lang='lat' dir='ltr'><strong>quodam</strong></span> 
     </span>
    </p>
   </div>
   <div class='ocr_carea' id='block_1_46' title="bbox 514 3145 2077 3218">
    <p class='ocr_par' dir='ltr' id='par_1_46' title="bbox 514 3145 2077 3218">
     <span class='ocr_line' id='line_1_47' title="bbox 514 3145 2077 3218; baseline 0.002 -20"><span class='ocrx_word' id='word_1_344' title='bbox 514 3145 676 3200; x_wconf 86' lang='lat' dir='ltr'><strong>modo</strong></span> <span class='ocrx_word' id='word_1_345' title='bbox 716 3145 998 3200; x_wconf 90' lang='lat' dir='ltr'><strong>hominum</strong></span> <span class='ocrx_word' id='word_1_346' title='bbox 1025 3147 1144 3200; x_wconf 69' lang='lat' dir='ltr'><strong>vita:</strong></span> <span class='ocrx_word' id='word_1_347' title='bbox 1169 3147 1330 3200; x_wconf 91' lang='lat' dir='ltr'><strong>etiam</strong></span> <span class='ocrx_word' id='word_1_348' title='bbox 1365 3147 1507 3200; x_wconf 87' lang='lat' dir='ltr'><strong>bono</strong></span> <span class='ocrx_word' id='word_1_349' title='bbox 1545 3161 1669 3201; x_wconf 91' lang='lat' dir='ltr'><strong>esse</strong></span> <span class='ocrx_word' id='word_1_350' title='bbox 1695 3147 1866 3202; x_wconf 88' lang='lat' dir='ltr'><strong>videri</strong></span> <span class='ocrx_word' id='word_1_351' title='bbox 1897 3163 2077 3218; x_wconf 87' lang='lat' dir='ltr'><strong>posse.</strong></span> 
     </span>
    </p>
   </div>
   <div class='ocr_carea' id='block_1_47' title="bbox 512 3235 2077 3308">
    <p class='ocr_par' dir='ltr' id='par_1_47' title="bbox 512 3235 2077 3308">
     <span class='ocr_line' id='line_1_48' title="bbox 512 3235 2077 3308; baseline -0.001 -18"><span class='ocrx_word' id='word_1_352' title='bbox 512 3235 649 3291; x_wconf 88' lang='lat' dir='ltr'><strong>Nam</strong></span> <span class='ocrx_word' id='word_1_353' title='bbox 685 3251 856 3308; x_wconf 73' lang='lat' dir='ltr'><strong>genus</strong></span> <span class='ocrx_word' id='word_1_354' title='bbox 896 3236 1195 3291; x_wconf 91' lang='lat' dir='ltr'><strong>humanum</strong></span> <span class='ocrx_word' id='word_1_355' title='bbox 1260 3250 1426 3305; x_wconf 89' lang='lat' dir='ltr'><strong>supra</strong></span> <span class='ocrx_word' id='word_1_356' title='bbox 1483 3235 1714 3290; x_wconf 91' lang='lat' dir='ltr'><strong>duorum</strong></span> <span class='ocrx_word' id='word_1_357' title='bbox 1769 3251 2077 3302; x_wconf 86' lang='lat' dir='ltr'><strong>numerum,</strong></span> 
     </span>
    </p>
   </div>
   <div class='ocr_carea' id='block_1_48' title="bbox 511 3326 2082 3398">
    <p class='ocr_par' dir='ltr' id='par_1_48' title="bbox 511 3326 2082 3398">
     <span class='ocr_line' id='line_1_49' title="bbox 511 3326 2082 3398; baseline 0 -16"><span class='ocrx_word' id='word_1_358' title='bbox 511 3329 608 3398; x_wconf 86' lang='lat' dir='ltr'><strong>qui</strong></span> <span class='ocrx_word' id='word_1_359' title='bbox 642 3328 804 3398; x_wconf 91' lang='lat' dir='ltr'><strong>primi</strong></span> <span class='ocrx_word' id='word_1_360' title='bbox 833 3331 1114 3394; x_wconf 84' lang='lat' dir='ltr'><strong>exstitere,</strong></span> <span class='ocrx_word' id='word_1_361' title='bbox 1142 3335 1362 3382; x_wconf 89' lang='lat' dir='ltr'><strong>auctum</strong></span> <span class='ocrx_word' id='word_1_362' title='bbox 1391 3341 1499 3381; x_wconf 91' lang='lat' dir='ltr'><strong>non</strong></span> <span class='ocrx_word' id='word_1_363' title='bbox 1533 3326 1762 3382; x_wconf 82' lang='lat' dir='ltr'><strong>fuisset:</strong></span> <span class='ocrx_word' id='word_1_364' title='bbox 1801 3327 1907 3383; x_wconf 87' lang='lat' dir='ltr'><strong>nisi</strong></span> <span class='ocrx_word' id='word_1_365' title='bbox 1937 3344 2082 3382; x_wconf 85' lang='lat' dir='ltr'><strong>mor-</strong></span> 
     </span>
    </p>
   </div>
   <div class='ocr_carea' id='block_1_49' title="bbox 514 3418 2081 3489">
    <p class='ocr_par' dir='ltr' id='par_1_49' title="bbox 514 3418 2081 3489">
     <span class='ocr_line' id='line_1_50' title="bbox 514 3418 2081 3489; baseline -0.001 -15"><span class='ocrx_word' id='word_1_366' title='bbox 514 3422 587 3476; x_wconf 90' lang='lat' dir='ltr'><strong>tis</strong></span> <span class='ocrx_word' id='word_1_367' title='bbox 642 3426 821 3476; x_wconf 87' lang='lat' dir='ltr'><strong>metus</strong></span> <span class='ocrx_word' id='word_1_368' title='bbox 877 3427 1150 3483; x_wconf 89' lang='lat' dir='ltr'><strong>naturam,</strong></span> <span class='ocrx_word' id='word_1_369' title='bbox 1216 3425 1277 3472; x_wconf 92' lang='lat' dir='ltr'><strong>ut</strong></span> <span class='ocrx_word' id='word_1_370' title='bbox 1314 3418 1381 3472; x_wconf 92' lang='lat' dir='ltr'><strong>de</strong></span> <span class='ocrx_word' id='word_1_371' title='bbox 1435 3419 1784 3474; x_wconf 82' lang='lat' dir='ltr'><strong>successione</strong></span> <span class='ocrx_word' id='word_1_372' title='bbox 1823 3427 2081 3489; x_wconf 90' lang='lat' dir='ltr'><strong>perpetua</strong></span> 
     </span>
    </p>
   </div>
   <div class='ocr_carea' id='block_1_50' title="bbox 514 3509 2080 3584">
    <p class='ocr_par' dir='ltr' id='par_1_50' title="bbox 514 3509 2080 3584">
     <span class='ocr_line' id='line_1_51' title="bbox 514 3509 2080 3584; baseline -0.002 -17"><span class='ocrx_word' id='word_1_373' title='bbox 514 3513 813 3584; x_wconf 56' lang='lat' dir='ltr'><strong>erigitaret,</strong></span> <span class='ocrx_word' id='word_1_374' title='bbox 870 3513 1251 3583; x_wconf 83' lang='lat' dir='ltr'><strong>permovisset.</strong></span> <span class='ocrx_word' id='word_1_375' title='bbox 1313 3509 1574 3580; x_wconf 88' lang='lat' dir='ltr'><strong>Equidem</strong></span> <span class='ocrx_word' id='word_1_376' title='bbox 1636 3510 1738 3566; x_wconf 87' lang='lat' dir='ltr'><strong>hac</strong></span> <span class='ocrx_word' id='word_1_377' title='bbox 1808 3510 1970 3565; x_wconf 87' lang='lat' dir='ltr'><strong>etiam</strong></span> <span class='ocrx_word' id='word_1_378' title='bbox 2024 3509 2080 3564; x_wconf 92' lang='lat' dir='ltr'><strong>in</strong></span> 
     </span>
    </p>
   </div>
   <div class='ocr_carea' id='block_1_51' title="bbox 516 3601 2081 3676">
    <p class='ocr_par' dir='ltr' id='par_1_51' title="bbox 516 3601 2081 3676">
     <span class='ocr_line' id='line_1_52' title="bbox 516 3601 2081 3676; baseline -0.002 -16"><span class='ocrx_word' id='word_1_379' title='bbox 516 3616 671 3676; x_wconf 87' lang='lat' dir='ltr'><strong>parte</strong></span> <span class='ocrx_word' id='word_1_380' title='bbox 700 3614 886 3661; x_wconf 86' lang='lat' dir='ltr'><strong>statuo</strong></span> <span class='ocrx_word' id='word_1_381' title='bbox 919 3604 1226 3669; x_wconf 86' lang='lat' dir='ltr'><strong>veritatem,</strong></span> <span class='ocrx_word' id='word_1_382' title='bbox 1258 3617 1595 3672; x_wconf 70' lang='lat' dir='ltr'><strong>qumcunque</strong></span> <span class='ocrx_word' id='word_1_383' title='bbox 1628 3601 1848 3657; x_wconf 90' lang='lat' dir='ltr'><strong>tandem</strong></span> <span class='ocrx_word' id='word_1_384' title='bbox 1881 3602 1974 3667; x_wconf 89' lang='lat' dir='ltr'><strong>sit,</strong></span> <span class='ocrx_word' id='word_1_385' title='bbox 2013 3602 2081 3657; x_wconf 92' lang='lat' dir='ltr'><strong>iis</strong></span> 
     </span>
    </p>
   </div>
   <div class='ocr_carea' id='block_1_52' title="bbox 2178 2412 3746 2486">
    <p class='ocr_par' dir='ltr' id='par_1_52' title="bbox 2178 2412 3746 2486">
     <span class='ocr_line' id='line_1_53' title="bbox 2178 2412 3746 2486; baseline -0.003 -14"><span class='ocrx_word' id='word_1_386' title='bbox 2178 2436 2294 2482; x_wconf 81' lang='grc' dir='ltr'>κος,</span> <span class='ocrx_word' id='word_1_387' title='bbox 2321 2416 2566 2486; x_wconf 84' lang='grc' dir='ltr'>ἀνάγκην</span> <span class='ocrx_word' id='word_1_388' title='bbox 2601 2412 2741 2469; x_wconf 74' lang='grc' dir='ltr'>εἷναί</span> <span class='ocrx_word' id='word_1_389' title='bbox 2769 2432 2931 2484; x_wconf 87' lang='grc' dir='ltr'>φασιν</span> <span class='ocrx_word' id='word_1_390' title='bbox 2965 2417 3030 2468; x_wconf 80' lang='grc' dir='ltr'>ὲκ</span> <span class='ocrx_word' id='word_1_391' title='bbox 3063 2415 3157 2467; x_wconf 88' lang='grc' dir='ltr'><strong>τοῦ</strong></span> <span class='ocrx_word' id='word_1_392' title='bbox 3200 2414 3494 2468; x_wconf 82' lang='grc' dir='ltr'>ἀκολούθου</span> <span class='ocrx_word' id='word_1_393' title='bbox 3529 2416 3746 2484; x_wconf 83' lang='grc' dir='ltr'>λογίζε-</span> 
     </span>
    </p>
   </div>
   <div class='ocr_carea' id='block_1_53' title="bbox 2179 2505 3746 2578">
    <p class='ocr_par' dir='ltr' id='par_1_53' title="bbox 2179 2505 3746 2578">
     <span class='ocr_line' id='line_1_54' title="bbox 2179 2505 3746 2578; baseline -0.001 -16"><span class='ocrx_word' id='word_1_394' title='bbox 2179 2509 2321 2572; x_wconf 88' lang='grc' dir='ltr'>σθαι,</span> <span class='ocrx_word' id='word_1_395' title='bbox 2366 2507 2442 2578; x_wconf 83' lang='grc' dir='ltr'>μὴ</span> <span class='ocrx_word' id='word_1_396' title='bbox 2469 2507 2535 2561; x_wconf 85' lang='grc' dir='ltr'>ἂν</span> <span class='ocrx_word' id='word_1_397' title='bbox 2566 2507 2622 2558; x_wconf 79' lang='grc' dir='ltr'>ὲν</span> <span class='ocrx_word' id='word_1_398' title='bbox 2652 2505 2846 2578; x_wconf 85' lang='grc' dir='ltr'>πλήθει</span> <span class='ocrx_word' id='word_1_399' title='bbox 2872 2505 3126 2574; x_wconf 82' lang='grc' dir='ltr'>γενέσθαι</span> <span class='ocrx_word' id='word_1_400' title='bbox 3165 2506 3262 2568; x_wconf 83' lang='grc' dir='ltr'><strong>τὰς</strong></span> <span class='ocrx_word' id='word_1_401' title='bbox 3294 2505 3402 2560; x_wconf 76' lang='grc' dir='ltr'><strong>τῶν</strong></span> <span class='ocrx_word' id='word_1_402' title='bbox 3441 2506 3746 2576; x_wconf 85' lang='grc' dir='ltr'>ἀνθρώπων</span> 
     </span>
    </p>
   </div>
   <div class='ocr_carea' id='block_1_54' title="bbox 2176 2594 3746 2670">
    <p class='ocr_par' dir='ltr' id='par_1_54' title="bbox 2176 2594 3746 2670">
     <span class='ocr_line' id='line_1_55' title="bbox 2176 2594 3746 2670; baseline -0.003 -18"><span class='ocrx_word' id='word_1_403' title='bbox 2176 2599 2371 2670; x_wconf 80' lang='grc' dir='ltr'>ψυχὰς,</span> <span class='ocrx_word' id='word_1_404' title='bbox 2400 2598 2448 2651; x_wconf 84' lang='grc' dir='ltr'><strong>εί</strong></span> <span class='ocrx_word' id='word_1_405' title='bbox 2479 2595 2553 2668; x_wconf 82' lang='grc' dir='ltr'>μὴ</span> <span class='ocrx_word' id='word_1_406' title='bbox 2583 2594 2718 2666; x_wconf 81' lang='grc' dir='ltr'>πρὸς</span> <span class='ocrx_word' id='word_1_407' title='bbox 2747 2596 2806 2648; x_wconf 78' lang='grc' dir='ltr'>τὸ</span> <span class='ocrx_word' id='word_1_408' title='bbox 2839 2594 3030 2666; x_wconf 83' lang='grc' dir='ltr'>θνητὸν</span> <span class='ocrx_word' id='word_1_409' title='bbox 3058 2598 3092 2665; x_wconf 80' lang='grc' dir='ltr'>ἡ</span> <span class='ocrx_word' id='word_1_410' title='bbox 3129 2595 3229 2665; x_wconf 85' lang='grc' dir='ltr'>τῆς</span> <span class='ocrx_word' id='word_1_411' title='bbox 3256 2595 3554 2657; x_wconf 81' lang='grc' dir='ltr'>ἀθανασίας</span> <span class='ocrx_word' id='word_1_412' title='bbox 3586 2596 3746 2666; x_wconf 79' lang='grc' dir='ltr'>χάρις</span> 
     </span>
    </p>
   </div>
   <div class='ocr_carea' id='block_1_55' title="bbox 2183 2686 3749 2763">
    <p class='ocr_par' dir='ltr' id='par_1_55' title="bbox 2183 2686 3749 2763">
     <span class='ocr_line' id='line_1_56' title="bbox 2183 2686 3749 2763; baseline -0.003 -18"><span class='ocrx_word' id='word_1_413' title='bbox 2183 2691 2446 2763; x_wconf 82' lang='grc' dir='ltr'>μετέπεσε</span> <span class='ocrx_word' id='word_1_414' title='bbox 2465 2729 2481 2753; x_wconf 87' lang='grc'><strong>,</strong></span> <span class='ocrx_word' id='word_1_415' title='bbox 2509 2689 2602 2742; x_wconf 70' lang='grc' dir='ltr'><strong>καὶ</strong></span> <span class='ocrx_word' id='word_1_416' title='bbox 2633 2690 2660 2741; x_wconf 85' lang='grc' dir='ltr'>ὁ</span> <span class='ocrx_word' id='word_1_417' title='bbox 2699 2687 2873 2757; x_wconf 82' lang='grc' dir='ltr'><strong>γάμος</strong></span> <span class='ocrx_word' id='word_1_418' title='bbox 2901 2686 2988 2739; x_wconf 85' lang='grc' dir='ltr'>διὰ</span> <span class='ocrx_word' id='word_1_419' title='bbox 3024 2686 3131 2740; x_wconf 84' lang='grc' dir='ltr'>τῶν</span> <span class='ocrx_word' id='word_1_420' title='bbox 3163 2688 3552 2756; x_wconf 80' lang='grc' dir='ltr'>ἐπιγινομένων</span> <span class='ocrx_word' id='word_1_421' title='bbox 3587 2703 3749 2740; x_wconf 83' lang='grc' dir='ltr'>συνε-</span> 
     </span>
    </p>
   </div>
   <div class='ocr_carea' id='block_1_56' title="bbox 2178 2771 3748 2853">
    <p class='ocr_par' dir='ltr' id='par_1_56' title="bbox 2178 2771 3748 2853">
     <span class='ocr_line' id='line_1_57' title="bbox 2178 2771 3748 2853; baseline -0.003 -19"><span class='ocrx_word' id='word_1_422' title='bbox 2178 2771 2332 2853; x_wconf 77' lang='grc' dir='ltr'>τήρει</span> <span class='ocrx_word' id='word_1_423' title='bbox 2352 2781 2450 2851; x_wconf 77' lang='grc' dir='ltr'>τὴν</span> <span class='ocrx_word' id='word_1_424' title='bbox 2481 2779 2664 2850; x_wconf 86' lang='grc' dir='ltr'>φύσιν,</span> <span class='ocrx_word' id='word_1_425' title='bbox 2692 2779 2812 2831; x_wconf 77' lang='grc' dir='ltr'>ἀντὶ</span> <span class='ocrx_word' id='word_1_426' title='bbox 2837 2776 2945 2829; x_wconf 83' lang='grc' dir='ltr'>τῶν</span> <span class='ocrx_word' id='word_1_427' title='bbox 2976 2777 3302 2840; x_wconf 82' lang='grc' dir='ltr'>ὑπεξιόντων</span> <span class='ocrx_word' id='word_1_428' title='bbox 3333 2776 3458 2839; x_wconf 71' lang='grc' dir='ltr'>τοὺς</span> <span class='ocrx_word' id='word_1_429' title='bbox 3480 2776 3538 2840; x_wconf 81' lang='grc' dir='ltr'><strong>ἐξ</strong></span> <span class='ocrx_word' id='word_1_430' title='bbox 3564 2776 3748 2830; x_wconf 78' lang='grc' dir='ltr'>αὐτῶν</span> 
     </span>
    </p>
   </div>
   <div class='ocr_carea' id='block_1_57' title="bbox 2179 2867 3751 2940">
    <p class='ocr_par' dir='ltr' id='par_1_57' title="bbox 2179 2867 3751 2940">
     <span class='ocr_line' id='line_1_58' title="bbox 2179 2867 3751 2940; baseline -0.004 -15"><span class='ocrx_word' id='word_1_431' title='bbox 2179 2872 2532 2940; x_wconf 85' lang='grc' dir='ltr'>ἀντεισὰγων,</span> <span class='ocrx_word' id='word_1_432' title='bbox 2551 2870 2690 2922; x_wconf 84' lang='grc' dir='ltr'>ὥστε</span> <span class='ocrx_word' id='word_1_433' title='bbox 2705 2867 3050 2937; x_wconf 83' lang='grc' dir='ltr'>λυσιτελῆσαι</span> <span class='ocrx_word' id='word_1_434' title='bbox 3076 2868 3272 2938; x_wconf 70' lang='grc' dir='ltr'>τρόπον</span> <span class='ocrx_word' id='word_1_435' title='bbox 3283 2867 3423 2933; x_wconf 83' lang='grc' dir='ltr'>τινὰ,</span> <span class='ocrx_word' id='word_1_436' title='bbox 3444 2867 3542 2936; x_wconf 83' lang='grc' dir='ltr'>τὴν</span> <span class='ocrx_word' id='word_1_437' title='bbox 3565 2868 3751 2939; x_wconf 84' lang='grc' dir='ltr'>ἀμαρ-</span> 
     </span>
    </p>
   </div>
   <div class='ocr_carea' id='block_1_58' title="bbox 2178 2957 3750 3028">
    <p class='ocr_par' dir='ltr' id='par_1_58' title="bbox 2178 2957 3750 3028">
     <span class='ocr_line' id='line_1_59' title="bbox 2178 2957 3750 3028; baseline -0.003 -13"><span class='ocrx_word' id='word_1_438' title='bbox 2178 2963 2298 3016; x_wconf 83' lang='grc' dir='ltr'>τίαν</span> <span class='ocrx_word' id='word_1_439' title='bbox 2323 2960 2739 3015; x_wconf 77' lang='grc' dir='ltr'>ἐπεισελθοῦσαν</span> <span class='ocrx_word' id='word_1_440' title='bbox 2769 2961 2835 3028; x_wconf 77' lang='grc' dir='ltr'><strong>τῇ</strong></span> <span class='ocrx_word' id='word_1_441' title='bbox 2874 2957 2986 3028; x_wconf 78' lang='grc' dir='ltr'><strong>ζωῇ</strong></span> <span class='ocrx_word' id='word_1_442' title='bbox 3014 2957 3122 3010; x_wconf 82' lang='grc' dir='ltr'>τῶν</span> <span class='ocrx_word' id='word_1_443' title='bbox 3160 2957 3482 3028; x_wconf 86' lang='grc' dir='ltr'>ἀνθρώπων.</span> <span class='ocrx_word' id='word_1_444' title='bbox 3519 2958 3750 3026; x_wconf 83' lang='grc' dir='ltr'>Ἔμεινε</span> 
     </span>
    </p>
   </div>
   <div class='ocr_carea' id='block_1_59' title="bbox 2179 3047 3748 3125">
    <p class='ocr_par' dir='ltr' id='par_1_59' title="bbox 2179 3047 3748 3125">
     <span class='ocr_line' id='line_1_60' title="bbox 2179 3047 3748 3125; baseline -0.003 -19"><span class='ocrx_word' id='word_1_445' title='bbox 2179 3053 2288 3125; x_wconf 86' lang='grc' dir='ltr'><strong>γὰρ</strong></span> <span class='ocrx_word' id='word_1_446' title='bbox 2318 3055 2384 3108; x_wconf 81' lang='grc' dir='ltr'>ἂν</span> <span class='ocrx_word' id='word_1_447' title='bbox 2420 3056 2476 3108; x_wconf 80' lang='grc' dir='ltr'>ὲν</span> <span class='ocrx_word' id='word_1_448' title='bbox 2504 3056 2571 3123; x_wconf 74' lang='grc' dir='ltr'>τῇ</span> <span class='ocrx_word' id='word_1_449' title='bbox 2601 3053 2710 3106; x_wconf 85' lang='grc' dir='ltr'>τῶν</span> <span class='ocrx_word' id='word_1_450' title='bbox 2739 3051 3174 3123; x_wconf 86' lang='grc' dir='ltr'>πρωτοπλάστων</span> <span class='ocrx_word' id='word_1_451' title='bbox 3201 3049 3352 3103; x_wconf 85' lang='grc' dir='ltr'>δυάδι</span> <span class='ocrx_word' id='word_1_452' title='bbox 3383 3049 3445 3101; x_wconf 84' lang='grc' dir='ltr'>τὸ</span> <span class='ocrx_word' id='word_1_453' title='bbox 3467 3047 3748 3119; x_wconf 81' lang='grc' dir='ltr'>ἀνθρώπι-</span> 
     </span>
    </p>
   </div>
   <div class='ocr_carea' id='block_1_60' title="bbox 2179 3137 3753 3214">
    <p class='ocr_par' dir='ltr' id='par_1_60' title="bbox 2179 3137 3753 3214">
     <span class='ocr_line' id='line_1_61' title="bbox 2179 3137 3753 3214; baseline -0.004 -17"><span class='ocrx_word' id='word_1_454' title='bbox 2179 3162 2268 3198; x_wconf 91' lang='grc' dir='ltr'><strong>νον</strong></span> <span class='ocrx_word' id='word_1_455' title='bbox 2291 3144 2466 3212; x_wconf 84' lang='grc' dir='ltr'>γένος,</span> <span class='ocrx_word' id='word_1_456' title='bbox 2500 3143 2575 3214; x_wconf 83' lang='grc' dir='ltr'>μὴ</span> <span class='ocrx_word' id='word_1_457' title='bbox 2599 3142 2693 3196; x_wconf 89' lang='grc' dir='ltr'><strong>τοῦ</strong></span> <span class='ocrx_word' id='word_1_458' title='bbox 2723 3143 2864 3196; x_wconf 70' lang='grc' dir='ltr'>κατὰ</span> <span class='ocrx_word' id='word_1_459' title='bbox 2885 3142 2975 3195; x_wconf 77' lang='grc' dir='ltr'><strong>τὸν</strong></span> <span class='ocrx_word' id='word_1_460' title='bbox 3005 3141 3231 3194; x_wconf 80' lang='grc' dir='ltr'>θάνατον</span> <span class='ocrx_word' id='word_1_461' title='bbox 3266 3137 3430 3207; x_wconf 74' lang='grc' dir='ltr'>φόϐου</span> <span class='ocrx_word' id='word_1_462' title='bbox 3466 3137 3604 3206; x_wconf 84' lang='grc' dir='ltr'>πρὸς</span> <span class='ocrx_word' id='word_1_463' title='bbox 3629 3137 3753 3191; x_wconf 82' lang='grc' dir='ltr'>δια-</span> 
     </span>
    </p>
   </div>
   <div class='ocr_carea' id='block_1_61' title="bbox 2179 3228 3748 3304">
    <p class='ocr_par' dir='ltr' id='par_1_61' title="bbox 2179 3228 3748 3304">
     <span class='ocr_line' id='line_1_62' title="bbox 2179 3228 3748 3304; baseline -0.003 -18"><span class='ocrx_word' id='word_1_464' title='bbox 2179 3233 2340 3304; x_wconf 79' lang='grc' dir='ltr'>δοχὴν</span> <span class='ocrx_word' id='word_1_465' title='bbox 2388 3234 2484 3304; x_wconf 86' lang='grc' dir='ltr'>τὴν</span> <span class='ocrx_word' id='word_1_466' title='bbox 2524 3235 2686 3302; x_wconf 88' lang='grc' dir='ltr'>φύσιν</span> <span class='ocrx_word' id='word_1_467' title='bbox 2743 3234 3190 3303; x_wconf 80' lang='grc' dir='ltr'>ἀνακινήσαντος.</span> <span class='ocrx_word' id='word_1_468' title='bbox 3249 3230 3386 3283; x_wconf 84' lang='grc' dir='ltr'>Ἀλλ’</span> <span class='ocrx_word' id='word_1_469' title='bbox 3423 3232 3480 3283; x_wconf 83' lang='grc' dir='ltr'>ὲν</span> <span class='ocrx_word' id='word_1_470' title='bbox 3528 3228 3748 3295; x_wconf 84' lang='grc' dir='ltr'>τούτοις</span> 
     </span>
    </p>
   </div>
   <div class='ocr_carea' id='block_1_62' title="bbox 2180 3320 3747 3395">
    <p class='ocr_par' dir='ltr' id='par_1_62' title="bbox 2180 3320 3747 3395">
     <span class='ocr_line' id='line_1_63' title="bbox 2180 3320 3747 3395; baseline -0.001 -20"><span class='ocrx_word' id='word_1_471' title='bbox 2180 3324 2339 3378; x_wconf 83' lang='grc' dir='ltr'>πάλιν</span> <span class='ocrx_word' id='word_1_472' title='bbox 2366 3324 2394 3377; x_wconf 86' lang='grc' dir='ltr'>ὁ</span> <span class='ocrx_word' id='word_1_473' title='bbox 2428 3323 2533 3395; x_wconf 81' lang='grc' dir='ltr'>μὴν</span> <span class='ocrx_word' id='word_1_474' title='bbox 2569 3322 2772 3394; x_wconf 84' lang='grc' dir='ltr'>ἀληθὴς</span> <span class='ocrx_word' id='word_1_475' title='bbox 2803 3322 2979 3391; x_wconf 80' lang='grc' dir='ltr'>λόγος,</span> <span class='ocrx_word' id='word_1_476' title='bbox 3010 3323 3156 3384; x_wconf 85' lang='grc' dir='ltr'>ὅστις</span> <span class='ocrx_word' id='word_1_477' title='bbox 3186 3321 3315 3374; x_wconf 81' lang='grc' dir='ltr'>ποτὲ</span> <span class='ocrx_word' id='word_1_478' title='bbox 3343 3320 3418 3373; x_wconf 84' lang='grc' dir='ltr'>ὢν</span> <span class='ocrx_word' id='word_1_479' title='bbox 3450 3320 3710 3390; x_wconf 82' lang='grc' dir='ltr'>τυγχάνει</span> <span class='ocrx_word' id='word_1_480' title='bbox 3728 3360 3747 3388; x_wconf 87' lang='grc'><strong>,</strong></span> 
     </span>
    </p>
   </div>
   <div class='ocr_carea' id='block_1_63' title="bbox 2183 3411 3751 3486">
    <p class='ocr_par' dir='ltr' id='par_1_63' title="bbox 2183 3411 3751 3486">
     <span class='ocr_line' id='line_1_64' title="bbox 2183 3411 3751 3486; baseline -0.003 -17"><span class='ocrx_word' id='word_1_481' title='bbox 2183 3415 2364 3486; x_wconf 85' lang='grc' dir='ltr'>μόνοις</span> <span class='ocrx_word' id='word_1_482' title='bbox 2392 3416 2457 3469; x_wconf 82' lang='grc' dir='ltr'>ἂν</span> <span class='ocrx_word' id='word_1_483' title='bbox 2483 3415 2569 3485; x_wconf 81' lang='grc' dir='ltr'><strong>εἴη</strong></span> <span class='ocrx_word' id='word_1_484' title='bbox 2595 3415 2752 3486; x_wconf 84' lang='grc' dir='ltr'>δῆλος</span> <span class='ocrx_word' id='word_1_485' title='bbox 2778 3417 2888 3477; x_wconf 86' lang='grc' dir='ltr'>τοῖς</span> <span class='ocrx_word' id='word_1_486' title='bbox 2916 3414 3057 3467; x_wconf 85' lang='grc' dir='ltr'><strong>κατά</strong></span> <span class='ocrx_word' id='word_1_487' title='bbox 3081 3412 3290 3466; x_wconf 83' lang='grc' dir='ltr'>Παῦλον</span> <span class='ocrx_word' id='word_1_488' title='bbox 3322 3412 3392 3465; x_wconf 85' lang='grc' dir='ltr'><strong>τά</strong></span> <span class='ocrx_word' id='word_1_489' title='bbox 3427 3411 3518 3465; x_wconf 87' lang='grc' dir='ltr'><strong>τοῦ</strong></span> <span class='ocrx_word' id='word_1_490' title='bbox 3567 3429 3751 3482; x_wconf 84' lang='grc' dir='ltr'>παρα-</span> 
     </span>
    </p>
   </div>
   <div class='ocr_carea' id='block_1_64' title="bbox 2179 3499 3751 3576">
    <p class='ocr_par' dir='ltr' id='par_1_64' title="bbox 2179 3499 3751 3576">
     <span class='ocr_line' id='line_1_65' title="bbox 2179 3499 3751 3576; baseline -0.004 -19"><span class='ocrx_word' id='word_1_491' title='bbox 2179 3504 2354 3558; x_wconf 86' lang='grc' dir='ltr'>δείσου</span> <span class='ocrx_word' id='word_1_492' title='bbox 2384 3503 2668 3576; x_wconf 84' lang='grc' dir='ltr'>μυηθεῖσιν</span> <span class='ocrx_word' id='word_1_493' title='bbox 2692 3503 3000 3575; x_wconf 75' lang='grc' dir='ltr'>ἀπόρρητα.</span> <span class='ocrx_word' id='word_1_494' title='bbox 3049 3504 3106 3555; x_wconf 84' lang='grc'><strong>’0</strong></span> <span class='ocrx_word' id='word_1_495' title='bbox 3135 3502 3191 3555; x_wconf 84' lang='grc' dir='ltr'>δὲ</span> <span class='ocrx_word' id='word_1_496' title='bbox 3220 3500 3485 3572; x_wconf 81' lang='grc' dir='ltr'>ἡμέτερος</span> <span class='ocrx_word' id='word_1_497' title='bbox 3510 3499 3751 3564; x_wconf 83' lang='grc' dir='ltr'>τοιοῦτός</span> 
     </span>
    </p>
   </div>
   <div class='ocr_carea' id='block_1_65' title="bbox 2181 3590 3750 3663">
    <p class='ocr_par' dir='ltr' id='par_1_65' title="bbox 2181 3590 3750 3663">
     <span class='ocr_line' id='line_1_66' title="bbox 2181 3590 3750 3663; baseline -0.004 -14"><span class='ocrx_word' id='word_1_498' title='bbox 2181 3597 2352 3649; x_wconf 67' lang='grc' dir='ltr'>ἐστιν’</span> <span class='ocrx_word' id='word_1_499' title='bbox 2382 3595 2792 3663; x_wconf 81' lang='grc' dir='ltr'>Ἀντιλεγόντων</span> <span class='ocrx_word' id='word_1_500' title='bbox 2820 3595 2949 3647; x_wconf 79' lang='grc' dir='ltr'>ποτὲ</span> <span class='ocrx_word' id='word_1_501' title='bbox 2967 3593 3074 3646; x_wconf 86' lang='grc' dir='ltr'><strong>τῶν</strong></span> <span class='ocrx_word' id='word_1_502' title='bbox 3105 3592 3476 3646; x_wconf 81' lang='grc' dir='ltr'>Σαδδουκαίων</span> <span class='ocrx_word' id='word_1_503' title='bbox 3504 3590 3580 3661; x_wconf 82' lang='grc' dir='ltr'><strong>τῷ</strong></span> <span class='ocrx_word' id='word_1_504' title='bbox 3607 3590 3750 3644; x_wconf 82' lang='grc' dir='ltr'><strong>κατά</strong></span> 
     </span>
    </p>
   </div>
   <div class='ocr_carea' id='block_1_66' title="bbox 515 3681 2079 3764">
    <p class='ocr_par' dir='ltr' id='par_1_66' title="bbox 515 3691 2079 3764">
     <span class='ocr_line' id='line_1_67' title="bbox 515 3691 2079 3764; baseline -0.003 -13"><span class='ocrx_word' id='word_1_505' title='bbox 515 3695 649 3751; x_wconf 78' lang='lat' dir='ltr'><strong>solis</strong></span> <span class='ocrx_word' id='word_1_506' title='bbox 695 3702 878 3748; x_wconf 91' lang='lat' dir='ltr'><strong>notam</strong></span> <span class='ocrx_word' id='word_1_507' title='bbox 936 3703 988 3750; x_wconf 89' lang='lat' dir='ltr'><strong>et</strong></span> <span class='ocrx_word' id='word_1_508' title='bbox 1037 3701 1375 3764; x_wconf 86' lang='lat' dir='ltr'><strong>perspectam</strong></span> <span class='ocrx_word' id='word_1_509' title='bbox 1421 3706 1574 3754; x_wconf 89' lang='lat' dir='ltr'><strong>esse,</strong></span> <span class='ocrx_word' id='word_1_510' title='bbox 1615 3691 1709 3762; x_wconf 92' lang='lat' dir='ltr'><strong>qui</strong></span> <span class='ocrx_word' id='word_1_511' title='bbox 1769 3705 1877 3746; x_wconf 92' lang='lat' dir='ltr'><strong>non</strong></span> <span class='ocrx_word' id='word_1_512' title='bbox 1926 3691 2079 3746; x_wconf 90' lang='lat' dir='ltr'><strong>aliter</strong></span> 
     </span>
    </p>
   </div>
   <div class='ocr_carea' id='block_1_67' title="bbox 2179 3681 3749 3764">
    <p class='ocr_par' dir='ltr' id='par_1_67' title="bbox 2181 3681 3749 3757">
     <span class='ocr_line' id='line_1_68' title="bbox 2181 3681 3749 3757; baseline -0.002 -18"><span class='ocrx_word' id='word_1_513' title='bbox 2181 3687 2280 3757; x_wconf 78' lang='grc' dir='ltr'>τὴν</span> <span class='ocrx_word' id='word_1_514' title='bbox 2325 3685 2618 3741; x_wconf 71' lang='grc' dir='ltr'>ἀνάστασιν</span> <span class='ocrx_word' id='word_1_515' title='bbox 2673 3685 2847 3756; x_wconf 71' lang='grc' dir='ltr'>λόγῳ,</span> <span class='ocrx_word' id='word_1_516' title='bbox 2894 3685 2989 3738; x_wconf 74' lang='grc' dir='ltr'>καὶ</span> <span class='ocrx_word' id='word_1_517' title='bbox 3033 3684 3130 3754; x_wconf 84' lang='grc' dir='ltr'>τὴν</span> <span class='ocrx_word' id='word_1_518' title='bbox 3177 3683 3493 3754; x_wconf 81' lang='grc' dir='ltr'>πολύγαμον</span> <span class='ocrx_word' id='word_1_519' title='bbox 3531 3681 3749 3754; x_wconf 74' lang='grc' dir='ltr'>ἐκείνην</span> 
     </span>
    </p>
   </div>
   <div class='ocr_carea' id='block_1_68' title="bbox 515 3782 2082 3855">
    <p class='ocr_par' dir='ltr' id='par_1_68' title="bbox 515 3782 2082 3855">
     <span class='ocr_line' id='line_1_69' title="bbox 515 3782 2082 3855; baseline -0.001 -16"><span class='ocrx_word' id='word_1_520' title='bbox 515 3792 679 3855; x_wconf 90' lang='lat' dir='ltr'><strong>atque</strong></span> <span class='ocrx_word' id='word_1_521' title='bbox 711 3784 914 3840; x_wconf 88' lang='lat' dir='ltr'><strong>Paulus</strong></span> <span class='ocrx_word' id='word_1_522' title='bbox 944 3784 1182 3854; x_wconf 88' lang='lat' dir='ltr'><strong>paradisi</strong></span> <span class='ocrx_word' id='word_1_523' title='bbox 1216 3782 1492 3853; x_wconf 86' lang='lat' dir='ltr'><strong>mysteriis</strong></span> <span class='ocrx_word' id='word_1_524' title='bbox 1522 3782 1716 3836; x_wconf 92' lang='lat' dir='ltr'><strong>initiati</strong></span> <span class='ocrx_word' id='word_1_525' title='bbox 1764 3789 1912 3848; x_wconf 90' lang='lat' dir='ltr'><strong>sunt,</strong></span> <span class='ocrx_word' id='word_1_526' title='bbox 1960 3797 2082 3852; x_wconf 75' lang='lat' dir='ltr'><strong>qua:</strong></span> 
     </span>
    </p>
   </div>
   <div class='ocr_carea' id='block_1_69' title="bbox 513 3874 2081 3945">
    <p class='ocr_par' dir='ltr' id='par_1_69' title="bbox 513 3874 2081 3945">
     <span class='ocr_line' id='line_1_70' title="bbox 513 3874 2081 3945; baseline -0.001 -15"><span class='ocrx_word' id='word_1_527' title='bbox 513 3876 825 3931; x_wconf 90' lang='lat' dir='ltr'><strong>enarrando</strong></span> <span class='ocrx_word' id='word_1_528' title='bbox 865 3874 947 3930; x_wconf 83' lang='lat' dir='ltr'><strong>fas</strong></span> <span class='ocrx_word' id='word_1_529' title='bbox 982 3890 1088 3930; x_wconf 91' lang='lat' dir='ltr'><strong>non</strong></span> <span class='ocrx_word' id='word_1_530' title='bbox 1121 3883 1203 3931; x_wconf 92' lang='lat' dir='ltr'><strong>est</strong></span> <span class='ocrx_word' id='word_1_531' title='bbox 1229 3875 1555 3945; x_wconf 80' lang='lat' dir='ltr'><strong>exprimere.</strong></span> <span class='ocrx_word' id='word_1_532' title='bbox 1577 3874 1773 3930; x_wconf 76' lang='lat' dir='ltr'><strong>Nostra</strong></span> <span class='ocrx_word' id='word_1_533' title='bbox 1803 3889 1934 3929; x_wconf 86' lang='lat' dir='ltr'><strong>sane</strong></span> <span class='ocrx_word' id='word_1_534' title='bbox 1967 3874 2081 3928; x_wconf 69' lang='lat' dir='ltr'><strong>haec</strong></span> 
     </span>
    </p>
   </div>
   <div class='ocr_carea' id='block_1_70' title="bbox 510 3967 2082 4038">
    <p class='ocr_par' dir='ltr' id='par_1_70' title="bbox 510 3967 2082 4038">
     <span class='ocr_line' id='line_1_71' title="bbox 510 3967 2082 4038; baseline -0.003 -14"><span class='ocrx_word' id='word_1_535' title='bbox 510 3976 602 4024; x_wconf 82' lang='lat' dir='ltr'><strong>est</strong></span> <span class='ocrx_word' id='word_1_536' title='bbox 635 3969 940 4038; x_wconf 83' lang='lat' dir='ltr'><strong>responsio:</strong></span> <span class='ocrx_word' id='word_1_537' title='bbox 973 3969 1112 4023; x_wconf 86' lang='lat' dir='ltr'><strong>Cum</strong></span> <span class='ocrx_word' id='word_1_538' title='bbox 1141 3967 1424 4022; x_wconf 71' lang='lat' dir='ltr'><strong>Sadducaai</strong></span> <span class='ocrx_word' id='word_1_539' title='bbox 1449 3967 1710 4021; x_wconf 82' lang='lat' dir='ltr'><strong>doctrinae</strong></span> <span class='ocrx_word' id='word_1_540' title='bbox 1737 3967 1804 4022; x_wconf 93' lang='lat' dir='ltr'><strong>de</strong></span> <span class='ocrx_word' id='word_1_541' title='bbox 1836 3975 2082 4021; x_wconf 87' lang='lat' dir='ltr'><strong>mortuo-</strong></span> 
     </span>
    </p>
   </div>
   <div class='ocr_carea' id='block_1_71' title="bbox 515 4057 2081 4126">
    <p class='ocr_par' dir='ltr' id='par_1_71' title="bbox 515 4057 2081 4126">
     <span class='ocr_line' id='line_1_72' title="bbox 515 4057 2081 4126; baseline -0.003 -10"><span class='ocrx_word' id='word_1_542' title='bbox 515 4075 640 4116; x_wconf 83' lang='lat' dir='ltr'><strong>rum</strong></span> <span class='ocrx_word' id='word_1_543' title='bbox 675 4059 1093 4116; x_wconf 89' lang='lat' dir='ltr'><strong>resuscitatione</strong></span> <span class='ocrx_word' id='word_1_544' title='bbox 1123 4060 1564 4119; x_wconf 85' lang='lat' dir='ltr'><strong>adversarentur,</strong></span> <span class='ocrx_word' id='word_1_545' title='bbox 1612 4065 1666 4110; x_wconf 90' lang='lat' dir='ltr'><strong>et</strong></span> <span class='ocrx_word' id='word_1_546' title='bbox 1699 4067 1882 4126; x_wconf 74' lang='lat' dir='ltr'><strong>nuptae</strong></span> <span class='ocrx_word' id='word_1_547' title='bbox 1937 4057 2081 4112; x_wconf 90' lang='lat' dir='ltr'><strong>illius</strong></span> 
     </span>
    </p>
   </div>
   <div class='ocr_carea' id='block_1_72' title="bbox 512 4144 2081 4216">
    <p class='ocr_par' dir='ltr' id='par_1_72' title="bbox 512 4144 2081 4216">
     <span class='ocr_line' id='line_1_73' title="bbox 512 4144 2081 4216; baseline -0.003 -10"><span class='ocrx_word' id='word_1_548' title='bbox 512 4167 642 4206; x_wconf 87' lang='lat' dir='ltr'><strong>cum</strong></span> <span class='ocrx_word' id='word_1_549' title='bbox 707 4149 917 4212; x_wconf 90' lang='lat' dir='ltr'><strong>multis,</strong></span> <span class='ocrx_word' id='word_1_550' title='bbox 973 4146 1219 4216; x_wconf 86' lang='lat' dir='ltr'><strong>adeoque</strong></span> <span class='ocrx_word' id='word_1_551' title='bbox 1283 4154 1487 4215; x_wconf 87' lang='lat' dir='ltr'><strong>septem</strong></span> <span class='ocrx_word' id='word_1_552' title='bbox 1538 4144 1800 4199; x_wconf 82' lang='lat' dir='ltr'><strong>fratribus</strong></span> <span class='ocrx_word' id='word_1_553' title='bbox 1841 4147 2081 4201; x_wconf 86' lang='lat' dir='ltr'><strong>mulieris</strong></span> 
     </span>
    </p>
   </div>
   <div class='ocr_carea' id='block_1_73' title="bbox 516 4233 2082 4304">
    <p class='ocr_par' dir='ltr' id='par_1_73' title="bbox 516 4233 2082 4304">
     <span class='ocr_line' id='line_1_74' title="bbox 516 4233 2082 4304; baseline -0.004 -8"><span class='ocrx_word' id='word_1_554' title='bbox 516 4240 847 4297; x_wconf 88' lang='lat' dir='ltr'><strong>mentionem</strong></span> <span class='ocrx_word' id='word_1_555' title='bbox 875 4237 949 4292; x_wconf 90' lang='lat' dir='ltr'><strong>ad</strong></span> <span class='ocrx_word' id='word_1_556' title='bbox 982 4237 1381 4292; x_wconf 86' lang='lat' dir='ltr'><strong>conciliandam</strong></span> <span class='ocrx_word' id='word_1_557' title='bbox 1446 4233 1603 4289; x_wconf 82' lang='lat' dir='ltr'><strong>ﬁdem</strong></span> <span class='ocrx_word' id='word_1_558' title='bbox 1635 4235 1936 4304; x_wconf 73' lang='lat' dir='ltr'><strong>disciplinae</strong></span> <span class='ocrx_word' id='word_1_559' title='bbox 1969 4250 2082 4289; x_wconf 68' lang='lat' dir='ltr'><strong>suae</strong></span> 
     </span>
    </p>
   </div>
   <div class='ocr_carea' id='block_1_74' title="bbox 515 4325 2083 4400">
    <p class='ocr_par' dir='ltr' id='par_1_74' title="bbox 515 4325 2083 4400">
     <span class='ocr_line' id='line_1_75' title="bbox 515 4325 2083 4400; baseline -0.006 -13"><span class='ocrx_word' id='word_1_560' title='bbox 515 4331 780 4395; x_wconf 73' lang='lat' dir='ltr'><strong>facerent,</strong></span> <span class='ocrx_word' id='word_1_561' title='bbox 809 4338 864 4385; x_wconf 89' lang='lat' dir='ltr'><strong>et</strong></span> <span class='ocrx_word' id='word_1_562' title='bbox 892 4329 1080 4400; x_wconf 83' lang='lat' dir='ltr'><strong>ecquis</strong></span> <span class='ocrx_word' id='word_1_563' title='bbox 1111 4329 1301 4382; x_wconf 91' lang='lat' dir='ltr'><strong>horum</strong></span> <span class='ocrx_word' id='word_1_564' title='bbox 1330 4341 1449 4381; x_wconf 90' lang='lat' dir='ltr'><strong>eam</strong></span> <span class='ocrx_word' id='word_1_565' title='bbox 1497 4341 1527 4378; x_wconf 94' lang='lat' dir='ltr'><strong>a</strong></span> <span class='ocrx_word' id='word_1_566' title='bbox 1559 4325 1957 4380; x_wconf 89' lang='lat' dir='ltr'><strong>resurrectione</strong></span> <span class='ocrx_word' id='word_1_567' title='bbox 1986 4325 2083 4378; x_wconf 90' lang='lat' dir='ltr'><strong>ha-</strong></span> 
     </span>
    </p>
   </div>
   <div class='ocr_carea' id='block_1_75' title="bbox 517 4413 2077 4490">
    <p class='ocr_par' dir='ltr' id='par_1_75' title="bbox 517 4413 2077 4490">
     <span class='ocr_line' id='line_1_76' title="bbox 517 4413 2077 4490; baseline -0.004 -15"><span class='ocrx_word' id='word_1_568' title='bbox 517 4421 735 4476; x_wconf 79' lang='lat' dir='ltr'><strong>biturus</strong></span> <span class='ocrx_word' id='word_1_569' title='bbox 764 4430 909 4476; x_wconf 87' lang='lat' dir='ltr'><strong>esset</strong></span> <span class='ocrx_word' id='word_1_570' title='bbox 947 4425 1276 4490; x_wconf 69' lang='lat' dir='ltr'><strong>quaererent.</strong></span> <span class='ocrx_word' id='word_1_571' title='bbox 1315 4418 1387 4470; x_wconf 90' lang='lat' dir='ltr'><strong>ita</strong></span> <span class='ocrx_word' id='word_1_572' title='bbox 1444 4414 1736 4484; x_wconf 88' lang='lat' dir='ltr'><strong>respondet</strong></span> <span class='ocrx_word' id='word_1_573' title='bbox 1799 4413 2077 4477; x_wconf 86' lang='lat' dir='ltr'><strong>Dominus,</strong></span> 
     </span>
    </p>
   </div>
   <div class='ocr_carea' id='block_1_76' title="bbox 517 4504 2083 4579">
    <p class='ocr_par' dir='ltr' id='par_1_76' title="bbox 517 4504 2083 4579">
     <span class='ocr_line' id='line_1_77' title="bbox 517 4504 2083 4579; baseline -0.006 -11"><span class='ocrx_word' id='word_1_574' title='bbox 517 4522 580 4568; x_wconf 89' lang='lat' dir='ltr'><strong>ut</strong></span> <span class='ocrx_word' id='word_1_575' title='bbox 611 4521 666 4568; x_wconf 92' lang='lat' dir='ltr'><strong>et</strong></span> <span class='ocrx_word' id='word_1_576' title='bbox 691 4512 813 4566; x_wconf 90' lang='lat' dir='ltr'><strong>illos</strong></span> <span class='ocrx_word' id='word_1_577' title='bbox 846 4511 1094 4579; x_wconf 79' lang='lat' dir='ltr'><strong>castiget,</strong></span> <span class='ocrx_word' id='word_1_578' title='bbox 1125 4523 1187 4563; x_wconf 91' lang='lat' dir='ltr'><strong>ac</strong></span> <span class='ocrx_word' id='word_1_579' title='bbox 1224 4509 1368 4569; x_wconf 67' lang='lat' dir='ltr'><strong>vitae,</strong></span> <span class='ocrx_word' id='word_1_580' title='bbox 1401 4520 1564 4576; x_wconf 91' lang='lat' dir='ltr'><strong>quam</strong></span> <span class='ocrx_word' id='word_1_581' title='bbox 1601 4505 1654 4558; x_wconf 91' lang='lat' dir='ltr'><strong>in</strong></span> <span class='ocrx_word' id='word_1_582' title='bbox 1682 4504 2083 4559; x_wconf 85' lang='lat' dir='ltr'><strong>resurrectione</strong></span> 
     </span>
    </p>
   </div>
   <div class='ocr_carea' id='block_1_77' title="bbox 515 4596 2083 4674">
    <p class='ocr_par' dir='ltr' id='par_1_77' title="bbox 515 4596 2083 4674">
     <span class='ocr_line' id='line_1_78' title="bbox 515 4596 2083 4674; baseline -0.008 -13"><span class='ocrx_word' id='word_1_583' title='bbox 515 4605 848 4674; x_wconf 78' lang='lat' dir='ltr'><strong>npiscemur,</strong></span> <span class='ocrx_word' id='word_1_584' title='bbox 879 4601 1198 4671; x_wconf 83' lang='lat' dir='ltr'><strong>mysterium</strong></span> <span class='ocrx_word' id='word_1_585' title='bbox 1227 4597 1540 4653; x_wconf 87' lang='lat' dir='ltr'><strong>hominibus</strong></span> <span class='ocrx_word' id='word_1_586' title='bbox 1577 4596 1834 4666; x_wconf 88' lang='lat' dir='ltr'><strong>deinceps</strong></span> <span class='ocrx_word' id='word_1_587' title='bbox 1870 4596 2083 4650; x_wconf 88' lang='lat' dir='ltr'><strong>univer-</strong></span> 
     </span>
    </p>
   </div>
   <div class='ocr_carea' id='block_1_78' title="bbox 517 4688 2083 4763">
    <p class='ocr_par' dir='ltr' id='par_1_78' title="bbox 517 4688 2083 4763">
     <span class='ocr_line' id='line_1_79' title="bbox 517 4688 2083 4763; baseline -0.006 -13"><span class='ocrx_word' id='word_1_588' title='bbox 517 4698 596 4752; x_wconf 87' lang='lat' dir='ltr'><strong>sis</strong></span> <span class='ocrx_word' id='word_1_589' title='bbox 647 4695 920 4763; x_wconf 84' lang='lat' dir='ltr'><strong>explanet.</strong></span> <span class='ocrx_word' id='word_1_590' title='bbox 966 4710 984 4744; x_wconf 86' lang='grc' dir='ltr'><strong>ι</strong></span> <span class='ocrx_word' id='word_1_591' title='bbox 1026 4693 1085 4745; x_wconf 92' lang='lat' dir='ltr'><strong>In</strong></span> <span class='ocrx_word' id='word_1_592' title='bbox 1138 4689 1558 4754; x_wconf 84' lang='lat' dir='ltr'><strong>resurrectione,</strong></span> <span class='ocrx_word' id='word_1_593' title='bbox 1596 4705 1614 4738; x_wconf 71' lang='grc' dir='ltr'><strong>ι</strong></span> <span class='ocrx_word' id='word_1_594' title='bbox 1681 4688 1777 4750; x_wconf 89' lang='lat' dir='ltr'><strong>ait,</strong></span> <span class='ocrx_word' id='word_1_595' title='bbox 1838 4705 1858 4738; x_wconf 80' lang='grc' dir='ltr'><strong>ι</strong></span> <span class='ocrx_word' id='word_1_596' title='bbox 1907 4703 2083 4756; x_wconf 85' lang='lat' dir='ltr'><strong>neque</strong></span> 
     </span>
    </p>
   </div>
   <div class='ocr_carea' id='block_1_79' title="bbox 519 4775 2076 4854">
    <p class='ocr_par' dir='ltr' id='par_1_79' title="bbox 519 4775 2076 4854">
     <span class='ocr_line' id='line_1_80' title="bbox 519 4775 2076 4854; baseline -0.008 -15"><span class='ocrx_word' id='word_1_597' title='bbox 519 4785 738 4854; x_wconf 88' lang='lat' dir='ltr'><strong>nuptias</strong></span> <span class='ocrx_word' id='word_1_598' title='bbox 753 4781 1099 4844; x_wconf 86' lang='lat' dir='ltr'><strong>contrahent,</strong></span> <span class='ocrx_word' id='word_1_599' title='bbox 1118 4795 1292 4848; x_wconf 87' lang='lat' dir='ltr'><strong>neque</strong></span> <span class='ocrx_word' id='word_1_600' title='bbox 1309 4779 1373 4832; x_wconf 86' lang='lat' dir='ltr'><strong>ad</strong></span> <span class='ocrx_word' id='word_1_601' title='bbox 1399 4784 1628 4846; x_wconf 89' lang='lat' dir='ltr'><strong>nuptum</strong></span> <span class='ocrx_word' id='word_1_602' title='bbox 1650 4775 1933 4830; x_wconf 87' lang='lat' dir='ltr'><strong>tradentur</strong></span> <span class='ocrx_word' id='word_1_603' title='bbox 1952 4777 2028 4831; x_wconf 81' lang='lat' dir='ltr'><strong>“z</strong></span> <span class='ocrx_word' id='word_1_604' title='bbox 2057 4795 2076 4826; x_wconf 72' lang='grc' dir='ltr'><strong>ι</strong></span> 
     </span>
    </p>
   </div>
   <div class='ocr_carea' id='block_1_80' title="bbox 515 4865 2084 4947">
    <p class='ocr_par' dir='ltr' id='par_1_80' title="bbox 515 4865 2084 4947">
     <span class='ocr_line' id='line_1_81' title="bbox 515 4865 2084 4947; baseline -0.008 -16"><span class='ocrx_word' id='word_1_605' title='bbox 515 4879 718 4947; x_wconf 90' lang='lat' dir='ltr'><strong>quippe</strong></span> <span class='ocrx_word' id='word_1_606' title='bbox 751 4889 876 4930; x_wconf 91' lang='lat' dir='ltr'><strong>cum</strong></span> <span class='ocrx_word' id='word_1_607' title='bbox 901 4873 1134 4942; x_wconf 91' lang='lat' dir='ltr'><strong>amplius</strong></span> <span class='ocrx_word' id='word_1_608' title='bbox 1167 4871 1305 4925; x_wconf 91' lang='lat' dir='ltr'><strong>mori</strong></span> <span class='ocrx_word' id='word_1_609' title='bbox 1331 4875 1624 4938; x_wconf 90' lang='lat' dir='ltr'><strong>nequeant.</strong></span> <span class='ocrx_word' id='word_1_610' title='bbox 1659 4865 1798 4920; x_wconf 88' lang='lat' dir='ltr'><strong>Sunt</strong></span> <span class='ocrx_word' id='word_1_611' title='bbox 1823 4868 1964 4921; x_wconf 88' lang='lat' dir='ltr'><strong>enim</strong></span> <span class='ocrx_word' id='word_1_612' title='bbox 1997 4882 2084 4937; x_wconf 84' lang='lat' dir='ltr'><strong>pa-</strong></span> 
     </span>
    </p>
   </div>
   <div class='ocr_carea' id='block_1_81' title="bbox 518 4959 2082 5035">
    <p class='ocr_par' dir='ltr' id='par_1_81' title="bbox 518 4959 2082 5035">
     <span class='ocr_line' id='line_1_82' title="bbox 518 4959 2082 5035; baseline -0.008 -14"><span class='ocrx_word' id='word_1_613' title='bbox 518 4983 607 5024; x_wconf 81' lang='lat' dir='ltr'><strong>res</strong></span> <span class='ocrx_word' id='word_1_614' title='bbox 646 4964 878 5035; x_wconf 78' lang='lat' dir='ltr'><strong>angelis,</strong></span> <span class='ocrx_word' id='word_1_615' title='bbox 906 4971 959 5019; x_wconf 81' lang='lat' dir='ltr'><strong>et</strong></span> <span class='ocrx_word' id='word_1_616' title='bbox 993 4961 1086 5018; x_wconf 86' lang='lat' dir='ltr'><strong>Dei</strong></span> <span class='ocrx_word' id='word_1_617' title='bbox 1120 4961 1236 5026; x_wconf 84' lang='lat' dir='ltr'><strong>ﬁlii,</strong></span> <span class='ocrx_word' id='word_1_618' title='bbox 1285 4959 1374 5014; x_wconf 91' lang='lat' dir='ltr'><strong>ubi</strong></span> <span class='ocrx_word' id='word_1_619' title='bbox 1398 4959 1510 5026; x_wconf 87' lang='lat' dir='ltr'><strong>jam</strong></span> <span class='ocrx_word' id='word_1_620' title='bbox 1565 4959 1980 5010; x_wconf 77' lang='lat' dir='ltr'><strong>resurrexeriut.</strong></span> <span class='ocrx_word' id='word_1_621' title='bbox 2015 4959 2082 5009; x_wconf 84' lang='lat' dir='ltr'><strong>At</strong></span> 
     </span>
    </p>
   </div>
   <div class='ocr_carea' id='block_1_82' title="bbox 2181 3772 3737 3848">
    <p class='ocr_par' dir='ltr' id='par_1_82' title="bbox 2181 3772 3737 3848">
     <span class='ocr_line' id='line_1_83' title="bbox 2181 3772 3737 3848; baseline -0.002 -19"><span class='ocrx_word' id='word_1_622' title='bbox 2181 3779 2428 3842; x_wconf 80' lang='grc' dir='ltr'>γυναῖκα,</span> <span class='ocrx_word' id='word_1_623' title='bbox 2456 3778 2554 3848; x_wconf 82' lang='grc' dir='ltr'>τὴν</span> <span class='ocrx_word' id='word_1_624' title='bbox 2580 3780 2691 3840; x_wconf 87' lang='grc' dir='ltr'>τοῖς</span> <span class='ocrx_word' id='word_1_625' title='bbox 2725 3775 2862 3828; x_wconf 76' lang='grc' dir='ltr'>ἐπτά</span> <span class='ocrx_word' id='word_1_626' title='bbox 2899 3775 3196 3844; x_wconf 85' lang='grc' dir='ltr'>γενομένην</span> <span class='ocrx_word' id='word_1_627' title='bbox 3225 3773 3495 3842; x_wconf 83' lang='grc' dir='ltr'>ἀδελφοῖς,</span> <span class='ocrx_word' id='word_1_628' title='bbox 3537 3775 3616 3838; x_wconf 82' lang='grc' dir='ltr'><strong>είς</strong></span> <span class='ocrx_word' id='word_1_629' title='bbox 3646 3772 3737 3826; x_wconf 79' lang='grc' dir='ltr'>σύ·</span> 
     </span>
    </p>
   </div>
   <div class='ocr_carea' id='block_1_83' title="bbox 2183 3858 3751 3936">
    <p class='ocr_par' dir='ltr' id='par_1_83' title="bbox 2183 3858 3751 3936">
     <span class='ocr_line' id='line_1_84' title="bbox 2183 3858 3751 3936; baseline -0.001 -16"><span class='ocrx_word' id='word_1_630' title='bbox 2183 3883 2371 3920; x_wconf 86' lang='grc' dir='ltr'>στασιν</span> <span class='ocrx_word' id='word_1_631' title='bbox 2392 3866 2484 3920; x_wconf 89' lang='grc' dir='ltr'><strong>τοῦ</strong></span> <span class='ocrx_word' id='word_1_632' title='bbox 2514 3865 2632 3920; x_wconf 81' lang='grc' dir='ltr'>καθ’</span> <span class='ocrx_word' id='word_1_633' title='bbox 2660 3867 2885 3928; x_wconf 76' lang='grc' dir='ltr'>ἑαυτοὺς</span> <span class='ocrx_word' id='word_1_634' title='bbox 2909 3865 3176 3936; x_wconf 77' lang='grc' dir='ltr'>δόγματος</span> <span class='ocrx_word' id='word_1_635' title='bbox 3203 3864 3605 3936; x_wconf 79' lang='grc' dir='ltr'>προφερόντων,</span> <span class='ocrx_word' id='word_1_636' title='bbox 3629 3858 3751 3919; x_wconf 75' lang='grc' dir='ltr'>εἶτα</span> 
     </span>
    </p>
   </div>
   <div class='ocr_carea' id='block_1_84' title="bbox 2178 3954 3751 4034">
    <p class='ocr_par' dir='ltr' id='par_1_84' title="bbox 2178 3954 3751 4034">
     <span class='ocr_line' id='line_1_85' title="bbox 2178 3954 3751 4034; baseline -0.002 -24"><span class='ocrx_word' id='word_1_637' title='bbox 2178 3958 2323 4022; x_wconf 85' lang='grc' dir='ltr'>τίνος</span> <span class='ocrx_word' id='word_1_638' title='bbox 2359 3957 2497 4029; x_wconf 85' lang='grc' dir='ltr'>μετὰ</span> <span class='ocrx_word' id='word_1_639' title='bbox 2524 3957 2621 4029; x_wconf 83' lang='grc' dir='ltr'>τὴν</span> <span class='ocrx_word' id='word_1_640' title='bbox 2649 3957 2944 4012; x_wconf 84' lang='grc' dir='ltr'>ἀνάστασιν</span> <span class='ocrx_word' id='word_1_641' title='bbox 2968 3956 3118 4009; x_wconf 69' lang='grc' dir='ltr'>ἔσται</span> <span class='ocrx_word' id='word_1_642' title='bbox 3150 3954 3586 4024; x_wconf 83' lang='grc' dir='ltr'>πυνθανομένων,</span> <span class='ocrx_word' id='word_1_643' title='bbox 3613 3955 3751 4034; x_wconf 80' lang='grc' dir='ltr'>ἀπο-</span> 
     </span>
    </p>
   </div>
   <div class='ocr_carea' id='block_1_85' title="bbox 2181 4045 3750 4119">
    <p class='ocr_par' dir='ltr' id='par_1_85' title="bbox 2181 4045 3750 4119">
     <span class='ocr_line' id='line_1_86' title="bbox 2181 4045 3750 4119; baseline 0.006 -19"><span class='ocrx_word' id='word_1_644' title='bbox 2181 4049 2425 4119; x_wconf 85' lang='grc' dir='ltr'>κρίνεται</span> <span class='ocrx_word' id='word_1_645' title='bbox 2480 4049 2615 4119; x_wconf 83' lang='grc' dir='ltr'>πρδς</span> <span class='ocrx_word' id='word_1_646' title='bbox 2658 4049 2748 4101; x_wconf 88' lang='grc' dir='ltr'>τὸν</span> <span class='ocrx_word' id='word_1_647' title='bbox 2781 4047 2937 4117; x_wconf 85' lang='grc' dir='ltr'>λόγον</span> <span class='ocrx_word' id='word_1_648' title='bbox 2981 4047 3009 4098; x_wconf 84' lang='grc' dir='ltr'>ὀ</span> <span class='ocrx_word' id='word_1_649' title='bbox 3052 4045 3282 4116; x_wconf 79' lang='grc' dir='ltr'>Κύριος,</span> <span class='ocrx_word' id='word_1_650' title='bbox 3313 4045 3372 4097; x_wconf 76' lang='grc' dir='ltr'>οὗ</span> <span class='ocrx_word' id='word_1_651' title='bbox 3411 4045 3569 4114; x_wconf 84' lang='grc' dir='ltr'>μόνον</span> <span class='ocrx_word' id='word_1_652' title='bbox 3622 4046 3750 4108; x_wconf 80' lang='grc' dir='ltr'>τοὺς</span> 
     </span>
    </p>
   </div>
   <div class='ocr_carea' id='block_1_86' title="bbox 2183 4134 3751 4205">
    <p class='ocr_par' dir='ltr' id='par_1_86' title="bbox 2183 4134 3751 4205">
     <span class='ocr_line' id='line_1_87' title="bbox 2183 4134 3751 4205; baseline -0.001 -14"><span class='ocrx_word' id='word_1_653' title='bbox 2183 4139 2571 4203; x_wconf 78' lang='grc' dir='ltr'>Σαδδουκαίους</span> <span class='ocrx_word' id='word_1_654' title='bbox 2610 4139 2896 4203; x_wconf 80' lang='grc' dir='ltr'>παιδεύων,</span> <span class='ocrx_word' id='word_1_655' title='bbox 2949 4136 3083 4190; x_wconf 81' lang='grc' dir='ltr'>ἀλλὰ</span> <span class='ocrx_word' id='word_1_656' title='bbox 3122 4136 3218 4189; x_wconf 71' lang='grc' dir='ltr'><strong>καὶ</strong></span> <span class='ocrx_word' id='word_1_657' title='bbox 3264 4136 3399 4188; x_wconf 79' lang='grc' dir='ltr'>πᾶσι</span> <span class='ocrx_word' id='word_1_658' title='bbox 3446 4137 3559 4198; x_wconf 87' lang='grc' dir='ltr'>τοῖς</span> <span class='ocrx_word' id='word_1_659' title='bbox 3611 4134 3751 4205; x_wconf 85' lang='grc' dir='ltr'><strong>μετά</strong></span> 
     </span>
    </p>
   </div>
   <div class='ocr_carea' id='block_1_87' title="bbox 2180 4226 3755 4300">
    <p class='ocr_par' dir='ltr' id='par_1_87' title="bbox 2180 4226 3755 4300">
     <span class='ocr_line' id='line_1_88' title="bbox 2180 4226 3755 4300; baseline -0.003 -18"><span class='ocrx_word' id='word_1_660' title='bbox 2180 4230 2352 4283; x_wconf 83' lang='grc' dir='ltr'>ταῦτα</span> <span class='ocrx_word' id='word_1_661' title='bbox 2379 4231 2478 4298; x_wconf 81' lang='grc' dir='ltr'>τῆς</span> <span class='ocrx_word' id='word_1_662' title='bbox 2505 4233 2563 4282; x_wconf 83' lang='grc' dir='ltr'>ὲν</span> <span class='ocrx_word' id='word_1_663' title='bbox 2591 4233 2656 4300; x_wconf 80' lang='grc' dir='ltr'>τῇ</span> <span class='ocrx_word' id='word_1_664' title='bbox 2688 4231 2977 4283; x_wconf 84' lang='grc' dir='ltr'>ἀναστάσει</span> <span class='ocrx_word' id='word_1_665' title='bbox 3005 4227 3147 4296; x_wconf 77' lang='grc' dir='ltr'>ζωῆς</span> <span class='ocrx_word' id='word_1_666' title='bbox 3177 4226 3425 4298; x_wconf 84' lang='grc' dir='ltr'>φανερῶν</span> <span class='ocrx_word' id='word_1_667' title='bbox 3453 4227 3513 4278; x_wconf 81' lang='grc' dir='ltr'>τὸ</span> <span class='ocrx_word' id='word_1_668' title='bbox 3545 4229 3755 4298; x_wconf 71' lang='grc' dir='ltr'>μυστήο</span> 
     </span>
    </p>
   </div>
   <div class='ocr_carea' id='block_1_88' title="bbox 2183 4311 3750 4392">
    <p class='ocr_par' dir='ltr' id='par_1_88' title="bbox 2183 4311 3750 4392">
     <span class='ocr_line' id='line_1_89' title="bbox 2183 4311 3750 4392; baseline -0.003 -18"><span class='ocrx_word' id='word_1_669' title='bbox 2183 4339 2316 4392; x_wconf 90' lang='grc' dir='ltr'>ριον.</span> <span class='ocrx_word' id='word_1_670' title='bbox 2353 4339 2371 4370; x_wconf 81' lang='grc' dir='ltr'><strong>ι</strong></span> <span class='ocrx_word' id='word_1_671' title='bbox 2393 4322 2482 4376; x_wconf 89' lang='grc' dir='ltr'><strong>Ἐν</strong></span> <span class='ocrx_word' id='word_1_672' title='bbox 2503 4320 2693 4392; x_wconf 84' lang='grc' dir='ltr'>γὰρτῇ</span> <span class='ocrx_word' id='word_1_673' title='bbox 2727 4321 3040 4385; x_wconf 81' lang='grc' dir='ltr'>ἀναστάσει,</span> <span class='ocrx_word' id='word_1_674' title='bbox 3083 4311 3268 4388; x_wconf 74' lang='grc' dir='ltr'>φῆσὶν,</span> <span class='ocrx_word' id='word_1_675' title='bbox 3300 4318 3423 4371; x_wconf 76' lang='grc' dir='ltr'>οὔτε</span> <span class='ocrx_word' id='word_1_676' title='bbox 3456 4318 3750 4386; x_wconf 81' lang='grc' dir='ltr'>γαμοῦσιν,</span> 
     </span>
    </p>
   </div>
   <div class='ocr_carea' id='block_1_89' title="bbox 2181 4408 3756 4481">
    <p class='ocr_par' dir='ltr' id='par_1_89' title="bbox 2181 4408 3756 4481">
     <span class='ocr_line' id='line_1_90' title="bbox 2181 4408 3756 4481; baseline -0.001 -17"><span class='ocrx_word' id='word_1_677' title='bbox 2181 4411 2304 4464; x_wconf 77' lang='grc' dir='ltr'>οὔτε</span> <span class='ocrx_word' id='word_1_678' title='bbox 2336 4411 2902 4481; x_wconf 77' lang='grc' dir='ltr'>γαμίσκονται·»οῦτε</span> <span class='ocrx_word' id='word_1_679' title='bbox 2961 4411 3070 4480; x_wconf 90' lang='grc' dir='ltr'><strong>γάρ</strong></span> <span class='ocrx_word' id='word_1_680' title='bbox 3108 4409 3398 4462; x_wconf 81' lang='grc' dir='ltr'>ἀποθανεῖν</span> <span class='ocrx_word' id='word_1_681' title='bbox 3445 4409 3523 4461; x_wconf 75' lang='grc' dir='ltr'>ἔτι</span> <span class='ocrx_word' id='word_1_682' title='bbox 3559 4408 3756 4462; x_wconf 79' lang='grc' dir='ltr'>δύναν-</span> 
     </span>
    </p>
   </div>
   <div class='ocr_carea' id='block_1_90' title="bbox 2181 4499 3754 4572">
    <p class='ocr_par' dir='ltr' id='par_1_90' title="bbox 2181 4499 3754 4572">
     <span class='ocr_line' id='line_1_91' title="bbox 2181 4499 3754 4572; baseline -0.002 -17"><span class='ocrx_word' id='word_1_683' title='bbox 2181 4519 2306 4555; x_wconf 86' lang='grc' dir='ltr'>ται·</span> <span class='ocrx_word' id='word_1_684' title='bbox 2362 4501 2639 4569; x_wconf 85' lang='grc' dir='ltr'>ἰσάγγελοι</span> <span class='ocrx_word' id='word_1_685' title='bbox 2683 4502 2792 4572; x_wconf 89' lang='grc' dir='ltr'><strong>γάρ</strong></span> <span class='ocrx_word' id='word_1_686' title='bbox 2843 4503 2970 4563; x_wconf 80' lang='grc' dir='ltr'>εἰσι,</span> <span class='ocrx_word' id='word_1_687' title='bbox 3006 4499 3101 4553; x_wconf 74' lang='grc' dir='ltr'><strong>καὶ</strong></span> <span class='ocrx_word' id='word_1_688' title='bbox 3146 4501 3250 4553; x_wconf 77' lang='grc' dir='ltr'>υἱοὶ</span> <span class='ocrx_word' id='word_1_689' title='bbox 3289 4499 3424 4552; x_wconf 87' lang='grc' dir='ltr'>Θεοῦ</span> <span class='ocrx_word' id='word_1_690' title='bbox 3478 4499 3623 4563; x_wconf 84' lang='grc' dir='ltr'>είσι,</span> <span class='ocrx_word' id='word_1_691' title='bbox 3650 4501 3754 4570; x_wconf 85' lang='grc' dir='ltr'>τῆς</span> 
     </span>
    </p>
   </div>
   <div class='ocr_carea' id='block_1_91' title="bbox 2182 4589 3754 4660">
    <p class='ocr_par' dir='ltr' id='par_1_91' title="bbox 2182 4589 3754 4660">
     <span class='ocr_line' id='line_1_92' title="bbox 2182 4589 3754 4660; baseline -0.003 -14"><span class='ocrx_word' id='word_1_692' title='bbox 2182 4591 2525 4653; x_wconf 88' lang='grc' dir='ltr'>ἀναστάσεως</span> <span class='ocrx_word' id='word_1_693' title='bbox 2549 4591 2655 4642; x_wconf 71' lang='grc' dir='ltr'>υἱοὶ</span> <span class='ocrx_word' id='word_1_694' title='bbox 2686 4590 2857 4653; x_wconf 75' lang='grc' dir='ltr'>ὄντες.</span> <span class='ocrx_word' id='word_1_695' title='bbox 2905 4590 2967 4642; x_wconf 86' lang='grc' dir='ltr'><strong>Ἦ</strong></span> <span class='ocrx_word' id='word_1_696' title='bbox 2999 4590 3055 4642; x_wconf 88' lang='grc' dir='ltr'>δὲ</span> <span class='ocrx_word' id='word_1_697' title='bbox 3086 4590 3184 4660; x_wconf 87' lang='grc' dir='ltr'>τῆς</span> <span class='ocrx_word' id='word_1_698' title='bbox 3215 4589 3564 4651; x_wconf 82' lang='grc' dir='ltr'>ἀναστάσεως</span> <span class='ocrx_word' id='word_1_699' title='bbox 3589 4589 3754 4659; x_wconf 86' lang='grc' dir='ltr'>χάρις</span> 
     </span>
    </p>
   </div>
   <div class='ocr_carea' id='block_1_92' title="bbox 2183 4665 3754 4748">
    <p class='ocr_par' dir='ltr' id='par_1_92' title="bbox 2183 4665 3754 4748">
     <span class='ocr_line' id='line_1_93' title="bbox 2183 4665 3754 4748; baseline -0.001 -17"><span class='ocrx_word' id='word_1_700' title='bbox 2183 4679 2333 4731; x_wconf 77' lang='grc' dir='ltr'>οὐδὲν</span> <span class='ocrx_word' id='word_1_701' title='bbox 2354 4679 2538 4747; x_wconf 74' lang='grc' dir='ltr'>ἕτερον</span> <span class='ocrx_word' id='word_1_702' title='bbox 2563 4679 2694 4748; x_wconf 83' lang='grc' dir='ltr'><strong>μίν</strong></span> <span class='ocrx_word' id='word_1_703' title='bbox 2719 4665 3134 4747; x_wconf 80' lang='grc' dir='ltr'>ἐπαγγέλλεται,</span> <span class='ocrx_word' id='word_1_704' title='bbox 3155 4677 3187 4748; x_wconf 80' lang='grc' dir='ltr'>ἢ</span> <span class='ocrx_word' id='word_1_705' title='bbox 3218 4679 3314 4747; x_wconf 82' lang='grc' dir='ltr'>τὴν</span> <span class='ocrx_word' id='word_1_706' title='bbox 3336 4678 3416 4739; x_wconf 86' lang='grc' dir='ltr'><strong>είς</strong></span> <span class='ocrx_word' id='word_1_707' title='bbox 3443 4677 3502 4729; x_wconf 82' lang='grc' dir='ltr'>τὸ</span> <span class='ocrx_word' id='word_1_708' title='bbox 3525 4679 3754 4747; x_wconf 85' lang='grc' dir='ltr'>ἀρχαῖον</span> 
     </span>
    </p>
   </div>
   <div class='ocr_carea' id='block_1_93' title="bbox 2181 4767 3754 4837">
    <p class='ocr_par' dir='ltr' id='par_1_93' title="bbox 2181 4767 3754 4837">
     <span class='ocr_line' id='line_1_94' title="bbox 2181 4767 3754 4837; baseline -0.001 -15"><span class='ocrx_word' id='word_1_709' title='bbox 2181 4767 2288 4822; x_wconf 83' lang='grc' dir='ltr'><strong>τῶν</strong></span> <span class='ocrx_word' id='word_1_710' title='bbox 2315 4768 2680 4821; x_wconf 86' lang='grc' dir='ltr'>πεπτωκότων</span> <span class='ocrx_word' id='word_1_711' title='bbox 2704 4770 3164 4823; x_wconf 84' lang='grc' dir='ltr'>ἀποκατάστασιν.</span> <span class='ocrx_word' id='word_1_712' title='bbox 3210 4767 3497 4829; x_wconf 83' lang='grc' dir='ltr'>Ἐπάνοδος</span> <span class='ocrx_word' id='word_1_713' title='bbox 3521 4770 3633 4837; x_wconf 84' lang='grc' dir='ltr'><strong>γάρ</strong></span> <span class='ocrx_word' id='word_1_714' title='bbox 3665 4769 3754 4832; x_wconf 88' lang='grc' dir='ltr'><strong>τίς</strong></span> 
     </span>
    </p>
   </div>
   <div class='ocr_carea' id='block_1_94' title="bbox 2182 4858 3750 4930">
    <p class='ocr_par' dir='ltr' id='par_1_94' title="bbox 2182 4858 3750 4930">
     <span class='ocr_line' id='line_1_95' title="bbox 2182 4858 3750 4930; baseline 0.008 -20"><span class='ocrx_word' id='word_1_715' title='bbox 2182 4860 2327 4912; x_wconf 77' lang='grc' dir='ltr'>ἐστιν</span> <span class='ocrx_word' id='word_1_716' title='bbox 2354 4860 2445 4911; x_wconf 73' lang='grc' dir='ltr'><strong>ἐπὶ</strong></span> <span class='ocrx_word' id='word_1_717' title='bbox 2467 4859 2566 4930; x_wconf 84' lang='grc' dir='ltr'>τὴν</span> <span class='ocrx_word' id='word_1_718' title='bbox 2599 4858 2822 4930; x_wconf 83' lang='grc' dir='ltr'>πρώτην</span> <span class='ocrx_word' id='word_1_719' title='bbox 2861 4860 3006 4930; x_wconf 80' lang='grc' dir='ltr'>ζωὴν</span> <span class='ocrx_word' id='word_1_720' title='bbox 3034 4862 3067 4929; x_wconf 79' lang='grc' dir='ltr'>ἠ</span> <span class='ocrx_word' id='word_1_721' title='bbox 3101 4858 3523 4929; x_wconf 81' lang='grc' dir='ltr'>προσδοκωμένη</span> <span class='ocrx_word' id='word_1_722' title='bbox 3551 4858 3715 4928; x_wconf 81' lang='grc' dir='ltr'>χάρις</span> <span class='ocrx_word' id='word_1_723' title='bbox 3733 4899 3750 4923; x_wconf 71' lang='grc' dir='ltr'><strong>ν</strong></span> 
     </span>
    </p>
   </div>
   <div class='ocr_carea' id='block_1_95' title="bbox 2181 4947 3756 5022">
    <p class='ocr_par' dir='ltr' id='par_1_95' title="bbox 2181 4947 3756 5022">
     <span class='ocr_line' id='line_1_96' title="bbox 2181 4947 3756 5022; baseline -0.003 -17"><span class='ocrx_word' id='word_1_724' title='bbox 2181 4953 2273 5005; x_wconf 75' lang='grc' dir='ltr'><strong>τὸν</strong></span> <span class='ocrx_word' id='word_1_725' title='bbox 2317 4952 2692 5021; x_wconf 80' lang='grc' dir='ltr'>ἀποϐληθέντα</span> <span class='ocrx_word' id='word_1_726' title='bbox 2742 4951 2837 5004; x_wconf 91' lang='grc' dir='ltr'><strong>τοῦ</strong></span> <span class='ocrx_word' id='word_1_727' title='bbox 2885 4951 3212 5022; x_wconf 87' lang='grc' dir='ltr'>παραδείσου</span> <span class='ocrx_word' id='word_1_728' title='bbox 3256 4949 3416 5002; x_wconf 90' lang='grc' dir='ltr'>πάλιν</span> <span class='ocrx_word' id='word_1_729' title='bbox 3460 4949 3539 5011; x_wconf 85' lang='grc' dir='ltr'><strong>είς</strong></span> <span class='ocrx_word' id='word_1_730' title='bbox 3586 4947 3756 5000; x_wconf 81' lang='grc' dir='ltr'>αὑτὸν</span> 
     </span>
    </p>
   </div>
   <div class='ocr_carea' id='block_1_96' title="bbox 515 5025 2079 5113">
    <p class='ocr_par' dir='ltr' id='par_1_96' title="bbox 515 5025 2079 5112">
     <span class='ocr_line' id='line_1_97' title="bbox 515 5025 2079 5112; baseline -0.008 -1"><span class='ocrx_word' id='word_1_731' title='bbox 515 5071 647 5111; x_wconf 87' lang='lat' dir='ltr'><strong>vero</strong></span> <span class='ocrx_word' id='word_1_732' title='bbox 680 5025 1102 5110; x_wconf 75' lang='lat' dir='ltr'><strong>resurrectionis</strong></span> <span class='ocrx_word' id='word_1_733' title='bbox 1152 5051 1356 5104; x_wconf 79' lang='lat' dir='ltr'><strong>donum</strong></span> <span class='ocrx_word' id='word_1_734' title='bbox 1392 5025 1526 5102; x_wconf 86' lang='lat' dir='ltr'><strong>nihil</strong></span> <span class='ocrx_word' id='word_1_735' title='bbox 1556 5045 1700 5099; x_wconf 91' lang='lat' dir='ltr'><strong>aliud</strong></span> <span class='ocrx_word' id='word_1_736' title='bbox 1733 5045 1890 5098; x_wconf 88' lang='lat' dir='ltr'><strong>nobis</strong></span> <span class='ocrx_word' id='word_1_737' title='bbox 1927 5044 2079 5112; x_wconf 85' lang='lat' dir='ltr'><strong>polli-</strong></span> 
     </span>
    </p>
   </div>
   <div class='ocr_carea' id='block_1_97' title="bbox 2179 5025 3755 5113">
    <p class='ocr_par' dir='ltr' id='par_1_97' title="bbox 2187 5037 3755 5113">
     <span class='ocr_line' id='line_1_98' title="bbox 2187 5037 3755 5113; baseline -0.004 -17"><span class='ocrx_word' id='word_1_738' title='bbox 2187 5043 2554 5112; x_wconf 85' lang='grc' dir='ltr'>ὲπανάγουσα.</span> <span class='ocrx_word' id='word_1_739' title='bbox 2590 5045 2653 5097; x_wconf 77' lang='lat' dir='ltr'><strong>Et</strong></span> <span class='ocrx_word' id='word_1_740' title='bbox 2684 5043 2863 5096; x_wconf 82' lang='grc' dir='ltr'>τοίνυν</span> <span class='ocrx_word' id='word_1_741' title='bbox 2886 5045 2919 5113; x_wconf 81' lang='grc' dir='ltr'>ἡ</span> <span class='ocrx_word' id='word_1_742' title='bbox 2954 5041 3062 5094; x_wconf 84' lang='grc' dir='ltr'><strong>τῶν</strong></span> <span class='ocrx_word' id='word_1_743' title='bbox 3092 5038 3614 5109; x_wconf 85' lang='grc' dir='ltr'>ἀποκαθισταμένων</span> <span class='ocrx_word' id='word_1_744' title='bbox 3636 5037 3755 5109; x_wconf 78' lang='grc' dir='ltr'><strong>ζωὴ</strong></span> 
     </span>
    </p>
   </div>
   <div class='ocr_carea' id='block_1_98' title="bbox 511 5135 2078 5216">
    <p class='ocr_par' dir='ltr' id='par_1_98' title="bbox 511 5135 2078 5216">
     <span class='ocr_line' id='line_1_99' title="bbox 511 5135 2078 5216; baseline -0.008 -15"><span class='ocrx_word' id='word_1_745' title='bbox 511 5155 690 5210; x_wconf 90' lang='lat' dir='ltr'><strong>cetur,</strong></span> <span class='ocrx_word' id='word_1_746' title='bbox 718 5159 882 5216; x_wconf 89' lang='lat' dir='ltr'><strong>quam</strong></span> <span class='ocrx_word' id='word_1_747' title='bbox 910 5145 1186 5213; x_wconf 82' lang='lat' dir='ltr'><strong>lapsorum</strong></span> <span class='ocrx_word' id='word_1_748' title='bbox 1227 5141 1282 5195; x_wconf 92' lang='lat' dir='ltr'><strong>in</strong></span> <span class='ocrx_word' id='word_1_749' title='bbox 1337 5141 1606 5208; x_wconf 80' lang='lat' dir='ltr'><strong>integrum</strong></span> <span class='ocrx_word' id='word_1_750' title='bbox 1653 5135 2078 5190; x_wconf 88' lang='lat' dir='ltr'><strong>restitutionem.</strong></span> 
     </span>
    </p>
   </div>
   <div class='ocr_carea' id='block_1_99' title="bbox 514 5223 2079 5305">
    <p class='ocr_par' dir='ltr' id='par_1_99' title="bbox 514 5223 2079 5305">
     <span class='ocr_line' id='line_1_100' title="bbox 514 5223 2079 5305; baseline -0.008 -15"><span class='ocrx_word' id='word_1_751' title='bbox 514 5235 650 5290; x_wconf 82' lang='lat' dir='ltr'><strong>Nam</strong></span> <span class='ocrx_word' id='word_1_752' title='bbox 680 5250 742 5291; x_wconf 91' lang='lat' dir='ltr'><strong>ea</strong></span> <span class='ocrx_word' id='word_1_753' title='bbox 775 5233 970 5305; x_wconf 82' lang='lat' dir='ltr'><strong>gratia,</strong></span> <span class='ocrx_word' id='word_1_754' title='bbox 1002 5249 1162 5303; x_wconf 87' lang='lat' dir='ltr'><strong>quam</strong></span> <span class='ocrx_word' id='word_1_755' title='bbox 1193 5238 1598 5301; x_wconf 72' lang='lat' dir='ltr'><strong>exspectamus,</strong></span> <span class='ocrx_word' id='word_1_756' title='bbox 1630 5224 1836 5279; x_wconf 89' lang='lat' dir='ltr'><strong>reditus</strong></span> <span class='ocrx_word' id='word_1_757' title='bbox 1865 5224 1967 5276; x_wconf 90' lang='lat' dir='ltr'><strong>erit</strong></span> <span class='ocrx_word' id='word_1_758' title='bbox 2013 5223 2079 5278; x_wconf 93' lang='lat' dir='ltr'><strong>ad</strong></span> 
     </span>
    </p>
   </div>
   <div class='ocr_carea' id='block_1_100' title="bbox 515 5315 2079 5397">
    <p class='ocr_par' dir='ltr' id='par_1_100' title="bbox 515 5315 2079 5397">
     <span class='ocr_line' id='line_1_101' title="bbox 515 5315 2079 5397; baseline -0.008 -16"><span class='ocrx_word' id='word_1_759' title='bbox 515 5327 682 5382; x_wconf 89' lang='lat' dir='ltr'><strong>vitam</strong></span> <span class='ocrx_word' id='word_1_760' title='bbox 712 5325 963 5397; x_wconf 87' lang='lat' dir='ltr'><strong>primam,</strong></span> <span class='ocrx_word' id='word_1_761' title='bbox 1003 5339 1110 5396; x_wconf 88' lang='lat' dir='ltr'><strong>qua</strong></span> <span class='ocrx_word' id='word_1_762' title='bbox 1167 5326 1330 5377; x_wconf 90' lang='lat' dir='ltr'><strong>homo</strong></span> <span class='ocrx_word' id='word_1_763' title='bbox 1358 5323 1424 5376; x_wconf 90' lang='lat' dir='ltr'><strong>de</strong></span> <span class='ocrx_word' id='word_1_764' title='bbox 1471 5318 1727 5388; x_wconf 86' lang='lat' dir='ltr'><strong>paradiso</strong></span> <span class='ocrx_word' id='word_1_765' title='bbox 1765 5315 1973 5384; x_wconf 82' lang='lat' dir='ltr'><strong>ejectus</strong></span> <span class='ocrx_word' id='word_1_766' title='bbox 2025 5315 2079 5369; x_wconf 88' lang='lat' dir='ltr'><strong>in</strong></span> 
     </span>
    </p>
   </div>
   <div class='ocr_carea' id='block_1_101' title="bbox 511 5408 2078 5479">
    <p class='ocr_par' dir='ltr' id='par_1_101' title="bbox 511 5408 2078 5479">
     <span class='ocr_line' id='line_1_102' title="bbox 511 5408 2078 5479; baseline -0.006 -6"><span class='ocrx_word' id='word_1_767' title='bbox 511 5415 767 5473; x_wconf 82' lang='lat' dir='ltr'><strong>eumdem</strong></span> <span class='ocrx_word' id='word_1_768' title='bbox 793 5413 1104 5470; x_wconf 91' lang='lat' dir='ltr'><strong>reducetur.</strong></span> <span class='ocrx_word' id='word_1_769' title='bbox 1133 5410 1496 5479; x_wconf 83' lang='lat' dir='ltr'><strong>Quamobrem</strong></span> <span class='ocrx_word' id='word_1_770' title='bbox 1559 5409 1607 5465; x_wconf 89' lang='lat' dir='ltr'><strong>si</strong></span> <span class='ocrx_word' id='word_1_771' title='bbox 1640 5408 1750 5463; x_wconf 91' lang='lat' dir='ltr'><strong>vita</strong></span> <span class='ocrx_word' id='word_1_772' title='bbox 1796 5408 2078 5463; x_wconf 89' lang='lat' dir='ltr'><strong>restituto-</strong></span> 
     </span>
    </p>
   </div>
   <div class='ocr_carea' id='block_1_102' title="bbox 586 5587 2036 5662">
    <p class='ocr_par' dir='ltr' id='par_1_102' title="bbox 586 5587 2036 5662">
     <span class='ocr_line' id='line_1_103' title="bbox 586 5587 2036 5662; baseline -0.01 -6"><span class='ocrx_word' id='word_1_773' title='bbox 586 5601 631 5633; x_wconf 80' lang='lat'><strong>&quot;</strong></span> <span class='ocrx_word' id='word_1_774' title='bbox 670 5599 860 5655; x_wconf 78' lang='lat' dir='ltr'><strong>Matth.</strong></span> <span class='ocrx_word' id='word_1_775' title='bbox 908 5609 1039 5662; x_wconf 67' lang='grc' dir='ltr'>χχιι,</span> <span class='ocrx_word' id='word_1_776' title='bbox 1082 5593 1180 5661; x_wconf 78' lang='lat'><strong>30;</strong></span> <span class='ocrx_word' id='word_1_777' title='bbox 1234 5590 1400 5647; x_wconf 73' lang='lat' dir='ltr'><strong>Marc.</strong></span> <span class='ocrx_word' id='word_1_778' title='bbox 1435 5606 1532 5660; x_wconf 78' lang='lat' dir='ltr'><strong>xu,</strong></span> <span class='ocrx_word' id='word_1_779' title='bbox 1561 5589 1664 5661; x_wconf 64' lang='lat' dir='ltr'><strong>2T5;</strong></span> <span class='ocrx_word' id='word_1_780' title='bbox 1691 5587 1825 5645; x_wconf 78' lang='lat' dir='ltr'><strong>Luc.</strong></span> <span class='ocrx_word' id='word_1_781' title='bbox 1858 5604 1910 5654; x_wconf 74' lang='grc' dir='ltr'>χ,</span> <span class='ocrx_word' id='word_1_782' title='bbox 1945 5587 2036 5644; x_wconf 77' lang='lat'><strong>35.</strong></span> 
     </span>
    </p>
   </div>
   <div class='ocr_carea' id='block_1_103' title="bbox 2187 5129 3761 5205">
    <p class='ocr_par' dir='ltr' id='par_1_103' title="bbox 2187 5129 3761 5205">
     <span class='ocr_line' id='line_1_104' title="bbox 2187 5129 3761 5205; baseline -0.004 -18"><span class='ocrx_word' id='word_1_783' title='bbox 2187 5134 2322 5204; x_wconf 86' lang='grc' dir='ltr'>πρὸς</span> <span class='ocrx_word' id='word_1_784' title='bbox 2355 5135 2452 5205; x_wconf 81' lang='grc' dir='ltr'>τὴν</span> <span class='ocrx_word' id='word_1_785' title='bbox 2478 5134 2586 5186; x_wconf 85' lang='grc' dir='ltr'><strong>τῶν</strong></span> <span class='ocrx_word' id='word_1_786' title='bbox 2629 5134 2874 5202; x_wconf 86' lang='grc' dir='ltr'>ἀγγέλων</span> <span class='ocrx_word' id='word_1_787' title='bbox 2907 5133 3119 5195; x_wconf 79' lang='grc' dir='ltr'>οἰκείως</span> <span class='ocrx_word' id='word_1_788' title='bbox 3143 5131 3255 5202; x_wconf 73' lang='grc' dir='ltr'>ἔχει</span> <span class='ocrx_word' id='word_1_789' title='bbox 3274 5172 3289 5196; x_wconf 89' lang='grc'><strong>,</strong></span> <span class='ocrx_word' id='word_1_790' title='bbox 3323 5129 3562 5201; x_wconf 85' lang='grc' dir='ltr'>δηλονότι</span> <span class='ocrx_word' id='word_1_791' title='bbox 3591 5131 3761 5200; x_wconf 74' lang='grc' dir='ltr'>ὀ-πρὸ</span> 
     </span>
    </p>
   </div>
   <div class='ocr_carea' id='block_1_104' title="bbox 2183 5218 3758 5298">
    <p class='ocr_par' dir='ltr' id='par_1_104' title="bbox 2183 5218 3758 5298">
     <span class='ocr_line' id='line_1_105' title="bbox 2183 5218 3758 5298; baseline -0.003 -20"><span class='ocrx_word' id='word_1_792' title='bbox 2183 5227 2284 5296; x_wconf 85' lang='grc' dir='ltr'>τῆς</span> <span class='ocrx_word' id='word_1_793' title='bbox 2313 5228 2675 5298; x_wconf 88' lang='grc' dir='ltr'>παραϐάσεως</span> <span class='ocrx_word' id='word_1_794' title='bbox 2720 5226 2833 5296; x_wconf 86' lang='grc' dir='ltr'>βίος</span> <span class='ocrx_word' id='word_1_795' title='bbox 2881 5225 3170 5294; x_wconf 84' lang='grc' dir='ltr'>ἀγγελικὸς</span> <span class='ocrx_word' id='word_1_796' title='bbox 3201 5241 3282 5287; x_wconf 92' lang='grc' dir='ltr'><strong>τις</strong></span> <span class='ocrx_word' id='word_1_797' title='bbox 3313 5218 3412 5295; x_wconf 78' lang='grc' dir='ltr'><strong>ἦν·</strong></span> <span class='ocrx_word' id='word_1_798' title='bbox 3456 5220 3538 5275; x_wconf 81' lang='grc' dir='ltr'><strong>διὸ</strong></span> <span class='ocrx_word' id='word_1_799' title='bbox 3580 5221 3677 5274; x_wconf 79' lang='grc' dir='ltr'>καὶ</span> <span class='ocrx_word' id='word_1_800' title='bbox 3721 5223 3758 5292; x_wconf 75' lang='grc' dir='ltr'>ἠ</span> 
     </span>
    </p>
   </div>
   <div class='ocr_carea' id='block_1_105' title="bbox 2185 5311 3756 5388">
    <p class='ocr_par' dir='ltr' id='par_1_105' title="bbox 2185 5311 3756 5388">
     <span class='ocr_line' id='line_1_106' title="bbox 2185 5311 3756 5388; baseline -0.004 -19"><span class='ocrx_word' id='word_1_801' title='bbox 2185 5316 2322 5387; x_wconf 82' lang='grc' dir='ltr'>πρὸς</span> <span class='ocrx_word' id='word_1_802' title='bbox 2349 5316 2409 5368; x_wconf 82' lang='grc' dir='ltr'>τὸ</span> <span class='ocrx_word' id='word_1_803' title='bbox 2429 5319 2651 5388; x_wconf 82' lang='grc' dir='ltr'>ἀρχαῖον</span> <span class='ocrx_word' id='word_1_804' title='bbox 2681 5317 2780 5387; x_wconf 83' lang='grc' dir='ltr'>τῆς</span> <span class='ocrx_word' id='word_1_805' title='bbox 2810 5314 2954 5387; x_wconf 81' lang='grc' dir='ltr'>ζωῆς</span> <span class='ocrx_word' id='word_1_806' title='bbox 2977 5314 3133 5386; x_wconf 83' lang='grc' dir='ltr'>ἡμῶν</span> <span class='ocrx_word' id='word_1_807' title='bbox 3157 5313 3416 5376; x_wconf 73' lang='grc' dir='ltr'>ἐπάνοδος</span> <span class='ocrx_word' id='word_1_808' title='bbox 3443 5312 3556 5376; x_wconf 81' lang='grc' dir='ltr'>τοῖς</span> <span class='ocrx_word' id='word_1_809' title='bbox 3580 5311 3756 5379; x_wconf 72' lang='grc' dir='ltr'>ἀγγέο</span> 
     </span>
    </p>
   </div>
   <div class='ocr_carea' id='block_1_106' title="bbox 2183 5401 3758 5481">
    <p class='ocr_par' dir='ltr' id='par_1_106' title="bbox 2183 5401 3758 5481">
     <span class='ocr_line' id='line_1_107' title="bbox 2183 5401 3758 5481; baseline -0.005 -19"><span class='ocrx_word' id='word_1_810' title='bbox 2183 5408 2296 5475; x_wconf 81' lang='grc' dir='ltr'>λοις</span> <span class='ocrx_word' id='word_1_811' title='bbox 2341 5407 2640 5481; x_wconf 80' lang='grc' dir='ltr'>ὡμοίωται.</span> <span class='ocrx_word' id='word_1_812' title='bbox 2701 5405 2861 5461; x_wconf 82' lang='grc' dir='ltr'>Ἀλλά</span> <span class='ocrx_word' id='word_1_813' title='bbox 2893 5405 3018 5477; x_wconf 82' lang='grc' dir='ltr'>μὴν,</span> <span class='ocrx_word' id='word_1_814' title='bbox 3065 5403 3248 5468; x_wconf 85' lang='grc' dir='ltr'>καθὼς</span> <span class='ocrx_word' id='word_1_815' title='bbox 3290 5403 3538 5472; x_wconf 79' lang='grc' dir='ltr'>είρηται,</span> <span class='ocrx_word' id='word_1_816' title='bbox 3568 5401 3758 5473; x_wconf 82' lang='grc' dir='ltr'>γάμου</span> 
     </span>
    </p>
   </div>
  </div>
