4088 6210
307 274 409 330 189

1576 268 1665 324 DE
1703 264 1986 323 HOMINIS
2023 263 2334 321 OPIFICIO.

3466 250 3567 308 ιοο

304 389 442 461 παρ’
467 386 647 450 αὐτοῖς
672 383 773 438 οὐκ
801 383 978 449 δντος,
1007 384 1066 438 έν
1094 384 1352 459 μυριάσιν
1374 384 1624 456 ἀπείροις
1647 385 1705 438 αἱ
1728 399 1888 454 στρα-

2007 397 2112 436 'um
2141 381 2190 437 ei
2215 379 2410 436 similis
2443 376 2570 444 erit,
2610 387 2717 446 qua
2752 375 3008 430 fruuntur
3051 371 3231 444 angeli
3258 389 3273 426 :
3306 369 3564 425 nimirum

306 480 426 534 τιαὶ
457 477 564 531 τῶν
586 475 836 544 ἀγγέλων
866 475 1005 529 εἰσίν
1031 493 1044 506 ο
1076 476 1218 531 οὕτω
1239 477 1347 549 γὰρ
1369 478 1426 530 ὲν
1457 479 1575 539 ταῖς
1604 472 1891 536 ὀπτασίαις

308 574 339 625 ό
371 569 570 638 Δανιὴλ
597 568 916 638 διηγήσατο.
951 567 1163 622 Οὖκοῦν
1197 568 1340 622 κατά
1366 568 1456 621 τὸν
1482 567 1641 620 αὐτὸν
1666 566 1890 637 τρόπον,

306 661 468 731 εἰπερ
494 660 738 730 μηδεμία
774 661 1100 730 παρατροπή
1133 677 1192 712 τε
1232 661 1327 713 καὶ
1353 659 1609 722 ἔκστασις
1641 657 1749 711 ἀπὸ
1791 656 1894 726 τῆς

306 749 613 818 ἀπελικῆς
643 749 935 818 όμοτιμίας
964 747 1022 812 ἐξ
1052 749 1324 820 ἁμαρτίας
1357 749 1487 818 ἡμῖν
1521 747 1760 816 ἐγένετο,
1792 744 1893 796 οὐκ

306 841 374 894 ἀν
395 840 521 894 οὐδὲ
557 841 721 911 ἡμεῖς
749 839 844 892 τοῦ
879 840 1058 910 γάμου
1090 839 1226 910 πρὸς
1255 840 1346 892 τὸν
1382 838 1699 908 πληθυσμδν
1735 835 1893 905 ἐδεή-

309 935 504 1003 θημεν.
563 932 705 984 Ἀλλ’
734 933 882 994 ὅστις
915 931 1062 985 ἐστὶν
1112 932 1170 984 ὲν
1198 933 1264 1001 τῇ
1300 930 1459 999 φύσει
1498 929 1606 982 τῶν
1637 927 1887 996 ἀγγέλων

307 1025 404 1079 τοῦ
439 1022 791 1092 πλεονασμοῦ
817 1021 1037 1094 τρόπος,
1071 1016 1313 1093 agema;
1344 1021 1440 1090 μὲν
1480 1020 1572 1073 καὶ
1605 1017 1894 1088 ἀνεπινόηο

307 1132 398 1177 τος
414 1116 748 1184 στοχασμοῖς
763 1112 1147 1182 ἀνθρωπίνοις,
1171 1111 1309 1183 πλὴν
1331 1110 1466 1164 ἀλλά
1489 1111 1706 1172 πάντως
1722 1106 1890 1160 ἐστίν’

317 1202 476 1269 οὗτος
505 1205 574 1259 ἂν
609 1205 704 1258 καὶ
738 1205 830 1257 ἐπὶ
855 1203 965 1257 τῶν
991 1202 1162 1274 βραχύ
1196 1221 1249 1256 τι
1275 1205 1406 1275 παρ’
1434 1201 1698 1271 ἀγγέλους
1732 1198 1896 1268 ﬁlat-

309 1297 580 1368 τωρ-ἔνων
607 1295 910 1365 ἀνθρώπων
937 1297 1260 1366 ἐνήργησεν,
1284 1297 1364 1359 είς
1391 1295 1451 1348 τὸ
1471 1292 1770 1363 ὡρισμένον
1792 1288 1896 1344 ὑπὸ

311 1388 413 1456 τῆς
455 1385 653 1456 βουλῆς
695 1384 790 1438 τοῦ
822 1385 1184 1456 πεποιηκότος
1227 1384 1424 1454 μέτρον
1469 1383 1530 1436 τὸ
1560 1381 1895 1451 ἀνθρώπινον

1993 478 2048 526 et
2074 468 2315 524 hominis
2349 474 2475 521 ante
2527 466 2737 535 lapsum
2767 463 2876 518 vita
2909 464 3223 534 angelorum
3288 459 3394 514 fuit
3444 459 3568 514 vitm

1994 566 2382 622 consentanea,
2423 573 2651 628 eamque
2683 557 2826 610 haud
2868 557 3032 612 dubie
3061 556 3130 610 ob
3170 569 3395 610 causam
3447 551 3569 606 vita:

1994 658 2198 704 nostra:
2228 650 2282 703 in
2320 650 2591 717 integrum
2625 647 2898 702 restitutio
2926 644 3336 715 comparatione
3371 642 3436 696 ad
3467 658 3568 696 an-

1993 739 2321 811 gelos‘facta
2362 739 2692 794 declaratur.
2734 738 3025 792 Enimvero
3077 749 3388 806 quanquam
3423 734 3568 787 inter

1994 833 2216 902 angelos
2250 831 2395 884 nulla
2429 832 2502 885 sit
2557 831 2907 900 propagatio,
2965 824 3424 897 quemadmodum
3483 829 3568 878 est

1996 923 2320 986 iudieatum,
2367 931 2547 976 tamen
2596 936 2785 976 eorum
2827 919 2998 988 copim
3049 930 3280 971 numero
3317 914 3565 984 quaedam

1994 1012 2220 1068 infinita:
2257 1021 2407 1068 sunt.
2437 1010 2527 1065 Sic
2563 1011 2707 1068 enim
2735 1011 2849 1064 suis
2884 1009 2990 1063 illis
3013 1023 3068 1061 in
3110 1007 3246 1061 visis
3306 1004 3563 1059 Danielus

1995 1111 2407 1160 commemorat.
2433 1101 2639 1156 Idcirco
2665 1101 2710 1156 si
2745 1109 2965 1172 propter
3001 1109 3283 1170 peccatum
3312 1097 3379 1151 de
3419 1104 3564 1151 statu

1994 1204 2049 1252 et
2080 1194 2416 1259 conditione,
2450 1208 2557 1263 qua
2584 1207 2742 1262 pares
2771 1191 2979 1262 angelis
3001 1203 3240 1252 eramus,
3279 1201 3387 1240 non
3420 1185 3570 1241 exci-

1997 1284 2293 1349 dissemus,
2329 1299 2398 1339 ne
2427 1283 2586 1338 nobis
2640 1281 2860 1352 quidem
2911 1279 3169 1349 conjugio
3223 1277 3290 1330 ad
3351 1274 3571 1347 generis

1996 1376 2171 1434 nostri
2199 1376 2673 1447 ampliﬁcationem
2704 1390 2842 1442 opus
2878 1373 3091 1428 fuisset.
3133 1369 3268 1424 Nam
3311 1383 3573 1439 quaecun-

314 1453 514 1544 al’iizov.
560 1453 625 1528 Εί
654 1475 712 1528 δὲ
757 1453 1170 1545 στενοχωρεῖταί
1217 1453 1300 1538 τις
1337 1453 1618 1543 ἐπιζητῶν
1662 1471 1752 1523 τὸν
1796 1469 1896 1538 τῆς

2007 1485 2102 1540 que
2129 1467 2347 1522 tandem
2373 1468 2695 1523 incrementi
2723 1465 2967 1536 angelica
2987 1465 3042 1518 in
3067 1471 3261 1518 natura
3282 1460 3382 1514 fuit
3409 1459 3571 1523 ratio,

318 1568 588 1635 γενέσεως
624 1566 735 1618 τῶν
773 1565 1073 1632 ἀνθρώπων
1101 1565 1320 1636 τρόπον,
1360 1565 1408 1617 εί
1454 1561 1528 1632 μὴ
1564 1558 1896 1632 προσεδεήθη

318 1655 414 1723 τῆς
436 1655 524 1708 διὰ
550 1654 646 1707 τοῦ
673 1654 854 1724 γάμου
890 1653 1176 1725 συνεργίας
1203 1656 1231 1708 ὁ
1256 1653 1560 1724 ἄνθρωπος,
1590 1649 1896 1719 ἀντερωττίγ

1998 1573 2160 1628 quam
2191 1557 2424 1612 dicendo
2448 1570 2742 1626 exponere,
2787 1554 2872 1609 vel
2927 1552 3220 1624 cogitando
3269 1549 3576 1618 intelligere

2000 1665 2096 1720 per
2122 1647 2387 1718 quasdam
2437 1646 2785 1715 conjecturas
2837 1644 3106 1698 humanas
3163 1657 3271 1696 non
3326 1639 3411 1694 fas
3467 1645 3574 1698 est,

320 1762 492 1816 σομεν
523 1746 617 1798 καὶ
642 1747 805 1814 ἡμεῖς
834 1743 926 1797 τὸν
951 1745 1048 1812 τῆς
1072 1743 1369 1814 ἀγγελικῆς
1393 1738 1741 1800 ὑποστάσεως
1766 1736 1892 1807 τρό-

2007 1740 2108 1796 nisi
2142 1728 2287 1808 quod
2328 1737 2554 1792 omnino
2611 1737 2846 1804 aliquam
2883 1733 3055 1788 fuisse
3103 1732 3415 1787 necessario
3463 1735 3576 1784 sta—

321 1851 445 1902 πον,
477 1834 594 1898 πῶς
628 1836 685 1887 ὲν
711 1833 963 1904 ἀπείροις
999 1833 1256 1905 μυριάσιν
1290 1833 1507 1892 ἐκεῖνοι,
1545 1828 1640 1881 καὶ
1671 1825 1768 1896 μία
1801 1826 1888 1878 οὑ⁸

325 1922 420 1974 σία
449 1925 605 1989 ,οντες
625 1963 640 1986 ,
671 1922 761 1974 καὶ
793 1923 851 1974 ὲν
878 1920 1092 1984 πολλοῖς
1122 1921 1536 1992 ἀριθμούμενοι.

2005 1831 2261 1887 tuendum
2290 1837 2374 1884 est
2398 1847 2411 1882 :
2439 1829 2628 1883 eadem
2662 1827 2830 1896 igitur
2864 1824 3007 1878 ratio
3033 1824 3088 1878 in
3118 1823 3360 1876 humano
3411 1819 3574 1874 etiam

2002 1935 2221 1991 genere,
2252 1918 2397 1989 quod
2423 1934 2589 1989 prope
2642 1917 2712 1972 ab
2747 1916 2954 1986 angelis
2990 1915 3162 1974 abest.
3226 1909 3578 1983 propagando

329 2011 628 2071 valuisset,
677 2010 843 2064 donec
903 2010 972 2064 ad
1017 2027 1308 2066 numerum
1367 2013 1603 2067 consilio
1651 2010 1927 2068 Creatoris
1981 2009 2264 2065 deﬁnitum
2321 2017 2639 2078 perventum
2666 2015 2832 2062 esset.
2867 2004 3022 2071 Quod
3087 2003 3132 2058 si
3163 2003 3322 2070 cujus
3370 2000 3459 2053 hic
3518 1997 3574 2050 in

329 2108 623 2171 angustum
651 2101 914 2171 redigitur
940 2102 1314 2172 intelligentia.
1351 2110 1410 2156 ut
1445 2119 1514 2158 ex
1558 2103 1717 2158 nobis
1750 2103 1894 2158 scire
1920 2102 2071 2166 velit,
2103 2114 2279 2170 ecquo
2329 2098 2548 2153 tandem
2589 2097 2753 2152 modo
2793 2093 3043 2151 homines
3073 2092 3268 2147 orituri
3311 2090 3560 2145 fuissent.

328 2189 378 2244 si
407 2192 645 2261 coniugii
690 2193 1006 2262 adjumento
1042 2208 1149 2247 non
1181 2194 1499 2264 eguissent:
1530 2211 1656 2250 eum
1683 2194 1919 2250 vicissim
1959 2192 2296 2264 rogabimus.
2336 2189 2613 2260 quomodo
2659 2189 2839 2259 angeli
2880 2187 2992 2243 sint
3033 2186 3163 2250 orti,
3197 2197 3374 2256 quove
3422 2189 3582 2251 pacto

325 2299 447 2339 cum
499 2284 568 2338 ad
605 2285 816 2339 inﬁnita
845 2299 1014 2355 prOpe
1048 2286 1218 2340 millia
1248 2286 1359 2341 sint
1415 2286 1630 2350 diﬁusi,
1663 2295 1717 2341 et
1751 2299 1859 2340 una
1895 2294 2089 2340 natura
2127 2289 2181 2337 et
2215 2281 2371 2336 multi
2399 2296 2522 2337 esse
2551 2293 2781 2335 numero
2798 2278 3030 2348 possint.

359 2468 534 2524 Τοῦτο
547 2468 658 2538 γάρ
669 2469 994 2541 προσφόρως
1011 2466 1452 2539 ἀποκρινούμεθα
1467 2468 1543 2540 τῷ
1561 2470 1909 2541 προφέροντι,

329 2561 457 2626 [Ιῶς
469 2561 537 2615 ἂν
549 2557 618 2634 ἦν
626 2560 750 2634 δίχα
759 2560 854 2616 τοῦ
870 2560 1048 2632 γάμου
1063 2561 1092 2612 ὁ
1104 2556 1198 2613 ἀνθ
1206 2575 1386 2629 ρωπος
1403 2577 1418 2626 ;
1443 2560 1705 2624 εἰπόντες,
1722 2561 1802 2613 ὅτι
1819 2577 1912 2613 κα-

332 2652 437 2715 θώς
459 2653 565 2704 είσι
587 2653 765 2721 γάμου
777 2649 945 2722 χωρὶς
960 2650 1010 2704 οί
1024 2648 1242 2720 ἄγγελοι
1259 2667 1273 2680 ο
1295 2651 1356 2703 τὸ
1369 2651 1475 2721 γάρ
1489 2652 1671 2721 ὅμοιον
1683 2651 1911 2715 ἐκείνοις

333 2745 420 2798 τὸν
443 2743 734 2815 ἄνθρωπον
759 2739 899 2798 εἶναι
928 2745 1062 2816 πρὸς
1091 2745 1189 2816 τῆς
1214 2741 1602 2817 παραϐάσεως,
1632 2741 1902 2798 δείκνυσιν

333 2839 363 2904 ή
389 2839 467 2901 είς
491 2838 672 2890 ἐκεῖνο
702 2837 863 2890 πάλιν
894 2835 1356 2899 ἀποκατάστασις.
1395 2836 1612 2890 Τούτων
1651 2830 1744 2889 οὖν
1775 2837 1906 2906 ἡμῖν

331 2926 474 2979 οὕτω
509 2925 1018 2998 διευκρινηθέντων,
1053 2925 1335 2982 ἐπανιτέον
1377 2927 1470 2980 ἐπὶ
1506 2926 1598 2980 τὸν
1645 2926 1908 2996 πρότερον

333 3017 490 3084 λόγον
513 3033 528 3046 ο
568 3016 688 3078 πῶς
725 3015 864 3085 μετά
896 3016 994 3085 τὴν
1027 3014 1370 3086 κατασκευὴν
1417 3015 1518 3085 τῆς
1548 3014 1774 3076 εἰκόνος,
1811 3010 1910 3082 τὴν

2082 2461 2199 2520 Hoc
2224 2463 2368 2520 enim
2397 2461 2679 2534 aptissime
2724 2456 3177 2530 respondebimus
3225 2453 3460 2525 roganti,
3492 2450 3588 2522 qui

2012 2570 2132 2611 esse
2163 2554 2325 2607 homo
2355 2552 2474 2607 sine
2506 2550 2764 2621 conjugio
2811 2548 3080 2620 potuisset
3109 2563 3124 2600 :
3163 2547 3210 2601 si
3257 2545 3505 2600 dicamus
3532 2542 3586 2596 in

2013 2645 2170 2699 nobis
2205 2644 2306 2698 hoc
2341 2642 2456 2697 ﬁeri
2487 2641 2710 2710 perinde
2741 2639 3002 2711 potuisse,
3027 2645 3205 2706 .atque
3265 2635 3319 2688 in
3357 2633 3587 2703 angelis,

2013 2736 2187 2808 quiet
2221 2733 2327 2806 ipsi
2377 2731 2632 2803 conjugio
2680 2746 2788 2786 non
2842 2738 3089 2784 utuntur.
3143 2723 3365 2795 Angelis
3407 2731 3586 2777 autem

2012 2835 2432 2886 consentaneam
2459 2824 2692 2879 hominis
2714 2829 2964 2876 naturam
3001 2826 3127 2872 ante
3152 2818 3364 2886 lapsum
3393 2812 3586 2877 fuisse,

2013 2920 2081 2975 de
2107 2919 2208 2972 hoc
2239 2921 2406 2986 patet,
2441 2912 2586 2983 quod
2617 2913 2750 2967 et'in
2787 2911 3056 2981 integrum
3092 2907 3366 2968 restituta,
3398 2902 3586 2959 consi-

2017 3008 2165 3063 milis
2196 3005 2399 3060 eisdem
2433 3002 2558 3058 erit.
2587 3000 2683 3056 His
2708 3000 2777 3055 ad
2803 3001 2948 3054 hunc
2976 2996 3192 3051 modum
3221 2991 3586 3062 inchtigatis,

335 3112 474 3164 κατά
499 3112 562 3164 τὸ
600 3111 771 3182 ἄρρεν
799 3111 893 3162 καὶ
916 3110 1049 3180 θῆλυ
1073 3109 1336 3180 διαφορὰν
1365 3109 1393 3160 ὁ
1414 3105 1546 3168 Θεὸς
1563 3104 1906 3174 ἐπιτεχνᾶται

2018 3097 2087 3153 ad
2143 3095 2196 3151 id
2230 3091 2374 3158 unde
2439 3090 2673 3161 digressi
2723 3103 2936 3150 sumus,
2989 3096 3363 3140 revertamur:
3401 3095 3594 3150 quam-

335 3201 413 3272 τῷ
441 3201 745 3270 πλάσματι.
795 3200 936 3271 Πρὸς
971 3197 1128 3252 τοῦτο
1152 3197 1262 3268 γάρ
1303 3212 1446 3266 φημι
1466 3195 1736 3265 χρήσιμον
1774 3185 1914 3244 εῖναι

339 3294 399 3346 τὸ
431 3289 893 3364 προδιηνυσμένον
918 3291 1048 3360 ἡμῖν
1078 3285 1361 3356 θεώρημα.
1409 3285 1467 3338 '0
1493 3283 1602 3355 γὰρ
1634 3281 1702 3335 τὰ
1736 3281 1916 3336 πάντα

339 3359 680 3455 ramirami
711 3359 791 3445 εἰς
821 3381 882 3434 τδ
916 3359 1057 3434 εῖναι
1082 3421 1098 3446 ,
1129 3379 1224 3432 καὶ
1265 3377 1384 3430 ὅλον
1411 3377 1468 3430 ὲν
1497 3374 1573 3446 τῷ
1607 3374 1721 3445 ιδίῳ
1755 3359 1924 3443 θελήέ

345 3491 475 3545 ματι
503 3475 599 3528 τὸν
628 3474 912 3545 ἄνθρωπον
943 3473 1078 3545 πρὸς
1099 3472 1197 3543 τὴν
1230 3469 1382 3523 θείαν
1407 3467 1591 3521 εἰκόνα
1611 3463 1920 3536 διαμορφῶ-

343 3584 464 3631 σας,
494 3567 559 3619 οὐ
592 3568 708 3629 ταῖς
735 3565 855 3618 κατ’
879 3564 1054 3633 ὀλίγον
1079 3561 1416 3634 προσθήκαις
1449 3558 1557 3613 τῶν
1589 3555 1918 3626 ἐπιγινομέ-

344 3675 452 3712 νων
469 3657 746 3726 ἀνέμεινεν
774 3656 901 3709 ίδεῑν
923 3655 1015 3707 ἐπὶ
1041 3655 1100 3708 τὸ
1121 3653 1252 3708 ἴδιον
1276 3651 1550 3722 πλήρωμα
1572 3648 1663 3701 τὸν
1688 3646 1920 3718 ἀριθμὸν

346 3748 456 3802 τῶν
475 3747 664 3818 ψυχῶν
694 3747 1066 3818 τελειούμενον
1089 3765 1101 3776 ο
1145 3744 1259 3800 ἀλλ’
1293 3743 1505 3816 ἀθρόως
1539 3739 1688 3811 αὐτῷ
1713 3737 1924 3810 πληρώ-

353 3858 482 3911 ματι
519 3842 702 3894 πᾶσαν
732 3840 833 3910 τὴν
859 3837 1204 3910 ἀνθρωπίνην
1232 3835 1392 3905 φύσιν
1426 3833 1514 3886 διὰ
1548 3832 1648 3902 τῆς
1677 3844 1924 3902 προγνω-

352 3910 544 3999 συκῆς
579 3928 860 3998 ἐνεργείας
890 3910 1262 3998 κατανοήσας,
1300 3923 1393 3977 καὶ
1425 3925 1491 3993 τῇ
1535 3921 1713 3992 ὑψηλῇ
1746 3937 1806 3973 τε
1830 3919 1926 3973 καὶ

355 4020 626 4092 ίσαγγέλῳ
665 4020 818 4091 λήξει
853 4021 1108 4090 τιμήσας,
1143 4016 1330 4087 ἐπειδὴ
1359 4013 1575 4102 πριρὲδε
1598 4014 1664 4083 τῇ
1696 4010 1925 4081 ὁρατικῇ

351 4111 576 4182 δυνάμει
608 4112 685 4181 μή
711 4107 1126 4179 εὐθυποροῦσαν
1160 4107 1298 4179 πρὸς
1328 4106 1390 4160 τὸ
1419 4095 1582 4158 καλὸν
1608 4103 1707 4174 τὴν
1735 4100 1926 4172 προαίο

2016 3189 2202 3243 obrem
2221 3182 2467 3241 videlicet
2489 3181 2653 3245 Deus,
2667 3194 2791 3234 cum
2817 3175 3106 3246 imaginem
3132 3173 3216 3229 sui
3232 3171 3590 3233 condidisset,

2016 3292 2181 3335 sexus
2258 3274 2488 3330 masculi
2544 3271 2870 3340 femineique
2928 3265 3223 3322 discrimen
3293 3260 3588 3316 addiderit.

2017 3369 2278 3440 Equidem
2310 3365 2378 3421 ad
2421 3362 2837 3434 explicationem
2887 3358 3054 3428 hujus
3082 3354 3400 3426 quaestionis
3449 3350 3584 3406 utile

2018 3439 2135 3516 fore
2160 3457 2433 3518 existimo,
2467 3452 2610 3523 quod
2647 3451 2806 3522 paulo
2836 3457 2962 3503 ante
2993 3443 3397 3502 considerando
3426 3439 3584 3512 quasi
3696 3447 3712 3462 ‘

2020 3550 2412 3612 conclusimus,
2441 3543 2634 3608 Deum,
2666 3540 2764 3612 qui
2794 3549 2944 3594 creat
2971 3536 3176 3599 omnia,
3211 3535 3388 3604 deque
3417 3531 3591 3586 animi

2021 3643 2106 3697 sui
2145 3637 2414 3696 sententia
2440 3633 2716 3689 hominem
2742 3639 2916 3685 totum
2953 3627 3019 3681 ad
3045 3625 3332 3696 imaginem
3356 3621 3598 3676 divinam

2021 3729 2428 3790 conformavit,
2484 3722 2730 3779 noluisse
2795 3719 3106 3773 animorum
3171 3727 3458 3770 numerum
3517 3710 3595 3765 ita

2023 3819 2306 3892 compleri,
2341 3824 2400 3872 ut
2429 3829 2579 3870 nunc
2609 3813 2696 3867 his
2732 3825 2878 3866 nunc
2909 3808 3016 3863 illis
3056 3808 3112 3862 in
3146 3807 3323 3860 lucem
3357 3801 3596 3873 posteris

2023 3911 2184 3967 editis
2209 3897 2592 3976 adaugeretur,
2625 3901 2720 3957 sed
2747 3914 2870 3954 cum
2899 3897 3090 3953 eodem
3143 3900 3443 3956 momento,
3493 3903 3604 3964 quo

2025 4010 2279 4057 naturam
2325 3997 2620 4050 humanam
2673 3988 2939 4052 condidit,
2992 4002 3113 4042 eam
3184 3986 3494 4040 universam
3550 3988 3606 4034 et

2027 4092 2295 4158 integram
2329 4083 2587 4140 facultate
2616 4094 2716 4136 sua
2765 4078 2950 4132 futura
3003 4075 3368 4147 prospiciente
3418 4073 3600 4126 intue-

358 4158 524 4272 ρεσιὶ
557 4158 770 4255 κάλ..ιὸιά
1419 4193 1566 4263 ζωῆς
1598 4158 1906 4247 ἀποπίπτου

2028 4189 2206 4243 retur,
2262 4177 2590 4245 excelsoque
2641 4173 2696 4226 in
2761 4169 3046 4240 dignitatis
3106 4166 3320 4237 gradu,
3388 4169 3443 4217 et
3506 4158 3632 4229 qui-

509 4251 786 4362 μή
808 4251 1223 4357 κολοὸωθείηιτὸ
1250 4251 1364 4340 τῶν
1594 4284 1703 4338 τῶν
1725 4282 1906 4354 ἀνθρω

2029 4273 2344 4342 angelorum
2369 4263 2667 4322 conditioni
2691 4277 2788 4332 par
2812 4268 2978 4323 esset,
3001 4258 3298 4312 collocaret
3322 4272 3336 4309 τ
3360 4251 3607 4306 animad-

357 4384 526 4437 πίνων
556 4343 795 4452 τξλῆθὲςξ
814 4364 1058 4433 ’ἐκπεσὸν
1084 4343 1293 4432 ἐκείνου
1327 4343 1422 4430 τοθ
1456 4343 1681 4448 τρόπον,
1715 4343 1840 4430 καθζ
1872 4374 1906 4427 ὃε

2031 4365 2263 4420 vertisse
2303 4361 2354 4413 vi
2401 4357 2625 4417 divina.
2673 4354 2899 4410 liberam
2954 4349 3193 4405 hominis
3240 4348 3295 4401 in
3355 4343 3608 4415 eligendo

357 4482 403 4533 οἱ
428 4433 666 4548 ἄγγελοιΙ
686 4433 821 4545 πρές
840 4475 901 4528 τὸ
931 4473 1133 4543 πλῆθος
1162 4433 1512 4544 ηὐξήθησανῖ
1537 4470 1624 4524 διὰ
1653 4433 1811 4526 τοῦτο
1833 4469 1906 4540 τη

2007 4449 2010 4474 ’
2038 4455 2374 4510 voluntatem
2403 4463 2513 4503 non
2543 4445 2647 4518 (uti
2674 4442 2925 4514 debebat)
2948 4439 3168 4495 virtutis
3190 4437 3335 4492 viam
3375 4434 3606 4507 ingredi.

364 4525 894 4548 ""||"""’r""
937 4525 1130 4543 "1":
1184 4525 1194 4544 ι
1244 4525 1297 4543 -ι
1356 4525 1370 4544 ι
1889 4525 1901 4540 ι

359 4571 696 4639 κατάλληλον
743 4571 857 4631 τοῖς
897 4569 976 4630 εἰς
1029 4565 1307 4636 ἁμαρτίαν
1357 4561 1782 4634 κατολισθήσασι
1829 4561 1906 4632 τῆ

2041 4551 2230 4616 Itaque
2263 4542 2356 4596 ubi
2379 4540 2447 4594 de
2479 4539 2638 4594 beato
2678 4536 2803 4590 vitae
2832 4533 3091 4605 angelicae
3121 4536 3268 4585 statu
3303 4525 3613 4583 exorbitas-

361 4620 598 4639 --νηπη
759 4620 762 4621 ,
839 4620 855 4631 ,
957 4620 974 4630 ,
1070 4620 1082 4636 ,
1149 4620 1160 4636 ,
1639 4620 1649 4634 _
1887 4620 1898 4632 _

361 4661 642 4732 αὐξήσεως
679 4659 920 4712 ἐπίνοιαν
965 4655 1425 4726 ὲγκατασκευάζει
1468 4657 1534 4725 τῇ
1584 4653 1784 4723 φύσει,
1815 4653 1906 4706 ἀντ

2007 4647 2146 4703 ἐει,
2195 4649 2267 4708 ne
2313 4632 2675 4686 humanorum
2714 4625 3020 4682 animorum
3053 4623 3204 4678 natio
3258 4621 3379 4676 sine
3429 4620 3610 4673 incre-

2029 4721 2034 4732 ν
2419 4730 2427 4732 μ
2606 4720 2618 4732 υ
3037 4713 3201 4732 .°_,,!_
3274 4710 3433 4732 _--,I-
3505 4723 3609 4732 --.Α

361 4661 642 4732 αὐξήσεως
679 4659 920 4712 ἐπίνοιαν
965 4659 1425 4726 ὲγκατασκευάςει
1468 4659 1534 4725 τῇ
1584 4659 1784 4723 φύσει,
1815 4659 1906 4706 ἀντ

359 4755 456 4823 τῆς
483 4751 782 4821 ἀγγελικῆς
811 4747 1178 4819 iunio-puta;
1211 4747 1298 4799 τὸν
1325 4744 1570 4816 κτηνὼδη
1596 4762 1656 4798 τε
1682 4744 1778 4798 καὶ
1808 4743 1906 4796 ἀλο

2007 4659 2011 4671 ’
2043 4659 2146 4703 εει,
2198 4659 2267 4708 ηιξ
2313 4659 2570 4686 ιΙυιΙΙᾶιιιυι
2588 4659 2675 4684 uul
2714 4659 2916 4682 αιιιιιιυι
2933 4659 3020 4679 uu-
3055 4659 3204 4678 ιισιιιυ
3258 4659 3379 4676 σιιιν
3431 4659 3583 4673 ...ν-ν

2029 4721 2229 4783 ἰιιοηιο
2291 4730 2458 4785 esset,
2514 4720 2722 4774 amisso
2793 4713 3204 4787 propagationis
3274 4710 3460 4776 modo,
3501 4723 3611 4779 quo

2182 4817 2194 4823 -
2528 4819 2537 4823 -
2684 4819 2693 4823 -
2791 4821 2858 4823 -_,
2887 4805 2942 4823 ου
3023 4804 3287 4823 -μ-.ξ-..-.μ
3321 4798 3608 4823 ---η-..ηιηη

360 4798 459 4914 τόν
621 4842 682 4907 ἐξ
978 4798 1224 4910 όιαδο-χής
1255 4798 1454 4910 τρόπον
1493 4798 1836 4908 ὲιίφυτεύσας
1867 4838 1906 4886 τί

2043 4817 2357 4889 angelorum
2386 4819 2545 4868 erant
2573 4819 2748 4864 aucta:
2780 4805 2970 4876 copia},
3022 4804 3291 4858 rationem
3315 4798 3610 4871 quamdam

2046 4913 2052 4914 ,
2209 4910 2220 4914 -
2772 4899 2785 4914 ο
2916 4913 2921 4914 ,
3049 4913 3057 4914 κ
3152 4892 3578 4914 _--_r:n--_-a....

362 4892 775 5008 ἀνθρωζότητι,
801 4892 1098 4986 Ἵνίίντεῧθέν
1264 4892 1410 4985 δοκεῖ
1441 4892 1538 4984 καί
1635 4892 1906 5000 μέγας-Δρ

2043 4910 2287 4971 invenit,
2355 4920 2461 4976 qua
2533 4917 2706 4975 genus
2772 4899 3067 4954 humanum
3148 4892 3611 4964 ampliﬁcaretur,

367 4983 1094 5092 mrmmtgtzdp—svocvro—G
1136 4983 1428 5092 ἀνθρώπου
1473 5021 1570 5091 τὴν
1607 4983 1900 5088 ἀθλιότητα

2043 5010 2469 5060 consentaneam
2506 5006 2712 5050 natura:
2763 4999 2986 5053 nostra,
3017 4987 3111 5058 qui
3147 4985 3201 5040 in
3258 4983 3451 5038 vitium
3487 4995 3616 5050 pro-

367 5119 628 5179 τοιούτοις
645 5073 1357 5185 λάγξέξέᾴτᾶθρἧνῆσαξτὴν
1371 5073 1550 5180 φύσινῖ
1571 5109 1655 5162 ὅτι
1672 5125 1690 5159 ι
1705 5073 1906 5177 ’Δνθριι

2047 5095 2188 5165 lapsi
2240 5105 2480 5148 eramus.
2525 5085 2662 5140 Nam
2717 5099 2817 5155 pro
2867 5088 3162 5152 prmstante
3207 5078 3302 5131 iilo
3359 5073 3616 5144 angelica:

373 5167 730 5278 ἰξξιμέ
755 5167 919 5258 ar...
952 5167 1182 5276 συιςςκέ.
1214 5221 1233 5254 .
1263 5167 1427 5274 τιμήν
1454 5200 1648 5270 λέγωνν
1683 5197 1781 5254 τὴν
1807 5167 1906 5269 πὶλ

2051 5195 2264 5243 naturae
2295 5182 2456 5238 modo
2487 5179 2654 5234 alium
2692 5173 2982 5246 quemdam
3016 5171 3173 5227 nobis
3214 5167 3515 5228 concessit,
3561 5171 3617 5216 ut

2052 5275 2065 5278 -
2454 5269 2465 5278 .
2547 5267 2559 5278 .
2904 5263 2938 5278 ,.
3021 5277 3029 5278 ί
3100 5258 3409 5278 ,θέρμη-,μ
3471 5266 3617 5278 Νη,

371 5258 492 5349 ὲξῑῖς
505 5258 787 5355 ’άγῆἑλὲυς
811 5258 1118 5357 ὁμοτιμίαν.
1139 5287 1238 5340 Διά
1263 5258 1440 5351 τοῖῧτο,
1473 5258 1906 5358 φήσὶίπαρασυν

2051 5275 2338 5332 brutorum
2367 5267 2702 5336 rationisque
2733 5263 3039 5334 expertium
3095 5258 3413 5313 animalium
3471 5266 3621 5307 more

606 5345 736 5434 "rei;
768 5345 994 5442 κτήνεσι
1050 5375 1166 5437 τοῖς
1223 5345 1501 5443 ἀνοήτοις,
1535 5345 1656 5425 ’καὶ
1690 5345 1906 5442 ὡμοιὼθ

2053 5371 2272 5422 nosmet
2301 5357 2656 5433 propagando
2687 5361 3158 5424 perpetuaremus.
3192 5347 3342 5401 Hanc
3372 5345 3442 5400 ob
3493 5355 3621 5394 eau-

379 5429 580 5524 cineig'.
618 5429 824 5525 Ὄντως
855 5429 963 5537 γὰρ
1002 5429 1287 5541 “missu;
1328 5429 1542 5534 ἐγένετο
1576 5467 1606 5519 ό
1637 5429 1753 5537 τὴν.
1773 5462 1906 5536 ροώδ

2055 5473 2173 5517 sam
2227 5429 2457 5526 magnus
2484 5429 2595 5506 ille
2637 5436 3488 5514 Davides“,liominismiseriam
3533 5429 3618 5483 liis

452 5637 492 5668 “
523 5638 666 5694 Psal.
699 5654 872 5707 xum.
894 5646 978 5708 2|.
