4088 6210
295 310 404 370 ωδ
1231 295 1233 298 ⁴
1536 303 1624 359 DE
1674 303 1959 360 IIOMINIS
2000 303 2310 361 OPIFlClO.
2721 254 2728 266 Ι
3464 309 3569 370 ta;

295 430 524 495 γένεσιν
570 417 958 493 ἀπειργάσατο.
1005 419 1192 483 Οὕτως
1237 419 1271 489 ἡ
1327 417 1606 490 φιληδονία
1651 421 1752 494 τὴν
1797 421 1895 490 μὲν

1953 404 2256 484 ιυηίνοτεο
2307 428 2502 475 natura
2551 419 2606 474 in
2660 419 2820 473 aliam
2861 420 3020 488 quasi
3068 420 3296 492 ﬁguram
3328 427 3567 487 redacta,

292 516 481 590 ἀρχὴν
511 516 663 584 ἔσχεν
692 515 758 566 ἐκ
781 513 883 582 τῆς
914 511 1054 583 πρὸς
1085 511 1146 565 τὸ
1188 510 1381 579 ἄλογον
1409 509 1740 580 ὁμοιώσεως,
1777 509 1894 565 ἀλλ’

2001 513 2216 567 eximiae
2247 511 2434 566 formae
2464 512 2517 565 in
2550 511 2843 580 imaginem
2868 511 3084 566 brutam
3108 512 3165 567 fit
3191 500 3567 584 commutatio,

295 611 365 662 ὲν
415 610 527 670 τοῖς
583 603 948 676 ἀνθρωπίνοις
1005 601 1438 674 πλημμελήμασι
1499 601 1848 673 προσηυξήθη
1874 643 1889 668 ,

1997 602 2213 655 ratione
2245 601 2470 655 morbos
2503 601 2624 654 illos
2660 601 2812 669 ipsos
2865 600 3168 665 excolente,
3203 617 3266 658 ac
3300 604 3453 659 brevi
3503 607 3570 662 de

291 697 568 760 τοσαύτας
609 695 875 767 διαφορὰς
922 694 1031 748 τῶν
1076 693 1219 749 κατὰ
1257 693 1355 764 τὴν
1408 693 1597 764 ἡδονὴν
1643 695 1892 765 ἁμαρτα-

1999 693 2192 761 paucis
2223 706 2473 761 magnam
2505 705 2694 745 eorum
2746 690 2958 758 copiam
2992 690 3280 747 efﬁciente.
3339 693 3567 750 Omnem

292 789 541 861 νομένων
581 791 916 857 γεννήσασα,
949 786 1080 849 ὅσας
1125 786 1182 839 ὲν
1211 787 1324 847 τοῖς
1369 784 1582 852 ἀλόγοις
1615 786 1714 837 οὐκ
1747 784 1892 836 ἔστιν

1997 783 2141 837 enim
2174 799 2394 853 cperam
2437 798 2591 837 suam
2626 783 2706 836 eis
2733 783 2889 851 quasi
2919 783 3128 848 locans,
3155 783 3285 841 facit
3311 795 3370 840 ut
3393 789 3571 857 ampla

294 878 504 950 εὑρεῖν.
539 875 728 938 Οὕτως
759 876 793 946 ἡ
843 874 979 946 πρὸς
1028 874 1119 926 τὸν
1166 872 1337 944 θυμὸν
1383 873 1731 936 διανάστασις
1764 890 1896 943 συγ-

1989 870 2236 940 quaedam
2285 883 2468 924 rerum
2535 870 2901 924 absurdarum
2954 885 3016 926 ac
3079 873 3248 928 densa
3305 876 3571 931 materies

302 971 476 1040 γενὴς
524 969 622 1039 μέν
655 969 773 1020 ἐστι
799 970 866 1039 τῇ
901 966 1010 1019 τῶν
1043 965 1254 1034 ἀλόγων
1287 968 1452 1036 ὁρμῇ,
1488 965 1708 1030 αὔξεται
1741 966 1795 1019 δὲ
1827 969 1892 1036 τῇ

1992 962 2287 1017 exoriatur.
2327 962 2419 1016 Sic
2447 978 2570 1018 eum
2603 963 2902 1031 voluptatis
2937 963 3180 1016 studium
3211 979 3276 1018 ex
3309 965 3571 1020 similitu-

297 1062 417 1114 τῶν
465 1058 744 1129 λογισμῶν
789 1058 1093 1129 συμμαχίᾳ.
1157 1057 1398 1110 Ἐκεῖθεν
1429 1057 1538 1128 γὰρ
1577 1059 1610 1128 ἡ
1658 1057 1836 1127 μῆνις,
1865 1057 1894 1108 6

1993 1058 2140 1123 dine,
2175 1073 2282 1127 qua
2313 1059 2475 1112 bruta
2502 1057 2812 1121 referimus,
2847 1057 3151 1128 profectum
3183 1061 3237 1114 in
3265 1061 3428 1116 nobis
3455 1061 3527 1116 sit
3554 1080 3568 1115 :

292 1152 516 1221 φθόνος,
550 1150 613 1202 τὸ
637 1150 853 1220 ψεῦδος,
891 1151 924 1220 ἡ
955 1147 1234 1218 ἐπιϐουλὴ,
1276 1150 1310 1219 ἡ
1347 1148 1653 1220 ὑπόκρισις.

1994 1146 2130 1200 adeo
2159 1156 2341 1201 tamen
2373 1148 2656 1202 hominum
2691 1147 2910 1203 delictis
2943 1150 3134 1214 crevit,
3167 1161 3228 1204 ut
3260 1151 3317 1204 in
3357 1153 3573 1204 anima—

298 1243 453 1297 libus
509 1243 728 1297 ratione
782 1241 1104 1297 carentibus
1162 1250 1244 1296 tot
1300 1243 1644 1312 voluptatum
1707 1242 1896 1296 forma:
1944 1241 2095 1295 nullo
2141 1243 2304 1296 modo
2357 1242 2881 1312 deprehendantur,
2941 1252 3074 1312 quot
3143 1244 3574 1313 voluptariorum

291 1335 583 1389 hominum
617 1335 852 1391 scelesta
907 1335 1076 1390 libido
1120 1336 1471 1408 excogitavit.
1529 1337 1621 1390 Sic
1667 1345 1720 1390 et
1764 1337 1933 1389 animi
1989 1338 2057 1390 ad
2114 1337 2250 1389 iram
2301 1339 2625 1403 commotio,
2688 1338 2850 1393 habet
2901 1337 2992 1392 illa
3039 1338 3258 1407 quidem
3320 1338 3573 1392 nonnihil

291 1426 463 1481 aliine
501 1427 788 1496 cupiditati
827 1427 1119 1482 brutorum
1154 1445 1166 1481 :
1201 1445 1390 1484 verum
1445 1430 1618 1483 multo
1672 1429 1905 1483 maxime
1957 1442 1986 1481 a
2032 1428 2264 1484 rationis
2303 1445 2406 1500 ope
2455 1439 2706 1502 augetur.
2736 1430 2818 1485 Ab
2872 1431 2976 1485 hac
3024 1430 3172 1484 enim
3205 1429 3575 1499 proficiscitur

293 1519 560 1574 diuturna
593 1519 718 1572 irati
743 1519 910 1572 animi
941 1520 1235 1582 acerbitas,
1260 1520 1486 1586 invidia,
1510 1519 1878 1582 mendacium,
1905 1519 2140 1584 insidiae,
2175 1522 2474 1577 simulatio.

371 1613 557 1666 Ταῦτα
573 1613 750 1690 πάντα
761 1614 858 1682 τῆς
881 1615 1119 1683 πονηρᾶς
1135 1613 1229 1668 τοῦ
1249 1614 1339 1667 νοῦ
1360 1615 1809 1685 γεωργίαςὲστίν.
1828 1618 1891 1669 El
1924 1624 1975 1684 Bg

1955 1627 1975 1684 ι⁵
2067 1614 2190 1669 Haec
2246 1618 2431 1670 omnia
2492 1632 2673 1687 prava:
2728 1617 2928 1672 mentis
2975 1617 3134 1685 quasi
3195 1613 3569 1684 agricolationi

293 1706 411 1777 γὰρ
426 1705 739 1776 γυμνωθείη
763 1707 861 1776 τῆς
875 1709 938 1758 ἐκ
952 1706 1057 1759 τῶν
1073 1707 1347 1778 λογισμῶν
1379 1710 1692 1779 συμμαχίας
1705 1707 1764 1761 τὸ
1781 1710 1886 1763 πά-

1995 1714 2221 1776 accepta
2274 1707 2497 1762 ferenda
2535 1715 2681 1762 sunt.
2738 1706 2873 1760 Nam
2911 1707 2958 1761 si
2985 1707 3098 1760 haec
3133 1706 3301 1760 animi
3349 1713 3568 1775 pertur-

297 1795 419 1858 θος,
448 1794 732 1865 ὼκύμορός
760 1812 846 1857 τις
886 1795 978 1847 καὶ
1019 1797 1203 1858 ἄτονος
1232 1798 1258 1848 6
1278 1796 1448 1868 θυμὸς
1480 1798 1886 1864 καταλείπεται,

1996 1793 2168 1859 batio,
2202 1810 2364 1864 quam
2399 1795 2537 1848 iram
2567 1795 2824 1858 dicimus,
2858 1808 2888 1847 a
2917 1795 3145 1849 rationis
3199 1809 3302 1863 ope
3333 1795 3569 1849 societa-

297 1885 650 1956 πομφόλυγος
673 1885 827 1954 δίκην
850 1881 983 1955 όμοῦ
1012 1903 1068 1937 τε
1098 1886 1399 1956 γινόμενος,
1435 1887 1526 1940 καὶ
1549 1886 1709 1950 εὐθὺς
1725 1887 1890 1940 ἀπολ-

1993 1892 2157 1954 teque
2206 1886 2634 1951 destitueretur,
2700 1883 2846 1939 haud
2899 1883 3063 1938 dubie
3126 1893 3567 1938 momentaneum

297 1976 554 2046 λύμενος.
581 1975 808 2046 Οὖτωςή
827 1976 936 2028 τῶν
956 1977 1096 2029 συῶν
1127 1977 1432 2048 λαιμαργία
1456 1978 1554 2048 τὴν
1581 1978 1889 2042 πλεονεξίαν

1993 1974 2250 2043 quiddam
2297 1985 2349 2030 et
2403 1975 2723 2045 languidum
2781 1974 2944 2041 foret,
2983 1973 3130 2044 quod
3179 1975 3354 2028 instar
3409 1974 3571 2028 bullae

304 2069 624 2137 εἰσήνεγκε,
649 2068 735 2118 καὶ
753 2067 814 2120 τὸ
841 2067 940 2119 τοῦ
966 2067 1133 2121 ἵππου
1154 2069 1358 2139 γαῦρον
1382 2069 1573 2137 γέγονε
1601 2069 1702 2138 τῆς
1724 2071 1893 2141 ὑπερ-

1999 2066 2166 2120 simul
2197 2075 2250 2121 et
2285 2067 2545 2129 oriretur,
2583 2073 2636 2119 et
2679 2065 2946 2120 interiret.
2983 2065 3076 2119 Sic
3108 2064 3177 2118 ad
3211 2065 3568 2119 imitationem

302 2156 550 2226 ηςρανίας
603 2157 775 2226 ἀρχή·
838 2157 935 2210 καὶ
985 2157 1054 2210 τά
1108 2157 1232 2210 καθ’
1283 2159 1510 2211 ἕκαστον
1563 2161 1738 2212 πάντα
1792 2161 1891 2231 τῆς

1994 2156 2254 2226 ingluviei
2296 2171 2611 2226 porcorum,
2641 2157 2890 2211 homines
2915 2155 3159 2209 avaritiae
3190 2155 3370 2209 studio
3399 2154 3570 2209 teneri

297 2246 614 2317 κτηνώδους
656 2245 882 2314 ἀλογίας
920 2249 1329 2320 ἀφορμηθέντα,
1379 2249 1466 2302 διὰ
1505 2249 1604 2320 τῆς
1649 2252 1891 2321 πονηρᾶς

1992 2258 2317 2319 coeperunt:
2375 2250 2454 2304 sic
2509 2249 2565 2302 in
2631 2248 2788 2318 equis
2841 2248 2983 2303 elata
3039 2245 3244 2302 ferocia
3302 2247 3571 2316 superbia:

295 2338 397 2391 τοῦ
429 2337 522 2391 νοῦ
555 2339 809 2408 χρήσεως
847 2339 1018 2393 κακία
1065 2340 1300 2408 ἐγένετο,
1334 2340 1522 2411 ὥσπερ
1554 2336 1646 2395 οὖν
1693 2343 1786 2395 καὶ
1830 2343 1892 2395 τὸ

1995 2345 2342 2398 occasionem
2374 2342 2624 2410 praabuit.
2661 2339 2905 2409 Denique
2933 2338 3373 2409 perturbationes
3403 2338 3570 2391 animi

296 2427 559 2498 εμπαλιν.
601 2428 764 2500 εἴπερ
795 2431 822 2482 6
852 2429 1111 2500 λογισμὸς
1138 2431 1247 2484 τῶν
1280 2432 1532 2485 τοιούτων
1574 2434 1890 2504 κινημάτων

1994 2435 2264 2491 universae
2302 2440 2356 2488 et
2411 2433 2640 2503 singulae
2676 2447 2707 2485 a
2738 2432 2916 2487 brutis
2961 2438 3117 2495 ortm,
3160 2444 3328 2500 prava
3365 2429 3568 2484 mentis

293 2520 723 2590 ἁντιμεταλάδοι
772 2522 834 2574 τὸ
867 2523 1088 2592 κράτος,
1123 2525 1202 2586 είς
1247 2523 1448 2594 ἀρετῆς
1493 2520 1629 2586 εἶδος
1661 2526 1888 2578 ἕκαστον

1993 2525 2349 2592 usurpatione
2367 2524 2623 2578 vitiorum
2646 2523 2804 2594 origo
2823 2524 3174 2578 exstiterunt.
3201 2520 3242 2572 E
3265 2520 3566 2586 contrario,

292 2609 509 2662 τούτων
543 2612 1012 2681 ἀντιμεθίσταται.
1059 2614 1209 2666 [Ιοιεί
1253 2614 1361 2686 γὰρ
1389 2615 1418 2666 6
1465 2615 1564 2685 μὲν
1593 2615 1762 2686 θυμὸς
1794 2615 1891 2686 τὴν

1992 2617 2040 2671 si
2076 2616 2358 2684 imperium
2396 2616 2452 2668 in
2485 2615 2586 2668 hos
2617 2614 2783 2667 animi
2841 2621 3023 2668 motus
3071 2613 3128 2665 in
3174 2626 3233 2666 se
3268 2610 3569 2666 transferat

295 2699 550 2770 ἀνδρίαν,
585 2701 646 2754 τὸ
677 2702 732 2755 δὲ
760 2702 932 2755 δειλὸν
955 2703 1054 2773 τὴν
1080 2703 1396 2772 ἀσφάλειαν,
1425 2705 1519 2760 καὶ
1548 2707 1575 2757 ὁ
1606 2705 1766 2773 φόῦος
1793 2705 1892 2775 τὴν

1990 2706 2132 2759 ratio
2160 2723 2173 2760 :
2208 2704 2407 2774 singuli
2439 2703 2658 2758 virtutis
2693 2702 2924 2756 formam
2963 2701 3214 2755 induunt.
3247 2699 3383 2753 Nam
3413 2699 3571 2754 forti-

296 2790 642 2856 εὐπείθειαν,
667 2790 728 2844 τὸ
751 2794 908 2861 μῖσος
939 2792 996 2844 δὲ
1027 2792 1123 2862 τὴν
1157 2792 1258 2862 τῆς
1288 2793 1486 2856 κακίας
1523 2794 1891 2864 ἀποστροφὴν,

1992 2796 2126 2850 tudo
2157 2811 2221 2850 ex
2261 2795 2545 2848 iracundia
2581 2795 2797 2848 oritur:
2839 2792 3105 2848 timiditas
3140 2791 3289 2855 facit,
3327 2798 3386 2844 ut
3419 2797 3571 2844 certo

297 2884 339 2950 ἡ
374 2881 426 2934 δὲ
459 2883 784 2954 ἀγαπητικὴ
829 2883 1056 2952 δύναμις
1100 2885 1198 2954 τὴν
1232 2885 1367 2954 πρὸς
1399 2885 1458 2937 τὸ
1486 2884 1700 2953 ἀληθῶς
1729 2884 1890 2938 καλὸν

1956 2919 1964 2956 ρ
1995 2885 2252 2956 praesidio
2306 2893 2522 2940 nosmet
2572 2885 2926 2939 muniamus:
2983 2889 3182 2946 metus,
3226 2889 3285 2936 ut
3343 2882 3570 2937 libenter

295 2969 628 3040 ἐπιθυμίαν.
676 2972 750 3024 Τὸ
794 2972 852 3025 δὲ
900 2972 1101 3042 γαῦρον
1141 2953 1233 3024 τοῦ
1267 2953 1430 3041 ἤθους
1467 2973 1752 3044 ὑπεραίρει
1787 2973 1891 3028 τῶν

1957 2954 1964 3014 ί
1997 2993 2290 3049 pareamus
2321 2995 2333 3031 :
2367 2977 2555 3032 odium
2588 2977 2643 3030 in
2678 2973 3083 3029 aversationem
3132 2973 3387 3026 vitiorum
3419 2987 3571 3027 com-

295 3062 689 3132 παθημάτων,
731 3063 824 3116 καὶ
869 3062 1168 3117 ἀδούλωτον
1210 3063 1313 3117 ὑπὸ
1352 3063 1446 3117 τοῦ
1499 3064 1669 3118 κακοῦ
1699 3065 1893 3134 διαφυ-

1957 3124 1961 3128 ,
2001 3077 2241 3124 mutatur
2269 3083 2283 3132 ;
2315 3066 2559 3122 charitas
2591 3080 2732 3120 verae
2765 3063 2986 3118 virtutis
3019 3063 3074 3116 in
3124 3061 3281 3117 nobis
3329 3076 3567 3116 amorem

295 3155 500 3208 ὶάσσει
545 3155 606 3208 τὸ
653 3156 927 3226 φρόνημα.
1007 3156 1250 3210 Ἐπαινεῖ
1295 3156 1352 3209 δὲ
1413 3157 1474 3209 τὸ
1516 3157 1754 3210 τοιοῦτον
1797 3158 1894 3228 τῆς

1996 3159 2239 3224 excitat;
2270 3159 2413 3212 elata
2445 3157 2704 3212 ferocitas
2753 3155 2903 3220 facit,
2956 3162 3016 3208 ut
3057 3169 3224 3224 supra
3271 3153 3560 3222 perturba-

297 3245 598 3316 ὲπάρσεως
641 3243 784 3310 εἶδος
823 3249 918 3301 καὶ
966 3248 992 3299 6
1037 3248 1210 3318 μέγας
1263 3247 1602 3314 Ἀπόστολος,
1655 3250 1893 3320 συνεχῶς

1996 3250 2175 3306 tion‘es
2197 3264 2387 3304 omnes
2411 3262 2512 3302 nos
2531 3245 2842 3310 efferamus,
2868 3252 2922 3299 et
2951 3243 3116 3297 animi
3143 3241 3567 3312 magnitudinem

296 3335 735 3405 ἐγκελευόμενος
775 3335 844 3389 τὰ
872 3336 984 3390 ἄνω
1017 3340 1254 3409 φρονεῖν.
1297 3339 1406 3390 Καὶ
1434 3337 1605 3402 οὕτως
1633 3339 1778 3391 ἔστιν
1809 3339 1897 3391 εὑ·-

1997 3348 2312 3406 conservat,
2345 3355 2456 3409 quo
2491 3339 2675 3393 minus
2710 3337 2756 3392 is
2790 3352 2820 3391 a
2871 3336 3020 3391 vitiis
3059 3343 3347 3406 superatus
3397 3332 3569 3389 servi-

300 3428 467 3497 ρεῖν,
520 3428 601 3480 ὅτι
650 3429 761 3481 πᾶν
803 3427 862 3481 τὸ
911 3427 1149 3482 τοιοῦτον
1195 3429 1400 3499 κίνημα
1442 3429 1519 3499 τῷ
1563 3429 1751 3500 ὑψηλῷ
1795 3429 1894 3500 τῆς

1999 3440 2168 3487 tutam
2218 3429 2442 3484 serviat.
2494 3426 2822 3498 Huiusmodi
2865 3433 3014 3480 certe
3061 3425 3230 3479 animi
3279 3424 3568 3479 elationem

297 3517 552 3580 διανοίας
581 3518 1059 3590 συνεπαιρόμενον,
1100 3519 1178 3590 τῷ
1211 3520 1351 3573 κατὰ
1387 3520 1487 3590 τὴν
1520 3519 1669 3574 θείαν
1701 3522 1894 3591 ἐίκόνα

1998 3535 2230 3591 magnus
2259 3521 2426 3576 etiam
2453 3518 2746 3588 Apostolus
2761 3515 2851 3574 ille
2863 3513 3182 3584 praedicat“,
3199 3514 3292 3582 qui
3312 3515 3568 3584 frequen-

299 3607 505 3661 κάλλει
535 3609 1013 3679 συσχηματίζεται.
1055 3611 1195 3664 Ἀλλ’
1225 3611 1414 3681 ἐπειδὴ
1444 3612 1638 3683 βαρεῖά
1665 3612 1748 3675 τίς
1779 3613 1895 3666 ἐστι

1995 3620 2082 3668 ter
2111 3627 2212 3667 nos
2242 3611 2582 3676 cohortatur,
2616 3617 2676 3664 ut
2702 3609 2783 3664 eis
2809 3624 2929 3678 quae
2957 3621 3174 3663 sursum
3207 3613 3361 3671 sunt,
3387 3607 3570 3662 addic-

301 3699 414 3752 καὶ
462 3701 784 3770 κατωφερὴς
827 3703 860 3771 ή
905 3703 1005 3772 τῆς
1053 3702 1326 3771 ἁμαρτίας
1372 3704 1545 3774 ῥοπὴ,
1603 3703 1786 3756 πλεῖον
1833 3705 1895 3757 τὸ

1999 3693 2042 3758 ti
2093 3703 2287 3769 simus.
2338 3701 2413 3756 De
2475 3713 2583 3770 quo
2629 3699 2738 3768 jam
2791 3705 2845 3752 et
2891 3697 3023 3752 illud
3081 3697 3307 3767 intelligi
3367 3705 3567 3765 potest,

297 3791 507 3860 ἓτερον
556 3790 756 3857 γίνεται
788 3808 801 3821 ο
850 3793 1049 3862 μᾶλλον
1093 3792 1200 3864 γὰρ
1242 3792 1322 3862 τῷ
1369 3792 1522 3864 βάρει
1557 3793 1654 3863 τῆς
1696 3794 1892 3862 ἀλόγου

1999 3810 2216 3850 omnem
2271 3793 2436 3847 animi
2489 3799 2694 3846 motum
2748 3804 2856 3842 una
2921 3804 3046 3843 cum
3101 3789 3315 3842 excelsa
3369 3788 3567 3842 mentis

303 3881 534 3950 ιρύσεως
579 3885 1030 3950 συγκατασπᾶται
1077 3882 1140 3936 τὸ
1180 3883 1503 3954 ἡγεμονικὸν
1530 3879 1655 3955 -τῆς
1679 3883 1856 3954 ψυχῆς
1876 3924 1892 3948 ,

1998 3886 2258 3940 facultate
2309 3898 2368 3938 se
2415 3882 2772 3947 attollentem,
2807 3879 2875 3933 ad
2920 3880 3114 3934 divinm
3167 3878 3417 3949 imaginis
3450 3879 3569 3949 pul-

301 3973 461 4044 ἥπερ
495 3973 570 4043 τῷ
602 3974 725 4042 ὕψει
771 3975 872 4042 τῆς
914 3975 1152 4038 διανοίας
1197 3975 1260 4028 τὸ
1305 3974 1441 4046 βαρύ
1487 3992 1546 4028 τε
1591 3977 1684 4029 καὶ
1713 3977 1895 4045 χοῖκὸν

1997 3975 2365 4032 chritudinem
2405 3970 2908 4028 conformari.Cum
2942 3978 3118 4025 autem
3143 3969 3408 4040 gravitate
3433 3985 3569 4040 qua+

301 4063 636 4131 ἁνυψοῦται.
691 4063 790 4116 Διά
818 4064 975 4118 τοῦτο
1008 4064 1267 4127 πολλάκις
1311 4065 1622 4132 ἀγνοεῖσθαι
1662 4069 1806 4118 ποιεῖ
1834 4067 1896 4119 τὸ

1997 4069 2122 4123 dam
2158 4083 2256 4122 sua
2294 4065 2549 4120 deorsum
2585 4065 2717 4119 vitia
2752 4072 2981 4134 vergant
3011 4080 3026 4129 ;
3064 4062 3268 4116 idcirco
3309 4061 3558 4130 frequen-

305 4154 458 4206 θεῖον
498 4153 668 4224 δῶρον
699 4155 732 4223 ἡ
760 4155 886 4224 περὶ
922 4156 1069 4225 ἡμᾶς
1111 4153 1382 4226 ἀθλιότης,
1415 4150 1524 4207 οἷον
1558 4158 1894 4226 προσωπεῖον

1997 4163 2107 4216 tius
2145 4159 2200 4214 id
2235 4158 2383 4229 quod
2421 4159 2761 4213 contrarium
2815 4156 2942 4210 huic
2971 4161 3074 4218 est,
3129 4153 3345 4208 accidit.
3396 4152 3565 4205 Multo

303 4243 552 4314 εἰδεχθὲς
596 4243 676 4312 τῷ
725 4245 865 4298 κατά
911 4246 1007 4315 τὴν
1053 4245 1238 4299 είκόνα
1279 4245 1466 4298 κάλλει
1500 4246 1567 4300 τὰ
1607 4246 1752 4318 πάθη
1796 4247 1894 4318 τῆς

1953 4318 1960 4322 _
1997 4252 2162 4306 citius
2193 4250 2339 4322 enim
2371 4249 2628 4318 princeps
2661 4247 2828 4300 animi
2869 4246 3104 4298 facultas
3137 4245 3312 4298 brutae
3358 4253 3567 4297 naturae

305 4333 521 4403 σαρκὸς
551 4334 980 4390 ὲπιπλάσσουσα.
1013 4335 1218 4389 Οὐκοῦν
1252 4337 1584 4404 συγγνωστοί
1611 4315 1893 4400 πώς-εἰσίν

1953 4318 1969 4367 ³
1999 4344 2237 4414 pondere
2265 4315 2499 4410 impulsa
2526 4315 2869 4406 deprimitur,
2900 4349 3062 4404 quam
3111 4331 3255 4402 quod
3302 4348 3466 4402 grave
3503 4348 3567 4388 ac

306 4426 362 4478 οι
391 4425 532 4494 πρὸς
559 4425 628 4478 τὰ
655 4426 878 4479 τοιαῦτα
908 4426 1214 4496 βλέποντες,
1240 4423 1358 4480 είτα
1390 4427 1487 4497 τὴν
1511 4426 1658 4480 θείαν
1685 4428 1896 4499 μορφὴν

1996 4439 2234 4486 terreum
2265 4436 2372 4492 est,
2403 4443 2512 4482 una
2547 4440 2670 4480 cum
2706 4434 2884 4478 mente
2924 4425 2979 4478 in
3016 4423 3184 4480 altum
3225 4424 3563 4479 sublevetur.

309 4516 374 4567 ὲν
400 4514 615 4578 τούτοις
634 4512 770 4569 εἶναι
806 4517 906 4569 οὐκ
941 4517 1179 4588 εὐχερῶς
1203 4518 1590 4588 συντιθέμενοι.
1630 4520 1787 4573 Ἀλλά
1811 4521 1898 4574 διὰ

1995 4522 2210 4616 Idcirco
2251 4534 2395 4588 szepe
2447 4517 2614 4572 divini
2666 4515 2912 4569 muneris
2953 4515 3305 4586 praestantia,
3361 4531 3567 4585 prmpe-

310 4605 429 4658 τῶν
458 4607 903 4677 κατωρθωκότων
923 4607 1013 4660 τὸν
1046 4608 1177 4677 βίον,
1208 4608 1385 4675 ἔξεστι
1405 4602 1502 4679 τὴν
1531 4611 1677 4664 θείαν
1706 4613 1762 4666 ἐν
1788 4615 1898 4675 τοῖς

1995 4602 2178 4668 ᾱίρηίο
2213 4610 2429 4666 miseria
2459 4618 2668 4668 nostra,
2697 4622 2806 4660 non
2835 4607 2970 4661 satis
2997 4606 3051 4660 in
3100 4606 3259 4661 nobis
3305 4607 3568 4676 perspici-

305 4695 624 4764 ἀνθρώποις
656 4699 837 4751 είκόνα
872 4697 1108 4767 βλέπειν.
1154 4701 1217 4754 Ei
1246 4700 1637 4774 γὰρὲμπαθής
1679 4721 1764 4766 τις
1804 4705 1897 4756 καὶ

1997 4711 2124 4757 tur:
2167 4701 2332 4770 fitque
2364 4707 2424 4752 ut
2462 4691 2820 4768 pulchritudo
2851 4696 3050 4750 divinae
3075 4697 3300 4767 imagini
3333 4713 3562 4768 respon-

307 4788 573 4857 σάρκινός
598 4788 672 4841 ὢν
699 4791 1044 4844 ἀπιστεῖσθαι
1076 4795 1217 4844 ποιεῖ
1237 4791 1326 4846 τὸν
1353 4779 1637 4864 ἄνθρωπον
1667 4793 1740 4856 ὡς
1768 4795 1894 4865 θείῳ

1997 4797 2154 4859 dens,
2203 4791 2413 4876 morbis
2444 4789 2628 4846 carnis
2674 4797 2930 4858 tanquam
2969 4789 3282 4858 turpissima
3329 4789 3563 4859 quadam

303 4878 506 4932 κάλλει
533 4882 942 4950 κεκοσμημένον
967 4897 982 4913 ·
1020 4884 1049 4935 ό
1075 4883 1276 4954 ὑψηλὸς
1308 4884 1521 4949 πάντως
1556 4885 1654 4957 τὴν
1696 4885 1892 4956 ἀρετὴν

1997 4889 2145 4942 larva
2191 4883 2536 4940 ohducatur:
2591 4882 2822 4951 ideoque
2858 4881 3069 4936 veniam
3119 4882 3357 4950 quodam
3403 4885 3566 4940 modo

303 4969 410 5022 καὶ
445 4969 764 5040 καθαρεύων
812 4975 878 5024 ἐκ
920 4973 1279 5045 μολυσμάτων
1325 4975 1613 5045 βεϐαιώσει
1657 4993 1742 5029 σοι
1793 4977 1904 5056 τὴν,

1996 4987 2297 5042 merentur,
2335 4977 2378 5032 si
2415 4978 2506 5046 qui
2547 4975 2613 5029 ad
2649 4974 2963 5038 huiusmodi
2987 4973 3235 5042 quaedam
3265 4975 3567 5044 respicien-

303 5056 454 5124 πρὸς
485 5057 547 5108 τὸ
582 5062 827 5128 κρεῖττον
858 5061 952 5114 ἐπὶ
979 5061 1087 5115 τῶν
1116 5062 1416 5132 ἀνθρώπων
1442 5063 1730 5136 ὑπόληψιν.
1767 5059 1891 5118 Οἴον

2035 5086 2102 5136 :s,
2156 5085 2278 5124 esse
2310 5067 2364 5121 in
2418 5066 2504 5122 his
2559 5064 2848 5134 imaginem
2897 5061 2988 5116 Dei
3042 5077 3204 5130 posse
3251 5077 3361 5115 non
3410 5062 3568 5120 facile
3645 5127 3649 5130 ,

305 5147 563 5214 κρεῖττον
629 5149 740 5216 γὰρ
786 5150 844 5201 ὲν
897 5151 1252 5222 ὑποδείγματι
1275 5152 1477 5234 ,ἂῑξαι
1537 5155 1628 5208 τὸν
1687 5155 1844 5224 λόγον
1873 5172 1888 5187 ’

1999 5146 2328 5217 concedunt.
2365 5155 2598 5210 lllustris
2623 5155 2713 5208 illa
2745 5154 2994 5224 profecto
3017 5153 3070 5206 in
3098 5155 3178 5207 eis
3208 5155 3562 5225 conspicitur,

301 5237 582 5306 ἀπήλειψε
609 5238 688 5308 τῷ
712 5240 814 5309 τῆς
841 5244 1104 5316 πονηρίας
1131 5245 1430 5316 μολύσματι
1458 5246 1518 5298 τὸ
1552 5247 1650 5316 τῆς
1679 5247 1893 5315 φύσεως

1999 5253 2092 5324 qni
2157 5251 2326 5305 vitam
2380 5263 2535 5303 suam
2591 5245 2661 5300 ad
2723 5245 2941 5324 virtutis
3004 5259 3254 5301 normam
3313 5259 3563 5304 accurate

304 5326 517 5388 κάλλος
539 5344 623 5390 τις
641 5328 751 5381 τῶν
776 5331 866 5384 ἐπὶ
888 5334 1052 5407 κακίᾳ
1081 5337 1392 5408 γνωρίμων,
1436 5337 1685 5407 Ἰεχονίας
1708 5339 1888 5409 τυχὸν,

2001 5320 2319 5411 exegerunt.
2351 5336 2505 5402 Quod
2533 5337 2578 5390 si
2606 5320 2777 5405 queui
2803 5334 2972 5389 animi
3004 5334 3212 5388 morbis
3239 5335 3565 5401 obnoxium,

303 5419 344 5485 ἦ
401 5418 455 5470 εί
495 5435 578 5482 τις
623 5421 805 5494 ἕτερος
848 5427 939 5481 ἐπὶ
988 5431 1140 5502 κακῷ
1190 5431 1624 5502 μνημονεύεται·
1678 5433 1793 5487 ἀλλ’
1833 5435 1891 5488 ὲν

2001 5432 2266 5502 carnique
2290 5429 2555 5492 deditum,
2586 5427 2769 5482 divina
2804 5425 3214 5496 pulchritudine
3245 5436 3563 5482 exornatum

307 5510 527 5579 Μωῦσῇ
569 5512 664 5564 καὶ
690 5517 802 5578 τοῖς
830 5523 948 5574 κατ’
987 5524 1192 5580 ἐκεῖνον
1226 5519 1448 5592 καθαρὰ
1488 5523 1815 5596 διεφυλάχθη
1853 5527 1921 5596 ἡ,

2033 5541 2122 5582 sse
2162 5538 2272 5580 non
2309 5519 2530 5588 credis;
2581 5529 2638 5575 at
2688 5519 2742 5573 in
2796 5520 2962 5582 alium
3010 5521 3244 5586 intuere,
3298 5517 3458 5588 cujus
3518 5516 3569 5571 in
3645 5529 3647 5532 ‘

396 5685 440 5718 “
466 5688 684 5747 Coloss.
721 5695 852 5763 tn,l.
