4088 6210
557 316 660 374 195

1808 299 1866 352 S.
1907 293 2234 352 GREGORII
2272 292 2560 350 NYSSENI

3699 284 3797 342 I96

550 401 769 484 excelso
789 419 967 477 virtus
993 419 1091 485 sit,
1114 425 1168 476 et
1190 417 1286 490 qui
1311 431 1484 490 purus
1508 415 1582 473 sit
1609 430 1639 471 a
1664 415 1932 474 scelerum
1959 414 2118 470 labe:

2248 413 2322 483 γῆς
2355 411 2559 474 εἰκόνος
2595 407 2800 481 μορφή.
2845 405 2932 458 Ἐν
2955 397 3036 467 οἷς
3071 402 3250 458 τοίνυν
3272 398 3374 458 οὐκ
3409 397 3713 490 ἠμαυρὼθη
3737 401 3800 454 τδ

551 515 602 571 is
633 511 794 567 facile
824 517 878 565 te
905 507 1272 573 conﬁrmabit,
1307 514 1366 562 ut
1408 505 1704 579 benignius
1732 504 1802 560 de
1831 503 2118 559 hominum

552 607 750 656 natura
805 596 1037 652 sentias.
1061 593 1340 650 Exstiuxit
1391 601 1604 650 natura;
1653 591 2120 663 pulchritudinem

554 688 778 758 (rectius
812 687 957 743 enim
991 686 1106 739 haec
1139 684 1516 754 exemplorum
1557 682 1890 737 indicatione
1937 679 2122 735 decla-

554 777 769 848 rantur)
802 791 900 846 per
927 775 1194 828 scelerum
1235 774 1673 844 inquinationem
1706 771 1928 842 quidam
1963 768 2120 824 nobi-

554 868 743 922 litatus
796 865 1054 936 ﬂagitiis,
1105 864 1256 919 verbi
1311 863 1488 933 gratia
1541 861 1854 924 Jechonias,
1914 859 2124 914 aliusve

555 959 712 1014 malis
755 973 822 1013 ex
874 955 1213 1010 facinoribus
1266 955 1520 1011 celebris.
1579 952 1651 1006 At
1701 953 1877 1008 Moses
1907 958 2120 1016 contra,

556 1049 800 1118 Mosique
826 1047 1143 1102 consimiles
1191 1045 1306 1111 alii,
1337 1044 1565 1100 formam
1611 1043 1811 1099 divinae
1870 1038 2123 1110 imaginis

556 1153 750 1200 puram
791 1145 1210 1191 conservarunt.
1246 1135 1388 1204 Ergo
1437 1132 1726 1202 inquibus
1771 1127 2124 1202 pulchritudo

559 1238 779 1286 nonest
828 1229 1146 1294 obscurata,
1197 1227 1264 1282 de
1303 1226 1370 1282 iis
1424 1228 1714 1296 persplcue
1765 1237 1952 1278 verum
1999 1234 2126 1276 esse

559 1320 902 1391 intelligitur,
962 1319 1238 1374 hominem
1288 1325 1348 1371 ut
1397 1315 1491 1370 Dei
1548 1315 1906 1371 simulacrum
1960 1310 2122 1375 foret,

559 1413 760 1466 factum
791 1426 935 1466 esse.
972 1409 1134 1465 Forte
1165 1425 1276 1464 non
1308 1422 1470 1463 nemo
1511 1416 1616 1470 est,
1667 1405 1762 1476 qui
1812 1404 2122 1476 pudendum

559 1502 815 1572 quiddam
874 1517 996 1557 esse
1063 1499 1382 1563 existimet,
1441 1496 1589 1569 quod
1647 1495 1886 1551 hominis
1953 1493 2125 1548 vitam

2227 500 2445 564 κάλλος,
2479 501 2538 552 ὲν
2564 496 2772 559 τούτοις
2801 493 3034 566 ἐναργὴς
3069 494 3102 564 ἡ
3135 491 3245 544 τῶν
3279 490 3588 561 λεγομένων
3613 489 3798 554 πίστις

2227 589 2396 656 ἐστὶν,
2416 590 2497 642 ὅτι
2523 587 2808 658 ἄνθρωπος
2839 583 2933 636 τοῦ
2958 580 3093 636 Θεοῦ
3122 582 3347 653 μίμημα
3371 580 3614 649 γέγονεν.
3657 578 3800 632 Ἀλλ’

2227 679 2613 750 ἐπαισχύνεται
2646 696 2729 742 τις
2761 675 2954 747 τυχὸν,
2997 673 3077 745 τῷ
3104 673 3191 727 διὰ
3225 671 3476 744 βρώσεως
3515 672 3649 742 ἡμῖν
3676 669 3800 724 καθ’

2227 771 2518 842 ὁμοιότητα
2543 769 2652 823 τῶν
2686 767 2896 834 ἀλόγων
2919 765 3018 837 τὴν
3043 763 3188 834 ζωὴν
3215 760 3553 826 συνεστάναι,
3591 761 3684 814 καὶ
3711 759 3802 813 διά

2227 863 2385 917 τοῦτο
2412 861 2626 928 ἀνάξιον
2658 861 2872 930 ἡγεῖται
2912 857 3003 910 τὸν
3041 856 3324 927 ἄνθρωπον
3355 852 3448 908 τοῦ
3472 851 3591 907 κατ’
3617 849 3804 906 εἰκόνα

2229 952 2364 1006 Θεοῦ
2396 949 2701 1005 πεπλάσθαι
2725 949 2921 1002 δοκεῖν.
2975 946 3112 999 Ἀλλ’
3138 943 3404 1010 ἐλπιζέτω
3430 944 3530 1013 τῆς
3557 942 3804 1015 λειτουρ-

2229 1043 2385 1113 γείας
2413 1043 2616 1111 ταύτης
2659 1040 2905 1093 ἀτέλειαν
2949 1035 3268 1108 δοθήσεσθαι
3315 1037 3382 1106 τῇ
3437 1033 3596 1104 φύσει
3643 1035 3805 1100 ποτὲ,

2231 1134 2371 1190 κατὰ
2395 1133 2494 1204 τὴν
2524 1130 2976 1202 προσδοκωμένην
3009 1128 3172 1198 ζωήν.
3210 1127 3284 1180 Ού
3307 1125 3414 1197 γάρ
3445 1127 3580 1191 ἐστι,
3620 1122 3804 1186 καθώς

2231 1241 2393 1294 φησιν
2420 1226 2449 1276 ό
2485 1221 2823 1284 Ἀπόστολος,
2853 1221 2886 1290 ἡ
2918 1218 3158 1289 βασιλεία
3186 1216 3281 1271 τοῦ
3309 1215 3440 1269 Θεοῦ
3473 1215 3674 1286 βρῶσις
3709 1213 3807 1268 καὶ

2231 1315 2418 1376 πόσιςο
2457 1313 2576 1366 οὐδὲ
2605 1313 2690 1364 ἐπ’
2711 1312 2857 1382 ἄρτῳ
2889 1307 3033 1380 μόνῳ
3059 1308 3313 1379 ζήσεσθαι
3337 1307 3429 1360 τὸν
3458 1306 3740 1376 ἄνθρωπον
3770 1304 3805 1356 ὁ

2231 1404 2436 1476 Κύριος
2479 1401 2918 1474 προηγόρευσεν,
2973 1399 3088 1452 ἀλλ’
3139 1401 3196 1452 ὲν
3245 1398 3407 1451 παντὶ
3457 1398 3660 1468 ῥήματι
3711 1395 3808 1446 ὲκ-

2232 1493 2578 1565 πορευομένῳ
2606 1492 2694 1546 διά
2721 1491 2984 1562 στόματος
3010 1488 3177 1544 Θεοῦ.²
3212 1490 3372 1544 Ἀλλά
3407 1489 3501 1542 καὶ
3535 1488 3634 1557 τῆς
3669 1487 3807 1540 ἀνα-

559 1593 806 1647 ciborum
835 1608 962 1657 usu,
1002 1591 1228 1662 perinde
1256 1599 1316 1644 ut
1342 1598 1396 1644 et
1439 1590 1760 1649 brutorum,
1809 1583 2125 1640 conservari

2248 1583 2476 1644 ςτάσεως
2527 1581 2808 1650 ίσάγγελον
2859 1582 2990 1653 ἡμῖν
3043 1578 3488 1648 ὐποδεικνυούσης
3525 1577 3619 1632 τὸν
3665 1576 3804 1647 βίον,

559 1701 785 1754 necesse
807 1686 920 1740 sit:
959 1695 1122 1753 atque
1157 1683 1366 1737 idcirco
1412 1679 1701 1750 indignum
1749 1693 1873 1733 esse
1917 1682 2126 1732 statuat

2248 1671 2488 1742 ipsimae);
2525 1671 2582 1724 δὲ
2626 1670 2778 1742 παρά
2823 1673 2938 1734 τοῖς
2981 1669 3231 1739 ἀγγέλοις
3272 1670 3372 1723 οὐκ
3413 1667 3600 1737 οῦσης,
3645 1665 3806 1735 ἱκανὴ

559 1791 704 1839 cum,
732 1775 824 1844 qui
854 1774 919 1828 ad
957 1773 1246 1843 imaginem
1279 1769 1371 1823 Dei
1399 1768 1578 1822 factus
1602 1765 1878 1822 credatur.
1907 1762 2130 1820 Verum-

2248 1761 2420 1824 πίστις
2466 1760 2560 1814 τοῦ
2596 1760 3076 1831 ἀπαλλαγήσεσθαι
3122 1762 3221 1831 τῆς
3269 1759 3522 1830 τοιαύτης
3565 1757 3805 1828 λειτουρ-

559 1866 837 1920 enimvero
882 1863 929 1917 is
986 1872 1137 1916 certa
1183 1860 1289 1914 sibi
1341 1874 1436 1928 spe
1480 1856 1726 1912 futurum
1780 1855 2127 1925 polliceatur,

2248 1851 2355 1921 ria;
2380 1851 2471 1905 τὸν
2504 1851 2811 1923 ἄνθρωπον,
2839 1850 2930 1905 τὸν
2962 1851 3084 1904 καθ’
3113 1850 3406 1922 ὁμοιότητα
3433 1848 3538 1902 τῶν
3560 1847 3810 1917 ἀγγέλων

561 1966 620 2010 ιιι
649 1962 860 2008 natura:
889 1953 1142 2007 humanae
1177 1950 1231 2003 in
1268 1949 1397 2011 vita,
1431 1962 1594 2018 quam
1634 1947 1861 2000 alteram
1911 1957 2136 2013 exspec-

2248 1942 2553 2014 ζησόμενον.

562 2057 780 2115 tamus,
838 2047 906 2101 ab
963 2047 1067 2101 hoc
1113 2043 1289 2098 alendi
1347 2041 1594 2112 corporis
1647 2039 1822 2094 officio
1873 2037 2193 2092 immunitas
2245 2036 2600 2091 concedatur.
2662 2035 2797 2090 Nam
2860 2034 2955 2090 Dei
3023 2050 3290 2104 regnum,
3351 2031 3810 2104 quemadmodum

563 2142 859 2212 Apostolus
902 2142 980 2196 ait
1012 2143 1081 2205 ⁸³,
1134 2141 1188 2196 ἰη
1233 2143 1354 2197 cibo
1405 2147 1605 2212 poture
1651 2154 1763 2193 non
1817 2136 2092 2190 consistit.
2134 2134 2200 2188 Et
2258 2133 2522 2189 Dominus
2555 2132 2812 2204 prodidit,
2865 2149 2974 2188 non
3025 2148 3164 2204 pane
3213 2133 3330 2187 solo
3382 2132 3649 2186 victurum
3691 2144 3815 2184 esse

565 2233 990 2292 ltominemzsed
1013 2234 1160 2288 omni
1184 2235 1371 2298 verbo,
1415 2232 1558 2304 quod
1601 2232 1669 2287 de
1704 2245 1800 2286 ore
1824 2228 1917 2283 Dei
1939 2227 2180 2282 exeat“.
2246 2227 2514 2282 Praeterea
2551 2243 2674 2282 cum
2726 2229 3058 2282 resurrectio
3109 2227 3267 2283 nobis
3315 2227 3480 2280 vitam
3533 2225 3815 2294 promittat

566 2329 827 2398 angelicae
871 2344 1080 2399 parem.
1129 2340 1295 2401 atque
1343 2329 1518 2400 angeli
1558 2328 1682 2382 cibo
1730 2325 1882 2380 nullo
1936 2329 2194 2389 utantur,
2243 2325 2404 2396 plane
2442 2323 2791 2380 statuendum
2829 2332 2948 2388 est,
2990 2322 3263 2378 hominem
3312 2319 3458 2376 haud
3503 2318 3668 2374 dubie
3711 2317 3816 2370 ali-

567 2420 788 2492 quando
817 2420 920 2474 hac
948 2421 1111 2474 etiam
1137 2421 1384 2476 molestia
1410 2421 1697 2475 liberatum
1719 2418 1808 2484 iri,
1831 2417 1878 2472 si
1905 2416 2123 2486 quidem
2160 2418 2475 2490 angelorum
2513 2431 2667 2472 more
2699 2417 2943 2471 victurus
2969 2415 3062 2470 sit.

1145 2528 1372 2585 CAPUT
1411 2527 1553 2584 XIX.

569 2624 832 2678 Aduersus
877 2620 999 2690 iiios
1041 2621 1130 2690 qui
1171 2621 1433 2690 afﬁrmant
1474 2636 1655 2674 eorum
1693 2619 1982 2686 bonorum,
2027 2637 2144 2690 quae

641 2692 778 2746 bona
805 2691 973 2744 altera
1003 2690 1059 2744 in
1087 2693 1194 2744 uita
1236 2701 1596 2756 exspectamus
1621 2729 1636 2753 ,
1686 2691 1995 2758 fruitionem
2034 2707 2142 2744 non

642 2761 748 2815 nisi
779 2761 833 2812 in
868 2760 992 2830 ciba
1015 2776 1077 2813 ac
1109 2769 1235 2827 potu
1270 2759 1383 2825 fore
1408 2777 1425 2824 ;
1468 2759 1621 2827 idque
1651 2771 1926 2829 propterea
1952 2801 1966 2822 .
2000 2759 2140 2830 quod

644 2831 815 2884 sacris
861 2830 929 2882 sit
965 2827 1182 2883 Litteris
1215 2830 1518 2898 proditum,
1556 2831 1709 2883 initio
1748 2827 1934 2884 mundi
1971 2827 2142 2882 homi—

644 2916 759 2958 nem
791 2902 944 2952 rebus
992 2899 1180 2952 iisdem
1218 2897 1280 2951 in
1318 2897 1571 2966 paradiso
1617 2900 1779 2952 vitam
1827 2917 1980 2954 suam
2028 2915 2153 2952 con-
2179 2901 2222 2958 C

643 2983 900 3024 servasse.

645 3059 922 3130 Objecerit
956 3065 1136 3113 tamen
1165 3058 1270 3113 hoc
1305 3056 1538 3113 fortasse
1570 3058 1691 3113 loco
1717 3057 1876 3113 nobis
1903 3056 2105 3127 aliquis
2126 3094 2144 3123 ,

557 3140 850 3207 hominem
889 3149 959 3204 ad
990 3150 1116 3204 vitae
1143 3149 1386 3219 pristinae
1420 3155 1622 3203 statum
1655 3163 1763 3203 non
1789 3163 1914 3204 esse
1938 3147 2146 3202 reditu-

575 3257 697 3298 rum
717 3281 734 3308 ,
766 3240 986 3312 quando
1013 3239 1180 3295 vitam
1216 3239 1360 3292 illam
1393 3238 1629 3308 priorem
1657 3238 1904 3294 ciborum
1935 3254 2040 3294 usu
2072 3238 2144 3294 ali

575 3331 908 3403 Oportuerit:
934 3331 1162 3400 posthac
1187 3335 1367 3383 autem
1393 3329 1634 3384 futurum
1659 3328 1764 3394 sit,
1792 3339 1852 3384 ut
1876 3344 1939 3386 eo
1965 3331 2149 3386 labore

578 3423 748 3479 semel
777 3420 1156 3490 defungamur.
1194 3419 1306 3490 Ego
1335 3435 1464 3474 vero
1492 3434 1616 3473 cum
1648 3421 1791 3490 quod
1826 3423 1998 3478 sacris
2032 3428 2148 3476 tra-

577 3514 752 3569 ditum
803 3512 1023 3568 Litteris
1074 3519 1160 3568 est
1217 3512 1414 3575 audio,
1465 3527 1573 3566 non
1619 3511 1686 3566 de
1731 3513 1979 3583 corporis
2021 3514 2147 3570 cibo

580 3612 793 3660 tantum
840 3603 1122 3673 intelligo,
1177 3617 1355 3672 neque
1407 3600 1477 3656 de
1529 3602 1712 3656 laetitia
1773 3605 1995 3669 carnis,
2051 3605 2147 3660 sed

579 3697 743 3750 etiam
774 3695 919 3748 aliud
954 3692 1225 3764 quoddam
1261 3692 1656 3747 nutrimentum
1693 3706 1965 3762 agnosco,
2003 3692 2150 3762 quod

583 3783 746 3838 modo
792 3781 1028 3852 quodam
1082 3781 1332 3852 corporis
1375 3779 1505 3834 illud
1551 3780 1767 3850 quidem
1813 3781 2150 3838 nutrimento

583 3872 907 3943 respondet,
959 3887 1149 3927 verum
1187 3871 1307 3940 ejus
1357 3869 1545 3925 fruitio
1583 3871 1758 3925 solum
1799 3871 1868 3925 ad
1908 3871 2150 3925 animum

585 3963 840 4031 pertinet.
881 3961 1175 4017 Vescimini
1228 3959 1461 4030 panibus
1515 3959 1683 4023 meis,
1721 3959 1898 4029 inquit
1936 3959 2004 4014 ad
2057 3974 2152 4016 eos

589 4053 898 4122 Sapientia,
930 4051 1024 4121 qui
1057 4051 1308 4106 esuriunt
1337 4066 1352 4116 ;
1389 4057 1444 4104 et
1478 4047 1742 4104 Dominus
1772 4049 1956 4105 felices
1990 4050 2151 4104 etiam

585 4144 875 4214 praedicat,
906 4143 951 4197 si
984 4142 1073 4212 qui
1110 4139 1421 4212 hujusmodi
1452 4139 1634 4194 cibum
1665 4147 1940 4209 expetant.
1979 4139 2146 4194 Etiam

2255 4144 2364 4197 Καὶ
2386 4145 2414 4196 ὁ
2438 4144 2606 4214 μέγας
2629 4144 2876 4210 Ἡσαΐας,
2899 4144 3058 4198 Πίετε
3080 4145 3435 4217 εὐφροσύνην,
3452 4146 3564 4208 τοῖς
3584 4144 3837 4208 δυνατοῖς
3935 4170 3954 4178 -

2758 2529 3154 2590 ΚΕΦΑΛΑΙΟΝ
3192 2528 3292 2582 ιθο.

2240 2619 2407 2688 Πρὸς
2441 2619 2584 2684 τοὺς
2630 2617 2938 2688 λέγοντας,
2989 2619 3178 2688 πάλιν
3219 2617 3289 2688 ἐν
3339 2616 3578 2688 ,ϐρώσει
3606 2614 3704 2688 καί
3743 2615 3818 2688 ἐν

2311 2691 2484 2743 πόσει
2511 2689 2663 2742 εἶναι
2692 2685 2811 2742 τῶν
2835 2686 3231 2756 ἐλπιζομένων
3257 2687 3493 2754 ἀγαθῶν
3520 2685 3640 2756 τὴν
3659 2685 3815 2740 ἀπό-

2308 2761 2555 2818 λαυσιν,
2589 2759 2689 2811 διὰ
2719 2759 2783 2810 τὸ
2816 2758 2884 2821 ἐξ
2925 2755 3117 2826 ἀρχῆς
3142 2757 3209 2809 ἐν
3239 2755 3320 2821 τῷ
3348 2755 3689 2826 παραδείσῳ
3720 2770 3817 2825 τε-

2311 2827 2562 2898 ῃοάφθαι
2592 2827 2689 2881 διὰ
2720 2828 2944 2880 τούτων
2961 2823 3074 2880 τὸν
3097 2827 3409 2894 ἄνθρωπον
3434 2823 3570 2894 ζῇν.

2329 3053 2465 3106 Ἀλλ’
2514 3052 2645 3117 ίσως
2687 3071 2771 3117 τις
2815 3053 2916 3108 οὒκ
2959 3054 3040 3115 είς
3072 3052 3134 3106 τὺ
3175 3052 3306 3106 αὐτὸ
3341 3052 3498 3107 πάλιν
3529 3051 3628 3121 τῆς
3667 3051 3821 3123 ζωῆς

2246 3143 2381 3208 εἶδος
2415 3145 2866 3199 ἐπανελεύσεσθαι
2906 3145 3052 3214 λέγει
3077 3144 3169 3200 τὸν
3204 3144 3506 3218 ἄνθρωπον.
3545 3147 3656 3213 εῐγε
3685 3145 3824 3214 πρό·

2246 3254 2401 3308 τερον
2435 3237 2531 3306 μὲν
2569 3237 2626 3289 ὲν
2665 3237 2742 3307 τῷ
2775 3236 2976 3290 ἐσθίειν
3007 3231 3148 3307 ἦμεν
3173 3276 3188 3301 ,
3236 3236 3373 3306 μετά
3411 3235 3584 3290 ταῦτα
3624 3235 3681 3289 δὲ
3714 3235 3828 3306 τῆς

2247 3325 2501 3398 τοιαύτης
2552 3325 2890 3397 λειτουργίας
2940 3325 3347 3397 ἀφεθησόμεθα.
3401 3325 3541 3380 Ἀλλ’
3578 3325 3688 3395 ἐγὼ
3719 3327 3824 3396 τῆς

2247 3418 2408 3487 ἀγίας
2456 3419 2668 3472 ἀκούων
2713 3418 2967 3490 Γραφῆς,
3014 3418 3074 3471 οὐ
3131 3417 3289 3488 μόνον
3341 3418 3654 3490 σωματικὴν
3698 3417 3827 3471 irri-

2250 3526 2453 3580 σταμαι
2499 3509 2734 3580 βρῶσιν,
2777 3509 2896 3562 οὐδὲ
2943 3509 3038 3580 τὴν
3080 3507 3167 3563 διὰ
3219 3509 3418 3581 σαρκὸς
3462 3508 3823 3580 εὐφροσύνην,

2251 3601 2389 3654 ἀλλά
2421 3618 2541 3654 τινα
2583 3601 2676 3654 καὶ
2713 3601 2902 3671 ἑτέραν
2946 3595 3061 3654 οἶδα
3102 3601 3330 3671 τροφὴν,
3370 3592 3660 3670 ἀναλογίαν
3697 3600 3828 3654 τινὰ

2251 3693 2390 3765 πρὸς
2415 3693 2510 3765 τὴν
2535 3693 2630 3746 τοῦ
2662 3693 2912 3764 σώματος
2938 3693 3186 3764 ἔχουσαν,
3226 3689 3295 3765 ἧς
3323 3694 3357 3762 ἡ
3400 3692 3696 3753 ἀπόλαυσις
3727 3691 3830 3746 ἐπὶ

2256 3783 2424 3853 μόνην
2441 3783 2541 3855 τὴν
2560 3784 2737 3854 ψυχὴν
2763 3783 3045 3846 διαϐαίνει.
3079 3783 3283 3850 Φάγετε
3311 3781 3420 3835 τῶν
3441 3782 3588 3852 ὲμῶν
3618 3784 3826 3853 ἀρτων,

2251 3873 2288 3944 ἡ
2331 3868 2501 3940 Σοφία
2523 3874 2634 3936 τοῖς
2654 3875 2878 3928 πεινῶσι
2920 3873 3292 3927 διακελεύεται
3328 3889 3342 3905 ·
3392 3873 3486 3927 καὶ
3531 3874 3832 3944 μακαρίζει

2252 3963 2377 4026 τοὺς
2404 3963 2501 4034 τὴν
2533 3963 2786 4034 τοιαύτην
2819 3964 3021 4035 βρῶσιν
3064 3964 3360 4027 πεινῶντας
3387 3967 3416 4019 ό
3441 3964 3663 4036 Κύριος.
3681 3966 3834 4019 «Καὶ

2254 4052 2308 4105 εί
2330 4070 2414 4115 τις
2441 4053 2587 4124 διψᾷ,
2623 4055 2806 4124 φησὶν,
2847 4054 3088 4124 ἐρχέσθω
3133 4055 3269 4126 πρὸς
3318 4054 3385 4124 μὲ
3405 4093 3420 4118 ,
3445 4055 3540 4108 καὶ
3561 4051 3780 4109 πινέτω.
3807 4073 3830 4106 ι

588 4234 717 4288 illud
751 4233 976 4304 adjicit:
1009 4251 1027 4284 ι
1061 4229 1118 4285 Si
1155 4231 1280 4302 quis
1313 4230 1462 4294 sitit,
1502 4229 1569 4283 ad
1607 4245 1694 4284 me
1728 4231 1945 4298 veniat,
1979 4239 2034 4286 et
2071 4232 2146 4286 bi-

2256 4233 2467 4287 ὲπαῒειν
2516 4233 2615 4301 τῆς
2663 4232 3028 4303 μεγαλοφυῖας
3066 4233 3227 4287 αὑτοῦ
3261 4231 3626 4301 ὲγκελεύεται.
3669 4233 3837 4286 Ἔστι

587 4327 678 4381 bat
711 4326 778 4380 “.
802 4347 820 4377 ι
844 4323 1031 4379 Itidem
1059 4323 1146 4380 ille
1175 4337 1403 4393 magnus
1429 4320 1598 4377 Isaias
1626 4321 1871 4392 praecipit
1901 4321 2153 4378 omnibus

589 4416 682 4486 qui
717 4417 928 4485 possint
965 4422 1312 4484 praestantem
1349 4412 1523 4483 ipsius
1572 4412 1876 4467 doctrinam
1917 4427 2111 4483 capere
2137 4453 2152 4479 ,

591 4517 647 4560 ut
675 4506 917 4559 laetitiam
958 4505 1190 4560 bibendo
1221 4503 1496 4559 hauriant.
1529 4501 1717 4559 Exstat
1745 4510 1798 4558 et
1831 4503 1968 4559 vatis
2001 4518 2154 4558 com-

591 4595 815 4648 minatio
867 4595 923 4648 in
956 4610 1050 4650 eos
1087 4595 1177 4664 qui
1217 4597 1410 4650 merito
1449 4611 1549 4650 suo
1595 4596 1773 4666 poenis
1828 4596 1939 4650 sint
1983 4595 2157 4664 subjio

591 4684 802 4748 ciendi,
837 4700 944 4754 qua
1002 4685 1240 4739 futurum
1281 4686 1527 4755 praedicit
1564 4695 1625 4740 ut
1675 4686 1818 4742 fame
1866 4687 2155 4742 intereant.

595 4773 667 4825 Ea
698 4788 827 4828 vero
859 4773 1031 4827 fames
1063 4787 1404 4842 nequaquam
1442 4774 1597 4843 panis
1626 4782 1680 4828 et
1716 4790 1904 4843 aquae,
1944 4775 2036 4829 sed
2077 4774 2161 4828 di-

593 4862 708 4916 vini
746 4863 1018 4917 sermonis
1055 4862 1292 4932 inopiam
1331 4863 1603 4934 signilicat
1631 4865 1697 4916 “.
1740 4864 1949 4920 Idcirco
1986 4865 2162 4933 subii-

595 4954 757 5014 citur,
789 4966 896 5006 non
925 4965 1048 5007 esse
1081 4951 1226 5005 illam
1265 4951 1458 5007 famem
1500 4952 1720 5007 sitimve
1759 4955 2060 5022 profectam
2096 4970 2160 5009 ex

598 5042 756 5112 panis
787 5050 841 5097 et
871 5057 1025 5112 aquae
1055 5042 1264 5112 inepia,
1296 5043 1388 5098 sed
1425 5042 1620 5096 famem
1651 5050 1826 5097 ortam
1857 5060 1922 5098 ex
1950 5044 2162 5113 cupidi-

597 5140 709 5188 tate
748 5132 1001 5188 audiendi
1028 5132 1245 5190 divinos
1272 5149 1584 5189 sermones.
1624 5131 1793 5202 Igitur
1827 5133 1984 5188 horto
2021 5134 2162 5188 divi-

601 5223 749 5280 nitus
788 5225 842 5278 in
877 5223 1025 5279 Eden
1054 5225 1215 5297 (qua:
1252 5240 1352 5279 vox
1395 5223 1624 5280 delicias
1665 5223 1970 5294 significat)
2010 5225 2166 5294 plan-

601 5322 750 5379 tato,
781 5313 976 5384 dignus
1009 5323 1094 5371 est
1127 5314 1337 5371 fructus
1367 5315 1719 5381 tribuendus,
1747 5330 1855 5384 quo
1891 5314 2161 5369 hominem

603 5405 772 5460 altum
824 5420 948 5461 esse
995 5422 1103 5462 non
1141 5405 1364 5461 dubium
1404 5413 1526 5461 est:
1569 5422 1746 5477 neque
1780 5405 1962 5461 cibum
2002 5407 2164 5475 hujus

603 5507 1037 5560 momentaneum
1069 5510 1133 5550 ac
1171 5494 1408 5562 fluxum,
1455 5497 1706 5552 eumdem
1747 5511 1868 5552 esse
1911 5511 2035 5552 cum
2072 5498 2165 5553 illo

2257 4323 2315 4376 δέ
2361 4339 2445 4386 τις
2493 4321 2588 4376 καὶ
2629 4323 2824 4394 ἀπειλὴ
2872 4321 3183 4395 προφητικὴ
3225 4321 3366 4376 κατά
3411 4321 3521 4374 τῶν
3557 4322 3840 4393 τιμωρίας

2259 4412 2444 4478 ἀξίων,
2495 4413 2572 4477 ὡς
2617 4413 2761 4483 λιμῷ
2808 4413 3294 4483 κολασθησομένων
3319 4429 3333 4445 ·
3385 4414 3415 4466 ὁ
3451 4411 3509 4465 δὲ
3539 4411 3696 4482 λιμὸς
3730 4412 3838 4464 οὐκ

2259 4503 2424 4575 ἄρτου
2476 4503 2556 4568 τίς
2603 4505 2749 4556 ἐστιν
2793 4502 2996 4574 ἀπορία
3049 4505 3144 4557 καὶ
3207 4503 3432 4567 ὓδατος,
3485 4501 3622 4556 ἀλλά
3666 4501 3837 4570 λόγου

2247 4594 2547 4663 ἐπίλειψις.
2578 4596 2650 4648 Ού
2674 4594 2830 4665 λιμὸν
2849 4594 2956 4666 γάρ
2974 4596 3139 4666 ἀρτου
3170 4595 3352 4666 φησιν,
3381 4595 3413 4666 ἢ
3439 4594 3594 4664 δίψαν
3616 4593 3836 4656 ὓδατος,

2263 4685 2398 4738 ἀλλά
2439 4685 2597 4756 λιμὸν
2627 4685 2720 4738 τοῦ
2753 4685 2984 4740 ἀκοῦσαι
3011 4685 3184 4754 λόγων
3217 4686 3444 4755 Κυρίου.
3491 4684 3703 4738 Οὐκοῦν
3735 4687 3840 4755 τῆς

2262 4773 2354 4827 τοῦ
2401 4773 2535 4827 Θεοῦ
2569 4773 2792 4842 φυτείας
2829 4775 2928 4844 τῆς
2971 4777 3028 4828 ὲν
3068 4774 3225 4844 Ἐδὲμ
3270 4774 3482 4845 (τρυφὴ
3509 4773 3566 4826 δὲ
3594 4775 3628 4843 ἡ
3671 4773 3836 4843 Ἐδὲμ

2265 4865 2658 4936 ἑρμηνεύεται)
2710 4865 2858 4934 ἄξιόν
2883 4883 3002 4919 τινα
3029 4865 3118 4918 τὸν
3148 4865 3360 4935 καρπὸν
3388 4865 3636 4934 ἐννοῆσαι
3665 4879 3810 4934 προσ
3827 4893 3843 4904 ο

2266 4959 2411 5028 ήκει,
2443 4957 2538 5010 καὶ
2567 4957 2858 5029 τρέφεσθαι
2892 4956 2981 5010 διὰ
3009 4956 3196 5010 τούτου
3238 4956 3313 5027 μὴ
3355 4956 3717 5026 ἀμφιϐάλλειν
3746 4954 3848 5007 τὸν

2268 5046 2551 5119 ἄνθρωπον
2569 5065 2582 5078 ο
2613 5048 2705 5102 καὶ
2734 5048 2806 5119 μὴ
2833 5047 3050 5110 πάντως
3079 5048 3176 5118 τὴν
3206 5048 3505 5120 παροδικὴν
3539 5046 3637 5100 καὶ
3664 5045 3849 5116 ἀπόρο

2272 5139 2434 5208 ρυτον,
2451 5137 2651 5209 ταύτην
2679 5139 2882 5210 τροφὴν
2912 5137 3004 5191 ἐπὶ
3029 5138 3128 5208 τῆς
3164 5137 3256 5192 τοῦ
3285 5138 3612 5209 παραδείσου
3636 5136 3849 5204 διαγω-

2270 5229 2373 5300 γῆς
2415 5232 2664 5284 ὲννοεῖν.«
2690 5230 2822 5283 Ἀπὸ
2865 5230 3086 5294 παντὸς,
3129 5232 3282 5302 φησὶ,
3327 5230 3484 5296 ξύλου
3529 5227 3625 5282 τοῦ
3671 5230 3733 5280 ὲν
3765 5228 3852 5298 τῷ

2273 5321 2586 5391 παραδείσῳ
2647 5320 2845 5392 βρώσει
2903 5321 3100 5394 φάγῃ.»
3127 5322 3220 5384 Τίς
3265 5321 3424 5374 δώσει
3469 5319 3546 5389 τῷ
3590 5318 3853 5388 ὑγιεινῶς

2272 5409 2523 5464 πεινῶντι
2552 5411 2612 5463 τὸ
2645 5410 2798 5474 ξύλον
2843 5413 3036 5475 έκεῖνο,
3085 5411 3145 5463 τὸ
3195 5412 3250 5464 ὲν
3290 5410 3370 5481 τῷ
3415 5409 3752 5481 παραδείσῳ,
3788 5408 3856 5461 τὺ

2271 5500 2470 5565 παντὸς
2516 5499 2722 5569 ἀγαθοῦ
2752 5500 3160 5571 περιληπτικὸν,
3194 5495 3238 5570 ᾧ
3281 5501 3454 5572 ὄνομά
3480 5503 3597 5555 ἐστι
3622 5497 3686 5553 τὸ
3715 5499 3854 5564 πᾶν,

677 5675 722 5707 ⁸⁸
760 5657 915 5730 Rom.
973 5689 1084 5743 xiv,
1125 5674 1210 5728 17.
1286 5673 1331 5704 ⁸⁵
1366 5670 1553 5728 Matth.
1586 5687 1657 5740 tv,
1717 5673 1765 5728 ι.
1841 5671 1886 5704 ⁸³
1919 5669 2066 5729 Joan.
2104 5687 2146 5728 v1

2248 5672 2304 5728 i7.
2391 5671 2436 5705 “‘
2471 5670 2659 5726 Amos.
2718 5685 2835 5738 vm,
2874 5672 2950 5727 Il.
