4088 6210
362 264 466 320 197

360 380 427 442 οὖ
476 382 763 455 χαρίζεται
804 382 886 453 τῷ
915 382 1191 455 ἀνθρώπῳ
1231 384 1334 455 τὴν
1372 387 1663 457 μετουσίαν
1695 391 1724 444 6
1754 391 1951 461 λόγοςς

362 474 447 546 τῷ
470 474 580 547 γὰρ
621 472 825 545 γενικῷ
852 491 911 528 τε
941 474 1038 528 καὶ
1064 474 1444 547 ύπερκειμένῳ
1475 476 1621 550 λόγῳ
1658 482 1807 536 πᾶσα
1844 485 1954 540 τῶν

359 564 589 632 ἀγαθῶν
618 564 734 618 ίδέα
761 563 901 636 πρὸς
925 566 1124 639 ἑαυτὴν
1153 570 1416 640 συμφυιῖκ
1441 571 1572 643 ἔχει,
1607 575 1702 628 καὶ⁴
1729 576 1787 629 ἓν
1810 594 1863 629 τι
1891 576 1953 630 τὸ

354 654 481 707 ὅλον
512 655 654 708 ἐστί.
702 656 797 720 Τίς
831 657 889 709 δέ
918 675 986 727 με
1011 658 1112 728 τῆς
1142 660 1449 731 συμμιγοῦς
1476 681 1535 717 τε
1578 667 1670 719 καὶ
1701 668 1953 739 ἐπαμφο-

354 745 689 818 τεριζούσης
720 747 813 801 τοῦ
866 748 1023 814 ξύλου
1060 751 1301 819 γεύσεως
1344 756 1680 828 ἀποστήσει;
1734 760 1952 824 πάντως

355 838 471 907 γὰρ
520 839 625 892 οὐκ
671 840 867 911 ἄδηλον
913 844 1027 906 τοῖς
1072 842 1582 919 διορατικωτέροις,
1638 850 1690 902 τί
1736 850 1796 905 τὸ
1843 854 1951 908 πᾶν

358 934 560 996 ἐκεῖνο,
587 923 650 984 οὗ
684 932 897 1004 καρπὸς
933 935 966 1004 ἡ
994 932 1128 1006 ζωὴ,
1161 937 1257 989 κοιλ⁵
1286 938 1467 1003 πάλιν,
1498 941 1551 993 τί
1578 941 1640 995 τὸ
1664 943 1950 1014 ἐπίμικτον

350 1021 539 1085 τοῦτο,
572 1018 635 1076 οὗ
668 1022 845 1093 πέρας
888 1025 918 1075 6
966 1024 1212 1091 θάνατος.
1262 1027 1319 1081 '0
1345 1029 1454 1100 γὰρ
1486 1030 1577 1084 τοῦ
1611 1033 1810 1098 παντὸς
1852 1035 1949 1106 τὴν

353 1114 667 1167 ἀπόλαυσιν
698 1115 949 1183 ἀφθόνως
993 1117 1238 1186 προθεὶς,
1284 1119 1427 1191 λόγῳ
1462 1122 1570 1175 τινὶ
1608 1124 1823 1188 πάντως
1854 1126 1948 1180 καὶ

357 1205 681 1276 προμηθείᾳ
721 1208 821 1276 τῆς
867 1207 977 1261 τῶν
1006 1209 1311 1264 ηὲπικοίνων
1364 1214 1654 1282 μετουσίας
1694 1217 1947 1288 ἀπείργει

355 1294 453 1347 τὸν
483 1295 796 1366 ἄνθρωπον.
848 1298 957 1351 Καί
990 1316 1078 1369 μοι
1106 1299 1255 1353 δοκεῖ
1278 1301 1370 1355 τὸν
1420 1303 1595 1373 μέγαν
1640 1307 1822 1370 Δαϐὶδ,
1853 1309 1948 1362 καὶ

357 1383 454 1436 τὸν
480 1384 643 1452 σοφὸν
669 1384 993 1448 Σολομῶντα
1017 1388 1370 1455 διδασκάλους
1393 1396 1491 1465 τῆς
1520 1394 1614 1447 τοῦ
1644 1395 1800 1466 λόγου
1823 1398 1948 1451 τούο

358 1492 454 1528 του
476 1476 819 1547 παραλαϐεῖν
846 1477 1178 1549 ἐξηγήσεως.
1217 1483 1539 1559 Ἀμφότεροι
1567 1487 1675 1559 γὰρ
1697 1488 1797 1559 τῆς
1817 1506 1947 1559 συγ-

358 1568 758 1638 κεχωρημένης
786 1569 1001 1642 τρυφῆς
1034 1571 1160 1641 μίαν
1185 1573 1442 1643 ἡγοῦνται
1474 1576 1573 1649 τὴν
1598 1580 1778 1651 χάριν,
1815 1581 1945 1634 αὐτὸ

356 1656 423 1710 τὸ
463 1658 630 1721 ὅντως
664 1658 891 1726 ἀγαθὸν,
924 1660 954 1712 6
989 1661 1052 1732 δὴ
1078 1663 1174 1716 καὶ
1206 1665 1314 1718 πᾶν
1345 1666 1492 1720 ἐστιν
1526 1669 1748 1735 ἀγαθόν.
1782 1670 1945 1725 Δαϐὶδ

1604 264 1693 322 DE
1732 265 2016 329 HOMINIS
2051 266 2369 329 OPIFICIO.

3526 263 3625 319 {98

2051 404 2330 464 putemus,
2348 405 2458 463 quo
2478 388 2699 446 fruituri
2719 388 2776 445 in
2797 387 3049 459 paradiso
3067 401 3307 444 eramus.
3336 404 3356 440 ι
3376 384 3454 440 De
3476 393 3626 442 omni

2054 488 2202 557 ligno
2232 483 2453 555 (inquit
2486 481 2673 553 Deus)
2709 479 2979 552 quodest
3017 480 3074 533 in
3110 477 3401 548 paradiso,
3435 492 3628 533 vesce-

2053 578 2132 634 ris
2161 576 2224 630 ".
2262 595 2281 629 θ
2312 576 2445 642 Quis
2480 574 2691 629 homini
2724 580 2873 628 recte
2912 569 3174 627 esurienti
3213 569 3450 624 fructum
3490 569 3626 639 ligni

2051 669 2202 725 illius
2232 668 2299 723 de
2332 667 2589 739 paradiso
2621 666 2858 731 tribuat,
2890 678 3000 734 quo
3037 664 3243 719 bonum
3277 676 3438 717 omne
3473 675 3627 715 com-

2052 761 2430 831 prehenditur,
2464 766 2518 815 et
2548 757 2690 831 quod
2720 758 2896 813 oratio
2923 756 3107 812 divina
3133 770 3296 810 omne
3323 760 3622 824 nuncupat,

2052 854 2212 923 cujus
2259 846 2424 907 etiam
2478 849 2694 907 fruendi
2732 856 3050 921 potestatem
3096 846 3306 901 homini
3355 843 3626 915 largitur?

2050 944 2186 999 Nam
2219 944 2486 1000 latissima
2519 950 2699 1009 certe,
2744 951 2797 997 et
2841 940 3041 997 eximia
3089 939 3179 993 illa
3222 952 3354 992 voce
3396 944 3626 1005 cognata

2052 1035 2195 1091 inter
2236 1051 2294 1091 se
2330 1036 2599 1089 honorum
2640 1033 2853 1103 species
2890 1031 3070 1086 omnis
3102 1031 3433 1091 continetur,
3462 1027 3627 1096 inque

2053 1142 2162 1181 uno
2190 1127 2317 1181 boni
2353 1127 2488 1181 adeo
2516 1125 2687 1180 totius
2719 1123 3131 1178 uniwrsitatem
3160 1121 3429 1176 exsistere
3457 1117 3628 1188 signi-

2052 1215 2265 1270 ﬁcatur.
2308 1215 2440 1281 Quis
2481 1224 2670 1269 contra
2710 1214 2984 1268 hominem
3022 1217 3206 1265 arceat
3244 1210 3313 1264 ab
3352 1209 3524 1263 altero
3561 1206 3626 1262 li-

2051 1323 2190 1377 gno,
2227 1308 2387 1376 cujus
2428 1308 2616 1362 fruitio
2656 1306 2880 1361 mistum
2921 1303 3177 1375 quiddam
3220 1303 3413 1363 habet,
3454 1306 3509 1355 et
3540 1308 3626 1355 est

2052 1405 2343 1467 utramque
2377 1398 2430 1452 in
2467 1406 2679 1467 partem
2720 1394 2954 1451 eilicax?
2989 1394 3107 1448 Non
3143 1395 3287 1448 enim
3327 1392 3622 1447 obscurum
3718 1412 3727 1429 ι

2048 1501 2170 1541 esse
2194 1492 2371 1557 potest
2396 1488 2605 1541 homini
2638 1485 2957 1557 intelligenti
2979 1524 2994 1548 ,
3022 1484 3153 1555 quid
3185 1484 3257 1539 sit
3279 1482 3411 1537 illud
3437 1494 3622 1546 omne,

2048 1579 2209 1647 cujus
2244 1587 2327 1634 est
2363 1579 2579 1636 fructus
2613 1580 2724 1635 vita
2755 1596 2768 1633 :
2804 1587 2859 1633 et
2893 1578 3023 1648 quid
3058 1579 3286 1632 alterum
3320 1574 3454 1629 illud
3491 1573 3625 1627 mis-

2047 1677 2200 1737 tum,
2242 1671 2401 1739 cujus
2444 1670 2568 1724 linis
2607 1684 2756 1724 mors
2806 1678 2908 1724 est.
2956 1667 3092 1722 Nam
3127 1668 3221 1738 qui
3263 1666 3409 1721 illius
3444 1663 3624 1720 omnis

364 1744 465 1814 μὲν
490 1745 1154 1822 λέγων,‹Κατατρύφησον
1197 1752 1293 1807 τοῦ
1333 1755 1852 1829 ΚυρίουοιΣολομὼν
1889 1761 1944 1815 δὲ

2049 1761 2254 1818 homini
2288 1762 2604 1817 iruitionem
2636 1768 2952 1832 perpetuam
2986 1760 3287 1825 concessit,
3316 1758 3458 1813 idem
3485 1769 3625 1828 quo-

360 1834 462 1906 τὴν
489 1838 681 1905 σοφίαν
709 1838 904 1909 αὐτὴν,
938 1838 1088 1909 «ἥτις
1136 1840 1282 1893 ἐστὶν
1301 1844 1330 1896 6
1356 1843 1581 1915 Κύριος,
1615 1846 1770 1911 ξύλον
1797 1847 1942 1922 ζωῆς

363 1925 669 1997 ὀνομάζων.
701 1929 911 1984 Οὐκοῦν
943 1933 1138 1988 ταύτόν
1168 1935 1283 1988 ἐστι
1310 1936 1388 2007 τῷ
1414 1938 1513 2007 τῆς
1542 1938 1689 2009 ζωῆς
1715 1939 1855 2013 ξύλῳ
1881 1943 1943 1996 τδ

368 2019 482 2070 πᾶν
521 2015 691 2085 ξύλον,
725 2013 783 2073 οὗ
815 2023 916 2093 τὴν
942 2022 1143 2093 βρῶσιν
1163 2024 1244 2095 τῷ
1272 2027 1412 2081 κατὰ
1435 2027 1567 2082 Θεὸν
1596 2030 1887 2088 πλασθέντι
1913 2034 1943 2087 6

363 2107 527 2176 λόγος
576 2109 807 2164 δίδωσιν.
865 2112 1310 2185 Ἀντιδιαιρεῖται
1360 2117 1417 2171 δὲ
1466 2119 1545 2191 τῷ
1591 2120 1731 2193 ξύλῳ
1769 2124 1941 2197 τούτῳ

358 2200 549 2270 ἔτερον
579 2202 754 2268 ξύλον,
786 2199 847 2259 οὗ
878 2207 911 2276 ἡ
952 2205 1151 2278 βρῶσις
1192 2208 1360 2262 καλοῦ
1405 2210 1500 2265 καὶ
1540 2215 1709 2267 κακοῦ
1740 2215 1942 2284 γνῶσίς

359 2293 528 2357 ἐστιν,
553 2294 657 2347 οὐκ
690 2296 1004 2360 ἰδιαζόντως
1032 2299 1288 2371 ἑκάτερον
1316 2300 1423 2357 τῶν
1448 2305 1588 2358 κατὰ
1613 2306 1673 2358 τὸ
1702 2308 1943 2365 ἐναντίον

359 2386 781 2457 σημαινομένων
809 2390 867 2442 ὲν
893 2390 1049 2461 μέρει
1082 2394 1557 2465 καρποφοροῦντος
1588 2412 1604 2430 ο
1655 2398 1791 2453 ἀλλά
1820 2417 1942 2454 τινα

358 2479 771 2550 συγκεχυμένον
816 2481 911 2534 καὶ
964 2480 1271 2552 σύμμικτον
1328 2487 1539 2557 καρπὸν
1597 2487 1943 2555 ὲξανθοῦντος

358 2569 478 2630 ταῖς
516 2569 794 2633 ἐναντίαις
836 2574 1279 2645 συγκεκραμένον
1321 2576 1619 2641 ποιότησιν,
1656 2574 1715 2634 οὗ
1747 2580 1943 2634 κωλύει

365 2659 462 2729 μὲν
489 2660 593 2731 τὴν
625 2661 827 2733 βρῶσιν
854 2663 884 2715 6
910 2663 1151 2735 ἀρχηγὸς
1177 2665 1275 2735 τῆς
1301 2665 1466 2737 ζωῆς,
1502 2669 1856 2738 συμϐουλεύει
1885 2672 1943 2725 δὲ

358 2750 389 2801 6
408 2749 553 2818 ὄφις,
578 2751 665 2804 ἵνα
691 2752 770 2823 τῷ
794 2752 1010 2821 θανάτῳ
1041 2752 1425 2828 κατασκευάσῃ
1452 2755 1551 2826 τὴν
1577 2758 1800 2812 εἴσοδον.
1834 2760 1945 2813 Καὶ

359 2840 588 2903 πιθανὸς
638 2843 846 2911 γίνεται
899 2842 1346 2914 συμϐουλεύσας,
1407 2845 1631 2919 εὐχροίᾳ
1686 2850 1791 2902 τινὶ
1849 2851 1945 2904 καὶ

358 2932 521 3005 ἡδονῇ
563 2935 657 2988 τὸν
700 2935 910 3007 καρπὸν
963 2935 1349 3008 περιχρώσας,
1401 2938 1476 3002 ὡς
1527 2938 1593 2993 ἂν
1644 2941 1832 3013 ὀφθείη
1884 2959 1945 2995 τε

359 3025 551 3095 ἡδέως,
586 3027 682 3080 καὶ⁵
705 3027 803 3099 τὴν
832 3027 1011 3099 ὄρεξιν
1039 3030 1173 3099 πρὸς
1206 3028 1305 3101 τὴν
1332 3028 1520 3098 γεῦσιν
1550 3032 1940 3103 ὑπερεθῐσειεν.

2043 1868 2149 1924 que
2175 1853 2385 1908 ratione
2406 1853 2641 1923 quadam
2668 1860 2721 1905 et
2748 1851 2980 1906 consilio
3006 1857 3157 1906 certo
3181 1848 3620 1919 promiscuorum

2044 1958 2145 1999 usu
2181 1945 2340 1999 nobis
2374 1944 2676 1999 interdixit.
2714 1943 2793 1997 Ac
2825 1942 2957 1996 mihi
2998 1941 3215 2011 quidem
3256 1939 3387 1994 libet
3425 1950 3623 2009 magno

2044 2035 2137 2090 illo
2171 2033 2411 2100 Davide,
2448 2033 2804 2102 sapienteque
2846 2030 3170 2093 Solomone,
3208 2036 3465 2097 tanquam
3504 2039 3624 2080 ma-

2044 2126 2233 2197 gistris
2262 2126 2319 2179 in
2348 2125 2541 2179 harum
2569 2138 2755 2179 rerum
2782 2121 3148 2192 explicatione
3176 2120 3275 2174 uti.
3303 2119 3440 2172 Nam
3469 2126 3622 2173 uter-

2043 2230 2149 2285 que
2170 2214 2394 2269 delicias
2418 2228 2713 2269 concessas
2735 2212 3129 2281 interpretatur
3157 2223 3346 2263 verum
3370 2206 3501 2261 illud
3525 2205 3625 2262 bo-

2043 2322 2196 2372 num,
2217 2306 2364 2377 quod
2387 2305 2529 2361 idem
2551 2313 2634 2362 est
2655 2319 2779 2359 cum
2798 2303 2943 2357 bono
2963 2301 3134 2356 omni.
3156 2298 3385 2353 Davides
3402 2294 3622 2367 quidem

2045 2399 2222 2467 inquit
2262 2400 2306 2431 "
2334 2415 2347 2451 :
2385 2417 2404 2451 ι
2443 2399 2503 2453 ιιι
2538 2397 2770 2452 Domino
2797 2403 2964 2451 temet
2992 2394 3204 2450 oblecta
3238 2392 3313 2449 θ’.
3347 2410 3365 2443 ι
3398 2390 3624 2445 Solomo

2044 2500 2224 2546 autem
2246 2531 2261 2554 ,
2290 2490 2616 2561 sapientiam
2637 2530 2651 2552 ,
2681 2504 2803 2559 qua:
2830 2494 2913 2542 est
2942 2487 3058 2556 ipse
3086 2484 3347 2539 Dominus
3367 2522 3383 2548 ,
3413 2483 3624 2552 lignum

2044 2582 2168 2636 vitae
2203 2582 2460 2650 appellat.
2505 2580 2674 2651 Igitur
2707 2579 2839 2633 illud
2875 2593 3036 2633 omne
3074 2577 3216 2633 idem
3255 2582 3341 2631 est
3376 2574 3522 2645 quod
3559 2573 3626 2627 li-

2045 2686 2211 2742 gnum
2241 2673 2396 2737 vitae,
2432 2673 2591 2741 cujus
2633 2670 2825 2725 fruitio
2864 2669 3072 2723 homini
3105 2667 3171 2721 ad
3205 2667 3301 2722 Dei
3333 2666 3623 2736 imaginem

2046 2761 2191 2817 facto
2243 2763 2583 2819 conceditur.
2622 2761 2891 2817 Caeterum
2958 2760 3028 2815 ab
3084 2758 3188 2813 hoc
3251 2756 3397 2811 aliud
3449 2756 3625 2827 quod-

2046 2855 2169 2909 dam
2226 2856 2436 2926 lignum
2494 2856 2849 2920 discernitur,
2885 2852 3046 2922 cujus
3110 2851 3323 2906 fructus
3377 2856 3461 2906 est
3492 2848 3623 2904 boni

2048 2960 2112 3000 ac
2146 2947 2275 3001 mali
2310 2948 2571 3018 cognitio.
2609 2945 2726 3001 Non
2756 2945 2901 3017 quod
2938 2945 3169 2998 alterum
3204 2942 3397 2997 horum
3433 2941 3624 2994 adver-

2049 3039 2289 3093 santium
2321 3039 2425 3095 sibi
2456 3039 2700 3093 vicissim
2733 3040 3096 3107 produceret,
3126 3034 3222 3089 sed
3246 3030 3391 3103 quod
3421 3030 3625 3099 promi-

360 3132 552 3171 scuum
586 3133 650 3172 ac
682 3116 971 3174 confusum
1011 3118 1304 3188 quemdam
1345 3118 1583 3174 fructum
1624 3122 1929 3191 proferret,
1964 3126 2051 3181 cui
2078 3129 2369 3197 qualitates
2395 3129 2501 3183 illa:
2526 3128 2629 3184 sibi
2684 3127 3037 3183 adversantes
3086 3126 3348 3180 inessent.
3394 3121 3473 3176 De
3519 3120 3623 3175 hoc

362 3209 511 3264 vesci
536 3208 819 3265 hominem
852 3209 971 3264 Dux
1000 3210 1124 3265 vitae
1153 3215 1331 3275 vetat,
1366 3224 1593 3280 serpens
1622 3213 1850 3279 suadet,
1886 3224 1946 3270 ut
1984 3221 2144 3274 morti
2182 3222 2322 3274 viam
2355 3220 2422 3275 ad
2451 3218 2827 3291 perimendum
2854 3217 3128 3273 hominem
3161 3220 3414 3271 strueret.
3444 3208 3622 3265 Vincit

362 3316 495 3356 vero
530 3303 710 3358 malus
738 3302 829 3357 hic
857 3302 1075 3357 tandem
1111 3300 1484 3366 consiliarius,
1518 3303 1925 3371 pulchritudine
1960 3325 2025 3365 ac
2058 3312 2337 3384 voluptate
2367 3313 2602 3384 quadam
2631 3311 2868 3366 fructum
2902 3322 3196 3375 exornans,
3226 3315 3286 3361 ut
3318 3313 3374 3361 et
3398 3311 3621 3373 aspectu

358 3395 638 3467 jucundus
676 3403 855 3463 esset,
897 3403 953 3451 et
991 3397 1374 3467 appetitionem
1412 3400 1666 3470 gustandi
1707 3401 1790 3457 sui
1825 3403 2137 3472 proritaret.

930 3508 1325 3563 ΚΕΦΑΛΑΙΟΝ
1364 3509 1449 3563 Κ’.

368 3604 466 3670 Τίς
490 3603 530 3671 ἡ
557 3601 625 3655 ἐν
646 3600 724 3667 τῷ
750 3600 1093 3671 παραδείσῳ
1132 3599 1264 3669 ζωὴ.
1293 3602 1393 3654 καί
1437 3601 1496 3654 τί
1516 3600 1583 3654 τὸ
1618 3601 1948 3671 ἀπηγορευ-

938 3671 1123 3741 μένον
1160 3671 1369 3736 ξύλον.

430 3766 497 3819 Τί
530 3762 627 3820 οὖν
665 3765 843 3819 ἐκεῖνό
870 3766 1039 3829 ἐστιν,
1059 3762 1088 3815 6
1116 3762 1280 3816 καλοῦ
1315 3781 1375 3816 τε
1405 3762 1499 3816 καὶ
1528 3761 1698 3816 κακοῦ
1750 3778 1948 3831 συγκε-

366 3858 649 3930 κραμένην
678 3857 791 3927 ἔχει
816 3858 919 3929 τὴν
946 3856 1167 3926 γνῶσιν,
1189 3858 1309 3919 ταῖς
1327 3856 1394 3909 δι’
1410 3856 1711 3927 αίσθήσεως
1734 3856 1949 3926 ἡδοναῖς

365 3948 801 4019 ἐπηνθισμένον;
850 3949 993 4019 Ἀρα
1034 3948 1109 4018 μὴ
1135 3947 1324 4018 πόρρω
1348 3947 1448 4017 τῆς
1481 3948 1737 4017 ἀληθείας
1768 3965 1947 4019 παρα-

366 4044 725 4113 σωχάσομαι,
751 4043 819 4113 τῇ
847 4040 943 4094 τοῦ
964 4039 1203 4109 γνωστοῦ
1224 4039 1431 4109 διανοίᾳ
1460 4040 1540 4101 είς
1568 4039 1822 4111 ἀφορμὴν
1846 4039 1949 4110 τῆς

365 4133 602 4205 θεωρίας
629 4132 1034 4205 συγχρώμενος.
1063 4127 1234 4204 Οῐμαι
1271 4131 1374 4203 γὰρ
1408 4132 1509 4184 οὐκ
1539 4133 1845 4203 ἐπιστήμην
1866 4134 1949 4185 ὲν-

364 4226 536 4280 ταῦθα
564 4226 717 4298 παρὰ
748 4226 848 4296 τῆς
900 4224 1122 4295 Γραφῆς
1157 4224 1393 4279 νοεῖσθαι
1445 4224 1542 4295 τὴν
1568 4223 1788 4292 γνῶσιν,
1815 4224 1950 4278 ἀλλά

364 4335 483 4371 τινα
504 4316 774 4387 διαφορὰν
810 4318 875 4370 ὲκ
920 4316 1020 4386 τῆς
1053 4316 1330 4387 γραφικῆς
1360 4315 1649 4386 συνηθείας
1687 4316 1944 4386 εὑρίσκω,

367 4406 626 4475 γνώσεώς
662 4424 722 4460 τε
780 4406 874 4461 καὶ
899 4406 1244 4477 διακρίσεως.
1279 4405 1353 4458 τὸ
1389 4406 1488 4475 μὲν
1517 4407 1625 4477 γὰρ
1653 4406 1949 4477 διακρίνειν

367 4497 750 4567 ιπιστημόνως
798 4494 863 4549 τδ
914 4495 1077 4548 καλὸν
1130 4497 1195 4549 ὲκ
1225 4496 1318 4549 τοῦ
1365 4494 1559 4558 κακοῦ,
1614 4495 1950 4567 τελειοτέρας

367 4589 530 4655 ἒξεως
553 4586 694 4641 εἶναί
720 4605 885 4658 φησιν
915 4587 944 4639 6
998 4586 1336 4650 Ἀπόστολος,
1364 4588 1455 4640 καὶ
1489 4588 1950 4658 γεγυμνασμένων

368 4680 741 4752 αἰσθητηρίων
767 4698 780 4711 ·
834 4680 915 4733 διὸ
983 4679 1077 4732 καὶ
1138 4678 1467 4749 πρόσταγμα
1511 4681 1743 4732 ποιεῖται
1774 4679 1949 4732 πάντα

370 4771 705 4842 δοκιμάζειν,
741 4772 836 4825 καὶ
883 4770 976 4823 τοῦ
1007 4768 1463 4843 πνευματικούτὺ
1494 4770 1785 4841 διακρίνειν
1821 4770 1950 4823 ἴδιον

2645 3512 2876 3571 CAPUT
2905 3511 3024 3567 XX.

2049 3609 2182 3677 Qum
2213 3608 2373 3679 fuerit
2416 3609 2470 3663 in
2490 3607 2742 3677 paradiso
2773 3608 2902 3670 vita,
2926 3604 3124 3675 quodve
3154 3603 3224 3658 sit
3251 3600 3453 3671 lignum
3495 3597 3625 3651 ueli-

2773 3686 2902 3728 tum.

2119 3772 2402 3839 Quodnam
2459 3772 2626 3842 Igitur
2686 3767 2822 3823 illud
2877 3776 2961 3820 est
3014 3766 3242 3836 lignum,
3300 3773 3623 3818 exornatum

2048 3862 2280 3927 deliciis,
2314 3877 2435 3933 quae
2475 3876 2640 3917 sensu
2672 3858 3063 3932 percipiantur,
3104 3856 3191 3911 cui
3233 3855 3361 3910 boni
3385 3856 3624 3926 malique

2047 3953 2207 4007 mista
2237 3954 2483 4022 quedam
2517 3951 2757 4023 cognitio
2796 3949 2971 4005 inest?
3003 3948 3266 4018 Equidem
3320 3963 3427 4002 non
3468 3947 3626 4015 longe

2050 4058 2081 4098 a
2119 4045 2347 4100 veritate
2375 4046 2722 4109 aberravero,
2753 4044 2798 4099 si
2834 4043 3031 4099 mentis
3061 4040 3439 4111 intelligentia,
3487 4051 3625 4106 qua-

2049 4137 2210 4185 tenus
2241 4129 2463 4200 intelligi
2498 4128 2611 4185 hac
2640 4126 2891 4200 pussunt,
2923 4128 3026 4181 hac
3058 4127 3174 4195 ipsa
3210 4126 3262 4178 in
3301 4119 3623 4177 considera-

2049 4225 2195 4280 tione
2232 4232 2374 4279 utar.
2430 4221 2521 4277 Sic
2566 4221 2710 4276 enim
2758 4220 3030 4283 existimo,
3082 4233 3189 4281 non
3239 4215 3342 4268 hoc
3378 4214 3497 4267 loco
3524 4225 3627 4282 per

2050 4316 2416 4387 cognitionem
2447 4312 2670 4383 intelligi
2690 4306 3102 4369 scientiamzsed
3116 4304 3287 4362 sacris
3310 4303 3365 4357 in
3400 4301 3625 4358 Litteris

2051 4407 2270 4463 invenio
2317 4404 2610 4461 discrimen
2642 4398 2913 4471 quoddam
2970 4399 3112 4453 inter
3145 4394 3509 4465 cognitionem
3560 4407 3626 4448 ac

2050 4497 2514 4568 dijudicationem.
2557 4495 2693 4547 Nam
2726 4491 2928 4547 bonum
2976 4505 3043 4544 ac
3107 4488 3308 4542 malum
3369 4494 3624 4541 accurata

2050 4590 2285 4660 quadam
2324 4588 2558 4644 scientia
2601 4586 2922 4656 dijudicare,
2957 4581 3232 4638 facultatis
3281 4596 3402 4636 esse
3450 4576 3627 4649 perfe—

2050 4682 2237 4737 ctioris
2261 4678 2627 4749 cujusdam,et
2654 4693 2911 4733 sensuum
2946 4676 3357 4731 exercitalorum
3398 4671 3629 4740 Aposto-

2052 4774 2139 4829 lus
2180 4771 2347 4826 tradit
2399 4773 2465 4826 ".
2500 4772 2714 4827 Idcirco
2754 4770 2995 4841 praacipit
3033 4768 3268 4839 quodam
3312 4767 3452 4828 loco,
3505 4779 3630 4820 esse

369 4860 507 4917 εἷναί
527 4881 712 4935 φησιν.
730 4863 795 4916 Ἦ
821 4864 877 4917 δὲ
900 4861 1102 4931 γνῶσις
1127 4862 1188 4914 ού
1216 4842 1490 4931 πανταχοῦ
1516 4862 1613 4933 τὴν
1639 4864 1947 4933 ἐπιστήμην

2053 4865 2236 4921 omnia
2268 4863 2622 4935 exploranda,
2651 4870 2704 4919 et
2735 4863 3177 4931 dijudicationem
3210 4867 3419 4913 tantum
3447 4858 3501 4913 in
3532 4857 3631 4914 ho-

368 4973 426 5009 τε
447 4958 540 5010 καὶ
579 4957 678 5027 τὴν
710 4955 915 5025 εἴδησιν
945 4956 1233 5024 ὑφηγεῖται
1264 4953 1405 5009 κατὰ
1436 4954 1496 5006 τὸ
1535 4954 1947 5024 σημαινόμενον,

372 5048 502 5102 ἀλλὰ
530 5050 633 5118 τὴν
663 5048 797 5119 πρὸς
821 5048 883 5100 τὸ
909 5047 1305 5117 κεχαρισμένον
1329 5045 1566 5099 διάθεσιν
1587 5061 1602 5075 ο
1638 5045 1952 5112 ὡς,ι“Εγνω

377 5141 574 5212 Κύριος
605 5142 733 5203 τοὺς
780 5140 935 5203 δντας
959 5138 1159 5192 αὐτοῦ·
1204 5158 1222 5190 ι
1260 5140 1354 5193 καὶ
1412 5137 1546 5209 πρὸς
1566 5136 1654 5189 τὸν
1690 5136 1926 5189 Μωῦσέα

377 5206 559 5300 φησὶν,
586 5224 672 5279 ὅτι
696 5247 713 5279 ι
730 5232 941 5300 Ἐγνων
960 5249 1019 5285 σε
1038 5230 1191 5304 παρὰ
1215 5232 1422 5295 πάντας
1444 5206 1466 5262 ο*
1486 5251 1502 5282 ι
1538 5231 1667 5302 περί
1682 5231 1739 5297 δὲ
1767 5230 1874 5283 τῶν
1893 5206 1958 5283 ὲν⁵

376 5323 539 5393 κακία
590 5324 1055 5394 κατεγνωσμένων
1086 5323 1232 5393 λέγει
1268 5324 1298 5376 6
1342 5322 1412 5375 τὰ
1450 5322 1628 5375 πάντα
1663 5320 1836 5385 είδὼς,
1868 5322 1951 5375 ὅτι

383 5432 403 5465 ι
432 5416 698 5470 Οὐδέποτε
757 5416 930 5486 ἔγνων
954 5419 1115 5489 ὑμᾶς.
1150 5437 1169 5471 ι
1198 5416 1405 5472 Οὐκοῦν
1445 5417 1505 5471 τὸ
1553 5416 1727 5482 ξύλον,
1760 5417 1852 5487 ἀφ’
1890 5410 1951 5470 οὗ

448 5618 490 5647 ⁸⁷
525 5616 745 5684 Gemit,
771 5621 854 5677 16.
932 5623 977 5656 ⁸⁸
1000 5622 1143 5682 Psal.
1184 5621 1444 5683 “svnt.
1523 5621 1566 5653 "
1609 5619 1771 5677 PrOV.
1806 5633 1889 5686 ιιι.
1927 5617 1947 5670 1

2093 5620 2137 5651 ’⁸
2174 5616 2336 5675 llebr.
2372 5635 2423 5685 v,
2463 5619 2549 5673 l4.

396 5694 449 5753 11,
476 5686 562 5742 {9.

2054 4957 2252 5012 minem
2274 4956 2612 5027 spiritualem
2643 4954 2837 5008 cadere
2867 4951 3095 5006 aﬂirmat
3122 4950 3191 5003 7'.
3221 4946 3476 5019 Cognitio
3501 4960 3635 5002 vero

2053 5064 2165 5105 non
2200 5049 2487 5103 scientiam
2541 5061 2605 5100 ac
2655 5046 2908 5101 notitiam
2968 5045 3174 5114 ubique
3232 5043 3531 5114 significat,
3570 5048 3631 5095 ut

2053 5156 2159 5196 vox
2190 5142 2307 5210 ipsa
2343 5148 2530 5195 notare
2556 5140 2789 5204 videtur,
2823 5137 2917 5193 sed
2935 5137 3224 5208 quamdam
3253 5136 3420 5191 animi
3456 5134 3522 5189 ad
3552 5133 3631 5200 id.

2054 5233 2198 5303 quod
2238 5239 2450 5302 gratum
2487 5230 2645 5285 nobis
2673 5237 2777 5295 est,
2812 5228 3170 5285 affectionem.
3207 5226 3273 5282 Ut
3327 5242 3450 5282 cum
3493 5224 3633 5280 scri-

2058 5335 2209 5395 ptum
2252 5333 2337 5379 est
2364 5324 2413 5355 "
2458 5342 2470 5376 :
2510 5340 2528 5373 ‹
2572 5320 2730 5376 Novit
2763 5320 3025 5375 Dominus
3063 5335 3211 5375 suos.
3248 5338 3267 5370 ›
3309 5317 3376 5373 Et
3409 5317 3473 5371 ad
3512 5313 3631 5368 Ilo-

2058 5432 2153 5472 sen
2187 5416 2363 5485 inquit
2421 5433 2433 5469 :
2484 5434 2502 5467 ι
2544 5412 2675 5469 Novi
2739 5422 2793 5468 te
2846 5427 3012 5483 supra
3041 5426 3252 5467 omnes.
3307 5429 3325 5461 ι
3364 5408 3534 5461 Etiam
3563 5403 3632 5457 do

2698 5620 2741 5652 τ’
2783 5617 2802 5672 l
2833 5616 2957 5672 Cor.
2988 5629 3045 5667 ιι.
3080 5612 3171 5667 15.
3247 5608 3292 5639 ”
3323 5607 3367 5663 ιι
3395 5599 3634 5661 TimOlh.
