4088 6210
637 294 738 352 199

1858 284 2203 376 8.,ΕΒΕΟΟΙ

2312 283 2608 340 NYSSENI
3631 299 3705 357 ροο

631 407 901 464 damnatis
952 405 1048 469 ait,
1086 403 1177 475 qui
1239 402 1566 476 ereteroquin
1626 403 1809 460 omnia
1879 404 2031 458 novit
2079 403 2126 434 ⁷³
2177 417 2190 454 :

2305 405 2332 474 ἡ
2370 402 2674 474 σύμμικτος
2711 401 2909 470 γνῶσις
2939 402 3368 474 καρποφορεῖται,
3399 405 3473 459 τῶν
3495 407 3714 480 άτιηγορεν·

637 517 658 550 ι
693 497 978 566 Nunquam
1037 495 1160 550 novi
1195 511 1291 551 vos
1347 496 1418 551 “.
1459 515 1478 548 ι
1541 495 1769 564 Lignum
1807 510 1936 565 ergo
1981 494 2047 548 de
2093 507 2202 562 quo

631 588 960 659 cognitionis
984 587 1306 657 promiscua:
1337 589 1548 644 fructus
1577 587 1810 657 capitur,
1845 585 2004 640 estin
2023 599 2202 639 rerum

631 681 920 734 vetitarum
941 694 1186 734 numero.
1217 678 1424 734 Dicitur
1450 686 1628 733 autem
1670 677 1879 732 fructus
1916 676 2005 730 ille
2042 689 2200 745 quem

633 785 858 839 serpens
930 771 1207 840 prmdicat,
1282 786 1345 825 ex
1406 771 1570 825 rebus
1619 769 2035 824 adversantibus
2099 765 2203 821 sibi

631 867 886 914 constare
922 880 934 914 :
990 860 1237 916 fortassis
1287 877 1406 914 eam
1439 861 1508 915 ob
1543 875 1785 923 causam,
1810 859 1954 928 quod
2000 859 2201 911 malum

633 950 792 1018 plane
811 950 1039 1012 nudum,
1067 957 1127 1003 ut
1153 958 1232 1003 est
1257 957 1450 1002 natura
1474 964 1596 1010 sua,
1618 965 1898 1018 nunquam
1926 947 2083 1002 nobis
2106 962 2202 1017 ap-

634 1049 839 1109 pareat.
872 1039 1126 1094 Profecto
1151 1039 1293 1093 enim
1335 1040 1389 1092 in
1425 1040 1643 1093 homine
1666 1038 2032 1108 permovendo
2051 1037 2201 1093 nulla

634 1133 888 1187 vitiorum
928 1131 1216 1187 eﬂicacitas
1249 1132 1402 1197 foret,
1449 1131 1493 1187 si
1525 1147 1632 1185 non
1682 1132 1898 1200 quidam
1950 1131 2027 1184 eis
2075 1128 2200 1182 boni

635 1225 785 1280 color
833 1224 1070 1289 additus,
1127 1223 1330 1278 homini
1385 1223 1686 1293 cupiditate
1725 1225 1810 1277 sui
1857 1223 1910 1276 in
1956 1220 2199 1276 fraudem

632 1317 813 1371 illecto
877 1315 1060 1370 fucum
1139 1316 1359 1369 faceret.
1437 1313 1593 1368 Nunc
1644 1329 1773 1369 vero
1824 1314 2023 1367 malum
2079 1328 2202 1368 esse

632 1407 859 1461 mixtum
888 1407 1154 1475 videmus,
1189 1407 1345 1476 cujus
1379 1406 1433 1460 in
1483 1405 1651 1462 fundo
1689 1406 1958 1476 pernicies
1989 1410 2072 1458 est
2106 1419 2199 1457 ve-

631 1500 730 1554 luti
782 1501 1026 1570 quaedam
1081 1499 1230 1555 fraus
1291 1500 1483 1564 latens,
1539 1515 1705 1569 quutn
1755 1499 1993 1553 exterior
2043 1497 2202 1550 dolus

631 1591 919 1661 imaginem
948 1591 1074 1645 boni
1101 1599 1333 1646 ostentet
1359 1608 1372 1642 :
1400 1591 1580 1644 avaris
1601 1589 1918 1659 praeclarum
1943 1589 2199 1658 quiddam

630 1697 754 1737 esse
777 1683 988 1736 videtur
1013 1683 1220 1751 argenti
1269 1682 1546 1750 splendor,
1573 1695 1740 1750 quum
1773 1680 1893 1748 ejus
1936 1679 2200 1748 cupiditas

631 1775 900 1828 malorum
934 1773 1177 1827 omnium
1231 1773 1384 1826 radix
1420 1773 1636 1826 existat.
1675 1771 1808 1836 Quis
1837 1771 2114 1825 hominum
2145 1768 2198 1824 in

633 1863 837 1920 foedam
889 1863 1320 1932 intemperantiae
1364 1863 1598 1917 illuviem
1652 1862 2046 1931 prolaberetur,
2091 1861 2199 1916 nisi

630 1969 754 2009 eum
790 1955 845 2008 in
878 1955 1127 2008 morbum
1171 1955 1274 2008 hoc
1322 1955 1540 2008 nomine
1567 1955 1714 2009 velut
1761 1955 2034 2009 inescatus
2076 1969 2199 2022 per-

630 2046 961 2110 traheretur,
1021 2045 1164 2113 quod
1214 2045 1546 2114 voluptatem
1599 2060 1719 2099 esse
1757 2060 1868 2099 rem
1923 2045 2120 2099 bonam
2145 2052 2200 2099 et

629 2137 922 2205 optabilem
979 2136 1291 2189 existimat?
1344 2136 1543 2188 Eodem
1590 2135 1750 2189 modo
1796 2135 1924 2189 vitia
1983 2143 2198 2199 caatera,

629 2242 754 2282 cum
800 2235 1007 2282 certum
1050 2227 1271 2282 exitium
1301 2227 1594 2289 occultent,
1636 2227 1809 2296 prima
1858 2234 2036 2282 tamen
2082 2227 2201 2282 vice

628 2319 882 2373 videntur
915 2318 1235 2388 expetenda,
1265 2334 1431 2388 seque
1462 2319 1515 2373 in
1553 2319 1765 2375 animos
1793 2319 2197 2389 imprudentum

631 2427 730 2481 pro
761 2412 904 2466 bono
941 2411 1244 2465 insinuant.
1273 2410 1406 2464 Cum
1444 2411 1608 2480 igitur
1638 2410 1890 2480 pleraque
1922 2412 2200 2466 hominum

632 2519 758 2572 pars
789 2503 840 2556 id
890 2504 1088 2557 bonum
1125 2517 1246 2557 esse
1284 2501 1508 2570 judicet,
1533 2502 1677 2572 quod
1723 2518 1918 2559 sensus
1948 2503 2198 2560 delectat:

629 2611 865 2664 cumque
895 2595 1028 2650 adeo
1060 2595 1365 2650 communis
1416 2595 1702 2664 appellatio
1731 2595 1857 2649 boni
1887 2595 1977 2659 sit,
2005 2610 2128 2648 cum
2155 2593 2203 2648 ei

631 2687 774 2757 quod
797 2702 920 2741 vere
943 2686 1143 2740 bonum
1173 2694 1275 2750 est,
1331 2693 1443 2739 tum
1469 2686 1625 2740 alteri
1661 2687 1805 2755 quod
1847 2687 2046 2741 bonum
2082 2701 2204 2741 esse

628 2781 845 2838 videtur
876 2797 888 2832 :
941 2779 1146 2833 idcirco
1194 2778 1372 2832 Sacrae
1403 2777 1620 2833 Litterae
1650 2779 2035 2848 appetitionem
2075 2778 2204 2832 mali

629 2872 853 2926 latentis
885 2870 987 2925 sub
1022 2870 1148 2924 boni
1184 2870 1384 2938 specie,
1407 2869 1770 2938 cognitionem
1821 2870 1947 2924 boni
1975 2875 2028 2924 et
2078 2868 2204 2922 mali

632 2961 931 3022 nominant,
987 2975 1081 3030 per
1115 2974 1277 3029 quam
1319 2960 1532 3015 affectio
1561 2961 1807 3030 quaedam
1841 2971 1894 3016 et
1942 2971 2206 3030 tempera-

2309 496 2483 564 μένων
2505 495 2640 548 ἐστί.
2673 495 2947 564 Μέμικται
2973 494 3029 547 δὲ
3063 494 3151 548 διὰ
3182 495 3286 549 τῶν
3312 498 3499 551 ἐναντίων
3525 501 3544 551 ὁ
3568 501 3718 572 καρπὸς

2304 587 2527 649 ἐκεῖνος,
2551 587 2578 638 6
2602 586 2895 655 συνήγορον
2921 585 3055 655 ἔχων
3078 587 3268 641 ἑαυτοῦ
3295 589 3370 640 τὸν
3383 589 3483 658 ὅφιν,
3501 591 3604 661 τάχα
3620 591 3722 646 κατὰ

2304 679 2392 730 τὸν
2418 676 2573 744 λόγον
2598 675 2803 741 τοῦτον,
2826 679 2906 730 δτι
2953 677 3012 730 ού
3052 678 3256 748 γυμνὸν
3298 680 3511 749 πρόκειται
3536 681 3579 734 τὸ
3603 683 3726 736 κακὸν

2304 769 2436 821 αὐτὸ
2482 770 2567 838 ἐφ’
2625 767 2817 822 ἑαυτοῦ
2848 769 2985 822 κατά
3021 768 3112 838 τὴν
3153 769 3286 823 ίδίαν
3321 769 3442 838 φύσιν
3478 773 3728 841 φαινόμενον.

2303 856 2378 912 ἾΙ
2409 861 2516 930 γὰρ
2551 860 2614 913 ἂν
2645 861 2920 931 ἄπρακτος
2949 856 3015 930 ἦν
3047 863 3080 930 ἡ
3104 861 3289 924 κακία,
3311 863 3734 935 μηδενὶπροσκεχρω-

2306 953 2476 1022 σμένη
2511 951 2660 1021 καλῷ
2709 951 2786 1021 τῷ
2816 951 2949 1022 πρὸς
2993 951 3286 1021 ἐπιθυμίαν
3314 951 3446 1021 αὐτῆς
3481 953 3736 1022 ἐφελκομένη)

2303 1043 2392 1096 τὸν
2421 1043 2796 1112 ἀπατώμενον.
2831 1043 2965 1094 Νυνὶ
2990 1043 3045 1094 δὲ
3078 1041 3138 1094 σύ
3149 1044 3367 1111 μμικτός
3387 1042 3472 1104 πώς
3489 1045 3597 1095 ἐστιν
3621 1045 3645 1113 ὴ
3669 1046 3741 1096 τοῦ

2305 1134 2476 1188 κακοῦ
2502 1135 2683 1203 φύσις,
2715 1136 2773 1187 ὲν
2809 1135 2905 1204 μὲν
2928 1135 3004 1204 τῷ
3038 1134 3190 1204 βάθει
3235 1135 3319 1187 τὸν
3351 1134 3531 1204 ὄλεθρον,
3555 1133 3637 1189 οἷόν
3653 1153 3748 1190 τινα

2302 1225 2450 1278 δόλον
2483 1226 2928 1296 ἐγκεκρυμμένον
2976 1226 3194 1295 ἔχουσα,
3231 1227 3285 1277 ἐν
3315 1226 3363 1278 δὲ
3383 1229 3432 1295 τῇ
3463 1227 3569 1279 κατὰ
3593 1227 3639 1278 τὸ
3661 1245 3754 1295 φαι-

2303 1318 2522 1388 νόμενον
2538 1318 2716 1388 ἀπάτῃ
2742 1317 2904 1371 καλοῦ
2921 1334 3042 1371 τινα
3059 1318 3351 1385 φαντασίαν
3372 1319 3754 1388 παραδεικνύουσα.

2303 1408 2481 1461 Καλὸν
2515 1407 2661 1460 δοκεῖ
2701 1410 2814 1470 τοῖς
2850 1407 3202 1478 φιλαργύροις
3230 1411 3262 1478 ἡ
3303 1413 3386 1478 τῆς
3421 1409 3522 1478 ῦλης
3556 1409 3759 1479 εὖχροια·

2303 1499 2437 1553 ἀλλὰ
2469 1497 2594 1569 ῥίζα
2619 1499 2835 1552 πάντων
2873 1499 2980 1552 τῶν
3005 1499 3245 1569 κακῶνή
3278 1500 3552 1571 φιλαργυρία
3582 1503 3765 1569 γίνεται.

2303 1589 2399 1651 Τίς
2442 1589 2482 1641 δ’
2539 1587 2605 1641 ἂν
2654 1590 2746 1642 ἐπὶ
2786 1589 2875 1641 τὸν
2920 1589 3127 1659 δυσώδη
3171 1589 3408 1660 βόρϐορον
3432 1592 3507 1661 τῆς
3536 1592 3773 1654 ἀκολασίας

2305 1678 2656 1746 κατώλισθεν,
2705 1682 2752 1732 εί
2800 1679 2874 1749 μὴ
2923 1679 3019 1750 τὴν
3049 1680 3238 1751 ἡδονὴν
3279 1681 3420 1734 καλόν
3442 1700 3483 1734 τι
3505 1684 3580 1735 καὶ
3601 1683 3777 1752 αἱρετὸν

2303 1771 2438 1842 ᾤετο
2481 1773 2510 1824 ὁ
2541 1769 2618 1840 τῷ
2673 1770 2883 1824 δελέατι
2917 1771 3090 1842 τούτῳ
3137 1771 3272 1842 πρὸς
3300 1772 3356 1824 τὸ
3377 1772 3514 1836 πάθος
3539 1775 3785 1845 κατασυρό-

2303 1880 2494 1932 μενος;
2531 1861 2685 1914 Οῦτω
2704 1862 2796 1915 καὶ
2835 1861 2903 1915 τὰ
2937 1861 3098 1914 λοιπά
3127 1862 3233 1914 τῶν
3269 1863 3626 1933 ἁμαρτημάτων
3653 1867 3790 1932 ὲγκε-

2300 1956 2620 2026 κρυμμένην
2665 1955 2858 2024 ἔχοντα
2901 1954 2999 2025 τὴν
3027 1954 3342 2025 διαφθορὰν,
3379 1956 3541 2026 αἰρετά
3562 1957 3689 2026 παρά
3712 1957 3796 2026 τὴν

2301 2045 2522 2116 πρώτην
2567 2045 2731 2112 δοκεῖ,
2759 2045 2847 2098 διά
2887 2063 3028 2110 τινος
3060 2046 3273 2115 ἀπάτης
3319 2049 3416 2108 τοῖς
3442 2048 3804 2109 ἀνεπισκέπτοις

2302 2135 2414 2187 ἀντ’
2436 2133 2640 2202 ἀγαθοῦ
2685 2134 3110 2205 σπουδαζόμενα.
3157 2136 3366 2206 Ἐπειδὴ
3397 2137 3549 2190 τοίνυν
3576 2139 3618 2190 οί
3648 2137 3810 2189 πολλοὶ

2301 2228 2362 2280 τὸ
2401 2227 2564 2282 καλὸν
2617 2229 2674 2280 ὲν
2711 2227 2787 2298 τῷ
2816 2228 2914 2290 τὰς
2943 2228 3221 2299 αίσθήσεις
3249 2229 3556 2300 εύφραίνοντι
3577 2231 3814 2300 κρίνουσι,

2303 2318 2394 2372 καί
2415 2319 2497 2382 τίς
2526 2321 2670 2371 ἐστιν
2690 2319 2975 2389 ὁμωνυμία
3000 2319 3093 2372 τοῦ
3115 2337 3173 2372 τε
3202 2321 3352 2382 ὄντος
3377 2320 3551 2373 καὶτοῦ
3571 2320 3823 2383 δοκοῦντος

2303 2407 2441 2466 εἶναι
2480 2412 2646 2466 καλοῦ
2669 2430 2682 2443 ·
2719 2413 2906 2466 τούτου
2937 2412 3097 2483 χάριν
3129 2414 3161 2480 ἡ
3192 2413 3327 2483 πρὸς
3359 2411 3414 2464 τὺ
3441 2411 3590 2464 κακὸν
3613 2411 3678 2474 ὼς
3703 2412 3829 2482 πρδς

2303 2505 2363 2558 τὸ
2388 2504 2588 2572 ἀγαθὸν
2618 2504 2872 2574 γινομένη
2907 2503 3188 2572 ἐπιθυμία,
3226 2503 3386 2556 καλοῦ
3409 2504 3494 2556 καὶ
3514 2503 3670 2557 κακοῦ
3699 2505 3835 2572 γνῶ-

2306 2608 2389 2654 σις
2417 2591 2520 2644 ὑπὸ
2547 2592 2645 2660 τῆς
2667 2591 2887 2660 Γραφῆς
2918 2589 3231 2661 ὠνομάσθη,
3268 2591 3582 2645 συνδιάθεσίν
3612 2609 3724 2645 τινα
3752 2592 3846 2645 καὶ

2305 2683 2605 2753 ἀνάκρασιν
2645 2681 3050 2754 έρμηνευούσης
3095 2681 3194 2751 τῆς
3223 2680 3484 2749 γνώσεως.
3502 2681 3628 2735 Οὒτε
3657 2684 3852 2735 ἀπολύ-

2303 2794 2411 2839 τως
2432 2775 2764 2841 κακὸν,διότι
2782 2773 3158 2846 περιήνθισται
3173 2773 3250 2843 τῷ
3279 2773 3440 2844 καλῷ,
3469 2775 3584 2828 οὔτε
3611 2774 3859 2844 καθαρῶς

2305 2871 2525 2940 ἀγαθὸν,
2567 2859 2699 2924 διότι
2733 2869 3142 2938 ὑποκέκρυπται
3171 2867 3230 2920 τὸ
3262 2867 3427 2920 κακόν
3449 2884 3463 2898 ·
3491 2868 3622 2920 ἀλλά
3664 2868 3868 2936 σύμμι-

2306 2981 2432 3016 κτον
2461 2964 2527 3017 δι’
2549 2963 2819 3033 ἑκατέρων
2839 2960 2933 3012 τοῦ
2959 2960 3407 3030 ἀπηγορευμένου
3431 2959 3584 3022 ξύλου
3605 2960 3696 3011 τὸν
3731 2977 3872 3030 καρ-

630 3060 870 3107 mentum
920 3051 1256 3121 intelligitur.
1287 3049 1403 3105 Non
1429 3051 1574 3105 enim
1609 3052 1843 3105 fructum
1875 3052 2017 3121 'ligni
2053 3053 2202 3107 vetiti

2311 3052 2411 3106 πὸν
2433 3045 2570 3104 εἷναί
2603 3067 2787 3119 φησιν,
2829 3042 2890 3102 οῦ
2947 3048 3044 3118 τὴν
3096 3048 3284 3115 γεῦσιν
3336 3050 3414 3111 εἰς
3461 3048 3684 3102 θάνατον
3724 3050 3880 3116 ἄγειν

629 3142 876 3198 absolute
930 3144 1129 3196 malum
1187 3143 1406 3212 aliquod
1463 3158 1586 3198 esse
1625 3144 1868 3208 tradunt,
1905 3159 2028 3198 cum
2081 3146 2207 3200 boni

629 3231 785 3300 quasi
816 3230 1038 3286 floribus
1068 3231 1392 3300 quibusdam
1418 3241 1715 3287 exornatus
1738 3233 1808 3288 sit
1838 3250 2046 3303 :neque
2073 3249 2207 3289 con-

629 3331 712 3376 tra
735 3337 869 3390 pure
895 3322 1120 3383 bonum,
1144 3336 1267 3374 cum
1303 3322 1408 3377 sub
1428 3337 1492 3377 eo
1521 3324 1722 3377 malum
1757 3325 1924 3378 lateat
1954 3344 1966 3378 :
2000 3325 2094 3380 sed
2141 3342 2207 3380 ex

632 3421 863 3480 utroque
897 3411 1141 3476 mistum,
1183 3427 1290 3482 quo
1320 3414 1412 3482 qui
1457 3422 1700 3480 utantur,
1741 3416 2107 3471 certissimum
2137 3417 2207 3471 ad

631 3501 908 3557 interitum
946 3510 1126 3557 ruant.
1168 3501 1355 3573 Itaque
1377 3514 1584 3559 tantum
1609 3522 1716 3560 non
1745 3515 1928 3575 aperte
1946 3508 2202 3572 clamant,

630 3608 815 3646 verum
852 3593 1054 3648 bonum
1103 3594 1329 3664 simplex
1356 3604 1409 3650 et
1448 3596 1762 3652 uniusmodi
1806 3599 2064 3668 quiddam
2108 3615 2208 3653 na~

631 3693 747 3736 tura
779 3697 877 3736 sua
910 3684 1192 3748 exsistere,
1253 3687 1488 3740 alienum
1539 3688 1608 3742 ab
1647 3689 1791 3743 omni
1854 3689 2196 3758 duplicitate,

630 3774 1143 3846 adversantiumque
1189 3777 1292 3830 sibi
1345 3793 1527 3832 rerum
1567 3778 1970 3847 conjunctione.
2006 3779 2204 3833 Malum

628 3868 818 3914 contra
859 3860 1066 3913 varium
1099 3876 1242 3926 esse,
1271 3875 1334 3915 ac
1363 3863 1596 3932 quodam
1645 3864 1806 3918 modo
1847 3866 2004 3932 quasi
2038 3867 2205 3920 vesti-

629 3963 741 4004 tum
781 3969 793 4003 :
822 3950 1076 4020 quodque
1097 3951 1242 4005 aliud
1275 3952 1534 4020 quiddam
1566 3953 1722 4008 initio
1738 3955 2008 4019 videatur,
2041 3971 2202 4025 quam

626 4060 748 4099 esse
779 4043 973 4098 deinde
1011 4058 1107 4112 per
1150 4044 1538 4112 experientiam
1594 4045 2032 4113 deprehenditur.
2070 4047 2201 4100 Nam

627 4137 674 4189 si
717 4137 782 4190 ad
830 4135 951 4204 ejus
1009 4135 1375 4204 cognitionem
1416 4135 1818 4205 perveniamus,
1867 4137 1971 4192 hoc
2017 4148 2122 4197 est,
2158 4137 2202 4194 si

627 4228 796 4283 semel
827 4227 968 4282 facto
1003 4228 1244 4296 periculo
1281 4227 1480 4280 malum
1509 4229 1921 4297 amplectamur,
1973 4237 2086 4281 tum
2117 4229 2204 4282 ni-

628 4318 826 4372 mirum
857 4335 978 4374 esse
1001 4305 1130 4372 illud
1168 4319 1220 4372 in
1244 4320 1400 4375 nobis
1425 4334 1644 4374 causam
1669 4321 1990 4391 initiumque
2013 4323 2204 4377 mortis

2310 3142 2430 3200 εῐπε
2460 3145 2586 3206 τοὺς
2634 3142 2962 3212 ἁψαμένους.
3008 3141 3289 3210 μονονουχὶ
3333 3140 3581 3211 φανερῶς
3611 3143 3673 3194 τὸ
3710 3142 3886 3213 δόγμα

2309 3237 2467 3307 βοῶν,
2499 3236 2578 3288 ὅτι
2603 3233 2663 3286 τὸ
2693 3233 2859 3295 ὅντως
2882 3232 3082 3300 ἀγαθὸν
3113 3232 3316 3285 ἁπλοῦν
3340 3235 3435 3285 καὶ
3468 3234 3742 3303 μονοειδές
3774 3236 3886 3286 ἐστι

2306 3328 2372 3396 τῇ
2400 3326 2578 3393 φύσει,
2625 3323 2803 3392 πάσης
2851 3321 3072 3392 διπλόης
3120 3321 3212 3373 καὶ
3253 3321 3351 3391 τῆς
3394 3322 3535 3391 πρὸς
3557 3323 3620 3376 τὸ
3653 3323 3886 3375 ὲναντίοπ

2309 3416 2567 3484 συζυγίας
2621 3415 2916 3486 ἀλλότριον.
2959 3416 3032 3467 Τὸ
3072 3417 3129 3470 δὲ
3170 3416 3340 3472 κακὸν
3373 3415 3629 3468 ποικίλον
3689 3433 3753 3468 τε.
3815 3434 3887 3468 κο

2309 3508 2884 3580 κατεσχηματισμένον
2945 3509 3113 3576 ἐστὶν,
3155 3511 3280 3564 ἄλλο
3312 3529 3362 3563 τι
3388 3507 3792 3580 νομιζόμενον,
3825 3528 3888 3560 κε

2306 3602 2492 3672 ἕτερον
2517 3600 2600 3653 διὰ
2628 3601 2724 3670 τῆς
2749 3601 2942 3670 πείρας
2967 3601 3418 3672 ἀνακρινόμενον,
3453 3603 3518 3653 οῦ
3551 3601 3657 3671 τὴν
3688 3601 3887 3668 γνῶσι

2306 3694 2573 3758 τουτέστι,
2603 3693 2700 3761 τὴν
2720 3693 2805 3744 διὰ
2839 3694 2934 3762 τῆς
2967 3692 3159 3763 πείρας
3203 3693 3506 3762 ἀνάληψιν,
3537 3691 3795 3744 θανάτου
3841 3709 3880 3742 κ

2305 3783 2594 3853 διαφθορᾶς
2623 3779 2797 3854 ἀρχήν
2823 3800 2882 3835 τε
2909 3784 2999 3836 καὶ
3033 3783 3284 3836 ὑπόθεσιν
3315 3781 3610 3851 γίνεσθαι.
3646 3781 3757 3834 Διὰ
3780 3780 3885 3833 τοῦ

2306 3875 2680 3945 προδείκνυσιν
2714 3877 2742 3927 6
2766 3874 2887 3942 ὄφις
2922 3874 3011 3926 τὸν
3063 3873 3294 3944 πονηρὸν
3323 3875 3432 3944 τῆς
3472 3873 3784 3943 ἁμαρτίας
3811 3890 3887 3925 κα

2307 3967 2426 4030 πὺν,
2457 3967 2555 4035 οὐχ
2583 3966 2656 4030 ὼς
2685 3961 2797 4036 εἶχε
2833 3964 3046 4034 φύσεως
3079 3966 3140 4017 τὸ
3170 3965 3338 4019 κακὸν
3365 3968 3442 4018 ὲκ
3473 3964 3582 4018 τοῦ
3615 3982 3888 4034 προφανι

2305 4056 2604 4120 ἐπιδείξας⁹
2638 4057 2698 4109 ού
2745 4057 2851 4127 γὰρ
2893 4055 2957 4108 ἂν
2984 4057 3238 4126 ἠπατήθη
3266 4059 3294 4109 ὁ
3323 4057 3656 4126 ἅνθρωπος
3689 4055 3783 4124 τῷ
3827 4072 3887 4122 ’πε

2303 4147 2447 4217 δήλῳ
2491 4147 2681 4216 κακῷ*
2743 4147 2878 4200 ἀλλὰ
2938 4147 3026 4201 διά
3074 4165 3218 4210 τινος
3269 4145 3434 4218 ὥρας
3485 4146 3580 4200 τὸ·
3611 4147 3887 4215 φαινόμε

2305 4238 2589 4305 ἀγλαΐσας,
2621 4237 2712 4289 καί
2743 4255 2862 4291 τινα
2896 4236 3037 4291 κατά
3071 4238 3170 4308 τὴν
3199 4238 3474 4308 αἴσθησιν
3503 4238 3737 4308 ἡδονὴν
3775 4241 3887 4304 ὲΥἺ

2304 4327 2498 4389 τεύσας
2516 4329 2581 4396 τῇ
2617 4325 2821 4392 γεύσει,
2861 4326 3082 4390 πιθανὸς
3121 4328 3291 4397 ἐφάνη
3340 4331 3420 4398 τῇ
3454 4329 3756 4396 γυναικὶ,
3795 4346 3886 4380 κα

625 4415 681 4460 et
711 4407 980 4461 interitus.
1032 4408 1238 4462 Idcirco
1291 4423 1514 4477 serpens
1554 4409 1807 4464 vitiosum
1841 4412 2044 4480 peccati
2087 4411 2203 4465 fru-

2311 4433 2472 4486 φησιν
2537 4418 2568 4485 ὴ
2628 4417 2848 4487 Γραφή·
2885 4419 3024 4472 «Καὶ
3042 4415 3148 4473 εἶδε
3173 4422 3281 4495 γὰρ
3318 4421 3352 4488 ἡ
3391 4419 3592 4489 γυνὴ,
3639 4419 3880 4490 φησὶν,

628 4503 774 4548 ctum
797 4496 1000 4549 homini
1020 4496 1374 4562 demonstrat,
1408 4514 1516 4551 non
1549 4499 1698 4552 illum
1739 4500 1955 4568 quidem
1990 4509 2195 4570 aperte,

628 4586 806 4656 qualis
837 4601 864 4639 a
902 4594 1094 4640 natura
1125 4597 1241 4641 erat
1262 4589 1390 4655 (non
1419 4591 1562 4644 enim
1593 4606 1687 4660 per
1711 4592 2054 4648 manifestum
2084 4610 2199 4647 ma-

631 4679 739 4732 lum
775 4677 884 4731 falli
925 4679 1087 4732 homo
1136 4681 1447 4748 potuisset),
1510 4682 1603 4736 sed
1635 4695 1856 4737 externa
1899 4686 2199 4741 venustatis

630 4785 752 4822 cum
772 4771 949 4839 specie
977 4779 1204 4824 exornat
1231 4790 1243 4824 :
1283 4772 1525 4841 adeoque
1553 4775 1730 4842 gustui
1753 4774 1873 4841 ejus
1904 4776 2199 4844 voluptatis

631 4857 856 4928 aliquid,
921 4859 1063 4929 quod
1105 4877 1267 4916 sensu
1318 4864 1707 4932 perciperetur,
1772 4879 1868 4932 per
1930 4867 2194 4934 quasdam

630 4950 786 5017 quasi
826 4951 1128 5020 praestigias
1181 4951 1341 5018 indit,
1388 4962 1445 5006 ut
1481 4955 1554 5008 ita
1588 4955 1800 5008 mulieri
1852 4959 1994 5024 quod
2041 4959 2197 5012 vellet

632 5041 1000 5107 persuaderet.
1057 5042 1147 5096 Sic
1186 5045 1328 5098 enim
1379 5043 1596 5099 Litterae
1635 5060 1803 5100 sacra:
1841 5048 2138 5116 loquuntur
2180 5065 2192 5100 :

635 5147 655 5179 ι
692 5128 839 5184 Vidit
869 5142 1058 5188 autem
1095 5135 1287 5188 mulier
1317 5136 1520 5205 lignum
1563 5137 1695 5191 illud
1726 5137 1926 5192 bonum
1977 5155 2098 5194 esse
2131 5140 2196 5195 ad

631 5225 994 5291 vescendum,
1034 5235 1086 5279 et
1131 5229 1306 5284 oculis
1352 5238 1590 5298 gratum,
1637 5231 1971 5300 miriﬁceque
2001 5233 2198 5302 jucun-

629 5318 758 5373 dum
794 5326 1014 5386 aspectu
1046 5319 1113 5371 ⁷⁸.
1159 5338 1176 5370 ι
1231 5321 1415 5389 Itaque
1466 5320 1700 5376 fructum
1764 5323 1883 5391 ejus
1915 5333 2197 5393 acceptum

631 5406 884 5460 comedit.
936 5406 1102 5461 Cibus
1126 5416 1303 5462 autem
1345 5411 1435 5465 ille
1465 5420 1690 5466 mertetn
1733 5413 1937 5467 homini
1970 5415 2195 5483 peperit.

635 5498 807 5567 Atque
839 5499 925 5552 hic
955 5496 1054 5551 fuit
1102 5499 1168 5561 is,
1199 5499 1263 5554 de
1325 5517 1432 5571 quo
1460 5501 1804 5569 disserimus,
1855 5507 2198 5574 promiscuus

2305 4506 2466 4560 καλὸν
2494 4505 2553 4568 τὸ
2576 4504 2726 4570 ξύλον
2748 4507 2824 4569 είς
2847 4506 3045 4576 βρῶσιν
3087 4512 3176 4564 καὶ
3202 4509 3281 4561 ὅτι
3306 4510 3589 4580 ἀρεστὸν
3616 4513 3761 4573 τοῖς
3791 4513 3880 4577 ὀςρ

2307 4601 2424 4668 μοῖς
2455 4598 2602 4658 ἰδεῖν.
2631 4595 2720 4650 καί
2751 4598 2950 4667 ὡραῖόν
2977 4601 3091 4650 ἐστι
3124 4599 3215 4651 τοῦ
3245 4603 3664 4670 κατανοῆσαι
3699 4620 3712 4631 ·
3741 4604 3888 4654 »καί

2303 4689 2471 4742 δοῦσα
2505 4690 2598 4742 τοῦ
2618 4689 2830 4760 καρποῦ
2859 4691 3022 4743 αὑτοῦ
3047 4691 3263 4759 ἔφαγεν.
3297 4693 3368 4744 Ἠ
3408 4693 3483 4745 δὲ
3528 4693 3802 4762 βρῶσις
3829 4696 3888 4744 ἐι

2304 4780 2534 4834 θανάτου
2575 4783 2754 4851 μήτηρ
2781 4783 2891 4843 τοῖς
2925 4781 3230 4852 ἀνθρώποις
3255 4783 3556 4850 γέγονεν.
3593 4783 3800 4845 Λῦτη
3843 4801 3882 4833 τ

2303 4873 2337 4942 ἡ
2375 4871 2676 4942 σύμμικτος
2707 4875 2820 4925 ἐστι
2855 4873 3220 4944 καρποφορία,
3257 4873 3482 4940 σαφῶς
3518 4873 3649 4925 τοῦ
3703 4873 3882 4940 λὸγο

2304 4964 2427 5017 νοῦν
2451 4963 2863 5034 ἐρμηνεύοντος,
2893 4965 3013 5017 καθ’
3049 4963 3106 5016 ὃν
3139 4962 3301 5016 καλοῦ
3335 4983 3406 5016 τε
3454 4967 3588 5017 καὶ
3630 4965 3878 5017 κακοῦ

2306 5056 2427 5108 στὸν
2455 5055 2743 5126 ὠνομάσθη
2776 5055 2836 5106 τὸ
2863 5054 3016 5119 ξύλον
3044 5055 3237 5119 ἐκεῖνο,
3269 5057 3358 5107 ὅτι
3403 5055 3608 5124 κατὰ
3648 5054 3790 5125 τὴν
3823 5056 3888 5106 τὲ

2304 5146 2573 5217 λητηρίων
2599 5148 2791 5199 κακίαν
2813 5145 2918 5197 τῶν
2941 5144 3418 5214 παραρτυθέντων
3458 5145 3570 5214 τῷ
3599 5146 3882 5215 μέλιτι,

2309 5223 2870 5305 μὲνᾶαταγλυκαίνει
2920 5235 3018 5304 τὴν
3045 5233 3323 5302 αἴσθησιν,
3353 5234 3586 5288 καλὸν
3639 5231 3837 5288 εἶναι

2305 5325 2439 5380 καθὸ
2467 5325 2522 5376 δὲ
2548 5325 2754 5396 φθείρει
2813 5325 2904 5377 τὸν
2952 5327 3450 5396 προσαπτὸμενον,
3510 5327 3762 5380 κοικοῦ
3847 5346 3865 5378 ς

2307 5417 2530 5487 ἔσχατον
2564 5418 2790 5486 γίνεται.
2831 5417 2982 5472 Ἐπεὶ
3033 5414 3125 5472 οὖν
3171 5420 3484 5488 ἐνήργησε
3540 5418 3746 5472 κατὰ
3789 5419 3858 5470 τί

2305 5507 2587 5580 ἀνθρώπου
2621 5509 2763 5580 ζωῆς
2795 5510 2856 5564 τὸ
2893 5511 3124 5583 πονηρὸν
3165 5511 3556 5583 δηλητήριον
3594 5527 3612 5540 ·
3657 5511 3836 5562 τότε

701 5673 748 5705 τε
784 5673 951 5731 Exod.
979 5693 1143 5744 xxxv,
1172 5679 1254 5732 {2.
1330 5679 1376 5711 "
1417 5679 1608 5737 Matth.
1641 5697 1739 5750 vn,
1767 5681 1857 5737 23.
1933 5685 1979 5716 ”
2019 5685 2154 5741 Gen.
2181 5700 2260 5750 ut,
2293 5683 2347 5740 6.
