4088 6210
268 270 367 325 2M

1526 259 1615 315 DE
1653 257 1937 315 HOMINIS
1973 257 2284 316 OPlFlCIO.

3423 259 3532 314 202

264 385 512 460 θρωπος,
534 383 595 436 τδ
613 382 758 454 μέγα
793 382 889 436 καὶ
915 381 1150 452 πρᾶγμα
1165 379 1258 432 καὶ
1287 377 1479 448 ὄνομα,
1498 365 1560 430 τὸ
1586 379 1686 448 τῆς
1702 378 1852 440 Θείας

1959 377 2214 433 fructus:
2265 377 2670 432 declarantibus
2728 376 3013 447 perspicue
3060 375 3280 432 Litteris
3331 376 3530 439 sacris.

273 475 491 540 φύσεως
520 475 910 544 ἀπικὸνισμα,
938 475 1006 543 τῇ
1043 471 1382 541 ματαιότητι,
1414 469 1595 533 καθώς
1634 486 1797 540 φησιν
1824 471 1853 522 ὁ

266 554 587 632 Προφήτης,
602 553 884 627 ὡμοιώθη.
959 562 1167 616 Οὐκοῦν
1193 563 1226 630 ή
1256 562 1353 631 μὲν
1394 559 1558 615 εἰκὼν
1605 561 1742 632 πρὸς
1791 559 1852 612 τὺ

264 658 521 727 κρεῖττον
564 654 670 708 τῶν
713 657 773 708 ὲν
804 655 939 724 ἡμῖν
991 654 1294 725 νοουμένων
1334 652 1637 722 ᾠκείωται·
1680 653 1748 706 τὰ
1771 653 1850 718 δὲ,

261 753 372 806 ὅσα
407 749 536 818 περὶ
585 747 676 801 τδν
709 747 825 818 βίον
851 746 1073 818 λυπηρά
1101 764 1162 799 τε
1189 747 1284 800 καὶ
1311 745 1490 809 ἄθλια,
1525 745 1714 818 πόρρω
1753 747 1852 817 τῆς

262 841 408 910 πρὸς
436 839 500 891 τὸ
528 835 679 891 θεῖόν
707 840 857 890 ἐστιν
883 837 1214 907 ὁμοιώσεως.
1501 863 1512 876 ο

1958 486 2070 542 quo
2097 485 2262 526 sensu
2291 470 2500 540 lignum
2531 472 2635 525 hoc
2653 469 2898 526 scientia:
2929 469 3058 524 boui
3093 478 3148 525 et
3175 469 3303 524 mali
3340 469 3530 540 appel-

1959 561 2146 616 larint.
2186 561 2418 618 Perinde
2448 563 2720 626 videlicet,
2748 570 2912 632 atque
2941 576 3150 616 venena
3189 562 3346 616 melle
3399 577 3533 616 con-

1957 654 2092 717 dita,
2120 669 2225 723 qua
2247 655 2434 710 sensui
2457 655 2529 710 ob
2559 653 2952 709 dulcitudinem
2975 662 3129 724 grata
3156 664 3303 714 sunt,
3328 653 3531 706 bonum
3573 710 3576 717 _

1957 745 2214 814 quiddam
2254 761 2420 801 esse:
2452 762 2556 815 qua
2591 762 2719 800 vero
2752 755 2990 800 utentem
3028 746 3368 809 interimunt,
3414 758 3532 796 ma-
3585 751 3587 754 ‘

1957 837 2135 890 lorum
2162 838 2404 891 omnium
2429 846 2668 892 extrema
2699 845 3013 892 censentur.
3046 836 3160 892 Hoc
3184 837 3351 907 igitur
3381 852 3530 890 vene-

262 949 401 988 num
461 933 868 1003 quamprimum
914 931 1149 986 hominis
1193 930 1364 986 vitam
1417 929 1677 985 tentando
1730 931 1898 996 lmsit,
1960 930 2282 998 prmclarum
2341 932 2479 986 illud
2541 931 2778 985 hominis
2845 929 3254 1000 opiliciumlac
3312 942 3532 991 nomen,

263 1026 517 1096 adeoque
558 1025 761 1081 divina;
802 1035 1014 1082 natura:
1057 1025 1437 1089 simulacrum,
1478 1025 1759 1088 vanitatis,
1803 1023 2260 1094 quemadmodum
2303 1022 2464 1076 Vates
2503 1025 2833 1095 loquitur",
2889 1025 3300 1080 similitudinem
3335 1022 3534 1076 induit.

262 1120 458 1190 Itaque
482 1121 596 1190 jam
641 1122 822 1190 imago
845 1122 911 1175 ad
945 1129 1128 1191 partes
1161 1121 1216 1174 in
1259 1121 1418 1176 nobis
1458 1121 1866 1190 pmstantiores
1895 1119 2179 1173 referenda
2209 1130 2309 1174 est.
2361 1119 2708 1189 Quaecunque
2752 1127 2930 1174 autem
2964 1119 3192 1173 molesta
3236 1118 3288 1171 in
3321 1116 3450 1180 vita,
3480 1120 3537 1168 et

260 1212 452 1266 tristia
489 1211 766 1274 accidunt,
804 1211 962 1280 longe
995 1211 1202 1264 scilicet
1228 1224 1259 1263 a
1305 1210 1663 1265 similitudine
1702 1218 1911 1264 natura:
1944 1209 2142 1265 divinae
2172 1212 2414 1280 separari
2449 1212 2664 1265 debent.

772 1321 1169 1376 ΚΕΦΑΛΑΙΟΝ
1226 1323 1334 1376 ΚΑ⁹
1346 1357 1362 1375 .

262 1441 405 1492 Ὀτι
457 1441 493 1506 ἡ
545 1437 890 1506 ἀνάστασις
919 1437 989 1489 οὐ
1008 1437 1303 1490 τοσοῦτον
1323 1436 1390 1490 ἐκ
1421 1437 1526 1490 τοῦ
1562 1438 1853 1504 κηρύγμα-

346 1528 448 1574 τος
467 1505 573 1562 tot)
597 1505 926 1576 Fpagptxof),
966 1506 1118 1560 ὅσον
1144 1506 1212 1570 ἐξ
1237 1506 1428 1576 αὐτῆς
1451 1506 1559 1573 τῆς
1584 1506 1851 1576 ἀνάγκης

341 1578 461 1633 τῶν
489 1575 849 1646 πραγμάτων
875 1577 1219 1642 ἀκολούθως
1255 1575 1566 1636 ἐλπίζεται.

354 1671 494 1724 Ἀλλ’
549 1670 645 1737 οὐχ
695 1666 867 1729 οὕτως
919 1667 1066 1719 ἐστὶν
1095 1667 1314 1736 ἰσχυρὸν
1351 1669 1384 1737 ἡ
1417 1668 1604 1730 κακία,
1645 1667 1719 1730 ὼς
1753 1668 1851 1737 τῆς

259 1761 487 1829 ἀγαθῆς
540 1757 902 1828 ὑπερισχύσαι
936 1756 1215 1826 δυνάμεως
1240 1772 1255 1786 ο
1309 1756 1428 1808 οὐδὲ
1469 1757 1727 1828 κρείττων
1759 1759 1851 1812 καὶ

264 1851 624 1923 μονιμωτέρα
670 1852 766 1918 τῆς
823 1845 959 1900 Θεοῦ
1011 1846 1202 1915 σοφίας
1241 1847 1403 1918 ὴτῆς
1455 1849 1669 1915 φύσεως
1697 1849 1850 1919 ἡμῶν

262 1943 531 1997 ἀϐουλία.
557 1939 686 1992 Οὐδὲ
704 1937 810 2008 γάρ
839 1938 957 1988 ἐστι
985 1935 1208 1989 δυνατὸν
1230 1935 1291 1988 τὸ
1320 1935 1654 2006 τρεπόμενόν
1680 1953 1736 1988 τε
1760 1937 1852 1989 καὶ¹

263 2032 678 2102 ἀλλοιούμενον,
711 2028 800 2083 τοῦ
852 2029 940 2081 ἀεὶ
993 2027 1252 2090 ὡσαύτως
1298 2026 1532 2096 ἔχοντος,
1566 2027 1659 2079 καὶ
1687 2028 1744 2079 ὲν
1775 2026 1853 2097 τῷ

262 2124 471 2194 ἀγαθῷ
494 2121 810 2191 πεπηγότος,
843 2118 1300 2190 ὲπικρατέστερόν
1326 2134 1384 2168 τε
1415 2118 1507 2170 καὶ
1538 2117 1855 2187 μονιμώτε-

264 2236 371 2288 ρον
398 2213 536 2268 εἶναι
564 2232 577 2244 ·
602 2213 714 2266 ἀλλ’
756 2213 790 2282 ἡ
827 2211 925 2280 μὲν
955 2209 1072 2262 Θεία
1100 2208 1262 2279 βουλὴ
1303 2209 1478 2278 πάντη
1512 2224 1570 2260 τε
1601 2207 1695 2260 καὶ
1721 2206 1855 2259 πάν-

259 2327 380 2372 τως
403 2309 466 2360 τὸ
497 2305 828 2376 ἀμετάθετον
864 2303 998 2373 εχει,
1025 2302 1085 2363 τὸ
1135 2301 1190 2353 δὲ
1237 2299 1470 2370 ’πρεπτὸν
1499 2299 1600 2368 τῆς
1642 2298 1855 2368 φύσεως

259 2406 293 2471 ἠ
305 2402 429 2472 μῶν
479 2399 600 2450 οὐδὲ
657 2399 714 2450 ἐν
746 2395 826 2466 τῷ
879 2392 1034 2464 κακῷ
1080 2393 1274 2460 πάγιον
1311 2391 1480 2462 μένει.
1517 2390 1589 2442 Τὸ
1628 2389 1738 2459 γὰρ
1769 2387 1856 2440 ἀεὶ

261 2495 492 2554 πάντως
539 2489 880 2560 κινούμενον,
925 2488 973 2538 εί
1017 2485 1114 2556 μὲν
1146 2485 1280 2556 πρὸς
1316 2483 1378 2536 τὸ
1412 2482 1576 2536 καλὸν
1613 2481 1724 2552 ἔχοι
1757 2479 1854 2550 τὴν

261 2587 518 2658 πρόοδον,
567 2584 654 2638 διὰ
679 2583 740 2634 τὸ
771 2582 1016 2652 ἀόριστον
1037 2578 1130 2631 τοῦ
1153 2575 1582 2646 διεξοδευομένου
1601 2572 1857 2642 πράγμα-

257 2697 361 2741 τος
395 2677 654 2730 οὐδέποτε
693 2673 844 2744 λήξει
888 2673 990 2740 τῆς
1031 2671 1124 2723 ἐπὶ
1154 2667 1223 2722 τὰ
1257 2668 1446 2738 πρόσω
1477 2667 1670 2737 φορᾶς.
1721 2662 1856 2717 Οὐδὲ

259 2771 378 2838 γὰρ
405 2768 631 2839 εὑρήσει
659 2763 989 2834 ζητουμένου
1021 2761 1195 2832 πέρας
1228 2759 1397 2819 οὐδὲν,
1421 2751 1484 2810 οὗ
1519 2755 1857 2828 δραξάμενον

262 2859 528 2928 στήσεταί
567 2873 697 2908 ποτε
723 2855 823 2924 τῆς
867 2855 1154 2924 κινήσεως.
1183 2852 1246 2904 Εἰ
1270 2851 1326 2904 δὲ
1360 2851 1496 2922 πρὸς
1525 2850 1585 2903 τὸ
1617 2850 1857 2903 ἐναντίον

257 2953 364 3023 τὴν
637 2947 812 3017 σχοίη,
855 2945 1078 2998 ἐπειδὰν
1118 2943 1345 3015 διανύσῃ
1385 2944 1484 3013 τῆς
1523 2943 1720 3005 κακίας
1767 2942 1858 2995 τὸν

2537 1323 2763 1378 CAPUT
2803 1323 2946 1378 XXI.

1957 1433 2403 1492 Resurrectionem
2435 1455 2499 1492 ex
2547 1440 2766 1491 mortuis
2819 1455 2919 1490 non
2952 1447 3060 1490 tam
3098 1447 3308 1506 propter
3338 1439 3537 1504 pra'dt-

2024 1508 2246 1560 ctionem
2280 1507 2599 1561 Litterarum
2641 1525 2947 1567 sacrarunt,
2979 1525 3138 1576 quam
3179 1509 3537 1562 necessarium

2027 1593 2201 1629 rerum
2232 1579 2469 1630 ordinent
2500 1581 2712 1631 cumino
2734 1579 3140 1644 exspectandam
3167 1594 3299 1632 esse.

2024 1667 2503 1724 Verumenimvero
2560 1685 2667 1722 non
2712 1677 2928 1722 tantum
2958 1669 3086 1722 mali
3137 1670 3305 1724 robur
3331 1678 3437 1732 est,
3473 1678 3536 1723 ut

1954 1758 2059 1810 vim
2086 1757 2212 1811 boni
2266 1758 2437 1826 possit
2474 1773 2824 1827 exsuperare,
2873 1773 3050 1828 neque
3093 1766 3301 1812 naturae
3328 1758 3536 1826 impru—

1953 1848 2155 1910 dentia,
2192 1847 2280 1902 Dei
2305 1856 2388 1904 est
2415 1850 2681 1918 sapientia
2706 1849 2789 1903 vel
2827 1849 3024 1918 potior,
3056 1849 3138 1902 vel
3166 1849 3530 1902 constantior.

1956 1940 2097 1995 Fieri
2146 1940 2290 1993 enim
2331 1956 2440 1994 non
2477 1949 2675 2009 patest,
2737 1950 2792 1994 ut
2845 1941 2991 2010 quod
3044 1941 3256 1994 vicibus
3305 1941 3535 1995 alternis

1953 2037 2342 2092 commutatur,
2383 2031 2475 2083 illo
2534 2030 2743 2085 lirmius
2819 2044 2881 2084 ac
2935 2031 3239 2084 durabilius
3281 2031 3533 2094 exsistat,

1953 2120 2098 2189 quod
2134 2135 2350 2189 semper
2394 2119 2586 2174 eodem
2641 2120 2804 2174 modo
2856 2119 3134 2185 affectum,
3183 2121 3350 2190 inque
3391 2122 3536 2176 bono

1955 2213 2121 2265 leum
2153 2225 2216 2264 ac
2243 2211 2436 2266 stabile
2460 2220 2563 2276 est,
2597 2226 2720 2264 nam
2745 2211 2838 2266 Dei
2875 2212 3162 2266 consilium
3199 2212 3254 2266 in
3281 2213 3536 2268 omnibus

1957 2304 2120 2358 rebus
2186 2311 2446 2373 perpetuo
2514 2303 3010 2358 immutabilitatem
3063 2319 3215 2358 suam
3267 2305 3462 2359 retinet
3518 2323 3531 2360 :

1957 2403 2142 2448 nostra
2171 2409 2298 2448 vero
2317 2402 2511 2447 natura
2530 2396 2922 2450 mutationibus
2943 2395 3198 2461 obnoxia,
3223 2412 3290 2450 ne
3311 2396 3365 2450 in
3395 2396 3537 2449 malo

1956 2486 2178 2556 quidem
2234 2492 2551 2540 constanter
2615 2486 2878 2556 persistit.
2942 2487 3098 2553 Quod
3129 2488 3275 2542 enim
3321 2504 3538 2558 semper

1958 2588 2227 2646 movetur,
2258 2580 2302 2634 si
2330 2579 2548 2647 quidem
2575 2578 2641 2631 ad
2680 2579 2883 2632 bonum
2913 2580 3279 2649 progreditur,
3316 2590 3538 2650 propter

1959 2672 2132 2743 ipsius
2158 2671 2256 2736 rei,
2289 2686 2456 2740 quam
2487 2671 2652 2725 veluti
2683 2686 2976 2741 peragrare
3000 2680 3250 2736 conatur,
3296 2672 3538 2726 inﬁnita-

1958 2775 2089 2829 tem,
2125 2781 2402 2834 nunquam
2465 2764 2695 2817 ulterius
2726 2763 3055 2818 contendere
3094 2763 3315 2818 desinit.
3351 2762 3540 2835 Neque

1959 2857 2104 2912 enim
2136 2855 2268 2910 boni
2307 2862 2504 2908 metam
2542 2855 2706 2908 ullam
2741 2854 2979 2909 inveniet
3015 2869 3030 2906 :
3061 2870 3225 2924 quam
3280 2855 3372 2910 ubi
3404 2872 3535 2911 con-

1961 2950 2165 3020 tigerit,
2199 2963 2230 3001 a
2277 2955 2428 3002 motu
2461 2947 2551 3002 ﬁat
2586 2948 2817 3002 institio.
2858 2945 2952 3000 Sin
3003 2947 3274 3002 diversam
3317 2950 3372 3002 in
3411 2965 3536 3018 par-

257 3043 500 3115 δρόμον,
557 3039 654 3092 καὶ
710 3039 802 3090 ἐπὶ
849 3039 911 3090 τὸ
967 3036 1264 3106 ἀκρότατον
1301 3035 1396 3088 τοῦ
1442 3033 1613 3088 κακοῦ
1657 3034 1852 3105 μέτρον

1959 3053 2062 3097 tem
2133 3039 2470 3097 deﬂectendo
2529 3048 2751 3111 perget,
2814 3040 2905 3094 ubi
2973 3055 3196 3095 cursum
3257 3041 3383 3094 mali
3441 3041 3538 3096 ab-

259 3138 534 3205 &;€xq':at
561 3149 575 3162 ·
606 3132 725 3184 τότε
777 3131 837 3182 τδ
884 3130 981 3200 τῆς
1020 3129 1196 3199 ὁρμῆς
1254 3127 1560 3196 ἀεικίνητον
1599 3125 1854 3195 οὐδεμίαν

257 3231 327 3279 ἐκ
381 3225 601 3292 φύσεως
661 3221 851 3274 στάσιν
897 3220 1171 3288 εὑρίσκον,
1221 3217 1441 3270 ἐπειδὰν
1494 3217 1764 3288 διαδράμῃ
1795 3215 1855 3268 τὸ

256 3321 320 3373 ἑν
361 3316 532 3386 κακία
556 3315 850 3383 διάστημα,
883 3313 1001 3364 κατ’
1033 3311 1277 3378 ἀνάγκην
1307 3309 1398 3360 ἐπὶ
1423 3307 1484 3360 τὸ
1507 3306 1710 3375 ἀγαθὸν
1739 3307 1858 3377 τρέ-

262 3425 364 3460 πει
393 3407 496 3476 τὴν
539 3405 772 3473 κίνησιν.
836 3401 922 3471 Μὴ
950 3402 1059 3470 γὰρ
1108 3398 1404 3469 προϊούσης
1446 3398 1642 3459 κακίας
1671 3397 1763 3449 ἐπὶ
1795 3396 1856 3448 τὸ

260 3500 545 3567 ἀόριστον,
608 3495 721 3548 ἀλλ’
769 3493 1087 3561 ἀναγκαίοις
1139 3492 1338 3562 πέρασι
1385 3489 1850 3558 κατειλημμένης,

261 3589 632 3657 ἀκολούθωςὴ
653 3587 746 3639 τοῦ
764 3585 968 3653 ἀγαθοῦ
995 3583 1212 3653 διαδοχὴ
1237 3583 1299 3634 τὸ
1326 3582 1498 3652 πέρας
1527 3581 1625 3650 τῆς
1658 3579 1856 3642 κακίας

265 3683 578 3752 ἐκδέχεται.
612 3681 722 3732 Καὶ
770 3678 934 3738 οὕτω,
970 3674 1154 3738 καθὼς
1191 3675 1424 3744 εἴρηται,
1455 3674 1516 3725 τὸ
1550 3673 1856 3741 ἀεικίνητον

263 3773 430 3843 ἡμῶν
485 3771 588 3841 τῆς
638 3769 852 3838 φύσεως
911 3766 1072 3822 πάλιν
1133 3764 1363 3817 ὕστατον
1397 3764 1489 3816 ἐπὶ
1518 3764 1614 3834 τὴν
1649 3762 1856 3833 ἀγαθὴν

262 3864 565 3934 ἀνατρέχει
600 3861 846 3932 πορείαν,
896 3861 960 3929 τῇ
989 3859 1178 3928 μνήμῃ
1210 3857 1320 3910 τῶν
1350 3855 1855 3926 προδεδυστυχημέ-

263 3972 382 4008 νων
411 3954 548 4022 πρὸς
573 3954 634 4004 τὺ
671 3952 746 4022 μὴ
789 3950 950 4004 πάλιν
986 3949 1250 4002 ὲναλῶναι
1283 3950 1396 4012 τοῖς
1427 3949 1562 4009 ίσοις
1589 3963 1856 4015 σωφρονι-

263 4047 523 4114 ζόμενον.
547 4041 758 4095 Οὐκοῦν
778 4041 927 4094 ἔσται
953 4040 1113 4093 πάλιν
1133 4042 1191 4094 έν
1211 4038 1396 4100 καλοῖς
1426 4040 1454 4089 ὀ
1479 4038 1677 4108 δρόμος
1703 4039 1855 4107 ἡμῖν,

262 4137 360 4189 διὰ
395 4136 453 4188 τὺ
494 4135 726 4203 πέρασιν
773 4131 1093 4200 ἀναγκαίοις
1137 4130 1497 4202 περιωρίσθαι
1527 4131 1627 4200 τῆς
1657 4130 1858 4190 κακίας

263 4232 374 4300 τὴν
407 4227 590 4295 φύσιν.
624 4224 892 4295 Καθάπερ
928 4223 1038 4294 γὰρ
1067 4225 1114 4276 oi
1163 4223 1322 4276 δεινοὶ⁹
1360 4223 1428 4275 τὰ
1466 4224 1732 4294 μετέῳρα,
1764 4220 1856 4274 τοῦ

268 4322 378 4392 μὲν
427 4320 609 4388 φωτὸς
664 4318 838 4371 πάντα
881 4316 1100 4385 λέγουσι
1146 4317 1238 4368 τὸν
1284 4315 1485 4384 κόσμον
1518 4309 1656 4367 εἶναι
1685 4302 1857 4366 κατά-

1955 3137 2198 3200 solverit,
2261 3143 2314 3190 et
2357 3135 2423 3188 ad
2479 3134 2599 3203 ejus
2660 3142 2962 3189 extremum
3014 3135 3359 3202 pervenerit,
3421 3140 3536 3188 tum

1956 3227 2166 3281 scilicet
2218 3224 2453 3295 impetus
2499 3225 2614 3294 ipse
2686 3223 2926 3293 perpetui
2988 3231 3188 3288 motus,
3257 3239 3380 3277 cum
3439 3237 3538 3276 na-

1956 3329 2080 3371 tura
2108 3333 2206 3372 sua
2241 3317 2450 3369 nullam
2479 3315 2780 3385 requietem
2809 3315 3077 3377 inveniat,
3113 3330 3374 3383 percurso
3408 3316 3536 3368 mali

1957 3408 2136 3464 stadio
2157 3422 2383 3462 necesse
2412 3415 2498 3462 est
2527 3407 2594 3460 ad
2615 3408 2816 3460 bonum
2853 3406 3096 3460 vicissim
3137 3420 3258 3461 sese
3309 3423 3537 3461 conver-

1957 3509 2052 3554 tat.
2093 3499 2292 3553 Malum
2344 3500 2488 3552 enim
2539 3514 2660 3552 cum
2716 3513 3058 3567 nequaquam
3112 3498 3184 3552 sit
3238 3500 3534 3562 inlinitum,

1965 3591 2058 3647 sed
2081 3591 2247 3645 certis
2282 3589 2610 3659 quibusdam
2636 3588 2836 3642 ﬁnibus
2857 3589 3189 3657 descriptum
3227 3605 3240 3640 :
3274 3594 3537 3659 consequi

1958 3698 2182 3738 necesse
2201 3689 2305 3745 est,
2330 3690 2389 3735 ut
2414 3680 2539 3734 mali
2560 3687 2862 3734 extremum
2883 3679 3011 3733 boni
3033 3682 3381 3735 successione
3403 3698 3528 3736 conv

1959 3777 2219 3830 tinuetur.
2245 3775 2451 3843 Itaque,
2483 3780 2542 3826 ut
2564 3782 2648 3827 est
2685 3771 3006 3835 indicatum,
3038 3781 3296 3840 perpetua
3329 3780 3538 3826 natura:

1960 3875 2166 3922 nostra:
2195 3866 2364 3920 motio
2391 3863 2610 3918 tandem
2655 3861 2950 3933 aliquando
2983 3861 3050 3915 ad
3089 3863 3190 3917 iter
3223 3863 3426 3917 bonum
3452 3880 3538 3918 rc—

1961 3965 2222 4023 vettetur,
2255 3957 2556 4026 castigante
2605 3970 2707 4011 nos
2748 3954 3013 4008 memoria
3071 3955 3310 4024 priorum
3333 3970 3535 4010 atrum-

1959 4065 2176 4113 narum,
2205 4058 2264 4102 ut
2289 4049 2435 4103 omni
2463 4047 2645 4102 studio
2673 4061 2986 4111 caveamus,
3043 4061 3110 4100 ne
3174 4047 3228 4099 in
3287 4048 3537 4102 miserias

1960 4141 2274 4196 consimiles
2333 4139 2661 4193 recidamus.
2719 4136 3076 4191 Versabimur
3122 4137 3288 4205 igitur
3341 4151 3536 4191 rursus

1961 4232 2256 4302 aliquando
2308 4232 2435 4286 boni
2487 4230 2540 4282 in
2599 4227 2893 4290 curriculo,
2937 4227 3154 4294 quando
3180 4234 3391 4281 certum
3451 4241 3536 4284 est

1964 4323 2090 4376 mali
2118 4330 2368 4376 naturam
2397 4319 2722 4374 necessariis
2756 4317 3081 4386 quibusdam
3140 4318 3386 4374 terminis
3414 4318 3536 4374 lini-

265 4412 476 4473 πλεων,
514 4412 574 4463 es
596 4411 654 4463 δὲ
689 4409 878 4471 σκότος
899 4411 964 4479 τῇ
1001 4407 1315 4478 ἀντιφράξει
1333 4406 1428 4460 τοῦ
1464 4406 1607 4459 κατὰ
1640 4405 1736 4476 τὴν
1752 4405 1855 4474 γῆν

1963 4422 2072 4467 tam
2107 4429 2246 4468 esse.
2273 4409 2739 4476 Quemadmodum
2767 4411 2912 4464 enim
2945 4409 3193 4464 homines
3229 4425 3408 4464 rerum
3441 4428 3536 4466 su-

268 4503 530 4572 σώματος
570 4499 1035 4568 ἀποακιαζόμενον
1088 4497 1517 4568 γίνεσθαι-(ἀλλά
1559 4496 1717 4550 τοῦτο
1757 4495 1857 4566 μὲν

265 4597 416 4649 κατὰ
477 4596 537 4647 τὸ
592 4594 777 4664 σχῆμα
827 4592 922 4645 τοῦ
991 4592 1363 4665 σφαιροειδοῦς
1403 4593 1672 4662 σώματος,
1715 4589 1858 4642 κατᾶ

266 4687 445 4739 νώτου
480 4685 579 4754 τῆς
603 4683 834 4753 ἡλιακῆς
867 4684 1080 4745 ἀκτῖνος
1097 4682 1394 4745 κωνοειδῶς
1416 4679 1851 4746 κατακλείεσθαι,

261 4782 362 4833 τὸν
392 4779 451 4831 δὲ
473 4778 623 4846 ἥλιον
647 4776 1066 4829 πολλαπλασίονι
1089 4774 1164 4844 τῷ
1194 4775 1410 4846 μεγέθει
1429 4776 1528 4846 τὴν
1555 4775 1658 4844 γῆν
1681 4776 1854 4843 ὑπερ-

264 4869 566 4929 δὰλλοντα,
619 4865 951 4935 πανταχόθεν
974 4867 1145 4936 αὐτὴν
1187 4869 1306 4929 ταῖς
1338 4868 1547 4920 ἀκτῖσιν
1579 4867 1636 4918 ὲν
1671 4866 1854 4937 κύκλῳ

263 4959 806 5030 περιπτυσσόμενοι),
838 4960 1128 5011 συνάπτειν
1158 4958 1301 5010 κατὰ
1327 4959 1386 5010 τὸ
1419 4962 1589 5028 πέρας
1615 4958 1710 5010 τοῦ
1749 4958 1843 5011 κώ·

203 5037 210 5042 .
267 5069 366 5102 νου
407 5049 510 5110 τὰς
542 5047 636 5100 τοῦ
673 5048 850 5115 φωτὸς
899 5046 1193 5116 συμϐολὰς,
1246 5047 1384 5099 ὥστε
1424 5045 1545 5098 καθ’
1576 5044 1854 5108 ὑπόθεσιν,

265 5145 317 5195 εξ
347 5140 561 5209 γένοιτό
596 5157 704 5190 τινι
732 5137 960 5207 δύναμις
1013 5137 1261 5207 διαϐῆναι
1290 5137 1348 5189 τὸ
1385 5137 1602 5208 μέτρον,
1636 5138 1714 5199 είς
1733 5136 1858 5188 ὅσον

268 5236 578 5287 ἐκτείνεται
609 5235 642 5302 ἡ
677 5230 826 5292 σκιὰ,
860 5231 1076 5293 παντως
1127 5231 1192 5283 ἂν
1227 5231 1284 5281 έν
1323 5231 1460 5298 φωτὶ
1491 5229 1740 5297 γενέσθαι
1783 5228 1858 5298 μὴ

266 5325 690 5392 διακοπτομένῳ
712 5322 816 5374 ὑπὸ
834 5322 927 5374 τοῦ
959 5323 1203 5389 σκότους)
1227 5340 1240 5352 ι
1265 5322 1437 5385 οὕτως
1462 5318 1614 5391 οἶμαι
1644 5321 1755 5373 δεῖν
1773 5323 1867 5374 καὶ

272 5416 410 5483 περί
464 5412 624 5483 ἡμῶν
685 5411 1034 5477 διανοεῖσθαι,
1094 5413 1176 5465 ὅτι
1239 5412 1598 5476 διεξελθόντες
1633 5411 1724 5462 τὸν
1766 5411 1865 5480 τῆς

275 5521 484 5568 una;
533 5506 681 5575 ὅρον,
727 5505 946 5558 ἐπειδὰν
999 5507 1056 5560 ἐν
1093 5505 1171 5576 τῷ
1221 5505 1378 5575 ἄκρῳ
1418 5502 1703 5573 γενώμεθα
1760 5503 1858 5569 τῆς

355 5680 563 5733 “Psai.
622 5697 807 5747 cunt,
852 5684 902 5738 3.

614 5771 876 5835 Ρλτιιυι..
921 5774 1036 5836 Gn.
1075 5768 1308 5838 XLIV.

1966 4521 2063 4574 pra
2089 4519 2190 4559 nos
2235 4503 2610 4573 apparentium
2657 4503 2814 4571 periti
2865 4501 3104 4566 tradunt,
3137 4501 3397 4556 mundum
3421 4507 3538 4557 uni-

1965 4611 2180 4651 versum
2213 4596 2347 4649 lucis
2379 4595 2597 4664 plenum
2631 4609 2775 4660 esse;
2795 4595 3050 4648 tenebras
3082 4609 3207 4647 vero
3239 4594 3355 4648 ﬁeri
3388 4595 3534 4649 alIir-

1965 4693 2115 4740 mant
2147 4702 2212 4740 ex
2240 4686 2429 4739 umbra
2454 4685 2652 4739 terreni
2684 4684 2932 4754 corporis
2964 4685 3298 4739 obverteutis
3321 4701 3380 4740 se
3408 4688 3534 4754 soli,

1962 4792 2084 4831 cum
2119 4776 2335 4846 quidem
2362 4776 2429 4829 ab
2477 4776 2624 4830 illius
2663 4776 2877 4830 radiisa
2901 4784 3052 4845 tergo
3085 4778 3382 4831 secundum
3423 4777 3536 4832 for-

1964 4883 2107 4922 mam
2141 4868 2358 4921 rotundi
2381 4869 2628 4937 corporis
2657 4868 2845 4921 umbra
2871 4868 3043 4922 instar
3069 4869 3192 4922 coni
3224 4870 3531 4924 claudatur.

1964 4959 2057 5014 Sol
2087 4960 2251 5022 enim,
2278 4975 2400 5012 cum
2437 4959 2621 5014 multis
2651 4959 2896 5026 partibus
2931 4971 3070 5019 terra
3107 4962 3279 5029 major
3307 4961 3378 5014 sit
3428 4977 3532 5015 un-

1961 5055 2124 5121 dique
2160 5052 2327 5106 radiis
2359 5067 2476 5105 eam
2509 5051 2623 5104 suis
2649 5051 2950 5119 amplexus,
2985 5051 3039 5103 in
3098 5059 3342 5106 extremo
3392 5067 3535 5107 cono

1961 5147 2134 5201 lucem
2183 5154 2464 5199 coeuntem
2515 5159 2705 5198 rursus
2739 5144 2894 5212 quasi
2929 5145 3223 5198 connectit.
3271 5145 3456 5214 Itaque
3485 5148 3532 5202 si

1965 5235 2078 5289 ﬁeri
2127 5242 2311 5305 posset
2341 5233 2525 5302 (posse
2571 5239 2774 5294 autem,
2825 5233 3055 5287 docendi
3098 5247 3264 5288 causa
3299 5235 3528 5298 scilicet,

1963 5325 2285 5394 statuamus)
2323 5332 2381 5377 ut
2410 5325 2533 5393 quis
2562 5323 2806 5376 umbram
2844 5323 3151 5377 universam
3197 5332 3527 5392 penetraret,

1960 5416 2008 5470 is
2043 5416 2258 5470 tandem
2297 5415 2349 5468 in
2385 5416 2560 5468 lucem
2595 5414 2919 5483 perveniret,
2952 5429 3125 5482 neque
3158 5415 3264 5466 ulla
3295 5430 3420 5466 eum
3461 5427 3529 5466 est

1963 5512 2112 5572 parte
2146 5503 2382 5558 tenebrae
2413 5504 2807 5572 contingerent.
2867 5501 2955 5555 Sic
2989 5509 3042 5556 et
3070 5501 3138 5554 de
3170 5500 3325 5554 nobis
3377 5496 3534 5565 cogi-

3183 5765 3222 5823 ’2
