4088 6210
317 158 429 218 209

1608 162 1698 222 DE
1723 161 2024 225 'llOMINI’S
2063 168 2358 225 OHFIUIO
2380 210 2390 221 .

3480 175 3585 228 2I0

320 276 473 341 σίαν,
500 275 618 330 δέον
645 273 940 346 σπέρματα
975 277 1332 335 καταϐάλλειν
1377 279 1470 335 καὶ¹
1504 282 1571 335 δι’
1596 284 1912 355 ἐπιμελείας

2015 285 2138 356 quis
2188 285 2392 338 homini
2438 279 2692 353 praedicat
2745 279 3034 353 imperito,
3090 288 3300 341 :estatls
3347 293 3586 356 tempore

321 368 513 439 ἐαυτῷ
547 368 666 431 τοὺς
696 369 944 439 καρποὺς
974 368 1378 441 ἑτοιμάζεσθαι.
1415 373 1475 426 '0
1513 373 1611 444 μὲν
1647 375 1755 445 γὰρ
1785 393 1909 429 και-

323 463 429 533 ρος
479 461 568 515 καὶ
595 458 956 531 βουλομένου,
989 464 1084 516 καὶ
1122 463 1196 534 μὴ
1222 504 1237 528 ,
1275 464 1491 528 πάντως
1523 465 1664 519 κατὰ
1695 467 1785 520 τὸν
1826 485 1915 520 τε·

320 554 596 624 ταγμένον
621 555 977 626 ἐπιστήσεται
1021 556 1233 628 χρόνον.
1266 557 1378 627 Οὐχ
1417 559 1619 627 ὁμοίως
1652 558 1708 612 δὲ
1747 558 1908 612 αὐτὸν

318 645 567 713 δέονται,
595 646 625 699 ὃ
657 662 718 698 τε
756 646 1160 716 προετοιμάσας
1199 646 1375 717 ἐαυτῷ
1407 647 1507 718 τὴν
1549 647 1655 700 τῶν
1684 649 1913 716 καρπῶν

316 735 586 803 ἀφθονίαν
610 778 625 799 ,
662 736 755 789 καὶ
806 738 835 789 6
887 736 1070 808 πάσης
1108 739 1463 810 παρασκευῆς
1507 739 1708 809 ἕρημος
1746 757 1915 793 κατα-

316 826 562 895 λειφθεὶς
597 826 706 880 ὑπὸ
735 828 833 898 τῆς
871 827 1040 900 ὥρας.
1071 829 1258 893 Οὕτως
1285 828 1435 900 οἶμαι
1459 831 1569 886 δεῖν
1591 871 1606 895 ,
1645 831 1908 902 προδήλου

319 917 463 969 πᾶσι
485 915 575 970 διὰ
597 916 694 969 τοῦ
724 916 1246 988 θείουτκηρύγματος
1274 920 1449 984 ὄντος,
1479 920 1560 972 ὅτι
1589 921 1908 990 ἐνστήσεται

317 1005 422 1073 τῆς
451 1004 758 1076 ἐναλλαγῆς
795 1008 824 1060 6
868 1007 1096 1078 καιρὸς,
1131 1009 1205 1078 μὴ
1243 1009 1467 1079 χρόνους
1513 1010 1907 1082 πολυπραγμο-

318 1100 436 1149 νεῖν
471 1097 629 1166 (ούδὲ
660 1097 772 1168 γὰρ
813 1097 972 1169 ἡμῶν
1005 1093 1157 1151 εἶπεν
1186 1093 1324 1152 εἷναι
1360 1101 1421 1153 τὸ
1448 1101 1672 1172 καιροὺς
1701 1102 1906 1169 γνῶναι

320 1188 420 1242 καὶ
446 1189 724 1260 χρόνους),
743 1189 882 1260 μηδέ
906 1189 1199 1261 λογισμούς
1230 1207 1382 1254 τινας
1405 1191 1716 1262 ἀναζητεῖν,
1738 1191 1804 1245 δι’
1831 1184 1907 1245 ὧν

317 1277 602 1347 σαθρὼσει
639 1295 725 1340 τις
750 1278 851 1348 τὴν
883 1277 1062 1350 ψυχὴν
1103 1278 1232 1348 περὶ
1273 1279 1373 1349 τὴν
1415 1279 1606 1333 ἐλπίδα
1641 1281 1740 1352 τῆς
1771 1281 1906 1332 ἀνα-

319 1369 568 1433 στάσεως
593 1385 610 1398 ⁵
651 1367 790 1422 ἀλλά
833 1371 899 1439 τῇ
950 1368 1130 1423 πίστει
1161 1369 1270 1424 τῶν
1313 1371 1776 1442 προσδοκωμένων
1807 1373 1906 1424 ἐπ-

316 1457 684 1528 ερειδόμενον,
709 1456 803 1511 διὰ
826 1459 926 1528 τῆς
951 1459 1164 1532 ἀγαθῆς
1200 1459 1472 1526 πολιτείας
1492 1461 1587 1532 τὴν
1609 1462 1906 1534 μέλλουσαν

316 1547 483 1617 χάριν
513 1547 1044 1621 προεμπορεύεσθαι.

2016 375 2228 430 fructus
2270 374 2603 444 colligendos
2652 389 2796 437 esse,
2849 388 2913 428 ac
2955 374 3151 432 deinde
3215 392 3340 432 cum
3390 378 3584 433 horreat

2016 464 2193 534 plena,
2224 475 2337 518 tum
2370 465 2507 519 cibis
2540 479 2784 519 mensam
2820 463 2984 519 ubere
3015 465 3107 520 illo
3141 474 3384 537 tempore
3417 467 3586 523 refer-

2017 566 2126 610 tam
2160 555 2309 620 fore;
2354 555 2564 609 fatuum
2605 569 2732 610 esse
2769 569 2994 610 necesse
3041 556 3133 616 sit,
3173 558 3264 625 qui
3302 559 3483 612 statim
3535 559 3586 613 id

2016 655 2229 717 tempus
2268 653 2506 716 exoptet,
2548 661 2672 700 cum
2718 659 2946 701 necesse
2989 645 3062 700 sit
3104 647 3259 715 prius
3290 656 3587 703 sementem

2014 737 2216 800 facere,
2264 752 2568 807 magnaque
2599 736 2873 792 industria
2923 735 3142 790 fructus
3189 737 3334 805 ipsos
3373 754 3585 808 parare.

2013 827 2253 899 Tempus
2283 829 2502 898 quidem
2531 836 2584 883 te
2614 829 2697 883 vel
2727 828 2964 892 volente,
2991 827 3076 882 vel
3108 828 3300 894 invito,
3333 845 3458 883 eum
3504 846 3592 884 rc-

2010 936 2132 974 rum
2167 921 2302 974 ordo
2351 920 2668 989 postulabit,
2713 918 2909 974 aderit.
2963 918 3088 973 Pari
3143 928 3327 975 autem
3379 922 3591 975 ratione

2007 1011 2302 1066 adventum
2334 1011 2454 1080 ejus
2504 1026 2612 1064 non
2644 1009 2943 1078 excipient,
2999 1024 3126 1063 cum
3163 1010 3210 1064 is
3251 1010 3345 1079 qui
3376 1010 3592 1063 uberri-

2009 1119 2152 1157 mam
2206 1103 2313 1158 sibi
2359 1102 2638 1157 fructuum
2690 1101 2901 1170 capiam
2951 1101 3136 1155 studio
3201 1116 3302 1157 suo
3356 1101 3589 1171 paravit,

2008 1204 2122 1247 tum
2171 1191 2264 1261 qui
2299 1204 2328 1244 a
2371 1205 2557 1245 rerum
2596 1187 3035 1244 necessariarum
3070 1195 3332 1256 apparatu
3379 1187 3588 1240 instru-

2006 1291 2128 1340 ctus
2175 1298 2284 1338 non
2329 1289 2435 1337 est.
2463 1280 2565 1336 Sic
2611 1278 2861 1350 equidem
2917 1285 3118 1342 statuo,
3163 1293 3288 1332 cum
3334 1276 3590 1331 omnibus

2005 1382 2196 1429 notum
2239 1373 2314 1428 sit
2349 1388 2417 1428 ex
2445 1371 2648 1426 divinis
2692 1370 2955 1432 oraculis,
3002 1368 3122 1424 fore
3166 1377 3381 1438 tempus
3413 1367 3590 1436 quod-

2006 1464 2154 1527 dam,
2189 1478 2300 1534 quo
2328 1478 2419 1518 res
2449 1477 2645 1517 omnes
2675 1461 3162 1516 commutabantur
3190 1479 3202 1515 :
3239 1475 3348 1514 non
3371 1461 3590 1512 curiose

2006 1556 2063 1610 in
2094 1563 2372 1612 momenta
2403 1563 2714 1625 temporum
2761 1569 2883 1610 esse
2916 1553 3306 1624 inquirendum
3343 1551 3589 1622 (quando

317 1641 693 1712 cognitionem
728 1643 922 1697 horum
968 1642 1232 1700 Dominus
1272 1645 1390 1716 ipse
1421 1647 1581 1737 nobis
1611 1648 1832 1720 ademit)
1877 1665 2072 1720 neque,
2093 1649 2607 1706 ratiocinationibus
2636 1663 2857 1720 Operam
2885 1663 3007 1703 esse
3032 1649 3290 1713 dandam,
3321 1663 3418 1717 per
3451 1661 3590 1718 quas

316 1738 545 1792 animus
581 1737 636 1792 in
667 1753 763 1809 spe
790 1741 1215 1796 resurrectionis
1245 1741 1584 1806 debilitetur,
1625 1743 1723 1800 sed
1746 1744 1944 1801 debere
1973 1759 2420 1816 unumquemque
2449 1743 2676 1797 ﬁrmiter
2700 1742 3021 1797 innitentem
3051 1741 3194 1804 tidei,
3215 1756 3322 1810 qua
3347 1753 3437 1796 res
3468 1740 3589 1796 illas

313 1837 670 1903 exspectatas
700 1829 1068 1901 amplectitur,
1099 1840 1248 1887 recta
1275 1832 1496 1890 vivendi
1522 1834 1736 1891 ratione
1767 1836 2016 1892 divinum
2047 1835 2182 1892 illud
2213 1835 2416 1892 donum
2447 1832 2609 1906 quasi
2647 1840 2991 1902 antecapere.

832 1947 1232 2004 ΚΕΦΑΛΑΙΟΝ
1269 1950 1394 2004 KI".

325 2056 460 2130 Ὅτι
508 2057 551 2130 ὁ,
585 2045 921 2130 τὴν-’ἀρχὴν
967 2057 1078 2130 τῆς
1119 2059 1227 2130 τοῦ
1271 2060 1506 2130 κόσμου
1550 2061 1908 2128 συστάσεως

399 2128 725 2264 ἓῆἓλωύν,
749 2129 1087 2199 ἀναγκαίως
1110 2129 1210 2183 καί
1236 2129 1372 2199 περὶ
1386 2128 1502 2185 ’τοῦ
1523 2131 1738 2198 τέλους
1767 2148 1911 2186 συν-

524 2213 667 2254 erat.

393 2287 459 2342 Εί
485 2288 543 2342 δέ
585 2307 669 2354 τις
698 2290 799 2363 τὴν
829 2291 926 2346 νῦν
971 2291 1065 2346 τοῦ
1115 2293 1320 2365 κόσμου
1370 2295 1544 2366 φορὰν
1585 2294 1764 2367 είρμῷ
1803 2311 1908 2349 τινι

320 2374 716 2447 διεξαγομένην
745 2377 975 2448 βλέπων,
1019 2379 1086 2433 δι’
1129 2374 1196 2452 ἦς
1228 2381 1293 2434 τὸ
1336 2383 1584 2454 χρονικὸν
1624 2381 1909 2455 θεωρεῖται

318 2467 620 2539 διάστημα,
659 2470 736 2542 μὴ
773 2471 1086 2542 ἐνδέχεσθαι
1129 2471 1277 2541 λέγοι
1313 2473 1411 2544 τὴν
1446 2473 1910 2546 προαγγελθεῖσαν

320 2562 434 2614 τῶν
465 2565 796 2634 κινουμένων
829 2565 1017 2619 στάσιν
1042 2567 1368 2638 γενήσεσθαι
1387 2583 1402 2598 ο
1433 2568 1590 2639 δῆλος
1618 2565 1646 2619 ό
1668 2567 1908 2632 τοιοῦτός

323 2656 464 2720 ἐστι,
505 2655 643 2725 μηδὲ
680 2658 738 2708 ἐν
777 2656 918 2728 ἀρχῇ
966 2657 1296 2727 γεγενῆσθαι
1331 2659 1483 2729 παρὰ
1518 2658 1610 2712 τοῦ
1649 2658 1781 2711 Θεοῦ
1818 2657 1908 2712 τὸν

321 2741 551 2812 οὐρανὸν
587 2741 688 2796 καὶ
735 2743 833 2814 τὴν
882 2744 987 2814 γῆν
1043 2745 1328 2800 πιστεύων.
1363 2746 1426 2802 '0
1467 2746 1576 2818 γὰρ
1619 2733 1792 2818 ἀρχὴν
1841 2747 1907 2817 τῇ

324 2833 534 2903 κινήσει
563 2831 762 2898 διδοὺς,
803 2835 902 2888 οὐκ
938 2835 1266 2905 ἀμφιϐάλλει
1293 2836 1513 2901 πάντως
1541 2839 1636 2891 καὶ
1667 2837 1794 2908 περὶ
1821 2838 1911 2890 τέ-

322 2923 482 2978 λους·
526 2917 623 2970 καὶ
651 2920 681 2970 6
715 2920 777 2972 τὸ
815 2920 966 2984 τέλος
1023 2922 1099 2993 μὴ
1149 2924 1600 2995 προσδεχόμενος,
1648 2925 1770 2979 οὐδὲ
1811 2924 1910 2996 τὴν

321 3007 520 3078 ἀρχὴν
545 3009 896 3079 παρεδέξατο.
948 3013 1086 3065 Ἀλλ’
1143 3013 1330 3091 ᾧσπερ
1386 3001 1746 3087 κατηρτίσθαι
1785 3017 1911 3079 τοὺς

323 3100 650 3171 αίὼνας’τῷ
683 3104 888 3174 ῥήματι
937 3104 1164 3177 νοοῦμεν
1214 3107 1310 3160 τοῦ
1352 3107 1508 3174 Θεοῦ,
1543 3107 1910 3173 πιστεύοντες,

322 3189 510 3254 καθώς
553 3210 718 3263 φησιν
753 3195 783 3247 6
824 3196 1162 3262 ’Δπόστολος,
1203 3199 1267 3252 ἐκ
1297 3198 1404 3253 τῶν
1453 3200 1528 3270 μὴ
1573 3199 1911 3270 φαινομένων

2570 1947 2797 2004 CAPUT
2839 1945 3030 2000 XXIII.

2015 2065 2119 2133 Qui
2152 2063 2336 2119 mundi
2375 2062 2640 2133 originem
2667 2061 2904 2133 aliquam
2933 2073 3047 2113 esse
3073 2056 3328 2124 fateatur,
3379 2075 3497 2112 euut
3537 2069 3585 2113 et

2079 2137 2239 2258 gnam
2284 2136 2398 2205 ejus
2435 2130 2552 2203 fore
2587 2130 2898 2202 aliquando,
2937 2143 3042 2183 non
3070 2141 3221 2196 posse
3258 2144 3364 2182 non
3405 2145 3586 2183 conce-

2117 2223 2223 2258 ere.

2117 2223 2223 2260 ere.

2083 2296 2143 2352 Si
2174 2296 2298 2368 quis
2332 2302 2515 2351 autem
2559 2295 2782 2349 intuens
2824 2292 2880 2347 in
2915 2291 3104 2347 mundi
3152 2299 3359 2346 motum
3393 2290 3586 2344 ordine

2009 2389 2249 2460 quodam
2283 2387 2744 2458 progredientem,
2780 2399 2889 2455 quo
2939 2391 3247 2454 temporum
3294 2381 3584 2437 intervalla

2011 2488 2304 2536 notantur:
2329 2479 2444 2534 ﬁeri
2464 2490 2814 2548 nequaquam
2841 2489 3004 2546 posse
3021 2475 3190 2539 dicat,
3214 2481 3273 2527 ut
3294 2472 3588 2542 aliquando

2009 2586 2099 2626 res
2133 2569 2436 2627 secundum
2478 2567 2702 2622 oracula
2748 2567 2932 2620 divina
2963 2565 3174 2620 moveri
3207 2563 3504 2618 desinant:
3537 2562 3585 2615 is

2011 2679 2080 2724 ne
2101 2661 2300 2718 caelum
2324 2659 2546 2730 quidem
2578 2673 2642 2712 ac
2666 2665 2867 2712 terram
2893 2655 3047 2709 initio
3076 2655 3387 2710 condidisse
3417 2654 3586 2726 Deum

2011 2752 2204 2810 credit.
2232 2748 2366 2804 Nam
2392 2747 2488 2818 qui.
2517 2747 2732 2801 initium
2768 2743 3043 2814 quoddam
3080 2745 3132 2797 in
3168 2749 3317 2798 motu
3364 2744 3576 2807 statuit,

2011 2844 2172 2900 tinem
2194 2841 2316 2912 ejus
2347 2840 2582 2908 aliquem
2607 2836 2726 2891 fore
2749 2851 2857 2890 non
2882 2835 3099 2888 dubitat
3129 2853 3140 2887 :
3172 2835 3396 2904 perinde
3425 2843 3587 2905 atque

2011 2934 2231 2990 initium
2259 2931 2470 2986 nullum
2502 2927 2758 2994 admittit,
2790 2926 2882 2996 qui
2918 2925 3077 2979 linem
3103 2939 3213 2979 non
3239 2925 3450 2979 statuit.
3477 2924 3588 2980 Nos

2013 3036 2218 3092 autem,
2268 3021 2736 3097 quemadmodum
2786 3019 2984 3076 saecula
3031 3016 3127 3073 Dei
3160 3018 3324 3074 verbo
3365 3017 3587 3073 condita

2013 3139 2139 3180 esse
2168 3119 2550 3192 intelligimus,
2587 3125 2758 3199 atque
2803 3117 2870 3172 de
2907 3116 3071 3171 rebus
3113 3131 3379 3184 nusquam
3422 3130 3588 3185 appa-

2013 3215 2285 3279 rentibus,
2334 3220 2395 3267 ut
2447 3211 2742 3282 Apostolus
2777 3209 2854 3263 ait
2899 3208 2966 3274 “,
3011 3222 3075 3262 ea
3120 3223 3240 3277 quae
3289 3215 3589 3261 cernuntur

323 3282 397 3335 τὰ
423 3281 727 3353 βλεπόμενα
764 3288 1075 3354 γεγονέναι⁸
1108 3291 1176 3360 τῇ
1209 3290 1344 3360 αὐτῇ
1385 3290 1566 3343 πίστει
1597 3290 1911 3362 χρησόμεθα

2017 3307 2160 3362 facta
2182 3309 2324 3364 Tesse
2362 3281 2637 3360 credimus
2662 3322 2675 3359 :
2696 3301 2884 3356 eadem
2914 3301 3271 3371 persuasione
3300 3299 3403 3353 hnc
3424 3301 3586 3353 etiam

324 3373 457 3443 περὶ
503 3373 564 3427 τὸ
612 3375 762 3446 ῥῆμα
814 3379 907 3431 τοῦ
949 3379 1106 3444 Θεοῦ,
1159 3380 1254 3433 τοῦ
1299 3382 1396 3452 τὴν
1450 3383 1754 3451 ἀναγκαίαν
1804 3381 1913 3437 τῶν

325 3464 499 3517 ιἐντιιιιν
524 3466 713 3519 στάσιν
752 3469 1275 3541 προαγορεύσαντος.
1323 3472 1396 3526 Τὸ
1433 3473 1489 3526 δέ
1531 3471 1666 3536 πῶς,
1705 3473 1915 3544 ἐξαιρε-

328 3554 450 3608 τέον
486 3555 587 3625 τῆς
623 3557 1147 3632 πολυπραγμοσύνης
1171 3579 1184 3592 ·
1240 3563 1334 3616 καὶ
1381 3563 1491 3635 γὰρ
1537 3565 1698 3618 κάκεῖ
1734 3567 1912 3620 πίστει

329 3647 693 3716 κατηρτίσθαι
730 3649 790 3702 τὸ
833 3649 1162 3722 βλεπόμενον
1205 3655 1270 3708 ἐκ
1313 3653 1422 3709 τῶν
1469 3656 1692 3727 μηδέπω
1729 3674 1913 3725 φαινο-

326 3739 514 3808 μένων
539 3741 964 3812 κατεδεξάμεθα,
996 3746 1445 3817 παραδραμόντες
1475 3747 1583 3801 τῶν
1609 3749 1914 3817 ἀνεφίκτων

332 3830 430 3900 τὴν
458 3832 704 3902 ζήτησιν.
736 3835 926 3888 Καίτοι
964 3837 1094 3908 περὶ
1122 3837 1333 3891 πολλῶν
1360 3840 1494 3910 ἡμῖν
1527 3841 1556 3892 ὁ
1596 3839 1752 3907 λόγος
1782 3839 1916 3892 ἀπο-

329 3924 448 3992 ρεῖν
499 3924 800 3990 ὑπετίθετο,
845 3928 906 3980 ού
961 3929 1163 4001 μικρὰς
1201 3930 1456 4001 παρέχων
1493 3930 1748 4002 ἀφορμὰς
1780 3929 1914 4000 πρὸς

326 4010 428 4080 τὴν
456 4010 562 4064 τῶν
607 4015 1054 4085 πεπιστευμένων
1088 4018 1436 4088 ἀμφιϐολίαν.
1479 4019 1636 4090 Ἐξῆν
1673 4018 1780 4090 γὰρ
1817 4019 1916 4071 κά·-

326 4104 416 4154 κεῖ
445 4103 559 4164 τοῖς
585 4103 879 4172 ἐριστικοῖς
908 4106 972 4159 ἐκ
1001 4105 1108 4160 τῶν
1137 4107 1373 4177 εὐλόγων
1409 4108 1551 4163 κατά
1590 4108 1652 4162 τδ
1692 4109 1917 4162 ἀκόλου-

329 4189 423 4241 θον
471 4191 797 4262 ἀνατρέπειν
844 4194 941 4266 τὴν
996 4195 1197 4262 πίστιν,
1252 4199 1390 4270 πρὸς
1441 4199 1501 4252 τὸ
1549 4199 1624 4271 μὴ
1676 4200 1916 4270 νομίζειν

329 4281 511 4351 ἀληθῆ
537 4284 629 4336 τὸν
662 4286 788 4357 περὶ
825 4287 923 4358 τῆς
951 4288 1142 4361 ὑλικῆς
1195 4292 1426 4354 κτίσεως
1462 4287 1601 4346 εἶναι
1647 4293 1833 4361 λόγον,
1857 4293 1916 4346 ὂν

328 4377 367 4443 ἡ
398 4374 531 4441 ἁγία
564 4376 855 4444 πρεσϐεύει
895 4379 1106 4451 Γραφὴ,
1145 4383 1360 4436 πάντων
1384 4383 1492 4436 τῶν
1537 4382 1705 4438 ὄντων
1733 4385 1797 4438 ἐκ
1824 4383 1915 4438 τοῦ

328 4465 468 4518 Θεοῦ
513 4461 652 4520 εἶναι
698 4468 1148 4545 διαϐεϐαιουμένη
1195 4474 1294 4546 τὴν
1339 4475 1568 4544 γένεσιν.
1607 4477 1668 4529 Οί
1702 4475 1918 4547 γὰρτῷ

328 4556 564 4626 ἐναντίῳ
607 4561 999 4631 παριστάμενοι
1021 4561 1180 4634 λόγῳ,
1212 4566 1476 4620 ωναῖδιον
1515 4564 1653 4620 εἶναι
1686 4567 1766 4638 τῷ
1800 4567 1917 4638 Θεῷ

2019 3398 2113 3454 Dei
2161 3398 2391 3453 verbum
2439 3393 2857 3464 amplectentur,
2907 3407 3017 3461 quo
3077 3405 3164 3446 res
3219 3391 3504 3444 universas
3559 3406 3586 3442 a

2016 3498 2166 3544 motu
2201 3486 2518 3543 cessaturas
2551 3483 2871 3539 necessario
2898 3479 3170 3552 praedixit.
3201 3479 3587 3534 Curiositatcm

2016 3581 2232 3651 quidem
2275 3587 2540 3642 nostram,
2571 3577 2940 3646 inquirentem
2981 3573 3075 3640 qui
3110 3573 3212 3627 hoc
3241 3572 3358 3627 ﬁeri
3391 3571 3586 3641 possit,

2015 3671 2130 3725 tolli
2164 3675 2403 3740 oportet.
2435 3666 2569 3720 Nam
2602 3672 2655 3720 et
2688 3665 2813 3718 istic
2849 3663 3053 3718 omissa
3087 3677 3294 3724 rerum,
3328 3676 3466 3731 quas
3505 3659 3590 3713 in-

2017 3759 2266 3828 dagando
2313 3753 2783 3824 comprehendere
2824 3767 2933 3805 non
2982 3765 3302 3821 possumus,
3355 3749 3590 3819 inquisi-

2016 3851 2165 3906 tione
2201 3865 2216 3902 :
2253 3846 2563 3902 indubitata
2603 3843 2962 3915 persuasione
2995 3858 3084 3897 res
3122 3857 3393 3914 nusquam
3425 3855 3592 3912 appa-

2018 3951 2201 3999 rentes
2247 3939 2499 3996 conditas
2543 3939 2862 4000 statuimus,
2899 3944 2962 3991 ut
2986 3935 3184 3992 deinde
3208 3943 3587 3992 cernerentur.

2016 4035 2179 4105 Atqui
2206 4047 2315 4088 non
2345 4045 2520 4104 pauca
2553 4040 2680 4087 sunt
2709 4045 2830 4100 qua:
2871 4028 3031 4084 nobis
3055 4027 3400 4082 occasionem
3433 4026 3591 4080 dubi-

2020 4125 2169 4182 tandi
2207 4124 2446 4196 praebere
2491 4123 2739 4194 possint,
2783 4122 2960 4190 deque
3004 4120 3072 4175 iis
3119 4120 3280 4173 etiam
3317 4134 3436 4190 qua:
3463 4131 3590 4172 vera

2018 4218 2298 4273 credimus
2339 4213 2674 4285 ambigendi.
2716 4211 2848 4265 Nam
2884 4219 2938 4266 et
2970 4211 3022 4263 in
3059 4209 3306 4263 doctrina
3353 4210 3419 4264 de
3465 4217 3589 4263 ortu

2017 4323 2201 4364 rerum
2256 4303 2620 4360 eontentiosis
2669 4300 2902 4371 ingeniis
2949 4297 3199 4351 nonnihil
3263 4308 3430 4360 esset,
3479 4317 3589 4371 quo

2018 4399 2100 4455 eis
2148 4397 2466 4453 subvertere
2492 4394 2560 4448 de
2598 4389 2925 4446 collectione
2955 4388 3335 4443 verisimilium
3367 4404 3593 4459 persua-

2020 4487 2229 4542 sionem
2263 4492 2508 4538 nostram
2554 4481 2762 4542 liceret,
2796 4485 2853 4531 ut
2898 4493 3005 4532 non
3040 4478 3203 4548 plane
3239 4494 3428 4532 verum
3470 4498 3594 4536 esse

2020 4577 2366 4630 crederemus
2417 4571 2471 4624 id
2516 4568 2662 4639 quod
2711 4575 2797 4622 est
2830 4567 2898 4620 de
2954 4567 3235 4622 creatione
3280 4583 3463 4622 rerum
3526 4587 3591 4626 cx'

326 4647 432 4715 τὴν
484 4646 616 4717 ὓλην
660 4653 1129 4718 κατασκευάζουσι
1155 4697 1170 4722 ,
1217 4657 1475 4722 τοιούτοις
1525 4660 1913 4730 ἐπιχειρήμασι

2021 4663 2244 4718 materie
2292 4659 2665 4716 constantium
2697 4656 2867 4710 divini
2914 4655 3244 4710 auctoritate
3281 4658 3432 4711 verbi
3479 4666 3592 4712 tra-

329 4738 476 4808 πρὸς
501 4738 561 4791 τὸ
586 4739 764 4810 δόγμα
791 4741 1092 4814 χρώμενοι·
1125 4747 1188 4800 Εἰ
1214 4747 1416 4812 ἁπλοῦς
1444 4751 1474 4803 6
1497 4749 1630 4813 Θεὸς
1650 4753 1716 4821 τῇ
1738 4749 1919 4819 φύσει,

331 4831 431 4883 καὶ
455 4831 639 4893 ἄῦλος.
682 4833 872 4898 ἄποιος
917 4852 978 4889 τε
1016 4839 1110 4892 καὶ
1153 4840 1446 4913 ἀμεγέθης,
1476 4829 1918 4910 καῖἀσύνθετος,

331 4922 434 4974 καὶ
461 4922 564 4990 τῆς
594 4924 731 4978 κατά
762 4925 824 4980 τὸ
855 4929 1039 4998 σχῆμα
1067 4933 1413 5004 περιγραφῆς
1439 4933 1733 5007 ἀλλοτρίως
1760 4935 1917 5006 έχωνδ

326 5014 490 5066 πᾶσα
521 5012 577 5066 δέ
604 5013 705 5085 ῦλη
728 5017 787 5069 ἐν
805 5017 1204 5093 διαστηματικῇ
1232 5023 1534 5095 παρατάσει
1562 5025 1924 5096 καταλαμϐά-
1941 5027 1958 5032 “

325 5123 508 5168 νεται,
527 5106 745 5170 καὶτὰς
765 5108 849 5163 διὰ
863 5111 969 5166 τῶν
988 5115 1358 5188 αἰσθητηρίων
1379 5117 1711 5192 καταλήψεις
1733 5119 1793 5172 ού
1814 5119 1920 5172 δια-

330 5197 638 5267 πέφευγεν,
657 5200 715 5253 ἐν
730 5201 992 5276 χρώματι,
1012 5211 1108 5265 καὶ
1129 5209 1233 5281 σχή
1243 5210 1494 5281 ματι,καὶ
1513 5210 1683 5282 ὄγκῳ,
1699 5211 1794 5265 καὶ
1816 5230 1920 5282 πη-

325 5290 605 5361 λικότητι,
623 5293 716 5345 καὶ
735 5293 1032 5379 ἀντιτυπία⁹
1056 5305 1153 5360 καὶ
1177 5303 1291 5366 τοῖς
1313 5301 1519 5367 λοιποῖς
1539 5304 1650 5367 τοῖς
1669 5304 1796 5374 περὶ
1825 5305 1920 5357 αύ-

326 5381 433 5454 ﬂi"
472 5380 862 5454 θεωρουμένοις
889 5395 1291 5474 γινωσκομένη,
1338 5386 1414 5448 ὧν
1443 5394 1594 5448 οὐδὲν
1619 5395 1678 5448 ἐν
1708 5397 1773 5466 τῇ
1802 5394 1921 5465 θείᾳ

453 5557 503 5589 ³⁸
549 5561 711 5618 Hebr.
745 5580 799 5633 ιι,
833 5575 877 5640 8,

2023 4753 2220 4817 ditum,
2254 4750 2522 4821 originem
2553 4745 2795 4802 omnium
2821 4744 2890 4798 ad
2921 4745 3087 4800 Deum
3114 4744 3424 4802 referentis.
3455 4745 3595 4801 Huic

2021 4848 2168 4904 enim
2206 4844 2470 4901 doctrinae
2506 4841 2601 4911 qui
2655 4838 3042 4900 adversantur,
3088 4845 3416 4892 coaeternam
3470 4853 3596 4893 esse

2021 4953 2146 4995 cum
2180 4937 2292 4993 Deo
2319 4949 2505 4992 rerum
2540 4933 2825 4988 materiem
2857 4930 3092 5000 probare
3138 4939 3428 4994 conantur,
3465 4946 3595 4986 sen-

2021 5031 2356 5099 tentiamque
2409 5040 2567 5081 suam
2614 5032 2674 5078 ut
2727 5022 3074 5086 conﬁrment,
3115 5023 3451 5095 argumentis
3492 5023 3594 5078 hu-

2019 5121 2259 5194 jusmodi
2279 5127 2534 5174 utuntur:
2562 5115 2620 5170 Si
2639 5115 2804 5179 Deus,
2831 5115 3106 5184 inquiunt,
3125 5121 3319 5170 natura
3340 5115 3591 5185 simplex,

2025 5229 2220 5284 expers
2261 5211 2440 5265 omnis
2469 5207 2739 5271 materiei,
2785 5207 3136 5276 qualitatum,
3181 5207 3593 5278 magnitudinis,

2027 5307 2173 5360 nulla
2200 5319 2264 5359 ex
2293 5317 2352 5357 re
2381 5297 2741 5370 compositus,
2766 5297 2972 5352 nullius
3004 5297 3192 5352 forma:
3213 5297 3463 5352 terminis
3485 5296 3592 5349 cir-

2027 5395 2397 5464 cumscriptus
2429 5411 2440 5445 :
2470 5404 2686 5448 omnem
2720 5402 2851 5444 vero
2879 5387 3168 5444 materiam
3199 5387 3391 5458 spatiis
3429 5384 3593 5438 certis
