4088 6210
552 268 644 318 211

1807 262 1865 317 5.
1908 261 2234 319 GREGORII
2272 261 2570 316 NYSSENI

3687 255 3793 308 2|?

549 372 941 440 comprehendi
976 387 1204 428 necesse
1245 382 1350 438 est,
1399 383 1455 431 et‘
1500 393 1530 430 a
1577 393 1839 434 sensuum
1887 383 2101 451 organis

2207 377 2366 448 φύσει
2393 377 2614 431 δυνατόν
2657 377 2770 428 ἐστι
2815 375 3176 443 κατανοῆσαι·
3211 373 3295 436 τίς
3335 373 3552 443 μηχανὴ
3600 374 3658 425 ὲκ
3692 375 3790 428 τοῦ

551 462 778 531 percipi,
808 463 924 518 sive
949 479 1016 518 ex
1049 465 1253 532 colore,
1280 467 1396 522 sive
1425 467 1621 534 forma,
1655 472 1770 526 sive
1805 473 1965 535 mole,
1996 475 2112 530 sive

549 553 928 621 magnitudine
954 569 1017 609 ac
1048 551 1344 622 soliditate,
1377 560 1659 616 attributis
1691 561 1926 631 denique
1952 573 2112 619 caete-

547 641 628 696 ris
665 642 958 712 cognitam,
1006 660 1132 699 cum
1174 648 1311 701 nihil
1345 649 1540 703 horum
1586 651 1770 704 divina
1809 652 1862 706 in
1917 661 2111 708 natura

547 731 775 786 exsistat
809 753 822 788 :
868 735 964 804 qui
999 735 1114 790 ﬁeri
1146 739 1341 806 potuit,
1378 746 1437 792 ut
1473 754 1502 793 a
1536 742 1778 796 materiei
1807 744 2112 799 omnis'ex-

548 831 700 892 perte
726 826 985 881 materies
1019 829 1388 885 conderetur?
1410 837 1464 885 et
1493 831 1561 885 ab
1599 847 1683 898 eo,
1721 833 1774 887 in
1813 849 1920 902 quo
1949 837 2112 890 nulla:

546 922 676 968 sunt
714 914 1108 985 dimensiones,
1148 927 1345 975 natura
1371 937 1492 992 quae
1539 925 1638 977 has
1680 938 1869 980 omnes
1899 925 2113 981 habet?

545 1003 682 1059 Nam
721 1007 768 1061 si
805 1024 835 1062 a
866 1007 978 1064 Deo
1011 1010 1258 1080 profecta
1289 1027 1412 1069 esse
1440 1015 1623 1070 omnia
1645 1016 1975 1071 credendum
2001 1027 2108 1085 est,

545 1095 802 1150 nimirum
830 1098 992 1152 modo
1025 1100 1260 1168 quodam
1282 1101 1646 1172 inexplicabili
1674 1112 1796 1159 orta
1817 1115 1964 1170 sunt,
1983 1120 2107 1160 curn

546 1184 604 1238 in
631 1185 750 1254 ipso
777 1185 894 1243 Deo
910 1198 1096 1244 essent
1131 1209 1143 1245 :
1169 1191 1216 1246 si
1255 1206 1422 1262 porro
1453 1194 1710 1264 quiddam
1746 1195 1803 1250 in
1829 1195 1949 1266 ipso
1969 1211 2111 1252 cras-

545 1291 664 1330 sum
708 1286 845 1342 erat,
885 1294 992 1348 quo
1040 1293 1198 1350 pacto
1245 1299 1438 1353 expers
1490 1285 1594 1339 fuit
1631 1287 1902 1349 materiei,
1946 1302 2109 1357 quam

543 1366 660 1435 ipse
695 1371 1199 1439 complectebatur?
1227 1373 1491 1431 Similiter
1517 1377 1623 1431 dici
1651 1378 1716 1432 de
1742 1379 1956 1433 caeteris
1987 1380 2110 1433 uni-

543 1459 716 1514 versis
749 1470 947 1529 potest,
992 1479 1112 1532 quae
1146 1478 1232 1520 res
1269 1467 1350 1534 (ut
1386 1467 1460 1520 ita
1504 1465 1760 1537 dixerim)
1792 1469 2110 1524 materiatas

541 1549 902 1604 constituunt.
949 1551 1006 1605 Si
1058 1561 1146 1608 est
1185 1554 1238 1607 in
1290 1552 1398 1608 Deo
1450 1556 1787 1625 magnitudo,
1833 1559 2110 1628 quomodo

540 1637 684 1693 idem
731 1630 1122 1711 magnitudinis
1151 1654 1236 1699 est
1267 1647 1502 1714 expers?
1537 1648 1583 1702 si
1619 1649 1750 1718 quid
1800 1657 1884 1704 est
1909 1649 1965 1703 in
1991 1649 2110 1718 ipso

539 1727 922 1795 compositum,
977 1731 1250 1800 quomodo
1297 1728 1526 1804 simplex
1569 1744 1673 1800 est,
1715 1745 1772 1792 et
1829 1738 1994 1792 nullis
2038 1753 2108 1796 .ex

541 1815 786 1882 partibus
831 1822 1085 1875 constat?
1129 1822 1369 1894 Denique
1427 1827 1571 1898 cogit
1621 1842 1722 1884 nos
1771 1826 1888 1883 haec
1943 1829 2104 1893 ratio,

540 1906 624 1961 vel
682 1916 741 1961 ut
791 1924 860 1963 ex
911 1913 1142 1966 materia
1185 1913 1351 1970 Deum
1408 1924 1661 1974 constare
1715 1918 2004 1985 fateamur,
2059 1921 2107 1976 si

539 1997 760 2065 quidem
801 2015 866 2054 cx
918 2001 1036 2070 ipso
1083 2018 1263 2059 rerum
1299 2007 1553 2063 materies
1587 2016 1706 2062 orta
1759 2017 1844 2064 est
1882 2028 1895 2064 :
1932 2011 2016 2066 vel
2059 2011 2106 2065 si

539 2086 642 2141 hoc
692 2089 816 2158 quis
861 2101 1163 2157 aversetur,
1202 2103 1354 2148 extra
1383 2111 1440 2151 se
1466 2095 1629 2150 Deum
1655 2099 1942 2152 materiam
1973 2114 2105 2155 con-

537 2175 765 2244 didisse,
802 2180 869 2236 de
897 2197 1001 2252 qua
1033 2184 1443 2240 universitatem
1469 2187 1612 2242 hanc
1635 2187 1950 2253 fabricaret,
1987 2201 2102 2245 sta-

537 2277 760 2324 tuamus
803 2286 1028 2327 necesse
1063 2283 1169 2329 est.
1205 2276 1346 2347 Ergo
1379 2277 1427 2332 si
1462 2279 1716 2334 materies
1749 2289 1903 2335 extra
1933 2283 2103 2338 Deum

536 2367 692 2426 erat,
751 2361 893 2416 haud
950 2363 1113 2420 dubie
1161 2367 1419 2436 quiddam
1465 2368 1672 2424 exstitit
1724 2371 1873 2426 aliud
1905 2388 1935 2426 a
1971 2373 2103 2442 Deo,

536 2449 691 2519 quod-
707 2464 830 2504 cum
856 2453 952 2506 illo
978 2462 1135 2510 ortus
1159 2467 1380 2527 experte
1411 2469 1741 2514 coaeternum
1767 2461 1889 2519 fuit.
1925 2463 2105 2518 Adeo-

535 2557 644 2611 que
671 2542 780 2597 duo
817 2545 1230 2601 constituuntur
1267 2549 1432 2602 simul
1473 2558 1528 2604 et
1574 2552 1830 2621 principii
1861 2561 1916 2607 et
1948 2563 2103 2611 ortus

535 2635 806 2702 expertia,
846 2651 1077 2705 quorum
1107 2639 1341 2694 alterum
1373 2640 1549 2695 instar
1573 2642 1798 2699 artiﬁcis
1822 2653 2098 2714 operetur,

533 2723 771 2796 alterum
825 2726 976 2782 illius
1013 2727 1328 2786 eﬂ'cctiunes
1373 2732 1620 2801 recipiat.
1672 2732 1752 2788 Ex
1790 2734 1894 2790 hac
1939 2752 2102 2806 porro

533 2820 887 2887 necessitate,
941 2823 990 2878 si
1033 2824 1158 2894 quis
1207 2832 1411 2880 statuat
1444 2825 1690 2883 Creatori
1729 2828 2101 2887 universitatis

531 2911 703 2982 hujus
726 2921 987 2970 aeternam
1014 2916 1329 2987 adjunctam
1360 2917 1532 2974 fuisse
1564 2922 1849 2976 materiem
1879 2939 1894 2976 :
1927 2938 2101 2992 quan—

530 3013 640 3057 tam
676 3003 1024 3061 decretorum
1060 3023 1288 3064 suorum
1327 3011 1784 3080 approbationem
1821 3012 2097 3067 inventuri

531 3101 662 3148 sunt
689 3093 993 3162 Manlclmi,
1014 3099 1110 3168 qui
1143 3099 1478 3168 principium
1502 3101 1849 3155 materiatum
1873 3102 2096 3170 perinde

530 3191 796 3239 aeternum
829 3188 1192 3250 constituunt,
1216 3197 1382 3258 atque
1405 3196 1489 3243 est
1517 3188 1682 3256 Deus,
1707 3207 1868 3260 quem
1900 3200 2097 3247 vocant

530 3285 784 3329 naturam
809 3278 1006 3330 bonam
1039 3277 1225 3333 lEnim
1259 3294 1390 3334 vero
1421 3294 1521 3334 nos
1544 3282 1689 3350 quod
1719 3296 1904 3338 sacras
1930 3282 2097 3340 Litte-

528 3378 622 3420 ras
649 3365 980 3421 alIi-rmantes
1010 3365 1282 3434 audimus,
1309 3383 1431 3424 esse
1459 3369 1717 3426 nimirum
1751 3372 2007 3428 universa
2029 3390 2097 3430 ex

528 3454 640 3508 Deo
689 3454 1001 3520 credimus,
1047 3459 1322 3526 quomodo
1371 3470 1552 3516 autem
1595 3462 1651 3518 in
1706 3463 1816 3520 Deo
1869 3465 2094 3533 fuerint,

531 3559 657 3598 eum
717 3547 946 3602 rationis
999 3558 1202 3603 nostra:
1246 3550 1660 3622 intelligentiam
1701 3556 1950 3620 excedat,
2012 3559 2098 3612 in-

531 3635 859 3704 quirendum
904 3654 1029 3694 esse
1061 3654 1168 3693 non
1196 3649 1474 3710 putamus,
1502 3645 1751 3712 persuasi
1781 3645 1949 3700 Deum
1978 3663 2096 3702 om-

529 3726 622 3778 nia
654 3741 816 3796 posse
849 3747 862 3783 :
904 3739 958 3784 et
986 3730 1224 3786 condere
1257 3732 1462 3802 aliquid
1486 3734 1551 3788 de
1569 3735 1765 3800 nihilo,
1790 3738 2096 3798 et__eondito

531 3817 825 3885 qualitates
869 3819 1060 3876 indere
1101 3822 1241 3877 tales
1275 3824 1464 3892 quales
1502 3825 1575 3879 sit
1622 3827 1727 3896 ipsi
1780 3829 1976 3883 visum.
2021 3828 2096 3884 De

2211 470 2375 523 ἀΰλου
2402 470 2503 538 τὴν
2531 467 2662 537 ὓλην
2695 464 3088 535 ἀποτεχθήθαι,
3119 467 3184 517 ὲκ
3207 464 3300 516 τοῦ
3324 464 3649 517 ἀδιαστάτου
3689 467 3789 536 τὴν

2210 558 2640 631 διαστηματικὴν
2691 557 2890 628 φύσινς
2949 556 3012 608 Εἰ
3073 555 3180 626 γὰρ
3237 556 3440 608 ἐκεῖθεν
3491 555 3786 624 ὑποστῆναι

2210 650 2382 702 ταῦτα
2412 649 2785 710 πεπίστευται,
2822 645 3060 716 δηλονότι
3083 646 3140 697 ὲν
3171 642 3318 715 αὑτῷ
3350 646 3479 698 ὄντα
3526 645 3667 699 κατὰ
3698 647 3789 698 τὸν

2211 739 2446 811 ἄρρητον
2485 737 2643 805 λόγον
2677 736 2817 789 οὑτω
2857 735 3124 806 προῆλθεν
3157 738 3236 798 εἰς
3283 736 3514 803 γένεσιν.
3549 735 3610 788 Εἰ
3642 737 3698 788 δὲ
3731 739 3790 790 ὲν

2211 829 2400 900 ἐκείνῳ
2424 829 2485 882 rb
2513 827 2712 890 ὑλῶδες
2746 823 2834 896 ἦν,
2864 827 2982 890 πῶς
3019 827 3177 891 ἆῦλος
3204 828 3234 879 ό
3265 828 3322 880 ὲν
3360 826 3507 897 αὑτῷ
3531 828 3628 898 τὴν
3655 827 3791 898 ὓλην

2210 921 2385 990 ἔχωνς
2421 920 2693 982 Ὡσαύτως
2731 919 2789 972 δὲ
2838 920 2932 972 καὶ
2980 919 3050 973 τὰ
3089 919 3225 972 ἄλλα
3277 918 3474 982 πάντα,
3527 919 3608 972 δι’
3635 915 3711 973 ὧν
3754 922 3786 984 ἡ

2211 1009 2368 1082 ὑλικὴ
2403 1011 2564 1079 φύσις
2595 1009 3076 1082 χαρακτηρίζεται·
3113 1010 3162 1063 εί
3199 1011 3258 1062 ἐν
3297 1009 3374 1078 τῷ
3411 1008 3588 1081 Θεῷή
3626 1011 3777 1063 ποσό-

2209 1119 2329 1172 της,
2363 1101 2483 1166 πῶς
2514 1102 2713 1166 ἄποσος
2743 1101 2773 1153 ό
2805 1099 2972 1165 Θεός;
3012 1101 3061 1153 εἰ
3102 1103 3158 1153 ὲν
3187 1099 3377 1171 ἐκείνῳ
3415 1101 3476 1154 rb
3509 1100 3786 1165 σύνθετον,

2209 1192 2328 1255 πῶς
2377 1193 2580 1257 ἁπλοῦς
2631 1193 2725 1247 καὶ
2774 1193 2984 1263 ἀμερὴς
3035 1192 3129 1244 καὶ
3181 1189 3502 1258 ἀσύνθετος;
3558 1190 3701 1245 ὥστε
3749 1193 3784 1263 ἢ

2210 1284 2392 1338 ὑλικὸν
2445 1281 2581 1339 εἶναι
2626 1285 2744 1339 κατ’
2783 1284 3027 1355 ἀνάγκην
3083 1283 3264 1346 αὑτὸν,
3319 1283 3407 1336 διὰ
3459 1283 3522 1336 rb
3574 1283 3787 1339 ἐκεῖθεν

2209 1377 2504 1447 ὑποστῆναι
2551 1375 2650 1446 τὴν
2687 1368 2842 1445 ὓλην,
2890 1375 2917 1427 ὁ
2961 1374 3114 1442 λόγος
3151 1370 3423 1443 βιάζεται·
3459 1371 3492 1442 ἢ
3533 1373 3582 1424 εί
3625 1371 3786 1424 τοῦτό

2207 1487 2292 1533 τις
2334 1469 2544 1539 φεύγοι,
2587 1467 2782 1535 ἔξωθεν
2825 1465 3262 1536 ἐπεισενεχθῆναι
3311 1463 3410 1535 τὴν
3458 1463 3590 1534 ὓλην
3634 1463 3786 1532 αὑτῷ

2209 1561 2346 1632 πρὸς
2410 1559 2508 1632 τὴν
2567 1556 2909 1628 κατασκευὴν
2979 1555 3074 1609 τοῦ
3132 1554 3328 1617 παντὸς
3385 1552 3784 1622 ὑπολαμϐάνειν

2210 1654 2533 1720 ἐπάναγκες.
2570 1651 2634 1705 Εἰ
2667 1647 2759 1702 οὖν
2792 1648 2896 1716 ἔξω
2938 1645 3032 1700 τοῦ
3079 1645 3212 1699 Θεοῦ
3251 1640 3340 1716 ἦν,
3373 1644 3498 1699 ἄλλο
3531 1661 3585 1697 τι
3629 1645 3785 1714 παρὰ

2210 1743 2301 1796 rbv
2333 1743 2463 1794 Θεὸν
2502 1741 2717 1802 πάντως
2757 1736 2824 1811 ἦν
2869 1738 3344 1808 συνεπινοούμενον
3385 1735 3526 1789 κατὰ
3557 1734 3650 1788 τὸν
3680 1734 3782 1804 τῆς

2211 1831 2512 1903 ἀῖδιότητος
2555 1832 2711 1900 λόγον
2753 1831 2832 1901 τῷ
2877 1830 3183 1901 ἀγεννήτως
3209 1829 3353 1881 ὄντι·
3385 1827 3523 1880 ὥστε
3564 1826 3657 1879 δύο
3687 1826 3778 1879 ἇν-

2211 1939 2355 1994 αρχα
2395 1923 2492 1975 καὶ
2528 1921 2799 1990 ἅγέννητα
2844 1919 2983 1973 κατὰ
3025 1918 3218 1972 ταύτὸν
3263 1917 3507 1987 ἀλλήλοις
3534 1915 3608 1986 τῷ
3635 1916 3782 1986 λόγῳ

2215 2011 2841 2085 συγκαταλαμϐάνεσθαι,
2871 2009 2964 2066 τοῦ
2987 2008 3245 2080 τεχνικῶς
3275 2007 3644 2078 ἐνεργοῦντος,
3683 2009 3778 2060 καὶ

2209 2103 2304 2156 τοῦ
2344 2103 2629 2173 δεχομένου
2659 2102 2755 2172 τὴν
2786 2100 3207 2171 ὲπιστημονικὴν
3249 2099 3448 2169 ταύτην
3477 2098 3778 2168 ἐνέργειαν.

2210 2195 2320 2248 Καὶ
2351 2196 2403 2248 εἴ
2442 2211 2524 2256 τις
2555 2196 2618 2246 ὲκ
2654 2194 2751 2264 τῆς
2777 2193 3019 2262 ἀνάγκης
3049 2190 3250 2262 ταύτης
3275 2191 3439 2244 ἀΐδιον
3474 2191 3782 2245 ὑποτίθοιτο

2208 2285 2286 2355 τῷ
2331 2284 2656 2356 Δημιουργῷ
2696 2285 2801 2337 τῶν
2852 2284 3103 2338 ἁπάντων
3140 2282 3459 2336 ὑποκεῖσθαι
3490 2283 3589 2354 τὴν
3621 2283 3778 2353 ὕλην,

2209 2379 2339 2448 ὅσην
2381 2380 2408 2429 ό
2452 2378 2747 2446 Μανιχαῖος
2788 2378 3008 2446 εὑρήσει
3049 2377 3156 2428 τῶν
3191 2376 3334 2430 ίδίων
3369 2376 3650 2446 δογμάτων
3677 2377 3782 2446 τὴν

2209 2468 2553 2538 συνηγορίαν,
2581 2467 2639 2531 ὃς
2661 2467 2756 2538 τὴν
2789 2466 2976 2537 ὑλικὴν
2998 2467 3175 2520 αἰτίαν
3221 2466 3362 2520 κατὰ
3394 2466 3454 2518 rb
3485 2465 3782 2537 ἀγέννητον

2208 2556 2625 2628 άντιπαρεξάγει
2669 2559 2736 2627 τῇ
2785 2555 2960 2626 ἀγαθῇ
2993 2554 3186 2625 φύσειι
3226 2555 3385 2620 Ἀλλὰ
3431 2555 3535 2626 μὴν
3573 2556 3666 2609 καὶ
3714 2556 3820 2610 Ex}

2207 2647 2302 2702 τοῦ
2330 2648 2463 2701 Θεοῦ
2500 2649 2566 2701 τὰ
2603 2647 2800 2712 πάντα,
2840 2647 2942 2716 τῆς
2979 2647 3201 2717 Γραφῆς
3254 2645 3516 2716 λεγούσης
3552 2645 3782 2699 ἀκούον-

2205 2755 2317 2806 τες,
2353 2738 2824 2809 πεπιστεύκαμεν·
2854 2737 2947 2790 καὶ
2977 2738 3038 2790 τὸ
3072 2739 3217 2802 ὅπως
3256 2733 3322 2808 ἦν
3352 2739 3408 2790 ὲν
3435 2735 3513 2806 τῷ
3547 2737 3690 2808 Θεῷ,
3718 2738 3786 2790 rb

2207 2831 2345 2902 ὑπὲρ
2389 2829 2481 2884 rbv
2523 2828 2786 2900 ἡμέτερον
2817 2827 2991 2897 λόγον,
3019 2822 3118 2882 οὑκ
3150 2828 3402 2896 ἀξιοῦμεν
3430 2827 3786 2898 περιεργάζε-

2208 2919 2353 2983 σθαι,
2384 2920 2559 2974 πάντα
2587 2920 2651 2989 τῇ
2683 2916 2802 2989 θείᾳ
2829 2917 3050 2988 δυνάμει
3077 2917 3298 2988 χωρητὰ
3334 2917 3778 2980 πεπιστευκότες·

2207 3010 2301 3064 καί
2337 3009 2398 3062 τὸ
2434 3009 2507 3080 μή
2553 3008 2612 3061 ὃν
2652 3007 3085 3078 ὑποστήσασθαι,
3121 3008 3216 3060 καὶ
3259 3006 3336 3077 τῷ
3377 3007 3491 3059 όντι
3537 3005 3676 3076 πρὸς
3715 3007 3785 3059 τὸ

2199 3101 2386 3155 δοκοῦν
2416 3099 2690 3153 ἐπιϐαλεῖν
2729 3101 2827 3162 τὰς
2855 3097 3164 3167 ποιότητας.
3201 3095 3406 3150 Οὑκοῦν
3446 3096 3778 3160 ἀκολούθως,

2201 3191 2276 3255 ὼς
2304 3192 2491 3263 ἀρκεῖν
2525 3189 2808 3262 ἡγούμεθα
2859 3192 2971 3266 τοῖς
3005 3186 3124 3244 οὖσι
3177 3189 3311 3260 πρὸς
3343 3189 3440 3260 τὴν
3481 3188 3545 3240 ἐκ
3573 3186 3665 3241 τοῦ
3703 3188 3786 3259 μὴ

2200 3282 2350 3346 ὄντος
2377 3283 2688 3348 ὑπόστασιν,
2714 3281 2814 3352 τὴν
2852 3280 2945 3333 τοῦ
2987 3281 3130 3334 θείου
3173 3279 3475 3350 θελήματος
3509 3279 3739 3348 δύναμιν
3763 3297 3780 3310 ο

2201 3373 2343 3428 οὑτω
2380 3375 2474 3428 καὶ
2517 3375 2616 3445 τήν
2669 3374 3111 3444 ἁναστοιχείωσιν
3153 3371 3262 3425 τῶν
3311 3370 3656 3425 συνεστώτων
3697 3372 3785 3435 είς

2200 3465 2300 3538 τὴν
2333 3465 2499 3537 αὑτὴν
2534 3466 2822 3532 ἀνάγοντες
2855 3463 3103 3534 δύναμιν,
3151 3463 3230 3524 εἰς
3265 3462 3415 3515 οὐδὲν
3444 3462 3548 3528 ἔξω
3576 3460 3670 3514 τοῦ
3697 3463 3784 3514 εἰ·

2202 3557 2357 3620 κότος
2400 3556 2497 3630 τὴν
2541 3557 2720 3609 πίστιν
2754 3551 3202 3624 παραληψόμεθα.
3235 3551 3426 3604 Καίτοι
3464 3567 3525 3618 γε
3552 3551 3786 3604 δυνατὸν

2203 3649 2331 3711 ἴσως
2357 3644 2445 3719 ἦν,
2488 3646 2827 3718 εὑρεσιλογίᾳ.
2856 3646 2961 3698 τινὶ
3006 3644 3130 3707 τοὺς
3169 3643 3298 3713 περὶ
3343 3643 3441 3712 τῆς
3483 3641 3616 3711 ὕλης
3657 3643 3786 3710 ὲρευ

2203 3738 2524 3810 σχελοῦντας
2570 3741 2774 3801 πεῖσαι,
2822 3737 2896 3806 μὴ
2934 3735 3108 3788 δοκεῖν
3161 3734 3373 3804 ἐρήμην
3417 3730 3787 3802 κατατρέχειν

2199 3828 2291 3884 τοῦ
2325 3829 2502 3898 λόγου.

531 3927 638 3979 quo
687 3913 790 3966 hoc
831 3915 992 3969 etiam
1035 3917 1187 3987 sequi
1216 3934 1456 3974 necesse
1493 3928 1600 3986 est,
1645 3924 1870 3992 perinde
1914 3931 2078 3995 atque
2134 3925 2428 3981 statuimus
2481 3923 2548 3978 ad
2589 3923 2670 3978 rei
2725 3937 2833 3977 non
2879 3917 3194 3974 exsistentis
3230 3915 3558 3971 creationem
3601 3914 3785 3972 solius

529 3999 727 4053 divinae
753 4003 1048 4059 voluntatis
1083 4013 1400 4075 potestatem
1443 4008 1688 4065 sullicere
1719 4030 1733 4065 :
1779 4013 1853 4066 ita
1904 4014 1950 4068 si
2004 4029 2186 4069 rerum
2216 4014 2328 4084 jam
2360 4012 2705 4068 conditarum
2744 4011 3197 4067 instaurationem
3225 4008 3468 4078 ejusdem
3517 4009 3782 4075 potestati

529 4089 923 4160 relinquamus,
984 4093 1116 4149 nihil
1168 4112 1268 4150 nos
1323 4098 1467 4167 quod
1497 4115 1528 4153 a
1583 4115 1711 4154 vero
1760 4103 2070 4170 abhorreat,
2116 4107 2425 4161 credituros
2463 4120 2606 4161 esse.
2643 4107 2962 4172 Quanquam
2995 4102 3158 4156 etiam
3204 4098 3435 4154 fortasse
3469 4099 3722 4167 praestari
3753 4114 3782 4150 a

527 4181 685 4236 nobis
726 4191 923 4253 potest,
974 4193 1032 4238 ut
1076 4185 1420 4257 indagatioue
1451 4191 1811 4258 quarumdam
1862 4194 2134 4248 rationum
2183 4195 2264 4250 eis
2305 4197 2398 4265 qui
2444 4195 2512 4248 de
2549 4193 2774 4249 materie
2817 4193 2919 4247 hoc
2959 4197 3117 4260 pacto
3157 4187 3515 4250 contendunt,
3554 4186 3785 4242 satisfa‘

527 4275 755 4340 ciamus,
814 4290 882 4332 ue
912 4292 1141 4347 prorsus
1185 4277 1252 4333 de
1298 4279 1389 4332 illa
1442 4281 1578 4334 nihil
1618 4281 1802 4338 dicere
1851 4284 2092 4341 voluisse
2124 4286 2296 4342 videri
2333 4285 2627 4357 possimus.

1079 4388 1307 4444 CAPUT
1361 4390 1549 4446 XXIV.

530 4475 798 4547 Refutatio
836 4480 1052 4533 illorum
1080 4482 1170 4550 qui
1201 4482 1370 4544 aiunt,
1394 4484 1666 4538 materiem
1698 4492 1747 4538 et
1773 4481 1942 4538 Deum
1961 4501 2096 4540 eoa:-

1149 4560 1299 4604 terna
1337 4569 1466 4607 €388.

595 4635 716 4690 Non
775 4638 918 4692 enim
967 4655 1034 4694 ex
1069 4655 1254 4694 earum
1314 4657 1496 4696 rerum
1540 4660 1789 4710 numero,
1836 4661 1958 4716 quae
2008 4661 2096 4702 res

526 4734 741 4789 ratione
789 4741 919 4787 sunt
961 4736 1321 4804 investigatur,
1360 4737 1595 4793 tollenda
1627 4749 1712 4795 est
1747 4740 1861 4795 hac
1892 4741 1958 4796 de
1981 4757 2097 4795 ma-

527 4826 665 4880 terie
734 4826 1030 4891 sententia,
1078 4842 1200 4895 quae
1246 4827 1394 4881 illam
1435 4843 1465 4880 a
1508 4837 1704 4884 natura
1764 4841 1974 4888 secreta
2027 4833 2096 4888 ab

515 4917 676 4969 omni
701 4917 943 4979 materie,
973 4923 1028 4972 et
1059 4933 1180 4986 quae
1205 4919 1320 4973 sola
1349 4918 1544 4976 mentis
1564 4919 1919 4991 intelligentia
1943 4937 2094 4978 com-

526 5006 905 5076 prehenditur,
938 5017 1113 5063 ortam
1135 5023 1257 5064 esse
1283 5010 1470 5065 tradit.
1497 5011 1688 5068 Omnis
1717 5029 1951 5083 namque
1976 5028 2094 5068 ma-

529 5099 693 5155 teries
741 5099 1098 5168 qualitatibus
1141 5101 1468 5170 quibusdam
1507 5100 1840 5170 praeditaest,
1859 5103 2016 5172 queis
2046 5103 2094 5159 si

526 5192 709 5260 reipsa
747 5192 1017 5261 privetur,
1047 5207 1154 5246 non
1177 5193 1290 5263 jam
1330 5196 1564 5264 amplius
1601 5194 1812 5250 ratione
1837 5208 2089 5264 compre-

528 5281 692 5337 hendi
719 5283 936 5352 poterit.
961 5283 1121 5339 Ratio
1144 5285 1361 5355 quidem
1381 5286 1592 5355 species
1619 5285 1903 5356 qualitatis
1927 5302 2096 5356 quas-

531 5374 662 5430 libet
719 5389 974 5445 separare
1017 5393 1049 5432 a
1094 5378 1322 5433 materie
1364 5377 1610 5447 subjecta
1654 5385 1832 5447 potest
1882 5397 1894 5431 :
1956 5377 2096 5431 ratio

529 5476 708 5524 autem
759 5469 957 5524 mentis
1005 5476 1088 5524 est
1128 5470 1348 5541 propria
1391 5470 1638 5533 quaedam
1682 5469 2093 5538 contemplatio,

427 5595 430 5598 .
530 5574 639 5614 non
692 5561 957 5630 corporis.
1001 5561 1152 5625 Esto,
1204 5561 1437 5630 exempli
1498 5561 1690 5630 gratia,
1754 5561 2090 5630 propositum

535 5653 958 5709 eonsiderationi
991 5659 1192 5708 nostra:
1224 5652 1305 5707 vel
1339 5651 1539 5706 animal
1583 5651 1880 5721 quoddam,
1925 5652 2006 5706 vel
2030 5652 2092 5705 li-

2704 4392 3099 4448 ΚΕΦΑΛΑῙΟΝ
3139 4390 3263 4446 ΚΔ’.

2207 4488 2581 4556 Ἀντίῤῥησις
2621 4485 2770 4554 πρὸς
2798 4485 2973 4556 Ατοὺςζ
3001 4483 3309 4556 λέγοκτας,
3355 4484 3673 4539 συναΐδιον
3697 4485 3782 4542 εἷ-

2614 4553 2712 4610 ναι
2747 4554 2829 4619 τῷ
2860 4553 2982 4620 Θεῷ
3015 4554 3127 4621 τὴν
3162 4554 3345 4620 ὕλην.

2265 4649 2398 4703 οὑδὲ
2430 4648 2538 4719 γὰρ
2566 4648 2671 4714 ἔξω
2707 4647 2817 4700 τῶν
2864 4645 3005 4699 κατὰ
3040 4645 3099 4698 τὸ
3126 4645 3416 4700 ἀκόλουθον
3451 4647 3782 4718 εὑρισκομέ-

2193 4757 2298 4793 νων
2333 4741 2365 4810 ή
2409 4740 2537 4810 περὶ
2576 4738 2676 4808 τῆς
2706 4737 2836 4808 ὕλης
2882 4736 3149 4807 ὑπόληψις
3187 4737 3457 4804 φαίνεται,
3501 4738 3533 4807 ἡ
3573 4738 3637 4789 ὲκ
3677 4739 3780 4792 τοῦ

2198 4831 2384 4902 νοητοῦ
2409 4848 2466 4884 τε
2489 4825 2582 4885 καὶ
2607 4830 2770 4888 ἀΰλου
2809 4830 3011 4898 ταύτην
3039 4828 3336 4896 ὑποστῆναι
3365 4827 3777 4898 πρεσϐεύουσα·

2199 4927 2375 4979 πᾶσαν
2400 4923 2508 4994 γὰρ
2533 4913 2837 4994 εὑρήσομεν
2885 4921 2948 4974 ὲκ
2990 4919 3286 4988 ποιοτήτων
3327 4919 3486 4972 τινῶν
3517 4919 3784 4971 συνεστῶ⁴

2198 5033 2296 5070 σαν
2345 5015 2445 5086 τὴν
2493 5012 2644 5084 ὓλην,
2675 5005 2750 5066 ὦν
2793 5012 2842 5064 εἰ
2900 5008 3208 5081 γυμνωθείη
3255 5008 3373 5061 καθ’
3415 5007 3634 5077 ἑαυτὴν,
3687 5009 3781 5060 οὑ-

2195 5107 2364 5177 δαμοῦ
2394 5106 2471 5176 τῷ
2513 5106 2656 5175 λόγῳ
2690 5104 3183 5173 καταληφθήσεται.
3222 5101 3381 5155 Ἀλλὰ
3413 5102 3517 5172 μὴν
3545 5100 3782 5154 ἕκαστον

2197 5197 2478 5266 ποιότητος
2525 5191 2662 5257 εἶδος
2709 5193 2850 5262 λόγῳ
2903 5192 2996 5245 τοῦ
3049 5191 3404 5260 ὑποκειμένου
3458 5190 3777 5260 χωρίζεται.

2213 5287 2270 5340 '0
2299 5287 2354 5340 δὲ
2380 5287 2534 5354 λόγος
2566 5286 2726 5355 νοητή
2753 5285 2837 5347 τίς
2873 5284 3006 5348 ἐστι,
3042 5284 3136 5336 καὶ
3172 5283 3290 5352 οὐχὶ
3324 5281 3606 5352 σωματικὴ
3640 5280 3780 5335 θεω-

2208 5377 2314 5446 ρία.
2350 5372 2492 5441 Οἷον,
2522 5377 2881 5446 προκειμένου
2912 5373 3049 5438 ζώου
3087 5373 3228 5435 τινος
3276 5372 3308 5442 ἢ
3360 5371 3514 5436 ξύλου
3542 5375 3610 5442 τῇ
3641 5371 3779 5425 θεω-

2207 5469 2317 5539 ρίᾳ,
2342 5469 2376 5538 ή
2410 5484 2553 5531 τινος
2577 5467 2735 5521 ἄλλου
2767 5466 2875 5518 τῶν
2901 5463 3087 5534 ὑλικὴν
3114 5464 3342 5534 ἐχόντων
3369 5463 3465 5533 τὴν
3493 5461 3775 5524 σύστασιν,

2203 5559 2370 5612 πολλὰ
2401 5561 2527 5630 περὶ
2553 5559 2612 5612 rb
2636 5557 2991 5629 ὑποκείμενον
3009 5559 3075 5628 τῇ
3099 5557 3217 5610 κατ’
3248 5556 3488 5609 ἐπίνοιαν
3513 5554 3776 5626 διαιρέσει

2200 5650 2623 5720 κατενοήσαμεν,
2667 5642 2740 5704 ὧν
2783 5648 3010 5703 ἑκάστου
3038 5646 3172 5717 πρὸς
3215 5646 3275 5700 τὸ
3305 5646 3776 5719 συνθεωρούμενον
