4088 6210
246 200 356 254 2:3

1513 218 1601 273 DE
1642 219 1924 280 HOMINIS
1963 225 2276 284 ONFICIO.

3411 237 3515 292 ΞΗ

248 328 501 395 ἀμίκτοις
531 329 560 379 ὀ
583 325 738 395 λόγος
772 326 906 399 ἔχει.
933 328 1157 400 Ἕτερος
1191 331 1313 402 γὰρ
1344 331 1498 386 δ’ντοῦ
1522 335 1833 407 χρώματος,

1943 356 2145 410 gnum,
2195 343 2281 398 vel
2323 342 2454 412 quid
2501 343 2650 396 aliud
2702 345 2844 412 quod
2895 363 2962 400 ex
3012 348 3238 402 materie
3279 361 3514 408 constet.

246 415 348 467 κιὶ
376 414 560 485 ἕτερος
598 416 693 468 τοῦ
725 416 924 488 βάρους
953 420 982 472 ὀ
1011 418 1186 486 λόγος,
1225 421 1254 472 ό
1284 420 1381 490 τῆς
1413 423 1708 496 ποσότητος
1735 429 1839 481 πά-

245 515 354 570 λιν,
382 509 477 561 καί⁵
514 511 542 562 ὁ
574 509 675 579 τῆς
704 511 863 574 ποιᾶς
893 512 1034 565 κατά
1054 512 1151 583 τὴν
1183 513 1326 583 ἁφὴν
1359 514 1634 586 ἰδιότητος.
1671 519 1744 572 ’Ἡ
1781 536 1838 572 τε

241 599 354 670 γάρ
400 601 716 672 μαλακότης
766 603 862 656 καὶ
901 603 964 656 τὸ
1007 603 1229 673 δίπηχυ,
1272 607 1362 658 καὶ
1413 606 1484 659 τά
1526 607 1687 661 λοιπὰ
1733 610 1838 662 τῶν

239 695 576 764 εξρημὲνων,
608 694 733 747 οὔτε
761 694 1031 765 ἀλλήλοις,
1057 693 1184 747 οὕτε
1220 695 1300 766 τῷ
1334 695 1542 768 σώματι
1579 700 1715 752 κατὰ
1750 701 1838 752 τὸν

239 785 399 855 λόγον
437 787 800 858 συμφέρεται.
841 787 1101 840 Ἐκόιστου
1130 785 1238 857 γὰρ
1273 787 1476 842 τούτων
1524 790 1674 852 ἴδιος,
1717 791 1840 846 καθ’

241 879 269 932 ὃ
295 880 470 940 ἐστιν,
497 880 528 930 ὁ
560 879 952 948 ὲρμηνευτικὺς
995 880 1120 950 ὄρος
1174 880 1488 945 ἐπινοεῖται,
1533 882 1684 935 οὐδὲν
1727 885 1840 936 επι-

243 968 523 1021 κοινωνῶν
549 969 684 1040 ἄλλῃ
710 969 815 1021 τινὶ
837 969 944 1021 τῶν
969 987 1035 1021 πε
1045 970 1096 1038 ρὶ
1117 969 1178 1022 τὸ
1210 970 1566 1040 ὑποκείμενον
1607 971 1838 1044 θεωρουο

248 1058 427 1128 μένων
467 1057 739 1129 ποιότητι.
792 1060 854 1111 Εἰ
907 1059 1087 1112 τοίνυν
1133 1059 1322 1130 νοητὸν
1374 1061 1472 1130 μὲν
1515 1060 1588 1114 ei!
1617 1062 1834 1134 χρῶμα,

241 1148 409 1217 νοητὴ
461 1147 521 1200 δὲ
569 1151 663 1200 καὶ
703 1148 737 1217 ἠ
782 1148 1093 1211 ἀντιτυπία,
1141 1150 1234 1201 καὶ
1268 1149 1300 1218 ἡ
1336 1150 1587 1220 ποσότης,
1631 1153 1726 1205 καὶ
1767 1152 1837 1206 τά

243 1236 408 1290 λοιπά
439 1237 554 1290 τῶν
573 1236 832 1290 τοιούτων
877 1237 1201 1308 ἰδιωμάτων,
1227 1237 1456 1292 ἕκαστον
1480 1241 1538 1293 δὲ
1557 1241 1758 1296 τούτων
1787 1243 1835 1294 εί

242 1328 567 1400 ὖφαιρεθείη
621 1328 714 1382 τοῦ
772 1330 1168 1401 ὑποκειμένου,
1220 1334 1328 1395 πᾶς
1369 1333 1398 1385 ὁ
1442 1332 1536 1384 τοῦ
1584 1331 1834 1403 σώματος

244 1419 620 1474 συνδιαλύεται
661 1421 857 1488 λόγος⁸
906 1421 1197 1475 ἀκόλουθον
1231 1421 1296 1476 ἂν
1332 1422 1439 1493 εἴη,
1479 1417 1558 1476 ὧν
1599 1424 1696 1494 τὴν
1724 1426 1835 1479 ἀπ-

243 1511 430 1564 ουσίαν
451 1511 552 1582 τῆς
572 1511 668 1565 τοῦ
706 1510 956 1581 σώματος
991 1511 1198 1576 λύσεως
1225 1513 1402 1567 αἰτίαν
1436 1513 1690 1585 εὕρομεν,
1713 1515 1835 1567 τοὺ-

242 1618 349 1656 των
401 1603 505 1673 τὴν
551 1602 859 1674 συνδρομὴν
917 1604 1229 1659 άποτίκτειν
1282 1604 1382 1676 τὴν
1409 1605 1623 1676 ’ὑλικὴν
1671 1606 1831 1676 φύσιν

1945 432 2110 487 Multa
2153 433 2212 488 in
2271 433 2375 488 hoc
2421 434 2755 504 cogitatione
2811 443 3023 491 secreta
3069 438 3513 506 consideramus,

1941 538 2173 592 quorum
2198 525 2541 596 singulorum
2577 529 2718 582 ratio
2749 543 3098 598 nequaquam
3125 532 3267 587 inter
3297 550 3358 590 se
3385 552 3517 590 con-

1940 614 2207 670 funditur.
2262 618 2381 670 Alia
2437 619 2583 672 enim
2637 619 2863 683 coloris,
2917 620 3025 674 alia
3072 624 3352 690 ponderis,
3408 625 3513 681 alia

1939 707 2266 775 quantitatis
2306 708 2358 761 in
2396 718 2654 763 contactu
2701 718 2784 764 est
2825 711 2985 764 ratio.
3024 709 3157 766 Nam
3196 717 3513 784 mollitudo,

1941 798 2170 852 duorum
2198 799 2504 854 cubitorum
2535 801 2870 870 magnitudo,
2888 812 3081 858 caetera
3108 820 3229 873 quae
3253 806 3512 872 diximus,

1945 905 2121 958 neque
2155 891 2297 945 inter
2327 906 2386 946 se
2422 899 2634 955 mutuo,
2671 909 2850 962 neque
2890 909 3013 948 cum
3041 909 3270 964 corpore
3307 913 3404 966 per
3437 912 3518 951 ra-

1939 981 2144 1034 tionem
2165 980 2544 1036 conferuntur.
2580 982 2802 1052 Singula
2831 984 2999 1046 enim,
3035 986 3108 1038 ita
3138 994 3194 1039 ut
3217 987 3511 1052 exsistunt,

1939 1074 2161 1142 propria
2192 1074 2426 1142 quadam
2452 1074 2701 1128 ﬁnitione
2734 1075 3080 1130 considerata
3111 1076 3512 1147 intelliguntur,

1937 1163 2028 1217 cui
2063 1164 2201 1217 nihil
2233 1173 2318 1219 est
2363 1180 2491 1218 cum
2538 1166 2902 1234 qualitatibus
2934 1167 2986 1219 in
3022 1182 3081 1221 re
3121 1168 3364 1236 subjecta
3407 1184 3512 1223 ca:-

1936 1255 2070 1311 teris
2101 1271 2412 1311 commune.
2456 1256 2596 1328 Ergo
2641 1258 2688 1313 si
2740 1258 3224 1327 comprehenditur
3262 1275 3292 1313 a
3335 1268 3514 1314 mente

1936 1349 2121 1414 color,
2173 1349 2453 1414 soliditas,
2508 1352 2820 1420 quantitas,
2873 1353 3138 1406 attributa
3197 1353 3510 1422 huiusmodi

1936 1447 2153 1504 caetera,
2206 1456 2326 1510 quae
2374 1441 2589 1510 singula
2640 1443 2687 1496 si
2745 1443 2823 1496 rei
2867 1443 3132 1512 subjectae
3173 1445 3510 1512 adimantur,

1936 1537 2050 1584 tota
2089 1532 2338 1600 corporis
2375 1535 2519 1586 ratio
2542 1532 2887 1599 dissolvitur;
2927 1550 3058 1590 vero
3082 1535 3346 1589 nimirum
3373 1551 3511 1591 con~

1936 1629 2257 1675 sentaneum
2289 1621 2415 1682 erit,
2448 1636 2636 1674 earum
2673 1638 2856 1676 rerum
2890 1639 3220 1679 concursum
3257 1634 3513 1680 naturam

243 1694 672 1765 ὖπολαμσάνειν.
712 1695 800 1757 Ὠς
833 1695 943 1766 γὰρ
969 1696 1067 1748 οὒκ
1096 1695 1210 1748 ἔστι
1239 1695 1422 1767 σῶμα,
1452 1692 1496 1765 ᾧ
1528 1697 1588 1750 τὸ
1613 1698 1832 1768 χρῶμα,

1936 1726 2002 1765 ex
2033 1711 2257 1764 materia
2287 1719 2628 1766 constantem
2657 1712 2870 1766 eﬂicere
2893 1733 2905 1767 :
2931 1730 3053 1782 quae
3086 1731 3174 1770 res
3216 1716 3261 1770 si
3299 1717 3506 1782 absint,

248 1783 340 1837 καὶ
366 1783 430 1836 τὸ
456 1784 660 1855 σχῆμα,
692 1784 788 1836 καὶ
817 1785 852 1854 ἡ
884 1783 1172 1838 ἀντιτυπία
1201 1784 1294 1836 καὶ
1336 1784 1370 1854 ἡ
1410 1784 1710 1847 διάστασις,
1742 1786 1836 1837 καὶ

248 1877 308 1929 τὸ
343 1875 530 1945 βάρος,
551 1875 645 1930 καὶ
666 1874 735 1928 τὰ
755 1874 918 1928 λοιπὰ
953 1874 1063 1928 τῶν
1099 1863 1404 1946 ἰδιωμάτων
1428 1875 1489 1928 οὐ
1524 1874 1835 1946 πρόσεστιν,

249 1966 490 2020 Ξκαστον
515 1966 573 2019 δὲ
604 1965 802 2020 τούτων
850 1965 1007 2037 σῶμα
1055 1967 1156 2020 οὐκ
1201 1966 1369 2029 ἐστιν,
1410 1965 1526 2019 ἀλλ’
1571 1966 1755 2037 ἕτερόν
1784 1983 1837 2019 τι

257 2057 416 2127 παρά
459 2057 522 2110 τὸ
561 2057 734 2127 σῶμα,
783 2056 924 2111 κατά
966 2056 1026 2110 τὸ
1071 2055 1270 2121 ἰδιάζον
1316 2057 1665 2128 εὑρίσκεται⁹
1698 2057 1838 2111 οὕτω

253 2148 398 2202 κατά
441 2149 504 2202 τὸ
539 2148 909 2219 ἀντίστροφον,
939 2148 1072 2202 ὅπου
1097 2147 1144 2201 δ’
1186 2147 1253 2202 ἀν
1279 2147 1559 2220 συνδράμῃ
1596 2147 1666 2200 τὰ
1689 2150 1838 2219 εἰρη-

255 2241 406 2309 μένα,
438 2241 540 2301 τὴν
571 2238 886 2310 σωματικὴν
911 2238 1210 2293 ὑπόστασιν
1241 2237 1631 2308 ἀπεργάζεται.
1678 2238 1838 2292 Ἀλλά

251 2329 355 2400 μὴν
385 2331 436 2382 εἰ
472 2328 642 2399 νοητὴ
666 2327 776 2382 τῶν
812 2327 1115 2397 ἰδιωμάτων
1161 2328 1364 2382 τούτων
1407 2329 1440 2399 ἠ
1488 2329 1832 2398 κατανόησις,

247 2421 428 2490 νοητὸν
445 2421 506 2473 δὲ
537 2423 604 2491 τῇ
635 2419 795 2489 φύσει
822 2421 882 2473 τὸ
919 2419 1108 2474 Θεῖονο
1150 2420 1302 2474 οὐδὲν
1347 2420 1592 2484 ἀπεικὸς,
1636 2421 1702 2473 ἐκ
1739 2421 1836 2489 τῆς

243 2512 537 2580 ἀσωμάτου
574 2512 790 2581 φύσεως
823 2510 922 2575 τὰς
953 2511 1146 2580 νοεράς
1192 2510 1392 2575 ταύτας
1422 2511 1675 2582 ἀφορμὰς
1699 2509 1836 2581 πρὸς

243 2602 340 2673 τὴν
368 2603 477 2655 τῶν
521 2603 790 2672 σωμάτων
827 2602 1037 2671 γένεσιν
1070 2603 1391 2671 ὑποστῆναι,
1430 2603 1530 2669 τῆς
1575 2602 1672 2671 μὲν
1713 2618 1838 2671 νοη-

246 2695 339 2763 τῆς
373 2694 594 2763 φύσεως
628 2693 726 2756 τὰς
753 2696 947 2764 νοητὰς
983 2693 1297 2764 ὓφιστώσης
1336 2681 1613 2764 δυνάμεις,
1645 2693 1745 2761 τῆς
1778 2692 1835 2744 δὲ

245 2784 439 2837 τούτων
466 2783 611 2854 πρὸς
633 2784 836 2852 ἄλληλα
863 2784 1166 2855 συνδρομῆς
1191 2785 1289 2855 τὴν
1309 2782 1483 2854 ὑλώδη
1511 2783 1672 2852 φύσιν
1694 2800 1834 2852 παρ-

246 2879 478 2947 αγούσης
519 2878 604 2940 είς
629 2877 862 2944 γένεσιν.
891 2875 1051 2929 Ἀλλὰ
1088 2874 1261 2928 ταῦτα
1299 2874 1397 2945 μὲν
1427 2873 1566 2926 κατά
1593 2875 1656 2928 τὸ
1687 2874 1830 2944 πάρ-

244 2985 394 3040 εργον
435 2971 577 3038 ἡμῖν
621 2967 1048 3037 παρεξετάσθωο
1099 2967 1231 3037 ἡμῖν
1273 2966 1332 3018 δὲ
1376 2965 1538 3020 πάλιν
1586 2966 1680 3018 ἐπὶ
1732 2966 1831 3036 τὴν

1937 1817 2138 1873 corpus
2175 1803 2402 1858 interire
2431 1805 2730 1859 videamus.
2768 1804 2903 1858 Nam
2947 1815 3006 1858 ut
3038 1820 3238 1876 corpus
3263 1822 3373 1861 non
3401 1816 3508 1874 est,

1939 1895 2083 1966 quod
2124 1896 2327 1961 colore,
2379 1895 2576 1962 forma,
2624 1896 2922 1964 soliditate,
2972 1899 3167 1966 spatio,
3214 1900 3505 1968 gravitate,

1937 1984 2218 2040 attributis
2261 1986 2476 2043 castoris
2516 1988 2803 2057 praeditum
2853 2002 2962 2041 non
2996 1999 3102 2050 est,
3131 1988 3276 2043 sicut
3308 1997 3363 2046 et
3395 1991 3510 2046 haec

1936 2079 2152 2148 singula
2182 2093 2386 2149 corpus
2416 2093 2525 2133 non
2560 2089 2711 2145 sunt,
2752 2094 2878 2133 cum
2923 2095 2953 2132 a
2996 2094 3225 2149 corpore
3261 2096 3510 2136 seorsum

1935 2171 2284 2225 considerata
2311 2171 2576 2242 distingui
2613 2174 2828 2241 possint
2856 2191 2870 2226 :
2906 2171 2988 2226 sic
3018 2187 3050 2226 e
3087 2171 3394 2237 contrario,
3419 2175 3510 2228 ubi

1935 2276 1999 2317 ea
2039 2278 2162 2331 qua:
2200 2264 2584 2319 recensuimus
2610 2270 2834 2328 coeunt,
2879 2278 3078 2332 corpus
3110 2264 3369 2320 constitui
3415 2280 3513 2321 ne-

1934 2367 2091 2408 cesse
2111 2362 2216 2408 est.
2243 2352 2450 2408 Horum
2471 2363 2651 2410 autem
2685 2357 2936 2424 corporis
2969 2356 3357 2410 attributorum
3380 2371 3516 2413 con-

1937 2447 2200 2502 sideratio
2222 2447 2268 2501 si
2299 2451 2502 2503 mentis
2526 2447 2789 2503 facultate
2818 2449 2895 2513 tit,
2917 2465 2980 2503 ac
3004 2448 3097 2504 Dei
3125 2451 3290 2505 etiam
3315 2457 3513 2505 natura

1935 2545 2119 2592 mente
2156 2546 2367 2592 tantum
2413 2539 2900 2608 comprehenditur
2936 2560 2950 2595 :
2991 2557 3100 2596 non
3142 2542 3442 2596 abhorrens
3481 2557 3514 2595 a

1934 2645 2066 2685 vero
2114 2632 2452 2686 censendum
2478 2641 2583 2696 est,
2615 2631 2661 2686 si
2695 2631 2942 2686 dicamus
2975 2647 3006 2685 a
3040 2640 3234 2686 natura
3265 2633 3514 2702 corporis

1934 2729 2158 2788 experte
2201 2721 2334 2774 oriri
2382 2720 2654 2789 principia
2701 2721 2874 2775 menti
2913 2728 3282 2776 consentanea
3326 2736 3511 2790 posse,

1933 2810 2002 2867 de
2040 2811 2244 2880 quibus
2293 2809 2489 2864 deinde
2532 2825 2768 2880 corpora
2802 2811 3212 2865 constituantur
3255 2829 3268 2865 :
3314 2818 3515 2866 natura

1933 2918 2055 2972 quae
2105 2912 2288 2958 mente
2331 2902 2656 2972 percipitur,
2711 2901 2999 2957 facultates
3043 2903 3146 2956 sibi
3194 2903 3514 2958 consimiles

1932 2994 2211 3050 excitante
2270 3012 2284 3050 :
2335 3008 2568 3064 quarum
2614 2992 2811 3048 deinde
2847 3007 3119 3048 concursu
3175 3005 3366 3048 mutuo
3398 3008 3510 3057 res,

1929 3102 2050 3156 quze
2088 3103 2154 3142 ex
2187 3086 2416 3141 materie
2455 3093 2694 3152 constat,
2731 3087 2925 3140 oritur.
2972 3085 3170 3140 Verum
3207 3086 3322 3142 hate
3343 3087 3514 3140 animi

243 3157 386 3219 δντος
427 3155 736 3224 ὑποστῆναι
788 3155 848 3206 τὸ
898 3155 1006 3208 πᾶν
1049 3151 1372 3224 ἐδεξάμεθα,
1407 3155 1502 3208 καὶ⁸
1550 3153 1711 3208 πάλιν
1748 3153 1828 3214 εἰς

1936 3193 2096 3235 causa
2142 3187 2300 3234 extra
2332 3179 2643 3233 institutum
2689 3193 2720 3232 a
2761 3178 2920 3233 nobis
2956 3177 3282 3248 investigata
3330 3178 3512 3248 putari

243 3245 404 3316 ἀλλην
444 3245 574 3299 τινὰ
620 3242 1150 3315 μεταστοιχειοῢσθαι
1191 3245 1522 3299 κατάστασιν
1552 3243 1703 3316 παρά
1727 3245 1827 3315 τῆς

1936 3269 2149 3325 debent.
2178 3269 2392 3325 Idcirco
2430 3269 2541 3340 jam
2571 3269 2879 3326 revocanda
2911 3270 3063 3324 illam
3096 3242 3514 3339 advpersuasio-

244 3339 463 3411 Γραφῆς
496 3336 853 3408 διδαχθέντες,
886 3339 986 3392 οὐκ
1012 3337 1442 3409 ἀμφιϐάλλομεν.

1936 3376 2054 3415 nem
2093 3368 2179 3416 est
2228 3361 2427 3424 oratio,
2474 3376 2582 3432 qua
2621 3361 2689 3416 de
2731 3361 2906 3415 nihilo
2950 3359 3148 3416 factam
3177 3376 3300 3416 esse
3330 3375 3513 3416 rerum

245 3453 680 3519 universitatem,
702 3460 758 3508 et
778 3468 900 3508 eam
943 3452 1184 3508 vicissim
1211 3452 1264 3506 in
1290 3451 1457 3506 alium
1489 3460 1694 3508 statum
1716 3451 2162 3508 commutandam
2195 3468 2340 3522 esse,
2373 3459 2432 3507 ut
2467 3467 2536 3508 ex
2588 3454 2836 3508 doctrina
2871 3467 3148 3510 sacrarum
3184 3450 3515 3508 Litterarum

245 3061 416 3112 πίστιν
466 3059 807 3112 ὲπανακτέον
844 3056 933 3110 τὸν
971 3057 1149 3126 λόγον,
1191 3058 1259 3110 δι’
1295 3051 1362 3128 ἦς
1407 3055 1470 3109 ἐκ
1523 3073 1578 3110 τε
1616 3059 1710 3111 τοῦ
1752 3058 1825 3129 μὴ
1853 3053 1895 3110 C

245 3551 583 3622 accepimus,
609 3550 683 3604 ita
701 3563 916 3604 omnem
948 3555 1100 3603 extra
1125 3546 1519 3602 dubitationem
1550 3547 1831 3618 ponimus.

757 3657 1152 3716 ΚΕΦΑΛΑΙΟΝ
1181 3661 1312 3714 ΚΕ’.

251 3777 371 3844 Πῶς
402 3777 483 3829 ἄν
512 3793 605 3841 τις
627 3773 726 3829 καί
767 3772 884 3844 τῶν
921 3774 1142 3844 ἐξωθεῖ
1181 3773 1550 3844 προσαχθείη
1581 3773 1829 3844 πιστεῦ-

313 3840 416 3900 σίαι
459 3844 552 3934 ’τῇ
582 3840 815 3914 Γραφῇ
868 3844 1000 3913 περί
1058 3840 1168 3912 τῆς
1227 3841 1617 3907 ἀναστάσεως
1665 3841 1828 3897 616a-

365 3933 586 3970 κουσῃ.
1356 3944 1360 3949 ‘

365 3934 531 3970 κουσ·
571 3955 586 3970 .
1356 3944 1360 3949 ι

319 3935 476 4060 ῗΔλΥ
517 3934 648 4068 ἕως
687 4021 772 4066 τις
815 4003 950 4075 πρὸς
984 4004 1052 4057 τὰ
1096 4002 1411 4057 διαλυθέντα
1457 4001 1684 4074 σώματα
1718 4001 1836 4074 βλέ-

253 4116 388 4163 πων,
414 4100 510 4152 καὶ
541 4097 675 4168 πρὸς
698 4095 761 4148 τδ
791 4095 986 4168 μέτρον
1007 4096 1104 4167 τῆς
1127 4096 1260 4160 ἰδίας
1299 4094 1575 4165 δυνάμεως
1600 4094 1660 4148 τὸ
1682 4094 1864 4149 Θείον·

249 4190 470 4260 κρίνων,
505 4187 597 4241 τδν
644 4188 744 4256 τῆς
781 4186 1125 4250 ἀναστάσεως
1168 4187 1324 4254 λόγον
1378 4185 1636 4239 ἀδύνατον
1679 4184 1818 4241 εἷναί

249 4296 403 4347 φησι,
429 4279 528 4330 καὶ
551 4275 841 4347 στήσεσθαι
869 4274 937 4328 τὰ
958 4273 1052 4328 νῦν
1075 4273 1387 4344 κινούμενα,
1411 4275 1506 4328 καὶ
1531 4275 1826 4346 ἀναστήσε-

251 4370 394 4422 σθαι·
422 4367 596 4422 τὰνῦν
623 4366 696 4438 μὴ
721 4365 1011 4436 κινούμενα
1039 4365 1112 4436 μὴ
1140 4363 1448 4436 ἐνδέχεσθαι
1469 4365 1661 4433 λέγων’
1680 4365 1833 4418 dum

249 4462 488 4523 τοιοῦτος
521 4457 736 4530 πρῶτον
773 4457 870 4526 μὲν
908 4457 1001 4509 καὶ
1046 4455 1299 4526 μέγιστον
1343 4454 1599 4508 ποιείσθω
1626 4455 1833 4526 τεκμήο

2491 3636 2728 3694 CAPUT
2771 3635 2940 3692 XXV.

1936 3762 2054 3832 Quo
2093 3772 2248 3830 pacto
2282 3764 2402 3832 quis
2431 3763 2589 3816 etiam
2625 3763 2831 3816 alienus
2875 3780 2907 3816 a
2948 3761 3192 3818 doctrina
3240 3762 3511 3831 Ecclesiae,

2006 3833 2175 3894 possit
2221 3831 2436 3893 adduci.
2481 3843 2539 3886 ut
2583 3833 2799 3887 Litteris
2841 3835 3037 3898 sacris,
3081 3834 3514 3888 resurrectionem

2005 3918 2071 3957 ea:
2116 3904 2338 3958 mortuis
2386 3903 2500 3973 fore
2537 3903 2945 3972 afﬁrmantibus,
2987 3905 3146 3974 ﬁdem
3193 3903 3402 3958 habeat.

2003 3994 2208 4051 Verum
2251 3994 2418 4050 fuerit
2473 3994 2674 4065 aliquis
2711 3994 2968 4058 fortasse,
3014 3995 3108 4066 qui
3148 4011 3380 4066 corpora
3415 4011 3514 4066 per

1935 4083 2221 4141 interitum
2268 4084 2533 4154 dissipata
2563 4084 2946 4152 considerans,
2981 4094 3035 4141 et
3070 4101 3182 4142 suae
3226 4084 3516 4155 potestatis

1934 4175 2158 4231 modulo
2188 4176 2428 4231 divinam
2464 4177 2713 4239 metiens,
2757 4176 2872 4229 ﬁeri
2908 4192 3017 4229 non
3052 4191 3214 4245 posse
3245 4183 3418 4244 putet,
3454 4184 3513 4229 ut

1933 4282 2000 4322 ex
2025 4270 2254 4324 mortuis
2276 4283 2652 4339 resnrgamus,
2686 4283 2750 4322 ac
2777 4283 2865 4322 res
2889 4283 3008 4336 qua:
3045 4277 3330 4321 moventur
3355 4269 3513 4338 quie-

1939 4367 2122 4421 scant,
2144 4375 2374 4430 qumque
2407 4375 2556 4414 nunc
2591 4368 2738 4416 motu
2763 4368 2972 4423 carent,
3005 4360 3337 4414 excitentur.
3372 4360 3512 4416 Huic

1936 4451 1989 4506 id
2020 4451 2257 4520 primum
2292 4459 2614 4521 argumento
2649 4451 2744 4516 sit,
2779 4451 3006 4506 omnino
3044 4451 3286 4506 futuram
3327 4467 3513 4508 resur-

253 4568 370 4619 ρεον
397 4549 495 4616 τῆς
527 4549 666 4603 κατά
695 4549 792 4620 τὴν
821 4548 1114 4602 ἀνάστασιν
1141 4545 1417 4617 ἀληθείας,
1442 4546 1504 4598 τὸ
1535 4545 1628 4599 τοῦ
1660 4543 1831 4616 κηρύ-

1936 4543 2235 4596 rectionem
2269 4561 2282 4596 :
2329 4541 2477 4612 quod
2517 4543 2848 4598 certissimis
2890 4550 2974 4598 est
3004 4544 3246 4598 oraculis
3280 4559 3342 4599 ea
3378 4561 3514 4614 pra:-

248 4656 459 4706 γματος
505 4640 672 4711 αὐτῆς
709 4638 1054 4703 ἀξιόπιστονο
1089 4639 1121 4708 ἡ
1159 4637 1216 4690 δὲ
1263 4635 1368 4689 τῶν
1408 4636 1713 4706 λεγομένων
1747 4636 1832 4689 πί-

249 4746 370 4794 στις
399 4733 462 4783 ὲκ
488 4732 584 4801 τῆς
614 4732 724 4784 τῶν
751 4731 952 4784 λοιπῶν
979 4729 1085 4782 τῶν
1109 4728 1525 4802 προρρηθέντων
1555 4729 1830 4791 ἐκϐάσεως

247 4821 314 4873 τὸ
340 4823 569 4891 ἀσιραλὲς
598 4823 731 4892 ἔχει.
769 4823 985 4892 Ἐπειδὴ
1017 4821 1123 4892 γάρ
1167 4821 1390 4884 πολλούς
1428 4839 1483 4873 τε
1515 4822 1608 4874 καὶ
1637 4837 1829 4872 παντο⁴

247 4911 452 4976 δίπους
481 4915 746 4986 παρέθετο
768 4914 960 4981 λόγους
986 4916 1018 4983 ἠ
1051 4913 1169 4966 θεία
1198 4912 1405 4984 l‘pazpﬁ,
1438 4912 1655 4964 δυνατόν
1683 4914 1832 4964 ἐστιν

247 5004 399 5067 ὅπως
419 5006 482 5057 ἂν
508 5006 604 5077 ἔχη
626 5005 856 5075 ψεύδους
877 5005 909 5076 ἢ
931 5003 1184 5076 ἀληθείας
1200 5005 1266 5058 τὰ
1287 5005 1446 5058 λοιπὰ
1473 5004 1579 5057 τῶν
1609 5002 1830 5073 sip-que-

249 5113 362 5148 νων
381 5095 768 5166 θεασαμένους,
791 5096 856 5150 δι’
878 5097 1098 5149 ἐκείνων
1121 5097 1214 5149 καὶ
1235 5096 1295 5149 τὸ
1324 5097 1448 5168 περὶ
1475 5095 1572 5166 τῆς
1593 5095 1828 5148 ἀναστά-

252 5201 393 5248 σεως
424 5187 602 5257 δόγμα
643 5187 994 5258 κατανοῆσαι.
1041 5188 1102 5240 Εἰ
1139 5188 1236 5258 μὲν
1265 5188 1373 5258 γὰρ
1413 5189 1469 5240 ὲν
1510 5188 1621 5248 τοῖς
1649 5185 1830 5248 ἄλλοις

249 5275 464 5342 ψευδεῖς
489 5281 537 5330 οἰ
566 5277 736 5346 λόγοι,
767 5279 858 5333 καὶ
875 5279 1258 5349 διεσφαλμένοι
1278 5279 1375 5348 τῆς
1408 5274 1661 5347 ἀληθείας
1681 5276 1831 5344 ἐλέγ-

251 5383 457 5433 χονται,
478 5368 597 5421 οὐδὲ
617 5367 775 5421 τοῦτο
808 5370 1022 5433 πάντως
1054 5367 1210 5431 ἐκτὸς
1241 5367 1467 5437 ψεύδους
1496 5367 1662 5422 ἐστίν.
1685 5367 1746 5420 Εἰ
1773 5367 1830 5419 δὲ

249 5457 326 5510 τὰ
351 5458 474 5510 ἀλλα
504 5459 677 5512 πάντα
709 5462 1085 5536 μαρτυροῦσαν
1107 5460 1221 5532 ἔχει
1244 5462 1310 5530 τῇ
1338 5457 1562 5530 ἀληθείᾳ
1591 5458 1688 5528 τὴν
1717 5461 1834 5510 πεῖ-

257 5562 386 5612 ραν,
407 5548 692 5602 ἀκόλουθον
735 5549 796 5606 ἂν
825 5557 904 5631 εἴη
933 5557 1001 5612 δι’
1033 5553 1264 5609 ἐκείνων
1306 5551 1400 5603 καὶ
1425 5551 1525 5621 τὴν
1578 5551 1702 5618 ’περὶ
1731 5547 1830 5620 τῆς

260 5636 605 5704 ἀναστάσεως
633 5640 920 5721 πρόρρησιν
963 5646 1141 5724 ἀληθῆ
1180 5641 1435 5713 νομίσαι.
1466 5638 1675 5695 Οὐκοῦν
1709 5641 1827 5693 ἐπι-

1933 4633 2099 4700 dicta‘,
2141 4649 2263 4704 quae
2300 4650 2426 4690 vera
2457 4650 2580 4690 esse
2612 4635 2680 4691 de
2709 4635 2813 4690 hoc
2845 4637 3010 4692 statui
3041 4643 3243 4706 potest,
3283 4637 3426 4708 quod
3459 4646 3514 4693 et

1936 4733 2133 4780 uetera
2205 4724 2295 4780 Dei
2346 4726 2602 4780 vaticinia
2657 4735 2888 4782 eventus
2944 4727 3062 4798 ipse
3112 4728 3508 4797 comprobavit.

1935 4812 2070 4867 Nam
2106 4830 2229 4868 cum
2273 4817 2441 4868 multa
2476 4818 2587 4872 sint
2635 4831 2699 4871 ac
2741 4817 2890 4870 varia
2930 4818 3102 4873 sacris
3133 4817 3356 4872 Litteris
3386 4833 3512 4888 pro-

1935 4906 2067 4967 dita,
2102 4906 2147 4959 si
2179 4921 2240 4960 ea
2260 4907 2343 4962 vel
2373 4907 2509 4962 falsa
2539 4907 2622 4962 vel
2655 4924 2779 4963 vera
2801 4925 2926 4966 esse
2947 4909 3468 4979 deprehenderimus
3495 4929 3507 4964 :

1933 4997 2120 5053 licebit
2153 5007 2207 5052 et
2235 4998 2302 5054 de
2333 5000 2756 5056 resurrectionis
2796 5001 3046 5056 doctrina
3097 5001 3320 5071 perinde
3348 5009 3512 5070 atque

1935 5089 2001 5144 de
2017 5091 2097 5145 eis
2129 5090 2469 5147 existimare.
2503 5091 2636 5145 Nam
2687 5091 2732 5147 si
2774 5100 2967 5146 etetera
3001 5091 3134 5146 falsa
3159 5101 3304 5156 sunt,
3350 5105 3512 5162 atque

1936 5195 1965 5233 a
2006 5183 2238 5236 veritate
2277 5182 2628 5237 abhorrentia
2664 5201 2677 5236 :
2709 5183 2872 5236 etiam
2907 5182 3022 5237 haec
3063 5181 3350 5236 mendacio
3399 5199 3506 5238 non

1934 5271 2160 5326 carebit.
2217 5270 2314 5326 Sin
2367 5273 2551 5325 omnia
2605 5287 2733 5325 vera
2793 5286 2936 5336 esse,
2998 5271 3114 5340 ipsa
3173 5271 3507 5340 experientia

1934 5367 2310 5422 testimonium
2358 5368 2712 5438 perhibente,
2764 5376 3028 5422 constat:
3077 5371 3507 5422 consentaneum

1934 5459 2148 5514 veritati
2186 5459 2352 5514 etiam
2387 5460 2491 5514 hoc
2521 5459 2588 5514 de
2620 5461 3024 5513 resurrectione
3057 5458 3376 5513 vaticinium
3411 5471 3509 5526 pu-

1937 5550 2160 5604 tandum
2191 5549 2317 5605 erit.
2361 5549 2699 5606 Revocemus
2725 5563 2856 5620 ergo
2899 5549 3057 5604 nobis
3091 5547 3148 5602 in
3187 5547 3511 5601 memoriam

1937 5655 2105 5697 unum
2146 5649 2310 5712 atque
2348 5642 2579 5698 alterum
2627 5656 2694 5699 ex
2728 5641 2820 5712 iis,
2869 5655 2989 5715 quae
3039 5645 3166 5697 ante
3203 5645 3334 5694 sunt
3377 5633 3522 5693 divi-
