4088 6210
691 306 799 360 ﬁlii

1937 296 1995 352 S.
2023 297 2346 355 GREGORII
2402 294 2696 353 NYSSENI
3682 283 3757 338 216

693 420 846 471 nitus
900 413 1249 479 denuntiata,
1309 419 1365 468 et
1412 419 1608 469 eventa
1653 427 1776 469 cum
1815 414 2259 484 praedictionibus
2289 429 2307 484 Α

2157 416 2259 470 bus
2289 429 2332 484 Α
2365 412 2690 485 μνησθῶμεν
2724 408 2840 470 ἑνὸς
2869 405 2901 476 ἢ
2933 405 3073 458 δυοῖν
3096 402 3214 472 ,τῶν
3235 395 3763 473 προκατηγγελμένων,καὶ

691 507 1061 565 conferamus.
1094 513 1153 558 ut
1180 521 1246 560 ex
1291 505 1400 560 illis
1439 521 1860 576 cognoscamus,
1889 521 2124 562 verusne
2154 508 2257 560 hac

694 600 857 652 etiam
911 599 970 651 in
1019 606 1172 667 parte
1216 597 1437 654 divinus
1479 613 1659 654 sermo
1711 599 1782 652 sit
1833 598 2255 654 existimandus.

691 688 827 752 Quis
853 698 938 744 est
961 689 1055 758 qui
1077 689 1305 754 nesciat,
1335 703 1497 758 quam
1527 689 1656 742 olim
1690 688 2116 743 Israelitico-rum
2152 701 2256 740 na-

693 778 770 832 tio
824 794 1005 833 rerum
1059 781 1303 833 omnium
1353 780 1524 848 copiis
1577 777 1864 845 ﬂoruerit,
1913 793 2038 832 cum
2095 778 2260 832 etiam

694 870 961 925 adversus
989 870 1138 925 orbis
1185 870 1412 938 imperia
1441 877 1635 923 caetera
1666 869 2066 937 consurgeret?
2095 882 2260 937 quam

694 964 954 1031 praeclara
1001 961 1393 1031 Hierosolymis
1423 970 1578 1015 erant
1611 960 1845 1029 palatia?
1876 960 2115 1013 muenia?
2145 968 2260 1012 tur-

696 1055 826 1110 res?
846 1069 966 1123 qua:
996 1054 1181 1121 templi
1207 1051 1649 1120 magniﬁcentia?
1673 1051 1821 1119 ipsos
1851 1048 2064 1103 Domini
2104 1048 2262 1104 disci-

695 1147 854 1215 pulos
915 1148 1025 1199 hacc
1081 1145 1440 1197 admiratione
1489 1142 1652 1213 digna
1695 1143 1980 1196 censuisse
2023 1140 2257 1196 constat.

693 1234 830 1288 Nam
880 1236 1116 1304 quodam
1160 1233 1337 1287 all'ecti
1397 1240 1620 1301 stupore
1672 1233 1740 1288 de
1795 1234 1990 1286 horum
2034 1232 2258 1299 intuitu,

695 1325 986 1378 Dominum
1044 1325 1208 1380 etiam
1249 1324 1336 1377 his
1383 1324 1565 1378 verbis
1619 1324 1686 1377 ad
1747 1323 2258 1392 contemplationem

696 1418 1018 1482 invitarunt,
1067 1415 1520 1486 quemadmodum
1555 1423 1638 1470 est
1677 1430 1834 1470 sacro
1882 1415 1936 1468 in
1971 1414 2261 1485 Evangelia

696 1509 965 1576 proditum
1007 1525 1021 1560 :
1065 1525 1083 1556 ι
1115 1506 1325 1572 Quanta
1366 1506 1480 1559 haec
1506 1520 1670 1573 opera
1695 1512 1843 1568 sunt,
1868 1515 2086 1573 quantae
2111 1519 2258 1558 srru-

695 1605 864 1651 cturae
906 1596 950 1626 ⁸⁵
975 1596 1301 1650 hDominus
1335 1604 1515 1649 autem
1559 1602 1613 1648 et
1648 1593 1763 1648 fore
1792 1595 1887 1647 illo
1914 1594 1969 1647 in
2017 1593 2140 1646 loco
2169 1607 2263 1646 va-

696 1694 836 1739 stam
857 1682 1205 1739 solitudinem
1230 1684 1590 1751 demonstrat,
1609 1693 1662 1740 et
1677 1685 2003 1754 elegantiam
2023 1692 2264 1760 structu-

2359 503 2814 575 ἀντιπαραθῶμεν
2839 502 2952 561 τοῖς
2980 494 3336 568 προρρηθεῖσι
3369 495 3440 563 τὴν
3461 492 3644 556 ἑκϐασιν,
3667 488 3767 542 ὥστε

2357 597 2558 667 γνῶναι
2587 597 2653 648 δι’
2683 593 2880 656 αὐτῶν,
2909 593 2957 643 εί
2983 590 3116 660 πρὸς
3151 588 3248 658 τὴν
3273 585 3481 656 ἀλήθειαν
3501 585 3522 636 ό
3543 583 3656 650 λόγος
3682 580 3772 650 βλέ-

2359 707 2470 742 πει.
2511 686 2609 750 Τίς
2658 685 2757 738 οὑκ
2804 682 2942 736 οἶδεν
2979 683 3126 743 ὅπως
3157 679 3308 750 ἤνθει
3341 675 3449 730 κατὰ
3481 673 3526 727 τὸ
3557 675 3722 746 ἀρχαῖον
3756 673 3778 724 ό

2372 777 2708 850 Ἰσραηλίτης
2733 774 2882 836 λαὸς,
2919 772 3119 833 πάσαις
3151 771 3270 832 ταῖς
3299 767 3422 820 κατά
3453 765 3524 836 τὴν
3543 765 3781 832 οίκουμένην

2359 870 2694 931 δυναστείαις
2719 863 3195 935 ἀντεγειρόμενος;
3223 855 3310 912 οἷα
3329 855 3388 929 ἦν
3405 857 3458 910 τὰ
3479 856 3659 927 βασίλεια
3681 853 3788 907 κατὰ

2359 964 2456 1033 τὴν
2477 961 2585 1014 τῶν
2612 960 2678 1012 Ἰε
2688 955 2874 1030 ροσολύ
2883 972 2998 1026 μων
3020 954 3174 1006 πόλιν
3190 969 3203 1017 ;
3221 946 3308 1004 οἷα
3337 949 3395 1004 τὰ
3408 948 3600 1018 τείχηςοὶ
3614 947 3790 1016 πύργοις

2360 1057 2394 1124 ἡ
2427 1052 2519 1106 τοῦ
2562 1049 2710 1122 ἱεροῦ
2764 1045 3162 1119 μεγαλουργία;
3211 1044 3352 1114 ἆπερ
3383 1041 3564 1101 καὶτοῖς
3591 1037 3796 1108 μαθηταῖς

2359 1141 2453 1194 τοῦ
2489 1140 2691 1210 Κυρίου
2735 1137 2859 1203 ἀξια
2893 1134 3168 1204 θαύματος
3204 1129 3455 1200 ἐνομίσθη,
3490 1127 3563 1181 καὶ
3583 1126 3800 1178 κατανοεῖν

2364 1231 2578 1298 ἀξιοῦσι
2607 1228 2697 1282 τὸν
2724 1227 2950 1297 Κύριον,
2977 1220 3362 1292 θαυμαστικῶς
3383 1219 3486 1291 περὶ
3500 1218 3552 1271 τὰ
3573 1215 3806 1286 φαινόμενα

2360 1320 2693 1382 διατεθέντες
2712 1360 2726 1384 ,
2757 1318 2832 1379 ὡς
2860 1318 2893 1386 ἠ
2929 1313 3022 1368 τοῦ
3052 1311 3375 1380 Εὑαγγελίου
3397 1309 3560 1379 ἱστορία
3580 1307 3720 1377 δηλοῖ,
3743 1303 3810 1356 λέ·

2363 1429 2550 1482 γοντες
2578 1411 2712 1481 πρὸς
2742 1407 2902 1461 αὐτόν
2927 1424 2941 1439 ·
2977 1424 2995 1456 ι
3047 1402 3274 1458 Ποταπά
3299 1402 3364 1454 τὰ
3389 1400 3498 1470 ἔργα
3530 1398 3605 1452 καὶ
3627 1396 3818 1450 ποταπαὶ

2363 1507 2418 1560 αἱ
2451 1500 2768 1572 οἱκοδομαίί
2807 1519 2824 1551 ι
2870 1499 2898 1550 ὁ
2940 1497 2996 1550 δὲ
3036 1495 3134 1566 τὴν
3167 1493 3419 1564 ἐσομένην
3453 1491 3556 1560 περὶ
3585 1487 3657 1541 τὸν
3689 1487 3821 1540 τόπον

2365 1594 2674 1664 ἐρήμωσιν,
2708 1590 2802 1642 καὶ
2849 1588 2938 1641 τὸν
2977 1584 3280 1656 ἀφανισμὸν
3319 1580 3404 1635 τοῦ
3445 1579 3628 1641 κάλλους
3655 1576 3827 1630 ἐκείνου

2365 1682 2500 1751 πρὸς
2524 1683 2650 1742 τοὺς
2676 1679 2738 1731 τὸ
2768 1677 2940 1748 παρὸν
2971 1671 3349 1745 θαυμάζοντας
3368 1667 3664 1732 ὑποδείκνυσι,
3687 1667 3831 1734 λέγων

697 1794 772 1831 ra:
817 1778 1128 1832 universam
1161 1778 1241 1831 sic
1282 1777 1622 1831 interituram
1670 1791 1814 1840 esse,
1851 1785 1912 1830 ut
1941 1791 2052 1830 non
2092 1757 2263 1830 multo
2294 1773 2311 1826 1

2223 1791 2263 1830 .0
2294 1773 2337 1826 Β
2368 1773 2533 1843 μηδὲν
2565 1771 2673 1824 τῶν
2702 1769 3042 1838 φαινομένων
3074 1766 3188 1836 μετ’
3217 1763 3385 1830 ὀλίγον
3413 1757 3837 1828 ὑπολειφθήσεσθαι.

699 1876 824 1937 post
853 1869 918 1921 de
941 1868 1005 1920 iis
1032 1881 1154 1936 quae
1184 1875 1296 1920 tum
1327 1868 1799 1937 conspicerentur,
1826 1867 1960 1920 nihil
1992 1867 2262 1936 reliquum

699 1961 816 2015 fore
849 1961 1182 2029 praediceret.
1227 1960 1375 2014 Idem
1405 1960 1656 2028 supplicii
1708 1960 1797 2014 sui
1843 1968 2108 2028 tempore,
2139 1941 2262 2012 eum

696 2050 956 2105 mulieres
1001 2049 1277 2104 nonnullae
1325 2056 1617 2118 sequentes
1659 2049 1876 2118 ipsum,
1930 2063 2053 2103 esse
2099 2049 2266 2102 latam

700 2125 962 2208 injustam
1009 2139 1269 2195 adversus
1308 2139 1651 2194 innocentem
1703 2138 2025 2193 sententiam
2057 2139 2267 2193 lamen-

700 2229 868 2306 tando
921 2235 1282 2299 quererentur
1320 2246 1333 2282 :
1381 2229 1580 2299 quippe
1620 2229 1766 2298 quod
1811 2229 2046 2286 necdum
2095 2228 2267 2284 divini

699 2322 938 2381 consilii.
981 2335 1092 2390 quo
1130 2319 1323 2374 isthacc
1355 2318 1574 2381 fiebant,
1613 2335 1809 2374 causas
1844 2320 2216 2390 perspicerent
2249 2336 2262 2372 :

700 2428 855 2468 suam
883 2412 1101 2482 quidem
1127 2419 1328 2465 sortem
1357 2421 1412 2464 ut
1441 2411 1662 2465 minime
1684 2409 2029 2480 deplorarem
2059 2418 2264 2476 monet,

700 2519 862 2572 quam
900 2503 1173 2573 deplorari
1223 2503 1302 2558 las
1330 2517 1440 2557 non
1479 2518 1602 2558 esse
1639 2521 1652 2556 :
1684 2502 1936 2572 querelas
1971 2509 2152 2556 autem
2189 2502 2267 2554 la—

699 2603 991 2665 mentaque
1014 2595 1294 2650 differrent
1313 2596 1368 2650 in
1397 2595 1528 2649 illud
1554 2603 1768 2664 tempus
1798 2595 1947 2664 quod
1971 2601 2119 2650 esset
2142 2609 2268 2648 vere

699 2688 961 2758 lacrymis
984 2687 1340 2751 destinatum,
1369 2703 1478 2758 quo
1505 2687 1693 2741 urbem
1725 2687 2013 2742 obsidione
2037 2685 2268 2741 cineturi

699 2778 906 2842 hostes,
959 2786 1014 2833 ct
1053 2779 1414 2848 oppugnaturi
1453 2786 1634 2833 essent
1667 2778 1712 2810 “
1747 2777 2058 2846 :ejusmodi
2105 2778 2268 2833 mise-

702 2870 800 2924 riis
821 2871 1094 2923 nationem
1120 2870 1545 2925 Israeliticorum
1572 2871 1712 2926 serie
1729 2871 1988 2925 continua
2001 2869 2270 2938 excipien-

703 2960 874 3024 tibus,
908 2965 966 3013 ut
997 2959 1182 3015 felices
1218 2961 1563 3030 pradicaturi
1605 2963 1714 3016 sint
1751 2977 1847 3015 eos
1890 2962 1984 3030 qui
2027 2960 2267 3015 sobolem

703 3052 904 3105 nullam
928 3061 1331 3121 procreassent.
1358 3053 1437 3106 Ac
1466 3052 1647 3107 verbis
1671 3051 1888 3121 quidem
1914 3052 2039 3116 illis,
2067 3051 2267 3119 quibus

2379 1863 2536 1916 Ἀλλά
2565 1863 2662 1915 καὶ
2693 1859 2842 1931 παρά
2871 1859 2962 1910 τὸν
2988 1855 3082 1910 τοῦ
3117 1854 3320 1916 πάθους
3355 1851 3516 1923 καιρὸν
3535 1890 3548 1914 ,
3575 1851 3622 1902 oi
3649 1849 3732 1918 μὲν
3760 1865 3846 1915 γυ-

2365 1958 2550 2017 ναῖκες
2579 1932 2972 2023 ἐπηκολούθουν
3006 1944 3298 2018 θρηνοῦσαι
3332 1945 3419 2014 τὴν
3447 1942 3600 1996 ἄδικον
3625 1940 3698 1992 ἐπ’
3724 1935 3851 2006 αύτῷ

2364 2048 2544 2119 ψῆφον
2569 2064 2582 2078 ·
2623 2044 2774 2098 οῦπω
2823 2043 2932 2114 γὰρ
2970 2043 3050 2104 είς
3096 2039 3194 2109 τὴν
3238 2037 3347 2092 τῶν
3393 2034 3650 2105 γινομένων
3681 2033 3858 2084 οίκονο-

2370 2139 2495 2211 μίαν
2528 2135 2850 2190 ἀπέϐλεπον
2892 2136 2921 2186 ὁ
2947 2133 3005 2185 δὲ
3045 2127 3413 2200 συμϐουλεύει.
3429 2125 3490 2178 τὰ
3521 2124 3604 2194 μὲν
3643 2122 3755 2192 περὶ
3778 2121 3864 2174 αύ-

2364 2231 2458 2284 τὸν
2488 2229 2744 2298 γινόμενα
2773 2225 2981 2294 σιωπᾷν
3008 2239 3022 2253 ⁸
3053 2221 3185 2293 μηδὲ
3215 2220 3315 2288 γὰρ
3345 2213 3467 2271 εἶναι
3490 2212 3709 2285 δακρύων
3737 2211 3866 2275 ἀξια·

2367 2317 2694 2388 ὑπερθέσθαι
2732 2315 2790 2368 δὲ
2824 2315 2915 2367 τὸν
2953 2311 3185 2383 ὁδυρμὸν
3223 2309 3318 2362 καὶ
3366 2307 3447 2359 τὸν
3477 2305 3650 2377 θρῆνον
3689 2303 3758 2364 είς
3791 2301 3877 2352 τὸν

2367 2411 2541 2479 ἀληθῆ
2583 2407 2691 2460 τῶν
2743 2405 2993 2475 δακρύων
3037 2401 3262 2472 καιρὸν,
3304 2401 3425 2452 ὅταν
3468 2392 3734 2464 περισχεθῇ
3773 2393 3884 2452 τεοῖς

2369 2497 2746 2572 πολιορκοῦσιν
2771 2499 2804 2567 ἡ
2839 2495 3012 2558 πόλις,
3039 2495 3134 2546 καὶ
3162 2493 3242 2553 είς
3273 2485 3508 2542 τοσοῦτον
3535 2483 3742 2552 συνοχῆς
3769 2479 3892 2549 ἔλθῃ

2365 2592 2435 2646 τὰ
2469 2590 2639 2660 πάθη,
2676 2589 2752 2650 ὡς
2784 2587 3115 2658 μακάριστον
3152 2579 3395 2651 ἡγεῖσθαι
3433 2577 3516 2631 τὸν
3557 2575 3626 2646 μὴ
3646 2572 3892 2642 γεννώμε-

2367 2700 2476 2738 νον.
2518 2681 2607 2734 Ἐν
2633 2677 2715 2742 οἷς
2747 2679 2841 2731 καὶ
2868 2678 2929 2728 τὸ
2969 2675 3095 2745 περὶ
3134 2672 3229 2743 τὴν
3271 2667 3586 2736 τεκνοφάγον
3616 2664 3890 2735 προεμήνυ-

2371 2790 2462 2826 σεν
2497 2771 2650 2840 ἄγος,
2683 2769 2850 2821 είπὼν
2888 2760 3385 2837 μακαρισθήσεσθαι
3421 2756 3556 2811 κατά
3585 2753 3676 2816 τὰς
3708 2752 3886 2822 ἡμέρα

2369 2863 2583 2925 ὲκείνας
2623 2861 2722 2932 τὴν
2751 2857 2991 2928 γαστέρα
3025 2856 3123 2925 τὴν
3152 2854 3364 2921 ἄγονον.
3397 2848 3504 2902 Ποῦ
3541 2845 3709 2899 τοίνυν
3743 2845 3884 2895 ὲκεῖν

2367 2955 2439 3008 τὰ
2467 2953 2746 3024 βασίλειας
2781 2949 2883 3002 ποῦ
2912 2948 2971 3000 τὸ
3004 2946 3182 3017 ίερόν;
3215 2943 3316 2994 ποῦ
3362 2940 3430 2992 τὰ
3470 2939 3656 3007 Ialm;
3695 2933 3796 2986 ποῦ
3827 2932 3890 2984 τᾶ

2371 3045 2594 3114 πύργων
2625 3043 2680 3094 αἱ
2701 3037 2992 3110 «potioni;
3022 3035 3122 3087 ποῦ
3146 3034 3204 3085 δὲ
3224 3035 3256 3102 ἡ
3279 3031 3384 3103 τῶν
3416 3025 3756 3098 Ἰσραηλιτῶν
3779 3024 3892 3075 δυνς

701 3145 820 3199 fore
849 3145 1204 3206 vaticinatur,
1245 3152 1305 3197 ut
1337 3159 1403 3198 eo
1433 3153 1677 3214 tempore
1705 3143 1943 3199 sterilem
1977 3144 2158 3196 alvum
2187 3141 2266 3196 fe-
2292 3122 2315 3178 ί

2292 3122 2334 3178 C-
2371 3135 2554 3198 στεία;
2600 3133 2696 3202 οὑχ
2747 3133 2795 3183 οἱ
2827 3131 2922 3200 μὲν
2968 3125 3106 3180 κατά
3151 3125 3327 3176 πᾶσαν
3373 3119 3565 3192 μικροῦ
3597 3117 3704 3168 δεῖν
3731 3115 3830 3184 τὴν
3874 3130 3891 3164 ι

701 3236 863 3289 licem
912 3235 1024 3288 sint
1066 3235 1430 3289 existimaturi
1474 3254 1487 3287 :
1535 3235 1785 3304 equidem
1823 3233 2053 3288 indicari
2086 3241 2269 3288 statuo

702 3326 896 3394 ingens
938 3324 1068 3378 illud
1122 3324 1368 3378 mulieris
1417 3325 1714 3394 piaculum,
1755 3339 1876 3393 quae
1926 3323 2021 3378 lilii
2071 3324 2157 3379 sui
2211 3337 2270 3378 se

703 3417 966 3470 carnibus
1004 3422 1355 3470 exsaturasse
1391 3416 1641 3470 traditur.
1680 3415 1781 3471 Ubi
1826 3431 1959 3486 ergo
1992 3430 2140 3470 nunc
2179 3415 2270 3470 illa

687 3507 964 3578 praeclara
1012 3507 1246 3575 palatia?
1291 3509 1381 3562 ubi
1415 3509 1715 3577 templum?
1743 3508 1836 3563 ubi
1885 3508 2126 3562 mtenia?
2177 3507 2270 3561 ubi

703 3595 939 3648 turrium
970 3595 1522 3664 propugnacula?uhi
1577 3587 1942 3645 Israelitarum
2000 3592 2272 3662 respubli—

702 3685 804 3738 ca?
834 3699 902 3739 an
932 3700 1037 3738 non
1068 3700 1190 3753 esse
1217 3686 1341 3740 illos
1372 3702 1469 3756 per
1495 3687 1682 3741 orbem
1712 3703 1878 3758 prope
1899 3687 2127 3741 dixerim
2153 3685 2275 3739 uni-

702 3787 922 3827 versum
972 3789 1196 3846 sparsos
1241 3776 1525 3830 videmus?
1570 3790 1636 3829 an
1681 3791 1786 3830 non
1818 3791 1924 3829 una
1970 3790 2093 3829 cum
2138 3774 2272 3842 ipsis

703 3879 893 3918 eversa
921 3865 1117 3940 palatia
1139 3867 1302 3920 sunt?
1336 3867 1412 3920 Ac
1437 3867 1575 3928 mihi
1611 3867 1829 3936 quidem
1865 3868 1977 3920 haec
2009 3864 2272 3919 Dominus

705 3971 814 4009 non
835 3957 1073 4026 ipsarum
1094 3973 1273 4012 rerum
1291 3974 1454 4013 causa
1472 3959 1785 4028 praedixisse
1801 3957 2032 4024 videtur,
2057 3957 2274 4027 quando

704 4047 842 4102 nihil
877 4049 1115 4103 habituri
1152 4038 1434 4106 auditores
1449 4051 1804 4105 emolumenti
1822 4060 1977 4102 erant
1995 4064 2061 4102 ex
2084 4047 2274 4117 praedi-

2373 3225 2644 3295 κουμένην
2673 3223 2830 3284 ἀλλος
2863 3219 3069 3287 ἀλλαχῆ
3099 3214 3499 3284 διεσπάρησαν;
3539 3211 3607 3279 τῇ
3653 3207 3711 3259 δὲ
3751 3204 3892 3257 τούτι

2375 3318 2724 3388 καταστροφῇ
2752 3309 3130 3384 συνηρειπώθη
3161 3308 3254 3360 καὶ
3273 3305 3341 3358 τὰ
3361 3303 3644 3374 βασίλεως
3672 3299 3833 3350 Δοκεῖ
3857 3314 3890 3362 γ

2377 3428 2467 3482 μοι
2496 3408 2668 3461 ταῦτα
2696 3405 2789 3458 καὶ
2825 3402 2894 3456 τὰ
2919 3400 3142 3455 τοιαῦτα
3170 3394 3523 3469 προμηνῦσαι
3565 3392 3594 3443 ὁ
3635 3389 3849 3482 Κύριος
3873 3429 3889 3450 ,

2373 3473 2481 3549 τῶν
2535 3493 2870 3564 πραγμάτων
2913 3488 3072 3560 χάριν
3130 3485 3222 3556 (τί
3263 3484 3371 3554 γὰρ
3421 3479 3687 3534 τοσοῦτον
3739 3473 3812 3548 ἦν
3870 3492 3892 3526 τ

2375 3586 2628 3642 ἀκούουσι
2672 3582 2858 3654 κέρδος
2885 3580 2992 3633 τῶν
3034 3579 3249 3639 πάντως
3292 3569 3698 3643 ἐκϐησομένων
3740 3567 3779 3635 ἠ
3814 3583 3892 3632 πρ

2377 3683 2564 3750 ῥησιςς
2599 3677 2839 3744 ἔγνωσαν
2869 3672 2977 3741 γὰρ
3004 3671 3067 3724 ἂν
3096 3672 3162 3740 τῇ
3197 3666 3382 3737 πείρᾳ,
3415 3662 3520 3716 καὶ
3554 3661 3635 3732 μὴ
3668 3654 3892 3750 προμοι(

2373 3748 2462 3835 τες
2514 3770 2574 3822 τὸ
2613 3765 3035 3838 γενησόμενον),
3070 3761 3182 3815 ἀλλ’
3221 3759 3360 3811 ὥστε
3395 3755 3494 3808 διὰ
3539 3751 3766 3805 τούτων
3818 3748 3892 3801 αὑ

2381 3863 2474 3916 καί¹
2508 3860 2604 3931 τὴν
2650 3856 2920 3930 περὶτῶν
2963 3854 3220 3926 μειζόνων
3274 3849 3465 3902 πίστιν
3514 3847 3602 3908 εἱς
3661 3841 3888 3895 ἀκολου

2379 3953 2570 4008 ἐλθεῖν.
2613 3951 2678 4003 Ἦ
2703 3949 2808 4021 γὰρ
2841 3949 2898 4000 ὲν
2932 3946 3139 4007 τούτοις
3169 3941 3256 3995 διὰ
3293 3939 3407 3992 τῶν
3447 3936 3646 4006 ἔργων
3687 3949 3889 4004 μαρτυ

2379 4046 2471 4099 καὶ
2500 4045 2598 4114 τῆς
2626 4045 2682 4095 ὲν
2713 4041 2936 4102 ἐκείνοις
2968 4035 3218 4106 ἀληθείας
3243 4033 3392 4088 ἐστιν
3421 4028 3760 4094 ἀπόδειξις.

704 4138 922 4192 catione
951 4153 1309 4208 rcrum,quas
1327 4145 1616 4193 eventuras
1655 4146 1803 4192 certo
1835 4138 1918 4192 vel
1952 4115 2413 4207 ipsaexperientia
2456 4131 2726 4204 cognituri
2758 4127 3050 4198 aliquando
3074 4131 3281 4187 essent,
3303 4123 3484 4178 etiam
3534 4135 3662 4173 non
3685 4115 3888 4186 praedi

705 4232 803 4286 sed
837 4240 894 4285 ut
931 4248 995 4286 ex
1025 4233 1108 4286 his
1151 4247 1314 4302 porro
1342 4233 1752 4302 persuasionem
1781 4232 2070 4302 quamdam
2127 4229 2325 4284 animis
2367 4244 2554 4283 eorum
2574 4215 2818 4282 de'rebus
2835 4223 3005 4278 multo
3022 4210 3866 4291 amplioribusinderet.Nam

706 4307 900 4377 horum
921 4323 1102 4378 exitus
1123 4324 1463 4393 pradictioni
1481 4325 1783 4394 respondit,
1805 4325 1968 4380 etiam
1987 4325 2191 4395 reliqua
2214 4331 2364 4380 certo
2389 4323 2506 4378 fore
2533 4323 2897 4376 demonstrat.

777 4412 1244 4480 Quemadmodum
1292 4416 1459 4478 enim,
1494 4417 1540 4470 si
1589 4416 1842 4485 agricolae
1887 4418 2154 4472 seminum
2193 4418 2272 4471 fa-
2303 4420 2347 4473 D

706 4505 968 4557 cultatcm
990 4505 1305 4572 explicanti,
1333 4505 1474 4561 forte
1501 4508 1721 4562 rusticae
1743 4507 1819 4562 rei
1846 4508 1970 4577 quis
1990 4509 2274 4578 imperitus

709 4595 871 4651 [idem
906 4611 1014 4649 non
1056 4596 1300 4652 habeat:
1344 4601 1480 4655 satis
1505 4601 1594 4656 ille
1620 4602 1723 4656 sibi
1755 4611 1909 4672 putat
1938 4602 2004 4656 ad
2030 4602 2277 4659 veritatis

707 4685 1117 4750 iudicationem,
1153 4703 1264 4741 uno
1296 4689 1350 4741 in
1386 4705 1555 4758 grano
1596 4693 1974 4748 universorum
2003 4709 2126 4764 quae
2159 4709 2275 4748 mo-

707 4777 832 4831 dius
885 4778 1148 4842 continet,
1194 4779 1300 4830 vim
1356 4778 1781 4849 facultatemque
1826 4783 2120 4838 ostendere
2167 4798 2279 4838 :ac

708 4867 852 4937 quod
885 4867 953 4921 de
993 4881 1103 4920 uno
1156 4867 1406 4931 aﬂirmet,
1449 4869 1591 4924 idem
1626 4871 1790 4925 etiam
1847 4873 1902 4926 in
1936 4875 2148 4930 caeteris
2192 4887 2276 4929 vc-

707 4975 829 5015 rum
870 4975 993 5014 esse
1025 4959 1290 5029 polliceri.
1328 4959 1462 5013 Nam
1499 4963 1593 5030 qui
1624 4962 1693 5016 de
1724 4979 1836 5018 uno
1871 4965 2054 5036 aliquo
2086 4967 2274 5031 tritici,

708 5051 790 5104 vel
816 5051 1026 5113 hordei,
1063 5051 1146 5104 vel
1188 5051 1414 5106 alterius
1436 5050 1692 5108 frumenti
1726 5055 1887 5124 pleno
1916 5057 2099 5112 modio
2127 5072 2275 5110 com-

710 5141 964 5211 prehensi
1000 5156 1193 5212 grano,
1242 5143 1296 5196 in
1323 5143 1537 5214 glebam
1573 5145 1842 5214 conjecto,
1887 5147 2093 5216 spicam
2123 5148 2275 5200 nasci

709 5231 928 5294 viderit,
953 5232 1097 5286 hunc
1122 5233 1284 5287 etiam
1309 5234 1375 5287 de
1395 5235 1607 5289 caeteris
1638 5251 1980 5306 nequaquam
2022 5236 2276 5292 dubitare

709 5339 937 5380 necesse
979 5332 1080 5379 est.
1125 5326 1204 5376 lta
1249 5325 1384 5378 nihil
1415 5326 1617 5382 veritas
1655 5328 1882 5397 reliquis
1913 5327 2115 5383 divinis
2149 5343 2276 5382 ora-

715 5412 850 5468 culis
888 5413 1247 5482 respondens,
1290 5414 1456 5468 etiam
1505 5415 1633 5469 huic
1658 5416 1726 5470 de
1756 5417 2165 5472 resurrectione
2191 5432 2278 5470 ar—

709 5520 860 5562 cana:
876 5506 1137 5562 doctrinae
1165 5505 1322 5562 ﬁdem
1354 5508 1650 5564 conciliare
1685 5509 1918 5564 videtur.
1953 5508 2276 5580 Quanquam

783 5681 828 5711 θ’
862 5678 1024 5734 Marc.
1072 5697 1190 5745 xm,
1232 5683 1280 5736 ί.
1362 5684 1406 5713 ⁸⁸
1441 5681 1573 5739 Luc.
1615 5701 1726 5748 xix,
1764 5686 1850 5738 45.

2447 4416 2654 4484 ’Ὠσπερ
2676 4412 2784 4483 γὰρ
2809 4413 2862 4464 εἴ
2884 4426 3026 4474 τινος
3058 4405 3302 4477 γεωργοῦ
3349 4404 3465 4474 τὴν
3507 4403 3640 4454 τῶν
3693 4416 3892 4468 σπερε

2378 4506 2752 4578 ὑφηγουμένου
2785 4505 3033 4573 δύναμιν,
3063 4502 3310 4554 ἀπιστεῖν
3339 4496 3561 4568 συμϐῇ
3592 4493 3702 4544 τὸν
3735 4492 3861 4558 τῆς

2381 4600 2504 4668 γίας
2531 4598 2845 4668 ἀπείρατον,
2879 4593 3159 4665 αὐτάρκης
3182 4592 3248 4645 ἂν
3279 4592 3358 4652 είς
3397 4585 3751 4650 ἀπόδειξιν
3785 4582 3892 4650 τῆ.

2383 4691 2530 4752 θείας
2558 4686 2624 4759 ἦν
2651 4688 2728 4759 τῷ
2759 4687 3009 4757 γεηπόνῳ
3035 4687 3091 4738 ὲν
3121 4683 3202 4736 ὲνῖ
3234 4681 3550 4750 σπέρματι
3589 4676 3728 4728 τῶν
3759 4675 3834 4725 ὲν
3873 4690 3891 4711 ε

2378 4780 2548 4850 δίμνῳ
2577 4778 2841 4848 κειμένων
2874 4775 3105 4839 δείξαντι
3137 4771 3236 4843 τὴν
3273 4769 3572 4838 δύναμιν,
3610 4765 3737 4816 καὶ
3801 4778 3889 4812 πε

2381 4871 2580 4923 λοιπῶν
2609 4866 2926 4937 ἐγγυᾶσθαι.
2971 4866 3027 4917 Ὀ
3051 4863 3158 4933 γάρ
3189 4861 3308 4914 ίδὼν
3336 4860 3446 4911 τὸν
3477 4858 3607 4909 ἕνα
3638 4853 3875 4924 πυρὸν

2387 4963 2514 5032 μίαν
2538 4961 2751 5034 κριθὴν,
2778 4959 2810 5029 ἢ
2835 4959 2862 5010 ὅ
2890 4976 2939 5010 τι
2967 4973 3072 5027 περ
3105 4945 3170 5007 ἀν
3194 4954 3251 5005 ὲν
3279 4950 3357 5020 τῷ
3392 4946 3851 5017 πληρώματι
3880 4962 3890 4973 η

2381 5055 2567 5124 δίμνου
2591 5053 2749 5123 τύχῃ,
2779 5047 2915 5121 μετά
2943 5048 3001 5099 τὸ
3040 5041 3572 5114 ὲγκαταϐληθῆνοιι
3619 5040 3716 5107 τῇ
3754 5036 3892 5106 βώλ

2383 5163 2480 5216 χυν
2510 5145 2819 5213 γενόμενον,
2850 5137 3030 5192 οὐκέτι
3053 5136 3118 5190 ἂν
3145 5134 3232 5188 διά
3256 5132 3349 5185 τοῦ
3381 5131 3582 5192 ἑνὸς,
3629 5126 3803 5180 οὐδὲ
3845 5143 3890 5176 ττ

2383 5235 2583 5290 λοιπῶν
2628 5231 2999 5301 ἀπιστήσειεν.
3045 5225 3231 5287 Οῦτως
3279 5221 3470 5290 ἱκανή
3547 5235 3677 5289 μοι
3745 5216 3881 5268 δοκ

2389 5325 2690 5398 μαρτυρίαν
2721 5321 2856 5376 εἶναι
2882 5321 2976 5375 τοῦ
3007 5319 3146 5374 κατά
3178 5317 3274 5387 τὴν
3308 5314 3712 5368 ἀνάστασιν
3761 5326 3879 5378 μυ

2386 5423 2419 5489 ἡ
2469 5422 2578 5480 τοῖς
2644 5418 2848 5480 λοιποῖς
2908 5413 3014 5468 τῶν
3078 5403 3393 5480 εἰρημένων
3493 5401 3871 5471 συνομολς

2387 5508 2628 5580 ἀλήθεια.
2661 5507 2890 5580 ,Μᾶλλον
2935 5505 2990 5558 δὲ
3043 5503 3137 5556 καὶ
3171 5499 3340 5569 αὐτῆς
3394 5496 3544 5565 τῆξ
3605 5495 3853 5547 cimus:
