4088 6210
341 230 448 285 ΞΠ

1606 252 1695 310 DE
1735 254 2018 319 HOMlNlS
2056 259 2367 321 omnem.
2461 250 2468 258 '

3497 271 3601 326 218

341 365 531 434 πεῖρα,
557 365 622 435 ἣν
648 363 708 416 οὑ
747 363 839 418 διὰ
879 364 1051 434 λόγων
1074 367 1349 436 τοσοῦτον,
1376 371 1497 426 ὅσον
1523 373 1589 426 δι’
1619 377 1800 430 αὑτῶν
1825 377 1917 432 τῶι

2034 385 2207 454 magis
2254 387 2358 441 hoc
2408 387 2521 444 ﬁeri
2571 387 2826 458 equidem
2867 390 3031 445 credo
3067 405 3164 461 per
3208 389 3382 460 ipsam
3418 407 3598 446 rerum

341 456 523 527 ἔργων
554 454 924 527 ἐδιδάχθημεν.
973 458 1189 532 Ἐπειδὴ
1218 461 1326 532 γὰρ
1365 461 1506 532 μέγα
1539 466 1634 518 καὶ
1659 467 1798 538 ὑπὲρ
1829 467 1921 522 πί-

2026 477 2442 545 experientiam.
2487 477 2605 533 Non
2641 480 2788 534 enim
2828 489 2940 534 tam
2986 485 3164 540 verbis
3188 500 3354 557 quam
3379 501 3436 540 re
3482 489 3597 554 ipsa

341 562 462 599 στιν
484 542 552 616 ἦν
578 546 639 598 τὸ
673 545 813 599 κατά
852 546 953 618 τὴν
979 549 1276 604 ἀνάστασιν
1319 552 1526 624 θαῦμα,
1570 556 1658 610 διά
1689 558 1798 612 τῶν
1827 570 1917 614 κα·

2025 569 2485 623 resurrectionem
2540 569 2656 624 lore
2699 570 3019 626 didicimus.
3062 571 3137 624 Ea
3178 542 3308 628 vero
3350 590 3476 627 cum
3512 589 3600 630 res

339 637 589 705 τωτέρων
630 637 732 707 τῆς
759 637 1190 710 θαυματοποιίας
1223 643 1548 714 ἀρξάμενος,
1577 649 1764 719 ἡρέμα
1807 667 1925 714 πως

331 728 430 800 τὴν
464 728 654 781 πίστιν
687 729 848 799 ἡμῶν
889 727 1202 803 προσεθίζει
1231 737 1343 798 τοῖς
1384 735 1613 806 μείζοσι.
1656 741 1924 814 Καθάπερ

332 820 442 890 γάρ
480 836 570 883 τις
605 821 1183 904 μήτηρσκαταλλήλως
1213 827 1571 900 τιθηνουμένη
1605 830 1666 883 τὸ
1705 833 1920 902 νήπιον,

331 913 471 973 τέως
527 911 632 981 μὲν
673 912 871 982 άπαλῷ
913 930 971 966 τε
1005 916 1102 968 καὶ
1135 915 1289 986 ὑγρῷ
1319 917 1397 987 τῷ
1426 919 1654 990 στόματι
1691 922 1753 975 τὸ
1782 923 1923 990 γάλα

328 1001 418 1056 διὰ
445 1003 551 1072 τῆς
595 1002 769 1074 θηλῆς
812 1004 1118 1075 ἐντίθησιν·
1169 1007 1576 1078 ὀδοντοφυοῦντι
1613 1011 1668 1065 δὲ
1699 1013 1800 1084 ήδη
1832 1017 1924 1068 καὶ

331 1094 694 1165 αὐξανομένῳ
734 1097 1006 1166 προσάγει
1043 1097 1134 1150 τὸν
1171 1099 1355 1169 ἄρτον,
1391 1103 1451 1154 οὑ
1493 1103 1698 1173 τραχύν
1739 1121 1798 1156 τε
1831 1107 1924 1158 καὶ

330 1185 770 1256 ἁκατέργαστον,
799 1187 876 1250 ὡς
903 1187 968 1241 ἂν
1000 1190 1074 1259 μὴ
1105 1190 1452 1262 περιξανθείη
1478 1193 1556 1264 τῷ
1583 1195 1800 1266 σκληρῷ
1825 1197 1924 1266 τῆς

331 1275 543 1345 τροφῆς
566 1275 629 1327 τὸ
648 1275 757 1328 τῶν
781 1274 954 1329 οὔλων
977 1276 1184 1330 ἁπαλόν
1202 1293 1259 1329 τε
1285 1278 1378 1330 καὶ
1401 1279 1765 1348 ἀγύμναστον,
1788 1281 1924 1334 ἀλλά

331 1369 445 1430 τοῖς
473 1367 627 1430 ίδίοις
648 1366 826 1420 ὀδοῦσι
850 1368 1246 1432 καταλεάνασα,
1273 1369 1582 1441 σύμμετρόν
1601 1389 1659 1425 τε
1691 1374 1781 1426 καὶ
1801 1389 1925 1426 κατ-

336 1457 568 1528 άλληλον
612 1459 682 1527 τῇ
731 1455 959 1525 δυνάμει
995 1455 1088 1509 τοῦ
1139 1461 1583 1528 προσφερομένου
1630 1461 1921 1530 ἐποίησεν·

333 1542 452 1599 εἶτα
510 1545 657 1599 κατά
708 1545 1025 1616 προσθήκην
1079 1546 1179 1617 τῆς
1226 1546 1509 1618 δυνάμεως
1555 1549 1921 1622 ἐπιδιδοὺσης,

2027 655 2100 712 sit
2138 658 2334 723 ardua,
2382 668 2438 714 et
2491 675 2658 731 prope
2697 661 2927 716 dixerim
2960 670 3112 716 extra
3153 664 3309 718 fidem
3363 666 3543 734 posita
3582 683 3600 721 :

2027 747 2234 803 idcirco
2259 748 2525 806 Dominus
2569 767 2596 804 a
2647 752 2930 806 miraculis
2959 753 3319 810 inferioribus
3347 771 3600 822 exorsus,

2025 839 2289 907 paulatim
2323 857 2424 897 nos
2454 843 2854 906 condocefacit,
2891 851 2950 897 ut
2993 845 3047 897 in
3081 845 3246 898 rebus
3289 846 3451 900 etiam
3484 861 3594 899 ma-

2019 927 2236 996 joribus
2280 929 2436 985 fidem
2465 932 2568 1002 ipsi
2621 933 2943 987 habeamus.
2974 933 3153 1001 Atque
3181 933 3258 986 uti
3308 943 3484 989 mater
3514 950 3604 988 ra-

2025 1019 2178 1074 tione
2208 1021 2447 1090 quadam
2493 1032 2862 1078 consentanea
2906 1023 2988 1079 sic
3021 1025 3192 1077 nutrit
3224 1023 3509 1086 infantem,
3543 1034 3603 1078 ut

2027 1111 2185 1165 initio
2229 1113 2449 1182 quidem
2499 1100 2686 1170 tenero
2737 1117 2912 1185 ipsius
2956 1115 3038 1168 ori
3085 1130 3148 1169 ac
3186 1115 3334 1168 molli
3381 1116 3465 1167 lac
3507 1130 3605 1183 per

2026 1202 2323 1256 mamillam
2365 1203 2615 1269 instillet,
2659 1205 2858 1260 deinde
2903 1205 2994 1260 ubi
3032 1205 3144 1275 jam
3181 1206 3438 1261 dentibus
3464 1221 3603 1276 pra:-

2024 1291 2195 1358 ditus,
2227 1309 2290 1348 ac
2320 1296 2658 1364 majusculus
2682 1311 2804 1351 esse
2833 1297 3022 1366 C(Bpit,
3067 1305 3264 1359 panem
3282 1297 3330 1349 ei
3352 1297 3599 1368 porrigit,

2025 1398 2135 1438 non
2171 1384 2324 1438 illum
2360 1387 2578 1456 quidem
2618 1403 2896 1457 asperum,
2945 1397 2999 1442 et
3049 1389 3141 1456 qui
3179 1388 3352 1457 digeri
3402 1388 3470 1440 ab
3519 1387 3599 1440 in-

2025 1475 2172 1530 fante
2196 1485 2448 1544 nequeat,
2485 1486 2541 1532 ut
2575 1480 2767 1534 molles
2790 1487 2843 1533 et
2867 1480 3235 1534 inexercitatzc
3271 1480 3500 1550 gingiva:
3530 1479 3600 1532 ab

2023 1565 2144 1634 ejus
2176 1567 2375 1622 duritie
2408 1584 2514 1622 non
2545 1569 2828 1634 laedantur,
2868 1571 2962 1626 sed
3002 1571 3118 1626 suis
3146 1570 3413 1639 ,dentibus
3439 1585 3599 1624 man-

332 1635 700 1708 προσεθισθὲν
760 1639 875 1699 τοῖς
931 1634 1304 1720 ἁπαλωτέροις
1366 1637 1550 1710 ἡρέμα
1603 1640 1666 1692 τὸ
1731 1642 1917 1712 νήπιον

2025 1673 2169 1720 sum,
2189 1656 2553 1729 effectumque
2581 1661 2738 1714 talem
2773 1668 2830 1714 ut
2858 1662 3066 1716 viribus
3090 1664 3241 1731 pueri
3269 1662 3598 1716 conveniat:

333 1729 606 1798 προσάγει
637 1730 704 1797 τῇ
747 1727 1086 1798 στερεωτέρᾳ
1121 1730 1315 1798 τροφῇ·
1345 1727 1486 1782 οὕτω
1512 1729 1610 1801 τήν
1647 1730 1917 1802 ἀνθρωπί-

2025 1749 2093 1802 ad
2110 1755 2414 1802 extremum
2440 1757 2617 1804 autem
2646 1752 2970 1804 confirmato
2987 1753 3098 1821 jam
3127 1753 3246 1820 ejus
3268 1753 3485 1816 robore,
3518 1758 3598 1806 te-

331 1837 434 1890 νην
464 1817 832 1889 μικροψυχίαν
861 1819 890 1870 ὁ
916 1818 1140 1890 Κύριος,
1173 1815 1285 1873 οἷόν
1312 1837 1366 1874 τι
1394 1823 1588 1892 νήπιον
1629 1822 1814 1885 ἀτελὲς
1836 1821 1917 1876 διά

2024 1841 2338 1896 nerioribus
2357 1841 2731 1896 assuefactum
2764 1843 3014 1906 antehae,
3042 1842 3108 1896 ad
3133 1843 3420 1897 solidiores
3443 1857 3602 1912 quos-

334 1910 448 1963 τῶν
478 1909 772 1977 θαυμάτων
793 1907 1009 1979 τρέφων
1035 1911 1129 1963 καὶ
1146 1911 1363 1981 τιθηνού
1373 1929 1551 1982 μενος,
1576 1914 1793 1986 πρῶτον
1822 1914 1917 1985 μὲν

2023 1927 2148 1981 dam
2180 1931 2333 1984 cibos
2356 1929 2608 1985 deducit:
2630 1934 2709 1986 sic
2731 1931 2991 1986 Dominus
3013 1933 3194 1986 animo
3212 1947 3311 1986 nos
3332 1932 3602 1986 imbecillo

339 2003 403 2054 ὲν
448 2000 840 2071 ἀπεγνωσμένῃ
885 2000 1027 2071 νόσῳ
1069 2001 1166 2072 τὴν
1202 2003 1300 2073 τῆς
1345 2003 1694 2067 ἀναστάσεως
1731 2022 1917 2076 προοι-

2022 2019 2304 2088 praeditos,
2354 2020 2513 2090 quasi
2557 2021 2847 2090 quemdam
2891 2021 3153 2076 infantem
3205 2037 3299 2091 per
3336 2021 3600 2074 miracula

345 2092 602 2162 μιάζεται
633 2090 876 2160 δύναμιν.
920 2089 951 2142 δ
993 2092 1135 2160 μέγα
1174 2092 1272 2162 μὲν
1297 2088 1365 2164 ἦν
1401 2092 1478 2164 τῷ
1509 2095 1916 2166 κατορθώματι,

336 2185 400 2236 οὑ
433 2185 540 2254 μὴν
565 2181 825 2244 τοιοῦτον,
848 2176 963 2235 οἷον
990 2183 1336 2236 ἀπιστεῖσθαι
1359 2184 1672 2255 λεγόμενον.
1710 2187 1917 2241 Ἐπιτι-

339 2277 523 2346 μήσας
560 2274 672 2344 γὰρ
701 2273 782 2344 τῷ
825 2274 1044 2345 πυρετῷ
1078 2274 1324 2346 σφοδρῶς
1371 2276 1471 2346 τὴν
1511 2276 1780 2348 πενθεράν
1821 2277 1916 2330 τοῦ

335 2367 580 2436 Σίμωνος
614 2365 1035 2434 καταφλέγοντι,
1066 2365 1332 2436 τοσαύτην
1361 2366 1581 2435 ἐποίησε
1615 2367 1707 2436 τοῦ
1746 2369 1916 2422 κακοῦ

330 2459 428 2528 τὴν
459 2457 817 2528 μετάστασιν,
853 2457 928 2520 ὡς
955 2457 1093 2528 πρὸς
1119 2457 1180 2510 τὸ
1215 2456 1478 2510 διακονεῖν
1510 2461 1622 2521 τοῖς
1651 2459 1916 2530 παροῦσιν

332 2546 616 2617 ἐνισχύσαι
644 2544 742 2615 τήν
765 2545 866 2615 ήδη
897 2546 1352 2617 προσδοκωμένην
1377 2546 1744 2617 τεθνήξεσθαι.
1781 2547 1915 2604 Εἶτα

337 2639 532 2710 μικρόν
570 2655 624 2690 τι
648 2640 716 2708 τῇ
745 2635 971 2706 δυνάμει
1000 2636 1343 2707 προστίθησι,
1375 2637 1468 2689 καὶ
1506 2636 1599 2690 τοῦ
1635 2638 1913 2708 βασιλικοῦ

333 2733 423 2783 τὸν
459 2729 680 2785 υἱὸν-ὲν
719 2729 1136 2800 ὁμολογουμένῳ
1180 2729 1408 2801 κινδύνῳ
1444 2715 1693 2800 κείμενον
1735 2733 1752 2799 (
1773 2731 1916 2784 οὕτω

335 2824 439 2892 γάρ
470 2839 642 2892 φησιν
669 2823 704 2891 ή
740 2819 970 2892 ἱστορία,
999 2821 1080 2874 ὅτι
1125 2819 1316 2892 ἔμελλε
1351 2821 1607 2892 τελευτᾷν
1626 2862 1642 2887 ,
1671 2821 1765 2874 τοῦ
1812 2839 1915 2876 πα-

333 2913 456 2982 796;
502 2912 763 2983 βοῶντος·
811 2930 830 2963 ι
872 2911 1158 2981 Κατάὸηθι
1187 2913 1316 2982 πρὶν
1341 2910 1632 2966 ἀποθανεῖν
1681 2911 1744 2964 τὸ
1784 2929 1912 2965 παι-

332 3006 546 3077 diem)
581 3007 799 3076 ἐνεργεῖ
827 3005 989 3059 πάλιν
1023 3003 1118 3058 τοῦ
1151 3004 1499 3074 τεθνήξεσθαι
1541 3005 1913 3076 πεπιστευμέ-

337 3116 422 3153 νου
453 3099 556 3169 τὴν
594 3097 926 3158 ἀνάστασιν,
947 3097 1004 3150 ὲν
1041 3096 1247 3166 μείζονι
1284 3099 1349 3167 τῇ
1378 3096 1604 3166 δυνάμει
1639 3097 1701 3149 τὸ
1729 3096 1914 3168 θαῦμα

334 3189 843 3262 κατεργασάμενος,
871 3186 951 3259 τῷ
973 3187 1114 3258 μηδὲ
1140 3187 1436 3257 πλησιάσαι
1465 3187 1542 3256 τῷ
1570 3188 1720 3258 τόπῳ
1738 3229 1752 3254 ,
1782 3188 1915 3242 ἀλλά

331 3281 620 3353 πόρρωθεν
647 3283 722 3351 τῇ
746 3279 842 3332 τοῦ
869 3278 1287 3350 προστάγματος
1317 3277 1458 3348 ίσχύῖ
1482 3279 1582 3349 τὴν
1612 3276 1757 3348 ζωὴν
1783 3279 1916 3332 ἀπο-

336 3374 565 3426 στεῖλαι.
628 3371 800 3426 Πάλιν
865 3369 933 3422 δι’
1001 3369 1321 3430 ἀκολουθίας
1380 3371 1496 3432 τοῖς
1566 3368 1916 3440 ὑψηλοτέροις

333 3463 694 3518 ἐπαναϐαίνει
721 3461 984 3532 θαύμασι.
1025 3461 1170 3532 Πρὸς
1207 3460 1316 3530 γὰρ
1353 3459 1450 3530 τὴν
1485 3460 1650 3512 παῖδα
1688 3458 1782 3512 τοῦ
1816 3461 1916 3530 ἀρ-

332 3551 717 3624 χισυναγώγου
738 3553 1009 3622 ὁρμήσας,
1035 3549 1175 3604 ἑκὼν
1202 3549 1368 3603 ἔδωκε
1391 3552 1458 3620 τῇ
1485 3547 1763 3620 ὁδοιπορίᾳ
1793 3565 1916 3619 σχο-

333 3644 448 3713 λὴν,
478 3643 580 3714 τὴν
603 3644 749 3696 τασιν
785 3642 886 3711 τῆς
912 3641 1236 3712 αίμορῤοῒας
1255 3639 1594 3710 δημοσιεύων
1622 3640 1912 3704 λαθοῦσαν,

336 3735 410 3797 ὼς
442 3733 511 3786 ἂν
543 3734 604 3784 ἐν
625 3730 705 3800 τῷ
736 3730 912 3802 χρόνῳ
938 3729 1112 3800 τούτῳ
1144 3731 1579 3802 κατακρατήσειε
1604 3731 1704 3800 τῆς
1731 3731 1918 3784 νοσού-

335 3841 433 3893 σης
469 3826 501 3878 ὁ
529 3823 786 3884 θάνατος.
822 3823 981 3893 Ἀρτι
1010 3821 1188 3874 τοίνυν
1223 3822 1324 3891 τῆς
1349 3821 1527 3892 ψυχῆς
1555 3821 1918 3893 χωρισθείσης

334 3916 425 3970 τοῦ
457 3915 737 3986 σώματος,
761 3913 864 3973 ,καὶ
892 3911 1301 3984 θορυϐουμένων
1329 3915 1386 3964 ἐν
1408 3915 1473 3982 τῇ
1504 3915 1673 3983 γοερᾷ
1701 3915 1914 3984 κραυγῇ

333 4010 439 4064 τῶν
468 4007 895 4062 ἑπικωκυόντων
927 4007 1007 4078 τῷ
1039 4007 1234 4074 πάθει,
1263 4007 1512 4078 καθάπερ
1544 4005 1603 4072 ὲξ
1637 4006 1808 4060 ὕπνου
1839 4007 1918 4077 τῷ

335 4099 726 4174 προστακτικῷ
762 4100 906 4170 λόγῳ
933 4099 1229 4169 διανίστησι
1268 4099 1427 4153 πάλιν
1461 4099 1596 4169 πρὸς
1640 4100 1739 4170 τὴν
1769 4100 1914 4170 ζωὴν

334 4194 393 4246 τὺ
421 4193 684 4265 κοράσιον
703 4233 718 4256 ,
751 4191 855 4276 ὀδῷ
882 4209 988 4244 τινι
1021 4191 1113 4244 καὶ
1143 4190 1432 4261 ἀκολουθίᾳ
1467 4191 1602 4262 πρὸς
1630 4191 1691 4244 τὸ
1731 4191 1914 4262 μεῖζον

335 4282 734 4352 ἁναλαμόάνων
763 4279 862 4351 τὴν
893 4279 1235 4352 ἀνθρωπίνην
1263 4279 1566 4334 ἀσθένειαν.

2021 2109 2230 2172 nutrit;
2251 2116 2414 2176 atque
2435 2107 2591 2162 initio
2609 2108 2824 2178 quidem
2850 2109 2903 2163 in
2924 2111 3205 2165 curatione
3221 2110 3416 2174 morbi,
3439 2127 3601 2185 quem

2020 2214 2184 2269 posse
2218 2199 2402 2253 curari
2440 2200 2530 2252 vix
2575 2200 2972 2264 existimasses,
3008 2200 3167 2270 quasi
3216 2199 3489 2271 quoddam
3535 2200 3603 2256 de

2019 2291 2426 2346 resurrectione
2446 2293 2770 2361 prooemium
2798 2291 2929 2356 edit,
2958 2307 3080 2347 cum
3109 2308 3221 2347 rem
3245 2291 3460 2363 quidem
3489 2291 3602 2346 exi-

1997 2382 2182 2457 .miam
2197 2381 2448 2447 efficeret,
2463 2398 2584 2453 qum
2597 2389 2776 2437 tamen
2797 2382 3262 2452 bumanamjﬁdem
3279 2391 3599 2438 mereretur.

2015 2473 2152 2528 Nam
2183 2490 2305 2529 cum
2328 2475 2633 2530 vehementi
2666 2473 2816 2529 febre
2833 2472 3074 2529 Simonis
3104 2489 3297 2529 socrus
3326 2481 3602 2538 ureretur,

2016 2574 2219 2620 tantam
2245 2566 2369 2618 mali
2390 2567 2748 2622 mutationem
2771 2581 2883 2620 uno
2906 2566 3176 2621 sermonis
3208 2567 3436 2635 imperio
3476 2566 3601 2620 elle-

2015 2657 2113 2718 cit,
2141 2665 2200 2710 ut
2228 2657 2492 2710 continuo
2525 2655 2594 2710 ad
2631 2657 3062 2712 ministrandum
3101 2656 3322 2711 Christo
3351 2666 3404 2712 et
3436 2657 3602 2712 disci-

2016 2748 2158 2816 pulis
2185 2756 2331 2803 esset
2355 2749 2404 2802 ei
2437 2747 2571 2802 satis
2600 2747 2819 2811 virium,
2852 2763 2973 2816 qua:
3001 2747 3161 2816 paulo
3185 2755 3311 2800 ante
3335 2749 3598 2800 moritura

2016 2837 2308 2907 putabatur
2329 2836 2416 2888 ⁸⁸⁸.
2447 2835 2651 2892 Deinde
2675 2839 2930 2906 potestati
2960 2837 3125 2906 priori
3149 2837 3393 2890 nonnihil
3423 2838 3601 2900 addit,

2015 2947 2137 2987 cum
2173 2932 2317 3002 regis
2359 2930 2644 3000 cujusdam
2693 2931 2859 2984 lilium
2896 2931 2949 2984 in
2999 2931 3429 3000 prmsentissimo
3480 2931 3602 2985 vitae

2017 3022 2333 3078 discrimine
2354 3016 2764 3077 decumbentem
2787 3020 3108 3076 exsuscitat.
3133 3019 3367 3074 Narrant
3385 3021 3431 3051 "
3456 3022 3601 3075 enim

2015 3111 2235 3168 Litterae
2268 3128 2440 3167 sacra:
2467 3113 2692 3182 jamjam
2716 3111 2886 3166 fuisse
2918 3111 3267 3177 moriturum,
3291 3127 3414 3165 cum
3450 3119 3602 3181 pater

2014 3204 2364 3266 occlamaret,
2400 3211 2458 3258 ut
2502 3204 2819 3274 priusquam
2846 3203 2991 3258 lilius
3014 3203 3117 3274 ipsi
3143 3190 3596 3273 exstingueretur,

2014 3294 2279 3349 Dominus
2314 3295 2690 3359 descenderet,
2712 3311 2838 3350 nam
2865 3296 3155 3352 momentis
3179 3295 3408 3366 singulis
3437 3297 3600 3348 vitam

2011 3400 2134 3438 cun
2186 3392 2360 3440 morte
2393 3394 2830 3442 commutaturus
2875 3402 3000 3442 esse
3050 3385 3396 3441 credebatur.
3447 3384 3602 3450 Quod

2017 3475 2126 3544 jam
2147 3474 2466 3528 miraculum
2487 3489 2608 3529 esse
2630 3473 2830 3529 factum
2853 3483 3122 3545 potestate
3139 3475 3372 3545 quadam
3399 3475 3604 3543 majore

2020 3564 2318 3634 putandum
2349 3573 2455 3630 est,
2475 3573 2761 3635 propterea
2797 3567 2941 3634 quod
2978 3566 3043 3619 ad
3080 3566 3257 3619 locum
3289 3566 3342 3618 in
3371 3581 3479 3632 quo
3509 3565 3604 3618 de-

2021 3654 2332 3719 cumbebat,
2360 3670 2468 3708 non
2503 3656 2773 3710 accessit:
2807 3655 2902 3709 sed
2931 3645 3088 3724 quasi
3125 3670 3154 3708 a
3187 3655 3485 3723 longinquo
3518 3655 3602 3706 vi-

2021 3753 2132 3799 tam
2155 3745 2206 3800 ei
2233 3745 2404 3800 solius
2436 3745 2648 3814 imperii
2678 3746 2728 3798 vi
2757 3745 2926 3799 misit.
2956 3744 3087 3800 Post
3109 3747 3222 3800 haec
3244 3746 3310 3798 ad
3340 3746 3602 3798 miracula

2016 3838 2263 3907 quaedam
2303 3836 2474 3891 ardua
2513 3838 2688 3907 magis
2723 3837 2954 3892 accedit.
2994 3837 3129 3891 Nam
3167 3854 3289 3892 cum
3327 3838 3392 3891 ad
3435 3837 3600 3890 filiam

2014 3929 2117 3982 viri
2149 3928 2368 3998 publico
2401 3928 2455 3982 in
2493 3929 2726 3983 concilio
2767 3929 3032 3999 principis
3059 3936 3321 4000 pergeret,
3354 3926 3597 3983 nonnihil

2015 4019 2198 4074 itineri
2227 4033 2392 4073 morae
2413 4021 2599 4074 volens
2629 4020 2838 4089 injecit,
2862 4020 2990 4074 dum
3013 4029 3260 4074 curatum
3290 4021 3358 4075 ab
3384 4036 3442 4073 se
3473 4034 3594 4088 pro-

2017 4108 2241 4164 fluvium
2277 4111 2561 4179 sanguinis
2594 4111 2770 4179 palam
2809 4110 3032 4176 faceret,
3078 4126 3141 4165 ac
3182 4111 3340 4164 morti
3386 4119 3602 4176 tempus

2025 4202 2351 4257 concederet
2395 4218 2504 4272 quo
2540 4204 2773 4271 puellam
2808 4217 3005 4270 mgram
3051 4207 3366 4269 occuparet.
3417 4197 3603 4265 Itaque

2027 4305 2152 4345 cum
2188 4292 2256 4346 ad
2290 4306 2408 4346 eam
2442 4292 2709 4355 venisset,
2748 4306 2776 4344 a
2823 4292 2983 4360 cujus
3027 4305 3259 4360 corpore
3291 4304 3398 4342 non
3434 4289 3604 4341 multo

335 4382 461 4429 ante
505 4374 816 4444 diremptus
863 4380 982 4427 erat
1028 4373 1265 4438 animus,
1301 4388 1365 4428 ac
1407 4373 1620 4444 lugubri
1671 4373 1910 4432 clamore
1954 4379 2201 4438 homines
2243 4384 2722 4448 tumultuarentur,
2771 4381 3129 4451 lamentisque
3167 4380 3407 4434 dolorem
3437 4385 3605 4432 testa-

333 4475 566 4524 rentur:
600 4467 720 4522 solo
749 4467 1022 4522 sermonis
1055 4469 1284 4537 imperio
1318 4469 1551 4538 puellam
1597 4470 1752 4540 quasi
1801 4474 2093 4532 excitatam
2137 4479 2204 4533 de
2239 4493 2434 4533 somno
2474 4477 2598 4532 vitae
2625 4477 2883 4543 restituit,
2927 4480 3137 4532 ratione
3175 4475 3405 4547 quadam
3435 4482 3488 4529 et
3517 4473 3602 4527 via

333 4561 762 4616 imbecillitatem
805 4561 1085 4616 hominum
1120 4563 1187 4617 ad
1231 4563 1439 4631 majora
1477 4564 1755 4620 deducens
1784 4565 1850 4620 ⁸⁸.

404 4652 517 4709 Εἶτ’
548 4656 643 4708 ἐπὶ
686 4655 898 4720 τούτοις
935 4655 1250 4725 ὑπερϐαίνει
1282 4654 1361 4724 τῷ
1407 4655 1680 4726 θαύματι,
1721 4660 1816 4714 καί
1852 4661 1917 4712 δι’

2095 4659 2309 4714 Rursus
2338 4658 2440 4713 hoc
2472 4659 2634 4714 etiam
2665 4660 2776 4713 alio
2808 4657 3041 4728 quodam
3075 4658 3337 4713 miraculo
3359 4673 3599 4731 superat,

334 4747 671 4818 ὑψηλοτέρας
687 4747 970 4817 δυνάμεως
985 4747 1216 4800 ὁδοποιεῖ
1228 4751 1339 4811 τοῖς
1355 4748 1660 4819 ἀνθρώποις
1674 4749 1772 4822 τὴν
1793 4752 1920 4822 περὶ

331 4838 432 4908 τῆς
447 4838 798 4902 ἀναστάσεως
825 4837 1026 4892 πίστιν.
1049 4838 1186 4891 Νάῖν
1209 4838 1327 4892 τινὰ
1349 4841 1500 4892 πόλιν
1522 4841 1661 4894 κατά
1680 4843 1778 4913 τὴν
1793 4843 1921 4896 Ἰου-

329 4929 491 4983 δαίαν
523 4931 726 5001 ἱστορεῖ
756 4933 788 4999 ἡ
814 4930 1027 5000 Γραφὴ.
1079 4930 1211 4992 Παῖς
1241 4926 1310 5002 ἦν
1335 4932 1392 4983 ἐν
1428 4931 1599 5002 ταύτῃ
1631 4934 1920 5005 μονογενὴς

333 5022 480 5092 χήρα
513 5023 638 5085 τινὶ,
671 5021 859 5074 οὑκέτι
888 5020 1126 5084 τοιοῦτος
1169 5024 1326 5084 παῖς,
1361 5016 1471 5086 οἶος
1514 5025 1572 5076 ὲν
1617 5025 1919 5095 μειρακίοις

333 5108 492 5170 εἶναι.
527 5111 644 5164 ἀλλ’
675 5113 776 5183 ήδη
803 5113 869 5164 ὲκ
896 5111 1100 5166 παίδων
1127 5113 1208 5176 είς
1233 5112 1429 5183 ἄνδρας
1461 5113 1651 5166 τελῶν.
1685 5115 1918 5169 Νεανίαν

332 5203 496 5255 αὑτὸν
527 5202 785 5272 ὀνομάζει
815 5205 844 5254 ὁ
866 5203 1038 5271 λόγος·
1074 5203 1238 5257 πολλά
1269 5204 1335 5257 δι’
1363 5205 1557 5273 ὀλίγων
1590 5204 1854 5276 διηγεῖται
1884 5207 1916 5276 ἡ

338 5292 586 5360 ἱστορία·
633 5292 827 5363 θρῆνος
873 5294 1132 5368 ἄντικρύς
1170 5297 1284 5349 ἐστι
1331 5297 1392 5349 τὸ
1426 5297 1689 5368 διήγημαε
1735 5301 1916 5370 Χήρα,

337 5384 527 5453 φησὶν,
546 5378 613 5454 ἦν
626 5384 721 5437 τοῦ
741 5385 1055 5458 τεθνηκότος
1077 5389 1110 5459 ἡ
1143 5389 1344 5458 μήτηρ.
1361 5388 1524 5459 Ὁρᾷς
1549 5389 1611 5442 τὸ
1639 5389 1802 5460 βάρος
1820 5391 1918 5462 τῆς

339 5476 646 5545 συμφορᾶς,
672 5476 784 5540 πῶς
812 5480 870 5534 ἐν
908 5483 1074 5556 ὀλίγῳ
1107 5481 1169 5536 τὸ
1200 5480 1369 5543 πάθος
1398 5483 1427 5533 ὁ
1454 5482 1608 5550 λόγος
1651 5483 1911 5553 ἐξετραγ-

2025 4756 2080 4803 et
2098 4756 2364 4818 potestate
2380 4749 2676 4804 excelsiore
2691 4749 2832 4802 viam
2856 4749 3170 4804 hominibus
3198 4750 3381 4804 struit.
3407 4761 3462 4804 ut
3491 4750 3604 4807 fore

2023 4855 2091 4895 ex
2124 4841 2352 4915 mortuis
2385 4841 2841 4896 resurrectionem
2876 4840 3178 4896 crederent.
3208 4839 3488 4894 Proditum
3519 4853 3604 4896 est

2023 4934 2169 4989 enim
2192 4935 2365 4990 sacris
2386 4932 2687 5003 Litteris”,
2731 4932 2886 4988 Naim
2909 4935 3163 5004 oppidum
3199 4932 3398 4989 Judaeze
3427 4933 3601 5004 quod-

2023 5022 2147 5077 dam
2177 5022 2366 5080 fuisse.
2407 5023 2464 5078 In
2490 5039 2554 5079 eo
2586 5025 2763 5078 viduae
2794 5024 3010 5078 mulieri
3049 5023 3192 5078 filius
3224 5034 3342 5078 erat
3374 5024 3598 5089 unicus,

2025 5130 2132 5170 non
2151 5116 2262 5186 jam
2295 5118 2528 5186 amplius
2557 5125 2717 5172 actate
2740 5132 2896 5186 puer,
2928 5116 3021 5172 sed
3055 5117 3148 5186 qui
3174 5132 3239 5172 ex
3263 5117 3486 5186 ephebis
3508 5132 3603 5172 ex-

2024 5207 2300 5271 cessisset,
2323 5215 2377 5262 et
2399 5209 2637 5262 virorum
2669 5209 2721 5262 in
2756 5223 2984 5264 numero
3003 5217 3338 5264 censeretur.
3362 5209 3599 5263 Historia

2023 5297 2240 5368 quidem
2281 5313 2437 5352 sacra
2484 5299 2734 5366 juvenem
2783 5300 3054 5370 appellat:
3102 5307 3266 5368 atque
3308 5300 3497 5368 paucis
3537 5313 3600 5352 ea

2025 5390 2269 5460 profecto
2309 5391 2484 5446 verbis
2518 5392 2684 5444 multa
2729 5391 3149 5460 complectitur:
3201 5391 3315 5460 ipsa
3360 5387 3604 5442 narratio

2022 5490 2231 5538 tantum
2265 5499 2372 5538 non
2404 5483 2719 5538 lamentatio
2749 5490 2852 5538 cst.
2890 5480 3038 5544 Erat,
3073 5482 3248 5552 inquit
3300 5487 3471 5534 mater
3503 5477 3606 5532 lio-

409 5651 475 5682 “'
523 5647 652 5706 Luc.
683 5667 748 5718 ιν,
772 5658 833 5716 38
853 5683 963 5746 sqq.
1052 5662 1302 5720 ιτ-ιοῃη.
1335 5672 1406 5720 ιν,
1434 5657 1499 5712 Mi
1531 5673 1650 5727 sqq.
1730 5658 1773 5691 ³⁸
1810 5656 1917 5712 Mar

2020 5675 2070 5724 ν,
2099 5659 2170 5712 22
2202 5674 2320 5728 sqq.
2399 5661 2440 5692 ”
2479 5659 2609 5715 Luc.
2647 5675 2740 5724 vn,
2781 5659 2833 5712 ll
2870 5675 2988 5729 sqq.
