4088 6210
438 203 546 258 819
1701 189 1760 243 S.
1787 188 2115 244 GREGOlill
2150 184 2444 242 NYSSENI
3394 221 3398 232 π
3604 181 3720 234 220

438 313 605 370 minis
638 309 746 364 vita
800 305 994 372 l‘uncti,
1027 301 1222 357 mulier
1265 299 1448 356 vidua.
1491 295 1656 354 Vides
1701 313 1865 368 quam
1907 313 2029 368 gra-

2143 297 2341 366 ξθδησες
2377 297 2442 350 Τί
2477 297 2582 366 γάρ
2621 299 2734 349 ὲστι
2768 292 2828 348 τὸ
2865 293 3187 364 λεγόμενον;
3229 293 3314 346 ὅτι
3353 289 3454 345 οὗκ
3477 285 3546 362 ἦν
3569 293 3708 364 αὐτῇ

437 410 524 459 vis
566 403 655 456 illa
691 412 936 454 aerumna
983 394 1186 452 fuerit?
1220 408 1384 465 quam
1431 391 1636 463 tragice
1672 406 1782 446 rem
1825 390 2029 446 tristis-

2143 388 2474 452 παιδοποιίας
2503 388 2678 451 ἐλπὶς,
2717 387 2816 458 τὴν
2849 387 2941 440 ἐπὶ
2966 385 3042 457 τῷ
3081 385 3384 438 ὲκλείποντι
3423 386 3714 456 συμφοράν

439 495 634 550 simam
681 489 846 546 verba
892 501 1124 542 numero
1169 500 1280 540 non
1330 482 1499 537 multa
1549 480 1860 547 declarent?
1903 496 2028 535 nam

2143 477 2509 548 isparratiouaa.
2535 495 2547 508 ο
2578 480 2722 550 χήρα
2755 479 2865 550 γὰρ
2895 480 2929 550 ἡ
2964 479 3122 549 γυνή.
3155 480 3270 532 Οὐκ
3297 473 3410 549 εἶχε
3439 479 3575 551 πρὸς
3602 480 3720 534 ἔτεα

438 584 566 656 quid
606 581 714 637 dici
745 579 892 635 aliud
931 578 1236 640 existimas,
1265 589 1426 646 quam
1456 573 1658 628 nullam
1691 571 1738 628 ei
1775 586 1925 642 spem
1965 571 2032 624 li-

2143 587 2225 641 ρον
2255 571 2376 625 ἀντὶ
2406 571 2498 624 τοῦ
2543 571 2934 642 κατοιχομένου
2977 570 3196 640 βλέπειν
3221 587 3235 600 ·
3271 571 3567 642 μονογενὴς
3607 571 3714 643 γάρ

437 678 695 731 berorum
741 671 1206 742 procreandorum
1251 667 1518 736 reliquam
1567 663 1771 729 fuisse,
1800 679 1908 734 qua
1934 678 2027 719 so—

2143 665 2161 715 5
2201 662 2378 725 τόκος.
2415 663 2576 716 Ὅσον
2600 662 2742 716 δὲτὸ
2779 661 2872 715 ἐπὶ
2901 661 3075 733 τούτῳ
3115 661 3305 727 κακὸν,
3331 664 3495 717 παντὶ
3532 663 3717 734 ῥᾴδιον

435 767 536 820 lari
590 764 803 820 tristem
853 763 998 816 hunc
1042 775 1230 816 casum
1277 757 1586 829 potuisset?
1624 766 1743 812 erat
1774 756 2032 811 nimirum

2143 755 2367 808 συνιδεῖν
2396 754 2474 825 τῷ
2514 753 2589 826 μὴ
2626 754 3024 824 ἀπεξενωμένῳ
3052 755 3150 824 τῆς
3183 755 3416 822 φύσεως.
3449 757 3629 810 Μόνον
3660 757 3721 808 ἐν

436 856 639 924 vidua;
673 871 781 909 non
806 862 924 909 erat
958 853 1024 908 ad
1073 866 1234 922 quem
1286 850 1582 920 respiceret
1621 857 1822 918 praeter
1853 848 2028 912 illum,

2143 845 2320 901 ὠδῖσιν
2343 847 2546 901 ἐκεῖνον
2575 845 2861 917 ἐγνώρισε,
2898 845 3057 917 μόνον
3089 848 3212 909 ταῖς
3239 846 3430 917 θηλαῖς
3463 847 3721 916 ἐτιθηνή-

439 948 532 1017 qui
564 947 675 1016 jam
706 946 846 1000 diem
897 944 950 998 in
986 941 1145 998 terris
1175 955 1488 1010 supremum
1523 937 1874 998 obiveratzis
1902 951 2034 992 vero

2143 953 2292 991 σατο·
2341 937 2500 1008 μόνος
2551 938 2688 1008 αὐτῇ
2747 937 2979 1008 φαιδρὰν
3027 936 3202 991 ἐποίει
3249 937 3349 1008 τὴν
3393 938 3719 1007 τράπεζαν⁹

436 1035 604 1088 etiam
638 1040 755 1088 erat
786 1031 1018 1102 unigena
1053 1037 1355 1099 ;quautum
1395 1027 1449 1081 in
1493 1041 1559 1081 eo
1603 1025 1732 1080 mali
1765 1025 1868 1088 sit,
1913 1025 2036 1094 qui-

2143 1028 2296 1100 μόνος
2325 1024 2394 1100 ἦν
2417 1029 2515 1098 τῆς
2538 1028 2679 1082 κατὰ
2702 1029 2792 1083 τὸν
2814 1023 2960 1082 οἷκον
2983 1029 3338 1100 φαιδρότητος
3367 1029 3400 1099 ἡ
3429 1029 3718 1091 ὑπόθεσιςσ

442 1128 575 1181 libet
624 1124 895 1193 intelligit,
928 1123 1022 1192 qui
1070 1137 1180 1175 non
1224 1120 1279 1173 in
1329 1125 1524 1173 natura
1576 1127 1835 1188 tanquam
1881 1116 2036 1187 igno-

442 1229 531 1274 tus
560 1218 759 1287 hospes
794 1214 1188 1286 peregrinatur.
1212 1212 1397 1267 Solum
1428 1211 1572 1265 hunc
1600 1211 1654 1265 in
1688 1212 1860 1265 lucem
1909 1224 2033 1264 cum

439 1311 663 1375 ederet,
708 1316 896 1380 partus
929 1307 1148 1362 dolores
1185 1312 1303 1360 erat
1340 1311 1594 1374 experta,
1631 1303 1734 1358 soli
1772 1315 2038 1356 mammas

447 1401 757 1472 praebuerat
795 1417 808 1452 :
849 1397 1001 1453 solus
1035 1407 1264 1450 matrem
1316 1394 1370 1449 in
1411 1409 1599 1450 mensa
1643 1392 1984 1450 exhilarabat
2019 1411 2034 1447 :

442 1493 598 1549 solus
628 1489 806 1546 omnis
838 1497 957 1544 erat
991 1488 1045 1543 in
1077 1485 1288 1543 aedibus
1320 1486 1522 1542 laetitiae
1550 1485 1707 1556 quasi
1739 1484 2030 1549 materies,

444 1582 561 1639 sive
591 1581 818 1644 luderet,
846 1579 961 1635 sive
995 1585 1256 1634 tractaret
1285 1577 1453 1640 seria.
1489 1577 1605 1633 sive
1634 1591 1836 1648 corpus
1863 1590 2029 1630 exer-

445 1681 618 1739 ceret,
655 1672 770 1727 sive
804 1669 1066 1725 hilaritati
1103 1668 1322 1724 deditus
1359 1675 1529 1734 esset,
1566 1667 1680 1722 sive
1715 1664 1957 1736 prodiret
1983 1663 2038 1718 in

445 1763 760 1835 publicum,
806 1762 922 1816 sive
973 1775 1098 1815 cum
1148 1760 1336 1830 aliquo
1387 1759 1535 1814 lucta
1588 1756 2036 1828 congrederetur,

446 1856 561 1912 sive
585 1856 637 1910 in
657 1854 914 1924 juvenum
951 1860 1095 1906 coetu
1121 1859 1267 1906 esset
1295 1873 1307 1906 :
1334 1849 1472 1904 nihil
1498 1863 1618 1904 esse
1643 1857 1836 1919 praeter
1861 1847 2037 1918 ipsum

446 1941 622 1997 solum
653 1940 846 1994 matris
867 1935 1370 2009 oculisjucundum
1395 1936 1479 1992 vel
1506 1936 1768 1990 eximium
1798 1943 2032 2006 poterat.

443 2032 564 2090 1am
599 2032 756 2087 uxori
797 2031 1062 2086 ducendae
1103 2039 1237 2085 aetas
1273 2035 1394 2084 erat
1441 2027 1669 2090 idonea,
1719 2042 1843 2082 cum
1891 2035 2040 2082 esset

448 2122 737 2194 casteroqui
781 2121 946 2177 totius
977 2121 1196 2175 iamiliae
1231 2120 1422 2190 stirps,
1460 2135 1649 2174 ramus
1683 2120 1776 2190 qui
1809 2119 2041 2189 posteri-

446 2223 614 2269 tatem
660 2221 1002 2284 propagaret,
1055 2223 1287 2268 senecla:
1336 2211 1592 2268 fulcrum.
1642 2211 1815 2266 Etiam
1862 2213 2038 2267 aetatis

446 2307 707 2362 iudicatio
742 2308 947 2360 luclum
981 2314 1161 2376 auget.
1193 2304 1328 2360 Nam
1359 2306 1476 2376 ipse
1509 2305 1610 2361 ﬂos
1642 2304 1828 2359 formae
1857 2321 2038 2360 emar-

444 2398 629 2452 cuisse
676 2397 1033 2468 significatur,
1070 2412 1193 2452 cum
1227 2396 1482 2466 juvenem
1515 2397 1849 2450 exstinctum
1899 2396 2040 2451 dici-

448 2508 593 2554 mus,
621 2473 808 2545 cui-ad
833 2488 1038 2564 justam
1070 2487 1381 2542 crassitiem
1413 2487 1583 2541 barba
1612 2487 1846 2541 necdum
1879 2495 2038 2542 aucta

451 2583 646 2646 fuerit,
688 2584 782 2637 sed
822 2565 996 2652 prima
1033 2589 1242 2634 tantum
1280 2581 1480 2650 lanugo
1508 2580 1667 2649 quasi
1698 2579 2040 2636 cillorescere

452 2676 700 2746 cmperit,
736 2690 994 2746 genarum
1033 2672 1439 2742 pulchritudine
1469 2672 1770 2726 etiamnum
1805 2671 2035 2726 nitorem

2136 1119 2368 1184 παίζων,
2403 1120 2750 1184 σπουδάζων.
2783 1121 3140 1192 ἀσκούμενος,
3179 1121 3624 1191 φαιδρυνάμενος,
3657 1123 3726 1174 ἐν

2139 1210 2418 1280 προόδοις,
2467 1212 2526 1264 ἐν
2571 1211 2965 1282 παλαίστραις,
3005 1213 3064 1264 ὲν
3107 1211 3384 1280 συλλόγοις
3431 1213 3686 1281 νεότητος
3700 1226 3724 1240 ’⁷
3777 1236 3794 1248 ~

2139 1305 2246 1358 πᾶν
2283 1303 2312 1356 ὃ
2361 1319 2414 1356 τι
2457 1303 2663 1375 μητρὸς
2711 1302 3009 1374 ὀφθαλμοῖν
3054 1302 3226 1371 γλυκύ
3268 1321 3326 1357 τε
3377 1305 3469 1357 καὶ
3509 1303 3717 1374 τίμιον.

2141 1395 2302 1466 μόνος
2339 1396 2546 1458 ἐκεῖνος
2575 1389 2667 1466 ἦν.
2709 1386 2852 1466 Ἤδη
2881 1394 2976 1448 τοῦ
3011 1395 3190 1465 γάμου
3221 1394 3319 1466 τὴν
3357 1393 3509 1465 ὥραν
3540 1395 3729 1462 ἄγων,

2135 1486 2169 1539 6
2189 1485 2284 1540 τοῦ
2315 1485 2510 1554 γένους
2541 1484 2740 1558 δρπηξ,
2768 1488 2797 1540 6
2817 1485 2918 1556 τῆς
2939 1485 3190 1557 διαδοχῆς
3216 1485 3426 1550 κλάδος,
3447 1487 3482 1556 ἡ
3509 1485 3726 1557 βακτησ

2143 1579 2234 1648 ρία
2260 1577 2354 1632 τοῦ
2376 1579 2603 1650 γήρους.
2645 1576 2808 1632 Ἀλλά
2839 1576 2934 1631 καὶ
2963 1579 2998 1646 ἡ
3028 1577 3128 1648 τῆς
3160 1576 3374 1648 ἡλικίας
3405 1576 3724 1648 προσθήκη,

2141 1669 2299 1733 ἄλλος
2340 1669 2534 1740 θρῆνος
2573 1664 2662 1740 ἦν.
2716 1668 2774 1723 '0
2817 1667 2926 1739 γάρ
2965 1669 3182 1722 νεανίαν
3220 1667 3424 1734 εἰπὼν,
3457 1668 3518 1721 τὸ
3557 1669 3730 1732 ἄνθος

2141 1755 2264 1814 εἶπε
2304 1759 2404 1830 τῆς
2431 1758 2802 1831 μαρανθείσης
2835 1758 3001 1830 ὥρας,
3043 1759 3167 1830 ἄρτι
3203 1762 3317 1821 τοῖς
3358 1759 3552 1822 ἰούλοις
3589 1760 3734 1813 {mor

2139 1849 2455 1921 χλοάζοντα,
2494 1849 2646 1902 οὔπω
2682 1847 2777 1903 τοῦ
2822 1848 3081 1919 πώγωνος
3111 1849 3200 1904 διὰ
3233 1850 3428 1920 βάθους
3470 1853 3721 1922 ὑποπιμ-

2140 1940 2436 2011 πλάμενον,
2469 1938 2550 1993 ἔτι
2577 1939 2656 2013 τῷ
2679 1940 2863 1994 κάλλει
2897 1942 3004 1995 τῶν
3027 1943 3267 2014 παρειῶν
3291 1944 3720 1999 ὑποστίλϐοντα.

2141 2030 2206 2085 Τί
2242 2030 2423 2084 τοίνυν
2461 2029 2692 2101 πάσχειν
2725 2031 2872 2095 εἰκὸς
2899 2027 2967 2102 ἦν
3015 2033 3102 2085 ἐπ’
3135 2031 3285 2104 αὐτῷ
3313 2033 3411 2104 τὴν
3462 2034 3720 2106 μητέρας

2139 2121 2300 2175 οἱονεὶ
2344 2121 2476 2192 πυρὶ
2525 2123 2638 2184 τοῖς
2682 2121 3012 2190 σπλάγχνοις
3061 2121 3560 2189 ὲγκαταφλέγεσθαι
3582 2161 3596 2183 ,
3642 2120 3727 2184 ὥς

2140 2213 2352 2285 πικρῶς
2390 2214 2478 2266 ἐπ’
2507 2214 2657 2285 αὐτῷ
2693 2213 3041 2286 παρατείνειν
3071 2213 3162 2266 τὸν
3199 2212 3413 2283 θρῆνον,
3454 2213 3723 2283 περιπλε-

2139 2305 2378 2375 κομένην
2426 2305 2775 2376 προκειμένῳ
2818 2305 2898 2376 τῷ
2940 2304 3225 2376 πτώματι,
3259 2305 3335 2368 ὡς
3379 2305 3452 2376 μὴ
3493 2305 3557 2359 ἂν
3600 2308 3728 2359 ὲπιο

2141 2396 2375 2450 σπεῦσαι
2414 2395 2492 2467 τῷ
2537 2397 2716 2468 νεκρῴ
2757 2397 2857 2468 τὴν
2901 2398 3157 2468 κηδείαν,
3194 2395 3308 2450 ἀλλ’
3362 2397 3726 2468 ἐμφορεῖσθαι

2137 2488 2232 2542 τοῦ
2262 2488 2486 2551 πάθους,
2517 2489 2861 2542 ὲπιπλεῖστον
2892 2487 3042 2558 αὐτῷ
3074 2490 3200 2552 τοὺς
3225 2488 3498 2559 ὀδυρμοὺς
3537 2505 3725 2560 παρα-

2138 2581 2436 2634 τείνουσαν·
2466 2579 2589 2632 οὑδὲ
2623 2579 2780 2633 τοῦτο
2814 2580 3060 2651 παρῆκεν
3097 2581 3126 2632 6
3151 2579 3325 2647 λόγος·
3368 2597 3386 2629 ι
3441 2579 3582 2631 Ἰδὼν
3613 2579 3730 2647 γὰρ

2139 2671 2307 2744 αὐτὴν
2342 2672 2370 2723 6
2411 2670 2635 2742 Ἰησοῦς,
2664 2691 2683 2723 ι
2717 2672 2901 2742 φησιν,
2938 2691 2955 2723 ι
2990 2669 3411 2741 ἐσπλαγχνίσθη.
3445 2671 3537 2723 καὶ
3557 2687 3733 2740 προσ-

451 2784 610 2825 suum
641 2775 974 2824 ostentante.
1006 2765 1146 2832 Quid
1182 2777 1293 2820 tum
1320 2765 1485 2819 animi
1515 2763 1689 2820 fuisse
1716 2764 1794 2818 illi
1826 2767 2038 2819 miserae

2143 2763 2306 2818 ελθὼν
2333 2764 2509 2834 ἥψατο
2536 2763 2643 2834 τῆς,
2675 2763 2858 2834 σοροῦ,
2888 2764 2934 2815 οἱ
2961 2763 3019 2816 δὲ
3061 2763 3428 2833 βαστάσαντες
3465 2763 3725 2832 ἔστησαν.

449 2868 633 2930 putas,
668 2874 788 2928 qua:
822 2858 991 2912 lilium
1030 2859 1189 2912 talem
1226 2857 1540 2912 amitteret?
1584 2856 1844 2909 nimirum
1891 2854 2038 2908 velut

2143 2856 2248 2908 Καὶ
2277 2855 2422 2924 λέγει
2460 2855 2538 2926 τῷ
2579 2854 2759 2926 νεκρῷ
2782 2871 2796 2884 ⁸
2825 2853 3062 2917 Νεανία,
3096 2855 3177 2907 σοι
3222 2853 3382 2922 λέγω,
3429 2853 3684 2924 ἐγέρθητι
3709 2870 3727 2885 ο

451 2949 520 3004 ab
541 2949 666 3019 igne
695 2948 932 3018 quodam
959 2948 1170 3004 viscera
1195 2947 1366 3016 ipsius
1392 2946 1620 3016 depasta
1654 2945 1824 3000 fuisse
1853 2959 2038 2999 neces-

2143 2947 2234 3000 καὶ
2266 2943 2582 3016 παρέδωκεν
2606 2947 2768 3000 αὑτὸν
2791 2950 2857 3016 τῇ
2904 2946 3071 3029 μητρὶ
3097 2945 3260 2999 αὑτοῦ
3289 2945 3485 3010 ζῶντα.
3524 2965 3541 2996 ι
3578 2945 3731 3015 Ἤδη

451 3053 512 3094 se
559 3046 663 3094 cst.
705 3041 894 3110 Itaque
942 3038 1136 3094 acerbe
1175 3035 1523 3090 lamentando
1563 3050 1622 3089 se
1661 3035 1870 3098 alilixit,
1913 3050 2035 3089 cum

2143 3037 2320 3090 τοίνυν
2351 3037 2453 3090 οὐκ
2488 3038 2546 3090 ἐν
2573 3035 2740 3106 ὀλίγῳ
2775 3025 3102 3107 διαστήματι
3141 3035 3236 3090 τοῦ
3269 3035 3462 3106 νεκροῦ
3497 3051 3732 3104 γεγενη-

453 3131 651 3184 mortui
692 3129 926 3185 cadaver
965 3129 1392 3197 amplexaretur,
1433 3132 1488 3180 et
1525 3141 1687 3195 quam
1728 3126 2038 3183 diutissime

2152 3126 2339 3197 μένου,
2392 3127 2484 3179 καὶ
2521 3127 2646 3179 ὅσον
2692 3126 2903 3180 οὐδέπω
2954 3125 3372 3188 ὲναποτεθέντος
3417 3126 3493 3197 τῷ
3541 3127 3730 3196 τάφῳ,

452 3219 508 3274 ἱιι
539 3219 686 3273 luctu
718 3217 1037 3288 perduraret
1063 3233 1076 3270 :
1117 3213 1340 3268 minime
1375 3213 1464 3266 illa
1490 3211 1711 3282 quidem
1741 3228 2038 3284 properans

2144 3218 2353 3286 γίνεται
2398 3220 2525 3287 παρ’
2559 3217 2724 3271 αὐτοῦ
2771 3217 2980 3288 Κυρίου
3032 3218 3095 3272 τὸ
3141 3219 3238 3289 μὲν
3283 3217 3472 3288 θαῦμα
3517 3219 3728 3288 μεῖζον,

449 3311 693 3365 extincto
727 3308 877 3378 justa
917 3306 1124 3371 facere,
1166 3304 1263 3360 sed
1303 3304 1492 3359 satiari
1547 3303 1736 3360 dolore
1787 3306 2038 3375 cupiens.

2143 3309 2206 3364 τὺ
2244 3309 2302 3363 δὲ
2346 3311 2674 3380 πρόσταγμα
2719 3305 2856 3364 ἴσον.
2894 3312 3015 3364 Ἔτι
3053 3311 3190 3381 πρὸς
3227 3311 3286 3364 τὸ
3331 3310 3658 3380 ὑψηλότερον
3689 3312 3726 3378 ή

453 3397 659 3452 Deinde
687 3395 1017 3465 subjicitur:
1098 3394 1317 3459 Iesum,
1353 3410 1476 3450 cum
1513 3393 1661 3449 illam
1697 3403 1842 3452 esset
1877 3395 2038 3452 intul-

2148 3401 2550 3474 θαυματοποιία
2593 3402 2955 3474 προέρχεται,
3000 3402 3077 3467 ὡς
3129 3402 3196 3458 ἂν
3251 3403 3451 3474 μᾶλλον
3487 3418 3729 3472 προσεγ-

439 3496 566 3550 tus,
594 3487 787 3542 intimo
809 3487 1081 3543 viscerum
1112 3497 1264 3541 motu
1296 3501 1424 3557 erga
1464 3487 1638 3556 ipsam
1666 3494 1726 3541 ut
1754 3487 2038 3545 commise-

2148 3493 2322 3562 γίσειε
2381 3492 2450 3547 τά
2504 3493 2805 3562 φαινόμενα
2864 3493 2946 3565 τῷ
2999 3495 3388 3567 άπιστουμένω
3447 3494 3575 3565 περὶ
3623 3493 3732 3565 τὴν

453 3585 664 3639 ratione
691 3589 1030 3653 tangeretur,
1055 3583 1352 3638 adductum
1379 3580 1569 3638 fuisse.
1595 3580 1774 3648 Quare
1802 3597 1926 3638 cum
1948 3599 2038 3640 ac-

2149 3585 2449 3642 άνάστασιν
2488 3585 2750 3658 θαύματι.

449 3679 734 3744 cessisset,
777 3677 1115 3748 sandapilam
1171 3678 1349 3746 attigit
1377 3698 1391 3732 :
1422 3685 1477 3733 et
1534 3678 1795 3746 continuo
1834 3680 1929 3749 qui
1989 3695 2109 3736 eam
2154 3682 2470 3752 portabant,
2510 3681 2893 3738 substiterunt.
2948 3681 3027 3738 lbi
3066 3688 3179 3736 tum
3217 3688 3461 3744 mortuo,
3500 3678 3730 3736 Iuvenis

452 3769 571 3840 (ait)
605 3769 701 3823 tibi
743 3768 888 3834 dico,
928 3769 1328 3840 expergiscere.
1371 3770 1550 3842 Atque
1590 3771 1693 3826 hoc
1729 3781 1889 3843 pacto
1924 3773 2050 3828 vita:
2092 3774 2403 3829 restitutum
2448 3774 2608 3829 matri
2652 3773 2840 3828 donat.
2880 3772 3023 3844 Ergo
3059 3771 3188 3827 huic
3220 3787 3330 3827 non
3372 3771 3568 3842 exiguo
3609 3771 3727 3840 jam

454 3861 526 3917 ab
559 3861 847 3916 intervallo
883 3872 1117 3922 mortuo.
1140 3863 1306 3917 vitam
1345 3863 1606 3929 restituit,
1653 3879 1778 3920 cum
1819 3873 2030 3920 tantum
2071 3882 2180 3922 non
2202 3867 2450 3937 sepultus
2495 3874 2663 3922 esset.
2719 3865 2873 3932 Quod
2897 3866 3010 3935 jam
3037 3865 3359 3920 miraculum
3395 3864 3575 3933 priore
3609 3876 3731 3915 ma-

451 3951 543 4023 jus
571 3957 674 4009 est.
709 3964 1021 4020 quanquam
1053 3951 1244 4006 eodem
1287 3953 1560 4008 sermonis
1594 3954 1824 4022 imperio
1877 3956 1949 4010 sit
2000 3953 2282 4013 eifectum.
2318 3957 2608 4014 Enimvero
2659 3955 2924 4012 Dominus
2978 3954 3047 4010 ad
3095 3955 3366 4011 exceisius
3398 3954 3559 4010 etiam
3595 3965 3730 4021 ριόο

447 4043 657 4113 digium
695 4044 1057 4113 progreditur,
1117 4052 1174 4096 ut
1214 4045 1396 4113 potius
1452 4061 1546 4115 per
1587 4046 1906 4103 manifestas
1943 4048 2260 4108 aifectiones
2308 4051 2377 4106 ad
2433 4049 2873 4108 resuscitationis
2927 4049 3253 4104 miraculum
3306 4047 3728 4112 accederemus,

457 4135 604 4205 quod
638 4135 936 4204 caeteroqui
967 4134 1187 4190 didicile
1214 4134 1428 4190 creditu
1454 4145 1559 4191 est.

523 4231 736 4286 Aﬁlicta
760 4231 981 4302 quidam
1002 4230 1309 4287 valetudine
1336 4230 1565 4288 Domino
1589 4229 1874 4292 familiaris
1895 4244 1950 4292 et
1976 4251 2032 4289 a-

2221 4235 2466 4288 Ἦσθένει
2503 4251 2588 4297 τις
2611 4232 2720 4288 τῶν
2759 4230 3007 4302 συνήθων
3045 4231 3124 4302 τῷ
3169 4232 3358 4303 Κυρίῳ
3385 4233 3480 4286 καὶ⁸
3530 4231 3726 4301 φίλωνο

455 4324 633 4379 micus
654 4332 788 4387 erat,
805 4323 892 4378 cui
920 4339 1119 4378 nomen
1137 4323 1398 4378 Lazarus.
1420 4322 1574 4379 Hunc
1595 4340 1907 4396 quanquam
1933 4326 2038 4383 sibi

2143 4327 2391 4398 Λάζαρος
2409 4326 2576 4396 ὄνομα
2597 4324 2675 4396 τῷ
2694 4322 3027 4398 ἀσθενοῦντι.
3050 4323 3161 4376 Καὶ
3188 4325 3530 4394 παραιτεῖται
3557 4325 3585 4376 6
3615 4323 3730 4376 Κύ-

453 4427 668 4480 carum,
689 4414 923 4469 invisere
949 4423 1126 4470 tamen
1154 4413 1415 4472 Dominus
1439 4417 1676 4482 nolebat,
1702 4434 1825 4473 cum
1853 4421 2038 4490 procul

454 4506 527 4560 ab
561 4505 678 4573 ipso
708 4506 962 4560 abesset:
1002 4516 1059 4560 ut
1089 4507 1224 4562 satis
1255 4517 1308 4562 et
1342 4508 1449 4562 loci
1485 4520 1538 4564 et
1569 4509 1846 4566 facultatis
1881 4513 2040 4567 morti

456 4604 607 4654 esset
638 4597 691 4650 in
721 4597 970 4652 absentia
994 4597 1137 4662 vitai,
1155 4598 1223 4652 ad
1250 4598 1592 4656 eiliciendum
1619 4602 1671 4657 id
1707 4604 1885 4660 morbi
1911 4620 2037 4674 ope,

457 4688 605 4760 quod
633 4688 735 4758 ipsi
755 4695 838 4744 est
863 4689 1164 4758 proprium.
1187 4688 1395 4744 Lazaro
1417 4691 1637 4760 quidem
1659 4694 1787 4762 quid
1812 4696 2044 4752 accidis-

458 4786 543 4833 set
570 4791 693 4830 cum
724 4785 910 4831 essent
937 4776 990 4830 in
1017 4775 1262 4842 Galilaea,
1297 4776 1584 4848 discipulis
1612 4781 1850 4840 indicat-z
1878 4794 2042 4855 atque

456 4869 619 4923 etiam
643 4867 1034 4935 profectionem
1053 4867 1120 4922 ad
1140 4868 1300 4930 illum,
1317 4885 1493 4934 suam,
1531 4872 1878 4942 utjacentem
1902 4878 2044 4933 exci-

459 4965 623 5014 taret.
645 4958 750 5014 Sed
765 4959 840 5012 illi
858 4975 1038 5014 rerum
1069 4974 1295 5015 suarum
1321 4962 1518 5032 trepidi
1553 4973 1773 5034 propter
1795 4967 2042 5022 immani-

460 5057 628 5104 tatem
670 5049 1011 5116 Judzeorum,
1065 5067 1230 5124 grave
1268 5067 1332 5108 ac
1372 5055 1742 5125 periculosum
1781 5058 1884 5113 sibi
1923 5057 2041 5114 fore

459 5142 799 5209 Statuebant,
841 5144 888 5199 si
919 5144 1011 5198 tali
1040 5153 1282 5214 tempore
1325 5145 1380 5201 in
1405 5144 1648 5204 Iudaeam
1674 5149 1942 5215 redirent,
1973 5165 2040 5206 ac

461 5242 636 5292 semet
646 5235 937 5292 homicidis
955 5237 1274 5292 mactandos
1292 5238 1812 5310 praeberent.ltaque
1827 5255 2039 5296 moram

461 5341 530 5384 cx
550 5343 701 5382 mora
725 5334 1026 5393 nectentes,
1059 5343 1184 5384 sero
1215 5329 1432 5385 tandem
1458 5345 1491 5386 e
1515 5329 1734 5408 Galilaa
1757 5339 2041 5386 revertun-

463 5417 713 5474 tur.Nam
734 5418 944 5474 Domini
964 5429 1227 5490 potestas,
1245 5421 1488 5492 ipsorum
1507 5432 1626 5478 erat
1639 5423 1917 5479 voluntate
1949 5439 2044 5480 str-

465 5513 666 5581 perior.
685 5511 870 5584 Itaque
896 5511 1233 5568 ducebantur
1252 5513 1321 5568 ab
1337 5515 1456 5585 ipso
1493 5514 1768 5586 discipuli,
1811 5527 1869 5570 ut
1899 5516 2042 5587 apud

466 5605 777 5662 Dellianiam
809 5607 962 5664 initia
991 5607 1232 5679 mystcrii
1261 5607 1328 5664 de
1353 5608 1777 5677 resurrectione,
1799 5624 1906 5681 qua
1940 5610 2042 5666 ho-

2146 4380 2260 4487 ριος
2425 4380 2518 4466 τού
2545 4380 2698 4482 φίλου
2745 4380 3052 4481 ὲπίσκεύιν,
3078 4380 3282 4483 πόρρω.
3307 4413 3401 4466 τοῦ
3441 4412 3730 4479 νοσοῦντος

2145 4507 2457 4576 γενόμενος,
2483 4506 2559 4568 ὡς
2585 4505 2650 4560 ἂν
2680 4503 2828 4576 ε’ύροι
2861 4504 3044 4575 χώραν
3075 4506 3170 4558 καὶ
3195 4504 3422 4576 δύναμιν
3443 4506 3501 4558 ἐν
3527 4507 3592 4575 τῇ
3623 4505 3728 4574 τῆς

2147 4599 2294 4668 ζωῆς
2314 4597 2552 4668 ἀπουσίᾳ
2571 4598 2631 4651 τὸ
2660 4597 2790 4650 ἴδιον
2815 4596 3142 4668 ἐργάζεσθαι
3162 4596 3248 4650 διὰ
3269 4597 3368 4666 τῆς
3388 4598 3544 4650 νόσου
3572 4599 3600 4649 6
3631 4598 3730 4651 θά-

2147 4709 2328 4755 νατος.
2359 4690 2570 4761 Μηνύει
2593 4693 2700 4754 τοῖς
2727 4691 2994 4762 μαθηταῖς
3013 4693 3040 4744 6
3067 4689 3268 4760 Κύριος
3290 4691 3431 4743 κατὰ
3450 4690 3549 4759 τὴν
3569 4689 3726 4743 Γαλι-

2148 4784 2304 4838 λαίαν
2328 4784 2390 4838 τδ
2409 4785 2534 4855 περὶ
2555 4784 2647 4836 τὸν
2667 4784 2917 4855 Λάζαρον
2939 4783 3110 4847 πάθος
3125 4800 3140 4815 ο
3172 4783 3308 4836 ἀλλὰ
3335 4781 3431 4836 καί⁸
3459 4783 3558 4852 τὴν
3586 4783 3726 4853 πρὸς

2147 4875 2309 4929 αὐτὶν
2333 4875 2529 4947 ὁρμὴν,
2546 4877 2630 4943 ἐφ’
2711 4891 2770 4926 τε
2788 4875 3140 4944 διαναστῆσαι
3163 4873 3254 4926 τὸν
3274 4874 3540 4944 κείμενον.
3564 4875 3729 4945 Περι-

2145 4969 2285 5030 δεείς
2315 4967 2373 5020 δὲ
2394 4963 2533 5038 ἦσαν
2555 4968 2748 5020 ἐκεῖνοι
2773 4965 2862 5019 διὰ
2883 4966 2982 5038 τὴν
3005 4965 3113 5018 τῶν
3155 4967 3422 5020 Ἰουδαίων
3442 4966 3723 5035 ὠμότητα,

2147 5059 2382 5130 χαλεπὸν
2408 5059 2500 5113 καὶ
2531 5057 2847 5122 κινδυνῶδες
2883 5056 3192 5129 ποιούμενοι
3220 5057 3280 5111 τὸ
3311 5059 3471 5112 πάλιν
3503 5060 3594 5111 ἐπὶ
3623 5058 3727 5128 τῆς

2159 5149 2417 5212 ἰουδαίας
2452 5151 2510 5202 ὲν
2541 5150 2689 5220 μέσῳ
2713 5149 2822 5203 τῶν
2864 5148 3144 5218 φονώντων
3188 5149 3458 5218 γενέσθαι.
3489 5150 3597 5202 Καὶ
3635 5148 3727 5204 διὰ

2146 5241 2302 5296 τοῦτο
2337 5241 2615 5311 μέλλοντες
2646 5241 2740 5295 καὶ¹
2769 5240 3204 5310 ἀναϐαλλόμενοι.
3239 5239 3413 5310 χρόνῳ
3445 5239 3724 5293 ποιοῦνται

2147 5331 2245 5402 τὴν
2260 5330 2368 5384 ἀπὸ
2387 5333 2484 5401 τῆς
2506 5330 2793 5394 Γαλιλαίας
2815 5331 3088 5384 ἐπάνοδον.
3108 5329 3434 5402 Κατεκράθη
3452 5329 3609 5400 γὰρὴ
3634 5328 3727 5397 ἐε-

2149 5422 2323 5488 ουσία,
2349 5423 2443 5475 καὶ
2465 5422 2661 5493 ἧγοντο
2690 5422 2842 5493 παρὰ
2860 5421 2956 5475 τοῦ
2981 5422 3183 5494 Κυρίου
3204 5423 3252 5475 οἱ
3277 5421 3532 5492 μαθηταὶ,
3559 5420 3726 5475 οἱονεὶ

2149 5513 2217 5567 τά
2248 5513 2534 5586 προτέλεια
2571 5515 2668 5582 τῆς
2703 5512 2993 5582 καθολικῆς
3021 5513 3364 5574 ἀναστάσεως
3393 5513 3450 5564 ὲν
3482 5509 3724 5582 Βηθανίᾳ⁵

2155 5606 2571 5682 μυηθησόμενοι.
2604 5605 2880 5677 Τέσσαρες
2902 5601 3041 5678 ἦσαν
3067 5605 3166 5677 ήδη
3201 5604 3339 5676 μετὰ
3377 5603 3438 5658 τὸ
3467 5603 3638 5667 πάθος
3664 5605 3722 5656 αί
