4088 6210
317 206 422 261 εει

1594 207 1682 263 DE
1727 207 2008 263 HOMINIS
2042 205 2356 263 OPIFICIO.

3494 203 3597 260 22‘)

320 317 554 388 ἡμέραν
580 317 758 370 πάντα
785 316 1143 388 ἐπεπλήρωτο
1169 318 1243 390 τῷ
1266 319 1637 390 κατοιχομένῳ
1658 320 1728 373 τὰ
1757 337 1907 390 νομι..

2016 319 2221 372 minum
2254 315 2548 386 aliquando
2585 331 2757 386 genus
2794 317 3122 373 excitabitur
3160 318 3430 379 universe.
3468 333 3594 389 per--

325 410 556 480 ζδμενα,
591 409 748 479 τάφῳ
775 399 1090 480 κατεκρύόη
1123 409 1184 462 τὸ
1229 409 1406 480 σῶμα.
1451 409 1740 482 Ἐξῳδὴκει
1771 413 1914 468 κατά

323 503 388 556 τὸ
412 498 558 564 sua;
584 501 710 572 ἤδη,
739 501 836 554 καὶ
857 501 997 572 πρὸς
1023 500 1320 573 διαφθορὰν
1351 501 1608 568 διελύετο,
1642 503 1912 573 μυδῶντος

323 593 382 643 ἐν
409 590 489 660 τῷ
525 590 728 660 εύρῶτι
761 589 863 656 τῆς
881 592 1004 661 γῆς,
1031 592 1124 644 καὶ
1145 590 1526 656 διαπέπτοντος
1550 593 1641 644 ὑπ’
1665 593 1912 665 ἀνάγκης

319 681 412 733 τοῦ
440 679 717 750 σώματος.
739 681 974 734 Φευκτὸν
998 677 1067 753 ἦν
1092 682 1153 734 τὸ
1181 683 1431 753 πρᾶγμα,
1457 682 1783 755 βιαζομένης
1809 684 1910 755 τῆς

322 771 540 840 φύσεως
582 770 646 823 τὸ
677 769 928 824 διαλυθὲν
969 773 1047 834 εἰς
1091 772 1360 827 δυσωδίαν
1405 773 1709 828 ἀποδιδόναι
1744 775 1908 829 πάλιν

317 862 396 932 τῷ
425 863 549 933 ζῇν.
597 861 733 914 Τότε
778 861 840 913 τὺ
870 861 1270 930 ἀπιστούμενον
1308 863 1409 934 τῆς
1451 864 1747 936 καθολικῆς
1777 868 1908 920 ἀνα-

322 953 572 1014 στάσεως
621 951 783 1023 ἔργον
827 950 895 1004 δι’
929 952 1322 1024 ἐναργεστέρου
1363 953 1458 1007 τοῦ
1507 955 1784 1026 θαύματος
1827 958 1907 1021 είς

317 1043 595 1110 ἀπόδειξιν
623 1043 835 1112 ἄγεται.
885 1044 1020 1097 υὺδὲ
1054 1042 1162 1116 γὰρ
1208 1047 1273 1098 ἐκ
1314 1047 1468 1100 νόσου
1499 1065 1584 1110 τις
1625 1048 1906 1103 ἀνίσταται

319 1136 586 1206 χαλεπῆς,
627 1134 751 1188 ούδέ
787 1135 926 1206 πρὸς
961 1137 1082 1199 ταῖς
1126 1135 1465 1201 τελευταίαις
1494 1137 1569 1192 ὢν
1615 1141 1906 1204 ἀναπνοαῖς

318 1231 399 1291 εὶς
439 1227 542 1296 τὴν
596 1225 743 1299 ζωὴν
791 1226 1143 1295 ἐπανάγεται,
1195 1227 1316 1281 οὐδὲ
1365 1228 1584 1283 παιδίον
1617 1230 1904 1301 ἀρτιθανές

318 1319 685 1382 ζωοποιεῖται,
708 1316 828 1371 οὐδὲ
856 1317 1063 1388 μέλλων
1090 1317 1167 1390 τῷ
1192 1318 1350 1390 τάφῳ
1373 1319 1743 1392 προσάγεσθαι
1775 1339 1905 1377 νεα·-

316 1409 440 1471 νίας
472 1407 638 1462 πάλιν
677 1409 742 1462 ἐκ
787 1409 889 1479 τῆς
931 1409 1090 1481 σοροῦ
1129 1409 1450 1466 ἀναλύεται*
1483 1413 1600 1466 ἀλλ’
1629 1413 1768 1485 ἀνὴρ
1796 1413 1903 1468 τῶν

316 1501 562 1573 ἐξώρων,
599 1501 816 1572 νεκρὸς,
852 1501 1038 1566 ἕωλος,
1074 1501 1359 1573 ἐξῳδηκὼς
1386 1503 1507 1574 ἤδη.
1539 1504 1634 1557 καὶ
1670 1503 1901 1574 λελυμέ-

316 1611 427 1658 νος,
449 1594 530 1658 ὡς
565 1593 702 1664 μηδέ
733 1595 847 1658 τοῖς
882 1592 1209 1663 ἐπιτηδείοις
1235 1595 1460 1649 ἀνεκτὸν
1494 1590 1632 1649 εἶναι
1664 1613 1900 1667 προσεγ-

315 1685 471 1753 γίσαι
519 1682 599 1755 τῷ
642 1685 801 1756 τάφῳ
847 1684 938 1738 τὸν
994 1685 1230 1757 Κύριον,
1283 1685 1373 1739 διά
1426 1686 1526 1757 τὴν
1575 1688 1900 1760 ἐγκειμένην

316 1777 515 1847 ἀηδίαν
570 1775 666 1830 τοῦ
723 1777 1165 1841 διαπεπτωκότος
1213 1778 1498 1849 σώματος,
1559 1781 1659 1850 μιᾷ
1710 1781 1899 1851 κλήσει

318 1863 683 1936 ζωοποιηθεὶς
701 1863 991 1919 πιστοῦται
1018 1864 1079 1919 τδ
1107 1867 1368 1938 κήρυγμα
1395 1868 1495 1938 τῆς
1529 1868 1898 1936 ἀναστάσεως,

319 1957 473 2010 τοῦτ’
514 1957 652 2020 ἐστι,
674 1957 732 2009 τὸ
761 1955 856 2009 ἐπὶ
897 1955 990 2010 τοῦ
1037 1955 1216 2010 κοινοῦ
1250 1955 1718 2028 προσδοκώμενον,
1752 1959 1781 2013 δ
1809 1961 1902 2014 ἐπὶ

331 2047 536 2118 μέρους
562 2049 622 2117 τῇ
661 2046 819 2117 πείρᾳ
853 2045 1152 2116 ἐμάθομεν.
1185 2046 1454 2117 Καθάπερ
1484 2045 1591 2118 γὰρ
1624 2048 1682 2103 ἐν
1709 2051 1774 2121 τῇ
1806 2048 1900 2102 τοῦ

323 2139 531 2202 παντὸς
575 2139 1030 2208 ἀναστοιχειώσει,
1057 2138 1221 2209 φησιν
1275 2139 1305 2190 ὁ
1341 2139 1682 2205 Ἀπόστυλος,
1737 2140 1899 2195 αὐτὸν

321 2229 732 2302 καταϐήσεσθαι
779 2229 872 2282 τὸν
903 2228 1107 2300 Κύριον
1154 2231 1213 2282 ἐν
1255 2227 1605 2300 κελεύσματι,
1655 2233 1712 2284 ἐν
1743 2234 1896 2303 φωνῇ

319 2321 680 2392 ἀρχαγγέλου,
715 2321 810 2374 καὶ
846 2321 934 2373 διὰ
971 2321 1268 2389 σάλπιγγος
1316 2321 1396 2383 είς
1435 2321 1742 2393 ἀφθαρσίαν
1772 2324 1899 2388 τοὺς

317 2413 548 2483 νεκροὺς
584 2411 966 2482 διαναστήσειν
982 2428 995 2441 °
1033 2410 1176 2464 οὕτω
1201 2411 1293 2464 καὶ
1334 2410 1428 2464 νῦν
1453 2407 1562 2466 οἷόν
1587 2430 1706 2466 τινα
1728 2411 1898 2469 ὕπνον

316 2501 411 2555 τὸν
461 2502 712 2568 θάνατον,
754 2505 821 2572 τῇ
859 2505 1009 2573 φωνῇ
1057 2499 1153 2555 τοῦ
1207 2502 1626 2573 προστάγματος
1667 2505 1696 2556 ὁ
1733 2506 1791 2557 ἐν
1823 2503 1902 2576 τῷ

317 2592 478 2662 τάερῳ
533 2592 990 2663 ἀποσεισάμενος,
1038 2591 1135 2646 καὶ
1184 2591 1512 2657 ἀποτινάξας
1565 2593 1760 2648 ἐαυτοῦ
1801 2595 1902 2666 τὴν

317 2683 712 2754 ἐπιγινομένην
761 2683 1058 2754 διαφθορὰν
1099 2686 1169 2756 τῇ
1214 2679 1524 2755 νεκρότητί,
1563 2685 1749 2757 ἄρτιος
1809 2687 1903 2739 καὶ

321 2775 462 2838 σῶος
495 2775 593 2828 τοῦ
624 2775 798 2845 τάφου
831 2774 1132 2841 ἐξάλλεται,
1170 2775 1306 2846 μηδέ
1333 2777 1412 2847 τῷ
1431 2777 1616 2847 δεσμῷ
1637 2776 1744 2830 τῶν
1771 2777 1902 2848 περὶ

317 2867 446 2928 τοὺς
473 2864 642 2929 πόδας
693 2866 788 2920 καὶ
816 2865 917 2929 τάς
960 2868 1148 2939 χεῖρας
1194 2865 1419 2936 κειριῶν
1447 2865 1712 2929 κωλυθεὶς
1763 2865 1901 2938 πρὸς

317 2957 421 3028 τὴν
447 2958 649 3022 εξοδον.

2014 409 2280 478 ciperent.
2308 406 2432 461 Toti
2455 406 2570 474 jam
2602 405 2722 460 dies
2757 413 2913 460 erant
2936 407 3106 477 elapsi
3128 415 3366 478 quatuor
3393 426 3406 461 ι
3439 407 3592 478 justa

2012 508 2234 554 mortuo
2261 499 2373 569 jam
2411 497 2623 567 pridem
2663 496 2838 563 facta;
2873 511 3076 567 corpus
3110 499 3362 569 sepulcro
3394 499 3592 554 cendi-

2012 596 2146 645 tum.
2191 591 2248 646 ld
2279 607 2414 646 vero
2442 590 2621 646 simile
2653 598 2736 646 est
2761 590 2873 658 jam
2909 597 3024 643 tum
3060 590 3416 655 intumuisse,"
3442 608 3594 648 com-

2011 688 2376 752 paratumque
2415 682 2483 736 ad
2523 681 2805 737 interitum
2841 680 3032 741 fuisse,
3073 683 3340 738 cadavere
3378 684 3497 753 ipso
3535 684 3593 738 in

2011 769 2199 824 illuvie
2226 777 2386 825 terra:
2422 771 2736 825 necessario
2772 769 3068 824 dimuente.
3115 768 3220 824 Res
3259 771 3375 840 ipsa
3412 770 3588 846 fmda,

2011 867 2332 930 tantumque
2353 877 2461 916 non
2493 860 2881 922 abominanda,
2905 859 3022 930 cogi
3054 859 3310 914 nimirum
3335 871 3589 914 naturam

2008 952 2062 1006 id
2091 952 2239 1021 quod
2266 953 2379 1023 jam
2413 954 2487 1008 ita
2521 952 2884 1017 dissolvisset,
2919 958 2976 1005 ut
3011 951 3170 1020 plane
3206 952 3398 1007 feteret
3420 991 3434 1016 ,
3468 951 3591 1005 vitae

2006 1044 2315 1100 reStituere.
2348 1046 2539 1114 Itaque
2569 1053 2683 1098 tum
2708 1044 2852 1098 haud
2879 1043 3044 1098 dubie
3072 1042 3323 1112 prodigio
3345 1043 3586 1111 quodam

2006 1137 2322 1203 illustriori,
2356 1154 2529 1208 genus
2562 1137 2864 1192 humanum
2901 1136 3156 1191 universe
3194 1135 3488 1207 aliquando
3523 1150 3586 1190 ex

2005 1237 2179 1284 morte
2197 1229 2549 1284 excitandum
2570 1243 2714 1292 esse,
2734 1228 3166 1283 demonstratum
3185 1235 3288 1282 est.
3309 1225 3424 1281 Non
3445 1226 3592 1282 enim

2005 1322 2152 1393 gravi
2193 1321 2318 1393 quis
2355 1323 2546 1377 morbo
2585 1322 2817 1386 levatur,
2854 1336 3035 1392 neque
3073 1321 3120 1376 is
3157 1320 3250 1390 qui
3285 1331 3590 1375 extremum

2004 1414 2240 1469 ducebat
2273 1415 2554 1486 spiritum,
2580 1415 2705 1470 vita:
2721 1413 3059 1480 restituitur,
3084 1428 3262 1482 neque
3293 1413 3471 1483 puella
3505 1427 3589 1466 re-

2003 1519 2136 1560 cens
2162 1513 2376 1560 mortua
2401 1507 2568 1560 vitam
2596 1516 2907 1576 recuperat,
2936 1505 3347 1576 nequejuvenis
3363 1503 3592 1574 jamjam

2004 1595 2354 1664 sepeliendus
2384 1594 2453 1650 de
2481 1596 2764 1667 sandapila
2804 1598 3080 1661 eximitur,
3115 1595 3209 1650 sed
3245 1595 3407 1649 homo
3435 1603 3593 1648 aetate

2004 1688 2310 1758 provectior
2325 1685 2649 1756 jampridem
2670 1696 2936 1751 mortuus,
2958 1686 3254 1751 marcidus,
3274 1697 3592 1755 putrescens

2005 1793 2071 1834 ac
2095 1779 2370 1842 diﬂluens,
2396 1779 2557 1848 cujus
2585 1778 2651 1832 ad
2685 1779 2981 1845 tumulum,
3013 1787 3238 1849 propter
3261 1777 3464 1832 fmdum
3497 1793 3592 1831 ca-

2004 1868 2222 1926 daveris
2253 1868 2503 1935 halitum,
2537 1877 2595 1924 ut
2626 1869 2889 1926 Dominus
2911 1869 3220 1934 accederet,
3244 1869 3334 1922 vix
3359 1868 3462 1938 ipsi
3489 1883 3591 1922 ne-

2004 1960 2231 2018 cessarii
2259 1959 2542 2016 ferendum
2574 1961 2982 2016 existimabant.
3018 1959 3118 2014 llic
3150 1975 3283 2030 ergo
3315 1975 3422 2014 una
3456 1975 3592 2015 voce

2005 2053 2174 2107 vitam
2204 2066 2560 2122 recuperans,
2589 2051 2748 2108 [idem
2784 2051 3048 2107 doctrinae
3086 2052 3153 2107 de
3187 2053 3593 2108 resurrectione

2009 2144 2291 2208 conciliat,
2328 2150 2387 2197 ut
2412 2143 2524 2212 jam
2559 2143 2632 2198 sit
2664 2143 3090 2212 exspectandum
3132 2141 3409 2204 universe,
3445 2142 3588 2212 quod

2009 2235 2174 2292 certis
2226 2235 2282 2289 in
2329 2235 2581 2306 partibus
2615 2231 2954 2304 experientia
2993 2246 3180 2288 verum
3216 2246 3340 2285 esse
3378 2230 3589 2287 docuit.

2005 2323 2167 2392 Nam,
2203 2332 2263 2380 ut
2290 2324 2589 2396 Apostolus
2616 2323 2892 2378 memoria:
2921 2321 3181 2393 prodidit,
3222 2336 3286 2376 eo
3321 2331 3589 2392 tempore,

2003 2434 2114 2488 quo
2147 2419 2543 2473 instaurabitur
2571 2416 2905 2472 universitas
2938 2429 3146 2479 rerum,
3185 2411 3474 2468 Dominum
3509 2413 3592 2483 ip-

2003 2524 2123 2564 sum
2157 2508 2390 2577 quadam
2421 2507 2582 2577 quasi
2601 2520 2722 2560 cum
2750 2504 2975 2558 militari
3003 2505 3459 2560 conclamatione.
3495 2518 3592 2573 per

2000 2614 2190 2654 vocem
2245 2598 2555 2652 divinorum
2609 2597 2926 2652 nuntiorum
2976 2596 3273 2666 principis,
3328 2611 3391 2650 ac
3442 2596 3592 2650 tuba:

2000 2691 2311 2761 clangorem
2345 2697 2594 2756 mortuos
2624 2690 2690 2745 ad
2718 2689 3088 2746 conditionem
3119 2689 3374 2744 interitus
3399 2703 3594 2756 exper-

1999 2789 2108 2838 tem
2135 2781 2527 2837 suscitaturum
2544 2781 2592 2813 ⁹⁰
2616 2799 2629 2835 :
2663 2781 2744 2835 sic
2765 2793 2910 2833 nunc
2933 2779 3096 2834 etiam
3117 2777 3356 2834 Lazarus
3380 2779 3596 2851 tumulo

2005 2871 2296 2934 conditus,
2342 2870 2410 2926 ad
2453 2887 2640 2927 vocem
2678 2871 3076 2942 imperiumque
3113 2870 3325 2925 Domini
3362 2878 3627 2944 mortem_

2005 2961 2182 3017 instar
2218 2962 2396 3018 somni
2435 2960 2741 3025 excutiens,
2761 2970 2813 3016 et
2831 2958 3251 3030 putrefactione,
3285 2975 3406 3029 quae
3444 2973 3592 3013 mor-

319 3063 479 3108 tuum
513 3053 779 3109 continuo
812 3060 1196 3124 occupaverat,
1235 3052 1444 3123 abjecta
1473 3069 1488 3106 :
1521 3053 1732 3124 integer
1750 3061 1804 3109 et
1826 3053 2117 3112 incolumis
2147 3056 2215 3112 de
2245 3057 2498 3126 sepulcro
2516 3054 2751 3127 prosilit,
2782 3069 2848 3110 ne
2875 3053 3109 3110 vinculis
3137 3053 3357 3123 quidem
3387 3051 3590 3121 ipsum,

317 3151 526 3220 quibus
568 3165 697 3206 cum
719 3164 913 3204 manus
931 3148 1218 3220 tumpedes
1247 3157 1404 3204 erant
1435 3150 1745 3214 constricti,
1783 3149 2234 3220 impedientibus.

395 3239 544 3312 Ἀρα
586 3241 760 3311 μικρά
797 3240 966 3294 ταῦτα
1014 3242 1151 3312 πρὸς
1184 3243 1366 3296 πίστιν
1402 3246 1501 3315 τῆς
1540 3244 1650 3297 τῶν
1697 3244 1906 3315 νεκρῶν

2081 3245 2285 3316 Ecquid
2307 3245 2421 3299 haec
2437 3245 2502 3298 ad
2522 3242 2949 3298 conbrmandam
2968 3241 3034 3295 de
3054 3239 3448 3295 resurrectione
3467 3251 3593 3306 per-

318 3331 709 3393 ἁναστάσεωςς
763 3329 823 3381 Ei
867 3327 1048 3399 ζητεῖς
1095 3331 1188 3383 καὶ
1234 3331 1301 3383 δι’
1358 3332 1560 3403 ἐτέρων
1605 3331 1908 3402 βεϐαιωθῆ-

320 3417 416 3470 ναί
471 3433 553 3470 σοι
601 3417 702 3484 τὴν
754 3416 882 3486 περὶ
928 3415 1120 3469 τούτου
1181 3417 1396 3488 κρίσιν;
1445 3417 1581 3470 ἀλλά
1631 3435 1720 3488 μοι
1765 3417 1912 3470 δοκεῖ

327 3507 407 3577 μὴ
462 3506 641 3574 μάτην
699 3505 810 3566 τοῖς
869 3503 1010 3556 κατά
1058 3505 1431 3577 Καφαρναοὺμ
1471 3506 1771 3577 εἰρηκέναι,
1835 3505 1911 3569 ὡς

321 3595 394 3646 ἐκ
437 3591 732 3663 προσώπου
775 3591 883 3643 τῶν
921 3589 1222 3662 ἀνθρώπων
1255 3593 1284 3644 ὁ
1329 3591 1532 3664 Κύριος
1571 3591 1728 3645 τοῦτο
1773 3591 1911 3661 πρὸς

324 3683 523 3736 ἑαυτὸν
558 3679 730 3748 λέγων
751 3696 762 3707 ·
796 3699 814 3731 ι
852 3667 1076 3743 Πάντως
1115 3679 1293 3752 ἐρεῖτέ
1336 3697 1426 3751 μοι
1453 3680 1550 3751 τὴν
1596 3680 1909 3752 παραϐολὴν

323 3769 552 3840 ταύτην
609 3768 800 3838 Ἰατρέ,
845 3750 1178 3838 θεράπευσον
1205 3750 1452 3822 σεαυτόν.
1477 3750 1799 3840 »Ἕδειήγὰρ
1852 3750 1910 3822 ἐν

325 3858 537 3926 ἑτέροις
588 3855 804 3925 σώμασι
853 3855 1251 3926 προσεθίσαντα
1294 3856 1421 3918 τοὺς
1468 3855 1788 3927 ἀνθρώπους
1831 3855 1910 3927 τῷ

324 3944 475 3997 κατὰ
503 3944 601 4014 τὴν
630 3943 925 3997 ἀνάστασιν
951 3942 1208 4014 θαύματι,
1239 3945 1297 3996 ἐν
1327 3943 1404 4014 τῷ
1443 3942 1565 3996 καθ’
1601 3944 1790 3996 ἑαυτὸν
1816 3947 1911 3998 ἀν-

322 4032 534 4103 θρώπῳ
568 4031 863 4101 βεϐαιῶσαι
910 4031 1000 4084 τὸν
1029 4031 1204 4100 λόγον.
1241 4027 1392 4094 Εἶδες
1430 4031 1487 4083 ἐν
1529 4031 1735 4102 ἑτέροις
1757 4033 1909 4104 ἐνερ-

321 4121 420 4188 γδν
468 4118 527 4170 τὸ
561 4119 843 4188 κήρυγμα.
902 4119 1042 4182 Τοὺς
1091 4117 1439 4190 τεθνήξεσθαι
1492 4118 1805 4188 μέλλοντας,
1849 4120 1910 4173 τὸ

321 4205 544 4259 παιδίον
590 4205 650 4258 τὸ
697 4204 792 4258 τοῦ
823 4205 921 4276 ζῇν
963 4206 1084 4277 ἄρτι
1122 4207 1492 4276 παυσάμενον,
1524 4209 1620 4259 τὸν
1657 4207 1793 4277 πρὸς
1834 4207 1910 4278 τῷ

321 4294 488 4362 τάφῳ
525 4291 762 4356 νεανίαν,
797 4291 889 4345 τὸν
920 4292 1238 4364 διεφθορότα
1283 4291 1495 4364 νεκρὸν,
1532 4294 1741 4357 πάντας
1772 4295 1912 4348 κατὰ

323 4380 386 4432 τὸ
420 4375 540 4430 ἴσον
564 4379 645 4430 ἐνὶ
673 4380 1056 4449 προστάγματι
1091 4379 1224 4450 πρὸς
1253 4379 1350 4451 τὴν
1389 4379 1532 4450 ζωὴν
1560 4379 1908 4446 ἀναλύοντας.

327 4469 522 4535 Ζητεῖς
557 4468 650 4520 καὶ
687 4453 811 4530 τοὺς
843 4466 932 4520 διὰ
976 4468 1305 4539 τραυμάτων
1340 4469 1433 4522 καὶ
1465 4469 1691 4540 αἵματος
1729 4472 1786 4524 ἐν
1833 4471 1910 4541 τῷ

325 4553 550 4622 θανάτῳ
593 4554 904 4622 γεγονότας,
938 4557 1012 4624 μή
1060 4572 1143 4616 τις
1192 4556 1284 4607 ἐπὶ
1334 4556 1536 4608 τούτων
1574 4557 1758 4609 ἀτονία
1811 4557 1911 4627 τῆς

325 4639 599 4703 ζωοποιοῦ
623 4640 902 4714 δυνάμεως
930 4640 1033 4714 λύῃ
1065 4641 1163 4712 τὴν
1189 4641 1382 4712 χάριν;
1412 4638 1533 4695 Εἷδε
1560 4643 1650 4696 τὸν
1685 4645 1741 4695 ἐν
1761 4644 1908 4714 ἥλοις

319 4712 794 4797 ὃιαπερονηθέντα
827 4727 925 4790 τὰς
981 4712 1185 4798 χεῖρας.
1235 4725 1356 4782 Εἷδε
1406 4728 1496 4782 τὸν
1545 4729 1642 4800 τὴν
1676 4712 1915 4802 πλευρὰν

321 4813 502 4884 λδγχῃ
529 4813 887 4886 διαπαρέντα.
920 4813 1175 4881 Διένεγκε
1203 4816 1329 4879 τοὺς
1367 4815 1662 4878 δακτύλους
1699 4834 1789 4869 σου
1830 4817 1914 4870 διὰ

319 4903 439 4955 τῶν
464 4902 649 4955 τύπων
679 4902 786 4955 τῶν
811 4902 976 4972 ἥλων.
1010 4901 1253 4973 Ἐμδαλε
1283 4905 1382 4976 τὴν
1415 4905 1572 4976 χεῖρά
1614 4923 1706 4958 σου
1734 4904 1810 4975 τῷ
1851 4909 1914 4960 ἐκ

321 4990 432 5058 τῆς
465 4989 668 5058 λόγχης
715 4989 1011 5062 τραύματι.
1044 4989 1286 5062 Στοχάζη
1332 4993 1547 5056 πάντως
1591 4995 1683 5045 ἐπὶ
1731 4995 1913 5046 πόσων

323 5077 480 5139 εἰκὸς
515 5071 586 5145 ἦν
626 5077 705 5139 εἰς
737 5077 796 5129 τὸ
828 5078 980 5140 ἐντὸς
1020 5078 1119 5149 τὴν
1148 5079 1352 5150 αἰχμὴν
1384 5079 1646 5142 διαδῦναι,
1686 5081 1773 5134 διὰ
1817 5082 1911 5136 τοῦ

324 5164 573 5226 πλάτους
610 5163 711 5232 τῆς
741 5162 990 5234 ὠτειλῆς,
1018 5167 1118 5237 τὴν
1147 5167 1237 5219 ἐπὶ
1274 5166 1332 5219 τὸ
1369 5165 1477 5220 ἔσω
1507 5168 1738 5239 πάροδον
1769 5169 1915 5238 λογι-

327 5250 583 5319 ζόμενος.
622 5251 685 5303 Ἠ
718 5250 825 5321 γὰρ
875 5251 1074 5306 εῐσοδον
1125 5252 1308 5323 χειρὸς
1351 5253 1700 5324 ἀνθρωπίνης
1731 5257 1914 5325 χωρή-

328 5355 478 5391 σασα
507 5339 712 5409 πληγὴ.
742 5341 906 5394 πόσον
938 5343 1090 5406 ἐντὸς
1115 5340 1212 5395 τοῦ
1249 5340 1444 5411 βάθους
1475 5342 1802 5412 γεγενῆσθαι
1823 5344 1915 5396 τὸν

330 5427 561 5499 σίδηρον
612 5429 1008 5500 ὑποδείκνυσιν;
1040 5432 1104 5487 Εἰ
1152 5427 1249 5486 οὖν
1291 5426 1445 5494 οὗτος
1482 5431 1795 5503 ἐγήγερται,
1823 5431 1914 5486 εύ-

412 5612 454 5641 ’⁸
485 5613 505 5665 ι
540 5609 732 5668 Thess.
765 5631 832 5683 ιν,
864 5619 924 5679 19
954 5639 1075 5698 sqq.
1155 5621 1199 5654 "
1241 5616 1378 5673 Luc.
1416 5629 1488 5681 Iv,
1527 5614 1618 5672 23.

2009 3336 2322 3390 suasionem
2351 3335 2489 3390 levia
2523 3335 2619 3390 tibi
2649 3332 2942 3388 videntur?
2966 3333 3201 3385 etiamne
3227 3329 3357 3399 quid
3387 3328 3455 3382 de
3492 3327 3593 3381 bac

2008 3427 2216 3481 certius
2246 3425 2574 3481 desideras?
2615 3424 2736 3479 Non
2771 3433 2976 3479 temere
3015 3424 3145 3476 mihi
3189 3421 3451 3476 Dominus
3490 3419 3594 3474 hoc

2009 3516 2152 3586 apud
2180 3516 2704 3587 Capliarnaumanos
2734 3518 2904 3580 cives,
2944 3525 3200 3584 tanquam
3250 3525 3317 3568 ex
3349 3513 3593 3582 ipsorum

2007 3623 2241 3678 persona
2268 3608 2474 3664 dixisse
2498 3610 2750 3663 videtur:
2775 3627 2791 3659 ι
2814 3608 3049 3661 Omnino
3080 3605 3211 3659 mihi
3242 3606 3426 3658 tritum
3461 3603 3594 3657 illud

2009 3698 2290 3767 hominum
2319 3699 2675 3767 usurpatione
2715 3697 2937 3750 verbum
2968 3694 3225 3764 objicitis,
3260 3693 3483 3758 Medice,
3512 3699 3596 3746 te-

2008 3786 2188 3858 ipsum
2215 3766 2484 3842 curato".
2515 3807 2533 3840 ι
2564 3787 2822 3856 Nampar
2847 3795 2982 3849 erat,
3006 3792 3065 3838 ut
3096 3784 3187 3854 qui
3222 3783 3468 3837 homines
3501 3797 3596 3852 per

2008 3878 2154 3933 edita
2185 3877 2240 3932 in
2272 3878 2465 3933 alienis
2503 3878 2828 3948 corporibus
2871 3877 3134 3930 miracula
3179 3873 3596 3928 condocefacie—

2009 3969 2133 4035 bat,
2170 3978 2228 4024 ut
2266 3971 2723 4026 resurrectionem
2763 3967 2880 4024 fore
2918 3968 3226 4028 crederent,
3247 3966 3386 4019 idem
3427 3966 3593 4019 etiam

2011 4063 2106 4117 illo
2132 4063 2186 4118 in
2207 4078 2432 4135 corpore
2455 4063 2599 4134 quod
2622 4078 2652 4116 a
2678 4063 2835 4118 nobis
2863 4067 3170 4130 sumpserat
3191 4056 3591 4126 comprobaret.

2009 4152 2071 4209 In
2103 4155 2228 4210 aliis
2263 4156 2568 4212 doctrinam
2600 4155 2740 4208 hanc
2770 4152 3063 4208 eﬂlcaciter
3093 4151 3426 4205 declaratam
3460 4159 3594 4198 con-

2013 4248 2391 4318 ﬁrmatamq-ue
2412 4246 2618 4302 vidisti.
2640 4243 2798 4298 Morti
2827 4243 3125 4312 proximos,
3141 4238 3374 4309 puellam
3401 4250 3595 4290 recens

2011 4346 2306 4401 mortuam,
2330 4337 2585 4406 juvenem
2613 4333 2852 4388 delatum
2883 4331 3046 4385 etiam
3071 4329 3136 4382 ad
3173 4328 3462 4391 tumulum,
3496 4339 3592 4379 ca-

2010 4429 2180 4484 daver
2207 4428 2441 4498 denique
2458 4433 2782 4496 putrescens
2803 4439 2815 4476 :
2839 4437 3032 4478 omnes
3046 4421 3146 4476 hos
3168 4419 3234 4474 ad
3260 4418 3421 4472 unius
3444 4416 3595 4472 vocis

2014 4522 2300 4592 imperium
2343 4526 2517 4574 morte
2549 4518 2770 4582 relicta,
2814 4529 3008 4571 rursus
3056 4516 3114 4568 in
3153 4513 3316 4567 vitam
3361 4507 3593 4565 commi-

1949 4601 1993 4656 Ῑ)
2020 4620 2240 4684 grantes
2266 4609 2472 4665 vidisti.
2500 4607 2693 4663 Iamne
2725 4615 2778 4663 et
2813 4607 2937 4661 illos
2974 4605 3156 4660 videre
3191 4604 3348 4658 lubet
3386 4600 3596 4656 excita-

2020 4714 2132 4768 tos,
2173 4705 2266 4772 qui
2300 4702 2354 4756 in
2387 4699 2705 4756 vulneribus
2751 4709 2806 4755 et
2843 4698 3106 4769 sanguine
3144 4703 3370 4749 mortem
3411 4691 3596 4746 obive-

2013 4805 2165 4864 runt,
2196 4812 2265 4852 ne
2292 4795 2415 4866 quis
2439 4795 2493 4848 in
2527 4794 2613 4849 bis
2642 4793 2781 4849 forte
2808 4799 3131 4862 potestatem
3156 4788 3416 4849 divinam,
3446 4800 3597 4838 mor-

2015 4899 2140 4946 tuos
2173 4889 2229 4944 in
2261 4891 2430 4943 vitam
2470 4896 2841 4952 revocantem,
2874 4899 2996 4939 esse
3035 4882 3363 4938 imbecillam
3401 4877 3599 4948 putet?

2015 4981 2073 5035 In
2112 4980 2263 5034 illum
2304 4979 2517 5032 intuere
2555 4977 2715 5046 cujus
2746 4973 3036 5046 perforatre
3075 4973 3243 5025 clavis
3283 4984 3476 5022 manus
3513 4966 3596 5020 fu-

2017 5079 2217 5126 erunt:
2263 5069 2318 5123 in
2357 5069 2531 5132 illum,
2575 5069 2818 5135 inquam,
2859 5065 2945 5120 cui
2986 5065 3128 5117 latus
3166 5062 3394 5114 alterum
3440 5059 3594 5111 basta

2021 5160 2324 5232 perfossum
2365 5160 2486 5216 fuit.
2524 5158 2865 5230 Age,digitos
2899 5165 3024 5211 tuos
3061 5170 3153 5226 per
3191 5154 3469 5208 clavorum
3504 5162 3593 5202 ve-

2021 5252 2179 5322 stigia
2206 5250 2536 5306 circumfer:
2565 5250 2745 5304 insere
2768 5263 2988 5303 manum
3024 5249 3077 5300 in
3107 5246 3306 5300 vulnus
3328 5240 3594 5296 inﬂictum

2022 5343 2090 5397 ab
2122 5344 2296 5398 hasta.
2339 5343 2679 5398 existimabis
2719 5341 2998 5404 facillime,
3035 5350 3318 5408 quousque
3350 5330 3594 5402 cuspidis

2023 5433 2169 5490 acies
2183 5433 2567 5505 penetraverit,
2591 5433 2638 5491 si
2669 5433 2738 5490 de
2761 5431 3001 5488 vulneris
3029 5426 3404 5500 amplitudine,
3431 5431 3594 5492 quam
