4088 6210
498 201 608 256 223
1127 253 1130 256 .
1744 201 1804 257 S.
1839 199 2168 258 GREGORH
2203 194 2497 260 NYSSENJ
3651 179 3758 234 εςιι

500 315 792 370 vehemens
825 311 993 367 hasta
1021 309 1184 366 fuerit
1228 311 1536 381 impressio,
1585 313 1958 383 conjecturam
1994 313 2076 368 fa-

2198 312 2334 366 ιολον
2377 310 2444 364 ἂν
2491 308 2578 377 εἴη
2625 304 2687 358 τὸ
2713 299 3064 358 ἀποστολικδν
3093 293 3553 368 ἐπιφθέγξασθαιο
3591 312 3611 345 ι
3636 295 3758 357 Πῶς

499 405 637 458 cias.
655 401 826 468 Quam
856 402 1000 457 enim
1028 403 1136 457 alte
1160 401 1361 458 ferrum
1391 410 1708 472 penetrasse
1726 419 1953 460 necesse
1969 413 2074 469 est,

2198 402 2396 471 ιὲγουσί
2425 415 2591 462 τινες,
2639 397 2720 450 ὅτι
2765 393 3060 452 ἀνάστασις
3114 389 3323 462 νεκρῶν
3370 387 3472 440 οὐκ
3526 383 3756 450 ἔστινςι

499 508 624 548 cum
655 492 854 547 vulnus
889 492 1067 562 ipsum
1103 493 1338 547 hominis
1370 508 1592 546 manum
1627 493 1890 548 incertam
1920 507 2080 562 cape.

2198 488 2412 562 Ἐπειδὴ
2437 489 2616 542 τοίνυν
2660 488 2810 540 πᾶσα
2845 485 2944 555 μὲν
2973 482 3281 553 πρόρρησις
3307 476 3400 531 τοῦ
3431 477 3638 547 Κυρίου
3678 477 3766 530 διά

502 599 560 638 re
590 583 858 651 potuerit!
885 580 985 636 Hic
1015 598 1143 652 ergo
1164 598 1288 637 cum
1314 583 1583 638 excitatus
1606 598 1636 636 a
1666 591 1841 638 morte
1866 583 1957 646 sit,
1988 598 2082 637 ne—

2198 585 2278 654 τῆς
2308 582 2417 636 τῶν
2458 578 2758 649 γεγονότων
2793 574 3099 648 μαρτυρίας
3137 570 3345 642 ἀληθὴς
3377 567 3764 631 ἐπιδείκνυται,

501 671 678 735 mine,
709 671 934 740 opinor.
966 672 1407 735 contradicente,
1457 673 1639 727 verbis
1683 671 1791 726 illis
1835 671 2081 740 Apostoli

2198 673 2340 728 τοῦτο
2363 674 2420 727 δὲ
2441 673 2502 725 οὐ
2530 672 2671 741 λόγῳ
2697 669 3094 740 μεμαθήκαμεν
3115 664 3293 735 μόνον,
3317 659 3453 715 ἀλλά
3472 659 3567 712 καὶ
3589 657 3651 724 ἐξ
3670 657 3769 710 αύ-

500 760 658 817 nobis
685 763 764 817 uti
795 763 1007 817 licebit:
1039 762 1159 828 Quo
1187 770 1346 832 pacto
1374 763 1558 818 dicere
1581 764 1830 818 nonnulli
1857 763 2079 826 audent,

502 854 956 910 resurrectionem
984 864 1321 909 mortuorum
1348 870 1456 908 non
1488 853 1604 909 fore
1619 854 1948 920 "?Quando
1984 853 2082 923 igi-

500 954 591 1001 tur
623 947 833 1023 Domini
869 945 1124 1000 vaticinia
1165 945 1232 1000 de
1265 944 1370 1000 hoc
1397 961 1525 1000 vera
1557 962 1680 1002 esse
1722 955 1892 1016 patet,
1937 943 2085 1014 quod

501 1045 556 1092 et
587 1039 803 1091 caneris
834 1039 954 1105 ejus
985 1037 1225 1092 oraculis
1268 1048 1496 1094 eventus
1543 1038 1925 1109 responderit:
1971 1035 2088 1092 fore

503 1137 684 1183 autem
711 1129 1168 1184 resurrectionem
1199 1145 1309 1184 non
1326 1129 1512 1186 verbis
1551 1130 1735 1194 modo,
1763 1130 1859 1184 sed
1886 1129 2003 1200 ipsa
2031 1145 2090 1183 e-

434 1290 438 1295 ι
506 1220 635 1274 tiam
664 1236 720 1276 re
748 1221 1128 1287 declaraverit,
1153 1222 1434 1276 nonnullis
1465 1223 1700 1276 invitam
1731 1235 1823 1290 per
1843 1234 2090 1275 resurre-

505 1313 741 1366 ctionem
766 1312 1044 1367 reductis:
1075 1313 1204 1382 quid
1233 1312 1492 1382 deinceps
1511 1321 1805 1381 prmtexent
1832 1311 2090 1364 adversa-

507 1405 572 1458 rii
619 1419 818 1466 causae,
852 1420 962 1474 quo
1003 1405 1184 1459 minus
1213 1404 1372 1458 nobis
1405 1403 1813 1458 assentiamur?
1844 1401 1956 1468 Cur
1980 1417 2092 1455 non

504 1495 686 1550 valere
705 1496 879 1564 jussis
905 1497 1182 1559 omnibus,
1208 1496 1300 1566 qui
1334 1510 1429 1566 per
1459 1491 1856 1565 philosophiam
1875 1494 2094 1548 inanes-

2183 766 2293 818 τῶν
2318 763 2425 817 τῶν
2453 763 2547 815 ἐπὶ
2573 740 2670 832 τὴν
2691 760 2834 830 ζωὴν
2866 758 2924 825 ἐξ
2950 756 3314 822 ἀναστάσεωςξ
3342 740 3767 815 ἐπανελθόντων,

2186 856 2330 927 ἔργῳ
2362 853 2460 922 τὴν
2511 849 2783 916 ἀπόδειξιν
2829 851 2928 919 τῆς
2978 844 3310 914 ἐπαγγελίας
3354 841 3655 911 ἐλάϐομενο
3686 844 3771 904 τίς

2187 943 2536 998 ὑπολείπεται
2564 941 2676 1003 τοῖς
2700 939 2774 1010 μὴ
2805 937 3150 991 πιστεύουσιν
3177 935 3436 1005 ἀφορμή;
3478 934 3617 998 Οὐκ,
3647 935 3773 1003 Ἐῤ-

2191 1034 2388 1108 ῥωσθε,
2423 1033 2728 1104 φράσαντες
2761 1031 2872 1092 τοῖς
2899 1029 2988 1082 διὰ
3019 1028 3118 1097 τῆς
3151 1024 3469 1094 φιλοσοφίας
3493 1024 3587 1076 καὶ
3609 1023 3774 1094 κενῆς

2188 1127 2404 1196 ἀπάτης
2447 1120 2954 1195 παρακρουομένοις
3000 1117 3097 1187 τὴν
3136 1115 3512 1170 ἀκατάσκευον
3565 1113 3771 1179 πίστιν,

2189 1216 2352 1286 ψιλῆς
2405 1213 2638 1286 ἑξόμεθα
2681 1215 2779 1283 τῆς
2821 1209 3143 1281 ὁμολογίας;
3195 1207 3459 1279 μαθόντες
3502 1208 3560 1259 ἐν
3605 1205 3775 1275 ὀλίγῳ

2190 1307 2277 1360 διὰ
2318 1303 2412 1358 τοῦ
2471 1305 2758 1375 Προφήτου
2785 1300 2873 1354 τὸν
2910 1300 3116 1370 τρόπον
3159 1299 3258 1369 τῆς
3311 1297 3551 1368 χάριτος,
3590 1297 3658 1349 δι’
3699 1291 3776 1351 ὧν

2192 1411 2387 1467 φησιν’
2435 1413 2454 1446 ι
2501 1393 2834 1456 Ἀντανελείς
2875 1391 2936 1444 τὸ
2975 1389 3196 1460 πνεῦμα
3225 1388 3426 1452 αὐτῶν,
3465 1389 3560 1442 καὶ
3599 1389 3777 1441 ἐκλεί-

2191 1487 2371 1557 ψουσι,
2411 1485 2502 1538 καὶ
2543 1486 2626 1548 εἰς
2660 1485 2752 1537 τὸν
2785 1483 2913 1553 χοῦν
2955 1481 3136 1536 αὐτῶν
3168 1481 3603 1554 ἐπιστρέφουσιν.
3661 1481 3780 1548 Ἐξτι

507 1602 614 1654 que
655 1584 877 1642 fraudes
919 1587 1083 1658 capti,
1129 1587 1430 1657 simplicem
1473 1594 1527 1640 et
1557 1586 1864 1640 inornatam
1891 1584 2094 1638 verita-

2198 1575 2512 1638 αποστελεῖς
2577 1575 2638 1628 τὸ
2704 1573 2933 1644 Πνεῦμά
2995 1591 3120 1634 σου.
3187 1574 3283 1626 καὶ
3360 1575 3774 1644 κτισθήσονται,

509 1679 580 1733 tis
628 1679 1040 1748 persuasionem
1089 1687 1430 1744 aversantur,
1466 1680 1625 1733 nudze
1656 1678 1840 1748 potius
1869 1674 2083 1748 profes-

2198 1668 2277 1720 καὶ
2319 1667 2652 1730 ἀνακαινιεῖς
2696 1667 2758 1718 τὸ
2798 1666 3089 1737 πρόσωπον
3137 1664 3238 1734 τῆς
3279 1663 3404 1734 γῆς.
3431 1679 3461 1714 ἰ
3501 1664 3633 1719 "Ore
3680 1666 3778 1719 καὶ

509 1769 654 1824 sioni
673 1770 839 1840 hujus
863 1770 1300 1828 adhaerebimus?
1332 1771 1632 1842 praesertim
1664 1785 1788 1825 cum
1815 1770 1883 1824 de
1912 1768 2091 1823 verbis

508 1858 672 1919 vatis.
704 1875 935 1914 numero
967 1862 1177 1929 paucis,
1207 1876 1317 1928 quo
1349 1867 1510 1929 pacto
1542 1867 1896 1914 revocaturus
1928 1857 1983 1910 in
2012 1857 2092 1911 vi-

508 1955 618 2002 tam
651 1950 723 2003 sit
752 1948 896 2006 Deus
922 1951 1191 2015 homines,
1226 1951 1527 2021 intelligere
1557 1949 1738 2005 liccat.
1763 1946 2044 2010 «Auferes,
2069 1965 2090 1999 ι

508 2037 771 2108 inquit”,
797 2041 865 2094 ab
895 2041 975 2094 eis
1001 2039 1256 2109 spiritum
1289 2039 1556 2108 ipsorum,
1589 2045 1645 2094 et
1677 2038 1882 2093 amissa
1917 2036 2093 2092 conti-

2195 1758 2582 1830 εὐφραίνεσθαι
2623 1758 2714 1811 τὸν
2747 1757 2952 1828 Κύριον
2989 1757 3081 1808 ἐπὶ
3125 1757 3238 1818 τοῖς
3283 1753 3462 1824 ἔργοις
3501 1753 3664 1806 αὐτοῦ
3696 1754 3782 1806 λέ-

2195 1868 2309 1926 γει,
2369 1848 2726 1903 ἐκλειπόντων
2773 1848 2882 1901 τῶν
2934 1846 3275 1918 ἁμαρτωλῶν
3325 1845 3434 1899 ἀπὸ
3496 1846 3612 1916 τῆς
3651 1846 3778 1917 γῆς.

2198 1941 2323 2006 Πῶς
2350 1942 2456 2014 γάρ
2484 1959 2567 2004 τις
2600 1940 2661 2006 ἐξ
2685 1939 2960 2012 ἁμαρτίας
2985 1938 3438 2011 όνομασθήσεται,
3469 1937 3571 2008 τῆς
3597 1938 3786 2008 ἀμαρέ

2197 2036 2318 2098 τίας
2355 2036 2457 2087 οὐκ
2475 2033 2670 2106 οὗσης;

511 2149 622 2187 nuo
665 2134 777 2187 vita
821 2134 874 2186 in
908 2133 1183 2203 pulverem
1225 2134 1513 2202 pristinum
1557 2133 1895 2203 redigentur.
1945 2129 2145 2185 Emitte
2175 2129 2443 2201 Spiritum
2483 2137 2662 2193 tuum,
2702 2137 2758 2184 et
2781 2129 2848 2184 de
2875 2128 3089 2200 integro
3118 2129 3472 2197 ereabuntur,
3523 2130 3784 2185 innovala

511 2225 684 2292 ipsius
715 2225 877 2278 etiam
908 2231 1070 2282 terra:
1101 2225 1261 2281 facie.
1293 2223 1654 2295 illloquidem
1671 2232 1918 2295 tempore
1943 2232 2094 2279 vates
2123 2222 2294 2288 addit,
2329 2223 2442 2278 fore
2480 2230 2540 2276 ut
2585 2221 2702 2278 suis
2739 2237 2806 2276 ex
2846 2222 3105 2292 operibus
3143 2221 3408 2278 Dominus
3447 2222 3782 2291 voluptatem

513 2313 720 2383 capiat,
764 2314 994 2371 sublatis
1041 2314 1108 2371 de
1147 2323 1292 2371 terra
1324 2316 1608 2372 sceleratis
1643 2313 1982 2371 hominibus.
2040 2311 2160 2377 Quo
2199 2313 2344 2368 enim
2376 2322 2537 2385 pacto
2565 2311 2690 2382 quis
2735 2326 2800 2367 eo
2843 2310 3066 2367 nomine
3108 2317 3225 2366 tum
3271 2311 3531 2382 appellari
3560 2308 3783 2380 poterit-

513 2413 630 2480 ipsa
658 2425 717 2465 re
748 2410 909 2480 plane
936 2411 1152 2468 sublata
1181 2422 1235 2466 et
1263 2411 1513 2467 abolita?

1058 2504 1290 2562 CAPUT
1335 2503 1530 2562 XXVI.

550 2588 1006 2650 Resurrectienem
1036 2597 1170 2664 fore,
1195 2597 1480 2653 abhorrens
1520 2614 1554 2651 α
1583 2614 1701 2653 vero
1735 2615 1836 2653 non
1868 2597 2054 2653 videri.

584 2679 786 2736 Verum
820 2686 1066 2739 nonnulli
1097 2694 1248 2750 sunt,
1291 2687 1385 2757 qui
1420 2687 1491 2741 ob
1529 2687 1892 2741 humanarum
1935 2686 2088 2758 cogi-

2683 2497 3085 2553 ΚΕΦΑΛΑΙΟΝ
3130 2500 3277 2566 κςν.

2341 2583 2478 2645 ’Ὁτι
2502 2591 2613 2645 οὐκ
2640 2590 2756 2654 ἔξω
2789 2591 2892 2645 τοῦ
2924 2592 3156 2656 εἰκότος
3183 2591 3221 2657 ἠ
3253 2590 3615 2658 ἀνάστασις.

2271 2682 2411 2736 Ἀλλ’
2445 2683 2551 2736 είσί
2593 2700 2759 2746 τινες,
2792 2682 2842 2735 οἲ
2882 2682 2971 2738 διά
3003 2682 3102 2754 τὴν
3135 2682 3242 2736 τῶν
3295 2681 3607 2754 ἀνθρωπίνιι
3631 2703 3651 2737 ι
3689 2683 3779 2737 λο-

516 2773 786 2828 tationum
827 2776 1256 2833 imbecillitatem
1303 2795 1369 2835 eo
1399 2783 1672 2842 feruntur,
1719 2787 1778 2834 ut
1816 2779 1910 2835 Dei
1942 2788 2094 2850 pote-

2198 2775 2404 2846 γισμῶν
2435 2774 2675 2836 ἀτονίαν,
2721 2773 2856 2842 πρὸς
2888 2773 2955 2827 τά
2993 2773 3240 2844 ἡμέτερα
3291 2773 3466 2844 μέτρα
3492 2773 3589 2844 τὴν
3624 2772 3780 2827 θείαν

518 2869 713 2916 etatem
752 2863 820 2916 ad
872 2865 1074 2920 virium
1128 2875 1444 2922 nostrarum
1491 2869 1774 2930 modulum
1821 2869 2084 2940 exigant:

2198 2851 2419 2938 δύναμιν
2455 2867 2754 2938 κρίνοντες,
2788 2867 2851 2919 τὸ
2893 2867 3024 2937 ἡμῖν
3065 2864 3352 2935 ἀχώρητον
3378 2864 3501 2917 οὐδὲ
3526 2864 3648 2934 Θεῷ
3687 2866 3780 2918 δυ-

460 2967 469 2976 ·
518 2961 573 3008 et
602 2953 746 3022 quod
790 2955 994 3026 ingenii
1029 2960 1206 3015 nostri
1255 2959 1492 3017 facultas
1526 2979 1636 3018 non
1665 2964 1834 3032 capit,
1879 2978 1947 3017 ne
1972 2963 2093 3032 qui-

518 3042 641 3098 dem
668 3060 697 3099 a
727 3042 837 3101 Deo
861 3051 1107 3117 praestari
1138 3066 1299 3120 posse
1331 3051 1618 3108 afﬁrmem.
1642 3052 1777 3106 Nam
1811 3053 2088 3122 respicere

520 3149 624 3190 nos
658 3136 724 3190 ad
752 3153 849 3193 eos
884 3139 1102 3206 jubcnt,
1143 3143 1236 3210 qui
1274 3142 1402 3194 olim
1436 3146 1661 3208 mortui,
1723 3143 1900 3214 adque
1950 3146 2096 3201 nihi-

519 3225 634 3279 lum
665 3237 792 3282 sunt
819 3229 1062 3284 redacti:
1099 3239 1210 3283 tum
1249 3246 1483 3300 quorum
1524 3249 1757 3305 corpora
1807 3236 1956 3307 rogis
1997 3236 2095 3290 im-

521 3318 700 3388 posita
745 3327 799 3373 et
849 3329 1199 3376 concremata
1245 3333 1393 3379 sunt.
1437 3324 1638 3396 Objicit
1686 3344 1878 3384 eorum
1929 3331 2095 3386 nobis

521 3409 696 3462 oratio
729 3411 1048 3468 carnivoras
1081 3414 1312 3481 belluas,
1338 3426 1503 3487 atque
1535 3420 1704 3474 etiam
1747 3421 1949 3491 pisces,
1985 3423 2084 3492 qui

522 3500 806 3555 hominum
860 3503 1166 3576 naufragiis
1215 3507 1517 3577 ejectorum
1551 3526 1746 3568 carnes
1791 3513 2094 3583 deglutive—

522 3599 670 3645 runt.
703 3593 930 3649 Addunt
989 3598 1305 3664 usuveuire,
1337 3609 1398 3655 ut
1461 3603 1532 3658 iis
1567 3604 1811 3660 vicissim
1847 3606 2098 3663 homines

527 3692 828 3738 vescantur
859 3693 913 3740 ει
955 3697 1250 3746 concoctos
1297 3708 1453 3746 suam
1501 3693 1555 3747 in
1600 3709 1821 3750 carnem
1867 3711 2100 3752 conver-

521 3781 660 3830 tant.
718 3774 1047 3846 Hujusmodi
1100 3781 1274 3836 multa
1335 3795 1648 3850 recensent,
1706 3802 1802 3856 per
1848 3787 2098 3857 profecto

523 3867 684 3931 levia,
727 3881 782 3924 et
803 3871 1002 3926 eximia
1037 3872 1128 3928 Dei
1159 3885 1426 3944 potestate
1458 3878 1710 3949 indigna,
1767 3890 1824 3935 ut
1855 3890 2098 3939 nostram

524 3954 592 4010 de
640 3960 1043 4015 resurrectione
1086 3962 1398 4018 doctrinam
1444 3977 1716 4024 evertant.
1765 3970 1932 4036 Quasi
1970 3989 2100 4030 vero

523 4057 758 4116 nequeat
798 4047 944 4106 Deus
995 4054 1139 4122 quod
1179 4054 1386 4110 homini
1423 4068 1511 4113 est
1566 4059 1765 4129 cuique
1815 4065 2098 4133 proprium

522 4141 834 4208 restituere,
871 4144 1161 4214 pristinum
1188 4147 1257 4202 ad
1305 4157 1510 4204 statum
1543 4167 1639 4220 per
1667 4153 1885 4208 easdem
1926 4157 2096 4211 veluti

2194 2961 2354 3015 νατὸν
2411 2957 2548 3012 εἶναι
2603 2958 3093 3019 κατασκευάζουσι.
3147 2955 3465 3009 Δεικνύουσι
3515 2956 3626 3027 γάρ
3672 2956 3780 3010 τῶν

2193 3069 2256 3104 τε
2287 3049 2527 3120 ἀρχαίων
2552 3049 2762 3118 νεκρῶν
2801 3047 2892 3101 τὸν
2912 3046 3236 3117 ἀφανισμὸν,
3265 3044 3378 3099 τῶν
3404 3063 3464 3098 τε
3489 3045 3579 3098 διὰ
3607 3045 3779 3116 πυρὸς

2196 3140 2694 3212 ἁποτεφρωθέντων
2724 3139 2794 3192 τὰ
2840 3138 3088 3208 λείψανα,
3136 3139 3231 3191 καὶ
3261 3136 3343 3190 ἔτι
3392 3137 3527 3208 πρὸς
3571 3137 3781 3198 τούτοις

2195 3235 2264 3288 τὰ
2308 3232 2616 3303 σαρκοϐόρα
2655 3231 2763 3285 τῶν
2805 3230 2958 3296 ζώων
2994 3230 3071 3301 τῷ
3100 3229 3245 3301 λόγῳ
3290 3230 3652 3301 προφέρουσι,
3685 3230 3779 3282 καὶ

2195 3326 2286 3379 τὸν
2319 3324 2470 3396 ἰχθὺν
2519 3323 2595 3393 τῷ
2636 3323 2750 3393 ἰδίῳ
2791 3321 3004 3394 σώματι
3040 3321 3140 3392 τὴν
3189 3322 3368 3392 σάρκα
3409 3320 3503 3373 τοῦ
3534 3323 3780 3391 ναυαγή-

2199 3433 2388 3478 σαντος
2416 3414 2769 3478 ἀναλαϐόντα,
2803 3414 2898 3466 καὶ
2924 3412 3110 3465 τοῦτον
3137 3411 3302 3464 πάλιν
3328 3411 3536 3483 τροφὴν
3568 3411 3780 3483 ἀνθρώ-

2199 3521 2315 3558 πων
2362 3504 2675 3574 γενόμενον,
2720 3503 2816 3556 καὶ
2856 3504 2936 3565 εἰς
2963 3501 3055 3554 τὸν
3094 3500 3187 3554 τοῦ
3235 3500 3574 3571 βεϐρωκότος
3617 3501 3784 3570 ὄγκον

2203 3595 2699 3668 μετακεχωρηκότα
2723 3593 2816 3648 διὰ
2838 3594 2938 3664 τῆς
2959 3592 3198 3662 πέψεως.
3229 3593 3340 3645 Καὶ
3365 3591 3536 3646 πολλὰ
3556 3593 3784 3647 τοιαῦτα

2203 3690 2579 3759 μικροπρεπῆ,
2622 3687 2719 3740 καὶ
2755 3687 2854 3758 τῆς
2902 3685 3144 3755 μεγάλης
3189 3683 3284 3747 τοῦ
3324 3684 3459 3738 Θεοῦ
3499 3685 3784 3757 δυνάμεως

2201 3779 2565 3844 καὶὲξουσίας
2601 3778 2817 3843 ἀνάξια,
2847 3777 2931 3830 ἐπ’
2959 3779 3237 3849 ἀνατροπῇ
3276 3776 3372 3830 τοῦ
3410 3778 3682 3848 δόγματος
3711 3780 3782 3833 δι-

2202 3869 2542 3943 εξέρχονται·
2579 3871 2654 3934 ὡς
2681 3872 2742 3924 ού
2771 3871 3069 3940 δυναμένου
3089 3870 3183 3923 τοῦ
3207 3871 3342 3924 Θεοῦ
3373 3871 3534 3924 πάλιν
3563 3871 3652 3924 διὰ
3679 3873 3785 3927 τῶν

2204 3962 2383 4018 αὐτῶν
2427 3961 2584 4028 ὁδῶν,
2615 3961 2680 4014 δι’
2721 3960 3032 4024 ἀναλύσεως
3074 3961 3528 4031 ἀποκαταστῆσαι
3561 3961 3641 4032 τῷ
3691 3964 3782 4016 ἀν-

2204 4054 2407 4126 θρώπῳ
2427 4055 2486 4107 τὸ
2510 4054 2660 4108 ῐδιον.
2697 4053 2835 4106 Ἀλλ’
2863 4054 3023 4124 ἡμεῖς
3048 4057 3106 4108 ὲν
3125 4055 3292 4127 ὀλίγῳ
3321 4056 3420 4118 τὰς
3453 4055 3674 4128 μακρὰς
3698 4055 3789 4108 αὔ·-

2205 4147 2312 4200 τῶν
2339 4147 2439 4217 τῆς
2465 4146 2690 4216 λογικῆς
2723 4145 3080 4217 ματαιότητος
3111 4151 3437 4222 περιδρομὰς
3467 4145 3785 4218 ὑποτεμνῶ-

521 4229 639 4285 vias
666 4233 942 4290 redeunti.
979 4235 1087 4293 Sed
1120 4254 1220 4295 nos
1244 4242 1486 4310 prolixas
1517 4243 1789 4313 ipsorum,
1828 4244 2016 4315 inepte
2037 4262 2094 4302 ac

2211 4237 2371 4309 μεθα,
2419 4236 2809 4307 ὁμολογοῦντες
2837 4236 2934 4308 τὴν
2981 4236 3081 4307 μὲν
3121 4235 3363 4291 διάλυσιν
3391 4235 3484 4288 τοῦ
3534 4236 3785 4305 σώματος

527 4333 829 4402 sophistica
870 4329 1372 4395 declamitantium',
1409 4333 1663 4403 ambages
1705 4337 2094 4404 praecidamus;

524 4421 910 4492 fateamurque
933 4423 1136 4478 resolvi
1163 4439 1364 4494 corpus
1396 4425 1634 4482 hominis
1664 4427 1787 4482 illas
1818 4428 1870 4482 in
1889 4439 2092 4499 partes,

525 4513 728 4583 quibus
770 4528 836 4567 ex
876 4513 1126 4581 partibus
1172 4522 1425 4582 constet;
1465 4531 1644 4585 neque
1691 4526 1893 4573 terram
1937 4523 2096 4578 modo

523 4599 988 4670 quemadmodum
1020 4616 1205 4655 sermo
1232 4602 1454 4658 divinus
1492 4605 1753 4674 loquitur,
1790 4609 1858 4664 ad
1893 4617 2093 4666 terram

523 4689 736 4752 reduci,
783 4687 879 4743 sed
902 4697 958 4745 et
975 4705 1155 4744 aerem
1178 4691 1539 4749 et‘humorem
1567 4695 1632 4749 ad
1657 4712 1719 4752 ea
1743 4714 1863 4768 quae
1879 4703 2095 4770 generis

521 4773 768 4864 ejusdem
795 4787 946 4844 sunt,
984 4797 1044 4837 se
1078 4782 1331 4840 conferre
1365 4804 1379 4841 :
1412 4789 1669 4846 omnibus
1707 4791 1765 4846 in
1789 4792 1949 4849 nobis
1976 4809 2107 4864 par-

523 4863 674 4919 tibus
711 4865 778 4920 ad
807 4881 897 4921 res
945 4867 1048 4924 sibi
1094 4881 1360 4942 cognatas
1394 4876 1769 4946 tendentibus,
1815 4882 1933 4937 sive
1966 4863 2105 4938 adeo

525 4966 727 5021 corpus
761 4954 1061 5014 humanum
1094 4975 1125 5014 a
1156 4963 1464 5022 carnivoris
1493 4968 1710 5034 avibus,
1761 4971 1877 5027 sive
1911 4973 2105 5029 imma-

524 5043 688 5100 nibus
737 5045 956 5117 belluis,
1002 5052 1118 5108 sive
1153 5054 1398 5125 piscibus
1435 5059 1748 5128 devoretur,
1796 5062 1912 5118 sive
1948 5065 2106 5121 deni-

524 5151 630 5205 que
659 5152 791 5208 rogo
827 5139 1141 5212 impositum
1171 5146 1224 5201 in
1252 5146 1432 5206 fumos
1463 5166 1527 5207 ac
1558 5152 1772 5208 cineres
1802 5153 2101 5225 redigatur.

525 5226 863 5302 Quocunque
889 5243 1072 5291 autem
1121 5238 1245 5294 loco
1273 5255 1398 5306 esse
1445 5241 1683 5298 hominis
1723 5258 1931 5312 corpus
1988 5253 2104 5300 sta-

522 5329 765 5390 tuamus,
795 5326 851 5382 id
877 5328 1098 5399 quidem
1121 5334 1652 5404 constabit,0pinor,
1686 5335 1788 5389 hoc
1811 5335 1866 5390 in
1893 5337 2099 5392 mundo

524 5413 659 5470 illud
703 5415 850 5476 haud
891 5418 1057 5478 dubie
1103 5425 1396 5482 contineri.
1449 5423 1712 5483 Muudum
1768 5441 1936 5497 porro
2000 5427 2095 5484 Dei

595 5594 638 5624 ι’
681 5592 695 5644 ι
728 5596 851 5648 (Ior.
890 5612 977 5662 xv,
1013 5599 1077 5651 l9.
1109 5615 1228 5669 sqq.
1308 5600 1353 5633 ”
1395 5600 1535 5656 Psal.
1571 5617 1687 5667 cm,
1728 5601 1816 5668 ‘29,
1853 5603 1939 5656 50.

2207 4331 2289 4392 είς
2317 4327 2387 4381 τὰ
2419 4326 2480 4391 ἐξ
2505 4320 2578 4380 ὧν
2610 4326 2930 4397 συνέστηκε,
2977 4326 3246 4396 γίνεσθαι,
3281 4327 3375 4380 καὶ
3401 4326 3462 4380 ού
3493 4327 3657 4396 μόνον
3689 4325 3784 4396 τὴν
3812 4321 3830 4336 “

2208 4419 2311 4489 γῆν
2342 4418 2484 4472 κατά
2527 4418 2619 4472 τὸν
2659 4417 2799 4471 θεῖον
2840 4418 2995 4487 λόγον
3038 4420 3117 4481 είς
3146 4418 3244 4486 τὴν
3293 4417 3396 4487 γῆν
3422 4415 3782 4470 ἀναλύεσθαι’

2205 4510 2343 4564 ἀλλά
2365 4510 2460 4562 καὶ⁴
2489 4508 2579 4562 τὸν
2602 4510 2760 4580 ἀέρα,
2787 4509 2879 4563 καὶ
2910 4509 2968 4562 τὸ
2997 4508 3162 4579 ὑγρὸν
3189 4509 3531 4580 προσχωρεῖν
3557 4505 3635 4576 τῷ
3667 4508 3789 4576 ὁμοο

2200 4602 2373 4674 φύλῳ,
2409 4602 2503 4655 καὶ
2524 4601 2754 4656 ἑκάστου
2777 4602 2884 4654 τῶν
2908 4603 2964 4654 ἐν
2992 4604 3122 4672 ἡμῖν
3150 4601 3285 4672 πρὸς
3309 4600 3369 4653 τὸ
3405 4599 3666 4667 συγγενὲς
3693 4597 3784 4667 τὴν

2205 4689 2590 4763 μεταχώρησιν
2608 4690 2911 4758 γίγνεσθαι,
2936 4689 3035 4743 κᾶν
3052 4693 3165 4753 τοῖς
3188 4688 3540 4761 σαρκοϐόροις
3559 4688 3783 4758 ὀρνέοις.

2201 4787 2305 4840 κᾶν
2335 4786 2448 4849 τοῖς
2480 4783 2782 4856 ὠμοτάτοις
2812 4782 3023 4854 θηρίοις
3055 4781 3328 4852 ἀναμιχθῇ
3362 4779 3423 4832 τὸ
3449 4777 3802 4849 ἀνθρώπινον.

2207 4879 2367 4949 σῶμα
2415 4876 2503 4931 διὰ
2542 4876 2644 4946 τῆς
2693 4874 2966 4946 βρώσεως,
3001 4873 3104 4926 κᾶν
3146 4872 3252 4925 ὑπὸ
3304 4872 3396 4925 τὸν
3444 4871 3634 4924 ὀδόντα
3682 4868 3784 4923 τῶν

2209 4967 2406 5040 ἰχθύων
2435 4968 2584 5039 ἔλθῃ,
2626 4967 2731 5020 κᾶν
2778 4968 2857 5030 είς
2890 4965 3098 5036 ἀτμοὺς
3132 4965 3228 5018 καὶ
3273 4963 3420 5016 κόνιν
3472 4961 3781 5032 μεταϐληθῇ

2203 5058 2282 5130 τῷ
2313 5057 2466 5128 πυρί.
2505 5056 2679 5108 Ὅπου
2709 5054 2754 5107 δ’
2795 5052 2861 5106 ἄν
2893 5069 2976 5115 τις
3013 5050 3136 5104 καθ’
3165 5049 3420 5104 ὑπόθεσιν
3456 5047 3782 5118 περιενέγκῃ

2202 5152 2282 5224 τῷ
2311 5153 2456 5222 λόγῳ
2497 5149 2586 5204 τόν
2625 5148 2929 5219 ἄνθρωπον,
2964 5147 3115 5210 ὲντδς
3170 5144 3260 5198 τοῦ
3309 5144 3514 5212 κόσμου
3570 5139 3782 5201 πάντως

2205 5245 2350 5300 ἐστί·
2379 5243 2567 5296 τοῦτον
2593 5242 2648 5296 δὲ
2677 5243 2743 5313 τῇ
2775 5241 2919 5312 χειρὶ
2953 5238 3045 5292 τοῦ
3086 5236 3220 5290 Θεοῦ
3252 5232 3780 5307 περικρατεῖσθαι,ἡ

2204 5338 2559 5400 θεόπνευστος
2597 5335 2837 5390 διδάσκει
2880 5334 3052 5405 φωνή.
3090 5333 3154 5385 Εἰ
3181 5325 3282 5398 οὖν,
3305 5329 3369 5383 σύ
3409 5347 3462 5382 τι
3494 5327 3606 5382 τῶν
3634 5328 3692 5378 ὲν
3722 5325 3779 5394 τῇ

2207 5433 2273 5501 σῇ
2301 5429 2529 5502 παλάμῃ
2553 5429 2652 5483 οὐκ
2683 5429 2917 5499 ἀγνοεῖς,
2949 5422 3037 5497 ἆρ’
3069 5423 3171 5479 οἴει
3211 5423 3313 5494 τῆς
3361 5421 3460 5493 σῆς
3503 5419 3780 5493 δυνάμεως
