4088 6210
347 259 455 316 2‘25

1597 273 1682 326 DE
1723 273 2006 332 HOMINIS
2044 276 2360 336 OPIFICIO.

3507 301 3613 359 296

350 381 686 452 ἀτονωτέραν
725 376 868 435 εἶναι
912 381 1012 454 τὴν
1061 383 1154 437 τοῦ
1206 385 1342 438 Θεοῦ
1383 387 1604 455 γνῶσιν,
1646 391 1722 454 ὡς
1764 390 1839 462 μὴ
1871 393 1924 446 ἂι

2040 383 2290 464 ροείιυηι
2321 413 2441 452 esse
2473 399 2527 453 in
2579 416 2766 467 manu,
2818 403 3037 461 Litterae
3087 407 3352 466 divinitus
3400 415 3616 470 tradita:

347 475 590 544 ἐξευρεῖν
626 473 738 526 τῶν
771 473 1256 548 ἐμπεριεχομένων
1288 476 1394 531 ὑπὸ
1424 479 1525 549 τῆς
1566 479 1714 544 θείας
1746 482 1942 534 σπιθα-

345 564 459 636 μῆς
495 563 593 632 τὴν
626 563 949 636 ἀκρίϐειαν;
1299 572 1306 577 ’

2038 487 2316 542 docent”.
2366 490 2522 556 Quod
2559 493 2604 548 si
2636 501 2694 548 tu
2746 510 2809 549 ea
2844 513 2952 551 non
2997 499 3239 568 ignoras,
3295 519 3418 572 quae
3446 520 3613 560 manu

2034 585 2127 631 tua
2167 583 2520 638 continentur
2554 602 2567 638 :
2603 601 2704 641 cur
2740 585 2908 642 Deum
2951 592 3134 648 minus
3165 609 3288 650 esse
3330 600 3616 667 perspica-

343 671 481 716 cem.
517 670 684 725 quam
715 665 775 711 tu
803 656 904 722 sis,
945 656 1230 716 existimas
1256 678 1270 714 :
1302 662 1463 732 quasi
1489 677 1600 719 non
1631 671 1886 720 accurate
1913 670 2097 725 omnia
2130 689 2252 742 quae
2285 678 2464 746 palma
2491 695 2592 735 sua
2623 683 3026 753 complectitur,
3061 695 3190 742 nota
3217 701 3614 766 perspectaque

344 747 542 800 habeat
558 746 584 799 τ

857 864 1258 923 ΚΕΦΑΛΑῙΟΝ
1295 869 1423 924 ΚΖ’.

346 979 470 1030 Ὅτι
490 956 765 1056 perﬂeto?
800 979 991 1056 ᾆστιν,
1021 984 1109 1056 εἰς
1152 983 1226 1036 τὰ
1262 985 1369 1056 τοῦ
1411 986 1636 1052 παντὸς
1663 987 1932 1056 στοιχεῖα

408 1047 520 1122 τοῦ
550 1049 931 1122 ἀξιθρωπίφςοὺ
969 1050 1242 1122 σώματος
1272 1047 1698 1122 ἀναλυθέντος,
1745 1047 1932 1111 πὲἶλιν

407 1117 478 1169 ἐκ
507 1117 616 1170 τοῦ
652 1119 861 1172 κοινοῦ
893 1117 1129 1185 ἑκάστῳ
1160 1117 1227 1174 τὸ
1267 1123 1423 1177 ἴδιον
1446 1117 1855 1193 ἀποσωθῆναι.

422 1205 586 1258 ’Δλλά
619 1206 780 1274 τυχὸν
817 1207 954 1276 πρὸς
978 1207 1045 1260 τὰ
1072 1213 1309 1280 στοιχεῖα
1335 1211 1430 1264 τοῦ
1466 1215 1662 1277 παντὸς
1695 1215 1928 1284 βλέπων,

340 1295 602 1350 δύσκολον
648 1299 754 1350 οἴει
783 1297 880 1350 τοῦ
935 1299 994 1351 ἐν
1030 1301 1162 1370 ἡμῖν
1200 1302 1364 1373 ἀέρος
1397 1305 1532 1375 πρὸς
1579 1307 1639 1360 τὸ
1679 1308 1939 1376 συγγενὲς

345 1393 607 1458 στοιχεῖον
637 1390 1014 1458 ἀναχεθέντος,
1049 1393 1258 1446 καὶτοῦ
1290 1395 1494 1468 θερμοῦ
1534 1415 1592 1451 τε
1622 1399 1716 1452 καὶ
1745 1398 1932 1470 ὑγροῦ,

342 1483 437 1534 καὶ
481 1481 578 1533 τοῦ
615 1481 854 1550 γεώδους
904 1483 1168 1548 ὡσαύτως
1217 1489 1330 1550 τοῖς
1363 1489 1653 1558 ὁμοφύλοις
1697 1492 1935 1560 ἐγκατα-

2575 881 2807 939 CAPUT
2851 885 3064 943 XXVII.

2039 983 2188 1039 Fieri
2215 1003 2386 1055 posse,
2417 1002 2474 1044 ut
2500 1010 2687 1061 sparso
2723 999 2774 1050 in
2818 1000 3072 1054 elementa
3115 1007 3478 1062 universitatis
3515 1011 3613 1064 Im-

2109 1073 2264 1148 man'o
2299 1075 2533 1128 corpore,
2565 1067 2702 1146 quod
2737 1072 3010 1148 proprium
3038 1084 3210 1128 tamen
3237 1079 3514 1148 unicuique
3533 1093 3611 1135 est

2105 1141 2170 1178 ex
2194 1129 2290 1180 illa
2317 1129 2690 1188 communitate
2714 1129 3043 1194 restituatur.

2109 1218 2177 1271 At
2204 1221 2372 1287 enim,
2419 1222 2548 1279 dum
2603 1227 2870 1284 elementa
2923 1235 3301 1294 universitatis
3351 1239 3606 1306 intueris,

2036 1308 2156 1363 fore
2178 1312 2464 1370 existimas
2509 1319 2851 1386 perdidicile,
2905 1332 2964 1377 ut
3014 1341 3080 1380 ex
3116 1334 3510 1389 communitate
3549 1336 3606 1390 id

2035 1400 2180 1467 quod
2209 1415 2501 1472 corporum
2519 1407 2858 1478 singulorum
2880 1418 3161 1485 proprium
3186 1429 3291 1485 est,
3313 1424 3607 1498 aliquando

2032 1503 2228 1546 rursus
2260 1493 2523 1563 conﬂuat,
2567 1505 2855 1568 postquam
2875 1506 3042 1559 semel
3067 1516 3120 1561 et
3151 1511 3378 1578 spiritus
3407 1493 3463 1566 in
3508 1529 3604 1568 no-

346 1573 674 1643 μιχθέντων,
715 1573 879 1627 πάλιν
918 1576 982 1627 ἐκ
1014 1575 1108 1630 τοῦ
1160 1578 1340 1632 κοινοῦ
1397 1581 1458 1635 τὸ
1495 1585 1692 1636 οίκείον
1733 1586 1826 1638 ἐπὶ
1872 1585 1924 1637 τέ

2031 1578 2116 1634 bis
2147 1591 2436 1655 cognatum
2485 1587 2542 1642 in
2580 1589 2909 1648 elementum
2966 1597 3249 1667 dispersus
3282 1612 3384 1668 est,
3433 1614 3486 1659 et
3512 1621 3604 1660 ca-

346 1666 478 1718 ίδιον
515 1664 872 1735 ἀναδραμεῖν.
912 1662 1047 1720 Εἶτα
1073 1670 1133 1722 οὑ
1171 1670 1360 1744 λογίζῃ
1388 1673 1476 1727 διὰ
1513 1675 1621 1728 τῶν
1666 1676 1924 1748 ἀνθρωπί-

2034 1670 2139 1735 lor,
2161 1682 2216 1727 et
2243 1673 2460 1740 humor,
2494 1685 2547 1731 et
2577 1689 2761 1748 partes
2787 1692 2996 1751 terrete,
3045 1691 3212 1745 rebus
3262 1694 3348 1748 sui
3389 1696 3604 1750 scilicet

343 1773 454 1808 νων
488 1755 934 1826 ὑποδειγμάτων,
973 1757 1033 1810 τὸ
1069 1760 1206 1830 μηδὲ
1247 1762 1405 1815 τοῦτο
1435 1763 1537 1834 τῆς
1585 1765 1734 1828 θείας
1771 1767 1931 1821 δυνά-

345 1865 496 1918 μεως
529 1847 882 1918 ὑπερϐαίνειν
912 1850 1040 1913 τοὺς
1071 1853 1260 1922 ὅρους;
1302 1850 1457 1919 Εἷδές
1490 1873 1593 1909 που
1624 1859 1840 1922 πάντως
1871 1861 1931 1913 ἐν

346 1941 469 2000 ταῖς
500 1938 862 2008 ἀνθρωπίναις
908 1941 1157 2012 οἰκήσεσι
1197 1945 1383 2014 κοινὴν
1428 1947 1630 2019 ἀγέλην
1665 1948 1820 2012 ζώων
1851 1967 1932 2004 τι-

350 2030 480 2097 νῶν,
518 2031 583 2082 ἐκ
606 2032 778 2084 κοινοῦ
815 2035 1234 2108 συνισταμένην.
1274 2038 1414 2091 Ἀλλ’
1449 2041 1575 2094 ὅταν
1608 2042 1768 2096 πάλιν
1795 2042 1930 2113 πρὸς

346 2119 478 2183 τοὺς
510 2121 881 2192 κεκτημένους
930 2123 1067 2196 αὑτὴ
1120 2129 1577 2202 καταμερίςηται,
1612 2132 1646 2203 ἦ
1697 2151 1756 2185 τε
1791 2132 1928 2205 πρὸς

345 2212 476 2273 τοὺς
508 2210 694 2275 οίκους
733 2213 1015 2283 συνήθεια,
1048 2215 1144 2268 καὶ
1177 2216 1244 2270 τά
1276 2219 1598 2290 ἐπικείμενα
1639 2226 1837 2293 σημεῖα
1866 2223 1928 2276 τὸ

345 2301 474 2356 ἴδιον
524 2303 744 2372 ἑκάστῳ
791 2304 1214 2374 ἀποκαθίστησι.
1269 2307 1520 2365 Τοιοῦτόν
1565 2329 1616 2363 τι
1671 2313 1927 2382 καὶπερὶ

342 2395 569 2448 σεαυτὸν
623 2396 845 2459 ἐννοῶν,
904 2398 1002 2468 οὐχ
1057 2399 1397 2472 ἀμαρτήσεις
1447 2401 1542 2455 τοῦ
1601 2404 1922 2475 πρέποντος.

341 2487 548 2556 Φυσικῇ
577 2487 686 2560 γάρ
714 2505 822 2541 τινι
856 2488 1037 2558 σχέσει
1062 2490 1156 2543 καὶ¹
1181 2495 1384 2563 στοργῇ
1420 2493 1554 2564 πρὸς
1586 2495 1647 2547 τὸ
1676 2497 1926 2568 συνοικῆ-

344 2597 443 2632 σαν
483 2580 647 2651 σῶμα
672 2581 771 2651 τῆς
800 2581 978 2650 ψυχῆς
1012 2581 1378 2654 διακειμένης,
1408 2584 1521 2640 ἔστι
1561 2605 1644 2650 τις
1695 2589 1834 2642 κατά
1865 2590 1926 2642 τὸ

341 2669 564 2742 λεληθὸς
605 2673 746 2743 αὑτῇ
799 2670 885 2725 διὰ
937 2673 1037 2742 τῆς
1089 2667 1539 2746 συνανακράσεως
1578 2679 1672 2732 τοῦ
1723 2682 1922 2734 οἰκείου

342 2764 524 2834 σχέσις
584 2781 646 2816 τε
716 2764 812 2822 καὶ
872 2763 1205 2832 ἐπίγνωσις,
1281 2762 1395 2822 οἷον
1458 2771 1698 2840 σημείων
1764 2773 1926 2827 τινῶν

337 2855 488 2925 παρά
539 2853 645 2924 τῆς
695 2853 910 2922 φύσεως
967 2856 1355 2926 ἐπικειμένων,
1408 2859 1476 2912 δι’
1529 2854 1604 2915 ὧν
1656 2863 1692 2932 ἡ
1751 2864 1924 2916 κοινό-

2031 1764 2248 1833 generis
2297 1767 2511 1836 singula
2557 1773 2818 1839 permista
2871 1787 3022 1832 sunt.
3063 1780 3195 1845 Cur,
3244 1785 3496 1851 obsecro,
3537 1789 3607 1844 de

2031 1853 2289 1912 humanis
2325 1859 2486 1914 etiam
2520 1865 2787 1932 exemplis
2820 1883 2928 1922 non
2951 1871 3163 1942 colligis
3192 1876 3600 1944 ratiocinando,

2031 1946 2228 2002 divinae
2257 1954 2542 2018 potestatis
2574 1956 2678 2010 hoc
2717 1960 2979 2017 terminos
3014 1979 3122 2018 non
3149 1967 3455 2023 excedere?
3480 1969 3603 2024 Non

2029 2047 2185 2108 potes
2217 2055 2324 2094 non
2361 2041 2657 2112 aliquando
2695 2047 2763 2102 iis
2794 2049 2850 2102 in
2899 2050 3056 2118 locis,
3093 2055 3292 2123 quibus
3350 2058 3602 2116 homines

2029 2130 2356 2196 habitarent.
2387 2149 2733 2218 commune‘m
2765 2141 3080 2197 animalium
3116 2161 3332 2217 gregem
3365 2149 3598 2214 vidisse,

2028 2225 2123 2295 qui
2155 2226 2396 2294 plurium
2425 2238 2592 2284 esset.
2643 2229 2742 2287 ilic
2769 2234 2816 2288 si
2845 2249 2977 2292 suos
3005 2237 3071 2292 ad
3100 2237 3355 2296 dominos
3401 2241 3602 2300 deinde

2029 2315 2423 2384 remitteretur,
2455 2321 2894 2381 animadvertere
2924 2329 3152 2396 potuisti
3199 2333 3446 2402 singulos
3476 2336 3600 2390 ani-

2027 2407 2190 2460 malia
2224 2423 2324 2462 sua
2368 2425 2713 2480 recuperare,
2769 2423 2881 2470 tum
2930 2419 3076 2488 quod
3124 2435 3187 2474 ea
3248 2421 3597 2480 dominorum

2029 2499 2242 2556 aedibus
2265 2504 2661 2571 assuevissent,
2695 2514 2809 2561 tum
2863 2509 3008 2578 quod
3045 2513 3186 2567 notis
3241 2523 3428 2570 essent
3481 2519 3601 2588 qui-

2025 2590 2257 2645 busdam
2283 2593 2519 2661 signata.
2566 2595 2714 2652 Idem
2764 2600 2810 2654 si
2843 2599 2910 2655 de
2958 2605 3250 2672 temetipso
3301 2607 3594 2677 cogitabis,

2026 2677 2449 2749 haudquaquam
2482 2697 2512 2734 a
2543 2695 2670 2741 vero
2713 2685 3079 2744 aberraveris.
3133 2691 3271 2745 Nam
3308 2709 3431 2748 eum
3473 2698 3598 2750 ani-

2026 2787 2148 2825 mus
2179 2771 2464 2829 aﬂ’ectione
2503 2783 2558 2829 ct
2581 2792 2770 2831 amore
2801 2793 2829 2831 a
2853 2788 3048 2834 natura
3066 2782 3329 2853 singulari
3367 2802 3594 2856 corpus,

2027 2863 2082 2916 in
2137 2864 2298 2933 cujus
2353 2866 2511 2935 quasi
2577 2869 2941 2926 contubernio
3003 2873 3127 2938 fuit,
3189 2891 3596 2948 prosequatur;

339 2963 433 3016 της
519 2944 828 3015 ἀσύγχυτος
909 2944 1060 3015 μένει
1135 2947 1517 3022 διακρινομένη
1598 2955 1714 3015 τοῖς
1791 2954 1923 3008 ιδιά-

2027 2955 2234 3011 idcirco
2266 2956 2314 3012 ei
2363 2956 2431 3012 de
2470 2959 2856 3028 conjunctione
2902 2964 3135 3032 pristina
3171 2944 3418 3035 quaedam
3452 2969 3597 3026 inest

339 3038 513 3100 ζουσι.
581 3036 697 3107 Τῆς
766 3035 947 3089 τοίνυν
1017 3036 1198 3111 ψυχῆς
1269 3039 1330 3094 τὸ
1394 3043 1652 3110 συγγενές
1705 3061 1763 3097 τε
1830 3047 1924 3099 καὶ

338 3127 468 3182 ῐδιον
527 3129 615 3198 ἐφ’
659 3128 856 3200 ἑαυτὴν
898 3129 1060 3184 πάλιν
1108 3131 1392 3202 ἑλκούσης,
1444 3134 1529 3198 τίς
1573 3135 1755 3200 πόνος,
1802 3138 1924 3191 εἰπέ

339 3240 450 3291 μοι,
481 3224 549 3291 τῇ
585 3221 709 3292 θείᾳ
737 3221 966 3291 δυνάμει
999 3217 1240 3278 κωλῦσαι
1277 3223 1387 3276 τῶν
1417 3225 1634 3280 οἰκείων
1668 3227 1765 3298 τὴν
1796 3245 1923 3283 συν-

334 3315 564 3386 δρομὴν,
595 3316 826 3387 ἀρρήτῳ
870 3317 977 3372 τινὶ
1013 3320 1078 3389 τῇ
1113 3319 1213 3390 τῆς
1261 3320 1476 3389 φύσεως
1517 3323 1648 3395 ὁλκῇ
1681 3325 1818 3392 πρὸς
1861 3329 1924 3380 τὸ

337 3407 465 3461 ἴδιον
478 3408 855 3478 ἐπειγομένων
875 3425 888 3471 ;
911 3408 984 3462 Τὸ
1008 3410 1114 3482 γὰρ
1137 3412 1500 3484 ἐπιδιαμένειν
1525 3417 1647 3470 τινά
1669 3421 1731 3490 τῇ
1754 3418 1920 3491 ψυχῇ,

335 3501 429 3553 καὶ
475 3499 618 3570 μετά
655 3500 753 3571 τὴν
796 3499 1058 3568 διάλυσιν,
1101 3506 1300 3573 σημεῖα
1334 3505 1425 3558 τοῦ
1469 3509 1735 3579 ἡμετέρου
1789 3527 1920 3579 συγ-

337 3589 628 3660 κρίματος,
657 3589 926 3642 δείκνυσιν
956 3593 984 3644 ὁ
1032 3594 1173 3646 κατά
1218 3594 1308 3647 τὸν
1341 3595 1472 3666 ᾅδην
1508 3595 1774 3666 διάλογος,
1814 3601 1922 3654 τῶν

338 3684 436 3752 μὲν
476 3683 751 3754 σωμάτων
785 3681 864 3752 τῷ
887 3684 1040 3754 τάφῳ
1073 3685 1504 3756 παραδοθέντων,
1544 3691 1924 3762 γνωρίσματος

334 3775 392 3830 δέ
426 3792 577 3838 τινος
620 3774 934 3844 σωματικοῦ
978 3778 1096 3839 ταῖς
1126 3776 1327 3846 ψυχαῖς
1368 3782 1821 3850 παραμείναντος,
1856 3783 1922 3837 δι’

335 3859 395 3921 οὗ
424 3868 522 3921 καὶ
573 3869 603 3921 ὁ
657 3866 906 3938 Λάζαρος
951 3859 1294 3938 ἐγνωρίζετο,
1333 3871 1426 3922 καὶ
1464 3871 1564 3925 οὑκ
1607 3874 1852 3942 ἠγνοεῖτο
1893 3877 1922 3928 ὀ

337 3959 613 4022 πλούσιος.
665 3957 874 4012 οὑκοῦν
899 3958 1049 4011 οὐδὲν
1082 3957 1187 4026 ἔξω
1217 3959 1310 4012 τοῦ
1352 3961 1559 4026 εἰκότος
1585 3964 1724 4027 ἐστὶ,
1761 3965 1922 4020 πάλιν

333 4051 613 4104 πιστεύειν
654 4052 717 4102 ἐκ
757 4048 850 4102 τοῦ
882 4048 1061 4103 κοινοῦ
1098 4050 1236 4120 πρὸς
1268 4050 1326 4104 τὸ
1374 4053 1500 4107 ἴδιον
1537 4054 1634 4127 τὴν
1665 4057 1922 4111 ἀνάλυσιν

333 4143 576 4212 γίνεσθαι
605 4141 716 4194 τῶν
745 4141 1120 4211 ἀνισταμένων
1163 4143 1450 4214 σωμάτων,
1480 4147 1574 4199 καὶ
1602 4147 1834 4218 μάλιστά
1858 4167 1919 4218 γε

333 4238 407 4307 τῷ
453 4233 888 4306 φιλοπονώτερον
946 4235 1043 4305 τὴν
1087 4235 1246 4305 φύσιν
1283 4237 1442 4307 ἡμῶν
1489 4240 1916 4306 κατεξετάζοντι.

2026 3061 2156 3118 erga
2198 3049 2482 3118 proprium
2537 3064 2736 3121 corpus
2777 3054 2992 3108 occulta
3052 3057 3167 3111 sive
3213 3057 3430 3114 aﬂ‘ectio
3482 3061 3596 3116 sive

2025 3139 2253 3209 agnitio.
2306 3149 2498 3194 natura
2533 3143 2691 3212 quasi
2741 3154 2901 3200 notas
2940 3149 3172 3216 singulis
3222 3150 3595 3220 imprimentc,

2024 3245 2092 3283 ne
2129 3230 2241 3293 illa,
2272 3246 2435 3300 quam
2476 3231 2734 3296 dicimus,
2762 3235 2815 3288 in
2847 3240 3235 3295 communitate
3267 3241 3448 3294 omnia
3471 3257 3599 3298 cou-

2025 3318 2406 3381 funderentur.
2444 3319 2539 3376 sed
2570 3321 2845 3390 quoddam
2901 3325 3243 3393 singulorum
3297 3329 3591 3386 discrimen

2023 3422 2351 3471 remaneret.
2383 3414 2728 3487 Quapropter
2761 3433 2886 3472 cum
2915 3421 3132 3478 animus
3169 3421 3286 3492 ipse
3327 3424 3595 3493 quidquid

2023 3508 2130 3563 sibi
2161 3516 2452 3578 cognatum
2481 3516 2535 3563 et
2571 3509 2852 3580 preprium
2882 3518 2988 3577 est,
3021 3509 3285 3585 colligat»;
3319 3517 3464 3586 quis,
3501 3519 3598 3572 oh-

2024 3615 2204 3665 secro,
2245 3600 2400 3654 labor
2435 3600 2692 3669 potestati
2727 3601 2925 3656 divinae
2962 3601 3149 3668 fuerit,
3191 3606 3476 3676 impedire,
3535 3617 3597 3663 ut

2022 3709 2092 3748 ne
2115 3701 2346 3763 cognata
2381 3707 2572 3746 rursus
2601 3699 2956 3762 concurrant,
3006 3709 3128 3764 qua:
3181 3696 3350 3750 ductu
3384 3706 3596 3750 natura:-

2022 3783 2258 3854 quodam
2287 3780 2546 3837 ineﬂabili
2575 3783 2641 3836 ad
2672 3798 2730 3839 se
2759 3791 2952 3838 mutuo
2998 3783 3252 3840 feruntur
3273 3785 3298 3839 ?
3319 3784 3378 3840 In
3410 3788 3594 3840 animo

2022 3873 2266 3946 quidem,
2310 3871 2476 3928 etiam
2508 3880 2632 3943 post
2674 3872 3008 3944 diremptum
3063 3875 3226 3945 hujus
3282 3892 3313 3930 a
3341 3891 3593 3946 corpora,

2023 3967 2177 4036 signa
2196 3964 2445 4035 quadam
2479 3981 2790 4036 superesse,
2810 3964 2878 4021 de
2901 3967 3102 4037 quibus
3121 3983 3320 4038 corpus
3342 3977 3592 4036 nostrum

2023 4067 2303 4129 agnoscat,
2332 4056 2574 4113 declarat
2608 4059 2673 4123 is,
2713 4059 2804 4128 qui
2835 4058 3056 4114 habitus
3085 4068 3168 4115 est
3198 4075 3227 4113 a
3253 4060 3419 4114 divite
3449 4060 3594 4128 apud

2024 4153 2231 4208 inferos
2267 4152 2330 4205 ad
2361 4152 2728 4206 Abrahamum
2754 4167 2936 4206 sermo
2955 4153 3021 4203 ”.
3048 4151 3181 4205 Nam
3220 4152 3473 4222 quamvis
3507 4167 3594 4207 es-

2024 4253 2145 4297 sent
2167 4241 2390 4295 tumulis
2415 4241 2671 4294 mandata
2702 4255 2954 4309 corpora,
2975 4248 3155 4295 tamen
3188 4251 3314 4294 nota
3344 4241 3591 4310 quanlam

333 4326 469 4383 Οὑτε
501 4326 613 4398 γὰρ
637 4325 704 4378 δι’
723 4325 844 4378 ὅλου
864 4325 922 4378 ἐν
951 4325 1103 4394 ῥύσει
1127 4327 1218 4378 καὶ
1245 4326 1511 4399 μεταϐολῇ
1547 4329 1607 4382 τὸ
1627 4331 1914 4404 ἡμέτερον.

2026 4347 2287 4402 corporea
2337 4331 2634 4387 inlmrebat
2681 4331 2887 4395 animo,
2934 4332 3001 4386 de
3050 4347 3158 4402 qua
3208 4333 3286 4386 uti
3350 4332 3592 4389 Lazarus

337 4416 408 4472 Ἥ
438 4419 552 4489 γὰρ
579 4418 647 4470 Ξιν
675 4417 914 4487 ἄληπτον
939 4412 1005 4487 ἦν
1041 4417 1266 4470 καθόλου
1312 4418 1389 4488 τῷ
1424 4421 1692 4490 μηδεμίαν
1735 4427 1919 4481 στάσιν

339 4508 475 4577 ἔχειν
504 4508 569 4560 ἐκ
600 4505 816 4574 φύσεως
841 4523 855 4536 ·
888 4504 1024 4558 ἀλλά
1053 4506 1193 4559 κατὰ
1215 4506 1306 4560 τὸν
1334 4508 1720 4582 ἀκριϐέστερον
1739 4512 1915 4582 λόγον,

337 4599 394 4651 τὸ
428 4598 527 4670 μέν
571 4615 626 4650 τι
662 4598 862 4667 ἕστηκε
911 4596 1020 4649 τῶν
1063 4599 1121 4650 ἐν
1171 4598 1333 4667 ἡμῖν,
1391 4597 1453 4651 τὸ
1489 4600 1545 4652 δὲ
1585 4601 1654 4654 δι’
1690 4603 1918 4659 ἀλλοιώ-

341 4707 471 4753 σεως
497 4688 766 4760 πρόεισιν.
810 4688 1140 4742 Ἀλλοιοῦται
1173 4689 1271 4758 μὲν
1309 4689 1416 4762 γὰρ
1451 4690 1518 4743 δι’
1549 4691 1828 4763 ᾳῦξῆσεὼς
1859 4715 1917 4750 τε

339 4783 429 4834 καὶ
485 4780 763 4851 μειώσεως
799 4778 860 4831 τὸ
893 4779 1072 4850 σῶμα,
1107 4774 1218 4832 οἷον
1261 4780 1451 4849 ἱμάτιά
1490 4798 1628 4847 τινα,
1666 4785 1764 4849 τὰς
1794 4787 1926 4842 καθ-

337 4873 458 4942 εξῇς
488 4871 706 4941 ἡλικίας
746 4869 1184 4940 μετενδυόμενον.
1235 4871 1474 4942 Ἕστηκε
1519 4873 1574 4926 δέ
1617 4875 1704 4928 διὰ
1745 4879 1935 4954 πάσης

338 4964 540 5035 τροπῆς
573 4961 952 5032 ἀμετάϐλητον
991 4962 1076 5030 ἐφ’
1108 4961 1301 5019 ἐαυτοῦ
1332 4965 1390 5016 τὸ
1429 4960 1586 5028 εἶδος,
1619 4967 1728 5021 τῶν
1776 4970 1922 5040 ἅπαξ

273 5102 281 5108 .
339 5054 735 5125 ἐπιϐληθέντων
765 5053 912 5123 αὑτῷ
945 5052 1098 5124 παρὰ
1135 5053 1232 5124 τῆς
1283 5053 1498 5122 φύσεως
1546 5061 1786 5128 σημείων
1824 5065 1922 5118 οὑκ

341 5146 707 5217 ἐξιστάμενον.
738 5145 872 5199 ἀλλά
893 5145 1094 5208 πάσαις
1120 5148 1239 5209 ταῖς
1261 5146 1402 5200 κατὰ
1429 5149 1488 5201 τὸ
1511 5149 1669 5220 σῶμα
1690 5159 1921 5224 τροπαῖς

343 5238 476 5307 μετά
501 5238 613 5291 τῶν
647 5237 794 5291 ἰδίων
833 5239 1230 5309 ἐμφαινόμενον
1259 5239 1672 5310 γνωρισμάτων.
1727 5245 1920 5313 ’Υπεξ-

342 5329 596 5398 αιρείσθω
623 5329 681 5382 δὲ
710 5328 802 5381 τοῦ
843 5328 1002 5398 λόγου
1035 5332 1067 5400 ὴ
1100 5333 1163 5382 ἐκ
1201 5329 1406 5393 πάθους
1433 5331 1734 5400 ἀλλοίωσις,
1767 5338 1799 5405 ἡ
1840 5336 1918 5406 τῷ

345 5416 464 5468 εἴδει
491 5416 956 5488 ἐπισυμϐαίνουσα
977 5436 990 5450 ·
1028 5415 1140 5473 οἷον
1177 5419 1288 5489 γάρ
1318 5434 1370 5471 τι
1397 5426 1738 5489 προσωπεῖον
1766 5425 1919 5480 ἀλλό-

347 5524 486 5576 τριον
510 5511 542 5578 ἡ
563 5510 703 5563 κατά
733 5510 829 5581 τὴν
855 5513 1007 5568 νόσον
1030 5511 1278 5584 ἀμορφία
1298 5509 1649 5582 διαλαμϐάνει
1669 5514 1730 5568 τὸ
1754 5511 1914 5584 εἶδος,

415 5691 458 5721 ’⁸
494 5687 636 5744 Psal.
679 5705 812 5760 xciv,
852 5699 902 5754 4.
981 5702 1028 5733 ’⁸
1077 5696 1216 5753 Luc.
1254 5708 1368 5757 Χνι,
1401 5693 1464 5747 19
1494 5707 1615 5764 S‘l‘l-

2023 4423 2443 4494 agnoscebatur,
2503 4422 2576 4476 ita
2607 4437 2704 4491 per
2733 4421 2980 4476 eamdem
3018 4424 3240 4493 ignotus
3271 4439 3395 4479 esse
3437 4424 3592 4481 dives

2022 4517 2115 4572 ille
2148 4531 2255 4570 non
2279 4519 2514 4584 poterat.
2547 4513 2903 4584 Nequaquam
2930 4513 3100 4586 igitur
3126 4515 3387 4570 abhorret
3407 4531 3436 4569 a
3459 4531 3593 4572 vero

2025 4609 2137 4662 hac
2191 4606 2500 4677 persuasio,
2553 4621 2659 4676 qua
2701 4622 2766 4661 ex
2808 4617 2982 4662 morte
3023 4607 3293 4662 suscitata
3336 4621 3592 4678 corpora,

2023 4699 2418 4755 communitate
2482 4699 2694 4758 relicta.
2747 4698 3036 4768 pristinam
3086 4700 3153 4755 ad
3204 4701 3593 4770 proprietatem

2024 4802 2311 4844 reversura
2359 4788 2676 4842 statuimus.
2714 4787 3013 4858 Apparebit
3060 4787 3248 4842 hocin
3296 4790 3509 4858 primis,
3551 4789 3599 4844 si

2022 4881 2150 4951 quis
2189 4880 2533 4935 accuratiore
2571 4880 2756 4935 studio
2804 4881 3198 4950 cognoscendae
3248 4891 3457 4935 naturae
3500 4897 3601 4935 no-

2023 4989 2151 5030 Strtc
2189 4989 2248 5028 se
2280 4972 2480 5026 tradat.
2537 4971 2671 5026 Nam
2729 4971 3034 5027 existimari
3093 4988 3201 5026 non
3233 4972 3418 5037 debet,
3475 4987 3601 5028 esse

2021 5081 2124 5121 nos
2155 5065 2406 5120 universe
2438 5078 2560 5118 cum
2587 5039 2783 5124 ﬂuuios,
2815 5074 2926 5117 tum
2961 5063 3250 5118 mutationi
3297 5063 3593 5118 obnoxios.

2021 5156 2138 5210 Non
2172 5157 2314 5210 enim
2351 5155 2457 5208 ulla
2492 5156 2707 5208 ratione
2742 5153 3128 5224 comprehendi
3170 5163 3368 5208 natura
3410 5160 3597 5209 nostra

2022 5253 2240 5316 posset,
2295 5245 2340 5301 si
2403 5246 2551 5300 nulla
2599 5246 2647 5301 ei
2713 5246 2918 5301 tributa
2962 5246 3118 5316 quies
3168 5260 3198 5300 a
3237 5254 3390 5305 motu
3437 5243 3596 5298 foret.

2023 5340 2210 5411 Itaque
2243 5356 2302 5395 re
2337 5340 2652 5411 diligentius
2687 5339 2965 5412 indagata,
3006 5340 3348 5410 reperiemus
3396 5335 3595 5407 partim
3684 5391 3688 5396 .

2022 5432 2218 5486 stabile
2244 5431 2504 5501 quiddam
2556 5432 2608 5486 in
2642 5431 2802 5486 nobis
2851 5447 2994 5496 esse,
3041 5431 3241 5500 partim
3290 5425 3596 5481 mutatione

2022 5523 2254 5587 varium,
2293 5523 2438 5594 quod
2479 5538 2757 5595 nunquam
2806 5539 2914 5578 non
2954 5521 3192 5576 ﬂuxionc
3221 5532 3318 5572 sua
3372 5527 3595 5588 progre-
