4088 6210
440 284 545 338 227
1674 279 1733 335 S.
1773 277 2101 334 GREGORII
2142 277 2434 334 NYSSENI
3601 270 3706 324 2‘28

445 399 650 453 diatur.
674 393 808 448 Nam
840 407 1043 463 corpus
1069 393 1241 449 altera
1270 393 1654 451 vicissitudine
1686 410 1783 466 per
1823 411 2012 451 accre-

2115 394 2181 470 ἦς
2213 395 2289 465 τῷ
2313 396 2454 463 λόγῳ
2484 387 2944 463 περιαιρεθείσης,
2970 386 3221 456 καθάπερ
3246 387 3339 444 ἐπὶ
3367 383 3584 458 Νεεμὰν
3607 385 3704 439 τοῦ
3769 401 3777 406 ‘

439 487 644 540 tionem
675 500 738 538 ac
777 477 1199 540 diminutionem
1243 494 1512 552 mutatur,
1554 494 1607 541 et
1638 495 1828 540 anates
1885 488 2012 542 vita:

2123 489 2317 559 Σύρου,
2351 488 2384 556 ἢ
2418 486 2510 539 ἐπὶ
2532 484 2639 537 τῶν
2680 482 2820 537 κατὰ
2851 481 2911 533 τὸ
2938 479 3266 548 Εὑαγγέλιον
3291 476 3704 550 ἱστορηθέντων,

441 574 805 632 succedentes
832 577 939 630 sibi
977 579 1136 646 quasi
1159 586 1341 634 vestes
1371 579 1639 649 quasdam
1666 579 1864 633 induit.
1890 577 2012 633 Idea

2123 579 2286 633 πάλιν
2314 576 2376 630 τὸ
2403 573 2780 645 κεκρυμμένον
2809 571 2913 625 ὑπὸ
2945 569 3038 623 τοῦ
3069 568 3271 632 πάθους
3300 562 3456 631 εἶδος,
3492 565 3580 620 διὰ
3607 566 3708 637 τῆς

437 684 569 722 vero
614 669 804 722 eadem
843 685 1060 739 semper
1100 678 1305 734 manet,
1358 679 1516 724 extra
1561 685 1780 726 omnem
1832 679 2012 725 muta-

2123 668 2308 737 ὑγείας
2335 668 2394 719 ὲν
2423 667 2535 729 τοῖς
2565 664 2716 726 ἰδίοις
2737 661 2980 731 ἀνεφάνη
3004 658 3368 730 γνωρίσμασι.

435 761 699 814 bilitatem
747 761 945 828 posita,
992 777 1168 830 neque
1220 771 1379 816 notas
1437 762 1642 818 inditas
1693 779 1723 817 a
1770 774 1965 818 natura
1999 761 2103 818 sibi
2136 759 2338 814 amittit
2371 777 2384 812 :
2423 756 2517 812 sed
2549 749 3158 840 quaecunquegcorpori
3196 749 3527 802 mutationes
3555 748 3706 801 acci-

434 852 588 917 dant,
642 853 758 908 haec
807 854 1167 910 nihilominus
1224 857 1379 926 signa
1435 872 1556 922 sua,
1610 858 1676 912 de
1715 859 1922 928 quibus
1963 865 2315 927 agnoscatur,
2361 852 2582 907 retinet.
2624 841 2957 919 Ercipienda
2989 859 3170 906 tamen
3197 852 3347 907 venit
3373 843 3704 906 camutatio,

436 960 556 1012 quae
595 946 783 998 morbo
832 945 1016 1013 aliquo
1067 944 1200 997 ideae
1252 945 1539 1014 contingit.
1605 945 1740 1000 Nam
1787 956 1901 1000 tum
1961 953 2081 1000 orta
2134 960 2197 999 ex
2263 943 2456 997 morbo
2515 939 2840 996 deformitas
2901 939 3078 995 ideam
3130 951 3385 1011 occupat,
3444 947 3706 1009 tanquam

437 1036 584 1088 larva
626 1035 897 1106 quaedam,
946 1051 1109 1106 quam
1159 1035 1204 1090 si
1251 1037 1302 1090 ei
1342 1038 1634 1108 cogitando
1679 1038 2008 1105 adimamus,
2050 1038 2192 1094 sicut
2229 1035 2298 1090 ab
2331 1050 2393 1090 ea
2453 1032 2626 1105 Syrus
2681 1033 2772 1087 ille
2828 1029 3159 1099 Neemanus,
3191 1042 3247 1089 et
3287 1043 3473 1087 decem
3514 1029 3706 1085 infecti

436 1129 606 1196 lepra,
649 1130 714 1182 de
764 1129 965 1198 quibus
1003 1143 1161 1182 sacro
1197 1128 1251 1182 in
1284 1127 1581 1198 Evangelio
1620 1131 1896 1185 memoriae
1935 1130 2206 1200 proditum
2237 1134 2322 1184 est
2347 1126 2418 1192 ",
2463 1124 2679 1180 liberati
2720 1122 2967 1188 fuerunt,
3017 1124 3195 1178 ideam
3245 1125 3474 1180 antehac
3526 1123 3705 1179 morbi

437 1224 488 1276 vi
521 1224 872 1287 occultatam,
913 1234 1232 1292 recuperata
1288 1225 1525 1280 sanitate
1566 1226 1803 1296 prepriis
1854 1228 2000 1282 notis
2026 1225 2376 1296 conSpicuam
2409 1237 2604 1277 rursus
2632 1221 2850 1276 elucere
2885 1235 3108 1276 necesse
3137 1231 3242 1278 est.

505 1313 872 1380 Quamobrem
906 1316 1104 1369 divinae
1131 1317 1184 1370 in
1226 1317 1385 1372 nobis
1415 1319 1582 1372 animi
1625 1319 2015 1388 praastantissi-

439 1424 650 1478 maeque
689 1409 830 1477 parti
881 1423 994 1463 non
1049 1407 1185 1462 illud
1221 1407 1428 1462 ﬂuxum
1481 1424 1546 1464 ac
1592 1410 1872 1474 mutabile,
1917 1410 2012 1465 sed

2191 1317 2283 1388 Τῷ
2313 1317 2492 1370 τοίνυν
2517 1313 2741 1394 θεοειδεῖ
2767 1313 2868 1384 τῆς
2898 1312 3077 1384 ψυχῆς
3107 1315 3167 1366 οὐ
3201 1314 3260 1366 τὸ
3283 1314 3402 1383 ῥέον
3435 1315 3492 1368 ὲν
3516 1317 3583 1386 τῇ
3610 1315 3706 1368 άλ-

2117 1409 2330 1462 λοιὼσει
2354 1409 2447 1461 καὶ
2474 1405 2888 1478 μεθιστάμενον,
2913 1405 3048 1458 άλλὰ
3068 1405 3128 1458 τὸ
3156 1405 3379 1477 μόνιμον
3400 1423 3458 1458 τε
3484 1408 3580 1459 καὶ
3597 1407 3709 1459 ὠσ-

440 1502 588 1580 quod
620 1503 672 1554 in
704 1515 968 1571 compage
996 1512 1183 1554 nostra
1231 1509 1317 1555 est
1351 1509 1765 1570 perpetuunret
1797 1516 2012 1572 semper

2119 1500 2296 1565 αύτως
2325 1501 2445 1571 έχον
2470 1501 2527 1552 ὲν
2549 1498 2628 1569 τῷ
2656 1497 2775 1551 καθ’
2799 1498 2944 1568 ἡμᾶς
2964 1497 3313 1577 συγκρίματι,
3333 1497 3506 1569 τούτῳ
3533 1517 3704 1570 προσ-

438 1594 605 1658 idem,
642 1593 792 1646 velut
822 1592 1052 1646 insitum
1093 1591 1614 1662 adhmret.Cumque
1645 1592 2017 1647 diversatem-

435 1691 752 1754 peramenta
797 1684 1040 1739 diversas
1069 1686 1232 1738 etiam
1274 1683 1430 1738 ideas
1473 1683 1731 1752 etiiciant,
1779 1699 1842 1739 ac
1877 1696 2017 1741 tem-

439 1783 761 1845 peramenta
789 1774 922 1826 nihil
954 1773 1066 1828 sint
1105 1771 1258 1826 aliud
1292 1787 1454 1842 quam
1497 1773 1893 1828 elementorum
1929 1773 2015 1827 in-

436 1875 520 1919 ter
548 1880 606 1920 se
655 1866 986 1928 commistio,
1037 1865 1105 1918 de
1150 1865 1354 1934 quibus
1392 1879 1517 1918 cum
1561 1865 1667 1918 alia
1715 1865 1768 1918 in
1824 1878 2015 1918 rerum

437 1957 811 2020 universitate,
848 1964 962 2009 tum
998 1955 1239 2008 hominis
1285 1955 1447 2008 etiam
1495 1969 1700 2023 corpus
1751 1961 2012 2020 constat;

437 2061 664 2101 necesse
685 2053 790 2111 est,
847 2054 1200 2114 permanente
1232 2046 1284 2099 in
1315 2045 1501 2099 animo
1540 2044 1662 2099 idea
1713 2044 1873 2113 quasi
1918 2059 2017 2114 per

437 2136 852 2205 expressionem
883 2136 1070 2205 sigilli,
1116 2150 1227 2190 non
1255 2136 1438 2208 ignota
1487 2136 1538 2190 ei
1589 2151 1710 2190 esse
1737 2151 1862 2206 quae
1901 2134 2008 2190 for-

438 2239 582 2277 mam
635 2224 804 2292 ipsam
855 2224 1035 2294 sigillo
1079 2225 1503 2293 impresserunt,
1546 2224 1882 2294 omninoque
1923 2224 2015 2279 illa

438 2325 683 2385 tempore
715 2314 1137 2370 instaurationis
1185 2315 1431 2369 omnium
1466 2329 1658 2397 rursus
1692 2315 1860 2369 veluti
1895 2315 2008 2368 col-

437 2404 564 2475 liget
593 2405 661 2460 ad
685 2413 844 2472 sese,‘
874 2421 1214 2476 quaecunque
1253 2407 1321 2460 ad
1345 2404 1478 2472 ideae
1517 2404 1748 2460 formam
1797 2419 2017 2474 eXpres-

438 2509 556 2550 sam
590 2505 926 2566 congruent;
949 2507 1252 2566 congruent
1277 2504 1458 2551 autem
1486 2494 1628 2550 haud
1663 2495 1846 2561 dubie,
1867 2510 2015 2564 qua:-

434 2599 653 2655 cuuque
708 2587 778 2641 ab
824 2587 983 2641 initio
1037 2588 1172 2642 idea:
1228 2587 1434 2642 fuerint
1491 2589 1781 2657 impressa.
1843 2585 2014 2656 Igitur

439 2675 736 2731 absurdum
769 2692 877 2731 non
907 2685 1009 2742 est,
1037 2677 1087 2730 id
1122 2677 1268 2746 quod
1288 2686 1372 2732 est
1400 2678 1669 2747 cujusque
1706 2677 2010 2747 proprium,

440 2765 635 2820 relicta
665 2767 1060 2821 communitate
1095 2770 1160 2821 ad
1195 2767 1441 2837 singulos
1468 2767 1787 2822 rediturum.
1818 2765 2010 2820 Vivum

2118 1591 2330 1661 φύεται.
2353 1591 2460 1644 Καὶ
2476 1591 2664 1661 ἐπειδὴ
2687 1589 2786 1652 τὰς
2801 1589 2944 1644 κατὰ
2968 1589 3028 1642 τὸ
3043 1585 3179 1653 εἶδος
3198 1589 3457 1662 διαφοράς
3477 1591 3534 1644 αἱ
3551 1596 3702 1646 ποιαί

2116 1683 2218 1753 τῆς
2235 1681 2483 1753 κράσεως
2513 1683 2861 1754 παραλλαγαὶ
2883 1680 3343 1754 μεταμορφοῦσιν,
3365 1685 3398 1753 ἡ
3416 1682 3473 1736 δὲ
3504 1685 3702 1754 κρᾶσις

2116 1774 2215 1827 οὑκ
2238 1773 2371 1844 άλλη
2389 1791 2475 1836 τις
2494 1774 2644 1844 παρὰ
2672 1772 2770 1844 τὴν
2791 1773 2899 1828 τῶν
2930 1773 3204 1843 στοιχείων
3229 1773 3374 1842 μίξιν
3399 1774 3537 1837 ἐστὶ,
3555 1791 3706 1828 στοις

2116 1866 2236 1935 χεῖα
2257 1863 2316 1917 δέ
2340 1881 2520 1936 φαμεν
2557 1864 2624 1918 τὰ
2670 1867 2735 1936 τῇ
2777 1867 3090 1936 κατασκευῇ
3119 1864 3212 1918 τοῦ
3247 1866 3443 1930 παντὸς
3477 1868 3703 1920 ὑποκεί-

2121 1972 2272 2024 μενα,
2299 1952 2450 2011 δι’ὦν
2465 1955 2561 2010 καὶ
2571 1958 2630 2012 τὸ
2648 1955 2986 2028 ἀνθρώπινον
3017 1957 3307 2028 συνέστηκε
3331 1958 3508 2028 σῶμα,
3531 1959 3705 2027 ἀναγ-

2116 2045 2287 2111 καίως
2306 2043 2399 2100 τοῦ
2431 2045 2603 2110 εἴδους
2635 2042 2746 2101 οἷον
2785 2048 3065 2118 ὲκμαγείῳ
3112 2048 3403 2119 σφραγίδος
3441 2052 3508 2120 τῇ
3551 2050 3701 2122 ψυχῇ

2119 2139 2575 2210 παραμείναντος,
2602 2139 2722 2192 οὐδὲ
2750 2139 2821 2192 τὰ
2847 2139 3305 2211 ὲναπομαξάμενα
3338 2145 3404 2213 τῇ
3442 2143 3704 2212 σφραγῖδι

2115 2231 2207 2285 τὸν
2235 2230 2403 2283 τύπον
2434 2231 2524 2283 ὑπ’
2559 2230 2728 2301 αὐτῆς
2755 2232 3047 2298 ἀγνοεῖται,
3080 2231 3192 2284 ἀλλ’
3217 2234 3274 2285 ἐν
3302 2233 3380 2303 τῷ
3402 2233 3575 2304 καιρῷ
3597 2235 3700 2306 τῆς

2115 2321 2610 2392 άναστοιχειώσεως
2655 2323 2835 2375 ὲκείνα
2865 2323 3082 2393 δέχεται
3109 2324 3269 2379 πάλιν
3310 2326 3446 2397 πρὸς
3471 2326 3695 2398 ἑαυτὴν,

2118 2408 2260 2480 ειπερ
2290 2409 2355 2462 ἂν
2381 2410 2654 2481 ὲναρμόσῃ
2687 2409 2767 2480 τῷ
2802 2410 2960 2482 τύπῳ
2985 2412 3079 2466 τοῦ
3124 2413 3329 2478 εἴδουςο
3377 2417 3701 2485 ἐναρμόσειε

2114 2496 2171 2549 δὲ
2204 2496 2421 2560 πάντως
2449 2499 2654 2563 ἐκεῖνα,
2690 2498 2790 2552 ὅσα
2820 2501 2935 2552 κατ’
2970 2500 3144 2571 ἀρχάς
3176 2502 3489 2573 ὲνετυπώθη
3517 2503 3596 2575 τῷ
3620 2504 3702 2557 εἶ-

2113 2587 2212 2642 δει.
2249 2587 2455 2642 Οὐκοῦν
2484 2589 2634 2642 οὐδὲν
2667 2588 2771 2655 ἔξω
2801 2590 2894 2644 τοῦ
2919 2591 3128 2656 εἰκότος
3151 2594 3286 2660 ἐστὶ,
3315 2593 3474 2649 πάλιν
3505 2596 3571 2648 ἐκ
3595 2594 3695 2649 τοῦ

2115 2675 2295 2730 κοινοῦ
2319 2677 2455 2747 πρὸς
2491 2677 2552 2730 τὸ
2594 2679 2927 2734 καθέκαστον
2959 2682 3281 2737 ὲπαναλύειν
3306 2683 3369 2737 τὸ
3401 2682 3548 2741 ἴδιον.
3585 2684 3697 2737 Λέ-

2114 2783 2269 2836 γεται
2302 2767 2358 2820 δὲ
2393 2768 2488 2823 καὶ
2518 2769 2617 2841 τὴν
2642 2771 2980 2843 ύδράργυρον
3005 2773 3357 2845 προχεθείσαν
3398 2774 3490 2828 τοῦ
3539 2792 3702 2846 περι-

436 2854 582 2924 quod
613 2865 812 2909 vocant
844 2862 1152 2925 argentum,
1183 2855 1337 2909 aiunt
1381 2855 1612 2912 eﬂ‘usnm
1671 2872 1836 2926 capsa
1892 2856 2012 2912 loco

2116 2861 2349 2930 έχοντος,
2381 2859 2504 2912 καθ’
2533 2861 2724 2914 ύπτίου
2764 2861 2908 2926 τινὸς
2938 2863 3032 2916 καὶ
3056 2863 3437 2936 κονιορτώδους
3469 2863 3695 2936 χωρίου,

436 2946 638 3017 supino
682 2948 1018 3019 pulvereque
1064 2947 1306 3020 Oppleto,
1356 2948 1599 3003 minutos
1649 2948 1704 3003 in
1759 2949 2010 3019 globulos

433 3037 832 3093 conformatum
847 3039 1049 3109 passim
1076 3038 1149 3091 ita
1183 3054 1278 3108 per
1295 3046 1494 3092 terram
1513 3039 1772 3109 dispergi,
1792 3047 1852 3093 ut
1867 3040 2013 3094 nulla
2033 3028 2044 3049 ’

435 3143 561 3182 cum
581 3143 660 3195 re,
688 3129 743 3183 in
767 3144 928 3197 quam
946 3128 1160 3193 incidit,
1189 3128 1632 3182 commisceatur.
1652 3127 1806 3193 Quod
1825 3127 1872 3183 si
1887 3129 2012 3198 quis

433 3217 632 3273 deinde
684 3217 1061 3286 multipliciter
1116 3216 1428 3285 dispersum
1476 3216 1719 3272 vicissim
1769 3219 2010 3290 colligat,

432 3312 712 3366 conﬂuere
742 3324 840 3364 sua
871 3318 1070 3380 sponte
1098 3307 1316 3378 singula
1357 3324 1480 3391 quae
1505 3311 1723 3380 generis
1764 3312 2012 3382 ejusdem

433 3413 584 3472 sunt,
604 3401 919 3474 nullamque
943 3404 1184 3473 interjici
1204 3419 1317 3460 rem
1346 3420 1508 3474 posse
1535 3420 1658 3475 quae
1672 3408 2016 3464 commistio-

433 3512 560 3554 nem
590 3496 733 3552 hanc
761 3495 1027 3566 impedire
1069 3502 1256 3566 queat.
1293 3494 1620 3566 Hujusmodi
1669 3498 1931 3568 quiddam
1957 3506 2013 3555 et

435 3588 492 3644 in
517 3587 742 3643 humani
779 3587 1028 3658 corporis
1050 3602 1313 3658 compage
1348 3587 1704 3643 statuendum
1733 3589 2011 3646 existimo.

436 3679 852 3749 Quamprimum
873 3679 1138 3736 divinitus
1171 3679 1330 3750 signo
1362 3680 1518 3751 quasi
1568 3680 1698 3736 dato
1748 3695 2014 3737 concessa

435 3771 672 3826 facultas
702 3771 794 3833 sit,
841 3780 1026 3842 partes
1058 3769 1164 3826 sibi
1204 3771 1597 3835 convenientes
1647 3778 1703 3827 et
1752 3783 2014 3843 cognatas

434 3862 657 3918 misceri
691 3872 887 3932 sponte
917 3877 1039 3929 sua,
1069 3877 1246 3934 neque
1272 3864 1576 3934 quidquam
1614 3879 1682 3918 ex
1719 3863 1825 3919 hoc
1857 3864 2014 3919 labo-

433 3951 515 4010 ris
549 3953 878 4008 molestiaeve
903 3954 1260 4010 instauratori
1288 3964 1500 4008 naturae
1537 3955 1735 4008 creari.
1779 3955 1916 4008 Nam
1947 3971 2016 4011 ne

433 4042 492 4098 in
523 4044 592 4100 iis
649 4045 870 4116 quidem
920 4060 1042 4117 qua:
1091 4052 1240 4101 terra
1288 4045 1641 4116 proveniunt,
1685 4060 2015 4117 magnopere

432 4143 688 4191 naturam
725 4137 989 4207 occupari
1048 4138 1321 4202 videmus,
1387 4145 1447 4192 ut
1482 4136 1565 4191 vel
1617 4135 1884 4203 triticum,
1928 4137 2012 4192 vel

433 4219 666 4292 milium,
696 4226 782 4283 vel
803 4227 950 4282 aliud
979 4228 1212 4300 quodvis
1251 4245 1459 4292 semen,
1519 4228 1586 4284 de
1614 4242 1725 4302 quo
1772 4227 2012 4283 frumen-

434 4326 548 4372 tum
574 4327 669 4376 aut
693 4320 966 4392 legumina
995 4332 1325 4391 nascuntur,
1375 4325 1430 4378 in
1463 4323 1731 4389 culmum,
1783 4324 2007 4393 aristas,

434 4418 488 4464 et
509 4413 690 4482 spicas
717 4420 1097 4470 convertatur.
1131 4413 1242 4470 Sua
1277 4416 1424 4472 enim
1471 4424 1666 4486 sponte
1707 4417 2010 4472 nutrimen-

435 4508 550 4553 tum
583 4501 779 4570 cuique
824 4503 1019 4557 semini
1052 4507 1408 4572 conveniens,
1460 4509 1612 4562 nullo
1665 4516 1872 4562 natura:
1909 4523 2008 4562 ne-

437 4589 583 4658 gotio
606 4589 672 4643 de
708 4591 986 4644 communi
1037 4593 1104 4646 ad
1152 4594 1494 4665 singulorum
1538 4612 1696 4652 usum
1743 4597 2007 4653 transfer-

437 4685 546 4731 tur.
583 4677 725 4748 Ergo
758 4679 805 4734 si
837 4681 1111 4737 universis
1148 4692 1295 4738 terra
1328 4687 1684 4744 nascentibus
1729 4691 2006 4743 communi

435 4770 673 4842 quodam
707 4787 873 4828 succo
901 4776 1208 4843 proposito,
1241 4777 1510 4848 quidquid
1553 4794 1619 4834 eo
1670 4781 1868 4838 nutriri
1915 4797 2010 4836 ne-

436 4877 595 4917 cesse
624 4869 729 4928 est,
783 4863 838 4918 id
868 4865 1100 4919 attrahit
1141 4867 1322 4922 alendi
1360 4870 1446 4924 sui
1484 4885 1674 4936 causa,
1722 4874 1868 4943 quod
1905 4873 2006 4943 ipsi

435 4954 740 5022 convenit;
797 4956 933 5027 quid
965 4956 1288 5022 absurdum,
1355 4961 1402 5015 si
1456 4960 1560 5016 hac
1597 4965 1762 5019 etiam
1816 4967 1869 5019 in
1908 4966 2007 5020 ἀο-

435 5043 616 5098 ctrina
665 5045 732 5100 de
781 5049 1188 5105 resurrectione
1233 5051 1507 5119 dicamus,
1553 5057 1777 5124 perinde
1823 5065 1883 5111 ut
1922 5072 2009 5112 se-

434 5135 584 5189 mina
643 5139 1060 5195 convcnientem
1135 5157 1390 5209 succum,
1472 5147 1553 5202 sic
1603 5147 1878 5216 quoslibet
1938 5163 2006 5202 ex

435 5225 667 5281 mortuis
696 5238 1049 5299 resurgentes
1080 5234 1302 5304 prapria
1353 5253 1546 5294 rursus
1585 5239 1894 5294 attrahere?
1934 5238 2007 5294 lle

435 5313 524 5370 his
545 5318 798 5376 omnibus
822 5319 958 5377 adeo
1008 5325 1135 5380 licet
1188 5325 1518 5398 intelligere,
1578 5329 1793 5383 nihilin
1826 5345 2006 5384 resur-

433 5409 700 5467 rectionis
723 5412 1084 5483 prmdictione
1131 5421 1427 5483 contineri,
1457 5419 1604 5491 quod
1634 5420 2004 5491 separandum

434 5497 504 5554 iis
532 5515 563 5555 a
596 5504 763 5560 rebus
800 5507 889 5569 sit,
919 5523 1056 5577 quas
1089 5524 1176 5562 res
1220 5525 1316 5578 per
1367 5512 1762 5580 experientiam
1815 5514 2008 5583 mgni-

463 5650 558 5713 "‘
591 5680 655 5734 iV
687 5681 816 5755 Reg.
846 5702 896 5748 v,
943 5688 958 5738 Ι
1000 5704 1125 5758 sq];
1231 5687 1357 5740 Luc.
1390 5705 1459 5755 iv,
1493 5689 1571 5741 27.

2116 2955 2195 3018 είς
2218 2955 2390 3008 λεπτὰ
2421 2956 2838 3027 σφαιρωθείσαν,
2868 2956 3012 3010 κατὰ
3033 2957 3130 3028 τὴν
3149 2958 3250 3028 γῆν
3266 2958 3694 3024 διασκίδνασθαι,

2115 3047 2250 3118 πρὸς
2303 3047 2457 3100 οὐδὲν
2507 3049 2616 3101 τῶν
2662 3049 3022 3118 ἐπιτυχόντων
3070 3049 3499 3120 ὲμμιγνυμένην.
3546 3051 3609 3103 Ei
3637 3049 3696 3103 δέ

2113 3156 2196 3203 τις
2230 3140 2390 3193 πάλιν
2416 3140 2474 3192 τὸ
2510 3139 2745 3212 πολλαχῆ
2769 3141 3216 3212 κατεσπαρμένον
3239 3144 3318 3206 είς
3354 3141 3411 3195 ἒν
3446 3144 3697 3212 συναγεί-

2117 3245 2278 3299 ρειεν,
2301 3229 2620 3300 αὐτομάτως
2641 3231 2954 3302 άναχεῖσθαι
2978 3232 3113 3303 πρὸς
3131 3232 3191 3285 τὸ
3212 3233 3498 3302 ὁμόφυλον,
3516 3234 3694 3288 οὐδενὶ

2117 3319 2266 3390 μέσῳ
2291 3320 2426 3390 πρὸς
2447 3320 2544 3392 τὴν
2575 3321 2780 3374 οίκείαν
2818 3323 2965 3392 μίξιν
2995 3323 3393 3400 διειργομένην.
3443 3325 3696 3379 Τοιοῦτόν

2112 3429 2168 3464 τι
2193 3413 2390 3484 χρῆναι
2420 3413 2622 3484 νομίζω
2656 3413 2753 3468 καὶ
2791 3415 2921 3487 περὶ
2952 3414 3010 3468 τὸ
3043 3414 3379 3486 ἀνθρώπινον
3412 3416 3694 3489 σύγκριμα

2113 3502 2436 3558 διανοεῖσθαι
2459 3519 2475 3534 ο
2527 3507 2577 3558 εί
2610 3505 2770 3574 μόνον
2804 3504 3015 3572 γένοιτο
3043 3505 3190 3577 παρὰ
3228 3505 3322 3560 τοῦ
3351 3506 3484 3559 Θεοῦ
3516 3509 3578 3560 τὸ
3609 3510 3698 3561 έν-

2115 3594 2353 3666 δόσιμον,
2381 3596 2702 3666 αὐτομάτως
2729 3596 2796 3650 τὰ
2826 3596 3137 3669 κατάλληλα
3163 3597 3304 3669 μέρη
3329 3600 3442 3661 τοῖς
3473 3599 3694 3663 οἰκείοις

2115 3687 2609 3760 ὲπανακίρνασθαι,
2672 3689 2942 3760 μηδεμιᾶς
2990 3688 3254 3759 ὲργωδίας
3301 3687 3381 3759 τῷ
3444 3690 3696 3743 ἀναστοι-

2116 3778 2346 3850 χειοῦντι
2376 3781 2476 3851 τὴν
2509 3780 2669 3849 φύσιν
2696 3780 2783 3834 διὰ
2814 3781 3018 3834 τούτων
3048 3780 3422 3850 ἐγγινομένης,
3446 3781 3556 3834 Καὶ
3583 3781 3695 3852 γάρ

2115 3871 2208 3924 ἐπὶ
2239 3871 2345 3925 τῶν
2379 3873 2440 3927 ὲν
2487 3875 2553 3944 τῇ
2587 3875 2658 3942 γῇ
2692 3871 3000 3942 φυομένων,
3041 3871 3231 3925 οὐδένα
3274 3870 3434 3925 πόνον
3475 3871 3695 3942 δρῶμεν

2114 3964 2213 4034 τῆς
2239 3962 2454 4034 φύσεως
2484 3963 2576 4018 ἐπὶ
2607 3965 2700 4018 τὸν
2727 3965 2918 4035 πυρὸν,
2945 3965 2977 4036 ἦ
3012 3962 3110 4035 τὴν
3140 3964 3393 4035 κέγχρον,
3423 3963 3456 4035 ἥ
3493 3964 3623 4018 ἄλλο
3643 3981 3696 4018 τι

2114 4055 2222 4109 τῶν
2272 4055 2509 4129 σιτηρῷν
2541 4057 2574 4128 ἢ
2622 4056 2898 4129 χεδροπῶν
2941 4058 3289 4129 σπερμάτων,
3323 4058 3380 4110 ὲν
3413 4056 3492 4127 τῷ
3524 4073 3694 4127 μετα-

2117 4147 2331 4201 ϐάλλειν
2378 4149 2460 4212 είς
2497 4147 2750 4220 καλάμην
2800 4148 2896 4203 καὶ
2943 4147 3203 4220 ἀθέρικας
3253 4147 3347 4202 καὶ
3392 4148 3692 4218 ἀστάχυας.

2131 4239 2631 4311 Ἀπραγματεύτως
2669 4239 2778 4312 γὰρ
2815 4239 2957 4294 κατὰ
2994 4240 3056 4293 τὸ
3086 4239 3387 4310 αὐτόματον
3425 4242 3458 4310 ἠ
3489 4239 3696 4292 κατάλ-

2115 4329 2274 4401 ληλος
2314 4329 2488 4403 τροφὴ
2528 4333 2594 4385 ὲκ
2634 4331 2729 4385 τοῦ
2763 4329 2943 4386 κοινοῦ
2995 4330 3132 4404 πρὸς
3171 4331 3268 4403 τὴν
3319 4331 3547 4385 ἑκάστου
3584 4332 3695 4384 τῶν

2118 4422 2448 4494 σπερμάτων
2483 4422 2722 4492 ίδιότητα
2751 4421 3083 4493 μεταδαίνει.
3119 4424 3182 4476 Et
3216 4418 3308 4478 οὖν
3342 4423 3526 4493 κοινῆς
3556 4426 3694 4477 πᾶσι

2116 4515 2226 4576 τοῖς
2282 4512 2570 4583 φυομένοις
2613 4516 2712 4583 τῆς
2766 4514 2990 4586 ἰκμάδος
3033 4515 3429 4586 ὑποκειμένης,
3463 4516 3695 4570 ἕκαστον

2115 4604 2222 4657 τῶν
2252 4603 2318 4658 δι’
2368 4605 2536 4673 αὐτῆς
2584 4606 2928 4677 τρεφομένων
2974 4606 3034 4659 τὸ
3066 4607 3398 4680 κατάλληλον
3456 4605 3695 4661 ἔσπασεν

2114 4696 2191 4760 εἰς
2214 4697 2311 4768 τὴν
2341 4696 2434 4750 τοῦ
2466 4697 2665 4750 οἰκείου
2701 4698 3016 4770 προσθήκην
3035 4715 3048 4728 ⁸
3098 4699 3150 4751 τί
3179 4699 3385 4761 καινὸν,
3431 4701 3481 4752 εί
3511 4699 3608 4752 καὶ
3635 4701 3694 4751 ὲν

2112 4785 2190 4855 τῷ
2213 4786 2308 4856 τῆς
2355 4785 2700 4849 ἀναστάσεως
2731 4786 2871 4857 λόγῳ
2905 4789 3033 4857 παρ’
3068 4787 3296 4841 ἑκάστου
3338 4788 3446 4840 τῶν
3472 4788 3694 4840 ἀνισταο

2118 4877 2312 4947 μένων,
2340 4877 2520 4942 καθὼς
2552 4879 2642 4930 ἐπὶ
2677 4878 2784 4930 τῶν
2813 4880 3165 4950 σπερμάτων,
3203 4879 3488 4950 συμϐαίνει
3518 4878 3693 4942 οὕτως

2113 4967 2356 5033 γίνεσθαι
2390 4969 2488 5038 τὴν
2530 4967 2622 5021 τοῦ
2653 4968 2851 5021 οἰκείου
2891 4968 3092 5038 ὀλκήν;
3151 4971 3310 5023 Ὥστε
3340 4970 3398 5034 ἐξ
3433 4971 3694 5023 ἁπάντων

2113 5057 2336 5111 δυνατὸν
2365 5055 2503 5113 εἶναι
2533 5060 2740 5129 μαθεῖν,
2763 5060 2929 5130 μηδὲν
2957 5059 3059 5125 ἔξω
3087 5061 3194 5115 τῶν
3219 5065 3283 5132 τῇ
3305 5063 3470 5133 πείρᾳ
3492 5078 3695 5133 γνωρι-

2115 5144 2353 5216 ζομένων
2382 5147 2442 5201 τὸ
2473 5149 2731 5220 κήρυγμα
2757 5152 3026 5220 περιέχειν
3052 5151 3148 5221 τῆς
3177 5151 3695 5214 ἀναστάσεως.Καίο
3786 5144 3799 5153 ’

2114 5253 2258 5305 τοιγε
2287 5237 2346 5290 τὸ
2372 5239 2790 5310 γνωριμώτατον
2827 5241 2933 5293 τῶν
2963 5241 3244 5313 ἡμετέρων
3277 5243 3690 5311 ὲσιωπήσαμεν,

2114 5328 2280 5399 αὐτὴν
2307 5330 2451 5399 λέγω
2473 5331 2570 5403 τὴν
2612 5331 2831 5404 πρώτην
2865 5333 2961 5402 τῆς
2989 5333 3298 5398 συστάσεως
3325 5332 3479 5404 ἡμῶν
3511 5334 3687 5404 ἀφορ-

2119 5423 2244 5492 μήν.
2272 5423 2366 5486 Τίς
2389 5424 2495 5496 γάρ
2518 5425 2618 5477 οὐκ
2639 5421 2743 5478 οἶδε
2763 5425 2860 5494 τὴν
2885 5427 3308 5497 θαυματοποιίαν
3327 5425 3425 5495 τῆς
3451 5425 3692 5494 φύσεως,

2116 5512 2167 5564 τί
2215 5513 2448 5567 λαϐοῦσα
2481 5518 2513 5584 ἡ
2566 5517 2789 5587 μητρῷα
2825 5517 3018 5588 νηδὺς,
3071 5518 3122 5570 τί
3169 5517 3573 5592 ἁπεργάξεται;
3617 5517 3692 5570 Ἠ
