4088 6210
370 171 468 226 εεο

1588 184 1680 239 DE
1717 185 2002 244 IIOMINIS
2036 187 2354 249 OPIFICIO.

3519 207 3626 264 250

364 289 465 358 οὐχ
491 289 624 360 δρᾷς
653 289 802 353 ὅπως
849 289 1054 344 ἁπλοῦν
1095 290 1295 363 τρόπον
1324 293 1444 349 τινᾶ
1463 337 1477 362 ,
1505 298 1604 352 καὶ
1631 300 1916 374 δμοιομερέ

2017 313 2140 366 ,tas
2170 306 2459 364 habemus.
2505 307 2828 380 Quanquam
2865 313 3112 381 profecto
3173 315 3322 386 quod
3368 315 3426 373 in
3463 320 3626 377 nobis

361 381 487 435 itm
515 383 572 434 τὸ
599 382 678 444 είς
704 381 960 452 ἀφορμὴν
983 382 1082 453 τῆς
1106 383 1416 450 συστάσεως
1437 387 1532 441 τοῦ
1566 387 1816 460 σώματος
1833 397 1916 447 τοῖ

2052 399 2488 457 illustrissimum
2555 411 2662 468 est,
2697 405 2918 460 silentio
2988 410 3392 481 prmteriimus;
3441 413 3623 483 ipsum

358 471 692 540 σπλάγχνοις
745 472 1256 542 καταϐαλλόμενον;
1313 475 1411 547 τὴν
1448 478 1507 533 δὲ
1546 481 1813 536 ποικιλίαν
1851 486 1942 538 τοῦ

357 561 910 631 κατασκευαζομένου
956 564 1326 634 συγκρίματος
1375 566 1458 630 τίς
1505 565 1658 637 λόγος
1697 572 1944 645 ἐκδιηγή.

357 667 510 704 σεται
531 651 667 717 ;·Τίς
699 652 744 704 δ’
776 653 844 705 ἂν
881 653 955 724 μὴ
994 657 1059 724 τῇ
1096 657 1248 726 κοινῇ
1282 655 1440 724 φύσει
1481 659 1541 710 τὸ
1571 662 1806 716 τοιοῦτον
1836 682 1939 733 μα-

353 741 486 805 Θὼν,
522 742 747 796 δυνατὸν
771 746 1034 815 ἡγήσαιτο
1062 744 1129 798 τὸ
1145 747 1448 817 γινόμενον,
1479 750 1559 802 ὅτι
1587 751 1647 804 τὸ
1679 753 1850 825 βραχύ
1880 774 1938 808 τε

348 835 448 885 καὶ
511 835 629 886 ἀντ’
680 837 894 900 οὐδενὸς
941 839 1117 892 ἐκεῖνο
1163 838 1258 892 τοῦ
1309 842 1563 895 τοσούτου
1619 847 1940 918 πράγματός

347 923 502 976 ἐστιν
531 923 710 994 ἀρχῆς
745 925 888 995 μέγα
920 926 975 978 δέ
1007 944 1165 995 φημι,
1196 929 1256 982 ού
1291 930 1450 1000 μόνον
1475 934 1554 997 είς
1582 937 1679 1004 τὴν
1713 939 1852 991 κατὰ
1879 939 1938 992 τὸ

349 1013 513 1084 σῶμα
540 1014 754 1084 βλέπων
781 1016 1216 1081 διάπλασιν,άλλ’
1244 1019 1271 1071 ὃ
1299 1021 1406 1090 πρὸ
1429 1022 1617 1075 τούτου
1641 1025 1935 1096 Θαυμάζειν

344 1101 524 1164 ἀξιον,
556 1101 727 1174 αὐτὴν
771 1103 916 1171 λέγω
965 1103 1064 1175 τὴν
1095 1105 1290 1177 ψυχὴν,
1342 1111 1434 1162 καὶ
1479 1110 1548 1164 τὰ
1599 1115 1725 1184 περὶ
1767 1117 1933 1189 αὐτὴν

345 1191 724 1261 θεωρούμενα.

2050 493 2263 547 scilicet
2295 494 2350 548 in
2381 495 2538 550 nobis
2563 497 2864 552 exsistcndi
2905 500 3260 568 principium.
3299 503 3436 558 Nam
3484 507 3612 576 quis

2047 582 2392 640 aﬂectionem
2417 593 2622 641 natura:
2639 587 3018 645 admirandam
3049 591 3288 660 ignorat,
3307 597 3438 664 quid
3456 599 3622 652 nimi-

2044 684 2166 724 rum
2192 673 2347 729 alvus
2382 682 2629 730 materna
2675 678 2876 745 capiat,
2913 687 2970 732 et.
3003 681 3132 749 quid
3178 681 3246 736 de
3283 699 3348 737 eo
3377 684 3622 740 elliciat‘l

2041 760 2126 814 An
2163 777 2272 816 non
2302 763 2456 820 vides
2485 782 2652 834 quam
2697 769 2767 822 sit
2797 770 3036 838 quodam
3069 771 3233 825 modo
3265 773 3515 842 simplex,
3567 789 3621 831 et

2042 868 2209 920 quam
2245 855 2470 912 minime
2513 858 2762 923 mistum,
2816 861 3019 930 quippe
3070 861 3217 931 quod
3251 863 3620 920 dissimilibus

2040 953 2236 1000 natura
2271 948 2520 1015 partibus
2554 966 2662 1006 non
2693 961 2928 1018 constet,
2967 956 3114 1025 quod
3143 958 3410 1012 maternis
3439 958 3492 1013 in
3525 959 3618 1012 vi-

2041 1037 2290 1092 sceribus
2329 1039 2641 1110 deponitur,
2679 1051 2739 1097 ut
2768 1059 2831 1098 ex
2860 1059 2926 1099 eo
2953 1060 3156 1114 corpus
3195 1047 3434 1103 hominis
3480 1065 3616 1104 con-

2041 1127 2325 1182 stituatur?
2345 1131 2413 1184 At
2438 1148 2557 1201 qua:
2580 1135 2795 1189 tandem
2825 1135 3001 1190 oratio
3021 1139 3347 1206 explicando
3371 1143 3613 1195 varieta-

2039 1224 2148 1269 tem
2182 1223 2460 1292 compagis
2492 1224 2687 1293 ipsius,
2725 1242 2847 1294 quaa
2878 1239 3124 1297 paratur,
3156 1232 3422 1284 enarrat?
3454 1230 3611 1296 Quis,

341 1285 606 1347 obsecro,
639 1286 752 1340 lieri
777 1301 940 1356 posse
972 1295 1209 1358 putaret,
1240 1292 1288 1345 si
1325 1292 1442 1348 haec
1488 1297 1767 1351 communi
1817 1309 2026 1359 natura:
2057 1309 2225 1366 ductu
2262 1326 2549 1386 perspecta
2586 1335 2693 1384 non
2728 1321 2975 1389 haberet,
3011 1331 3069 1377 ut
3104 1325 3360 1394 exiguum
3388 1326 3520 1380 illud
3547 1341 3612 1379 ac

343 1391 521 1447 prOpe
566 1378 775 1433 nullius
807 1381 1088 1447 momenti,
1141 1389 1251 1463 tam
1280 1385 1466 1439 eximii
1515 1390 1696 1457 operis
1727 1393 2055 1465 principium
2087 1378 2274 1460 foreté

2320 1411 2506 1464 eximii
2558 1412 2704 1476 dico,
2753 1429 2861 1468 non
2895 1417 2960 1470 ad
2991 1419 3238 1487 corporis
3267 1418 3441 1473 solum
3474 1433 3610 1471 con-

343 1469 736 1523 formationem
763 1472 1110 1541 'respicicns,
1144 1464 1335 1531 sed‘ad
1371 1479 1547 1549 ipsum
1577 1483 1740 1538 etiam
1768 1487 2032 1559 animum,
2065 1505 2120 1550 et
2153 1515 2274 1569 qua:
2307 1503 2491 1559 animo
2521 1505 2897 1572 continentur,
2921 1464 3139 1579 quamlro
3171 1510 3259 1565 hic
3285 1513 3459 1565 multo
3490 1526 3613 1564 ma-

337 1562 425 1630 gis
457 1562 878 1619 admirationem
911 1575 1170 1622 meretur.

887 1657 1283 1714 ΚΕΦΑΛΑΙΟΝ
1313 1662 1425 1717 KH’
1433 1701 1448 1719 .

337 1747 495 1826 Πρὸς
549 1748 694 1815 τοὺς
734 1747 1029 1832 {th-ortas
1076 1755 1524 1832 :{pojlyecgdrm
1571 1758 1677 1832 τὰς
1703 1760 1931 1832 ᾃψυχὰς

409 1817 536 1896 τῷν
587 1817 954 1900 ςωμάτωῖ,Λ
980 1820 1017 1888 ἢ
1063 1817 1130 1900 τιὸ
1171 1817 1434 1900 gaetulae
1486 1829 1610 1900 Δςιερὸ
1638 1817 1773 1900 ξτῶἱρ
1815 1817 1932 1900 ila;-

415 1887 547 1957 χῶν
578 1887 1136 1966 διαπεπιξᾱσθαιλτὰ-
1161 1887 1422 1961 climata.
1626 1892 1674 1965 ᾧ
1716 1917 1803 1966 τις
1821 1887 1927 1955 'xal

418 1958 728 2044 ἀνατροπὴ
761 1958 869 2026 τῆς
897 1959 1050 2013 κατὰ
1080 1963 1184 2026 τὰς
1220 1958 1717 2035 ιὶετεμψνυχὼσὲις
1741 1958 1930 2039 μὶλθο-

416 2044 638 2092 ποιιας.

411 2120 568 2189 Τάχα
589 2117 698 2189 γάρ
724 2121 824 2173 οὐκ
850 2119 956 2184 ἔξω
978 2120 1078 2190 τῆς
1108 2124 1476 2197 προκειμένης
1504 2129 1636 2199 ἡμῖν
1670 2147 1928 2202 πραγμα-

337 2210 488 2272 τείας
514 2211 656 2274 ἐστὶ,
705 2210 767 2263 τὺ
792 2210 1098 2276 διεξετάσαι
1124 2214 1184 2266 τὸ
1212 2215 1680 2290 ἀμφιϐαλλύμενον
1719 2225 1776 2276 ὲν
1804 2226 1926 2287 ταῖς

338 2300 655 2371 ἐκκλησίαις
687 2302 817 2371 περὶ
843 2303 1018 2373 ψυχῆς
1048 2321 1105 2357 τε
1130 2306 1222 2358 καί
1251 2305 1518 2377 σώματος,
1541 2311 1665 2374 Τοῖς
1698 2313 1795 2382 μὲν
1816 2313 1924 2384 γὰρ

338 2391 436 2444 τῶν
468 2391 580 2462 πρὸ
605 2391 785 2462 ἡμῶν
818 2392 984 2455 δοκεῖ,
1029 2387 1110 2457 οἷς
1148 2395 1178 2445 ὁ
1209 2397 1348 2464 Περὶ
1380 2397 1498 2452 τῶν
1524 2400 1724 2469 ἀρχῶν
1750 2404 1924 2474 ἐπρα-

335 2483 620 2555 γματεύθη
645 2485 823 2552 λόγος,
852 2485 1097 2556 καθάπερ
1116 2487 1240 2540 τινὰ
1265 2489 1433 2560 δῆμον
1453 2493 1511 2544 ὲν
1535 2491 1809 2566 ίδιαζούσῃ
1831 2512 1925 2548 πο-

336 2574 510 2647 λιτεία
557 2577 660 2639 τὰς
690 2577 868 2648 ψυχας
909 2580 1313 2648 προϋφεστάναι
1365 2581 1561 2650 λέγειν.
1599 2586 1923 2657 Προκεῖσθαι

331 2666 386 2719 δὲ
411 2669 578 2720 κάκεί
599 2668 667 2721 τά
677 2685 739 2720 τε
751 2669 851 2737 τῆς
863 2670 1060 2736 κακίας
1084 2673 1294 2743 καὶτῆς
1310 2675 1511 2746 ἀρετῆς
1528 2678 1917 2747 ὑποδείγματα.

335 2759 439 2811 Καὶ
469 2759 896 2829 παραμένουσαν
927 2746 1042 2832 μὲν
1063 2766 1120 2816 ὲν
1165 2765 1243 2834 τῷ
1275 2766 1425 2837 καλῷ
1461 2768 1560 2837 τὴν
1597 2746 1792 2838 ψυχὴν,
1822 2769 1922 2838 τῆς

335 2850 467 2918 xy};
511 2850 577 2904 τὺ
627 2851 786 2922 σῶμα
823 2855 1142 2924 συμπλοκῆς
1179 2858 1357 2927 μένειν
1390 2860 1716 2930 ἀπείρατον·
1773 2862 1822 2914 εί
1863 2862 1919 2914 δὲ

332 2941 422 2993 καὶ
471 2943 730 3014 ἀπορρυῇ
775 2944 876 3014 τῆς
911 2946 1006 2998 τοῦ
1047 2948 1254 3016 ἀγαθοῦ
1309 2953 1617 3021 μετουσίας,
1649 2953 1784 3023 πρὸς
1825 2952 1918 3007 τὸν

330 3032 452 3103 τῇδε
487 3033 608 3103 βίον
639 3035 1084 3104 κατολισϐαίνειν,
1124 3042 1214 3094 καὶ
1237 3041 1407 3106 οὕτως
1433 3045 1491 3096 ἐν
1526 3043 1738 3114 σώματι
1769 3045 1918 3113 γίνε-

331 3124 475 3178 σθαι.
501 3125 727 3196 Ἐτεροι
757 3128 814 3180 δὲ
841 3132 906 3199 τῇ
938 3132 1078 3183 κατὰ
1101 3132 1191 3184 τὸν
1219 3135 1421 3186 Μωσέα
1445 3133 1595 3199 τάξει
1629 3136 1727 3206 τῆς
1759 3155 1921 3190 κατα-

331 3220 535 3287 σκευῆς
579 3219 678 3270 τοῦ
716 3219 1007 3291 ἀνθρώπου
1058 3225 1434 3295 προσέχοντες,
1472 3227 1730 3298 δευτέραν
1779 3226 1917 3283 εἶναι

327 3308 424 3377 τὴν
475 3309 654 3380 ψυχὴν
708 3309 804 3362 τοῦ
845 3311 1096 3382 σώματος
1149 3317 1290 3371 κατὰ
1341 3316 1434 3371 τὸν
1491 3321 1682 3390 χρόνον
1729 3321 1914 3387 φασίν.

343 3398 562 3470 Ἐπειδὴ
614 3399 833 3469 πρῶτον
881 3401 1062 3456 λαϐὼν
1111 3405 1140 3456 ὁ
1171 3405 1303 3469 Θεὸς
1351 3407 1478 3477 χοῦν
1513 3409 1622 3463 ἀπδ
1662 3409 1760 3480 τῆς
1788 3412 1913 3481 Υῆςο

326 3490 533 3544 ἔπλασε
577 3491 673 3544 τὸν
714 3493 998 3566 ἄνθρωπον
1019 3511 1031 3524 ·
1064 3492 1164 3550 εἷθ’
1208 3497 1382 3562 οὕτως
1410 3499 1658 3572 ὲψύχωσε
1706 3502 1794 3556 διὰ
1819 3504 1915 3558 τοῦ

327 3581 746 3653 ὲμφυσήματος.
811 3585 922 3638 Καὶ
969 3587 1142 3659 τούτῳ
1196 3588 1276 3659 τῷ
1319 3589 1463 3662 λόγῳ
1519 3595 1915 3666 προτιμοτέραν

322 3673 746 3730 ἀποδεικνύουσι
767 3677 865 3747 τῆς
891 3677 1068 3750 ψυχῆς
1090 3682 1190 3753 τὴν
1220 3682 1422 3756 σάρκα,
1448 3685 1550 3755 τῆς
1577 3688 1915 3759 ίιπεισκρινο-

324 3765 498 3836 μένης
540 3766 646 3837 τὴν
679 3768 1284 3844 προδιαπεπλασμένην.
1317 3775 1549 3845 Λέγουσι
1585 3777 1695 3849 γὰρ
1739 3779 1827 3834 διὰ
1851 3782 1914 3835 τὸ

320 3861 487 3931 σῶμα
515 3863 618 3934 τὴν
653 3862 833 3933 ψυχὴν
869 3865 1145 3933 γενέσθαι,
1193 3869 1269 3931 ὡς
1293 3868 1363 3923 ἂν
1395 3870 1471 3942 μὴ
1497 3871 1699 3926 ἄπνουν
1722 3890 1783 3926 τε
1818 3875 1912 3928 καὶ

315 3953 583 4024 ἀκίνητον
616 3954 703 4024 εἴη
726 3955 787 4007 τὸ
815 3955 1059 4028 πλάσμα.
1095 3960 1210 4013 Πᾶν
1231 3960 1289 4014 δὲ
1314 3961 1378 4015 τὺ
1403 3961 1491 4016 διά
1522 3980 1575 4017 τι
1608 3965 1909 4035 γινόμενον,

310 4047 654 4116 ἀτιμότερον
703 4047 919 4112 πάντως
951 4050 1068 4103 ἐστὶ
1098 4052 1192 4104 τοῦ
1223 4052 1290 4106 δι’
1317 4053 1345 4106 ὅ
1375 4053 1606 4122 γίνεται.
1639 4055 1835 4122 Καθὼς
1850 4059 1912 4112 τὸ

312 4135 662 4207 Εὑαγγέλιον
716 4139 894 4209 λέγει,
948 4142 1028 4195 ὅτι
1078 4143 1260 4197 πλεῖόν
1311 4146 1426 4200 ἐστι
1474 4148 1574 4219 τῆς
1618 4151 1825 4221 τροφῆς
1873 4153 1906 4222 ὴ

308 4223 501 4296 ψυχὴ,
561 4226 764 4282 καὶ’τὸ
817 4230 975 4300 σῶμα
1020 4231 1114 4284 τοῦ
1149 4232 1474 4304 ἐνδύματος,
1519 4235 1653 4290 διάει
1701 4236 1908 4291 τούτων

2565 1680 2792 1737 CAPUT
2839 1681 3077 1738 XXVIII.

2031 1763 2294 1821 Aduersus
2327 1784 2414 1844 eos
2445 1771 2535 1840 qui
2568 1773 2772 1826 animos
2808 1784 2930 1828 ante
2961 1791 3183 1844 corpora
3217 1778 3435 1831 tradunt
3461 1783 3605 1834 exsi-

2100 1845 2268 1903 stere,
2307 1839 2630 1917 veil-contra,
2672 1859 2895 1917 corpora
2986 1839 3293 1915 priusquam
3369 1852 3603 1917 animos,

2097 1922 2210 1960 esse
2239 1909 2473 1963 condita.
2511 1909 2735 1965 Fabulis
2762 1909 2943 1966 'etiam
2986 1909 3338 1971 consentanea
3377 1919 3440 1974 de
3486 1909 3608 1974 aui;

2099 1992 2306 2031 morum
2341 1981 2745 2048 migrationibus
2777 1983 3021 2037 doctrina
3051 1987 3321 2040 evertitur.

2095 2135 2376 2196 Fortassis
2401 2139 2547 2196 enim
2576 2142 2646 2200 ab
2674 2143 2926 2199 instituto
2953 2161 3205 2202 sermone
3227 2146 3462 2203 alienum
3492 2165 3604 2206 non

2028 2230 2227 2297 fuerit,
2260 2233 2307 2288 si
2345 2233 2401 2288 in
2436 2235 2524 2300 id,
2561 2237 2705 2306 quod
2738 2237 2806 2293 de
2833 2239 3018 2294 animo
3045 2247 3100 2294 et
3135 2254 3364 2310 corpore
3398 2245 3603 2310 passim

2029 2323 2084 2376 in
2130 2325 2382 2380 ccclesiis
2429 2329 2882 2394 controvertitur,
2940 2329 3306 2400 inquiramus.
3362 2331 3602 2399 Quidam

2025 2413 2173 2468 enim
2215 2416 2516 2485 superioris
2557 2420 2834 2474 memoriae
2871 2420 3161 2482 doctores.
3199 2423 3295 2492 qui
3324 2435 3644 2479 commeu-'

2022 2505 2192 2559 tarios
2225 2505 2312 2560 Dc-
2331 2509 2600 2575 principiis
2641 2511 3009 2578 scripserunt.
3053 2513 3265 2566 animos
3315 2515 3598 2569 hominum

2022 2593 2179 2662 quasi
2210 2590 2502 2662 quamdam
2539 2599 2812 2652 nationem
2835 2642 2849 2665 ,
2883 2615 3128 2654 seorsum
3161 2603 3395 2671 quadam
3431 2603 3485 2657 in
3518 2621 3604 2657 rc-

1992 2683 2244 2753 .publica
2284 2685 2550 2741 exsistere
2588 2687 2747 2758 longe
2782 2697 2906 2743 ante
2941 2705 3174 2759 corpora
3209 2692 3453 2747 tradunt.
3490 2693 3601 2748 lbi-

2021 2774 2142 2828 dem
2177 2775 2259 2829 eis
2289 2790 2416 2829 cum
2448 2777 2706 2831 vitiorum
2743 2786 2856 2832 tum
2905 2781 3124 2837 virtutis
3155 2796 3278 2837 esse
3312 2785 3599 2852 proposita

2019 2867 2289 2937 exempla.
2326 2865 2394 2941 Et
2429 2869 2643 2924 animos
2677 2870 2894 2939 quidem
2933 2875 3253 2926 constanter
3289 2873 3511 2928 virtutis
3545 2886 3600 2930 et

2022 2957 2240 3013 honesti
2275 2959 2459 3013 studio
2491 2960 2708 3017 deditos
2730 3001 2744 3026 ,
2781 2963 2940 3030 plane
2969 2977 3094 3016 cum
3131 2964 3454 3032 corporibus
3487 2980 3597 3020 non

2021 3050 2288 3120 copulari.
2327 3050 2422 3105 Sin
2456 3060 2640 3106 autem
2693 3053 2822 3107 boni
2869 3055 3053 3107 fructu
3103 3061 3157 3108 et
3209 3055 3599 3124 conjunctione

2018 3143 2306 3210 excidant,
2342 3152 2457 3198 tum
2500 3145 2712 3200 scilicet
2739 3161 2834 3202 eos
2865 3146 2918 3200 in
2954 3147 3096 3200 hanc
3129 3147 3296 3200 vitam
3340 3147 3547 3217 prolabi
3576 3189 3588 3210 ,

2015 3243 2070 3290 et
2103 3235 2158 3290 in
2189 3251 2422 3306 corpora
2456 3235 2561 3292 hoc
2597 3245 2759 3307 pacto
2790 3240 3030 3293 immitti.
3066 3239 3174 3293 Alii
3203 3248 3396 3294 contra
3433 3241 3596 3296 serici

2016 3327 2346 3391 creatiouis,
2399 3343 2507 3398 qua
2559 3327 2830 3384 formatus
2859 3337 2943 3384 est
2977 3329 3175 3391 homo,
3221 3343 3252 3382 a
3297 3328 3447 3385 Diosc
3495 3329 3592 3384 de-

2015 3419 2234 3488 scripta:
2265 3418 2618 3484 inhaerendo,
2667 3421 2910 3474 animum
2958 3427 3192 3490 corpore
3241 3427 3364 3475 ortu
3413 3429 3597 3490 postc-

2014 3508 2216 3564 riorem
2276 3525 2399 3566 esse
2457 3511 2632 3566 aiunt.
2691 3510 2859 3566 Deum
2912 3526 3151 3582 namque
3200 3521 3594 3568 commemorat

2013 3600 2192 3658 Moses
2226 3602 2462 3673 primum
2495 3603 2564 3657 de
2595 3609 2741 3656 terra
2776 3611 2997 3672 sumpto
3049 3603 3272 3673 pulvere
3315 3603 3591 3658 hominem

2014 3692 2269 3756 ﬁnxisse,
2305 3692 2504 3748 deinde
2544 3708 2642 3762 per
2685 3692 3098 3762 inspirationem
3134 3693 3374 3749 animum
3405 3695 3456 3749 ei
3502 3694 3590 3749 in-

2011 3784 2217 3840 didissc
2245 3785 2313 3837 ".
2346 3783 2461 3840 Hac
2491 3785 2569 3839 illi
2602 3785 2816 3841 ratione
2845 3785 3276 3856 praestantiorem
3312 3801 3435 3843 esse
3464 3788 3589 3843 ani-

2012 3891 2104 3930 mo
2128 3889 2348 3931 carnem
2382 3877 2616 3946 probare
2646 3887 2939 3944 conantur,
2977 3877 3070 3948 qui
3111 3877 3268 3932 carni
3309 3875 3422 3948 iam
3461 3887 3593 3936 ante

2010 3972 2209 4021 creatae
2238 3967 2309 4021 sit
2354 3966 2584 4024 inditus.
2623 3969 2792 4023 Aiunt
2835 3969 3018 4032 enim,
3064 3968 3304 4024 animum
3338 3970 3591 4039 corporis

2009 4071 2176 4112 causa
2209 4057 2410 4111 factum
2441 4073 2564 4114 esse
2585 4098 2600 4121 ,
2632 4074 2698 4114 ne
2729 4073 2870 4129 opus
2898 4059 3004 4113 hoe
3033 4058 3127 4113 Dei
3157 4074 3187 4113 a
3216 4059 3582 4128 respiratione

2009 4160 2073 4200 ac
2121 4155 2275 4201 motu
2323 4146 2734 4204 destitueretur.
2785 4147 3062 4217 Quidquid
3121 4155 3304 4201 autem
3355 4146 3586 4201 alterius

2009 4251 2176 4292 causa
2205 4237 2294 4290 ﬁat
2318 4276 2334 4301 ,
2365 4237 2459 4291 illo
2487 4251 2607 4293 esse
2635 4237 2779 4291 haud
2811 4237 2975 4292 dubie
3002 4235 3165 4291 vilius
3188 4276 3203 4300 ,
3237 4235 3394 4305 cujus
3419 4251 3586 4292 causa

303 4315 508 4370 ινεκεν
535 4321 739 4376 ἐκεῖνα.
799 4322 872 4373 Ού
909 4322 1018 4394 γὰρ
1052 4323 1140 4377 διὰ
1167 4324 1265 4396 τὴν
1297 4325 1502 4397 τροφὴν
1527 4329 1561 4398 ή
1589 4327 1756 4401 ψυχὴ,
1783 4331 1902 4384 οὐδὲ

2017 4328 2354 4383 instituatur.
2393 4326 2662 4382 Nimirum
2707 4334 2761 4382 et
2796 4328 2850 4381 in
2883 4326 3179 4398 Evangelio
3208 4328 3581 4382 ratiocinatio-

302 4405 408 4459 τοῦ
444 4408 742 4478 ἐνδύματος
762 4411 919 4482 χάριν
952 4416 1357 4488 κατεσκευάσθη
1394 4416 1460 4470 τὰ
1493 4417 1740 4488 σώματα,
1773 4421 1908 4476 ἀλλὰ

298 4497 527 4552 τούτων
570 4501 760 4566 δντων,
787 4504 968 4557 ἐκεῖνα
1003 4504 1088 4558 διὰ
1119 4505 1215 4577 τὴν
1253 4507 1439 4579 χρείαν
1471 4511 1902 4584 προσεξηυρὲθη.

314 4589 489 4642 Ἐπεὶ
530 4587 622 4644 οὖν
675 4595 734 4646 ὲν
782 4595 1121 4666 ἀμφοτέραις
1163 4600 1282 4662 ταῖς
1313 4599 1644 4669 ὑπολήψεσιν
1689 4603 1716 4655 ὁ
1749 4603 1904 4672 λόγος

299 4679 592 4745 ὑπαίτιος.
624 4683 733 4737 τῶν
762 4702 820 4737 τε
847 4685 1214 4758 προδιοτεύειν
1237 4688 1335 4752 τὰς
1363 4689 1541 4760 ψυχὰς
1574 4694 1632 4745 ὲν
1670 4693 1774 4765 ἰδίᾳ
1796 4695 1904 4748 τινὶ

297 4775 653 4828 καταστάσει
703 4776 1173 4846 μυθολογούντων,
1227 4781 1458 4837 καὶτῶν
1508 4783 1740 4853 ὑστέρας
1792 4785 1901 4838 τῶν

299 4862 590 4932 σωμάτων
610 4869 1108 4934 κατασκευάζεσθαι
1133 4871 1463 4942 νομιζόντων
1479 4890 1493 4904 ⁸
1518 4875 1810 4942 ἀναγκαῖον
1835 4877 1900 4930 ἂν

295 4954 398 5022 εἴη
437 4956 605 5026 μηδὲν
635 4958 743 5012 τῶν
789 4960 1092 5036 λεγομένων
1137 4967 1197 5018 ἑν
1231 4967 1344 5028 τοῖς
1375 4965 1605 5037 δόγμασι
1640 4969 1900 5039 περιιδεῖν

303 5044 700 5107 ἀνεξέταστον.
743 5052 889 5109 Ἀλλὰ
912 5060 969 5114 τὸ
1001 5059 1109 5132 μὲν
1134 5056 1205 5110 δι’
1239 5055 1524 5125 ἀκριϐείας
1553 5057 1679 5120 τοὺς
1715 5057 1899 5110 ἑκατέ-

306 5135 498 5202 ρωθεν
518 5140 1027 5224 γυμνάζεινκλάγους,
1061 5150 1160 5208 καὶ
1203 5147 1384 5210 πάσας
1415 5147 1777 5201 ἐκκαλύπτειν
1800 5149 1899 5212 τὰς

310 5226 642 5324 ξγκειμένας
701 5233 902 5324 ἀτοπίας
950 5253 1087 5314 ταῖς
1139 5239 1490 5310 ὑπολήψεσι,
1556 5241 1767 5312 μακροῦ
1829 5242 1898 5294 ἂν

310 5314 496 5412 δέοιτο
528 5321 810 5412 καὶχρόνου
841 5314 927 5412 ac.“
969 5346 1178 5412 λόγου·
1248 5331 1320 5385 δι’
1360 5329 1556 5398 ὀλίγων
1596 5331 1672 5394 δὲ,
1715 5333 1897 5395 καθώς

315 5402 438 5458 ira
471 5407 690 5474 δυνατὸν,
719 5395 941 5538 ἑκάτεὲᾇ
985 5395 1117 5504 τίὲν
1154 5421 1483 5500 εξρημένων
1524 5422 1895 5491 ἐπισκεψάμε.

420 5579 468 5608 ⁸⁷
502 5580 599 5632 (mn
638 5601 672 5642 η,
702 5596 729 5665 ζ

1087 5655 1126 5672 Ι

2007 4435 2133 4474 nem
2164 4417 2482 4488 hujusmodi
2513 4417 2803 4487 quamdam
2834 4432 2987 4481 esse,
3039 4431 3162 4471 cum
3209 4417 3428 4473 animus
3456 4419 3584 4474 cibo

2004 4511 2185 4581 potior
2210 4524 2335 4565 esse
2364 4507 2587 4571 dicitur,
2617 4524 2820 4579 corpus
2846 4509 3174 4564 vestimento
3199 4529 3212 4564 :
3243 4510 3461 4579 quando
3489 4511 3582 4566 illa

2003 4602 2200 4656 horum
2225 4615 2392 4654 causa
2420 4597 2562 4654 facta
2590 4600 2723 4655 sint.
2752 4598 2871 4655 Non
2899 4601 3044 4655 enim
3072 4601 3288 4658 animus
3315 4604 3577 4666 alimenti.

2006 4707 2184 4760 neque
2209 4705 2411 4761 corpus
2446 4690 2618 4746 vestis
2651 4697 2734 4746 est
2768 4704 2935 4744 causa
2971 4691 3284 4758 conditum,
3322 4693 3415 4746 sed
3454 4707 3578 4746 cum

2005 4783 2119 4837 lucc
2166 4782 2280 4852 jam
2327 4783 2692 4847 exsisterent,
2744 4783 2811 4836 ad
2867 4797 3026 4837 usum
3073 4797 3262 4838 eorum
3312 4782 3404 4835 illa
3451 4793 3580 4836 sunt

2001 4882 2338 4944 comparata.
2387 4871 2628 4944 Utraque
2681 4874 2867 4944 opinio
2915 4889 3038 4930 cum
3089 4873 3576 4945 reprehensionem

2001 4976 2300 5032 mereatur,
2345 4976 2455 5021 tam
2487 4981 2678 5022 eorum
2713 4967 2807 5036 qui
2839 4965 3058 5020 animus
3091 4966 3312 5036 proprio
3338 4964 3578 5036 quodam

2000 5058 2055 5113 in
2091 5065 2240 5114 statu
2270 5067 2398 5114 ante
2428 5073 2661 5128 corpora
2694 5059 2877 5114 vivere
2921 5067 3218 5126 angantur,
3268 5071 3431 5127 quam
3481 5057 3577 5127 qui

1996 5166 2092 5208 eos
2128 5159 2250 5221 post
2290 5166 2519 5221 corpora
2557 5150 2792 5220 primum
2820 5151 2982 5206 condi
3009 5150 3366 5205 existimant:
3397 5165 3580 5219 opem

1995 5242 2228 5310 pretium
2279 5241 2446 5296 fuerit
2490 5242 2544 5296 in
2585 5242 2768 5296 omnia
2819 5243 3065 5320 studiose
3108 5241 3419 5310 inquirere,
3453 5257 3577 5309 quae

1995 5333 2048 5386 in
2080 5333 2421 5403 explicandis
2452 5334 2742 5404 utriusque
2776 5336 2950 5403 partis
2978 5333 3215 5388 decretis
3247 5334 3299 5386 in
3332 5331 3572 5385 medium

1994 5425 2312 5480 afferuntur.
2370 5427 2436 5477 At
2492 5425 2636 5480 enim
2695 5434 2952 5481 accurate
3006 5425 3275 5481 adversus
3325 5421 3572 5475 rationes
