4088 6210
739 302 838 358 '25!

1949 304 2007 358 Β.
2040 301 2364 360 GREGORI!
2399 302 2684 359 NYSSENI

741 420 998 487 utrinque
1050 419 1347 488 productas
1393 421 1550 491 quasi
1592 423 1886 492 pugnando
1927 423 2219 493 progredi,
2255 430 2355 483 etl

2204 461 2219 486 ,
2255 430 2308 474 et
2339 428 2383 484 Α
2411 441 2510 488 νοι,
2551 423 2714 476 πάλιν
2760 420 2868 473 τῶν
2915 418 3289 490 προκειμένων
3333 411 3704 496 ἀντιληψόμεθα.
3741 413 3797 464 οι

738 508 925 563 omnia
959 524 1082 578 quae
1113 512 1170 564 in
1204 511 1288 567 his
1326 513 1678 582 Opinionibus
1711 513 1946 568 absurda
1993 521 2121 569 sunt
2168 520 2312 566 rete-

739 598 917 668 gendo
948 599 1296 668 patefacere:
1331 602 1383 656 id
1417 618 1550 658 vero
1579 611 1634 658 et
1661 604 1966 658 orationem
1997 603 2266 674 prolixam
2294 641 2310 667 ,

2413 515 2663 585 προτέρῳ
2689 513 3096 584 ,παριστάμενοι
3139 509 3281 579 λόγῳ
3300 549 3316 573 ,
3357 509 3449 562 καὶ
3482 504 3793 577 πρεσϐυτέραν

2414 608 2471 658 ὲν
2504 605 2666 674 σαρκὶ
2697 603 2840 674 ζωῆς
2868 603 2966 673 τὴν
2991 600 3264 654 πολιτείαν
3284 599 3392 652 τῶν
3419 597 3585 669 ψυχῶν
3605 595 3796 665 δογματί

740 698 794 743 et
827 692 1087 760 temporis
1113 708 1222 746 non
1247 703 1440 757 parum
1464 691 1782 760 requireret.
1803 693 2013 748 Idcirco
2053 693 2311 758 breviter,

2189 693 2311 758 iter,
2412 711 2503 758 τες
2529 733 2544 757 ,
2605 693 2666 746 οῦ
2727 710 2816 764 μοι
2862 691 3076 746 δοκοῦσι
3127 691 3236 744 τῶν
3282 687 3589 758 Ἑλληνικῶν
3635 686 3797 755 καθαρε

743 789 1008 848 quantum
1044 781 1164 850 ejus
1200 781 1316 835 fieri
1361 781 1595 859 poterit,
1628 781 1990 837 consideratis
2030 783 2316 849 utriusque

2183 796 2316 849 sque
2413 784 2716 855 δογμάτων,
2764 783 2872 836 τῶν
2918 785 3047 852 περὶ
3092 784 3191 852 τῆς
3219 779 3712 851 μετενσωματῶσεως
3751 777 3797 830 ai.

742 872 916 939 partis
948 872 1317 942 argumentis,
1355 872 1430 925 ita
1459 871 1659 927 deinde
1699 873 1844 942 quod
1889 873 2110 943 proprie
2157 871 2317 926 insti-

746 962 950 1016 tuimus
971 1001 986 1025 ,
1015 978 1433 1032 prosequemur.
1466 961 1570 1028 Qui
1600 976 1806 1032 partem
1848 965 2085 1033 priorem
2130 960 2318 1017 defen-

745 1053 915 1118 dunt,
965 1062 1019 1107 et
1065 1054 1454 1122 rempublicam
1485 1054 1792 1107 animorum
1825 1053 2126 1123 quamdam,
2170 1053 2319 1122 prio-

747 1161 857 1200 rem
896 1147 1006 1199 vita
1034 1146 1087 1198 in
1123 1160 1353 1213 corpore
1383 1154 1572 1200 nostra
1603 1145 1952 1200 constituunt
1983 1188 2002 1217 ,
2029 1143 2160 1198 mihi
2191 1143 2315 1213 qui-

745 1235 866 1289 dem
891 1252 920 1288 a
940 1235 1268 1290 Grzccanicis
1295 1236 1400 1289 illis
1423 1236 1729 1305 disciplinis
1751 1237 2031 1290 hominum
2057 1235 2319 1290 doctrina:
2353 1287 2358 1290 .

745 1326 990 1380 veritatis
1039 1326 1353 1395 ignarorum
1408 1326 1679 1381 immunes
1731 1341 1856 1382 esse
1895 1341 2000 1379 non
2042 1325 2314 1387 videntur,

745 1416 838 1484 qui
875 1416 1086 1472 tabulas
1117 1417 1382 1485 quasdam
1409 1416 1476 1471 de
1505 1418 1812 1471 animorum
1845 1432 1914 1472 ex
1953 1416 2073 1471 aliis
2116 1417 2171 1469 in
2213 1415 2318 1468 alia

747 1522 975 1574 corpora
1007 1507 1422 1576 migrationibus
1448 1509 1741 1561 commenti
1772 1519 1918 1563 sunt.
1949 1506 2082 1561 Nam
2114 1506 2160 1560 si
2195 1507 2319 1574 quis

747 1603 1004 1648 accurate
1056 1611 1170 1648 rem
1222 1597 1537 1660 existimet,
1579 1597 1803 1650 omnino
1847 1593 2025 1651 delabi
2076 1597 2320 1665 ipsorum

749 1685 1054 1739 orationem
1089 1687 1156 1740 ad
1191 1687 1241 1740 id
1282 1687 1554 1750 inveniet,
1586 1687 1732 1756 quod
1779 1687 2051 1756 proditum
2092 1696 2177 1740 est
2207 1701 2322 1740 me-

2419 874 2964 946 μεμυθολογημένων.
2983 875 3046 927 Εἰ
3062 874 3169 943 γάρ
3184 890 3265 936 τις
3286 871 3518 940 ἀκριϐῶς
3535 868 3798 934 ὲξετάσειε,·

2416 964 2572 1018 τοῦτο
2592 965 2734 1017 κατά
2769 965 2951 1018 πᾶσαν
2979 964 3226 1033 ἀνάγκην
3253 961 3345 1014 τὸν
3375 961 3526 1028 λόγον
3543 959 3696 1020 αὐτοῖς
3723 958 3798 1027 eo;

2419 1053 2879 1125 κατασυρόμενον,
2903 1054 2960 1106 ὃν
2982 1055 3111 1123 φασί
3132 1070 3252 1106 τινα
3276 1051 3382 1105 τῶν
3405 1051 3527 1121 παρ’
3546 1049 3739 1110 ἐκείνοις
3763 1065 3798 1099 σι

2418 1147 2725 1217 εἰρηκέναι,
2765 1147 2846 1198 ὅτι
2879 1145 3014 1215 ἀνὴρ
3047 1144 3265 1212 γέγονεν
3302 1145 3330 1196 ὁ
3361 1142 3540 1205 αὑτὸς,
3585 1141 3667 1192 καί
3693 1155 3798 1206 γυνθ

2423 1235 2581 1305 σῶμα
2611 1234 3052 1304 μετημφιάσατο,
3096 1234 3190 1286 καὶ
3223 1232 3337 1302 μετ’
3385 1229 3570 1300 ὀρνέων
3594 1227 3798 1295 ἀνέπτη,

2419 1326 2618 1394 θάμνος
2650 1325 2770 1392 ἔφυ,
2815 1325 2909 1377 καὶ
2949 1324 3038 1376 τὸν
3070 1323 3287 1392 ἔνυδρον
3321 1321 3476 1390 ἔλαχε
3509 1319 3624 1388 βίον.
3664 1318 3728 1370 Οὐ
3759 1335 3797 1368 πί

2418 1416 2516 1485 τ’ἠς
2549 1415 2802 1485 ἀληθείας
2831 1414 2970 1468 κατά
2999 1431 3060 1481 γε
3094 1413 3188 1483 τὴν
3214 1411 3349 1482 ἐμὴν
3391 1411 3559 1481 κρίσιν
3597 1408 3798 1479 σερόμεν

2421 1525 2488 1559 πε
2497 1507 2547 1576 pl
2567 1506 2729 1560 αὑτοῦ
2755 1505 2924 1558 ταῦτα
2944 1505 3134 1573 λέγων.
3163 1501 3371 1566 Ὄντως
3390 1503 3496 1572 γὰρ
3516 1501 3765 1573 βατράχων
3787 1516 3798 1531 ·

2421 1597 2454 1667 ἢ
2483 1596 2703 1649 κολοιῶν
2729 1596 3012 1667 φλυαρίας,
3048 1595 3081 1665 ἢ
3111 1593 3329 1661 ἀλογίας
3363 1591 3570 1662 ἰχθύων,
3605 1590 3634 1662 ἢ
3664 1588 3798 1660 δρυῶ

2424 1687 2706 1757 αισθησίας
2734 1687 2859 1752 ἀξια
2887 1687 2954 1739 τὰ
2983 1685 3205 1739 τοιαῦτα
3232 1684 3489 1754 δόγματα,
3537 1681 3594 1734 τὸ
3626 1680 3740 1750 μίαν
3777 1685 3798 1749 q

751 1778 967 1841 moriae,
1019 1775 1308 1846 quemdam
1359 1779 1426 1832 de
1473 1777 1677 1832 Graecis
1711 1777 2050 1846 sapientibus
2093 1763 2365 1839 dixisse,l

2187 1776 2316 1839 isse,
2349 1763 2390 1815 Β
2418 1779 2595 1848 λέγειν
2620 1779 2706 1832 διὰ
2730 1779 2997 1831 τοσούτων
3025 1777 3216 1832 ἐλθεῖν.
3243 1777 3365 1847 Τῆς
3394 1775 3452 1828 δὲ
3477 1771 3708 1843 τοιαύτης
3734 1772 3797 1824 ἀτΙ

751 1864 944 1920 Fuisse
970 1868 1229 1921 nimirum
1259 1883 1382 1922 sese
1407 1867 1700 1937 aliquando
1729 1875 1782 1920 et
1825 1867 2034 1930 virum,
2063 1873 2118 1919 et
2164 1865 2322 1919 femi~

752 1973 911 2022 nam,
946 1965 1000 2011 et
1041 1958 1183 2011 inter
1212 1960 1340 2011 aves
1371 1959 1662 2019 volitasse,
1714 1965 1768 2010 et
1818 1956 2020 2008 factum
2061 1970 2185 2009 esse
2227 1954 2322 2008 de—

754 2049 878 2100 inde
907 2049 1226 2114 arbustum,
1270 2057 1434 2116 atque
1463 2049 1626 2102 etiam
1662 2048 1824 2100 vitam
1858 2047 1912 2099 in
1943 2046 2099 2114 aquis
2125 2045 2319 2114 egisse.

753 2138 869 2191 Meo
899 2139 1115 2206 quidem
1163 2138 1373 2207 judicio
1418 2154 1584 2208 prope
1633 2139 1821 2190 aberat
1861 2152 1888 2189 a
1940 2137 2168 2190 veritate
2212 2137 2325 2190 haec

753 2229 925 2297 ipsius
959 2228 1168 2290 oratio,
1201 2229 1292 2298 qui
1332 2227 1645 2296 hujnsmodi
1675 2226 1939 2296 quiddam
1974 2226 2041 2280 de
2073 2241 2132 2280 se
2159 2225 2325 2293 protl-

753 2326 976 2373 teretur.
1037 2317 1286 2373 Profecto
1350 2318 1496 2373 cnim
1557 2333 1814 2371 ranarum
1870 2319 2326 2387 graculorumque

753 2425 904 2464 more
943 2410 1248 2478 garriebat,
1293 2417 1830 2478 consentancamque
1871 2411 2046 2465 bruta:
2092 2409 2323 2479 piscium

753 2510 960 2554 natura:
988 2511 1040 2555 et
1081 2516 1380 2569 quercuum
1430 2515 1627 2555 sensus
1671 2500 1979 2570 expertium
2019 2499 2326 2553 doctrinam

753 2589 1093 2658 proferebat,
1123 2589 1214 2658 qui
1247 2604 1412 2642 unum
1457 2588 1816 2657 eumdemque
1861 2588 2102 2642 animum
2146 2588 2199 2640 in
2239 2603 2328 2642 res

751 2679 889 2736 adeo
924 2682 1124 2736 multas
1155 2681 1500 2751 immigrasse
1528 2679 1756 2733 diceret.
1788 2678 1884 2734 Est
1912 2687 2094 2734 autem
2129 2678 2327 2734 absur-

750 2776 834 2830 «ιω
860 2774 1020 2843 hujus
1056 2774 1330 2844 Opinionis
1373 2775 1486 2828 haec
1517 2787 1682 2827 causa
1707 2813 1720 2832 ,
1756 2773 1902 2842 quod
1938 2780 2064 2826 ante
2098 2785 2327 2842 corpora

749 2867 1016 2922 exsistere
1072 2865 1282 2919 animos
1333 2864 1642 2919 credebant.
1693 2861 1828 2916 Nam
1887 2864 1980 2918 ubi
2020 2864 2189 2919 semel
2227 2863 2330 2917 hoc

753 2958 1053 3012 existimari
1092 2967 1328 3026 emptum
1383 2957 1514 3020 fuit,
1557 2972 1773 3026 semper
1816 2956 2049 3011 ulterius
2088 2956 2153 3010 ad
2201 2971 2331 3024 pro-

753 3051 896 3104 xima
923 3066 1150 3119 qumque
1186 3048 1583 3118 progrediendo
1603 3089 1617 3110 ,
1653 3057 1706 3102 et
1737 3049 2048 3120 prodigiosa
2081 3049 2327 3119 quadam

2420 1868 2557 1938 αὕτη
2587 1868 2734 1919 ἐστὶν
2765 1869 2796 1936 ή
2831 1866 2996 1924 αἰτία,
3028 1867 3090 1919 τὸ
3127 1863 3522 1936 προῦφεστάναι
3548 1861 3638 1923 τὰς
3661 1859 3794 1929 ψυχὰ

2423 1960 2567 2013 σθαι.
2607 1959 2683 2011 Δι’
2714 1959 2999 2012 ἀκολούθου
3031 1958 3132 2030 γὰρ
3163 1961 3196 2026 ἡ
3232 1955 3373 2026 ἀρχὴ
3393 1954 3485 2007 τοῦ
3511 1952 3735 2006 τοιούτου
3762 1952 3798 2002 δι

2421 2069 2512 2114 τος
2545 2051 2635 2104 ἐπὶ
2667 2051 2728 2103 τὸ
2777 2050 3036 2121 προσεχές
3077 2066 3135 2100 τε
3171 2049 3260 2102 καὶ
3295 2045 3677 2117 παρακείμενον
3697 2043 3779 2096 τὸν

2425 2142 2767 2212 προάγουσα,
2816 2140 2974 2211 μέχρι
3021 2139 3210 2193 τούτου
3271 2136 3656 2208 τερατευομένη
3700 2134 3798 2197 διέξ

2427 2231 2491 2285 Et
2521 2234 2628 2304 γάρ
2671 2233 2759 2286 διά
2801 2249 2945 2295 τινος
2987 2231 3184 2294 κακίας
3225 2227 3624 2283 ἀποσπασθεῖσα
3650 2227 3739 2296 τῆς
3777 2227 3798 2277 ﬁ

2425 2324 2590 2395 τέρας
2636 2325 2668 2393 ὴ
2713 2322 2857 2393 ψυχὴ
2899 2307 3202 2385 πολιτείας,
3251 2305 3387 2392 μετά
3428 2319 3488 2372 τὸ
3535 2314 3737 2386 (καθώς
3777 2335 3798 2385 ς

2425 2415 2574 2479 ἅπαξ
2601 2414 2898 2483 γεύσασθαι
2939 2413 3031 2466 τοῦ
3068 2410 3379 2482 σωματικοῦ
3414 2409 3525 2480 βίου
3546 2452 3559 2475 ,
3586 2409 3736 2462 πάλιν
3769 2406 3798 2459 ἄ

2429 2525 2528 2570 πος
2569 2506 2813 2574 γίνεται,
2865 2504 3267 2575 ἐμπαθέστερος
3317 2502 3373 2554 δὲ
3419 2502 3626 2564 πάντως
3657 2502 3685 2553 ό
3721 2501 3774 2552 ὲν

2432 2600 2542 2670 βίος
2597 2597 2935 2668 ὁμολογεῖται
2979 2594 3129 2666 παρά
3171 2595 3258 2647 τὸν
3307 2593 3472 2646 ἀΐδιον
3518 2592 3608 2645 καὶ
3661 2589 3798 2658 ἀσώι.

2431 2688 2644 2758 ἀνάγκη
2677 2689 2827 2741 πᾶσα
2856 2687 2952 2756 τὴν
2987 2687 3043 2738 ἐν
3078 2684 3154 2754 τῷ
3189 2683 3414 2754 τοιούτῳ
3442 2682 3729 2752 γινομένην
3764 2679 3791 2748 β

2430 2774 2474 2849 ᾧ
2504 2781 2722 2843 πλείους
2749 2780 2804 2832 αἱ
2834 2777 2970 2848 πρὸς
3010 2777 3070 2828 τὸ
3101 2773 3432 2845 ἁμαρτάνειν
3458 2773 3592 2825 εἰσὶν
3621 2772 3798 2840 ἀφορμ

2432 2871 2637 2923 πλείονί
2662 2887 2719 2922 τε
2747 2869 2913 2939 κακίᾳ
2937 2866 3219 2936 γενέσθαι,
3247 2869 3340 2922 καὶ
3369 2864 3770 2936 ἐμπαθέστερον

2430 2980 2586 3034 τερον
2623 2961 2956 3030 διατεθῆναι*
2998 2959 3343 3032 ἀνθρωπίνης
3381 2959 3438 3011 δὲ
3486 2956 3664 3026 ψυχῆς
3711 2953 3798 3008 πάι

2434 3054 2568 3125 πρὸς
2610 3053 2672 3106 τὸ
2709 3053 2898 3121 ἀλογόν
2940 3054 3086 3104 ἐστιν
3130 3049 3418 3121 όμοίωσις’
3463 3052 3638 3118 τούτῳ
3685 3046 3743 3099 δὲ
3777 3064 3798 3097 τ

757 3118 1115 3209 proferendo,
1145 3137 1359 3192 tandem
1394 3137 1497 3190 huc
1533 3136 1738 3205 delapsi
1771 3118 1919 3192 sunt.
1955 3137 2010 3190 Si
2041 3118 2185 3191 enim
2221 3124 2371 3188 ani-i

2183 3179 2185 3189 ι
2221 3135 2329 3188 ani-
2355 3118 2397 3174 (ἶ
2433 3118 2749 3199 κειωθεῖσαν
2790 3118 2978 3214 αὐτὴν,
3007 3144 3086 3206 είς
3119 3118 3364 3212 κτηνώδη
3397 3140 3556 3209 φύσιν
3595 3141 3797 3209 μεταρῤ

754 3247 876 3286 mus
907 3232 1090 3301 aliquo
1119 3247 1178 3285 se
1204 3231 1337 3284 vitio
1367 3231 1650 3299 polluens,
1685 3239 1975 3300 postquam
2009 3228 2175 3285 semel
2209 3228 2331 3282 vita:

753 3338 1031 3392 corporeae
1062 3333 1279 3392 gustum
1327 3323 1604 3392 percepit,
1652 3335 1712 3375 ut
1760 3323 1861 3392 ipsi
1907 3322 2224 3390 loquuntur,
2263 3319 2332 3374 de

755 3412 1072 3466 conditione
1104 3426 1167 3464 ac
1199 3420 1338 3466 statu
1371 3412 1670 3468 excelsiore
1706 3413 1940 3481 quodam
1974 3410 2239 3480 dejectus,
2274 3411 2330 3464 in

756 3505 1029 3558 hominem
1062 3504 1336 3573 immigrat
1361 3523 1373 3557 :
1405 3504 1562 3572 cujus
1587 3505 1812 3559 omnino
1842 3503 1952 3556 vita
1973 3541 1988 3565 ,
2017 3510 2332 3571 comparata

757 3609 879 3647 cum
921 3593 1010 3646 illa
1053 3601 1254 3646 wterna
1300 3600 1354 3647 et
1388 3592 1742 3662 incorporea,
1787 3589 2036 3661 pluribus
2083 3599 2166 3644 est
2207 3606 2330 3660 per-

757 3685 1163 3740 turbationibus
1191 3685 1424 3739 obnoxia
1453 3703 1468 3738 :
1497 3699 1724 3739 necesse
1759 3690 1842 3738 est
1873 3682 2028 3735 illum
2065 3681 2334 3736 exsisten-

755 3784 864 3831 tem
900 3776 956 3829 in
983 3776 1094 3830 vita
1115 3813 1130 3840 ,
1166 3791 1286 3845 quae
1317 3776 1501 3846 plures
1531 3775 1599 3830 ad
1637 3773 1974 3846 peccandum
2008 3774 2333 3828 occasiones

758 3867 986 3932 habeat,
1039 3867 1289 3938 pluribus
1343 3869 1507 3922 etiam
1543 3867 1691 3921 vitiis
1727 3881 1787 3920 se
1823 3865 2154 3934 inquinare:
2191 3863 2334 3917 mul-

757 3967 922 4030 toque
953 3960 1159 4027 magis,
1195 3974 1354 4028 quam
1392 3967 1518 4013 ante
1540 3997 1554 4020 ,
1589 3957 1796 4012 morbis
1846 3966 1901 4010 et
1943 3955 2330 4010 aﬂ‘cctionibus

2432 3236 2578 3302 ἅπαξ
2607 3236 2662 3288 δὲ
2698 3234 2788 3287 διὰ
2818 3236 3012 3297 κακίας
3041 3232 3328 3286 όδεύουσαν
3346 3273 3360 3295 ,
3394 3231 3526 3302 μηδὲ
3560 3231 3619 3283 ὲν
3648 3228 3798 3296 ἀλόγι

2437 3327 2622 3398 μένην,
2649 3326 2748 3396 τῆς
2769 3326 2860 3378 ἐπὶ
2888 3324 2946 3377 τὸ
2969 3323 3136 3377 κακὸν
3165 3323 3385 3394 προόδου
3415 3320 3574 3392 λῆξαί
3608 3336 3764 3372 ποτε.

2432 3417 2526 3471 τοῦ
2581 3416 2751 3470 κακοῦ
2788 3415 3004 3481 στάσις,
3037 3414 3178 3485 ἀρχὴ
3215 3414 3311 3484 τῆς
3346 3414 3464 3466 κατ’
3496 3411 3704 3481 ἀρετήν
3736 3411 3798 3461 ὲσ

2439 3506 2545 3576 μῆς
2561 3522 2576 3536 °
2607 3505 2774 3576 ἀρετὴ
2807 3506 2862 3558 δὲ
2885 3507 2941 3558 ἐν
2973 3505 3186 3573 ἀλόγοις
3208 3506 3308 3557 οὐκ
3331 3504 3494 3556 ἔστιν.
3523 3501 3741 3556 Οὐκοῦν
3761 3502 3796 3552 ἀ

2433 3596 2494 3648 τὸ
2525 3599 2703 3666 χεῖρον
2737 3596 2796 3661 eg
2825 3596 3070 3666 ἀνάγκης
3097 3595 3552 3666 ἀλλοιωθήσεται,
3599 3593 3798 3646 πάντοτ

2431 3685 2492 3738 τὸ
2522 3687 2842 3756 ἀτιμότερον
2881 3686 3174 3758 προϊοῦσα,
3228 3687 3321 3740 καὶ
3366 3686 3452 3739 ἀεὶ
3497 3685 3561 3738 τὸ
3603 3687 3796 3754 χεῖρον

2433 3771 2466 3850 ᾖ
2497 3777 2612 3829 ἐστι
2658 3777 2870 3845 φύσεως
2901 3778 3309 3849 ἐξευρίσκουσα.
3341 3779 3554 3847 Ὥσπερ
3589 3776 3649 3829 δὲ
3676 3775 3774 3827 τοῦ

2431 3867 2492 3920 τὸ
2542 3868 2796 3937 αἰσθητὸν
2837 3869 3208 3940 ὑποϐέϐηκεν,
3238 3868 3382 3922 οὕτω
3429 3869 3526 3922 καὶ
3560 3866 3673 3920 ἀπὸ
3701 3865 3798 3918 τού

2432 3957 2493 4010 τὸ
2518 3957 2836 4028 ἀναίσθητον
2865 3961 2897 4030 ή
2931 3960 3277 4028 μετάπτωσις
3304 3959 3533 4028 γίνεται.

755 4068 877 4110 esse
912 4052 1192 4108 deditum:
1223 4053 1315 4121 qui
1349 4053 1522 4106 morbi
1565 4051 1822 4106 humanis
1867 4051 1922 4103 in
1966 4050 2166 4104 animis
2199 4051 2319 4125 ejus
2353 4049 2520 4120 {modi
2567 4064 2731 4120 sunt,
2783 4064 2843 4110 ut
2877 4057 3175 4112 secundum
3213 4056 3314 4112 hos
3337 4053 3727 4110 animantibus
3760 4067 3792 4105 a

757 4146 1035 4202 destitutis
1069 4146 1386 4200 consimiles
1429 4147 1621 4201 simus.
1669 4143 1760 4199 Eis
1820 4159 1985 4214 porro
2029 4145 2073 4198 si
2117 4153 2382 4214 cognatus
2429 4163 2552 4202 esse
2600 4151 2816 4206 animus
2852 4152 3078 4222 incipit,
3117 4153 3375 4206 nimirum
3407 4152 3473 4206 ad
3509 4151 3746 4205 brutam
3784 4163 3798 4200 ε

756 4242 935 4290 turam
968 4234 1229 4288 demittit.
1277 4232 1521 4302 Cumque
1571 4233 1707 4287 adeo
1755 4232 1924 4287 semel
1969 4232 2223 4286 vitiorum
2266 4235 2425 4302 quasi
2467 4239 2719 4292 semitam
2751 4239 2959 4311 ingredi
2987 4242 3240 4310 coeperit,
3273 4258 3341 4295 ne
3379 4249 3495 4294 tum
3541 4239 3788 4310 quidem

759 4324 867 4377 ium
902 4322 1150 4393 progredi
1207 4321 1454 4387 desinet,
1497 4337 1621 4376 cum
1668 4320 1734 4374 ad
1778 4330 2029 4374 naturam
2078 4320 2307 4375 rationis
2352 4335 2630 4392 expertem
2687 4332 3013 4397 pervenerit.
3064 4329 3200 4385 Nam
3248 4332 3295 4384 is
3340 4331 3568 4385 tandem
3601 4329 3798 4384 malit

755 4427 786 4465 a
816 4427 925 4480 quo
950 4411 1170 4466 virtutis
1201 4412 1381 4467 cultus
1413 4413 1636 4483 incipit;
1671 4426 1734 4466 ea
1769 4426 1898 4466 vero
1932 4412 2126 4466 cadere
2155 4413 2209 4465 in
2237 4411 2494 4469 animalia
2524 4418 2755 4474 rationis
2804 4424 3050 4491 expertia
3103 4423 3317 4492 nequit.
3359 4421 3578 4476 Idcirco
3640 4436 3798 4489 semr

759 4516 883 4556 mus
931 4500 988 4554 in
1035 4501 1190 4568 pejus
1243 4509 1363 4555 ruet
1413 4501 1788 4570 vicissitudine
1831 4507 2127 4571 perpetua,
2168 4510 2530 4583 naturamque
2580 4508 2906 4565 deteriorem
2954 4527 3052 4576 ea,
3105 4529 3212 4581 qua
3247 4515 3587 4579 continetur,
3640 4512 3798 4582 inqug

755 4595 940 4642 autem
975 4596 1181 4640 naturae
1217 4589 1446 4643 rationis
1481 4599 1688 4644 ornatae
1727 4589 2043 4659 prasstantia
2081 4589 2332 4658 proxima
2382 4591 2473 4644 illa
2519 4605 2631 4663 cst,
2684 4614 2806 4672 quia
2863 4601 3069 4656 sentit;
3104 4602 3185 4657 sic
3233 4616 3264 4655 τι
3316 4603 3598 4658 sentiente
3655 4602 3790 4672 ρι-οι

761 4676 827 4730 ad
861 4691 980 4730 eam
1005 4715 1020 4740 ,
1056 4691 1176 4743 qua:
1207 4691 1401 4730 sensus
1436 4677 1598 4730 etiam
1632 4693 1828 4749 expers
1859 4687 1962 4733 est.

830 4769 946 4823 lluc
973 4785 1145 4838 usque
1177 4785 1463 4839 progressa
1496 4774 1736 4841 ipsorum
1774 4773 1973 4838 oratio,
2011 4789 2318 4844 quanquam
2358 4776 2402 4830 Ι)

758 4867 911 4915 extra
966 4860 1209 4919 veritatis
1259 4861 1458 4916 limites
1521 4862 1727 4916 feratur
1777 4884 1791 4917 :
1834 4873 2014 4920 tamen
2075 4868 2331 4920 continua

759 4951 993 5022 quadam
1046 4953 1446 5007 consecutionis
1493 4954 1635 5007 serie
1690 4953 1757 5008 de
1791 4956 2044 5010 absurdis
2096 4957 2334 5012 absurda

759 5040 987 5112 coliigit.
1027 5040 1292 5111 Deinceps
1340 5058 1467 5096 vero
1510 5043 1760 5098 doetrina
1799 5045 1866 5099 de
1923 5046 2122 5100 fabulis
2170 5046 2335 5099 meris

760 5135 1076 5196 constituta,
1111 5135 1276 5190 rebus
1305 5136 1453 5190 nullo
1483 5137 1639 5204 plane
1666 5146 1824 5206 pacto
1852 5153 1919 5191 ne
1967 5138 2070 5192 sibi
2113 5137 2332 5209 quidem

759 5222 1164 5277 cohaerentibus
1217 5224 1534 5292 pertexitur.
1569 5224 1936 5296 Consequitur
1961 5227 2105 5282 enim
2147 5214 2331 5296 porro.

765 5315 1005 5368 animum
1035 5329 1261 5383 prorsus
1305 5315 1547 5370 interire.
1593 5314 1728 5370 Nam
1760 5319 1852 5387 qui
1888 5319 2056 5374 semel
2085 5317 2151 5372 de
2189 5327 2335 5372 statu

765 5407 1064 5460 excellente
1089 5406 1233 5459 velut
1254 5407 1474 5472 excidit,
1506 5425 1780 5479 nunquam
1807 5413 2060 5467 vitiorum
2089 5414 2142 5466 in
2169 5428 2333 5467 cursu

765 5503 959 5550 metam
1008 5495 1074 5549 ad
1115 5495 1371 5565 aliquam,
1409 5498 1500 5552 ubi
1528 5498 1723 5553 deinde
1756 5502 2022 5570 quiescat,
2052 5503 2333 5571 pervenire

764 5587 976 5639 scilicet
1035 5589 1226 5656 poterit
1273 5604 1286 5642 :
1333 5587 1427 5642 sed
1485 5598 1704 5662 prOptcr
1740 5591 1914 5660 ipsius
1971 5579 2144 5644 animi
2201 5606 2328 5660 erga

763 5676 983 5730 morbos
1038 5685 1091 5732 et
1135 5679 1565 5746 perturbationes
1613 5681 1974 5746 achctioncm,
2017 5681 2085 5734 de
2134 5693 2324 5735 natura

2513 4773 2672 4828 Ἀλλά
2714 4778 2873 4848 μέχρι
2901 4778 3091 4832 τούτου
3131 4778 3335 4851 προῖὼν
3362 4781 3392 4834 ὁ
3426 4779 3598 4848 λόγος
3633 4780 3798 4833 αξιτοῖ

2432 4867 2536 4933 ἔξω
2563 4869 2660 4937 τῆς
2709 4869 2964 4942 ἀληθείας
2995 4871 3252 4942 φέρεται,
3299 4871 3434 4926 ἀλλά
3479 4889 3549 4940 γε
3584 4872 3688 4925 διά
3720 4890 3798 4924 στιν

2431 4956 2650 5019 λουθίας
2692 4957 2751 5008 τὸ
2773 4958 2970 5010 ἄτοπον
3013 4960 3070 5025 ἐξ
3109 4960 3310 5013 ἀτόπου
3367 4961 3797 5031 μεταλαμὸἀνε

2434 5045 2680 5098 ἐντεῦθεν
2710 5045 2808 5118 ἤδη
2836 5046 2924 5099 διά
2963 5047 3069 5100 τῶν
3096 5049 3486 5120 ἀσυναρτήτων
3527 5052 3747 5113 αὐτοῖς
3779 5069 3798 5102 ’1

2438 5135 2830 5202 μυθοποιεῖται.
2884 5137 2947 5188 Ἠ
2979 5137 3078 5206 μὲν
3125 5138 3231 5209 γὰρ
3273 5139 3576 5192 ἀκολουθία
3639 5157 3798 5191 παντ

2440 5223 2642 5293 φθορὰν
2687 5226 2785 5295 τῆς
2830 5225 3006 5296 ψυχῆς
3052 5227 3445 5282 ὑποδείκνυσιν.
3488 5225 3562 5282 Ἦ
3596 5229 3725 5300 γὰρ
3774 5229 3798 5282 ὃ

2438 5314 2648 5385 ὑψηλῆς
2695 5317 2969 5380 πολιτείας
3013 5318 3452 5390 ἀπολισθήσασα,
3488 5323 3556 5373 ὲν
3612 5322 3798 5374 οὐδεν

2437 5407 2636 5470 κακίας
2657 5409 2849 5477 στῆναι
2873 5410 3174 5481 δυνήσεται,
3198 5411 3332 5466 ἀλλά
3358 5411 3448 5464 διὰ
3480 5413 3596 5482 τῆς
3636 5414 3798 5484 πρὸς

2445 5497 2678 5566 σχέσεως
2697 5541 2708 5560 ,
2737 5501 2844 5554 ἀπὸ
2880 5503 2976 5571 μὲν
3001 5501 3093 5554 τοῦ
3122 5502 3338 5569 λογικοῦ
3373 5502 3515 5573 πρὸς
3543 5505 3618 5555 τὸ
3652 5505 3798 5571 ἆλογ

2438 5585 2693 5656 ϐήσεται·
2739 5591 2832 5643 ἀπ’
2865 5591 3069 5645 ἐκείνου
3098 5594 3154 5646 δὲ
3188 5593 3324 5664 πρὸς
3361 5593 3462 5664 τὴν
3499 5594 3629 5648 τῶν
3668 5613 3797 5663 φυτ

2441 5679 2665 5748 σθησίαν
2717 5684 3172 5752 μετατεθήσεται·
3222 5685 3298 5754 τῷ
3335 5684 3388 5737 δὲ
3442 5686 3797 5758 ἀναισθήτιι
