4088 6210
277 149 380 236 23$

1530 167 1616 226 DE
1655 167 1936 235 HOMINIS
1963 168 2271 227 OPlFlClO.

3423 175 3529 229 οτι

274 311 386 357 πως
424 291 484 344 τὸ
523 286 762 359 άῷυχονσ
805 288 980 360 τούτῳ
1025 290 1080 345 δὲ
1127 289 1186 344 τὸ
1242 284 1607 361 ’ἀνύπαρκτον
1636 288 1848 345 ἕπεται.

1958 298 2209 360 compote
2248 287 2500 354 rationis,
2539 287 2605 343 ad
2632 286 2805 366 aliam
2833 287 3000 359 hujus
3027 295 3305 356 expertem
3349 294 3530 342 trans-

272 385 435 438 Ὣστε
486 381 710 436 καθόλου
764 383 851 436 διὰ
901 384 1000 453 τῆς
1054 381 1371 444 ἀκολουθίας
1405 381 1540 452 πρὸς
1577 382 1638 434 τὸ
1672 381 1745 452 μὴ
1785 380 1844 434 ὃν

269 476 454 539 αὐτοῖς
483 477 513 544 ἡ
546 474 695 545 ψυχὴ
734 476 1132 545 μεταχωρήσει.
1163 473 1368 527 Οὐκοῦν
1396 474 1676 543 ἀμήχανος
1705 474 1843 544 αὐτῇ

268 563 428 628 πάλιν
467 563 525 627 ἐξ
553 562 800 630 ἀνάγκης
831 561 985 626 ἔσται
1027 563 1058 630 ή
1110 560 1244 630 πρὸς
1271 560 1331 612 τὸ
1366 563 1610 629 κρεῖττον
1650 561 1848 614 ἐπάνο-

265 655 372 718 δος.
419 653 578 706 Ἀλλὰ
634 652 740 723 μὴν
787 653 852 705 ὲκ
895 652 1101 727 θάμνου
1150 651 1240 704 ἐπὶ
1273 651 1365 705 τὸν
1415 651 1700 723 ἄνθρωπον
1749 651 1848 720 τὴν

263 745 440 815 ψυχὴν
487 744 874 811 ἐπανάγουσιν.
937 742 1144 796 Οὐκοῦν
1192 743 1590 812 προτιμοτέραν
1647 741 1746 812 τὴν
1790 743 1848 793 ὲν

265 835 457 904 θάμνῳ
511 833 656 903 ζωὴν
714 834 813 903 τῆς
865 833 1158 902 ἀσωμάτου
1215 832 1492 903 διαγωγῆς
1538 835 1602 885 ὲκ
1644 833 1848 884 τούτων

264 922 734 977 ἀποδεικνύουσιν.
770 923 1048 977 Δέδεικται
1074 923 1205 993 γὰρ,
1239 924 1320 976 ὅτι
1355 925 1387 992 ἡ
1419 921 1555 992 πρὸς
1584 921 1643 975 τὸ
1669 924 1849 992 χεῖρον

263 1015 528 1085 γενομένη
579 1013 804 1084 πρόοδος
850 1013 951 1083 τῆς
1000 1014 1214 1084 ψυχῆς,
1251 1013 1386 1083 πρὸς
1432 1013 1496 1082 τὸ,
1539 1012 1846 1082 κατώτερον

263 1106 406 1158 κατά
433 1106 496 1157 τὸ
525 1104 674 1165 εἰκὸς
709 1104 1064 1173 ύποϐήσεται.
1107 1102 1450 1173 ’Υποΰέϐηκε
1478 1103 1535 1156 δὲ
1568 1103 1665 1177 τὴν
1695 1103 1849 1155 ἀναί-

266 1195 460 1264 σθητον
501 1193 663 1263 φύσιν
692 1194 751 1246 τὸ
780 1193 1003 1263 ἄψυχον,
1030 1195 1108 1257 είς
1134 1193 1162 1246 ὃ
1195 1193 1264 1246 δι’
1292 1192 1610 1257 ἀκολουθίας
1644 1196 1676 1265 ή
1707 1192 1848 1264 ἀρχὴ

262 1285 357 1343 τοῦ
416 1287 686 1354 δόγματος
730 1284 906 1337 αὐτῶν
953 1285 1054 1355 τὴν
1092 1283 1271 1354 ψυχὴν
1314 1282 1459 1353 ἄγει.
1499 1283 1637 1336 Ἀλλ’
1665 1282 1851 1353 ἐπειδὴ

263 1379 423 1432 τοῦτο
437 1379 505 1442 ,οὐ
529 1376 860 1448 βούλονταιῆ
896 1375 974 1446 τῷ
1003 1375 1316 1448 ἀναισθήτῳ
1347 1376 1444 1446 τὴν
1469 1374 1647 1446 ψυχὴν
1678 1376 1850 1444 ἐγκα-

262 1470 639 1531 τακλείουσιν,
674 1467 707 1528 ἢ
751 1468 910 1538 εἴπερ
957 1465 1202 1520 ἐντεῦθεν
1252 1467 1346 1519 ἐπὶ
1373 1466 1463 1520 τὸν
1509 1466 1851 1537 ἀνθρώπινον

264 1560 432 1629 αὐτὴν
468 1559 797 1626 ἐπανάγοιεν
843 1557 988 1626 βίον,
1035 1558 1426 1628 προτιμότερον
1457 1555 1668 1622 (καθὼς
1701 1555 1852 1628 εἴρη-

1948 382 2084 449 ibit;
2123 381 2189 436 de
2210 382 2313 436 hac
2346 397 2540 437 rursus
2578 381 2642 435 ad
2671 381 2905 452 plantas,
2949 396 3114 436 sensu
3147 381 3310 435 etiam
3338 385 3532 434 caren-

1949 479 2055 538 tes,
2097 473 2297 542 quibus
2326 488 2388 528 ea
2433 481 2625 526 natura
2667 481 2751 527 est
2773 470 3042 541 proxima,
3077 471 3132 523 in
3159 482 3264 540 qua
3303 484 3532 540 prorsus

1950 562 2131 615 anima
2177 563 2326 616 nulla
2370 569 2640 632 estzpost
2676 575 2838 629 quam
2893 559 3031 612 nihil
3070 567 3152 614 est
3195 559 3343 613 aliud
3399 560 3528 612 reli-

1948 667 2139 720 quum,
2195 652 2299 707 nisi
2353 653 2418 706 de
2462 652 2706 706 inanimo
2754 651 2808 704 in
2854 649 3082 704 nihilum
3127 650 3528 720 commigratio.

1951 741 2025 796 De
2053 757 2162 812 quo
2190 743 2370 813 colligi
2406 753 2602 812 potest,
2632 743 2873 796 animum
2902 757 2995 810 per
3021 742 3265 810 ipsorum
3290 745 3531 798 ratioztes

1950 833 2206 886 universe
2237 833 2454 887 tandem
2498 833 2829 912 exstinctum
2879 832 2942 884 iri
2972 851 2983 885 :
3017 822 3248 900 ideoque
3277 825 3391 884 tieri
3422 848 3532 886 non

1950 937 2114 992 posse
2149 925 2259 977 ullo
2294 934 2474 993 pacto,
2511 931 2569 978 ut
2602 924 2668 978 ad
2721 932 2921 980 statum
2968 917 3404 994 praBstantiorem
3447 940 3533 979 re-

1950 1012 2092 1086 deat.
2129 1013 2203 1087 At.
2227 1014 2372 1090 enim
2418 1014 2481 1090 hi
2505 1003 2744 1068 animum
2777 1030 2840 1068 ex
2884 1003 3107 1069 arbusto
3158 1010 3225 1068 ad
3258 1015 3530 1070 hominem

1951 1089 2242 1165 reducunt,
2271 1104 2627 1173 quamobrem
2659 1104 2955 1159 ostendunt
2987 1120 3045 1158 se
3079 1093 3339 1170 statuere,
3366 1106 3532 1160 vitam

1951 1193 2007 1247 in
2065 1179 2294 1249 arbusto
2344 1180 2776 1264 praestantiorem
2831 1196 2919 1249 illa
2965 1211 3109 1260 esse,
3163 1176 3324 1265 quam
3377 1203 3533 1250 extra

1951 1296 2162 1351 corpus
2192 1274 2413 1338 animus
2457 1268 2584 1352 agit.
2629 1282 2724 1338 Est
2747 1284 2890 1339 enim
2937 1284 3371 1339 demonstratum
3421 1299 3532 1338 non

1952 1388 2114 1443 posse
2173 1374 2240 1429 ad
2299 1383 2501 1430 statum
2552 1373 2876 1430 deteriorem
2932 1375 3173 1428 animum
3235 1373 3528 1446 progredi,

1951 1474 2105 1520 extra
2139 1481 2302 1536 quam
2337 1465 2381 1520 si
2419 1467 2485 1519 ad
2528 1466 2788 1520 inferiora
2837 1466 3171 1536 prolabatur.
3218 1461 3314 1522 Est
3347 1475 3530 1521 autem

1953 1556 2200 1624 proxime
2247 1556 2390 1610 infra
2444 1567 2693 1611 naturam
2740 1573 2936 1632 sensus
2983 1549 3260 1628 expertem
3304 1575 3531 1630 prorsus

263 1653 387 1718 ται)
421 1651 513 1703 τὸν
562 1648 768 1721 ξυλώδη
816 1649 929 1718 βίον
973 1649 1072 1718 τῆς
1110 1649 1333 1720 πρώτης
1365 1649 1703 1715 ἀποδείξουσι
1745 1666 1846 1701 κα⁸

1955 1648 2213 1711 inanima,
2250 1648 2303 1701 in
2336 1663 2498 1717 quam
2535 1650 2798 1703 continua
2821 1646 2961 1703 Seric
2989 1641 3253 1730 doctrinae
3287 1653 3530 1722 ipsorum

263 1743 613 1807 ταστάσεως,
658 1741 817 1812 εἴπερ
860 1741 1068 1793 ἐκεῖθεν
1114 1741 1214 1809 μὲν
1254 1742 1287 1810 ή
1342 1740 1478 1808 πρὸς
1519 1740 1718 1793 κακίαν
1750 1757 1850 1792 κα-

263 1839 544 1898 τάπτωσις
587 1836 830 1905 γέγονεν,
869 1835 1115 1889 ἐντεῦθεν
1144 1835 1200 1887 δὲ
1239 1837 1273 1906 ἡ
1304 1834 1441 1906 πρὸς
1479 1834 1678 1904 ἀρετὴν
1710 1833 1848 1886 ἐπά-

265 1930 417 1991 νοδος
467 1928 688 1996 γίνεται.
749 1924 960 1980 Οὐκοῦν
1004 1926 1272 1994 ἀκέφαλός
1322 1943 1406 1989 τις
1454 1926 1546 1978 καὶ
1589 1925 1783 1995 ἀτελὴς
1821 1925 1850 1975 ὁ

267 2021 514 2082 τοιοῦτος
540 2020 865 2089 διελέγχεται
912 2018 1089 2087 λόγος,
1125 2020 1152 2070 ὁ
1184 2018 1282 2081 τὰς
1306 2017 1484 2088 ψυχὰς
1518 2019 1600 2086 ἐφ’
1642 2019 1850 2070 ἑαυτῶν

267 2114 378 2183 πρὸ
409 2113 509 2181 τῆς
547 2113 605 2163 ὲν
654 2111 820 2181 σαρκὶ
874 2109 1019 2186 ζωῆς
1071 2108 1334 2179 βιοτεύειν
1387 2108 1847 2171 κατασκευάζων,

268 2202 362 2254 καὶ
403 2202 489 2254 διὰ
528 2200 726 2264 κακίας
771 2199 1076 2254 συνδεῖσθαι
1119 2201 1232 2263 τοῖς
1277 2201 1512 2270 σώμασι.
1555 2200 1674 2251 Τῶν
1699 2199 1756 2252 δέ
1787 2216 1850 2267 γε

267 2291 540 2359 νεωτέραν
580 2289 676 2340 τοῦ
727 2287 979 2358 σώματος
1029 2288 1128 2357 τὴν
1155 2287 1333 2358 ψυχὴν
1382 2283 1518 2341 εἶναι
1549 2287 1847 2355 λεγόντων,

266 2378 797 2450 προκατεσκευάσθη
820 2377 907 2431 διὰ
933 2378 1042 2430 τῶν
1071 2377 1296 2430 κατόπιν
1326 2379 1359 2448 ἡ
1389 2378 1609 2430 ἀτοπία.
1645 2376 1851 2430 Οὐκοῦν

263 2473 576 2541 ἀπόϐλητος
622 2472 820 2541 ἐπίσης
866 2473 894 2524 ὁ
934 2473 1060 2540 παρ’
1109 2469 1432 2541 ἀμφοτέρων
1462 2470 1638 2538 λόγος.
1671 2471 1769 2524 Διὰ
1795 2471 1851 2523 δὲ
1881 2527 1886 2532 ,

259 2563 355 2616 τοῦ
411 2563 577 2632 μέσου
627 2563 738 2615 τῶν
779 2561 1097 2631 ὑπολήψεων
1145 2561 1388 2614 εὐθύνειν
1429 2556 1581 2631 οἶμαι
1631 2561 1742 2614 δεῖν
1794 2563 1851 2614 ἐν

261 2655 491 2726 ἀληθείᾳ
523 2657 585 2708 τὸ
609 2655 876 2726 ἡμέτερον
906 2655 1101 2724 δόγμα.
1139 2655 1294 2707 Ἔστι
1331 2653 1387 2706 δὲ
1420 2652 1600 2716 τοῦτο;
1629 2653 1687 2705 τὺ
1714 2654 1850 2723 μήτε

265 2746 409 2798 κατά
443 2747 544 2815 τὴν
603 2744 919 2816 Ἑλληνικὴν
964 2744 1178 2811 ἀπάτην
1225 2746 1282 2796 ὲν
1334 2744 1502 2816 κακίᾳ
1540 2744 1647 2797 τινὶ
1683 2745 1853 2815 βαρη-

263 2836 456 2900 θείσας
499 2837 602 2899 τὰς
637 2836 712 2906 τῷ
749 2837 910 2890 παντὶ
944 2836 1455 2907 συμπεριπολούσας
1499 2836 1696 2906 ψυχὰς,
1726 2837 1853 2889 ἀδυ-

1950 1741 2280 1811 principium
2311 1741 2530 1795 tandem
2582 1736 2824 1819 animum
2862 1729 3100 1796 deducit.
3135 1729 3294 1809 Quod
3336 1743 3382 1799 si
3428 1745 3532 1798 hoc

1950 1832 2088 1887 velle
2155 1849 2213 1888 se
2268 1839 2489 1902 negant,
2561 1827 2836 1885 fateantur
2890 1848 3118 1888 necesse
3167 1841 3273 1899 est,
3324 1835 3404 1888 vel
3463 1834 3532 1889 ad

1951 1929 2256 1976 extremum
2292 1937 2518 1991 prorsus
2555 1922 2796 1976 animum
2835 1931 3046 1977 natura:
3083 1939 3277 1979 sensus
3321 1926 3530 1995 experti

1952 2027 2174 2067 manere
2225 2013 2518 2079 inclusum,
2549 2015 2633 2067 vel
2677 2014 2720 2067 si
2771 2015 2838 2069 de
2877 2016 2978 2068 hac
3022 2016 3087 2069 ad
3131 2000 3294 2070 vitam
3336 2017 3532 2071 huma-

1952 2119 2076 2159 nam
2109 2114 2430 2168 revertatur,
2478 2104 2531 2158 id
2564 2120 2686 2160 esse
2729 2121 2912 2160 verum
2943 2091 3086 2181 quod
3135 2119 3258 2164 ante
3291 2107 3531 2164 diximus

1952 2211 2019 2250 ex
2061 2197 2164 2250 hoc
2219 2197 2396 2266 sequi,
2435 2197 2867 2265 praestantiorem
2920 2198 3132 2252 scilicet
3172 2199 3239 2256 ab
3285 2201 3366 2255 eis
3411 2216 3532 2256 eam

1953 2289 2118 2342 vitam
2151 2289 2338 2353 statui,
2383 2303 2504 2357 qum
2535 2288 2588 2340 in
2636 2288 2796 2358 lignis
2828 2291 3066 2357 exsistit,
3097 2290 3204 2344 vita
3247 2299 3300 2345 et
3339 2293 3532 2347 condi-

1954 2383 2104 2438 tione
2145 2384 2392 2453 principe
2427 2402 2440 2436 :
2482 2382 2699 2453 quando
2737 2396 2765 2434 a
2817 2383 3066 2454 principe
3127 2386 3439 2440 conditione
3477 2385 3536 2439 fit

1953 2475 2019 2529 ad
2052 2475 2242 2528 vitium
2271 2474 2569 2544 prulapsio,
2597 2482 2650 2528 et
2691 2491 2716 2526 a
2759 2485 2952 2528 natura
2992 2492 3188 2530 sensus
3215 2490 3432 2547 experte
3466 2477 3535 2530 ad

1955 2567 2214 2621 virtutem
2245 2566 2475 2620 reditus.
2511 2565 2802 2636 Ergotota
2837 2566 3081 2634 ipsorum
3113 2567 3251 2630 ratio
3278 2577 3331 2621 et
3357 2553 3538 2637 capite

1955 2664 2127 2719 caret,
2159 2664 2212 2711 et
2240 2655 2366 2718 ﬁne,
2410 2669 2515 2724 qua
2565 2655 2799 2724 probare
2825 2665 3096 2709 conantur
3127 2657 3340 2710 animos
3380 2665 3536 2712 aute-

1953 2763 2118 2820 quam
2163 2747 2219 2801 in
2269 2748 2674 2811 carnepvivant,
2717 2747 2880 2799 .inlcr
2907 2762 2985 2813 pse
3030 2747 3249 2816 degere,
3281 2747 3538 2818 vitiisque

1953 2841 2189 2912 primum
2234 2841 2636 2894 contaminatos
2684 2840 3008 2908 corporibus
3058 2840 3288 2910 alligari.
3329 2841 3535 2895 Eorum

263 2927 438 2998 ναμίᾳ
482 2927 576 2980 τοῦ
629 2927 1036 2999 συμπαραθὲειν
1068 2931 1132 3000 τῇ
1179 2927 1396 3000 ὀξύτητι
1431 2930 1530 2997 τῆς
1562 2928 1655 2981 τοῦ
1688 2929 1849 2981 πόλου

1956 2948 2087 2988 vero
2119 2932 2206 3002 qui
2247 2933 2400 2985 aiunt
2427 2939 2546 2984 ortu
2593 2932 2950 3000 posteriorem
2993 2946 3116 2985 esse
3148 2932 3389 2985 animum
3417 2948 3540 2985 cor-

264 3021 560 3085 κινήσεως,
601 3017 694 3069 ἐπὶ
721 3017 817 3087 τὴν
847 3017 951 3086 γῆν
979 3013 1338 3070 καταπίπτειν
1366 3017 1602 3071 οἴεσθαι·
1637 3018 1756 3090 μηδ’
1783 3015 1849 3073 αὖ

262 3109 434 3162 πάλιν
463 3111 628 3162 οἱονεὶ
662 3109 881 3179 πήλινον
927 3109 1215 3180 ἀνδριάντα
1241 3111 1740 3180 προδιαπλασθέντα
1774 3110 1852 3182 τῷ

261 3200 415 3268 λόγῳ
444 3201 533 3254 τὸν
575 3201 894 3271 ἄνθρωπον,
922 3201 1110 3255 τούτου
1141 3202 1302 3255 ἕνεκα
1352 3203 1450 3272 τὴν
1487 3202 1663 3272 ψυχὴν
1703 3203 1850 3272 γίνε-

265 3295 398 3346 σθαι
425 3293 622 3361 λέγειν.
653 3290 730 3346 Ἦ
760 3293 868 3365 γὰρ
901 3294 966 3348 ἂν
1001 3295 1295 3366 ἀτιμοτέρα
1330 3295 1421 3348 τοῦ
1460 3296 1682 3365 πηλίνου
1715 3296 1851 3350 πλά-

265 3403 480 3456 σματος
503 3388 535 3456 ἡ
561 3386 722 3457 νοερά
755 3387 914 3454 φύσις
953 3387 1316 3458 ἀποδειχθείη.

1959 3040 2114 3094 pore,
2159 3032 2428 3094 praecepta
2462 3023 2574 3090 jam
2613 3021 2858 3092 quaedam
2902 3031 2986 3076 est
3027 3030 3206 3077 mente
3259 3023 3534 3088 refutatio,

1961 3131 2084 3186 quae
2115 3114 2376 3182 deinceps
2419 3112 2472 3165 in
2512 3113 2579 3167 iis
2625 3128 2746 3182 qua:
2797 3121 3122 3177 sequuntur,
3161 3130 3190 3167 a
3256 3114 3412 3169 nobis
3447 3133 3542 3168 cx-

1961 3215 2212 3278 ponetur.
2269 3207 2458 3276 Itaque
2503 3205 2584 3259 sic
2633 3205 3044 3269 concludamus,
3088 3214 3145 3258 ut
3192 3221 3313 3261 esse
3369 3211 3540 3276 partis

1959 3301 2246 3367 utriusque
2285 3297 2592 3352 doctrinam
2635 3312 2788 3366 aeque
2831 3296 3195 3363 abjicicndam
3230 3301 3543 3366 pronuntie-

1960 3403 2100 3446 mus.
2133 3388 2334 3444 Nostra
2377 3405 2508 3444 vero
2545 3390 2648 3442 hac
2687 3397 2800 3442 tota
2847 3388 2899 3442 in
2935 3405 2992 3444 re
3035 3392 3324 3452 sententia,
3363 3393 3541 3445 media

267 3481 418 3534 inter
442 3481 759 3550 Opinionem
811 3491 1093 3551 utramque
1127 3483 1210 3536 via
1245 3480 1569 3548 incedendo,
1609 3483 1784 3552 ipsam
1835 3484 1899 3538 ad
1936 3486 2222 3539 veritatem
2271 3502 2392 3541 sese
2445 3483 2658 3554 diriget,
2701 3491 2784 3537 est
2831 3485 2974 3537 enim
3029 3485 3540 3552 hujusmodi:Ani-

265 3587 390 3627 mos
447 3587 620 3640 neque
665 3571 968 3626 secundum
1014 3571 1214 3627 Graecae
1260 3573 1541 3642 sapientia:
1599 3573 1867 3638 errorem,
1921 3591 2030 3630 una
2077 3591 2201 3630 cum
2251 3576 2608 3630 universitate
2661 3573 2714 3625 in
2756 3573 2939 3626 urbem
2978 3574 3230 3642 agitatos,
3281 3577 3541 3634 redditos—

264 3680 371 3733 que
435 3679 533 3732 per
585 3662 839 3716 vitiorum
885 3664 1407 3718 contaminationem
1447 3665 1748 3733 graviores,
1778 3680 1902 3719 cum
1943 3680 2102 3735 pares
2163 3681 2286 3720 esse
2339 3681 2503 3719 cursu
2557 3663 2842 3716 celerrimo
2893 3663 2997 3731 poli
3040 3665 3209 3718 motui
3247 3679 3538 3736 nequeant.

264 3755 318 3810 in
375 3762 585 3808 terram
623 3755 801 3810 delabi
837 3773 850 3808 :
881 3771 1057 3826 neque
1087 3757 1336 3827 corporis
1375 3771 1543 3812 causa
1591 3767 1705 3812 tum
1754 3758 1989 3827 primum
2053 3759 2210 3820 oriri,
2273 3772 2397 3810 cum
2452 3756 2564 3825 jam
2617 3755 2747 3808 illud
2822 3755 2995 3806 instar
3055 3756 3208 3810 lutea:
3250 3757 3538 3826 cujusdam

266 3857 469 3905 statuae
500 3851 571 3904 sit
600 3847 1021 3904 conformatum.
1051 3848 1184 3902 Nam
1229 3863 1292 3903 ea
1323 3848 1535 3904 ratione
1577 3843 1774 3904 natura
1804 3849 2160 3920 intelligentia
2191 3847 2438 3917 pmdita,
2471 3848 2616 3901 luteo
2650 3847 2905 3915 ﬁgmento
2936 3844 3170 3902 deterior
3202 3849 3360 3905 foret;

281 3977 298 4004 ς
769 3954 1153 4011 ΚΕΦΑΛΑῙΟΝ
1197 3958 1322 4013 ΚΘ¹.

265 4050 635 4117 Κατασκευὴ
663 4049 768 4103 τοῦ
792 4051 940 4118 μίαν
973 4050 1066 4102 καὶ
1101 4049 1213 4120 τὴν
1241 4048 1436 4116 αὐτὴν
1461 4051 1634 4120 ψυχῇ
1664 4069 1726 4106 τε
1755 4053 1856 4106 καὶ

427 4123 655 4191 σώματι
684 4117 800 4186 τὴν
830 4120 1024 4174 αἰτίαν
1052 4117 1161 4186 τῆς
1181 4117 1491 4188 ὑπάρξεως
1520 4117 1694 4178 sirm.

2513 3956 2747 4014 CAPUT
2789 3959 2980 4015 XXIX.

1959 4057 2104 4111 Idem
2141 4073 2251 4111 esse
2285 4062 2398 4108 cum
2439 4056 2638 4117 animo,
2671 4065 2780 4108 (um
2814 4056 3040 4122 corpori,
3079 4057 3366 4111 exsisleudi
3393 4060 3540 4125 prii:-

2479 4128 2695 4193 cipium,
2742 4125 3013 4193 probatur.

349 4211 494 4265 Ἀλλ’
528 4210 647 4272 ἐνὸς
677 4209 830 4272 ὄντος
857 4209 950 4262 τοῦ
995 4209 1300 4280 ἀνθρώπου,
1335 4211 1427 4264 τοῦ
1454 4213 1542 4266 διὰ
1575 4212 1752 4283 ψυχῆς
1791 4230 1849 4264 τε

2027 4216 2132 4272 Sed
2163 4227 2286 4271 enm
2320 4211 2463 4271 unus
2495 4223 2547 4269 et
2593 4215 2732 4269 idem
2765 4215 2927 4270 homo
2973 4216 3061 4279 sit,
3096 4215 3188 4274 qui
3231 4229 3460 4284 corpore
3488 4227 3541 4272 et

264 4308 364 4359 καὶ
420 4303 673 4374 σώματος
713 4303 1129 4372 συνεστηκότος,
1170 4303 1298 4373 μίαν
1328 4303 1491 4356 αὐτοῦ
1542 4305 1636 4358 καὶ
1672 4304 1856 4373 κοινὴν

265 4399 371 4469 τῆς
410 4398 722 4459 συστάσεως
771 4394 866 4466 τὴν
914 4395 1086 4465 ἀρχὴν
1135 4395 1517 4458 ὑποτίθεσθαι’
1563 4396 1638 4459 ὡς
1681 4395 1749 4450 ἂν
1781 4395 1856 4466 μὴ

265 4490 434 4551 αὐτὸς
457 4485 654 4540 ἑαυτοῦ
687 4484 1110 4556 προγενέστερός
1130 4501 1189 4536 τε
1216 4485 1309 4537 καὶ
1333 4484 1597 4556 νεώτερος
1628 4485 1855 4554 γένοιτο,

265 4581 368 4636 τοῦ
404 4582 505 4652 μὲν
540 4577 857 4649 σωματικοῦ
899 4577 1318 4650 προτερεύοντος
1360 4580 1417 4632 ὲν
1460 4579 1638 4649 αὐτῷ,
1672 4579 1766 4633 τοῦ
1800 4579 1858 4634 δὲ

261 4671 461 4740 ἑτέρου
516 4668 981 4739 ὲφυστερίζοντος.
1042 4668 1202 4721 Ἀλλά
1243 4673 1306 4740 τῇ
1348 4670 1448 4742 μὲν
1475 4675 1852 4744 προγνωστικῇ

261 4761 366 4815 τοῦ
412 4761 547 4814 Θεοῦ
588 4761 815 4830 δυνάμει
836 4800 850 4822 ,
896 4761 1038 4814 κατὰ
1068 4760 1157 4814 τδν
1186 4762 1366 4834 μικρῷ
1397 4762 1628 4833 πρόσθεν
1655 4764 1857 4818 ἀποδοο

261 4852 436 4907 θέντα
459 4852 635 4920 λόγον,
664 4851 809 4904 ἅπαν
837 4852 1245 4922 προϋφεστάναι
1270 4853 1330 4907 τὸ
1356 4852 1692 4924 ἀνθρώπινον
1719 4856 1855 4928 πλή-

264 4960 436 5014 ρωμα
463 4943 667 5010 λέγειν,
712 4942 1208 5012 συμμαρτυρούσης
1238 4946 1317 5008 είς
1346 4945 1504 4998 τοῦτο
1525 4946 1621 5015 τῆς
1643 4958 1855 5018 προφη-

259 5035 453 5098 τείας,
483 5033 587 5104 τῆς
617 5032 894 5112 λεγούσης.
917 5033 1112 5088 εἰδέναι
1145 5035 1213 5088 τά
1246 5036 1419 5090 πάντα
1444 5037 1534 5090 τὸν
1563 5037 1694 5090 Θεὸν
1725 5037 1853 5109 πρὶν

261 5126 541 5194 γενέσεως
573 5125 772 5180 αὐτῶν.
816 5126 905 5179 Ἐν
943 5126 1000 5180 δὲ
1024 5130 1089 5200 τῇ
1123 5129 1242 5181 καθ’
1267 5130 1495 5184 ἕκαστον
1519 5131 1852 5204 δημιουργίᾳ

267 5216 354 5286 μὴ
381 5216 700 5288 προτιθέναι
721 5216 815 5271 τοῦ
837 5219 1024 5288 ἑτέρου
1052 5219 1113 5274 τὸ
1129 5219 1213 5274 ἓτε
1223 5238 1336 5293 ρον,
1362 5223 1499 5294 μήτε
1521 5222 1627 5294 πρὸ
1639 5222 1731 5276 τοῦ
1753 5211 1855 5276 σὼ.

269 5327 449 5379 ματος
467 5311 566 5380 τὴν
580 5309 778 5382 ψυχὴν,
799 5313 936 5384 μήτε
959 5312 1021 5366 τὸ
1041 5312 1275 5385 ἔμπαλιν
1296 5331 1310 5346 ·
1338 5314 1413 5378 ὡς
1435 5315 1500 5368 ἂν
1529 5315 1603 5388 μὴ
1635 5314 1854 5371 στασιάο

266 5401 357 5468 ζει
390 5403 527 5474 πρὸς
556 5405 745 5456 ἑαυτὸν
773 5405 803 5456 ὁ
835 5405 1120 5478 ἄνθρωπος
1138 5409 1204 5478 τῇ
1240 5407 1382 5461 κατά
1403 5407 1491 5460 τὸν
1518 5409 1706 5479 χρόνον
1736 5411 1853 5464 δια-

358 5581 408 5611 "
447 5577 582 5632 Dan.
611 5594 728 5639 xm.
759 5578 847 5638 82.

628 5671 880 5737 ΡΑτιιοι..
928 5677 1048 5740 Gn.
1103 5671 1299 5733 XLIV

1961 4308 2145 4362 animd
2181 4311 2394 4362 'conStat
2425 4323 2438 4358 :
2473 4321 2641 4359 unttm
2682 4320 2804 4358 esse
2857 4321 3250 4374 communequc
3290 4308 3540 4361 triliueno

1959 4400 2086 4453 dum
2146 4398 2196 4453 ei
2250 4398 2485 4452 dicimus
2529 4397 2827 4450 exsistcndi
2878 4397 3226 4465 principium,
3279 4413 3347 4451 ne
3388 4408 3542 4468 parte

1961 4491 2062 4545 hac
2090 4491 2270 4559 seipso
2315 4489 2482 4557 prior,
2514 4487 2683 4540 altera
2717 4486 2899 4555 iunior
2929 4487 3000 4541 sit
3030 4494 3081 4538 ct
3123 4487 3410 4555 posterior.
3446 4487 3541 4544 Dei

1962 4582 2171 4638 scilicet
2217 4580 2324 4632 vim
2367 4589 2567 4632 cuneta
2603 4578 3043 4646 prospicientem,
3099 4578 3255 4631 initio
3301 4579 3540 4647 speciem

1963 4680 2129 4727 totam
2171 4671 2225 4725 in
2251 4669 2531 4726 creatione
2561 4669 2899 4737 compleriam
2927 4682 3070 4732 esse,
3097 4678 3156 4722 ut
3190 4684 3251 4721 ea
3283 4668 3394 4737 jam
3422 4669 3540 4724 tum’

1959 4764 2278 4826 exsisteret,
2336 4760 2793 4833 quemadmodum
2856 4769 2938 4816 est
2986 4770 3111 4814 ante
3165 4761 3539 4826 declaratum,

1959 4854 2079 4925 ipso
2105 4852 2267 4907 etiam
2306 4851 2440 4905 vatis
2469 4851 2801 4912 testimonio,
2838 4852 2928 4920 qui
2967 4851 3132 4907 Deum
3165 4867 3328 4906 nosse
3357 4852 3541 4905 omnia
3574 4911 3580 4924 ι

1957 4945 2112 5018 prius
2147 4951 2308 5015 quam
2359 4946 2630 5007 oriantur,
2675 4943 2750 4998 ait
2771 4945 2836 4997 ⁸⁸.
2877 4943 3144 5009 Quocirca
3188 4945 3419 4998 alterum
3460 4925 3576 4997 σιξ

1959 5035 2058 5094 teri
2092 5035 2330 5108 praeponi
2361 5050 2470 5088 non
2513 5034 2730 5097 debere,
2762 5033 2918 5103 quasi
2959 5034 3298 5104 singularum
3332 5033 3384 5086 in
3414 5047 3539 5102 par-

1965 5129 2100 5185 tium
2122 5126 2400 5182 creatione
2420 5123 2505 5180 Vel
2536 5122 2754 5176 animus
2779 5123 2850 5175 sit
2880 5130 3008 5177 ante
3031 5136 3230 5187 corpus
3257 5121 3536 5184 conditus,

1963 5218 2049 5273 vel
2079 5233 2108 5272 e
2141 5214 2418 5271 contrario
2466 5226 2668 5282 corpus
2713 5221 2837 5265 ante
2875 5210 3141 5265 animum.
3181 5209 3348 5280 quue
3397 5209 3538 5263 hanc

1962 5309 2308 5382 potissimum
2351 5305 2423 5361 ob
2467 5317 2712 5366 causam,
2758 5317 2828 5357 ne
2872 5316 3058 5357 secum
3105 5301 3227 5372 ipse
3274 5301 3541 5357 dissidere

1959 5404 2210 5459 videatur
2260 5400 2445 5461 homo,
2497 5407 2752 5465 tanquam
2807 5393 3049 5449 diversas
3113 5395 3166 5448 in
3232 5404 3416 5464 partes
3466 5389 3536 5444 ob

3272 5659 3312 5720 8
