4088 6210
754 281 858 338 235

1989 270 2045 325 s.
2086 248 2412 326 oneooan
2451 260 2739 325 nrt-uses!

757 382 1018 467 temporis
1071 393 1127 448 in
1175 389 1372 446 harum
1413 396 1534 443 ortu
1574 385 1869 445 discrimen
1917 386 2147 441 divisus.
2198 386 2371 443 Nam.

2198 386 2331 441 Nam
2364 389 2407 444 Α
2439 388 2578 456 φορᾷ
2627 385 2996 456 μεριζόμενος.
3052 384 3255 456 Διπλῆς
3308 384 3411 456 γάρ
3452 384 3528 457 τῆς
3563 383 3776 457 φύσεωςή

756 502 878 543 cum
920 484 987 540 de
1017 482 1266 555 Apostoli
1296 479 1592 543 sententia,
1630 485 1826 532 natura
1866 484 2054 532 nostra
2087 475 2338 560 bifariam

755 575 1109 645 intelligatur,
1161 581 1219 627 ut
1271 571 1372 625 alia
1423 571 1494 625 sit
1543 569 1663 639 ejus
1711 567 1951 623 hominis
1999 574 2196 622 natura
2245 567 2340 636 qui

758 669 911 724 cerni
971 683 998 721 a
1058 666 1216 722 nobis
1250 672 1451 735 potest,
1508 663 1613 718 alia
1654 658 1900 728 hominis
1932 650 2159 715 interius
2193 659 2341 713 velut

756 759 925 813 abditi
962 766 1015 812 et
1046 756 1327 818 occultati,
1376 755 1421 809 si
1465 760 1831 831 statueremus
1879 752 2108 805 alterum
2140 749 2208 804 de
2254 749 2341 804 his

754 849 1037 920 aliquanto
1095 846 1251 916 prius
1294 852 1477 899 ortum
1533 842 1836 903 exstitisse,
1889 855 2051 911 quam
2112 839 2341 893 alterum

754 954 877 993 csse
913 936 1198 1006 inciperet,
1236 935 1394 1004 plane
1435 933 1538 987 hoc
1590 932 1793 986 indicio
1824 930 1985 990 foret.
2033 929 2341 985 conditoris

756 1035 1079 1099 potestatem
1132 1041 1243 1081 non
1276 1025 1501 1080 omnino
1537 1021 1835 1093 perfectam
1866 1021 2162 1092 quamdam
2196 1035 2338 1081 esse,

756 1127 1041 1191 propterea
1085 1116 1230 1188 quod
1283 1116 1433 1186 Operi
1484 1113 1743 1168 universo
1793 1113 1956 1168 simul
2012 1111 2342 1167 absolvenda

756 1228 866 1265 non
910 1209 1211 1273 suffecerit,
1262 1206 1500 1276 ideoque
1530 1221 1726 1276 operas
1766 1204 1921 1275 quasi
1967 1201 2338 1273 interruperit,

755 1316 816 1355 ac
871 1299 1118 1355 vicissim
1173 1298 1229 1352 in
1286 1296 1636 1367 perficiendis
1692 1294 1925 1365 singulis
1973 1293 2223 1364 partibus
2274 1306 2341 1347 ex

756 1390 989 1444 semisse
1039 1387 1192 1458 prius
1226 1370 1490 1441 absolutis
1520 1391 1787 1453 occupata
1831 1383 2015 1437 fuerit.
2068 1380 2340 1436 Nimirum

755 1480 813 1534 ut
868 1480 924 1533 in
966 1477 1133 1533 tritici
1185 1490 1354 1546 grano
1403 1473 1489 1528 vel
1535 1472 1728 1542 quovis
1767 1472 1875 1526 alio
1917 1470 2125 1526 semine
2172 1476 2341 1523 totam

756 1570 920 1642 spicae
965 1569 1047 1624 vel
1103 1567 1320 1638 frugum
1373 1573 1714 1619 maturarum
1766 1563 2002 1639 speciem
2042 1568 2335 1633 potestate,

755 1664 918 1719 sicuti
968 1662 1272 1733 loquimur,
1328 1658 1774 1727 comprehensam
1829 1656 2084 1719 dicimus,
2116 1663 2171 1711 et
2217 1654 2343 1711 her-

757 1756 901 1817 bam,
958 1761 1011 1808 et
1036 1715 1327 1814 iculmum,
1374 1715 1815 1812 et-internodia,
1874 1753 1928 1800 et
1976 1743 2235 1809 fructum,
2288 1753 2342 1799 et
2374 1715 2416 1771 Β

756 1846 955 1898 aristas
997 1861 1011 1897 :
1057 1854 1181 1897 cum
1226 1839 1361 1893 nihil
1399 1837 1593 1891 horum
1645 1837 1815 1892 altero
1847 1835 1904 1890 in
1952 1845 2147 1889 natura
2190 1822 2363 1904 prius’

757 1936 933 2003 reipsa
983 1931 1247 1996 exsistat,
1300 1928 1385 1984 vel
1443 1927 1656 1982 oriatur
1717 1927 1900 1988 citius,
1968 1925 2062 1981 sed
2111 1927 2344 1981 naturali

757 2025 948 2077 ordine
976 2021 1195 2075 tandem
1228 2018 1391 2073 insita
1422 2016 1625 2072 semini
1657 2014 1889 2093 facultas
1912 2014 2028 2083 ipsa
2060 2025 2342 2083 appareat,

760 2114 907 2168 nulla
953 2113 1009 2165 in
1057 2124 1244 2165 semen
1290 2106 1396 2160 alia
1454 2119 1514 2161 se
1558 2113 1754 2159 natura
1802 2104 2147 2160 extrinsecus
2194 2106 2343 2159 velut

762 2204 1105 2258 insinuante:
1137 2198 1217 2253 sic
1251 2196 1413 2251 etiam
1449 2194 1828 2249 existimamus
1874 2193 2114 2247 humano
2159 2194 2213 2247 in
2257 2209 2343 2249 se-

769 2292 935 2354 mine,
981 2302 1107 2343 cum
1145 2285 1309 2340 homo
1348 2284 1584 2353 primum
1615 2282 1808 2352 incipit
1837 2282 1993 2347 oriri,
2025 2281 2340 2338 facultatem

712 2442 715 2445 η
760 2379 1066 2435 naturalem
1120 2374 1426 2440 contineri,
1489 2373 1651 2429 simul
1697 2388 1820 2428 eum
1874 2373 1996 2444 ipso
2049 2383 2341 2429 excretam.

768 2471 916 2526 lianc
948 2483 1113 2539 porro
1142 2465 1380 2522 naturali
1410 2465 1642 2535 quadam
1673 2466 2078 2535 progressionis
2105 2466 2246 2521 serie
2280 2466 2347 2521 ad

764 2561 1153 2634 perfectionem
1186 2557 1270 2611 sui
1304 2556 1747 2619 contendentem,
1784 2555 2052 2625 paulatim
2088 2570 2146 2611 se
2175 2557 2348 2626 expli-

765 2668 891 2708 care
930 2666 994 2705 ac
1042 2646 1367 2719 patefacere,
1409 2661 1517 2699 non
1565 2644 1712 2714 quod
1756 2645 2102 2702 extrinsecus
2143 2646 2346 2716 aliquid

765 2744 1013 2815 recipiat,
1061 2740 1219 2810 cujus
1251 2753 1352 2808 ope
1395 2738 1481 2792 sui
1528 2736 1918 2807 perfectionem
1970 2736 2345 2808 adipiscatur;

767 2836 861 2892 sed
892 2832 1110 2905 propria
1147 2830 1198 2885 vi
1230 2828 1295 2883 ad
1329 2842 1448 2884 eam
1485 2827 1753 2899 paulatim
1798 2827 2133 2899 proficiendo
2159 2843 2349 2899 perre-

759 2927 861 2983 nit.
897 2925 1128 2979 Animus
1154 2921 1310 2999 adeo,
1355 2918 1813 2988 quemadmodum
1848 2925 1975 2973 ante
2002 2933 2202 2989 corpus
2237 2934 2345 2974 non

2441 477 2753 546 νοουμένης,
2784 476 2923 530 κατὰ
2962 476 3059 548 τὴν
3083 475 3438 547 ἀποστολικὴν
3456 476 3784 540 διδασκαλίαν,τι

2444 570 2768 639 φαινομένου
2820 568 3143 641 ἀνθρώπου,
3195 570 3291 623 καὶ
3344 568 3434 623 τοῦ
3473 570 3773 641 κεκρυμμένου

2440 661 2501 713 τὸ
2534 661 2631 732 μὲν
2673 662 3013 734 προῡπάρχοι
3033 702 3047 726 ,
3081 664 3143 717 τὸ
3177 663 3232 716 δέ
3260 663 3559 732 ἐπιγένοιτο,
3586 663 3740 733 ἀτελής
3764 681 3784 717 τ

2441 749 2536 802 τοῦ
2570 750 3027 822 δημιουργοῦντος
3068 750 3509 823 ἀπελεγχθήσεται
3530 752 3730 822 δύναμις,
3755 770 3784 806 οι

2443 842 2604 893 παντὶ
2637 842 2775 895 κατά
2800 842 2859 895 τὸ
2900 841 3093 913 ἀθρόον
3135 840 3450 913 ἐξαρκοῦσα,
3475 842 3586 896 ἀλλά
3613 844 3780 915 διαιρου

2441 932 2503 985 τὸ
2533 932 2692 1003 ἔργον
2713 973 2727 997 ,
2759 934 2854 987 καὶ
2887 933 2989 987 άνά
3030 934 3193 1006 μέρος
3221 935 3348 1006 περὶ
3373 936 3590 1005 ἑκάτερον
3609 936 3696 989 τῶν
3716 938 3780 1005 ἡμ

2447 1023 2630 1093 μάτων
2654 1023 3040 1093 ἀσχολουμένη.
3094 1024 3231 1077 Ἀλλ’
3256 1023 3439 1095 ὥσπερ
3466 1025 3513 1077 ἐν
3535 1024 3596 1094 τῷ
3623 1025 3729 1095 σίτῳ
3756 1044 3784 1093 φ

2443 1113 2474 1185 ἢ
2524 1116 2580 1167 ἐν
2628 1114 2802 1187 ἑτέρῳ
2842 1115 2949 1168 τινὶ
2997 1115 3108 1169 τῶν
3154 1116 3486 1185 σπερμάτων,
3519 1116 3637 1169 ἅπαν
3678 1117 3784 1185 ὲμπε

2442 1204 2641 1274 λῆςρθαι
2684 1208 2749 1277 τῇ
2798 1205 3022 1275 δυνάμει
3064 1205 3124 1257 τὸ
3153 1206 3293 1259 κατὰ
3336 1206 3424 1259 τὸν
3462 1206 3626 1277 στάχυν
3665 1203 3780 1269 εἶδος

2443 1296 2653 1366 χόρτον,
2681 1297 2779 1367 τὴν
2798 1297 3069 1368 καλάμην,
3097 1297 3196 1361 τὰς
3223 1297 3312 1351 διὰ
3343 1297 3492 1368 μέσου
3517 1298 3678 1364 ζώνας,
3697 1300 3772 1353 τὸν

2443 1385 2564 1451 πὸν,
2608 1388 2735 1449 τοὺς
2782 1386 3098 1458 ἀνθέρικας,
3150 1388 3243 1440 καὶ
3290 1388 3437 1442 οὐδὲν
3465 1389 3635 1444 τούτων
3675 1391 3784 1444 ἐντί

2443 1473 2658 1541 φύσεως
2695 1474 2837 1546 λόγῳ
2871 1476 3264 1546 προϋπάρχειν,
3299 1476 3332 1547 ἢ
3362 1478 3784 1550 προγίνεσθαίφαμ

2445 1564 2601 1632 φύσει
2643 1566 2737 1618 τοῦ
2773 1567 3113 1638 σπέρματος,
3145 1567 3280 1620 ἀλλά
3318 1568 3460 1632 τάξει
3507 1568 3591 1639 μέν
3635 1587 3725 1624 τινι
3756 1588 3784 1639 φ

2442 1655 2538 1727 τὴν
2577 1658 2902 1730 ἐγκειμένην
2935 1658 3010 1729 τῷ
3056 1659 3333 1731 σπέρματι
3362 1659 3567 1730 δύναμιν
3593 1661 3784 1731 φανεροῐ

2446 1742 2507 1794 οὐ
2537 1743 2639 1814 μὴν
2662 1744 2851 1815 ἑτέραν
2878 1747 3313 1817 ὲπεισκρίνεσθαι
3349 1748 3499 1818 φύσιν
3522 1767 3534 1782 ·
3556 1750 3679 1803 κατά
3702 1752 3781 1804 τὸν

2447 1833 2601 1901 λόγον
2644 1835 2749 1899 ⁴καὶ
2802 1836 2901 1906 τὴν
2955 1835 3301 1908 ἀνθρωπίνην
3362 1837 3552 1910 σπορὰν
3613 1840 3783 1911 ὑπειλή

2396 1986 2401 1987 ί
2447 1923 2591 1993 ἔχειν
2613 1924 2671 1977 ἐν
2698 1927 2762 1994 τῇ
2784 1923 2970 1997 πρώτῃ
2989 1926 3088 1996 τῆς
3118 1927 3429 1990 συστάσεως
3455 1929 3652 2016 ἀφορμῇ
3677 1947 3784 1982 συνε

2450 2014 2616 2084 μένην
2651 2014 2746 2084 τὴν
2794 2016 2887 2085 τῆς
2934 2016 3146 2085 φύσεως
3192 2017 3440 2090 δύναμιν.
3495 2014 3784 2083 Ἐξαπλοῦσίί

2448 2106 2541 2159 καὶ
2571 2105 2930 2178 φανεροῢσθαι
2974 2108 3063 2163 διά
3088 2092 3233 2174 τινος
3275 2111 3500 2181 φυσικῆς
3526 2111 3784 2165 ἀκολουθία

2448 2195 2508 2247 τὸ
2529 2195 2758 2249 ’τέλειον
2807 2196 3132 2268 προϊοῦσαν,
3177 2201 3235 2252 οὐ
3272 2200 3758 2271 προσλαμϐάνουσάν

2447 2282 2644 2350 ἔξωθεν
2675 2287 2753 2349 είς
2791 2286 3043 2358 ἀφορμὴν
3072 2287 3431 2353 τελειώσεως·
3457 2290 3564 2344 ἀλλ’
3608 2290 3784 2361 ἑαυτὴν

2451 2375 2653 2429 τέλειον
2681 2375 2747 2429 δι’
2774 2376 3092 2441 ἀκολουθίας
3134 2377 3491 2449 προάγουσαν.
3540 2380 3621 2444 Ὠς
3652 2382 3777 2451 μήτε

2449 2467 2553 2536 πρὸ
2576 2466 2670 2521 τοῦ
2700 2467 2967 2539 σώματος,
3000 2470 3137 2541 μήτε
3159 2471 3326 2541 χωρὶς
3350 2471 3518 2542 ψυχῆς
3538 2470 3596 2524 τὸ
3626 2471 3774 2542 σῶμα

2448 2552 2585 2609 εἶναι
2612 2556 2811 2626 λέγειν,
2838 2558 2973 2613 ἀλλά
3006 2559 3132 2630 μίαν
3159 2562 3478 2631 ἀμφοτέρων
3505 2562 3690 2634 ἀρχὴν,
3725 2580 3784 2615 κο

2447 2648 2536 2701 τὸν
2562 2647 2893 2720 ὑψηλότερον
2914 2650 3090 2719 λόγον,
3117 2652 3175 2703 ἐν
3212 2651 3289 2722 τῷ
3320 2652 3515 2723 πρώτῳ
3540 2652 3630 2705 τοῦ
3655 2652 3783 2705 Θεοῦ

2449 2754 2577 2809 ματι
2626 2740 3055 2810 καταϐληθείσαν
3075 2776 3091 2805 ,
3143 2742 3283 2796 κατά
3318 2742 3375 2796 δὲ
3421 2742 3510 2795 τὸν
3540 2742 3718 2813 ἕτερον
3738 2782 3752 2806 ,
3782 2782 3783 2787 η

2443 2828 2546 2897 τῆς
2583 2830 2855 2897 ’γενέσεως
2891 2830 3167 2902 ἀφορμαῖς
3201 2830 3609 2902 συνισταμένην.
3654 2832 3739 2893 Ὦς
3771 2848 3784 2864 -

2447 2917 2561 2972 ἐστι
2593 2920 2692 2991 τὴν
2716 2921 2856 2975 κατὰ
2888 2921 3023 2992 μέλη
3066 2920 3393 2993 διάρθρωσιν
3437 2922 3626 2975 ἐνιδεῖν
3653 2922 3731 2991 τῷ
3758 2942 3784 2975 τ

763 3017 999 3077 exsistit,
1034 3016 1113 3070 sic
1145 3011 1383 3067 hominis
1414 3011 1570 3065 initio
1617 3010 1737 3066 sine
1770 3010 1957 3065 animo
1987 3025 2186 3081 corpus
2224 3026 2377 3092 esse,

2152 3026 2186 3067 is
2224 3026 2346 3068 esse
2370 3040 2414 3101 ο
2450 3009 2714 3101 σύλληψιν
2744 3011 2838 3065 τοῦ
2887 3011 3134 3084 σώματος
3171 3013 3493 3086 ὲντιθεμένῳ
3535 3015 3640 3087 πρὸ
3669 3017 3766 3087 τῆς

762 3109 870 3163 dici
916 3122 1041 3161 vere
1082 3104 1289 3175 nequit.
1326 3100 1501 3155 Unum
1533 3110 1617 3156 est
1664 3101 1951 3170 utriusque
1990 3102 2337 3172 principium,

761 3191 907 3262 quod
922 3188 1221 3245 secundum
1239 3188 1505 3242 rationem
1529 3186 1748 3254 quidem
1771 3186 2145 3244 sublimiorem
2165 3190 2341 3259 prima

760 3285 816 3339 in
866 3282 1148 3336 voluntate
1194 3276 1311 3342 Dei,
1355 3285 1614 3346 tanquam
1670 3275 2025 3331 fundamento
2059 3280 2337 3344 innititur,

762 3370 974 3425 ratione
1016 3374 1196 3422 autem
1226 3365 1433 3429 altera,
1468 3365 1522 3418 in
1572 3373 1727 3420 ortus
1762 3367 1939 3421 nostri
1979 3367 2206 3423 exordio
2244 3384 2341 3439 po-

767 3460 996 3515 nendum
1037 3465 1142 3513 est.
1186 3456 1320 3510 Nam
1365 3466 1422 3511 ut
1454 3455 1508 3510 in
1550 3471 1635 3521 eo,
1663 3457 1806 3527 quod
1858 3467 2101 3513 materna
2129 3459 2186 3514 in
2221 3461 2340 3515 alvo

772 3550 838 3606 ad
891 3548 1301 3618 conceptionem
1381 3548 1628 3617 corporis
1687 3547 1994 3617 deponitur,
2049 3558 2339 3621 antequam

762 3640 1048 3705 formetur,
1078 3639 1313 3711 perspici
1342 3639 1628 3693 articulata
1659 3639 2027 3695 membrorum
2060 3642 2340 3696 cohaeren-

764 3734 897 3787 tium
930 3730 1210 3787 distinctio
1244 3732 1451 3800 nequit,
1495 3731 1576 3785 sic
1608 3745 1781 3800 neque
1809 3730 1889 3786 vis
1918 3731 2085 3786 animi
2119 3733 2338 3802 propria

763 3820 1094 3892 deprehendi
1142 3821 1198 3875 in
1246 3822 1435 3876 eodem
1487 3828 1668 3891 potest
1705 3828 1853 3883 ante,
1886 3836 2049 3891 quam
2101 3823 2168 3878 ad
2210 3823 2373 3879 effer

764 3915 978 3968 ctiones
1015 3927 1144 3968 suas
1183 3913 1275 3966 illa
1318 3911 1722 3982 progrediatur.
1764 3910 1831 3966 Et
1878 3913 2339 3982 quemadmodum

763 4002 968 4058 nemini
1012 4002 1235 4057 dubium
1283 4008 1388 4065 est,
1426 4000 1570 4055 idem
1612 4000 1747 4055 illud
1790 4001 1842 4055 in
1890 4001 2138 4059 diversos
2186 4012 2339 4060 artus
2378 4002 2387 4005 ’

764 4098 1090 4164 diversaque
1134 4094 1343 4149 viscera
1397 4091 1752 4156 conformari,
1804 4092 1951 4145 nulla
1999 4103 2220 4148 externa
2258 4094 2337 4150 fa-

765 4189 981 4251 ('ullale,
1036 4192 1095 4239 ut
1140 4185 1242 4239 hoc
1284 4182 1551 4253 perficiat,
1619 4181 2000 4253 ingrediente:
2039 4185 2133 4240 sed
2168 4184 2339 4241 facul-

767 4288 872 4332 late
910 4278 1012 4348 ipsi
1054 4292 1082 4331 a
1115 4284 1308 4331 natura
1340 4274 1527 4337 insita,
1561 4288 1729 4344 opera
1764 4280 1820 4328 et
1848 4272 2129 4331 effectione
2157 4293 2254 4333 sua
2283 4278 2337 4334 in

2447 3115 2619 3164 σεως⁸
2659 3098 2831 3164 οὕτως
2864 3103 2985 3156 οὐδὲ
3021 3103 3122 3167 τὰς
3167 3104 3267 3175 τῆς
3307 3104 3483 3175 ψυχῆς
3538 3106 3784 3174 ἰδιότητα(

2442 3190 2592 3261 αὐτῷ
2635 3190 2856 3246 δυνατόν
2900 3194 3013 3247 ἐστι
3056 3196 3419 3265 κατανοῆσαι,
3457 3196 3587 3267 πρὶν
3625 3198 3784 3268 προε)

2444 3281 2744 3354 ἐνέργειαν.
2771 3284 2878 3337 Καὶ
2894 3283 3081 3357 ὥσπερ
3105 3287 3205 3339 οὐκ
3234 3287 3299 3341 ἀν
3318 3305 3401 3352 τις
3430 3287 3734 3358 ἀμφιδάλοι
3760 3306 3784 3340 τ

2442 3373 2551 3428 τῶν
2589 3374 2805 3446 ἄρθρων
2852 3393 2911 3428 τε
2954 3379 3048 3430 καὶ
3082 3378 3403 3449 σπλάγχνων
3447 3380 3718 3451 διαφορὰς
3759 3383 3781 3433 ἐ

2443 3464 2655 3517 ἐντεθέν
2700 3467 3157 3537 σχηματίζεσθαι,
3210 3471 3308 3523 οὐκ
3349 3471 3519 3541 ἄλλης
3564 3472 3713 3535 τινὸς
3752 3473 3783 3525 δ

2444 3557 2931 3629 ἐπεισερχομένης,
2975 3560 3109 3613 άλλά
3136 3561 3234 3631 τῆς
3264 3556 3597 3635 ἐγκειμένης
3625 3581 3784 3635 eum.)

2441 3647 2539 3719 τὴν
2583 3649 2863 3719 ἐνέργειαν
2902 3650 3071 3720 αὐτῆς
3102 3651 3509 3725 μεθισταμένης
3532 3673 3544 3685 ο
3597 3654 3749 3708 οὕτω

2442 3739 2617 3810 ψυχῆς
2659 3739 2935 3808 ἀναλόγως
2964 3741 3078 3795 ἐστι
3104 3742 3164 3796 τὸ
3189 3738 3306 3797 ἶσον
3336 3746 3673 3816 ὑπονοῆσαι,
3707 3749 3784 3801 ὅτι

2441 3829 2529 3884 διά
2565 3848 2726 3885 τινων
2755 3833 3043 3904 ἐνεργειῶν
3088 3837 3146 3888 ἐν
3185 3835 3263 3906 τῷ
3312 3839 3641 3909 φαινομένῳ
3679 3857 3784 3908 γνυ

2440 3920 2591 3975 οὐδὲν
2634 3916 2794 3993 ἧττόν
2834 3925 2981 3978 ἐστιν
3024 3926 3082 3978 ἐν
3117 3926 3329 3997 ἐκείνῳ.
3367 3929 3480 3982 Καὶ
3509 3927 3627 4001 γὰρ
3668 3931 3770 3982 καὶ

2440 4011 2534 4066 τοῦ
2571 4012 2850 4083 μέλλοντος
2878 4015 3224 4070 συνίστασθαι
3255 4018 3551 4091 ἀνθρώπου
3599 4022 3663 4073 ἐν
3695 4022 3784 4073 ἐκε

2438 4107 2504 4176 τῇ
2538 4092 2783 4177 δυνάμει,
2812 4106 3060 4162 λανθάνει
3081 4108 3137 4162 δὲ
3165 4109 3252 4162 διά
3278 4111 3338 4164 τὸ
3364 4112 3441 4184 μὴ
3470 4108 3624 4166 εἶναι
3656 4112 3784 4167 δυν;

2439 4194 2539 4263 τῆς
2580 4194 2884 4262 ἀναγκαίας
2939 4196 3259 4260 ἀκολουθίας
3297 4198 3685 4268 ἀναφανῆναι.
3757 4201 3784 4251 (

2438 4285 2472 4352 ἡ
2515 4284 2660 4355 ψυχή
2686 4286 2801 4338 ἐστι
2835 4286 2932 4355 μέν
2961 4287 3019 4339 ἐν
3052 4288 3242 4357 ἐκείνῳ
3270 4289 3364 4341 καὶ
3391 4290 3471 4359 μὴ
3508 4289 3784 4360 φαινομέε

766 4370 866 4423 hoc
918 4367 1264 4422 incumbente
1297 4362 1526 4419 :eadem
1572 4363 1787 4416 ratione
1837 4360 1905 4417 de
1951 4363 2133 4417 animo
2179 4363 2380 4420 nobis]

2179 4363 2336 4420 ηοδίε
2368 4363 2411 4418 Ῑ)
2442 4389 2591 4429 σεται
2619 4377 2676 4430 δὲ
2694 4376 2782 4431 διὰ
2809 4379 2908 4448 τῆς
2935 4378 3139 4439 οἰκείας
3158 4379 3355 4449 ἑαυτῆς
3381 4381 3482 4433 καὶ
3513 4381 3676 4434 κατὰ
3706 4381 3783 4449 (pd

766 4457 1111 4527 cogitandum
1148 4463 1253 4517 est,
1303 4454 1517 4509 etiamsi
1565 4467 1662 4523 per
1708 4451 1972 4522 quasdam
2021 4452 2333 4511 affectiones

768 4548 819 4598 in
856 4552 1007 4613 parte
1046 4543 1285 4598 hominis
1323 4550 1546 4597 externa
1591 4548 1646 4596 et
1694 4548 2007 4610 apparente,
2040 4542 2241 4598 indicia
2268 4544 2334 4600 de

766 4654 824 4690 se
881 4636 1026 4688 nulla
1073 4634 1344 4704 praebeat,
1402 4632 1758 4687 nihilominus
1816 4642 2135 4703 praesentem
2191 4651 2332 4693 esse.

764 4725 899 4780 Nam
929 4732 977 4779 et
1027 4724 1195 4778 futuri
1231 4724 1468 4778 hominis
1513 4722 1687 4777 forma
1716 4731 1985 4792 potestate
2028 4726 2243 4783 exsistit
2280 4727 2336 4784 in

767 4818 975 4871 semine
1009 4835 1022 4869 :
1051 4824 1214 4885 atque
1251 4815 1458 4870 idcirco
1496 4815 1646 4877 latet,
1699 4815 1845 4884 quod
1876 4816 2023 4870 velut
2071 4816 2123 4871 in
2159 4819 2334 4875 lucem

766 4907 1029 4979 producta
1059 4905 1303 4976 conspici
1339 4905 1490 4975 prius
1517 4912 1770 4973 nequeat,
1801 4920 1963 4974 quam
1992 4911 2336 4965 necessarius

766 5015 945 5053 rerum
986 4998 1119 5052 ordo
1169 4998 1464 5068 permittat,
1523 4994 1604 5051 sic
1648 5004 1703 5051 et
1751 4997 1966 5054 animus
2014 5007 2098 5055 est
2154 5002 2210 5055 in
2265 5016 2330 5058 eo

762 5106 1072 5161 quanquam
1110 5105 1217 5144 non
1258 5096 1533 5159 appareat.
1574 5086 1711 5143 Nam
1740 5095 1851 5144 tum
1878 5090 2092 5146 demum
2128 5095 2331 5163 patebit

764 5198 888 5235 eum
934 5181 1146 5245 adesse,
1186 5195 1309 5235 cum
1347 5189 1507 5235 aucto
1540 5192 1639 5251 per
1668 5182 2031 5238 accretionem
2078 5200 2327 5256 corpore,

764 5290 863 5329 sua
890 5290 947 5329 se
970 5273 1184 5344 propria
1209 5281 1260 5326 ct
1286 5287 1314 5325 a
1337 5280 1531 5326 natura
1559 5273 1723 5330 insita
1751 5272 2034 5331 effectione
2055 5281 2327 5339 ostendet.

2441 4468 2592 4537 γείας
2613 4509 2627 4533 ,
2655 4472 2720 4540 τῇ
2759 4473 3043 4541 σωματικῇ
3076 4469 3301 4540 αὐξήσει
3342 4472 3783 4543 συμπροῖοῦσαι

2439 4556 2547 4627 γὰρ
2574 4557 2673 4610 οὐκ
2700 4558 2807 4611 ἀπὸ
2833 4558 3027 4633 νεκροῦ
3072 4559 3318 4630 σώματος
3357 4563 3392 4631 ἡ
3434 4561 3594 4631 πρὸς
3642 4563 3759 4632 τὴν

2432 4646 2657 4719 δύναμις
2700 4649 3083 4721 ἀποκρίνεται,
3131 4650 3244 4704 ἀλλ’
3275 4650 3335 4716 ἐξ
3377 4651 3660 4722 ἐμψύχου
3702 4671 3784 4706 κα

2431 4740 2518 4795 διὰ
2539 4741 2693 4794 τοῦτό
2715 4757 2895 4811 φαμεν
2933 4741 3151 4811 εὔλογον
3177 4739 3314 4797 εἶναι
3354 4741 3432 4815 μὴ
3456 4745 3690 4813 νεκρὸν
3730 4763 3784 4798 κε

2432 4830 2636 4885 οἴεσθαι
2664 4832 2724 4886 τὸ
2747 4833 2856 4886 άπὸ
2876 4832 3074 4897 ζῶντος
3099 4835 3179 4897 είς
3198 4832 3338 4904 ζωῆς
3370 4835 3673 4906 ἀφορμὴν
3716 4854 3784 4907 ττι

2432 4920 2507 4974 Τὸ
2533 4922 2641 4992 γὰρ
2679 4923 2737 4975 ἐν
2774 4922 2937 4992 σαρκὶ
2979 4920 3215 4992 ἄψυχον,
3254 4925 3349 4976 καὶ
3388 4925 3617 4995 νεκρόν
3654 4927 3784 4977 ἐστι

2450 5010 2511 5064 Ἠ
2546 5011 2605 5064 δέ
2651 5012 2908 5082 νεκρότης
2947 5013 3084 5066 κατά
3128 5013 3382 5085 στέρησιν
3414 5014 3632 5085 ψυχῆς
3663 5016 3784 5082 γίνι

2438 5102 2505 5157 ἂν
2531 5101 2588 5155 δέ
2631 5120 2713 5166 τις
2752 5102 2843 5155 ἐπὶ
2879 5102 3068 5157 τούτου
3114 5104 3503 5175 πρεσϐυτέραν
3550 5106 3673 5175 τῆς
3718 5106 3784 5170 ἓξ

2435 5193 2532 5265 τὴν
2554 5194 2804 5265 στέρησιν
2824 5234 2839 5258 ,
2874 5193 3030 5264 εἴπερ
3070 5196 3133 5248 τδ
3162 5189 3387 5266 ἄψυχον,
3415 5196 3585 5267 ὅπερ
3623 5214 3784 5267 νεκρ

2434 5284 2534 5353 τῆς
2559 5284 2738 5354 ψυχῆς
2757 5280 2896 5338 εἷναί
2916 5302 2996 5349 τις
3022 5287 3421 5349 κατασκευάζει
3449 5288 3784 5358 πρεσϐύτε

761 5366 894 5421 Cum
934 5365 1077 5421 enim
1119 5381 1148 5419 a
1189 5373 1403 5419 mortuo
1448 5379 1676 5435 corpore
1722 5366 1870 5420 nulla
1918 5367 1985 5421 ad
2021 5374 2435 5442 conceptionem
2486 5375 2717 5431 facultas
2776 5388 3122 5441 excernuntur,
3172 5377 3266 5431 sed
3319 5378 3390 5431 ah
3435 5380 3750 5433 animato

764 5458 965 5512 idcirco
1017 5472 1144 5512 vero
1193 5463 1617 5512 consentaneum
1657 5465 1761 5520 est.
1804 5472 1872 5511 ne
1908 5456 2038 5512 illm!
2067 5463 2286 5531 quidem
2328 5473 2618 5521 mortuum—
2654 5476 2709 5521 et
2758 5467 3056 5521 inanimum
3099 5470 3428 5535 putandum,
3493 5469 3682 5539 quod
3745 5471 3784 5525 d

762 5548 885 5599 vim
920 5548 983 5601 ad
1012 5544 1398 5617 procreandum
1443 5561 1559 5602 rem
1599 5546 1775 5602 vivam
1822 5546 2111 5604 emittitur.
2154 5552 2385 5610 Carnem
2427 5563 2573 5609 certe
2617 5556 2763 5624 quod
2807 5558 3020 5622 attinet,
3054 5560 3277 5613 omnino
3316 5575 3380 5614 ea
3416 5567 3522 5615 est
3567 5570 3637 5615 et
3692 5561 3784 5615 in:

764 5645 1032 5694 tuortuum
1082 5653 1178 5711 per
1221 5653 1279 5694 se
1324 5638 1602 5710 quiddam.
1653 5637 1957 5694 Mortalitas
1996 5650 2174 5700 autem
2218 5662 2323 5701 non
2379 5649 2480 5703 nisi
2528 5650 2705 5703 animi
2749 5659 2832 5705 est
2885 5653 3135 5721 privatio.
3183 5653 3252 5709 At
3300 5668 3472 5711 nemo
3544 5656 3773 5711 dixeri
