4088 6210
353 200 461 270 237

1634 210 1721 266 ne
1760 209 2039 266 nonms
2079 184 2385 266 orir‘imo.

3518 215 3621 268 ‘2":8

355 331 549 386 habitu
586 329 946 400 privationem
986 330 1222 401 priorem
1252 342 1418 384 esse:
1462 325 1609 398 quod
1653 330 1807 399 sequi
1872 343 2099 386 necesse
2126 335 2232 395 est,
2264 328 2310 385 si
2352 327 2475 398 quis
2524 340 2767 392 carnem,
2817 342 2937 398 quae
2986 328 3241 399 quiddam
3290 337 3373 385 est
3440 328 3548 385 ium
3577 335 3614 383 “:-

358 436 536 487 nium,
580 423 684 477 hoc
721 430 807 477 est
848 432 1150 485 mortuum,
1180 419 1258 474 ait
1300 419 1488 474 animo
1525 420 1763 491 priorem
1798 435 1940 478 esse.

431 514 571 567 Είδέ
607 530 694 577 τις
726 514 822 567 καὶ
857 513 1245 585 ἐναργέστερον
1282 513 1469 585 ζητοίη
1511 515 1810 584 τεκμήριον
1834 511 1929 566 τοῦ

2106 506 2263 573 Quod
2298 505 2345 561 si
2379 504 2502 574 quis
2549 511 2929 574 argumentum
2997 506 3270 563 desiderat
3324 510 3615 572 illustrius,

356 607 463 678 ζῇν
490 606 668 660 ἐκεῖνο
693 607 755 659 τὸ
788 606 987 679 μέρος,
1009 607 1149 677 ὅπερ
1176 606 1317 677 ἀρχὴ
1350 604 1442 659 τοῦ
1466 604 1941 676 κατασκευαζομέ-

354 713 449 750 νου
478 695 690 761 γίνεται
732 693 896 762 ζώου,
945 696 1170 751 δυνατόν
1207 698 1324 749 ἐστι
1367 696 1463 750 καὶ
1517 695 1583 748 δι’
1616 696 1791 750 ἄλλων
1843 712 1942 767 ση-

357 782 550 854 μείων,
582 785 652 838 δι’
673 777 747 839 ὧν
775 785 836 839 τὸ
874 785 1117 857 ἔμψυχον
1146 787 1210 839 ὲκ
1243 784 1338 838 τοῦ
1362 785 1558 857 νεκροῦ
1585 785 1941 857 διακρίνεται,

355 875 455 928 καὶ
486 874 618 946 περὶ
646 874 835 928 τούτου
864 875 1222 945 κατανοῆσαι.
1254 874 1564 946 Τεκμήριον
1594 875 1700 947 γὰρ
1724 874 1816 929 τοῦ
1844 875 1943 946 ζῇν

354 967 450 1020 ἐπὶ
482 965 594 1019 τῶν
624 964 929 1037 ἀνθρώπων
962 965 1285 1036 ποιούμεθα,
1315 965 1377 1019 τὸ
1404 965 1604 1037 θερμὸν
1645 962 1784 1019 εἷναί
1822 981 1944 1019 τινα

355 1058 454 1112 καὶ
489 1057 719 1127 ἐνεργὸν
745 1058 841 1112 καὶ⁵
870 1057 1207 1128 κινούμενον.
1239 1057 1313 1110 Τὸ
1354 1058 1410 1111 δὲ
1441 1057 1851 1128 κατεψυγμένον
1881 1075 1942 1111 τε

354 1151 455 1203 καὶ
480 1149 740 1219 ἀκίνητον
770 1149 860 1201 ἐπὶ
904 1147 1011 1202 τῶν
1058 1149 1347 1218 σωμάτων,
1375 1148 1526 1202 οὐδὲν
1555 1148 1741 1219 ἕτερον
1789 1150 1837 1200 εἰ
1868 1149 1941 1219 μὴ

354 1242 621 1312 νεκρότης
645 1240 814 1293 ἐστίν.
849 1238 1066 1309 Ἐπειδὴ
1090 1239 1268 1293 τοίνυν
1293 1238 1549 1310 ἕνθερμόν
1578 1257 1636 1293 τε
1668 1240 1761 1312 καὶ
1791 1241 1941 1311 ἐνερ-

352 1334 455 1400 γὸν
486 1329 799 1401 θεωροῦμεν
821 1329 997 1392 τοῦτο,
1032 1327 1160 1400 περὶ
1200 1321 1393 1381 οὗ-τὸν
1426 1328 1581 1398 λόγον
1622 1314 1941 1400 ποιούμεθα,

354 1421 419 1474 τὺ
446 1421 584 1492 μηδὲ
615 1420 824 1491 ἄψυχον
858 1416 996 1473 εἶναι
1026 1419 1112 1472 διὰ
1155 1419 1360 1473 τούτων
1409 1419 1938 1492 συντεκμαιρόμεθα.

368 1511 511 1565 Ἀλλ’
538 1510 753 1583 ,ὥσπερ
807 1510 946 1565 κατά
982 1510 1042 1563 τὸ
1090 1510 1403 1582 σωματικὸν
1457 1510 1621 1564 αὐτοῦ
1674 1512 1837 1583 μέρος
1880 1510 1938 1563 ού

357 1601 540 1672 σάρκα
568 1602 748 1671 φαμὲν
787 1600 939 1665 αὐτὸ,
974 1601 1068 1653 καὶ
1109 1600 1293 1667 ὀστέα,
1334 1601 1428 1654 καὶ
1465 1601 1677 1673 τρίχας,
1713 1600 1805 1655 καὶ
1842 1600 1941 1655 ὅσα

355 1693 491 1763 περὶ
518 1690 577 1745 τὺ
597 1691 935 1761 ἀνθρώπινον
961 1691 1284 1762 καθορᾶται,
1320 1690 1455 1745 ἀλλὰ
1489 1694 1553 1762 τῇ
1582 1692 1808 1761 δυνάμει
1836 1689 1934 1762 μὲν

355 1784 561 1836 τούτων
607 1781 834 1836 ἕκαστον
875 1780 1034 1845 εἶναι,
1072 1772 1225 1835 οὔπω
1271 1782 1327 1835 δὲ
1365 1781 1507 1836 κατὰ
1554 1768 1615 1835 τδ
1662 1782 1939 1853 ὁρώμενον

2044 601 2111 655 de
2147 615 2256 669 quo
2301 598 2611 668 colligatur,
2646 611 2766 650 esse
2814 604 3023 665 partem
3054 613 3195 664 eam,
3238 616 3357 671 quae
3409 603 3615 672 princi-

2044 690 2193 759 pium
2226 698 2310 743 est
2352 687 2608 741 animalis
2650 687 2796 756 quod
2832 687 3096 758 gignitur,
3134 690 3241 743 vita
3291 694 3613 761 prmditam:

2045 780 2121 833 uti
2153 778 2350 849 poterit
2397 778 2572 848 signis
2623 779 2787 832 etiam
2848 779 3081 843 caeteris,
3118 778 3185 834 de
3230 782 3431 849 quibus
3467 786 3615 840 inter

2046 886 2136 926 res
2169 870 2439 924 animatas
2462 877 2515 923 et
2548 877 2797 923 mortuas
2827 869 3090 923 conStitui
3122 870 3411 927 discrimen
3456 877 3613 932 solet.

2042 960 2178 1015 Nam
2210 960 2265 1015 in
2292 960 2511 1014 homine
2542 959 2645 1014 hoc
2669 975 2789 1014 esse
2816 969 3196 1030 argumentum
3218 962 3339 1017 vitae
3359 963 3612 1029 dicimus,

2043 1050 2088 1108 si
2124 1059 2176 1107 et
2234 1052 2429 1113 caleat,
2486 1059 2539 1105 et
2574 1059 2878 1120 occupetur
2913 1051 3143 1121 agendo,
3200 1061 3255 1108 et
3311 1066 3612 1120 moveatur,

2043 1144 2243 1200 sicutc
2282 1143 2561 1197 contrario
2618 1141 2789 1212 frigus
2847 1143 2900 1196 in
2956 1145 3299 1213 corporibus,
3350 1156 3403 1201 et
3435 1157 3614 1203 motus

2043 1233 2287 1299 amissio,
2313 1233 2449 1287 nihil
2477 1233 2620 1287 aliud
2651 1232 3161 1304 significant,quam
3189 1244 3461 1291 mortuum
3489 1254 3615 1295 esse

2041 1325 2341 1381 hominem.
2375 1318 2511 1380 Cum
2564 1325 2727 1395 igitur
2775 1325 2880 1381 hoc
2931 1341 3169 1397 quoque,
3198 1326 3265 1383 de
3320 1344 3428 1399 quo
3468 1347 3615 1386 nunc

2043 1416 2394 1481 disserimus,
2427 1424 2482 1472 et
2533 1418 2714 1473 calore
2772 1418 3076 1487 praeditum,
3113 1425 3167 1473 et
3200 1421 3420 1476 minime
3472 1425 3614 1478 otio-

2042 1523 2161 1563 sum
2188 1511 2283 1574 sit,
2311 1508 2689 1564 concludimus
2727 1510 2891 1563 etiam
2943 1508 3244 1564 inanimum
3303 1528 3410 1565 non
3466 1526 3608 1568 esse.

2039 1597 2117 1652 Ac
2149 1600 2609 1669 quemadmodum
2646 1616 2764 1654 eam
2793 1602 2967 1669 ipsius
2998 1610 3226 1670 partem,
3255 1604 3322 1659 de
3360 1620 3463 1673 qua
3494 1621 3614 1659 cor-

2039 1704 2141 1758 pus
2174 1689 2547 1753 constituitur,
2584 1705 2692 1744 non
2755 1705 2974 1745 carnem
3010 1706 3132 1747 esse
3191 1693 3445 1756 dicimus,
3502 1710 3610 1750 non

2042 1795 2190 1845 ossa,
2221 1796 2330 1835 non
2365 1794 2572 1841 comas.
2605 1796 2713 1835 non
2756 1780 2901 1835 aliud
2932 1782 3226 1853 quidquam
3258 1800 3444 1839 eorum
3492 1796 3613 1856 qua:

359 1872 646 1941 φαίνεσθαι
666 1889 680 1901 ·
728 1871 872 1925 οὕτω
903 1872 998 1925 καὶ⁵
1025 1873 1121 1924 ἐπὶ
1163 1871 1258 1925 τοῦ
1289 1871 1519 1941 ψυχικοῦ
1551 1871 1748 1943 μέρους
1789 1870 1935 1925 οὔπω

2043 1867 2100 1922 in
2136 1869 2354 1924 homine
2377 1869 2675 1935 exsistunt,
2710 1869 2803 1924 sed
2841 1874 3133 1928 statuimus
3170 1873 3314 1926 illam
3342 1876 3611 1943 potestate

368 1963 472 2033 μὲν
500 1963 562 2016 τὸ
584 1961 793 2031 λογικὸν
820 1963 913 2016 καὶ
939 1961 1332 2033 ἐπιθυμητικὸν
1365 1964 1460 2016 καὶ
1490 1961 1792 2032 θυμοειδὲς,
1847 1962 1940 2015 καλ¹

363 2053 466 2106 ὅσα
523 2054 648 2125 περὶ
674 2053 849 2124 ψυχὴν
901 2053 1219 2124 καθορᾶται,
1268 2054 1360 2107 καὶ
1408 2055 1465 2107 ὲν
1520 2054 1711 2124 ἐκείνῳ
1758 2053 1939 2125 χώραν

359 2143 506 2214 ἔχειν
538 2143 738 2213 φαμὲν,
782 2144 1061 2212 ἀναλόγως
1101 2145 1159 2198 δὲ
1210 2144 1307 2215 τῆς
1339 2143 1433 2197 τοῦ
1494 2145 1739 2214 σώματος
1774 2162 1940 2197 κατα-

360 2234 564 2304 σκευῆς
589 2250 651 2287 τε
683 2235 778 2287 καὶ
804 2232 1161 2299 τελειώσεως,
1184 2226 1293 2288 ’καὶ
1322 2234 1422 2299 τὰς
1454 2235 1553 2305 τῆς
1582 2236 1757 2307 ψυχῆς
1789 2236 1941 2308 ἐνερ-

356 2325 511 2393 γείας
547 2323 625 2394 τῷ
666 2324 1010 2395 ὑποκειμένῳ
1047 2323 1425 2391 συναύξεσθαι.
1477 2326 1685 2398 ’Ὠσπερ
1714 2328 1821 2398 γὰρ
1851 2344 1939 2380 τε-

354 2415 600 2478 λειωθεὶς
629 2417 660 2468 ό
702 2414 988 2486 ἄνθρωπος
1017 2416 1076 2469 ὲν
1106 2418 1217 2478 τοῖς
1266 2415 1530 2485 μείζοσιν,
1578 2416 1688 2487 ἔχει
1721 2417 1936 2486 διαφαι-

354 2504 593 2575 νομένην
640 2505 739 2574 τῆς
776 2504 954 2573 ψυχῆς
999 2504 1097 2573 τὴν
1140 2504 1421 2574 ἐνέργειαν
1444 2522 1458 2536 ·
1499 2503 1670 2568 οὕτως
1706 2507 1761 2558 ἐν
1795 2507 1935 2577 ἀρχῇ

356 2596 454 2666 τῆς
484 2595 800 2658 συστάσεως
824 2595 923 2664 τὴν
952 2594 1285 2663 κατάλληλόν
1317 2612 1376 2648 τε
1408 2595 1502 2649 καὶ
1530 2594 1841 2667 σύμμετρον
1869 2599 1936 2668 τῇ

358 2686 610 2759 παρούσῃ
660 2686 819 2756 χρεία
873 2685 1187 2756 συνέργειαν
1236 2685 1337 2755 τῆς
1381 2668 1560 2756 ψυχῆς
1611 2685 1697 2755 ἐφ’
1747 2685 1936 2738 ἑαυτοῦ

354 2778 738 2838 διαδείκνυσιν,
776 2778 834 2829 ἐν
861 2776 938 2847 τῷ
976 2778 1403 2841 κατασκευάζειν
1432 2778 1599 2848 αὐτὴν
1648 2779 1814 2848 ἑαυτῇ
1847 2776 1936 2831 διὰ

352 2870 454 2941 τῆς
498 2868 814 2940 ὲντεθεξσης
861 2867 991 2938 ὕλης
1038 2867 1101 2919 τὸ
1142 2869 1417 2937 προσφυὲς
1444 2869 1775 2939 οἰκητήριον.
1804 2866 1936 2920 υύδὲ

352 2964 461 3033 γὰρ
491 2958 636 3014 εἶναι
666 2960 889 3013 δυνατὸν
922 2957 1268 3028 λογιζόμεθα,
1293 2958 1599 3030 ἀλλοτρίαις
1629 2958 1936 3028 οἰκοδομαῖς

353 3055 451 3125 τὴν
502 3053 687 3124 ψυχὴν
734 3051 1149 3124 ἐναρμόζεσθαι,
1194 3051 1271 3115 ὡς
1314 3051 1414 3104 οὐκ
1460 3049 1576 3103 ἔστι
1620 3051 1719 3121 τὴν
1765 3052 1821 3103 ὲν
1859 3048 1937 3119 τῷ

351 3146 507 3218 κηρῷ
543 3143 820 3217 σφραγῖδα
853 3143 988 3213 πρὸς
1022 3142 1306 3215 ἀλλοτρίαν
1337 3141 1673 3212 ἁρμοσθῆναι
1698 3140 1929 3211 γλυφήν.

2039 1959 2318 2029 quodlibet
2346 1959 2539 2014 horum
2569 1976 2709 2025 esse,
2774 1962 2990 2018 tametsi
3046 1954 3274 2019 necil‘um
3311 1968 3607 2036 quidquam

2042 2049 2286 2119 conspici
2327 2049 2435 2105 tale
2468 2050 2642 2119 possit
2679 2051 2793 2108 :sic
2820 2054 3016 2106 anima:
3048 2070 3253 2124 partem
3291 2060 3433 2127 quod
3477 2063 3608 2113 atti-

2041 2149 2153 2206 net,
2182 2154 2493 2211 quanquam
2517 2140 2572 2194 in
2597 2155 2661 2196 ea
2686 2143 2919 2196 necdum
2950 2143 3182 2200 facultas
3212 2150 3605 2213 ratiocinatrix,
3630 2207 3643 2219 η

2042 2249 2161 2303 qua:
2191 2242 2275 2287 est
2310 2232 2371 2285 τὸ
2394 2232 2609 2302 λογικόν
2629 2274 2643 2299 ,
2685 2249 2863 2304 neque
2890 2241 3176 2303 appetens,
3211 2253 3369 2306 quam
3400 2240 3460 2292 τὸ
3493 2242 3609 2294 ἐπι-

2040 2321 2336 2393 θυμητικόν
2364 2331 2582 2390 vocant,
2632 2339 2809 2393 neque
2840 2325 2900 2378 τὸ
2954 2325 3202 2396 θυμικόν,
3237 2330 3379 2397 qttod
3441 2332 3607 2385 animi

2041 2413 2356 2469 atlectioues
2404 2415 2669 2481 continet,
2712 2424 3012 2486 appareat;
3067 2429 3243 2474 tamen
3311 2436 3373 2475 ea
3429 2422 3610 2477 incsn:

2043 2504 2173 2560 huic
2203 2506 2467 2561 dicimus:
2493 2514 2548 2561 et
2571 2508 2844 2561 consimili
2867 2510 3077 2563 ratione
3104 2518 3377 2580 quatenus
3412 2528 3610 2584 corpus

2040 2594 2311 2651 formatur
2345 2611 2409 2651 ac
2441 2597 2744 2667 perficitur,
2776 2600 2938 2652 etiam
2964 2600 3280 2658 affectiones
3309 2605 3476 2657 animi
3502 2623 3606 2660 una

2038 2701 2161 2741 cum
2194 2702 2421 2756 corpore
2452 2696 2721 2743 crescere.
2758 2688 2896 2743 Nam
2927 2702 2982 2744 ut
3015 2692 3068 2745 in
3106 2694 3325 2749 homine
3348 2696 3441 2765 qui
3480 2703 3609 2750 seta-

2038 2784 2146 2830 tem
2176 2777 2241 2831 ad
2282 2776 2549 2846 integram
2583 2779 2848 2848 pervenit,
2884 2788 2936 2833 et
2966 2781 3107 2835 inter
3133 2785 3450 2851 grandiores
3485 2801 3608 2840 cen-

2038 2873 2214 2929 setur,
2251 2866 2567 2921 alfectiones
2598 2867 2764 2921 animi
2805 2868 2917 2938 jam
2975 2871 3269 2928 manifesto
3321 2889 3604 2944 apparent,

2036 2959 2117 3015 sic
2152 2966 2307 3013 ortus
2339 2958 2512 3014 nostri
2547 2959 2723 3020 initio,
2755 2966 2915 3028 prout
2953 2968 3064 3014 tum
3097 2977 3185 3017 res
3220 2966 3475 3032 postulat,
3533 2968 3606 3021 ita

2038 3066 2159 3106 sese
2195 3051 2584 3106 convenienter
2611 3050 2855 3105 aetiones
2900 3052 3067 3105 animi
3098 3048 3395 3117 decla‘rant,
3454 3057 3506 3110 in
3541 3073 3607 3112 eo

2037 3139 2179 3209 quod
2209 3139 2324 3210 ipse
2351 3140 2454 3194 sibi
2484 3140 2550 3194 de
2585 3141 2811 3207 materie
2852 3140 2911 3194 iu‘
2952 3143 3074 3194 alvo
3106 3145 3297 3199 matris
3359 3145 3606 3216 deposita

351 3239 699 3294 domicilium
744 3236 1089 3306 aptissimum
1135 3244 1341 3290 natura:
1389 3250 1502 3290 sua:
1535 3233 1787 3290 fabricat.
1828 3232 1961 3286 Nam
2008 3233 2123 3286 fieri
2157 3248 2261 3287 non
2298 3246 2475 3301 posse,
2510 3233 2575 3288 de
2607 3234 2907 3290 rationibus
2955 3239 3137 3293 certis.
3168 3239 3494 3309 colligimus,
3546 3246 3609 3295 ut

354 3331 529 3386 aliena
569 3331 629 3384 in
678 3327 907 3383 aediﬁcia
955 3326 1241 3381 commode
1296 3314 1512 3380 animus
1570 3324 1913 3393 commigret,
1954 3322 2094 3377 sicut
2163 3322 2278 3377 ﬁeri
2324 3340 2429 3378 non
2480 3330 2676 3393 potest,
2729 3335 2786 3378 ut
2832 3325 3421 3400 siguumimprcssmn
3472 3350 3607 3391 cera:

352 3424 625 3479 diversam
654 3421 725 3475 ad
749 3421 1085 3491 sculpturam
1118 3429 1355 3491 aptetur.

420 3517 698 3588 Καθάπερ
749 3517 855 3586 γὰρ
887 3515 948 3569 τὸ
1002 3515 1160 3587 σῶμα
1199 3517 1263 3570 ἐκ
1310 3514 1643 3587 βραχυτάτου
1690 3513 1823 3583 πρὸς
1874 3512 1935 3565 τὸ

2107 3508 2373 3564 Nimirum
2407 3509 2485 3563 uti
2509 3522 2711 3579 corpus
2736 3526 2990 3567 exorsum
3024 3529 3053 3567 a
3092 3516 3463 3585 magnitudine
3486 3537 3607 3590 per-

349 3609 559 3663 τέλειον
610 3607 880 3679 πρόεισιν,
935 3608 1076 3661 οὕτω
1127 3609 1221 3660 καὶ
1271 3609 1304 3677 ἡ
1351 3606 1449 3677 τῆς
1478 3605 1654 3676 ψυχῆς
1689 3605 1935 3674 ἐνέργεια

351 3698 1040 3770 καταλλήλωςὲμφυομένη
1069 3698 1146 3768 τῷ
1177 3695 1539 3767 ὑποκειμένῳ,
1562 3694 1935 3749 συνεπιδίδωσι

350 3793 443 3845 καὶ
469 3789 820 3854 συναύξεται.
872 3790 1203 3859 Ιῐροηγεῖται
1242 3787 1340 3858 μὲν
1396 3786 1506 3855 γὰρ
1552 3786 1722 3855 αὐτῆς
1766 3785 1822 3837 ὲν
1868 3785 1934 3853 τῇ

352 3880 547 3952 πρώτῃ
593 3881 907 3949 κατασκευῇ
954 3873 1066 3932 οἷον
1105 3877 1261 3949 ῥίζης
1294 3876 1438 3940 τινὸς
1475 3877 1533 3929 ὲν
1553 3877 1619 3946 τῇ
1667 3879 1738 3945 γῇ
1771 3888 1937 3926 κατα-

350 3972 690 4044 κρυφθείσης
738 3971 771 4040 ἠ
814 3970 1077 4041 αὐξητικὴ
1134 3986 1194 4022 τε
1248 3969 1339 4022 καὶ
1390 3965 1656 4039 θρεπτικὴ
1686 3966 1936 4035 ’δύναμις

353 4064 517 4133 μόνη.
566 4060 647 4113 Ub
676 4059 784 4130 γὰρ
816 4060 984 4129 χωρεῖ
1015 4058 1075 4110 τὸ
1114 4057 1499 4128 περισσότερον
1531 4057 1563 4126 ἡ
1596 4054 1688 4107 τοῦ
1715 4052 1935 4125 δεχομέο

350 4170 438 4206 νου
468 4150 770 4222 βραχύτης.
803 4144 936 4202 Εἶτα
980 4147 1329 4221 προελθόντος
1357 4150 1436 4210 είς
1462 4145 1578 4216 φῶς
1610 4144 1703 4199 τοῦ
1740 4143 1954 4214 φυτοῦ,

351 4243 445 4295 καὶ
470 4241 611 4312 ἡλίῳ
657 4239 756 4307 τὴν
787 4238 1023 4309 βλάστην
1066 4236 1357 4302 δείξαντος,
1391 4238 1424 4307 ὴ
1456 4235 1745 4305 αἰσθητικὴ
1776 4234 1935 4305 χάρις

351 4327 683 4402 ἑπήνθησεν.
742 4328 1122 4399 Ἀδρυνθέντος
1160 4327 1215 4380 δὲ
1241 4328 1341 4399 ήδη
1374 4328 1467 4380 καὶ
1500 4329 1578 4390 εἰς
1624 4327 1934 4398 σύμμετρον

356 4423 528 4492 μῆκος
549 4419 972 4490 ἀναδραμόντος,
996 4418 1246 4488 καθάπερ
1264 4435 1347 4481 τις
1369 4416 1578 4487 καρπὸς
1608 4416 1935 4487 διαλάμπειν

352 4516 388 4583 ἡ
411 4513 610 4584 λογικὴ
640 4511 869 4580 δύναμις
900 4511 1146 4581 ἄρχεται,
1201 4509 1261 4561 ού
1309 4506 1457 4561 πᾶσα
1494 4507 1703 4578 ἀθρόως
1741 4510 1932 4578 ἐκφαι-

354 4604 551 4675 νομένη
574 4620 588 4635 ο
641 4602 778 4656 ἀλλὰ
824 4604 890 4673 τῇ
938 4600 1031 4654 τοῦ
1069 4601 1299 4671 ὀργάνου
1332 4597 1606 4652 τελειώσει
1642 4598 1710 4651 δι’
1742 4600 1934 4669 ἐπιμε-

353 4695 501 4759 λείας
532 4693 899 4760 συναύξουσα,
946 4692 1198 4747 τοσοῦτον
1229 4691 1316 4745 ἀεὶ
1340 4688 1780 4762 καρποφοροῦσα,
1808 4689 1931 4742 ὅσον

353 4789 521 4856 χωρεῖ
545 4784 642 4839 τοῦ
697 4766 1055 4853 ὑποκειμένου
1106 4785 1140 4854 ἡ
1188 4782 1433 4851 δύναμις.
1477 4780 1538 4833 EE
1569 4779 1625 4833 δὲ
1655 4778 1835 4849 ζητεῖς
1872 4781 1929 4832 ἐν

352 4880 416 4947 τῇ
478 4876 573 4930 τοῦ
642 4873 894 4945 σώματος
944 4872 1137 4927 πλάσει
1186 4873 1283 4935 τὰς
1333 4871 1567 4942 ψυχικὰς
1626 4870 1926 4942 ἐνεργείας,

354 4969 586 5040 πρόσεχε
620 4964 855 5033 σεαυτῷ,
889 4963 1021 5035 φησὶ
1059 4963 1282 5034 Μωσῆς,
1311 4962 1404 5016 καὶ
1442 4959 1730 5033 ἀναγνώσῃ
1760 4960 1929 5015 καθά-

359 5076 457 5129 περ
511 5060 571 5112 ὲν
607 5057 777 5128 βίϐλῳ
828 5055 935 5109 τῶν
964 5055 1059 5126 τῆς
1103 5054 1279 5126 ψυχῆς
1318 5054 1494 5126 ἔργων
1524 5054 1624 5125 τὴν
1664 5053 1923 5125 ἱστορίαν.

358 5149 498 5219 Αὐτὴ
527 5149 639 5220 γάρ
670 5164 752 5200 σοι
782 5147 1045 5219 διηγεῖται
1079 5146 1110 5218 ἡ
1142 5147 1323 5217 φύσις,
1349 5145 1506 5213 λόγου
1537 5144 1735 5208 παντὸς
1767 5147 1925 5214 ἐναρ-

362 5238 631 5310 γέστερον,
675 5237 774 5301 τὰς
817 5240 1060 5304 ποικίλας
1110 5242 1169 5293 ὲν
1214 5236 1293 5307 τῷ
1343 5235 1557 5308 σώματι
1598 5236 1697 5307 τῆς
1748 5236 1927 5307 ψυχῆς

363 5332 633 5401 ἀσχολίας,
668 5330 726 5382 εν
760 5347 818 5384 τε
850 5337 965 5399 ταῖς
998 5332 1235 5389 καθόλου
1279 5328 1372 5383 καὶ
1394 5330 1451 5381 ὲν
1474 5329 1590 5391 ταῖς
1608 5328 1700 5381 ἐπὶ
1730 5328 1927 5399 μέρους

363 5420 688 5484 διασκευαῖς.
748 5424 892 5484 Ἀλλᾶ
953 5424 1214 5504 περιττὸν
1270 5415 1424 5489 οἶμαι
1471 5421 1614 5489 λόγῳ
1670 5420 1737 5473 τὰ
1804 5420 1926 5474 καθ’

368 5513 506 5581 ἡμᾶς
548 5513 740 5576 αὐτοὺς
782 5517 1043 5594 διεξιέναι⁹
1096 5513 1364 5580 καθάπερ
1395 5528 1445 5563 τι
1482 5511 1589 5564 τῶν
1622 5510 1926 5581 ὑπερορίων

374 5602 735 5676 διηγουμένους
776 5612 1070 5707 θαυμάτων,
1133 5610 1239 5674 Τίς
1281 5605 1392 5674 γὰρ
1451 5604 1638 5657 ἑαυτὸν
1694 5604 1922 5673 βλέπων,

2037 3603 2258 3673 exigua,
2299 3615 2453 3656 suam
2516 3592 2581 3657 ad
2629 3604 3020 3671 perfectionem
3081 3610 3467 3678 progreditur:
3528 3618 3609 3669 sic

2037 3695 2204 3748 animi
2244 3694 2477 3748 facultas
2509 3694 2671 3748 etiam
2705 3696 2919 3749 ratione
2948 3700 3305 3755 conveniente
3345 3719 3450 3757 una
3483 3720 3604 3759 cum

2036 3799 2264 3854 corpore
2297 3783 2509 3853 proficit
2534 3785 2921 3840 accrescendo.
2955 3787 3032 3841 Ac
3069 3790 3327 3862 princeps
3380 3796 3603 3863 quidem

2036 3874 2253 3929 exsistit
2286 3874 2339 3927 in
2367 3888 2433 3927 eo
2466 3872 2699 3929 facultas
2725 3890 3049 3933 accrescens
3082 3887 3136 3933 et
3160 3883 3409 3940 nutriens
3467 3888 3605 3949 sola,

2036 3965 2254 4035 quando
2278 3951 2489 4020 scilicet
2538 3965 2593 4020 in
2617 3962 2815 4033 opificii
2843 3968 3111 4040 principio
3160 3980 3415 4043 tanquam
3452 3978 3607 4033 radix

2035 4053 2280 4126 quasdam
2334 4055 2510 4109 adhuc
2544 4055 2730 4110 abdita
2778 4058 2881 4113 sub
2920 4069 3061 4115 terra
3117 4062 3262 4117 latet.
3302 4063 3433 4117 Nam
3487 4070 3602 4120 tum

2034 4162 2229 4217 capere
2280 4146 2411 4217 quid
2466 4148 2703 4217 amplius
2763 4165 2860 4219 per
2910 4150 3341 4209 imbecillitatem
3396 4160 3602 4225 nequit.

2036 4236 2242 4293 Deinde
2277 4239 2379 4293 hac
2434 4239 2592 4308 quasi
2642 4239 2885 4304 plantula
2939 4242 2992 4295 in
3044 4244 3214 4298 lucem
3267 4247 3603 4316 prddeunte.

2035 4319 2366 4398 germenqtie
2387 4338 2545 4382 suum
2574 4328 2676 4381 soli
2706 4336 3039 4391 ostentante,
3069 4332 3340 4388 sentiendi
3368 4334 3605 4393 facultas

2033 4418 2380 4474 eﬂlorcscens
2415 4433 2538 4471 cum
2568 4418 2752 4488 priore
2784 4420 3138 4492 coniungitur
3159 4422 3224 4477 ”.
3282 4422 3477 4481 Verum
3514 4429 3603 4484 uhi

2030 4508 2142 4578 jam
2174 4509 2310 4563 bene
2353 4510 2546 4580 magna
2608 4509 2752 4564 facta
2812 4519 2916 4575 est,
2959 4521 3012 4568 et
3069 4517 3447 4584 proceritatem
3499 4522 3605 4575 sibi

2035 4598 2449 4652 convenientem
2486 4597 2723 4666 adepta:
2759 4608 2874 4652 tum
2923 4599 3145 4656 demum
3208 4604 3383 4660 instar
3432 4608 3605 4678 ipsius

2036 4688 2249 4744 fructus
2305 4689 2531 4745 rationis
2582 4690 2853 4763 particeps
2883 4690 3113 4750 facultas
3164 4698 3440 4763 elucescit,
3498 4718 3606 4757 non

2036 4780 2125 4833 illa
2151 4778 2367 4851 quidem
2393 4780 2576 4835 subito
2603 4788 2713 4835 tota
2734 4783 3075 4852 splendorem
3106 4803 3263 4842 suum
3289 4792 3605 4859 ostendens,

2037 4872 2132 4929 sed
2166 4886 2273 4927 una
2302 4886 2426 4926 cum
2454 4873 2805 4927 instrumenti
2856 4876 2938 4929 sui
2972 4876 3305 4945 perfectione
3356 4882 3609 4938 celeriter

2035 4976 2382 5024 accrescens,
2410 4974 2613 5032 eosque
2638 4962 2852 5019 fructus
2881 4965 3189 5034 proferens,
3231 4968 3324 5038 qui
3360 4974 3607 5042 corporis

2038 5050 2283 5106 facultati
2311 5051 2696 5119 respondeant.
2733 5054 2886 5120 Quod
2917 5054 2962 5109 si
2993 5058 3244 5127 corporis
3302 5060 3355 5113 in
3389 5063 3608 5118 confor-

2035 5144 2273 5198 matione
2311 5142 2441 5213 quid
2477 5145 2696 5200 animus
2731 5146 2927 5201 elliciat
2955 5149 3196 5219 quaeris:
3226 5151 3292 5206 ad
3322 5159 3373 5208 te
3404 5154 3605 5225 ipsum,

2034 5234 2111 5288 ait
2168 5233 2365 5301 Moses,
2420 5237 2653 5305 respice,
2716 5237 2771 5292 in
2823 5240 2998 5309 teipso
3050 5248 3310 5312 tanquam
3373 5248 3426 5302 in
3465 5250 3605 5301 libro

2033 5324 2268 5397 quodam
2302 5332 2472 5382 totam
2518 5329 2686 5382 animi
2716 5344 2941 5401 operum
2991 5331 3280 5389 historiam
3335 5340 3599 5407 perleges.

2035 5415 2154 5487 Ipsa
2178 5418 2321 5472 enim
2370 5422 2569 5473 natura
2625 5419 2784 5490 longe
2831 5423 2977 5476 omni
3019 5424 3267 5479 oratione
3334 5426 3602 5479 illustrius

2030 5513 2320 5584 explicabit
2354 5514 2451 5568 tibi
2491 5512 2842 5568 aﬂ‘ectionum
2872 5515 3039 5569 animi
3076 5516 3129 5569 in
3163 5531 3394 5587 corpore
3427 5516 3604 5571 varic-

2035 5611 2222 5668 tatem,
2253 5623 2375 5661 cum
2425 5608 2478 5661 in
2534 5606 2799 5677 universi,
2858 5615 2972 5664 tttm
3021 5608 3264 5678 partium
3301 5618 3604 5668 structura.
