4088 6210
796 237 824 248 -

758 235 862 288 209

1998 234 2036 287 S
2098 225 2428 295 GREGORII
2469 226 2768 292 NYSSENI

761 351 865 406 Sed
897 350 1040 405 enim
1068 347 1254 404 nostra
1284 348 1769 407 commemorando
1802 366 2142 423 percensere,
2171 358 2325 428 quasi
2357 371 2375 421 Α

2171 358 2325 428 quasi
2357 365 2403 421 Α
2430 358 2572 428 λόγῳ
2620 359 2788 410 δεῖται
2820 353 2915 424 τὴν
2949 354 3155 406 οἰκείαν
3193 352 3351 421 φύσιν
3380 351 3693 416 διδάσκεσθαι;
3717 353 3781 406 δυι

756 440 1000 509 quadam
1064 450 1290 495 externa
1348 442 1635 510 miracula,
1700 441 1933 515 pretium
1989 459 2167 515 operae
2221 465 2329 503 non

757 531 941 584 fuerit.
977 528 1109 594 Quis
1168 531 1311 585 enim
1349 532 1575 588 alterius
1610 535 1860 588 oratione
1899 541 2151 589 naturam
2199 553 2332 606 pro-

756 625 930 693 priam
981 638 1317 691 cognoscere
1373 622 1668 692 desideret,
1701 640 1824 680 cum
1860 626 1962 696 ipsi
2026 627 2186 682 liceat
2240 644 2330 684 se-

757 715 936 783 ipsum
963 716 1255 769 contueri?
1298 715 1432 769 Nam
1483 718 1574 786 qui
1607 733 1716 788 quo
1759 727 1918 789 pacto
1969 721 2214 777 vivamus
2247 723 2331 777 in-

757 806 968 874 telligit,
1003 814 1056 860 et
1083 822 1245 876 quam
1279 815 1465 877 aptum
1511 809 1583 865 sit
1609 823 1808 880 corpus
1863 811 1930 864 ad
1991 827 2178 868 omnes
2210 813 2334 868 vitae

757 895 1008 964 proprias
1043 896 1289 952 actiones
1321 896 1535 964 didicit,
1570 899 1617 954 is
1647 899 1811 953 etiam
1859 901 2133 958 aestimare
2181 903 2336 958 facil-

759 987 890 1042 lime
949 997 1151 1058 potest,
1205 990 1258 1042 in
1319 1005 1428 1059 quo
1479 989 1763 1046 cliieiendo
1833 993 2002 1048 animi
2065 1004 2335 1066 occupata

757 1077 930 1144 prima
967 1078 1020 1130 in
1044 1077 1282 1133 hominis
1307 1080 1740 1137 conformatione
1761 1097 1923 1152 opera
1957 1083 2135 1144 fuerit.
2157 1087 2335 1141 Adeo-

757 1186 862 1237 que
906 1169 974 1224 de
1014 1171 1116 1223 hoc
1159 1172 1276 1240 ipso
1306 1179 1449 1240 patet
1490 1172 1698 1226 homini
1741 1189 1848 1227 non
1873 1176 2096 1230 omnino
2130 1175 2330 1243 hebeti,

759 1274 1102 1328 nequaquam
1125 1272 1398 1315 mortuum
1424 1269 1478 1315 et
1501 1262 1799 1316 inanimum
1833 1265 2101 1320 exsistere
2131 1266 2186 1319 in
2213 1266 2332 1320 olli-

757 1350 878 1402 cina
908 1359 1135 1414 naturm,
1178 1351 1325 1421 quod
1375 1353 1441 1406 ad
1501 1353 1894 1423 plantationem
1955 1355 2113 1424 quasi
2141 1373 2333 1426 quam-

757 1439 879 1496 dam
913 1442 1166 1497 animalis
1198 1444 1265 1497 de
1298 1444 1422 1498 vivo
1449 1446 1698 1499 avulsum
1726 1461 1954 1516 corpore
1982 1447 2035 1501 in
2065 1463 2128 1502 ea
2162 1449 2331 1518 depo-

761 1533 925 1586 nitur.
957 1532 1091 1586 Nam
1125 1542 1177 1589 et
1199 1531 1474 1589 fructuum
1508 1547 1697 1606 grana,
1740 1530 2100 1608 radicumque
2140 1555 2333 1594 surcu-

758 1624 839 1677 los
871 1635 1026 1678 terrae
1051 1641 1163 1680 non
1219 1627 1567 1692 mandamus,
1622 1637 1912 1699 postquam
1972 1631 2138 1684 insita
2191 1632 2270 1685 eis
2304 1647 2334 1685 a

2438 450 2547 519 γάρ
2569 452 2683 501 ἐστι
2713 448 2801 500 τὸν
2829 443 2928 514 τῆς
2960 445 3103 514 ζωῆς
3131 443 3329 514 τρόπον
3355 446 3716 515 κατανοήσαντα,
3743 461 3782 497 κς

2440 538 2577 609 πρὸς
2617 539 2796 590 πᾶσαν
2841 533 3078 603 ζωτικὴν
3125 533 3404 602 ἐνέργειαν
3433 534 3693 602 ἐπιτηδείως
3733 533 3781 601 ἐχ

2443 630 2601 699 σῶμα
2635 625 3038 696 καταμαθόντα,
3072 624 3272 692 γνῶναι
3298 625 3424 694 περὶ
3444 624 3491 676 τί
3518 623 3782 693 κατησχολήί

2441 720 2673 788 φυσικὸν
2705 719 2803 790 τῆς
2831 717 3006 786 ψυχῆς
3037 714 3186 786 παρά
3214 715 3311 785 τὴν
3345 713 3545 785 πρώτην
3579 715 3654 767 τοῦ
3676 731 3782 783 γινοι

2441 811 2747 864 διάπλασιν.
2785 810 2947 861 Ὥστε
2975 807 3067 860 καὶ
3098 806 3185 860 διὰ
3233 805 3419 858 τούτου
3450 805 3641 875 φανερὸν
3676 801 3782 857 εἶναι

2439 903 2539 955 οὐκ
2578 901 3023 962 ἀνεπισκέπτοις,
3063 899 3124 950 τὸ
3159 897 3232 968 μὴ
3277 897 3463 968 νεκρόν
3491 914 3540 948 τε
3565 895 3640 950 καὶ
3676 896 3782 965 ἄψιν)

2437 992 2514 1063 τῷ
2564 990 2908 1062 ἐργαστηρίῳ
2940 986 3192 1056 γενέσθαι
3219 988 3317 1055 τῆς
3361 986 3569 1055 φύσεως,
3615 988 3639 1039 ὃ
3683 987 3782 1056 πρὸς

2438 1081 2532 1135 τοῦ
2569 1079 2706 1144 ζώου
2757 1077 2980 1149 φυτείαν
3029 1077 3092 1128 ἐκ
3132 1073 3226 1127 τοῦ
3263 1073 3459 1137 ζῶντος
3488 1073 3695 1143 σώματος
3717 1075 3780 1126 ἀπ

2442 1174 2567 1227 σθὲν
2601 1170 2838 1241 ἐνετέθη.
2887 1167 2996 1222 Καὶ
3026 1166 3134 1234 γάρ
3175 1165 3268 1217 καλ⁹
3313 1163 3418 1218 τῶν
3457 1165 3650 1235 καρπῶν
3683 1163 3764 1225 τὰς

2442 1263 2661 1339 ριώνας,
2683 1263 2778 1316 καὶ
2814 1255 2912 1324 τάς
2943 1259 3052 1312 τῶν
3091 1255 3256 1327 ῥιζῶν
3282 1255 3577 1317 ἀποσπάδας
3599 1255 3650 1307 οὐ
3685 1271 3782 1324 νεκε

2442 1372 2540 1417 σας
2578 1353 2677 1422 τῆς
2725 1349 3048 1419 ἐγκειμένης
3075 1351 3138 1419 τῇ
3183 1345 3340 1416 φύσει
3371 1344 3584 1413 ζωτικῆς
3609 1343 3780 1412 δυνάμε

2439 1447 2509 1514 γῇ
2541 1440 2968 1509 καταϐάλλομεν,
3001 1438 3136 1492 ἀλλά
3172 1436 3527 1508 συντηρούσας
3567 1438 3616 1488 ὲν
3645 1436 3782 1487 ὲαντα

2439 1533 2762 1604 κρυμμένην
2821 1534 2939 1606 μὲν,
2973 1531 3152 1594 ζῶσαν
3202 1530 3257 1582 δὲ
3289 1529 3497 1590 πάντως
3521 1526 3602 1580 τοῦ
3625 1544 3782 1596 πρωτο

2439 1625 2539 1695 τὴν
2575 1625 2832 1694 ἰδιότητα.
2870 1622 2979 1693 Τὴν
3011 1623 3068 1676 δὲ
3092 1621 3346 1690 τοιαύτην
3375 1621 3584 1690 δύναμιν
3626 1620 3715 1671 οὐκ
3758 1621 3779 1670 ἐ

755 1726 953 1770 natura
984 1716 1218 1775 facultas
1255 1720 1438 1774 vitalis
1499 1729 1747 1774 emortua
1807 1721 2006 1777 fuerit:
2069 1723 2164 1777 sed
2211 1739 2369 1778 cum,

2211 1739 2334 1778 cum
2368 1723 2409 1776 Β
2444 1723 2527 1771 σιν
2563 1719 2597 1789 ἡ
2633 1716 2958 1786 περιέχουσα
2987 1715 3056 1784 γῆ
3094 1713 3290 1779 ἔξωθεν
3334 1713 3461 1782 παρ’
3486 1711 3660 1781 ἑαυτῆς
3695 1711 3781 1762 ἐπε

757 1810 933 1862 adhuc
956 1823 1145 1862 eorum
1198 1824 1228 1862 a
1280 1811 1480 1878 quibus
1529 1817 1648 1863 orta
1691 1819 1841 1876 sunt,
1896 1812 2007 1865 vim
2060 1814 2335 1883 propriam

758 1907 1108 1964 conservant,
1139 1901 1397 1954 latentem
1429 1901 1649 1971 quidem
1679 1903 1826 1956 illam
1858 1910 1911 1958 et
1947 1904 2213 1969 abditam,
2241 1906 2337 1961 sed

757 2001 936 2046 tamen
983 1975 1182 2047 vivam.
1241 1990 1307 2044 Et
1350 1992 1430 2047 vis
1479 1993 1698 2063 quidem
1765 1994 2081 2062 hujusmodi
2125 2012 2233 2050 non
2271 1996 2338 2052 de

759 2091 906 2136 terra
929 2084 1271 2138 extrinsecus
1301 2084 1554 2138 hauritur
1589 2085 1754 2153 (nam
1780 2087 2075 2154 caeteroqui
2112 2093 2336 2142 necesse

759 2173 898 2227 foret
927 2175 1090 2228 etiam
1127 2175 1270 2244 ligna
1295 2185 1541 2229 emortua
1578 2176 1895 2244 pullulando
1929 2177 2331 2246 elIloresc‘ere),

759 2265 854 2318 Sed
887 2265 1048 2319 insita
1083 2267 1245 2319 rebus
1285 2267 1396 2335 jam
1463 2275 1609 2331 ante,
1643 2282 1740 2336 per
1793 2277 1993 2322 terram
2059 2269 2222 2323 modo
2276 2269 2332 2322 in

760 2363 1005 2424 apertum
1038 2355 1385 2423 producitur,
1412 2356 1851 2425 suppeditantem
1879 2371 2104 2410 succum
2134 2371 2328 2410 suum:

758 2446 825 2499 de
859 2462 965 2515 quo
990 2448 1170 2516 planta
1196 2446 1396 2511 radice,
1427 2446 1920 2512 cortice,medulla,
1945 2461 2332 2515 ramorumque

757 2537 998 2608 surculis
1021 2545 1201 2602 aucta,
1228 2538 1396 2606 plane
1430 2537 1650 2591 tandem
1692 2538 1945 2591 omnibus
1971 2537 2053 2592 sui
2082 2536 2330 2606 partibus

755 2629 1079 2682 absolvitur.
1141 2629 1284 2682 Idem
1317 2629 1460 2683 enim
1516 2630 1632 2684 ﬁeri
1665 2645 1772 2683 non
1825 2636 2030 2699 posset,
2071 2630 2119 2683 si
2180 2629 2330 2682 nulla

2434 1824 2621 1862 νουσα·
2644 1803 2682 1877 ἦ
2705 1806 2813 1878 γὰρ
2843 1806 2906 1858 ἂν
2932 1804 3027 1858 καὶ
3055 1802 3121 1856 τὰ
3151 1801 3317 1872 νεκρά
3339 1801 3446 1853 τῶν
3471 1799 3622 1866 ξύλων
3652 1802 3720 1862 είς
3745 1799 3782 1868 β]

2433 1901 2736 1971 προήγετοο
2786 1897 2921 1952 ἀλλά
2968 1895 3066 1966 τὴν
3096 1893 3450 1963 ἐπικειμένην
3495 1891 3692 1961 ἔκδηλον
3733 1892 3782 1944 ἀι

2435 1990 2604 2055 ζεται,
2645 1988 2733 2042 διὰ
2779 1988 2877 2056 τῆς
2917 1983 3122 2046 οίκείας
3156 1982 3381 2053 ἰκμάδος
3415 1981 3746 2052 τιθηνουμένη

2435 2068 2555 2146 ζαν,
2600 2080 2694 2133 καὶ
2725 2077 2930 2146 φλοιὸν,
2985 2075 3081 2128 καὶ
3110 2072 3452 2144 ἐντεριώνην,
3484 2073 3568 2124 καὶ
3607 2070 3698 2134 τὰς
3721 2072 3782 2123 τιῖ

2435 2171 2537 2224 δων
2587 2168 2842 2237 ἐκφύσεις
2890 2165 2951 2219 τδ
3001 2165 3165 2235 φυτὸν
3207 2164 3503 2217 τελειοῦσα.
3533 2163 3696 2232 Ὅπερ
3737 2161 3782 2213 oi

2435 2279 2493 2313 τε
2525 2255 2591 2331 ἦν
2623 2257 2887 2327 γίνεσθαι,
2943 2257 3014 2326 μή
3062 2273 3204 2319 τινος
3238 2255 3470 2325 φυσικῆς
3500 2253 3760 2322 δυνάμεως

2433 2350 2702 2417 τεθείσης,
2733 2348 2852 2415 ἥτις
2893 2344 2988 2415 τὴν
3032 2342 3268 2412 συγγενῆ
3300 2342 3393 2394 καὶ
3419 2339 3733 2409 κατάλληλον
3776 2357 3782 2388 ι

2435 2436 2851 2510 παρακειμένων
2894 2435 3110 2506 τροφὴν.
3139 2435 3217 2496 είς
3252 2432 3445 2502 ἑαυτὴν
3474 2431 3712 2493 ἕλκουσα,
3757 2431 3782 2481 θ

2434 2531 2465 2600 ἢ
2495 2530 2725 2600 δένδρον,
2755 2527 2788 2595 ἢ
2823 2525 3043 2595 στάχυς,
3080 2524 3113 2594 ἦ
3152 2540 3204 2576 τι
3232 2522 3339 2576 τῶν
3380 2519 3719 2592 φρυγανικῶν
3755 2518 3782 2587 β

2441 2623 2624 2694 μάτων
2664 2617 2898 2686 ἐγένετο.

758 2715 991 2777 facultas
1033 2722 1081 2776 ei
1116 2717 1378 2777 naturalis
1406 2724 1577 2780 indita
1625 2723 1785 2790 foret,
1827 2739 1857 2778 a
1888 2739 1995 2794 qua
2039 2730 2274 2794 cognato
2317 2728 2372 2776 et
2411 2716 2770 2774 conveniente
2816 2711 3076 2765 alimento
3123 2709 3188 2764 de
3236 2707 3432 2762 vicinis
3475 2705 3713 2776 panibus
3747 2719 3781 2756 a‘

766 2817 851 2870 vel
895 2816 1198 2880 arbustum,
1233 2816 1314 2870 vel
1351 2815 1538 2882 arbor,
1580 2816 1664 2871 vel
1721 2816 1892 2886 spica,
1957 2816 2041 2872 vel
2069 2815 2300 2886 quodvis
2346 2810 2641 2882 virgultum
2673 2811 3010 2862 nasceretur.

1325 2930 1550 2985 CAPUT
1595 2930 1762 2985 XXX.

763 3021 996 3076 Humani
1029 3022 1572 3092 corporisrstruclurw
1611 3022 1852 3092 quaedam
1914 3022 2075 3076 altius
2121 3039 2186 3077 ea:
2216 3024 2331 3092 ipsa

972 3093 1227 3145 medicina
1257 3091 1475 3145 breviter
1498 3095 1717 3160 repetita
1747 3093 2136 3158 contemplatio.

832 3182 938 3237 Sed
967 3185 1110 3237 enim
1159 3185 1535 3253 unusquisque
1568 3193 1840 3250 nostrum,
1872 3193 2066 3239 natura
2114 3185 2332 3254 propria

762 3273 1024 3341 magistra
1059 3282 1112 3326 et
1145 3273 1308 3335 duce,
1340 3266 1668 3325 structuram
1697 3273 1947 3343 corporis
1983 3283 2238 3329 accurate
2266 3290 2333 3330 ex

760 3377 826 3414 eo
853 3360 998 3430 quod
1028 3371 1081 3415 et
1106 3361 1249 3416 videt
1279 3369 1331 3414 et
1356 3363 1488 3416 vivit
1528 3369 1582 3417 et
1615 3364 1806 3428 sentit,
1848 3379 2184 3435 cognoscere
2234 3380 2333 3435 po-

763 3453 908 3504 terit.
935 3452 1077 3516 Quin
1110 3460 1163 3505 et
1194 3469 1221 3504 a
1250 3453 1385 3506 viris
1425 3453 1762 3510 doctissimis
1793 3455 1908 3509 haec
1961 3456 2206 3511 studiose
2239 3472 2334 3510 ex-

697 3561 708 3571 ι
764 3542 959 3609 plicata
994 3557 1116 3594 cum
1153 3543 1282 3607 sint,
1315 3543 1445 3597 licet
1483 3546 1798 3599 universam
1836 3554 1892 3600 et
1939 3545 2205 3616 integram
2240 3561 2334 3601 eo-

763 3643 884 3686 rum
921 3634 1224 3689 doctrinam
1273 3636 1339 3690 de
1388 3636 1544 3692 libris
1588 3638 1781 3692 horum
1821 3653 2163 3706 expromere.
2202 3640 2330 3707 Alii,

763 3741 886 3792 qua:
944 3725 1230 3780 collocatio
1287 3727 1358 3782 sit
1412 3728 1753 3798 singularum
1806 3730 1863 3782 in
1899 3729 2058 3784 nobis
2099 3730 2332 3800 partium

767 3815 990 3870 scrutati
1026 3826 1173 3872 sunt.
1201 3817 1332 3886 Alii,
1378 3836 1536 3896 quem
1570 3819 1638 3873 ad
1666 3836 1826 3874 usum
1869 3821 2055 3875 omnia
2087 3822 2335 3889 corporis

764 3913 1005 3963 membra
1035 3904 1337 3980 factasint,
1389 3913 1740 3982 indagarunt,
1793 3924 1847 3968 et
1884 3914 2044 3969 nobis
2095 3910 2337 3984 explica-

764 4007 919 4060 runt.
963 4008 1021 4052 ut
1051 4001 1162 4068 jam
1200 4001 1267 4056 de
1300 4003 1492 4057 horum
1529 4005 1940 4058 commentariis
1975 4020 2172 4074 capere
2215 4011 2336 4060 stu-

764 4095 900 4150 diosi
958 4095 1148 4148 harum
1211 4110 1391 4148 rerum
1443 4094 1807 4164 cognitionem
1852 4095 2074 4148 humani
2132 4095 2336 4164 opiﬁcii

753 4177 1089 4256 locupletem
1147 4193 1202 4240 et
1235 4187 1386 4239 nulla
1418 4186 1504 4241 sui
1537 4192 1690 4256 parte
1718 4184 2060 4240 deiicientem
2099 4187 2331 4255 possint.

765 4277 920 4343 Quod
970 4281 1018 4334 si
1075 4279 1199 4348 quis
1229 4278 1390 4334 etiam
1445 4278 1560 4332 haec
1625 4279 1915 4342 universa,
1977 4276 2044 4332 de
2083 4277 2336 4332 doctrina

765 4372 983 4438 propria
1015 4386 1142 4425 vero
1173 4371 1226 4424 in
1257 4370 1418 4426 terris
1450 4369 1543 4424 Dei
1575 4368 1741 4424 οωῑυί
1791 4367 2005 4424 discere
2035 4369 2210 4433 malit,
2269 4382 2336 4422 ne

769 4457 876 4508 ulla
919 4458 971 4510 in
1003 4474 1062 4512 re
1089 4459 1378 4528 disciplina
1411 4465 1597 4513 extera
1637 4474 1797 4528 egere
1831 4457 2005 4512 videri
2054 4457 2329 4527 possimus

769 4547 1028 4616 (quando
1078 4549 1160 4600 lex
1215 4551 1411 4603 ovibus
1458 4549 1840 4618 spiritualibus
1887 4555 1973 4602 est
2013 4547 2291 4618 proposita
2319 4587 2334 4613 ,

770 4634 1228 4703 quemadmodum
1257 4637 1331 4688 ait
1365 4635 1650 4700 Dominus,
1682 4635 1799 4691 Non
1834 4653 1956 4692 esse
1981 4637 2099 4691 voci
2151 4637 2293 4691 alius
2318 4677 2334 4705 ,

766 4734 921 4780 extra
951 4741 1110 4795 quam
1137 4729 1393 4796 pastoris,
1422 4743 1583 4783 aures
1604 4726 1923 4798 praebendas
1946 4728 1990 4760 ⁹⁹
2015 4727 2055 4798 ),
2092 4743 2189 4799 age
2215 4729 2342 4784 bre-

770 4815 909 4865 vitcr
937 4813 1003 4865 de
1027 4813 1113 4867 his
1144 4828 1362 4882 quoque
1401 4815 1758 4870 disseramus.
1789 4816 1930 4869 Sunt
1959 4819 2180 4871 omnino
2215 4833 2340 4873 cor-

768 4904 916 4974 poris
941 4904 993 4956 in
1028 4911 1244 4966 natura,
1281 4905 1384 4957 tria
1427 4919 1675 4970 numero,
1731 4921 1962 4975 quorum
2011 4911 2186 4978 gratia
2221 4912 2337 4966 sin-

766 4996 892 5065 gula
926 4995 978 5046 in
1017 4995 1174 5050 nobis
1229 4995 1474 5050 membra
1515 5003 1644 5050 sunt
1698 4993 1864 5050 facta.
1908 4991 2044 5052 Nam
2097 4998 2220 5063 alia,
2277 5009 2338 5055 ut

767 5089 1072 5140 viveremus
1114 5085 1336 5140 condita
1367 5095 1536 5152 sunt;
1585 5086 1711 5152 alia,
1746 5095 1806 5141 ut
1849 5088 2091 5154 jucunde
2128 5091 2329 5144 vivere-

766 5192 930 5240 mus;
978 5177 1106 5239 alia,
1139 5185 1200 5230 ut
1257 5187 1402 5233 esset
1458 5180 1512 5232 in
1555 5179 1796 5233 humano
1844 5194 2042 5248 genere
2077 5191 2336 5251 perpetua

767 5267 1100 5337 posteritatis
1132 5271 1429 5323 successio.
1472 5268 1604 5336 Quae
1640 5285 1804 5340 porro
1853 5269 1973 5340 ejus
2005 5280 2135 5326 sunt
2176 5288 2338 5341 gene-

764 5357 866 5420 ris,
896 5363 954 5408 ut
986 5356 1032 5409 si
1059 5357 1263 5424 absque
1296 5357 1428 5426 ipsis
1474 5358 1636 5423 foret,
1695 5360 1858 5415 homo
1912 5377 2024 5414 non
2079 5361 2290 5416 viveret
2320 5383 2332 5417 :

773 5446 945 5501 trilms
973 5447 1226 5501 membris
1252 5451 1810 5519 comprehenduntur,
1869 5452 2114 5519 cerebro,
2145 5453 2331 5522 corde,

840 5608 884 5637 ἐ’
920 5603 1075 5659 Jonn.
1116 5623 1166 5668 ιι,
1195 5604 1247 5670 4,
1281 5606 1333 5660 5.

2366 4424 2415 4481 D

2931 2916 3327 2973 ΚΕΦΛΛΑῘΟΝ
3368 2917 3460 2969 Λ¹ω

2441 3021 2662 3090 Θεωρία
2711 3034 2799 3090 τις
2830 3011 3207 3090 ζατρικωτεῇοα
3257 3007 3403 3090 περὶ
3427 3003 3698 3090 pigro?)
3741 3021 3782 3058 σ

2730 3075 3326 3154 ήλιῶνάαταὰκευῆς
3368 3075 3438 3128 δι’
3479 3075 3719 3143 ὀλίγων.

2521 3181 2681 3235 Ἀλλά
2715 3178 2812 3250 τὴν
2843 3176 2939 3248 μὲν
2993 3172 3192 3244 ἀκριδῆ
3247 3169 3338 3222 τοῦ
3391 3166 3642 3237 σώματος
3696 3168 3782 3236 ἠμί

2441 3274 2635 3345 σκευὴν
2681 3269 2916 3324 διδάσκει
2975 3265 3074 3335 μὲν
3124 3264 3353 3324 ἕκαστος
3413 3258 3629 3322 ἐαυτὸν,
3687 3258 3748 3322 ἐξ

2438 3384 2497 3419 τε
2549 3364 2641 3417 καὶ
2689 3360 2754 3432 ζῇ
2809 3358 2903 3412 καὶ
2955 3355 3288 3416 αἰσθάνεται,
3342 3351 3438 3422 τὴν
3491 3352 3629 3405 ίδίαν
3683 3353 3781 3402 ἐαυ

2442 3476 2524 3512 σιν
2589 3453 2904 3510 διδάσκαλον
2968 3450 3125 3520 ἔχων.
3189 3447 3406 3512 Ἔξεστι
3439 3445 3497 3498 δὲ
3555 3444 3652 3498 κα)⁸
3701 3444 3782 3512 τὴ·

2441 3550 2585 3611 ὅλοις
2626 3541 3071 3616 φιλοπονηθείσαν
3117 3542 3228 3600 τοῖς
3266 3536 3338 3605 ,τὰ
3365 3534 3612 3588 τοιαῦτα
3674 3551 3777 3601 σοφ

2439 3639 2642 3692 τούτων
2699 3634 2934 3705 ἱστορίαν
2981 3626 3333 3692 ἀναλαϐόντι,
3395 3627 3581 3681 πάντα
3629 3625 3699 3678 δι’
3747 3627 3782 3678 ἀ

2445 3728 2653 3800 μαθεῖν.
2691 3721 2788 3778 Ὧν
2815 3727 2860 3776 οἱ
2896 3724 2993 3794 μέν
3029 3723 3175 3783 ὅπως
3205 3720 3316 3790 ἔχει
3346 3719 3552 3781 θέσεως
3585 3718 3657 3770 τὰ
3693 3717 3782 3770 καί

2440 3818 2548 3871 τῶν
2594 3819 2650 3870 ἐν
2680 3818 2833 3886 ἡμῖν,
2871 3814 2956 3866 διὰ.
2989 3813 3088 3882 τῆς
3124 3810 3396 3879 ἀνατομῆς
3431 3807 3782 3876 ἐδιδάχθησα·

2441 3909 2535 3963 καὶ
2569 3906 2704 3978 πρὸς
2731 3907 2759 3959 ὃ
2797 3923 2847 3958 τι
2879 3903 3068 3972 γέγονε
3104 3901 3280 3953 πάντα
3312 3898 3383 3950 τά
3428 3897 3528 3950 τοῦ
3566 3897 3782 3965 σώματι

2443 3998 2770 4066 κατενόησάν
2800 4014 2858 4050 τε
2879 3995 2974 4048 καὶ
3001 3994 3342 4063 διηγήσαντο,
3367 3991 3440 4054 ὡς
3467 3989 3768 4060 ἀρκοῦσαν

2441 4092 2538 4161 τῆς
2566 4089 2911 4161 ἀνθρωπίνης
2941 4085 3284 4154 κατασκευῆς
3309 4082 3405 4154 τὴν
3427 4082 3646 4150 γνῶσιν
3677 4085 3782 4141 τοῖς

2441 4194 2551 4244 νοις
2579 4181 2853 4249 γενέσθαι.
2886 4179 2949 4230 Ei
2979 4176 3036 4228 δέ
3060 4192 3144 4238 τις
3171 4174 3451 4244 ἐπιζητοίη
3487 4175 3725 4227 πάντων
3753 4191 3782 4226 α

2442 4265 2736 4340 ἐκκλησίαν
2788 4262 3104 4320 διδάσκαλον
3135 4262 3402 4332 γίνεσθαι,
3438 4264 3520 4327 ὡς
3575 4265 3665 4325 εἰς
3729 4277 3782 4333 μ·

2442 4364 2640 4432 ἔξωθεν
2684 4363 2864 4432 φωνῆς
2903 4359 3201 4413 ἐπιδεῖσθαι
3241 4351 3415 4429 (οὗτος
3445 4358 3566 4428 γάρ
3595 4357 3715 4409 τῶν
3758 4374 3782 4407 τ

2443 4455 2554 4508 κῶν
2597 4454 2880 4524 προϐάτων
2925 4453 2954 4504 ὁ
2992 4451 3172 4520 νόμος,
3212 4446 3393 4512 καθώς
3431 4467 3613 4518 φησιν
3642 4451 3675 4502 ὁ
3715 4450 3782 4500 Kl

2443 4546 2726 4618 ἀλλοτρίας
2775 4546 2848 4617 μὴ
2893 4544 3111 4598 ἀκούειν
3143 4543 3366 4613 φωνῆς),
3389 4542 3482 4594 διὰ
3530 4541 3778 4611 βραχέω

2444 4637 2806 4709 περὶτούτων
2837 4634 2994 4704 λόγον
3035 4633 3421 4703 διαληψόμεθα.
3469 4631 3626 4701 Τρία
3663 4649 3782 4701 περ

2446 4727 2694 4799 σώματος
2717 4727 3015 4796 ἐνοήσαμεν
3045 4723 3225 4792 φύσιν,
3256 4718 3329 4774 ὧν
3355 4723 3524 4791 χάριν
3558 4721 3636 4773 τὰ
3664 4721 3782 4773 καθ

2443 4817 2550 4872 τῶν
2571 4819 2626 4871 ἐν
2659 4819 2788 4888 ἡμῖν
2821 4814 3263 4869 κατεσκεύασται.
3300 4814 3379 4866 Τά
3411 4815 3519 4882 μὲν
3559 4813 3686 4883 γὰρ
3723 4812 3782 4865 δι

2444 4910 2512 4964 τὰ
2535 4911 2592 4964 δὲ
2612 4910 2697 4962 διὰ
2723 4908 2783 4962 τὸ
2817 4905 3010 4969 καλῶς
3023 4906 3142 4976 ζῇν,
3185 4906 3345 4976 ἕτερα
3371 4903 3427 4957 δὲ
3456 4905 3615 4975 πρὸς
3659 4905 3778 4975 τὴν

2442 5001 2551 5054 τῶν
2579 4998 2972 5068 ἐπιγινομένων
2999 4996 3318 5065 ἐπιτηδείως
3348 4995 3484 5065 ἔχει.
3548 4997 3719 5050 Ὅσα
3769 5016 3782 5066 ε

2443 5095 2574 5164 ἡμῖν
2602 5090 2824 5146 τοιαῦτά
2869 5090 3039 5151 ἐστιν,
3083 5079 3158 5140 ὧν
3205 5087 3332 5142 ἀνευ
3365 5087 3664 5157 συστῆναι.
3709 5089 3782 5159 τὴ

2441 5183 2601 5250 πίνην
2632 5179 2774 5250 ζωὴν
2813 5179 2911 5232 οὐκ
2941 5178 3234 5248 ἐνδέχεται,
3272 5178 3530 5248 ἐν’τρισ)⁵
3566 5179 3782 5249 μυρίοι

2439 5271 2651 5339 ήσαμεν
2673 5285 2685 5297 °
2717 5269 2776 5322 ἐν
2799 5267 3106 5338 ἐγκεφάλῳ,
3137 5267 3231 5320 καὶ
3255 5267 3479 5339 καρδίᾳ,
3519 5270 3636 5322 καὶ
3680 5271 3781 5338 ἦπ

2440 5361 2495 5413 δὲ
2516 5359 2796 5430 προσθήκη
2816 5361 2898 5423 τίς
2933 5362 3048 5414 ἐστι
3081 5360 3189 5413 τῶν
3215 5359 3455 5428 ἀγαθῶν,
3502 5363 3618 5415 καὶ
3657 5361 3782 5432 gods

2443 5452 2674 5524 φύσεως,
2707 5451 2766 5505 τὸ
2798 5447 2854 5506 εὖ
2881 5451 2977 5524 ζῇν
3010 5453 3076 5506 δι’
3123 5453 3343 5507 ἐκείνων
3377 5451 3454 5524 τῷ
3490 5453 3782 5526 ἀνθρώπι
