4088 6210
338 290 441 345 2H

348 506 575 559 τοιαῦτα
599 507 701 579 τὴν
729 506 875 578 ζωὴν
905 508 1004 578 μὲν
1028 510 1088 562 οὐ
1122 509 1451 582 συνίστησιν,
1475 514 1595 566 ἐπεὶ
1623 514 1716 567 καὶ
1743 513 1924 568 λιπόν-

347 613 460 650 των
485 597 654 655 τινῶν,
692 598 972 661 πολλάκις,
995 599 1144 653 οὐδὲν
1170 595 1330 672 ἦττον
1361 602 1418 654 ὲν
1456 601 1533 672 τῷ
1574 602 1673 673 ζῇν
1707 604 1852 656 ἐστιν
1897 605 1926 658 ὀ

347 686 657 758 ἄνθρωπος,
684 689 800 742 ἀλλ’
821 692 1099 760 ἀμήχανον
1125 689 1245 762 δίχα
1265 691 1467 746 τούτων
1487 693 1592 747 τῶν
1614 695 1922 765 ἐνεργειῶν,

349 779 460 832 τῶν
518 779 660 832 κατά
701 779 798 850 τὴν
855 778 1001 850 ζωὴν
1053 783 1221 852 ἡδέων
1264 783 1358 854 τὴν
1404 785 1690 855 μετουσίαν
1761 786 1922 856 ἔχειν.

360 869 423 922 ὐ
469 869 525 921 δὲ
573 870 752 939 τρίτος
802 871 1003 934 σκοπὸς
1046 871 1181 943 πρὸς
1225 874 1284 926 τὸ
1333 875 1531 946 ἐφεξῆς
1572 893 1633 929 τε
1685 879 1779 930 καὶ
1828 877 1924 948 τὴν

348 957 601 1028 διαδοχὴν
663 957 870 1026 βλέπει.
947 961 1100 1013 Ἐστι
1146 962 1204 1015 δὲ
1254 965 1347 1016 καὶ
1391 965 1527 1018 ἄλλα
1581 965 1701 1021 τινὰ
1778 969 1927 1039 παρὰ

350 1049 543 1113 ταῦτα,
576 1048 612 1101 ἃ
639 1048 774 1118 πρὸς
799 1050 1057 1121 διαμονὴν
1095 1053 1248 1106 κοινὰ
1272 1056 1383 1116 τοῖς
1417 1057 1579 1109 πᾶσιν
1621 1056 1924 1123 ὑπόκειται,

349 1138 454 1201 τὰς
485 1139 854 1208 καταλλὴλους
886 1141 1203 1212 προσθήκας
1230 1143 1296 1196 δι’
1324 1145 1531 1198 ἑαυτῶν
1551 1148 1927 1215 ἐπεισάγοντα,

353 1227 436 1291 ὡς
456 1229 631 1306 κοιλία
654 1231 747 1282 καὶ
777 1230 1051 1301 πνεύμων,
1071 1234 1099 1285 ὁ
1127 1233 1224 1303 μὲν
1242 1233 1318 1303 τῷ
1343 1235 1609 1305 πνεύματι
1639 1238 1699 1290 τὸ
1731 1240 1931 1310 ἐγκάρ-

352 1317 469 1371 διον
521 1317 633 1388 πῦρ
677 1320 1070 1390 ἀναρριπίζων,
1122 1324 1155 1392 ἡ
1203 1323 1258 1376 δὲ
1299 1327 1410 1386 τοῖς
1456 1326 1784 1398 σπλάγχνοις
1834 1329 1930 1400 τὴν

354 1410 566 1476 τροφὴν
613 1410 997 1473 είσοικίζουσα.
1033 1411 1186 1466 Οὕτω
1231 1415 1408 1469 τοίνυν
1459 1420 1558 1485 τῆς
1589 1420 1932 1490 κατασκευῆς

353 1499 455 1566 τῆς
488 1500 547 1550 ὲν
578 1501 707 1569 ἡμῖν
739 1501 1094 1573 διῃρημένης,
1127 1503 1272 1557 ἔστιν
1307 1507 1549 1576 ἀκριϐῶς
1579 1510 1930 1578 κατανοῆσαι,

355 1589 441 1639 ὃτι
467 1590 527 1642 ού
566 1592 850 1658 μονοειδῶς
899 1596 1033 1664 ἡμῖν
1063 1595 1130 1648 δι’
1177 1597 1294 1660 ἑνός
1332 1616 1472 1662 τινος
1516 1601 1548 1668 ἡ
1581 1600 1714 1671 πρὸς
1742 1602 1801 1654 τὸ
1834 1603 1933 1672 ζῇν

355 1679 588 1748 δύναμις
631 1682 970 1752 διεξάγεται·
1014 1686 1149 1740 ἀλλὰ
1194 1688 1399 1742 πλείοσι
1437 1691 1643 1760 μορίοις
1689 1693 1722 1762 ἡ
1774 1692 1934 1760 φύσις

1579 304 1662 358 DE
1703 303 1984 361 HOMINIS
2023 307 2338 366 OPIFICIO.

355 415 540 484 μένης,
571 415 637 470 τὰ
667 416 793 488 περὶ
839 415 932 488 τὴν
971 416 1220 488 αἴσθησίν
1261 434 1406 472 εστιν
1436 420 1661 490 ὄργανα.
1697 423 1778 476 Τὰ
1817 425 1924 496 γὰρ

2049 429 2289 484 ecinore.
2327 429 2454 495 Qua:
2489 429 2755 484 bonorum
2790 433 2910 482 sunt
2952 426 3096 481 velut
3137 422 3588 483 additamentum.

3483 309 3590 372 9ίῖ

2030 517 2276 588 profecta
2307 521 2374 573 de
2397 519 2630 590 benigna
2658 518 2904 588 largitate
2939 523 3167 580 natura},
3193 516 3474 572 efﬁcientis
3497 531 3594 587 per

2027 609 2142 663 haec
2172 618 2227 664 ut
2255 610 2495 679 jucunde
2535 611 2695 664 homo
2723 609 2973 665 viveret:
3019 616 3147 663 sunt
3193 621 3453 661 sensuum
3506 605 3593 660 in-

2027 707 2348 752 strumenta.
2395 698 2528 752 Nam
2560 699 2614 752 in
2668 700 2753 753 his
2809 698 2914 752 vita
2959 697 3180 768 quidem
3238 706 3428 750 nostra
3483 712 3594 754 non

2027 787 2299 849 consistit,
2337 787 2555 857 quando
2594 787 2778 841 vivere
2813 785 3020 841 homini
3051 784 3182 846 licet
3206 784 3368 838 etiam
3405 783 3599 852 pleris-

2029 891 2135 943 que
2166 875 2358 929 borum
2394 876 2636 942 amissis;
2665 873 2761 929 sed
2794 875 2911 928 ﬁeri
2937 889 3043 928 non
3073 879 3251 940 potest
3286 878 3343 924 ut
3392 871 3600 939 absque

2030 965 2224 1020 borum
2259 967 2568 1035 actionibus
2601 983 2782 1021 rerum
2807 967 2861 1020 in
2892 965 3132 1019 hominis
3185 964 3295 1018 vita
3329 961 3602 1030 jucunda-

2030 1070 2153 1128 rum
2187 1047 2464 1124 voluptate
2495 1055 2760 1110 fruamur.
2794 1053 3038 1107 Tertium
3072 1053 3123 1107 in
3151 1051 3443 1121 partitione
3477 1064 3604 1119 pro-

2032 1143 2208 1213 posita
2247 1145 2549 1198 membrum
2577 1144 2792 1214 generis
2819 1143 2883 1197 ad
2919 1142 3329 1213 perpetuitatem
3368 1147 3598 1209 spectat.

2031 1233 2236 1289 Praeter
2261 1235 2378 1289 haec
2407 1235 2510 1288 alia
2541 1234 2782 1289 membra
2813 1243 2960 1300 sunt,
2990 1247 3110 1302 quae
3143 1241 3196 1286 et
3246 1231 3363 1301 ipsa
3400 1229 3604 1299 pariter

2033 1339 2159 1379 cum
2187 1327 2399 1381 caeteris
2439 1326 2604 1379 vitam
2636 1326 2875 1380 hominis
2902 1331 3248 1388 conservant,
3290 1333 3343 1377 et
3370 1336 3605 1378 consen-

2033 1425 2222 1471 taneas
2285 1423 2493 1470 natura:
2550 1432 2663 1470 sua:
2719 1416 2980 1486 quasdam
3045 1413 3202 1484 quasi
3263 1411 3606 1467 accessiones

2035 1513 2315 1575 praestant,
2348 1508 2402 1560 in
2466 1507 2666 1576 quibus
2723 1513 2853 1561 sunt
2913 1505 3230 1560 stomachus
3285 1518 3349 1557 ac
3397 1503 3603 1571 pulmo,

2035 1609 2266 1664 quorum
2302 1595 2390 1650 hic
2430 1597 2666 1650 calorem
2709 1597 2892 1652 cordis
2927 1594 3211 1665 perflando
3241 1593 3482 1657 excitat;
3513 1591 3604 1644 ille

2037 1683 2339 1737 visceribus
2366 1684 2680 1738 alimentum
2707 1700 2865 1738 suum
2896 1684 3132 1753 praebet.
3160 1681 3275 1736 Hoc
3304 1681 3465 1735 modo
3494 1686 3607 1733 tota

359 1770 460 1833 τὰς
491 1772 625 1841 πρὸς
659 1773 754 1843 τὴν
801 1763 1061 1830 σύστασιν
1094 1778 1250 1847 ἡμῶν
1283 1780 1536 1850 ἀφορμὰς
1585 1781 1932 1851 ὲπινείμασα,

2045 1775 2282 1844 corporis
2309 1775 2482 1830 nostri
2511 1784 2789 1831 structura
2842 1776 3037 1839 divisa,
3100 1773 3391 1844 perspicue
3423 1770 3610 1832 videre

363 1859 667 1926 ἀναγκαίαν
697 1865 842 1915 ποιεῖ
875 1864 1010 1934 πρὸς
1042 1865 1101 1918 τὸ
1126 1865 1243 1919 ὅλον
1266 1865 1363 1937 τὴν
1395 1868 1523 1936 παρ’
1555 1868 1784 1921 ἑκάστου
1817 1887 1937 1922 συνο

366 1948 645 2018 εισιρορὰν.
677 1951 836 2003 Ὥστε
867 1953 961 2004 καὶ
1002 1954 1101 2006 ὅσα
1146 1955 1280 2025 πρὸς
1309 1956 1610 2024 ἀσφάλειαν
1663 1957 1764 2026 τῆς
1792 1958 1937 2029 ζωῆς

371 2038 468 2104 καὶ
514 2039 699 2102 κάλλος
746 2043 780 2110 ἡ
829 2042 992 2109 φύσις
1036 2045 1455 2115 ὲπετεχνάσατο,
1501 2047 1668 2101 πλείω
1717 2049 1777 2101 τέ
1821 2052 1937 2103 ἐστι

375 2126 569 2189 ταῦτα,
596 2128 686 2179 καὶ
715 2129 913 2200 πολλὴν
948 2133 1080 2202 πρὸς
1127 2133 1331 2206 ἄλληλα
1374 2135 1471 2207 τὴν
1500 2137 1764 2207 διαφορὰν
1801 2138 1934 2207 ἔχει.

380 2216 520 2267 Ἀλλ’
569 2215 719 2287 οἶμαι
775 2218 1041 2274 διελέσθαι
1097 2224 1359 2294 πρότερον
1407 2228 1464 2281 ὲν
1525 2227 1690 2298 ὀλίγῳ
1742 2230 1936 2299 χρῆναι

365 2305 475 2367 τῶν
505 2307 640 2378 πρὸς
666 2309 762 2388 τὴν
795 2310 1050 2366 σύστασιν
1079 2317 1175 2383 τῆς
1208 2314 1355 2385 ζωῆς
1387 2317 1779 2372 συντελούντων
1805 2323 1938 2389 ἡμῖν

366 2396 463 2463 τὰς
493 2397 714 2468 πρώτας
746 2401 939 2471 ἀρχάς.
985 2402 1046 2456 Ἦ
1075 2404 1176 2475 μὲν
1211 2401 1305 2458 οὖν
1333 2407 1426 2459 τοῦ
1470 2408 1667 2471 παντὸς
1691 2409 1940 2480 σώματος

366 2487 465 2557 ὕλη
490 2491 647 2557 κοινὴ
677 2493 787 2554 τοῖς
816 2492 935 2544 καθ’
968 2493 1194 2547 ἕκαστον
1224 2495 1439 2565 μέλεσιν
1469 2497 1822 2569 ὑποκειμένη,
1855 2518 1938 2553 σι-

365 2581 557 2648 γὰσθω
603 2582 800 2636 τανῦν·
852 2584 1003 2638 οὐδὲν
1057 2585 1165 2657 γὰρ
1222 2587 1358 2657 πρὸς
1408 2589 1498 2641 τὸν
1562 2591 1760 2644 σκοπὸν
1810 2593 1940 2662 ἡμῖν

372 2672 675 2725 συντελέσει
705 2674 738 2742 ἡ
772 2673 996 2727 καθόλου
1031 2676 1343 2744 φυσιολογία
1390 2679 1524 2748 πρὸς
1567 2680 1662 2750 τὴν
1711 2682 1941 2750 μερικὴν

372 2760 624 2832 θεωρίαν.
695 2763 1152 2836 Ὀμολογουμένου
1203 2767 1384 2822 τοίνυν
1448 2768 1597 2840 παρὰ
1655 2772 1790 2823 πᾶσι
1849 2772 1941 2825 τοῦ

370 2853 588 2906 πάντων
617 2855 674 2907 ὲν
708 2857 837 2924 ἡμῖν
865 2852 1000 2910 εἶναι
1033 2858 1142 2910 τῶν
1173 2860 1523 2929 στοιχειωδῶς
1551 2863 1610 2914 ὲν
1646 2861 1726 2932 τῷ
1753 2862 1943 2933 κόσμῳ

369 2943 760 3015 θεωρουμένων
800 2947 898 3018 τὴν
947 2951 1158 3020 μοῖραν,
1205 2950 1299 3003 τοῦ
1347 2969 1408 3005 τε
1461 2952 1663 3023 θερμοῦ
1713 2955 1807 3006 καὶ
1850 2956 1942 3008 τοῦ

368 3035 649 3104 ψύχοντος,
706 3040 798 3091 καὶ
848 3039 945 3109 τῆς
995 3041 1184 3114 ἑτέρας
1233 3043 1492 3111 συζυγίας
1549 3045 1649 3114 τῆς
1696 3045 1836 3104 κατὰ
1885 3047 1944 3100 τὸ

371 3128 542 3198 ὑγρόν
570 3145 629 3181 τε
669 3131 760 3183 καὶ
781 3131 950 3203 ξηρὸν,
969 3133 1278 3205 νοουμένης,
1307 3134 1379 3188 τὰ
1406 3135 1525 3190 καθ’
1551 3135 1780 3194 ἕκαστον
1813 3140 1942 3208 ἡμῖν

369 3213 714 3286 διαληπτέον.

443 3486 656 3556 Οὐκοῦν
704 3490 916 3561 ὁρῶμεν
963 3493 1112 3563 τρεῖς
1141 3493 1238 3557 τὰς
1269 3495 1604 3567 διοικητικὰς
1648 3497 1747 3568 τῆς
1799 3499 1944 3570 ζωῆς

371 3577 649 3648 δυνάμεις,
696 3573 772 3632 ὧν
811 3583 843 3652 ἡ
876 3581 973 3651 μὲν
1000 3582 1278 3636 διαθάλπει
1311 3585 1371 3638 τὸ
1407 3587 1515 3638 πᾶν
1541 3589 1605 3657 τῇ
1631 3587 1942 3659 θερμότητι,

373 3671 411 3737 ἡ
440 3669 500 3722 δὲ
539 3672 840 3736 ὑπονοτίζει
865 3676 930 3744 τῇ
967 3673 1151 3743 ίκμάδι
1178 3675 1710 3747 τὸθερμαινόμενον,
1758 3679 1834 3742 ὡς
1879 3680 1945 3734 ἂν

374 3763 442 3831 τῇ
480 3762 796 3834 ίσοκρατείᾳ
826 3765 924 3834 τῆς
969 3765 1077 3831 τῶν
1111 3767 1368 3828 ἐναντίων
1403 3769 1703 3840 ποιότητος,
1727 3771 1816 3823 ἐπὶ
1854 3771 1947 3824 τοῦ

378 3853 547 3922 μέσου
585 3856 900 3924 συντηροίτο
939 3855 1000 3907 τὸ
1049 3855 1205 3922 ζῶον,
1268 3859 1408 3928 μήτε
1448 3857 1542 3911 τοῦ
1585 3861 1750 3931 ὑγροῦ
1783 3879 1950 3915 κατα-

375 3945 722 4014 φρυγομένου
769 3945 848 4014 τῷ
901 3945 1222 4018 πλεονασμῷ
1268 3949 1368 4019 τῆς
1410 3949 1758 4022 θερμότητος,
1812 3955 1949 4024 μήτε

372 4032 468 4094 τοῦ
507 4033 711 4104 θερμοῦ
757 4035 1114 4106 σϐεννυμένου
1157 4039 1223 4107 τῇ
1274 4038 1593 4111 ἐπικρατείᾳ
1638 4039 1732 4092 τοῦ
1783 4041 1949 4094 καθυ-

373 4125 708 4196 γραίνοντος.
754 4126 819 4178 Ἦ
851 4126 907 4180 δὲ
936 4126 1092 4198 τρίτη
1123 4127 1351 4198 δύναμις
1396 4130 1607 4199 συνέχει
1644 4130 1710 4183 δι’
1754 4132 1952 4202 ἑαυτῆς

372 4214 515 4267 κατά
540 4231 663 4267 τινα
701 4214 973 4285 συμϐολήν
1017 4232 1077 4269 τε
1111 4217 1204 4270 καὶ
1255 4217 1519 4287 ἁρμονίαν
1564 4219 1632 4272 τὰ
1673 4221 1949 4291 διακεκρι-

377 4305 516 4374 μένα
544 4306 654 4362 τῶν
701 4305 918 4376 ἄρθρων
963 4309 1074 4370 τοῖς
1112 4308 1241 4378 παρ’
1277 4308 1476 4379 ἑαυτῆς
1505 4311 1819 4380 συνδέσμοις
1851 4313 1952 4383 ἀρ-

2035 1872 2143 1927 est,
2185 1864 2503 1920 facultatem
2549 1881 2659 1935 qua
2721 1868 2834 1919 vita
2881 1864 3220 1926 continetur,
3259 1877 3367 1916 non
3409 1875 3516 1918 uno
3573 1874 3604 1912 a

2037 1955 2282 2010 membro
2327 1955 2638 2024 proficisci:
2680 1955 2772 2009 sed
2806 1962 3055 2008 naturam
3094 1953 3340 2021 corporis
3385 1965 3609 2013 conser-

2036 2045 2310 2098 vationem
2334 2045 2387 2098 in
2424 2045 2579 2115 plura
2614 2045 2860 2100 membra
2926 2045 3272 2114 partientem,
3312 2042 3610 2110 unicuique

2037 2134 2141 2188 hoc
2165 2134 2382 2190 dedisse
2424 2137 2646 2206 negotii,
2681 2143 2738 2190 ut
2762 2136 2976 2207 singula
3024 2135 3274 2190 nonnihil
3321 2134 3388 2188 ad
3446 2149 3605 2188 usum

2038 2226 2278 2280 universi
2319 2225 2652 2282 conferrent.
2685 2227 2816 2280 Eam
2878 2227 2947 2281 ob
2985 2242 3100 2281 rem
3138 2226 3420 2296 complura
3457 2233 3608 2289 sunt,

2039 2314 2290 2386 interque
2310 2333 2367 2372 se
2400 2318 2742 2388 perprofecto
2773 2319 3011 2382 diversa,
3046 2332 3388 2388 quaecunque
3412 2323 3606 2370 natura

2038 2406 2125 2460 vel
2162 2407 2229 2460 ad
2265 2422 2323 2462 se
2349 2407 2626 2472 tuendam,
2663 2409 2746 2462 vel
2781 2417 3010 2462 ornatus
3045 2421 3099 2461 et
3127 2407 3411 2476 elegantia:
3439 2420 3606 2459 causa

2041 2497 2269 2552 solerter
2299 2497 2566 2552 fabricata
2611 2506 2716 2553 est.
2777 2497 2883 2552 Sed
2936 2499 3078 2552 enim
3114 2497 3381 2566 principia
3437 2495 3613 2564 prima

2040 2603 2231 2643 eorum
2266 2603 2386 2658 quae
2425 2589 2590 2642 vitam
2637 2589 3001 2651 constituunt,
3034 2587 3192 2640 nobis
3223 2593 3512 2656 antequam
3544 2584 3610 2645 ad

2043 2679 2147 2731 alia
2207 2679 2641 2748 progrediamur,
2703 2679 2944 2733 breviter
2999 2677 3290 2731 dividenda
3358 2676 3608 2730 veniunt.

2043 2765 2236 2820 Totius
2264 2765 2483 2834 quidem
2523 2767 2770 2836 corporis
2805 2765 3062 2821 membris
3097 2765 3351 2819 materies
3380 2763 3612 2832 singulis

2045 2859 2374 2923 communis,
2411 2858 2465 2912 in
2496 2858 2599 2913 hoc
2633 2867 2685 2913 et
2715 2866 2959 2929 tempore
2996 2865 3048 2912 et
3081 2857 3201 2910 loco
3261 2861 3613 2926 praetereatur

2048 2947 2286 3003 silentio.
2325 2948 2460 3002 Nam
2495 2948 2562 3003 ad
2587 2950 2900 3005 institutum
2937 2957 3186 3004 nostrum
3218 2946 3352 3006 nihil
3399 2944 3610 3004 attinet,

2048 3037 2305 3092 nimirum
2338 3038 2407 3092 ad
2433 3039 2927 3095 considerationem
2944 3039 3345 3110 particularem,
3369 3033 3611 3088 universi

2046 3128 2419 3197 pertractatio.
2455 3128 2598 3200 Ergo
2627 3145 2751 3184 cum
2802 3130 2947 3201 apud
2972 3145 3164 3185 omnes
3187 3130 3291 3183 hoc
3321 3127 3480 3198 quasi
3510 3139 3612 3195 pro

2049 3218 2303 3274 confesso
2333 3219 2426 3286 sit,
2459 3221 2723 3277 exsistere
2754 3222 3012 3292 quiddam
3041 3223 3097 3276 in
3151 3221 3311 3275 nobis
3341 3218 3408 3273 de
3437 3217 3616 3272 omni—

2044 3307 2147 3362 bus
2188 3308 2379 3362 mundi
2403 3309 2708 3377 elementis,
2751 3311 2819 3367 de
2853 3313 3036 3367 calore
3061 3325 3126 3365 ac
3157 3310 3377 3381 frigore,
3421 3307 3489 3363 de
3513 3306 3616 3363 hu-

2045 3412 2200 3454 more
2234 3407 2287 3454 et
2314 3399 2601 3457 siccitate:
2635 3402 2702 3457 de
2728 3403 2958 3473 singulis
2998 3417 3243 3474 agamus.

2115 3506 2378 3564 Videmus
2399 3519 2582 3568 autem
2605 3518 2715 3567 tres
2740 3511 3010 3581 imprimis
3035 3511 3322 3565 facultates
3345 3522 3468 3564 esse
3491 3507 3619 3566 vita:

2043 3608 2245 3656 nostra:
2276 3607 2538 3671 tanquam
2583 3601 2936 3658 administras
2964 3621 2976 3656 :
3011 3616 3242 3671 quarum
3293 3615 3413 3670 quae
3441 3598 3618 3669 prima

2045 3700 2152 3758 est,
2188 3693 2370 3747 calore
2394 3707 2494 3747 suo
2529 3701 2727 3746 cuncta
2767 3692 2952 3747 fovet:
2987 3694 3178 3756 altera,
3221 3692 3366 3761 quod
3418 3703 3617 3746 conca-

2046 3781 2147 3836 luit
2185 3797 2352 3837 succo
2383 3797 2484 3836 suo
2518 3783 2816 3846 humectat,
2849 3789 2909 3836 ut
2943 3797 3037 3852 per
3062 3782 3384 3851 aquabilelm
3440 3778 3618 3848 quali-

2049 3871 2175 3941 tatis
2213 3871 2269 3924 in
2309 3871 2473 3926 rebus
2503 3871 2922 3927 adversantibus
2957 3871 3062 3932 sibi
3099 3869 3438 3941 temperiem,
3482 3882 3626 3937 quae.

2049 3960 2173 4015 dam
2205 3961 2261 4014 in
2315 3960 2690 4017 mediocritate
2755 3963 2938 4032 ipsum
2997 3961 3200 4016 animal
3238 3967 3614 4021 conservetur,

2051 4052 2281 4106 humore
2333 4067 2429 4123 per
2460 4053 2696 4109 calorem
2757 4054 2988 4109 nimium
3039 4067 3318 4122 nunquam
3366 4055 3616 4109 exsucto,

2052 4159 2230 4214 ηρίιυθ
2269 4151 2462 4198 contra
2511 4134 2702 4210 'calore
2759 4161 2856 4215 per
2883 4145 2990 4198 vim
3027 4144 3183 4197 nimii
3235 4140 3481 4195 humoris
3521 4152 3621 4207 0p-

2052 4248 2263 4302 presso.
2297 4231 2483 4287 Tertia
2531 4232 2783 4298 facultas,
2837 4231 3098 4286 articulos
3137 4245 3244 4284 non
3282 4227 3618 4284 cohaerentes

2053 4333 2105 4379 et
2135 4323 2515 4380 interstinctos
2551 4323 2864 4394 ligamentis
2899 4321 3017 4382 suis
3054 4336 3150 4392 per
3177 4317 3619 4374 commissionem

377 4397 642 4468 μόζουσα.
673 4398 766 4449 καὶ
800 4399 961 4450 πᾶσιν
985 4397 1372 4468 ἐπιπέμπουσα
1398 4401 1495 4471 τὴν
1517 4402 1868 4472 αὐτοκίνητόν
1892 4419 1941 4456 τε

2052 4421 2106 4468 et
2129 4413 2467 4468 harmoniam
2496 4419 2741 4470 mutuam
2770 4411 3036 4474 continet,
3102 4409 3496 4482 aptissimeque
3529 4420 3619 4461 co—

375 4489 472 4542 καὶ
505 4489 888 4560 προαιρετικὴν
912 4488 1137 4560 δύναμιν
1157 4505 1169 4520 ·
1197 4485 1264 4562 ἧς
1289 4491 1692 4564 ἐπιλειπούσης,
1716 4494 1950 4566 πέρατον

373 4579 609 4648 γίνεται,
644 4582 740 4634 καὶ
786 4580 1052 4651 νεκρῶδες
1091 4580 1152 4633 τὸ
1194 4581 1377 4651 μέρος,
1427 4581 1520 4636 τοῦ
1567 4583 1947 4655 προαιρετικοῦ

374 4670 690 4739 πνεύματος
724 4671 1050 4741 ἅμοιρῆσαν.
1095 4672 1310 4725 Μᾶλλον
1340 4673 1396 4726 δὲ
1425 4673 1532 4745 πρὸ
1560 4674 1765 4728 τούτων
1801 4675 1951 4742 ἄξιον

373 4762 709 4830 κατανοῆσαι
754 4760 817 4814 τὸ
852 4761 1099 4831 τεχνικὸν
1132 4763 1232 4833 τῆς
1278 4763 1490 4830 φύσεως
1522 4765 1678 4835 ἡμῶν
1707 4766 1766 4818 ἐν
1811 4766 1947 4837 αὐτῇ

373 4855 441 4924 τῇ
468 4851 800 4925 δημιουργίᾳ
827 4852 919 4906 τοῦ
941 4852 1209 4924 σώματος.
1256 4855 1469 4927 Ἐπειδὴ
1496 4855 1602 4927 γὰρ
1629 4855 1690 4908 τὸ
1719 4856 1951 4927 σκληρόν

369 4959 432 4995 τε
456 4944 554 4996 καὶ
582 4944 873 4997 ἀντίτυπον
895 4944 997 5010 τὰς
1022 4944 1344 5016 αἰσθητικὰς
1376 4947 1657 5018 ἐνεργείας
1679 4948 1740 4999 ού
1767 4963 1953 5001 κατα-

369 5033 612 5104 δέχεται,
644 5035 719 5097 ὼς
751 5034 897 5096 ἔστιν
944 5035 1070 5088 ιδεῖν
1122 5037 1214 5089 ἐπί
1243 5052 1302 5088 τε
1347 5035 1454 5090 τῶν
1482 5038 1539 5090 ὲν
1575 5038 1705 5107 ἡμῖν
1728 5035 1950 5100 ὀστέων,

371 5125 474 5176 καὶ
488 5123 596 5178 τῶν
615 5125 672 5176 ἐν
689 5127 755 5195 τῇ
771 5127 842 5195 γῇ
860 5124 1060 5194 φυτῶν,
1078 5127 1135 5180 ὲν
1149 5120 1229 5190 οἷς
1245 5127 1394 5196 ζωῆς.
1405 5127 1504 5194 μέν
1520 5143 1572 5179 τι
1588 5125 1846 5181 κατανοοῦ
1855 5143 1953 5196 μεν

367 5208 518 5275 εἶδος
545 5215 602 5266 ἐν
631 5213 710 5282 τῷ
734 5213 914 5279 αὔξειν
931 5214 1020 5268 καὶ
1050 5214 1366 5288 τρέφεσθαι,
1393 5214 1454 5268 οὐ
1487 5215 1593 5285 μὴν
1624 5213 1954 5284 παρεδέξατο

365 5305 643 5369 ἐναντίως
671 5307 705 5375 ἡ
728 5307 1008 5362 ἀντιτυπία
1031 5311 1119 5365 τοῦ
1145 5305 1508 5376 ὑποκειμένου
1531 5305 1628 5376 τὴν
1668 5305 1917 5377 αἴσθησιν
1937 5323 1951 5337 ·

365 5395 575 5449 ⁸ιειιύτου
607 5396 765 5466 χάριν
799 5396 902 5452 ἔδει
919 5401 1161 5476 καθάπερ
1182 5418 1253 5472 κη
1261 5397 1447 5472 ροειδῆ
1471 5414 1590 5449 τινα
1614 5398 1954 5467 κατασκευὴν

367 5483 711 5553 ὕποτεθῆναι
734 5487 848 5548 ταῖς
874 5491 984 5544 κατ’
1017 5495 1274 5566 αἴσθησιν
1300 5484 1626 5553 ἐνεργείαις,
1653 5484 1956 5555 δυναμένην

367 5577 500 5636 τοϊς
555 5574 944 5650 ἁντιληπτικοῖς
987 5593 1177 5656 τύποις
1231 5575 1750 5647 ἐνσφραγισθῆναι,
1816 5579 1954 5648 μήτε

377 5665 761 5734 συγχεομένην
799 5667 855 5722 δι’
892 5678 1340 5772 ὑπερϐαλλούσης
1382 5668 1677 5736 ὑγρότητος
1700 5686 1712 5698 ο
1758 5671 1816 5721 οὐ
1850 5670 1954 5740 γὰρ

2056 4504 2226 4574 pulat,
2257 4510 2310 4558 et
2337 4503 2589 4558 omnibus
2639 4501 2777 4556 indit
2809 4501 2918 4556 vim
2963 4500 3274 4570 quamdam:
3303 4508 3495 4569 sponte
3524 4513 3624 4553 sua

2056 4607 2115 4647 se
2149 4590 2436 4646 movendi:
2484 4605 2605 4660 quae
2658 4591 2703 4645 si
2752 4589 3054 4656 amittatur,
3107 4589 3410 4644 membrum
3458 4588 3622 4642 etiam

2056 4673 2203 4728 velut
2239 4681 2545 4727 emortuum
2577 4672 2844 4728 exsistere
2865 4687 3090 4728 necesse
3109 4678 3214 4736 est,
3243 4686 3274 4725 a
3312 4681 3504 4741 sponte
3526 4685 3624 4724 sua

2059 4769 2313 4818 movente
2364 4762 2540 4832 ipsum
2572 4763 2767 4833 spiritu
2802 4762 3147 4818 destitutum.
3205 4759 3389 4814 Fuerit
3447 4774 3638 4829 opera:

2059 4851 2292 4922 pretium
2345 4851 2448 4906 boc
2499 4853 2618 4907 loco
2669 4863 2874 4913 natura:
2931 4852 3221 4907 artificium
3274 4852 3328 4904 in
3381 4851 3629 4920 corporis

2060 4945 2334 5000 creatione
2361 4945 2728 5001 considerare.
2764 4946 2899 5000 Nam
2939 4962 3062 5001 cum
3093 4961 3157 5002 ea
3199 4962 3317 5014 qua:
3341 4945 3475 4998 dura
3501 4945 3630 5007 soli-

2061 5036 2234 5107 daque
2260 5047 2410 5103 sunt,
2435 5052 2631 5092 sensus
2659 5038 2906 5092 actiones
2966 5037 3145 5093 nullas
3204 5035 3512 5104 admittant,
3572 5043 3629 5086 ut

2061 5137 2144 5185 est
2177 5127 2363 5182 videre
2389 5130 2444 5182 in
2466 5129 2712 5198 corporis
2744 5129 2916 5184 nostri
2944 5129 3184 5192 ossibus,
3203 5136 3256 5183 et
3285 5135 3441 5183 terra:
3475 5127 3629 5196 plan-

2063 5219 2151 5283 tis,
2186 5218 2239 5272 in
2273 5218 2471 5288 quibus
2505 5233 2628 5274 esse
2653 5220 2777 5273 vita:
2803 5219 3047 5288 quaedam
3077 5219 3287 5297 species
3310 5218 3441 5272 satis
3470 5217 3629 5271 intel-

2064 5309 2250 5379 ligitur
2276 5325 2341 5364 ex
2376 5324 2442 5363 eo
2471 5309 2614 5379 quod
2636 5318 2690 5363 et
2714 5318 3035 5365 accrescunt
3061 5317 3113 5364 et
3135 5309 3470 5369 nutriuntur,
3503 5320 3624 5358 CIIII)

2065 5397 2235 5453 solida
2269 5399 2511 5467 ipsorum
2557 5399 2788 5454 durities
2823 5414 3042 5455 sensum
3084 5413 3192 5453 non
3248 5397 3495 5466 recipiat,
3541 5393 3624 5445 id-

2065 5490 2211 5542 circo
2232 5504 2455 5544 necesse
2484 5497 2598 5543 erat
2621 5489 2890 5558 quoddam
2921 5490 3077 5559 quasi
3109 5504 3327 5544 cereum
3352 5485 3625 5556 Opificium

2065 5596 2324 5636 sensumn
2357 5581 2660 5635 actionibus
2692 5580 2910 5648 subjici,
2947 5580 3090 5650 quod
3148 5588 3334 5646 posset
3383 5573 3628 5630 cedendo

2066 5673 2209 5729 velut
2242 5675 2533 5740 impressas
2565 5680 2723 5727 notas
2758 5672 3018 5740 recipere,
3053 5670 3131 5723 sic
3180 5676 3236 5720 ut
3304 5670 3370 5721 ob
3406 5668 3629 5724 nimiam
