4088 6210
749 333 855 391 9.45

1994 331 2059 390 S.
2102 328 2428 397 GREGORII
2464 325 2755 387 NYSSENI

752 440 1001 516 liuntoris
1031 446 1245 519 copiam
1293 462 1405 506 non
1433 446 1862 509 confunderetur
1924 446 2185 520 (quando
2212 447 2320 507 hu-
2345 458 2366 511 λ

2145 462 2185 504 _o
2212 447 2320 507 hu-
2345 453 2396 512 Α
2424 447 2491 500 ἂν
2517 440 2791 515 διαμείνοι
2809 444 2865 496 ὲν
2894 442 2969 512 τῷ
3003 438 3153 511 ὐγρῷ
3190 438 3250 493 τὸ
3286 434 3631 509 τυπούμενονο
3663 434 3759 505 μήτι

753 538 911 597 ιηῐάεο
941 539 1019 594 rei
1050 539 1194 610 quod
1221 538 1574 610 imprimitur,
1603 538 1795 609 nequit
1849 537 2088 611 durare)
2145 547 2200 595 et
2251 538 2322 603 ob

753 627 1106 685 immodicam
1154 629 1411 687 duritiem
1444 644 1553 684 non
1593 629 1833 693 resilirct
1879 628 2140 700 (quando
2177 627 2322 699 quod

756 723 952 777 cedere
978 720 1186 792 nequit,
1215 728 1375 775 notas
1401 735 1498 790 per
1524 720 1942 791 impressionem
1972 719 2152 777 nullas
2184 717 2324 779 reci-

754 811 901 882 pit),
937 811 1032 866 sed
1063 810 1410 867 mediocriter
1437 819 1583 867 esset
1613 826 1737 867 cum
1768 811 1931 866 molle
1956 818 2071 865 tum
2103 810 2321 873 durum,

754 917 824 956 ne
857 900 1060 956 animal
1086 902 1191 957 hac
1224 899 1485 955 facultate
1523 901 1666 957 inter
1695 909 1923 956 caeteras
1959 898 2325 970 pulcherrima

754 998 985 1056 careret,
1014 1005 1213 1047 sensus
1262 990 1519 1053 nimirum
1586 991 1845 1047 motione.
1899 991 1971 1044 At
2016 989 2161 1045 enim
2199 1001 2323 1042 cum

753 1093 915 1132 omne
942 1079 1086 1149 quod
1119 1080 1355 1153 propriae
1386 1067 1746 1139 mollitudinis
1776 1095 1944 1139 causa
1978 1079 2139 1136 facile
2182 1077 2327 1134 cedit

738 1184 820 1224 ~ac
854 1169 1113 1237 flectitur,
1154 1172 1198 1227 si
1232 1187 1341 1227 non
1365 1173 1527 1233 etiam
1558 1172 1741 1243 aliqua
1775 1188 1840 1227 ex
1900 1179 2056 1242 parte
2105 1168 2326 1232 duritiei

756 1260 829 1314 sit
864 1263 1157 1333 particeps,
1196 1279 1425 1334 prorsus
1452 1278 1576 1323 esse
1606 1272 1790 1321 motus
1830 1279 2026 1333 expers
2056 1263 2325 1327 solutum-

696 1391 711 1397 -
756 1370 863 1421 que
892 1371 1112 1411 necesse
1140 1359 1232 1422 sit,
1276 1356 1453 1411 instar
1501 1357 1842 1413 marinorum
1902 1368 2313 1426 pneumonum:

756 1443 879 1499 ideo
917 1446 1133 1517 corpori
1165 1455 1360 1521 natura
1390 1448 1565 1503 solida
1606 1448 1854 1518 quaedam
1909 1463 2037 1504 ossa
2090 1447 2322 1514 indidit,

756 1551 930 1607 eaque
957 1545 1147 1592 mutuo
1174 1537 1457 1608 aptissima
1490 1538 1776 1593 liarmonla
1796 1539 2092 1608 copulavit,
2119 1548 2176 1595 et
2198 1555 2324 1596 ner-

758 1645 946 1682 vorum
978 1630 1213 1686 vinculis
1238 1632 1635 1687 commissuras
1666 1630 1862 1687 borum
1903 1630 2322 1703 constringens,

758 1715 832 1769 ita
867 1717 1084 1799 demum
1121 1734 1186 1774 ea
1215 1733 1385 1774 carne
1419 1718 1663 1788 undique
1686 1717 1934 1783 obduxit,
1962 1733 2082 1789 quae
2102 1725 2157 1774 et
2201 1734 2322 1777 sen-

2426 533 2702 589 τυποῦσαν
2728 534 2786 587 ὲν
2811 535 2877 604 τῇ
2896 532 3132 603 ἀμετρία
3148 533 3245 600 τῆς
3270 529 3510 601 πήξεως’
3542 528 3760 603 ἀσήμαντ

2425 626 2559 698 πρὸς
2585 625 2709 687 τούς
2743 622 2944 686 τύπους
2999 621 3116 675 ἐστὶ
3143 620 3205 673 τὸ
3229 619 3545 673 ἁνύπεικτον
3566 631 3577 646 ⁸
3626 614 3745 669 ἀλλὰ

2425 715 2652 785 ἔχουσαν
2687 710 3057 783 μαλακότητάς
3087 726 3148 763 τε
3176 708 3294 764 ’καὶ
3326 706 3676 777 στερρότητος,
3700 703 3760 766 ὡς

2425 805 2518 860 τοῦ
2546 803 2830 858 καλλίστου
2860 800 2967 854 τῶν
2983 798 3125 854 κατὰ
3147 798 3246 870 τὴν
3277 796 3438 866 φύσιν
3469 793 3760 867 ὲνεργημάτι

2425 897 2746 969 αἱσθητικῆς
2770 895 2912 964 λέγω
2944 882 3226 964 κινήσεως,
3251 890 3502 962 ἀμοιροίη
3522 890 3575 943 τὸ
3596 887 3760 953 ζῶον.’

2425 988 2601 1042 τοίνυν
2636 987 2698 1041 τὸ
2732 983 2971 1057 μαλακόν
2996 1000 3057 1038 τε
3097 983 3191 1037 καὶ
3219 980 3461 1036 εὐεικτον
3504 976 3743 1050 μηδεμίαν

2425 1079 2532 1134 τῶν
2558 1078 2798 1150 στερρῶν
2824 1077 2946 1148 ἕχον
2967 1076 3274 1146 ἐνέργειαν,
3303 1072 3549 1143 ἀκίνητον
3575 1070 3632 1124 ἃν
3648 1064 3709 1139 ἦν
3734 1085 3760 1120 τ

2428 1170 2523 1225 καὶ
2567 1168 2954 1240 ἀδιάρθρωτον,
2991 1166 3132 1220 κατὰ
3163 1167 3289 1228 τοὺς
3316 1161 3624 1225 θαλασσίους
3641 1159 3760 1212 πνεύ

2426 1258 2514 1313 διὰ
2554 1257 2710 1311 τοῦτο
2758 1255 3150 1326 καταμίγνυσιν
3181 1256 3214 1324 ή
3252 1252 3411 1324 φύσις
3432 1249 3508 1320 τῷ
3533 1248 3760 1319 σώματισι

2367 1348 2381 1355 ’
2425 1349 2625 1403 ὀστέων
2665 1348 3017 1419 στερρότητα,
3044 1346 3137 1399 καὶ
3179 1344 3352 1398 ταῦτα
3395 1342 3529 1414 πρὸς
3550 1339 3737 1409 ἄλληλα

2428 1437 2740 1513 προσφυῶς
2760 1440 3024 1509 ἁρμονίας
3046 1436 3314 1498 ὲνώσασα,
3334 1437 3446 1496 τοῖς
3469 1450 3525 1485 τε
3547 1430 3630 1485 διὰ
3649 1430 3748 1484 τῶν

2428 1529 2747 1600 συνδέσμοις
2771 1527 2871 1591 τὰς
2901 1526 3174 1597 συμϐολὰς
3201 1523 3381 1577 αὐτῶν
3411 1519 3757 1589 ὲπισφίγξασα

2427 1621 2609 1683 αὐτοῖς
2629 1620 2728 1690 τὴν
2748 1618 3000 1687 δεκτικὴν
3015 1616 3122 1670 τῶν
3145 1614 3446 1685 αἰσθήσεων
3469 1612 3748 1683 περιέφυσε

2428 1708 2871 1778 δυσπαθεστέραν
2934 1723 2995 1760 τε
3047 1707 3141 1759 καὶ
3192 1703 3550 1773 εὐτονωτέραν
3594 1704 3657 1772 τῇ
3695 1703 3760 1754 ὲπ

759 1823 919 1863 suum
953 1798 1123 1878 capax
1163 1807 1324 1875 foret,
1379 1818 1432 1863 ct
1471 1809 1761 1880 superficie
1810 1812 2045 1881 quadam
2083 1810 2330 1867 contine-
2365 1803 2373 1858 1

1225 1818 1324 1875 ret,
1379 1818 1432 1863 ct
1471 1809 1761 1880 superficie
1810 1812 2045 1881 quadam
2083 1810 2330 1867 contine-
2365 1802 2408 1858 Β
2435 1798 2839 1870 διειλημμένην·

758 1907 929 1965 retur,
975 1911 1031 1952 ut
1070 1899 1251 1954 minus
1293 1907 1439 1957 esset
1488 1899 1727 1956 obnoxia
1782 1900 2013 1968 morbis,
2060 1915 2125 1956 ac
2164 1902 2341 1972 paulo,

757 1990 987 2044 tensior.

829 2079 1029 2134 Solidis
1064 2081 1213 2136 hisce
1247 2081 1486 2146 ossibus,
1517 2088 1771 2151 tanquam
1801 2080 2093 2145 columnis.
2126 2081 2326 2152 quibus

759 2184 897 2232 onus
919 2168 1129 2225 aedilicii
1153 2176 1322 2222 totum
1352 2169 1636 2237 incumbit,
1661 2171 1908 2241 corporis
1934 2171 2128 2227 molem
2152 2173 2328 2242 impo-

759 2263 868 2316 suit
894 2262 1227 2317 universam.
1256 2262 1441 2333 Neque
1479 2278 1645 2317 unum
1691 2263 1745 2318 in
1775 2276 2004 2333 corpore
2029 2270 2236 2318 tantum
2264 2277 2327 2320 os

759 2368 880 2406 esse
913 2354 1103 2415 voluit,
1141 2360 1427 2424 prapterca
1466 2354 1613 2425 quod
1650 2369 1878 2411 necesse
1908 2355 2103 2411 fuisset
2148 2355 2328 2412 homi-

758 2459 880 2499 nem
919 2444 1097 2498 omnis
1138 2452 1193 2499 et
1220 2452 1399 2501 motus
1429 2452 1482 2500 et
1531 2444 1764 2501 actionis
1795 2451 2071 2515 expertem
2098 2460 2240 2511 esse,
2280 2446 2329 2503 si

758 2546 823 2595 eo
858 2540 1017 2601 pacto
1055 2534 1228 2603 ipsum
1256 2534 1655 2590 conformasset
1685 2542 1903 2600 natura,
1934 2548 2045 2605 quo
2080 2535 2325 2603 arbores,

759 2637 868 2677 uno
924 2636 1135 2692 semper
1163 2624 1522 2681 consistentes
1552 2625 1607 2678 in
1646 2623 1784 2679 loco.
1816 2622 1951 2678 Nam
1978 2639 2153 2695 neque
2203 2639 2328 2695 pro-

758 2712 907 2782 gredi
941 2715 1225 2782 potuisset,
1246 2715 1292 2770 si
1322 2730 1483 2770 crura
1513 2730 1621 2771 non
1654 2708 1898 2771 licuisSet
1926 2716 2167 2774 vicissim
2193 2716 2327 2773 sub-

758 2791 866 2855 lata
898 2804 1126 2870 ulterius
1182 2804 1475 2876 collocare,
1518 2820 1695 2874 neque
1723 2806 1974 2863 manibus
2034 2806 2112 2861 uti
2155 2805 2330 2864 admi-

761 2892 967 2947 nistris.
1002 2893 1156 2949 Nunc
1209 2909 1336 2950 vero
1375 2896 1637 2967 singulari
1688 2905 1898 2952 natura:
1937 2896 2171 2953 artiﬁcio
2205 2912 2330 2954 cor-9

760 2984 913 3061 poris
948 2994 1282 3054 organumct
1302 2986 1420 3042 loco
1449 2994 1718 3067 movetur,
1738 2995 1793 3043 et
1821 2988 2015 3060 agendi
2054 2995 2138 3047 est
2162 2987 2330 3049 facul-

761 3079 871 3129 tate
910 3075 1198 3144 praeditum
1233 3115 1247 3140 ,
1294 3084 1581 3146 postquam
1619 3080 1668 3131 ei
1700 3091 1795 3147 per
1824 3078 2051 3148 spiritus
2093 3078 2326 3134 ultronei

762 3172 945 3223 motus
966 3175 1240 3230 auctores,
1293 3167 1387 3234 qui
1446 3182 1539 3236 per
1597 3181 1796 3225 nervos
1831 3168 2114 3233 diduntur,
2157 3169 2241 3226 vis
2278 3178 2332 3227 et

763 3257 997 3329 impetus
1029 3256 1247 3327 quidam
1276 3256 1341 3309 ad
1369 3257 1549 3311 varios
1573 3264 1755 3315 motus
1774 3258 2026 3324 accessit.
2061 3256 2198 3313 Hinc
2228 3265 2329 3329 est,

763 3346 909 3417 quod
945 3363 1200 3402 manuum
1240 3348 1544 3404 ministerio
1576 3356 1631 3415 et
1646 3360 1811 3417 opera
1837 3347 2058 3413 utimttr,
2076 3347 2226 3403 varia
2241 3349 2332 3404 illa

763 3436 1018 3516 profecto,
1041 3446 1095 3490 ct
1129 3436 1446 3505 multiplice,
1480 3449 1683 3506 perque
1725 3450 1886 3499 omne
1921 3436 1987 3491 ad
2024 3436 2333 3492 institutum

765 3526 931 3584 animi
984 3527 1143 3581 nobis
1199 3526 1409 3580 idonea.
1463 3525 1601 3580 Hinc
1645 3525 1875 3581 cervicis
1946 3532 2031 3582 est
2091 3526 2333 3591 inﬂexio,

763 3614 896 3669 hinc
942 3615 1138 3685 capitis
1191 3614 1572 3672 inclinationes
1603 3621 1657 3670 et
1685 3616 2016 3689 erectienes;
2066 3616 2192 3681 hinc
2223 3630 2335 3671 ma-

766 3706 1017 3760 xillarum
1058 3712 1272 3773 motus;
1332 3706 1456 3790 binc
1492 3707 1869 3778 palpebrarum
1910 3707 2171 3776 diductio,
2214 3722 2335 3778 qua:

766 3812 891 3853 cum
943 3807 1076 3861 nutu
1119 3797 1212 3863 fit;
1242 3798 1368 3853 hinc
1397 3808 1717 3854 cmterorum
1746 3800 2104 3866 articulorum
2142 3805 2334 3855 motus

767 3886 995 3957 profecti
1050 3895 1196 3954 sunt,
1226 3889 1317 3959 qui
1374 3903 1667 3944 nervorum
1701 3890 1784 3945 vel
1821 3891 2070 3952 tensione
2115 3890 2199 3949 vel
2250 3905 2338 3944 re-

766 3978 1053 4043 missione,
1091 3981 1246 4048 quasi
1285 3979 1575 4050 quamdam
1599 3996 1696 4051 per
1716 3981 2021 4036 machinam
2053 3983 2210 4038 liunt.
2244 3980 2341 4038 Vis

768 4068 987 4139 quidem
1019 4070 1221 4140 passim
1248 4085 1344 4138 per
1364 4085 1564 4125 nervos
1588 4071 1736 4139 ipsos
1774 4086 1895 4126 sese
1917 4071 2122 4129 dedens
2150 4073 2229 4128 sic
2247 4081 2341 4131 est

770 4176 800 4215 a
826 4170 1024 4215 natura
1046 4142 1380 4232 comparata,
1397 4172 1455 4216 ut
1475 4178 1542 4218 ex
1571 4161 1745 4217 lubitu
1762 4162 2094 4234 arbitrioque
2121 4164 2341 4234 proprio

768 4263 1075 4317 moveatur,
1130 4258 1184 4307 et
1217 4252 1449 4323 singulis
1503 4252 1561 4307 in
1613 4250 1875 4308 membris
1928 4267 2024 4323 per
2088 4253 2340 4324 spiritum

768 4348 961 4409 sponte
1020 4356 1119 4396 sua
1172 4355 1231 4397 se
1265 4341 1562 4415 agitantem
1605 4338 1916 4397 eﬁectiones
1941 4356 2071 4397 suas
2121 4341 2339 4400 habeat.

2499 2077 2684 2151 Ταύτῃ
2722 2076 2900 2131 τοίνυν
2938 2078 3004 2145 τῇ
3060 2072 3261 2144 στεῤῥᾷ
3305 2068 3412 2123 τῶν
3452 2068 3647 2122 ὀστέων
3670 2068 3760 2138 φύς

2429 2171 2639 2233 στύλοις
2663 2169 2800 2223 τισὶν
2825 2166 3165 2238 ἀχθοφόροις,
3198 2161 3316 2216 ὅλον
3346 2158 3440 2213 τοῦ
3468 2159 3707 2230 σώματος
3742 2161 3760 2211 ἐ

2425 2262 2487 2315 τὸ
2523 2261 2705 2332 βάρος,
2736 2260 2836 2313 οὐκ
2850 2257 3154 2326 ἀδιαίρετον
3171 2254 3395 2323 ἐνέφυσε
3421 2251 3496 2323 τῷ
3522 2252 3675 2306 παντὶ
3702 2250 3760 2303 τὸ

2426 2347 2505 2407 Ἦ
2528 2351 2637 2422 γὰρ
2672 2350 2737 2404 ἂν
2768 2346 3021 2416 ἀκίνητός
3067 2361 3125 2397 τε
3159 2344 3254 2398 καὶ
3286 2342 3638 2413 ἅνενέργητος
3682 2340 3760 2411 ἔμε

2425 2443 2567 2497 οὕτω
2622 2438 2965 2507 κατασκευῆς
3004 2432 3147 2506 εἶχεν
3193 2435 3224 2487 δ
3269 2432 3585 2505 ἄνθρωπος,
3635 2431 3760 2485 καθά

2425 2529 2640 2600 δένδρον
2701 2527 2784 2596 ἐφ’
2817 2525 2934 2589 ἐνὸς
2961 2524 3126 2577 τόπου
3162 2523 3339 2593 μένον,
3377 2522 3512 2592 μήτε
3544 2520 3642 2591 τῆς
3660 2521 3760 2573 τῶν

2424 2620 2675 2691 διαδοχῆς
2705 2619 2796 2673 ἐπὶ
2815 2617 2877 2671 τὸ
2892 2617 3078 2688 πρόσω
3121 2614 3464 2684 προαγούσης
3482 2612 3580 2684 τὴν
3603 2613 3760 2681 κίνησ

2426 2712 2528 2781 τῆς
2575 2710 2684 2765 τῶν
2733 2708 2931 2781 χειρῶν
2960 2706 3260 2777 ὑπουργίας
3297 2702 3733 2776 χρησιμευούσης

2426 2801 2565 2856 Νυνὶ
2591 2801 2650 2859 δὲ
2680 2797 3040 2870 μεταϐατικὸν
3067 2793 3205 2850 εἶναι
3229 2795 3324 2849 καὶ
3355 2793 3656 2864 πρακτικὸν
3685 2794 3744 2846 τὸ

2426 2892 2619 2962 διὰτῆς
2642 2890 2881 2953 ἐπινοίας
2896 2888 3099 2958 ταύτης
3117 2888 3517 2957 ἐμηχανήσατο,
3540 2884 3618 2956 τῷ
3640 2901 3760 2955 προς

2429 2981 2699 3052 πνεύματι
2722 2980 2801 3050 τῷ
2834 2979 2920 3035 διὰ
2953 2977 3061 3036 τῶν
3091 2976 3298 3049 νεύρων
3322 2975 3583 3046 διήκοντι,
3610 2973 3712 3043 τὴν
3742 2991 3760 3024 1

2431 3074 2671 3144 κινήσεις
2697 3072 2873 3144 ὁρμήν
2923 3086 2985 3122 τε
3018 3068 3110 3122 καλ⁵
3137 3066 3363 3137 δύναμιν
3402 3065 3617 3119 ἐνθεῖσα
3660 3063 3740 3134 τῷ

2356 3133 2400 3193 C
2446 3133 2782 3233 Ἐντεῦθενῆ
2803 3133 2911 3215 τῶν
2949 3159 3143 3232 χειρῶν
3176 3133 3466 3228 ὑπουργία,
3498 3157 3534 3228 ἡ
3565 3133 3760 3209 ποικίλη

2434 3254 2824 3324 πολύστροφος,
2885 3252 2979 3304 καὶ
3037 3251 3173 3322 πρὸς
3217 3252 3398 3305 πᾶσαν
3433 3235 3683 3304 ἐπίνοιαν
3715 3251 3760 3301 ἐς

2447 3346 2722 3412 Ἐντεῦθεν
2762 3349 2818 3398 αἱ
2867 3342 2961 3397 τοῦ
2992 3344 3214 3414 αὐχένος
3248 3342 3636 3414 περιστροφαὶ,
3663 3342 3760 3393 καὶ

2436 3438 2609 3510 φαλῆς
2636 3437 2936 3499 ὲπικλίσεις
2967 3453 3027 3488 τε
3057 3436 3152 3489 καὶ
3177 3434 3514 3500 ἀνανεύσεις,
3552 3435 3649 3488 καὶ
3687 3435 3721 3504 ἡ
3753 3450 3760 3485 :

2435 3531 2599 3600 γένην
2628 3526 2895 3598 ἐνέργεια,
2932 3526 3027 3581 καὶ
3072 3526 3106 3595 ἡ
3144 3523 3253 3579 τῶν
3299 3522 3585 3604 βλεφάρων
3614 3523 3760 3577 διασπ

2436 3619 2664 3691 νεύματι
2698 3618 2977 3688 γινομένη,
3011 3617 3105 3670 καὶ
3147 3615 3253 3669 τῶν
3286 3614 3491 3668 λοιπῶν
3521 3614 3750 3687 ἄρθρων

2441 3728 2552 3775 σεις
2578 3712 2641 3777 ὲν
2674 3709 2886 3780 νεύροις
2943 3708 3042 3779 μέν
3073 3724 3215 3760 τισιν
3249 3706 3674 3779 ἀνασπωμένοις
3704 3705 3739 3776 ἢ

2440 3819 2571 3866 νοις,
2600 3799 2851 3869 καθάπερ
2888 3799 2951 3851 ὲκ
2982 3798 3231 3870 μηχανῆς
3248 3803 3414 3861 τινος,
3456 3794 3759 3868 ὲνεργοῦντ

2439 3892 2528 3947 διὰ
2540 3891 2741 3945 τούτων
2771 3887 3039 3954 διεξιοῦσα
3062 3888 3288 3959 δύναμις
3313 3886 3750 3940 αὐτοκέλευστον

2439 3983 2538 4053 τὴν
2564 3980 2759 4053 ὁρμὴν,
2791 3976 3156 4050 προαιρετικῷ
3188 3974 3459 4047 πνεύματι
3485 3975 3634 4029 κατά
3667 3991 3756 4028 τιν

2440 4072 2749 4142 οἰκονομίαν
2778 4071 2961 4134 ἐντοῖς
2979 4068 3311 4123 καθέκαστον
3341 4066 3744 4137 ἐνεργουμένη.

2444 4164 2661 4217 πάντων
2695 4159 2988 4230 ἀπεδείχθη
3030 4159 3122 4214 καὶ
3169 4159 3311 4230 ἀρχὴ
3343 4159 3453 4212 τῶν
3486 4158 3639 4211 κατὰ
3665 4158 3739 4210 τὰ

2442 4254 2669 4321 νήσεων,
2703 4252 2732 4303 δ
2761 4249 2852 4303 τὸν
2902 4247 3202 4317 ἐγκέφαλον
3248 4247 3518 4319 περιέχων
3548 4244 3760 4317 νευρὼξ

2443 4341 2640 4397 Οὐκέτι
2674 4335 2766 4393 οὖν
2807 4338 3092 4409 ἡγούμεθα
3138 4338 3249 4392 δεῖν
3293 4337 3760 4409 πολυπραγμονεῖ

767 4431 1073 4486 lndicatum
1130 4432 1362 4487 antehae
1426 4439 1529 4499 est,
1588 4430 1827 4487 radicem
1905 4431 2381 4513 principiumque]

2132 4434 2344 4505 iumque
2376 4456 2420 4510 ι)
2444 4431 2554 4489 τῶν
2586 4428 2831 4496 ζωτικῶν
2889 4428 3111 4499 μορίων,
3172 4428 3232 4480 τὸ
3274 4427 3512 4481 τοιοῦτόν
3564 4429 3746 4493 ἐστιν,

770 4530 1014 4577 motuum
1044 4522 1100 4576 in
1148 4524 1351 4587 nervis,
1390 4538 1512 4589 esse
1543 4522 1599 4576 in
1648 4523 1963 4578 membrana
2012 4524 2105 4579 illa
2136 4540 2337 4582 nervea

2444 4522 2750 4594 δειχθείσης
2768 4518 2889 4590 ’τῆς
2920 4519 3203 4590 κινητικῆς
3243 4518 3547 4590 ἐνεργείας.

770 4614 1052 4685 cerebrum
1076 4614 1342 4683 amplexa.
1366 4612 1729 4683 Quamobrem
1772 4616 1989 4671 curiose
2032 4615 2102 4672 de
2145 4620 2406 4677 membris
2442 4614 2690 4687 singulis,
2721 4627 2845 4683 qua:
2890 4610 3147 4666 facultate
3181 4618 3427 4665 movente
3451 4608 3695 4678 praedita
3723 4624 3753 4663 s

772 4706 1095 4789 quirendum
1145 4721 1255 4768 non
1290 4713 1544 4776 putamus
1580 4724 1595 4763 :
1629 4707 1864 4775 quando,
1890 4706 2035 4764 unde
2068 4711 2321 4768 movendi
2341 4710 2574 4768 facultas
2605 4704 3005 4776 proﬁciscami
3037 4712 3122 4757 est
3143 4700 3635 4759 demonstratum.

846 4797 1112 4874 Caeterum
1136 4799 1402 4879 maximas
1417 4798 1483 4853 ad
1510 4798 1676 4855 vitam
1711 4799 2126 4857 commoditates
2157 4803 2291 4858 oriri
2313 4818 2344 4859 a

775 4887 1021 4958 cerebro,
1053 4887 1356 4943 clarissime
1405 4886 1759 4969 perspicitur,
1783 4902 1906 4942 cum
1930 4890 2057 4961 quid
2097 4890 2227 4948 huic
2248 4894 2344 4949 ad-

771 4979 915 5037 versi
949 4978 1168 5039 accidit.
1195 4976 1328 5031 Nam
1357 4978 1402 5034 si
1429 4971 1744 5034 membrana
1763 4978 1940 5057 ipsum
1964 4980 2211 5038 ambiens
2235 4983 2344 5039 vul-

700 5144 721 5149 λ
770 5078 993 5129 neretur
1045 5077 1137 5125 aut
1183 5081 1489 5142 rumpatur,
1542 5070 1801 5126 continuo
1851 5085 2002 5134 mors
2065 5071 2340 5129 hominem

774 5170 1027 5233 occupat,
1055 5171 1249 5226 natura
1295 5178 1362 5217 ne
1386 5162 1456 5216 ad
1483 5170 1814 5235 momentum
1862 5163 2087 5235 quidem
2131 5165 2346 5222 valente

772 5253 1046 5320 resistere,
1086 5253 1309 5324 perinde
1334 5263 1496 5325 atque
1528 5251 1882 5311 fundamento
1916 5255 2168 5321 subruta,
2209 5256 2339 5313 aedi-

774 5343 955 5399 ficium
986 5351 1160 5399 totum
1192 5344 1256 5400 ad
1295 5348 1704 5405 succussionem
1745 5350 1915 5419 partis
1947 5362 2056 5415 una
2093 5351 2344 5420 quassari

774 5450 999 5491 necesse
1022 5444 1126 5493 est.
1160 5435 1280 5504 Quo
1321 5439 1485 5513 igitur
1526 5438 1771 5495 membro
1798 5438 1992 5495 affecto
2028 5440 2230 5499 animal
2261 5446 2344 5496 to-

774 5527 1140 5603 tum‘interit,
1174 5530 1229 5586 id
1267 5531 1568 5595 membrum
1608 5530 1731 5586 vita:
1776 5546 1997 5588 causam
2069 5531 2344 5602 praecipue

776 5620 1055 5677 ccnlinere
1083 5622 1370 5678 fateamur.
1402 5620 1534 5676 Cum
1560 5636 1691 5677 vero
1718 5622 1771 5676 in
1810 5622 1878 5677 iis
1903 5622 1996 5692 qui
2029 5621 2096 5679 de
2118 5622 2346 5681 vitami-

778 5721 1004 5783 grarunt
1030 5724 1082 5767 et
1117 5714 1388 5784 exstingui
1435 5714 1665 5771 calorem
1722 5728 1748 5765 τι
1779 5722 1970 5769 natura
2031 5714 2257 5769 inditum
2294 5724 2344 5769 et

2521 4801 2640 4854 Ὅτι
2660 4798 2718 4852 δὲ
2745 4795 2996 4868 μέγιστόν
3023 4812 3075 4848 τι
3105 4793 3348 4848 συντελεῖ
3389 4793 3528 4864 πρὸς
3551 4793 3665 4863 τὴν
3688 4791 3760 4855 ζα

2447 4889 2702 4960 κέφαλος,
2742 4886 2988 4959 ἐναργῶς
3028 4886 3089 4939 τὸ
3139 4884 3200 4951 ὲξ
3240 4885 3483 4939 ἐναντίου
3518 4884 3760 4954 συμϐαἰε

2447 4983 2511 5035 Et
2539 4982 2646 5052 γάρ
2665 4995 2787 5034 τινα
2815 4977 3067 5049 τρῶσινῆ
3103 4976 3254 5048 ῥῆξιν
3281 4978 3309 5030 ὁ
3326 4977 3455 5047 περὶ
3479 4976 3659 5028 αὐτὸν
3690 4975 3760 5043 by

2449 5070 2612 5135 εὐθὺς
2647 5065 3049 5137 ἐπηκολούθησε
3078 5066 3157 5137 τῷ
3202 5063 3363 5119 πάθει
3392 5067 3421 5118 δ
3453 5065 3726 5128 θάνατος,

2448 5161 2510 5216 τὸ
2534 5159 2736 5231 ἀκαρὲς
2763 5159 2861 5229 τῆς
2876 5157 3088 5227 φύσεως
3107 5156 3459 5227 ἀντισχούσης
3482 5159 3555 5226 τῇ
3591 5155 3757 5227 τρώσ

2450 5248 2699 5318 θεμελίου
2761 5248 2906 5310 τινὸς
2967 5246 3405 5309 ὐποσπασθέντος
3448 5244 3576 5299 ὅλον
3604 5244 3673 5297 τὸ
3710 5244 3760 5297 oi

2452 5342 2875 5413 συγκατεσείσθη
2929 5340 3007 5411 τῷ
3036 5340 3219 5411 μέρει·
3280 5332 3341 5393 οὗ
3382 5338 3571 5393 τοίνυν
3609 5334 3760 5390 παθό

2450 5432 2606 5503 δηλός
2630 5433 2776 5485 ἐστιν
2796 5431 2937 5502 ἰιτοῦ
2956 5430 3152 5495 παντὸς
3172 5429 3311 5496 ζώου
3334 5428 3636 5500 διαφθορὰ,
3657 5428 3760 5484 τοῦ

2450 5521 2517 5575 ἂν
2568 5525 2666 5593 τῆς
2715 5523 2858 5593 ζωῆς
2895 5523 2993 5594 τὴν
3025 5523 3203 5577 αἰτίαν
3250 5521 3392 5593 ἔχειν
3431 5520 3760 5591 ὀμολογοῖτι

2450 5615 2505 5666 δὲ
2536 5618 2628 5669 καὶ
2664 5617 2771 5669 τῶν
2802 5600 3168 5687 παυσαμένων
3195 5615 3286 5667 τοῦ
3310 5614 3411 5686 ζῇν
3441 5610 3760 5667 κατασϐεσί

2451 5710 2774 5782 ἐγκειμένης
2802 5712 2865 5779 τῇ
2893 5710 3048 5779 φύσει
3083 5708 3429 5778 θερμότητος,
3464 5705 3523 5759 τὸ
3561 5722 3760 5778 νεκρω
