4088 6210
88 6012 103 6101 ‘1

313 197 419 257 245
1557 196 1644 250 DE
1684 194 1919 251 HOMINI

2020 192 2321 250 DPlFlClO.
3477 183 3586 240 246

313 312 564 387 ψύχεται,
596 309 687 365 διά
740 305 899 364 τοῦτο
950 310 1044 364 καὶ
1078 309 1134 362 ὲν
1186 309 1262 379 τῷ
1298 307 1485 382 θερμῷ
1529 310 1625 380 τὴν
1660 307 1895 380 ζωτικὴν

2020 306 2149 380 ιιιοᾶ
2165 309 2475 362 emortuum
2510 310 2613 371 est,
2664 299 2922 372 occupari
2953 314 2985 354 a
3013 297 3219 375 frigore
3271 294 3583 359 videamus,

316 404 498 460 αἰτίαν
514 403 943 473 κατενοήσαμεν.
976 393 1052 456 Ob
1086 400 1193 473 γὰρ
1224 400 1623 465 ἐπιλελοιπότος
1658 402 1902 472 ἠνεκρό-

315 514 421 568 της
453 493 913 565 ἐπηκολούθησεν,
944 493 1156 564 ἀνάγκη
1193 495 1342 549 πᾶσα
1367 497 1434 564 τῇ
1474 494 1746 565 παρουσίᾳ
1770 493 1896 547 τούσ-

312 605 412 642 του
430 585 753 641 συνεστάναι
783 585 844 639 rb
860 586 995 651 ζῶον
1015 585 1409 657 ὁμολογεῖσθαι.
1443 587 1554 658 Τῆς
1570 586 1625 639 δέ
1646 586 1903 657 τοιαύτης

312 679 597 749 δυνάμεως
631 671 740 730 οἷον
772 677 956 747 πηγήν
1006 694 1127 731 τινα
1182 677 1276 731 καὶ
1321 677 1495 749 ἀρχὴν
1536 676 1632 749 τὴν
1674 678 1901 749 καρδίαν

314 770 752 839 κατενοήσαμεν,
792 767 886 836 ἀφ’
937 761 1005 839 ἧς
1049 767 1343 831 αὐλοειδεῖς
1378 768 1536 839 πόροι
1570 768 1904 839 πολυσχιδῶς

313 858 478 922 ἄλλος
537 858 598 923 ἐξ
648 857 809 912 ἄλλοι)
858 858 1224 929 διαφυόμενοι,
1274 859 1437 913 παντὶ
1477 858 1557 929 τῷ
1594 859 1806 929 σώματι
1845 860 1907 913 rb

314 946 573 1017 πυρῶδες
615 948 709 1001 καὶ⁹
758 946 959 1019 θερμὸν
1014 948 1286 1018 διαχέουσι
1346 947 1584 1020 πνεῦμα.
1649 950 1802 1004 Ἐπεὶ
1850 950 1907 1004 δὲ

315 1036 541 1098 πάντως
572 1036 667 1089 καὶ
686 1036 893 1106 τροφὴν
920 1036 1025 1089 ἔδει
1052 1036 1174 1090 τινά
1209 1034 1287 1107 τῷ
1315 1035 1504 1108 θερμῷ
1542 1040 1907 1109 συμπαρεῖναι

315 1127 476 1198 παρά
508 1127 611 1196 τῆς
651 1127 865 1196 φύσεως
890 1145 900 1155 ·
932 1128 995 1180 ού
1020 1127 1126 1198 γάρ
1151 1127 1424 1197 ἐνδέχεται
1461 1128 1520 1180 rb
1544 1127 1652 1199 πῦρ
1680 1130 1763 1196 ἐφ’
1785 1129 1911 1181 ἐαυ-

315 1216 433 1269 τοῦ
480 1217 686 1287 μένειν,
743 1218 817 1287 μὴ
879 1216 967 1270 διὰ
1003 1206 1097 1269 τοῦ
1152 1218 1486 1288 καταλλήλου
1530 1219 1861 1290 τρεφόμενον
1892 1235 1905 1249 ⁸

313 1306 415 1360 διὰ
444 1308 603 1360 τοῦτο
634 1308 682 1360 οί
715 1306 808 1359 τοῦ
856 1308 1089 1377 αἵματος
1119 1308 1318 1377 ὀχετοὶ,
1348 1308 1598 1380 καθάπερ
1624 1310 1687 1362 ὲκ
1727 1310 1911 1382 πηγῆς

316 1415 473 1462 τινος
492 1398 588 1452 τοῦ
616 1399 827 1469 ἥπατος
874 1398 1280 1470 ἀφορμηθέντες
1325 1399 1402 1470 τῷ
1431 1398 1617 1471 θερμῷ
1640 1400 1911 1472 πνεύματι

318 1490 578 1559 πανταχῆ
623 1488 766 1542 κατὰ
786 1488 847 1542 rb
883 1488 1039 1558 σῶμα
1069 1489 1593 1559 συμπαροδεύουσιν,
1624 1491 1699 1555 ὡς
1737 1491 1803 1545 ἂν
1838 1491 1912 1563 μὴ

323 1576 572 1645 μονωθὲν
603 1574 696 1627 τοῦ
726 1576 912 1647 ἐτέρου
949 1576 1008 1629 τὸ
1036 1576 1245 1648 ἕτερον,
1286 1578 1575 1653 διαφθείρῃ
1596 1580 1693 1651 τὴν
1724 1581 1909 1649 φύσιν,

2004 397 2209 453 idcirco
2230 398 2392 452 etiam
2445 394 2500 450 in
2531 395 2715 451 calore
2752 407 2976 449 causam
3008 389 3299 462 quamdam
3364 385 3587 442 vivendi

2005 486 2281 556 ponimus.
2309 482 2429 549 Quo
2466 483 2610 539 enim
2635 482 2840 537 amisso
2862 479 3174 536 mortalitas
3203 477 3583 547 consequitur,

2005 577 2059 631 id
2089 566 2329 646 quandiu
2354 575 2514 631 nobis
2548 573 2819 645 integrum
2847 580 2954 638 est,
2990 570 3125 625 nihil
3147 567 3397 623 accidere
3423 581 3587 637 posse
3612 621 3616 625 _
3644 644 3649 649 .

2004 668 2128 724 vita:
2152 666 2487 732 detrimenti,
2519 664 2833 721 necessario
2868 661 3167 734 colligitur.
3194 658 3375 729 Hujus
3405 657 3585 714 facul-

2007 759 2138 816 tatis
2180 773 2275 814 cor
2336 766 2420 814 est
2446 758 2605 829 quasi
2654 755 2876 827 quidam
2924 752 3048 810 fons
3085 758 3140 809 et
3174 749 3526 821 principium,
3557 764 3588 802 a

1978 863 2115 920 -quo
2141 860 2351 904 meatus
2373 848 2475 903 orti
2505 844 2818 903 consimiles
2846 843 3022 910 tibiis,
3053 838 3428 909 multipliciter
3458 838 3586 893 aliis

2010 939 2147 995 alios
2178 938 2627 1010 propagantibus,
2661 951 2758 1007 per
2804 949 3006 1005 corpus
3032 931 3352 987 universum
3400 928 3591 1000 igneos

2009 1027 2326 1099 calidosque
2346 1029 2571 1099 spiritus
2592 1027 2923 1082 diﬁ'undunt.
2948 1023 3196 1095 Cumque
3218 1019 3593 1077 necessarium

2010 1120 2149 1177 foret
2174 1130 2235 1176 ut
2260 1131 2581 1192 perpetuum
2607 1120 2779 1176 calori
2803 1118 3121 1175 alimentum
3144 1113 3537 1185 adjungeretur
3563 1125 3594 1164 a

2010 1222 2226 1279 natura,
2260 1211 2479 1282 quando
2508 1210 2649 1282 ignis
2669 1225 2766 1281 per
2800 1224 2860 1265 se
2878 1209 3079 1263 durare
3111 1204 3323 1276 nequit,
3355 1203 3404 1257 si
3435 1217 3467 1256 a
3488 1217 3595 1257 nu-

2010 1305 2397 1360 trimentossibi
2422 1304 2781 1359 conveniente
2823 1301 3175 1363 destitualm‘.
3222 1296 3431 1355 ideirco
3466 1308 3596 1350 8³η-

2011 1393 2191 1463 guinis
2212 1393 2313 1447 rivi
2344 1391 2410 1449 de
2434 1392 2679 1463 jecinore
2696 1389 2855 1461 quasi
2880 1387 3030 1444 fonte
3066 1385 3304 1458 quodam
3334 1381 3590 1454 profecti.

2012 1492 2127 1540 toto
2173 1500 2397 1555 corpore
2444 1484 2621 1538 calido
2681 1482 2901 1553 spiritui
2951 1479 3183 1536 comites
3244 1482 3396 1540 sunt,
3428 1489 3497 1529 ne
3547 1473 3595 1530 si

2016 1577 2244 1635 alterum
2273 1576 2341 1630 ab
2367 1578 2538 1630 altero
2567 1576 2935 1636 desereretur,
2982 1569 3176 1625 morbo
3204 1573 3461 1636 correpta
3494 1578 3595 1619 na-

321 1666 503 1729 πάθος
530 1667 839 1735 γενόμενον.
875 1666 1183 1721 Παιδευέτω
1204 1667 1361 1721 τοῦτο
1388 1670 1515 1731 τοὺς
1542 1671 1911 1735 ἀτακτοῦντας

2020 1676 2134 1722 tura
2170 1667 2440 1721 interiret.
2464 1666 2541 1721 De
2572 1680 2681 1736 quo
2711 1664 2944 1734 injustos
2976 1661 3228 1716 homines
3255 1666 3311 1715 et
3359 1660 3597 1727 inaequa-

323 1753 460 1823 περὶ
504 1752 565 1805 rb
610 1748 747 1816 ἴσον,
786 1753 1131 1823 διδαχθέντας
1162 1756 1312 1826 παρά
1360 1757 1460 1827 τῆς
1500 1757 1735 1827 φύσεως,
1776 1761 1854 1813 ὅτι
1879 1761 1912 1829 ἡ

326 1841 612 1908 πλεονεξία
661 1843 982 1912 φθοροποιὸν
1020 1862 1074 1897 τι
1127 1845 1297 1910 πάθος
1345 1845 1515 1904 ἐστίν.
1555 1849 1695 1902 Ἀλλ’
1726 1851 1913 1925 ἐπειδὴ

336 1933 503 2003 μόνον
534 1935 823 2006 ἀπροσδεές
855 1937 971 1989 ἐστι
1000 1936 1060 1989 rb
1078 1935 1262 2003 Θεῖον,
1285 1940 1318 2009 ἠ
1345 1939 1401 1994 δὲ
1418 1939 1733 2012 ἀνθρωπίνη
1766 1961 1913 1999 πτω-

334 2027 464 2095 χεία
493 2027 599 2079 τῶν
624 2027 819 2093 ἔξωθεν
842 2030 978 2100 πρὸς
1021 2029 1119 2100 τὴν
1155 2030 1292 2085 ίδίαν
1325 2034 1584 2089 σύστασιν
1614 2036 1910 2106 ἐπιδέεται,

328 2114 422 2166 διά
451 2114 605 2168 τοῦτο
633 2119 752 2179 ταῖς
773 2117 923 2187 τρισὶ
953 2117 1179 2181 ταύταις
1207 2118 1487 2189 δυνάμεσι,
1513 2122 1578 2175 δι’
1609 2116 1683 2177 ὧν
1708 2125 1916 2197 ἔφαμεν

328 2203 480 2257 ἅπαν
535 2206 936 2276 οἰκονομεῖσθαι
992 2207 1052 2260 rb
1108 2209 1270 2278 σῶμα
1305 2249 1318 2271 ,
1376 2212 1668 2284 ἐπίρρυτον
1719 2215 1917 2280 ἔξωθεν

328 2296 616 2364 ἐπεισάγει
644 2296 742 2367 τὴν
762 2296 915 2368 ὓλην,
948 2298 1221 2370 διαφόροις
1248 2302 1474 2365 εἰσόδοις
1503 2304 1563 2357 τὸ
1586 2306 1915 2378 κατάλληλον

327 2388 523 2449 αὐταῖς
557 2388 945 2452 είσοικίξουσα.
984 2389 1061 2459 Τῇ
1097 2390 1195 2459 μὲν
1232 2390 1518 2466 γὰρπηγῇ
1541 2394 1631 2448 τοῦ
1663 2396 1913 2467 αἵματος,

326 2477 360 2544 ἦ
390 2496 480 2541 τις
526 2479 592 2531 τὸ
632 2475 787 2552 ἧπάρ
806 2483 943 2543 ἐστι,
975 2480 1075 2551 τὴν
1109 2482 1199 2535 διά
1246 2484 1345 2554 τῆς
1395 2486 1604 2555 τροφῆς
1654 2491 1918 2561 χορηγίαν

326 2567 596 2638 ὖήθηη.
616 2569 692 2622 Tb
704 2570 812 2640 γὰρ
828 2572 1249 2641 ἐπεισαγόμενον
1268 2574 1356 2627 ἀεὶ
1370 2574 1695 2648 διὰταύτης,
1712 2580 1811 2642 τὰς
1824 2580 1918 2633 τοῦ

326 2659 567 2730 αἵματος
588 2660 775 2731 πηγάς
795 2660 977 2732 βρύειν
1002 2661 1089 2715 διά
1105 2663 1200 2716 τοῦ
1241 2664 1449 2734 ἥπατος
1488 2670 1917 2739 παρασκευάζει,

331 2749 590 2822 καθάπερ
623 2752 658 2823 ἡ
702 2752 796 2805 ἐπὶ
820 2754 913 2806 τοῦ
938 2754 1099 2825 ὅρους
1129 2753 1260 2825 χιὼν
1283 2756 1369 2810 διὰ
1397 2757 1498 2827 τῆς
1516 2760 1718 2823 οἰκείας
1755 2762 1919 2833 ίκμά-

327 2841 420 2904 δος
438 2842 544 2906 τὰς
557 2844 701 2897 κατά
716 2843 812 2915 τὴν
829 2844 1103 2915 ὑπώρειαν
1118 2844 1269 2911 αὔξει
1284 2848 1486 2918 πηγὰς,
1509 2849 1599 2904 διὰ
1612 2851 1705 2904 τοῦ
1724 2851 1921 2921 βάθους

327 2934 631 3035 τδηρὶίκεὶἱον
680 2934 844 3035 ύγρδν
881 2936 974 2988 ἐπὶ
1010 2936 1109 3034 τάς
1135 2936 1286 2991 κάτω
1307 2937 1509 3007 φλέϐας
1546 2941 1915 2999 συνθλίδουσα.
1946 2976 1989 3035 C

390 3021 474 3073 Τὸ
519 3022 580 3075 δὲ
613 3022 901 3093 ἐγκάρδιον
946 3021 1163 3094 πνεῦμα
1219 3025 1308 3079 διὰ
1350 3026 1446 3081 τοῦ
1466 3025 1707 3096 γείτονος
1728 3028 1919 3083 ἐπεισ-

322 3116 530 3181 άγεται
604 3114 915 3185 σπλάγχνου
979 3153 993 3177 ,
1050 3112 1080 3165 ὃ
1150 3114 1395 3169 καλεῖται
1459 3117 1557 3187 μὲν
1641 3121 1917 3192 πνεύμων,

326 3199 458 3251 ἐστὶ
516 3198 576 3251 δὲ
632 3200 727 3253 τοῦ
789 3201 950 3274 ἀέρος
1002 3202 1231 3273 δοκεῖον,
1287 3204 1378 3258 διὰ
1448 3207 1551 3276 τῆς
1598 3208 1921 3282 ἐγκειμένης

327 3290 611 3360 ἀρτηρίας
664 3292 769 3362 τῆς
821 3293 915 3345 ἐπὶ
960 3293 1020 3345 τὸ
1068 3294 1243 3365 στόμα
1276 3295 1588 3371 διηκούσης,
1626 3300 1689 3353 rb
1726 3300 1920 3365 ἔξωθεν

328 3381 569 3453 πνεῦμα
602 3386 723 3447 ταῖς
778 3384 1077 3449 ἀναπνοαῖς
1134 3386 1510 3459 ἐφελκόμενον.
1555 3385 1627 3459 ᾯ
1671 3393 1812 3446 κατά
1863 3393 1922 3446 τὸ

331 3473 515 3543 μέσον
545 3475 579 3543 ἡ
608 3474 803 3546 καρδία
836 3477 1220 3549 ἐνειλημμένη,
1263 3478 1404 3533 κατά
1439 3479 1670 3550 μίμησιν
1702 3482 1798 3553 τῆς
1826 3482 1921 3536 τοῦ

326 3565 657 3636 ἀεικινήτου
704 3568 877 3636 πυρὸς
922 3569 1220 3642 ἐνεργείας,
1261 3570 1617 3636 ἀδιαλείπτως
1646 3575 1738 3627 καί⁹
1785 3575 1922 3647 αὑτὴ

331 3656 662 3727 κινουμένη,
679 3654 789 3712 οἶόν
809 3678 861 3713 τι
880 3660 1122 3715 ποιοῦσιν
1139 3663 1196 3717 ἐν
1220 3664 1333 3726 τοῖς
1352 3662 1626 3733 χαλκείοις
1648 3666 1704 3718 αἱ
1731 3665 1921 3737 φύσαι,

326 3748 492 3802 ἐὶκει
529 3766 590 3803 τε
627 3752 763 3821 πρὸς
791 3753 987 3822 ἑαυτὴν
1020 3755 1083 3805 ἐκ
1113 3752 1206 3806 τοῦ
1238 3755 1644 3825 παρακειμένου
1682 3757 1923 3828 πνεύμο-

328 3858 432 3905 νος
469 3841 754 3912 πληροῦσα
793 3846 860 3915 τῇ
919 3845 1168 3917 διαστολῇ
1218 3845 1317 3910 τὰς
1364 3838 1703 3917 κοιλότητας,
1750 3851 1843 3903 καλ¹
1865 3851 1925 3903 rb

327 3931 597 4002 πυρῶδες
624 3934 825 4005 ἑαυτῆς
841 3936 1218 4007 ἐκριπίζουσα,
1257 3939 1378 4000 ταῖς
1420 3938 1708 4008 ἐχομέναις
1765 3940 1928 4013 ἀρτη-

328 4023 496 4092 ρίαις
545 4026 761 4093 ἐμπνεῖ.
808 4026 919 4079 Καὶ
955 4027 1112 4081 τοῦτο
1170 4026 1398 4082 ποιοῦσα
1446 4029 1505 4081 οὐ
1540 4028 1826 4095 διαλείπει,
1867 4030 1928 4086 rb

325 4113 453 4182 μὲν
474 4113 675 4179 ἔξωθεν
691 4117 780 4169 διά
821 4118 921 4188 τῆς
953 4117 1240 4188 διαστολῆς
1272 4119 1352 4183 είς
1379 4118 1477 4183 τὰς
1509 4119 1645 4184 ίδίας
1677 4120 1927 4194 κοιλότη·

323 4221 444 4268 τας
472 4205 728 4272 ἕλκουσα,
762 4208 823 4261 rb
855 4207 909 4261 δὲ
935 4207 1064 4277 παρ’
1090 4209 1288 4279 ἑαυτῆς
1317 4209 1407 4263 διὰ
1431 4209 1530 4280 τῆς
1555 4211 1927 4282 συμπτώσεως

2010 1757 2218 1813 litatem
2298 1755 2705 1810 committentes
2748 1754 2854 1808 hoc
2925 1766 3139 1825 capere.
3200 1746 3595 1804 admonitionis

2012 1856 2245 1918 oportet,
2288 1856 2345 1901 ut
2394 1863 2425 1901 a
2475 1854 2669 1902 natura
2727 1844 2942 1900 discant
3007 1840 3293 1899 avaritiam
3341 1838 3593 1894 morbum

2013 1953 2154 2002 esse,
2182 1937 2274 2009 qui
2307 1937 2431 1991 aliis
2461 1936 2738 1992 interitum
2761 1932 2970 1989 aberat.
3004 1932 3113 1987 Sed
3154 1931 3301 1988 enim
3334 1929 3452 1986 sola
3494 1927 3597 1984 Dei

2013 2038 2206 2084 natura
2252 2044 2376 2084 eum
2426 2027 2573 2082 nulla
2601 2041 2659 2081 re
2683 2025 2945 2097 indigeat,
2976 2025 3253 2079 hominum
3289 2021 3474 2092 inopia
3506 2034 3595 2075 res

2015 2132 2270 2177 externas
2325 2120 2393 2175 ad
2447 2136 2507 2175 se
2547 2117 2964 2176 sustentandum
3014 2114 3326 2171 necessario
3383 2111 3598 2168 deside-

2017 2222 2173 2268 rante
2219 2232 2229 2268 :
2268 2210 2476 2266 idcirco
2507 2211 2684 2266 tribus
2725 2209 2877 2283 hisce
2924 2206 3279 2263 facultatibus
3315 2205 3495 2261 locum
3541 2203 3598 2259 in

2016 2304 2371 2375 gubernando
2396 2319 2629 2376 corpore
2661 2302 2963 2374 principem
2981 2298 3372 2365 obtinentibus,
3398 2296 3599 2353 extrin-

2018 2411 2178 2450 secus
2228 2396 2487 2451 materies
2514 2392 2923 2451 accommodata
2961 2391 3188 2464 singulis
3234 2406 3332 2463 per
3353 2390 3599 2445 diversos

2019 2488 2199 2542 aditus
2246 2489 2563 2544 arcessitur.
2620 2486 2754 2541 Nam
2806 2484 3065 2553 jecinori,
3118 2484 3265 2556 quod
3315 2483 3598 2554 sanguinis

2020 2594 2144 2634 esse
2197 2576 2399 2632 fontem
2441 2578 2706 2639 diximus.
2735 2578 2978 2633 alimenti
3008 2582 3094 2631 est
3137 2574 3393 2629 mandata
3427 2572 3601 2627 admi-

2021 2670 2299 2726 nistratio.
2337 2669 2493 2735 Quod
2543 2671 2689 2724 enim
2744 2668 3021 2723 nutriendi
3064 2666 3241 2722 nostri
3275 2679 3441 2720 causa
3473 2680 3598 2733 per-

2021 2768 2183 2830 petuo
2216 2761 2502 2830 ingeritur,
2530 2760 2798 2830 jecinoris
2832 2759 3149 2827 adjumento
3184 2756 3334 2824 facit,
3371 2764 3431 2811 ut
3465 2771 3599 2812 con-

2021 2851 2174 2907 tinuo
2203 2853 2484 2923 sanguinis
2533 2853 2633 2906 rivi
2690 2850 2880 2907 ﬂuant.
2913 2848 3385 2917 Quemadmodum
3420 2848 3598 2902 nivem

2022 2951 2336 2999 montanam
2398 2942 2643 2998 videmus
2698 2942 2926 2998 humore
2969 2956 3070 2997 suo
3099 2940 3377 3010 subjectos
3424 2936 3599 3002 fontes

2020 3049 2239 3105 augere,
2292 3042 2611 3105 penetrante
2650 3035 2743 3090 illo
2794 3033 3051 3090 deorsum
3103 3031 3171 3087 ad
3229 3031 3377 3100 ipsas
3428 3043 3601 3100 usque

2020 3122 2257 3177 fontium
2289 3138 2476 3177 venas.

2010 3280 2011 3283 η
2092 3213 2295 3268 Deinde
2323 3228 2417 3267 aer
2449 3213 2610 3268 etiam
2646 3212 2797 3268 cordi
2827 3212 2989 3268 vicini
3019 3213 3243 3269 visceris
3275 3225 3376 3283 ope
3407 3224 3609 3291 sugge;

2021 3306 2187 3371 ritur;
2219 3306 2269 3360 ei
2300 3320 2500 3360 nomen
2534 3311 2619 3362 est
2643 3305 2829 3375 pulmo
2861 3324 2874 3361 :
2925 3307 3229 3363 membrum
3260 3306 3436 3375 ipsum
3461 3303 3603 3360 aeris

2021 3403 2108 3452 est
2136 3398 2561 3467 receptaculum,
2585 3399 2732 3468 quod
2762 3414 2858 3468 per
2888 3399 3148 3453 insertam
3177 3397 3284 3452 sibi
3318 3394 3599 3459 arteriam,

2024 3487 2091 3542 ad
2125 3502 2188 3543 os
2227 3480 2607 3560 pertinentem,
2665 3487 2916 3558 spiritum
2970 3495 3258 3543 externum
3290 3498 3388 3555 per
3427 3481 3604 3552 respi-

2022 3580 2260 3636 rationes
2298 3580 2587 3635 continuas
2623 3579 2822 3634 haurit.
2882 3578 3057 3649 Hujus
3119 3578 3175 3632 in
3215 3582 3369 3647 parte
3427 3572 3603 3630 media

2024 3684 2120 3727 cor
2143 3672 2473 3737 continetur,
2505 3670 2651 3741 quod
2700 3670 2878 3741 ipsum
2921 3685 3138 3741 quoque
3168 3668 3287 3724 sine
3319 3665 3604 3720 intermis-

2026 3759 2182 3815 sione
2210 3766 2484 3827 movetur,
2520 3759 2687 3831 inque
2709 3760 2812 3816 hoc
2857 3760 3002 3831 ignis
3033 3770 3311 3829 nunquam
3346 3769 3457 3809 non
3487 3768 3605 3817 mos

2025 3852 2153 3908 bilis
2184 3861 2436 3908 naturam
2489 3854 2753 3909 imitatur.
2788 3851 2923 3907 Nam
2954 3853 3129 3908 instar
3156 3851 3364 3906 follium
3402 3848 3605 3922 quibus

2029 3946 2085 4000 in
2117 3944 2347 4002 oﬂicinis
2374 3946 2491 4003 suis
2520 3953 2749 4002 utuntur
2787 3944 2949 4010 fabri,
2982 3957 3201 4014 semper
3228 3956 3408 3999 aerem
3434 3947 3605 3995 attra-

2030 4036 2110 4090 hit
2146 4052 2177 4091 e
2231 4036 2414 4093 vicino
2463 4040 2743 4108 pulmone,
2791 4045 3083 4107 partesque
3133 4046 3404 4089 concavas
3440 4029 3603 4084 didu-

2029 4129 2208 4184 ctione
2268 4131 2461 4200 replet,
2496 4144 2561 4184 ac
2586 4129 2734 4199 quod
2789 4129 3006 4200 igneum
3057 4134 3141 4180 est
3181 4125 3234 4177 in
3270 4122 3391 4192 ipso
3437 4118 3601 4185 emat,

2029 4220 2195 4290 inque
2220 4221 2508 4291 adjunctas
2555 4220 2783 4275 arterias
2814 4218 3078 4273 excernit.
3108 4214 3223 4270 Hoc
3281 4211 3416 4268 adeo
3454 4228 3601 4267 nun.-

320 4298 473 4360 ταῖς
512 4298 807 4370 ἀρτηρίαις
852 4300 1219 4370 είσκρίνουσα.
1253 4300 1322 4354 ’Ὀ
1376 4317 1467 4372 μοι
1497 4301 1644 4356 δοκεῖ
1688 4305 1782 4358 καὶ
1826 4306 1919 4377 τῆς

2020 4326 2192 4382 .quam
2227 4328 2336 4378 non
2385 4313 2513 4380 agit,
2550 4310 2695 4365 aliud
2729 4308 3074 4365 extrinsecus
3109 4321 3204 4377 per
3235 4304 3605 4359 diductionem

323 4386 659 4456 αὐτομάτου
710 4388 916 4458 ταύτης
963 4388 1232 4459 ἀναπνοῆς
1275 4386 1446 4442 αἴτιον
1485 4390 1617 4461 ἡμῖν
1659 4391 1924 4460 γίνεσθαι.

323 4477 620 4541 Πολλάκις
648 4477 758 4550 γάρ
786 4481 817 4532 ὁ
857 4479 957 4550 μὲν
975 4478 1100 4541 νοῦς
1128 4478 1355 4549 ἄσχολός
1384 4481 1501 4533 ἐστι
1535 4482 1673 4552 πρὸς
1709 4482 1929 4555 ἐτέρους

322 4570 365 4638 ἦ
405 4570 513 4622 καὶ
552 4571 905 4624 παντάπασιν
939 4572 1159 4642 ἠρεμεῖ,
1187 4570 1435 4634 λυθέντος
1462 4574 1519 4625 ἐν
1543 4572 1621 4642 τῷ
1651 4572 1803 4645 ὕπνῳ
1832 4574 1927 4628 τοῦ

321 4658 624 4729 σώματος,
648 4664 682 4731 ἡ
704 4662 762 4714 δὲ
796 4661 1042 4733 ἀναπνοὴ
1086 4661 1180 4715 τοῦ
1220 4662 1381 4733 ἀέρος
1396 4662 1469 4737 Ἰού
1490 4662 1779 4731 διαλείπει,
1807 4666 1928 4737 μηδ’

318 4751 534 4804 ὁτιοῦν
564 4753 937 4824 συνεργούσης
960 4755 1039 4815 εἰς
1066 4751 1218 4805 τοῦτο
1242 4753 1339 4823 τῆς
1361 4755 1751 4825 προαιρέσεως.

2036 4399 2120 4456 sui
2146 4400 2395 4470 proprias
2419 4400 2474 4452 in
2501 4397 2794 4469 capcdines
2815 4396 3162 4463 attrahenda,
3190 4391 3340 4448 aliud
3364 4407 3394 4446 a
3421 4407 3481 4447 se
3511 4406 3609 4462 per

2034 4490 2499 4561 compressionem
2561 4490 2613 4542 in
2669 4488 2905 4544 arterias
2948 4483 3315 4543 excernenda.
3372 4482 3434 4538 In
3499 4498 3608 4553 quo

2034 4581 2162 4635 mihi
2195 4580 2412 4651 quidem
2442 4578 2824 4652 respirationis
2860 4579 3025 4635 etiam
3055 4578 3331 4633 continua:
3357 4573 3416 4631 in
3449 4572 3609 4627 nobis

2034 4687 2157 4728 esse
2200 4673 2377 4742 posita
2432 4688 2599 4728 causa
2646 4673 2879 4729 videtur.
2936 4668 3071 4724 Nam
3141 4682 3296 4723 mens
3347 4679 3491 4735 saepe
3517 4662 3610 4717 dat

2037 4765 2160 4821 aliis
2219 4766 2375 4835 quasi
2433 4781 2677 4837 operam,
2732 4765 2818 4819 vel
2858 4777 3085 4834 prorsus
3128 4760 3292 4815 etiam
3351 4755 3608 4827 quiescit,

318 4856 551 4897 ϐοωηο
601 4857 806 4912 corpus
827 4850 1151 4914 οοευρειηιθ,
1204 4857 1328 4896 cum
1363 4842 1586 4898 minime
1614 4844 1903 4914 rcSpiratio
1936 4848 2338 4921 intermittitur,
2372 4855 2586 4910 etiamsi
2629 4870 2729 4911 nos
2781 4854 2921 4908 hanc
2982 4851 3132 4906 nullo
3183 4855 3341 4921 pacto
3400 4842 3612 4902 cllicerc

320 4932 784 4987 decreverimus.

416 5018 595 5092 οἶμαι
636 5023 770 5093 γάρ,
809 5024 992 5101 ἐπειδὴ
1042 5024 1428 5098 περιείληπται
1482 5022 1562 5095 τῷ
1600 5025 1859 5095 πνεύμονι
1897 5028 1932 5098 ἡ

326 5116 578 5185 καρδία.
617 5115 715 5169 καὶ
743 5123 1123 5196 προσπέφυκεν
1183 5118 1336 5189 αὐτῷ
1394 5120 1534 5172 κατά
1584 5120 1644 5172 rb
1689 5120 1935 5177 ὀπίσθιον

327 5208 559 5278 ἑαυτῆς
580 5208 762 5281 μέρος,
782 5219 891 5285 ταῖς
919 5220 1089 5286 ιδίαις
1111 5211 1430 5274 διαστολαϊς
1458 5212 1552 5264 καλ⁵
1582 5211 1935 5283 σύμ-πτώσεσι

335 5300 692 5396 συγκινοῦσα
737 5305 790 5357 rb
839 5323 1177 5396 σπλάγχνον,
1224 5306 1329 5378 τὴν
1353 5302 1447 5356 τοῦ
1489 5304 1647 5396 ἀέρος
1686 5304 1849 5377 ὁλκήν
1878 5322 1935 5359 τε

334 5395 468 5506 αιῗῖ
507 5393 732 5506 ἐμπνῗὴν
771 5393 1192 5506 ἐκμηχαρἀσθαι
1247 5396 1332 5506 Tr}?
1395 5395 1936 5506 ‘lI'VEL'JjLO‘:t.1°Ap€beE

341 5482 709 5591 “ei???”
730 5503 800 5591 ῖεαι
824 5468 1186 5591 ᾈέξποροςς
1570 5486 1668 5590 τάξ
1697 5489 1752 5539 έν

356 5542 371 5549 '
435 5542 449 5552 '
586 5542 596 5545 ⁷
746 5542 800 5562 ““⁶
828 5542 1186 5592 πολυποίιιν
1355 5579 1365 5592 .
1530 5542 1545 5593 ἷ
1640 5542 1665 5590 .’
1908 5542 1918 5558 ⁸

344 5572 658 5640 κοιλότητας
672 5582 823 5659 rgo-3,.”
889 5609 1173 5659 A‘nuha
1194 5587 1317 5659 τῆς
1343 5595 1611 5649 αρτηριας
1631 5597 1937 5652 ανεστομω·

746 5616 859 5700 ίτὸν
886 5609 1173 5697 πυθμένα
1194 5609 1229 5646 τ

2102 5027 2213 5100 Ego
2264 5030 2344 5084 sic
2385 5030 2643 5096 arbitror,
2691 5045 2786 5091 cor
2815 5031 3016 5102 ipsum,
3051 5028 3196 5101 quod
3241 5029 3428 5101 pulmo
3462 5043 3612 5086 com-

2033 5120 2286 5189 plectitur
2316 5136 2587 5177 annexum
2606 5120 2711 5177 sibi
2740 5123 3038 5192 posteriore
3069 5121 3153 5176 sui
3183 5127 3358 5190 parte,
3391 5120 3606 5190 quoties

2033 5212 2353 5282 explicatur,
2400 5216 2484 5270 vel
2543 5214 2785 5270 vicissim
2850 5212 3249 5285 comprimitur,
3290 5225 3397 5266 una
3419 5224 3607 5267 secum

2036 5306 2343 5373 pulmonem
2375 5320 2614 5373 movere,
2648 5313 2810 5375 atque
2854 5304 2958 5358 hoc
2991 5311 3150 5374 pacto
3187 5301 3419 5367 eﬂicere,
3469 5308 3529 5357 ut
3562 5297 3607 5355 is

2042 5411 2219 5453 acrem
2271 5396 2541 5462 attrahat,
2582 5396 2945 5463 continuoque
2990 5392 3241 5465 spiritum
3293 5390 3480 5445 ducat.
3512 5388 3611 5444 Est

2044 5488 2185 5542 enim
2212 5488 2315 5540 hoc
2352 5488 2535 5543 viscus
2562 5501 2767 5551 rarum,
2801 5494 2851 5539 et
2885 5493 3093 5540 meatus
3122 5480 3454 5549 multiplices
3508 5482 3608 5535 ha-

2043 5579 2151 5643 bet,
2190 5579 2416 5650 ejusque
2447 5579 2732 5651 capcdincs
2782 5593 2970 5633 omnes
3023 5571 3176 5645 quasi
3224 5569 3472 5644 qumdam
3515 5580 3611 5645 per
