4088 6210
769 299 877 358 247

2026 305 2085 368 δι
2128 305 2458 365 CREGOBH
2495 309 2802 366 NYSSENI.

767 415 953 470 oscula
993 413 1043 468 in
1071 416 1281 472 arteria:
1299 413 1523 473 fundum
1548 428 1764 476 exeunt.
1799 421 1986 494 Itaque
2007 438 2355 494 compressus

2163 438 2355 516 .ressus
2383 426 2431 485 Α
2462 425 2628 495 μένας
2655 429 2813 498 ἔχων,
2869 433 3291 508 συστελλόμενος
3334 441 3432 511 μὲν
3477 444 3562 498 καί.
3587 448 3777 516 συμπίπ·

767 507 996 572 arctius,
1018 508 1294 576 spiritum,
1326 509 1418 578 qui
1449 519 1670 578 superat
1689 507 1740 567 in
1773 514 1947 584 ipsius
1965 515 2343 585 eapedinibus,

766 599 1126 668 exprimendo
1160 604 1316 670 quasi
1344 603 1622 666 emittit;e
1675 605 1954 660 contrario
1978 607 2023 662 si
2056 607 2268 662 laxetur
2294 616 2348 663 et

769 691 1066 757 aperiatur,
1103 692 1178 755 tit,
1211 693 1289 747 uti
1313 703 1497 762 partes
1529 695 1706 766 ipsius
1735 711 1941 760 vacuae,
1978 713 2007 752 a
2031 714 2090 753 se
2113 699 2348 755 invicem

769 771 1032 836 distenta!
1051 776 1283 839 attracto
1311 801 1436 840 aere
1473 789 1871 857 compleantur.
1905 789 2029 844 Haec
2061 800 2140 844 est
2175 790 2348 860 respi-

772 874 1003 951 rationis
1032 890 1063 928 a
1094 876 1245 930 nullo
1274 869 1557 946 pendentis
1585 881 1667 934 vel
1683 880 1916 936 consilio
1950 881 2034 936 vel
2069 881 2349 942 voluntate

768 973 977 1028 nostra,
1020 980 1205 1030 causa,
1240 968 1497 1022 nimirum
1538 971 1682 1039 quod
1713 972 1925 1040 igneam
1977 978 2227 1025 naturam
2255 963 2350 1027 fas

768 1071 877 1110 non
897 1065 979 1110 est
1011 1055 1315 1126 quiescere.
1345 1057 1495 1124 Quod
1529 1075 1653 1114 cum
1679 1062 1750 1114 ita
1777 1061 1869 1126 sit,
1905 1045 2213 1132 c'alorisque
2236 1062 2348 1132 jam

769 1152 894 1198 ante
924 1146 1185 1215 originem
1216 1148 1270 1201 i'n
1304 1149 1470 1203 corde
1491 1149 1756 1206 exsistere
1778 1153 2237 1222 perspexerimus,
2269 1153 2351 1208 id-

767 1237 916 1289 circo
946 1248 1244 1308 perpetuus
1276 1239 1378 1294 hoe
1429 1241 1483 1294 in
1513 1243 1756 1298 membro
1783 1253 1981 1302 motus.
2033 1256 2348 1315 perpetuam

769 1327 931 1383 simul
965 1328 1034 1382 ‘in
1092 1331 1347 1399 pulmone
1398 1321 1815 1406 respirationem
1861 1337 2047 1391 elIieit.
2113 1338 2242 1391 Eam
2281 1337 2352 1392 ob

768 1413 1128 1493 causam'hoc
1161 1425 1325 1477 etiam
1362 1412 1636 1496 usuvcuit,
1671 1435 1729 1481 ut
1755 1440 1880 1502 cum
1935 1429 2182 1500 intensus
2217 1445 2352 1498 pra:-

769 1502 1132 1566 ter'naturam'
1167 1516 1316 1571 calor
1361 1502 1598 1576 accrevit
1629 1515 1791 1592 (quOd
1827 1523 1880 1578 in
1928 1525 1995 1579 iis
2053 1523 2144 1592 qui
2204 1503 2354 1577 febre

767 1599 1036 1668 laborant,
1075 1597 1368 1678 videmus),
1401 1612 1677 1667 anhelatio
1709 1631 1928 1684 quoque
1981 1601 2226 1668 crebrior
2258 1614 2351 1678 sit,

767 1693 933 1747 corde
988 1698 1146 1764 quasi
1221 1697 1514 1755 festinante
1571 1690 1846 1778 internum
1897 1711 2090 1757 aestum
2144 1701 2346 1774 rccenti

769 1800 894 1840 aere
943 1789 1313 1858 exstinguere.
1366 1791 1658 1849 Enimvero
1728 1783 1936 1849 natura
1983 1807 2171 1851 nostra
2224 1812 2347 1851 cum

768 1875 1012 1930 omnium
1041 1894 1210 1949 egena
1261 1882 1352 1949 sit,
1385 1889 1439 1938 et
1467 1884 1534 1938 ab
1564 1887 1630 1941 iis
1681 1887 1864 1952 rebus,
1895 1904 2015 1955 qua:
2065 1879 2153 1942 res
2185 1889 2346 1942 vitam

769 1970 1068 2038 continent,
1096 1973 1253 2042 plane
1286 1990 1392 2029 non
1423 1977 1716 2042 instructa,
1754 1995 1860 2033 non
1896 1995 2020 2034 aera
2052 1981 2212 2035 modo
2242 1982 2351 2051 spi—

769 2060 1047 2130 ritumque
1100 2064 1308 2116 nullum
1389 2068 1668 2135 proprium
1721 2068 1903 2133 habet,
1955 2070 2048 2139 qui
2113 2070 2348 2124 calorem

769 2153 992 2214 excitet,
1021 2156 1238 2222 quando
1258 2157 1402 2210 hunc
1422 2160 1763 2213 extrinsecus
1795 2160 1857 2212 ad
1883 2162 2348 2215 conservationem

769 2236 946 2301 nustri
973 2263 1185 2318 semper
1225 2250 1542 2307 hauriamus
1570 2261 1801 2321 oportet,
1838 2270 2022 2307 verum
2054 2256 2214 2308 etiam
2252 2272 2349 2308 nu~

768 2327 1473 2418 trimentum‘sustiuendm
1539 2347 1787 2416 corporis
1821 2348 1948 2401 moli
1985 2347 2202 2402 aliunde
2257 2364 2352 2402 ne-

769 2451 925 2491 cesse
983 2436 1141 2490 habet
1182 2451 1480 2515 arcessere.
1545 2438 1834 2509 l’rOpterca
1890 2455 2120 2496 vacuum
2151 2455 2351 2509 corpus

767 2511 1012 2584 vicissim
1049 2539 1175 2599 potu
1209 2511 1442 2598 ciboque
1495 2531 1684 2600 replet,
1716 2547 1950 2601 cumque
1990 2531 2055 2586 ad
2087 2547 2242 2587 usum
2271 2532 2353 2584 in-

769 2605 884 2693 dita
938 2617 1098 2675 nobis
1137 2616 1235 2674 est
1289 2619 1525 2676 facultas
1557 2623 1838 2679 attrahens
1897 2625 1948 2678 id
2002 2623 2148 2694 quod
2199 2622 2348 2687 defit,

769 2708 1026 2787 quodque
1051 2723 1272 2787 superat
1311 2719 1611 2787 expellens,
1643 2701 2032 2793 cordis‘calore
2061 2719 2161 2772 hac
2186 2719 2348 2772 etiam

773 2806 825 2862 iit
864 2805 1014 2876 parte
1042 2819 1290 2863 naturam
1329 2826 1438 2885 non
1471 2800 1661 2882 parum
1705 2811 2016 2881 adjuvaute.
2053 2811 2184 2864 Nam
2225 2826 2348 2864 cum

771 2899 916 2975 inter
944 2889 1187 2975 membra
1208 2899 1394 2953 vitalia
1426 2888 1538 2964 cor,
1569 2907 1628 2953 ut
1655 2909 1737 2955 est
1795 2901 2091 2955 indicatum
2115 2940 2128 2965 ,
2163 2901 2352 2970 praeci-

767 2973 937 3064 puum
961 2991 1033 3046 sit
1059 2973 1120 3045 et'
1137 2991 1422 3056 eximium,
1463 2994 1662 3062 quippe
1690 2994 1836 3063 quod
1857 2995 2096 3048 membra
2135 2995 2348 3071 singula

2451 519 2842 591 ἐναπολειφθέν
2899 529 3012 591 τοῖς
3075 529 3276 596 κοίλοις
3333 534 3544 608 πνεῦμα
3587 543 3691 593 κατ’
3742 542 3778 594 ἄη

2450 610 2719 676 ἐκπιέξων
2746 617 3018 686 προΐεται.
3062 620 3392 696 ’Υποχωρῶν
3435 628 3490 682 δὲ
3525 631 3607 684 καὶ
3632 633 3778 702 ἀνοιγ‹

2449 705 2838 779 ἐπισπᾶταιτῇ
2864 709 3144 765 διαστάσει
3195 715 3332 786 πρὸς
3370 717 3429 770 τὸ
3468 720 3753 792 κενούμενον

2449 797 2616 868 ὁλκῆς
2643 799 2736 856 τὸν
2769 802 2924 874 ἀέρα.
2959 805 3071 859 Καὶ
3090 805 3229 878 αὕτη
3256 809 3374 861 ἐστὶ
3394 809 3490 880 τῆς
3511 812 3778 886 ἀπροαιρέτι

2451 908 2550 974 της
2581 894 2856 976 ἀναπνοῆς
2893 897 3061 976 αἰτία,
3086 901 3116 969 ή
3145 899 3240 952 τοῦ
3262 901 3524 981 ἀτρεμεῖν
3539 905 3591 958 τὸ
3616 909 3777 978 πυρῶδ

2451 984 2639 1054 ναμία.
2659 986 2873 1058 Ἐπειδὴ
2901 989 3009 1061 γὰρ
3035 989 3165 1058 ἴδιόν
3195 992 3311 1046 ἐστι
3345 993 3438 1046 τοῦ
3466 994 3648 1067 θερμοῦ
3675 1001 3703 1069 ἡ
3732 1017 3778 1052 κς

2453 1076 2666 1146 κίνησιν
2700 1079 2970 1149 ἐνέργεια,
2997 1081 3186 1135 τούτου
3217 1083 3274 1136 δέ
3303 1083 3403 1148 τὰς
3432 1085 3593 1156 ἀρχὰς
3617 1089 3669 1142 ἐν
3695 1092 3754 1160 τῇ

2452 1170 2878 1241 κατενοήσαμεν,
2919 1172 2979 1225 τὸ
3028 1172 3273 1243 διηνεκὲς
3322 1177 3420 1248 τῆς
3459 1179 3516 1230 ἐν
3549 1178 3619 1248 τῷ
3642 1181 3778 1250 μέρει

2453 1262 2718 1332 κινήσεως
2790 1262 2887 1334 τὴν
2939 1263 3277 1322 ἀδιάλειπτον
3312 1267 3404 1321 τοῦ
3442 1268 3590 1340 ἀέρος
3609 1272 3768 1341 ὁρμήν

2453 1352 2697 1423 ἐμπνοὴν
2753 1352 2841 1406 διὰ
2894 1353 2987 1408 τοῦ
3020 1356 3326 1428 πνεύματος
3375 1359 3737 1429 ἀπεργάζεται.

2456 1445 2606 1518 παρὰ
2665 1446 2826 1515 φύσιν
2875 1448 3223 1513 ἐπιταθέντος
3259 1450 3350 1503 τοῦ
3416 1452 3693 1522 πυρώδους,
3726 1454 3778 1506 τὸ

2453 1539 2561 1591 τῶν
2597 1537 2991 1614 διακαιομένων
3019 1540 3104 1610 τῷ.
3138 1541 3352 1612 πυρετῷ
3384 1543 3743 1614 συνεχέστερον
3770 1561 3778 1573 ·

2456 1627 2644 1702 ῷσπερ
2673 1611 3036 1700 ἐπειγομένης
3074 1633 3172 1704 τῇς
3217 1611 3453 1702 καρδίας
3607 1611 3778 1704 ἐγκείμ

2457 1722 2592 1792 αὐτῇ
2659 1721 2897 1792 φλογμὸν
2937 1722 3014 1792 τῷ
3063 1723 3382 1795 νεαρωτέρῳ
3424 1724 3677 1796 πνεύματι
3717 1743 3778 1778 κα

2457 1813 2623 1866 νύειν.
2668 1814 2804 1866 Ἀλλ’
2838 1815 3024 1886 ἐπειδὴ
3059 1815 3288 1885 πενιχρά
3320 1816 3400 1879 τίς
3429 1819 3568 1870 ἐστιν
3593 1819 3778 1888 ήμιῖινί

2458 1908 2550 1959 καὶ
2573 1905 2680 1959 τῶν
2719 1907 2855 1978 πρὸς
2873 1907 2971 1974 τὴν
2995 1908 3130 1961 ἰδίαν
3159 1907 3415 1972 σύστασιν
3443 1909 3530 1962 διὰ
3555 1910 3778 1963 πάντωνὲ

2456 1999 2555 2052 οὐκ
2582 1999 2739 2068 ἀέρος
2759 1999 2918 2068 μόνον
2951 2000 3079 2052 ἰδίου
3105 2001 3390 2069 πτωχεύει,
3411 2002 3501 2053 καὶ
3523 2001 3778 2070 πνεύματο

2459 2088 2657 2161 θερμὸν
2682 2087 3056 2164 διεγείροντος,
3090 2088 3224 2158 ὅπερ
3250 2086 3444 2168 ἔξωθεν
3472 2087 3602 2158 πρὸς
3632 2087 3725 2158 τὴν
3751 2105 3778 2139 τ

2461 2178 2788 2248 συντήρησιν
2851 2177 3113 2247 διηνεκῶς
3177 2177 3557 2244 ἐπεισάγεται·
3600 2177 3728 2231 ἀλλὰ
3771 2195 3778 2229 :

2459 2269 2841 2340 ὑπερείδουσαν
2867 2269 2956 2322 τὸν
2985 2268 3078 2321 τοῦ
3105 2268 3353 2339 σώματος
3379 2269 3538 2338 δγκον
3570 2268 3764 2340 τροφήν

2457 2378 2546 2414 τον
2576 2361 2708 2430 ἔχει.
2741 2361 2840 2417 Διὰ
2893 2361 3050 2415 τοῦτο
3086 2362 3274 2425 σιτίοις
3298 2379 3358 2415 τε
3388 2361 3481 2414 καὶ
3523 2363 3698 2423 ποτοῖς
3733 2362 3778 2413 ἀν

2457 2453 2519 2504 τὸ
2563 2453 2758 2516 ἐνδέον,
2806 2453 3060 2524 ἑλκτικήν
3093 2471 3216 2509 τινα
3259 2453 3352 2506 τοῦ
3380 2453 3652 2514 λείποντος
3679 2450 3778 2502 δύνι

2460 2545 2776 2616 ἀπωστικὴν
2826 2545 2934 2616 τοῦ,
2967 2545 3376 2617 περιττεύοντος
3435 2544 3643 2597 ἐνθεῖσα
3678 2542 3752 2613 τῷ

2458 2637 2577 2689 οὐδέ
2609 2637 2744 2709 πρὸς
2774 2637 2928 2690 τοῦτο
2949 2637 3040 2690 τοῦ
3063 2637 3349 2709 ὲγκαρδίου
3373 2637 3539 2708 πυρὸς
3569 2634 3764 2706 μικρὰν

2461 2728 2620 2797 μένου
2643 2731 2708 2798 τῇ
2743 2727 2900 2798 φύσει
2929 2729 3264 2800 συνέργειαν.
3311 2727 3526 2799 Ἐπειδὴ
3573 2727 3681 2798 γὰρ
3723 2726 3778 2778 τὸ

2457 2837 2614 2873 τατον
2647 2819 2752 2872 τῶν
2783 2819 3025 2883 ζωτικῶν
3053 2821 3256 2893 μορίων
3298 2820 3442 2875 κατὰ
3469 2820 3558 2877 τὸν
3590 2817 3778 2872 ἀποδοΕ

2457 2928 2552 2978 γον
2577 2912 2608 2980 ή
2635 2910 2831 2981 καρδία
2858 2911 3024 2974 ἐστὶν,
3051 2913 3082 2981 ή
3105 2911 3182 2981 τῷ
3201 2911 3386 2982 θερμῷ
3418 2911 3690 2984 πνεύματι
3710 2910 3778 2972 Cm

2455 3000 2525 3052 τὰ
2558 3000 2892 3053 καθέκαστον
2912 2999 3073 3072 μέρη,
3099 3001 3433 3070 πανταχόθεν
3461 3002 3631 3074 αὐτὴν
3649 3007 3778 3073 ἐνερ.

770 3069 1062 3152 spirituum
1093 3085 1276 3139 calore
1319 3083 1483 3150 fovet,
1531 3085 1733 3138 idcirco
1785 3085 1962 3159 nostri
2007 3084 2208 3158 Opificii
2249 3069 2384 3156 ξω-.

2163 3085 2208 3158 :ii
2249 3069 2349 3139 au-
2377 3103 2424 3164 ρ
2455 3090 2532 3160 τῷ
2547 3091 2817 3161 δραστικῷ
2839 3069 2938 3159 τῆς
2957 3069 3256 3161 δυνάμεως,
3328 3091 3567 3164 πλάστης
3584 3069 3777 3165 ήμῶν-ἐ

769 3184 892 3230 ctor
914 3176 1046 3230 illud
1079 3192 1174 3245 per
1231 3175 1413 3230 omnia
1469 3176 1656 3229 ellieax
1691 3190 1816 3230 esse
1874 3176 2130 3251 facultate
2161 3186 2350 3246 vegeta

774 3269 967 3330 voluit.
1007 3283 1076 3322 ne
1103 3283 1229 3336 pars
1262 3267 1440 3340 ipsius
1469 3267 1578 3327 ulla
1611 3266 1747 3321 foret
1781 3267 1978 3334 otiosa,
2010 3269 2093 3340 vel
2124 3269 2255 3324 nihil
2285 3271 2354 3326 ad

768 3357 1020 3426 corporis
1039 3357 1286 3432 universi
1309 3339 1601 3412 utilitatem
1629 3358 2089 3430 subministraret.
2115 3359 2354 3431 Eamque

767 3447 840 3500 ob
868 3460 980 3498 rem
1014 3445 1324 3514 pulmonem
1357 3449 1662 3517 posteriore
1696 3449 1780 3504 sui
1809 3457 1961 3520 parte
2009 3452 2352 3522 contingens,

768 3529 1031 3607 perpetuo
1076 3523 1261 3594 viscus
1293 3523 1419 3594 .hoe
1475 3548 1624 3594 motu
1680 3542 1923 3606 attrahit,
1987 3558 2052 3597 ac
2108 3544 2353 3599 vicissim

767 3640 982 3684 meatus
1031 3645 1221 3685 omnes
1276 3630 1448 3708 hujus
1490 3633 1572 3687 vel
1614 3633 1811 3689 hausto
1855 3650 1979 3691 aere
2009 3635 2219 3700 dilatat,
2269 3638 2355 3693 vel

768 3721 1098 3777 remittendo
1145 3722 1292 3793 quod
1338 3733 1494 3779 antea
1558 3736 1840 3795 receperat
1881 3728 2122 3799 expellit.
2191 3728 2354 3784 Parte

769 3818 952 3866 autem
985 3812 1262 3868 anteriore
1291 3800 1596 3892 stomacho,
1625 3831 1733 3892 qua
1761 3815 1807 3871 is
1825 3817 2068 3889 assurgit
2096 3817 2351 3884 maxime,

769 3906 1075 3969 cohaerens,
1110 3917 1160 3962 et
1196 3891 1341 3962 fovet
1382 3891 1550 3971 hunc,
1585 3893 1641 3963 et
1671 3891 2006 3976 habilem'ad
2041 3908 2354 3982 efiectiones

769 4013 902 4054 suas
933 3998 1110 4053 reddit
1148 4017 1160 4052 :
1213 4016 1321 4053 non
1367 3994 1487 4075 quo,
1523 3987 1778 4070 spiritum
1831 4001 1924 4075 ille
1960 4002 2220 4072 attrahat,
2260 4002 2355 4057 sed

769 4091 1162 4146 nutrimentum
1203 4093 1450 4161 corporis
1482 4074 1761 4171 Irecipiat.
1810 4090 1944 4146 Nam
1976 4092 2168 4172 vicina:
2197 4092 2352 4174 quasi

772 4185 923 4241 fores
983 4193 1133 4249 sunt,
1170 4201 1266 4256 per
1316 4200 1454 4256 quas
1484 4192 1538 4239 et
1593 4183 1820 4252 spiritus
1863 4190 1916 4238 et
1952 4183 2350 4256 nutrimentum

769 4276 1011 4332 hominis
1040 4292 1239 4347 corpus
1292 4275 1691 4347 ingrediuntur.
1719 4273 2021 4346 Utrumque
2048 4275 2352 4354 membrum

769 4361 840 4456 ab
874 4370 984 4424 imo
1009 4370 1363 4438 coniunctum
1389 4369 1568 4433 alteri,
1606 4367 1904 4423 secundum
1954 4364 2349 4441 longitudinem

2453 3182 2528 3252 ᾡς
2562 3182 2627 3234 ἂν
2658 3182 2822 3252 μηδὲν
2845 3182 3016 3252 αὐτῆς
3054 3182 3220 3253 μέρος
3261 3184 3540 3253 ἄπρακτόν
3563 3201 3623 3237 τε
3655 3186 3751 3239 κα)⁵

2455 3273 2592 3342 πρὸς
2617 3272 2712 3343 τὴν
2737 3272 2831 3325 τοῦ
2895 3273 3096 3336 παντὸς
3159 3274 3470 3345 οἰκονομίαν
3505 3277 3774 3346 καταλειφ

2453 3363 2612 3426 τοῦτο
2640 3364 2866 3416 κατόπιν
2916 3365 3014 3434 μὲν
3049 3364 3297 3418 ὐποὸᾶσα
3339 3367 3429 3420 τὸν
3469 3367 3777 3438 πνεύμονα

2454 3455 2730 3524 διηνεκοῦς
2775 3457 3060 3527 κινήσεως,
3104 3456 3444 3512 καθέλκουσά
3482 3477 3542 3511 τε
3594 3460 3778 3528 πρὸςέ

2458 3547 2783 3618 σπλάγχνον,
2815 3546 3112 3618 dvaupdvsu
3127 3548 3260 3617 πρὸς
3281 3547 3378 3618 τὴν
3408 3550 3576 3620 ὁλκὴν
3601 3549 3699 3601 τοῦ
3730 3551 3778 3604 άε

2457 3637 2677 3709 πόρους,
2703 3635 3057 3708 ἀνοχλίζουσά
3083 3654 3142 3688 τε
3171 3637 3334 3690 πάλιν
3357 3639 3682 3692 ἐκπνεῖσθαι
3723 3639 3778 3690 τὸ

2455 3730 2727 3800 λημμένον
2751 3728 3178 3799 παρασκευάζει.
3231 3728 3317 3781 Ἐν
3347 3728 3405 3780 δέ
3431 3731 3543 3792 τοῖς
3564 3728 3778 3799 ἕμπρος

2455 3821 2555 3890 τῆς
2590 3822 2924 3890 προσφυεῖσα
2952 3818 3029 3888 τῷ
3063 3819 3350 3889 χωρήματι
3382 3819 3482 3889 τῆς
3509 3820 3626 3873 ἄνω
3668 3836 3778 3887 γασ

2458 3910 2658 3982 θερμον
2683 3909 2872 3981 αὐτὴν,
2905 3910 2998 3963 καὶ
3020 3908 3154 3979 πρὸς
3181 3906 3276 3970 τὰς
3303 3908 3435 3972 ἰδίας
3478 3910 3768 3981 ἐνεργείας

2456 4020 2553 4073 νην
2579 4005 2754 4055 ποιεῖ’
2786 4001 2885 4053 οὐκ
2912 4002 2989 4063 εἰς
3020 4001 3327 4072 πνεύματος
3346 4002 3509 4073 ὁλκὴν
3526 4001 3778 4072 άνεγείρς

2457 4096 2538 4164 εἰς
2593 4093 2859 4163 ὑποδοχὴν
2903 4093 3000 4163 τῆς
3039 4095 3376 4166 καταλλήλου
3407 4095 3643 4165 τροφῆς.
3686 4093 3777 4146 Πλη

2456 4185 2565 4255 γὰρ
2595 4184 2901 4258 πεφύκασιν
2923 4183 3166 4254 ἀλλήλων
3198 4186 3254 4248 αἰ
3285 4184 3482 4242 εἴσοδοι
3519 4185 3621 4240 τοῦ
3648 4185 3778 4238 πνεί

2457 4278 2548 4346 καὶ
2605 4277 2704 4346 τῆς
2759 4277 2992 4346 τροφῆς·
3025 4277 3505 4348 ἁντιπαρεξιοῦσαι
3529 4277 3591 4329 δὲ
3633 4275 3778 4329 κατὰ

2461 4384 2631 4439 μηκες
2664 4369 2696 4438 ή
2723 4368 2883 4438 ἑτέρα
2935 4368 3071 4440 πρὸς
3101 4368 3199 4440 τὴν
3242 4369 3454 4441 ἑτέραν,
3484 4368 3581 4424 καὶ
3616 4366 3702 4437 τῷ
3746 4367 3778 4418 Et

769 4441 988 4540 sursum
1028 4459 1202 4514 tendit
1239 4478 1251 4514 :
1307 4469 1574 4530 parteque
1621 4474 1874 4528 suprema
1910 4458 1993 4513 sui
2043 4473 2238 4512 rursus
2265 4473 2351 4512 eo-

2163 4474 2238 4512 .us
2265 4473 2351 4512 eo-
2383 4429 2429 4488 ι)
2456 4459 2597 4516 κατὰ
2627 4458 2686 4511 τὸ
2713 4459 2826 4512 ἄνω
2859 4460 3366 4530 συναπαρτίζονται,
3391 4459 3534 4513 ὥστε
3562 4459 3666 4510 καὶ
3709 4475 3777 4509 συ

769 4549 892 4603 dem
929 4551 1048 4603 loco
1074 4549 1155 4606 sic
1183 4557 1609 4628 connectuntur,
1630 4552 1862 4605 utetiam
1887 4550 2128 4619 ipsorum
2161 4550 2348 4604 oscula

769 4639 1118 4717 conveniant,
1159 4637 1540 4717 desinentibus
1599 4641 1654 4694 in
1689 4656 1783 4695 ore
1827 4650 2017 4696 nostro
2066 4642 2347 4696 amborum

768 4711 1258 4792 veluticanalibUS,
1293 4710 1529 4807 quorum
1567 4730 1704 4807 alter
1733 4731 2052 4786 alimentum
2078 4733 2348 4802 corporis,

769 4819 905 4893 alter
931 4820 1180 4890 spiritum
1213 4803 1546 4895 intromittit.
1575 4804 1684 4876 lma
1714 4821 1930 4900 quidem
1960 4823 2012 4876 in
2046 4830 2198 4894 parte
2223 4832 2348 4878 tan-

768 4909 890 4963 dem
913 4909 1026 4966 [nec
1055 4919 1330 4988 meatuum
1356 4911 1673 4988 coniunctio
1690 4913 2030 4968 dissolvitur.
2059 4915 2168 4970 Cor
2199 4915 2346 4969 enim

767 5001 889 5055 loco
927 5001 1068 5057 inter
1099 4987 1478 5057 ventriculum,
1516 5003 1941 5074 pulmonemque
1979 5005 2158 5061 medio
2206 5006 2345 5061 insi-

769 5089 924 5154 dens,
957 5091 1085 5168 huic
1123 5091 1341 5160 quidem
1372 5093 1698 5162 respirandi,
1732 5093 1808 5147 illi
1858 5110 1988 5152 vero
2023 5096 2344 5163 nutrimenti

770 5167 1094 5236 conficiendi
1130 5181 1443 5260 facultatem
1485 5183 1735 5257 largitur.
1782 5185 1916 5240 Nam
1948 5188 2163 5258 igneum
2200 5189 2345 5258 quod

769 5281 874 5338 est,
911 5273 991 5328 sic
1023 5289 1052 5326 a
1111 5283 1308 5328 natura
1354 5283 1440 5330 est
1493 5286 1891 5353 comparatum,
1952 5287 2010 5332 ut
2063 5281 2346 5336 materiem

770 5365 924 5436 quasi
963 5363 1264 5420 fomentum
1295 5376 1501 5437 quaerat
1538 5389 1552 5424 :
1585 5369 1636 5422 id
1664 5369 1808 5439 quod
1844 5370 2007 5423 etiam
2039 5371 2144 5426 cibi
2193 5386 2348 5446 recc-5

769 5459 987 5528 ptacnlo
1025 5461 1312 5516 usuveniat
1348 5477 1569 5518 necesse
1601 5472 1705 5517 est.
1731 5463 1948 5528 Quanto
2000 5464 2143 5518 enim
2175 5449 2352 5535 magis

767 5547 838 5602 ob
867 5549 1068 5606 caloris
1113 5551 1446 5607 vicinitatem
1490 5551 1743 5620 ignescit,
1792 5537 1952 5606 tanto
1992 5553 2206 5609 avidius
2281 5568 2344 5608 ea

776 5651 895 5709 quae
930 5640 1099 5695 calori
1151 5642 1441 5696 nutriendo
1476 5649 1621 5706 sunt,
1681 5641 1926 5704 attrahit,
1986 5655 2175 5712 estque
2218 5643 2345 5699 huic

774 5724 986 5784 natura:
1017 5731 1298 5799 cupiditati
1332 5745 1525 5786 nomen
1565 5729 1792 5786 inditum
1828 5725 2118 5802 appetitus.
2310 5719 2312 5722 ’

2455 4547 2578 4601 σθαι
2601 4548 2734 4619 πρὸς
2753 4547 3003 4619 ἀλλήλας,
3025 4551 3118 4603 καὶ
3135 4551 3215 4604 ἐνὶ
3233 4550 3460 4621 στόματι
3477 4552 3612 4614 τοὺς
3631 4550 3778 4620 πόρο

2453 4640 2658 4710 λήγειν,
2676 4639 2797 4708 ὅθεν
2818 4638 2900 4710 τῷ,
2914 4638 3012 4710 μὲν
3025 4641 3122 4710 τῆς
3137 4640 3362 4712 τροφῆς,
3379 4640 3459 4710 τῷ
3476 4640 3533 4693 δὲ
3561 4639 3663 4692 τοῦ
3684 4655 3778 4690 πνε

2453 4730 2653 4801 εἴσοδος
2677 4731 2904 4798 γίνεται.
2950 4731 3088 4783 Ἀλλ’
3110 4733 3201 4784 ἐπὶ
3233 4732 3294 4784 τὸ
3334 4731 3499 4801 βάθος
3531 4730 3734 4783 οὐκέτι
3769 4731 3778 4778 ἰ

2450 4822 2513 4874 τὸ
2546 4823 3171 4894 προσφυὲς,παραμένει
3200 4825 3299 4891 τῆς
3357 4822 3636 4890 συζυγίας
3693 4821 3778 4874 τῶ

2459 4912 2608 4982 Μέση
2639 4913 2743 4984 γὰρ
2784 4913 2884 4982 τῆς
2917 4913 3192 4984 ἑκατέρων
3221 4913 3381 4982 ἕδρας
3421 4915 3453 4981 ή
3497 4911 3717 4982 καρδία

2457 5005 2642 5068 σοῦσα,
2671 5004 2750 5075 τῷ
2790 5006 2885 5075 μὲν
2918 5005 3050 5074 πρὸς
3078 5003 3383 5073 ἀναπνοὴν,
3418 5002 3499 5073 τῷ
3547 5002 3612 5054 δὲ
3645 5002 3778 5072 πρὸς

2453 5097 2552 5166 τὰς
2593 5096 2847 5167 δυνάμεις
2892 5093 3181 5164 ἐντίθησιν.
3240 5093 3455 5165 Πὲφυκε
3519 5091 3640 5160 γὰρ
3699 5093 3768 5144 τὸ

2455 5188 2732 5259 ἐπιζητεῖν
2763 5186 2859 5257 τὴν
2900 5185 3300 5238 ὑπεκκαίουσαν
3330 5183 3482 5254 ὕλην,
3533 5182 3566 5234 ὃ
3599 5183 3674 5252 δὴ
3715 5199 3778 5234 κο

2455 5281 2656 5348 δοχεῖον
2694 5279 2792 5348 τῆς
2838 5277 3039 5347 τροφῆς
3073 5276 3192 5330 κατ’
3237 5275 3485 5344 ἀνάγκην
3534 5273 3778 5343 συμὸαί

2456 5372 2562 5440 γὰρ
2599 5369 2841 5438 ἔμπυρον
2889 5367 2977 5420 διὰ
3020 5368 3118 5435 τῆς
3165 5366 3404 5433 γείτονος
3449 5367 3680 5434 γίνεται
3721 5365 3778 5420 Oa

2419 5453 2692 5531 ’τοοόύτῳ
2742 5458 2939 5529 μᾶλλον
2991 5457 3277 5527 ἐφέλκεται
3326 5457 3395 5510 τὰ
3458 5457 3526 5510 τὸ
3565 5456 3778 5528 Θερμὸι

2453 5569 2636 5620 φοντα·
2664 5552 2759 5622 τὴν
2786 5552 2838 5604 δὲ
2873 5552 3124 5621 τοιαύτην
3157 5551 3353 5623 ὁρμὴν,
3387 5549 3575 5622 ὄρεξιν
3611 5549 3778 5618 ὀνομι
