4088 6210
317 243 421 296 249

1517 246 1602 301 DE
1637 243 1919 302 HOMINIS
1953 243 2247 302 OPIFiClO

3451 265 3562 322 250

382 359 448 412 Εἰ
480 359 538 414 δὶ
575 361 960 433 περιδράξαιτο
987 363 1086 433 τῆς
1109 363 1383 436 ἀρκούσης
1417 365 1548 436 ὕλης
1580 367 1641 419 τὸ
1664 383 1883 437 περιεκ-

2052 365 2207 431 Quod
2247 364 2292 419 si
2335 363 2636 419 membrum
2671 377 2781 434 quo
2819 363 2975 420 cibus
3008 363 3344 430 conti-aetur,
3381 375 3555 422 mate-

306 453 466 504 τικδν
510 453 606 522 τῆς
644 454 872 524 τροφῆς,
904 455 1026 508 οὐδὲ
1054 455 1226 519 οὕτως
1265 459 1462 528 ἠρεμεῖ
1496 457 1590 510 τοῦ
1644 458 1814 528 πυρὸς
1851 459 1918 526 ἡ·

307 542 580 610 ἐνέργεια.
642 543 802 596 Ἀλλά
849 546 1102 616 καθάπερ
1134 550 1192 599 ὲν
1235 549 1588 620 χωνευτηρίῳ
1635 547 1886 618 σύντηξιν

307 651 426 686 τινα
468 635 568 704 τῆς
605 634 737 706 ὕλης
777 641 959 703 ποιεῖ,
993 641 1084 692 καλ⁵
1133 639 1285 707 διαλὺ
1299 657 1438 693 σασα
1475 641 1544 694 τὰ
1581 640 1886 693 συνεστῶτα

309 727 402 790 καὶ
423 727 720 794 ἀναχέασα,
744 728 996 800 καθάπερ
1025 732 1090 783 ἐκ
1117 732 1316 802 χοάνης
1340 731 1485 796 τινὸς
1502 734 1727 802 μεταχεῖ
1751 729 1887 801 πρὸς

307 818 436 878 τοὺς
483 817 682 886 ἐφεξῆς
721 819 940 892 πόρους.
988 816 1119 874 Εἶτα
1156 821 1217 874 τὸ
1265 819 1743 894 παχυμερέστερον
1790 819 1882 871 τοῦ

310 905 636 974 εἰλικρινοῦς
683 907 1040 978 διακρίνασα,
1091 908 1153 961 τὸ
1195 908 1293 977 μὲν
1343 909 1536 960 λεπτὸν
1583 907 1648 959 δι’
1682 905 1884 976 ὀχετῶν

307 1019 470 1055 τινων
498 1003 591 1054 ἐπὶ
619 1002 716 1065 τὰς
747 1002 839 1056 τοῦ
869 1003 1077 1072 ἥπατος
1103 1002 1223 1069 ἄγει
1249 1001 1422 1064 πύλας
1443 1017 1458 1030 ·
1494 997 1591 1069 τὴν
1623 997 1678 1049 δὲ
1709 994 1884 1064 ὑλώδη

308 1094 408 1162 τῆς
441 1093 648 1164 τροφῆς
696 1091 1075 1163 ὑποστάθμην,
1116 1095 1196 1155 εἰς
1236 1092 1362 1154 τοὺς
1411 1086 1886 1160 εὐρυχωροτέρους

306 1183 417 1236 τῶν
451 1183 689 1252 ἐντέρων
725 1183 923 1252 πόρους
951 1180 1226 1248 ἀπώσατο,
1261 1181 1354 1234 καὶ
1387 1181 1498 1242 τοῖς
1529 1177 1886 1246 πολυτρόποις

309 1272 493 1326 αὐτῶν
524 1272 769 1342 ἑλιγμοῖς
808 1273 1218 1343 ἀναστρέφουσα
1257 1270 1431 1340 χρόνῳ
1457 1309 1472 1334 ,
1513 1265 1884 1340 παρακατέχει

307 1366 409 1431 τὴν
443 1365 651 1432 τροφὴν
679 1365 791 1425 τοῖς
831 1362 1176 1432 σπλάγχνοις,
1208 1363 1282 1425 ὼς
1310 1361 1375 1414 ἂν
1404 1361 1478 1431 μὴ
1517 1359 1584 1412 δι’
1616 1357 1883 1427 εὐθύτητα

308 1453 403 1504 τοῦ
431 1452 598 1522 πόρου
637 1452 834 1523 ῥαδίως
874 1452 1300 1522 ἀποδαλόμενον,
1328 1450 1490 1513 εὐθὺς
1515 1448 1792 1517 ἀνακινοίη
1823 1446 1884 1499 τὸ

313 1543 452 1606 ζῶον
483 1543 621 1612 πρὸς
663 1542 859 1613 ὄρεξιν,
891 1543 985 1596 καὶ
1019 1542 1288 1612 μηδέποτε
1320 1541 1548 1594 παύοιτο
1578 1539 1676 1610 τῆς
1710 1536 1882 1591 rorati-

307 1653 408 1706 της
443 1635 702 1705 ἀσχολίας
742 1635 882 1688 κατά
909 1634 1006 1705 τὴν
1047 1633 1155 1687 τῶν
1182 1633 1389 1702 ἀλόγων
1418 1631 1579 1702 φύσιν
1607 1635 1635 1684 ὁ
1669 1630 1882 1700 ἀνθρω-

473 1727 624 1779 Ἐπεί
657 1727 711 1778 δὲ
737 1726 830 1778 καί
856 1725 933 1797 τῷ
963 1727 1133 1796 ἥπατι
1169 1725 1403 1796 μάλιστα
1435 1724 1532 1793 τῆς
1559 1720 1652 1774 τοῦ
1679 1719 1882 1790 θερμοῦ

312 1818 604 1887 συνεργίας
659 1813 726 1887 ἦν
765 1817 924 1888 χρεία
969 1816 1105 1887 πρὸς
1138 1804 1236 1885 τὴν
1281 1815 1389 1868 τῶν
1431 1813 1612 1884 ὑγρῶν
1660 1809 1886 1880 ἐξαιμά-

312 1925 503 1968 τωσιν,
533 1908 803 1978 ἀφέστηκε
834 1907 891 1960 δὲ
924 1906 1082 1960 τοῦτο
1115 1907 1214 1973 τῆς
1240 1901 1637 1976 καρδίας,κατά
1662 1901 1764 1978 τὴν
1800 1900 1886 1954 θέ-

320 2017 406 2052 σιν
441 1999 539 2068 (οὐ
568 1975 671 2069 γάρ
819 1994 993 2068 οἶμαι,
1017 1997 1240 2050 δυνατὸν
1265 1975 1436 2068 ἀρχήν
1462 2011 1583 2048 τινα
1608 1975 1702 2047 καὶ
1728 1992 1884 2064 ῥίζαν

316 2089 554 2158 ζωτικῆς
589 2085 752 2141 οὖσαν
796 2089 1117 2158 δυνάμεως,
1166 2088 1294 2158 περί
1341 2087 1438 2156 τὴν
1482 2085 1672 2155 ἑτέραν
1711 2083 1884 2154 ἀρχὴν

314 2181 812 2254 στενοχωρεῖσθαι),
835 2181 910 2242 ὠς
943 2179 1007 2233 ἀν
1043 2180 1114 2249 μή
1159 2197 1211 2231 τι
1249 2177 1349 2246 τῆς
1391 2175 1698 2245 οἰκονομίας
1728 2175 1785 2225 ὲν
1818 2175 1882 2244 τῇ

311 2274 610 2327 ἀποστάσει
649 2272 748 2341 τῆς
803 2270 1174 2342 Θερμαντικῆς
1226 2268 1414 2330 οὐσίας
1459 2263 1876 2336 παραϐλαὸείη·

313 2363 476 2430 πόρος
514 2361 789 2432 νευρώδης
818 2360 1087 2430 (ἀρτηρία
1115 2358 1171 2410 δὲ
1199 2357 1354 2410 τοῦτο
1397 2355 1546 2426 παρά
1571 2355 1678 2406 τῶν
1707 2352 1880 2405 ταῦτα

313 2455 492 2522 σοφῶν
543 2449 900 2522 ὀνομάζεται)
945 2448 1340 2517 ἀναδεξάμενος
1389 2447 1487 2516 τῆς
1547 2443 1769 2516 καρδίας
1820 2442 1882 2495 τὸ

313 2543 558 2612 ἔμπυρον
593 2541 809 2610 πνεῦμα
833 2580 848 2604 ,
881 2540 1035 2611 φέρει
1074 2537 1224 2608 παρά
1257 2536 1317 2589 τὸ
1353 2531 1536 2608 ἧπαρ,
1572 2532 1736 2586 αὐτοῦ
1781 2549 1882 2585 που

311 2632 462 2701 παρά
490 2631 590 2702 τὴν
634 2631 837 2684 εἴσοδον
879 2630 986 2682 τῶν
1016 2629 1198 2699 ὑγρῶν
1239 2626 1748 2694 συνεστομωμένος,
1789 2621 1884 2674 καὶ

312 2723 584 2786 ἀναζέσας
609 2722 701 2774 διὰ
736 2722 835 2790 τῆς
880 2721 1210 2790 Θερμὸτητος
1241 2716 1340 2787 τὴν
1368 2714 1652 2785 ὑγρασίαν,
1688 2715 1883 2764 ἐναπο-

311 2812 518 2865 τίθεταί
565 2830 620 2864 τι
656 2811 732 2881 τῷ
766 2811 915 2881 ὑγρῷ
952 2811 1048 2880 τῆς
1090 2808 1182 2862 τοῦ
1218 2807 1389 2878 πυρὸς
1422 2803 1770 2874 συγγενείας,
1817 2805 1880 2874 τῇ

316 2901 594 2973 πυροειδεῖ
641 2901 778 2970 χρόᾳ
817 2900 878 2952 τὸ
909 2898 1002 2952 τοῦ
1033 2899 1262 2968 αἵματος
1294 2894 1430 2959 εἶδος
1477 2893 1880 2962 καταφοινίξας.

313 2991 447 3048 Εἶτα
481 2992 707 3045 ἐκεῖθεν
757 2989 1166 3060 ἀφορμηθέντες
1196 2988 1403 3058 δίδυμοί
1432 3003 1577 3048 τινες
1606 2985 1800 3055 ὀχετοὶ,
1825 2983 1885 3036 τὸ

311 3086 516 3136 οἰκεῖον
557 3081 819 3152 ἑκάτερος
869 3078 1231 3151 σωληνοειδῶς
1287 3077 1631 3149 περιέχοντες
1669 3074 1886 3144 πνεῦμά

311 3192 371 3230 τε
418 3175 513 3226 καὶ
565 3168 738 3242 αἷμα,
792 3171 868 3233 ὡς
911 3170 974 3222 ἂν
1022 3169 1352 3240 εὑπόρευτον
1423 3166 1549 3238 εἴη,
1601 3166 1660 3218 τὸ
1713 3165 1878 3236 ὑγρόν

310 3283 374 3322 τε
420 3264 516 3317 τοῦ
568 3263 768 3334 Θερμοῦ
821 3263 1032 3332 κινήσει
1087 3257 1495 3331 συμπαροδεῦον
1541 3257 1635 3310 καὶ
1695 3273 1885 3330 κουφι-

314 3354 574 3424 ζόμενον,
639 3353 720 3420 ἐφ’
780 3349 924 3404 ἅπαν
979 3350 1041 3401 τὸ
1103 3347 1272 3418 σῶμα.
1327 3346 1658 3416 πολυσχιδῶς
1727 3362 1887 3397 κατα-

318 3444 659 3514 σπείρονται,
697 3442 777 3504 εἰς
813 3440 1011 3511 μυρίας
1042 3438 1246 3508 ὀχετῶν
1279 3439 1452 3508 ἀρχάς
1479 3454 1540 3489 τε
1581 3437 1674 3490 καί
1704 3437 1889 3504 διαφύ-

317 3553 432 3598 σεις
484 3533 626 3587 κατά
669 3535 775 3586 πᾶν
830 3533 994 3602 μέρος
1044 3531 1457 3601 διασχιζόμενοι.
1501 3528 1791 3598 Μιχθείσαι
1830 3528 1888 3581 δὲ

314 3627 456 3697 πρὸς
490 3625 722 3693 ἀλλήλας
753 3623 862 3676 τῶν
889 3622 1133 3687 ζωτικῶν
1161 3622 1442 3691 δυνάμεων
1473 3621 1527 3672 αἰ
1559 3619 1651 3672 δύο
1688 3619 1884 3689 ἀρχαὶ,

312 3718 349 3787 ἦ
380 3733 440 3768 τε
464 3717 528 3768 τὸ
565 3716 764 3786 Θερμδν
813 3715 1060 3785 πανταχῆ
1099 3714 1239 3768 κατά
1281 3714 1342 3766 τὺ
1378 3713 1536 3783 σῶμα
1559 3753 1574 3777 ,
1622 3713 1717 3765 καλ⁸
1755 3715 1787 3782 ἡ
1829 3712 1888 3764 τὸ

315 3807 485 3877 ὑγρὸν
520 3805 910 3876 ἐπιπέμπουσα
930 3846 945 3868 ,
973 3805 1224 3875 καθάπερ
1259 3804 1380 3858 τινὰ
1414 3804 1700 3874 δανεισμδν
1718 3805 1888 3871 ἀναγ-

313 3900 474 3951 καῖον
504 3898 568 3948 ὲκ
594 3896 702 3949 τῶν
739 3897 954 3949 οἰκείων
983 3897 1049 3965 τῇ
1080 3895 1500 3966 ἀρχηγικωτέρα
1527 3895 1626 3964 τῆς
1653 3894 1889 3963 ζωτικῆς

308 3988 628 4058 οἰκονομίας
673 3988 900 4057 δυνάμει
939 3989 1362 4058 δωροφοροῦσιν.
1412 3989 1566 4040 Ἔστι
1598 3987 1642 4040 δ’
1687 3986 1888 4057 αὑτηή

308 4081 461 4134 κατά
487 4080 588 4143 τάς
619 4081 888 4151 μήνιγγας
932 4081 1024 4132 καὶ⁹
1051 4080 1142 4132 τὸν
1181 4080 1480 4150 ἐγκέφαλον
1512 4079 1883 4150 θεωρουμένη,

310 4173 411 4239 ἀφ’
457 4168 528 4243 ἦς
567 4173 716 4224 πᾶσα
767 4171 866 4241 μὲν
907 4170 1108 4242 ἄρθρου
1155 4171 1399 4243 κίνησις,
1444 4172 1592 4224 πᾶσα
1635 4171 1691 4222 δὲ
1739 4169 1888 4238 μυῶν

313 4263 550 4335 σ”.ινολκὴ
574 4305 587 4326 ,
631 4265 738 4317 πᾶν
768 4263 824 4316 δὲ
864 4264 1244 4334 προαιρετικὸν
1277 4265 1491 4333 πνεῦμα
1521 4264 1616 4316 καί
1648 4265 1758 4326 τοῖς
1790 4279 1889 4314 κα-

1988 458 2086 512 riei
2114 457 2250 511 satis
2273 456 2385 525 jam
2422 455 2769 525 prehenderit
2793 495 2808 519 ,
2859 470 2970 510 non
2999 465 3177 510 tamen
3211 457 3353 526 ignis
3381 457 3552 510 vicini

1988 547 2224 600 cessabit
2257 547 2422 601 actio.
2471 545 2606 600 Nam
2657 545 3060 616 colliquefaciet
3106 549 3386 602 materiem
3429 555 3552 600 tau-

1987 651 2149 708 quam
2183 638 2237 691 in
2271 653 2400 692 vase
2436 637 2708 707 liquandis
2745 637 2906 692 rebus
2936 645 3081 708 apto,
3124 651 3354 705 cumque
3379 637 3548 690 cruda

1986 737 2040 783 et
2084 728 2410 783 cohaerentia
2450 727 2756 799 digesserit,
2791 728 3042 798 interque
3080 741 3141 782 se
3181 741 3546 782 commiscue-

1986 819 2077 885 rit,
2126 819 2406 888 proximos
2470 820 2524 872 in
2557 827 2766 874 meatus
2816 832 2879 873 ea
2917 817 3076 888 quasi
3123 832 3223 888 per
3269 817 3548 886 quoddam

1987 908 2388 964 infundibulum
2444 909 2683 978 dejiciet.
2746 907 2950 964 Deinde
3010 909 3239 964 secretis
3297 908 3550 977 utrinque

1984 1001 2248 1074 partibus,
2290 1017 2413 1056 cum
2457 1001 2523 1057 iis
2563 1017 2682 1071 qua:
2707 1002 3026 1064 crassiores,
3061 1007 3176 1054 tum
3203 1014 3324 1068 quae
3362 998 3551 1069 purio-

1985 1107 2074 1149 res
2113 1099 2260 1156 sunt,
2296 1099 2488 1148 tenues
2531 1092 2695 1147 hasce
2728 1108 2821 1162 per
2845 1092 3108 1162 quosdam
3135 1091 3292 1161 quasi
3329 1089 3552 1145 canales

1985 1185 2050 1238 ad
2097 1183 2361 1253 jecinoris
2397 1183 2536 1238 ostia
2575 1182 2818 1238 deducit.
2861 1183 3223 1237 Subsidentes
3262 1187 3442 1234 autem
3493 1186 3548 1233 et

1985 1289 2202 1330 crassas
2229 1274 2284 1328 in
2314 1274 2646 1328 nutrimento
2683 1273 2842 1329 faeces
2882 1274 2938 1328 in
2968 1274 3258 1343 capaciora
3288 1270 3548 1326 intestina
3585 1287 3591 1298 '

1984 1363 2247 1428 detrudit,
2301 1378 2365 1418 ac
2403 1378 2501 1434 per
2532 1363 2852 1432 multiplicia
2885 1364 3075 1417 horum
3105 1362 3382 1416 volumina
3428 1375 3550 1415 ver-

1984 1465 2134 1513 satas
2219 1454 2528 1526 aliquandiu
2559 1451 2758 1507 retinet
2805 1494 2820 1519 ,
2861 1455 3061 1524 partim
3115 1461 3174 1508 ut
3213 1454 3280 1508 de
3315 1453 3399 1507 his
3430 1453 3549 1521 ipsa

1983 1550 2145 1606 etiam
2179 1549 2392 1604 viscera
2422 1546 2669 1601 nonnihil
2696 1546 3013 1600 nutrimenti
3044 1543 3320 1608 hauriant,
3350 1543 3547 1612 partim

1985 1654 2074 1705 ne,
2100 1640 2144 1692 si
2174 1653 2269 1707 per
2303 1644 2514 1690 meatus
2539 1645 2714 1689 rectos
2747 1634 3095 1702 dejiciantur,
3127 1633 3389 1688 continuo
3426 1645 3548 1684 mo-

1915 1709 1958 1768 Β
1985 1732 2122 1785 lesta
2167 1728 2324 1782 nobis
2355 1725 2616 1796 appetitio
2659 1725 2979 1779 nutrimenti
3032 1725 3122 1787 sit,
3178 1732 3234 1778 et
3267 1737 3546 1792 nunquam

1986 1835 2094 1874 non
2130 1819 2184 1873 in
2217 1835 2282 1874 eo
2327 1817 2682 1886 acquirendo,
2727 1816 3044 1869 animalium
3077 1815 3308 1868 rationis
3347 1828 3544 1883 exper-

1985 1914 2117 1965 tium
2163 1925 2333 1973 more,
2374 1908 2654 1962 hominum
2705 1913 3002 1975 occupetur
3057 1919 3243 1975 opera.
3300 1904 3547 1972 Cumque

1980 2003 2218 2073 jecinori
2253 2001 2418 2055 etiam
2466 1998 2814 2054 necessarius
2846 1997 2911 2050 ad
2957 1995 3404 2050 commutandam
3456 2009 3548 2048 res

1984 2092 2240 2148 humidas
2261 2092 2317 2144 in
2346 2089 2692 2159 sanguinem,
2724 2087 2924 2142 caloris
2964 2102 3097 2141 usus
3132 2086 3289 2149 foret,
3331 2086 3548 2138 abesset

1984 2194 2163 2239 autem
2218 2182 2520 2235 membrum
2578 2179 2679 2232 hoc
2723 2176 2833 2232 situ
2890 2189 2990 2232 suo
3037 2175 3254 2244 longius
3296 2189 3322 2227 a
3359 2173 3547 2233 corde,

1985 2283 2268 2345 propterea
2296 2269 2438 2340 quod
2463 2269 2685 2322 minime
2713 2267 3069 2322 conveniebat
3099 2281 3212 2332 cor,
3236 2265 3380 2334 quod
3409 2264 3553 2334 prin-

1984 2367 2184 2435 cipium
2214 2372 2269 2418 et
2300 2362 2452 2416 radix
2480 2359 2759 2414 facultatis
2788 2359 2971 2414 vitalis
2995 2365 3160 2419 esset,
3186 2357 3421 2411 arctiorc
3455 2369 3550 2424 per

1983 2456 2318 2510 vicinitatem
2354 2452 2475 2505 loco
2506 2451 2662 2505 alteri
2692 2450 2818 2504 vita:
2861 2449 3130 2519 principio
3165 2447 3446 2518 conjungi,
3483 2463 3557 2502 ne

1984 2545 2114 2616 quid
2146 2545 2217 2599 ob
2257 2530 2460 2597 caloris
2500 2541 2816 2596 distantiam
2855 2539 3162 2594 detrimenti
3197 2540 3356 2593 nobis
3405 2539 3552 2592 acci-

1984 2639 2158 2700 deret,
2190 2644 2401 2690 meatus
2426 2649 2659 2688 nerveus
2687 2633 2868 2702 (quem
2903 2631 3064 2701 periti
3103 2631 3269 2698 hujus
3289 2629 3555 2688 doctrina:

1985 2731 2239 2786 arteriam
2263 2731 2479 2794 vocant)
2503 2726 2761 2779 haustum
2781 2722 2848 2776 de
2867 2722 3032 2775 corde
3055 2720 3306 2788 spiritum
3332 2719 3549 2788 igneum

1986 2823 2050 2875 ad
2093 2823 2258 2890 hepar
2297 2816 2492 2881 defert,
2541 2822 2704 2884 atque
2759 2813 2874 2866 hanc
2927 2811 3146 2880 quidem
3196 2809 3392 2863 arteria
3432 2809 3554 2861 loco

1986 2925 2152 2981 prope
2193 2908 2406 2970 eodem,
2442 2920 2552 2974 quo
2583 2901 2803 2958 humida
2833 2900 3194 2968 recipiuntur,
3233 2897 3412 2967 ltepati
3465 2896 3553 2949 in-

1987 3001 2210 3061 seritur,
2239 2998 2421 3065 itaque
2455 2994 2640 3048 calore
2669 3007 2768 3047 suo
2799 2989 2925 3044 facit
2951 2996 3010 3042 ut
3039 2988 3260 3041 humida
3291 2988 3552 3053 ferveant,

1987 3088 2240 3160 quiddam
2282 3102 2405 3142 cum
2459 3085 2540 3139 eis
2595 3084 2708 3153 igni
2759 3088 3053 3150 cognatum
3115 3078 3550 3141 communicans,

1987 3193 2096 3249 quo
2125 3178 2180 3230 iit
2209 3177 2283 3229 uti
2321 3173 2546 3244 sanguis
2577 3173 2739 3242 igneo
2774 3171 2958 3226 colore
2988 3183 3296 3238 respersus,
3344 3183 3553 3237 purpu-

1987 3285 2113 3324 reus
2155 3268 2398 3321 exsistat.
2439 3265 2568 3319 Inde
2619 3277 2812 3318 rursus
2859 3260 3034 3316 exorti
3067 3260 3270 3330 gemini
3329 3259 3553 3328 quidam

1987 3361 2147 3416 rivuli
2185 3359 2385 3414 tubulis
2431 3356 2768 3419 consimiles,
2813 3369 3050 3424 quorum
3087 3352 3231 3406 alius
3276 3351 3552 3420 spiritum,

1988 3452 2306 3522 sanguinem
2329 3449 2470 3502 alius
2486 3447 2731 3502 continet
2753 3446 3188 3516 (coniunguntur
3208 3451 3387 3497 autem
3410 3441 3554 3506 ideo,

1989 3551 2046 3596 ut
2086 3541 2282 3594 humor
2324 3553 2416 3608 per
2438 3537 2640 3592 caloris
2672 3535 3053 3596 mobilitatem,
3096 3532 3142 3586 si
3180 3531 3228 3584 is
3257 3547 3363 3584 una
3395 3529 3559 3584 vcha-

1992 3642 2102 3696 tur,
2131 3633 2301 3686 levior
2334 3625 2610 3693 exsistat),
2651 3641 2748 3696 per
2782 3639 2980 3693 corpus
3013 3624 3326 3677 universum
3367 3619 3556 3674 multi-

1988 3723 2181 3777 fariam
2235 3727 2585 3790 Sparguntur,
2622 3724 2944 3787 tantumque
2991 3731 3102 3770 non
3133 3715 3342 3768 inﬁnita
3377 3713 3432 3766 in
3468 3727 3558 3766 ca-

1991 3813 2194 3866 nalium
2222 3808 2488 3879 principia
2512 3807 2779 3876 quasique
2803 3820 2986 3860 ramos
3009 3821 3068 3860 se
3091 3805 3294 3874 passim
3322 3801 3555 3856 findunt.

1989 3905 2165 3972 Atque
2190 3901 2299 3973 duo
2329 3898 2546 3968 quidem
2579 3898 2695 3954 haec
2721 3897 3037 3951 facultatum
3076 3896 3319 3950 vitalium
3352 3893 3558 3964 princi-

1989 3990 2077 4061 pia
2119 3991 2258 4044 inter
2287 4004 2345 4044 se
2373 3988 2682 4054 commista,
2720 4001 2842 4041 cum
2873 3987 2923 4039 id
2961 3985 3106 4055 quod
3142 3985 3406 4046 calorem,
3440 3989 3555 4034 tum

1989 4082 2134 4154 quod
2173 4081 2454 4136 humorem
2492 4079 2809 4134 universum
2859 4079 2915 4132 in
2955 4092 3155 4146 corpus
3188 4075 3346 4132 didit,
3382 4072 3557 4142 quod-

1989 4173 2114 4228 dam
2155 4172 2321 4227 veluti
2361 4170 2604 4226 debitum
2641 4169 2902 4223 tributum
2933 4167 3175 4219 facultati
3217 4180 3335 4233 quae
3380 4164 3430 4215 in
3462 4161 3559 4215 ad-

1990 4264 2392 4318 ministratione
2432 4259 2556 4313 vitae
2595 4273 2810 4312 summo
2841 4272 2965 4310 cum
3001 4254 3231 4324 imperio
3266 4260 3349 4306 est
3379 4260 3431 4306 et
3457 4266 3556 4321 po-

312 4355 582 4409 Θέκαστον
637 4357 844 4426 μορίοις
890 4355 1354 4424 ἐπι-πεμπόμενον,
1410 4355 1629 4426 ἐνεργόν
1680 4371 1740 4406 τε
1794 4355 1886 4407 καί

1993 4365 2207 4420 testate,
2270 4355 2529 4424 pendunt.
2590 4351 2947 4419 lntelligimus
2990 4355 3170 4402 autem
3219 4345 3557 4409 facultatem,

315 4449 635 4517 κινούμενον
667 4448 755 4501 τὸν
794 4450 979 4517 γήϊνον
1003 4447 1158 4519 ἡμῶν
1195 4446 1508 4518 ἀνδριάντα,
1548 4445 1797 4516 καθάπερ
1823 4447 1888 4498 ὲκ

318 4541 572 4610 μηχανῆς
612 4558 759 4604 τινος
787 4541 1152 4594 ἀποδείκνυσι.
1190 4540 1296 4592 Τοῦ
1327 4555 1386 4592 τε
1434 4541 1542 4610 γὰρ
1581 4538 1786 4608 Θερμοῦ
1828 4537 1890 4589 τὸ

313 4625 727 4696 καθαρώτατον,
778 4628 873 4680 καί
913 4626 1006 4680 τοῦ
1052 4627 1218 4697 ὑγροῦ
1267 4627 1329 4680 τὸ
1377 4628 1701 4683 λεπτότατον
1760 4627 1888 4697 παρ’

313 4718 584 4788 ἀκατέρας
607 4718 890 4788 δυνάμεως
910 4718 997 4772 διά
1023 4737 1168 4782 τινος
1207 4718 1404 4788 μίξεώς
1435 4737 1492 4772 τε
1530 4720 1622 4772 καὶ
1646 4719 1890 4788 ἀνακρά-

318 4826 461 4893 σεως
513 4809 815 4870 ἑνωθέντα,
865 4809 1052 4879 τρέφει
1094 4827 1153 4862 τε
1186 4810 1279 4862 καί
1327 4810 1605 4880 συνίστησι
1651 4808 1737 4862 διὰ
1783 4808 1890 4862 τῶν

315 4901 510 4972 ἀτμῶν
555 4902 646 4955 τὸν
677 4903 1002 4970 ἐγκέφαλον.
1051 4903 1171 4972 Ἀφ’
1205 4894 1265 4954 οὗ
1301 4901 1462 4955 πάλιν
1509 4901 1600 4954 ὲπί
1634 4900 1887 4970 καθαρῶ-

315 5009 480 5046 τατον
509 4993 943 5065 ὲκλεπτυνομένη
987 4996 1020 5065 ή
1052 4995 1144 5046 ἀπ’
1185 4993 1393 5047 ἐκείνου
1425 4992 1673 5054 ἀνάδοσις
1695 5031 1710 5054 ,
1743 4992 1887 5046 ὑπαο

315 5086 492 5166 λιίφει
537 5086 630 5138 τὸν
669 5087 1010 5156 περιεκτικὸν
1065 5086 1157 5140 τοῦ
1208 5084 1510 5155 ἐγκεφάλου
1562 5083 1774 5154 ὑμένα,
1832 5083 1892 5147 ὃς

320 5177 528 5232 ἀνωθεν
556 5177 649 5228 ἐπὶ
678 5177 738 5228 τὸ
769 5176 928 5246 βάθος
954 5177 1245 5241 αὑλοειδῶς
1267 5178 1468 5246 διήκων
1487 5218 1501 5240 ,
1536 5177 1624 5230 διὰ
1650 5176 1758 5229 τῶν
1793 5193 1892 5228 κα·

323 5267 486 5336 θεῇς
519 5266 843 5332 σπονδὺλων,
868 5270 1053 5324 ἑαυτὸν
1083 5269 1142 5323 δὲ
1171 5268 1374 5322 καὶτὸν
1398 5269 1710 5338 ἐγκείμενον
1742 5265 1889 5336 αὑτῷ

328 5359 524 5428 μυελὸν
556 5359 833 5429 διεξάγων,
861 5366 921 5435 τῇ
953 5364 1111 5435 βάσει
1146 5360 1510 5430 συναπολήγει
1539 5362 1634 5430 τῆς
1659 5360 1886 5429 ῥάχεως·

327 5452 530 5513 πάσαις
561 5452 758 5504 ὀστέων
782 5471 835 5508 τε
857 5461 940 5513 καὶ
962 5454 1247 5532 ἁρμονιῶν
1272 5470 1334 5506 συ
1343 5451 1584 5521 μὸοὶαῖς,
1613 5451 1708 5504 καὶ
1741 5450 1891 5520 μυῶν

328 5545 528 5612 ἀρχαῖς
546 5539 655 5597 οἷόν
673 5562 752 5610 τις
767 5551 965 5628 ἡνίοχος
991 5554 1161 5614 αὐτὸς
1182 5545 1419 5606 ἐνδιδοὺς
1441 5544 1538 5612 τῆς
1557 5543 1891 5596 καθέκαστον

333 5629 596 5704 κυήσειὸς
635 5643 689 5686 τε
724 5639 802 5691 καὶ
836 5650 1070 5715 στάσεως
1109 5642 1209 5713 τὴν
1242 5631 1423 5704 ὁρμὴν
1465 5632 1554 5684 καὶ
1597 5631 1692 5701 τὴν
1733 5631 1889 5684 δύνα-

1990 4465 2112 4520 qua:
2129 4448 2338 4502 cerebri
2358 4444 2710 4505 membranis,
2733 4445 2961 4512 ipsoque
2979 4441 3203 4494 cerebro
3223 4438 3558 4501 continetur,

1991 4557 2021 4596 a
2077 4554 2183 4608 qua
2239 4536 2516 4607 profectus
2555 4534 2737 4590 omnis
2779 4545 3069 4586 nervorum
3124 4536 3327 4590 motus,
3381 4528 3561 4582 omnis

1991 4630 2362 4685 musculorum
2387 4625 2712 4686 contractio,
2749 4622 2932 4677 omnis
2967 4620 3216 4690 spiritus,
3254 4618 3347 4688 qui
3381 4624 3561 4672 motus

1991 4731 2076 4778 est
2107 4719 2336 4791 singulis
2377 4719 2430 4771 in
2461 4717 2720 4772 membris
2749 4714 3037 4785 spontanei
3062 4728 3250 4777 causa,
3297 4710 3560 4774 eﬂiciunt,

1992 4814 2068 4869 uti
2098 4809 2344 4881 corporis
2375 4807 2598 4863 humani
2631 4807 2897 4862 fabricata
2936 4803 3004 4860 de
3040 4813 3185 4859 terra
3217 4810 3397 4858 statua
3445 4801 3561 4856 suis

1993 4902 2301 4959 actionibus
2347 4908 2400 4955 et
2431 4906 2582 4955 motu
2635 4900 2705 4954 sit
2750 4896 2996 4966 prmdita.
3038 4894 3096 4948 ln
3126 4894 3307 4948 calore
3338 4891 3557 4958 quidem

1993 4993 2138 5066 quod
2167 4999 2248 5048 est
2276 4992 2433 5060 longe
2465 4989 2840 5060 purissimum,
2873 4995 2927 5042 et
2953 4987 3008 5040 in
3035 4986 3266 5040 humore
3294 4981 3560 5036 tenuissi-

1993 5102 2162 5151 mum,
2219 5092 2451 5153 utraque
2499 5081 2752 5136 mistione
2795 5079 3028 5150 quadam
3080 5091 3145 5131 ac
3191 5081 3561 5144 temperatura

1994 5178 2170 5240 unita,
2193 5175 2342 5230 velut
2365 5171 2669 5228 exhalando
2691 5171 2974 5226 cerebrum
3000 5169 3252 5223 nutriunt
3271 5175 3325 5221 et
3351 5165 3557 5220 fovent.

1991 5270 2074 5324 Ab
2114 5269 2216 5323 hoc
2254 5265 2442 5322 eadem
2477 5265 2637 5334 longe
2677 5262 2969 5333 purissime
3009 5265 3290 5315 attenuata
3320 5255 3558 5311 reddun-

1997 5371 2108 5425 tur,
2165 5370 2222 5413 ιιι
2271 5357 2642 5413 membranam
2699 5356 2876 5424 ipsutn
2930 5351 3256 5405 ambientem
3308 5345 3556 5412 irrigent.

1995 5452 2120 5505 Haec
2166 5449 2233 5502 de
2281 5459 2432 5517 parte
2479 5446 2716 5500 hominis
2758 5443 3042 5514 superiore
3072 5441 3138 5495 ad
3171 5441 3278 5492 ima
3308 5435 3556 5522 tendens,

1999 5543 2298 5609 ﬁstulaeque
2319 5539 2372 5592 in
2397 5537 2616 5593 modum
2639 5537 2927 5605 contiguas
2947 5533 3224 5588 vertebras
3245 5533 3558 5596 penetrans,

1999 5647 2120 5687 cum
2153 5629 2409 5690 medulla,
2439 5641 2600 5698 quam
2635 5627 2893 5692 continet,
2921 5625 2985 5681 ad
3012 5624 3193 5677 basem
3226 5631 3398 5686 usque
3418 5613 3566 5671 dorsi
