  <div class='ocr_page' id='page_1' title='image "/cluster/home/n/w/nwhite01/storage/ocr_20150623/44/hvd.32044052767431/131.png"; bbox 0 0 4088 6210; ppageno 0'>
   <div class='ocr_carea' id='block_1_1' title="bbox 778 333 877 388">
    <p class='ocr_par' dir='ltr' id='par_1_1' title="bbox 778 333 877 388">
     <span class='ocr_line' id='line_1_1' title="bbox 778 333 877 388; baseline -0.04 0"><span class='ocrx_word' id='word_1_1' title='bbox 778 333 877 388; x_wconf 69' lang='grc'><strong>251</strong></span> 
     </span>
    </p>
   </div>
   <div class='ocr_carea' id='block_1_2' title="bbox 2013 318 2765 376">
    <p class='ocr_par' dir='ltr' id='par_1_2' title="bbox 2013 318 2765 376">
     <span class='ocr_line' id='line_1_2' title="bbox 2013 318 2765 376; baseline -0.001 -2"><span class='ocrx_word' id='word_1_2' title='bbox 2013 320 2070 376; x_wconf 88' lang='lat' dir='ltr'><strong>S.</strong></span> <span class='ocrx_word' id='word_1_3' title='bbox 2113 319 2438 376; x_wconf 78' lang='lat' dir='ltr'><strong>GREGORll</strong></span> <span class='ocrx_word' id='word_1_4' title='bbox 2478 318 2765 374; x_wconf 75' lang='lat' dir='ltr'><strong>NYSSENI</strong></span> 
     </span>
    </p>
   </div>
   <div class='ocr_carea' id='block_1_3' title="bbox 783 433 2397 511">
    <p class='ocr_par' dir='ltr' id='par_1_3' title="bbox 783 439 2397 511">
     <span class='ocr_line' id='line_1_3' title="bbox 783 439 2397 511; baseline -0.003 -13"><span class='ocrx_word' id='word_1_5' title='bbox 783 445 974 511; x_wconf 70' lang='lat' dir='ltr'><strong>spinae,</strong></span> <span class='ocrx_word' id='word_1_6' title='bbox 1002 455 1164 510; x_wconf 89' lang='lat' dir='ltr'><strong>quam</strong></span> <span class='ocrx_word' id='word_1_7' title='bbox 1190 447 1410 504; x_wconf 88' lang='lat' dir='ltr'><strong>vocant,</strong></span> <span class='ocrx_word' id='word_1_8' title='bbox 1437 439 1618 495; x_wconf 89' lang='lat' dir='ltr'><strong>delata</strong></span> <span class='ocrx_word' id='word_1_9' title='bbox 1639 440 1842 502; x_wconf 76' lang='lat' dir='ltr'><strong>deficit,</strong></span> <span class='ocrx_word' id='word_1_10' title='bbox 1871 441 1986 507; x_wconf 88' lang='lat' dir='ltr'><strong>ipsa</strong></span> <span class='ocrx_word' id='word_1_11' title='bbox 2006 440 2170 492; x_wconf 85' lang='lat' dir='ltr'><strong>etiam</strong></span> <span class='ocrx_word' id='word_1_12' title='bbox 2196 441 2353 508; x_wconf 85' lang='lat' dir='ltr'><strong>spina</strong></span> <span class='ocrx_word' id='word_1_13' title='bbox 2385 471 2397 502; x_wconf 58' lang='grc' dir='ltr'><em>λ</em></span> 
     </span>
    </p>
   </div>
   <div class='ocr_carea' id='block_1_4' title="bbox 2173 433 3787 511">
    <p class='ocr_par' dir='ltr' id='par_1_4' title="bbox 2196 433 3787 510">
     <span class='ocr_line' id='line_1_4' title="bbox 2196 433 3787 510; baseline -0.006 -17"><span class='ocrx_word' id='word_1_14' title='bbox 2196 441 2353 508; x_wconf 85' lang='lat' dir='ltr'><strong>spina</strong></span> <span class='ocrx_word' id='word_1_15' title='bbox 2385 449 2429 502; x_wconf 86' lang='grc' dir='ltr'><strong>Α</strong></span> <span class='ocrx_word' id='word_1_16' title='bbox 2463 457 2572 510; x_wconf 92' lang='grc' dir='ltr'>μιν.</span> <span class='ocrx_word' id='word_1_17' title='bbox 2605 439 2701 490; x_wconf 72' lang='grc' dir='ltr'><strong>Διὰ</strong></span> <span class='ocrx_word' id='word_1_18' title='bbox 2733 437 2888 490; x_wconf 74' lang='grc' dir='ltr'>τοῦτό</span> <span class='ocrx_word' id='word_1_19' title='bbox 2915 455 3003 508; x_wconf 89' lang='grc' dir='ltr'><strong>μοι</strong></span> <span class='ocrx_word' id='word_1_20' title='bbox 3033 436 3178 490; x_wconf 87' lang='grc' dir='ltr'><strong>δοκεί</strong></span> <span class='ocrx_word' id='word_1_21' title='bbox 3210 436 3302 490; x_wconf 71' lang='grc' dir='ltr'>καὶ</span> <span class='ocrx_word' id='word_1_22' title='bbox 3326 434 3684 506; x_wconf 76' lang='grc' dir='ltr'><strong>ἀσφαλεστέρας</strong></span> <span class='ocrx_word' id='word_1_23' title='bbox 3708 433 3787 507; x_wconf 72' lang='grc' dir='ltr'>ὴξιι</span> 
     </span>
    </p>
   </div>
   <div class='ocr_carea' id='block_1_5' title="bbox 782 530 2354 600">
    <p class='ocr_par' dir='ltr' id='par_1_5' title="bbox 782 530 2354 600">
     <span class='ocr_line' id='line_1_5' title="bbox 782 530 2354 600; baseline -0.003 -13"><span class='ocrx_word' id='word_1_24' title='bbox 782 549 849 588; x_wconf 90' lang='lat' dir='ltr'><strong>eo</strong></span> <span class='ocrx_word' id='word_1_25' title='bbox 887 534 1006 587; x_wconf 91' lang='lat' dir='ltr'><strong>loco</strong></span> <span class='ocrx_word' id='word_1_26' title='bbox 1029 532 1334 586; x_wconf 74' lang='lat' dir='ltr'><strong>desinente.</strong></span> <span class='ocrx_word' id='word_1_27' title='bbox 1387 530 1608 586; x_wconf 87' lang='lat' dir='ltr'><strong>Ossium</strong></span> <span class='ocrx_word' id='word_1_28' title='bbox 1637 531 1857 600; x_wconf 79' lang='lat' dir='ltr'><strong>quidem</strong></span> <span class='ocrx_word' id='word_1_29' title='bbox 1893 540 1945 584; x_wconf 91' lang='lat' dir='ltr'><strong>et</strong></span> <span class='ocrx_word' id='word_1_30' title='bbox 1971 531 2354 599; x_wconf 88' lang='lat' dir='ltr'><strong>juncturarnm</strong></span> 
     </span>
    </p>
   </div>
   <div class='ocr_carea' id='block_1_6' title="bbox 784 623 2359 694">
    <p class='ocr_par' dir='ltr' id='par_1_6' title="bbox 784 623 2359 694">
     <span class='ocr_line' id='line_1_6' title="bbox 784 623 2359 694; baseline -0.003 -16"><span class='ocrx_word' id='word_1_31' title='bbox 784 625 840 678; x_wconf 89' lang='lat' dir='ltr'><strong>in</strong></span> <span class='ocrx_word' id='word_1_32' title='bbox 876 639 1108 694; x_wconf 84' lang='lat' dir='ltr'><strong>corpore</strong></span> <span class='ocrx_word' id='word_1_33' title='bbox 1148 624 1529 678; x_wconf 85' lang='lat' dir='ltr'><strong>commissuris</strong></span> <span class='ocrx_word' id='word_1_34' title='bbox 1562 623 1838 686; x_wconf 90' lang='lat' dir='ltr'><strong>omnibus,</strong></span> <span class='ocrx_word' id='word_1_35' title='bbox 1870 623 2106 690; x_wconf 89' lang='lat' dir='ltr'><strong>itemque</strong></span> <span class='ocrx_word' id='word_1_36' title='bbox 2141 636 2359 675; x_wconf 88' lang='lat' dir='ltr'><strong>muscu-</strong></span> 
     </span>
    </p>
   </div>
   <div class='ocr_carea' id='block_1_7' title="bbox 783 714 2360 785">
    <p class='ocr_par' dir='ltr' id='par_1_7' title="bbox 783 714 2360 785">
     <span class='ocr_line' id='line_1_7' title="bbox 783 714 2360 785; baseline -0.004 -16"><span class='ocrx_word' id='word_1_37' title='bbox 783 715 965 769; x_wconf 87' lang='lat' dir='ltr'><strong>lorum</strong></span> <span class='ocrx_word' id='word_1_38' title='bbox 1000 716 1281 785; x_wconf 83' lang='lat' dir='ltr'><strong>principiis</strong></span> <span class='ocrx_word' id='word_1_39' title='bbox 1315 715 1383 770; x_wconf 89' lang='lat' dir='ltr'><strong>ab</strong></span> <span class='ocrx_word' id='word_1_40' title='bbox 1408 715 1512 769; x_wconf 89' lang='lat' dir='ltr'><strong>hac</strong></span> <span class='ocrx_word' id='word_1_41' title='bbox 1552 714 1886 778; x_wconf 79' lang='lat' dir='ltr'><strong>membrana,</strong></span> <span class='ocrx_word' id='word_1_42' title='bbox 1943 721 2202 781; x_wconf 89' lang='lat' dir='ltr'><strong>tanquam</strong></span> <span class='ocrx_word' id='word_1_43' title='bbox 2240 727 2360 766; x_wconf 87' lang='lat' dir='ltr'><strong>om-</strong></span> 
     </span>
    </p>
   </div>
   <div class='ocr_carea' id='block_1_8' title="bbox 784 804 2365 876">
    <p class='ocr_par' dir='ltr' id='par_1_8' title="bbox 784 804 2365 876">
     <span class='ocr_line' id='line_1_8' title="bbox 784 804 2365 876; baseline 0 -18"><span class='ocrx_word' id='word_1_44' title='bbox 784 804 938 859; x_wconf 87' lang='lat' dir='ltr'><strong>nium</strong></span> <span class='ocrx_word' id='word_1_45' title='bbox 971 805 1356 870; x_wconf 89' lang='lat' dir='ltr'><strong>moderatrice,</strong></span> <span class='ocrx_word' id='word_1_46' title='bbox 1389 807 1455 861; x_wconf 89' lang='lat' dir='ltr'><strong>ad</strong></span> <span class='ocrx_word' id='word_1_47' title='bbox 1480 805 1778 876; x_wconf 78' lang='lat' dir='ltr'><strong>quemlibet</strong></span> <span class='ocrx_word' id='word_1_48' title='bbox 1815 813 2020 859; x_wconf 91' lang='lat' dir='ltr'><strong>motum</strong></span> <span class='ocrx_word' id='word_1_49' title='bbox 2060 819 2124 858; x_wconf 89' lang='lat' dir='ltr'><strong>ac</strong></span> <span class='ocrx_word' id='word_1_50' title='bbox 2149 805 2365 874; x_wconf 81' lang='lat' dir='ltr'><strong>requie-</strong></span> 
     </span>
    </p>
   </div>
   <div class='ocr_carea' id='block_1_9' title="bbox 785 890 2358 959">
    <p class='ocr_par' dir='ltr' id='par_1_9' title="bbox 785 890 2358 959">
     <span class='ocr_line' id='line_1_9' title="bbox 785 890 2358 959; baseline -0.003 -12"><span class='ocrx_word' id='word_1_51' title='bbox 785 901 896 947; x_wconf 87' lang='lat' dir='ltr'><strong>tem</strong></span> <span class='ocrx_word' id='word_1_52' title='bbox 936 894 1168 950; x_wconf 80' lang='lat' dir='ltr'><strong>facultas</strong></span> <span class='ocrx_word' id='word_1_53' title='bbox 1198 895 1424 949; x_wconf 89' lang='lat' dir='ltr'><strong>inditur.</strong></span> <span class='ocrx_word' id='word_1_54' title='bbox 1471 895 1602 951; x_wconf 83' lang='lat' dir='ltr'><strong>Eam</strong></span> <span class='ocrx_word' id='word_1_55' title='bbox 1641 893 1710 948; x_wconf 89' lang='lat' dir='ltr'><strong>ob</strong></span> <span class='ocrx_word' id='word_1_56' title='bbox 1733 907 1978 956; x_wconf 80' lang='lat' dir='ltr'><strong>causam,</strong></span> <span class='ocrx_word' id='word_1_57' title='bbox 2007 891 2075 946; x_wconf 90' lang='lat' dir='ltr'><strong>de</strong></span> <span class='ocrx_word' id='word_1_58' title='bbox 2108 890 2213 944; x_wconf 69' lang='lat' dir='ltr'><strong>mei</strong></span> <span class='ocrx_word' id='word_1_59' title='bbox 2243 891 2358 959; x_wconf 85' lang='lat' dir='ltr'><strong>qui-</strong></span> 
     </span>
    </p>
   </div>
   <div class='ocr_carea' id='block_1_10' title="bbox 789 981 2356 1057">
    <p class='ocr_par' dir='ltr' id='par_1_10' title="bbox 789 981 2356 1057">
     <span class='ocr_line' id='line_1_10' title="bbox 789 981 2356 1057; baseline -0.003 -19"><span class='ocrx_word' id='word_1_60' title='bbox 789 983 909 1039; x_wconf 88' lang='lat' dir='ltr'><strong>dem</strong></span> <span class='ocrx_word' id='word_1_61' title='bbox 939 987 1107 1041; x_wconf 86' lang='lat' dir='ltr'><strong>auimi</strong></span> <span class='ocrx_word' id='word_1_62' title='bbox 1151 987 1380 1057; x_wconf 89' lang='lat' dir='ltr'><strong>judicio,</strong></span> <span class='ocrx_word' id='word_1_63' title='bbox 1424 985 1624 1040; x_wconf 84' lang='lat' dir='ltr'><strong>muniri</strong></span> <span class='ocrx_word' id='word_1_64' title='bbox 1652 985 1796 1040; x_wconf 88' lang='lat' dir='ltr'><strong>hanc</strong></span> <span class='ocrx_word' id='word_1_65' title='bbox 1842 984 2008 1039; x_wconf 89' lang='lat' dir='ltr'><strong>etiam</strong></span> <span class='ocrx_word' id='word_1_66' title='bbox 2037 984 2209 1053; x_wconf 75' lang='lat' dir='ltr'><strong>magis</strong></span> <span class='ocrx_word' id='word_1_67' title='bbox 2257 981 2356 1038; x_wconf 86' lang='lat' dir='ltr'><strong>ali--</strong></span> 
     </span>
    </p>
   </div>
   <div class='ocr_carea' id='block_1_11' title="bbox 2457 525 3787 600">
    <p class='ocr_par' dir='ltr' id='par_1_11' title="bbox 2457 525 3787 600">
     <span class='ocr_line' id='line_1_11' title="bbox 2457 525 3787 600; baseline -0.005 -17"><span class='ocrx_word' id='word_1_68' title='bbox 2457 531 2716 600; x_wconf 77' lang='grc' dir='ltr'>φρουρᾶς,</span> <span class='ocrx_word' id='word_1_69' title='bbox 2753 530 2847 582; x_wconf 70' lang='grc' dir='ltr'>καὶ</span> <span class='ocrx_word' id='word_1_70' title='bbox 2880 527 3019 581; x_wconf 80' lang='grc' dir='ltr'>κατὰ</span> <span class='ocrx_word' id='word_1_71' title='bbox 3055 528 3151 599; x_wconf 79' lang='grc' dir='ltr'>μὲν</span> <span class='ocrx_word' id='word_1_72' title='bbox 3183 527 3282 600; x_wconf 83' lang='grc' dir='ltr'>τὴν</span> <span class='ocrx_word' id='word_1_73' title='bbox 3327 527 3551 597; x_wconf 83' lang='grc' dir='ltr'>κεφαλὴν</span> <span class='ocrx_word' id='word_1_74' title='bbox 3572 525 3787 590; x_wconf 83' lang='grc' dir='ltr'>διπλαῖςό</span> 
     </span>
    </p>
   </div>
   <div class='ocr_carea' id='block_1_12' title="bbox 2459 614 3766 691">
    <p class='ocr_par' dir='ltr' id='par_1_12' title="bbox 2459 614 3766 691">
     <span class='ocr_line' id='line_1_12' title="bbox 2459 614 3766 691; baseline -0.004 -18"><span class='ocrx_word' id='word_1_75' title='bbox 2459 620 2767 691; x_wconf 86' lang='grc' dir='ltr'>περιϐολαῖς</span> <span class='ocrx_word' id='word_1_76' title='bbox 2811 622 2866 672; x_wconf 83' lang='grc' dir='ltr'>ὲν</span> <span class='ocrx_word' id='word_1_77' title='bbox 2899 614 3083 690; x_wconf 84' lang='grc' dir='ltr'>κύκλῳ</span> <span class='ocrx_word' id='word_1_78' title='bbox 3111 619 3505 690; x_wconf 77' lang='grc' dir='ltr'><strong>διειλημμένος,</strong></span> <span class='ocrx_word' id='word_1_79' title='bbox 3534 620 3580 670; x_wconf 80' lang='grc' dir='ltr'><strong>ὲν</strong></span> <span class='ocrx_word' id='word_1_80' title='bbox 3609 617 3655 669; x_wconf 82' lang='grc' dir='ltr'>δὲ</span> <span class='ocrx_word' id='word_1_81' title='bbox 3676 620 3766 680; x_wconf 85' lang='grc' dir='ltr'>τοῖς</span> 
     </span>
    </p>
   </div>
   <div class='ocr_carea' id='block_1_13' title="bbox 2459 709 3788 790">
    <p class='ocr_par' dir='ltr' id='par_1_13' title="bbox 2459 709 3788 790">
     <span class='ocr_line' id='line_1_13' title="bbox 2459 709 3788 790; baseline -0.004 -26"><span class='ocrx_word' id='word_1_82' title='bbox 2459 711 2633 773; x_wconf 88' lang='grc' dir='ltr'>δύλοις</span> <span class='ocrx_word' id='word_1_83' title='bbox 2659 713 2778 790; x_wconf 67' lang='grc' dir='ltr'>ταῖς</span> <span class='ocrx_word' id='word_1_84' title='bbox 2815 729 2872 763; x_wconf 89' lang='grc' dir='ltr'><strong>τε</strong></span> <span class='ocrx_word' id='word_1_85' title='bbox 2900 709 3008 764; x_wconf 89' lang='grc' dir='ltr'><strong>τῶν</strong></span> <span class='ocrx_word' id='word_1_86' title='bbox 3039 710 3289 777; x_wconf 79' lang='grc' dir='ltr'>ἀκανθῶν</span> <span class='ocrx_word' id='word_1_87' title='bbox 3329 709 3594 780; x_wconf 84' lang='grc' dir='ltr'>προϐολαῖς</span> <span class='ocrx_word' id='word_1_88' title='bbox 3619 709 3698 761; x_wconf 70' lang='grc' dir='ltr'>καὶ</span> <span class='ocrx_word' id='word_1_89' title='bbox 3722 711 3788 762; x_wconf 62' lang='lat' dir='ltr'><strong>cui</strong></span> 
     </span>
    </p>
   </div>
   <div class='ocr_carea' id='block_1_14' title="bbox 2461 791 3788 872">
    <p class='ocr_par' dir='ltr' id='par_1_14' title="bbox 2461 791 3788 872">
     <span class='ocr_line' id='line_1_14' title="bbox 2461 791 3788 872; baseline -0.002 -20"><span class='ocrx_word' id='word_1_90' title='bbox 2461 801 2749 872; x_wconf 83' lang='grc' dir='ltr'>λυτρόποις</span> <span class='ocrx_word' id='word_1_91' title='bbox 2779 800 2919 854; x_wconf 81' lang='grc' dir='ltr'>κατά</span> <span class='ocrx_word' id='word_1_92' title='bbox 2945 800 3006 853; x_wconf 83' lang='grc' dir='ltr'>τὸ</span> <span class='ocrx_word' id='word_1_93' title='bbox 3029 801 3212 870; x_wconf 80' lang='grc' dir='ltr'>σχῆμα</span> <span class='ocrx_word' id='word_1_94' title='bbox 3241 799 3562 862; x_wconf 83' lang='grc' dir='ltr'>διαπλοκαῖς.</span> <span class='ocrx_word' id='word_1_95' title='bbox 3583 798 3637 851; x_wconf 88' lang='grc' dir='ltr'><strong>δι’</strong></span> <span class='ocrx_word' id='word_1_96' title='bbox 3654 791 3715 851; x_wconf 83' lang='grc' dir='ltr'>ὧν</span> <span class='ocrx_word' id='word_1_97' title='bbox 3743 800 3788 850; x_wconf 82' lang='grc' dir='ltr'>ἐν</span> 
     </span>
    </p>
   </div>
   <div class='ocr_carea' id='block_1_15' title="bbox 2464 890 3770 964">
    <p class='ocr_par' dir='ltr' id='par_1_15' title="bbox 2464 890 3770 964">
     <span class='ocr_line' id='line_1_15' title="bbox 2464 890 3770 964; baseline -0.001 -20"><span class='ocrx_word' id='word_1_98' title='bbox 2464 891 2584 962; x_wconf 75' lang='grc' dir='ltr'>θείᾳ</span> <span class='ocrx_word' id='word_1_99' title='bbox 2636 893 2783 964; x_wconf 75' lang='grc' dir='ltr'>πασῃ</span> <span class='ocrx_word' id='word_1_100' title='bbox 2819 891 3178 960; x_wconf 81' lang='grc' dir='ltr'><strong>φυλάττεται,</strong></span> <span class='ocrx_word' id='word_1_101' title='bbox 3213 891 3301 950; x_wconf 75' lang='grc' dir='ltr'>διὰ</span> <span class='ocrx_word' id='word_1_102' title='bbox 3333 891 3432 960; x_wconf 77' lang='grc' dir='ltr'>τῆς</span> <span class='ocrx_word' id='word_1_103' title='bbox 3466 890 3770 962; x_wconf 72' lang='grc' dir='ltr'><strong>περιεχούσης</strong></span> 
     </span>
    </p>
   </div>
   <div class='ocr_carea' id='block_1_16' title="bbox 2462 983 3244 1054">
    <p class='ocr_par' dir='ltr' id='par_1_16' title="bbox 2462 983 3244 1054">
     <span class='ocr_line' id='line_1_16' title="bbox 2462 983 3244 1054; baseline 0.004 -19"><span class='ocrx_word' id='word_1_104' title='bbox 2462 986 2703 1054; x_wconf 79' lang='grc' dir='ltr'>φρουρᾶς</span> <span class='ocrx_word' id='word_1_105' title='bbox 2728 983 2788 1036; x_wconf 77' lang='grc' dir='ltr'>τὸ</span> <span class='ocrx_word' id='word_1_106' title='bbox 2811 984 3047 1053; x_wconf 83' lang='grc' dir='ltr'>ἀσφαλὲς</span> <span class='ocrx_word' id='word_1_107' title='bbox 3085 983 3244 1054; x_wconf 76' lang='grc' dir='ltr'>ἔχων.</span> 
     </span>
    </p>
   </div>
   <div class='ocr_carea' id='block_1_17' title="bbox 789 1071 3785 1146">
    <p class='ocr_par' dir='ltr' id='par_1_17' title="bbox 789 1071 3785 1146">
     <span class='ocr_line' id='line_1_17' title="bbox 789 1071 3785 1146; baseline -0 -17"><span class='ocrx_word' id='word_1_108' title='bbox 789 1083 1011 1144; x_wconf 90' lang='lat' dir='ltr'><strong>quanto,</strong></span> <span class='ocrx_word' id='word_1_109' title='bbox 1044 1091 1207 1146; x_wconf 84' lang='lat' dir='ltr'><strong>quam</strong></span> <span class='ocrx_word' id='word_1_110' title='bbox 1228 1076 1470 1132; x_wconf 88' lang='lat' dir='ltr'><strong>membra</strong></span> <span class='ocrx_word' id='word_1_111' title='bbox 1499 1085 1716 1141; x_wconf 70' lang='lat' dir='ltr'><strong>caetera,</strong></span> <span class='ocrx_word' id='word_1_112' title='bbox 1747 1074 2124 1130; x_wconf 80' lang='lat' dir='ltr'><strong>conveniebat.</strong></span> <span class='ocrx_word' id='word_1_113' title='bbox 2157 1071 2346 1143; x_wconf 84' lang='lat' dir='ltr'><strong>Itaque</strong></span> <span class='ocrx_word' id='word_1_114' title='bbox 2382 1073 2436 1127; x_wconf 90' lang='lat' dir='ltr'><strong>in</strong></span> <span class='ocrx_word' id='word_1_115' title='bbox 2467 1076 2646 1144; x_wconf 89' lang='lat' dir='ltr'><strong>capite</strong></span> <span class='ocrx_word' id='word_1_116' title='bbox 2673 1075 2878 1146; x_wconf 83' lang='lat' dir='ltr'><strong>duplici</strong></span> <span class='ocrx_word' id='word_1_117' title='bbox 2903 1076 3112 1132; x_wconf 90' lang='lat' dir='ltr'><strong>ossium</strong></span> <span class='ocrx_word' id='word_1_118' title='bbox 3141 1075 3346 1130; x_wconf 87' lang='lat' dir='ltr'><strong>ambitu</strong></span> <span class='ocrx_word' id='word_1_119' title='bbox 3373 1075 3512 1130; x_wconf 91' lang='lat' dir='ltr'><strong>omni</strong></span> <span class='ocrx_word' id='word_1_120' title='bbox 3551 1090 3606 1129; x_wconf 80' lang='lat' dir='ltr'><strong>ex</strong></span> <span class='ocrx_word' id='word_1_121' title='bbox 3653 1086 3785 1144; x_wconf 88' lang='lat' dir='ltr'><strong>parte</strong></span> 
     </span>
    </p>
   </div>
   <div class='ocr_carea' id='block_1_18' title="bbox 761 1163 3788 1242">
    <p class='ocr_par' dir='ltr' id='par_1_18' title="bbox 761 1163 3788 1242">
     <span class='ocr_line' id='line_1_18' title="bbox 761 1163 3788 1242; baseline -0.001 -21"><span class='ocrx_word' id='word_1_122' title='bbox 761 1165 1160 1242; x_wconf 61' lang='lat' dir='ltr'><strong>prehenditur,</strong></span> <span class='ocrx_word' id='word_1_123' title='bbox 1196 1168 1252 1221; x_wconf 91' lang='lat' dir='ltr'><strong>in</strong></span> <span class='ocrx_word' id='word_1_124' title='bbox 1294 1168 1566 1223; x_wconf 84' lang='lat' dir='ltr'><strong>vertebris</strong></span> <span class='ocrx_word' id='word_1_125' title='bbox 1611 1182 1781 1238; x_wconf 89' lang='lat' dir='ltr'><strong>quum</strong></span> <span class='ocrx_word' id='word_1_126' title='bbox 1837 1165 2169 1222; x_wconf 81' lang='lat' dir='ltr'><strong>exstantium</strong></span> <span class='ocrx_word' id='word_1_127' title='bbox 2234 1163 2396 1218; x_wconf 88' lang='lat' dir='ltr'><strong>veluti</strong></span> <span class='ocrx_word' id='word_1_128' title='bbox 2434 1166 2716 1234; x_wconf 87' lang='lat' dir='ltr'><strong>spinarum</strong></span> <span class='ocrx_word' id='word_1_129' title='bbox 2762 1167 3212 1238; x_wconf 79' lang='lat' dir='ltr'><strong>propugnaculis,</strong></span> <span class='ocrx_word' id='word_1_130' title='bbox 3270 1176 3382 1221; x_wconf 91' lang='lat' dir='ltr'><strong>tum</strong></span> <span class='ocrx_word' id='word_1_131' title='bbox 3433 1166 3680 1237; x_wconf 87' lang='lat' dir='ltr'><strong>multiplici</strong></span> <span class='ocrx_word' id='word_1_132' title='bbox 3746 1167 3788 1235; x_wconf 86' lang='lat' dir='ltr'><strong>ip</strong></span> 
     </span>
    </p>
   </div>
   <div class='ocr_carea' id='block_1_19' title="bbox 787 1242 3788 1333">
    <p class='ocr_par' dir='ltr' id='par_1_19' title="bbox 787 1242 3788 1333">
     <span class='ocr_line' id='line_1_19' title="bbox 787 1242 3788 1333; baseline 0.001 -23"><span class='ocrx_word' id='word_1_133' title='bbox 787 1242 1160 1312; x_wconf 83' lang='lat' dir='ltr'><strong>vertebrarum</strong></span> <span class='ocrx_word' id='word_1_134' title='bbox 1220 1259 1364 1313; x_wconf 87' lang='lat' dir='ltr'><strong>inter</strong></span> <span class='ocrx_word' id='word_1_135' title='bbox 1424 1273 1545 1314; x_wconf 88' lang='lat' dir='ltr'><strong>sese</strong></span> <span class='ocrx_word' id='word_1_136' title='bbox 1606 1273 1799 1312; x_wconf 81' lang='lat' dir='ltr'><strong>nexu:</strong></span> <span class='ocrx_word' id='word_1_137' title='bbox 1848 1273 1958 1327; x_wconf 90' lang='lat' dir='ltr'><strong>quo</strong></span> <span class='ocrx_word' id='word_1_138' title='bbox 1993 1257 2080 1321; x_wconf 81' lang='lat' dir='ltr'><strong>fit,</strong></span> <span class='ocrx_word' id='word_1_139' title='bbox 2140 1263 2198 1312; x_wconf 91' lang='lat' dir='ltr'><strong>ut</strong></span> <span class='ocrx_word' id='word_1_140' title='bbox 2247 1257 2316 1311; x_wconf 88' lang='lat' dir='ltr'><strong>ab</strong></span> <span class='ocrx_word' id='word_1_141' title='bbox 2366 1257 2455 1310; x_wconf 85' lang='lat' dir='ltr'><strong>illa</strong></span> <span class='ocrx_word' id='word_1_142' title='bbox 2498 1272 2714 1313; x_wconf 90' lang='lat' dir='ltr'><strong>omnem</strong></span> <span class='ocrx_word' id='word_1_143' title='bbox 2768 1260 3023 1331; x_wconf 90' lang='lat' dir='ltr'><strong>injuriam</strong></span> <span class='ocrx_word' id='word_1_144' title='bbox 3077 1263 3211 1330; x_wconf 65' lang='lat' dir='ltr'><strong>haec,</strong></span> <span class='ocrx_word' id='word_1_145' title='bbox 3249 1278 3354 1333; x_wconf 88' lang='lat' dir='ltr'><strong>qua</strong></span> <span class='ocrx_word' id='word_1_146' title='bbox 3393 1262 3506 1318; x_wconf 62' lang='lat' dir='ltr'><strong>lavdi</strong></span> <span class='ocrx_word' id='word_1_147' title='bbox 3545 1269 3725 1332; x_wconf 82' lang='lat' dir='ltr'><strong>posset,</strong></span> <span class='ocrx_word' id='word_1_148' title='bbox 3769 1278 3788 1314; x_wconf 86' lang='lat' dir='ltr'><strong>a</strong></span> 
     </span>
    </p>
   </div>
   <div class='ocr_carea' id='block_1_20' title="bbox 788 1346 2878 1423">
    <p class='ocr_par' dir='ltr' id='par_1_20' title="bbox 788 1346 2878 1423">
     <span class='ocr_line' id='line_1_20' title="bbox 788 1346 2878 1423; baseline 0.004 -22"><span class='ocrx_word' id='word_1_149' title='bbox 788 1346 1029 1416; x_wconf 81' lang='lat' dir='ltr'><strong>adeoque</strong></span> <span class='ocrx_word' id='word_1_150' title='bbox 1060 1355 1173 1402; x_wconf 87' lang='lat' dir='ltr'><strong>tuta</strong></span> <span class='ocrx_word' id='word_1_151' title='bbox 1223 1349 1316 1413; x_wconf 88' lang='lat' dir='ltr'><strong>sit,</strong></span> <span class='ocrx_word' id='word_1_152' title='bbox 1375 1349 1609 1419; x_wconf 89' lang='lat' dir='ltr'><strong>quodam</strong></span> <span class='ocrx_word' id='word_1_153' title='bbox 1651 1349 1810 1418; x_wconf 89' lang='lat' dir='ltr'><strong>quasi</strong></span> <span class='ocrx_word' id='word_1_154' title='bbox 1862 1349 2118 1420; x_wconf 82' lang='lat' dir='ltr'><strong>praesidio</strong></span> <span class='ocrx_word' id='word_1_155' title='bbox 2156 1350 2328 1419; x_wconf 86' lang='lat' dir='ltr'><strong>ipsam</strong></span> <span class='ocrx_word' id='word_1_156' title='bbox 2359 1350 2596 1423; x_wconf 88' lang='lat' dir='ltr'><strong>undique</strong></span> <span class='ocrx_word' id='word_1_157' title='bbox 2617 1355 2878 1423; x_wconf 89' lang='lat' dir='ltr'><strong>sepiente.</strong></span> 
     </span>
    </p>
   </div>
   <div class='ocr_carea' id='block_1_21' title="bbox 791 1439 2358 1505">
    <p class='ocr_par' dir='ltr' id='par_1_21' title="bbox 791 1439 2358 1505">
     <span class='ocr_line' id='line_1_21' title="bbox 791 1439 2358 1505; baseline 0.001 -13"><span class='ocrx_word' id='word_1_158' title='bbox 791 1444 796 1446; x_wconf 82' lang='grc'><em>’</em></span> <span class='ocrx_word' id='word_1_159' title='bbox 855 1439 1005 1493; x_wconf 84' lang='lat' dir='ltr'><strong>Idem</strong></span> <span class='ocrx_word' id='word_1_160' title='bbox 1055 1439 1122 1495; x_wconf 92' lang='lat' dir='ltr'><strong>de</strong></span> <span class='ocrx_word' id='word_1_161' title='bbox 1169 1441 1334 1495; x_wconf 91' lang='lat' dir='ltr'><strong>corde</strong></span> <span class='ocrx_word' id='word_1_162' title='bbox 1377 1440 1502 1494; x_wconf 89' lang='lat' dir='ltr'><strong>licet</strong></span> <span class='ocrx_word' id='word_1_163' title='bbox 1543 1439 1878 1505; x_wconf 76' lang='lat' dir='ltr'><strong>existimare,</strong></span> <span class='ocrx_word' id='word_1_164' title='bbox 1929 1455 2052 1494; x_wconf 87' lang='lat' dir='ltr'><strong>esse</strong></span> <span class='ocrx_word' id='word_1_165' title='bbox 2101 1439 2358 1494; x_wconf 86' lang='lat' dir='ltr'><strong>nimirum</strong></span> 
     </span>
    </p>
   </div>
   <div class='ocr_carea' id='block_1_22' title="bbox 787 1529 2359 1601">
    <p class='ocr_par' dir='ltr' id='par_1_22' title="bbox 787 1529 2359 1601">
     <span class='ocr_line' id='line_1_22' title="bbox 787 1529 2359 1601; baseline 0.001 -19"><span class='ocrx_word' id='word_1_166' title='bbox 787 1529 892 1583; x_wconf 88' lang='lat' dir='ltr'><strong>hoc</strong></span> <span class='ocrx_word' id='word_1_167' title='bbox 921 1531 1092 1591; x_wconf 77' lang='lat' dir='ltr'><strong>instar</strong></span> <span class='ocrx_word' id='word_1_168' title='bbox 1124 1532 1347 1587; x_wconf 63' lang='lat' dir='ltr'><strong>munita:</strong></span> <span class='ocrx_word' id='word_1_169' title='bbox 1389 1532 1585 1587; x_wconf 90' lang='lat' dir='ltr'><strong>domus</strong></span> <span class='ocrx_word' id='word_1_170' title='bbox 1617 1533 1768 1586; x_wconf 81' lang='lat' dir='ltr'><strong>omni</strong></span> <span class='ocrx_word' id='word_1_171' title='bbox 1802 1547 1867 1587; x_wconf 78' lang='lat' dir='ltr'><strong>ex</strong></span> <span class='ocrx_word' id='word_1_172' title='bbox 1919 1540 2074 1601; x_wconf 87' lang='lat' dir='ltr'><strong>parte</strong></span> <span class='ocrx_word' id='word_1_173' title='bbox 2111 1544 2359 1600; x_wconf 88' lang='lat' dir='ltr'><strong>compre-</strong></span> 
     </span>
    </p>
   </div>
   <div class='ocr_carea' id='block_1_23' title="bbox 787 1620 2359 1690">
    <p class='ocr_par' dir='ltr' id='par_1_23' title="bbox 787 1620 2359 1690">
     <span class='ocr_line' id='line_1_23' title="bbox 787 1620 2359 1690; baseline -0.001 -16"><span class='ocrx_word' id='word_1_174' title='bbox 787 1620 1022 1676; x_wconf 87' lang='lat' dir='ltr'><strong>hensum</strong></span> <span class='ocrx_word' id='word_1_175' title='bbox 1065 1623 1366 1690; x_wconf 87' lang='lat' dir='ltr'><strong>aptissime,</strong></span> <span class='ocrx_word' id='word_1_176' title='bbox 1398 1638 1463 1678; x_wconf 90' lang='lat' dir='ltr'><strong>ac</strong></span> <span class='ocrx_word' id='word_1_177' title='bbox 1488 1624 1887 1678; x_wconf 85' lang='lat' dir='ltr'><strong>circumdatum</strong></span> <span class='ocrx_word' id='word_1_178' title='bbox 1919 1621 1986 1674; x_wconf 90' lang='lat' dir='ltr'><strong>ab</strong></span> <span class='ocrx_word' id='word_1_179' title='bbox 2011 1621 2230 1676; x_wconf 88' lang='lat' dir='ltr'><strong>ossibus</strong></span> <span class='ocrx_word' id='word_1_180' title='bbox 2258 1620 2359 1674; x_wconf 89' lang='lat' dir='ltr'><strong>du-</strong></span> 
     </span>
    </p>
   </div>
   <div class='ocr_carea' id='block_1_24' title="bbox 787 1712 2358 1785">
    <p class='ocr_par' dir='ltr' id='par_1_24' title="bbox 787 1712 2358 1785">
     <span class='ocr_line' id='line_1_24' title="bbox 787 1712 2358 1785; baseline -0.001 -19"><span class='ocrx_word' id='word_1_181' title='bbox 787 1713 1046 1769; x_wconf 88' lang='lat' dir='ltr'><strong>rissimis.</strong></span> <span class='ocrx_word' id='word_1_182' title='bbox 1081 1715 1217 1768; x_wconf 85' lang='lat' dir='ltr'><strong>Nam</strong></span> <span class='ocrx_word' id='word_1_183' title='bbox 1250 1729 1280 1768; x_wconf 89' lang='lat' dir='ltr'><strong>a</strong></span> <span class='ocrx_word' id='word_1_184' title='bbox 1319 1724 1473 1785; x_wconf 78' lang='lat' dir='ltr'><strong>tergo</strong></span> <span class='ocrx_word' id='word_1_185' title='bbox 1507 1716 1664 1784; x_wconf 87' lang='lat' dir='ltr'><strong>spina</strong></span> <span class='ocrx_word' id='word_1_186' title='bbox 1703 1721 1788 1767; x_wconf 87' lang='lat' dir='ltr'><strong>est</strong></span> <span class='ocrx_word' id='word_1_187' title='bbox 1817 1712 1986 1775; x_wconf 86' lang='lat' dir='ltr'><strong>dorsi,</strong></span> <span class='ocrx_word' id='word_1_188' title='bbox 2013 1727 2176 1781; x_wconf 86' lang='lat' dir='ltr'><strong>quam</strong></span> <span class='ocrx_word' id='word_1_189' title='bbox 2209 1723 2358 1766; x_wconf 60' lang='lat' dir='ltr'><strong>utra-</strong></span> 
     </span>
    </p>
   </div>
   <div class='ocr_carea' id='block_1_25' title="bbox 2539 1443 3788 1519">
    <p class='ocr_par' dir='ltr' id='par_1_25' title="bbox 2539 1443 3788 1519">
     <span class='ocr_line' id='line_1_25' title="bbox 2539 1443 3788 1519; baseline 0 -23"><span class='ocrx_word' id='word_1_190' title='bbox 2539 1443 2768 1513; x_wconf 84' lang='grc' dir='ltr'><strong>Ὁμοίως</strong></span> <span class='ocrx_word' id='word_1_191' title='bbox 2795 1445 2838 1497; x_wconf 86' lang='grc' dir='ltr'>δ’</span> <span class='ocrx_word' id='word_1_192' title='bbox 2861 1447 2925 1499; x_wconf 82' lang='grc' dir='ltr'><strong>ἄν</strong></span> <span class='ocrx_word' id='word_1_193' title='bbox 2955 1464 3038 1510; x_wconf 90' lang='grc' dir='ltr'><strong>τις</strong></span> <span class='ocrx_word' id='word_1_194' title='bbox 3065 1448 3159 1500; x_wconf 74' lang='grc' dir='ltr'>καὶ</span> <span class='ocrx_word' id='word_1_195' title='bbox 3180 1449 3422 1519; x_wconf 77' lang='grc' dir='ltr'>περὶτῆς</span> <span class='ocrx_word' id='word_1_196' title='bbox 3448 1447 3649 1518; x_wconf 76' lang='grc' dir='ltr'><strong>καρδίας</strong></span> <span class='ocrx_word' id='word_1_197' title='bbox 3670 1465 3788 1517; x_wconf 71' lang='grc' dir='ltr'>στοχ.</span> 
     </span>
    </p>
   </div>
   <div class='ocr_carea' id='block_1_26' title="bbox 2455 1533 3788 1609">
    <p class='ocr_par' dir='ltr' id='par_1_26' title="bbox 2455 1533 3788 1609">
     <span class='ocr_line' id='line_1_26' title="bbox 2455 1533 3788 1609; baseline 0.003 -23"><span class='ocrx_word' id='word_1_198' title='bbox 2455 1533 2534 1586; x_wconf 84' lang='grc' dir='ltr'><strong>ὅτι</strong></span> <span class='ocrx_word' id='word_1_199' title='bbox 2569 1534 2814 1606; x_wconf 83' lang='grc' dir='ltr'>καθάπερ</span> <span class='ocrx_word' id='word_1_200' title='bbox 2843 1554 2925 1600; x_wconf 91' lang='grc' dir='ltr'><strong>τις</strong></span> <span class='ocrx_word' id='word_1_201' title='bbox 2945 1533 3090 1601; x_wconf 84' lang='grc' dir='ltr'>οἶκος</span> <span class='ocrx_word' id='word_1_202' title='bbox 3121 1539 3367 1608; x_wconf 76' lang='grc' dir='ltr'>ἀσφαλὴς</span> <span class='ocrx_word' id='word_1_203' title='bbox 3400 1538 3527 1609; x_wconf 69' lang='grc' dir='ltr'>αὕτη</span> <span class='ocrx_word' id='word_1_204' title='bbox 3558 1537 3635 1592; x_wconf 76' lang='grc' dir='ltr'><strong>διὰ</strong></span> <span class='ocrx_word' id='word_1_205' title='bbox 3653 1538 3748 1590; x_wconf 78' lang='grc' dir='ltr'><strong>τῶν</strong></span> <span class='ocrx_word' id='word_1_206' title='bbox 3775 1557 3788 1591; x_wconf 80' lang='lat' dir='ltr'><strong>c</strong></span> 
     </span>
    </p>
   </div>
   <div class='ocr_carea' id='block_1_27' title="bbox 2455 1622 3787 1697">
    <p class='ocr_par' dir='ltr' id='par_1_27' title="bbox 2455 1622 3787 1697">
     <span class='ocr_line' id='line_1_27' title="bbox 2455 1622 3787 1697; baseline 0.005 -23"><span class='ocrx_word' id='word_1_207' title='bbox 2455 1622 2632 1676; x_wconf 84' lang='grc' dir='ltr'>τάτων</span> <span class='ocrx_word' id='word_1_208' title='bbox 2664 1626 3047 1697; x_wconf 87' lang='grc' dir='ltr'>περιηρμόσθη</span> <span class='ocrx_word' id='word_1_209' title='bbox 3079 1630 3199 1690; x_wconf 87' lang='grc' dir='ltr'>ταῖς</span> <span class='ocrx_word' id='word_1_210' title='bbox 3233 1628 3340 1681; x_wconf 91' lang='grc' dir='ltr'><strong>τῶν</strong></span> <span class='ocrx_word' id='word_1_211' title='bbox 3372 1628 3560 1680; x_wconf 79' lang='grc' dir='ltr'><strong>ὀστέων</strong></span> <span class='ocrx_word' id='word_1_212' title='bbox 3597 1629 3648 1681; x_wconf 81' lang='grc' dir='ltr'>ὲν</span> <span class='ocrx_word' id='word_1_213' title='bbox 3690 1628 3787 1680; x_wconf 83' lang='grc' dir='ltr'><strong>κύκ</strong></span> 
     </span>
    </p>
   </div>
   <div class='ocr_carea' id='block_1_28' title="bbox 2459 1716 3788 1790">
    <p class='ocr_par' dir='ltr' id='par_1_28' title="bbox 2459 1716 3788 1790">
     <span class='ocr_line' id='line_1_28' title="bbox 2459 1716 3788 1790; baseline 0.005 -25"><span class='ocrx_word' id='word_1_214' title='bbox 2459 1718 2660 1784; x_wconf 86' lang='grc' dir='ltr'>ριοχαῖς</span> <span class='ocrx_word' id='word_1_215' title='bbox 2688 1716 3041 1788; x_wconf 85' lang='grc' dir='ltr'>ὠχυρωμένη.</span> <span class='ocrx_word' id='word_1_216' title='bbox 3076 1720 3317 1773; x_wconf 81' lang='grc' dir='ltr'>Κατόπιν</span> <span class='ocrx_word' id='word_1_217' title='bbox 3349 1720 3444 1790; x_wconf 82' lang='grc' dir='ltr'>μὲν</span> <span class='ocrx_word' id='word_1_218' title='bbox 3471 1719 3570 1789; x_wconf 79' lang='grc' dir='ltr'>γάρ</span> <span class='ocrx_word' id='word_1_219' title='bbox 3610 1722 3738 1772; x_wconf 63' lang='grc' dir='ltr'>ἐστιν</span> <span class='ocrx_word' id='word_1_220' title='bbox 3767 1723 3788 1788; x_wconf 65' lang='grc' dir='ltr'>ἦ</span> 
     </span>
    </p>
   </div>
   <div class='ocr_carea' id='block_1_29' title="bbox 789 1804 2403 1896">
    <p class='ocr_par' dir='ltr' id='par_1_29' title="bbox 789 1804 2403 1896">
     <span class='ocr_line' id='line_1_29' title="bbox 789 1804 2403 1896; baseline 0.001 -38"><span class='ocrx_word' id='word_1_221' title='bbox 789 1819 896 1874; x_wconf 87' lang='lat' dir='ltr'><strong>que</strong></span> <span class='ocrx_word' id='word_1_222' title='bbox 934 1814 1088 1874; x_wconf 89' lang='lat' dir='ltr'><strong>parte</strong></span> <span class='ocrx_word' id='word_1_223' title='bbox 1141 1814 1314 1860; x_wconf 86' lang='lat' dir='ltr'><strong>tutam</strong></span> <span class='ocrx_word' id='word_1_224' title='bbox 1364 1807 1603 1874; x_wconf 72' lang='lat' dir='ltr'><strong>scapulae</strong></span> <span class='ocrx_word' id='word_1_225' title='bbox 1654 1804 1908 1860; x_wconf 84' lang='lat' dir='ltr'><strong>reddunt.</strong></span> <span class='ocrx_word' id='word_1_226' title='bbox 1961 1805 2129 1859; x_wconf 88' lang='lat' dir='ltr'><strong>Latus</strong></span> <span class='ocrx_word' id='word_1_227' title='bbox 2177 1811 2403 1896; x_wconf 83' lang='lat' dir='ltr'><strong>auteml</strong></span> 
     </span>
    </p>
   </div>
   <div class='ocr_carea' id='block_1_30' title="bbox 2172 1804 3786 1896">
    <p class='ocr_par' dir='ltr' id='par_1_30' title="bbox 2177 1805 3766 1896">
     <span class='ocr_line' id='line_1_30' title="bbox 2177 1805 3766 1896; baseline 0.003 -38"><span class='ocrx_word' id='word_1_228' title='bbox 2177 1811 2356 1859; x_wconf 87' lang='lat' dir='ltr'><strong>autem</strong></span> <span class='ocrx_word' id='word_1_229' title='bbox 2389 1840 2430 1896; x_wconf 76' lang='grc' dir='ltr'>Β</span> <span class='ocrx_word' id='word_1_230' title='bbox 2457 1808 2575 1868; x_wconf 81' lang='grc' dir='ltr'>ταῖς</span> <span class='ocrx_word' id='word_1_231' title='bbox 2619 1805 2970 1876; x_wconf 86' lang='grc' dir='ltr'>ὼμοπλάταις</span> <span class='ocrx_word' id='word_1_232' title='bbox 3027 1809 3362 1880; x_wconf 79' lang='grc' dir='ltr'>ἑκατέρωθεν</span> <span class='ocrx_word' id='word_1_233' title='bbox 3417 1811 3766 1882; x_wconf 71' lang='grc' dir='ltr'>ἠσφαλισμένη</span> 
     </span>
    </p>
   </div>
   <div class='ocr_carea' id='block_1_31' title="bbox 792 1895 2360 1966">
    <p class='ocr_par' dir='ltr' id='par_1_31' title="bbox 792 1895 2360 1966">
     <span class='ocr_line' id='line_1_31' title="bbox 792 1895 2360 1966; baseline 0.001 -16"><span class='ocrx_word' id='word_1_234' title='bbox 792 1905 1082 1965; x_wconf 89' lang='lat' dir='ltr'><strong>utrumque</strong></span> <span class='ocrx_word' id='word_1_235' title='bbox 1111 1906 1278 1952; x_wconf 70' lang='lat' dir='ltr'><strong>costa:</strong></span> <span class='ocrx_word' id='word_1_236' title='bbox 1304 1899 1623 1966; x_wconf 73' lang='lat' dir='ltr'><strong>complexae,</strong></span> <span class='ocrx_word' id='word_1_237' title='bbox 1659 1895 1807 1966; x_wconf 90' lang='lat' dir='ltr'><strong>quod</strong></span> <span class='ocrx_word' id='word_1_238' title='bbox 1854 1897 1996 1951; x_wconf 87' lang='lat' dir='ltr'><strong>inter</strong></span> <span class='ocrx_word' id='word_1_239' title='bbox 2034 1897 2132 1951; x_wconf 89' lang='lat' dir='ltr'><strong>has</strong></span> <span class='ocrx_word' id='word_1_240' title='bbox 2181 1896 2360 1952; x_wconf 86' lang='lat' dir='ltr'><strong>medio</strong></span> 
     </span>
    </p>
   </div>
   <div class='ocr_carea' id='block_1_32' title="bbox 787 1978 2355 2057">
    <p class='ocr_par' dir='ltr' id='par_1_32' title="bbox 787 1978 2355 2057">
     <span class='ocr_line' id='line_1_32' title="bbox 787 1978 2355 2057; baseline -0.001 -15"><span class='ocrx_word' id='word_1_241' title='bbox 787 1987 911 2043; x_wconf 93' lang='lat' dir='ltr'><strong>loco</strong></span> <span class='ocrx_word' id='word_1_242' title='bbox 945 1988 1279 2054; x_wconf 90' lang='lat' dir='ltr'><strong>continetur,</strong></span> <span class='ocrx_word' id='word_1_243' title='bbox 1316 2004 1386 2042; x_wconf 89' lang='lat' dir='ltr'><strong>ne</strong></span> <span class='ocrx_word' id='word_1_244' title='bbox 1418 1978 1546 2056; x_wconf 78' lang='lat' dir='ltr'><strong>quid</strong></span> <span class='ocrx_word' id='word_1_245' title='bbox 1582 1988 1780 2042; x_wconf 82' lang='lat' dir='ltr'><strong>diversi</strong></span> <span class='ocrx_word' id='word_1_246' title='bbox 1809 1986 2068 2057; x_wconf 87' lang='lat' dir='ltr'><strong>patiatur,</strong></span> <span class='ocrx_word' id='word_1_247' title='bbox 2099 1985 2355 2041; x_wconf 76' lang='lat' dir='ltr'><strong>efﬁciunt.</strong></span> 
     </span>
    </p>
   </div>
   <div class='ocr_carea' id='block_1_33' title="bbox 789 2077 2360 2148">
    <p class='ocr_par' dir='ltr' id='par_1_33' title="bbox 789 2077 2360 2148">
     <span class='ocr_line' id='line_1_33' title="bbox 789 2077 2360 2148; baseline -0.001 -16"><span class='ocrx_word' id='word_1_248' title='bbox 789 2079 950 2134; x_wconf 82' lang='lat' dir='ltr'><strong>Parte</strong></span> <span class='ocrx_word' id='word_1_249' title='bbox 989 2079 1224 2148; x_wconf 90' lang='lat' dir='ltr'><strong>denique</strong></span> <span class='ocrx_word' id='word_1_250' title='bbox 1267 2081 1445 2133; x_wconf 84' lang='lat' dir='ltr'><strong>antica</strong></span> <span class='ocrx_word' id='word_1_251' title='bbox 1477 2086 1670 2147; x_wconf 91' lang='lat' dir='ltr'><strong>pectus</strong></span> <span class='ocrx_word' id='word_1_252' title='bbox 1699 2085 1752 2132; x_wconf 91' lang='lat' dir='ltr'><strong>et</strong></span> <span class='ocrx_word' id='word_1_253' title='bbox 1791 2079 1932 2133; x_wconf 65' lang='lat' dir='ltr'><strong>bina:</strong></span> <span class='ocrx_word' id='word_1_254' title='bbox 1963 2077 2240 2138; x_wconf 78' lang='lat' dir='ltr'><strong>clavicula:</strong></span> <span class='ocrx_word' id='word_1_255' title='bbox 2267 2093 2360 2131; x_wconf 87' lang='lat' dir='ltr'><strong>cor</strong></span> 
     </span>
    </p>
   </div>
   <div class='ocr_carea' id='block_1_34' title="bbox 789 2168 2360 2239">
    <p class='ocr_par' dir='ltr' id='par_1_34' title="bbox 789 2168 2360 2239">
     <span class='ocr_line' id='line_1_34' title="bbox 789 2168 2360 2239; baseline -0.001 -16"><span class='ocrx_word' id='word_1_256' title='bbox 789 2170 1067 2234; x_wconf 87' lang='lat' dir='ltr'><strong>muniunt,</strong></span> <span class='ocrx_word' id='word_1_257' title='bbox 1107 2178 1167 2223; x_wconf 92' lang='lat' dir='ltr'><strong>ut</strong></span> <span class='ocrx_word' id='word_1_258' title='bbox 1201 2171 1301 2224; x_wconf 89' lang='lat' dir='ltr'><strong>hoc</strong></span> <span class='ocrx_word' id='word_1_259' title='bbox 1333 2169 1494 2223; x_wconf 92' lang='lat' dir='ltr'><strong>modo</strong></span> <span class='ocrx_word' id='word_1_260' title='bbox 1523 2177 1697 2223; x_wconf 92' lang='lat' dir='ltr'><strong>tutum</strong></span> <span class='ocrx_word' id='word_1_261' title='bbox 1727 2169 1968 2239; x_wconf 89' lang='lat' dir='ltr'><strong>undique</strong></span> <span class='ocrx_word' id='word_1_262' title='bbox 1998 2169 2138 2224; x_wconf 87' lang='lat' dir='ltr'><strong>foret</strong></span> <span class='ocrx_word' id='word_1_263' title='bbox 2165 2168 2360 2224; x_wconf 85' lang='lat' dir='ltr'><strong>adver-</strong></span> 
     </span>
    </p>
   </div>
   <div class='ocr_carea' id='block_1_35' title="bbox 792 2260 2362 2330">
    <p class='ocr_par' dir='ltr' id='par_1_35' title="bbox 792 2260 2362 2330">
     <span class='ocr_line' id='line_1_35' title="bbox 792 2260 2362 2330; baseline -0.001 -14"><span class='ocrx_word' id='word_1_264' title='bbox 792 2276 890 2316; x_wconf 83' lang='lat' dir='ltr'><strong>sus</strong></span> <span class='ocrx_word' id='word_1_265' title='bbox 940 2275 1030 2316; x_wconf 89' lang='lat' dir='ltr'><strong>res</strong></span> <span class='ocrx_word' id='word_1_266' title='bbox 1069 2275 1280 2324; x_wconf 88' lang='lat' dir='ltr'><strong>onmes,</strong></span> <span class='ocrx_word' id='word_1_267' title='bbox 1337 2277 1457 2330; x_wconf 67' lang='lat' dir='ltr'><strong>qua:</strong></span> <span class='ocrx_word' id='word_1_268' title='bbox 1506 2276 1594 2316; x_wconf 83' lang='lat' dir='ltr'><strong>res</strong></span> <span class='ocrx_word' id='word_1_269' title='bbox 1646 2261 1749 2330; x_wconf 91' lang='lat' dir='ltr'><strong>ipsi</strong></span> <span class='ocrx_word' id='word_1_270' title='bbox 1777 2262 1861 2316; x_wconf 91' lang='lat' dir='ltr'><strong>vel</strong></span> <span class='ocrx_word' id='word_1_271' title='bbox 1911 2262 2237 2323; x_wconf 88' lang='lat' dir='ltr'><strong>molestiam,</strong></span> <span class='ocrx_word' id='word_1_272' title='bbox 2277 2260 2362 2316; x_wconf 88' lang='lat' dir='ltr'><strong>vel</strong></span> 
     </span>
    </p>
   </div>
   <div class='ocr_carea' id='block_1_36' title="bbox 788 2352 2363 2424">
    <p class='ocr_par' dir='ltr' id='par_1_36' title="bbox 788 2352 2363 2424">
     <span class='ocr_line' id='line_1_36' title="bbox 788 2352 2363 2424; baseline 0.001 -18"><span class='ocrx_word' id='word_1_273' title='bbox 788 2353 992 2406; x_wconf 86' lang='lat' dir='ltr'><strong>malum</strong></span> <span class='ocrx_word' id='word_1_274' title='bbox 1028 2353 1191 2406; x_wconf 87' lang='lat' dir='ltr'><strong>etiam</strong></span> <span class='ocrx_word' id='word_1_275' title='bbox 1241 2368 1430 2407; x_wconf 89' lang='lat' dir='ltr'><strong>creare</strong></span> <span class='ocrx_word' id='word_1_276' title='bbox 1473 2363 1718 2421; x_wconf 87' lang='lat' dir='ltr'><strong>possent.</strong></span> <span class='ocrx_word' id='word_1_277' title='bbox 1750 2352 1819 2406; x_wconf 94' lang='lat' dir='ltr'><strong>Ut</strong></span> <span class='ocrx_word' id='word_1_278' title='bbox 1852 2361 2031 2408; x_wconf 88' lang='lat' dir='ltr'><strong>autem</strong></span> <span class='ocrx_word' id='word_1_279' title='bbox 2068 2354 2122 2407; x_wconf 92' lang='lat' dir='ltr'><strong>in</strong></span> <span class='ocrx_word' id='word_1_280' title='bbox 2149 2353 2363 2424; x_wconf 80' lang='lat' dir='ltr'><strong>agrico-</strong></span> 
     </span>
    </p>
   </div>
   <div class='ocr_carea' id='block_1_37' title="bbox 789 2442 2363 2498">
    <p class='ocr_par' dir='ltr' id='par_1_37' title="bbox 789 2442 2363 2498">
     <span class='ocr_line' id='line_1_37' title="bbox 789 2442 2363 2498; baseline 0.001 -1"><span class='ocrx_word' id='word_1_281' title='bbox 789 2443 991 2498; x_wconf 86' lang='lat' dir='ltr'><strong>latione</strong></span> <span class='ocrx_word' id='word_1_282' title='bbox 1015 2443 1260 2496; x_wconf 85' lang='lat' dir='ltr'><strong>videmus</strong></span> <span class='ocrx_word' id='word_1_283' title='bbox 1283 2443 1349 2496; x_wconf 90' lang='lat' dir='ltr'><strong>ab</strong></span> <span class='ocrx_word' id='word_1_284' title='bbox 1381 2443 1552 2496; x_wconf 91' lang='lat' dir='ltr'><strong>imbre</strong></span> <span class='ocrx_word' id='word_1_285' title='bbox 1577 2443 1662 2496; x_wconf 90' lang='lat' dir='ltr'><strong>vel</strong></span> <span class='ocrx_word' id='word_1_286' title='bbox 1683 2443 1981 2497; x_wconf 89' lang='lat' dir='ltr'><strong>rivulorum</strong></span> <span class='ocrx_word' id='word_1_287' title='bbox 2025 2442 2363 2498; x_wconf 85' lang='lat' dir='ltr'><strong>immissione</strong></span> 
     </span>
    </p>
   </div>
   <div class='ocr_carea' id='block_1_38' title="bbox 790 2532 2360 2604">
    <p class='ocr_par' dir='ltr' id='par_1_38' title="bbox 790 2532 2360 2604">
     <span class='ocr_line' id='line_1_38' title="bbox 790 2532 2360 2604; baseline -0.001 -14"><span class='ocrx_word' id='word_1_288' title='bbox 790 2544 994 2590; x_wconf 90' lang='lat' dir='ltr'><strong>terram</strong></span> <span class='ocrx_word' id='word_1_289' title='bbox 1041 2532 1293 2604; x_wconf 80' lang='lat' dir='ltr'><strong>irrigari:</strong></span> <span class='ocrx_word' id='word_1_290' title='bbox 1343 2533 1490 2602; x_wconf 90' lang='lat' dir='ltr'><strong>(nam</strong></span> <span class='ocrx_word' id='word_1_291' title='bbox 1544 2541 1664 2588; x_wconf 90' lang='lat' dir='ltr'><strong>esto</strong></span> <span class='ocrx_word' id='word_1_292' title='bbox 1696 2533 1917 2603; x_wconf 87' lang='lat' dir='ltr'><strong>quidam</strong></span> <span class='ocrx_word' id='word_1_293' title='bbox 1965 2533 2126 2590; x_wconf 86' lang='lat' dir='ltr'><strong>nobis</strong></span> <span class='ocrx_word' id='word_1_294' title='bbox 2167 2535 2360 2588; x_wconf 91' lang='lat' dir='ltr'><strong>hortus</strong></span> 
     </span>
    </p>
   </div>
   <div class='ocr_carea' id='block_1_39' title="bbox 788 2617 2361 2695">
    <p class='ocr_par' dir='ltr' id='par_1_39' title="bbox 788 2617 2361 2695">
     <span class='ocr_line' id='line_1_39' title="bbox 788 2617 2361 2695; baseline 0.001 -17"><span class='ocrx_word' id='word_1_295' title='bbox 788 2627 1125 2695; x_wconf 83' lang='lat' dir='ltr'><strong>propositus,</strong></span> <span class='ocrx_word' id='word_1_296' title='bbox 1165 2625 1219 2677; x_wconf 93' lang='lat' dir='ltr'><strong>in</strong></span> <span class='ocrx_word' id='word_1_297' title='bbox 1255 2639 1364 2694; x_wconf 91' lang='lat' dir='ltr'><strong>quo</strong></span> <span class='ocrx_word' id='word_1_298' title='bbox 1396 2623 1560 2678; x_wconf 66' lang='lat' dir='ltr'><strong>variae</strong></span> <span class='ocrx_word' id='word_1_299' title='bbox 1589 2623 1699 2679; x_wconf 90' lang='lat' dir='ltr'><strong>sint</strong></span> <span class='ocrx_word' id='word_1_300' title='bbox 1745 2617 1983 2680; x_wconf 75' lang='lat' dir='ltr'><strong>maxime</strong></span> <span class='ocrx_word' id='word_1_301' title='bbox 2015 2640 2247 2680; x_wconf 89' lang='lat' dir='ltr'><strong>numero</strong></span> <span class='ocrx_word' id='word_1_302' title='bbox 2275 2642 2361 2679; x_wconf 84' lang='lat' dir='ltr'><strong>ar-</strong></span> 
     </span>
    </p>
   </div>
   <div class='ocr_carea' id='block_1_40' title="bbox 731 2716 2363 2788">
    <p class='ocr_par' dir='ltr' id='par_1_40' title="bbox 731 2716 2363 2788">
     <span class='ocr_line' id='line_1_40' title="bbox 731 2716 2363 2788; baseline -0.002 -15"><span class='ocrx_word' id='word_1_303' title='bbox 731 2763 733 2766; x_wconf 94' lang='lat'><strong>.</strong></span> <span class='ocrx_word' id='word_1_304' title='bbox 788 2720 949 2773; x_wconf 80' lang='lat' dir='ltr'><strong>bores</strong></span> <span class='ocrx_word' id='word_1_305' title='bbox 979 2719 1219 2788; x_wconf 83' lang='lat' dir='ltr'><strong>itemque</strong></span> <span class='ocrx_word' id='word_1_306' title='bbox 1253 2732 1433 2772; x_wconf 87' lang='lat' dir='ltr'><strong>rerum</strong></span> <span class='ocrx_word' id='word_1_307' title='bbox 1457 2718 1637 2771; x_wconf 88' lang='lat' dir='ltr'><strong>omnis</strong></span> <span class='ocrx_word' id='word_1_308' title='bbox 1660 2716 1874 2785; x_wconf 77' lang='lat' dir='ltr'><strong>generis</strong></span> <span class='ocrx_word' id='word_1_309' title='bbox 1907 2732 1936 2770; x_wconf 91' lang='lat' dir='ltr'><strong>e</strong></span> <span class='ocrx_word' id='word_1_310' title='bbox 1969 2726 2112 2770; x_wconf 89' lang='lat' dir='ltr'><strong>terra</strong></span> <span class='ocrx_word' id='word_1_311' title='bbox 2134 2733 2363 2771; x_wconf 87' lang='lat' dir='ltr'><strong>nascen-</strong></span> 
     </span>
    </p>
   </div>
   <div class='ocr_carea' id='block_1_41' title="bbox 787 2808 2362 2880">
    <p class='ocr_par' dir='ltr' id='par_1_41' title="bbox 787 2808 2362 2880">
     <span class='ocr_line' id='line_1_41' title="bbox 787 2808 2362 2880; baseline -0.002 -14"><span class='ocrx_word' id='word_1_312' title='bbox 787 2809 1169 2880; x_wconf 86' lang='lat' dir='ltr'><strong>tiumspeeies,</strong></span> <span class='ocrx_word' id='word_1_313' title='bbox 1219 2823 1338 2878; x_wconf 68' lang='lat' dir='ltr'><strong>qua:</strong></span> <span class='ocrx_word' id='word_1_314' title='bbox 1373 2808 1600 2877; x_wconf 71' lang='lat' dir='ltr'><strong>singula:</strong></span> <span class='ocrx_word' id='word_1_315' title='bbox 1628 2808 1823 2870; x_wconf 85' lang='lat' dir='ltr'><strong>forma,</strong></span> <span class='ocrx_word' id='word_1_316' title='bbox 1869 2808 2146 2878; x_wconf 86' lang='lat' dir='ltr'><strong>qualitate,</strong></span> <span class='ocrx_word' id='word_1_317' title='bbox 2181 2809 2362 2863; x_wconf 78' lang='lat' dir='ltr'><strong>colore</strong></span> 
     </span>
    </p>
   </div>
   <div class='ocr_carea' id='block_1_42' title="bbox 787 2897 2359 2969">
    <p class='ocr_par' dir='ltr' id='par_1_42' title="bbox 787 2897 2359 2969">
     <span class='ocr_line' id='line_1_42' title="bbox 787 2897 2359 2969; baseline -0.001 -16"><span class='ocrx_word' id='word_1_318' title='bbox 787 2901 1078 2969; x_wconf 87' lang='lat' dir='ltr'><strong>plurimum</strong></span> <span class='ocrx_word' id='word_1_319' title='bbox 1136 2899 1426 2954; x_wconf 71' lang='lat' dir='ltr'><strong>differant:</strong></span> <span class='ocrx_word' id='word_1_320' title='bbox 1481 2906 1559 2952; x_wconf 90' lang='lat' dir='ltr'><strong>tot</strong></span> <span class='ocrx_word' id='word_1_321' title='bbox 1620 2913 1707 2952; x_wconf 88' lang='lat' dir='ltr'><strong>res</strong></span> <span class='ocrx_word' id='word_1_322' title='bbox 1772 2913 1895 2951; x_wconf 87' lang='lat' dir='ltr'><strong>cum</strong></span> <span class='ocrx_word' id='word_1_323' title='bbox 1965 2897 2210 2966; x_wconf 88' lang='lat' dir='ltr'><strong>ejusdem</strong></span> <span class='ocrx_word' id='word_1_324' title='bbox 2258 2900 2359 2952; x_wconf 89' lang='lat' dir='ltr'><strong>ioci</strong></span> 
     </span>
    </p>
   </div>
   <div class='ocr_carea' id='block_1_43' title="bbox 787 2989 2361 3052">
    <p class='ocr_par' dir='ltr' id='par_1_43' title="bbox 787 2989 2361 3052">
     <span class='ocr_line' id='line_1_43' title="bbox 787 2989 2361 3052; baseline -0.002 -7"><span class='ocrx_word' id='word_1_325' title='bbox 787 2991 1101 3045; x_wconf 82' lang='lat' dir='ltr'><strong>nutriantur</strong></span> <span class='ocrx_word' id='word_1_326' title='bbox 1136 2991 1384 3052; x_wconf 89' lang='lat' dir='ltr'><strong>humore,</strong></span> <span class='ocrx_word' id='word_1_327' title='bbox 1435 2989 1513 3043; x_wconf 90' lang='lat' dir='ltr'><strong>vis</strong></span> <span class='ocrx_word' id='word_1_328' title='bbox 1548 2997 1727 3042; x_wconf 89' lang='lat' dir='ltr'><strong>tamen</strong></span> <span class='ocrx_word' id='word_1_329' title='bbox 1775 2989 1888 3042; x_wconf 82' lang='lat' dir='ltr'><strong>haec</strong></span> <span class='ocrx_word' id='word_1_330' title='bbox 1917 3004 2084 3042; x_wconf 89' lang='lat' dir='ltr'><strong>succo</strong></span> <span class='ocrx_word' id='word_1_331' title='bbox 2117 3005 2217 3044; x_wconf 89' lang='lat' dir='ltr'><strong>suo</strong></span> <span class='ocrx_word' id='word_1_332' title='bbox 2249 2991 2361 3045; x_wconf 63' lang='lat' dir='ltr'><strong>sin.</strong></span> 
     </span>
    </p>
   </div>
   <div class='ocr_carea' id='block_1_44' title="bbox 787 3079 2360 3150">
    <p class='ocr_par' dir='ltr' id='par_1_44' title="bbox 787 3079 2360 3150">
     <span class='ocr_line' id='line_1_44' title="bbox 787 3079 2360 3150; baseline 0.003 -18"><span class='ocrx_word' id='word_1_333' title='bbox 787 3081 910 3150; x_wconf 78' lang='lat' dir='ltr'><strong>gula</strong></span> <span class='ocrx_word' id='word_1_334' title='bbox 979 3081 1196 3150; x_wconf 79' lang='lat' dir='ltr'><strong>rigans,</strong></span> <span class='ocrx_word' id='word_1_335' title='bbox 1252 3089 1447 3134; x_wconf 86' lang='lat' dir='ltr'><strong>natura</strong></span> <span class='ocrx_word' id='word_1_336' title='bbox 1506 3094 1604 3133; x_wconf 86' lang='lat' dir='ltr'><strong>sua</strong></span> <span class='ocrx_word' id='word_1_337' title='bbox 1665 3079 1851 3132; x_wconf 88' lang='lat' dir='ltr'><strong>eadem</strong></span> <span class='ocrx_word' id='word_1_338' title='bbox 1912 3087 1994 3133; x_wconf 89' lang='lat' dir='ltr'><strong>est</strong></span> <span class='ocrx_word' id='word_1_339' title='bbox 2036 3098 2050 3132; x_wconf 92' lang='lat'><strong>:</strong></span> <span class='ocrx_word' id='word_1_340' title='bbox 2099 3095 2220 3133; x_wconf 91' lang='lat' dir='ltr'><strong>cum</strong></span> <span class='ocrx_word' id='word_1_341' title='bbox 2273 3097 2360 3136; x_wconf 86' lang='lat' dir='ltr'><strong>res</strong></span> 
     </span>
    </p>
   </div>
   <div class='ocr_carea' id='block_1_45' title="bbox 2463 1896 3788 1975">
    <p class='ocr_par' dir='ltr' id='par_1_45' title="bbox 2463 1896 3788 1975">
     <span class='ocr_line' id='line_1_45' title="bbox 2463 1896 3788 1975; baseline 0.004 -25"><span class='ocrx_word' id='word_1_342' title='bbox 2463 1896 2720 1970; x_wconf 81' lang='grc' dir='ltr'>ἑκάτερον</span> <span class='ocrx_word' id='word_1_343' title='bbox 2745 1901 2802 1952; x_wconf 78' lang='grc' dir='ltr'>δὲ</span> <span class='ocrx_word' id='word_1_344' title='bbox 2831 1901 3056 1970; x_wconf 81' lang='grc' dir='ltr'>πλάγιον</span> <span class='ocrx_word' id='word_1_345' title='bbox 3079 1903 3110 1972; x_wconf 83' lang='grc' dir='ltr'>ἡ</span> <span class='ocrx_word' id='word_1_346' title='bbox 3138 1902 3244 1954; x_wconf 87' lang='grc' dir='ltr'><strong>τῶν</strong></span> <span class='ocrx_word' id='word_1_347' title='bbox 3276 1902 3515 1975; x_wconf 78' lang='grc' dir='ltr'>πλευρῶν</span> <span class='ocrx_word' id='word_1_348' title='bbox 3547 1903 3681 1966; x_wconf 83' lang='grc' dir='ltr'>θέσις</span> <span class='ocrx_word' id='word_1_349' title='bbox 3709 1922 3769 1955; x_wconf 83' lang='grc' dir='ltr'>πε</span> <span class='ocrx_word' id='word_1_350' title='bbox 3779 1923 3788 1974; x_wconf 72' lang='grc' dir='ltr'><strong>ε</strong></span> 
     </span>
    </p>
   </div>
   <div class='ocr_carea' id='block_1_46' title="bbox 2465 1990 3776 2065">
    <p class='ocr_par' dir='ltr' id='par_1_46' title="bbox 2465 1990 3776 2065">
     <span class='ocr_line' id='line_1_46' title="bbox 2465 1990 3776 2065; baseline 0.005 -23"><span class='ocrx_word' id='word_1_351' title='bbox 2465 2006 2632 2042; x_wconf 89' lang='grc' dir='ltr'>σουσα</span> <span class='ocrx_word' id='word_1_352' title='bbox 2665 1990 2727 2042; x_wconf 80' lang='grc' dir='ltr'>τὸ</span> <span class='ocrx_word' id='word_1_353' title='bbox 2759 1991 2921 2060; x_wconf 81' lang='grc' dir='ltr'>μέσον</span> <span class='ocrx_word' id='word_1_354' title='bbox 2953 1992 3223 2057; x_wconf 84' lang='grc' dir='ltr'>δυσπαθὲς</span> <span class='ocrx_word' id='word_1_355' title='bbox 3265 1994 3640 2065; x_wconf 76' lang='grc' dir='ltr'><strong>ἀπεργάζεται.</strong></span> <span class='ocrx_word' id='word_1_356' title='bbox 3696 1996 3776 2049; x_wconf 86' lang='grc' dir='ltr'>Ἐν</span> 
     </span>
    </p>
   </div>
   <div class='ocr_carea' id='block_1_47' title="bbox 2464 2071 3788 2156">
    <p class='ocr_par' dir='ltr' id='par_1_47' title="bbox 2464 2071 3788 2156">
     <span class='ocr_line' id='line_1_47' title="bbox 2464 2071 3788 2156; baseline 0.003 -22"><span class='ocrx_word' id='word_1_357' title='bbox 2464 2071 2801 2154; x_wconf 77' lang='grc' dir='ltr'>ἔμπροσθεν,</span> <span class='ocrx_word' id='word_1_358' title='bbox 2838 2084 2901 2137; x_wconf 84' lang='grc' dir='ltr'>τὸ</span> <span class='ocrx_word' id='word_1_359' title='bbox 2949 2085 3169 2156; x_wconf 83' lang='grc' dir='ltr'><strong>στέρνον</strong></span> <span class='ocrx_word' id='word_1_360' title='bbox 3210 2087 3305 2138; x_wconf 74' lang='grc' dir='ltr'>καὶ</span> <span class='ocrx_word' id='word_1_361' title='bbox 3339 2088 3371 2156; x_wconf 82' lang='grc' dir='ltr'><strong>ὴ</strong></span> <span class='ocrx_word' id='word_1_362' title='bbox 3406 2086 3502 2155; x_wconf 81' lang='grc' dir='ltr'>τῆς</span> <span class='ocrx_word' id='word_1_363' title='bbox 3551 2085 3744 2149; x_wconf 70' lang='grc' dir='ltr'>κλειδὸς</span> <span class='ocrx_word' id='word_1_364' title='bbox 3785 2110 3788 2132; x_wconf 88' lang='grc' dir='ltr'>ι</span> 
     </span>
    </p>
   </div>
   <div class='ocr_carea' id='block_1_48' title="bbox 2464 2173 3787 2246">
    <p class='ocr_par' dir='ltr' id='par_1_48' title="bbox 2464 2173 3787 2246">
     <span class='ocr_line' id='line_1_48' title="bbox 2464 2173 3787 2246; baseline 0.003 -21"><span class='ocrx_word' id='word_1_365' title='bbox 2464 2174 2849 2244; x_wconf 85' lang='grc' dir='ltr'>προϐέϐληται,</span> <span class='ocrx_word' id='word_1_366' title='bbox 2881 2173 2957 2238; x_wconf 86' lang='grc' dir='ltr'><strong>ὡς</strong></span> <span class='ocrx_word' id='word_1_367' title='bbox 2973 2175 3038 2229; x_wconf 83' lang='grc' dir='ltr'><strong>ἂν</strong></span> <span class='ocrx_word' id='word_1_368' title='bbox 3065 2176 3394 2246; x_wconf 78' lang='grc' dir='ltr'><strong>πανταχόθεν</strong></span> <span class='ocrx_word' id='word_1_369' title='bbox 3421 2177 3552 2246; x_wconf 84' lang='grc' dir='ltr'>αύτῇ</span> <span class='ocrx_word' id='word_1_370' title='bbox 3569 2177 3626 2230; x_wconf 84' lang='grc' dir='ltr'>τὸ</span> <span class='ocrx_word' id='word_1_371' title='bbox 3650 2177 3787 2245; x_wconf 85' lang='grc' dir='ltr'>ἀσφα</span> 
     </span>
    </p>
   </div>
   <div class='ocr_carea' id='block_1_49' title="bbox 2463 2260 3788 2334">
    <p class='ocr_par' dir='ltr' id='par_1_49' title="bbox 2463 2260 3788 2334">
     <span class='ocr_line' id='line_1_49' title="bbox 2463 2260 3788 2334; baseline 0.002 -19"><span class='ocrx_word' id='word_1_372' title='bbox 2463 2263 2568 2316; x_wconf 90' lang='grc' dir='ltr'><strong>τῶν</strong></span> <span class='ocrx_word' id='word_1_373' title='bbox 2603 2263 2799 2328; x_wconf 75' lang='grc' dir='ltr'>ἔξωθεν</span> <span class='ocrx_word' id='word_1_374' title='bbox 2835 2263 3186 2334; x_wconf 82' lang='grc' dir='ltr'>διοχλούντων</span> <span class='ocrx_word' id='word_1_375' title='bbox 3236 2265 3575 2334; x_wconf 79' lang='grc' dir='ltr'>φυλάσσοιτο.</span> <span class='ocrx_word' id='word_1_376' title='bbox 3611 2260 3728 2319; x_wconf 76' lang='grc' dir='ltr'><strong>Οἷον</strong></span> <span class='ocrx_word' id='word_1_377' title='bbox 3773 2266 3788 2318; x_wconf 75' lang='grc' dir='ltr'><strong>ί</strong></span> 
     </span>
    </p>
   </div>
   <div class='ocr_carea' id='block_1_50' title="bbox 2463 2355 3788 2429">
    <p class='ocr_par' dir='ltr' id='par_1_50' title="bbox 2463 2355 3788 2429">
     <span class='ocr_line' id='line_1_50' title="bbox 2463 2355 3788 2429; baseline 0.002 -21"><span class='ocrx_word' id='word_1_378' title='bbox 2463 2355 2558 2426; x_wconf 82' lang='grc' dir='ltr'>τὴν</span> <span class='ocrx_word' id='word_1_379' title='bbox 2592 2355 2864 2427; x_wconf 79' lang='grc' dir='ltr'><strong>γεωργίαν</strong></span> <span class='ocrx_word' id='word_1_380' title='bbox 2891 2357 3037 2413; x_wconf 75' lang='grc' dir='ltr'>ἔστιν</span> <span class='ocrx_word' id='word_1_381' title='bbox 3081 2358 3207 2411; x_wconf 82' lang='grc' dir='ltr'>ἰδεῖν</span> <span class='ocrx_word' id='word_1_382' title='bbox 3227 2398 3242 2422; x_wconf 95' lang='grc'><strong>,</strong></span> <span class='ocrx_word' id='word_1_383' title='bbox 3268 2359 3366 2429; x_wconf 82' lang='grc' dir='ltr'>τῆς</span> <span class='ocrx_word' id='word_1_384' title='bbox 3397 2361 3459 2412; x_wconf 84' lang='grc' dir='ltr'>ὲκ</span> <span class='ocrx_word' id='word_1_385' title='bbox 3498 2358 3666 2429; x_wconf 86' lang='grc' dir='ltr'>νεφῶν</span> <span class='ocrx_word' id='word_1_386' title='bbox 3695 2362 3788 2412; x_wconf 84' lang='grc' dir='ltr'>ὲπο</span> 
     </span>
    </p>
   </div>
   <div class='ocr_carea' id='block_1_51' title="bbox 2462 2446 3788 2520">
    <p class='ocr_par' dir='ltr' id='par_1_51' title="bbox 2462 2446 3788 2520">
     <span class='ocr_line' id='line_1_51' title="bbox 2462 2446 3788 2520; baseline 0.002 -23"><span class='ocrx_word' id='word_1_387' title='bbox 2462 2447 2494 2516; x_wconf 85' lang='grc' dir='ltr'>ἢ</span> <span class='ocrx_word' id='word_1_388' title='bbox 2527 2446 2625 2515; x_wconf 83' lang='grc' dir='ltr'>τῆς</span> <span class='ocrx_word' id='word_1_389' title='bbox 2650 2447 2756 2499; x_wconf 88' lang='grc' dir='ltr'><strong>τῶν</strong></span> <span class='ocrx_word' id='word_1_390' title='bbox 2784 2447 2987 2517; x_wconf 81' lang='grc' dir='ltr'>ὀχετῶν</span> <span class='ocrx_word' id='word_1_391' title='bbox 3035 2448 3297 2520; x_wconf 74' lang='grc' dir='ltr'>ἐπιρροῆς</span> <span class='ocrx_word' id='word_1_392' title='bbox 3347 2449 3622 2520; x_wconf 82' lang='grc' dir='ltr'>διάϐροχον</span> <span class='ocrx_word' id='word_1_393' title='bbox 3657 2457 3788 2502; x_wconf 62' lang='grc' dir='ltr'>ποιοί</span> 
     </span>
    </p>
   </div>
   <div class='ocr_carea' id='block_1_52' title="bbox 2463 2533 3788 2609">
    <p class='ocr_par' dir='ltr' id='par_1_52' title="bbox 2463 2533 3788 2609">
     <span class='ocr_line' id='line_1_52' title="bbox 2463 2533 3788 2609; baseline 0.003 -23"><span class='ocrx_word' id='word_1_394' title='bbox 2463 2533 2839 2604; x_wconf 80' lang='grc' dir='ltr'>ὑποκείμενον.</span> <span class='ocrx_word' id='word_1_395' title='bbox 2872 2536 3062 2606; x_wconf 80' lang='grc' dir='ltr'>Κῆπος</span> <span class='ocrx_word' id='word_1_396' title='bbox 3089 2537 3147 2590; x_wconf 84' lang='grc' dir='ltr'><strong>δέ</strong></span> <span class='ocrx_word' id='word_1_397' title='bbox 3173 2555 3256 2601; x_wconf 89' lang='grc' dir='ltr'><strong>τις</strong></span> <span class='ocrx_word' id='word_1_398' title='bbox 3284 2538 3586 2592; x_wconf 79' lang='grc' dir='ltr'><strong>ὑποκείσθω</strong></span> <span class='ocrx_word' id='word_1_399' title='bbox 3611 2538 3686 2609; x_wconf 82' lang='grc' dir='ltr'>τῷ</span> <span class='ocrx_word' id='word_1_400' title='bbox 3714 2539 3788 2590; x_wconf 61' lang='grc' dir='ltr'>λό’</span> 
     </span>
    </p>
   </div>
   <div class='ocr_carea' id='block_1_53' title="bbox 2465 2627 3780 2700">
    <p class='ocr_par' dir='ltr' id='par_1_53' title="bbox 2465 2627 3780 2700">
     <span class='ocr_line' id='line_1_53' title="bbox 2465 2627 3780 2700; baseline 0.003 -22"><span class='ocrx_word' id='word_1_401' title='bbox 2465 2627 2586 2696; x_wconf 91' lang='grc' dir='ltr'>ρίας</span> <span class='ocrx_word' id='word_1_402' title='bbox 2634 2627 2732 2696; x_wconf 83' lang='grc' dir='ltr'>μὲν</span> <span class='ocrx_word' id='word_1_403' title='bbox 2759 2627 2989 2698; x_wconf 81' lang='grc' dir='ltr'>δένδρων</span> <span class='ocrx_word' id='word_1_404' title='bbox 3027 2627 3318 2700; x_wconf 79' lang='grc' dir='ltr'>διαφορὰς,</span> <span class='ocrx_word' id='word_1_405' title='bbox 3353 2630 3694 2694; x_wconf 80' lang='grc' dir='ltr'>παντοδαπὰς</span> <span class='ocrx_word' id='word_1_406' title='bbox 3726 2632 3780 2684; x_wconf 78' lang='grc' dir='ltr'>δὲ</span> 
     </span>
    </p>
   </div>
   <div class='ocr_carea' id='block_1_54' title="bbox 2462 2717 3788 2794">
    <p class='ocr_par' dir='ltr' id='par_1_54' title="bbox 2462 2717 3788 2794">
     <span class='ocr_line' id='line_1_54' title="bbox 2462 2717 3788 2794; baseline 0 -20"><span class='ocrx_word' id='word_1_407' title='bbox 2462 2718 2566 2788; x_wconf 82' lang='grc' dir='ltr'><strong>γῆς</strong></span> <span class='ocrx_word' id='word_1_408' title='bbox 2609 2720 2895 2789; x_wconf 82' lang='grc' dir='ltr'>φυομένων</span> <span class='ocrx_word' id='word_1_409' title='bbox 2933 2720 3077 2784; x_wconf 83' lang='grc' dir='ltr'><strong>ἰδέας</strong></span> <span class='ocrx_word' id='word_1_410' title='bbox 3122 2722 3179 2773; x_wconf 80' lang='grc' dir='ltr'><strong>ὲν</strong></span> <span class='ocrx_word' id='word_1_411' title='bbox 3231 2722 3408 2792; x_wconf 80' lang='grc' dir='ltr'>ἐαυτῷ</span> <span class='ocrx_word' id='word_1_412' title='bbox 3445 2723 3681 2794; x_wconf 81' lang='grc' dir='ltr'>τρέφων,</span> <span class='ocrx_word' id='word_1_413' title='bbox 3717 2717 3788 2776; x_wconf 81' lang='grc' dir='ltr'><strong>ῶν</strong></span> 
     </span>
    </p>
   </div>
   <div class='ocr_carea' id='block_1_55' title="bbox 2466 2810 3788 2884">
    <p class='ocr_par' dir='ltr' id='par_1_55' title="bbox 2466 2810 3788 2884">
     <span class='ocr_line' id='line_1_55' title="bbox 2466 2810 3788 2884; baseline 0.003 -22"><span class='ocrx_word' id='word_1_414' title='bbox 2466 2811 2674 2880; x_wconf 81' lang='grc' dir='ltr'>σχῆμα,</span> <span class='ocrx_word' id='word_1_415' title='bbox 2713 2810 2806 2863; x_wconf 77' lang='grc' dir='ltr'>καὶ</span> <span class='ocrx_word' id='word_1_416' title='bbox 2843 2812 2876 2882; x_wconf 85' lang='grc' dir='ltr'><strong>ή</strong></span> <span class='ocrx_word' id='word_1_417' title='bbox 2923 2811 3180 2882; x_wconf 81' lang='grc' dir='ltr'><strong>ποιότης,</strong></span> <span class='ocrx_word' id='word_1_418' title='bbox 3211 2814 3306 2866; x_wconf 74' lang='grc' dir='ltr'>καὶ</span> <span class='ocrx_word' id='word_1_419' title='bbox 3339 2815 3371 2884; x_wconf 79' lang='grc' dir='ltr'>ἡ</span> <span class='ocrx_word' id='word_1_420' title='bbox 3409 2814 3506 2884; x_wconf 83' lang='grc' dir='ltr'>τῆς</span> <span class='ocrx_word' id='word_1_421' title='bbox 3537 2814 3704 2884; x_wconf 83' lang='grc' dir='ltr'><strong>χρόας</strong></span> <span class='ocrx_word' id='word_1_422' title='bbox 3746 2815 3788 2866; x_wconf 83' lang='grc' dir='ltr'><strong>ίδ</strong></span> 
     </span>
    </p>
   </div>
   <div class='ocr_carea' id='block_1_56' title="bbox 2463 2901 3787 2978">
    <p class='ocr_par' dir='ltr' id='par_1_56' title="bbox 2463 2901 3787 2978">
     <span class='ocr_line' id='line_1_56' title="bbox 2463 2901 3787 2978; baseline 0.005 -25"><span class='ocrx_word' id='word_1_423' title='bbox 2463 2901 2632 2972; x_wconf 88' lang='grc' dir='ltr'>πολλῇ</span> <span class='ocrx_word' id='word_1_424' title='bbox 2666 2902 2896 2974; x_wconf 78' lang='grc' dir='ltr'>διαφορᾷ</span> <span class='ocrx_word' id='word_1_425' title='bbox 2929 2906 3040 2967; x_wconf 86' lang='grc' dir='ltr'>τοῖς</span> <span class='ocrx_word' id='word_1_426' title='bbox 3067 2904 3405 2959; x_wconf 86' lang='grc' dir='ltr'>καθέκαστον</span> <span class='ocrx_word' id='word_1_427' title='bbox 3440 2907 3787 2978; x_wconf 84' lang='grc' dir='ltr'>ὲνθεωρεῖται</span> 
     </span>
    </p>
   </div>
   <div class='ocr_carea' id='block_1_57' title="bbox 2463 2995 3788 3068">
    <p class='ocr_par' dir='ltr' id='par_1_57' title="bbox 2463 2995 3788 3068">
     <span class='ocr_line' id='line_1_57' title="bbox 2463 2995 3788 3068; baseline -0.003 -22"><span class='ocrx_word' id='word_1_428' title='bbox 2463 3011 2568 3047; x_wconf 90' lang='grc' dir='ltr'><strong>των</strong></span> <span class='ocrx_word' id='word_1_429' title='bbox 2590 2995 2765 3048; x_wconf 83' lang='grc' dir='ltr'>τοίνυν</span> <span class='ocrx_word' id='word_1_430' title='bbox 2788 2995 2926 3048; x_wconf 79' lang='grc' dir='ltr'>κατὰ</span> <span class='ocrx_word' id='word_1_431' title='bbox 2953 2995 3043 3049; x_wconf 84' lang='grc' dir='ltr'>τὸν</span> <span class='ocrx_word' id='word_1_432' title='bbox 3071 2997 3166 3049; x_wconf 73' lang='grc' dir='ltr'>ἕνα</span> <span class='ocrx_word' id='word_1_433' title='bbox 3191 2996 3370 3067; x_wconf 92' lang='grc' dir='ltr'>χῶρον</span> <span class='ocrx_word' id='word_1_434' title='bbox 3395 2996 3471 3066; x_wconf 78' lang='grc' dir='ltr'>τῷ</span> <span class='ocrx_word' id='word_1_435' title='bbox 3487 2998 3640 3068; x_wconf 78' lang='grc' dir='ltr'>ὑγρῷ</span> <span class='ocrx_word' id='word_1_436' title='bbox 3661 3015 3788 3068; x_wconf 56' lang='grc' dir='ltr'>τρες</span> 
     </span>
    </p>
   </div>
   <div class='ocr_carea' id='block_1_58' title="bbox 2463 3084 3788 3158">
    <p class='ocr_par' dir='ltr' id='par_1_58' title="bbox 2463 3084 3788 3158">
     <span class='ocr_line' id='line_1_58' title="bbox 2463 3084 3788 3158; baseline 0.002 -20"><span class='ocrx_word' id='word_1_437' title='bbox 2463 3087 2496 3155; x_wconf 78' lang='grc' dir='ltr'><strong>ἡ</strong></span> <span class='ocrx_word' id='word_1_438' title='bbox 2537 3088 2632 3156; x_wconf 83' lang='grc' dir='ltr'><strong>μὲν</strong></span> <span class='ocrx_word' id='word_1_439' title='bbox 2663 3084 3050 3151; x_wconf 80' lang='grc' dir='ltr'>ύπονοτίζουσα</span> <span class='ocrx_word' id='word_1_440' title='bbox 3099 3087 3168 3144; x_wconf 85' lang='grc' dir='ltr'>τὰ</span> <span class='ocrx_word' id='word_1_441' title='bbox 3209 3089 3332 3142; x_wconf 87' lang='grc' dir='ltr'>καθ’</span> <span class='ocrx_word' id='word_1_442' title='bbox 3363 3089 3594 3142; x_wconf 77' lang='grc' dir='ltr'>ἕκαστον</span> <span class='ocrx_word' id='word_1_443' title='bbox 3624 3089 3788 3158; x_wconf 71' lang='grc' dir='ltr'>δύναρ</span> 
     </span>
    </p>
   </div>
   <div class='ocr_carea' id='block_1_59' title="bbox 788 3164 2402 3252">
    <p class='ocr_par' dir='ltr' id='par_1_59' title="bbox 788 3165 2402 3242">
     <span class='ocr_line' id='line_1_59' title="bbox 788 3165 2402 3242; baseline -0.003 -16"><span class='ocrx_word' id='word_1_444' title='bbox 788 3172 919 3241; x_wconf 79' lang='lat' dir='ltr'><strong>ipsa:</strong></span> <span class='ocrx_word' id='word_1_445' title='bbox 970 3189 1088 3242; x_wconf 82' lang='lat' dir='ltr'><strong>quae</strong></span> <span class='ocrx_word' id='word_1_446' title='bbox 1155 3173 1504 3234; x_wconf 89' lang='lat' dir='ltr'><strong>nutriuntur,</strong></span> <span class='ocrx_word' id='word_1_447' title='bbox 1573 3185 1796 3224; x_wconf 85' lang='lat' dir='ltr'><strong>succum</strong></span> <span class='ocrx_word' id='word_1_448' title='bbox 1859 3171 2108 3223; x_wconf 85' lang='lat' dir='ltr'><strong>haustum</strong></span> <span class='ocrx_word' id='word_1_449' title='bbox 2177 3165 2402 3227; x_wconf 79' lang='lat' dir='ltr'><strong>diver-(</strong></span> 
     </span>
    </p>
   </div>
   <div class='ocr_carea' id='block_1_60' title="bbox 2169 3164 3783 3252">
    <p class='ocr_par' dir='ltr' id='par_1_60' title="bbox 2177 3164 3783 3252">
     <span class='ocr_line' id='line_1_60' title="bbox 2177 3164 3783 3252; baseline 0.006 -28"><span class='ocrx_word' id='word_1_450' title='bbox 2177 3172 2354 3227; x_wconf 88' lang='lat' dir='ltr'><strong>diver-</strong></span> <span class='ocrx_word' id='word_1_451' title='bbox 2383 3164 2425 3222; x_wconf 84' lang='lat' dir='ltr'>C</span> <span class='ocrx_word' id='word_1_452' title='bbox 2457 3195 2542 3241; x_wconf 89' lang='grc' dir='ltr'><strong>τις</strong></span> <span class='ocrx_word' id='word_1_453' title='bbox 2590 3179 2731 3232; x_wconf 82' lang='grc' dir='ltr'>κατὰ</span> <span class='ocrx_word' id='word_1_454' title='bbox 2775 3180 2875 3249; x_wconf 83' lang='grc' dir='ltr'>τὴν</span> <span class='ocrx_word' id='word_1_455' title='bbox 2923 3180 3084 3248; x_wconf 89' lang='grc' dir='ltr'>φύσιν</span> <span class='ocrx_word' id='word_1_456' title='bbox 3135 3181 3311 3233; x_wconf 76' lang='grc' dir='ltr'>ἐστίν’</span> <span class='ocrx_word' id='word_1_457' title='bbox 3349 3183 3380 3252; x_wconf 79' lang='grc' dir='ltr'>ἡ</span> <span class='ocrx_word' id='word_1_458' title='bbox 3431 3181 3488 3234; x_wconf 79' lang='grc' dir='ltr'>δὲ</span> <span class='ocrx_word' id='word_1_459' title='bbox 3533 3181 3644 3235; x_wconf 87' lang='grc' dir='ltr'><strong>τῶν</strong></span> <span class='ocrx_word' id='word_1_460' title='bbox 3688 3200 3783 3252; x_wconf 85' lang='grc' dir='ltr'>τρε</span> 
     </span>
    </p>
   </div>
   <div class='ocr_carea' id='block_1_61' title="bbox 787 3261 2356 3333">
    <p class='ocr_par' dir='ltr' id='par_1_61' title="bbox 787 3261 2356 3333">
     <span class='ocr_line' id='line_1_61' title="bbox 787 3261 2356 3333; baseline -0.003 -15"><span class='ocrx_word' id='word_1_461' title='bbox 787 3281 878 3320; x_wconf 82' lang='lat' dir='ltr'><strong>sas</strong></span> <span class='ocrx_word' id='word_1_462' title='bbox 929 3265 981 3317; x_wconf 88' lang='lat' dir='ltr'><strong>in</strong></span> <span class='ocrx_word' id='word_1_463' title='bbox 1047 3264 1337 3333; x_wconf 83' lang='lat' dir='ltr'><strong>qualitates</strong></span> <span class='ocrx_word' id='word_1_464' title='bbox 1383 3261 1744 3314; x_wconf 80' lang='lat' dir='ltr'><strong>commutent.</strong></span> <span class='ocrx_word' id='word_1_465' title='bbox 1814 3261 1958 3314; x_wconf 89' lang='lat' dir='ltr'><strong>ldem</strong></span> <span class='ocrx_word' id='word_1_466' title='bbox 2007 3276 2241 3330; x_wconf 84' lang='lat' dir='ltr'><strong>namque</strong></span> <span class='ocrx_word' id='word_1_467' title='bbox 2303 3265 2356 3317; x_wconf 91' lang='lat' dir='ltr'><strong>in</strong></span> 
     </span>
    </p>
   </div>
   <div class='ocr_carea' id='block_1_62' title="bbox 787 3351 2360 3410">
    <p class='ocr_par' dir='ltr' id='par_1_62' title="bbox 787 3351 2360 3410">
     <span class='ocr_line' id='line_1_62' title="bbox 787 3351 2360 3410; baseline -0.001 0"><span class='ocrx_word' id='word_1_468' title='bbox 787 3355 1062 3410; x_wconf 86' lang='lat' dir='ltr'><strong>absinthio</strong></span> <span class='ocrx_word' id='word_1_469' title='bbox 1099 3353 1434 3405; x_wconf 89' lang='lat' dir='ltr'><strong>convertitur</strong></span> <span class='ocrx_word' id='word_1_470' title='bbox 1478 3351 1531 3404; x_wconf 89' lang='lat' dir='ltr'><strong>in</strong></span> <span class='ocrx_word' id='word_1_471' title='bbox 1561 3365 1863 3404; x_wconf 89' lang='lat' dir='ltr'><strong>amarorem</strong></span> <span class='ocrx_word' id='word_1_472' title='bbox 1891 3369 1903 3403; x_wconf 92' lang='lat'><strong>:</strong></span> <span class='ocrx_word' id='word_1_473' title='bbox 1953 3351 2006 3405; x_wconf 89' lang='lat' dir='ltr'><strong>in</strong></span> <span class='ocrx_word' id='word_1_474' title='bbox 2034 3353 2210 3407; x_wconf 89' lang='lat' dir='ltr'><strong>cicuta</strong></span> <span class='ocrx_word' id='word_1_475' title='bbox 2244 3371 2360 3409; x_wconf 86' lang='lat' dir='ltr'><strong>suc-</strong></span> 
     </span>
    </p>
   </div>
   <div class='ocr_carea' id='block_1_63' title="bbox 787 3441 2357 3514">
    <p class='ocr_par' dir='ltr' id='par_1_63' title="bbox 787 3441 2357 3514">
     <span class='ocr_line' id='line_1_63' title="bbox 787 3441 2357 3514; baseline 0 -14"><span class='ocrx_word' id='word_1_476' title='bbox 787 3461 886 3500; x_wconf 91' lang='lat' dir='ltr'><strong>cus</strong></span> <span class='ocrx_word' id='word_1_477' title='bbox 937 3444 1187 3508; x_wconf 80' lang='lat' dir='ltr'><strong>eﬂicitur,</strong></span> <span class='ocrx_word' id='word_1_478' title='bbox 1239 3446 1331 3514; x_wconf 89' lang='lat' dir='ltr'><strong>qui</strong></span> <span class='ocrx_word' id='word_1_479' title='bbox 1367 3443 1644 3498; x_wconf 89' lang='lat' dir='ltr'><strong>interitum</strong></span> <span class='ocrx_word' id='word_1_480' title='bbox 1681 3441 1868 3496; x_wconf 87' lang='lat' dir='ltr'><strong>affert:</strong></span> <span class='ocrx_word' id='word_1_481' title='bbox 1916 3444 1970 3497; x_wconf 91' lang='lat' dir='ltr'><strong>in</strong></span> <span class='ocrx_word' id='word_1_482' title='bbox 2017 3445 2138 3501; x_wconf 89' lang='lat' dir='ltr'><strong>aliis</strong></span> <span class='ocrx_word' id='word_1_483' title='bbox 2188 3447 2357 3513; x_wconf 89' lang='lat' dir='ltr'><strong>aliud,</strong></span> 
     </span>
    </p>
   </div>
   <div class='ocr_carea' id='block_1_64' title="bbox 785 3535 2357 3607">
    <p class='ocr_par' dir='ltr' id='par_1_64' title="bbox 785 3535 2357 3607">
     <span class='ocr_line' id='line_1_64' title="bbox 785 3535 2357 3607; baseline 0.003 -16"><span class='ocrx_word' id='word_1_484' title='bbox 785 3538 934 3592; x_wconf 80' lang='lat' dir='ltr'><strong>verbi</strong></span> <span class='ocrx_word' id='word_1_485' title='bbox 968 3537 1160 3607; x_wconf 80' lang='lat' dir='ltr'><strong>gratia,</strong></span> <span class='ocrx_word' id='word_1_486' title='bbox 1195 3539 1248 3590; x_wconf 93' lang='lat' dir='ltr'><strong>in</strong></span> <span class='ocrx_word' id='word_1_487' title='bbox 1283 3550 1465 3596; x_wconf 90' lang='lat' dir='ltr'><strong>croco,</strong></span> <span class='ocrx_word' id='word_1_488' title='bbox 1499 3535 1760 3599; x_wconf 88' lang='lat' dir='ltr'><strong>balsamo,</strong></span> <span class='ocrx_word' id='word_1_489' title='bbox 1799 3549 2100 3603; x_wconf 87' lang='lat' dir='ltr'><strong>papavere:</strong></span> <span class='ocrx_word' id='word_1_490' title='bbox 2150 3554 2270 3591; x_wconf 91' lang='lat' dir='ltr'><strong>nam</strong></span> <span class='ocrx_word' id='word_1_491' title='bbox 2304 3540 2357 3596; x_wconf 86' lang='lat' dir='ltr'><strong>in</strong></span> 
     </span>
    </p>
   </div>
   <div class='ocr_carea' id='block_1_65' title="bbox 787 3627 2356 3697">
    <p class='ocr_par' dir='ltr' id='par_1_65' title="bbox 787 3627 2356 3697">
     <span class='ocr_line' id='line_1_65' title="bbox 787 3627 2356 3697; baseline 0.001 -13"><span class='ocrx_word' id='word_1_492' title='bbox 787 3630 874 3684; x_wconf 90' lang='lat' dir='ltr'><strong>his</strong></span> <span class='ocrx_word' id='word_1_493' title='bbox 905 3630 1009 3682; x_wconf 93' lang='lat' dir='ltr'><strong>vim</strong></span> <span class='ocrx_word' id='word_1_494' title='bbox 1042 3629 1272 3682; x_wconf 77' lang='lat' dir='ltr'><strong>calidam</strong></span> <span class='ocrx_word' id='word_1_495' title='bbox 1309 3627 1560 3696; x_wconf 89' lang='lat' dir='ltr'><strong>acquirit,</strong></span> <span class='ocrx_word' id='word_1_496' title='bbox 1594 3627 1647 3680; x_wconf 89' lang='lat' dir='ltr'><strong>in</strong></span> <span class='ocrx_word' id='word_1_497' title='bbox 1683 3628 1791 3681; x_wconf 90' lang='lat' dir='ltr'><strong>illis</strong></span> <span class='ocrx_word' id='word_1_498' title='bbox 1820 3627 2090 3697; x_wconf 78' lang='lat' dir='ltr'><strong>frigidam,</strong></span> <span class='ocrx_word' id='word_1_499' title='bbox 2143 3630 2193 3682; x_wconf 91' lang='lat' dir='ltr'><strong>in</strong></span> <span class='ocrx_word' id='word_1_500' title='bbox 2233 3631 2356 3685; x_wconf 88' lang='lat' dir='ltr'><strong>aliis</strong></span> 
     </span>
    </p>
   </div>
   <div class='ocr_carea' id='block_1_66' title="bbox 785 3715 2357 3789">
    <p class='ocr_par' dir='ltr' id='par_1_66' title="bbox 785 3715 2357 3789">
     <span class='ocr_line' id='line_1_66' title="bbox 785 3715 2357 3789; baseline -0.001 -15"><span class='ocrx_word' id='word_1_501' title='bbox 785 3725 1164 3789; x_wconf 84' lang='lat' dir='ltr'><strong>temperatam.</strong></span> <span class='ocrx_word' id='word_1_502' title='bbox 1215 3717 1275 3771; x_wconf 90' lang='lat' dir='ltr'><strong>lu</strong></span> <span class='ocrx_word' id='word_1_503' title='bbox 1321 3717 1496 3784; x_wconf 88' lang='lat' dir='ltr'><strong>lauro,</strong></span> <span class='ocrx_word' id='word_1_504' title='bbox 1537 3716 1590 3769; x_wconf 91' lang='lat' dir='ltr'><strong>in</strong></span> <span class='ocrx_word' id='word_1_505' title='bbox 1627 3715 1795 3784; x_wconf 89' lang='lat' dir='ltr'><strong>junco</strong></span> <span class='ocrx_word' id='word_1_506' title='bbox 1849 3717 2097 3780; x_wconf 86' lang='lat' dir='ltr'><strong>odorato,</strong></span> <span class='ocrx_word' id='word_1_507' title='bbox 2150 3719 2202 3770; x_wconf 91' lang='lat' dir='ltr'><strong>in</strong></span> <span class='ocrx_word' id='word_1_508' title='bbox 2235 3719 2357 3774; x_wconf 87' lang='lat' dir='ltr'><strong>aliis</strong></span> 
     </span>
    </p>
   </div>
   <div class='ocr_carea' id='block_1_67' title="bbox 785 3807 2355 3885">
    <p class='ocr_par' dir='ltr' id='par_1_67' title="bbox 785 3807 2355 3885">
     <span class='ocr_line' id='line_1_67' title="bbox 785 3807 2355 3885; baseline -0.002 -20"><span class='ocrx_word' id='word_1_509' title='bbox 785 3811 1099 3880; x_wconf 84' lang='lat' dir='ltr'><strong>lmjusmodi</strong></span> <span class='ocrx_word' id='word_1_510' title='bbox 1132 3808 1483 3881; x_wconf 78' lang='lat' dir='ltr'><strong>fragrantiam</strong></span> <span class='ocrx_word' id='word_1_511' title='bbox 1507 3808 1668 3862; x_wconf 82' lang='lat' dir='ltr'><strong>habet</strong></span> <span class='ocrx_word' id='word_1_512' title='bbox 1695 3827 1708 3861; x_wconf 89' lang='lat'>:</span> <span class='ocrx_word' id='word_1_513' title='bbox 1733 3808 1785 3861; x_wconf 93' lang='lat' dir='ltr'><strong>in</strong></span> <span class='ocrx_word' id='word_1_514' title='bbox 1815 3807 1914 3862; x_wconf 77' lang='lat' dir='ltr'><strong>ﬂeo</strong></span> <span class='ocrx_word' id='word_1_515' title='bbox 1944 3818 1997 3862; x_wconf 88' lang='lat' dir='ltr'><strong>et</strong></span> <span class='ocrx_word' id='word_1_516' title='bbox 2024 3824 2156 3885; x_wconf 75' lang='lat' dir='ltr'><strong>pyro</strong></span> <span class='ocrx_word' id='word_1_517' title='bbox 2180 3809 2355 3863; x_wconf 89' lang='lat' dir='ltr'><strong>dulci-</strong></span> 
     </span>
    </p>
   </div>
   <div class='ocr_carea' id='block_1_68' title="bbox 785 3900 2351 3963">
    <p class='ocr_par' dir='ltr' id='par_1_68' title="bbox 785 3900 2351 3963">
     <span class='ocr_line' id='line_1_68' title="bbox 785 3900 2351 3963; baseline -0.003 -6"><span class='ocrx_word' id='word_1_518' title='bbox 785 3905 1048 3963; x_wconf 84' lang='lat' dir='ltr'><strong>tudinem.</strong></span> <span class='ocrx_word' id='word_1_519' title='bbox 1092 3902 1149 3956; x_wconf 90' lang='lat' dir='ltr'><strong>ln</strong></span> <span class='ocrx_word' id='word_1_520' title='bbox 1181 3904 1289 3957; x_wconf 87' lang='lat' dir='ltr'><strong>vite</strong></span> <span class='ocrx_word' id='word_1_521' title='bbox 1318 3900 1655 3956; x_wconf 88' lang='lat' dir='ltr'><strong>convertitur</strong></span> <span class='ocrx_word' id='word_1_522' title='bbox 1692 3900 1745 3952; x_wconf 90' lang='lat' dir='ltr'><strong>in</strong></span> <span class='ocrx_word' id='word_1_523' title='bbox 1789 3900 2005 3953; x_wconf 87' lang='lat' dir='ltr'><strong>hotrum</strong></span> <span class='ocrx_word' id='word_1_524' title='bbox 2053 3915 2116 3954; x_wconf 90' lang='lat' dir='ltr'><strong>ac</strong></span> <span class='ocrx_word' id='word_1_525' title='bbox 2149 3902 2351 3955; x_wconf 88' lang='lat' dir='ltr'><strong>vinum.</strong></span> 
     </span>
    </p>
   </div>
   <div class='ocr_carea' id='block_1_69' title="bbox 785 3990 2354 4050">
    <p class='ocr_par' dir='ltr' id='par_1_69' title="bbox 785 3990 2354 4050">
     <span class='ocr_line' id='line_1_69' title="bbox 785 3990 2354 4050; baseline -0.001 -2"><span class='ocrx_word' id='word_1_526' title='bbox 785 3995 962 4048; x_wconf 83' lang='lat' dir='ltr'><strong>Etiam</strong></span> <span class='ocrx_word' id='word_1_527' title='bbox 995 4001 1360 4048; x_wconf 87' lang='lat' dir='ltr'><strong>commutatur</strong></span> <span class='ocrx_word' id='word_1_528' title='bbox 1412 3993 1464 4046; x_wconf 90' lang='lat' dir='ltr'><strong>in</strong></span> <span class='ocrx_word' id='word_1_529' title='bbox 1496 4007 1720 4045; x_wconf 88' lang='lat' dir='ltr'><strong>succum</strong></span> <span class='ocrx_word' id='word_1_530' title='bbox 1751 3990 1898 4050; x_wconf 89' lang='lat' dir='ltr'><strong>mali.</strong></span> <span class='ocrx_word' id='word_1_531' title='bbox 1948 3991 2001 4045; x_wconf 92' lang='lat' dir='ltr'><strong>in</strong></span> <span class='ocrx_word' id='word_1_532' title='bbox 2038 3991 2354 4046; x_wconf 85' lang='lat' dir='ltr'><strong>ruhedinem</strong></span> 
     </span>
    </p>
   </div>
   <div class='ocr_carea' id='block_1_70' title="bbox 788 4082 2353 4155">
    <p class='ocr_par' dir='ltr' id='par_1_70' title="bbox 788 4082 2353 4155">
     <span class='ocr_line' id='line_1_70' title="bbox 788 4082 2353 4155; baseline -0.003 -13"><span class='ocrx_word' id='word_1_533' title='bbox 788 4103 946 4151; x_wconf 74' lang='lat' dir='ltr'><strong>rosze,</strong></span> <span class='ocrx_word' id='word_1_534' title='bbox 993 4087 1045 4139; x_wconf 91' lang='lat' dir='ltr'><strong>iu</strong></span> <span class='ocrx_word' id='word_1_535' title='bbox 1075 4084 1419 4155; x_wconf 90' lang='lat' dir='ltr'><strong>splendidum</strong></span> <span class='ocrx_word' id='word_1_536' title='bbox 1464 4083 1560 4136; x_wconf 91' lang='lat' dir='ltr'><strong>lilii</strong></span> <span class='ocrx_word' id='word_1_537' title='bbox 1610 4083 1925 4145; x_wconf 84' lang='lat' dir='ltr'><strong>candorem,</strong></span> <span class='ocrx_word' id='word_1_538' title='bbox 1968 4082 2021 4137; x_wconf 89' lang='lat' dir='ltr'><strong>in</strong></span> <span class='ocrx_word' id='word_1_539' title='bbox 2065 4084 2353 4138; x_wconf 72' lang='lat' dir='ltr'><strong>ca3ruleum</strong></span> 
     </span>
    </p>
   </div>
   <div class='ocr_carea' id='block_1_71' title="bbox 785 4175 2356 4250">
    <p class='ocr_par' dir='ltr' id='par_1_71' title="bbox 785 4175 2356 4250">
     <span class='ocr_line' id='line_1_71' title="bbox 785 4175 2356 4250; baseline -0.003 -15"><span class='ocrx_word' id='word_1_540' title='bbox 785 4181 962 4246; x_wconf 70' lang='lat' dir='ltr'><strong>violm,</strong></span> <span class='ocrx_word' id='word_1_541' title='bbox 1005 4181 1060 4233; x_wconf 90' lang='lat' dir='ltr'><strong>in</strong></span> <span class='ocrx_word' id='word_1_542' title='bbox 1102 4193 1432 4250; x_wconf 89' lang='lat' dir='ltr'><strong>purpureum</strong></span> <span class='ocrx_word' id='word_1_543' title='bbox 1485 4176 1763 4248; x_wconf 80' lang='lat' dir='ltr'><strong>hyacinthi</strong></span> <span class='ocrx_word' id='word_1_544' title='bbox 1802 4176 2060 4231; x_wconf 87' lang='lat' dir='ltr'><strong>colorem.</strong></span> <span class='ocrx_word' id='word_1_545' title='bbox 2115 4175 2356 4245; x_wconf 88' lang='lat' dir='ltr'><strong>Denique</strong></span> 
     </span>
    </p>
   </div>
   <div class='ocr_carea' id='block_1_72' title="bbox 785 4265 2355 4339">
    <p class='ocr_par' dir='ltr' id='par_1_72' title="bbox 785 4265 2355 4339">
     <span class='ocr_line' id='line_1_72' title="bbox 785 4265 2355 4339; baseline -0.001 -16"><span class='ocrx_word' id='word_1_546' title='bbox 785 4270 1042 4324; x_wconf 89' lang='lat' dir='ltr'><strong>universa</strong></span> <span class='ocrx_word' id='word_1_547' title='bbox 1079 4284 1198 4339; x_wconf 77' lang='lat' dir='ltr'><strong>qua:</strong></span> <span class='ocrx_word' id='word_1_548' title='bbox 1225 4278 1369 4322; x_wconf 90' lang='lat' dir='ltr'><strong>terra</strong></span> <span class='ocrx_word' id='word_1_549' title='bbox 1410 4267 1637 4337; x_wconf 81' lang='lat' dir='ltr'><strong>profert,</strong></span> <span class='ocrx_word' id='word_1_550' title='bbox 1683 4281 1992 4338; x_wconf 85' lang='lat' dir='ltr'><strong>quanquam</strong></span> <span class='ocrx_word' id='word_1_551' title='bbox 2024 4265 2092 4319; x_wconf 93' lang='lat' dir='ltr'><strong>ab</strong></span> <span class='ocrx_word' id='word_1_552' title='bbox 2125 4281 2232 4319; x_wconf 91' lang='lat' dir='ltr'><strong>uno</strong></span> <span class='ocrx_word' id='word_1_553' title='bbox 2262 4281 2355 4321; x_wconf 92' lang='lat' dir='ltr'><strong>eo-</strong></span> 
     </span>
    </p>
   </div>
   <div class='ocr_carea' id='block_1_73' title="bbox 785 4358 2354 4430">
    <p class='ocr_par' dir='ltr' id='par_1_73' title="bbox 785 4358 2354 4430">
     <span class='ocr_line' id='line_1_73' title="bbox 785 4358 2354 4430; baseline -0.003 -13"><span class='ocrx_word' id='word_1_554' title='bbox 785 4361 1017 4430; x_wconf 85' lang='lat' dir='ltr'><strong>demque</strong></span> <span class='ocrx_word' id='word_1_555' title='bbox 1068 4360 1297 4416; x_wconf 90' lang='lat' dir='ltr'><strong>humore</strong></span> <span class='ocrx_word' id='word_1_556' title='bbox 1353 4360 1712 4427; x_wconf 83' lang='lat' dir='ltr'><strong>proveniant:</strong></span> <span class='ocrx_word' id='word_1_557' title='bbox 1749 4358 2119 4413; x_wconf 89' lang='lat' dir='ltr'><strong>diversissima</strong></span> <span class='ocrx_word' id='word_1_558' title='bbox 2172 4364 2354 4414; x_wconf 89' lang='lat' dir='ltr'><strong>tamen</strong></span> 
     </span>
    </p>
   </div>
   <div class='ocr_carea' id='block_1_74' title="bbox 785 4449 2354 4522">
    <p class='ocr_par' dir='ltr' id='par_1_74' title="bbox 785 4449 2354 4522">
     <span class='ocr_line' id='line_1_74' title="bbox 785 4449 2354 4522; baseline -0.004 -14"><span class='ocrx_word' id='word_1_559' title='bbox 785 4451 1115 4515; x_wconf 73' lang='lat' dir='ltr'><strong>eiliciuntur,</strong></span> <span class='ocrx_word' id='word_1_560' title='bbox 1152 4454 1266 4508; x_wconf 84' lang='lat' dir='ltr'><strong>sive</strong></span> <span class='ocrx_word' id='word_1_561' title='bbox 1299 4452 1546 4522; x_wconf 83' lang='lat' dir='ltr'><strong>figuram,</strong></span> <span class='ocrx_word' id='word_1_562' title='bbox 1587 4453 1701 4506; x_wconf 84' lang='lat' dir='ltr'><strong>sive</strong></span> <span class='ocrx_word' id='word_1_563' title='bbox 1745 4449 1999 4518; x_wconf 83' lang='lat' dir='ltr'><strong>speciem,</strong></span> <span class='ocrx_word' id='word_1_564' title='bbox 2034 4449 2149 4504; x_wconf 90' lang='lat' dir='ltr'><strong>sive</strong></span> <span class='ocrx_word' id='word_1_565' title='bbox 2178 4449 2354 4518; x_wconf 87' lang='lat' dir='ltr'><strong>quali-</strong></span> 
     </span>
    </p>
   </div>
   <div class='ocr_carea' id='block_1_75' title="bbox 784 4541 1670 4612">
    <p class='ocr_par' dir='ltr' id='par_1_75' title="bbox 784 4541 1670 4612">
     <span class='ocr_line' id='line_1_75' title="bbox 784 4541 1670 4612; baseline -0.009 -11"><span class='ocrx_word' id='word_1_566' title='bbox 784 4551 924 4601; x_wconf 73' lang='lat' dir='ltr'><strong>tates</strong></span> <span class='ocrx_word' id='word_1_567' title='bbox 951 4544 1286 4612; x_wconf 79' lang='lat' dir='ltr'><strong>singulorum</strong></span> <span class='ocrx_word' id='word_1_568' title='bbox 1314 4543 1581 4611; x_wconf 81' lang='lat' dir='ltr'><strong>spectes.)</strong></span> <span class='ocrx_word' id='word_1_569' title='bbox 1662 4541 1670 4550; x_wconf 81' lang='grc'><strong>’</strong></span> 
     </span>
    </p>
   </div>
   <div class='ocr_carea' id='block_1_76' title="bbox 857 4631 2354 4700">
    <p class='ocr_par' dir='ltr' id='par_1_76' title="bbox 857 4631 2354 4700">
     <span class='ocr_line' id='line_1_76' title="bbox 857 4631 2354 4700; baseline 0.001 -16"><span class='ocrx_word' id='word_1_570' title='bbox 857 4631 1175 4700; x_wconf 87' lang='lat' dir='ltr'><strong>llnjusmodi</strong></span> <span class='ocrx_word' id='word_1_571' title='bbox 1217 4631 1487 4699; x_wconf 89' lang='lat' dir='ltr'><strong>quoddam</strong></span> <span class='ocrx_word' id='word_1_572' title='bbox 1521 4641 1709 4686; x_wconf 84' lang='lat' dir='ltr'><strong>nostro</strong></span> <span class='ocrx_word' id='word_1_573' title='bbox 1750 4631 1913 4684; x_wconf 90' lang='lat' dir='ltr'><strong>etiam</strong></span> <span class='ocrx_word' id='word_1_574' title='bbox 1957 4631 2007 4683; x_wconf 92' lang='lat' dir='ltr'><strong>in</strong></span> <span class='ocrx_word' id='word_1_575' title='bbox 2042 4645 2194 4700; x_wconf 80' lang='lat' dir='ltr'><strong>agro,</strong></span> <span class='ocrx_word' id='word_1_576' title='bbox 2253 4631 2354 4690; x_wconf 77' lang='lat' dir='ltr'><strong>illo</strong></span> 
     </span>
    </p>
   </div>
   <div class='ocr_carea' id='block_1_77' title="bbox 786 4722 2350 4792">
    <p class='ocr_par' dir='ltr' id='par_1_77' title="bbox 786 4722 2350 4792">
     <span class='ocr_line' id='line_1_77' title="bbox 786 4722 2350 4792; baseline 0 -14"><span class='ocrx_word' id='word_1_577' title='bbox 786 4724 1006 4792; x_wconf 87' lang='lat' dir='ltr'><strong>inquam</strong></span> <span class='ocrx_word' id='word_1_578' title='bbox 1049 4723 1306 4785; x_wconf 88' lang='lat' dir='ltr'><strong>animato,</strong></span> <span class='ocrx_word' id='word_1_579' title='bbox 1355 4722 1730 4775; x_wconf 89' lang='lat' dir='ltr'><strong>admirandum</strong></span> <span class='ocrx_word' id='word_1_580' title='bbox 1773 4739 1912 4790; x_wconf 80' lang='lat' dir='ltr'><strong>opus</strong></span> <span class='ocrx_word' id='word_1_581' title='bbox 1958 4732 2168 4777; x_wconf 79' lang='lat' dir='ltr'><strong>naturae</strong></span> <span class='ocrx_word' id='word_1_582' title='bbox 2217 4740 2350 4778; x_wconf 86' lang='lat' dir='ltr'><strong>con-</strong></span> 
     </span>
    </p>
   </div>
   <div class='ocr_carea' id='block_1_78' title="bbox 783 4811 2347 4886">
    <p class='ocr_par' dir='ltr' id='par_1_78' title="bbox 783 4811 2347 4886">
     <span class='ocr_line' id='line_1_78' title="bbox 783 4811 2347 4886; baseline -0.001 -14"><span class='ocrx_word' id='word_1_583' title='bbox 783 4816 1042 4886; x_wconf 77' lang='lat' dir='ltr'><strong>Spieitur:</strong></span> <span class='ocrx_word' id='word_1_584' title='bbox 1105 4820 1312 4866; x_wconf 72' lang='lat' dir='ltr'><strong>natura:</strong></span> <span class='ocrx_word' id='word_1_585' title='bbox 1358 4811 1521 4865; x_wconf 88' lang='lat' dir='ltr'><strong>dico?</strong></span> <span class='ocrx_word' id='word_1_586' title='bbox 1576 4812 1685 4866; x_wconf 91' lang='lat' dir='ltr'><strong>imo</strong></span> <span class='ocrx_word' id='word_1_587' title='bbox 1736 4828 1865 4866; x_wconf 89' lang='lat' dir='ltr'><strong>vero</strong></span> <span class='ocrx_word' id='word_1_588' title='bbox 1917 4815 2090 4881; x_wconf 88' lang='lat' dir='ltr'><strong>ipsius</strong></span> <span class='ocrx_word' id='word_1_589' title='bbox 2141 4824 2347 4871; x_wconf 78' lang='lat' dir='ltr'><strong>natura:</strong></span> 
     </span>
    </p>
   </div>
   <div class='ocr_carea' id='block_1_79' title="bbox 783 4902 2343 4972">
    <p class='ocr_par' dir='ltr' id='par_1_79' title="bbox 783 4902 2343 4972">
     <span class='ocr_line' id='line_1_79' title="bbox 783 4902 2343 4972; baseline 0 -12"><span class='ocrx_word' id='word_1_590' title='bbox 783 4906 1017 4962; x_wconf 86' lang='lat' dir='ltr'><strong>Domini.</strong></span> <span class='ocrx_word' id='word_1_591' title='bbox 1067 4903 1226 4968; x_wconf 89' lang='lat' dir='ltr'><strong>Ossa,</strong></span> <span class='ocrx_word' id='word_1_592' title='bbox 1278 4902 1646 4971; x_wconf 79' lang='lat' dir='ltr'><strong>eartilagines,</strong></span> <span class='ocrx_word' id='word_1_593' title='bbox 1686 4917 1852 4967; x_wconf 69' lang='lat' dir='ltr'><strong>venae,</strong></span> <span class='ocrx_word' id='word_1_594' title='bbox 1896 4906 2129 4970; x_wconf 83' lang='lat' dir='ltr'><strong>arteriae,</strong></span> <span class='ocrx_word' id='word_1_595' title='bbox 2173 4909 2343 4972; x_wconf 83' lang='lat' dir='ltr'><strong>nervi,</strong></span> 
     </span>
    </p>
   </div>
   <div class='ocr_carea' id='block_1_80' title="bbox 781 4993 2348 5069">
    <p class='ocr_par' dir='ltr' id='par_1_80' title="bbox 781 4993 2348 5069">
     <span class='ocr_line' id='line_1_80' title="bbox 781 4993 2348 5069; baseline -0.001 -15"><span class='ocrx_word' id='word_1_596' title='bbox 781 5002 1096 5069; x_wconf 78' lang='lat' dir='ltr'><strong>ligamenta,</strong></span> <span class='ocrx_word' id='word_1_597' title='bbox 1138 5009 1352 5058; x_wconf 89' lang='lat' dir='ltr'><strong>carnes,</strong></span> <span class='ocrx_word' id='word_1_598' title='bbox 1398 4994 1560 5059; x_wconf 86' lang='lat' dir='ltr'><strong>cutis,</strong></span> <span class='ocrx_word' id='word_1_599' title='bbox 1594 4993 1935 5064; x_wconf 76' lang='lat' dir='ltr'><strong>pinguitudo,</strong></span> <span class='ocrx_word' id='word_1_600' title='bbox 1987 4999 2192 5066; x_wconf 82' lang='lat' dir='ltr'><strong>capilli,</strong></span> <span class='ocrx_word' id='word_1_601' title='bbox 2231 5015 2348 5052; x_wconf 88' lang='lat' dir='ltr'><strong>mu-</strong></span> 
     </span>
    </p>
   </div>
   <div class='ocr_carea' id='block_1_81' title="bbox 782 5086 2347 5158">
    <p class='ocr_par' dir='ltr' id='par_1_81' title="bbox 782 5086 2347 5158">
     <span class='ocr_line' id='line_1_81' title="bbox 782 5086 2347 5158; baseline -0.002 -12"><span class='ocrx_word' id='word_1_602' title='bbox 782 5090 940 5148; x_wconf 82' lang='lat' dir='ltr'><strong>sculi,</strong></span> <span class='ocrx_word' id='word_1_603' title='bbox 965 5105 1194 5158; x_wconf 82' lang='lat' dir='ltr'><strong>ungues,</strong></span> <span class='ocrx_word' id='word_1_604' title='bbox 1218 5087 1383 5152; x_wconf 92' lang='lat' dir='ltr'><strong>oculi,</strong></span> <span class='ocrx_word' id='word_1_605' title='bbox 1409 5101 1587 5150; x_wconf 89' lang='lat' dir='ltr'><strong>nares,</strong></span> <span class='ocrx_word' id='word_1_606' title='bbox 1612 5100 1794 5149; x_wconf 89' lang='lat' dir='ltr'><strong>aures,</strong></span> <span class='ocrx_word' id='word_1_607' title='bbox 1818 5086 2132 5156; x_wconf 72' lang='lat' dir='ltr'><strong>huiusmodi</strong></span> <span class='ocrx_word' id='word_1_608' title='bbox 2155 5099 2347 5143; x_wconf 68' lang='lat' dir='ltr'><strong>caetera</strong></span> 
     </span>
    </p>
   </div>
   <div class='ocr_carea' id='block_1_82' title="bbox 780 5177 2346 5251">
    <p class='ocr_par' dir='ltr' id='par_1_82' title="bbox 780 5177 2346 5251">
     <span class='ocr_line' id='line_1_82' title="bbox 780 5177 2346 5251; baseline -0.004 -15"><span class='ocrx_word' id='word_1_609' title='bbox 780 5196 1010 5237; x_wconf 91' lang='lat' dir='ltr'><strong>numero</strong></span> <span class='ocrx_word' id='word_1_610' title='bbox 1038 5195 1204 5251; x_wconf 86' lang='lat' dir='ltr'><strong>prepe</strong></span> <span class='ocrx_word' id='word_1_611' title='bbox 1227 5178 1459 5239; x_wconf 86' lang='lat' dir='ltr'><strong>infinita,</strong></span> <span class='ocrx_word' id='word_1_612' title='bbox 1490 5177 1720 5233; x_wconf 87' lang='lat' dir='ltr'><strong>diversis</strong></span> <span class='ocrx_word' id='word_1_613' title='bbox 1747 5194 1776 5231; x_wconf 91' lang='lat' dir='ltr'><strong>a</strong></span> <span class='ocrx_word' id='word_1_614' title='bbox 1806 5193 1864 5233; x_wconf 85' lang='lat' dir='ltr'><strong>se</strong></span> <span class='ocrx_word' id='word_1_615' title='bbox 1887 5178 2119 5232; x_wconf 87' lang='lat' dir='ltr'><strong>invicem</strong></span> <span class='ocrx_word' id='word_1_616' title='bbox 2153 5178 2346 5233; x_wconf 89' lang='lat' dir='ltr'><strong>distin-</strong></span> 
     </span>
    </p>
   </div>
   <div class='ocr_carea' id='block_1_83' title="bbox 778 5270 2345 5341">
    <p class='ocr_par' dir='ltr' id='par_1_83' title="bbox 778 5270 2345 5341">
     <span class='ocr_line' id='line_1_83' title="bbox 778 5270 2345 5341; baseline -0.003 -15"><span class='ocrx_word' id='word_1_617' title='bbox 778 5281 864 5326; x_wconf 85' lang='lat' dir='ltr'><strong>cta</strong></span> <span class='ocrx_word' id='word_1_618' title='bbox 907 5272 1349 5341; x_wconf 88' lang='lat' dir='ltr'><strong>proprietatibus,</strong></span> <span class='ocrx_word' id='word_1_619' title='bbox 1380 5287 1486 5325; x_wconf 91' lang='lat' dir='ltr'><strong>una</strong></span> <span class='ocrx_word' id='word_1_620' title='bbox 1522 5271 1876 5325; x_wconf 89' lang='lat' dir='ltr'><strong>nihilominus</strong></span> <span class='ocrx_word' id='word_1_621' title='bbox 1919 5270 2217 5338; x_wconf 88' lang='lat' dir='ltr'><strong>eademque</strong></span> <span class='ocrx_word' id='word_1_622' title='bbox 2246 5270 2345 5323; x_wconf 86' lang='lat' dir='ltr'><strong>ali-</strong></span> 
     </span>
    </p>
   </div>
   <div class='ocr_carea' id='block_1_84' title="bbox 778 5363 2337 5434">
    <p class='ocr_par' dir='ltr' id='par_1_84' title="bbox 778 5363 2337 5434">
     <span class='ocr_line' id='line_1_84' title="bbox 778 5363 2337 5434; baseline -0.001 -15"><span class='ocrx_word' id='word_1_623' title='bbox 778 5365 946 5420; x_wconf 89' lang='lat' dir='ltr'><strong>menti</strong></span> <span class='ocrx_word' id='word_1_624' title='bbox 971 5366 1169 5434; x_wconf 83' lang='lat' dir='ltr'><strong>specie,</strong></span> <span class='ocrx_word' id='word_1_625' title='bbox 1196 5373 1357 5434; x_wconf 89' lang='lat' dir='ltr'><strong>prout</strong></span> <span class='ocrx_word' id='word_1_626' title='bbox 1377 5365 1614 5434; x_wconf 91' lang='lat' dir='ltr'><strong>ipsorum</strong></span> <span class='ocrx_word' id='word_1_627' title='bbox 1640 5374 1831 5418; x_wconf 84' lang='lat' dir='ltr'><strong>natura</strong></span> <span class='ocrx_word' id='word_1_628' title='bbox 1853 5363 1976 5427; x_wconf 89' lang='lat' dir='ltr'><strong>fert,</strong></span> <span class='ocrx_word' id='word_1_629' title='bbox 1997 5364 2337 5417; x_wconf 88' lang='lat' dir='ltr'><strong>nutriuntur:</strong></span> 
     </span>
    </p>
   </div>
   <div class='ocr_carea' id='block_1_85' title="bbox 776 5454 2334 5524">
    <p class='ocr_par' dir='ltr' id='par_1_85' title="bbox 776 5454 2334 5524">
     <span class='ocr_line' id='line_1_85' title="bbox 776 5454 2334 5524; baseline -0.002 -15"><span class='ocrx_word' id='word_1_630' title='bbox 776 5457 850 5510; x_wconf 91' lang='lat' dir='ltr'><strong>ita</strong></span> <span class='ocrx_word' id='word_1_631' title='bbox 880 5462 936 5509; x_wconf 92' lang='lat' dir='ltr'><strong>ut</strong></span> <span class='ocrx_word' id='word_1_632' title='bbox 975 5455 1129 5511; x_wconf 90' lang='lat' dir='ltr'><strong>cibus</strong></span> <span class='ocrx_word' id='word_1_633' title='bbox 1169 5470 1292 5508; x_wconf 90' lang='lat' dir='ltr'><strong>cum</strong></span> <span class='ocrx_word' id='word_1_634' title='bbox 1321 5469 1350 5507; x_wconf 91' lang='lat' dir='ltr'><strong>a</strong></span> <span class='ocrx_word' id='word_1_635' title='bbox 1384 5455 1642 5511; x_wconf 90' lang='lat' dir='ltr'><strong>membris</strong></span> <span class='ocrx_word' id='word_1_636' title='bbox 1688 5455 1916 5524; x_wconf 85' lang='lat' dir='ltr'><strong>singulis</strong></span> <span class='ocrx_word' id='word_1_637' title='bbox 1967 5469 2133 5523; x_wconf 87' lang='lat' dir='ltr'><strong>prope</strong></span> <span class='ocrx_word' id='word_1_638' title='bbox 2160 5454 2334 5518; x_wconf 85' lang='lat' dir='ltr'><strong>abest,</strong></span> 
     </span>
    </p>
   </div>
   <div class='ocr_carea' id='block_1_86' title="bbox 777 5543 2342 5613">
    <p class='ocr_par' dir='ltr' id='par_1_86' title="bbox 777 5543 2342 5613">
     <span class='ocr_line' id='line_1_86' title="bbox 777 5543 2342 5613; baseline -0.001 -16"><span class='ocrx_word' id='word_1_639' title='bbox 777 5546 897 5613; x_wconf 77' lang='lat' dir='ltr'><strong>ejus</strong></span> <span class='ocrx_word' id='word_1_640' title='bbox 939 5545 991 5598; x_wconf 92' lang='lat' dir='ltr'><strong>in</strong></span> <span class='ocrx_word' id='word_1_641' title='bbox 1023 5553 1274 5598; x_wconf 91' lang='lat' dir='ltr'><strong>naturam</strong></span> <span class='ocrx_word' id='word_1_642' title='bbox 1305 5552 1676 5605; x_wconf 84' lang='lat' dir='ltr'><strong>convertatur,</strong></span> <span class='ocrx_word' id='word_1_643' title='bbox 1727 5543 1824 5597; x_wconf 89' lang='lat' dir='ltr'><strong>cui.</strong></span> <span class='ocrx_word' id='word_1_644' title='bbox 1855 5558 1974 5598; x_wconf 89' lang='lat' dir='ltr'><strong>sese</strong></span> <span class='ocrx_word' id='word_1_645' title='bbox 2010 5544 2342 5611; x_wconf 81' lang='lat' dir='ltr'><strong>adjunxerit.</strong></span> 
     </span>
    </p>
   </div>
   <div class='ocr_carea' id='block_1_87' title="bbox 779 5635 2346 5704">
    <p class='ocr_par' dir='ltr' id='par_1_87' title="bbox 779 5635 2346 5704">
     <span class='ocr_line' id='line_1_87' title="bbox 779 5635 2346 5704; baseline -0.001 -15"><span class='ocrx_word' id='word_1_646' title='bbox 779 5637 834 5689; x_wconf 77' lang='lat' dir='ltr'><strong>Si</strong></span> <span class='ocrx_word' id='word_1_647' title='bbox 866 5637 929 5689; x_wconf 85' lang='lat' dir='ltr'><strong>ad</strong></span> <span class='ocrx_word' id='word_1_648' title='bbox 959 5638 1174 5690; x_wconf 89' lang='lat' dir='ltr'><strong>oculum</strong></span> <span class='ocrx_word' id='word_1_649' title='bbox 1204 5636 1502 5695; x_wconf 88' lang='lat' dir='ltr'><strong>deferatur,</strong></span> <span class='ocrx_word' id='word_1_650' title='bbox 1531 5635 1673 5688; x_wconf 80' lang='lat' dir='ltr'><strong>oculi</strong></span> <span class='ocrx_word' id='word_1_651' title='bbox 1707 5635 1770 5687; x_wconf 91' lang='lat' dir='ltr'><strong>ad</strong></span> <span class='ocrx_word' id='word_1_652' title='bbox 1801 5645 2047 5687; x_wconf 87' lang='lat' dir='ltr'><strong>naturam</strong></span> <span class='ocrx_word' id='word_1_653' title='bbox 2079 5643 2346 5704; x_wconf 77' lang='lat' dir='ltr'><strong>tempera-</strong></span> 
     </span>
    </p>
   </div>
   <div class='ocr_carea' id='block_1_88' title="bbox 781 5723 2345 5797">
    <p class='ocr_par' dir='ltr' id='par_1_88' title="bbox 781 5723 2345 5797">
     <span class='ocr_line' id='line_1_88' title="bbox 781 5723 2345 5797; baseline 0.001 -19"><span class='ocrx_word' id='word_1_654' title='bbox 781 5741 900 5778; x_wconf 82' lang='lat' dir='ltr'><strong>tur:</strong></span> <span class='ocrx_word' id='word_1_655' title='bbox 938 5737 988 5782; x_wconf 84' lang='lat' dir='ltr'><strong>ct</strong></span> <span class='ocrx_word' id='word_1_656' title='bbox 1044 5739 1200 5797; x_wconf 85' lang='lat' dir='ltr'><strong>prout</strong></span> <span class='ocrx_word' id='word_1_657' title='bbox 1246 5723 1373 5795; x_wconf 74' lang='lat' dir='ltr'><strong>ipsa:</strong></span> <span class='ocrx_word' id='word_1_658' title='bbox 1410 5728 1460 5780; x_wconf 88' lang='lat' dir='ltr'><strong>in</strong></span> <span class='ocrx_word' id='word_1_659' title='bbox 1504 5727 1658 5782; x_wconf 84' lang='lat' dir='ltr'><strong>oculo</strong></span> <span class='ocrx_word' id='word_1_660' title='bbox 1695 5728 1895 5780; x_wconf 65' lang='lat' dir='ltr'><strong>tunicae</strong></span> <span class='ocrx_word' id='word_1_661' title='bbox 1941 5726 2168 5780; x_wconf 58' lang='lat' dir='ltr'><strong>diversa-5</strong></span> <span class='ocrx_word' id='word_1_662' title='bbox 2219 5738 2345 5781; x_wconf 85' lang='lat' dir='ltr'><strong>sunt</strong></span> 
     </span>
    </p>
   </div>
   <div class='ocr_carea' id='block_1_89' title="bbox 2464 3271 3788 3344">
    <p class='ocr_par' dir='ltr' id='par_1_89' title="bbox 2464 3271 3788 3344">
     <span class='ocr_line' id='line_1_89' title="bbox 2464 3271 3788 3344; baseline 0.002 -21"><span class='ocrx_word' id='word_1_663' title='bbox 2464 3271 2659 3339; x_wconf 79' lang='grc' dir='ltr'>ἰδιότης</span> <span class='ocrx_word' id='word_1_664' title='bbox 2680 3311 2693 3332; x_wconf 88' lang='grc'><strong>,</strong></span> <span class='ocrx_word' id='word_1_665' title='bbox 2730 3273 2808 3334; x_wconf 86' lang='grc' dir='ltr'><strong>είς</strong></span> <span class='ocrx_word' id='word_1_666' title='bbox 2837 3271 3123 3342; x_wconf 83' lang='grc' dir='ltr'>διαφόρους</span> <span class='ocrx_word' id='word_1_667' title='bbox 3161 3273 3221 3325; x_wconf 83' lang='grc' dir='ltr'><strong>τὺ</strong></span> <span class='ocrx_word' id='word_1_668' title='bbox 3251 3273 3414 3344; x_wconf 85' lang='grc' dir='ltr'>ὑγρὸν</span> <span class='ocrx_word' id='word_1_669' title='bbox 3461 3273 3788 3344; x_wconf 82' lang='grc' dir='ltr'>μεταϐάλλει</span> 
     </span>
    </p>
   </div>
   <div class='ocr_carea' id='block_1_90' title="bbox 2457 3363 3756 3435">
    <p class='ocr_par' dir='ltr' id='par_1_90' title="bbox 2457 3363 3756 3435">
     <span class='ocr_line' id='line_1_90' title="bbox 2457 3363 3756 3435; baseline 0.003 -20"><span class='ocrx_word' id='word_1_670' title='bbox 2457 3380 2573 3425; x_wconf 85' lang='grc' dir='ltr'>τας.</span> <span class='ocrx_word' id='word_1_671' title='bbox 2607 3363 2679 3415; x_wconf 81' lang='grc' dir='ltr'>Τὸ</span> <span class='ocrx_word' id='word_1_672' title='bbox 2716 3363 2823 3433; x_wconf 84' lang='grc' dir='ltr'><strong>γὰρ</strong></span> <span class='ocrx_word' id='word_1_673' title='bbox 2857 3364 2989 3417; x_wconf 79' lang='grc' dir='ltr'>αὐτὸ</span> <span class='ocrx_word' id='word_1_674' title='bbox 3039 3365 3386 3435; x_wconf 84' lang='grc' dir='ltr'>πικραίνεται</span> <span class='ocrx_word' id='word_1_675' title='bbox 3434 3365 3534 3434; x_wconf 82' lang='grc' dir='ltr'>μὲν</span> <span class='ocrx_word' id='word_1_676' title='bbox 3577 3366 3639 3418; x_wconf 88' lang='grc' dir='ltr'>ὲν</span> <span class='ocrx_word' id='word_1_677' title='bbox 3687 3368 3756 3434; x_wconf 81' lang='grc' dir='ltr'>τῇ</span> 
     </span>
    </p>
   </div>
   <div class='ocr_carea' id='block_1_91' title="bbox 2459 3453 3788 3525">
    <p class='ocr_par' dir='ltr' id='par_1_91' title="bbox 2459 3453 3788 3525">
     <span class='ocr_line' id='line_1_91' title="bbox 2459 3453 3788 3525; baseline 0.003 -21"><span class='ocrx_word' id='word_1_678' title='bbox 2459 3454 2538 3516; x_wconf 83' lang='grc' dir='ltr'><strong>εἰς</strong></span> <span class='ocrx_word' id='word_1_679' title='bbox 2573 3453 2895 3523; x_wconf 76' lang='grc' dir='ltr'>φθοροποιὸν</span> <span class='ocrx_word' id='word_1_680' title='bbox 2930 3454 2986 3506; x_wconf 78' lang='grc' dir='ltr'>δὲ</span> <span class='ocrx_word' id='word_1_681' title='bbox 3021 3455 3190 3525; x_wconf 79' lang='grc' dir='ltr'>χυμὸν</span> <span class='ocrx_word' id='word_1_682' title='bbox 3231 3458 3289 3509; x_wconf 83' lang='grc' dir='ltr'><strong>ὲν</strong></span> <span class='ocrx_word' id='word_1_683' title='bbox 3317 3455 3395 3525; x_wconf 85' lang='grc' dir='ltr'>τῷ</span> <span class='ocrx_word' id='word_1_684' title='bbox 3430 3456 3650 3525; x_wconf 84' lang='grc' dir='ltr'>κωνείῳ</span> <span class='ocrx_word' id='word_1_685' title='bbox 3693 3456 3788 3525; x_wconf 83' lang='grc' dir='ltr'>μεθ</span> 
     </span>
    </p>
   </div>
   <div class='ocr_carea' id='block_1_92' title="bbox 2459 3538 3788 3614">
    <p class='ocr_par' dir='ltr' id='par_1_92' title="bbox 2459 3538 3788 3614">
     <span class='ocr_line' id='line_1_92' title="bbox 2459 3538 3788 3614; baseline 0.004 -25"><span class='ocrx_word' id='word_1_686' title='bbox 2459 3539 2551 3590; x_wconf 80' lang='grc' dir='ltr'>καὶ</span> <span class='ocrx_word' id='word_1_687' title='bbox 2592 3538 2718 3591; x_wconf 84' lang='grc' dir='ltr'>ἄλλο</span> <span class='ocrx_word' id='word_1_688' title='bbox 2747 3541 2803 3592; x_wconf 79' lang='grc' dir='ltr'>ὲν</span> <span class='ocrx_word' id='word_1_689' title='bbox 2835 3539 2978 3611; x_wconf 80' lang='grc' dir='ltr'>ἄλλῳ</span> <span class='ocrx_word' id='word_1_690' title='bbox 3020 3541 3248 3610; x_wconf 89' lang='grc' dir='ltr'>γίνεται,</span> <span class='ocrx_word' id='word_1_691' title='bbox 3285 3544 3342 3595; x_wconf 85' lang='grc' dir='ltr'><strong>ὲν</strong></span> <span class='ocrx_word' id='word_1_692' title='bbox 3371 3543 3558 3614; x_wconf 84' lang='grc' dir='ltr'>κρόκῳ</span> <span class='ocrx_word' id='word_1_693' title='bbox 3581 3582 3597 3606; x_wconf 90' lang='grc'><strong>,</strong></span> <span class='ocrx_word' id='word_1_694' title='bbox 3640 3545 3699 3598; x_wconf 83' lang='grc' dir='ltr'>ὲν</span> <span class='ocrx_word' id='word_1_695' title='bbox 3747 3544 3788 3612; x_wconf 58' lang='lat' dir='ltr'><strong>ﬁ.</strong></span> 
     </span>
    </p>
   </div>
   <div class='ocr_carea' id='block_1_93' title="bbox 2458 3627 3788 3701">
    <p class='ocr_par' dir='ltr' id='par_1_93' title="bbox 2458 3627 3788 3701">
     <span class='ocr_line' id='line_1_93' title="bbox 2458 3627 3788 3701; baseline 0.005 -24"><span class='ocrx_word' id='word_1_696' title='bbox 2458 3627 2516 3677; x_wconf 83' lang='grc' dir='ltr'><strong>ὲν</strong></span> <span class='ocrx_word' id='word_1_697' title='bbox 2567 3627 2805 3694; x_wconf 82' lang='grc' dir='ltr'>μήκωνι.</span> <span class='ocrx_word' id='word_1_698' title='bbox 2846 3628 2936 3696; x_wconf 82' lang='grc' dir='ltr'><strong>Τῷ</strong></span> <span class='ocrx_word' id='word_1_699' title='bbox 2973 3629 3070 3698; x_wconf 83' lang='grc' dir='ltr'>μὲν</span> <span class='ocrx_word' id='word_1_700' title='bbox 3099 3631 3208 3701; x_wconf 82' lang='grc' dir='ltr'><strong>γὰρ</strong></span> <span class='ocrx_word' id='word_1_701' title='bbox 3234 3630 3702 3700; x_wconf 82' lang='grc' dir='ltr'>ἐκθερμαίνεται,</span> <span class='ocrx_word' id='word_1_702' title='bbox 3734 3632 3788 3684; x_wconf 73' lang='grc' dir='ltr'><strong>τί</strong></span> 
     </span>
    </p>
   </div>
   <div class='ocr_carea' id='block_1_94' title="bbox 2456 3717 3788 3794">
    <p class='ocr_par' dir='ltr' id='par_1_94' title="bbox 2456 3717 3788 3794">
     <span class='ocr_line' id='line_1_94' title="bbox 2456 3717 3788 3794; baseline 0.007 -25"><span class='ocrx_word' id='word_1_703' title='bbox 2456 3717 2868 3789; x_wconf 78' lang='grc' dir='ltr'>ταψύχεται,τῷ</span> <span class='ocrx_word' id='word_1_704' title='bbox 2890 3720 2946 3772; x_wconf 83' lang='grc' dir='ltr'>δὲ</span> <span class='ocrx_word' id='word_1_705' title='bbox 2971 3723 3140 3792; x_wconf 80' lang='grc' dir='ltr'>μέσην</span> <span class='ocrx_word' id='word_1_706' title='bbox 3173 3722 3284 3792; x_wconf 79' lang='grc' dir='ltr'>ἔχει</span> <span class='ocrx_word' id='word_1_707' title='bbox 3313 3723 3603 3794; x_wconf 86' lang='grc' dir='ltr'>ποιότητα.</span> <span class='ocrx_word' id='word_1_708' title='bbox 3635 3725 3788 3778; x_wconf 78' lang='grc' dir='ltr'><strong>Καὶέ</strong></span> 
     </span>
    </p>
   </div>
   <div class='ocr_carea' id='block_1_95' title="bbox 2457 3809 3752 3879">
    <p class='ocr_par' dir='ltr' id='par_1_95' title="bbox 2457 3809 3752 3879">
     <span class='ocr_line' id='line_1_95' title="bbox 2457 3809 3752 3879; baseline 0.008 -20"><span class='ocrx_word' id='word_1_709' title='bbox 2457 3809 2548 3860; x_wconf 77' lang='grc' dir='ltr'>καὶ</span> <span class='ocrx_word' id='word_1_710' title='bbox 2578 3809 2637 3861; x_wconf 79' lang='grc' dir='ltr'><strong>ὲν</strong></span> <span class='ocrx_word' id='word_1_711' title='bbox 2669 3809 2860 3879; x_wconf 89' lang='grc' dir='ltr'>σχοίνῳ</span> <span class='ocrx_word' id='word_1_712' title='bbox 2880 3851 2895 3877; x_wconf 89' lang='grc'><strong>,</strong></span> <span class='ocrx_word' id='word_1_713' title='bbox 2936 3815 3030 3865; x_wconf 76' lang='grc' dir='ltr'>καὶ</span> <span class='ocrx_word' id='word_1_714' title='bbox 3058 3815 3171 3874; x_wconf 85' lang='grc' dir='ltr'>τοῖς</span> <span class='ocrx_word' id='word_1_715' title='bbox 3201 3813 3460 3878; x_wconf 80' lang='grc' dir='ltr'>τοιούτοις</span> <span class='ocrx_word' id='word_1_716' title='bbox 3503 3814 3752 3869; x_wconf 75' lang='grc' dir='ltr'>εῠπνουν</span> 
     </span>
    </p>
   </div>
   <div class='ocr_carea' id='block_1_96' title="bbox 2458 3897 3788 3972">
    <p class='ocr_par' dir='ltr' id='par_1_96' title="bbox 2458 3897 3788 3972">
     <span class='ocr_line' id='line_1_96' title="bbox 2458 3897 3788 3972; baseline 0.005 -25"><span class='ocrx_word' id='word_1_717' title='bbox 2458 3900 2593 3966; x_wconf 84' lang='grc' dir='ltr'>συκῇ</span> <span class='ocrx_word' id='word_1_718' title='bbox 2628 3897 2686 3950; x_wconf 86' lang='grc' dir='ltr'>δὲ</span> <span class='ocrx_word' id='word_1_719' title='bbox 2711 3897 2804 3949; x_wconf 63' lang='grc' dir='ltr'><strong>καλ⁵</strong></span> <span class='ocrx_word' id='word_1_720' title='bbox 2828 3898 2958 3969; x_wconf 77' lang='grc' dir='ltr'>ὄχνῃ</span> <span class='ocrx_word' id='word_1_721' title='bbox 2991 3900 3418 3972; x_wconf 81' lang='grc' dir='ltr'>κατεγλυκάνθη.</span> <span class='ocrx_word' id='word_1_722' title='bbox 3457 3902 3575 3954; x_wconf 72' lang='grc' dir='ltr'><strong>Καὶ</strong></span> <span class='ocrx_word' id='word_1_723' title='bbox 3608 3901 3707 3954; x_wconf 78' lang='grc' dir='ltr'>διὰ</span> <span class='ocrx_word' id='word_1_724' title='bbox 3739 3901 3788 3954; x_wconf 62' lang='grc' dir='ltr'><strong>τί</strong></span> 
     </span>
    </p>
   </div>
   <div class='ocr_carea' id='block_1_97' title="bbox 2455 3987 3788 4063">
    <p class='ocr_par' dir='ltr' id='par_1_97' title="bbox 2455 3987 3788 4063">
     <span class='ocr_line' id='line_1_97' title="bbox 2455 3987 3788 4063; baseline 0.002 -22"><span class='ocrx_word' id='word_1_725' title='bbox 2455 3987 2546 4042; x_wconf 88' lang='grc' dir='ltr'><strong>λου</strong></span> <span class='ocrx_word' id='word_1_726' title='bbox 2579 3991 2772 4062; x_wconf 84' lang='grc' dir='ltr'>βότρυς</span> <span class='ocrx_word' id='word_1_727' title='bbox 2795 3993 2888 4044; x_wconf 78' lang='grc' dir='ltr'><strong>καὶ</strong></span> <span class='ocrx_word' id='word_1_728' title='bbox 2916 3987 3055 4054; x_wconf 75' lang='grc' dir='ltr'>οἶνος</span> <span class='ocrx_word' id='word_1_729' title='bbox 3084 3991 3328 4060; x_wconf 77' lang='grc' dir='ltr'>ἐγένετο·</span> <span class='ocrx_word' id='word_1_730' title='bbox 3364 3995 3458 4046; x_wconf 73' lang='grc' dir='ltr'>καὶ</span> <span class='ocrx_word' id='word_1_731' title='bbox 3487 3996 3516 4046; x_wconf 83' lang='grc' dir='ltr'>ὁ</span> <span class='ocrx_word' id='word_1_732' title='bbox 3537 3993 3640 4046; x_wconf 79' lang='grc' dir='ltr'>τοῦ</span> <span class='ocrx_word' id='word_1_733' title='bbox 3673 3993 3788 4063; x_wconf 74' lang='grc' dir='ltr'><strong>μή).</strong></span> 
     </span>
    </p>
   </div>
   <div class='ocr_carea' id='block_1_98' title="bbox 2457 4084 3788 4156">
    <p class='ocr_par' dir='ltr' id='par_1_98' title="bbox 2457 4084 3788 4156">
     <span class='ocr_line' id='line_1_98' title="bbox 2457 4084 3788 4156; baseline 0.001 -20"><span class='ocrx_word' id='word_1_734' title='bbox 2457 4084 2551 4136; x_wconf 69' lang='grc' dir='ltr'>καὶ</span> <span class='ocrx_word' id='word_1_735' title='bbox 2584 4085 2644 4136; x_wconf 79' lang='grc' dir='ltr'>τὸ</span> <span class='ocrx_word' id='word_1_736' title='bbox 2673 4084 2765 4137; x_wconf 79' lang='grc' dir='ltr'><strong>τοῦ</strong></span> <span class='ocrx_word' id='word_1_737' title='bbox 2795 4085 2946 4155; x_wconf 79' lang='grc' dir='ltr'>ῥόδου</span> <span class='ocrx_word' id='word_1_738' title='bbox 2983 4084 3290 4155; x_wconf 78' lang='grc' dir='ltr'>ἐρύθρημα,</span> <span class='ocrx_word' id='word_1_739' title='bbox 3327 4086 3421 4139; x_wconf 77' lang='grc' dir='ltr'>καὶ</span> <span class='ocrx_word' id='word_1_740' title='bbox 3453 4087 3516 4138; x_wconf 86' lang='grc' dir='ltr'>τὸ</span> <span class='ocrx_word' id='word_1_741' title='bbox 3550 4085 3656 4140; x_wconf 81' lang='grc' dir='ltr'><strong>τοῦ</strong></span> <span class='ocrx_word' id='word_1_742' title='bbox 3696 4087 3788 4156; x_wconf 66' lang='grc' dir='ltr'><strong>κρί</strong></span> 
     </span>
    </p>
   </div>
   <div class='ocr_carea' id='block_1_99' title="bbox 2458 4164 3788 4245">
    <p class='ocr_par' dir='ltr' id='par_1_99' title="bbox 2458 4164 3788 4245">
     <span class='ocr_line' id='line_1_99' title="bbox 2458 4164 3788 4245; baseline 0.003 -18"><span class='ocrx_word' id='word_1_743' title='bbox 2458 4175 2615 4245; x_wconf 77' lang='grc' dir='ltr'>πρδν,</span> <span class='ocrx_word' id='word_1_744' title='bbox 2649 4177 2743 4229; x_wconf 68' lang='grc' dir='ltr'>καὶ</span> <span class='ocrx_word' id='word_1_745' title='bbox 2772 4177 2834 4229; x_wconf 87' lang='grc' dir='ltr'>τὸ</span> <span class='ocrx_word' id='word_1_746' title='bbox 2881 4174 3133 4240; x_wconf 78' lang='grc' dir='ltr'>κυανίζον</span> <span class='ocrx_word' id='word_1_747' title='bbox 3178 4177 3273 4229; x_wconf 79' lang='grc' dir='ltr'>τοῦ</span> <span class='ocrx_word' id='word_1_748' title='bbox 3308 4177 3386 4230; x_wconf 75' lang='grc' dir='ltr'>ἴου</span> <span class='ocrx_word' id='word_1_749' title='bbox 3408 4164 3437 4241; x_wconf 39' lang='grc'>,’</span> <span class='ocrx_word' id='word_1_750' title='bbox 3460 4180 3562 4231; x_wconf 80' lang='grc' dir='ltr'>καὶ</span> <span class='ocrx_word' id='word_1_751' title='bbox 3615 4178 3683 4230; x_wconf 84' lang='grc' dir='ltr'>τὸ</span> <span class='ocrx_word' id='word_1_752' title='bbox 3723 4195 3788 4230; x_wconf 77' lang='grc' dir='ltr'>πε</span> 
     </span>
    </p>
   </div>
   <div class='ocr_carea' id='block_1_100' title="bbox 2455 4266 3788 4338">
    <p class='ocr_par' dir='ltr' id='par_1_100' title="bbox 2455 4266 3788 4338">
     <span class='ocr_line' id='line_1_100' title="bbox 2455 4266 3788 4338; baseline 0.005 -22"><span class='ocrx_word' id='word_1_753' title='bbox 2455 4266 2555 4334; x_wconf 84' lang='grc' dir='ltr'>τῆς</span> <span class='ocrx_word' id='word_1_754' title='bbox 2597 4266 2850 4319; x_wconf 80' lang='grc' dir='ltr'>ὑακίνθου</span> <span class='ocrx_word' id='word_1_755' title='bbox 2888 4267 3066 4338; x_wconf 81' lang='grc' dir='ltr'>βαφῆς</span> <span class='ocrx_word' id='word_1_756' title='bbox 3091 4309 3104 4331; x_wconf 92' lang='grc'><strong>,</strong></span> <span class='ocrx_word' id='word_1_757' title='bbox 3140 4270 3234 4321; x_wconf 70' lang='grc' dir='ltr'><strong>καὶ</strong></span> <span class='ocrx_word' id='word_1_758' title='bbox 3285 4268 3444 4322; x_wconf 83' lang='grc' dir='ltr'>πάνθ’</span> <span class='ocrx_word' id='word_1_759' title='bbox 3489 4271 3600 4322; x_wconf 81' lang='grc' dir='ltr'>ὅσα</span> <span class='ocrx_word' id='word_1_760' title='bbox 3645 4270 3788 4322; x_wconf 83' lang='grc' dir='ltr'>κατέ</span> 
     </span>
    </p>
   </div>
   <div class='ocr_carea' id='block_1_101' title="bbox 2455 4359 3788 4430">
    <p class='ocr_par' dir='ltr' id='par_1_101' title="bbox 2455 4359 3788 4430">
     <span class='ocr_line' id='line_1_101' title="bbox 2455 4359 3788 4430; baseline 0.003 -20"><span class='ocrx_word' id='word_1_761' title='bbox 2455 4360 2602 4410; x_wconf 78' lang='grc' dir='ltr'>ἐστιν</span> <span class='ocrx_word' id='word_1_762' title='bbox 2636 4359 2781 4422; x_wconf 77' lang='grc' dir='ltr'>ἰδεῖν,</span> <span class='ocrx_word' id='word_1_763' title='bbox 2813 4359 2877 4411; x_wconf 83' lang='grc' dir='ltr'>ὲκ</span> <span class='ocrx_word' id='word_1_764' title='bbox 2918 4361 3046 4428; x_wconf 79' lang='grc' dir='ltr'>μιᾶς</span> <span class='ocrx_word' id='word_1_765' title='bbox 3075 4361 3169 4412; x_wconf 67' lang='grc' dir='ltr'>καὶ</span> <span class='ocrx_word' id='word_1_766' title='bbox 3195 4361 3294 4429; x_wconf 83' lang='grc' dir='ltr'>τῆς</span> <span class='ocrx_word' id='word_1_767' title='bbox 3323 4360 3496 4430; x_wconf 77' lang='grc' dir='ltr'>αὐτῆς</span> <span class='ocrx_word' id='word_1_768' title='bbox 3547 4361 3788 4430; x_wconf 74' lang='grc' dir='ltr'>ἰκμάδος</span> 
     </span>
    </p>
   </div>
   <div class='ocr_carea' id='block_1_102' title="bbox 2461 4447 3787 4517">
    <p class='ocr_par' dir='ltr' id='par_1_102' title="bbox 2461 4447 3787 4517">
     <span class='ocr_line' id='line_1_102' title="bbox 2461 4447 3787 4517; baseline -0.002 -17"><span class='ocrx_word' id='word_1_769' title='bbox 2461 4449 2719 4501; x_wconf 78' lang='grc' dir='ltr'>στάνοντα</span> <span class='ocrx_word' id='word_1_770' title='bbox 2744 4489 2756 4509; x_wconf 85' lang='grc'><strong>,</strong></span> <span class='ocrx_word' id='word_1_771' title='bbox 2782 4449 2861 4510; x_wconf 87' lang='grc' dir='ltr'><strong>είς</strong></span> <span class='ocrx_word' id='word_1_772' title='bbox 2880 4447 3147 4511; x_wconf 78' lang='grc' dir='ltr'>τοσαύτας</span> <span class='ocrx_word' id='word_1_773' title='bbox 3171 4447 3436 4517; x_wconf 77' lang='grc' dir='ltr'>διαφορὰς</span> <span class='ocrx_word' id='word_1_774' title='bbox 3466 4448 3624 4500; x_wconf 85' lang='grc' dir='ltr'>κατὰ</span> <span class='ocrx_word' id='word_1_775' title='bbox 3658 4465 3725 4499; x_wconf 87' lang='grc' dir='ltr'><strong>τε</strong></span> <span class='ocrx_word' id='word_1_776' title='bbox 3756 4465 3787 4498; x_wconf 86' lang='grc' dir='ltr'><strong>τ</strong></span> 
     </span>
    </p>
   </div>
   <div class='ocr_carea' id='block_1_103' title="bbox 2460 4533 3788 4609">
    <p class='ocr_par' dir='ltr' id='par_1_103' title="bbox 2460 4533 3788 4609">
     <span class='ocr_line' id='line_1_103' title="bbox 2460 4533 3788 4609; baseline 0.002 -21"><span class='ocrx_word' id='word_1_777' title='bbox 2460 4537 2553 4589; x_wconf 54' lang='grc' dir='ltr'><strong>καὶ⁴</strong></span> <span class='ocrx_word' id='word_1_778' title='bbox 2578 4537 2638 4588; x_wconf 85' lang='grc' dir='ltr'>τὸ</span> <span class='ocrx_word' id='word_1_779' title='bbox 2671 4533 2829 4599; x_wconf 77' lang='grc' dir='ltr'>εἶδος,</span> <span class='ocrx_word' id='word_1_780' title='bbox 2858 4538 2952 4591; x_wconf 78' lang='grc' dir='ltr'>καὶ</span> <span class='ocrx_word' id='word_1_781' title='bbox 2983 4538 3082 4601; x_wconf 77' lang='grc' dir='ltr'><strong>τὰς</strong></span> <span class='ocrx_word' id='word_1_782' title='bbox 3116 4539 3406 4608; x_wconf 79' lang='grc' dir='ltr'>ποιότητας</span> <span class='ocrx_word' id='word_1_783' title='bbox 3438 4537 3788 4609; x_wconf 70' lang='grc' dir='ltr'>διακρίνεται</span> 
     </span>
    </p>
   </div>
   <div class='ocr_carea' id='block_1_104' title="bbox 2530 4625 3788 4700">
    <p class='ocr_par' dir='ltr' id='par_1_104' title="bbox 2530 4625 3788 4700">
     <span class='ocr_line' id='line_1_104' title="bbox 2530 4625 3788 4700; baseline 0 -22"><span class='ocrx_word' id='word_1_784' title='bbox 2530 4625 2778 4679; x_wconf 77' lang='grc' dir='ltr'>Τοιοῦτόν</span> <span class='ocrx_word' id='word_1_785' title='bbox 2808 4645 2859 4680; x_wconf 87' lang='grc' dir='ltr'><strong>τι</strong></span> <span class='ocrx_word' id='word_1_786' title='bbox 2885 4629 2976 4680; x_wconf 71' lang='grc' dir='ltr'><strong>καὶ</strong></span> <span class='ocrx_word' id='word_1_787' title='bbox 3015 4628 3155 4682; x_wconf 81' lang='grc' dir='ltr'>κατὰ</span> <span class='ocrx_word' id='word_1_788' title='bbox 3188 4629 3287 4700; x_wconf 77' lang='grc' dir='ltr'>τὴν</span> <span class='ocrx_word' id='word_1_789' title='bbox 3314 4627 3567 4698; x_wconf 74' lang='grc' dir='ltr'>ἔμψυχον</span> <span class='ocrx_word' id='word_1_790' title='bbox 3623 4627 3788 4697; x_wconf 64' lang='grc' dir='ltr'>ἡμῶπ</span> 
     </span>
    </p>
   </div>
   <div class='ocr_carea' id='block_1_105' title="bbox 2458 4719 3787 4790">
    <p class='ocr_par' dir='ltr' id='par_1_105' title="bbox 2458 4719 3787 4790">
     <span class='ocr_line' id='line_1_105' title="bbox 2458 4719 3787 4790; baseline -0.001 -19"><span class='ocrx_word' id='word_1_791' title='bbox 2458 4719 2934 4789; x_wconf 85' lang='grc' dir='ltr'>θαυματοποιεῖται</span> <span class='ocrx_word' id='word_1_792' title='bbox 2973 4719 3124 4790; x_wconf 74' lang='grc' dir='ltr'>παρὰ</span> <span class='ocrx_word' id='word_1_793' title='bbox 3153 4721 3252 4789; x_wconf 79' lang='grc' dir='ltr'>τῆς</span> <span class='ocrx_word' id='word_1_794' title='bbox 3287 4719 3542 4788; x_wconf 86' lang='grc' dir='ltr'>φύσεως,</span> <span class='ocrx_word' id='word_1_795' title='bbox 3588 4719 3787 4787; x_wconf 79' lang='grc' dir='ltr'>μᾶλλο</span> 
     </span>
    </p>
   </div>
   <div class='ocr_carea' id='block_1_106' title="bbox 2457 4810 3788 4880">
    <p class='ocr_par' dir='ltr' id='par_1_106' title="bbox 2457 4810 3788 4880">
     <span class='ocr_line' id='line_1_106' title="bbox 2457 4810 3788 4880; baseline -0.001 -18"><span class='ocrx_word' id='word_1_796' title='bbox 2457 4810 2548 4862; x_wconf 74' lang='grc' dir='ltr'>τοῦ</span> <span class='ocrx_word' id='word_1_797' title='bbox 2591 4811 2858 4863; x_wconf 82' lang='grc' dir='ltr'>Δεσπότου</span> <span class='ocrx_word' id='word_1_798' title='bbox 2895 4812 3128 4879; x_wconf 83' lang='grc' dir='ltr'>φύσεως.</span> <span class='ocrx_word' id='word_1_799' title='bbox 3169 4811 3361 4863; x_wconf 84' lang='grc' dir='ltr'>Ὀστέα</span> <span class='ocrx_word' id='word_1_800' title='bbox 3393 4810 3494 4864; x_wconf 76' lang='grc' dir='ltr'>καὶ</span> <span class='ocrx_word' id='word_1_801' title='bbox 3537 4810 3788 4880; x_wconf 84' lang='grc' dir='ltr'>χόνδροι</span> 
     </span>
    </p>
   </div>
   <div class='ocr_carea' id='block_1_107' title="bbox 2453 4893 3788 4976">
    <p class='ocr_par' dir='ltr' id='par_1_107' title="bbox 2453 4893 3788 4976">
     <span class='ocr_line' id='line_1_107' title="bbox 2453 4893 3788 4976; baseline -0.001 -20"><span class='ocrx_word' id='word_1_802' title='bbox 2453 4903 2744 4974; x_wconf 87' lang='grc' dir='ltr'>ἀρτηρίαι,</span> <span class='ocrx_word' id='word_1_803' title='bbox 2771 4893 2936 4972; x_wconf 78' lang='grc' dir='ltr'>νέῦρα</span> <span class='ocrx_word' id='word_1_804' title='bbox 2958 4942 2972 4965; x_wconf 93' lang='grc'><strong>,</strong></span> <span class='ocrx_word' id='word_1_805' title='bbox 3000 4899 3302 4972; x_wconf 69' lang='grc' dir='ltr'>σύνδεσμοι,</span> <span class='ocrx_word' id='word_1_806' title='bbox 3351 4904 3597 4976; x_wconf 81' lang='grc' dir='ltr'>σάρκες,</span> <span class='ocrx_word' id='word_1_807' title='bbox 3647 4902 3788 4974; x_wconf 63' lang='grc' dir='ltr'>δέρε,</span> 
     </span>
    </p>
   </div>
   <div class='ocr_carea' id='block_1_108' title="bbox 2453 4993 3788 5065">
    <p class='ocr_par' dir='ltr' id='par_1_108' title="bbox 2453 4993 3788 5065">
     <span class='ocr_line' id='line_1_108' title="bbox 2453 4993 3788 5065; baseline 0.001 -21"><span class='ocrx_word' id='word_1_808' title='bbox 2453 4993 2574 5056; x_wconf 77' lang='grc' dir='ltr'>λαὶ,</span> <span class='ocrx_word' id='word_1_809' title='bbox 2607 4994 2820 5063; x_wconf 86' lang='grc' dir='ltr'>τρίχες,</span> <span class='ocrx_word' id='word_1_810' title='bbox 2856 4993 3036 5056; x_wconf 81' lang='grc' dir='ltr'>ἀδένες</span> <span class='ocrx_word' id='word_1_811' title='bbox 3058 5035 3071 5054; x_wconf 88' lang='grc'><strong>,</strong></span> <span class='ocrx_word' id='word_1_812' title='bbox 3103 4993 3312 5063; x_wconf 76' lang='grc' dir='ltr'>ὄνυχες,</span> <span class='ocrx_word' id='word_1_813' title='bbox 3371 4994 3677 5065; x_wconf 69' lang='grc' dir='ltr'>ὀφθαλμοὶ</span> <span class='ocrx_word' id='word_1_814' title='bbox 3699 5035 3715 5058; x_wconf 91' lang='grc'><strong>,</strong></span> <span class='ocrx_word' id='word_1_815' title='bbox 3761 5013 3788 5063; x_wconf 78' lang='grc' dir='ltr'><strong>μ</strong></span> 
     </span>
    </p>
   </div>
   <div class='ocr_carea' id='block_1_109' title="bbox 2451 5079 3788 5157">
    <p class='ocr_par' dir='ltr' id='par_1_109' title="bbox 2451 5079 3788 5157">
     <span class='ocr_line' id='line_1_109' title="bbox 2451 5079 3788 5157; baseline -0.001 -18"><span class='ocrx_word' id='word_1_816' title='bbox 2451 5079 2593 5152; x_wconf 81' lang='grc' dir='ltr'>ὦτα,</span> <span class='ocrx_word' id='word_1_817' title='bbox 2653 5086 2831 5140; x_wconf 80' lang='grc' dir='ltr'>πάντα</span> <span class='ocrx_word' id='word_1_818' title='bbox 2889 5085 2958 5139; x_wconf 75' lang='grc' dir='ltr'><strong>τὰ</strong></span> <span class='ocrx_word' id='word_1_819' title='bbox 3014 5085 3276 5150; x_wconf 82' lang='grc' dir='ltr'>τοιαῦτα,</span> <span class='ocrx_word' id='word_1_820' title='bbox 3332 5088 3428 5140; x_wconf 74' lang='grc' dir='ltr'>καὶ</span> <span class='ocrx_word' id='word_1_821' title='bbox 3505 5088 3708 5157; x_wconf 86' lang='grc' dir='ltr'>μυρία</span> <span class='ocrx_word' id='word_1_822' title='bbox 3776 5104 3788 5137; x_wconf 69' lang='grc' dir='ltr'><strong><em>τ</em></strong></span> 
     </span>
    </p>
   </div>
   <div class='ocr_carea' id='block_1_110' title="bbox 2448 5176 3782 5249">
    <p class='ocr_par' dir='ltr' id='par_1_110' title="bbox 2448 5176 3782 5249">
     <span class='ocr_line' id='line_1_110' title="bbox 2448 5176 3782 5249; baseline -0.001 -19"><span class='ocrx_word' id='word_1_823' title='bbox 2448 5196 2556 5242; x_wconf 89' lang='grc' dir='ltr'>τοις</span> <span class='ocrx_word' id='word_1_824' title='bbox 2611 5178 2746 5234; x_wconf 82' lang='grc' dir='ltr'>ἄλλα</span> <span class='ocrx_word' id='word_1_825' title='bbox 2798 5177 3075 5249; x_wconf 82' lang='grc' dir='ltr'>διαφόροις</span> <span class='ocrx_word' id='word_1_826' title='bbox 3131 5176 3387 5246; x_wconf 79' lang='grc' dir='ltr'>ἰδιότησιν</span> <span class='ocrx_word' id='word_1_827' title='bbox 3459 5177 3568 5230; x_wconf 79' lang='grc' dir='ltr'><strong>ἀπ’</strong></span> <span class='ocrx_word' id='word_1_828' title='bbox 3665 5177 3782 5230; x_wconf 82' lang='grc' dir='ltr'>ἀλλ</span> 
     </span>
    </p>
   </div>
   <div class='ocr_carea' id='block_1_111' title="bbox 2449 5267 3788 5339">
    <p class='ocr_par' dir='ltr' id='par_1_111' title="bbox 2449 5267 3788 5339">
     <span class='ocr_line' id='line_1_111' title="bbox 2449 5267 3788 5339; baseline 0.001 -20"><span class='ocrx_word' id='word_1_829' title='bbox 2449 5269 2795 5337; x_wconf 84' lang='grc' dir='ltr'>χωρισμένα,</span> <span class='ocrx_word' id='word_1_830' title='bbox 2854 5268 2955 5337; x_wconf 76' lang='grc' dir='ltr'>μιᾷ</span> <span class='ocrx_word' id='word_1_831' title='bbox 2995 5271 3060 5338; x_wconf 77' lang='grc' dir='ltr'>τῇ</span> <span class='ocrx_word' id='word_1_832' title='bbox 3111 5268 3208 5338; x_wconf 81' lang='grc' dir='ltr'>τῆς</span> <span class='ocrx_word' id='word_1_833' title='bbox 3258 5268 3471 5339; x_wconf 75' lang='grc' dir='ltr'>τροφῆς</span> <span class='ocrx_word' id='word_1_834' title='bbox 3516 5267 3657 5338; x_wconf 71' lang='grc' dir='ltr'>ἰδέᾳ.</span> <span class='ocrx_word' id='word_1_835' title='bbox 3726 5285 3788 5320; x_wconf 75' lang='grc' dir='ltr'><strong>κε</strong></span> 
     </span>
    </p>
   </div>
   <div class='ocr_carea' id='block_1_112' title="bbox 2447 5357 3741 5430">
    <p class='ocr_par' dir='ltr' id='par_1_112' title="bbox 2447 5357 3741 5430">
     <span class='ocr_line' id='line_1_112' title="bbox 2447 5357 3741 5430; baseline 0.001 -22"><span class='ocrx_word' id='word_1_836' title='bbox 2447 5360 2512 5426; x_wconf 82' lang='grc' dir='ltr'>τῇ</span> <span class='ocrx_word' id='word_1_837' title='bbox 2560 5358 2764 5411; x_wconf 78' lang='grc' dir='ltr'>ἑαυτῶν</span> <span class='ocrx_word' id='word_1_838' title='bbox 2815 5359 3077 5430; x_wconf 87' lang='grc' dir='ltr'>τρέφεται</span> <span class='ocrx_word' id='word_1_839' title='bbox 3125 5357 3312 5428; x_wconf 82' lang='grc' dir='ltr'>φύσει,</span> <span class='ocrx_word' id='word_1_840' title='bbox 3356 5359 3432 5421; x_wconf 86' lang='grc' dir='ltr'><strong>ῶς</strong></span> <span class='ocrx_word' id='word_1_841' title='bbox 3479 5358 3741 5426; x_wconf 78' lang='grc' dir='ltr'>ἑκάστῳ</span> 
     </span>
    </p>
   </div>
   <div class='ocr_carea' id='block_1_113' title="bbox 2441 5450 3728 5522">
    <p class='ocr_par' dir='ltr' id='par_1_113' title="bbox 2441 5450 3728 5522">
     <span class='ocr_line' id='line_1_113' title="bbox 2441 5450 3728 5522; baseline -0.002 -19"><span class='ocrx_word' id='word_1_842' title='bbox 2441 5450 2704 5520; x_wconf 86' lang='grc' dir='ltr'>κειμένων</span> <span class='ocrx_word' id='word_1_843' title='bbox 2760 5453 2858 5520; x_wconf 79' lang='grc' dir='ltr'>τὴν</span> <span class='ocrx_word' id='word_1_844' title='bbox 2914 5453 3118 5522; x_wconf 76' lang='grc' dir='ltr'>τροφὴν</span> <span class='ocrx_word' id='word_1_845' title='bbox 3181 5452 3679 5519; x_wconf 71' lang='grc' dir='ltr'>προσεγγίσασαν</span> <span class='ocrx_word' id='word_1_846' title='bbox 3711 5489 3728 5513; x_wconf 86' lang='grc'><strong>,</strong></span> 
     </span>
    </p>
   </div>
   <div class='ocr_carea' id='block_1_114' title="bbox 2441 5541 3781 5613">
    <p class='ocr_par' dir='ltr' id='par_1_114' title="bbox 2441 5541 3781 5613">
     <span class='ocr_line' id='line_1_114' title="bbox 2441 5541 3781 5613; baseline -0.001 -18"><span class='ocrx_word' id='word_1_847' title='bbox 2441 5543 2743 5613; x_wconf 72' lang='grc' dir='ltr'>ὲμπελέισῃ,</span> <span class='ocrx_word' id='word_1_848' title='bbox 2775 5547 2893 5595; x_wconf 80' lang='grc' dir='ltr'>κατ’</span> <span class='ocrx_word' id='word_1_849' title='bbox 2941 5545 3112 5595; x_wconf 79' lang='grc' dir='ltr'>ἐκεῖνο</span> <span class='ocrx_word' id='word_1_850' title='bbox 3148 5545 3242 5595; x_wconf 74' lang='grc' dir='ltr'>καὶ</span> <span class='ocrx_word' id='word_1_851' title='bbox 3283 5541 3695 5605; x_wconf 76' lang='grc' dir='ltr'>ἀλλοιοῦσθαι,</span> <span class='ocrx_word' id='word_1_852' title='bbox 3748 5559 3781 5593; x_wconf 84' lang='lat' dir='ltr'><strong>o</strong></span> 
     </span>
    </p>
   </div>
   <div class='ocr_carea' id='block_1_115' title="bbox 2446 5631 3788 5702">
    <p class='ocr_par' dir='ltr' id='par_1_115' title="bbox 2446 5631 3788 5702">
     <span class='ocr_line' id='line_1_115' title="bbox 2446 5631 3788 5702; baseline -0.001 -19"><span class='ocrx_word' id='word_1_853' title='bbox 2446 5631 2662 5699; x_wconf 73' lang='grc' dir='ltr'>συμφνῆ</span> <span class='ocrx_word' id='word_1_854' title='bbox 2704 5634 2765 5698; x_wconf 77' lang='grc' dir='ltr'>τῇ</span> <span class='ocrx_word' id='word_1_855' title='bbox 2820 5631 2913 5683; x_wconf 70' lang='grc' dir='ltr'>τοῦ</span> <span class='ocrx_word' id='word_1_856' title='bbox 2953 5633 3150 5700; x_wconf 77' lang='grc' dir='ltr'>μέρους</span> <span class='ocrx_word' id='word_1_857' title='bbox 3206 5633 3426 5702; x_wconf 82' lang='grc' dir='ltr'>ἰδιότητι</span> <span class='ocrx_word' id='word_1_858' title='bbox 3471 5631 3788 5701; x_wconf 77' lang='grc' dir='ltr'>γινομένη</span> 
     </span>
    </p>
   </div>
   <div class='ocr_carea' id='block_1_116' title="bbox 2447 5723 3787 5796">
    <p class='ocr_par' dir='ltr' id='par_1_116' title="bbox 2447 5723 3787 5796">
     <span class='ocr_line' id='line_1_116' title="bbox 2447 5723 3787 5796; baseline 0.006 -29"><span class='ocrx_word' id='word_1_859' title='bbox 2447 5726 2582 5778; x_wconf 62' lang='grc' dir='ltr'>κατὰ</span> <span class='ocrx_word' id='word_1_860' title='bbox 2614 5725 2699 5777; x_wconf 58' lang='grc' dir='ltr'>τὶν</span> <span class='ocrx_word' id='word_1_861' title='bbox 2728 5723 3002 5794; x_wconf 53' lang='grc' dir='ltr'>ὀφθαλμὸν</span> <span class='ocrx_word' id='word_1_862' title='bbox 3043 5725 3271 5793; x_wconf 73' lang='grc' dir='ltr'>γένοιτο,</span> <span class='ocrx_word' id='word_1_863' title='bbox 3313 5724 3705 5796; x_wconf 71' lang='grc' dir='ltr'>τῷῥρατικῷ</span> <span class='ocrx_word' id='word_1_864' title='bbox 3749 5743 3787 5792; x_wconf 73' lang='grc' dir='ltr'><strong>μ</strong></span> 
     </span>
    </p>
   </div>
  </div>
