  <div class='ocr_page' id='page_1' title='image "/cluster/home/n/w/nwhite01/storage/ocr_20150623/44/hvd.32044052767431/132.png"; bbox 0 0 4088 6210; ppageno 0'>
   <div class='ocr_carea' id='block_1_1' title="bbox 284 257 387 311">
    <p class='ocr_par' dir='ltr' id='par_1_1' title="bbox 284 257 387 311">
     <span class='ocr_line' id='line_1_1' title="bbox 284 257 387 311; baseline 0 0"><span class='ocrx_word' id='word_1_1' title='bbox 284 257 387 311; x_wconf 74' lang='grc'><strong>2⁸5</strong></span> 
     </span>
    </p>
   </div>
   <div class='ocr_carea' id='block_1_2' title="bbox 1485 247 2234 315">
    <p class='ocr_par' dir='ltr' id='par_1_2' title="bbox 1485 247 2234 315">
     <span class='ocr_line' id='line_1_2' title="bbox 1485 247 2234 315; baseline 0.008 -14"><span class='ocrx_word' id='word_1_2' title='bbox 1485 247 1569 302; x_wconf 86' lang='lat' dir='ltr'><strong>DE</strong></span> <span class='ocrx_word' id='word_1_3' title='bbox 1609 248 1891 315; x_wconf 70' lang='lat' dir='ltr'><strong>HOMINIS</strong></span> <span class='ocrx_word' id='word_1_4' title='bbox 1926 247 2234 307; x_wconf 75' lang='lat' dir='ltr'><strong>OPIFICIO.</strong></span> 
     </span>
    </p>
   </div>
   <div class='ocr_carea' id='block_1_3' title="bbox 3439 250 3546 313">
    <p class='ocr_par' dir='ltr' id='par_1_3' title="bbox 3439 250 3546 313">
     <span class='ocr_line' id='line_1_3' title="bbox 3439 250 3546 313; baseline 0.009 -9"><span class='ocrx_word' id='word_1_5' title='bbox 3439 250 3546 313; x_wconf 65' lang='grc' dir='ltr'><strong>εει</strong></span> 
     </span>
    </p>
   </div>
   <div class='ocr_carea' id='block_1_4' title="bbox 285 348 1868 438">
    <p class='ocr_par' dir='ltr' id='par_1_4' title="bbox 285 348 1864 438">
     <span class='ocr_line' id='line_1_4' title="bbox 285 348 1864 438; baseline -0.003 -19"><span class='ocrx_word' id='word_1_6' title='bbox 285 363 626 438; x_wconf 79' lang='grc' dir='ltr'>κατεκράθη,</span> <span class='ocrx_word' id='word_1_7' title='bbox 653 362 744 416; x_wconf 83' lang='grc' dir='ltr'><strong>καί</strong></span> <span class='ocrx_word' id='word_1_8' title='bbox 764 362 875 414; x_wconf 84' lang='grc' dir='ltr'>τῶν</span> <span class='ocrx_word' id='word_1_9' title='bbox 911 363 1035 432; x_wconf 70' lang='grc' dir='ltr'>περὶ</span> <span class='ocrx_word' id='word_1_10' title='bbox 1063 361 1154 414; x_wconf 78' lang='grc' dir='ltr'><strong>τὸν</strong></span> <span class='ocrx_word' id='word_1_11' title='bbox 1175 361 1449 433; x_wconf 68' lang='grc' dir='ltr'>ὀφθαλμὸν</span> <span class='ocrx_word' id='word_1_12' title='bbox 1474 348 1716 432; x_wconf 81' lang='grc' dir='ltr'>χιτώνων</span> <span class='ocrx_word' id='word_1_13' title='bbox 1744 366 1864 423; x_wconf 82' lang='grc' dir='ltr'>ταῖς</span> 
     </span>
    </p>
   </div>
   <div class='ocr_carea' id='block_1_5' title="bbox 1971 348 3545 438">
    <p class='ocr_par' dir='ltr' id='par_1_5' title="bbox 1971 358 3545 428">
     <span class='ocr_line' id='line_1_5' title="bbox 1971 358 3545 428; baseline -0.001 -12"><span class='ocrx_word' id='word_1_14' title='bbox 1971 362 2109 417; x_wconf 88' lang='lat' dir='ltr'><strong>inter</strong></span> <span class='ocrx_word' id='word_1_15' title='bbox 2156 375 2236 423; x_wconf 90' lang='lat' dir='ltr'><strong>se,</strong></span> <span class='ocrx_word' id='word_1_16' title='bbox 2296 360 2375 416; x_wconf 90' lang='lat' dir='ltr'><strong>sic</strong></span> <span class='ocrx_word' id='word_1_17' title='bbox 2416 359 2581 413; x_wconf 82' lang='lat' dir='ltr'><strong>etiam</strong></span> <span class='ocrx_word' id='word_1_18' title='bbox 2630 358 3025 415; x_wconf 88' lang='lat' dir='ltr'><strong>nutrimentum</strong></span> <span class='ocrx_word' id='word_1_19' title='bbox 3065 358 3278 413; x_wconf 80' lang='lat' dir='ltr'><strong>ratione</strong></span> <span class='ocrx_word' id='word_1_20' title='bbox 3309 358 3545 428; x_wconf 79' lang='lat' dir='ltr'><strong>singulis</strong></span> 
     </span>
    </p>
   </div>
   <div class='ocr_carea' id='block_1_6' title="bbox 284 453 1865 526">
    <p class='ocr_par' dir='ltr' id='par_1_6' title="bbox 284 453 1865 526">
     <span class='ocr_line' id='line_1_6' title="bbox 284 453 1865 526; baseline -0.003 -15"><span class='ocrx_word' id='word_1_21' title='bbox 284 457 574 526; x_wconf 72' lang='grc' dir='ltr'>διαφοραῖς</span> <span class='ocrx_word' id='word_1_22' title='bbox 614 453 831 516; x_wconf 75' lang='grc' dir='ltr'><strong>οἰκείως</strong></span> <span class='ocrx_word' id='word_1_23' title='bbox 878 454 958 517; x_wconf 81' lang='grc' dir='ltr'><strong>εἰς</strong></span> <span class='ocrx_word' id='word_1_24' title='bbox 1003 453 1231 506; x_wconf 77' lang='grc' dir='ltr'>ἕκαστον</span> <span class='ocrx_word' id='word_1_25' title='bbox 1278 453 1668 524; x_wconf 73' lang='grc' dir='ltr'><strong>κατεμερίσθη.</strong></span> <span class='ocrx_word' id='word_1_26' title='bbox 1702 455 1765 508; x_wconf 83' lang='grc' dir='ltr'>Εἰ</span> <span class='ocrx_word' id='word_1_27' title='bbox 1807 454 1865 507; x_wconf 75' lang='grc' dir='ltr'>δὲ</span> 
     </span>
    </p>
   </div>
   <div class='ocr_carea' id='block_1_7' title="bbox 285 544 1863 617">
    <p class='ocr_par' dir='ltr' id='par_1_7' title="bbox 285 544 1863 617">
     <span class='ocr_line' id='line_1_7' title="bbox 285 544 1863 617; baseline -0.003 -16"><span class='ocrx_word' id='word_1_28' title='bbox 285 552 399 612; x_wconf 80' lang='grc' dir='ltr'>τοῖς</span> <span class='ocrx_word' id='word_1_29' title='bbox 432 547 573 601; x_wconf 76' lang='grc' dir='ltr'>κατὰ</span> <span class='ocrx_word' id='word_1_30' title='bbox 599 545 697 617; x_wconf 83' lang='grc' dir='ltr'>τὴν</span> <span class='ocrx_word' id='word_1_31' title='bbox 727 546 897 615; x_wconf 78' lang='grc' dir='ltr'>ἀκοὴν</span> <span class='ocrx_word' id='word_1_32' title='bbox 932 544 1155 617; x_wconf 73' lang='grc' dir='ltr'>μέρεσιν</span> <span class='ocrx_word' id='word_1_33' title='bbox 1184 544 1439 615; x_wconf 70' lang='grc' dir='ltr'>ἐπιρρυῇ,</span> <span class='ocrx_word' id='word_1_34' title='bbox 1471 548 1536 615; x_wconf 80' lang='grc' dir='ltr'>τῇ</span> <span class='ocrx_word' id='word_1_35' title='bbox 1568 545 1863 615; x_wconf 82' lang='grc' dir='ltr'>ἀκουστικῇ</span> 
     </span>
    </p>
   </div>
   <div class='ocr_carea' id='block_1_8' title="bbox 286 632 1873 706">
    <p class='ocr_par' dir='ltr' id='par_1_8' title="bbox 286 632 1873 706">
     <span class='ocr_line' id='line_1_8' title="bbox 286 632 1873 706; baseline -0.003 -16"><span class='ocrx_word' id='word_1_36' title='bbox 286 635 693 706; x_wconf 79' lang='grc' dir='ltr'>καταμίγνυται</span> <span class='ocrx_word' id='word_1_37' title='bbox 733 633 895 703; x_wconf 76' lang='grc' dir='ltr'>φύσει</span> <span class='ocrx_word' id='word_1_38' title='bbox 918 649 932 663; x_wconf 76' lang='grc'><strong><em>⁸</em></strong></span> <span class='ocrx_word' id='word_1_39' title='bbox 983 634 1077 687; x_wconf 72' lang='grc' dir='ltr'><strong>καὶ</strong></span> <span class='ocrx_word' id='word_1_40' title='bbox 1117 635 1175 685; x_wconf 85' lang='grc' dir='ltr'>ὲν</span> <span class='ocrx_word' id='word_1_41' title='bbox 1207 632 1372 703; x_wconf 80' lang='grc' dir='ltr'>χείλει</span> <span class='ocrx_word' id='word_1_42' title='bbox 1405 632 1715 702; x_wconf 86' lang='grc' dir='ltr'>γενόμενον,</span> <span class='ocrx_word' id='word_1_43' title='bbox 1756 637 1873 703; x_wconf 45' lang='grc' dir='ltr'>χεῖτε</span> 
     </span>
    </p>
   </div>
   <div class='ocr_carea' id='block_1_9' title="bbox 286 721 1863 794">
    <p class='ocr_par' dir='ltr' id='par_1_9' title="bbox 286 721 1863 794">
     <span class='ocr_line' id='line_1_9' title="bbox 286 721 1863 794; baseline -0.004 -13"><span class='ocrx_word' id='word_1_44' title='bbox 286 727 374 788; x_wconf 83' lang='grc' dir='ltr'><strong>λος</strong></span> <span class='ocrx_word' id='word_1_45' title='bbox 400 726 619 794; x_wconf 72' lang='grc' dir='ltr'>ἐγένετο</span> <span class='ocrx_word' id='word_1_46' title='bbox 638 743 651 755; x_wconf 86' lang='grc'><strong>·</strong></span> <span class='ocrx_word' id='word_1_47' title='bbox 680 726 774 777; x_wconf 80' lang='grc' dir='ltr'><strong>καὶ</strong></span> <span class='ocrx_word' id='word_1_48' title='bbox 802 726 860 777; x_wconf 82' lang='grc' dir='ltr'>ὲν</span> <span class='ocrx_word' id='word_1_49' title='bbox 896 724 1065 793; x_wconf 82' lang='grc' dir='ltr'><strong>ὀστέῳ</strong></span> <span class='ocrx_word' id='word_1_50' title='bbox 1100 724 1369 793; x_wconf 86' lang='grc' dir='ltr'>πήγνυται</span> <span class='ocrx_word' id='word_1_51' title='bbox 1389 762 1403 788; x_wconf 89' lang='grc'><strong>,</strong></span> <span class='ocrx_word' id='word_1_52' title='bbox 1443 723 1538 775; x_wconf 69' lang='grc' dir='ltr'><strong>καὶ</strong></span> <span class='ocrx_word' id='word_1_53' title='bbox 1584 725 1640 775; x_wconf 75' lang='grc' dir='ltr'>ὲν</span> <span class='ocrx_word' id='word_1_54' title='bbox 1682 721 1863 793; x_wconf 80' lang='grc' dir='ltr'><strong>μυελῷ</strong></span> 
     </span>
    </p>
   </div>
   <div class='ocr_carea' id='block_1_10' title="bbox 286 804 1863 885">
    <p class='ocr_par' dir='ltr' id='par_1_10' title="bbox 286 804 1863 885">
     <span class='ocr_line' id='line_1_10' title="bbox 286 804 1863 885; baseline -0.003 -15"><span class='ocrx_word' id='word_1_55' title='bbox 286 816 647 879; x_wconf 59' lang='grc' dir='ltr'>ἁπαλὼεται,</span> <span class='ocrx_word' id='word_1_56' title='bbox 679 814 775 870; x_wconf 76' lang='grc' dir='ltr'><strong>καὶ</strong></span> <span class='ocrx_word' id='word_1_57' title='bbox 806 813 1052 868; x_wconf 86' lang='grc' dir='ltr'>τονοῦται</span> <span class='ocrx_word' id='word_1_58' title='bbox 1092 804 1253 884; x_wconf 60' lang='grc' dir='ltr'>μετά</span> <span class='ocrx_word' id='word_1_59' title='bbox 1274 811 1366 866; x_wconf 89' lang='grc' dir='ltr'><strong>τοῦ</strong></span> <span class='ocrx_word' id='word_1_60' title='bbox 1411 811 1600 884; x_wconf 82' lang='grc' dir='ltr'>νεύρου</span> <span class='ocrx_word' id='word_1_61' title='bbox 1626 854 1642 878; x_wconf 89' lang='grc'><strong>,</strong></span> <span class='ocrx_word' id='word_1_62' title='bbox 1670 814 1764 867; x_wconf 74' lang='grc' dir='ltr'>καὶ</span> <span class='ocrx_word' id='word_1_63' title='bbox 1797 816 1863 885; x_wconf 83' lang='grc' dir='ltr'>τῇ</span> 
     </span>
    </p>
   </div>
   <div class='ocr_carea' id='block_1_11' title="bbox 288 902 1869 975">
    <p class='ocr_par' dir='ltr' id='par_1_11' title="bbox 288 902 1869 975">
     <span class='ocr_line' id='line_1_11' title="bbox 288 902 1869 975; baseline -0.001 -17"><span class='ocrx_word' id='word_1_64' title='bbox 288 903 583 975; x_wconf 72' lang='grc' dir='ltr'>ἑπιφανείᾳ</span> <span class='ocrx_word' id='word_1_65' title='bbox 609 921 673 956; x_wconf 89' lang='grc' dir='ltr'><strong>συ</strong></span> <span class='ocrx_word' id='word_1_66' title='bbox 679 902 1110 975; x_wconf 87' lang='grc' dir='ltr'>μπεριτείνεται,</span> <span class='ocrx_word' id='word_1_67' title='bbox 1136 903 1230 956; x_wconf 73' lang='grc' dir='ltr'><strong>καὶ</strong></span> <span class='ocrx_word' id='word_1_68' title='bbox 1255 903 1335 967; x_wconf 88' lang='grc' dir='ltr'><strong>είς</strong></span> <span class='ocrx_word' id='word_1_69' title='bbox 1360 902 1556 973; x_wconf 75' lang='grc' dir='ltr'>ὄνυχας</span> <span class='ocrx_word' id='word_1_70' title='bbox 1579 902 1869 973; x_wconf 76' lang='grc' dir='ltr'>διαϐαίνει,</span> 
     </span>
    </p>
   </div>
   <div class='ocr_carea' id='block_1_12' title="bbox 288 994 1869 1066">
    <p class='ocr_par' dir='ltr' id='par_1_12' title="bbox 288 994 1869 1066">
     <span class='ocr_line' id='line_1_12' title="bbox 288 994 1869 1066; baseline -0.001 -16"><span class='ocrx_word' id='word_1_71' title='bbox 288 998 380 1050; x_wconf 74' lang='grc' dir='ltr'><strong>καὶ</strong></span> <span class='ocrx_word' id='word_1_72' title='bbox 402 998 484 1061; x_wconf 85' lang='grc' dir='ltr'><strong>είς</strong></span> <span class='ocrx_word' id='word_1_73' title='bbox 516 996 721 1066; x_wconf 78' lang='grc' dir='ltr'><strong>τριχῶν</strong></span> <span class='ocrx_word' id='word_1_74' title='bbox 737 996 950 1065; x_wconf 86' lang='grc' dir='ltr'>γένεσιν</span> <span class='ocrx_word' id='word_1_75' title='bbox 975 995 1371 1048; x_wconf 82' lang='grc' dir='ltr'>λεπτοποιεῖται</span> <span class='ocrx_word' id='word_1_76' title='bbox 1385 998 1497 1058; x_wconf 80' lang='grc' dir='ltr'>τοῖς</span> <span class='ocrx_word' id='word_1_77' title='bbox 1520 994 1869 1066; x_wconf 85' lang='grc' dir='ltr'>καταλλήλοις</span> 
     </span>
    </p>
   </div>
   <div class='ocr_carea' id='block_1_13' title="bbox 289 1084 1869 1157">
    <p class='ocr_par' dir='ltr' id='par_1_13' title="bbox 289 1084 1869 1157">
     <span class='ocr_line' id='line_1_13' title="bbox 289 1084 1869 1157; baseline -0.001 -18"><span class='ocrx_word' id='word_1_78' title='bbox 289 1088 507 1157; x_wconf 75' lang='grc' dir='ltr'>ἀτμοῖς.</span> <span class='ocrx_word' id='word_1_79' title='bbox 532 1087 596 1139; x_wconf 78' lang='lat' dir='ltr'><strong>Ei</strong></span> <span class='ocrx_word' id='word_1_80' title='bbox 623 1086 722 1157; x_wconf 79' lang='grc' dir='ltr'><strong>μὲν</strong></span> <span class='ocrx_word' id='word_1_81' title='bbox 750 1085 839 1138; x_wconf 72' lang='grc' dir='ltr'>διὰ</span> <span class='ocrx_word' id='word_1_82' title='bbox 860 1084 1087 1139; x_wconf 86' lang='grc' dir='ltr'>σκολιῶν</span> <span class='ocrx_word' id='word_1_83' title='bbox 1111 1084 1405 1156; x_wconf 81' lang='grc' dir='ltr'><strong>προάγοιτο</strong></span> <span class='ocrx_word' id='word_1_84' title='bbox 1431 1085 1634 1154; x_wconf 83' lang='grc' dir='ltr'>πόρων,</span> <span class='ocrx_word' id='word_1_85' title='bbox 1656 1084 1869 1138; x_wconf 81' lang='grc' dir='ltr'>οὐλοτέ-</span> 
     </span>
    </p>
   </div>
   <div class='ocr_carea' id='block_1_14' title="bbox 292 1174 1866 1249">
    <p class='ocr_par' dir='ltr' id='par_1_14' title="bbox 292 1174 1866 1249">
     <span class='ocr_line' id='line_1_14' title="bbox 292 1174 1866 1249; baseline -0.001 -20"><span class='ocrx_word' id='word_1_86' title='bbox 292 1195 393 1249; x_wconf 84' lang='grc' dir='ltr'><strong>ρας</strong></span> <span class='ocrx_word' id='word_1_87' title='bbox 437 1193 499 1230; x_wconf 79' lang='grc' dir='ltr'><strong>τε</strong></span> <span class='ocrx_word' id='word_1_88' title='bbox 528 1178 626 1231; x_wconf 79' lang='grc' dir='ltr'>καὶ</span> <span class='ocrx_word' id='word_1_89' title='bbox 667 1175 1170 1247; x_wconf 87' lang='grc' dir='ltr'>κατηγκυλωμένας</span> <span class='ocrx_word' id='word_1_90' title='bbox 1203 1174 1303 1238; x_wconf 84' lang='grc' dir='ltr'><strong>τὰς</strong></span> <span class='ocrx_word' id='word_1_91' title='bbox 1330 1175 1522 1247; x_wconf 80' lang='grc' dir='ltr'><strong>τρίχας</strong></span> <span class='ocrx_word' id='word_1_92' title='bbox 1549 1174 1825 1245; x_wconf 77' lang='grc' dir='ltr'>ὲκφύουσα</span> <span class='ocrx_word' id='word_1_93' title='bbox 1852 1214 1866 1240; x_wconf 90' lang='grc'><strong>,</strong></span> 
     </span>
    </p>
   </div>
   <div class='ocr_carea' id='block_1_15' title="bbox 288 1259 1868 1338">
    <p class='ocr_par' dir='ltr' id='par_1_15' title="bbox 288 1259 1868 1338">
     <span class='ocr_line' id='line_1_15' title="bbox 288 1259 1868 1338; baseline -0.003 -14"><span class='ocrx_word' id='word_1_94' title='bbox 288 1272 338 1324; x_wconf 77' lang='grc' dir='ltr'><strong>εί</strong></span> <span class='ocrx_word' id='word_1_95' title='bbox 384 1259 568 1323; x_wconf 44' lang='lat' dir='ltr'><strong>ﬁt-“</strong></span> <span class='ocrx_word' id='word_1_96' title='bbox 599 1267 816 1331; x_wconf 77' lang='grc' dir='ltr'>εὐθείας</span> <span class='ocrx_word' id='word_1_97' title='bbox 846 1268 880 1337; x_wconf 82' lang='grc' dir='ltr'>ἡ</span> <span class='ocrx_word' id='word_1_98' title='bbox 910 1266 1020 1320; x_wconf 84' lang='grc' dir='ltr'>τῶν</span> <span class='ocrx_word' id='word_1_99' title='bbox 1064 1266 1391 1338; x_wconf 83' lang='grc' dir='ltr'>τριχοποιῶν</span> <span class='ocrx_word' id='word_1_100' title='bbox 1436 1267 1625 1338; x_wconf 79' lang='grc' dir='ltr'>ἀτμῶν</span> <span class='ocrx_word' id='word_1_101' title='bbox 1658 1267 1868 1336; x_wconf 76' lang='grc' dir='ltr'>γένοιτο</span> 
     </span>
    </p>
   </div>
   <div class='ocr_carea' id='block_1_16' title="bbox 289 1357 1871 1432">
    <p class='ocr_par' dir='ltr' id='par_1_16' title="bbox 289 1357 1871 1432">
     <span class='ocr_line' id='line_1_16' title="bbox 289 1357 1871 1432; baseline 0 -19"><span class='ocrx_word' id='word_1_102' title='bbox 289 1360 543 1432; x_wconf 72' lang='grc' dir='ltr'>πρόοδος,</span> <span class='ocrx_word' id='word_1_103' title='bbox 564 1359 869 1432; x_wconf 77' lang='grc' dir='ltr'><strong>τεταμένας</strong></span> <span class='ocrx_word' id='word_1_104' title='bbox 888 1374 947 1410; x_wconf 91' lang='grc' dir='ltr'><strong>τε</strong></span> <span class='ocrx_word' id='word_1_105' title='bbox 976 1359 1070 1411; x_wconf 78' lang='grc' dir='ltr'><strong>καὶ</strong></span> <span class='ocrx_word' id='word_1_106' title='bbox 1095 1358 1309 1421; x_wconf 79' lang='grc' dir='ltr'>εὐθείας</span> <span class='ocrx_word' id='word_1_107' title='bbox 1334 1359 1666 1430; x_wconf 78' lang='grc' dir='ltr'>προάγουσα.</span> <span class='ocrx_word' id='word_1_108' title='bbox 1710 1357 1871 1413; x_wconf 75' lang='grc' dir='ltr'>Ἀλλὰ</span> 
     </span>
    </p>
   </div>
   <div class='ocr_carea' id='block_1_17' title="bbox 290 1449 1866 1523">
    <p class='ocr_par' dir='ltr' id='par_1_17' title="bbox 290 1449 1866 1523">
     <span class='ocr_line' id='line_1_17' title="bbox 290 1449 1866 1523; baseline -0.003 -17"><span class='ocrx_word' id='word_1_109' title='bbox 290 1455 428 1507; x_wconf 81' lang='grc' dir='ltr'><strong>πολῦ</strong></span> <span class='ocrx_word' id='word_1_110' title='bbox 457 1452 570 1506; x_wconf 81' lang='grc' dir='ltr'>τῶν</span> <span class='ocrx_word' id='word_1_111' title='bbox 594 1452 973 1523; x_wconf 81' lang='grc' dir='ltr'>προκειμένων</span> <span class='ocrx_word' id='word_1_112' title='bbox 1000 1452 1028 1503; x_wconf 81' lang='grc' dir='ltr'>ὁ</span> <span class='ocrx_word' id='word_1_113' title='bbox 1055 1450 1211 1518; x_wconf 75' lang='grc' dir='ltr'>λόγος</span> <span class='ocrx_word' id='word_1_114' title='bbox 1237 1452 1367 1521; x_wconf 84' lang='grc' dir='ltr'>ἡμῖν</span> <span class='ocrx_word' id='word_1_115' title='bbox 1398 1449 1866 1519; x_wconf 83' lang='grc' dir='ltr'>ἁποπεπλάνηται,</span> 
     </span>
    </p>
   </div>
   <div class='ocr_carea' id='block_1_18' title="bbox 288 1540 1869 1615">
    <p class='ocr_par' dir='ltr' id='par_1_18' title="bbox 288 1540 1869 1615">
     <span class='ocr_line' id='line_1_18' title="bbox 288 1540 1869 1615; baseline -0.003 -17"><span class='ocrx_word' id='word_1_116' title='bbox 288 1548 402 1608; x_wconf 79' lang='grc' dir='ltr'>τοῖς</span> <span class='ocrx_word' id='word_1_117' title='bbox 428 1545 613 1615; x_wconf 71' lang='grc' dir='ltr'>ἔργοις</span> <span class='ocrx_word' id='word_1_118' title='bbox 641 1543 959 1614; x_wconf 71' lang='grc' dir='ltr'>ἐμϐαθύνων</span> <span class='ocrx_word' id='word_1_119' title='bbox 1003 1543 1100 1612; x_wconf 76' lang='grc' dir='ltr'>τῆς</span> <span class='ocrx_word' id='word_1_120' title='bbox 1137 1541 1370 1611; x_wconf 78' lang='grc' dir='ltr'>φύσεως,</span> <span class='ocrx_word' id='word_1_121' title='bbox 1402 1540 1496 1593; x_wconf 76' lang='grc' dir='ltr'><strong>καὶ</strong></span> <span class='ocrx_word' id='word_1_122' title='bbox 1526 1541 1869 1612; x_wconf 71' lang='grc' dir='ltr'>ὑπογράφειν</span> 
     </span>
    </p>
   </div>
   <div class='ocr_carea' id='block_1_19' title="bbox 291 1628 1870 1708">
    <p class='ocr_par' dir='ltr' id='par_1_19' title="bbox 291 1628 1870 1708">
     <span class='ocr_line' id='line_1_19' title="bbox 291 1628 1870 1708; baseline -0.006 -19"><span class='ocrx_word' id='word_1_123' title='bbox 291 1636 610 1708; x_wconf 73' lang='grc' dir='ltr'><strong>ἐπιχειρῶν,</strong></span> <span class='ocrx_word' id='word_1_124' title='bbox 662 1634 810 1699; x_wconf 80' lang='grc' dir='ltr'>ὅπως</span> <span class='ocrx_word' id='word_1_125' title='bbox 850 1634 979 1703; x_wconf 75' lang='grc' dir='ltr'>ἡμῖν</span> <span class='ocrx_word' id='word_1_126' title='bbox 1009 1633 1103 1685; x_wconf 74' lang='grc' dir='ltr'><strong>καὶ</strong></span> <span class='ocrx_word' id='word_1_127' title='bbox 1148 1629 1207 1695; x_wconf 77' lang='grc' dir='ltr'>ἐξ</span> <span class='ocrx_word' id='word_1_128' title='bbox 1242 1630 1441 1684; x_wconf 80' lang='grc' dir='ltr'>ὁποίων</span> <span class='ocrx_word' id='word_1_129' title='bbox 1475 1630 1770 1698; x_wconf 80' lang='grc' dir='ltr'>συνέστηκε</span> <span class='ocrx_word' id='word_1_130' title='bbox 1801 1628 1870 1681; x_wconf 84' lang='grc' dir='ltr'>τὰ</span> 
     </span>
    </p>
   </div>
   <div class='ocr_carea' id='block_1_20' title="bbox 1969 447 3549 517">
    <p class='ocr_par' dir='ltr' id='par_1_20' title="bbox 1969 447 3549 517">
     <span class='ocr_line' id='line_1_20' title="bbox 1969 447 3549 517; baseline -0.003 -10"><span class='ocrx_word' id='word_1_131' title='bbox 1969 454 2326 507; x_wconf 87' lang='lat' dir='ltr'><strong>conveniente</strong></span> <span class='ocrx_word' id='word_1_132' title='bbox 2348 449 2718 505; x_wconf 85' lang='lat' dir='ltr'><strong>distribuitur.</strong></span> <span class='ocrx_word' id='word_1_133' title='bbox 2748 447 2805 503; x_wconf 86' lang='lat' dir='ltr'><strong>Si</strong></span> <span class='ocrx_word' id='word_1_134' title='bbox 2831 449 2896 502; x_wconf 91' lang='lat' dir='ltr'><strong>ad</strong></span> <span class='ocrx_word' id='word_1_135' title='bbox 2927 457 3111 517; x_wconf 86' lang='lat' dir='ltr'><strong>partes</strong></span> <span class='ocrx_word' id='word_1_136' title='bbox 3133 449 3345 504; x_wconf 89' lang='lat' dir='ltr'><strong>auditui</strong></span> <span class='ocrx_word' id='word_1_137' title='bbox 3376 450 3549 505; x_wconf 83' lang='lat' dir='ltr'><strong>desti-</strong></span> 
     </span>
    </p>
   </div>
   <div class='ocr_carea' id='block_1_21' title="bbox 1967 541 3548 608">
    <p class='ocr_par' dir='ltr' id='par_1_21' title="bbox 1967 541 3548 608">
     <span class='ocr_line' id='line_1_21' title="bbox 1967 541 3548 608; baseline -0.003 -11"><span class='ocrx_word' id='word_1_138' title='bbox 1967 555 2125 598; x_wconf 90' lang='lat' dir='ltr'><strong>natas</strong></span> <span class='ocrx_word' id='word_1_139' title='bbox 2155 543 2413 608; x_wconf 79' lang='lat' dir='ltr'><strong>confluat,</strong></span> <span class='ocrx_word' id='word_1_140' title='bbox 2446 541 2763 596; x_wconf 80' lang='lat' dir='ltr'><strong>earumdem</strong></span> <span class='ocrx_word' id='word_1_141' title='bbox 2808 550 3017 595; x_wconf 70' lang='lat' dir='ltr'><strong>naturae</strong></span> <span class='ocrx_word' id='word_1_142' title='bbox 3047 542 3345 596; x_wconf 82' lang='lat' dir='ltr'><strong>miscetur:</strong></span> <span class='ocrx_word' id='word_1_143' title='bbox 3403 542 3548 597; x_wconf 81' lang='lat' dir='ltr'><strong>sicut</strong></span> 
     </span>
    </p>
   </div>
   <div class='ocr_carea' id='block_1_22' title="bbox 1969 631 3547 699">
    <p class='ocr_par' dir='ltr' id='par_1_22' title="bbox 1969 631 3547 699">
     <span class='ocr_line' id='line_1_22' title="bbox 1969 631 3547 699; baseline -0.001 -12"><span class='ocrx_word' id='word_1_144' title='bbox 1969 635 2026 687; x_wconf 94' lang='lat' dir='ltr'><strong>in</strong></span> <span class='ocrx_word' id='word_1_145' title='bbox 2054 634 2242 699; x_wconf 85' lang='lat' dir='ltr'><strong>labris,</strong></span> <span class='ocrx_word' id='word_1_146' title='bbox 2275 633 2571 692; x_wconf 79' lang='lat' dir='ltr'><strong>labrorum.</strong></span> <span class='ocrx_word' id='word_1_147' title='bbox 2596 632 2655 687; x_wconf 86' lang='lat' dir='ltr'><strong>In</strong></span> <span class='ocrx_word' id='word_1_148' title='bbox 2686 632 2905 687; x_wconf 87' lang='lat' dir='ltr'><strong>ossibus</strong></span> <span class='ocrx_word' id='word_1_149' title='bbox 2929 632 3198 698; x_wconf 89' lang='lat' dir='ltr'><strong>durescit;</strong></span> <span class='ocrx_word' id='word_1_150' title='bbox 3226 632 3281 685; x_wconf 92' lang='lat' dir='ltr'><strong>in</strong></span> <span class='ocrx_word' id='word_1_151' title='bbox 3312 631 3547 686; x_wconf 81' lang='lat' dir='ltr'><strong>medulla</strong></span> 
     </span>
    </p>
   </div>
   <div class='ocr_carea' id='block_1_23' title="bbox 1968 723 3548 793">
    <p class='ocr_par' dir='ltr' id='par_1_23' title="bbox 1968 723 3548 793">
     <span class='ocr_line' id='line_1_23' title="bbox 1968 723 3548 793; baseline -0.002 -13"><span class='ocrx_word' id='word_1_152' title='bbox 1968 733 2217 780; x_wconf 86' lang='lat' dir='ltr'><strong>tenerum</strong></span> <span class='ocrx_word' id='word_1_153' title='bbox 2255 724 2523 780; x_wconf 84' lang='lat' dir='ltr'><strong>elllcitur:</strong></span> <span class='ocrx_word' id='word_1_154' title='bbox 2551 740 2675 781; x_wconf 89' lang='lat' dir='ltr'><strong>cum</strong></span> <span class='ocrx_word' id='word_1_155' title='bbox 2701 739 2868 779; x_wconf 87' lang='lat' dir='ltr'><strong>nervo</strong></span> <span class='ocrx_word' id='word_1_156' title='bbox 2903 723 3164 787; x_wconf 84' lang='lat' dir='ltr'><strong>tenditur,</strong></span> <span class='ocrx_word' id='word_1_157' title='bbox 3196 739 3321 777; x_wconf 91' lang='lat' dir='ltr'><strong>cum</strong></span> <span class='ocrx_word' id='word_1_158' title='bbox 3355 739 3548 793; x_wconf 84' lang='lat' dir='ltr'><strong>super-</strong></span> 
     </span>
    </p>
   </div>
   <div class='ocr_carea' id='block_1_24' title="bbox 1967 814 3546 885">
    <p class='ocr_par' dir='ltr' id='par_1_24' title="bbox 1967 814 3546 885">
     <span class='ocr_line' id='line_1_24' title="bbox 1967 814 3546 885; baseline 0 -16"><span class='ocrx_word' id='word_1_159' title='bbox 1967 814 2088 869; x_wconf 83' lang='lat' dir='ltr'><strong>ﬁcie</strong></span> <span class='ocrx_word' id='word_1_160' title='bbox 2113 815 2357 885; x_wconf 87' lang='lat' dir='ltr'><strong>partibus</strong></span> <span class='ocrx_word' id='word_1_161' title='bbox 2384 815 2597 871; x_wconf 68' lang='lat' dir='ltr'><strong>caeteris</strong></span> <span class='ocrx_word' id='word_1_162' title='bbox 2621 814 2997 869; x_wconf 86' lang='lat' dir='ltr'><strong>circumdatur</strong></span> <span class='ocrx_word' id='word_1_163' title='bbox 3024 834 3036 869; x_wconf 94' lang='lat'><strong>:</strong></span> <span class='ocrx_word' id='word_1_164' title='bbox 3072 815 3222 884; x_wconf 89' lang='lat' dir='ltr'><strong>ipsos</strong></span> <span class='ocrx_word' id='word_1_165' title='bbox 3254 814 3309 867; x_wconf 89' lang='lat' dir='ltr'><strong>in</strong></span> <span class='ocrx_word' id='word_1_166' title='bbox 3337 829 3546 884; x_wconf 77' lang='lat' dir='ltr'><strong>ungues</strong></span> 
     </span>
    </p>
   </div>
   <div class='ocr_carea' id='block_1_25' title="bbox 1968 904 3549 975">
    <p class='ocr_par' dir='ltr' id='par_1_25' title="bbox 1968 904 3549 975">
     <span class='ocr_line' id='line_1_25' title="bbox 1968 904 3549 975; baseline 0 -15"><span class='ocrx_word' id='word_1_167' title='bbox 1968 913 2239 975; x_wconf 81' lang='lat' dir='ltr'><strong>penetrat,</strong></span> <span class='ocrx_word' id='word_1_168' title='bbox 2292 912 2348 961; x_wconf 90' lang='lat' dir='ltr'><strong>et</strong></span> <span class='ocrx_word' id='word_1_169' title='bbox 2389 908 2442 959; x_wconf 91' lang='lat' dir='ltr'><strong>in</strong></span> <span class='ocrx_word' id='word_1_170' title='bbox 2482 906 2682 962; x_wconf 86' lang='lat' dir='ltr'><strong>halitus</strong></span> <span class='ocrx_word' id='word_1_171' title='bbox 2707 904 2841 959; x_wconf 88' lang='lat' dir='ltr'><strong>adeo</strong></span> <span class='ocrx_word' id='word_1_172' title='bbox 2872 914 3062 960; x_wconf 85' lang='lat' dir='ltr'><strong>tenues</strong></span> <span class='ocrx_word' id='word_1_173' title='bbox 3091 905 3454 968; x_wconf 85' lang='lat' dir='ltr'><strong>convertitur,</strong></span> <span class='ocrx_word' id='word_1_174' title='bbox 3487 910 3549 961; x_wconf 74' lang='lat' dir='ltr'><strong>ut</strong></span> 
     </span>
    </p>
   </div>
   <div class='ocr_carea' id='block_1_26' title="bbox 1967 995 3550 1065">
    <p class='ocr_par' dir='ltr' id='par_1_26' title="bbox 1967 995 3550 1065">
     <span class='ocr_line' id='line_1_26' title="bbox 1967 995 3550 1065; baseline -0.004 -12"><span class='ocrx_word' id='word_1_175' title='bbox 1967 998 2035 1053; x_wconf 89' lang='lat' dir='ltr'><strong>de</strong></span> <span class='ocrx_word' id='word_1_176' title='bbox 2071 997 2139 1053; x_wconf 90' lang='lat' dir='ltr'><strong>iis</strong></span> <span class='ocrx_word' id='word_1_177' title='bbox 2174 997 2356 1052; x_wconf 87' lang='lat' dir='ltr'><strong>crines</strong></span> <span class='ocrx_word' id='word_1_178' title='bbox 2383 997 2545 1051; x_wconf 88' lang='lat' dir='ltr'><strong>etiam</strong></span> <span class='ocrx_word' id='word_1_179' title='bbox 2577 998 2847 1051; x_wconf 84' lang='lat' dir='ltr'><strong>oriantur.</strong></span> <span class='ocrx_word' id='word_1_180' title='bbox 2890 995 2969 1050; x_wconf 82' lang='lat' dir='ltr'><strong>Ac</strong></span> <span class='ocrx_word' id='word_1_181' title='bbox 2998 996 3043 1049; x_wconf 91' lang='lat' dir='ltr'><strong>si</strong></span> <span class='ocrx_word' id='word_1_182' title='bbox 3072 996 3287 1065; x_wconf 89' lang='lat' dir='ltr'><strong>quidem</strong></span> <span class='ocrx_word' id='word_1_183' title='bbox 3313 1010 3409 1065; x_wconf 92' lang='lat' dir='ltr'><strong>per</strong></span> <span class='ocrx_word' id='word_1_184' title='bbox 3436 1002 3550 1048; x_wconf 86' lang='lat' dir='ltr'><strong>tor-</strong></span> 
     </span>
    </p>
   </div>
   <div class='ocr_carea' id='block_1_27' title="bbox 1970 1085 3549 1157">
    <p class='ocr_par' dir='ltr' id='par_1_27' title="bbox 1970 1085 3549 1157">
     <span class='ocr_line' id='line_1_27' title="bbox 1970 1085 3549 1157; baseline -0.003 -13"><span class='ocrx_word' id='word_1_185' title='bbox 1970 1100 2159 1145; x_wconf 92' lang='lat' dir='ltr'><strong>tuosos</strong></span> <span class='ocrx_word' id='word_1_186' title='bbox 2211 1099 2424 1143; x_wconf 83' lang='lat' dir='ltr'><strong>meatus</strong></span> <span class='ocrx_word' id='word_1_187' title='bbox 2462 1086 2687 1152; x_wconf 87' lang='lat' dir='ltr'><strong>feratur,</strong></span> <span class='ocrx_word' id='word_1_188' title='bbox 2730 1087 2954 1157; x_wconf 85' lang='lat' dir='ltr'><strong>‘crispos</strong></span> <span class='ocrx_word' id='word_1_189' title='bbox 2999 1096 3052 1142; x_wconf 89' lang='lat' dir='ltr'><strong>et</strong></span> <span class='ocrx_word' id='word_1_190' title='bbox 3110 1085 3337 1141; x_wconf 79' lang='lat' dir='ltr'><strong>innexos</strong></span> <span class='ocrx_word' id='word_1_191' title='bbox 3367 1085 3549 1139; x_wconf 83' lang='lat' dir='ltr'><strong>crines</strong></span> 
     </span>
    </p>
   </div>
   <div class='ocr_carea' id='block_1_28' title="bbox 1968 1178 3549 1253">
    <p class='ocr_par' dir='ltr' id='par_1_28' title="bbox 1968 1178 3549 1253">
     <span class='ocr_line' id='line_1_28' title="bbox 1968 1178 3549 1253; baseline -0.004 -17"><span class='ocrx_word' id='word_1_192' title='bbox 1968 1189 2211 1252; x_wconf 80' lang='lat' dir='ltr'><strong>generat,</strong></span> <span class='ocrx_word' id='word_1_193' title='bbox 2247 1182 2331 1235; x_wconf 92' lang='lat' dir='ltr'><strong>sin</strong></span> <span class='ocrx_word' id='word_1_194' title='bbox 2363 1181 2526 1237; x_wconf 89' lang='lat' dir='ltr'><strong>iidem</strong></span> <span class='ocrx_word' id='word_1_195' title='bbox 2561 1180 2785 1253; x_wconf 81' lang='lat' dir='ltr'><strong>halitus,</strong></span> <span class='ocrx_word' id='word_1_196' title='bbox 2833 1182 2899 1236; x_wconf 93' lang='lat' dir='ltr'><strong>de</strong></span> <span class='ocrx_word' id='word_1_197' title='bbox 2939 1179 3141 1250; x_wconf 89' lang='lat' dir='ltr'><strong>quibus</strong></span> <span class='ocrx_word' id='word_1_198' title='bbox 3183 1178 3315 1233; x_wconf 89' lang='lat' dir='ltr'><strong>oriri</strong></span> <span class='ocrx_word' id='word_1_199' title='bbox 3363 1191 3549 1233; x_wconf 89' lang='lat' dir='ltr'><strong>comas</strong></span> 
     </span>
    </p>
   </div>
   <div class='ocr_carea' id='block_1_29' title="bbox 1967 1272 3550 1344">
    <p class='ocr_par' dir='ltr' id='par_1_29' title="bbox 1967 1272 3550 1344">
     <span class='ocr_line' id='line_1_29' title="bbox 1967 1272 3550 1344; baseline -0.003 -17"><span class='ocrx_word' id='word_1_200' title='bbox 1967 1273 2229 1340; x_wconf 78' lang='lat' dir='ltr'><strong>diximus,</strong></span> <span class='ocrx_word' id='word_1_201' title='bbox 2283 1288 2378 1344; x_wconf 89' lang='lat' dir='ltr'><strong>per</strong></span> <span class='ocrx_word' id='word_1_202' title='bbox 2429 1280 2635 1329; x_wconf 87' lang='lat' dir='ltr'><strong>rectos-</strong></span> <span class='ocrx_word' id='word_1_203' title='bbox 2665 1280 2880 1327; x_wconf 82' lang='lat' dir='ltr'><strong>meatus</strong></span> <span class='ocrx_word' id='word_1_204' title='bbox 2927 1280 3141 1336; x_wconf 76' lang='lat' dir='ltr'><strong>exeant,</strong></span> <span class='ocrx_word' id='word_1_205' title='bbox 3178 1272 3341 1325; x_wconf 92' lang='lat' dir='ltr'><strong>etiam</strong></span> <span class='ocrx_word' id='word_1_206' title='bbox 3377 1283 3550 1323; x_wconf 81' lang='lat' dir='ltr'><strong>comae</strong></span> 
     </span>
    </p>
   </div>
   <div class='ocr_carea' id='block_1_30' title="bbox 1968 1360 3552 1433">
    <p class='ocr_par' dir='ltr' id='par_1_30' title="bbox 1968 1360 3552 1433">
     <span class='ocr_line' id='line_1_30' title="bbox 1968 1360 3552 1433; baseline -0.004 -14"><span class='ocrx_word' id='word_1_207' title='bbox 1968 1372 2138 1421; x_wconf 69' lang='lat' dir='ltr'><strong>tensae</strong></span> <span class='ocrx_word' id='word_1_208' title='bbox 2178 1375 2231 1420; x_wconf 89' lang='lat' dir='ltr'><strong>et</strong></span> <span class='ocrx_word' id='word_1_209' title='bbox 2267 1374 2426 1420; x_wconf 63' lang='lat' dir='ltr'><strong>rectae</strong></span> <span class='ocrx_word' id='word_1_210' title='bbox 2460 1372 2643 1421; x_wconf 91' lang='lat' dir='ltr'><strong>erunt.</strong></span> <span class='ocrx_word' id='word_1_211' title='bbox 2701 1362 2804 1419; x_wconf 85' lang='lat' dir='ltr'><strong>Sed</strong></span> <span class='ocrx_word' id='word_1_212' title='bbox 2837 1363 2981 1418; x_wconf 91' lang='lat' dir='ltr'><strong>enim</strong></span> <span class='ocrx_word' id='word_1_213' title='bbox 3020 1362 3178 1433; x_wconf 80' lang='lat' dir='ltr'><strong>longe</strong></span> <span class='ocrx_word' id='word_1_214' title='bbox 3202 1362 3271 1415; x_wconf 88' lang='lat' dir='ltr'><strong>ab</strong></span> <span class='ocrx_word' id='word_1_215' title='bbox 3302 1360 3552 1415; x_wconf 89' lang='lat' dir='ltr'><strong>instituto</strong></span> 
     </span>
    </p>
   </div>
   <div class='ocr_carea' id='block_1_31' title="bbox 1969 1451 3553 1526">
    <p class='ocr_par' dir='ltr' id='par_1_31' title="bbox 1969 1451 3553 1526">
     <span class='ocr_line' id='line_1_31' title="bbox 1969 1451 3553 1526; baseline -0.004 -16"><span class='ocrx_word' id='word_1_216' title='bbox 1969 1456 2213 1526; x_wconf 78' lang='lat' dir='ltr'><strong>digressa</strong></span> <span class='ocrx_word' id='word_1_217' title='bbox 2240 1458 2416 1511; x_wconf 85' lang='lat' dir='ltr'><strong>oratio</strong></span> <span class='ocrx_word' id='word_1_218' title='bbox 2444 1464 2549 1520; x_wconf 90' lang='lat' dir='ltr'><strong>est,</strong></span> <span class='ocrx_word' id='word_1_219' title='bbox 2589 1456 2717 1510; x_wconf 88' lang='lat' dir='ltr'><strong>dum</strong></span> <span class='ocrx_word' id='word_1_220' title='bbox 2746 1456 2910 1511; x_wconf 85' lang='lat' dir='ltr'><strong>altius</strong></span> <span class='ocrx_word' id='word_1_221' title='bbox 2942 1463 3151 1509; x_wconf 66' lang='lat' dir='ltr'><strong>natura:</strong></span> <span class='ocrx_word' id='word_1_222' title='bbox 3181 1451 3439 1522; x_wconf 85' lang='lat' dir='ltr'><strong>operibus</strong></span> <span class='ocrx_word' id='word_1_223' title='bbox 3466 1453 3553 1505; x_wconf 87' lang='lat' dir='ltr'><strong>in-</strong></span> 
     </span>
    </p>
   </div>
   <div class='ocr_carea' id='block_1_32' title="bbox 1968 1545 3551 1617">
    <p class='ocr_par' dir='ltr' id='par_1_32' title="bbox 1968 1545 3551 1617">
     <span class='ocr_line' id='line_1_32' title="bbox 1968 1545 3551 1617; baseline -0.001 -19"><span class='ocrx_word' id='word_1_224' title='bbox 1968 1545 2157 1610; x_wconf 63' lang='lat' dir='ltr'><strong>haeret,</strong></span> <span class='ocrx_word' id='word_1_225' title='bbox 2189 1554 2242 1597; x_wconf 90' lang='lat' dir='ltr'><strong>et</strong></span> <span class='ocrx_word' id='word_1_226' title='bbox 2268 1546 2441 1600; x_wconf 89' lang='lat' dir='ltr'><strong>oculis</strong></span> <span class='ocrx_word' id='word_1_227' title='bbox 2471 1546 2626 1617; x_wconf 87' lang='lat' dir='ltr'><strong>quasi</strong></span> <span class='ocrx_word' id='word_1_228' title='bbox 2660 1546 2933 1615; x_wconf 85' lang='lat' dir='ltr'><strong>subjicere</strong></span> <span class='ocrx_word' id='word_1_229' title='bbox 2971 1552 3220 1611; x_wconf 87' lang='lat' dir='ltr'><strong>conatur,</strong></span> <span class='ocrx_word' id='word_1_230' title='bbox 3256 1559 3367 1613; x_wconf 87' lang='lat' dir='ltr'><strong>quo</strong></span> <span class='ocrx_word' id='word_1_231' title='bbox 3391 1551 3551 1612; x_wconf 87' lang='lat' dir='ltr'><strong>pacto</strong></span> 
     </span>
    </p>
   </div>
   <div class='ocr_carea' id='block_1_33' title="bbox 1970 1633 3551 1705">
    <p class='ocr_par' dir='ltr' id='par_1_33' title="bbox 1970 1633 3551 1705">
     <span class='ocr_line' id='line_1_33' title="bbox 1970 1633 3551 1705; baseline -0.001 -17"><span class='ocrx_word' id='word_1_232' title='bbox 1970 1643 2021 1688; x_wconf 88' lang='lat' dir='ltr'><strong>et</strong></span> <span class='ocrx_word' id='word_1_233' title='bbox 2048 1635 2192 1689; x_wconf 88' lang='lat' dir='ltr'><strong>unde</strong></span> <span class='ocrx_word' id='word_1_234' title='bbox 2217 1636 2429 1705; x_wconf 81' lang='lat' dir='ltr'><strong>singula</strong></span> <span class='ocrx_word' id='word_1_235' title='bbox 2456 1637 2509 1689; x_wconf 90' lang='lat' dir='ltr'><strong>in</strong></span> <span class='ocrx_word' id='word_1_236' title='bbox 2541 1636 2699 1690; x_wconf 92' lang='lat' dir='ltr'><strong>nobis</strong></span> <span class='ocrx_word' id='word_1_237' title='bbox 2727 1636 3017 1698; x_wconf 82' lang='lat' dir='ltr'><strong>exsistant,</strong></span> <span class='ocrx_word' id='word_1_238' title='bbox 3058 1651 3182 1689; x_wconf 92' lang='lat' dir='ltr'><strong>cum</strong></span> <span class='ocrx_word' id='word_1_239' title='bbox 3218 1650 3338 1705; x_wconf 68' lang='lat' dir='ltr'><strong>qua&quot;:</strong></span> <span class='ocrx_word' id='word_1_240' title='bbox 3368 1634 3436 1688; x_wconf 91' lang='lat' dir='ltr'><strong>ad</strong></span> <span class='ocrx_word' id='word_1_241' title='bbox 3467 1633 3551 1686; x_wconf 85' lang='lat' dir='ltr'><strong>vi-</strong></span> 
     </span>
    </p>
   </div>
   <div class='ocr_carea' id='block_1_34' title="bbox 292 1699 1868 1797">
    <p class='ocr_par' dir='ltr' id='par_1_34' title="bbox 292 1699 1867 1795">
     <span class='ocr_line' id='line_1_34' title="bbox 292 1699 1867 1795; baseline -0.012 -9"><span class='ocrx_word' id='word_1_242' title='bbox 292 1699 656 1792; x_wconf 67' lang='grc' dir='ltr'>καθέκαστον,</span> <span class='ocrx_word' id='word_1_243' title='bbox 688 1725 830 1780; x_wconf 83' lang='grc' dir='ltr'>τάτε</span> <span class='ocrx_word' id='word_1_244' title='bbox 868 1699 1002 1795; x_wconf 66' lang='grc' dir='ltr'>πρὸς</span> <span class='ocrx_word' id='word_1_245' title='bbox 1043 1724 1103 1776; x_wconf 87' lang='grc' dir='ltr'>τὸ</span> <span class='ocrx_word' id='word_1_246' title='bbox 1152 1722 1274 1793; x_wconf 79' lang='grc' dir='ltr'>ζῇν,</span> <span class='ocrx_word' id='word_1_247' title='bbox 1318 1723 1410 1775; x_wconf 68' lang='grc' dir='ltr'><strong>κα)⁸</strong></span> <span class='ocrx_word' id='word_1_248' title='bbox 1439 1721 1507 1774; x_wconf 68' lang='grc' dir='ltr'>τὰ</span> <span class='ocrx_word' id='word_1_249' title='bbox 1542 1720 1677 1790; x_wconf 80' lang='grc' dir='ltr'>πρὸς</span> <span class='ocrx_word' id='word_1_250' title='bbox 1709 1720 1770 1773; x_wconf 82' lang='grc' dir='ltr'>τὸ</span> <span class='ocrx_word' id='word_1_251' title='bbox 1809 1716 1867 1774; x_wconf 76' lang='grc' dir='ltr'><strong>εὖ</strong></span> 
     </span>
    </p>
   </div>
   <div class='ocr_carea' id='block_1_35' title="bbox 1971 1699 3550 1797">
    <p class='ocr_par' dir='ltr' id='par_1_35' title="bbox 1974 1726 3550 1797">
     <span class='ocr_line' id='line_1_35' title="bbox 1974 1726 3550 1797; baseline -0.001 -17"><span class='ocrx_word' id='word_1_252' title='bbox 1974 1726 2230 1789; x_wconf 77' lang='lat' dir='ltr'><strong>vmdum,</strong></span> <span class='ocrx_word' id='word_1_253' title='bbox 2265 1737 2378 1780; x_wconf 91' lang='lat' dir='ltr'><strong>tum</strong></span> <span class='ocrx_word' id='word_1_254' title='bbox 2405 1742 2525 1796; x_wconf 70' lang='lat' dir='ltr'><strong>qua:</strong></span> <span class='ocrx_word' id='word_1_255' title='bbox 2556 1728 2621 1781; x_wconf 90' lang='lat' dir='ltr'><strong>ad</strong></span> <span class='ocrx_word' id='word_1_256' title='bbox 2644 1727 2887 1797; x_wconf 84' lang='lat' dir='ltr'><strong>jucunde</strong></span> <span class='ocrx_word' id='word_1_257' title='bbox 2910 1727 3201 1781; x_wconf 87' lang='lat' dir='ltr'><strong>vivendum</strong></span> <span class='ocrx_word' id='word_1_258' title='bbox 3234 1731 3550 1794; x_wconf 88' lang='lat' dir='ltr'><strong>comparata</strong></span> 
     </span>
    </p>
   </div>
   <div class='ocr_carea' id='block_1_36' title="bbox 293 1810 1868 1892">
    <p class='ocr_par' dir='ltr' id='par_1_36' title="bbox 293 1810 1868 1892">
     <span class='ocr_line' id='line_1_36' title="bbox 293 1810 1868 1892; baseline -0.006 -18"><span class='ocrx_word' id='word_1_259' title='bbox 293 1822 420 1892; x_wconf 75' lang='grc' dir='ltr'>ζῇν,</span> <span class='ocrx_word' id='word_1_260' title='bbox 450 1821 545 1874; x_wconf 81' lang='grc' dir='ltr'>κα¹ι</span> <span class='ocrx_word' id='word_1_261' title='bbox 573 1818 627 1873; x_wconf 82' lang='grc' dir='ltr'><strong>εί</strong></span> <span class='ocrx_word' id='word_1_262' title='bbox 649 1835 700 1871; x_wconf 86' lang='grc' dir='ltr'><strong>τι</strong></span> <span class='ocrx_word' id='word_1_263' title='bbox 734 1814 876 1887; x_wconf 75' lang='grc' dir='ltr'>μετὰ</span> <span class='ocrx_word' id='word_1_264' title='bbox 896 1814 1096 1868; x_wconf 80' lang='grc' dir='ltr'>τούτων</span> <span class='ocrx_word' id='word_1_265' title='bbox 1125 1814 1311 1884; x_wconf 61' lang='grc' dir='ltr'>ἕτερον</span> <span class='ocrx_word' id='word_1_266' title='bbox 1341 1811 1485 1867; x_wconf 71' lang='grc' dir='ltr'>κατὰ</span> <span class='ocrx_word' id='word_1_267' title='bbox 1512 1811 1609 1882; x_wconf 84' lang='grc' dir='ltr'><strong>τὴν</strong></span> <span class='ocrx_word' id='word_1_268' title='bbox 1642 1810 1868 1882; x_wconf 82' lang='grc' dir='ltr'>πρώτην</span> 
     </span>
    </p>
   </div>
   <div class='ocr_carea' id='block_1_37' title="bbox 240 1899 1869 1985">
    <p class='ocr_par' dir='ltr' id='par_1_37' title="bbox 240 1899 1869 1985">
     <span class='ocr_line' id='line_1_37' title="bbox 240 1899 1869 1985; baseline -0.005 -20"><span class='ocrx_word' id='word_1_269' title='bbox 240 1976 255 1985; x_wconf 38' lang='lat'><em>.</em></span> <span class='ocrx_word' id='word_1_270' title='bbox 292 1912 558 1981; x_wconf 74' lang='grc' dir='ltr'>διαίρεσιν</span> <span class='ocrx_word' id='word_1_271' title='bbox 600 1909 919 1979; x_wconf 76' lang='grc' dir='ltr'>ὲνοήσαμεν.</span> <span class='ocrx_word' id='word_1_272' title='bbox 951 1906 1024 1959; x_wconf 75' lang='grc' dir='ltr'><strong>Τὸ</strong></span> <span class='ocrx_word' id='word_1_273' title='bbox 1063 1904 1170 1976; x_wconf 84' lang='grc' dir='ltr'>γὰρ</span> <span class='ocrx_word' id='word_1_274' title='bbox 1213 1903 1569 1976; x_wconf 86' lang='grc' dir='ltr'>προκείμενον</span> <span class='ocrx_word' id='word_1_275' title='bbox 1598 1899 1665 1977; x_wconf 77' lang='grc' dir='ltr'>ἦν</span> <span class='ocrx_word' id='word_1_276' title='bbox 1699 1902 1869 1969; x_wconf 77' lang='grc' dir='ltr'>δεῖξαι</span> 
     </span>
    </p>
   </div>
   <div class='ocr_carea' id='block_1_38' title="bbox 297 1992 1868 2070">
    <p class='ocr_par' dir='ltr' id='par_1_38' title="bbox 297 1992 1868 2070">
     <span class='ocr_line' id='line_1_38' title="bbox 297 1992 1868 2070; baseline -0.006 -18"><span class='ocrx_word' id='word_1_277' title='bbox 297 2002 402 2069; x_wconf 77' lang='grc' dir='ltr'><strong>τήν</strong></span> <span class='ocrx_word' id='word_1_278' title='bbox 435 1998 807 2070; x_wconf 79' lang='grc' dir='ltr'>σπερματικὴν</span> <span class='ocrx_word' id='word_1_279' title='bbox 830 1997 930 2067; x_wconf 82' lang='grc' dir='ltr'>τῆς</span> <span class='ocrx_word' id='word_1_280' title='bbox 963 1995 1276 2058; x_wconf 85' lang='grc' dir='ltr'>συστάσεως</span> <span class='ocrx_word' id='word_1_281' title='bbox 1314 1993 1469 2066; x_wconf 77' lang='grc' dir='ltr'>ἡμῶν</span> <span class='ocrx_word' id='word_1_282' title='bbox 1504 1992 1704 2054; x_wconf 90' lang='grc' dir='ltr'>αίτίαν,</span> <span class='ocrx_word' id='word_1_283' title='bbox 1733 1995 1868 2062; x_wconf 87' lang='grc' dir='ltr'>μήτε</span> 
     </span>
    </p>
   </div>
   <div class='ocr_carea' id='block_1_39' title="bbox 295 2082 1870 2159">
    <p class='ocr_par' dir='ltr' id='par_1_39' title="bbox 295 2082 1870 2159">
     <span class='ocr_line' id='line_1_39' title="bbox 295 2082 1870 2159; baseline -0.006 -16"><span class='ocrx_word' id='word_1_284' title='bbox 295 2088 592 2158; x_wconf 79' lang='grc' dir='ltr'>ἀσώματον</span> <span class='ocrx_word' id='word_1_285' title='bbox 631 2084 765 2142; x_wconf 78' lang='grc' dir='ltr'>εἶναι</span> <span class='ocrx_word' id='word_1_286' title='bbox 797 2087 997 2159; x_wconf 77' lang='grc' dir='ltr'>ψυχὴν,</span> <span class='ocrx_word' id='word_1_287' title='bbox 1036 2086 1171 2156; x_wconf 87' lang='grc' dir='ltr'>μήτε</span> <span class='ocrx_word' id='word_1_288' title='bbox 1200 2084 1405 2155; x_wconf 82' lang='grc' dir='ltr'>ἄψυχον</span> <span class='ocrx_word' id='word_1_289' title='bbox 1453 2083 1631 2154; x_wconf 86' lang='grc' dir='ltr'>σῶμα,</span> <span class='ocrx_word' id='word_1_290' title='bbox 1664 2082 1778 2136; x_wconf 81' lang='grc' dir='ltr'>ἀλλ’</span> <span class='ocrx_word' id='word_1_291' title='bbox 1810 2082 1870 2149; x_wconf 79' lang='grc' dir='ltr'>ἐξ</span> 
     </span>
    </p>
   </div>
   <div class='ocr_carea' id='block_1_40' title="bbox 295 2170 1868 2248">
    <p class='ocr_par' dir='ltr' id='par_1_40' title="bbox 295 2170 1868 2248">
     <span class='ocr_line' id='line_1_40' title="bbox 295 2170 1868 2248; baseline -0.004 -18"><span class='ocrx_word' id='word_1_292' title='bbox 295 2177 558 2248; x_wconf 67' lang='grc' dir='ltr'>ἐμψύχων</span> <span class='ocrx_word' id='word_1_293' title='bbox 584 2193 644 2229; x_wconf 87' lang='grc' dir='ltr'><strong>τε</strong></span> <span class='ocrx_word' id='word_1_294' title='bbox 678 2176 773 2228; x_wconf 74' lang='grc' dir='ltr'>καὶ</span> <span class='ocrx_word' id='word_1_295' title='bbox 814 2172 1032 2239; x_wconf 74' lang='grc' dir='ltr'>ζώντων</span> <span class='ocrx_word' id='word_1_296' title='bbox 1074 2172 1341 2242; x_wconf 87' lang='grc' dir='ltr'>σωμάτων</span> <span class='ocrx_word' id='word_1_297' title='bbox 1370 2170 1477 2236; x_wconf 75' lang='grc' dir='ltr'><strong>ζῶν</strong></span> <span class='ocrx_word' id='word_1_298' title='bbox 1506 2173 1599 2224; x_wconf 73' lang='grc' dir='ltr'><strong>καὶ</strong></span> <span class='ocrx_word' id='word_1_299' title='bbox 1628 2170 1868 2242; x_wconf 73' lang='grc' dir='ltr'>ἔμψυχον</span> 
     </span>
    </p>
   </div>
   <div class='ocr_carea' id='block_1_41' title="bbox 298 2261 1869 2339">
    <p class='ocr_par' dir='ltr' id='par_1_41' title="bbox 298 2261 1869 2339">
     <span class='ocr_line' id='line_1_41' title="bbox 298 2261 1869 2339; baseline -0.004 -19"><span class='ocrx_word' id='word_1_300' title='bbox 298 2268 449 2336; x_wconf 70' lang='grc' dir='ltr'>παρὰ</span> <span class='ocrx_word' id='word_1_301' title='bbox 480 2267 579 2335; x_wconf 72' lang='grc' dir='ltr'>τὴν</span> <span class='ocrx_word' id='word_1_302' title='bbox 614 2267 830 2339; x_wconf 84' lang='grc' dir='ltr'>πρώτην</span> <span class='ocrx_word' id='word_1_303' title='bbox 866 2265 1262 2335; x_wconf 61' lang='grc' dir='ltr'>ἀωγεννᾶσθαι</span> <span class='ocrx_word' id='word_1_304' title='bbox 1288 2263 1425 2327; x_wconf 78' lang='grc' dir='ltr'>ζῶον</span> <span class='ocrx_word' id='word_1_305' title='bbox 1453 2279 1467 2294; x_wconf 72' lang='grc' dir='ltr'><strong>ο</strong></span> <span class='ocrx_word' id='word_1_306' title='bbox 1505 2261 1869 2332; x_wconf 81' lang='grc' dir='ltr'>ὲκδεξαμένην</span> 
     </span>
    </p>
   </div>
   <div class='ocr_carea' id='block_1_42' title="bbox 295 2353 1869 2431">
    <p class='ocr_par' dir='ltr' id='par_1_42' title="bbox 295 2353 1869 2431">
     <span class='ocr_line' id='line_1_42' title="bbox 295 2353 1869 2431; baseline -0.007 -16"><span class='ocrx_word' id='word_1_307' title='bbox 295 2361 350 2415; x_wconf 81' lang='grc' dir='ltr'>δὲ</span> <span class='ocrx_word' id='word_1_308' title='bbox 380 2363 478 2431; x_wconf 79' lang='grc' dir='ltr'>τὴν</span> <span class='ocrx_word' id='word_1_309' title='bbox 508 2359 857 2430; x_wconf 76' lang='grc' dir='ltr'>ἀνθρωπίνην</span> <span class='ocrx_word' id='word_1_310' title='bbox 880 2358 1062 2426; x_wconf 74' lang='grc' dir='ltr'>φύσιν,</span> <span class='ocrx_word' id='word_1_311' title='bbox 1098 2355 1350 2426; x_wconf 86' lang='grc' dir='ltr'>καθάπερ</span> <span class='ocrx_word' id='word_1_312' title='bbox 1375 2354 1495 2408; x_wconf 79' lang='grc' dir='ltr'>τινὰ</span> <span class='ocrx_word' id='word_1_313' title='bbox 1525 2353 1723 2424; x_wconf 69' lang='grc' dir='ltr'>τροφὸν</span> <span class='ocrx_word' id='word_1_314' title='bbox 1750 2354 1869 2415; x_wconf 83' lang='grc' dir='ltr'>ταῖς</span> 
     </span>
    </p>
   </div>
   <div class='ocr_carea' id='block_1_43' title="bbox 294 2441 1872 2517">
    <p class='ocr_par' dir='ltr' id='par_1_43' title="bbox 294 2441 1872 2517">
     <span class='ocr_line' id='line_1_43' title="bbox 294 2441 1872 2517; baseline -0.006 -13"><span class='ocrx_word' id='word_1_315' title='bbox 294 2451 525 2515; x_wconf 77' lang='grc' dir='ltr'>οἰκείαις</span> <span class='ocrx_word' id='word_1_316' title='bbox 550 2448 853 2517; x_wconf 82' lang='grc' dir='ltr'>δυνάμεσιν</span> <span class='ocrx_word' id='word_1_317' title='bbox 890 2446 1058 2517; x_wconf 82' lang='grc' dir='ltr'>αὐτὴν</span> <span class='ocrx_word' id='word_1_318' title='bbox 1085 2442 1481 2515; x_wconf 82' lang='grc' dir='ltr'>τιθηνήσασθαι</span> <span class='ocrx_word' id='word_1_319' title='bbox 1503 2458 1517 2472; x_wconf 94' lang='grc'><strong>·</strong></span> <span class='ocrx_word' id='word_1_320' title='bbox 1547 2443 1646 2513; x_wconf 83' lang='grc' dir='ltr'>τὴν</span> <span class='ocrx_word' id='word_1_321' title='bbox 1670 2442 1727 2494; x_wconf 83' lang='grc' dir='ltr'>δὲ</span> <span class='ocrx_word' id='word_1_322' title='bbox 1750 2441 1872 2513; x_wconf 85' lang='grc' dir='ltr'>τρέ-</span> 
     </span>
    </p>
   </div>
   <div class='ocr_carea' id='block_1_44' title="bbox 291 2533 1869 2611">
    <p class='ocr_par' dir='ltr' id='par_1_44' title="bbox 291 2533 1869 2611">
     <span class='ocr_line' id='line_1_44' title="bbox 291 2533 1869 2611; baseline -0.006 -16"><span class='ocrx_word' id='word_1_323' title='bbox 291 2541 490 2611; x_wconf 67' lang='grc' dir='ltr'>φεσθαι</span> <span class='ocrx_word' id='word_1_324' title='bbox 525 2542 645 2594; x_wconf 84' lang='grc' dir='ltr'>κατ’</span> <span class='ocrx_word' id='word_1_325' title='bbox 676 2539 982 2611; x_wconf 73' lang='grc' dir='ltr'>ἀμφότερα,</span> <span class='ocrx_word' id='word_1_326' title='bbox 1029 2537 1125 2591; x_wconf 73' lang='grc' dir='ltr'><strong>καὶ</strong></span> <span class='ocrx_word' id='word_1_327' title='bbox 1157 2536 1507 2606; x_wconf 86' lang='grc' dir='ltr'>καταλλήλως</span> <span class='ocrx_word' id='word_1_328' title='bbox 1538 2536 1596 2588; x_wconf 81' lang='grc' dir='ltr'>ὲν</span> <span class='ocrx_word' id='word_1_329' title='bbox 1626 2533 1869 2604; x_wconf 78' lang='grc' dir='ltr'>ἑκατέρῳ</span> 
     </span>
    </p>
   </div>
   <div class='ocr_carea' id='block_1_45' title="bbox 293 2622 1868 2703">
    <p class='ocr_par' dir='ltr' id='par_1_45' title="bbox 293 2622 1868 2703">
     <span class='ocr_line' id='line_1_45' title="bbox 293 2622 1868 2703; baseline -0.006 -19"><span class='ocrx_word' id='word_1_330' title='bbox 293 2631 451 2703; x_wconf 79' lang='grc' dir='ltr'>μέρει</span> <span class='ocrx_word' id='word_1_331' title='bbox 494 2630 597 2701; x_wconf 78' lang='grc' dir='ltr'>τὴν</span> <span class='ocrx_word' id='word_1_332' title='bbox 641 2627 867 2699; x_wconf 78' lang='grc' dir='ltr'>αὐξησιν</span> <span class='ocrx_word' id='word_1_333' title='bbox 904 2626 1156 2696; x_wconf 75' lang='grc' dir='ltr'>ἐπίδηλον</span> <span class='ocrx_word' id='word_1_334' title='bbox 1200 2626 1365 2696; x_wconf 82' lang='grc' dir='ltr'>ἐχειν.</span> <span class='ocrx_word' id='word_1_335' title='bbox 1412 2624 1587 2688; x_wconf 83' lang='grc' dir='ltr'>Εὐθὺς</span> <span class='ocrx_word' id='word_1_336' title='bbox 1628 2624 1726 2695; x_wconf 82' lang='grc' dir='ltr'><strong>μὲν</strong></span> <span class='ocrx_word' id='word_1_337' title='bbox 1757 2622 1868 2693; x_wconf 83' lang='grc' dir='ltr'>γὰρ</span> 
     </span>
    </p>
   </div>
   <div class='ocr_carea' id='block_1_46' title="bbox 289 2714 1869 2791">
    <p class='ocr_par' dir='ltr' id='par_1_46' title="bbox 289 2714 1869 2791">
     <span class='ocr_line' id='line_1_46' title="bbox 289 2714 1869 2791; baseline -0.005 -17"><span class='ocrx_word' id='word_1_338' title='bbox 289 2722 375 2775; x_wconf 66' lang='grc' dir='ltr'><strong>διὰ</strong></span> <span class='ocrx_word' id='word_1_339' title='bbox 397 2723 497 2791; x_wconf 77' lang='grc' dir='ltr'>τῆς</span> <span class='ocrx_word' id='word_1_340' title='bbox 532 2720 791 2790; x_wconf 82' lang='grc' dir='ltr'>τεχνικῆς</span> <span class='ocrx_word' id='word_1_341' title='bbox 825 2717 1028 2788; x_wconf 79' lang='grc' dir='ltr'>ταύτης</span> <span class='ocrx_word' id='word_1_342' title='bbox 1062 2718 1158 2772; x_wconf 73' lang='grc' dir='ltr'><strong>καὶ</strong></span> <span class='ocrx_word' id='word_1_343' title='bbox 1186 2717 1613 2787; x_wconf 77' lang='grc' dir='ltr'>ὲπιστημονικῆς</span> <span class='ocrx_word' id='word_1_344' title='bbox 1643 2714 1869 2767; x_wconf 84' lang='grc' dir='ltr'>διαπλά-</span> 
     </span>
    </p>
   </div>
   <div class='ocr_carea' id='block_1_47' title="bbox 292 2806 1867 2883">
    <p class='ocr_par' dir='ltr' id='par_1_47' title="bbox 292 2806 1867 2883">
     <span class='ocr_line' id='line_1_47' title="bbox 292 2806 1867 2883; baseline -0.006 -16"><span class='ocrx_word' id='word_1_345' title='bbox 292 2831 428 2877; x_wconf 84' lang='grc' dir='ltr'>σεως</span> <span class='ocrx_word' id='word_1_346' title='bbox 468 2811 573 2883; x_wconf 82' lang='grc' dir='ltr'>τὴν</span> <span class='ocrx_word' id='word_1_347' title='bbox 604 2810 1103 2881; x_wconf 83' lang='grc' dir='ltr'>συμπεπλεγμένην</span> <span class='ocrx_word' id='word_1_348' title='bbox 1152 2810 1305 2879; x_wconf 70' lang='grc' dir='ltr'>αὐτῇι</span> <span class='ocrx_word' id='word_1_349' title='bbox 1338 2808 1438 2877; x_wconf 84' lang='grc' dir='ltr'><strong>τῆς</strong></span> <span class='ocrx_word' id='word_1_350' title='bbox 1474 2806 1655 2876; x_wconf 74' lang='grc' dir='ltr'>ψυχῆς</span> <span class='ocrx_word' id='word_1_351' title='bbox 1699 2806 1867 2859; x_wconf 78' lang='grc' dir='ltr'>ἐνδεί-</span> 
     </span>
    </p>
   </div>
   <div class='ocr_carea' id='block_1_48' title="bbox 294 2889 1891 2974">
    <p class='ocr_par' dir='ltr' id='par_1_48' title="bbox 294 2889 1891 2974">
     <span class='ocr_line' id='line_1_48' title="bbox 294 2889 1891 2974; baseline -0.006 -15"><span class='ocrx_word' id='word_1_352' title='bbox 294 2922 489 2961; x_wconf 87' lang='grc' dir='ltr'>κνυται</span> <span class='ocrx_word' id='word_1_353' title='bbox 530 2904 783 2974; x_wconf 83' lang='grc' dir='ltr'>δύναμιν,</span> <span class='ocrx_word' id='word_1_354' title='bbox 819 2901 1187 2973; x_wconf 78' lang='grc' dir='ltr'>ἀμυδρότερον</span> <span class='ocrx_word' id='word_1_355' title='bbox 1217 2900 1314 2970; x_wconf 81' lang='grc' dir='ltr'>μὲν</span> <span class='ocrx_word' id='word_1_356' title='bbox 1347 2897 1489 2952; x_wconf 77' lang='grc' dir='ltr'>κατὰ</span> <span class='ocrx_word' id='word_1_357' title='bbox 1512 2898 1611 2968; x_wconf 82' lang='grc' dir='ltr'><strong>τήν</strong></span> <span class='ocrx_word' id='word_1_358' title='bbox 1645 2889 1891 2969; x_wconf 80' lang='grc' dir='ltr'>πρώτην</span> 
     </span>
    </p>
   </div>
   <div class='ocr_carea' id='block_1_49' title="bbox 1972 1812 3649 1887">
    <p class='ocr_par' dir='ltr' id='par_1_49' title="bbox 1972 1812 3649 1887">
     <span class='ocr_line' id='line_1_49' title="bbox 1972 1812 3649 1887; baseline -0.002 -16"><span class='ocrx_word' id='word_1_359' title='bbox 1972 1824 2133 1871; x_wconf 87' lang='lat' dir='ltr'><strong>sunt:</strong></span> <span class='ocrx_word' id='word_1_360' title='bbox 2169 1822 2221 1869; x_wconf 87' lang='lat' dir='ltr'><strong>et</strong></span> <span class='ocrx_word' id='word_1_361' title='bbox 2252 1816 2298 1871; x_wconf 90' lang='lat' dir='ltr'><strong>si</strong></span> <span class='ocrx_word' id='word_1_362' title='bbox 2322 1816 2453 1886; x_wconf 89' lang='lat' dir='ltr'><strong>quid</strong></span> <span class='ocrx_word' id='word_1_363' title='bbox 2492 1817 2654 1870; x_wconf 88' lang='lat' dir='ltr'><strong>etiam</strong></span> <span class='ocrx_word' id='word_1_364' title='bbox 2695 1825 2889 1887; x_wconf 86' lang='lat' dir='ltr'><strong>praeter</strong></span> <span class='ocrx_word' id='word_1_365' title='bbox 2914 1817 3029 1870; x_wconf 89' lang='lat' dir='ltr'><strong>haec</strong></span> <span class='ocrx_word' id='word_1_366' title='bbox 3065 1814 3119 1869; x_wconf 91' lang='lat' dir='ltr'><strong>in</strong></span> <span class='ocrx_word' id='word_1_367' title='bbox 3148 1814 3308 1868; x_wconf 90' lang='lat' dir='ltr'><strong>nobis</strong></span> <span class='ocrx_word' id='word_1_368' title='bbox 3332 1821 3438 1878; x_wconf 89' lang='lat' dir='ltr'><strong>est,</strong></span> <span class='ocrx_word' id='word_1_369' title='bbox 3493 1812 3550 1867; x_wconf 79' lang='lat' dir='ltr'><strong>in</strong></span> <span class='ocrx_word' id='word_1_370' title='bbox 3644 1840 3649 1845; x_wconf 63' lang='grc' dir='ltr'><strong>ι</strong></span> 
     </span>
    </p>
   </div>
   <div class='ocr_carea' id='block_1_50' title="bbox 1972 1903 3553 1978">
    <p class='ocr_par' dir='ltr' id='par_1_50' title="bbox 1972 1903 3553 1978">
     <span class='ocr_line' id='line_1_50' title="bbox 1972 1903 3553 1978; baseline 0.006 -27"><span class='ocrx_word' id='word_1_371' title='bbox 1972 1904 2262 1973; x_wconf 71' lang='lat' dir='ltr'><strong>partitione</strong></span> <span class='ocrx_word' id='word_1_372' title='bbox 2292 1906 2574 1975; x_wconf 89' lang='lat' dir='ltr'><strong>superiore</strong></span> <span class='ocrx_word' id='word_1_373' title='bbox 2605 1906 3082 1978; x_wconf 90' lang='lat' dir='ltr'><strong>comprehensum.</strong></span> <span class='ocrx_word' id='word_1_374' title='bbox 3120 1903 3232 1959; x_wconf 86' lang='lat' dir='ltr'><strong>Nos</strong></span> <span class='ocrx_word' id='word_1_375' title='bbox 3258 1912 3438 1959; x_wconf 89' lang='lat' dir='ltr'><strong>autem</strong></span> <span class='ocrx_word' id='word_1_376' title='bbox 3471 1904 3553 1961; x_wconf 82' lang='lat' dir='ltr'><strong>in-</strong></span> 
     </span>
    </p>
   </div>
   <div class='ocr_carea' id='block_1_51' title="bbox 1971 1994 3552 2066">
    <p class='ocr_par' dir='ltr' id='par_1_51' title="bbox 1971 1994 3552 2066">
     <span class='ocr_line' id='line_1_51' title="bbox 1971 1994 3552 2066; baseline -0.001 -15"><span class='ocrx_word' id='word_1_377' title='bbox 1971 1996 2322 2051; x_wconf 86' lang='lat' dir='ltr'><strong>stitueramus</strong></span> <span class='ocrx_word' id='word_1_378' title='bbox 2371 1997 2750 2053; x_wconf 88' lang='lat' dir='ltr'><strong>demonstrare</strong></span> <span class='ocrx_word' id='word_1_379' title='bbox 2789 2013 3015 2052; x_wconf 85' lang='lat' dir='ltr'><strong>causam</strong></span> <span class='ocrx_word' id='word_1_380' title='bbox 3062 1997 3178 2052; x_wconf 85' lang='lat' dir='ltr'><strong>sive</strong></span> <span class='ocrx_word' id='word_1_381' title='bbox 3218 1994 3552 2066; x_wconf 87' lang='lat' dir='ltr'><strong>principium</strong></span> 
     </span>
    </p>
   </div>
   <div class='ocr_carea' id='block_1_52' title="bbox 1970 2086 3555 2157">
    <p class='ocr_par' dir='ltr' id='par_1_52' title="bbox 1970 2086 3555 2157">
     <span class='ocr_line' id='line_1_52' title="bbox 1970 2086 3555 2157; baseline 0 -17"><span class='ocrx_word' id='word_1_382' title='bbox 1970 2093 2183 2141; x_wconf 72' lang='lat' dir='ltr'><strong>natura:</strong></span> <span class='ocrx_word' id='word_1_383' title='bbox 2234 2098 2457 2152; x_wconf 83' lang='lat' dir='ltr'><strong>nostrae,</strong></span> <span class='ocrx_word' id='word_1_384' title='bbox 2514 2087 2660 2157; x_wconf 91' lang='lat' dir='ltr'><strong>quod</strong></span> <span class='ocrx_word' id='word_1_385' title='bbox 2724 2086 2933 2143; x_wconf 87' lang='lat' dir='ltr'><strong>semine</strong></span> <span class='ocrx_word' id='word_1_386' title='bbox 2988 2086 3323 2148; x_wconf 88' lang='lat' dir='ltr'><strong>continetur,</strong></span> <span class='ocrx_word' id='word_1_387' title='bbox 3376 2099 3555 2153; x_wconf 85' lang='lat' dir='ltr'><strong>neque</strong></span> 
     </span>
    </p>
   </div>
   <div class='ocr_carea' id='block_1_53' title="bbox 1971 2174 3554 2248">
    <p class='ocr_par' dir='ltr' id='par_1_53' title="bbox 1971 2174 3554 2248">
     <span class='ocr_line' id='line_1_53' title="bbox 1971 2174 3554 2248; baseline -0.004 -15"><span class='ocrx_word' id='word_1_388' title='bbox 1971 2178 2219 2233; x_wconf 88' lang='lat' dir='ltr'><strong>animum</strong></span> <span class='ocrx_word' id='word_1_389' title='bbox 2251 2192 2371 2233; x_wconf 89' lang='lat' dir='ltr'><strong>esse</strong></span> <span class='ocrx_word' id='word_1_390' title='bbox 2401 2179 2519 2233; x_wconf 87' lang='lat' dir='ltr'><strong>sine</strong></span> <span class='ocrx_word' id='word_1_391' title='bbox 2552 2193 2803 2248; x_wconf 87' lang='lat' dir='ltr'><strong>corpore,</strong></span> <span class='ocrx_word' id='word_1_392' title='bbox 2846 2192 3022 2247; x_wconf 87' lang='lat' dir='ltr'><strong>neque</strong></span> <span class='ocrx_word' id='word_1_393' title='bbox 3052 2190 3254 2246; x_wconf 88' lang='lat' dir='ltr'><strong>corpus</strong></span> <span class='ocrx_word' id='word_1_394' title='bbox 3285 2175 3405 2230; x_wconf 91' lang='lat' dir='ltr'><strong>sine</strong></span> <span class='ocrx_word' id='word_1_395' title='bbox 3432 2174 3554 2228; x_wconf 86' lang='lat' dir='ltr'><strong>ani-</strong></span> 
     </span>
    </p>
   </div>
   <div class='ocr_carea' id='block_1_54' title="bbox 1971 2266 3552 2344">
    <p class='ocr_par' dir='ltr' id='par_1_54' title="bbox 1971 2266 3552 2344">
     <span class='ocr_line' id='line_1_54' title="bbox 1971 2266 3552 2344; baseline -0.003 -22"><span class='ocrx_word' id='word_1_396' title='bbox 1971 2283 2094 2322; x_wconf 89' lang='lat' dir='ltr'><strong>mo:</strong></span> <span class='ocrx_word' id='word_1_397' title='bbox 2129 2268 2226 2323; x_wconf 90' lang='lat' dir='ltr'><strong>sed</strong></span> <span class='ocrx_word' id='word_1_398' title='bbox 2258 2282 2325 2322; x_wconf 81' lang='lat' dir='ltr'><strong>ex</strong></span> <span class='ocrx_word' id='word_1_399' title='bbox 2366 2269 2689 2344; x_wconf 71' lang='lat' dir='ltr'><strong>corporibus</strong></span> <span class='ocrx_word' id='word_1_400' title='bbox 2748 2269 3005 2324; x_wconf 87' lang='lat' dir='ltr'><strong>animatis</strong></span> <span class='ocrx_word' id='word_1_401' title='bbox 3048 2283 3112 2322; x_wconf 89' lang='lat' dir='ltr'><strong>ac</strong></span> <span class='ocrx_word' id='word_1_402' title='bbox 3155 2266 3316 2332; x_wconf 82' lang='lat' dir='ltr'><strong>vivis,</strong></span> <span class='ocrx_word' id='word_1_403' title='bbox 3367 2266 3552 2320; x_wconf 81' lang='lat' dir='ltr'><strong>vivum</strong></span> 
     </span>
    </p>
   </div>
   <div class='ocr_carea' id='block_1_55' title="bbox 1970 2355 3551 2429">
    <p class='ocr_par' dir='ltr' id='par_1_55' title="bbox 1970 2355 3551 2429">
     <span class='ocr_line' id='line_1_55' title="bbox 1970 2355 3551 2429; baseline -0.003 -15"><span class='ocrx_word' id='word_1_404' title='bbox 1970 2366 2024 2415; x_wconf 87' lang='lat' dir='ltr'><strong>et</strong></span> <span class='ocrx_word' id='word_1_405' title='bbox 2052 2358 2352 2414; x_wconf 88' lang='lat' dir='ltr'><strong>animatum</strong></span> <span class='ocrx_word' id='word_1_406' title='bbox 2388 2360 2507 2429; x_wconf 91' lang='lat' dir='ltr'><strong>ipso</strong></span> <span class='ocrx_word' id='word_1_407' title='bbox 2536 2360 2621 2416; x_wconf 91' lang='lat' dir='ltr'><strong>sui</strong></span> <span class='ocrx_word' id='word_1_408' title='bbox 2653 2360 2809 2415; x_wconf 90' lang='lat' dir='ltr'><strong>initio</strong></span> <span class='ocrx_word' id='word_1_409' title='bbox 2834 2359 3038 2414; x_wconf 89' lang='lat' dir='ltr'><strong>animal</strong></span> <span class='ocrx_word' id='word_1_410' title='bbox 3064 2358 3368 2429; x_wconf 87' lang='lat' dir='ltr'><strong>procreari,</strong></span> <span class='ocrx_word' id='word_1_411' title='bbox 3402 2355 3551 2427; x_wconf 89' lang='lat' dir='ltr'><strong>quod</strong></span> 
     </span>
    </p>
   </div>
   <div class='ocr_carea' id='block_1_56' title="bbox 1972 2436 3555 2522">
    <p class='ocr_par' dir='ltr' id='par_1_56' title="bbox 1972 2436 3555 2522">
     <span class='ocr_line' id='line_1_56' title="bbox 1972 2436 3555 2522; baseline -0.001 -18"><span class='ocrx_word' id='word_1_412' title='bbox 1972 2451 2210 2511; x_wconf 75' lang='lat' dir='ltr'><strong>humana</strong></span> <span class='ocrx_word' id='word_1_413' title='bbox 2255 2458 2453 2505; x_wconf 89' lang='lat' dir='ltr'><strong>natura</strong></span> <span class='ocrx_word' id='word_1_414' title='bbox 2499 2452 2657 2522; x_wconf 87' lang='lat' dir='ltr'><strong>quasi</strong></span> <span class='ocrx_word' id='word_1_415' title='bbox 2688 2453 2869 2506; x_wconf 79' lang='lat' dir='ltr'><strong>nutrix</strong></span> <span class='ocrx_word' id='word_1_416' title='bbox 2918 2452 3220 2520; x_wconf 83' lang='lat' dir='ltr'><strong>excipiens,</strong></span> <span class='ocrx_word' id='word_1_417' title='bbox 3282 2450 3398 2504; x_wconf 89' lang='lat' dir='ltr'><strong>suis</strong></span> <span class='ocrx_word' id='word_1_418' title='bbox 3432 2436 3555 2519; x_wconf 86' lang='lat' dir='ltr'><strong>ipsa</strong></span> 
     </span>
    </p>
   </div>
   <div class='ocr_carea' id='block_1_57' title="bbox 1975 2540 3556 2612">
    <p class='ocr_par' dir='ltr' id='par_1_57' title="bbox 1975 2540 3556 2612">
     <span class='ocr_line' id='line_1_57' title="bbox 1975 2540 3556 2612; baseline -0.001 -19"><span class='ocrx_word' id='word_1_419' title='bbox 1975 2540 2331 2596; x_wconf 84' lang='lat' dir='ltr'><strong>facultatibus</strong></span> <span class='ocrx_word' id='word_1_420' title='bbox 2355 2542 2483 2605; x_wconf 90' lang='lat' dir='ltr'><strong>alat,</strong></span> <span class='ocrx_word' id='word_1_421' title='bbox 2509 2543 2691 2612; x_wconf 81' lang='lat' dir='ltr'><strong>itaque</strong></span> <span class='ocrx_word' id='word_1_422' title='bbox 2716 2541 2914 2597; x_wconf 86' lang='lat' dir='ltr'><strong>nutriri</strong></span> <span class='ocrx_word' id='word_1_423' title='bbox 2938 2541 3239 2597; x_wconf 90' lang='lat' dir='ltr'><strong>secundum</strong></span> <span class='ocrx_word' id='word_1_424' title='bbox 3264 2549 3556 2610; x_wconf 85' lang='lat' dir='ltr'><strong>utramque</strong></span> 
     </span>
    </p>
   </div>
   <div class='ocr_carea' id='block_1_58' title="bbox 1971 2631 3556 2701">
    <p class='ocr_par' dir='ltr' id='par_1_58' title="bbox 1971 2631 3556 2701">
     <span class='ocr_line' id='line_1_58' title="bbox 1971 2631 3556 2701; baseline 0 -18"><span class='ocrx_word' id='word_1_425' title='bbox 1971 2638 2201 2700; x_wconf 90' lang='lat' dir='ltr'><strong>partem,</strong></span> <span class='ocrx_word' id='word_1_426' title='bbox 2266 2646 2389 2684; x_wconf 87' lang='lat' dir='ltr'><strong>cum</strong></span> <span class='ocrx_word' id='word_1_427' title='bbox 2449 2631 2670 2700; x_wconf 80' lang='lat' dir='ltr'><strong>quidem</strong></span> <span class='ocrx_word' id='word_1_428' title='bbox 2724 2632 2964 2686; x_wconf 88' lang='lat' dir='ltr'><strong>accretio</strong></span> <span class='ocrx_word' id='word_1_429' title='bbox 2994 2633 3135 2701; x_wconf 90' lang='lat' dir='ltr'><strong>parti</strong></span> <span class='ocrx_word' id='word_1_430' title='bbox 3168 2632 3385 2699; x_wconf 90' lang='lat' dir='ltr'><strong>utrique</strong></span> <span class='ocrx_word' id='word_1_431' title='bbox 3422 2643 3556 2683; x_wconf 87' lang='lat' dir='ltr'><strong>con-</strong></span> 
     </span>
    </p>
   </div>
   <div class='ocr_carea' id='block_1_59' title="bbox 1973 2718 3556 2792">
    <p class='ocr_par' dir='ltr' id='par_1_59' title="bbox 1973 2718 3556 2792">
     <span class='ocr_line' id='line_1_59' title="bbox 1973 2718 3556 2792; baseline 0 -17"><span class='ocrx_word' id='word_1_432' title='bbox 1973 2727 2235 2775; x_wconf 85' lang='lat' dir='ltr'><strong>sentanea</strong></span> <span class='ocrx_word' id='word_1_433' title='bbox 2275 2720 2567 2777; x_wconf 85' lang='lat' dir='ltr'><strong>manifesto</strong></span> <span class='ocrx_word' id='word_1_434' title='bbox 2605 2721 3068 2792; x_wconf 82' lang='lat' dir='ltr'><strong>deprehendatur.</strong></span> <span class='ocrx_word' id='word_1_435' title='bbox 3103 2720 3240 2774; x_wconf 85' lang='lat' dir='ltr'><strong>Nam</strong></span> <span class='ocrx_word' id='word_1_436' title='bbox 3275 2718 3459 2774; x_wconf 89' lang='lat' dir='ltr'><strong>statim</strong></span> <span class='ocrx_word' id='word_1_437' title='bbox 3484 2718 3556 2775; x_wconf 87' lang='lat' dir='ltr'><strong>ab</strong></span> 
     </span>
    </p>
   </div>
   <div class='ocr_carea' id='block_1_60' title="bbox 1972 2810 3557 2883">
    <p class='ocr_par' dir='ltr' id='par_1_60' title="bbox 1972 2810 3557 2883">
     <span class='ocr_line' id='line_1_60' title="bbox 1972 2810 3557 2883; baseline -0.003 -16"><span class='ocrx_word' id='word_1_438' title='bbox 1972 2813 2129 2867; x_wconf 89' lang='lat' dir='ltr'><strong>initio</strong></span> <span class='ocrx_word' id='word_1_439' title='bbox 2176 2827 2273 2883; x_wconf 90' lang='lat' dir='ltr'><strong>per</strong></span> <span class='ocrx_word' id='word_1_440' title='bbox 2323 2812 2676 2867; x_wconf 83' lang='lat' dir='ltr'><strong>artificiosam</strong></span> <span class='ocrx_word' id='word_1_441' title='bbox 2705 2820 2759 2868; x_wconf 89' lang='lat' dir='ltr'><strong>et</strong></span> <span class='ocrx_word' id='word_1_442' title='bbox 2790 2812 3053 2883; x_wconf 76' lang='lat' dir='ltr'><strong>singulari</strong></span> <span class='ocrx_word' id='word_1_443' title='bbox 3080 2811 3149 2867; x_wconf 89' lang='lat' dir='ltr'><strong>ab</strong></span> <span class='ocrx_word' id='word_1_444' title='bbox 3192 2810 3557 2880; x_wconf 77' lang='lat' dir='ltr'><strong>intelligentia</strong></span> 
     </span>
    </p>
   </div>
   <div class='ocr_carea' id='block_1_61' title="bbox 1973 2896 3554 2974">
    <p class='ocr_par' dir='ltr' id='par_1_61' title="bbox 1973 2896 3554 2974">
     <span class='ocr_line' id='line_1_61' title="bbox 1973 2896 3554 2974; baseline -0.001 -18"><span class='ocrx_word' id='word_1_445' title='bbox 1973 2902 2276 2974; x_wconf 82' lang='lat' dir='ltr'><strong>profectam</strong></span> <span class='ocrx_word' id='word_1_446' title='bbox 2308 2896 2555 2971; x_wconf 85' lang='lat' dir='ltr'><strong>corporis</strong></span> <span class='ocrx_word' id='word_1_447' title='bbox 2580 2902 2981 2966; x_wconf 81' lang='lat' dir='ltr'><strong>formationem,</strong></span> <span class='ocrx_word' id='word_1_448' title='bbox 3016 2902 3195 2959; x_wconf 91' lang='lat' dir='ltr'><strong>inesse</strong></span> <span class='ocrx_word' id='word_1_449' title='bbox 3226 2902 3354 2956; x_wconf 86' lang='lat' dir='ltr'><strong>huic</strong></span> <span class='ocrx_word' id='word_1_450' title='bbox 3382 2900 3554 2955; x_wconf 71' lang='lat' dir='ltr'><strong>facul~</strong></span> 
     </span>
    </p>
   </div>
   <div class='ocr_carea' id='block_1_62' title="bbox 293 2982 1868 3073">
    <p class='ocr_par' dir='ltr' id='par_1_62' title="bbox 293 2982 1865 3065">
     <span class='ocr_line' id='line_1_62' title="bbox 293 2982 1865 3065; baseline -0.007 -14"><span class='ocrx_word' id='word_1_451' title='bbox 293 2994 722 3065; x_wconf 73' lang='grc' dir='ltr'>ὲκφαινομένην,</span> <span class='ocrx_word' id='word_1_452' title='bbox 760 2990 995 3059; x_wconf 79' lang='grc' dir='ltr'>καθεξῆς</span> <span class='ocrx_word' id='word_1_453' title='bbox 1020 2990 1076 3043; x_wconf 86' lang='grc' dir='ltr'>δὲ</span> <span class='ocrx_word' id='word_1_454' title='bbox 1115 2992 1179 3061; x_wconf 80' lang='grc' dir='ltr'>τῇ</span> <span class='ocrx_word' id='word_1_455' title='bbox 1192 2982 1305 3041; x_wconf 60' lang='grc' dir='ltr'>“τοῦ</span> <span class='ocrx_word' id='word_1_456' title='bbox 1335 2987 1567 3060; x_wconf 81' lang='grc' dir='ltr'>ὀργάνου</span> <span class='ocrx_word' id='word_1_457' title='bbox 1591 2986 1865 3041; x_wconf 79' lang='grc' dir='ltr'>τελειώσει</span> 
     </span>
    </p>
   </div>
   <div class='ocr_carea' id='block_1_63' title="bbox 1971 2982 3553 3073">
    <p class='ocr_par' dir='ltr' id='par_1_63' title="bbox 1974 2990 3553 3064">
     <span class='ocr_line' id='line_1_63' title="bbox 1974 2990 3553 3064; baseline -0.001 -18"><span class='ocrx_word' id='word_1_458' title='bbox 1974 2999 2136 3047; x_wconf 88' lang='lat' dir='ltr'><strong>tatem</strong></span> <span class='ocrx_word' id='word_1_459' title='bbox 2171 2992 2340 3047; x_wconf 88' lang='lat' dir='ltr'><strong>animi</strong></span> <span class='ocrx_word' id='word_1_460' title='bbox 2381 2991 2711 3057; x_wconf 87' lang='lat' dir='ltr'><strong>ostenditur,</strong></span> <span class='ocrx_word' id='word_1_461' title='bbox 2761 3001 3113 3064; x_wconf 81' lang='lat' dir='ltr'><strong>apparentem</strong></span> <span class='ocrx_word' id='word_1_462' title='bbox 3154 2992 3304 3046; x_wconf 88' lang='lat' dir='ltr'><strong>illam</strong></span> <span class='ocrx_word' id='word_1_463' title='bbox 3333 2990 3553 3061; x_wconf 87' lang='lat' dir='ltr'><strong>quidem</strong></span> 
     </span>
    </p>
   </div>
   <div class='ocr_carea' id='block_1_64' title="bbox 289 3075 1868 3155">
    <p class='ocr_par' dir='ltr' id='par_1_64' title="bbox 289 3075 1867 3155">
     <span class='ocr_line' id='line_1_64' title="bbox 289 3075 1867 3155; baseline -0.006 -15"><span class='ocrx_word' id='word_1_464' title='bbox 289 3084 842 3155; x_wconf 84' lang='grc' dir='ltr'>συναναλάμπουσαν.</span> <span class='ocrx_word' id='word_1_465' title='bbox 875 3078 998 3134; x_wconf 78' lang='grc' dir='ltr'>Οἷον</span> <span class='ocrx_word' id='word_1_466' title='bbox 1025 3079 1081 3133; x_wconf 81' lang='grc' dir='ltr'>δὲ</span> <span class='ocrx_word' id='word_1_467' title='bbox 1110 3079 1202 3131; x_wconf 74' lang='grc' dir='ltr'><strong>ἐπὶ</strong></span> <span class='ocrx_word' id='word_1_468' title='bbox 1224 3078 1331 3131; x_wconf 86' lang='grc' dir='ltr'><strong>τῶν</strong></span> <span class='ocrx_word' id='word_1_469' title='bbox 1358 3076 1693 3146; x_wconf 61' lang='grc' dir='ltr'>λιθογλύφων</span> <span class='ocrx_word' id='word_1_470' title='bbox 1722 3075 1867 3131; x_wconf 80' lang='grc' dir='ltr'>ἔστιν</span> 
     </span>
    </p>
   </div>
   <div class='ocr_carea' id='block_1_65' title="bbox 1971 3075 3551 3155">
    <p class='ocr_par' dir='ltr' id='par_1_65' title="bbox 1971 3082 3551 3153">
     <span class='ocr_line' id='line_1_65' title="bbox 1971 3082 3551 3153; baseline -0.003 -14"><span class='ocrx_word' id='word_1_471' title='bbox 1971 3084 2383 3153; x_wconf 85' lang='lat' dir='ltr'><strong>obscuriuscule</strong></span> <span class='ocrx_word' id='word_1_472' title='bbox 2430 3084 2532 3138; x_wconf 92' lang='lat' dir='ltr'><strong>sub</strong></span> <span class='ocrx_word' id='word_1_473' title='bbox 2573 3084 2814 3149; x_wconf 92' lang='lat' dir='ltr'><strong>initium,</strong></span> <span class='ocrx_word' id='word_1_474' title='bbox 2846 3085 2940 3139; x_wconf 90' lang='lat' dir='ltr'><strong>sed</strong></span> <span class='ocrx_word' id='word_1_475' title='bbox 2968 3084 3166 3139; x_wconf 87' lang='lat' dir='ltr'><strong>deinde</strong></span> <span class='ocrx_word' id='word_1_476' title='bbox 3195 3082 3444 3152; x_wconf 82' lang='lat' dir='ltr'><strong>corporis</strong></span> <span class='ocrx_word' id='word_1_477' title='bbox 3473 3084 3551 3135; x_wconf 84' lang='lat' dir='ltr'><strong>iu-</strong></span> 
     </span>
    </p>
   </div>
   <div class='ocr_carea' id='block_1_66' title="bbox 292 3161 1868 3244">
    <p class='ocr_par' dir='ltr' id='par_1_66' title="bbox 292 3161 1868 3244">
     <span class='ocr_line' id='line_1_66' title="bbox 292 3161 1868 3244; baseline -0.008 -15"><span class='ocrx_word' id='word_1_478' title='bbox 292 3176 441 3229; x_wconf 70' lang='grc' dir='ltr'>ἰδεῖν.</span> <span class='ocrx_word' id='word_1_479' title='bbox 483 3173 786 3244; x_wconf 77' lang='grc' dir='ltr'>Πρόκειται</span> <span class='ocrx_word' id='word_1_480' title='bbox 819 3170 918 3241; x_wconf 85' lang='grc' dir='ltr'>μὲν</span> <span class='ocrx_word' id='word_1_481' title='bbox 945 3168 1054 3241; x_wconf 77' lang='grc' dir='ltr'>γὰρ</span> <span class='ocrx_word' id='word_1_482' title='bbox 1091 3166 1169 3238; x_wconf 83' lang='grc' dir='ltr'>τῷ</span> <span class='ocrx_word' id='word_1_483' title='bbox 1195 3167 1414 3239; x_wconf 78' lang='grc' dir='ltr'>τεχνίτῃ</span> <span class='ocrx_word' id='word_1_484' title='bbox 1444 3165 1581 3230; x_wconf 77' lang='grc' dir='ltr'>ζώου</span> <span class='ocrx_word' id='word_1_485' title='bbox 1609 3165 1757 3230; x_wconf 83' lang='grc' dir='ltr'>τινὸς</span> <span class='ocrx_word' id='word_1_486' title='bbox 1787 3161 1868 3218; x_wconf 75' lang='grc' dir='ltr'><strong>εἷο</strong></span> 
     </span>
    </p>
   </div>
   <div class='ocr_carea' id='block_1_67' title="bbox 1971 3161 3552 3244">
    <p class='ocr_par' dir='ltr' id='par_1_67' title="bbox 1971 3169 3552 3243">
     <span class='ocr_line' id='line_1_67' title="bbox 1971 3169 3552 3243; baseline -0.001 -15"><span class='ocrx_word' id='word_1_487' title='bbox 1971 3181 2272 3228; x_wconf 82' lang='lat' dir='ltr'><strong>strumento</strong></span> <span class='ocrx_word' id='word_1_488' title='bbox 2301 3173 2458 3243; x_wconf 91' lang='lat' dir='ltr'><strong>plane</strong></span> <span class='ocrx_word' id='word_1_489' title='bbox 2484 3174 2737 3228; x_wconf 89' lang='lat' dir='ltr'><strong>absoluto</strong></span> <span class='ocrx_word' id='word_1_490' title='bbox 2760 3174 3065 3229; x_wconf 82' lang='lat' dir='ltr'><strong>clarissime</strong></span> <span class='ocrx_word' id='word_1_491' title='bbox 3093 3169 3552 3242; x_wconf 86' lang='lat' dir='ltr'><strong>resplendentem.</strong></span> 
     </span>
    </p>
   </div>
   <div class='ocr_carea' id='block_1_68' title="bbox 287 3255 1868 3334">
    <p class='ocr_par' dir='ltr' id='par_1_68' title="bbox 287 3255 1868 3334">
     <span class='ocr_line' id='line_1_68' title="bbox 287 3255 1868 3334; baseline -0.008 -14"><span class='ocrx_word' id='word_1_492' title='bbox 287 3267 376 3329; x_wconf 78' lang='grc' dir='ltr'><strong>δος</strong></span> <span class='ocrx_word' id='word_1_493' title='bbox 409 3267 469 3318; x_wconf 79' lang='grc' dir='ltr'>ὲν</span> <span class='ocrx_word' id='word_1_494' title='bbox 493 3264 627 3334; x_wconf 83' lang='grc' dir='ltr'>λίθῳ</span> <span class='ocrx_word' id='word_1_495' title='bbox 647 3262 837 3328; x_wconf 76' lang='grc' dir='ltr'>δεῖξαι·</span> <span class='ocrx_word' id='word_1_496' title='bbox 868 3259 1026 3313; x_wconf 88' lang='grc' dir='ltr'>τοῦτο</span> <span class='ocrx_word' id='word_1_497' title='bbox 1052 3258 1109 3311; x_wconf 82' lang='grc' dir='ltr'>δὲ</span> <span class='ocrx_word' id='word_1_498' title='bbox 1140 3257 1498 3329; x_wconf 87' lang='grc' dir='ltr'>προθέμενος,</span> <span class='ocrx_word' id='word_1_499' title='bbox 1533 3255 1747 3326; x_wconf 83' lang='grc' dir='ltr'>πρῶτον</span> <span class='ocrx_word' id='word_1_500' title='bbox 1771 3255 1868 3325; x_wconf 83' lang='grc' dir='ltr'>μὲν</span> 
     </span>
    </p>
   </div>
   <div class='ocr_carea' id='block_1_69' title="bbox 1971 3255 3552 3334">
    <p class='ocr_par' dir='ltr' id='par_1_69' title="bbox 1971 3261 3552 3333">
     <span class='ocr_line' id='line_1_69' title="bbox 1971 3261 3552 3333; baseline 0 -17"><span class='ocrx_word' id='word_1_501' title='bbox 1971 3261 2115 3318; x_wconf 87' lang='lat' dir='ltr'><strong>Licet</strong></span> <span class='ocrx_word' id='word_1_502' title='bbox 2149 3262 2330 3318; x_wconf 87' lang='lat' dir='ltr'><strong>simile</strong></span> <span class='ocrx_word' id='word_1_503' title='bbox 2362 3262 2621 3333; x_wconf 89' lang='lat' dir='ltr'><strong>quiddam</strong></span> <span class='ocrx_word' id='word_1_504' title='bbox 2658 3265 3049 3319; x_wconf 79' lang='lat' dir='ltr'><strong>statuariOrurn</strong></span> <span class='ocrx_word' id='word_1_505' title='bbox 3102 3263 3156 3317; x_wconf 92' lang='lat' dir='ltr'><strong>in</strong></span> <span class='ocrx_word' id='word_1_506' title='bbox 3200 3272 3315 3317; x_wconf 90' lang='lat' dir='ltr'><strong>arte</strong></span> <span class='ocrx_word' id='word_1_507' title='bbox 3346 3262 3552 3332; x_wconf 85' lang='lat' dir='ltr'><strong>perspi-</strong></span> 
     </span>
    </p>
   </div>
   <div class='ocr_carea' id='block_1_70' title="bbox 289 3342 1871 3422">
    <p class='ocr_par' dir='ltr' id='par_1_70' title="bbox 289 3342 1871 3422">
     <span class='ocr_line' id='line_1_70' title="bbox 289 3342 1871 3422; baseline -0.007 -14"><span class='ocrx_word' id='word_1_508' title='bbox 289 3357 378 3409; x_wconf 68' lang='grc' dir='ltr'><strong>τὸν</strong></span> <span class='ocrx_word' id='word_1_509' title='bbox 404 3355 559 3407; x_wconf 82' lang='grc' dir='ltr'>λίθον</span> <span class='ocrx_word' id='word_1_510' title='bbox 586 3353 687 3422; x_wconf 82' lang='grc' dir='ltr'>τῆς</span> <span class='ocrx_word' id='word_1_511' title='bbox 718 3348 998 3420; x_wconf 78' lang='grc' dir='ltr'>συμφυοῦς</span> <span class='ocrx_word' id='word_1_512' title='bbox 1027 3348 1158 3420; x_wconf 79' lang='grc' dir='ltr'>ὕλης</span> <span class='ocrx_word' id='word_1_513' title='bbox 1184 3348 1494 3420; x_wconf 71' lang='grc' dir='ltr'>ἀπέρρηξεν</span> <span class='ocrx_word' id='word_1_514' title='bbox 1521 3363 1534 3377; x_wconf 78' lang='grc' dir='ltr'><strong>ο</strong></span> <span class='ocrx_word' id='word_1_515' title='bbox 1570 3342 1691 3400; x_wconf 74' lang='grc' dir='ltr'>εἷτα</span> <span class='ocrx_word' id='word_1_516' title='bbox 1721 3362 1871 3417; x_wconf 88' lang='grc' dir='ltr'>περι-</span> 
     </span>
    </p>
   </div>
   <div class='ocr_carea' id='block_1_71' title="bbox 288 3434 1872 3516">
    <p class='ocr_par' dir='ltr' id='par_1_71' title="bbox 288 3434 1872 3516">
     <span class='ocr_line' id='line_1_71' title="bbox 288 3434 1872 3516; baseline -0.007 -17"><span class='ocrx_word' id='word_1_517' title='bbox 288 3446 461 3516; x_wconf 68' lang='grc' dir='ltr'>κόψας</span> <span class='ocrx_word' id='word_1_518' title='bbox 488 3443 657 3498; x_wconf 85' lang='grc' dir='ltr'>αὐτοῦ</span> <span class='ocrx_word' id='word_1_519' title='bbox 678 3442 748 3495; x_wconf 81' lang='grc' dir='ltr'>τὰ</span> <span class='ocrx_word' id='word_1_520' title='bbox 777 3441 1026 3513; x_wconf 71' lang='grc' dir='ltr'>περιττὰ,</span> <span class='ocrx_word' id='word_1_521' title='bbox 1054 3439 1333 3511; x_wconf 89' lang='grc' dir='ltr'>προήγαγέ</span> <span class='ocrx_word' id='word_1_522' title='bbox 1362 3455 1478 3502; x_wconf 91' lang='grc' dir='ltr'><strong>πως</strong></span> <span class='ocrx_word' id='word_1_523' title='bbox 1499 3436 1587 3490; x_wconf 71' lang='grc' dir='ltr'>διὰ</span> <span class='ocrx_word' id='word_1_524' title='bbox 1613 3435 1707 3490; x_wconf 90' lang='grc' dir='ltr'><strong>τοῦ</strong></span> <span class='ocrx_word' id='word_1_525' title='bbox 1729 3434 1872 3506; x_wconf 87' lang='grc' dir='ltr'>πρώ-</span> 
     </span>
    </p>
   </div>
   <div class='ocr_carea' id='block_1_72' title="bbox 289 3525 1867 3607">
    <p class='ocr_par' dir='ltr' id='par_1_72' title="bbox 289 3525 1867 3607">
     <span class='ocr_line' id='line_1_72' title="bbox 289 3525 1867 3607; baseline -0.008 -18"><span class='ocrx_word' id='word_1_526' title='bbox 289 3552 381 3590; x_wconf 80' lang='grc' dir='ltr'><strong>του</strong></span> <span class='ocrx_word' id='word_1_527' title='bbox 425 3536 714 3607; x_wconf 79' lang='grc' dir='ltr'>σχήματος</span> <span class='ocrx_word' id='word_1_528' title='bbox 756 3534 823 3602; x_wconf 81' lang='grc' dir='ltr'>τῇ</span> <span class='ocrx_word' id='word_1_529' title='bbox 857 3530 1084 3602; x_wconf 81' lang='grc' dir='ltr'>μιμήσει</span> <span class='ocrx_word' id='word_1_530' title='bbox 1114 3532 1181 3600; x_wconf 78' lang='grc' dir='ltr'>τῇ</span> <span class='ocrx_word' id='word_1_531' title='bbox 1213 3527 1355 3581; x_wconf 74' lang='grc' dir='ltr'>κατὰ</span> <span class='ocrx_word' id='word_1_532' title='bbox 1398 3526 1678 3598; x_wconf 83' lang='grc' dir='ltr'>πρόθεσιν,</span> <span class='ocrx_word' id='word_1_533' title='bbox 1725 3525 1867 3579; x_wconf 84' lang='grc' dir='ltr'>ὥστε</span> 
     </span>
    </p>
   </div>
   <div class='ocr_carea' id='block_1_73' title="bbox 288 3614 1867 3692">
    <p class='ocr_par' dir='ltr' id='par_1_73' title="bbox 288 3614 1867 3692">
     <span class='ocr_line' id='line_1_73' title="bbox 288 3614 1867 3692; baseline -0.009 -12"><span class='ocrx_word' id='word_1_534' title='bbox 288 3625 385 3682; x_wconf 72' lang='grc' dir='ltr'>καὶ</span> <span class='ocrx_word' id='word_1_535' title='bbox 408 3624 507 3678; x_wconf 69' lang='grc' dir='ltr'>τὸν</span> <span class='ocrx_word' id='word_1_536' title='bbox 539 3623 765 3692; x_wconf 78' lang='grc' dir='ltr'>ἄπειρον</span> <span class='ocrx_word' id='word_1_537' title='bbox 785 3619 873 3672; x_wconf 76' lang='grc' dir='ltr'>διὰ</span> <span class='ocrx_word' id='word_1_538' title='bbox 900 3618 1009 3684; x_wconf 81' lang='grc' dir='ltr'><strong>τῷν</strong></span> <span class='ocrx_word' id='word_1_539' title='bbox 1034 3616 1374 3686; x_wconf 80' lang='grc' dir='ltr'>φαινομένων</span> <span class='ocrx_word' id='word_1_540' title='bbox 1399 3614 1493 3668; x_wconf 89' lang='grc' dir='ltr'><strong>τοῦ</strong></span> <span class='ocrx_word' id='word_1_541' title='bbox 1534 3614 1738 3668; x_wconf 82' lang='grc' dir='ltr'>σκοποῦ</span> <span class='ocrx_word' id='word_1_542' title='bbox 1764 3615 1867 3685; x_wconf 86' lang='grc' dir='ltr'><strong>τῆς</strong></span> 
     </span>
    </p>
   </div>
   <div class='ocr_carea' id='block_1_74' title="bbox 289 3706 1863 3788">
    <p class='ocr_par' dir='ltr' id='par_1_74' title="bbox 289 3706 1863 3788">
     <span class='ocr_line' id='line_1_74' title="bbox 289 3706 1863 3788; baseline -0.008 -19"><span class='ocrx_word' id='word_1_543' title='bbox 289 3718 486 3788; x_wconf 81' lang='grc' dir='ltr'>τέχνης</span> <span class='ocrx_word' id='word_1_544' title='bbox 538 3709 1070 3781; x_wconf 85' lang='grc' dir='ltr'>καταστοχάσασθαι.</span> <span class='ocrx_word' id='word_1_545' title='bbox 1141 3707 1310 3760; x_wconf 86' lang='grc' dir='ltr'>Πάλιν</span> <span class='ocrx_word' id='word_1_546' title='bbox 1363 3706 1816 3777; x_wconf 81' lang='grc' dir='ltr'>ὲπεργασάμενος</span> <span class='ocrx_word' id='word_1_547' title='bbox 1847 3744 1863 3771; x_wconf 86' lang='grc'><strong>,</strong></span> 
     </span>
    </p>
   </div>
   <div class='ocr_carea' id='block_1_75' title="bbox 290 3795 1864 3878">
    <p class='ocr_par' dir='ltr' id='par_1_75' title="bbox 290 3795 1864 3878">
     <span class='ocr_line' id='line_1_75' title="bbox 290 3795 1864 3878; baseline -0.006 -18"><span class='ocrx_word' id='word_1_548' title='bbox 290 3807 635 3878; x_wconf 81' lang='grc' dir='ltr'>προσήγγισε</span> <span class='ocrx_word' id='word_1_549' title='bbox 671 3802 832 3856; x_wconf 84' lang='grc' dir='ltr'>πλέον</span> <span class='ocrx_word' id='word_1_550' title='bbox 868 3803 934 3872; x_wconf 75' lang='grc' dir='ltr'>τῇ</span> <span class='ocrx_word' id='word_1_551' title='bbox 961 3800 1237 3870; x_wconf 76' lang='grc' dir='ltr'>ὁμοιότητι</span> <span class='ocrx_word' id='word_1_552' title='bbox 1266 3795 1360 3850; x_wconf 87' lang='grc' dir='ltr'><strong>τοῦ</strong></span> <span class='ocrx_word' id='word_1_553' title='bbox 1407 3795 1864 3868; x_wconf 75' lang='grc' dir='ltr'>σπουδαζομένου.</span> 
     </span>
    </p>
   </div>
   <div class='ocr_carea' id='block_1_76' title="bbox 293 3889 1863 3962">
    <p class='ocr_par' dir='ltr' id='par_1_76' title="bbox 293 3889 1863 3962">
     <span class='ocr_line' id='line_1_76' title="bbox 293 3889 1863 3962; baseline -0.008 -10"><span class='ocrx_word' id='word_1_554' title='bbox 293 3895 425 3952; x_wconf 75' lang='grc' dir='ltr'>Εἶτα</span> <span class='ocrx_word' id='word_1_555' title='bbox 443 3898 505 3951; x_wconf 74' lang='grc' dir='ltr'><strong>τὸ</strong></span> <span class='ocrx_word' id='word_1_556' title='bbox 538 3898 741 3950; x_wconf 83' lang='grc' dir='ltr'>τέλειον</span> <span class='ocrx_word' id='word_1_557' title='bbox 764 3895 859 3946; x_wconf 77' lang='grc' dir='ltr'>καὶ</span> <span class='ocrx_word' id='word_1_558' title='bbox 878 3892 1103 3962; x_wconf 75' lang='grc' dir='ltr'>ἀκριϐὲς</span> <span class='ocrx_word' id='word_1_559' title='bbox 1126 3890 1264 3953; x_wconf 86' lang='grc' dir='ltr'>εἶδος</span> <span class='ocrx_word' id='word_1_560' title='bbox 1303 3891 1767 3960; x_wconf 81' lang='grc' dir='ltr'>ὲγχειρουργήσας</span> <span class='ocrx_word' id='word_1_561' title='bbox 1799 3889 1863 3958; x_wconf 79' lang='grc' dir='ltr'>τῇ</span> 
     </span>
    </p>
   </div>
   <div class='ocr_carea' id='block_1_77' title="bbox 292 3980 1864 4062">
    <p class='ocr_par' dir='ltr' id='par_1_77' title="bbox 292 3980 1864 4062">
     <span class='ocr_line' id='line_1_77' title="bbox 292 3980 1864 4062; baseline -0.006 -19"><span class='ocrx_word' id='word_1_562' title='bbox 292 3990 412 4062; x_wconf 73' lang='grc' dir='ltr'>ὕλῃ,</span> <span class='ocrx_word' id='word_1_563' title='bbox 443 3991 526 4052; x_wconf 87' lang='grc' dir='ltr'><strong>είς</strong></span> <span class='ocrx_word' id='word_1_564' title='bbox 555 3987 730 4059; x_wconf 80' lang='grc' dir='ltr'>πέρας</span> <span class='ocrx_word' id='word_1_565' title='bbox 751 3985 848 4057; x_wconf 81' lang='grc' dir='ltr'>τὴν</span> <span class='ocrx_word' id='word_1_566' title='bbox 875 3984 1068 4053; x_wconf 78' lang='grc' dir='ltr'>τέχνην</span> <span class='ocrx_word' id='word_1_567' title='bbox 1096 3982 1377 4057; x_wconf 79' lang='grc' dir='ltr'>προήγαγε</span> <span class='ocrx_word' id='word_1_568' title='bbox 1403 3995 1416 4011; x_wconf 76' lang='grc'><strong><em>⁸</em></strong></span> <span class='ocrx_word' id='word_1_569' title='bbox 1450 3981 1543 4034; x_wconf 75' lang='grc' dir='ltr'>καὶ</span> <span class='ocrx_word' id='word_1_570' title='bbox 1571 3980 1684 4034; x_wconf 75' lang='grc' dir='ltr'>ἔστι</span> <span class='ocrx_word' id='word_1_571' title='bbox 1707 3980 1864 4047; x_wconf 87' lang='grc' dir='ltr'>λέων,</span> 
     </span>
    </p>
   </div>
   <div class='ocr_carea' id='block_1_78' title="bbox 1965 3353 3546 3425">
    <p class='ocr_par' dir='ltr' id='par_1_78' title="bbox 1965 3353 3546 3425">
     <span class='ocr_line' id='line_1_78' title="bbox 1965 3353 3546 3425; baseline -0.003 -14"><span class='ocrx_word' id='word_1_572' title='bbox 1965 3371 2108 3411; x_wconf 89' lang='lat' dir='ltr'><strong>cere.</strong></span> <span class='ocrx_word' id='word_1_573' title='bbox 2139 3353 2275 3408; x_wconf 86' lang='lat' dir='ltr'><strong>Nam</strong></span> <span class='ocrx_word' id='word_1_574' title='bbox 2301 3364 2421 3409; x_wconf 90' lang='lat' dir='ltr'><strong>esto</strong></span> <span class='ocrx_word' id='word_1_575' title='bbox 2450 3355 2701 3409; x_wconf 90' lang='lat' dir='ltr'><strong>animalis</strong></span> <span class='ocrx_word' id='word_1_576' title='bbox 2732 3354 3017 3425; x_wconf 84' lang='lat' dir='ltr'><strong>cujusdam</strong></span> <span class='ocrx_word' id='word_1_577' title='bbox 3042 3354 3236 3409; x_wconf 90' lang='lat' dir='ltr'><strong>artilici</strong></span> <span class='ocrx_word' id='word_1_578' title='bbox 3260 3354 3546 3423; x_wconf 84' lang='lat' dir='ltr'><strong>proposita</strong></span> 
     </span>
    </p>
   </div>
   <div class='ocr_carea' id='block_1_79' title="bbox 1973 3444 3553 3516">
    <p class='ocr_par' dir='ltr' id='par_1_79' title="bbox 1973 3444 3553 3516">
     <span class='ocr_line' id='line_1_79' title="bbox 1973 3444 3553 3516; baseline -0.005 -15"><span class='ocrx_word' id='word_1_579' title='bbox 1973 3448 2117 3509; x_wconf 87' lang='lat' dir='ltr'><strong>idea,</strong></span> <span class='ocrx_word' id='word_1_580' title='bbox 2152 3461 2316 3516; x_wconf 86' lang='lat' dir='ltr'><strong>quam</strong></span> <span class='ocrx_word' id='word_1_581' title='bbox 2344 3445 2432 3500; x_wconf 91' lang='lat' dir='ltr'><strong>ille</strong></span> <span class='ocrx_word' id='word_1_582' title='bbox 2458 3445 2640 3514; x_wconf 86' lang='lat' dir='ltr'><strong>cupiat</strong></span> <span class='ocrx_word' id='word_1_583' title='bbox 2672 3444 2726 3498; x_wconf 91' lang='lat' dir='ltr'><strong>in</strong></span> <span class='ocrx_word' id='word_1_584' title='bbox 2753 3459 2885 3499; x_wconf 80' lang='lat' dir='ltr'><strong>saxo</strong></span> <span class='ocrx_word' id='word_1_585' title='bbox 2907 3444 3231 3514; x_wconf 82' lang='lat' dir='ltr'><strong>exprimere,</strong></span> <span class='ocrx_word' id='word_1_586' title='bbox 3265 3450 3553 3512; x_wconf 85' lang='lat' dir='ltr'><strong>postquam</strong></span> 
     </span>
    </p>
   </div>
   <div class='ocr_carea' id='block_1_80' title="bbox 1977 3530 3551 3605">
    <p class='ocr_par' dir='ltr' id='par_1_80' title="bbox 1977 3530 3551 3605">
     <span class='ocr_line' id='line_1_80' title="bbox 1977 3530 3551 3605; baseline -0.003 -15"><span class='ocrx_word' id='word_1_587' title='bbox 1977 3538 2079 3590; x_wconf 89' lang='lat' dir='ltr'><strong>hoc</strong></span> <span class='ocrx_word' id='word_1_588' title='bbox 2106 3536 2249 3605; x_wconf 87' lang='lat' dir='ltr'><strong>apud</strong></span> <span class='ocrx_word' id='word_1_589' title='bbox 2275 3535 2516 3588; x_wconf 84' lang='lat' dir='ltr'><strong>animum</strong></span> <span class='ocrx_word' id='word_1_590' title='bbox 2547 3533 2755 3597; x_wconf 88' lang='lat' dir='ltr'><strong>statuit,</strong></span> <span class='ocrx_word' id='word_1_591' title='bbox 2813 3534 3050 3603; x_wconf 88' lang='lat' dir='ltr'><strong>primum</strong></span> <span class='ocrx_word' id='word_1_592' title='bbox 3097 3530 3166 3585; x_wconf 89' lang='lat' dir='ltr'><strong>de</strong></span> <span class='ocrx_word' id='word_1_593' title='bbox 3202 3531 3431 3585; x_wconf 85' lang='lat' dir='ltr'><strong>materie</strong></span> <span class='ocrx_word' id='word_1_594' title='bbox 3460 3546 3551 3585; x_wconf 64' lang='grc' dir='ltr'>εοπ</span> 
     </span>
    </p>
   </div>
   <div class='ocr_carea' id='block_1_81' title="bbox 1978 3606 3557 3695">
    <p class='ocr_par' dir='ltr' id='par_1_81' title="bbox 1978 3606 3557 3695">
     <span class='ocr_line' id='line_1_81' title="bbox 1978 3606 3557 3695; baseline -0.003 -16"><span class='ocrx_word' id='word_1_595' title='bbox 1978 3633 2142 3695; x_wconf 78' lang='lat' dir='ltr'><strong>gnata</strong></span> <span class='ocrx_word' id='word_1_596' title='bbox 2186 3623 2418 3694; x_wconf 77' lang='lat' dir='ltr'><strong>lapidem</strong></span> <span class='ocrx_word' id='word_1_597' title='bbox 2454 3621 2760 3676; x_wconf 89' lang='lat' dir='ltr'><strong>abscindit:</strong></span> <span class='ocrx_word' id='word_1_598' title='bbox 2815 3606 3012 3675; x_wconf 77' lang='lat' dir='ltr'><strong>deinde</strong></span> <span class='ocrx_word' id='word_1_599' title='bbox 3057 3618 3350 3689; x_wconf 81' lang='lat' dir='ltr'><strong>superﬂuis</strong></span> <span class='ocrx_word' id='word_1_600' title='bbox 3399 3634 3557 3689; x_wconf 84' lang='lat' dir='ltr'><strong>quaSI</strong></span> 
     </span>
    </p>
   </div>
   <div class='ocr_carea' id='block_1_82' title="bbox 1978 3710 3550 3783">
    <p class='ocr_par' dir='ltr' id='par_1_82' title="bbox 1978 3710 3550 3783">
     <span class='ocr_line' id='line_1_82' title="bbox 1978 3710 3550 3783; baseline -0.002 -15"><span class='ocrx_word' id='word_1_601' title='bbox 1978 3716 2294 3783; x_wconf 83' lang='lat' dir='ltr'><strong>amputatis,</strong></span> <span class='ocrx_word' id='word_1_602' title='bbox 2328 3712 2564 3783; x_wconf 89' lang='lat' dir='ltr'><strong>quodam</strong></span> <span class='ocrx_word' id='word_1_603' title='bbox 2589 3710 2750 3764; x_wconf 88' lang='lat' dir='ltr'><strong>modo</strong></span> <span class='ocrx_word' id='word_1_604' title='bbox 2780 3710 2967 3765; x_wconf 90' lang='lat' dir='ltr'><strong>rudem</strong></span> <span class='ocrx_word' id='word_1_605' title='bbox 2997 3710 3046 3764; x_wconf 90' lang='lat' dir='ltr'><strong>ei</strong></span> <span class='ocrx_word' id='word_1_606' title='bbox 3076 3710 3303 3763; x_wconf 89' lang='lat' dir='ltr'><strong>formam</strong></span> <span class='ocrx_word' id='word_1_607' title='bbox 3333 3711 3399 3764; x_wconf 92' lang='lat' dir='ltr'><strong>ad</strong></span> <span class='ocrx_word' id='word_1_608' title='bbox 3423 3710 3550 3765; x_wconf 76' lang='lat' dir='ltr'><strong>ideae</strong></span> 
     </span>
    </p>
   </div>
   <div class='ocr_carea' id='block_1_83' title="bbox 1988 3801 3551 3870">
    <p class='ocr_par' dir='ltr' id='par_1_83' title="bbox 1988 3801 3551 3870">
     <span class='ocr_line' id='line_1_83' title="bbox 1988 3801 3551 3870; baseline -0.003 -11"><span class='ocrx_word' id='word_1_609' title='bbox 1988 3806 2342 3859; x_wconf 86' lang='lat' dir='ltr'><strong>simulacrum</strong></span> <span class='ocrx_word' id='word_1_610' title='bbox 2366 3802 2549 3855; x_wconf 89' lang='lat' dir='ltr'><strong>animo</strong></span> <span class='ocrx_word' id='word_1_611' title='bbox 2577 3808 2900 3869; x_wconf 88' lang='lat' dir='ltr'><strong>conceptum</strong></span> <span class='ocrx_word' id='word_1_612' title='bbox 2927 3801 3168 3854; x_wconf 80' lang='lat' dir='ltr'><strong>inducit:</strong></span> <span class='ocrx_word' id='word_1_613' title='bbox 3194 3801 3260 3854; x_wconf 92' lang='lat' dir='ltr'><strong>de</strong></span> <span class='ocrx_word' id='word_1_614' title='bbox 3294 3801 3396 3853; x_wconf 85' lang='lat' dir='ltr'><strong>hac</strong></span> <span class='ocrx_word' id='word_1_615' title='bbox 3439 3801 3551 3870; x_wconf 89' lang='lat' dir='ltr'><strong>jam</strong></span> 
     </span>
    </p>
   </div>
   <div class='ocr_carea' id='block_1_84' title="bbox 1971 3891 3548 3968">
    <p class='ocr_par' dir='ltr' id='par_1_84' title="bbox 1971 3891 3548 3968">
     <span class='ocr_line' id='line_1_84' title="bbox 1971 3891 3548 3968; baseline -0.003 -17"><span class='ocrx_word' id='word_1_616' title='bbox 1971 3898 2059 3952; x_wconf 78' lang='lat' dir='ltr'><strong>vel</strong></span> <span class='ocrx_word' id='word_1_617' title='bbox 2089 3898 2314 3968; x_wconf 75' lang='lat' dir='ltr'><strong>ignarus</strong></span> <span class='ocrx_word' id='word_1_618' title='bbox 2344 3894 2616 3965; x_wconf 87' lang='lat' dir='ltr'><strong>quispiam</strong></span> <span class='ocrx_word' id='word_1_619' title='bbox 2650 3892 2866 3947; x_wconf 82' lang='lat' dir='ltr'><strong>consilii</strong></span> <span class='ocrx_word' id='word_1_620' title='bbox 2893 3892 3141 3955; x_wconf 81' lang='lat' dir='ltr'><strong>artificis,</strong></span> <span class='ocrx_word' id='word_1_621' title='bbox 3176 3891 3395 3962; x_wconf 88' lang='lat' dir='ltr'><strong>assequi</strong></span> <span class='ocrx_word' id='word_1_622' title='bbox 3430 3907 3548 3947; x_wconf 81' lang='lat' dir='ltr'><strong>con-</strong></span> 
     </span>
    </p>
   </div>
   <div class='ocr_carea' id='block_1_85' title="bbox 1967 3981 3551 4059">
    <p class='ocr_par' dir='ltr' id='par_1_85' title="bbox 1967 3981 3551 4059">
     <span class='ocr_line' id='line_1_85' title="bbox 1967 3981 3551 4059; baseline -0.005 -16"><span class='ocrx_word' id='word_1_623' title='bbox 1967 3987 2175 4059; x_wconf 88' lang='lat' dir='ltr'><strong>jeetura</strong></span> <span class='ocrx_word' id='word_1_624' title='bbox 2224 3994 2424 4057; x_wconf 84' lang='lat' dir='ltr'><strong>potest,</strong></span> <span class='ocrx_word' id='word_1_625' title='bbox 2472 3985 2603 4055; x_wconf 88' lang='lat' dir='ltr'><strong>quid</strong></span> <span class='ocrx_word' id='word_1_626' title='bbox 2652 3985 2834 4054; x_wconf 91' lang='lat' dir='ltr'><strong>operis</strong></span> <span class='ocrx_word' id='word_1_627' title='bbox 2870 3982 3192 4038; x_wconf 88' lang='lat' dir='ltr'><strong>instituerit.</strong></span> <span class='ocrx_word' id='word_1_628' title='bbox 3250 3981 3348 4037; x_wconf 87' lang='lat' dir='ltr'><strong>Ille</strong></span> <span class='ocrx_word' id='word_1_629' title='bbox 3388 3997 3551 4053; x_wconf 86' lang='lat' dir='ltr'><strong>porro</strong></span> 
     </span>
    </p>
   </div>
   <div class='ocr_carea' id='block_1_86' title="bbox 290 4066 1868 4152">
    <p class='ocr_par' dir='ltr' id='par_1_86' title="bbox 290 4072 1866 4152">
     <span class='ocr_line' id='line_1_86' title="bbox 290 4072 1866 4152; baseline -0.008 -16"><span class='ocrx_word' id='word_1_630' title='bbox 290 4082 325 4152; x_wconf 74' lang='grc' dir='ltr'>ἦ</span> <span class='ocrx_word' id='word_1_631' title='bbox 352 4085 380 4137; x_wconf 81' lang='grc' dir='ltr'>ὅ</span> <span class='ocrx_word' id='word_1_632' title='bbox 406 4099 460 4134; x_wconf 88' lang='grc' dir='ltr'><strong>τι</strong></span> <span class='ocrx_word' id='word_1_633' title='bbox 486 4081 554 4135; x_wconf 77' lang='grc' dir='ltr'>ἂν</span> <span class='ocrx_word' id='word_1_634' title='bbox 584 4079 725 4149; x_wconf 74' lang='grc' dir='ltr'>τύχῃ</span> <span class='ocrx_word' id='word_1_635' title='bbox 757 4075 907 4147; x_wconf 75' lang='grc' dir='ltr'>παρὰ</span> <span class='ocrx_word' id='word_1_636' title='bbox 935 4074 1028 4128; x_wconf 89' lang='grc' dir='ltr'><strong>τοῦ</strong></span> <span class='ocrx_word' id='word_1_637' title='bbox 1066 4073 1308 4143; x_wconf 88' lang='grc' dir='ltr'>τεχνίτου</span> <span class='ocrx_word' id='word_1_638' title='bbox 1337 4072 1647 4142; x_wconf 86' lang='grc' dir='ltr'>γενόμενον,</span> <span class='ocrx_word' id='word_1_639' title='bbox 1694 4073 1722 4124; x_wconf 84' lang='grc' dir='ltr'><strong>ὁ</strong></span> <span class='ocrx_word' id='word_1_640' title='bbox 1762 4073 1866 4144; x_wconf 80' lang='grc' dir='ltr'><strong>πρὸ</strong></span> 
     </span>
    </p>
   </div>
   <div class='ocr_carea' id='block_1_87' title="bbox 1971 4066 3549 4152">
    <p class='ocr_par' dir='ltr' id='par_1_87' title="bbox 1972 4066 3549 4144">
     <span class='ocr_line' id='line_1_87' title="bbox 1972 4066 3549 4144; baseline -0.002 -17"><span class='ocrx_word' id='word_1_641' title='bbox 1972 4074 2250 4144; x_wconf 83' lang='lat' dir='ltr'><strong>prioribus</strong></span> <span class='ocrx_word' id='word_1_642' title='bbox 2276 4072 2480 4144; x_wconf 79' lang='lat' dir='ltr'><strong>aliquid</strong></span> <span class='ocrx_word' id='word_1_643' title='bbox 2513 4071 2745 4136; x_wconf 88' lang='lat' dir='ltr'><strong>addens,</strong></span> <span class='ocrx_word' id='word_1_644' title='bbox 2779 4073 3000 4142; x_wconf 87' lang='lat' dir='ltr'><strong>propius</strong></span> <span class='ocrx_word' id='word_1_645' title='bbox 3030 4072 3193 4126; x_wconf 89' lang='lat' dir='ltr'><strong>etiam</strong></span> <span class='ocrx_word' id='word_1_646' title='bbox 3222 4066 3287 4125; x_wconf 83' lang='lat' dir='ltr'><strong>ad</strong></span> <span class='ocrx_word' id='word_1_647' title='bbox 3311 4072 3409 4134; x_wconf 90' lang='lat' dir='ltr'><strong>rei,</strong></span> <span class='ocrx_word' id='word_1_648' title='bbox 3445 4085 3549 4140; x_wconf 83' lang='lat' dir='ltr'><strong>qua</strong></span> 
     </span>
    </p>
   </div>
   <div class='ocr_carea' id='block_1_88' title="bbox 297 4157 1868 4240">
    <p class='ocr_par' dir='ltr' id='par_1_88' title="bbox 297 4157 1868 4240">
     <span class='ocr_line' id='line_1_88' title="bbox 297 4157 1868 4240; baseline -0.004 -18"><span class='ocrx_word' id='word_1_649' title='bbox 297 4168 521 4240; x_wconf 74' lang='grc' dir='ltr'>βραχέος</span> <span class='ocrx_word' id='word_1_650' title='bbox 550 4168 765 4237; x_wconf 76' lang='grc' dir='ltr'>ἄσημος</span> <span class='ocrx_word' id='word_1_651' title='bbox 812 4165 958 4228; x_wconf 85' lang='grc' dir='ltr'>λίθος</span> <span class='ocrx_word' id='word_1_652' title='bbox 985 4181 1000 4197; x_wconf 78' lang='grc' dir='ltr'><strong>ο</strong></span> <span class='ocrx_word' id='word_1_653' title='bbox 1031 4164 1091 4216; x_wconf 85' lang='grc' dir='ltr'><strong>οὐ</strong></span> <span class='ocrx_word' id='word_1_654' title='bbox 1136 4162 1236 4233; x_wconf 84' lang='grc' dir='ltr'>τῆς</span> <span class='ocrx_word' id='word_1_655' title='bbox 1268 4161 1399 4231; x_wconf 77' lang='grc' dir='ltr'>ῦλης</span> <span class='ocrx_word' id='word_1_656' title='bbox 1434 4160 1572 4232; x_wconf 81' lang='grc' dir='ltr'>πρὸς</span> <span class='ocrx_word' id='word_1_657' title='bbox 1626 4162 1687 4214; x_wconf 82' lang='grc' dir='ltr'>τὸ</span> <span class='ocrx_word' id='word_1_658' title='bbox 1732 4157 1868 4224; x_wconf 78' lang='grc' dir='ltr'>εἶδος</span> 
     </span>
    </p>
   </div>
   <div class='ocr_carea' id='block_1_89' title="bbox 1971 4157 3547 4240">
    <p class='ocr_par' dir='ltr' id='par_1_89' title="bbox 1973 4160 3547 4235">
     <span class='ocr_line' id='line_1_89' title="bbox 1973 4160 3547 4235; baseline -0.006 -15"><span class='ocrx_word' id='word_1_659' title='bbox 1973 4168 2027 4220; x_wconf 86' lang='lat' dir='ltr'><strong>in</strong></span> <span class='ocrx_word' id='word_1_660' title='bbox 2083 4164 2436 4235; x_wconf 81' lang='lat' dir='ltr'><strong>exprimenda</strong></span> <span class='ocrx_word' id='word_1_661' title='bbox 2515 4164 2749 4229; x_wconf 88' lang='lat' dir='ltr'><strong>laborat,</strong></span> <span class='ocrx_word' id='word_1_662' title='bbox 2818 4162 3239 4218; x_wconf 89' lang='lat' dir='ltr'><strong>similitudinem</strong></span> <span class='ocrx_word' id='word_1_663' title='bbox 3316 4160 3547 4214; x_wconf 86' lang='lat' dir='ltr'><strong>accedit.</strong></span> 
     </span>
    </p>
   </div>
   <div class='ocr_carea' id='block_1_90' title="bbox 300 4249 1868 4333">
    <p class='ocr_par' dir='ltr' id='par_1_90' title="bbox 300 4252 1865 4333">
     <span class='ocr_line' id='line_1_90' title="bbox 300 4252 1865 4333; baseline -0.005 -21"><span class='ocrx_word' id='word_1_664' title='bbox 300 4257 729 4330; x_wconf 70' lang='grc' dir='ltr'>ὐπαμειφθείσης</span> <span class='ocrx_word' id='word_1_665' title='bbox 752 4300 767 4322; x_wconf 89' lang='grc'><strong>,</strong></span> <span class='ocrx_word' id='word_1_666' title='bbox 806 4256 941 4311; x_wconf 80' lang='grc' dir='ltr'>ἀλλὰ</span> <span class='ocrx_word' id='word_1_667' title='bbox 981 4255 1075 4308; x_wconf 88' lang='grc' dir='ltr'><strong>τοῦ</strong></span> <span class='ocrx_word' id='word_1_668' title='bbox 1119 4254 1293 4317; x_wconf 72' lang='grc' dir='ltr'>εἴδους</span> <span class='ocrx_word' id='word_1_669' title='bbox 1324 4252 1760 4323; x_wconf 80' lang='grc' dir='ltr'>ὲπιτεχνηθέντος</span> <span class='ocrx_word' id='word_1_670' title='bbox 1798 4254 1865 4333; x_wconf 72' lang='grc' dir='ltr'>τῇ</span> 
     </span>
    </p>
   </div>
   <div class='ocr_carea' id='block_1_91' title="bbox 1971 4249 3546 4333">
    <p class='ocr_par' dir='ltr' id='par_1_91' title="bbox 1974 4249 3546 4328">
     <span class='ocr_line' id='line_1_91' title="bbox 1974 4249 3546 4328; baseline -0.004 -18"><span class='ocrx_word' id='word_1_671' title='bbox 1974 4255 2223 4328; x_wconf 88' lang='lat' dir='ltr'><strong>Denique</strong></span> <span class='ocrx_word' id='word_1_672' title='bbox 2269 4253 2517 4311; x_wconf 89' lang='lat' dir='ltr'><strong>materiei</strong></span> <span class='ocrx_word' id='word_1_673' title='bbox 2564 4253 2793 4309; x_wconf 80' lang='lat' dir='ltr'><strong>formam</strong></span> <span class='ocrx_word' id='word_1_674' title='bbox 2834 4259 3092 4307; x_wconf 66' lang='lat' dir='ltr'><strong>aceueate</strong></span> <span class='ocrx_word' id='word_1_675' title='bbox 3135 4249 3429 4320; x_wconf 85' lang='lat' dir='ltr'><strong>perfectam</strong></span> <span class='ocrx_word' id='word_1_676' title='bbox 3469 4250 3546 4303; x_wconf 87' lang='lat' dir='ltr'><strong>in-</strong></span> 
     </span>
    </p>
   </div>
   <div class='ocr_carea' id='block_1_92' title="bbox 304 4340 3549 4420">
    <p class='ocr_par' dir='ltr' id='par_1_92' title="bbox 304 4340 3549 4420">
     <span class='ocr_line' id='line_1_92' title="bbox 304 4340 3549 4420; baseline -0.002 -16"><span class='ocrx_word' id='word_1_677' title='bbox 304 4349 418 4420; x_wconf 72' lang='grc' dir='ltr'><strong>ὕλῃ.</strong></span> <span class='ocrx_word' id='word_1_678' title='bbox 1973 4348 2249 4417; x_wconf 86' lang='lat' dir='ltr'><strong>sculpeus,</strong></span> <span class='ocrx_word' id='word_1_679' title='bbox 2279 4345 2438 4400; x_wconf 83' lang='lat' dir='ltr'><strong>linem</strong></span> <span class='ocrx_word' id='word_1_680' title='bbox 2472 4346 2572 4403; x_wconf 88' lang='lat' dir='ltr'><strong>arti</strong></span> <span class='ocrx_word' id='word_1_681' title='bbox 2605 4344 2854 4415; x_wconf 89' lang='lat' dir='ltr'><strong>imponit,</strong></span> <span class='ocrx_word' id='word_1_682' title='bbox 2889 4351 3081 4413; x_wconf 85' lang='lat' dir='ltr'><strong>estque</strong></span> <span class='ocrx_word' id='word_1_683' title='bbox 3113 4342 3224 4411; x_wconf 87' lang='lat' dir='ltr'><strong>jam</strong></span> <span class='ocrx_word' id='word_1_684' title='bbox 3260 4340 3401 4411; x_wconf 88' lang='lat' dir='ltr'><strong>lapis</strong></span> <span class='ocrx_word' id='word_1_685' title='bbox 3427 4340 3549 4410; x_wconf 86' lang='lat' dir='ltr'><strong>ipse</strong></span> 
     </span>
    </p>
   </div>
   <div class='ocr_carea' id='block_1_93' title="bbox 307 4430 3549 4505">
    <p class='ocr_par' dir='ltr' id='par_1_93' title="bbox 307 4430 3549 4505">
     <span class='ocr_line' id='line_1_93' title="bbox 307 4430 3549 4505; baseline -0.002 -13"><span class='ocrx_word' id='word_1_686' title='bbox 307 4442 381 4493; x_wconf 72' lang='lat' dir='ltr'><strong>vel</strong></span> <span class='ocrx_word' id='word_1_687' title='bbox 410 4441 511 4503; x_wconf 84' lang='lat' dir='ltr'><strong>leo,</strong></span> <span class='ocrx_word' id='word_1_688' title='bbox 563 4440 644 4493; x_wconf 78' lang='lat' dir='ltr'><strong>vel</strong></span> <span class='ocrx_word' id='word_1_689' title='bbox 692 4438 880 4500; x_wconf 85' lang='lat' dir='ltr'><strong>homo,</strong></span> <span class='ocrx_word' id='word_1_690' title='bbox 929 4437 1012 4491; x_wconf 70' lang='lat' dir='ltr'><strong>vel</strong></span> <span class='ocrx_word' id='word_1_691' title='bbox 1054 4432 1317 4505; x_wconf 87' lang='lat' dir='ltr'><strong>quidquid</strong></span> <span class='ocrx_word' id='word_1_692' title='bbox 1346 4433 1560 4488; x_wconf 85' lang='lat' dir='ltr'><strong>tandem</strong></span> <span class='ocrx_word' id='word_1_693' title='bbox 1592 4434 1783 4489; x_wconf 77' lang='lat' dir='ltr'><strong>artifex</strong></span> <span class='ocrx_word' id='word_1_694' title='bbox 1814 4434 1881 4490; x_wconf 89' lang='lat' dir='ltr'><strong>de</strong></span> <span class='ocrx_word' id='word_1_695' title='bbox 1918 4451 1982 4490; x_wconf 88' lang='lat' dir='ltr'><strong>eo</strong></span> <span class='ocrx_word' id='word_1_696' title='bbox 2018 4435 2164 4501; x_wconf 88' lang='lat' dir='ltr'><strong>fecit,</strong></span> <span class='ocrx_word' id='word_1_697' title='bbox 2195 4449 2319 4488; x_wconf 92' lang='lat' dir='ltr'><strong>cum</strong></span> <span class='ocrx_word' id='word_1_698' title='bbox 2365 4434 2527 4504; x_wconf 85' lang='lat' dir='ltr'><strong>paulo</strong></span> <span class='ocrx_word' id='word_1_699' title='bbox 2560 4442 2686 4488; x_wconf 90' lang='lat' dir='ltr'><strong>ante</strong></span> <span class='ocrx_word' id='word_1_700' title='bbox 2727 4432 2976 4487; x_wconf 88' lang='lat' dir='ltr'><strong>informis</strong></span> <span class='ocrx_word' id='word_1_701' title='bbox 3025 4439 3213 4487; x_wconf 87' lang='lat' dir='ltr'><strong>esset:</strong></span> <span class='ocrx_word' id='word_1_702' title='bbox 3257 4445 3367 4485; x_wconf 87' lang='lat' dir='ltr'><strong>non</strong></span> <span class='ocrx_word' id='word_1_703' title='bbox 3406 4430 3549 4501; x_wconf 83' lang='lat' dir='ltr'><strong>quod</strong></span> 
     </span>
    </p>
   </div>
   <div class='ocr_carea' id='block_1_94' title="bbox 309 4521 3370 4601">
    <p class='ocr_par' dir='ltr' id='par_1_94' title="bbox 309 4521 3370 4601">
     <span class='ocr_line' id='line_1_94' title="bbox 309 4521 3370 4601; baseline -0.003 -16"><span class='ocrx_word' id='word_1_704' title='bbox 309 4535 545 4586; x_wconf 76' lang='lat' dir='ltr'><strong>materies</strong></span> <span class='ocrx_word' id='word_1_705' title='bbox 574 4547 665 4601; x_wconf 88' lang='lat' dir='ltr'><strong>per</strong></span> <span class='ocrx_word' id='word_1_706' title='bbox 695 4530 927 4584; x_wconf 86' lang='lat' dir='ltr'><strong>formam</strong></span> <span class='ocrx_word' id='word_1_707' title='bbox 974 4528 1045 4582; x_wconf 88' lang='lat' dir='ltr'><strong>sit</strong></span> <span class='ocrx_word' id='word_1_708' title='bbox 1079 4532 1434 4587; x_wconf 89' lang='lat' dir='ltr'><strong>commutata,</strong></span> <span class='ocrx_word' id='word_1_709' title='bbox 1488 4522 1584 4578; x_wconf 88' lang='lat' dir='ltr'><strong>sed</strong></span> <span class='ocrx_word' id='word_1_710' title='bbox 1627 4524 1772 4594; x_wconf 88' lang='lat' dir='ltr'><strong>quod</strong></span> <span class='ocrx_word' id='word_1_711' title='bbox 1803 4525 1852 4579; x_wconf 87' lang='lat' dir='ltr'><strong>ei</strong></span> <span class='ocrx_word' id='word_1_712' title='bbox 1888 4524 2064 4579; x_wconf 89' lang='lat' dir='ltr'><strong>forma</strong></span> <span class='ocrx_word' id='word_1_713' title='bbox 2100 4525 2346 4594; x_wconf 64' lang='lat' dir='ltr'><strong>quaedam</strong></span> <span class='ocrx_word' id='word_1_714' title='bbox 2378 4524 2652 4593; x_wconf 82' lang='lat' dir='ltr'><strong>ejusmodi</strong></span> <span class='ocrx_word' id='word_1_715' title='bbox 2686 4523 2759 4578; x_wconf 90' lang='lat' dir='ltr'><strong>sit</strong></span> <span class='ocrx_word' id='word_1_716' title='bbox 2791 4522 3089 4578; x_wconf 80' lang='lat' dir='ltr'><strong>artificiose</strong></span> <span class='ocrx_word' id='word_1_717' title='bbox 3124 4521 3370 4576; x_wconf 80' lang='lat' dir='ltr'><strong>inducta.</strong></span> 
     </span>
    </p>
   </div>
   <div class='ocr_carea' id='block_1_95' title="bbox 367 4614 1868 4686">
    <p class='ocr_par' dir='ltr' id='par_1_95' title="bbox 367 4614 1858 4686">
     <span class='ocr_line' id='line_1_95' title="bbox 367 4614 1858 4686; baseline -0.003 -13"><span class='ocrx_word' id='word_1_718' title='bbox 367 4621 605 4675; x_wconf 79' lang='grc' dir='ltr'>Τοιοῦτόν</span> <span class='ocrx_word' id='word_1_719' title='bbox 635 4637 686 4674; x_wconf 80' lang='grc' dir='ltr'><strong>τι</strong></span> <span class='ocrx_word' id='word_1_720' title='bbox 717 4620 812 4673; x_wconf 67' lang='grc' dir='ltr'><strong>καὶ</strong></span> <span class='ocrx_word' id='word_1_721' title='bbox 855 4618 947 4672; x_wconf 74' lang='grc' dir='ltr'><strong>ἐπὶ</strong></span> <span class='ocrx_word' id='word_1_722' title='bbox 987 4618 1086 4686; x_wconf 83' lang='grc' dir='ltr'>τῆς</span> <span class='ocrx_word' id='word_1_723' title='bbox 1100 4614 1322 4685; x_wconf 76' lang='grc' dir='ltr'>ψυχῆςὸ</span> <span class='ocrx_word' id='word_1_724' title='bbox 1363 4614 1737 4685; x_wconf 82' lang='grc' dir='ltr'>λογισάμενος,</span> <span class='ocrx_word' id='word_1_725' title='bbox 1764 4615 1858 4668; x_wconf 82' lang='grc' dir='ltr'><strong>τοῦ</strong></span> 
     </span>
    </p>
   </div>
   <div class='ocr_carea' id='block_1_96' title="bbox 1971 4614 3551 4686">
    <p class='ocr_par' dir='ltr' id='par_1_96' title="bbox 2047 4614 3551 4685">
     <span class='ocr_line' id='line_1_96' title="bbox 2047 4614 3551 4685; baseline 0.001 -17"><span class='ocrx_word' id='word_1_726' title='bbox 2047 4615 2177 4669; x_wconf 88' lang='lat' dir='ltr'><strong>Tale</strong></span> <span class='ocrx_word' id='word_1_727' title='bbox 2202 4614 2333 4684; x_wconf 80' lang='lat' dir='ltr'><strong>quid</strong></span> <span class='ocrx_word' id='word_1_728' title='bbox 2365 4616 2410 4670; x_wconf 93' lang='lat' dir='ltr'><strong>si</strong></span> <span class='ocrx_word' id='word_1_729' title='bbox 2438 4615 2603 4669; x_wconf 90' lang='lat' dir='ltr'><strong>etiam</strong></span> <span class='ocrx_word' id='word_1_730' title='bbox 2628 4615 2694 4668; x_wconf 85' lang='lat' dir='ltr'><strong>de</strong></span> <span class='ocrx_word' id='word_1_731' title='bbox 2723 4615 2907 4669; x_wconf 88' lang='lat' dir='ltr'><strong>animo</strong></span> <span class='ocrx_word' id='word_1_732' title='bbox 2938 4614 3321 4685; x_wconf 77' lang='lat' dir='ltr'><strong>eogitabimus,</strong></span> <span class='ocrx_word' id='word_1_733' title='bbox 3359 4627 3388 4667; x_wconf 84' lang='lat' dir='ltr'><strong>a</strong></span> <span class='ocrx_word' id='word_1_734' title='bbox 3423 4627 3551 4669; x_wconf 81' lang='lat' dir='ltr'><strong>vero</strong></span> 
     </span>
    </p>
   </div>
   <div class='ocr_carea' id='block_1_97' title="bbox 307 4705 1867 4782">
    <p class='ocr_par' dir='ltr' id='par_1_97' title="bbox 307 4705 1867 4782">
     <span class='ocr_line' id='line_1_97' title="bbox 307 4705 1867 4782; baseline -0.003 -19"><span class='ocrx_word' id='word_1_735' title='bbox 307 4710 494 4775; x_wconf 68' lang='grc' dir='ltr'>ιίκὰτος</span> <span class='ocrx_word' id='word_1_736' title='bbox 521 4714 619 4782; x_wconf 86' lang='grc' dir='ltr'><strong>οὐχ</strong></span> <span class='ocrx_word' id='word_1_737' title='bbox 644 4711 1040 4781; x_wconf 81' lang='grc' dir='ltr'>ἁμαρτήσεται.</span> <span class='ocrx_word' id='word_1_738' title='bbox 1059 4707 1173 4776; x_wconf 82' lang='grc' dir='ltr'><strong>Τὴν</strong></span> <span class='ocrx_word' id='word_1_739' title='bbox 1193 4706 1302 4776; x_wconf 71' lang='grc' dir='ltr'><strong>γάρ</strong></span> <span class='ocrx_word' id='word_1_740' title='bbox 1327 4706 1502 4759; x_wconf 84' lang='grc' dir='ltr'>πάντα</span> <span class='ocrx_word' id='word_1_741' title='bbox 1526 4705 1867 4775; x_wconf 82' lang='grc' dir='ltr'>τεχνιτεύου-</span> 
     </span>
    </p>
   </div>
   <div class='ocr_carea' id='block_1_98' title="bbox 309 4798 1867 4873">
    <p class='ocr_par' dir='ltr' id='par_1_98' title="bbox 309 4798 1867 4873">
     <span class='ocr_line' id='line_1_98' title="bbox 309 4798 1867 4873; baseline -0.004 -17"><span class='ocrx_word' id='word_1_742' title='bbox 309 4818 399 4856; x_wconf 84' lang='grc' dir='ltr'><strong>σαν</strong></span> <span class='ocrx_word' id='word_1_743' title='bbox 434 4805 590 4873; x_wconf 74' lang='grc' dir='ltr'>φύσιν</span> <span class='ocrx_word' id='word_1_744' title='bbox 617 4806 682 4857; x_wconf 78' lang='grc' dir='ltr'>ἐκ</span> <span class='ocrx_word' id='word_1_745' title='bbox 725 4803 826 4872; x_wconf 83' lang='grc' dir='ltr'><strong>τῆς</strong></span> <span class='ocrx_word' id='word_1_746' title='bbox 849 4800 1143 4871; x_wconf 74' lang='grc' dir='ltr'>ὁμογενοῦς</span> <span class='ocrx_word' id='word_1_747' title='bbox 1172 4799 1303 4869; x_wconf 81' lang='grc' dir='ltr'>ὖλης</span> <span class='ocrx_word' id='word_1_748' title='bbox 1329 4798 1594 4851; x_wconf 78' lang='grc' dir='ltr'>λαϐοῦσαν</span> <span class='ocrx_word' id='word_1_749' title='bbox 1622 4798 1680 4850; x_wconf 82' lang='grc' dir='ltr'>ὲν</span> <span class='ocrx_word' id='word_1_750' title='bbox 1703 4799 1867 4868; x_wconf 78' lang='grc' dir='ltr'>ἑαυτῇ</span> 
     </span>
    </p>
   </div>
   <div class='ocr_carea' id='block_1_99' title="bbox 305 4886 1868 4962">
    <p class='ocr_par' dir='ltr' id='par_1_99' title="bbox 305 4886 1868 4962">
     <span class='ocr_line' id='line_1_99' title="bbox 305 4886 1868 4962; baseline -0.004 -17"><span class='ocrx_word' id='word_1_751' title='bbox 305 4891 359 4945; x_wconf 68' lang='grc' dir='ltr'>τὺ</span> <span class='ocrx_word' id='word_1_752' title='bbox 381 4893 440 4946; x_wconf 65' lang='grc' dir='ltr'>ἑκ</span> <span class='ocrx_word' id='word_1_753' title='bbox 483 4892 573 4945; x_wconf 82' lang='grc' dir='ltr'><strong>τοῦ</strong></span> <span class='ocrx_word' id='word_1_754' title='bbox 609 4891 901 4962; x_wconf 80' lang='grc' dir='ltr'>ἀνθρώπου</span> <span class='ocrx_word' id='word_1_755' title='bbox 948 4889 1111 4958; x_wconf 83' lang='grc' dir='ltr'>μέρος</span> <span class='ocrx_word' id='word_1_756' title='bbox 1135 4927 1150 4948; x_wconf 89' lang='grc'><strong>.</strong></span> <span class='ocrx_word' id='word_1_757' title='bbox 1186 4888 1537 4958; x_wconf 81' lang='grc' dir='ltr'>δημιουργεῖν</span> <span class='ocrx_word' id='word_1_758' title='bbox 1576 4886 1868 4956; x_wconf 86' lang='grc' dir='ltr'>ἀνδριάντα</span> 
     </span>
    </p>
   </div>
   <div class='ocr_carea' id='block_1_100' title="bbox 310 4968 1917 5052">
    <p class='ocr_par' dir='ltr' id='par_1_100' title="bbox 310 4968 1917 5052">
     <span class='ocr_line' id='line_1_100' title="bbox 310 4968 1917 5052; baseline -0.004 -17"><span class='ocrx_word' id='word_1_759' title='bbox 310 4983 489 5052; x_wconf 69' lang='grc' dir='ltr'>φαμέν.</span> <span class='ocrx_word' id='word_1_760' title='bbox 519 4984 730 5052; x_wconf 83' lang='grc' dir='ltr'>Ὠσπερ</span> <span class='ocrx_word' id='word_1_761' title='bbox 760 4981 821 5034; x_wconf 82' lang='grc' dir='ltr'>δὲ</span> <span class='ocrx_word' id='word_1_762' title='bbox 847 4983 916 5050; x_wconf 78' lang='grc' dir='ltr'>τῇ</span> <span class='ocrx_word' id='word_1_763' title='bbox 958 4979 1077 5033; x_wconf 83' lang='grc' dir='ltr'>κατ’</span> <span class='ocrx_word' id='word_1_764' title='bbox 1108 4979 1286 5045; x_wconf 72' lang='grc' dir='ltr'>ὀλίγον</span> <span class='ocrx_word' id='word_1_765' title='bbox 1319 4977 1551 5049; x_wconf 63' lang='grc' dir='ltr'>ἐργασίᾳ</span> <span class='ocrx_word' id='word_1_766' title='bbox 1594 4977 1686 5030; x_wconf 89' lang='grc' dir='ltr'><strong>τοῦ</strong></span> <span class='ocrx_word' id='word_1_767' title='bbox 1716 4977 1864 5030; x_wconf 88' lang='grc' dir='ltr'>λίθου</span> <span class='ocrx_word' id='word_1_768' title='bbox 1908 4968 1917 4977; x_wconf 83' lang='grc'><em>’</em></span> 
     </span>
    </p>
   </div>
   <div class='ocr_carea' id='block_1_101' title="bbox 308 5066 1866 5144">
    <p class='ocr_par' dir='ltr' id='par_1_101' title="bbox 308 5066 1866 5144">
     <span class='ocr_line' id='line_1_101' title="bbox 308 5066 1866 5144; baseline -0.004 -18"><span class='ocrx_word' id='word_1_769' title='bbox 308 5073 362 5126; x_wconf 70' lang='grc' dir='ltr'><strong>τὸ</strong></span> <span class='ocrx_word' id='word_1_770' title='bbox 403 5071 534 5139; x_wconf 63' lang='grc' dir='ltr'>κίδος</span> <span class='ocrx_word' id='word_1_771' title='bbox 571 5071 1027 5144; x_wconf 73' lang='grc' dir='ltr'>ἐπηκολούθησεν,</span> <span class='ocrx_word' id='word_1_772' title='bbox 1057 5069 1422 5140; x_wconf 80' lang='grc' dir='ltr'>ἀμυδρότερον</span> <span class='ocrx_word' id='word_1_773' title='bbox 1457 5067 1553 5138; x_wconf 79' lang='grc' dir='ltr'>μὲν</span> <span class='ocrx_word' id='word_1_774' title='bbox 1591 5066 1741 5137; x_wconf 83' lang='grc' dir='ltr'>παρὰ</span> <span class='ocrx_word' id='word_1_775' title='bbox 1768 5067 1866 5137; x_wconf 80' lang='grc' dir='ltr'>τὴν</span> 
     </span>
    </p>
   </div>
   <div class='ocr_carea' id='block_1_102' title="bbox 310 5159 1865 5235">
    <p class='ocr_par' dir='ltr' id='par_1_102' title="bbox 310 5159 1865 5235">
     <span class='ocr_line' id='line_1_102' title="bbox 310 5159 1865 5235; baseline -0.002 -22"><span class='ocrx_word' id='word_1_776' title='bbox 310 5163 529 5235; x_wconf 69' lang='grc' dir='ltr'>πρώτην,</span> <span class='ocrx_word' id='word_1_777' title='bbox 556 5164 889 5235; x_wconf 82' lang='grc' dir='ltr'>τελειότερον</span> <span class='ocrx_word' id='word_1_778' title='bbox 919 5164 974 5217; x_wconf 85' lang='grc' dir='ltr'>δὲ</span> <span class='ocrx_word' id='word_1_779' title='bbox 1005 5161 1147 5235; x_wconf 68' lang='grc' dir='ltr'>μετὰ</span> <span class='ocrx_word' id='word_1_780' title='bbox 1170 5160 1269 5230; x_wconf 83' lang='grc' dir='ltr'>τὴν</span> <span class='ocrx_word' id='word_1_781' title='bbox 1294 5159 1386 5212; x_wconf 86' lang='grc' dir='ltr'><strong>τοῦ</strong></span> <span class='ocrx_word' id='word_1_782' title='bbox 1417 5159 1577 5230; x_wconf 75' lang='grc' dir='ltr'>ἔργου</span> <span class='ocrx_word' id='word_1_783' title='bbox 1617 5159 1865 5230; x_wconf 86' lang='grc' dir='ltr'>συμπλή-</span> 
     </span>
    </p>
   </div>
   <div class='ocr_carea' id='block_1_103' title="bbox 315 5251 1866 5331">
    <p class='ocr_par' dir='ltr' id='par_1_103' title="bbox 315 5251 1866 5331">
     <span class='ocr_line' id='line_1_103' title="bbox 315 5251 1866 5331; baseline -0.003 -23"><span class='ocrx_word' id='word_1_784' title='bbox 315 5270 458 5323; x_wconf 82' lang='grc' dir='ltr'>ρωσιν</span> <span class='ocrx_word' id='word_1_785' title='bbox 481 5276 494 5290; x_wconf 78' lang='grc' dir='ltr'><strong><em>ο</em></strong></span> <span class='ocrx_word' id='word_1_786' title='bbox 528 5257 671 5318; x_wconf 84' lang='grc' dir='ltr'>οῦτω</span> <span class='ocrx_word' id='word_1_787' title='bbox 723 5258 814 5310; x_wconf 71' lang='grc' dir='ltr'><strong>καὶ</strong></span> <span class='ocrx_word' id='word_1_788' title='bbox 848 5258 902 5311; x_wconf 76' lang='grc' dir='ltr'>ὲν</span> <span class='ocrx_word' id='word_1_789' title='bbox 951 5260 1017 5331; x_wconf 76' lang='grc' dir='ltr'>τῇ</span> <span class='ocrx_word' id='word_1_790' title='bbox 1044 5255 1140 5311; x_wconf 86' lang='grc' dir='ltr'><strong>τοῦ</strong></span> <span class='ocrx_word' id='word_1_791' title='bbox 1189 5254 1422 5324; x_wconf 85' lang='grc' dir='ltr'>ὀργάνου</span> <span class='ocrx_word' id='word_1_792' title='bbox 1461 5252 1638 5322; x_wconf 77' lang='grc' dir='ltr'>γλυφῇ</span> <span class='ocrx_word' id='word_1_793' title='bbox 1670 5251 1731 5305; x_wconf 78' lang='grc' dir='ltr'><strong>τὸ</strong></span> <span class='ocrx_word' id='word_1_794' title='bbox 1767 5252 1866 5321; x_wconf 87' lang='grc' dir='ltr'>τῆς</span> 
     </span>
    </p>
   </div>
   <div class='ocr_carea' id='block_1_104' title="bbox 311 5342 1862 5427">
    <p class='ocr_par' dir='ltr' id='par_1_104' title="bbox 311 5342 1862 5427">
     <span class='ocr_line' id='line_1_104' title="bbox 311 5342 1862 5427; baseline -0.014 -12"><span class='ocrx_word' id='word_1_795' title='bbox 311 5344 469 5418; x_wconf 61' lang='grc' dir='ltr'><strong>Ψυχῆς</strong></span> <span class='ocrx_word' id='word_1_796' title='bbox 512 5344 648 5412; x_wconf 74' lang='grc' dir='ltr'>εἶδος</span> <span class='ocrx_word' id='word_1_797' title='bbox 704 5351 840 5403; x_wconf 75' lang='grc' dir='ltr'>κατὰ</span> <span class='ocrx_word' id='word_1_798' title='bbox 883 5351 979 5427; x_wconf 78' lang='grc' dir='ltr'><strong>τήν</strong></span> <span class='ocrx_word' id='word_1_799' title='bbox 1036 5346 1332 5415; x_wconf 86' lang='grc' dir='ltr'>ἀναλογίαν</span> <span class='ocrx_word' id='word_1_800' title='bbox 1363 5342 1456 5396; x_wconf 85' lang='grc' dir='ltr'><strong>τοῦ</strong></span> <span class='ocrx_word' id='word_1_801' title='bbox 1503 5342 1862 5412; x_wconf 73' lang='grc' dir='ltr'>ὑποκειμένου</span> 
     </span>
    </p>
   </div>
   <div class='ocr_carea' id='block_1_105' title="bbox 315 5434 1864 5521">
    <p class='ocr_par' dir='ltr' id='par_1_105' title="bbox 315 5434 1864 5521">
     <span class='ocr_line' id='line_1_105' title="bbox 315 5434 1864 5521; baseline -0.003 -30"><span class='ocrx_word' id='word_1_802' title='bbox 315 5440 665 5519; x_wconf 65' lang='grc' dir='ltr'>προφαίνεται.</span> <span class='ocrx_word' id='word_1_803' title='bbox 697 5443 872 5513; x_wconf 75' lang='grc' dir='ltr'>ἀτελὲς</span> <span class='ocrx_word' id='word_1_804' title='bbox 905 5449 961 5505; x_wconf 77' lang='grc' dir='ltr'>ἐν</span> <span class='ocrx_word' id='word_1_805' title='bbox 988 5445 1067 5521; x_wconf 75' lang='grc' dir='ltr'>τῷ</span> <span class='ocrx_word' id='word_1_806' title='bbox 1103 5439 1326 5501; x_wconf 81' lang='grc' dir='ltr'>ἀτελεῖ,</span> <span class='ocrx_word' id='word_1_807' title='bbox 1352 5435 1444 5488; x_wconf 71' lang='grc' dir='ltr'><strong>καὶ</strong></span> <span class='ocrx_word' id='word_1_808' title='bbox 1475 5437 1531 5489; x_wconf 82' lang='grc' dir='ltr'>ὲν</span> <span class='ocrx_word' id='word_1_809' title='bbox 1559 5434 1637 5504; x_wconf 81' lang='grc' dir='ltr'><strong>τῷ</strong></span> <span class='ocrx_word' id='word_1_810' title='bbox 1673 5434 1864 5503; x_wconf 83' lang='grc' dir='ltr'>τελείῳ</span> 
     </span>
    </p>
   </div>
   <div class='ocr_carea' id='block_1_106' title="bbox 314 5523 1863 5618">
    <p class='ocr_par' dir='ltr' id='par_1_106' title="bbox 314 5523 1863 5618">
     <span class='ocr_line' id='line_1_106' title="bbox 314 5523 1863 5618; baseline -0.001 -41"><span class='ocrx_word' id='word_1_811' title='bbox 314 5525 515 5584; x_wconf 74' lang='grc' dir='ltr'>τέλειον.</span> <span class='ocrx_word' id='word_1_812' title='bbox 552 5530 688 5583; x_wconf 74' lang='grc' dir='ltr'>Ἀλλ’</span> <span class='ocrx_word' id='word_1_813' title='bbox 716 5532 768 5599; x_wconf 77' lang='grc' dir='ltr'><strong>ἐξ</strong></span> <span class='ocrx_word' id='word_1_814' title='bbox 795 5539 959 5618; x_wconf 74' lang='grc' dir='ltr'>ἀρχῆς</span> <span class='ocrx_word' id='word_1_815' title='bbox 995 5542 1064 5599; x_wconf 73' lang='grc' dir='ltr'><strong>ἂν</strong></span> <span class='ocrx_word' id='word_1_816' title='bbox 1095 5533 1315 5591; x_wconf 75' lang='grc' dir='ltr'>τέλειον</span> <span class='ocrx_word' id='word_1_817' title='bbox 1340 5523 1430 5596; x_wconf 76' lang='grc' dir='ltr'>ἦν,</span> <span class='ocrx_word' id='word_1_818' title='bbox 1461 5526 1509 5577; x_wconf 86' lang='grc' dir='ltr'><strong>εί</strong></span> <span class='ocrx_word' id='word_1_819' title='bbox 1544 5524 1619 5595; x_wconf 78' lang='grc' dir='ltr'><strong>μὴ</strong></span> <span class='ocrx_word' id='word_1_820' title='bbox 1642 5523 1729 5618; x_wconf 76' lang='grc' dir='ltr'><strong>διὰ</strong></span> <span class='ocrx_word' id='word_1_821' title='bbox 1763 5524 1863 5618; x_wconf 69' lang='grc' dir='ltr'>τῆς</span> 
     </span>
    </p>
   </div>
   <div class='ocr_carea' id='block_1_107' title="bbox 318 5616 1865 5710">
    <p class='ocr_par' dir='ltr' id='par_1_107' title="bbox 318 5616 1865 5710">
     <span class='ocr_line' id='line_1_107' title="bbox 318 5616 1865 5710; baseline -0.003 -40"><span class='ocrx_word' id='word_1_822' title='bbox 318 5619 490 5684; x_wconf 74' lang='grc' dir='ltr'>κακίας</span> <span class='ocrx_word' id='word_1_823' title='bbox 534 5624 565 5693; x_wconf 68' lang='grc' dir='ltr'>ἡ</span> <span class='ocrx_word' id='word_1_824' title='bbox 621 5623 766 5692; x_wconf 66' lang='grc' dir='ltr'>φύσις</span> <span class='ocrx_word' id='word_1_825' title='bbox 797 5616 1127 5710; x_wconf 44' lang='grc' dir='ltr'><strong>έκολέεώοη,</strong></span> <span class='ocrx_word' id='word_1_826' title='bbox 1167 5621 1274 5681; x_wconf 74' lang='grc' dir='ltr'><strong>Διὰ</strong></span> <span class='ocrx_word' id='word_1_827' title='bbox 1321 5618 1540 5687; x_wconf 76' lang='grc' dir='ltr'>τοῦτοή</span> <span class='ocrx_word' id='word_1_828' title='bbox 1591 5617 1723 5687; x_wconf 73' lang='grc' dir='ltr'>πρὸς</span> <span class='ocrx_word' id='word_1_829' title='bbox 1768 5616 1865 5686; x_wconf 81' lang='grc' dir='ltr'><strong>τὴν</strong></span> 
     </span>
    </p>
   </div>
   <div class='ocr_carea' id='block_1_108' title="bbox 1980 4702 3551 4776">
    <p class='ocr_par' dir='ltr' id='par_1_108' title="bbox 1980 4702 3551 4776">
     <span class='ocr_line' id='line_1_108' title="bbox 1980 4702 3551 4776; baseline -0.001 -15"><span class='ocrx_word' id='word_1_830' title='bbox 1980 4724 2089 4763; x_wconf 92' lang='lat' dir='ltr'><strong>non</strong></span> <span class='ocrx_word' id='word_1_831' title='bbox 2144 4722 2373 4776; x_wconf 89' lang='lat' dir='ltr'><strong>prorsus</strong></span> <span class='ocrx_word' id='word_1_832' title='bbox 2427 4707 2827 4762; x_wconf 81' lang='lat' dir='ltr'><strong>aberrabimus.</strong></span> <span class='ocrx_word' id='word_1_833' title='bbox 2878 4705 3091 4775; x_wconf 85' lang='lat' dir='ltr'><strong>Quippe</strong></span> <span class='ocrx_word' id='word_1_834' title='bbox 3132 4719 3315 4759; x_wconf 90' lang='lat' dir='ltr'><strong>rerum</strong></span> <span class='ocrx_word' id='word_1_835' title='bbox 3369 4702 3551 4775; x_wconf 73' lang='lat' dir='ltr'><strong>opifex</strong></span> 
     </span>
    </p>
   </div>
   <div class='ocr_carea' id='block_1_109' title="bbox 1976 4794 3547 4868">
    <p class='ocr_par' dir='ltr' id='par_1_109' title="bbox 1976 4794 3547 4868">
     <span class='ocr_line' id='line_1_109' title="bbox 1976 4794 3547 4868; baseline -0.004 -14"><span class='ocrx_word' id='word_1_836' title='bbox 1976 4807 2198 4868; x_wconf 89' lang='lat' dir='ltr'><strong>sumpta</strong></span> <span class='ocrx_word' id='word_1_837' title='bbox 2233 4798 2451 4864; x_wconf 72' lang='lat' dir='ltr'><strong>generis</strong></span> <span class='ocrx_word' id='word_1_838' title='bbox 2478 4797 2723 4866; x_wconf 87' lang='lat' dir='ltr'><strong>ejusdem</strong></span> <span class='ocrx_word' id='word_1_839' title='bbox 2761 4797 3006 4859; x_wconf 90' lang='lat' dir='ltr'><strong>materie,</strong></span> <span class='ocrx_word' id='word_1_840' title='bbox 3039 4812 3160 4865; x_wconf 78' lang='lat' dir='ltr'><strong>qua:</strong></span> <span class='ocrx_word' id='word_1_841' title='bbox 3185 4810 3311 4865; x_wconf 87' lang='lat' dir='ltr'><strong>pars</strong></span> <span class='ocrx_word' id='word_1_842' title='bbox 3340 4802 3425 4849; x_wconf 83' lang='lat' dir='ltr'><strong>est</strong></span> <span class='ocrx_word' id='word_1_843' title='bbox 3452 4794 3547 4848; x_wconf 86' lang='lat' dir='ltr'><strong>ho-</strong></span> 
     </span>
    </p>
   </div>
   <div class='ocr_carea' id='block_1_110' title="bbox 1974 4874 3575 4958">
    <p class='ocr_par' dir='ltr' id='par_1_110' title="bbox 1974 4874 3575 4958">
     <span class='ocr_line' id='line_1_110' title="bbox 1974 4874 3575 4958; baseline -0.003 -15"><span class='ocrx_word' id='word_1_844' title='bbox 1974 4889 2160 4951; x_wconf 86' lang='lat' dir='ltr'><strong>minis,</strong></span> <span class='ocrx_word' id='word_1_845' title='bbox 2199 4889 2489 4958; x_wconf 87' lang='lat' dir='ltr'><strong>quamdam</strong></span> <span class='ocrx_word' id='word_1_846' title='bbox 2528 4888 2683 4957; x_wconf 88' lang='lat' dir='ltr'><strong>quasi</strong></span> <span class='ocrx_word' id='word_1_847' title='bbox 2726 4896 2959 4943; x_wconf 86' lang='lat' dir='ltr'><strong>statuam</strong></span> <span class='ocrx_word' id='word_1_848' title='bbox 2992 4886 3242 4941; x_wconf 85' lang='lat' dir='ltr'><strong>fabricat.</strong></span> <span class='ocrx_word' id='word_1_849' title='bbox 3268 4884 3336 4939; x_wconf 84' lang='lat' dir='ltr'><strong>Ut</strong></span> <span class='ocrx_word' id='word_1_850' title='bbox 3368 4874 3575 4939; x_wconf 46' lang='lat' dir='ltr'><strong>autem&#39;</strong></span> 
     </span>
    </p>
   </div>
   <div class='ocr_carea' id='block_1_111' title="bbox 1973 4973 3545 5048">
    <p class='ocr_par' dir='ltr' id='par_1_111' title="bbox 1973 4973 3545 5048">
     <span class='ocr_line' id='line_1_111' title="bbox 1973 4973 3545 5048; baseline -0.004 -15"><span class='ocrx_word' id='word_1_851' title='bbox 1973 4980 2027 5033; x_wconf 90' lang='lat' dir='ltr'><strong>in</strong></span> <span class='ocrx_word' id='word_1_852' title='bbox 2054 4979 2458 5048; x_wconf 89' lang='lat' dir='ltr'><strong>comparatione</strong></span> <span class='ocrx_word' id='word_1_853' title='bbox 2489 4979 2799 5048; x_wconf 89' lang='lat' dir='ltr'><strong>proposita,</strong></span> <span class='ocrx_word' id='word_1_854' title='bbox 2836 4977 2939 5031; x_wconf 88' lang='lat' dir='ltr'><strong>levi</strong></span> <span class='ocrx_word' id='word_1_855' title='bbox 2973 4976 3208 5046; x_wconf 90' lang='lat' dir='ltr'><strong>primum</strong></span> <span class='ocrx_word' id='word_1_856' title='bbox 3242 4990 3408 5045; x_wconf 88' lang='lat' dir='ltr'><strong>opera</strong></span> <span class='ocrx_word' id='word_1_857' title='bbox 3433 4973 3545 5028; x_wconf 89' lang='lat' dir='ltr'><strong>for-</strong></span> 
     </span>
    </p>
   </div>
   <div class='ocr_carea' id='block_1_112' title="bbox 1972 5066 3550 5138">
    <p class='ocr_par' dir='ltr' id='par_1_112' title="bbox 1972 5066 3550 5138">
     <span class='ocr_line' id='line_1_112' title="bbox 1972 5066 3550 5138; baseline -0.003 -14"><span class='ocrx_word' id='word_1_858' title='bbox 1972 5087 2060 5124; x_wconf 83' lang='lat' dir='ltr'><strong>ma</strong></span> <span class='ocrx_word' id='word_1_859' title='bbox 2097 5070 2214 5124; x_wconf 87' lang='lat' dir='ltr'><strong>saxi</strong></span> <span class='ocrx_word' id='word_1_860' title='bbox 2252 5069 2612 5138; x_wconf 72' lang='lat' dir='ltr'><strong>exsculpitur,</strong></span> <span class='ocrx_word' id='word_1_861' title='bbox 2656 5084 2775 5137; x_wconf 70' lang='lat' dir='ltr'><strong>qum</strong></span> <span class='ocrx_word' id='word_1_862' title='bbox 2801 5066 3219 5123; x_wconf 87' lang='lat' dir='ltr'><strong>obscuriuscula</strong></span> <span class='ocrx_word' id='word_1_863' title='bbox 3252 5066 3409 5120; x_wconf 89' lang='lat' dir='ltr'><strong>initio</strong></span> <span class='ocrx_word' id='word_1_864' title='bbox 3436 5072 3550 5132; x_wconf 68' lang='lat' dir='ltr'><strong>est,</strong></span> 
     </span>
    </p>
   </div>
   <div class='ocr_carea' id='block_1_113' title="bbox 1971 5157 3546 5231">
    <p class='ocr_par' dir='ltr' id='par_1_113' title="bbox 1971 5157 3546 5231">
     <span class='ocr_line' id='line_1_113' title="bbox 1971 5157 3546 5231; baseline -0.006 -15"><span class='ocrx_word' id='word_1_865' title='bbox 1971 5159 2264 5231; x_wconf 75' lang='lat' dir='ltr'><strong>perfettior</strong></span> <span class='ocrx_word' id='word_1_866' title='bbox 2307 5169 2487 5213; x_wconf 87' lang='lat' dir='ltr'><strong>autem</strong></span> <span class='ocrx_word' id='word_1_867' title='bbox 2531 5174 2695 5229; x_wconf 82' lang='lat' dir='ltr'><strong>Opere</strong></span> <span class='ocrx_word' id='word_1_868' title='bbox 2737 5159 2851 5227; x_wconf 87' lang='lat' dir='ltr'><strong>jam</strong></span> <span class='ocrx_word' id='word_1_869' title='bbox 2893 5159 3190 5212; x_wconf 89' lang='lat' dir='ltr'><strong>absoluto:</strong></span> <span class='ocrx_word' id='word_1_870' title='bbox 3244 5157 3325 5212; x_wconf 90' lang='lat' dir='ltr'><strong>sic</strong></span> <span class='ocrx_word' id='word_1_871' title='bbox 3378 5157 3546 5211; x_wconf 87' lang='lat' dir='ltr'><strong>etiam</strong></span> 
     </span>
    </p>
   </div>
   <div class='ocr_carea' id='block_1_114' title="bbox 1970 5248 3549 5321">
    <p class='ocr_par' dir='ltr' id='par_1_114' title="bbox 1970 5248 3549 5321">
     <span class='ocr_line' id='line_1_114' title="bbox 1970 5248 3549 5321; baseline -0.005 -14"><span class='ocrx_word' id='word_1_872' title='bbox 1970 5252 2144 5308; x_wconf 91' lang='lat' dir='ltr'><strong>nostri</strong></span> <span class='ocrx_word' id='word_1_873' title='bbox 2198 5251 2361 5321; x_wconf 87' lang='lat' dir='ltr'><strong>hujus</strong></span> <span class='ocrx_word' id='word_1_874' title='bbox 2402 5251 2456 5305; x_wconf 91' lang='lat' dir='ltr'><strong>in</strong></span> <span class='ocrx_word' id='word_1_875' title='bbox 2502 5252 2849 5307; x_wconf 89' lang='lat' dir='ltr'><strong>instrumenti</strong></span> <span class='ocrx_word' id='word_1_876' title='bbox 2896 5251 3199 5321; x_wconf 76' lang='lat' dir='ltr'><strong>Sculptura,</strong></span> <span class='ocrx_word' id='word_1_877' title='bbox 3245 5248 3549 5305; x_wconf 85' lang='lat' dir='ltr'><strong>secundum</strong></span> 
     </span>
    </p>
   </div>
   <div class='ocr_carea' id='block_1_115' title="bbox 1970 5341 3541 5413">
    <p class='ocr_par' dir='ltr' id='par_1_115' title="bbox 1970 5341 3541 5413">
     <span class='ocr_line' id='line_1_115' title="bbox 1970 5341 3541 5413; baseline -0.006 -16"><span class='ocrx_word' id='word_1_878' title='bbox 1970 5343 2376 5413; x_wconf 90' lang='lat' dir='ltr'><strong>proportionem</strong></span> <span class='ocrx_word' id='word_1_879' title='bbox 2408 5345 2667 5412; x_wconf 72' lang='lat' dir='ltr'><strong>subjecta:</strong></span> <span class='ocrx_word' id='word_1_880' title='bbox 2701 5344 2799 5406; x_wconf 88' lang='lat' dir='ltr'><strong>rei,</strong></span> <span class='ocrx_word' id='word_1_881' title='bbox 2833 5350 2995 5412; x_wconf 89' lang='lat' dir='ltr'><strong>prout</strong></span> <span class='ocrx_word' id='word_1_882' title='bbox 3031 5343 3144 5396; x_wconf 59' lang='lat' dir='ltr'><strong>haec</strong></span> <span class='ocrx_word' id='word_1_883' title='bbox 3177 5341 3386 5396; x_wconf 88' lang='lat' dir='ltr'><strong>scilicet</strong></span> <span class='ocrx_word' id='word_1_884' title='bbox 3420 5352 3541 5407; x_wconf 82' lang='lat' dir='ltr'><strong>per-</strong></span> 
     </span>
    </p>
   </div>
   <div class='ocr_carea' id='block_1_116' title="bbox 1972 5426 3536 5499">
    <p class='ocr_par' dir='ltr' id='par_1_116' title="bbox 1972 5426 3536 5499">
     <span class='ocr_line' id='line_1_116' title="bbox 1972 5426 3536 5499; baseline -0.006 -14"><span class='ocrx_word' id='word_1_885' title='bbox 1972 5434 2168 5495; x_wconf 78' lang='lat' dir='ltr'><strong>ficitur,</strong></span> <span class='ocrx_word' id='word_1_886' title='bbox 2218 5432 2434 5485; x_wconf 87' lang='lat' dir='ltr'><strong>animus</strong></span> <span class='ocrx_word' id='word_1_887' title='bbox 2482 5432 2643 5486; x_wconf 88' lang='lat' dir='ltr'><strong>etiam</strong></span> <span class='ocrx_word' id='word_1_888' title='bbox 2690 5430 2863 5499; x_wconf 80' lang='lat' dir='ltr'><strong>magis</strong></span> <span class='ocrx_word' id='word_1_889' title='bbox 2917 5446 2981 5484; x_wconf 91' lang='lat' dir='ltr'><strong>ac</strong></span> <span class='ocrx_word' id='word_1_890' title='bbox 3033 5430 3206 5498; x_wconf 80' lang='lat' dir='ltr'><strong>magis</strong></span> <span class='ocrx_word' id='word_1_891' title='bbox 3253 5426 3536 5488; x_wconf 89' lang='lat' dir='ltr'><strong>elucescit,</strong></span> 
     </span>
    </p>
   </div>
   <div class='ocr_carea' id='block_1_117' title="bbox 1973 5515 3534 5593">
    <p class='ocr_par' dir='ltr' id='par_1_117' title="bbox 1973 5515 3534 5593">
     <span class='ocr_line' id='line_1_117' title="bbox 1973 5515 3534 5593; baseline -0.008 -15"><span class='ocrx_word' id='word_1_892' title='bbox 1973 5524 2232 5578; x_wconf 90' lang='lat' dir='ltr'><strong>nimirum</strong></span> <span class='ocrx_word' id='word_1_893' title='bbox 2268 5522 2646 5593; x_wconf 84' lang='lat' dir='ltr'><strong>imperfectum</strong></span> <span class='ocrx_word' id='word_1_894' title='bbox 2687 5537 2764 5583; x_wconf 93' lang='lat' dir='ltr'><strong>sc,</strong></span> <span class='ocrx_word' id='word_1_895' title='bbox 2801 5520 2928 5575; x_wconf 90' lang='lat' dir='ltr'><strong>dum</strong></span> <span class='ocrx_word' id='word_1_896' title='bbox 2963 5519 3091 5574; x_wconf 88' lang='lat' dir='ltr'><strong>illttd</strong></span> <span class='ocrx_word' id='word_1_897' title='bbox 3127 5518 3302 5571; x_wconf 89' lang='lat' dir='ltr'><strong>adhuc</strong></span> <span class='ocrx_word' id='word_1_898' title='bbox 3331 5515 3534 5583; x_wconf 84' lang='lat' dir='ltr'><strong>imper-</strong></span> 
     </span>
    </p>
   </div>
   <div class='ocr_carea' id='block_1_118' title="bbox 1976 5607 3540 5683">
    <p class='ocr_par' dir='ltr' id='par_1_118' title="bbox 1976 5607 3540 5683">
     <span class='ocr_line' id='line_1_118' title="bbox 1976 5607 3540 5683; baseline -0.008 -14"><span class='ocrx_word' id='word_1_899' title='bbox 1976 5615 2171 5670; x_wconf 65' lang='lat' dir='ltr'><strong>futlltttl</strong></span> <span class='ocrx_word' id='word_1_900' title='bbox 2207 5622 2308 5678; x_wconf 80' lang='lat' dir='ltr'><strong>est,</strong></span> <span class='ocrx_word' id='word_1_901' title='bbox 2343 5613 2540 5670; x_wconf 83' lang='lat' dir='ltr'><strong>deinde</strong></span> <span class='ocrx_word' id='word_1_902' title='bbox 2582 5612 2882 5683; x_wconf 84' lang='lat' dir='ltr'><strong>perfectum</strong></span> <span class='ocrx_word' id='word_1_903' title='bbox 2918 5613 2970 5666; x_wconf 92' lang='lat' dir='ltr'><strong>in</strong></span> <span class='ocrx_word' id='word_1_904' title='bbox 3007 5609 3247 5681; x_wconf 78' lang='lat' dir='ltr'><strong>perfecto</strong></span> <span class='ocrx_word' id='word_1_905' title='bbox 3276 5607 3540 5666; x_wconf 68' lang='lat' dir='ltr'><strong>declarat.</strong></span> 
     </span>
    </p>
   </div>
  </div>
