4088 6210
805 356 913 410 255

2036 354 2093 408 S.
2129 352 2456 410 GREGORII
2495 357 2794 414 NYSSENI

805 477 887 530 Ac
917 473 1110 538 fuisset
1137 472 1362 544 quidem.
1394 473 1523 543 ipso,
1562 472 1620 527 in
1651 477 1806 541 ortus
1840 471 2017 526 nostri
2062 471 2220 526 initio
2247 489 2371 542 per-
2402 493 2419 532 Α

2155 472 2220 526 tio
2247 489 2371 542 per—
2402 477 2449 532 A
2473 475 2692 546 ἐμπαθῆ
2726 477 2819 529 καὶ
2867 475 3053 548 ζωὼδη
3085 477 3296 544 γένεσιν
3326 475 3578 540 κοινωνία,
3607 473 3692 527 οὐκ
3725 470 3769 523 εὐ

809 565 1008 630 fectus,
1039 565 1084 632 si
1109 581 1206 635 per
1242 573 1525 634 peccatum
1565 565 1722 634 quasi
1759 563 2006 616 mutilata
2035 571 2228 634 natura
2267 571 2376 618 n‘on

809 665 980 713 esset.
1015 656 1171 712 Nunc
1202 673 1323 711 cum
1359 657 1631 726 particeps
1670 662 1866 709 natura
1917 661 2107 709 nostra
2141 655 2213 709 sit
2257 655 2377 724 ejus

813 755 990 818 ortus.
1025 747 1121 818 qui
1149 756 1203 802 et
1229 748 1376 802 vitiis
1405 749 1696 811 obnoxius,
1728 754 1781 802 et
1808 747 2121 801 animalium
2150 747 2378 802 rationis

813 839 1113 908 expertium
1138 838 1281 891 ortui
1315 837 1490 893 affinis
1533 847 1616 892 est
1647 857 1660 892 :
1695 838 1811 892 ﬁeri
1841 838 2028 908 nequit
2057 846 2114 892 ut
2143 839 2390 895 hominis

812 925 867 1002 in
900 927 1154 996 figmento
1187 929 1370 982 statim
1411 928 1594 982 divina
1646 928 1825 997 imago
1868 929 2098 1002 eluceat,
2147 927 2244 984 sed
2289 927 2388 1000 via.

811 1016 1045 1085 quadam
1068 1023 1122 1070 et
1143 1017 1333 1070 ordine
1357 1016 1629 1071 hominem
1654 1018 1810 1090 quasi
1835 1026 2202 1090 penetrantem
2227 1033 2380 1075 cras-

810 1121 902 1168 sas
936 1117 990 1162 et
1019 1122 1048 1158 a
1077 1107 1254 1162 brutis
1294 1106 1569 1176 profectas
1597 1108 1651 1161 in
1683 1109 1865 1162 animo
1891 1109 2276 1178 proprietates,
2309 1107 2377 1162 ad

811 1197 1201 1270 perfectionem
1267 1198 1550 1267 pervenire
1602 1213 1830 1253 necesse
1885 1206 1988 1253 est.
2055 1197 2382 1267 Hujusmodi

811 1286 1068 1357 quiddam
1101 1303 1200 1343 nos
1231 1304 1462 1362 magnus
1497 1289 1660 1351 etiam
1705 1287 1997 1361 Apostolus
2029 1288 2140 1350 ille.
2172 1288 2226 1342 in
2265 1288 2382 1356 cpi-

811 1378 950 1434 stola
980 1379 1046 1432 ad
1081 1379 1394 1450 Corinthios
1422 1380 1636 1449 scripta.
1662 1362 1819 1434 docet
1849 1399 1862 1434 :
1907 1398 1926 1432 ‹
1955 1379 2089 1433 Cum
2118 1394 2272 1448 puer,
2300 1379 2383 1432 in-

811 1467 952 1538 quit,
993 1483 1190 1533 essem,
1223 1486 1512 1539 puerorum
1539 1485 1690 1525 more
1713 1470 1976 1544 loquebar
1997 1478 2050 1525 et
2080 1471 2380 1545 ratiocina-

810 1557 931 1610 bar.
955 1556 1050 1612 Vir
1079 1558 1271 1622 factus,
1295 1561 1523 1630 puerilia
1550 1561 1739 1614 isthazc
1783 1560 1992 1619 abolevi
2024 1561 2069 1592 ”
2103 1563 2142 1614 ί.
2173 1559 2382 1628 »Νἰιηί-

810 1661 930 1701 rum
965 1651 1324 1719 cogitationes
1353 1651 1536 1720 pueris
1574 1657 1956 1706 consentaneae
1986 1665 2096 1703 non
2126 1664 2192 1704 eo
2221 1662 2380 1719 pacto

811 1738 1093 1792 abolentur
1112 1740 1300 1794 ascitis
1318 1741 1586 1804 virilibus,
1609 1749 1668 1792 ut
1690 1741 1828 1794 alius
1855 1741 2070 1795 animus
2091 1741 2158 1794 ab
2183 1756 2268 1804 eo,
2287 1741 2378 1811 qui

2480 565 2712 635 λάμπειν
2743 566 2839 637 τὴν
2867 566 3012 620 θείαν
3044 568 3227 622 εἰκόνα
3267 570 3324 621 ὲν
3354 567 3430 636 τῷ
3466 566 3702 636 πλάσματι
3725 569 3770 618 ὲτ

2479 655 2592 709 ἀλλ’
2621 655 2724 726 ὀδῷ
2749 674 2850 710 τινι
2882 658 2975 710 καὶ
3008 657 3298 727 ἀκολουθίᾳ
3323 657 3411 710 διὰ
3432 657 3531 709 τῶν
3555 656 3722 710 ὑλικῶν
3739 674 3767 709 κ

2477 745 2739 820 δεστέρων
2763 751 2861 818 τῆς
2914 748 3092 817 ψυχῆς
3126 748 3431 820 ἰδιωμάτων
3454 748 3537 799 ἐπὶ
3569 751 3620 800 τὸ
3657 748 3770 800 τέλει

2478 837 2567 891 τὴν
2619 836 2930 910 ἄνθρωπον.
2972 838 3046 890 Τὸ
3087 837 3142 890 δὲ
3175 837 3413 890 τοιοῦτον
3459 837 3611 906 δόγμα
3648 838 3726 890 καὶ
3759 841 3770 890 ί

2493 924 2811 989 Ἀπόστολος
2839 929 2896 980 ὲν
2917 929 2982 996 τῇ
3013 928 3150 999 πρὸς
3177 927 3492 997 Κορινθίους
3529 927 3752 991 διδάσκει,

2485 1031 2504 1064 ι
2542 1015 2670 1072 Ὅτε
2727 1016 2875 1094 ἤμην
2906 1019 3116 1087 νήπιος,
3155 1017 3388 1079 ἐλάλουν,
3415 1019 3488 1081 ὡς
3531 1021 3725 1096 νήπιος,
3768 1056 3769 1063 η

2483 1123 2591 1177 μην
2625 1108 2700 1171 ὡς
2737 1109 2949 1180 νήπιος.
2995 1110 3127 1173 Ὀτε,
3182 1109 3238 1161 δὲ
3277 1111 3472 1177 γέγονα
3527 1110 3664 1181 ἀνὴρ,
3695 1129 3770 1164 κατ

2477 1201 2547 1254 τὰ
2575 1199 2667 1252 τοῦ
2702 1201 2919 1271 νηπίου.
2943 1220 2962 1254 ›
2999 1203 3110 1263 Οὐκ
3138 1202 3302 1273 ἄλλης
3353 1205 3410 1256 ὲν
3441 1202 3512 1272 τῷ
3540 1187 3673 1274 ἀνδρὶ
3713 1204 3770 1274 τῆ

2479 1288 2918 1360 ἐπεισελθούσης,
2953 1291 3102 1362 παρὰ
3133 1292 3231 1362 τὴν
3277 1294 3334 1344 ἐν
3386 1291 3463 1362 τῷ
3501 1292 3735 1363 μειρακίῳ

2483 1397 2601 1448 νην,
2626 1383 2658 1449 ἡ
2686 1382 3094 1453 νηπιωδεστέρα
3119 1387 3471 1454 καταργεῖται
3509 1383 3707 1446 διάνοια,
3727 1402 3770 1436 κι

2479 1470 2704 1544 δρώδηςὶ
2731 1472 3033 1540 ἐγγίνεται·
3070 1472 3204 1526 ἀλλά
3229 1467 3351 1543 ’τῆς
3397 1474 3556 1543 αὐτῆς
3599 1475 3649 1526 ὲν
3685 1476 3764 1525 ὲκε

2480 1560 2541 1612 τὸ
2592 1562 2797 1627 ἀτελὲς,
2833 1565 2890 1616 ὲν
2935 1563 3106 1634 τούτῳ
3133 1564 3189 1617 δὲ
3231 1563 3648 1635 διαδεικνυούσης
3698 1566 3752 1617 τὸ

2483 1658 2691 1728 Ὠσπερ
2711 1657 2818 1728 γάρ
2846 1659 2914 1712 τὰ
2956 1658 3199 1730 φυόμενά
3222 1675 3281 1711 τε
3309 1660 3402 1712 καὶ
3432 1659 3706 1724 αὐξάνοντα
3737 1658 3770 1722 ζί

2485 1766 2603 1818 μεν,
2639 1751 2815 1803 πάντα
2851 1767 2910 1802 τε
2958 1749 3024 1804 τὰ
3063 1753 3120 1804 ὲν
3172 1751 3427 1821 μετουσίᾳ
3470 1748 3601 1820 ζωῆς
3653 1750 3738 1802 καὶ

809 1837 926 1895 erat
962 1830 1015 1883 iu
1051 1847 1238 1900 puero,
1276 1832 1329 1886 in
1360 1832 1635 1888 hominem
1685 1833 1797 1901 jam
1839 1833 2014 1892 virum
2063 1833 2336 1906 immigret
2366 1851 2380 1888 :
2412 1815 2423 1868 Ῑ

2155 1833 2380 1906 migret:
2412 1815 2454 1869 Β
2482 1841 2609 1909 οντα
2647 1843 2931 1912 κινήσεως,
2978 1844 3078 1895 οὐκ
3119 1843 3183 1897 ἄν
3221 1859 3305 1905 τις
3339 1842 3517 1912 ἄψυχα
3555 1841 3769 1910 φήσειεν,

809 1919 906 1975 sed
936 1936 1044 1974 uno
1076 1923 1376 1992 eodemque
1409 1923 1591 1977 animo
1616 1922 1930 1980 facultatem
1964 1923 2018 1976 in
2051 1938 2221 1992 puero
2251 1938 2384 1981 nec-

810 2009 938 2078 dum
974 2011 1294 2088 perfectam,
1333 2012 1392 2067 in
1448 2014 1566 2068 viro
1607 2012 1904 2086 perfectam
1943 2013 2380 2070 demonstrante.

810 2099 1279 2169 Quemadmodum
1303 2103 1447 2176 enim
1479 2119 1565 2174 res
1586 2115 1894 2175 nascentes,
1930 2121 2049 2176 quae
2078 2105 2384 2161 incremen-

809 2200 923 2246 tum
960 2199 1204 2256 sumunt,
1241 2192 1424 2247 vivere
1456 2193 1676 2265 quidem
1705 2194 1825 2248 illas
1859 2193 2132 2250 dicimus:
2164 2196 2307 2252 sicut
2329 2205 2382 2253 et

808 2281 956 2352 quod
986 2281 1109 2335 vitae
1142 2283 1515 2353 naturalisque
1540 2290 1721 2340 motus
1755 2293 1838 2340 est
1866 2287 2156 2357 particeps.
2205 2287 2382 2342 inani-

811 2387 960 2426 mum
994 2372 1103 2428 dici
1151 2375 1360 2444 nequit,
1399 2390 1509 2429 non
1560 2385 1743 2431 tamen
1780 2377 2021 2446 perfecta
2069 2378 2126 2432 in
2179 2379 2260 2434 eis
2302 2380 2382 2436 sic

807 2463 1123 2518 viventibus
1181 2466 1363 2518 anima
1415 2466 1582 2520 statui
1641 2474 1839 2536 potest.
1893 2465 2029 2520 Nam
2081 2468 2135 2521 in
2181 2468 2382 2538 plantis

809 2569 1136 2625 quamquam
1155 2557 1384 2625 exsistat
1415 2557 1609 2611 animae
1624 2557 1842 2627 propria
1869 2557 2117 2626 quadam.
2148 2556 2378 2625 effectio,

807 2659 918 2700 non
953 2653 1136 2701 tamen
1167 2662 1244 2701 ea:
1279 2663 1538 2712 sensuum
1571 2654 1778 2701 motum
1812 2648 2032 2702 habent.
2061 2647 2263 2703 Deinde
2290 2665 2382 2704 su-

806 2751 906 2806 pra
944 2737 1067 2801 has,
1111 2737 1370 2792 animalia
1409 2739 1574 2793 bruta
1618 2747 1746 2798 sunt
1777 2738 1866 2811 illa
1915 2738 2135 2810 quidem
2185 2740 2382 2806 animae

806 2825 1070 2883 facultate
1108 2829 1375 2899 prmdita:
1427 2830 1589 2885 finem
1623 2845 1753 2886 vero
1782 2831 2034 2884 ultimum
2065 2839 2120 2886 ct
2170 2831 2378 2900 perfec-

805 2921 1013 2975 tionem
1047 2936 1157 2976 non
1191 2931 1319 2978 sunt
1340 2923 1556 2994 adepta.
1583 2923 1793 2993 Quippe
1819 2939 1850 2977 a
1873 2923 2102 2978 rationis
2125 2930 2179 2977 et
2217 2924 2378 2978 intel-

808 3010 1048 3082 ligentia:
1095 3013 1556 3083 praestantissimo
1585 3014 1731 3082 dono
1769 3029 1880 3067 non
1921 3022 2048 3069 sunt
2091 3014 2377 3075 instructa.

809 3099 904 3157 Sic
948 3118 1134 3158 veram
1165 3104 1301 3158 adeo
1330 3104 1734 3173 perfectamque
1769 3104 2005 3156 animam
2045 3103 2215 3157 solam
2257 3119 2379 3160 esse
2405 3139 2448 3197 ο

808 3190 1103 3259 humanam
1146 3192 1462 3257 statuimus,
1513 3191 1967 3246 confirmantibus
2001 3191 2056 3245 in
2097 3190 2199 3244 hoc
2252 3206 2376 3244 sen-

809 3285 1032 3351 tentiam
1070 3293 1313 3338 nostram
1350 3282 1726 3337 effcetionibus
1749 3281 1869 3350 ejus
1897 3281 2185 3336 universis.
2224 3281 2380 3352 Quod

809 3374 985 3444 siqua
1023 3389 1110 3428 res
1141 3373 1248 3427 alia
1295 3374 1570 3443 particeps
1617 3373 1777 3427 etiam
1825 3372 1948 3426 vita:
1986 3378 2092 3434 est,
2145 3387 2208 3426 ea
2251 3387 2379 3426 vero

807 3466 1050 3532 animata
1081 3464 1284 3518 dicitur
1323 3464 1604 3518 hominum
1637 3479 1808 3528 more,
1845 3477 2030 3518 vocem
2071 3463 2210 3517 hanc
2255 3479 2381 3536 pro-

806 3557 926 3628 pria
958 3555 1358 3626 significatione
1387 3572 1496 3611 non
1518 3557 1920 3627 usurpantium.
1951 3557 2066 3612 Non
2093 3557 2238 3612 enim
2274 3557 2377 3612 hoc

806 3661 871 3713 ea
913 3646 970 3700 fit
1001 3647 1237 3712 ratione,
1272 3648 1428 3717 quasi
1459 3647 1697 3718 perfecta
1725 3649 1798 3704 sit
1826 3648 1882 3702 in
1911 3647 2182 3718 ejusmodi
2214 3647 2376 3704 rebus

808 3737 1011 3808 anima,
1041 3738 1134 3806 sed
1169 3738 1314 3809 quod
1359 3746 1542 3809 partes
1581 3739 1846 3809 quasdam
1891 3739 1946 3793 in
1983 3740 2062 3796 eis
2095 3739 2376 3797 videamus

807 3827 1154 3896 effectionum
1182 3831 1378 3886 animae
1414 3833 1754 3901 propriarum
1793 3833 2082 3900 exsistere,
2112 3848 2250 3902 quas
2288 3832 2375 3903 ip-

808 3936 912 3986 sas
939 3930 1052 3976 tum
1088 3923 1321 3992 primum
1358 3923 1591 3992 coepisse
1642 3923 1880 3978 hominis
1909 3923 1963 3977 in
1997 3932 2190 3978 natura
2222 3939 2378 3979 acce-

805 4011 1009 4083 pimus.
1068 4029 1193 4074 cum
1239 4013 1306 4079 ad
1337 4021 1540 4080 statum
1591 4015 2094 4083 perturbationibus
2131 4022 2185 4070 et
2224 4014 2373 4070 vitiis

2481 1931 2600 1983 οὐδὲ
2655 1933 2864 1995 τελείας
2909 1933 3086 2002 ψυχῆς
3142 1933 3389 2004 μετέχειν
3441 1930 3770 2010 τὴνιτοιαύττ

2481 2021 2628 2075 ἐστιν
2661 2025 2850 2077 εἰπεῖν.
2879 2024 3148 2097 Γενομένη
3175 2025 3282 2095 γὰρ
3316 2027 3374 2077 ὲν
3397 2027 3504 2087 τοῖς
3529 2027 3702 2092 φυτοῖς
3726 2024 3770 2092 ψ’

2480 2113 2746 2182 ἐνέργεια,
2790 2113 2960 2187 μέχρι.
2994 2114 3101 2167 τῶν
3139 2116 3261 2184 κατῖ
3301 2114 3547 2186 αἴσθησιν
3579 2114 3770 2185 κινημά

2481 2202 2898 2272 ἐφθασε.[1άλιν
2942 2205 2999 2258 δὲ
3035 2206 3176 2259 κατὰ
3223 2205 3533 2277 προσθήκην
3575 2204 3770 2276 δύναμί.

2480 2293 2606 2366 χικὴ
2646 2296 2757 2356 τοῖς
2806 2295 3019 2363 ἀλόγοις
3053 2297 3397 2366 ἐγγινομένη,
3431 2296 3547 2348 οὐδὲ
3576 2294 3707 2365 αὑτὴ
3727 2311 3770 2346 τι

2479 2386 2714 2454 ἐφίκετο,
2738 2385 2894 2455 λόγου
2930 2404 2986 2439 τε
3038 2389 3131 2440 καὶ
3176 2387 3409 2450 διανοίας
3452 2388 3604 2458 χάριν
3642 2390 3696 2439 ὲν
3746 2387 3770 2438 ὲ

2480 2477 2798 2547 χωρήσασα.
2825 2478 2919 2530 Διὰ
2959 2477 3113 2530 τοῦτό
3143 2496 3320 2548 φαμεν
3346 2479 3442 2548 τὴν
3483 2479 3574 2548 μὲν
3601 2477 3769 2547 ἀληθῆ

2479 2568 2628 2620 λείαν
2665 2568 2840 2638 ψυχὴν
2878 2569 3218 2640 ἀνθρωπίνην
3245 2565 3414 2634 εἷναι,
3443 2568 3528 2621 διὰ
3560 2569 3733 2638 πάσης
3767 2589 3770 2616 ι

2480 2659 2919 2734 γνωριζομένην..
2937 2661 2998 2712 Ei
3029 2661 3086 2714 δέ
3113 2679 3163 2714 τι
3190 2660 3315 2714 ἄλλο
3341 2660 3551 2731 μετέχει
3588 2659 3749 2728 ζωῆς,

2480 2751 2670 2820 χρήσει
2698 2752 2805 2804 τινὶ
2835 2751 3120 2822 συνηθείας
3176 2752 3415 2822 ἔμψυχον
3456 2751 3703 2820 λέγομεν,
3744 2768 3770 2819 μ

2479 2840 2599 2893 λεία
2629 2843 2702 2902 ὲν¹
2727 2841 2936 2904 τούτοις
2971 2843 3116 2905 ἐστὶν
3154 2845 3187 2914 ἡ
3222 2842 3388 2914 ψυχὴ,
3411 2842 3545 2895 ἀλλά
3569 2857 3685 2893 τινα
3725 2859 3770 2910 μι

2480 2929 2581 2998 κῆς
2603 2929 2897 3000 ἐνεργείας,
2919 2930 2954 2983 ἃ
2992 2931 3085 2983 καὶ
3119 2933 3174 2984 ἐν
3213 2930 3290 3000 τῷ
3325 2927 3593 3002 ἀνθρώπῳ
3623 2916 3763 2981 κατά

2483 3019 2670 3090 στικὴν
2692 3019 2784 3072 τοῦ
2815 3021 3091 3084 Μωῦσέως
3139 3021 3577 3092 ἀνθρωπογονίαν
3603 3025 3764 3090 ὲπιγε

2480 3107 2568 3175 διά
2599 3109 2698 3177 τὴν
2727 3109 2860 3184 πρὸς
2891 3110 2952 3162 τὸ
2994 3110 3233 3180 ἐμπαθὲς
3267 3111 3579 3184 οἰκειότητα,
3628 3120 3770 3182 μεμσ

2481 3199 2578 3267 Διά
2621 3198 2779 3251 τοῦτο
2825 3201 3204 3270 συμϐουλεύων
3231 3204 3258 3255 ὁ
3291 3201 3500 3273 Παῦλος
3531 3205 3642 3267 τοῖς
3681 3205 3770 3256 ἀκι

2480 3289 2726 3360 λομένοις
2777 3292 2876 3362 τῆς
2923 3291 3253 3363 τελειότητος
3278 3292 3528 3364 ἔχεσθαι,
3574 3295 3669 3347 καὶ
3721 3293 3770 3346 τὶ

2480 3380 2628 3443 ὅπως
2655 3380 2719 3433 ἂν
2746 3380 2838 3432 τοῦ
2892 3381 3319 3453 σπουδαζομένου
3353 3383 3566 3453 τύχοιεν
3612 3384 3770 3437 ὑποτί

2479 3488 2612 3540 γων,
2647 3470 3054 3526 ἀπεκδύσασθαι
3088 3473 3196 3526 δεῖν
3223 3474 3311 3541 τον
3355 3474 3585 3528 παλαιὸν
3613 3474 3770 3545 ἇνθρι

2480 3562 2802 3618 ἐνδύσασθαι
2833 3564 2922 3617 τὸν
2943 3565 3079 3630 νέον,
3114 3565 3212 3629 τδνῄ
3232 3567 3697 3638 ἀνακαινούμενον
3732 3584 3768 3618 κ

2481 3653 2574 3707 τοῦ
2624 3654 2922 3723 κτίσαντος.
2969 3657 3106 3710 Ἀλλ’
3141 3657 3524 3729 ἐπανέλθωμεν
3585 3659 3770 3712 πάντεέ

2482 3745 2688 3817 θεοειδῆ
2713 3747 2871 3817 χάριν
2894 3749 3129 3818 ἐκείνην,
3166 3744 3276 3822 ὲνῇ
3304 3749 3486 3812 ἔκτισε
3515 3750 3578 3804 τὸ
3609 3751 3734 3803 κατ’
3767 3779 3769 3794 ι

2481 3835 2762 3905 ἄνθρωπον
2789 3839 2816 3890 ό
2849 3837 2999 3901 Θεὸς,
3033 3836 3201 3891 εἰπών
3223 3856 3235 3869 ο
3264 3840 3343 3891 ὅτι
3371 3858 3388 3890 ι
3422 3840 3769 3910 Ποιήσωμεν

2481 3925 2600 3978 κατ’
2632 3926 2814 3979 είκόνα
2844 3929 2936 3980 καὶ
2971 3928 3228 3997 ὁμοίωσιν
3262 3929 3593 4000 ἡμετέραν.»
3625 3921 3699 3998 τῼ
3739 3929 3770 3998 ἡ

2478 4016 2539 4068 τὸ
2569 4018 2767 4088 κράτος
2799 4020 2877 4082 είς
2907 4020 3031 4082 τοὺς
3053 4020 3251 4083 αἰῶνας
3280 4019 3388 4073 τῶν
3418 4019 3665 4074 αἰώνων.
3706 4021 3766 4071 Ἀ

805 4104 1102 4168 obnoxium
1148 4121 1249 4170 nos
1289 4105 1702 4170 demisissemus
1733 4123 1746 4159 :
1781 4105 1925 4160 sicut
1956 4113 2040 4160 est
2071 4122 2138 4160 ex
2177 4121 2378 4161 arcana
2415 4105 2581 4163 Mosis
2642 4109 2707 4164 de
2749 4109 2986 4166 hominis
3039 4120 3162 4165 ortu
3211 4111 3529 4166 narratione
3576 4111 3770 4166 declar

805 4197 954 4252 circo
989 4197 1193 4254 Paulus
1227 4214 1292 4255 eo
1337 4201 1478 4265 loco,
1512 4214 1621 4280 quo
1655 4199 1890 4258 consulit
1923 4199 2177 4255 omnibus
2230 4202 2324 4270 qui
2370 4215 2562 4270 parere
2625 4203 2858 4258 consilio
2897 4203 3073 4274 ipsius
3115 4205 3304 4270 velint,
3341 4215 3400 4260 ut
3444 4206 3769 4275 perfection

803 4289 978 4345 dicti:
1027 4291 1247 4348 modum
1287 4291 1448 4358 etiam
1488 4291 1731 4363 subiicit,
1783 4305 1891 4361 quo
1937 4289 2052 4364 fieri
2099 4300 2378 4362 compotes
2433 4295 2545 4349 voti
2599 4296 2686 4350 sui
2723 4295 2952 4364 possint,
3003 4311 3127 4350 cum
3181 4297 3299 4350 ait:
3348 4295 3688 4352 Exuendum
3731 4311 3762 4350 e

803 4395 926 4445 nem
951 4391 1211 4448 veterem,
1241 4393 1295 4438 et
1354 4383 1688 4446 induendum
1738 4399 1962 4448 novum,
1990 4384 2083 4455 qui
2121 4385 2191 4440 sit
2249 4384 2315 4438 ad
2366 4384 2653 4456 imaginem
2689 4387 2968 4444 Creatoris
3009 4388 3369 4445 instauratus.
3419 4389 3538 4458 Age
3590 4388 3770 4459 igitur

803 4485 929 4532 mur
961 4486 1153 4528 omnes
1198 4475 1265 4529 ad
1295 4475 1534 4538 divinam
1570 4476 1719 4530 illam
1757 4477 2008 4547 gratiam,
2044 4490 2153 4546 qua
2189 4490 2373 4530 rerum
2425 4477 2584 4536 initio
2634 4478 2776 4534 Deus
2836 4478 3113 4536 hominem
3144 4491 3388 4536 creatum
3438 4481 3696 4542 ornavit,
3756 4493 3770 4531 ι

802 4569 889 4616 ret
922 4578 934 4615 :
981 4579 999 4612 ι
1036 4559 1323 4627 Faciamus
1364 4566 1639 4635 hominem
1668 4566 1736 4636 ad
1779 4567 2068 4640 imaginem
2105 4568 2630 4643 similitudinemque
2677 4579 2946 4642 nostram.
2983 4592 3002 4626 ι
3035 4572 3097 4629 Ei
3135 4574 3207 4637 sit
3238 4574 3410 4647 gloria
3454 4581 3511 4630 et
3561 4579 3770 4644 potest:

805 4654 1051 4714 infinitis.
1083 4658 1273 4716 Amen.

877 4809 946 4840 ”‘
976 4810 1100 4870 Cor.
1142 4829 1260 4880 xm,
1302 4815 1387 4869 ll.
