4088 6210
245 191 338 250 251

985 174 1052 230 IN
1091 175 1335 236 VERBA,
1380 167 1761 225 FACIAML’S
1805 165 2196 230 ΗΟΜΙΝΕΜ,
2240 165 2415 228 ETC.,
2457 164 2662 220 OllAT.
2702 165 2741 221 I.

3381 168 3492 224 258

2563 321 3466 354 manu

271 322 3362 374 Mm

1337 475 1474 530 ΤΟΥ
1502 476 1593 528 EN
1626 475 1850 529 ΑῙΊΟΙΣ
1891 474 2162 527 ΠΑΤΡΟΣ
2206 472 2404 526 ΗΜΩΝ

1093 659 1961 833 ΓΡΗΓΟΡΙΟΥ
2069 667 2648 779 ΝΥΣΣΗΣ

453 911 554 976 Εἰς
581 907 654 964 τὰ
688 905 791 978 τῆς
834 902 1058 975 Γραφῆς
1088 899 1312 971 ῥήματα
1344 914 1358 929 ·
1406 895 1758 965 Ποιήσωμεν
1801 895 2115 964 ἄνθρωπον
2146 894 2273 948 κατ’
2305 895 2507 947 εἰκόνα
2533 891 2825 960 ἡμετέραν
2851 890 2949 944 καὶ
2982 880 3280 961 ὁμοιωὰιν.

869 1229 986 1342 s.
1072 1227 1198 1337 P.
1288 1228 1430 1340 N.
1520 1205 2196 1338 GREGORII
2274 1147 2888 1332 NYSSENI

458 1502 533 1566 In
565 1496 912 1576 Scriptum
947 1488 1159 1563 verba,
1194 1486 1524 1547 Faciamus
1556 1468 1862 1545 hominem
1891 1481 1972 1542 ad
2001 1467 2328 1560 imaginem
2371 1474 2426 1543 et
2476 1466 2949 1546 similitudinem
2981 1455 3282 1543 nostram;

1403 1694 1554 1744 Petro
1576 1688 1831 1743 Fraucisco
1858 1689 1979 1738 Zino
2004 1689 2301 1749 interprete;

886 2033 1103 2096 ΛΟΓΟΣ
1137 2039 1218 2093 A'.
1863 2019 1912 2076 Α

336 2157 580 2217 Παλαιοῦ
612 2155 809 2227 χρέους
870 2153 1076 2205 ἔκτισιν
1131 2144 1546 2218 ἀποπληρώσων
1595 2147 1734 2216 ἥκω,
1779 2139 1842 2199 οὗ

266 2253 362 2323 τὴν
392 2247 646 2302 ἀπόδοσιν
676 2241 1037 2310 ἀνεϐαλόμην,
1066 2236 1163 2291 οὐκ
1194 2234 1554 2308 ἀγνωμοσύνῃ
1587 2234 1842 2306 προαιρέ-

270 2353 423 2398 σεως,
457 2333 572 2387 ἀλλ’
603 2328 856 2399 ἀσθενείᾳ
899 2325 1166 2396 σώματος,
1213 2325 1375 2395 χρέος
1416 2323 1842 2391 ἀναγκαιότατον

266 2427 356 2480 καί
373 2423 729 2492 ὀφειλόμενον
765 2419 918 2487 ὑμῶν
945 2419 1011 2486 τῇ
1047 2413 1330 2484 ἀκροάσει,
1374 2413 1483 2464 Καὶ
1511 2413 1619 2483 γὰρ
1658 2412 1724 2466 ἂν
1755 2411 1841 2482 εἴη

268 2515 445 2569 ὧδικον
487 2510 561 2562 τὰ
593 2508 721 2576 περὶ
753 2505 953 2575 θηρίων
999 2502 1094 2556 καὶ
1125 2500 1336 2571 νηκτῶν
1377 2499 1470 2552 καὶ
1500 2498 1713 2568 κτηνῶν
1751 2499 1846 2551 καὶ

272 2599 515 2671 πτηνῶν,
544 2593 777 2666 οὐρανοῦ
810 2609 870 2645 τε
913 2593 1006 2644 καὶ
1048 2589 1154 2642 τῶν
1195 2587 1314 2641 κατ’
1345 2586 1595 2657 οὐρανὸν,
1634 2586 1761 2656 περί
1786 2602 1846 2638 τε

271 2691 361 2742 καὶ
391 2687 504 2739 τῶν
555 2685 676 2737 κατ’
725 2681 971 2753 οὐρανὸν,
997 2679 1124 2749 περί
1154 2694 1215 2729 τε
1263 2677 1366 2747 γῆς
1401 2677 1496 2728 καὶ
1543 2674 1652 2728 τῶν
1692 2677 1750 2726 ὲν
1777 2676 1847 2745 τῇ

271 2785 338 2850 τῇ
371 2777 558 2848 φυτῶν
604 2773 948 2842 διδαχθέντας
998 2771 1174 2841 ἡμᾶς,
1213 2767 1288 2838 μὴ
1337 2767 1428 2820 καὶ
1476 2767 1562 2820 τὰ,
1593 2767 1723 2836 περὶ
1755 2767 1852 2836 τῆς

272 2869 550 2940 ἡμετέρας
570 2865 835 2934 γενέσεως
862 2865 926 2916 ὲκ
968 2861 1066 2930 τῆς
1095 2859 1450 2912 θεοπνεύστου
1482 2857 1705 2928 Γραφῆς
1743 2874 1854 2925 φω-

276 2961 545 3030 τισθῆναι.
587 2957 801 3024 Ὥσπερ
829 2953 935 3023 γὰρ
959 2953 1007 3004 οἱ
1035 2951 1304 3020 ὀφθαλμοὶ
1328 2952 1360 3018 ή
1371 2949 1485 3017 μῶν
1514 2948 1579 3000 τὰ
1608 2947 1710 3013 ἔξω
1737 2946 1856 3016 βλέ-

278 3068 489 3113 ποντες,
518 3047 748 3108 ἑαυτοὺς
777 3046 873 3113 οὐχ
917 3041 1114 3113 ὁρῶσιν
1132 3059 1144 3071 ’
1173 3041 1266 3094 ὲάν
1297 3041 1477 3110 μήπου
1509 3038 1652 3100 τινὸς
1682 3039 1854 3108 ἅψων-

274 3149 363 3196 ται
405 3140 658 3210 στερεοῦ,
701 3136 957 3190 κάκεῖθεν
994 3131 1389 3210 ἀνακλασθεῖσα
1433 3132 1466 3201 ή
1500 3130 1621 3199 ἅψις
1669 3129 1857 3201 ῶσπερ

274 3235 382 3291 ἀπὺ
420 3230 754 3301 παλιρροίας
779 3229 908 3299 ὁρᾷν
943 3228 1140 3288 αὐτοὺς
1178 3225 1382 3295 ποιήσῃ
1415 3222 1483 3276 τὰ
1526 3221 1732 3275 ἑαυτῶν
1762 3238 1861 3274 κα-

2553 2007 2810 2109 0mm
2847 2025 2889 2081 ι.

2011 2143 2262 2200 Debitam
2297 2141 2528 2197 auribus
2551 2141 2750 2195 vestris
2775 2138 3196 2209 expositionem,
3229 2137 3388 2208 cujus
3413 2149 3512 2193 no;

1942 2233 2090 2288 mine
2130 2240 2389 2302 tanquam
2423 2246 2530 2286 aere
2558 2231 2738 2284 alieno
2769 2229 2920 2284 vobis
2951 2227 3279 2299 jampridem
3306 2229 3514 2283 obstri-

1944 2332 2070 2379 ctus
2121 2338 2242 2378 sum
2286 2322 2625 2383 necessario,
2663 2320 2932 2389 cujusque
2972 2321 3295 2375 solutionem
3336 2320 3514 2374 adhuc

1945 2430 2057 2469 non
2091 2415 2288 2485 ingrati
2324 2413 2491 2467 animi
2519 2413 2671 2474 vitio,
2709 2411 2804 2466 sed
2841 2412 3052 2465 inﬁrma
3088 2416 3338 2481 corporis
3370 2413 3515 2467 vale-

1946 2507 2139 2562 tudine
2169 2505 2464 2573 impeditus
2490 2505 2698 2567 distuli,
2732 2505 3113 2574 persoluturus
3139 2503 3387 2560 advenio.
3411 2504 3517 2559 ini.

1947 2613 2116 2668 quum
2146 2598 2292 2651 enim
2325 2604 2492 2661 esset,
2535 2611 2658 2650 cum
2695 2610 2778 2658 ea,
2823 2611 2943 2665 quae
2970 2595 3035 2650 ad
3081 2595 3244 2656 feras,
3274 2605 3390 2649 tum
3429 2604 3517 2650 na-

1949 2697 2151 2751 tantes,
2203 2697 2314 2742 tum
2347 2687 2676 2758 gradientes,
2723 2694 2835 2738 tum
2879 2687 3146 2751 volantes,
3183 2701 3412 2756 quaeque
3451 2686 3518 2740 ad

1953 2777 2151 2832 coelum
2183 2782 2235 2830 et
2258 2791 2321 2829 ea
2350 2791 2470 2844 quae
2503 2776 2555 2829 iu
2593 2775 2732 2829 caelo
2762 2781 2911 2840 sunt,
2938 2790 3168 2844 qua’que
3205 2776 3269 2829 ad
3295 2787 3520 2838 terram,

1953 2876 2008 2922 et
2055 2867 2120 2920 ad
2165 2867 2257 2920 illa
2300 2881 2421 2935 qua:
2452 2873 2582 2921 sunt
2627 2865 2681 2918 in
2729 2875 2895 2928 terra,
2941 2866 3236 2934 pertinent,
3266 2865 3524 2921 didiceri—

1954 2974 2114 3017 mus:
2161 2973 2225 3012 ea
2273 2957 2454 3019 nobis,
2489 2971 2610 3026 qua:
2653 2957 2716 3010 ad
2758 2963 2936 3009 ortum
2983 2957 3526 3026 procreationemque

1955 3057 2201 3104 nostram
2223 3056 2490 3117 spectant,
2520 3063 2547 3100 a
2580 3047 2763 3102 divina
2801 3045 3088 3116 Scriptura
3121 3062 3228 3100 non
3255 3048 3522 3115 patetieri.

1958 3137 2422 3203 Quemadmodum
2472 3137 2616 3191 enim
2673 3136 2817 3191 oculi
2877 3136 3071 3199 nostri,
3123 3151 3246 3190 cum
3302 3151 3366 3190 ea
3407 3151 3528 3206 qua:

1961 3237 2088 3284 sunt
2121 3238 2275 3283 extra
2311 3243 2369 3283 se
2415 3227 2655 3290 videant,
2703 3227 2914 3296 seipsos
2962 3240 3074 3280 non
3112 3235 3368 3288 cernunt,
3419 3227 3528 3281 nisi

273 3327 475 3398 τόπινς
514 3321 662 3373 οὕτω
685 3321 777 3371 καὶ
803 3321 830 3371 ὁ
859 3318 983 3380 νοῦς
1014 3319 1042 3369 ὁ
1069 3316 1352 3386 ἡμέτερος,
1388 3313 1522 3367 ἀλλα
1545 3313 1706 3382 ὁρῶν,
1734 3313 1860 3366 ἑαυ-

1967 3322 2402 3392 lzevequippiam,
2429 3336 2491 3375 ac
2514 3321 2747 3375 solidum
2786 3320 3152 3390 inspexerint,
3192 3321 3337 3374 unde
3359 3318 3530 3374 refra-

273 3415 370 3468 τὺν
396 3416 458 3468 οὐ
493 3413 706 3483 βλέπει,
733 3411 827 3462 ἐὰν
863 3410 935 3480 μὴ
973 3411 1091 3472 ταῖς
1121 3407 1158 3460 Γ
1165 3409 1363 3478 ραφαῖς
1384 3406 1616 3475 ὲγκύψῃ.
1651 3405 1724 3456 Τὸ
1752 3403 1860 3473 γὰρ

278 3505 517 3560 ἐνταῦθα
573 3503 688 3571 φῶς
726 3501 1125 3570 ἀνακλώμενον,
1154 3498 1248 3552 τοῦ
1279 3497 1610 3568 καθορᾶσθαι
1638 3497 1864 3549 ἕκαστον

271 3587 436 3666 ήμῶν
453 3595 632 3648 αἴτιον
659 3593 884 3661 γίνεται.
911 3592 1064 3666 Ἐπεὶ
1091 3589 1338 3644 ἀσυνετοί
1360 3592 1522 3659 ἐσμεν
1550 3589 1644 3641 καὶ⁵
1669 3587 1864 3658 ἀπερί-

273 3704 439 3741 οπτοι
506 3686 612 3754 τῆς
648 3684 856 3737 ἑαυτῶν
908 3681 1275 3750 κατασκευῆς,
1303 3681 1440 3750 ὅπερ
1490 3678 1654 3749 ἐσμὲν
1685 3678 1779 3730 καὶ
1812 3676 1864 3730 τί

272 3777 449 3845 ἐσμεν
485 3774 833 3842 ἀγνοοῦντες.
879 3771 1245 3842 ’Δμελέστατα
1277 3769 1386 3839 γὰρ
1421 3768 1629 3822 ἑαυτῶν
1661 3765 1864 3820 διακεία

278 3865 448 3936 μεθα,
488 3863 601 3917 τῶν
632 3861 938 3934 προχείρων
983 3863 1081 3932 τῆς
1124 3859 1378 3929 γνώσεως
1409 3859 1639 3914 καὶτῶν
1675 3875 1864 3930 μικρο-

275 3956 464 4008 τάτων
497 3954 607 4007 τῶν
637 3954 695 4005 ὲν
729 3955 861 4023 ἡμῖν
889 3951 1085 4020 γνῶσιν
1113 3953 1214 4005 οὐκ
1242 3951 1479 4023 ἔχοντες.
1500 3951 1698 4004 nomn
1726 3966 1867 4021 πραι-

270 4048 553 4116 γματείαι
588 4045 719 4115 περὶ
763 4044 825 4096 τὸ
860 4043 1018 4114 σῶμα
1050 4042 1112 4096 τὸ
1147 4043 1411 4114 ἡμέτερον
1446 4042 1507 4096 τὸ
1533 4040 1868 4114 ἀνθρώπινον

271 4139 385 4208 τὴν
425 4140 609 4191 πᾶσαν
643 4135 851 4189 ἑαυτῶν
879 4134 1111 4206 σπουδὴν
1137 4135 1526 4206 κατηνάλωσαν
1544 4151 1559 4167 ο
1581 4135 1683 4189 κᾶν
1707 4137 1871 4206 ἰατριο

270 4230 397 4299 κὴν
455 4228 713 4300 ἒπέλθῃς,
741 4228 996 4298 εὑρήσεις
1052 4227 1192 4279 πόσα
1243 4227 1370 4294 περὶ
1405 4225 1502 4296 τῆς
1532 4225 1719 4296 χρείας
1760 4225 1869 4278 τῶν

269 4319 582 4390 ἡμετέρων
628 4321 758 4388 ἡμῖν
809 4318 1094 4386 διηγεῖται,
1126 4317 1298 4381 πόσας
1343 4318 1471 4387 περὶ
1515 4317 1616 4386 τῆς
1662 4316 1882 4371 ἔνδοθεν.

267 4415 431 4483 ἡμῖν
464 4411 802 4480 κατασκευῆς
836 4411 892 4462 ὲν
933 4413 1054 4472 ταῖς
1108 4394 1463 4480 ἀνατομίκαῖς
1499 4410 1872 4481 ὲγχειρήσεσιν

267 4501 492 4572 ἐξεῦρε
540 4499 928 4570 κεκρυμμένας
981 4499 1136 4562 ὁδοὺς
1190 4497 1636 4569 συνυπαρχούσας
1693 4499 1752 4551 ὲν
1796 4497 1875 4569 τῷ

263 4595 519 4662 ἀφανεῖ,
557 4593 688 4661 μίαν
721 4590 1026 4659 σύμπνοιαν
1063 4587 1172 4642 ἀπὸ
1203 4587 1293 4641 τοῦ
1342 4588 1592 4658 σώματος
1613 4626 1626 4647 ,
1657 4589 1875 4660 ὀχετοὺς

1963 3420 2084 3468 ctus
2111 3413 2334 3468 obtutus
2367 3427 2432 3467 ac
2459 3412 2692 3467 reﬂuens
2719 3411 2915 3466 eﬂiciat
2950 3419 3008 3465 ut
3054 3427 3112 3467 se
3145 3412 3246 3480 ipsi
3283 3413 3530 3466 intuean-

1963 3510 2056 3558 tur
2089 3521 2102 3558 :
2136 3504 2217 3557 sic
2246 3504 2462 3557 animus
2493 3512 2680 3557 noster
2706 3503 2811 3556 alia
2841 3517 3094 3564 cernens,
3131 3518 3190 3558 se
3219 3503 3394 3571 ipsum
3420 3518 3531 3557 non

1964 3595 2129 3659 videt,
2176 3593 2280 3648 nisi
2321 3591 2622 3662 Scripturis
2666 3594 2964 3655 inhaeserit,
2997 3603 3159 3664 atque
3203 3595 3533 3651 incubuerit.

1965 3686 2118 3752 Quod
2153 3686 2298 3740 enim
2333 3685 2388 3739 in
2435 3685 2543 3739 illis
2570 3692 2654 3739 est
2701 3685 2905 3748 lumen,
2940 3687 3258 3751 reﬂectitur,
3298 3688 3537 3757 facitque

1966 3785 2028 3830 ut
2064 3791 2165 3831 nos
2193 3775 2294 3845 ipsi
2329 3775 2730 3844 perspiciamus
2762 3781 2816 3829 et
2852 3789 3276 3845 cognoscamus.
3315 3775 3534 3840 Verum,

1968 3864 2223 3935 quoniam
2249 3877 2341 3916 eas
2361 3863 2705 3932 negligimus,
2729 3877 2829 3917 nec
2851 3864 2995 3918 scire
3011 3879 3289 3930 curamus,
3315 3879 3539 3936 quomo-

1967 3955 2040 4011 do
2061 3953 2187 4007 facti
2206 3953 2617 4023 constructique
2629 3953 2826 4016 simus,
2852 3954 2975 4008 inde
2990 3955 3066 4021 fit,
3094 3963 3152 4009 ut
3170 3955 3298 4026 quid
3320 3957 3541 4027 quales-

1966 4059 2031 4102 ve
2064 4045 2258 4108 simus,
2290 4044 2624 4115 ignoremus,
2655 4051 2710 4099 et
2741 4059 2927 4099 eorum
2964 4061 3084 4115 qua:
3112 4047 3168 4102 in
3206 4048 3368 4102 nobis
3388 4054 3537 4109 sunt,

1968 4137 2096 4192 licet
2141 4135 2389 4200 minima,
2441 4136 2786 4204 maximeque
2831 4152 3012 4190 rerum
3060 4139 3305 4190 omnium
3361 4136 3540 4190 facilia

1969 4238 2130 4297 atque
2156 4227 2210 4282 in
2241 4237 2495 4297 promptu
2543 4228 2672 4290 sint,
2701 4227 2905 4280 nullam
2940 4228 3188 4282 notitiam
3222 4228 3538 4283 habeamus.

1970 4320 2049 4375 Ac
2102 4319 2321 4373 tametsi
2360 4319 2545 4372 multae
2590 4317 2880 4371 facultates
2930 4317 2984 4370 in
3030 4332 3259 4386 corpore
3299 4317 3546 4371 humano

1971 4408 2342 4480 dignoscendo
2389 4421 2550 4462 omne
2595 4422 2754 4461 suum
2796 4407 3035 4461 studium
3089 4407 3427 4462 collocarunt
3473 4408 3542 4478 (si

1973 4500 2119 4556 enim
2151 4498 2418 4553 medicam
2448 4505 2619 4552 artem
2651 4498 2987 4560 consideres,
3016 4497 3176 4553 facile
3201 4499 3546 4555 animadver-

1975 4597 2079 4652 tes,
2125 4602 2289 4658 quam
2333 4587 2505 4640 multa
2550 4586 2617 4641 de
2659 4603 2760 4641 usu
2804 4588 3038 4656 partium
3075 4587 3192 4657 ejus
3231 4589 3547 4655 tradiderit;

264 4683 641 4750 πνεύματος.
690 4679 1037 4751 ὐδραγωγίας
1080 4679 1343 4749 αἵματος,
1376 4680 1648 4749 ἀναπνοῆς
1688 4680 1872 4752 ὁλκὴν,

1978 4693 2141 4751 quam
2167 4677 2337 4731 multa
2361 4677 2428 4732 de
2463 4676 2706 4732 interiori
2739 4687 2927 4732 nostra
2963 4685 3238 4732 structura
3265 4679 3318 4731 in
3351 4681 3549 4734 sectio-

261 4773 517 4840 οἴκησιν
539 4768 741 4832 ἑστίας
760 4766 856 4820 τοῦ
886 4766 1091 4837 θερμοῦ
1123 4767 1218 4819 ἐπὶ
1245 4767 1344 4838 τῆς
1370 4767 1615 4839 καρδίας,
1664 4769 1877 4838 κίνησιν

261 4860 504 4932 διαρκῆ
568 4860 661 4912 τοῦ
725 4858 1088 4934 περικαρδιουγ
1130 4857 1462 4928 πνεύματος.
1517 4861 1702 4931 Μυρία
1751 4862 1878 4933 παρ’

264 4952 538 5014 ἐκείνοις
583 4947 1038 5017 πεφιλοσόφηται,
1062 4939 1136 5000 ὧν
1189 4947 1365 5009 οὐδεὶς
1422 4947 1577 5018 ήμῶν
1605 4950 1754 5001 ἐστιν
1779 4947 1880 5016 ἐμ-

263 5057 520 5112 πειρος,
548 5040 626 5110 τῷ
648 5039 914 5109 μηδεμίαν
937 5037 1133 5108 σχολὴν
1157 5038 1447 5108 ἀπονεῖμαι
1478 5037 1556 5108 τῷ
1586 5038 1740 5110 μέρει
1767 5038 1884 5092 τού-

261 5147 382 5185 του
417 5129 530 5199 τῆς
575 5131 894 5194 ἐξετάσεως,
929 5129 1061 5201 μηδὲ
1103 5127 1306 5198 γνῶναι
1346 5128 1536 5182 ἑαυτὸν
1576 5129 1883 5193 ἐκαστοςὸς

265 5223 366 5284 τίς
411 5223 590 5274 ἐστιν.
619 5219 844 5274 Εὕκολοι
869 5219 978 5290 γάρ
1004 5220 1170 5290 ἐσμεν
1199 5218 1398 5288 γνῶναι
1427 5218 1654 5288 οὐρανὸν
1686 5218 1884 5289 μᾶλλον

265 5313 309 5384 ἧ
343 5311 620 5373 ἑαυτούς.
662 5311 824 5364 Ὥστε
856 5311 930 5382 μὴ
957 5310 1288 5382 καταφρόνει
1334 5307 1428 5362 τοῦ
1462 5311 1518 5362 ὲν
1559 5309 1640 5363 σοὶ
1669 5309 1882 5380 θαύμαο

267 5418 406 5463 τος.
453 5399 664 5470 Μικρὸς
694 5401 806 5470 γὰρ
839 5395 907 5463 εἴ,
933 5401 1008 5466 ὡς
1051 5396 1292 5482 νομίζεις
1313 5415 1327 5430 ’
1359 5398 1531 5468 μέγαν
1566 5397 1623 5451 δὲ
1656 5398 1884 5468 ὲπερχόυ

275 5505 483 5565 μενος
511 5491 538 5542 ὀ
556 5488 705 5557 λόγος
727 5491 960 5562 εὑρήσει.
993 5493 1090 5550 Διὰ
1114 5489 1279 5548 τοῦτο
1307 5491 1338 5544 ὁ
1365 5488 1528 5556 σοφὸς
1549 5489 1712 5542 Δαὸὶδ
1734 5488 1890 5552 εἰδὼς

276 5575 564 5650 ἁκριὲὦς
598 5579 784 5632 ἑαυτὸν
811 5579 1062 5658 ἐξετάσαι,
1094 5608 1113 5644 ι
1149 5578 1608 5652 Ἐθαυμαστὼθη,
1639 5600 1656 5633 ›
1690 5581 1852 5649 φησιν
1872 5619 1885 5644 ,

1982 4771 2144 4825 nibus
2175 4768 2535 4839 excogitarit;
2583 4783 2745 4838 quam
2784 4769 3000 4824 abditas
3044 4770 3395 4839 occultasque
3432 4770 3552 4825 vias

1985 4859 2320 4931 patefecerit,
2365 4867 2425 4914 ut
2469 4875 2638 4914 unum
2691 4860 2859 4916 totius
2904 4863 3150 4931 corporis
3196 4872 3545 4929 concentum,

1986 4963 2151 5024 atque
2187 4953 2557 5019 concordiam,
2599 4953 2844 5023 spiritus,
2895 4955 3177 5026 sanguinis
3214 4955 3432 5019 ductus,
3466 4964 3552 5009 at-

1989 5045 2311 5098 tractionem
2360 5044 2576 5107 animai,
2618 5058 2682 5098 ac
2721 5044 3082 5111 domicilium,
3119 5045 3321 5100 caloris
3367 5045 3552 5101 sedem

1990 5134 2044 5189 in
2077 5134 2262 5196 corde,
2296 5140 2615 5204 perpetuum
2647 5133 2876 5203 spiritus
2903 5134 2956 5188 in
2981 5135 3293 5203 praecordiis
3322 5141 3553 5198 motum‘.

1987 5231 2151 5293 atque
2176 5223 2281 5276 alia
2323 5221 2740 5276 innumerabilia
2783 5220 3428 5290 investigaverit),tamen
3461 5237 3562 5276 ea-

1989 5328 2109 5366 rum
2137 5328 2239 5367 nos
2270 5313 2514 5366 omnium
2538 5311 2710 5382 ignari
2745 5325 2959 5372 sumus.
2988 5312 3189 5383 quippe
3214 5311 3306 5380 qui
3333 5311 3386 5364 in
3411 5311 3553 5379 ejus-

1995 5403 2142 5457 modi
2193 5403 2434 5458 studium
2492 5402 2627 5456 nihil
2679 5401 3082 5464 incumbimus,
3147 5416 3249 5455 nec
3296 5409 3380 5455 est
3443 5400 3555 5451 fere

1993 5493 2303 5562 quisquam,
2349 5492 2442 5562 qui
2478 5491 2619 5546 scire
2653 5499 2826 5556 curet,
2871 5490 3000 5560 quid
3045 5490 3161 5561 ipse
3195 5489 3286 5543 sit.
3318 5487 3554 5543 Facilius

1995 5584 2191 5638 coelum
2242 5597 2403 5653 quam
2461 5583 2822 5653 nosmetipsos
2861 5593 3186 5650 cognoscere
3242 5593 3557 5650 possumus.
