4088 6210
801 284 906 340 9.59

2040 273 2092 329 s.
2129 267 2457 330 GREGORll
2492 260 2778 328 Ni’SSENt

804 400 1194 470 Quamobrem,
1227 395 1372 468 quod
1427 395 1482 449 in
1532 403 1583 450 te
1614 394 1991 449 admirandum
2041 406 2147 460 est,
2190 397 2373 458 homo,
2407 428 2418 456 Α

2190 397 2373 458 homo,
2407 401 2450 456 Α
2475 415 2502 445 οι
2535 397 2566 464 ἡ
2601 392 2800 462 γνῶσίς
2849 409 2943 445 σου
2975 390 3032 454 ἐξ
3067 387 3221 459 ἐμοῦ.
3263 408 3280 438 ι
3321 385 3458 440 Κατὰ
3483 385 3556 456 τὴν
3590 383 3737 454 τέχνην
3761 403 3782 436 τ

805 509 876 548 ne
904 489 1322 558 contempseris.
1353 487 1566 541 Parvus
1591 494 1647 540 tu
1676 487 1894 556 quidem
1921 498 2000 548 es,
2031 494 2090 538 ut
2111 486 2372 554 opinaris,

807 583 903 640 sed
945 595 1188 652 przesens
1217 579 1394 634 oratio
1433 586 1489 633 te
1519 592 1777 648 magnum
1821 592 1943 633 esse
1987 575 2372 646 deprehendet.

807 673 1019 730 Idcirco
1065 671 1287 742 sapiens
1318 667 1512 732 David,
1540 669 1633 738 qui
1665 683 1723 723 se
1753 669 1931 739 ipsum
1972 668 2258 738 diligenter
2286 681 2379 721 ex-

815 767 1028 840 plorare
1082 767 1328 825 noverat,
1379 779 1397 811 ι
1439 759 1723 826 Mirabiiis,
1764 775 1783 810 ι
1823 757 2018 828 inquit,
2064 771 2088 808 ι
2135 756 2273 812 facta
2297 763 2382 812 est

815 853 1042 908 .cientia
1073 859 1167 904 tua
1197 866 1264 905 ex
1295 866 1395 904 me.
1437 869 1454 900 ι
1493 849 1774 903 Undenam
1802 848 2165 917 cognitionem
2195 848 2272 902 tui
2300 862 2382 901 ra-

819 945 959 1000 tione
1012 941 1246 996 mirifica
1296 939 1426 994 licet
1492 939 1762 994 inveniri?
1818 953 1886 993 ex
1951 954 2059 1004 me,
2119 937 2382 993 Mirabiiis

813 1034 955 1088 facta
999 1040 1085 1088 est
1126 1018 1356 1088 scientia
1386 1039 1478 1084 tua
1509 1045 1575 1084 ex
1613 1045 1720 1084 me.
1761 1028 2068 1084 Artificium
2108 1029 2388 1100 sapientiaa

746 1136 751 1146 ’
813 1132 938 1189 tute,
983 1139 1092 1194 quo
1136 1137 1336 1192 corpus
1387 1135 1569 1174 meum
1610 1127 1985 1176 constructum
2025 1128 2132 1186 εει,
2183 1134 2386 1190 cogno-

818 1231 1000 1279 scens,
1036 1232 1100 1270 ex
1138 1228 1305 1285 parva
1333 1212 1540 1266 fabrica
1581 1227 1836 1284 magnum
1857 1211 2116 1281 Opiﬁcem
2145 1211 2390 1266 animad-

816 1315 985 1360 verto.
1023 1323 1040 1355 ι
1067 1305 1355 1360 Faciamus
1387 1303 1658 1358 hominem
1687 1302 1752 1356 ad
1783 1303 2072 1373 imaginem
2102 1309 2156 1356 et
2185 1301 2384 1357 simili-

816 1395 1057 1448 tudinem
1099 1403 1365 1447 nostram.
1407 1411 1424 1443 ι
1450 1383 1669 1455 Paucis,
1699 1389 1791 1444 sed
1838 1389 1970 1444 satis
1997 1394 2181 1457 aperte
2203 1393 2383 1440 tamen
2413 1430 2429 1445 .

816 1482 1247 1537 demonstratum
1271 1486 1356 1535 est
1382 1481 1507 1533 a'nte
1537 1494 1657 1548 qua
1695 1479 1826 1544 sint,
1863 1485 1917 1532 et
1954 1477 2020 1530 ad
2049 1490 2210 1544 quem
2249 1473 2387 1529 refe-

817 1587 1006 1631 rantur
1032 1575 1146 1629 haec
1176 1574 1358 1629 verba.
1389 1571 1452 1626 Et
1484 1571 1644 1625 habet
1671 1569 1913 1624 Ecclesia
1939 1569 2006 1622 de
2044 1568 2132 1621 his
2166 1568 2390 1622 demon-

817 1665 1128 1728 strationes,
1154 1663 1262 1716 imo
1284 1677 1412 1716 vero
1433 1661 1588 1714 fidem
1615 1659 1775 1714 habet
1802 1657 1948 1710 omni
1964 1654 2389 1710 demonstratio-

819 1772 884 1811 ne
900 1754 1216 1809 ﬁrmiorem.
1259 1771 1275 1802 ι
1303 1750 1588 1804 Faciamus
1610 1749 1908 1802 hominem.
1946 1766 1964 1798 ι
2002 1745 2140 1799 Hinc
2167 1746 2394 1816 incipies

817 1853 870 1899 te
891 1845 1067 1914 ipsum
1101 1856 1453 1913 cognoscere.
1488 1835 1735 1893 Nondum
1762 1838 1816 1892 in
1840 1838 1946 1891 ulla
1975 1837 2255 1891 molitione
2282 1837 2395 1890 haec

820 1952 921 1992 vox
955 1936 1160 2004 scripta
1211 1940 1320 1988 est.
1371 1930 1532 1984 Facta
1580 1930 1681 1984 fuit
1718 1930 1836 1990 lux,
1898 1928 1993 1984 sed
2035 1927 2266 1997 simplici
2302 1925 2393 1981 Dei

821 2027 1078 2081 mandato
1116 2023 1370 2084 dicentis,
1414 2020 1533 2074 Fiat
1565 2021 1677 2095 lux.
1713 2020 1947 2085 leum,
1989 2019 2082 2074 sed
2120 2019 2238 2072 sine
2263 2032 2394 2072 con-

830 2114 1125 2169 sultatione
1152 2130 1164 2164 :
1200 2111 1389 2175 stella},
1421 2109 1513 2163 sed
1545 2109 1689 2162 nulla
1720 2110 1998 2177 praecessit
2023 2107 2345 2162 deliberatio
2378 2127 2390 2162 :

2484 486 2624 555 ἐμοὶ,
2659 485 2756 554 ὅσῃ
2805 483 2963 552 σοφίᾳ
3016 477 3420 548 κατεσκευάσθη
3448 493 3524 546 μου
3554 475 3600 527 τδ
3627 474 3748 544 σῶμα
3779 493 3790 525 ι

2483 577 2700 647 νοήσας,
2735 577 2799 627 ὲκ
2854 572 2946 627 τοῦ
3001 569 3198 643 μικροῦ
3245 569 3430 622 τούτου
3481 567 3789 634 κατασκευάσμ

2483 665 2572 718 τὸν
2605 665 2775 734 μέγαν
2797 660 3138 732 Δημιουργδν
3167 659 3384 728 ἐνόησα.
3423 675 3439 708 ι
3472 657 3725 726 Ποιήσωμεν
3757 657 3790 709 ἄν

2485 774 2584 810 πον
2619 755 2737 808 κατ’
2764 754 2945 808 εἰκόνα
2986 751 3259 825 ἡμετέραν
3301 751 3392 804 καὶ
3427 749 3649 819 ὁμοίωσιν.
3681 766 3696 797 ι
3731 748 3790 799 Ἐξ

2487 846 2678 918 πρῴην
2707 847 2764 900 ἐν
2798 844 3148 916 παραδρομῇ,
3180 842 3273 895 καὶ
3317 839 3588 912 ἀρκούντως
3621 837 3790 907 ἐδείχθη

2487 939 2661 1007 λέγων
2695 937 2946 1008 καὶπρὸς
2988 937 3110 989 τίνα.
3141 937 3169 988 6
3208 935 3388 1002 λόγος*
3417 933 3497 985 καὶ
3519 931 3608 1000 ἔχει
3643 932 3670 1000 ἡ
3696 931 3790 985 Ἐκ)

2483 1031 2582 1093 τὰς
2611 1031 2740 1100 περὶ
2771 1029 2975 1082 τούτων
3013 1026 3313 1091 ἀποδείξεις
3342 1039 3356 1054 ·
3387 1023 3558 1094 μᾶλλον
3587 1021 3633 1074 δὲ
3657 1021 3749 1090 ἔχει
3772 1040 3790 1072 τ

2487 1119 2814 1183 ἀποδείξεως
2862 1117 3230 1188 βεϐαιοτέραν.
3262 1134 3279 1166 ι
3319 1116 3605 1184 Ποιήσωμεν
3645 1112 3790 1183 ἀνθρω

2486 1209 2787 1281 Κατάμαθε
2825 1208 3047 1262 σεαυτὸν
3087 1206 3331 1259 ἐντεῦθεν
3376 1203 3662 1276 ἀρξάμενος,
3694 1200 3790 1255 οΰπι

2490 1303 2650 1356 ἄλλου
2701 1301 2808 1354 τῶν
2839 1298 3373 1367 κατασκευασμάτων
3405 1296 3525 1367 αὕτη
3552 1299 3580 1365 ἡ
3607 1295 3732 1366 φωνὴ
3753 1298 3790 1349 ἀ*

2495 1411 2646 1455 πτος.
2681 1392 2798 1454 Φῶς
2856 1391 3090 1459 ἐγένετο,
3120 1391 3214 1443 καὶ
3267 1387 3460 1441 ἁπλοῦν
3509 1387 3790 1458 πρόσταγμα.

2493 1484 2520 1535 6
2550 1483 2698 1546 Θεὸς,
2740 1481 3026 1552 Γενηθήτω
3069 1481 3205 1549 φῶς.
3250 1479 3496 1550 Οὐρανὸς,
3527 1479 3606 1531 καὶ
3634 1479 3739 1532 ἄνευ
3765 1479 3789 1545 'p

2495 1573 2741 1642 οὐρανός.
2769 1571 3080 1640 (ἷεωστῆρες,
3120 1571 3212 1622 καὶ
3253 1570 3403 1622 οὐδὲν
3446 1567 3789 1638 προεϐουλεύσα

2495 1663 2604 1714 τῶν
2647 1663 2966 1730 φωστήρων.
3019 1660 3272 1713 Θάλασσα
3311 1661 3403 1712 καὶ
3433 1659 3616 1727 πελάγη
3659 1658 3790 1727 bitat;

2497 1755 2778 1823 προσταγῇ
2804 1750 3060 1821 παρήχθη
3098 1752 3178 1814 εἰς
3202 1750 3263 1802 τὸ
3293 1746 3448 1803 εἶναι.
3486 1748 3677 1818 Ἰχθύων
3707 1749 3789 1815 γέν

2494 1843 2720 1906 τοδαπὰ,
2753 1834 3109 1895 κελευσθέντα
3148 1842 3384 1908 ἐγένετο.
3417 1841 3593 1911 Θηρία,
3623 1840 3705 1892 καὶ
3731 1857 3788 1891 κτ

2495 1931 2563 1985 τὰ
2601 1931 2798 2002 πτηνὰ,
2844 1927 2996 1997 εἷπε,
3029 1932 3122 1984 καὶ
3175 1931 3409 1998 ἐγένετο.
3464 1930 3696 1984 Ἐνταῦοα
3731 1929 3784 1982 οἵ)

2495 2023 2730 2094 θρωπος,
2751 2026 2844 2078 καὶ
2871 2023 3033 2093 βουλὴ
3057 2023 3181 2094 περὶ
3205 2022 3502 2093 ἀνθρώπου.
3519 2016 3619 2075 Οὔκ
3639 2018 3773 2075 εἶπεν

2507 2109 2614 2161 τῶν
2637 2110 2832 2174 ἄλλων,
2865 2109 3152 2178 Γενηθήτω
3175 2108 3472 2179 ἄνθρωπος.

823 2207 1064 2277 pelagus,
1117 2213 1279 2272 atque
1337 2200 1754 2254 innumerabilia
1792 2199 1964 2253 maria
2006 2199 2070 2253 ad
2094 2200 2336 2268 jubenti‘s
2368 2215 2555 2256 vocem
2605 2203 2954 2280 exstiterunt.
2987 2201 3187 2256 Eodem
3244 2201 3406 2256 modo
3443 2203 3609 2257 omnia
3665 2204 3784 2273 pisci

823 2310 972 2358 nera,
1005 2291 1211 2353 bestia,
1251 2302 1304 2345 et
1331 2300 1468 2352 cete,
1501 2303 1622 2358 quae.
1662 2294 1869 2353 natant,
1930 2301 2159 2356 quaeque
2219 2289 2403 2343 volant
2450 2290 2727 2353 animalia,
2771 2289 2863 2344 Dei
2928 2289 3170 2358 iubentis
3207 2290 3372 2344 verbo
3402 2289 3531 2343 facta
3575 2302 3710 2349 sunt.
3748 2291 3786 2344 ll

763 2388 766 2392 ’
824 2388 954 2442 dum
999 2393 1083 2439 est
1113 2383 1297 2446 homo,
1330 2387 1382 2436 et
1404 2381 1470 2435 de
1515 2379 1731 2434 homine
1781 2378 2010 2432 habetur
2056 2379 2374 2433 consilium.
2407 2379 2545 2444 Non,
2579 2390 2637 2435 ut
2680 2382 2801 2435 aliis
2838 2382 2890 2434 in
2923 2381 3086 2436 rebus
3117 2380 3255 2434 dixit
3284 2399 3297 2434 :
3338 2379 3455 2434 Fiat
3485 2381 3657 2436 homo.

897 2477 1056 2531 Disce
1088 2474 1322 2544 pretium
1368 2485 1432 2526 ac
1464 2471 1779 2541 dignitatem
1807 2479 1975 2525 tuam.
2008 2471 2124 2526 Non
2161 2471 2393 2540 proiecit

825 2567 1084 2622 mandato
1115 2571 1169 2618 et
1209 2562 1364 2633 jussu
1395 2569 1540 2615 tuam
1572 2562 2025 2630 procreationem,
2069 2561 2164 2616 sed
2206 2563 2392 2616 consi-

827 2659 957 2712 lium
990 2671 1053 2710 ac
1080 2653 1399 2710 deliberatio
1439 2651 1539 2706 fuit
1583 2652 1634 2705 in
1663 2652 1792 2713 Deo,
1833 2652 2107 2720 quomodo
2142 2653 2253 2708 tale
2278 2652 2397 2707 ani-

826 2750 931 2803 mai
967 2747 1363 2818 produceretur
1395 2744 1448 2797 in
1479 2744 1665 2798 vitam.
1708 2759 1726 2794 ι
1771 2742 2079 2806 Faciamus,
2115 2763 2134 2795 ι
2181 2744 2400 2814 sapiens

827 2839 1105 2903 consulit,
1167 2835 1358 2889 artifex
1426 2834 1740 2888 meditatur.
1806 2833 2012 2903 Ecquid
2077 2834 2230 2890 deest
2297 2833 2401 2889 arti

831 2929 990 2998 ejus?
1011 2927 1256 2993 Quanam
1292 2925 1606 2980 difﬁcultate
1629 2925 1895 2980 adductus
1919 2925 2176 2987 consulit,
2210 2933 2269 2979 ut
2303 2925 2400 2979 ab-

829 3023 1066 3078 solutum
1093 3031 1145 3073 et
1175 3019 1476 3087 perlectum
1504 3016 1952 3085 elaboratumque
1984 3015 2147 3069 faciat
2170 3015 2398 3069 charum

805 3122 968 3183 .opu's
1030 3109 1226 3164 suum?
1277 3125 1346 3160 an
1409 3118 1467 3161 ut
1523 3106 1777 3161 ostendat
1831 3114 1882 3161 te
1929 3105 2226 3174 perfectum
2278 3121 2401 3161 esse

829 3204 972 3274 apud
1009 3200 1220 3255 Deum?
1264 3199 1410 3251 Duas
1459 3196 1684 3251 adverte
1725 3209 2028 3266 personas;
2062 3211 2249 3263 unam,
2284 3212 2403 3266 quae

831 3296 1118 3364 loquitur:
1161 3290 1412 3346 alteram,
1452 3285 1518 3338 ad
1558 3299 1722 3354 quam
1765 3285 2016 3355 dirigitur
2053 3287 2248 3342 oratio.
2293 3288 2407 3343 Cur

832 3392 1014 3435 autem
1063 3393 1170 3431 non
1201 3375 1360 3440 dixit,
1387 3371 1594 3431 Facito.
1650 3373 2050 3438 sed,Faciamus
2091 3375 2406 3432 hominem?

836 3479 898 3525 ut
929 3468 1243 3538 imperium,
1278 3480 1342 3519 ac
1367 3464 1706 3518 dominatum
1743 3465 2072 3535 intelligeres
2101 3484 2114 3520 :
2145 3482 2214 3522 ne
2246 3472 2407 3525 Patre

833 3559 1075 3630 cognito,
1100 3555 1296 3609 Filium
1334 3557 1636 3624 ignorares,
1675 3562 1734 3610 ut
1767 3557 1936 3610 scires
1963 3555 2176 3613 Patrem
2213 3557 2407 3614 fecisse

836 3667 932 3717 per
973 3649 1194 3708 Filium,
1254 3653 1307 3701 et
1359 3645 1556 3699 Filium
1593 3657 1813 3715 paterna
1839 3663 2054 3704 creasse
2103 3650 2406 3712 voluntate,

836 3741 1194 3810 laudaresque
1219 3737 1434 3792 Patrem
1491 3737 1544 3790 in
1575 3737 1733 3802 Filio,
1784 3747 1838 3792 et
1872 3738 2068 3792 Filium
2110 3740 2164 3794 in
2202 3742 2407 3812 Spiritu

837 3841 1049 3890 sancto.
1097 3832 1398 3886 Commune
1441 3845 1630 3884 eorum
1670 3845 1809 3899 opus
1843 3833 2121 3896 exstitisti,
2155 3843 2213 3887 ut
2263 3834 2409 3904 ipsos

840 3929 1046 3992 pariter
1069 3923 1265 3977 adores
1293 3932 1348 3977 et
1375 3921 1548 3986 colas,
1574 3936 1638 3975 ne
1662 3924 2064 3978 venerationem
2092 3926 2410 3996 cultumque

839 4014 1072 4076 dividas,
1125 4029 1248 4068 cum
1293 4013 1508 4066 unicam
1553 4027 1676 4066 esse
1723 4012 2064 4069 divinitatem
2109 4016 2407 4086 intelligas.

2567 2473 2864 2543 Κατάμαθε
2909 2473 3138 2526 σεαυτοῦ
3175 2473 3234 2526 τὸ
3264 2475 3457 2544 τίμιον.
3483 2475 3552 2527 Οὐ
3596 2477 3786 2549 προσέῤ

2497 2565 2594 2634 τὴν
2641 2564 2856 2630 γένεσιν
2896 2565 3300 2636 προστάγματι,
3334 2564 3468 2618 ἀλλὰ
3500 2565 3790 2638 βουλευτήργ

2500 2653 2637 2724 Θεῷ,
2674 2655 2791 2717 πῶς
2823 2655 3004 2724 μέλλει
3038 2653 3097 2706 τὸ
3125 2655 3306 2725 τίμιον
3349 2655 3485 2719 ζῶον
3521 2658 3598 2719 εἰς
3627 2656 3713 2710 τὸν
3752 2658 3789 2727 βι

2502 2746 2711 2814 γεσθαι.
2747 2763 2764 2796 ‹
2797 2746 3143 2815 Ποιήσωμεν,
3179 2763 3195 2795 ι
3236 2746 3264 2797 6
3305 2745 3460 2814 σοφὸς
3489 2741 3782 2816 βουλεύεται

2507 2854 2604 2904 της
2638 2835 2946 2906 ἐνθυμεῖται
2969 2852 2981 2863 ·
3023 2832 3131 2906 ἆρα
3169 2835 3342 2888 λείπει
3375 2836 3535 2890 αὐτοῦ
3564 2840 3628 2908 τῇ
3657 2839 3790 2908 τέχνη

2509 2927 2607 2996 τῆς
2637 2927 2902 2996 μερίμνης
2936 2925 3182 2996 βούλεται
3211 2928 3612 2998 ἁπηρτισμένον
3639 2930 3730 2981 καὶ
3759 2947 3784 2981 τ

2511 3016 2888 3088 ήκριϐωμένον
2929 3015 3090 3069 αὐτοῦ
3136 3017 3360 3086 ποιῆσαι
3396 3019 3455 3070 τὸ
3490 3018 3790 3089 φιλοτέχνη]

2505 3124 2585 3159 σοι
2612 3107 2759 3179 δείξῃ
2792 3108 2872 3160 ὅτι
2902 3106 3103 3170 τέλειος
3134 3102 3183 3159 εἳ
3222 3108 3370 3179 παρὰ
3414 3109 3532 3178 Θεῷ
3565 3126 3578 3174 ;
3611 3111 3790 3180 Ἔμαο

2504 3198 2792 3268 πρόσωπα,
2834 3198 2863 3249 6
2891 3197 3084 3265 λέγων,
3116 3197 3210 3250 καὶ
3241 3197 3376 3269 πρὸς
3409 3198 3466 3251 ὃν
3497 3202 3524 3252 ὁ
3551 3199 3729 3268 λόγος.
3773 3203 3790 3253 Δ

2504 3286 2621 3342 εἶπε
2641 3330 2654 3353 ,
2682 3289 2916 3358 Ποίησον
2934 3328 2948 3351 ,
2978 3288 3112 3342 ἀλλὰ
3149 3289 3469 3360 Ποιήσωμεν
3500 3290 3790 3361 ἄνθρωπον

2506 3399 2604 3452 σῃς
2627 3382 2724 3451 τὴν
2743 3381 3078 3442 δεσποτείαν,
3101 3381 3188 3434 ἵνα
3215 3380 3288 3451 μὴ
3310 3379 3400 3433 τὸν
3427 3382 3656 3452 Πατέρα
3687 3385 3790 3435 ἐπι¹

2504 3475 2596 3526 τὸν
2631 3474 2758 3526 Υἱὸν
2802 3475 3001 3544 ἀγνοῇς
3027 3490 3041 3505 ·
3095 3474 3181 3526 ἵνα
3225 3474 3368 3543 εἰδῇς
3400 3475 3481 3526 ὅτι
3527 3475 3724 3544 Πατὴρ
3758 3477 3785 3527 ὲ

2508 3565 2679 3630 Υἰοῢ,
2729 3566 2820 3618 καὶ
2876 3566 3004 3628 Υἱὸς
3049 3565 3299 3616 ἐκτίσατο
3347 3563 3591 3634 πατρὼῳ
3641 3565 3790 3634 θελής

2507 3656 2735 3726 δοξάσῃς
2764 3655 2980 3725 Πατέρα
3003 3657 3059 3707 ἐν
3093 3653 3227 3723 Υίῷ,
3260 3654 3354 3706 καὶ
3380 3653 3509 3707 Υίὺν
3543 3656 3602 3706 ἐν
3631 3655 3779 3708 ΙΙνεύ

2509 3747 2662 3800 Οὖτω
2691 3745 2868 3798 κοινὸν
2896 3745 3124 3812 γέγονας
3161 3743 3341 3814 ἔργον,
3383 3743 3471 3794 ἵνα
3506 3742 3696 3806 κοινὸς
3729 3761 3790 3814 πε

2510 3837 2833 3908 ἀμφοτέρων
2867 3831 2932 3908 ᾖς
2957 3875 2971 3900 ,
3022 3836 3096 3906 μὴ
3145 3835 3342 3905 σχίζων
3370 3833 3471 3904 τὴν
3506 3835 3790 3904 προσκύντ

2512 3931 2646 3984 ἑνῶν
2670 3931 2768 4000 τὴν
2799 3929 3046 3998 θεότητα.
3084 3927 3225 3998 Ὅρα
3254 3927 3500 3997 ἱστορίαν
3552 3929 3658 3999 μὲν
3693 3929 3790 3996 cxi

2511 4023 2695 4090 λογίαν
2739 4022 2795 4074 δὲ
2841 4020 3086 4089 δυνάμει.
3148 4019 3255 4073 Kal
3295 4019 3604 4086 ἐποίησεν
3639 4023 3674 4073 0'
3706 4025 3786 4073 ϐε

840 4103 980 4159 Vide
1007 4105 1288 4158 historiam
1329 4120 1393 4158 ex
1442 4102 1632 4173 figura,
1659 4113 1713 4157 et
1759 4103 2080 4173 theologiam
2123 4121 2188 4161 ex
2211 4108 2284 4164 vi.
2304 4129 2322 4161 ‹
2345 4103 2413 4162 Et

2175 4108 2284 4164 Ivi.
2304 4129 2322 4161 ι
2345 4103 2413 4162 Et
2513 4117 2764 4180 θρωπον.
2808 4112 3189 4179 Ποιήσωμεν.
3231 4111 3340 4162 Καὶ
3365 4110 3469 4162 οὐκ
3498 4107 3657 4174 εἷπε,
3689 4113 3789 4164 Καί

840 4199 972 4255 fecit
999 4195 1448 4250 Deushominetn.
1464 4195 1867 4262 t-il’aciatuus,
1885 4200 2169 4267 iinquit,et
2185 4201 2406 4258 fecitme

2514 4206 2600 4258 ἵνα
2630 4205 2702 4276 μὴ
2727 4204 3012 4267 πολυθεϊας
3040 4201 3209 4275 λάϐῃς
3243 4203 3527 4274 ἀφορμάς.
3584 4203 3659 4256 Εἰ
3690 4203 3790 4273 γὰρ

844 4293 1198 4361 multiplicem
1244 4290 1476 4344 Deorum
1523 4303 1806 4344 numerum
1857 4288 2129 4345 crederes.
2167 4289 2224 4344 Si
2259 4290 2403 4344 enim
2437 4312 2458 4367 ι

2167 4289 2224 4344 Si
2259 4290 2403 4344 enim
2437 4312 2482 4367 Β
2512 4297 2606 4349 κον
2634 4294 2973 4365 παρεισήχθη
3019 4294 3078 4346 τὸ
3114 4293 3438 4363 πρόσωπον,
3489 4292 3759 4361 ἀφειδεῖς

844 4385 1031 4453 plures
1060 4383 1254 4438 fecisse
1283 4382 1617 4444 dicerentur,
1650 4382 1842 4436 adduci
1878 4388 2102 4450 possent
2133 4382 2399 4448 homines,

845 4483 906 4526 ut
933 4475 1117 4542 plures
1151 4475 1254 4529 sibi
1286 4473 1422 4528 Deos
1451 4474 1839 4544 confingerent.
1868 4473 2026 4527 Nunc
2059 4482 2236 4527 autem
2267 4475 2405 4528 scri-

848 4572 997 4630 ptum
1022 4572 1106 4617 est
1149 4564 1583 4630 «Faciamus,»ut
1619 4579 1920 4634 cognoscas
1950 4562 2189 4625 Patrem,
2223 4573 2276 4617 et
2313 4562 2404 4618 Fi-

850 4653 1002 4714 lium,
1033 4659 1088 4704 et
1119 4651 1377 4720 Spiritum
1408 4662 1655 4709 sanctum
1697 4662 1804 4719 :et,
1826 4672 1844 4704 ‹
1881 4653 2031 4708 Fecit
2061 4654 2201 4709 Deus
2233 4655 2406 4708 homi-

849 4757 970 4795 nem
999 4753 1120 4794 :Iut
1154 4742 1489 4797 divinitatem
1520 4745 1842 4814 coniungas,
1883 4756 2044 4814 atque
2089 4759 2251 4798 unam
2287 4760 2408 4798 esse

849 4834 993 4888 scias
1033 4851 1045 4886 :
1095 4846 1256 4886 unam
1307 4834 1450 4898 dico,
1496 4851 1602 4888 non
1644 4835 1852 4890 unitate
1889 4850 2264 4904 personarum,
2312 4836 2404 4890 sed

850 4927 1163 4992 potestate:
1216 4930 1274 4975 ut
1304 4937 1427 4975 eum
1476 4923 1539 4975 ad
1584 4923 1918 4976 adorandum
1951 4924 2187 4987 accedis,
2239 4921 2407 4978 Deum

851 5030 1016 5068 unum
1048 5013 1238 5067 laudes
1261 5021 1313 5065 et
1337 5012 1506 5075 colas,
1539 5028 1637 5068 nec
1665 5013 1718 5066 in
1753 5011 1985 5066 Deorum
2007 5015 2407 5069 multitudinem

848 5104 1198 5181 distraharis.
1251 5101 1370 5157 Non
1415 5104 1594 5158 dixit:
1647 5103 1916 5159 Fecerunt
1962 5105 2234 5160 hominem
2290 5104 2404 5160 Dei.

851 5188 1000 5261 Sed’:
1015 5202 1196 5259 «Fecit
1211 5203 1355 5257 Deus
1370 5199 1665 5255 hominem.
1683 5197 1932 5268 iPropria
1962 5206 2045 5248 est
2075 5196 2409 5267 hyposllasis,

849 5304 942 5341 seu
979 5301 1212 5356 persona
1240 5285 1440 5347 Patris,
1483 5286 1699 5354 propria
1731 5284 1871 5348 Filii,
1923 5289 2139 5356 propria
2175 5287 2413 5358 Spiritus

848 5378 1043 5432 sancti.
1081 5376 1191 5430 Cur
1214 5377 1378 5446 igitur
1407 5391 1510 5429 non
1536 5384 1645 5430 tres
1677 5373 1813 5429 Dei?
1845 5378 1970 5445 quia
2000 5395 2103 5432 una
2135 5380 2410 5434 divinitas.

849 5470 1022 5531 Quam
1077 5470 1221 5521 enim
1271 5469 1324 5522 in
1359 5467 1519 5521 Patre
1551 5469 1733 5522 cernis
1772 5471 2132 5534 divinitatem,
2165 5471 2408 5526 eamdem

847 5560 1030 5614 cernis
1064 5574 1119 5612 in
1146 5552 1299 5612 Filio.
1321 5559 1385 5610 Et
1415 5575 1576 5627 quam
1600 5559 1651 5613 in
1679 5553 1833 5623 Filio,
1859 5559 2113 5615 eamdem
2134 5561 2184 5612 in
2205 5559 2409 5628 Spiritu

850 5661 1062 5708 sancto.
1095 5650 1361 5719 Quoniam
1391 5668 1494 5706 una
1536 5653 1588 5706 in
1623 5659 1856 5722 utroque
1893 5652 2086 5718 forma,
2122 5662 2174 5708 ct
2209 5653 2411 5720 princi-

2509 4385 2560 4437 οἱ
2589 4384 2884 4454 ἄνθρωποι,
2921 4382 3090 4436 πολλὰ
3125 4383 3299 4453 πλήθη
3339 4382 3498 4434 Θεῶν
3547 4384 3789 4445 ἑαυτοῖς

2511 4493 2676 4539 οντες.
2731 4473 2844 4529 Νῦν
2875 4475 2972 4544 μέν
3000 4491 3100 4536 τοι,
3147 4473 3533 4542 Ποιήσωμεν,
3575 4475 3675 4526 ἵνα
3711 4492 3782 4541 γν

2511 4567 2643 4636 τέρα
2675 4565 2766 4618 καὶ
2794 4565 2920 4618 Υίὺν
2952 4565 3041 4617 καὶ
3075 4565 3295 4635 Πνεῦμα
3325 4565 3509 4631 ἆγιον.
3557 4565 3790 4628 Ἐποθτε

2513 4654 2618 4708 τὸν
2646 4653 2978 4719 ἄνθρωπον,
3025 4654 3111 4705 ἵνα
3136 4651 3340 4722 ἐνώσῃς
3370 4651 3477 4721 τὴν
3522 4644 3790 4722 Θεὸτητα

2515 4744 2574 4795 οὗ
2601 4743 2697 4806 τὰς
2733 4743 3074 4805 ὑποστάσεις,
3110 4742 3243 4795 ἀλλὰ
3272 4746 3336 4812 τῇ
3365 4742 3654 4812 δυνάμει,
3695 4743 3790 4797 ἵνα

2515 4835 2643 4907 ἔχῃς
2667 4833 2740 4905 μὴ
2769 4833 3121 4904 μεριζόμενος
3147 4834 3273 4905 περὶ
3292 4833 3390 4904 τὴν
3415 4834 3790 4905 προσκύνησ

2519 4923 2745 4995 ζὸμενος
2776 4926 2855 4982 είς
2881 4924 3188 4977 πολυθεῒαν.
3223 4925 3337 4976 Οὐκ
3363 4919 3564 4988 εἶπεν,
3619 4924 3789 4977 Ἐπσ

2515 5018 2605 5071 τὸν
2620 5016 3060 5089 ἄνθ’ρωπον,ἀλλ’,
3075 5037 3091 5067 ι
3115 5016 3397 5086 Ἐποίησεν
3412 5018 3444 5069 ὁ
3463 5016 3646 5079 Θεὸς.
3667 5035 3689 5067 ι
3715 5018 3790 5069 Ἶδ

2512 5105 2742 5177 Πατρδς,
2761 5107 2853 5158 καὶ
2878 5105 2981 5158 ἰδία
2999 5103 3149 5167 Υἰοῦ,
3171 5106 3265 5157 καὶ
3291 5103 3393 5159 ἰδία
3407 5105 3578 5159 Πνεύ
3591 5123 3790 5176 ματος

2513 5194 2605 5250 οὖν
2627 5199 2686 5250 οὐ
2705 5201 2850 5267 τρεῖς
2875 5215 2887 5260 ;
2916 5185 3126 5267 ὅτιμία
3142 5198 3350 5269 θεότης.
3381 5195 3497 5250 ’Ἦν
3527 5199 3662 5266 γὰρ
3700 5198 3790 5268 βλε

2517 5289 2766 5359 θεότητα,
2814 5289 3013 5358 ταύτην
3058 5290 3152 5342 καὶ
3197 5291 3254 5342 ὲν
3300 5289 3442 5359 Υξῷ⁶
3505 5291 3626 5344 καὶ
3685 5292 3766 5361 ἦν

2518 5377 2676 5445 ἁγίῳ,
2722 5375 2922 5446 ταύτην
2969 5378 3062 5429 καὶ
3103 5380 3160 5429 ἐν
3203 5379 3336 5450 Υίῴ,
3371 5379 3530 5432 διότι
3576 5380 3790 5450 μορᾳὶ

2527 5469 2639 5537 μία.
2686 5469 2795 5521 Καὶ
2830 5469 2970 5540 ἀρχὴ
3015 5471 3122 5522 ἀπὸ
3152 5472 3364 5541 Harp-6;
3392 5473 3458 5524 ὲν
3501 5471 3649 5541 Tit?)
3684 5474 3724 5540 ἠ
3769 5489 3790 5522 c

2517 5557 2795 5612 τοῦτο-ικαὶ
2823 5561 2951 5631 παρ’
2986 5562 3114 5630 ἡμῖν
3147 5563 3539 5633 προσκύνησις
3580 5563 3703 5617 καὶ
3749 5563 3785 5615 δ

2521 5653 2806 5721 Προοίμιον
2833 5656 2926 5723 τῆς
2953 5655 3223 5723 ἡμετέρας
3250 5655 3570 5723 γενέσεως,
3610 5651 3790 5707 θεολ(
