4088 6210
317 107 418 169 9ςί

1070 105 1134 159 IN
1176 104 1422 168 VERBA,
1471 103 1846 160 FALHML'S
1891 106 2132 160 ΗΟΜΙΑ
2154 107 2278 167 liii},
2321 106 2498 171 l'l'l'C.,
2538 107 2745 162 ORAT.
2792 108 2829 160 Ι.

3459 112 3566 167 262

319 244 337 272 ε
368 222 663 293 Ποιήσωμε
677 240 696 271 ι
723 219 1010 290 ἄνθρωπον
1069 235 1173 270 κατ
1189 220 1202 239 ’
1222 219 1403 272 εἰκόνα
1425 221 1519 273 mi.
1539 219 1642 274 καθ
1661 221 1675 241 ’
1695 222 1895 290 ὁμοίω-

2011 225 2158 294 pium
2193 239 2220 276 a
2252 224 2408 277 Patre
2437 225 2489 277 in
2525 223 2663 276 Filio
2694 196 2838 274 idem
2874 227 2977 286 est,
3017 223 3222 277 idcirco
3251 240 3388 279 unus
3421 229 3563 296 apud

316 306 1090 381 σινήμετέραν.ιΚατέἰκόνα
1117 307 1250 360 Θεοῦ
1289 311 1608 381 γεγόναμεν.
1654 312 1777 375 Πῶς
1803 307 1895 364 οὖν

318 406 444 458 κατ’
473 404 652 455 εἰκόνα
700 401 872 463 Θεοῦ;
916 398 1380 470 Ἀποκαθάρωμεν
1430 402 1655 473 καρδίαν
1703 403 1897 455 ἰδιωτι-

319 496 444 564 κὴν,
477 491 746 562 πρόληψιν
774 491 1116 556 ἀπαίδευτον,
1162 493 1391 563 ἀμαθεῖς
1425 495 1550 564 περί
1599 494 1734 548 Θεοῦ
1768 495 1898 549 ὑπο-

317 586 528 656 λήψεις.

2000 331 2099 370 nos
2129 317 2414 383 utriusque
2439 314 2642 372 cultus,
2676 318 2730 364 et
2763 312 2949 365 eadem
2984 313 3330 368 collaudatio.
3356 313 3568 371 Nostra!

2000 408 2394 476 procreationis
2423 404 2710 458 exordium
2745 417 2927 456 veram
2954 405 3193 458 continet
3219 405 3564 476 theologiam.

1997 489 2598 548 «Faciamusbominem
2616 489 2682 545 ad
2705 494 2990 564 imaginem
3024 505 3286 550 nostram.
3302 495 3408 549 rAd
3431 498 3568 550 ima-

2002 585 2182 656 ginem
2216 584 2309 636 Dei
2337 582 2464 636 facti
2491 598 2700 638 sumus.
2733 583 2979 649 Quonam
3003 583 3165 639 modo
3189 587 3252 639 ad
3278 587 3568 658 imaginem

317 677 472 745 ejus?
505 675 736 753 Animos
774 690 804 729 a
844 675 1184 744 vulgaribus,
1218 686 1271 729 et
1319 675 1606 745 imperitis,
1643 691 1706 729 ac
1739 679 1920 732 stultis
1967 677 2071 730 illis
2115 676 2180 728 de
2223 673 2328 728 Deo
2362 675 2705 743 opinionibus
2733 674 3034 744 expiemus.

386 769 451 820 Εί
478 769 601 820 κατ’
632 767 813 820 εἰκόνα
840 765 974 819 Θεοῦ
1035 767 1358 837 γεγόναμεν,
1392 768 1543 837 φησι,
1581 769 1900 838 σύμμορφος

316 862 448 929 ἡμῖν
481 862 629 913 ἐστιν
654 861 682 910 6
715 858 845 919 Θεός
864 875 877 887 ·
913 858 1178 928 ὀφθαλμοὶ
1204 860 1330 929 περὶ
1354 859 1484 911 Θεὸν
1514 859 1606 910 καὶ
1641 853 1774 921 ὦτα,
1809 876 1898 910 κε-

318 950 482 1018 φαλὴ,
511 951 714 1018 χεῖρες,
754 948 921 1016 ἰσχίον
948 948 1031 1016 ἐφ’
1061 941 1121 1000 οὗ
1149 949 1355 1019 ἵδρυται
1377 967 1390 978 ·
1439 949 1675 1016 (λέγεται
1705 949 1810 1019 γὰρ
1843 952 1897 1001 ἐν

316 1042 378 1108 τῇ
423 1039 616 1108 Γραφῇ
662 1041 691 1090 6
737 1037 868 1100 Θεὸς
912 1037 1285 1113 καθέζεσθαιο)
1322 1039 1478 1101 πόδες
1515 1039 1582 1091 δι’
1623 1034 1696 1093 ὦν
1741 1058 1893 1110 περι-

318 1132 508 1180 πατεῖ·
551 1127 760 1180 Οὐκοῦν
789 1130 1025 1191 τοιοῦτος
1079 1131 1106 1181 6
1149 1127 1318 1192 Θεός;
1359 1129 1757 1182 Ἀποσκεύασον
1797 1131 1894 1196 τῆς

317 1219 544 1289 καρδίαι,
591 1218 951 1288 φαντάσματα
1005 1219 1249 1290 ἀπρεπῆ.
1317 1219 1584 1274 Ἕκϐαλλε
1642 1220 1749 1273 ἀπὸ
1801 1221 1892 1272 σοῦ

315 1309 556 1364 διάνοιαν
581 1309 1004 1379 ἀφαρμόζουσαν
1025 1309 1102 1379 τῷ
1137 1308 1351 1379 μεγέθει
1376 1309 1470 1362 τοῦ
1499 1310 1654 1363 Θεοῦ.
1698 1311 1893 1381 Ἀσχη-

2078 766 2132 821 Si
2166 767 2232 820 ad
2288 766 2575 836 imaginem
2626 764 2742 830 Dei,
2779 765 2956 834 inquit
3008 765 3121 829 ille,
3171 765 3301 820 facti
3351 783 3565 832 sumus,

2002 858 2229 912 formam
2274 857 2415 912 Deus
2447 865 2649 912 nostrae
2689 858 2923 912 similem
2966 857 3384 922 habetzoculis,
3421 862 3570 915 auri-

2001 949 2122 1009 bus,
2171 950 2368 1018 capite,
2419 949 2668 1002 manibus
2719 948 2980 1018 praeditus
3031 957 3137 1013 est,
3191 965 3568 1022 coxarumque

1999 1041 2290 1102 vertebris,
2314 1041 2515 1108 quibus
2547 1040 2769 1094 fulcitur
2793 1048 2844 1094 et
2877 1040 3096 1105 insidet,
3121 1043 3566 1113 quandoquidem

1999 1131 2189 1184 sedere
2225 1130 2397 1183 Deum
2448 1132 2732 1200 Scriptum
2768 1131 2998 1184 tradit”
3021 1134 3098 1184 “z
3137 1134 3364 1201 pedibus
3413 1135 3564 1202 item,

2000 1222 2199 1292 quibus
2242 1221 2468 1274 incedit.
2500 1220 2719 1275 Talisne
2749 1221 2914 1290 igitur
2942 1220 3132 1275 Deus?
3184 1219 3463 1298 Repedant
3495 1225 3564 1279 ab

1999 1315 2180 1366 animo
2203 1321 2297 1365 tuo
2321 1313 2576 1367 absurda:
2605 1313 2914 1382 opiniones.
2933 1313 3124 1379 Abjice
3151 1317 3561 1384 cogitationem,

319 1401 580 1471 μάτιστος
624 1401 654 1452 6
705 1400 860 1463 Θεὸς,
909 1398 1132 1463 ἁπλοῦς,
1180 1401 1477 1471 ἀμεγέθης,
1526 1401 1762 1464 ἄποσος·
1820 1404 1893 1471 μὴ

2002 1409 2122 1463 qum
2138 1394 2227 1449 Dei
2249 1413 2404 1466 magn
2417 1381 2677 1452 itudinem
2695 1400 2989 1454 imminuit.
3009 1399 3210 1470 Figura
3226 1381 3384 1455 t'acat
3403 1381 3570 1468 Deus,

317 1492 634 1562 φαντασθῇς
669 1490 882 1561 μορφὴν
927 1492 1052 1562 περὶ
1087 1492 1247 1545 αὐτόν
1277 1510 1291 1524 ο
1345 1494 1418 1563 μὴ
1452 1496 1896 1567 κατασμικρύνῃς

327 1582 639 1645 Ἰουδαϊκῶς
671 1583 763 1634 τὸν
797 1582 972 1652 μέγαν
1001 1599 1015 1613 ⁸
1073 1583 1146 1653 μὴ
1183 1583 1480 1654 περιλάϐῃς
1509 1585 1596 1636 τὸν
1629 1585 1760 1636 Θεὸν
1797 1603 1898 1639 σω-

321 1676 578 1744 ματικαῖς
610 1675 860 1739 ἐννοίαις,
895 1675 968 1743 μὴ
1003 1675 1347 1746 περιγράψῃς
1385 1675 1543 1728 αὑτὸν
1574 1676 1650 1746 τῷ
1685 1677 1762 1746 σῷ
1801 1677 1894 1747 νῷ.

331 1765 724 1834 ’Δπερίληπτός
751 1767 866 1817 ἔστι
911 1765 988 1834 τῷ
1015 1766 1232 1834 μεγέθει
1267 1781 1280 1792 ·
1325 1768 1655 1837 κατανόησον
1681 1769 1770 1821 τὸν
1802 1770 1897 1839 μὲ-

320 1873 452 1922 γαν,
500 1858 592 1907 καὶ
628 1855 706 1925 τῷ
755 1855 978 1925 μεγάλῳ
1024 1855 1259 1925 πρόσθες
1305 1857 1485 1910 πλεῖον
1519 1858 1610 1910 τοῦ
1641 1860 1896 1929 νενοημέ-

324 1963 444 2007 νου,
479 1947 569 1998 καὶ
598 1946 672 2015 τῷ
717 1945 922 1997 πλείονι
963 1945 1023 1998 τὸ
1070 1947 1270 2010 πλεῖον,
1305 1949 1516 2000 καὶτὸν
1558 1950 1782 2002 σεαυτοῦ
1809 1950 1898 2003 λοι

325 2037 527 2106 γισμὸν
573 2041 786 2098 πεῖσον,
840 2037 922 2088 ὅτι
971 2035 1076 2088 τῶν
1121 2037 1444 2108 ἀπεράντων
1493 2039 1593 2092 οὐκ
1637 2041 1896 2108 ἐφίξεται.

324 2127 522 2195 Σχῆμα
568 2125 642 2194 μὴ
684 2125 882 2194 νοήσῃς
911 2142 924 2153 ·
985 2123 1092 2177 ἀπὸ
1141 2123 1418 2194 δυνάμεως
1473 2125 1604 2188 Θεὸς
1660 2129 1897 2178 νοεῖται·

324 2221 604 2287 ὁπλτητα
672 2215 885 2284 φύσεως
919 2232 933 2245 ·
987 2215 1214 2284 μέγεθος
1249 2215 1430 2268 πόσον.
1468 2215 1748 2284 Πανταχοῦ
1787 2219 1899 2268 ἐστι

326 2309 419 2361 καὶ
447 2308 589 2378 ὑπὲρ
618 2308 678 2359 τὸ
706 2309 813 2360 πᾶν
855 2307 1188 2376 περισσεύει,
1232 2307 1326 2358 καὶ
1369 2306 1513 2360 ἐστιν
1553 2308 1716 2375 ἁφαῖς
1747 2309 1899 2377 ἀόρι-

323 2416 471 2464 στον,
508 2400 648 2468 ὅπερ
675 2399 774 2468 τὴν
817 2397 915 2467 σὴν
949 2399 1210 2450 ἐκπῖπτον
1241 2396 1562 2465 κατάληψιν,
1590 2396 1711 2449 οὔτε
1743 2397 1902 2467 μεγέ-

321 2489 406 2542 θει
436 2489 826 2559 περιορίζεται,
855 2487 976 2540 οὔτε
1009 2488 1244 2556 σχήματι
1276 2486 1756 2557 περιλαμϐάνεται,
1781 2487 1904 2540 οῦτε

319 2581 549 2650 δυνάμει
597 2580 982 2648 ὲκμετρεῖται,
1036 2576 1157 2630 οὔτε
1199 2576 1409 2647 χρόνοις
1466 2580 1900 2648 περισφίγγεται,

243 2675 260 2685 ’
321 2672 449 2723 οὔτε
499 2670 738 2739 πέρασιν
780 2667 1039 2736 ὁρίζεται.
1094 2666 1258 2720 Οὐδέν
1301 2668 1416 2719 ἐστι
1460 2669 1588 2737 περὶ
1632 2668 1762 2721 Θεὸν
1791 2662 1903 2722 οἷον

323 2763 454 2832 περὶ
486 2763 657 2832 ἡμᾶς.
691 2759 814 2822 Πῶς
837 2755 931 2811 οὖν
955 2761 988 2828 ἡ
1014 2757 1201 2828 Γραφὴ
1227 2757 1384 2810 εἶπεν
1411 2760 1558 2828 ἡμᾶς
1585 2760 1702 2812 κατ’
1729 2759 1906 2810 εἰκόνα

324 2852 462 2904 Θεοῦ
491 2850 851 2919 γεγενῆσθαι;
875 2849 958 2901 Τὰ
988 2849 1114 2919 περί
1138 2846 1273 2899 Θεοῦ
1302 2847 1658 2918 διδαχθῶμεν,
1689 2849 1756 2901 τὰ
1784 2851 1908 2920 περὶ

324 2942 486 3012 ἡμῶν
534 2939 719 2994 αὐτῶν
750 2941 1054 3008 νοήσωμεν,
1096 2939 1178 2990 ὅτι
1223 2938 1323 2990 οὐκ
1356 2937 1550 3008 ἔχομεν
1574 2938 1635 2990 τὸ
1677 2941 1796 2991 κατ’
1831 2941 1908 2992 εἰ-

323 3034 460 3085 κόνα
497 3034 558 3084 ὲν
595 3033 778 3102 μορφῇ
816 3029 1062 3097 σώματος
1086 3044 1099 3058 ·
1155 3028 1508 3098 φθειρομένου
1545 3029 1652 3100 γὰρ
1684 3030 1775 3083 τοῦ
1806 3030 1909 3082 σώ-

329 3141 504 3194 ματος
547 3125 582 3192 ἡ
642 3121 823 3192 μορφὴ
861 3118 1183 3183 ἀπόλλυται.
1225 3119 1338 3172 Ούκ
1387 3121 1443 3172 ὲν
1493 3120 1716 3190 φθαρτῷ
1760 3121 1817 3172 δὲ
1851 3120 1910 3173 τὸ

323 3214 612 3284 ἄφθαρτον
655 3209 1069 3282 σχηματίζεται,
1119 3209 1179 3260 οὐ
1229 3208 1465 3278 φθαρτόν
1512 3211 1626 3261 ἐστι
1677 3210 1770 3262 τοῦ
1812 3212 1910 3278 ἀφο

331 3306 538 3376 θάρτου
558 3301 740 3356 εἰκών.
762 3300 836 3353 Τὸ
863 3299 1020 3370 σῶμα
1045 3297 1286 3363 αὔξεται,
1322 3299 1586 3368 μειοῦται,
1616 3303 1780 3371 γηρᾷ,
1815 3302 1911 3352 ἀλ-

328 3394 574 3449 λοιοῦται
608 3409 624 3422 ·
672 3391 800 3446 ἄλλο
829 3391 975 3442 ἐστιν
1011 3390 1068 3440 ὲν
1106 3390 1338 3460 νεότητι,
1375 3390 1503 3444 ἄλλο
1531 3391 1658 3443 ὅταν
1689 3391 1910 3460 εὐεκτῇ,

332 3490 425 3542 καὶ
459 3488 591 3541 ἄλλο
620 3487 750 3539 ὅταν
799 3487 856 3537 tv
885 3482 1112 3537 πάθεσιν
1206 3498 1218 3513 ·
1275 3483 1401 3537 ἄλλο
1435 3483 1786 3553 φοϐούμενον,
1819 3485 1913 3535 καὶ

333 3579 458 3632 ἄλλο
482 3576 908 3649 εὐφραινόμενον
927 3591 943 3607 ·
986 3577 1113 3629 ἄλλο
1142 3579 1199 3628 ὲν
1225 3576 1419 3646 ἐνδείᾳ,
1438 3574 1566 3628 ἄλλο
1594 3576 1650 3626 ὲν
1671 3574 1913 3644 πλησμο-

336 3673 433 3739 νῇ,
470 3668 568 3723 καὶ
615 3669 746 3722 ἄλλο
789 3668 845 3719 tv
896 3667 1104 3737 εἰρήνῃ,
1151 3666 1244 3719 καὶ
1293 3665 1420 3720 ἄλλο
1453 3666 1510 3717 tv
1556 3665 1700 3735 μάχῃ
1728 3683 1740 3696 ’
1790 3665 1915 3719 ἄλλο

336 3762 531 3833 χρῶμα
563 3760 949 3832 ὲγρηγορότος,
985 3761 1079 3814 καὶ
1108 3759 1233 3812 ἄλλο
1267 3758 1615 3820 καθεύδοντος
1637 3775 1649 3787 ·
1694 3757 1785 3810 τοῦ
1820 3757 1914 3826 μὲν

335 3853 552 3920 ἐξανθεῖ
603 3853 667 3905 τὸ
707 3852 1102 3923 ἐρυθρότερον,
1165 3849 1257 3902 τοῦ
1314 3847 1517 3919 θερμοῦ
1568 3848 1660 3900 ἐπὶ
1703 3847 1763 3898 16
1813 3845 1916 3910 ἔξω

335 3944 645 4014 χωροῦντος
714 3942 808 3995 τοῦ
849 3942 906 3994 δὲ
953 3942 1290 4007 κατέψυκται
1320 3940 1414 3992 καὶ
1446 3936 1794 3991 συνέσταλται
1825 3935 1917 3989 ἐπὶ

1999 1488 2233 1555 simplex
2283 1497 2400 1548 est,
2440 1491 2833 1558 magnitudinis
2877 1499 2930 1545 et
2979 1494 3306 1562 quantitatis
3345 1510 3562 1563 expers.

1997 1577 2141 1643 Noli,
2164 1595 2286 1632 cum
2329 1580 2397 1634 de
2425 1581 2516 1634 illo
2540 1587 2768 1652 cogitas,
2800 1583 3030 1636 formam
3059 1585 3222 1637 ullam
3260 1585 3571 1655 confingere

1954 1703 1957 1708 -
1995 1671 2417 1725 etcomminisei
2439 1690 2450 1724 :
2474 1688 2542 1726 ne
2563 1689 2714 1726 more
2737 1672 2968 1726 Iudaico
2998 1691 3250 1744 magnum
3278 1684 3563 1731 extenues.

1995 1759 2113 1814 Noli
2162 1765 2440 1830 corporeis
2489 1764 2638 1817 illum
2679 1766 3104 1833 cogitationibus
3145 1767 3420 1835 amplecti,
3475 1777 3568 1821 aut

1994 1862 2176 1907 mente
2213 1863 2304 1907 tua
2335 1836 2818 1910 circumscribere.
2844 1854 2918 1907 Ea
2953 1864 3037 1910 est
3063 1857 3469 1924 magnitudine,
3508 1866 3568 1911 ut

1991 1945 2382 2014 comprehendi
2438 1947 2936 2015 circumscribique
2986 1955 3244 2016 nequeat.
3307 1947 3562 2018 Magnum

1990 2037 2188 2106 cogita,
2221 2044 2276 2091 et
2301 2036 2428 2089 huic
2454 2052 2652 2107 magno
2687 2038 2811 2106 plus
2835 2037 2999 2091 etiam
3025 2048 3190 2106 atque
3229 2038 3392 2091 etiam
3424 2037 3564 2094 addc

1989 2142 2152 2194 quam
2184 2127 2464 2197 cogitasti,
2493 2137 2657 2195 atque
2687 2128 2761 2181 ita
2786 2127 2945 2196 exple
2968 2128 3357 2197 cogitationem
3387 2135 3558 2181 tuam.

1988 2215 2174 2286 Neque
2197 2218 2369 2278 enim,
2397 2234 2518 2288 quae
2546 2219 2760 2272 infinita
2789 2225 2936 2279 sunt,
2965 2233 3209 2287 unquam
3238 2218 3440 2287 capiet.
3470 2217 3562 2272 Fi-

1987 2322 2177 2375 guram
2213 2323 2280 2362 ne
2312 2308 2472 2378 ﬁnge.
2507 2308 2780 2370 Potentia,
2820 2308 3176 2377 simplicitate
3213 2315 3442 2371 natura,
3479 2323 3560 2361 rec

1986 2412 2108 2452 rum
2141 2405 2557 2466 procreatarum
2585 2405 2700 2450 tum
2733 2398 3136 2467 magnitudine,
3167 2406 3282 2450 tum
3313 2399 3558 2467 pulchri-

1986 2491 2175 2545 tudine
2194 2491 2552 2561 cognoscitur
2577 2489 2740 2543 Deus.
2769 2488 2983 2558 Ubique
2999 2496 3104 2551 est,
3125 2497 3177 2542 et
3197 2488 3530 2555 omnia_com
3586 2505 3593 2530 ι

1991 2581 2300 2652 prehendit,
2325 2591 2374 2635 et
2409 2581 2557 2650 tangi
2581 2581 2869 2648 viderique
2889 2596 2994 2632 non
3022 2588 3219 2648 potest.
3239 2577 3558 2645 Amplitudo

1933 2701 1972 2757 ε
2006 2674 2089 2721 est
2109 2669 2413 2736 quantitate
2439 2683 2654 2729 carens,
2676 2681 2838 2735 quam
2869 2680 2976 2718 non
3003 2666 3144 2732 capit
3174 2666 3391 2718 animus
3423 2676 3566 2719 tuus.

2008 2758 2118 2811 Nec
2153 2759 2524 2827 magnitudine
2559 2756 2921 2821 concluditur,
2951 2771 3048 2809 nec
3077 2755 3245 2822 ﬁgura
3267 2763 3572 2817 coercetur,

2010 2864 2108 2902 nec
2145 2850 2386 2917 potentia
2417 2849 2752 2911 continetur,
2789 2863 2889 2902 nec
2933 2847 3272 2915 temporibus
3326 2862 3577 2916 compre—

2011 2939 2286 3003 henditur,
2324 2955 2424 2993 nec
2462 2939 2658 2993 finibus
2695 2939 3002 2992 cohibetur.
3038 2937 3180 2990 Nihil
3235 2953 3420 2992 eorum
3455 2951 3578 3005 quae

2010 3039 2137 3083 sunt
2162 3030 2308 3083 circa
2336 3044 2452 3086 nos.
2488 3044 2610 3083 cum
2649 3027 2756 3083 Deo
2783 3027 3193 3082 similitudinem
3230 3027 3390 3079 habet
3434 3023 3581 3091 Quo-

2010 3121 2172 3174 modo
2203 3122 2370 3190 igitur
2419 3119 2554 3173 dicit
2591 3118 2870 3188 Scriptura
2907 3134 3007 3172 nos
3040 3133 3160 3172 esse
3206 3116 3377 3169 factos
3408 3115 3472 3167 ad
3505 3116 3581 3168 si-

2010 3215 2374 3268 militudinem
2407 3212 2548 3265 Dei?
2579 3228 2698 3281 qua:
2738 3211 2804 3264 ad
2857 3210 3022 3265 Deum
3066 3211 3358 3279 pertinent,
3392 3223 3582 3261 recen-

2011 3305 2223 3359 suimus
2251 3322 2262 3356 :
2293 3317 2412 3372 quze
2441 3303 2505 3355 ad
2540 3318 2638 3355 nos
2671 3308 2938 3370 spectant,
2974 3299 3405 3353 consideremus.
3437 3297 3580 3351 Nihil

2012 3392 2258 3462 profecto
2289 3393 2342 3445 in
2377 3391 2548 3444 forma
2584 3389 2834 3460 corporis
2868 3395 2972 3449 est,
3011 3388 3155 3455 quod
3188 3387 3306 3455 ejus
3357 3384 3580 3454 imagini

2013 3492 2299 3554 congruat.
2357 3482 2453 3536 Est
2490 3481 2690 3536 etenim
2732 3479 2910 3533 forma
2969 3477 3218 3546 corporis
3269 3476 3461 3530 caduci
3517 3490 3582 3530 ac

2015 3573 2226 3644 fragilis
2258 3593 2270 3628 :
2304 3575 2358 3627 in
2383 3573 2592 3627 caduco
2623 3579 2801 3625 autem
2831 3577 2884 3624 et
2909 3569 3084 3639 fragili
3112 3584 3217 3622 non
3252 3569 3582 3638 imprimitur

2013 3665 2158 3733 quod
2192 3663 2470 3732 corrumpi
2504 3677 2615 3715 non
2663 3667 2860 3730 potest,
2911 3674 3012 3711 nec
3043 3665 3358 3726 corruptum
3401 3657 3584 3710 incoro

2014 3754 2158 3822 rupti
2216 3763 2299 3807 est
2361 3755 2556 3822 imago.
2625 3751 2839 3820 Corpus
2904 3755 3153 3816 augetur,
3218 3745 3581 3807 imminuitur,

2015 3845 2376 3906 consenescit,
2435 3845 2774 3908 immutatur,
2843 3840 3009 3914 [aliud
3073 3841 3126 3893 in
3183 3847 3401 3895 senecta
3452 3837 3582 3909 est,]

2019 3936 2165 3989 aliud
2197 3937 2249 3988 in
2283 3935 2530 4004 juventa,
2560 3934 2705 3988 aliud
2737 3950 2860 3987 cum
2891 3931 3151 4002 prospera
3182 3933 3355 3984 utitur
3383 3931 3586 3983 valetu-

337 4037 400 4088 τὸ
430 4036 594 4104 βάθος
628 4035 663 4104 ἡ
696 4033 971 4104 θερμότης
1011 4047 1022 4061 ·
1076 4031 1155 4084 διὸ
1198 4031 1291 4082 καὶ
1326 4030 1553 4100 ῦπωχρα
1578 4028 1686 4080 τῶν
1713 4045 1904 4097 κοιμω-

2021 4027 2170 4090 dine,
2204 4026 2349 4080 aliud
2376 4040 2498 4078 cum
2532 4025 2738 4078 morbis
2760 4025 3021 4093 jactatur,
3044 4021 3188 4074 aliud
3215 4035 3336 4073 cum
3365 4020 3579 4083 metuit,

343 4128 517 4197 μένων
545 4127 615 4179 τὰ
644 4125 893 4195 σώματα.
924 4123 1048 4185 Πῶς
1074 4119 1167 4174 οὖν
1189 4122 1408 4174 δύναται
1438 4121 1498 4172 τὸ
1535 4118 1915 4188 ἀλλοιούμενον

339 4218 420 4286 τῷ
471 4215 816 4284 ἁναλλοιὼτῳ
865 4213 1149 4275 ὲοικὲναι;

337 4309 551 4377 ἔχοντι,
601 4307 664 4360 τὸ
710 4306 842 4376 μηδέ
879 4320 1008 4357 ποτε
1042 4301 1302 4372 ὲστηκόςς
1349 4299 1634 4369 Ἐκφεύγει
1670 4299 1818 4368 ἡμᾶς
1848 4297 1923 4361 ὼς

339 4399 416 4450 τὰ
439 4398 638 4468 ῥευπὰ
656 4414 670 4428 ·
698 4398 828 4467 πρὶν
863 4393 1124 4462 θεαθῆναι
1152 4393 1458 4462 ὑπέδραμεν
1480 4408 1492 4424 ⁶
1527 4389 1654 4444 ἄλλο
1685 4389 1744 4452 ὲξ
1768 4388 1924 4441 ἄλλου

341 4491 591 4556 φαίνεται
619 4489 682 4541 τὸ
712 4485 1054 4557 ἀνθρώπινον
1084 4485 1264 4554 σῶμα.
1314 4501 1332 4534 ι
1359 4483 1491 4534 Κατ’
1515 4481 1696 4533 εἰκόνα
1719 4479 1918 4550 ἡμετέ-

341 4596 470 4649 ραν.
501 4599 519 4631 ι
569 4580 694 4642 Πῶς
719 4577 893 4630 σῶσαι
923 4576 1208 4645 δυνήσεται
1235 4572 1335 4641 τῆς
1359 4573 1613 4642 ἀκινήτου
1644 4569 1856 4639 φύσεως
1885 4569 1917 4638 ἡ

343 4673 548 4743 (eum
578 4673 774 4737 εἰκών;
810 4671 907 4740 τῆς
932 4668 1178 4740 ἀμόρφου
1205 4669 1238 4734 ἡ
1269 4663 1708 4735 μεμορφωμένης

2019 4119 2164 4172 aliud
2201 4133 2324 4172 cum
2385 4115 2602 4187 gaudet,
2657 4115 2800 4168 aliud
2843 4114 3058 4183 quando
3108 4113 3360 4165 satiatum
3422 4117 3585 4177 atque

1213 4211 1288 4281 τῷ
1335 4210 1421 4263 ἀεὶ
1469 4207 1612 4262 κατὰ
1661 4208 1727 4260 τὰ
1786 4207 1904 4259 αύτὲ

2020 4213 2294 4280 expletum
2327 4216 2434 4274 est,
2470 4208 2617 4260 aliud
2649 4205 2868 4272 quando
2899 4205 2987 4257 siti
3027 4202 3237 4256 fameve
3280 4207 3586 4269 torquetur,-

2023 4300 2172 4354 aliud
2207 4301 2260 4352 in
2295 4314 2445 4367 pace,
2486 4297 2628 4350 aliud
2664 4297 2715 4349 in
2754 4295 2916 4357 bello;
2961 4294 3101 4346 alius
3128 4290 3426 4361 vigilantis,
3451 4290 3589 4344 alius

2023 4386 2346 4441 dormientis
2381 4393 2464 4439 est
2511 4385 2680 4438 color.
2721 4380 2968 4452 Vigilans
3017 4381 3217 4434 rubore
3250 4379 3424 4448 magis
3463 4392 3588 4447 per-

2025 4479 2270 4532 funditur
2294 4515 2308 4538 ,
2341 4475 2598 4544 quoniam
2655 4473 2802 4527 calor
2838 4480 2990 4526 extra
3026 4468 3391 4540 progreditur.
3452 4466 3592 4520 Dor-

2026 4570 2205 4622 miens
2261 4574 2441 4620 autem
2506 4565 2688 4618 calore
2750 4563 2898 4618 intus
2957 4575 3271 4631 compresso
3323 4559 3587 4629 pallescit.

2027 4658 2271 4723 Quonam
2311 4654 2476 4725 igitur
2505 4662 2681 4721 pacto,
2715 4651 2859 4722 quod
2895 4658 2974 4704 tot
3022 4649 3340 4702 immittatur
3392 4646 3591 4709 modis,

341 4734 548 4816 simile.
579 4766 649 4818 sit
699 4734 767 4817 cit
812 4734 983 4830 quod‘
1016 4734 1099 4815 est
1131 4734 1514 4811 immutabile?
1551 4753 1623 4817 ei,
1657 4749 1801 4820 quod
1833 4747 2023 4804 eodem
2052 4759 2268 4812 semper
2311 4751 2396 4797 est
2445 4751 2612 4806 statu,
2658 4739 2710 4793 id
2737 4763 2742 4767 ι
2767 4739 2911 4810 quod
2971 4752 3245 4806 nunquam
3298 4734 3592 4795 consistit?

349 4852 628 4908 Undarum
680 4826 854 4907 instar
888 4868 970 4909 res
1000 4863 1207 4911 nostra:
1251 4860 1352 4901 nos
1399 4844 1636 4915 fugiunt,
1689 4852 1742 4896 et
1779 4848 2069 4908 antequam
2099 4834 2404 4897 videantur,
2453 4833 2817 4888 deﬂuxerunt.
2870 4830 3030 4884 Aliud
3095 4845 3155 4882 ex
3221 4828 3326 4881 alio
3383 4826 3598 4881 videtur

346 4945 650 4998 humanum
683 4958 900 5012 corpus.
929 4946 1004 5005 Ad
1035 4943 1340 5018 imaginem
1405 4944 1653 4990 nostram
1700 4940 1907 4986 natura:
1933 4927 2288 4982 immutabilis
2337 4925 2439 4980 erit
2486 4924 2693 4978 caduca
2748 4920 3093 4977 similitudo?
3129 4921 3301 4973 forma
3335 4918 3596 4980 carentis,

349 5050 477 5102 qua:
516 5035 742 5088 formam
775 5034 917 5094 habet
939 5043 960 5097 ?

439 5125 549 5188 Πῶς
571 5121 662 5178 οὖν
691 5127 962 5204 ζητήσομεν
995 5146 1055 5204 τὸ
1104 5127 1249 5195 κατ’
1275 5120 1496 5183 είκόνα;
1541 5119 1628 5172 Ἐν
1657 5111 1735 5179 οἷς
1767 5115 1904 5168 αὐτὸς

2104 5106 2204 5161 Ubi
2261 5119 2392 5175 ergo
2426 5118 2756 5173 qumremus,
2809 5099 2954 5171 quod
3007 5098 3296 5167 imaginem
3359 5088 3601 5148 referat?

2030 5188 2091 5204 _'-_
2158 5199 2169 5204 -
2341 5198 2350 5204 .
2438 5197 2469 5204 ..
2731 5197 2742 5204 .
2881 5191 2914 5204 ,ι
3019 5193 3029 5202 ο
3197 5188 3229 5204 1ο
3279 5187 3312 5204 ο.
3379 5185 3432 5204 σε
3476 5182 3599 5204 ---τοι

357 5211 514 5267 εἶπεν
534 5219 561 5268 6
582 5217 784 5286 Κύριος.
1113 5249 1177 5288 τι
1206 5220 1384 5278 εἴπω,
1417 5211 1489 5280 μὴ
1519 5207 1880 5300 προσδέξησθε

2030 5188 2296 5252 Nimirum
2340 5198 2392 5249 in
2436 5197 2524 5258 iis,
2558 5211 2678 5264 quze
2731 5197 2846 5264 ipse
2877 5191 3142 5245 Dominus
3179 5187 3336 5241 dixit.
3379 5185 3433 5237 Si
3469 5182 3601 5252 quid

2251 5293 2260 5300 .
2448 5289 2478 5300 ι·
2651 5296 2684 5300 --
2735 5288 2746 5300 ι
2914 5285 2924 5295 ο
2951 5285 2964 5300 ι
3058 5298 3068 5300 μ
3131 5275 3440 5300 __--..:_2--n:n
3499 5272 3572 5300 17..

362 5265 378 5266 ί
448 5265 505 5267 "’
541 5265 784 5286 ""r""
832 5265 910 5293 μιν
949 5265 986 5294 ν,
1048 5266 1061 5282 ο
1113 5265 1384 5288 τιν-’ππ
1417 5265 1427 5280 ι
1478 5265 1489 5279 ι
1565 5265 1575 5280 ι
1733 5265 1782 5278 ἰ

357 5307 463 5356 ἐὰν
489 5306 787 5374 Δεσποτικὸν,
821 5265 1223 5403 κα.;ξίέ;τοε.
1280 5305 1611 5371 Ποιήσωμεν
1643 5297 1904 5368 ἄνθρωποι

883 5385 904 5403 Μ
977 5377 1034 5403 __,

2032 5309 2210 5348 meum
2251 5293 2305 5346 in
2340 5289 2578 5346 medium
2614 5288 2870 5347 attulere,
2914 5285 2964 5337 id
3008 5298 3073 5337 ne
3127 5275 3461 5348 suscipiatis.
3499 5272 3593 5326 Fa-

883 5362 1067 5421 ταὸέζα
1083 5362 1192 5392 7""
1206 5362 1223 5376 '

448 5443 487 5475 ”
509 5448 540 5462 ⁶⁶
559 5445 678 5500 Psal.
702 5465 798 5546 tu],
