4088 6210
762 239 867 297 9-65

1958 228 2015 282 S.
2040 224 2368 282 GBEGORII
2399 218 2690 278 NYSSENI

766 349 980 404 ciamus
1032 340 1308 398 hominem
1356 338 1426 393 ad
1461 336 1752 410 imaginem
1805 343 1860 392 et
1913 336 2380 398 similitudinem;

2158 337 2329 392 linem
2362 342 2404 398 Α
2434 337 2552 388 κατ’
2584 333 2765 388 είκόνα
2813 327 3085 400 ἡμετέραν
3114 323 3204 379 καὶ
3227 323 3342 378 καθ’
3369 320 3719 393 όμοίωσιψκαὶ
3743 318 3772 371 ἀ

769 443 1038 498 nostram,
1091 439 1146 486 et
1177 431 1361 501 praesit
1395 429 1640 500 piscibus
1672 427 1880 501 [maris,
1938 435 1992 482 et
2020 428 2336 483 volatilibus

771 530 920 590 coeli,
953 536 1007 584 et
1032 528 1245 590 bestiis,
1279 535 1330 582 et
1358 541 1480 595 qum
1521 524 1874 596 sequuntur,]
1908 539 2230 595 corporene,
2268 539 2337 578 an

771 620 985 674 ratione
1010 619 1034 672 ἵ
1061 619 1119 672 in
1157 619 1340 671 animo
1371 617 1536 672 situm
1575 623 1661 671 est
1695 617 1801 670 hoc
1834 615 2145 685 imperium,
2182 630 2250 668 an
2283 615 2339 668 in

770 711 982 766 carne?
1037 723 1166 764 caro
1215 714 1403 763 nostra
1451 708 1748 762 multorum
1811 706 2128 760 animalium
2177 720 2342 760 carne

773 803 934 872 longe
974 808 1057 856 est
1090 801 1431 854 imbecillior.
1466 798 1569 865 Qui
1599 800 1746 853 enim
1787 799 2026 854 hominis
2057 812 2186 853 caro
2215 813 2339 852 cum

775 907 942 946 carne
970 890 1186 968 cameli,
1224 899 1319 944 aut
1343 887 1526 961 bovis,
1551 890 1893 959 aliorumque
1925 888 2162 944 ferarum
2192 903 2343 942 com-

771 983 958 1060 parari
1021 991 1222 1052 potest,
1276 971 1367 1051 cui
1431 973 1632 1037 cellata
1690 983 2219 1052 facilesuperatur,
2277 997 2343 1036 ac

771 1074 1056 1128 vincitur?
1082 1073 1138 1127 In
1175 1088 1286 1143 quo
1339 1073 1507 1144 igitur
1541 1074 1797 1130 consistit
1836 1075 1925 1129 hic
1958 1061 2343 1144 principatus?

772 1163 828 1218 in
862 1163 1096 1217 rationis
1126 1145 1466 1236 praestantia.
1498 1163 1715 1229 Quanto
1767 1164 1911 1218 enim
1949 1156 2198 1236 corporis
2242 1164 2344 1218 im-

2440 444 2538 480 σαν
2563 424 2670 478 τῶν
2714 421 2941 492 ἰχθύων,
2998 417 3206 486 σώματι
3242 410 3577 485 ἢλογισμῷ;
3623 409 3701 462 Ἐν
3736 407 3777 477 ψ

2438 518 2624 588 ἄρχον,
2652 514 2686 582 ἢ
2717 514 2774 565 ὲν
2811 509 3003 582 σαρκί;
3051 509 3114 560 ’11
3146 505 3302 576 σὰρξ,
3343 502 3548 557 πολλῶν
3585 498 3721 562 ζώων
3761 499 3778 550 ἑ

2442 610 2626 680 στέρα.
2661 605 2796 658 Ποία
2827 604 3109 672 σύγκρισις
3139 597 3338 670 σαρκὸς
3375 593 3650 665 ἀνθρώπου
3681 589 3764 644 καὶ

2438 701 2553 764 λου,
2596 695 2880 767 ἀνθρώπου
2925 692 3020 745 καὶ
3052 689 3198 759 βοὸς,
3233 683 3519 757 ἀνθρώπου
3550 682 3636 735 καὶ
3665 682 3778 734 έκάο

2442 792 2508 844 ἂν
2552 789 2710 858 θέλῃς
2760 784 2946 856 θηρίου
2969 801 2990 855 ;Ὶ
3035 779 3300 840 εὐάλωτος
3342 777 3392 850 ἡ.
3421 774 3555 844 σὰρξ
3593 774 3623 842 ἡ
3667 771 3778 842 ave,

2444 881 2607 952 σαρκὶ
2651 870 3304 954 θηρίουπροϐαλλομένη.
3358 865 3516 933 Ἀλλὰ
3545 868 3596 918 ὲν
3628 863 3724 916 τίνι
3755 880 3778 914 τ

2442 975 2568 1037 κόν;
2610 972 2667 1023 ὲν
2695 972 2762 1039 τῇ
2789 967 2881 1020 τοῦ
2910 961 3171 1034 λογισμοῦ
3204 957 3510 1030 περιουσίᾳ.
3538 958 3700 1026 βὈσον
3727 955 3778 1006 λε

2441 1064 2668 1132 δυνάμει
2697 1057 2789 1112 τοῦ
2819 1048 3089 1126 σώματος,
3125 1051 3377 1105 τοσοῦτον
3426 1048 3663 1119 περίεστι
3697 1048 3757 1115 τῇ

2442 1153 2642 1224 γισμοῦ
2675 1149 3008 1218 κατασκευῇ.
3059 1142 3228 1196 Πόθεν
3267 1140 3335 1194 τὰ
3368 1138 3576 1211 μεγάλα
3613 1136 3741 1206 βάρη

771 1255 1074 1310 becillitate
1126 1232 1296 1326 homo
1349 1253 1583 1322 reliquis
1642 1253 2015 1310 animantibus
2047 1232 2345 1308 vinﬁrmior

2161 1254 2345 1308 irmior
2445 1248 2602 1316 θησιν
2663 1242 2986 1312 ἄνθρωπος,
3039 1235 3250 1302 ἐπινοίᾳ.
3309 1233 3342 1301 ἢ
3403 1232 3570 1326 τόνοις
3631 1243 3775 1326 σωμα

774 1353 880 1408 est,
908 1355 1060 1399 tanto
1084 1331 1169 1400 est
1193 1324 1425 1399 rationis
1448 1318 1770 1399 excellentia
1792 1345 2062 1413 superior.
2091 1345 2345 1415 Ingentes

2163 1354 2345 1415 gentes
2451 1353 2469 1390 ι
2505 1337 2824 1406 Ποιήσωμεν
2856 1329 3140 1400 ἄνθρωπον
3169 1324 3288 1415 κατ’
3325 1321 3509 1415 εἰκόνα
3538 1318 3777 1415 ημετέραε

773 1437 918 1490 enim
973 1437 1260 1506 molesac
1302 1426 1567 1505 pondera,
1626 1451 1749 1506 quae
1796 1451 1894 1505 pro
1960 1436 2194 1492 arbitrio
2243 1442 2345 1491 suo

2153 1409 2194 1491 ί)
2243 1442 2345 1491 suo
2447 1429 2554 1480 ἔσω
2586 1424 2867 1495 ἄνθρωπον
2896 1419 3064 1487 λέγει,
3097 1414 3452 1484 «Ποιήσωμεν
3481 1409 3767 1506 ἄνθρωπον.

774 1509 1118 1582 transferunt
1168 1501 1444 1593 homines,
1476 1501 1811 1597 quocunque
1845 1529 2053 1591 volunt,
2093 1527 2342 1592 solertia,

2161 1527 2342 1592 lertia,
2449 1521 2591 1590 ἐρεῖς
2621 1516 2708 1581 σὺ,
2744 1513 2840 1566 Διὰ
2879 1510 2929 1564 τί
2957 1510 3016 1564 ού
3051 1507 3196 1574 λέγει
3234 1503 3524 1605 ἡμῖνηπερέ
3560 1501 3773 1605 λογισμο

776 1609 889 1671 non
937 1619 1186 1688 corporis
1228 1609 1438 1674 viribus
1505 1627 1746 1689 aguntur
1810 1624 1864 1672 et
1939 1626 2342 1688 permoventur.
2377 1647 2390 1698 -ι

2163 1626 2342 1672 entur.
2377 1647 2421 1698 in
2450 1605 2732 1694 ἄνθρωπον
2767 1601 2886 1658 εἷπε
2917 1601 3034 1655 κατ’
3067 1599 3248 1698 εἰκόνα
3274 1594 3429 1698 Θεοῦ.
3463 1594 3530 1698 "9
3557 1593 3611 1646 δὲ
3636 1592 3777 1659 λογισ

942 1667 1185 1688 ητνη,
1241 1667 1436 1674 -_--___
1506 1667 1735 1689 ,σηπ-
1815 1667 1862 1672 --
1939 1667 2340 1688 ,-___--___-__-

781 1725 799 1757 ι
839 1706 1125 1762 Faciamus
1157 1709 1432 1762 hominem
1470 1708 1536 1760 ad
1577 1708 1866 1777 imaginem
1904 1714 2192 1762 nostram:
2231 1727 2249 1759 ι
2281 1708 2348 1762 de
2379 1667 2395 1726 Ι

2379 1667 2424 1726 Β
2453 1667 2698 1770 opem“
2747 1695 2944 1745 Ἀκουε
2976 1690 3068 1742 τοῦ
3110 1685 3428 1742 Ἀποστόλου
3463 1684 3721 1752 λέγοντος,
3767 1699 3777 1732 ι

696 1817 700 1820 ν
774 1799 1023 1852 interiori
1079 1799 1297 1852 homine
1361 1798 1620 1866 loquitur.
1656 1799 1723 1852 At
1779 1800 1945 1861 enim,
1979 1799 2152 1863 dices,
2195 1810 2250 1854 tu
2281 1800 2350 1856 de

776 1887 988 1942 ratione
1018 1887 1267 1942 disseris.
1319 1885 1558 1942 Ostende
1588 1888 1748 1944 nobis
1795 1889 2070 1945 hominem
2106 1889 2174 1944 ad
2209 1891 2347 1944 ima-

775 1977 960 2045 ginem
1004 1975 1118 2030 Dei.
1157 1977 1327 2032 Estne
1375 1978 1514 2030 ratio
1555 1977 1767 2031 homo?
1803 1978 1943 2032 Audi
1976 1981 2294 2049 Apostolum
2330 1997 2346 2036 :

781 2064 802 2117 ὰ
838 2066 1008 2130 Licet,
1043 2085 1060 2116 ι
1102 2062 1298 2136 inquit,
1337 2085 1364 2142 «ᾔ
1398 2067 1443 2122 is
1480 2067 1570 2136 qui
1611 2067 1747 2123 foris
1781 2076 1864 2123 est
1923 2081 2110 2124 noster
2165 2071 2346 2138 homo,

775 2157 1183 2216 corrumpatur,
1213 2157 1395 2202 tamen
1428 2149 1495 2212 is,
1523 2149 1616 2218 qui
1646 2149 1796 2204 intus
1828 2163 1932 2213 est,
1963 2160 2258 2206 renovatur
2281 2153 2348 2206 de

777 2229 864 2292 die
892 2239 948 2292 in
984 2230 1149 2291 diem.
1189 2256 1208 2288 ι
1251 2230 1501 2304 Quonam
1558 2237 1757 2308 pacto?
1792 2239 2072 2311 Duplicem
2111 2232 2349 2311 agnoseo

779 2321 1076 2388 hominem,
1101 2343 1266 2380 unum
1294 2328 1384 2396 qui
1413 2328 1651 2391 videtur,
1681 2330 1911 2384 alterum
1939 2331 2346 2395 absconditum,

777 2433 941 2487 quem
970 2417 1060 2471 ille
1099 2417 1216 2485 ipse
1249 2417 1342 2486 qui
1379 2417 1594 2472 videtur
1627 2433 1737 2472 non
1797 2421 1993 2474 cernit.
2033 2419 2350 2475 lnteriorem

779 2496 944 2577 igitur
1015 2505 1278 2560 habemus
1337 2498 1637 2572 hominem,
1694 2516 1748 2562 et
1805 2509 2053 2578 duplices
2113 2510 2350 2580 quodam

779 2594 944 2648 modo
993 2610 1204 2649 sumus.
1257 2596 1368 2665 Ego
1396 2597 1540 2651 enim
1605 2613 1726 2652 sum
1759 2599 1870 2666 ille,
1915 2601 2008 2670 qui
2066 2601 2214 2657 intus
2267 2609 2352 2656 est

783 2679 1108 2752 homo.Quae
1137 2701 1266 2740 vero
1289 2687 1418 2741 sunt
1447 2688 1810 2755 extrinsecus,
1831 2706 1939 2745 non
1960 2707 2060 2762 ego
2087 2691 2177 2745 illa
2203 2707 2348 2756 sum,

2453 1791 2482 1842 ό
2510 1787 2614 1852 ἔξω
2646 1785 2800 1857 ἡμῶν
2829 1782 3110 1853 ἄνθρωπος
3141 1777 3439 1849 φθείρεται,
3471 1776 3580 1830 ἀλλ’
3605 1777 3632 1829 ὁ
3658 1773 3761 1826 ἔσω

2454 1875 2636 1932 νοῦται
2669 1874 2850 1945 ἡμέρᾳ
2877 1873 2972 1925 καὶ
3001 1870 3200 1941 ἡμέρᾳ.
3229 1887 3248 1919 ι
3302 1866 3457 1931 Πῶς;
3502 1865 3601 1917 Δύο
3635 1881 3778 1934 γνωρ

2455 1967 2736 2040 θρώπους,
2784 1964 2881 2016 ἕνα
2928 1962 3018 2014 τὸν
3067 1959 3410 2041 φαινόμενον,
3457 1955 3551 2008 καὶ
3578 1955 3672 2008 ἕνα
3698 1954 3778 2007 τὸν

2455 2057 2767 2132 κρυμμένον
2801 2054 2876 2124 τῷ
2907 2051 3233 2123 φαινομένῳ,
3269 2046 3612 2118 ἁόρατον,τὸν
3656 2045 3760 2098 ἔσω

2452 2167 2572 2205 πον.
2614 2149 2769 2202 Ἔσω,
2787 2146 2962 2200 τοίνυν
2993 2145 3185 2214 ἔχομεν
3226 2141 3531 2211 ἄνθρωπον,
3560 2139 3652 2192 καὶ
3675 2137 3778 2189 διπ]

2453 2241 2640 2310 ὲσμεν,
2673 2237 2768 2291 καὶ
2794 2236 2854 2289 τό
2893 2251 2957 2302 γε
2995 2232 3191 2303 ἀληθὲς
3229 2231 3518 2300 λεγόμενον
3551 2230 3630 2281 ὅτι
3658 2228 3778 2280 ἕνδσ

2467 2330 2607 2399 Ἐγὼ
2655 2328 2764 2400 γὰρ
2800 2325 2940 2380 κατὰ
2982 2324 3073 2376 τὸν
3129 2323 3235 2375 ἔσω
3282 2320 3588 2391 ἄνθρωπον.
3636 2319 3715 2370 Τὰ
3761 2317 3778 2368 ἓ

2456 2421 2586 2490 ἐγὼ,
2610 2418 2745 2473 ἀλλὰ
2775 2417 2902 2488 ἐμά.
2922 2417 2994 2468 Ού
3027 2413 3194 2483 γὰρὴ
3227 2411 3346 2482 χεὶρ
3381 2409 3512 2478 ἐγὼ,
3544 2408 3678 2461 ἀλλὰ
3712 2410 3772 2475 ἐγ

2457 2512 2612 2582 γικδν
2659 2509 2758 2579 τῆς
2804 2507 2999 2578 ψυχῆς.
3057 2505 3122 2556 Ἠ
3161 2503 3217 2554 δὲ
3257 2501 3381 2587 χεὶρ
3409 2500 3569 2571 μέρος
3600 2498 3691 2552 τοῦ
3720 2501 3778 2551 ἀν

2460 2604 2622 2655 Ὥστε
2650 2601 2710 2652 τὸ
2740 2599 2838 2668 μὲν
2869 2595 3055 2666 σῶμα,
3107 2594 3335 2664 ὄργανον
3390 2591 3482 2644 τοῦ
3518 2589 3778 2661 ἀνθρώποε

2459 2692 2708 2763 ὄργανον,
2735 2687 3017 2760 ἄνθρωπος
3042 2685 3098 2737 δὲ
3127 2683 3330 2754 κυρίως
3365 2683 3484 2735 κατ’
3516 2681 3681 2752 αὐτὴν
3707 2680 3777 2749 τὴη

782 2775 879 2830 Sed
915 2777 1002 2830 illa
1031 2784 1158 2832 sunt
1185 2790 1323 2832 mea.
1348 2775 1535 2848 Neque
1561 2781 1708 2836 enim
1737 2799 1836 2853 ego
1860 2799 1980 2838 sum
2009 2799 2224 2850 manus,
2253 2784 2349 2839 sed
2386 2784 2549 2847 ratio,
2584 2798 2704 2852 quae
2735 2783 2788 2835 in
2819 2782 3000 2834 animo
3025 2785 3127 2833 est.
3181 2774 3371 2828 Manus
3412 2781 3592 2826 autem
3635 2781 3777 2826 exter

785 2865 1022 2920 hominis
1051 2880 1196 2935 pars.
1229 2864 1598 2931 Quamobrem
1643 2880 1864 2943 corpus,
1904 2873 2144 2930 hominis
2187 2875 2633 2939 instrumentum,
2680 2880 2765 2928 est
2806 2869 2974 2926 animi
3011 2869 3478 2922 instrumentum:
3512 2863 3557 2918 si
3605 2863 3777 2932 quide;

785 2958 1004 3027 proprie
1042 2955 1224 3008 animo
1263 2966 1540 3015 censetur.

862 3066 879 3097 ε
906 3045 1195 3101 Faciamus
1219 3047 1491 3102 huminem
1512 3047 1578 3100 ad
1603 3047 1896 3115 imaginem
1923 3054 2220 3103 nostram.»
2247 3046 2360 3101 Hoc
2389 3053 2432 3110 c

783 3143 889 3198 est,
919 3134 994 3188 illi
1033 3127 1262 3188 rationis
1301 3135 2356 3205 praestantiamtribuamus.«Etpraesit.»

784 3223 904 3276 Non
937 3224 1134 3290 inquit,
1166 3221 1455 3276 Faciamus
1484 3222 1764 3276 hominem
1796 3223 1864 3277 ad
1915 3225 2206 3295 imaginem
2263 3241 2364 3281 no-

795 3327 989 3378 stram,
1007 3322 1061 3367 et
1085 3313 1377 3375 irascatur,
1396 3313 1771 3382 concupiscat,
1791 3323 1844 3368 et
1873 3327 2119 3370 maereat.
2144 3301 2364 3372 Pertur-

791 3390 1043 3458 bationes
1074 3401 1217 3453 enim
1255 3400 1361 3452 nun
1417 3393 1620 3453 cadunt
1670 3401 1726 3454 in
1762 3401 2054 3471 imaginem
2113 3405 2228 3467 Dei,
2269 3405 2363 3457 sed

789 3492 931 3548 ratio
964 3489 1436 3560 perturbationum
1490 3491 1824 3546 moderatrix
1877 3508 1942 3547 ae
1972 3493 2212 3549 domina.
2251 3515 2268 3546 ι
2299 3482 2366 3548 Et

789 3581 1256 3653 prmsitpiscibus.
1294 3600 1310 3632 ι
1345 3579 1491 3644 Tibi,
1531 3581 1692 3636 simul
1727 3591 1890 3652 atque
1921 3594 2243 3653 procreatus
2280 3601 2360 3649 es,

791 3669 1079 3742 imperium
1110 3681 1194 3725 est
1233 3673 1579 3727 attributum.
1635 3665 1738 3740 Qui
1780 3689 2034 3746 magnum
2070 3677 2126 3731 in
2161 3677 2365 3732 multos

793 3778 967 3816 annos
1000 3777 1029 3815 a
1079 3778 1205 3831 rege
1242 3757 1606 3832 principatum
1641 3766 1860 3835 accipit,
1897 3767 2057 3820 homo
2094 3767 2161 3821 ab
2189 3767 2367 3821 homi-

793 3867 880 3915 ne,
915 3866 943 3904 a
982 3849 1196 3904 mortali
1245 3854 1515 3914 mortalis,
1556 3869 1665 3908 non
1713 3861 1918 3909 tantam
1971 3850 2229 3926 quantam
2285 3867 2364 3921 tu,

791 3942 1003 3995 obtinet
1078 3940 1425 4010 potestatem.
1482 3945 1576 3998 Ille
1629 3946 1773 4000 enim
1831 3961 1859 3999 a
1928 3962 2057 4017 rege
2112 3949 2367 4018 princeps

747 4027 1170 4098 ‘eonstituitur,
1222 4042 1280 4087 ut
1331 4034 1426 4088 uni
1485 4041 1699 4090 tantirm
1755 4037 1965 4106 regioni
2021 4039 2227 4106 praesit.
2284 4040 2365 4094 Tu

793 4134 975 4180 autem
1025 4139 1055 4176 a
1111 4125 1221 4180 Deo
1284 4133 1444 4180 terra:
1503 4127 1671 4181 totius
1732 4126 2019 4196 imperium
2079 4129 2363 4198 accepisti.

800 4215 1106 4286 Divinaque
1136 4232 1241 4272 vox
1276 4233 1382 4272 non
1420 4217 1473 4271 in
1507 4219 1711 4273 tabulis
1761 4218 1976 4286 ligneis,
2012 4226 2105 4271 aut
2136 4211 2367 4273 volumi-

793 4306 978 4371 nibus,
1028 4322 1148 4376 quae
1197 4322 1228 4360 a
1282 4307 1446 4361 tineis
1493 4305 1943 4376 corrumpuntur,
1999 4305 2096 4363 sed
2145 4308 2201 4361 in
2248 4307 2366 4376 ipsa

793 4398 993 4452 natura
1011 4395 1274 4468 inscripta
1295 4396 1648 4461 est.cPr'.esit,
1665 4417 1682 4450 ι
1701 4398 1903 4467 quibus
1925 4405 2105 4453 autem
2133 4400 2318 4486 praesit
2342 4399 2364 4451 ?
2396 4387 2438 4441 Ι)

796 4481 894 4546 His
923 4489 1180 4544 nimirum
1238 4491 1497 4544 omnibus
1528 4482 1791 4546 :tPi-zesit
1841 4490 2119 4560 piscibus,
2173 4481 2365 4546 bestiis

796 4585 976 4643 terrm,
1007 4579 1325 4633 volatilibus
1356 4581 1506 4643 cmli,
1549 4588 1603 4633 et
1641 4581 1914 4636 universis
1970 4575 2362 4648 animantibus,

797 4681 921 4736 quae
955 4675 1242 4720 moventur
1275 4673 1441 4736 super
1471 4674 1690 4722 terram.
1727 4669 1871 4724 nNon
1891 4665 2049 4732 dixit,
2076 4656 2366 4725 Faciamus

799 4752 1076 4811 hominem
1111 4756 1180 4810 ad
1209 4757 1498 4826 imaginem
1534 4766 1588 4812 et
1629 4759 2038 4837 similitudinem
2095 4769 2363 4824 nostram,

799 4857 851 4902 et
877 4853 1130 4900 vescatur
1155 4862 1218 4900 ex
1251 4848 1399 4900 omni
1432 4848 1578 4916 ligno
1606 4847 1914 4913 fructifero,
1943 4850 2088 4918 quod
2125 4851 2362 4906 fructum

799 4935 961 4991 habet
1023 4935 1078 4991 in
1132 4938 1448 5007 semetipso.
1513 4936 1766 4991 Secundo
1819 4940 1939 5012 loco
1975 4957 2062 5008 ea,
2112 4959 2234 5012 quae
2299 4943 2364 4996 ad

799 5041 1018 5081 carnem
1048 5019 1349 5096 pertinent,
1381 5029 1813 5082 constituuntur.
1848 5010 2034 5086 Primo
2068 5010 2272 5096 autem,
2304 5048 2368 5087 ac

799 5121 1146 5192 potissimum
1189 5121 1301 5184 illa,
1337 5136 1456 5189 quae
1488 5121 1552 5174 ad
1589 5121 1829 5175 animum
1884 5132 2150 5194 spectant.
2188 5125 2366 5180 Prima

805 5213 962 5269 nobis
997 5212 1300 5281 imperandi
1329 5221 1570 5283 potestas
1599 5213 1931 5270 decernitur.
1982 5216 2063 5271 Ad
2100 5218 2372 5286 imperan-

799 5307 929 5360 dum
972 5313 1133 5360 natus
1185 5321 1268 5369 es,
1311 5307 1492 5362 homo.
1527 5295 1664 5371 Quid
1700 5322 1830 5377 ergo
1869 5309 2370 5379 perturbationibus

801 5384 1024 5454 servis?
1070 5413 1171 5452 cur
1214 5398 1528 5466 dignitatem
1564 5399 1757 5468 ahjicis
1791 5402 1988 5455 tuam?
2017 5417 2116 5456 cur
2151 5412 2202 5457 te
2245 5420 2364 5472 pec-

801 5499 923 5543 cato
961 5488 1133 5543 tradis
1163 5489 1216 5541 in
1251 5489 1614 5543 servitutem?
1647 5504 1745 5542 cur
1799 5500 1850 5545 te
1876 5487 2165 5546 constituis
2217 5508 2367 5545 man-

803 5579 1005 5648 cipium
1037 5579 1285 5634 diaboli?
1314 5577 1512 5634 Rerum
1575 5581 1908 5637 constitutus
1965 5598 2024 5637 es
2065 5582 2317 5653 princeps
2351 5603 2362 5637 :

2543 3033 2906 3115 «Ποιήσωμεν
2956 3044 3237 3116 ἄνθρωπον
3272 3045 3390 3098 κατ’
3443 3043 3626 3097 εἰκόνα
3680 3029 3778 3113 ήμε

2464 3138 2728 3200 τουτέστι,
2777 3136 3019 3206 δώσομεν
3067 3135 3214 3206 αύτῷ
3263 3135 3422 3204 λόγου
3473 3136 3778 3206 περιουσίαη

2464 3230 2830 3300 ἁρχέτωσαν.›
2869 3229 3022 3297 Οὐχὶ,
3048 3228 3365 3298 Ποιήσωμεν
3385 3227 3689 3297 ἄνθρωπον,
3718 3246 3778 3280 κο

2464 3321 2758 3391 ἡμετέραν,
2793 3320 2884 3372 καὶ
2914 3319 3324 3390 θυμούσθωσαν,
3349 3319 3438 3372 καὶ
3467 3319 3777 3386 ἐπιθυμεῖτε

2465 3397 2839 3464 λυπείσθωσαν
2860 3428 2872 3442 ο
2917 3413 2977 3463 ού
3016 3411 3122 3481 γὰρ
3149 3411 3215 3463 τὰ
3246 3410 3390 3480 πάθη
3425 3413 3503 3473 είς
3543 3411 3643 3479 τὴν
3670 3411 3766 3462 τοῦ

2467 3502 2601 3555 κόνα
2628 3501 2972 3572 παρελήφθη,
3004 3502 3118 3554 ἀλλ’
3148 3502 3176 3554 ὁ
3208 3501 3465 3570 λογισμὸς
3497 3501 3604 3553 τῶν
3641 3501 3778 3554 παθιῖ

2465 3608 2564 3661 της
2591 3625 2607 3642 .
2658 3610 2676 3643 (
2706 3592 2815 3645 Καὶ
2857 3591 3173 3661 ἁρχέτωσαν
3221 3590 3328 3642 τῶν
3376 3590 3593 3661 ἰχθύων.
3631 3611 3649 3643 ι
3693 3593 3768 3642 Eb

2469 3683 2622 3753 σθης,
2645 3683 2740 3737 καὶ
2767 3683 2952 3754 ἄρχων
2974 3681 3246 3752 ὲκτίσθης.
3295 3700 3312 3732 ‹
3338 3683 3448 3734 Καὶ
3470 3682 3778 3753 ἀρχέτωσαη

2467 3771 2619 3834 ἔτους
2639 3759 2896 3835 ἐξουσίαν
2919 3771 3067 3842 παρὰ
3089 3771 3350 3840 βασιλέως
3373 3771 3554 3825 λαϐὼν
3578 3771 3778 3842 ἄνθρωι

2466 3861 2753 3933 ἀνθρώπου
2777 3897 2792 3924 ,
2827 3861 3017 3932 θνητὸς
3040 3861 3190 3929 παρὰ
3216 3861 3431 3930 θνητοῦ,
3466 3861 3647 3914 λαϐὼν
3675 3880 3778 3932 παε

2466 3951 2697 4022 ἔχοντος.
2729 3952 2895 4004 Ποίαν
2921 3951 3028 4022 γὰρ
3053 3951 3297 4014 ἐξουσίαν
3326 3951 3505 4022 ψυχῆς
3537 3952 3778 4024 λαμϐάνε

2467 4060 2599 4109 πος;
2649 4041 2938 4112 Σὺμέντοι
2981 4041 3130 4113 παρὰ
3169 4041 3306 4094 Θεοῦ
3355 4043 3567 4106 ἔλαϐες,
3603 4046 3708 4096 οὐκ
3755 4046 3778 4095 ἐ

2466 4134 2878 4204 γεγραμμένην,
2909 4134 3029 4186 οὐδὲ
3073 4134 3131 4187 ἐν
3170 4134 3330 4198 πτυξὶ
3356 4135 3624 4206 φθαρταῖς
3658 4138 3778 4204 σητέ

2467 4223 2800 4294 ναλώμασιν,
2841 4222 2955 4293 ἀλλ’
2988 4223 3337 4296 ἀνάγραπτον
3368 4227 3400 4296 ἡ
3429 4227 3594 4294 φύσις
3633 4227 3752 4295 ἕχει

2472 4317 2672 4386 φωνήν.
2711 4333 2729 4365 ι
2753 4315 3112 4386 Ἀρχέτωσαν.
3148 4334 3166 4367 ι
3206 4315 3392 4370 Ταῦτα
3431 4316 3731 4386 σύμπαντα
3765 4334 3778 4368 c

2469 4407 2760 4479 θρωπίνης.
2815 4425 2832 4458 ι
2871 4407 3207 4478 Ἀρχέτωσαν
3259 4407 3367 4461 τῶν
3420 4409 3656 4478 ἰχθύων,
3709 4409 3778 4462 τιῖ

2468 4499 2569 4566 τῆς
2607 4497 2733 4566 γῆς,
2782 4498 2890 4552 τῶν
2925 4499 3184 4576 πετεινῶν
3231 4498 3322 4552 τοῦ
3370 4500 3630 4570 ούρανοῦ,
3679 4501 3778 4554 τῶι

2465 4590 2574 4642 τῶν
2597 4589 2862 4662 ἑρπετῶν,
2884 4589 2991 4642 τῶν
3014 4591 3288 4658 ἑρπόντων
3311 4591 3402 4642 ἐπὶ
3424 4592 3521 4661 τῆς
3546 4595 3675 4662 γῆς.
3713 4612 3731 4642 ι
3770 4601 3778 4639 t

2470 4682 2790 4752 Ποιήσωμεν
2819 4681 3105 4754 ἄνθρωπον
3132 4683 3250 4734 κατ’
3273 4682 3457 4734 είκόνα
3492 4683 3588 4734 καὶ
3635 4684 3764 4736 καθ’

2471 4773 2778 4844 ἡμετέραν,
2827 4773 2921 4825 καὶ
2967 4773 3292 4826 ἐσθιέτωσαν
3336 4775 3442 4826 πᾶν
3495 4773 3656 4837 ξύλον
3708 4775 3778 4827 κά

2473 4863 2586 4934 ἔχει
2631 4863 2840 4934 καρπὸν
2886 4866 2945 4916 ὲν
2997 4864 3194 4934 ἐαυτῷ.
3253 4863 3488 4936 Δεύτερα
3531 4865 3604 4917 τὰ
3658 4867 3764 4934 τῆς

2475 4954 2666 5026 πρῶτα
2691 4954 2759 5007 τὰ
2799 4954 2896 5024 τῆς
2923 4953 3098 5024 ψυχῆς
3135 4954 3202 5008 τὰ
3238 4954 3648 5026 προηγούμενα.
3697 4957 3778 5026 Πρ

2477 5045 2947 5116 συνεχειροτονήθη
2979 5047 3012 5115 ἡ
3042 5045 3134 5097 τοῦ
3177 5045 3365 5116 ἄρχειν
3401 5044 3656 5117 δύναμις.
3730 5049 3778 5100 Ἀ

2476 5133 2631 5200 ζῶον,
2664 5134 2935 5205 ἄνθρωπε.
2971 5119 3083 5188 Καὶ⁴
3105 5136 3156 5188 τί
3185 5135 3452 5199 δουλεύεις
3479 5137 3724 5204 πάθεσι;
3758 5156 3778 5190 1

2473 5224 2688 5295 ἀξίωμα
2717 5210 3073 5288 καταϐάλλεις
3101 5229 3194 5280 καὶ
3222 5227 3403 5290 δοῦλος
3443 5227 3567 5300 γίνῃ
3603 5229 3712 5298 τῆς
3748 5231 3778 5282 ά

2471 5315 2560 5369 διὰ
2615 5316 2668 5368 τί
2722 5317 2945 5370 σεαυτὸν
2992 5321 3161 5382 ποιεῖς
3225 5319 3572 5389 αἰχμάλωτον
3618 5320 3719 5373 τοῦ
3770 5323 3778 5368 l

2476 5407 2691 5475 ’Ἄρχων
2725 5409 2952 5472 κτίσεως
2993 5411 3425 5482 ὲχειροτονήθης,
3471 5413 3566 5465 καὶ
3604 5413 3778 5484 ἀπέρς

2476 5497 2712 5568 μνότητα
2743 5499 2840 5568 τῆς
2873 5501 3063 5554 ἑαυτοῦ
3092 5501 3330 5570 φύσεως
3373 5504 3570 5567 Δοῦλος
3601 5505 3778 5575 ἐκλήο

2473 5585 2630 5639 λυπεῖ
2685 5589 2718 5657 ἡ
2779 5588 2990 5642 δουλεία
3041 5591 3132 5644 τοῦ
3187 5592 3485 5662 nauatae;
3547 5594 3641 5646 διὰ
3703 5595 3760 5646 τί
