4088 6210
753 243 850 296 267

749 465 813 505 ac
839 448 1176 504 frondentem
1226 448 1438 508 leonem
1487 462 1598 502 non
1634 449 1860 518 aspicis,
1902 449 2061 518 cujus
2093 450 2176 504 vel
2217 464 2321 505 no—

751 553 874 592 men
914 539 1091 608 ipsum
1137 536 1268 592 ferri
1317 552 1430 592 non
1467 545 1664 607 potest,
1703 537 2067 609 fremitusque
2116 548 2319 596 terram

751 628 1090 683 trcmel‘acit?
1125 626 1347 698 Eequod
1384 635 1602 682 tantum
1637 636 1721 683 est
1756 629 1944 692 robur,
1969 638 2028 683 ut
2055 630 2318 700 impetum

749 719 868 787 ejus
915 727 1077 787 queat
1115 716 1428 772 sustinere?
1466 716 1682 770 Nullum
1730 718 1933 772 animal
1975 728 2085 773 tam
2109 720 2319 774 viribus

749 809 972 864 conlidit
1013 809 1161 872 suis,
1200 817 1258 861 ut
1304 806 1481 862 leonis
1513 808 1620 860 vim
1653 807 1894 876 perferre
1927 809 2124 878 possit.
2160 809 2318 862 Atta-

748 913 870 952 men
907 897 1056 950 illum
1092 897 1147 950 in
1182 909 1351 965 parvo
1399 894 1608 948 vivario
1659 895 1930 949 inclusum
1976 896 2150 950 vides.
2183 896 2318 961 Quis

747 989 924 1058 ipsum
955 987 1225 1048 cohibuit,
1273 1001 1336 1040 ac
1376 985 1628 1040 domuit?
1665 985 1797 1051 Quis
1823 989 2079 1057 exiguum
2112 989 2315 1058 ingenti

746 1081 966 1133 animali
1015 1093 1292 1162 carcerem
1351 1077 1710 1146 excogitavit?
1759 1077 1894 1143 Quis
1937 1094 2094 1133 raros
2137 1095 2317 1135 cavea:

746 1177 935 1241 ligneae
978 1174 1254 1228 cancellos
1280 1173 1552 1227 exstruxit
1582 1171 1730 1236 ferae,
1761 1187 1871 1241 quo
1903 1173 2217 1242 respiraret,
2248 1189 2316 1229 ne

745 1282 845 1323 suo
886 1270 1000 1335 ipsa
1032 1267 1274 1320 anhelitu
1317 1263 1698 1328 sul'focaretur,
1744 1265 1839 1318 sed
1873 1264 2043 1319 libere
2076 1266 2312 1319 animam

743 1358 990 1419 (luceret,
1035 1371 1340 1424 secureque
1387 1355 1645 1424 degeret?
1689 1355 1850 1424 quis?
1880 1371 2064 1410 nonne
2112 1357 2314 1410 homo?

744 1449 793 1503 Is
853 1448 1185 1502 saevissimas
1245 1460 1494 1515 quasque
1555 1444 1697 1499 feras
1754 1445 1861 1499 sibi
1915 1446 2100 1500 ludum
2160 1446 2310 1501 facit.

743 1540 933 1595 Nonne
980 1539 1274 1606 pantheras
1326 1535 1504 1589 illudit
1538 1537 1750 1604 objecta
1794 1537 2004 1601 charta,
2043 1537 2310 1606 depictam

745 1634 982 1686 hominis
1016 1631 1252 1699 speciem
1289 1627 1646 1697 praeferente?
1673 1627 1779 1680 Illae
1813 1639 2119 1697 correptam
2151 1628 2312 1681 char-

742 1734 850 1776 tam
881 1726 1198 1791 discerpunt
1235 1738 1248 1773 :
1281 1720 1444 1772 homo
1483 1733 1614 1772 vero
1646 1716 1789 1770 infra
1826 1717 2040 1786 positus
2066 1718 2306 1772 ferarum

741 1818 1024 1872 stultitiam
1053 1813 1280 1868 deridet.
1305 1808 1496 1865 Nonne
1518 1811 1684 1880 igitur
1712 1811 1970 1864 omnibus
1991 1812 2308 1865 antecellit?

739 1909 878 1976 Quid
916 1908 981 1961 de
1015 1907 1332 1960 volucribus
1385 1903 1607 1957 dicam?
1654 1903 1706 1955 in
1743 1917 1869 1956 aera
1917 1918 2024 1956 non
2057 1904 2304 1957 ascendit

741 2002 926 2061 homo.
976 2015 1088 2053 non
1137 1999 1280 2052 enim
1333 1997 1494 2051 habet
1537 1995 1654 2049 alas
1689 2014 1701 2048 :
1736 2002 1790 2046 at
1839 1996 2018 2049 avium
2063 1997 2304 2050 volatum

724 2093 788 2145 .vi
830 2090 1062 2144 rationis
1103 2088 1433 2157 assequitur.
1467 2084 1609 2138 Nihil
1653 2086 1796 2138 enim
1839 2087 2103 2140 rationem
2145 2102 2304 2140 coer-

737 2196 859 2236 cere
910 2188 1108 2251 potest.
1171 2177 1316 2241 Haec,
1368 2191 1488 2245 qua:
1536 2175 1588 2228 in
1643 2173 2085 2242 profundissimis
2131 2177 2302 2244 pelagi

740 2273 987 2343 partibus
1035 2279 1183 2336 sunt,
1215 2252 1511 2324 scrutatur.
1546 2264 1790 2319 Venatnr
1819 2281 1904 2329 ea,
1941 2280 2060 2334 quae
2103 2275 2302 2320 terram

739 2365 978 2418 incolunt
1013 2381 1024 2415 :
1057 2363 1219 2430 capit,
1268 2374 1388 2429 quae
1446 2366 1741 2412 versantur
1792 2357 1846 2409 in
1909 2371 2053 2409 aere.
2103 2355 2302 2410 Vidisti

737 2455 1029 2525 aliquando
1069 2455 1122 2508 in
1154 2466 1367 2508 summo
1401 2450 1614 2504 arboris
1657 2463 1807 2502 ramo
1847 2448 2166 2503 insidentem
2211 2464 2304 2502 vo-

739 2551 942 2601 lucrem
973 2558 1244 2605 securam,
1274 2550 1434 2610 atque
1460 2539 1708 2592 homines
1730 2547 2135 2607 aspernantem,
2163 2538 2304 2591 hanc

738 2648 918 2690 tamen
971 2649 1106 2704 puer
1144 2633 1337 2686 ludens
1381 2627 1815 2698 comprehendit.
1867 2627 2120 2683 Calamos
2157 2630 2300 2684 enim

735 2728 960 2781 calamis
990 2725 1232 2792 subjicit,
1261 2737 1464 2791 eosque
1493 2717 1736 2775 summ‘os
1761 2720 1920 2774 illinit
1956 2721 2126 2775 visco.
2163 2720 2300 2775 Tum

738 2836 830 2886 per
859 2833 1060 2880 ramos,
1109 2832 1171 2869 ac
1217 2815 1347 2868 folia
1382 2814 1520 2868 clam
1572 2813 1642 2866 ila
1677 2812 1919 2882 disponit
1964 2822 2017 2867 ct
2049 2815 2208 2876 locat,
2244 2823 2303 2868 ut

733 2913 942 2962 viscum
987 2923 1093 2962 non
1151 2913 1413 2976 appareat
1465 2905 1640 2960 oculis
1688 2906 1926 2959 volucris
1978 2906 2029 2958 in
2079 2906 2299 2959 sublimi

734 2999 1008 3055 versantis
1057 3018 1068 3052 ε

734 3093 1161 3160 obstrictamque
1197 3097 1343 3143 tenet
1377 3103 1518 3152 eam,
1571 3103 1691 3156 quae
1731 3101 1907 3142 acrem
1934 3085 2144 3152 incolit,
2178 3102 2298 3156 quae

734 3185 788 3237 in
832 3182 1030 3236 aathcre
1071 3189 1319 3248 vagatur.
1375 3177 1517 3230 infra
1569 3185 1754 3231 manet
1796 3178 1978 3243 homo,
2023 3178 2164 3232 infra
2217 3191 2300 3235 est

736 3276 884 3329 illius
912 3288 1126 3330 manus,
1163 3269 1255 3324 sed
1288 3269 1407 3338 ejus
1437 3267 1685 3322 ascendit
1711 3270 1991 3339 cogitatio.
2016 3272 2192 3342 Atque
2227 3281 2299 3327 ita

735 3367 867 3419 nihil
901 3373 1005 3424 est,
1047 3362 1112 3416 ad
1143 3361 1288 3432 quod
1344 3361 1435 3414 ille
1478 3368 1594 3414 arte
1634 3376 1742 3414 non
1783 3362 2086 3430 perveniat.
2129 3364 2300 3419 Alites

735 3455 961 3516 retibus,
995 3453 1317 3522 sagittisque
1349 3453 1507 3520 petit,
1545 3459 1600 3510 et
1651 3467 1838 3506 earum
1874 3455 2146 3509 avidiores
2175 3471 2301 3510 esca

735 3547 924 3600 allicit.
949 3545 1140 3599 Nonne
1167 3544 1458 3613 aliquando
1497 3545 1682 3599 vidisti
1717 3546 1955 3614 aquilam
2001 3547 2299 3602 inhiantem

735 3641 945 3713 prmdre,
994 3642 1165 3711 plagis
1218 3640 1455 3694 irretiri?
1511 3641 1601 3693 Sic
1659 3655 1778 3710 qua:
1810 3640 1996 3694 volatu
2045 3641 2300 3695 sublimia

733 3735 972 3805 petebat,
1005 3734 1258 3788 humanis
1295 3732 1564 3787 illecebris
1587 3731 1840 3786 deorsum
1881 3732 2138 3786 trahitur.
2173 3731 2302 3787 0m-

734 3827 824 3880 nia
868 3824 1104 3880 hominis
1144 3823 1332 3878 manui
1366 3823 1600 3892 subjecit
1632 3822 1793 3877 Deus.
1838 3822 2036 3878 Orbem
2081 3823 2301 3878 univer-

734 3935 852 3974 sum
885 3918 1190 3986 complevit,
1236 3925 1290 3972 et
1337 3917 1612 3971 hominem
1643 3916 1982 3986 principatus
2027 3925 2302 3986 expertem

733 4023 854 4063 esse
906 4008 1098 4061 noluit.
1149 4005 1224 4060 Ne
1282 4005 1488 4060 dixeris
1549 4012 1601 4058 te
1653 4005 1719 4056 ab
1775 4005 1864 4067 iis,
1909 4019 2030 4072 qua:
2078 4006 2131 4058 in
2178 4020 2302 4060 aere

737 4106 1045 4159 versantur,
1086 4093 1356 4164 superari.
1391 4092 1620 4145 Ratione
1651 4091 1795 4143 cnim
1828 4099 1881 4144 et
1923 4092 2015 4144 illa
2049 4092 2145 4145 tibi
2173 4092 2303 4146 sub-

731 4189 872 4258 jecta
913 4197 1059 4251 sunt,
1097 4189 1237 4257 sicut
1265 4199 1482 4246 eorum,
1516 4197 1636 4252 qua:
1666 4197 1761 4252 per
1793 4190 1993 4236 terram
2038 4183 2302 4252 gradiun-

731 4292 822 4335 tur
853 4287 906 4335 et
941 4287 1187 4348 serpunt,
1237 4279 1448 4331 ratione
1477 4275 1730 4330 dominus
1769 4290 1849 4330 es.
1890 4273 2058 4330 Vides
2101 4277 2155 4330 in
2191 4293 2304 4347 quo

729 4373 995 4427 conisistat
1025 4380 1077 4425 te
1116 4369 1316 4424 factum
1345 4383 1468 4424 esse
1498 4367 1564 4421 ad
1597 4367 1886 4437 imaginem
1922 4366 2058 4422 Dei?

1979 240 2034 293 S.
2075 237 2401 296 GREGORII
2439 240 2729 300 NYSSENI
3741 248 3818 303 268

827 380 845 411 ι
869 358 1058 414 Praesit
1079 356 1526 428 piscibns'mnris,
1552 368 1605 411 et
1635 357 1824 412 bestiis
1844 365 2022 413 terrae.
2048 379 2066 410 δ
2093 361 2321 415 Gravem
2353 363 2398 421 Λ

2507 383 2525 416 ι
2575 365 2914 436 Ἀρχέτωσαν
2947 363 3054 417 τῶν
3085 361 3280 433 ίχθύων
3313 364 3398 433 τῆς
3421 363 3634 434 θαλάσσης,
3657 363 3823 419 καὶτῶν

2423 456 2626 527 θηρίων
2657 457 2755 526 τῆς
2787 456 2909 526 γῆς.
2961 474 2980 507 ι
3020 455 3132 524 Οὐχ
3162 455 3294 525 ὁρᾷς
3335 453 3412 508 τὸν
3433 455 3570 508 λέοντα
3592 454 3659 507 τδν
3682 454 3823 526 βαρὺν,

2419 547 2510 601 τὸν
2554 546 2899 623 βρυχητικὸν,
2950 539 3012 601 οὗ
3053 546 3149 599 καὶ
3190 545 3250 598 τὸ
3291 544 3440 614 ὄνομα
3465 543 3679 614 ἀφόρητον,
3714 547 3824 599 καὶὸ

2421 639 2664 712 βρυγμὸς
2695 639 3001 709 ὑπότρομον
3030 639 3174 690 ποιεῖ
3190 636 3289 707 τὴν
3318 628 3480 706 γῆνςῷ
3501 635 3582 688 τίνι
3601 635 3824 691 sativa-51a

2419 731 2672 803 φορητὸν,
2711 731 2851 784 ὥστε
2895 731 3069 801 ὁρμὴν
3102 727 3264 783 αὐτοῦ
3316 730 3574 798 ὑπομείναις
3600 730 3716 784 οὐδὲν
3753 731 3824 784 τῶι

2419 821 2572 888 ζώων
2613 821 2846 892 τοσαύτῃ
2897 819 3120 873 πέποιθε
3165 819 3428 890 δυνάμεως
3469 819 3704 890 περιουσίᾳ,
3731 819 3824 874 ὥστε

2418 914 2713 984 ὑποστῆναι
2743 914 2919 984 ὁρμὴν
2955 913 3182 975 λέοντος.
3239 912 3372 964 Ἀλλ’
3401 912 3515 981 ὅμως
3549 913 3705 965 ἐκεῖνον
3741 915 3821 982 ὁρᾷ

2417 1007 2474 1059 ὲν
2505 1004 2683 1076 μικρῷ
2716 1003 2911 1075 ζώγρῳ
2943 1002 3461 1071 κατακεκλεισμένον.
3483 1002 3557 1064 Τίς
3578 1003 3600 1052 ὁ
3622 1003 3823 1071 καθείρξα

2416 1099 2610 1162 adadv;
2642 1099 2670 1150 ὁ
2707 1097 2768 1150 τὸ
2819 1096 3012 1168 μικρὸν
3059 1095 3416 1165 δεσμωτήριον
3449 1093 3510 1163 τῷ
3547 1093 3719 1164 μεγάλῳ
3756 1094 3824 1157 ζώι

2415 1190 2706 1258 ἐπινοήσας
2727 1206 2741 1254 ;
2766 1189 2848 1251 τίς
2871 1189 2899 1240 ὁ
2924 1190 2989 1259 τῇ
3017 1187 3296 1258 ἀραιότητι
3318 1186 3415 1238 τῶν
3439 1185 3660 1255 στημόνων
3679 1186 3824 1236 ἐκείνω

2413 1279 2521 1331 τῶν
2551 1279 2772 1344 ξυλίνων
2799 1278 2895 1348 τὴν
2923 1277 3194 1346 ἀναπνοὴν
3222 1276 3299 1346 τῷ
3332 1273 3823 1348 θηρίῳπαρασκενάσας

2412 1369 2487 1432 ὡς
2531 1369 2606 1440 μὴ
2647 1371 2935 1434 ἀποπνῖξαι
2982 1368 3112 1422 αὐτὸ
3156 1367 3231 1436 τῷ
3263 1367 3373 1436 ίδίῳ
3408 1366 3618 1436 ἄσθματι,
3646 1365 3756 1419 ἀλλά
3789 1384 3823 1418 κε

2414 1460 2687 1528 ἀναπνοὴν
2721 1458 3021 1528 ἐλευθέριον
3059 1456 3206 1525 αὑτῷ
3241 1455 3360 1518 δοὺς
3379 1497 3392 1518 ,
3422 1454 3500 1506 καὶ
3521 1454 3601 1524 τὴν
3625 1453 3824 1521 ἀσφάλεια

2413 1553 2859 1622 διοικησάμενος;
2893 1551 3020 1612 Τίς;
3053 1549 3186 1618 Οὐχὶ
3214 1546 3500 1618 ἀνθρωπος;
3523 1545 3708 1614 παίγνια
3730 1563 3824 1597 ποιε

2414 1660 2502 1696 ται
2532 1641 2640 1694 τῶν
2669 1640 2869 1710 θηρίων
2909 1640 2975 1691 τά
3003 1637 3381 1708 χαλεπώτατα·
3410 1636 3492 1689 οὒκ
3517 1635 3765 1698 ἀποπαίζει
3788 1638 3824 1687 τε

2414 1733 2767 1804 παρδάλεων,
2825 1733 2952 1783 ὅταν
2996 1730 3254 1801 ὑποτείνῃ
3307 1729 3492 1799 χάρτην
3535 1730 3600 1790 είς
3643 1728 3824 1798 ἀνθρωττ

2413 1825 2877 1895 ἐσχηματισμένον
2902 1839 2915 1886 ;
2943 1823 3033 1875 καὶ
3060 1824 3094 1891 ὴ
3129 1823 3243 1892 μὲν,
3277 1821 3363 1873 τὸν
3399 1821 3574 1890 χάρτην
3607 1819 3823 1888 ἐσπάραξε

2410 1920 2438 1969 ὁ
2461 1917 2516 1970 δὲ
2549 1917 2832 1986 ἄνθρωπος
2862 1915 3010 1966 κάτω
3046 1913 3312 1982 κείμενος,
3343 1911 3434 1980 τῆς
3457 1911 3610 1973 ἀνοίας
3628 1910 3706 1962 τοῦ
3731 1910 3819 1979 θηρ

2411 2007 2791 2076 κατεγέλασεν.
2829 2005 2902 2058 Οὐ
2935 2003 3216 2073 περιουσίᾳ
3251 2002 3453 2055 πάντων
3479 2003 3644 2070 κρατεῖ
3667 2002 3691 2052 ὁ
3716 2000 3824 2070 ἄνθρ

2412 2115 2539 2162 πος;
2584 2096 2706 2159 Πῶς
2741 2097 2876 2148 εἴπω
2919 2109 3001 2146 σοι
3043 2093 3170 2161 περὶ
3208 2091 3314 2143 τῶν
3361 2089 3668 2158 πετομένων;
3713 2090 3784 2140 ὅτι
3818 2107 3824 2132 ι

2412 2189 2683 2243 ἀναὸαίνει
2727 2188 2822 2256 μὲν
2847 2189 2876 2239 ὁ
2909 2185 3192 2254 ἄνθρωπος
3222 2183 3301 2244 είς
3335 2181 3419 2233 τὸν
3442 2181 3579 2250 ἀέρα·
3608 2179 3661 2232 οὐ
3685 2173 3786 2249 γὰρ’
3810 2181 3824 2230 ἒ

2411 2282 2614 2350 πτερά·
2649 2276 3092 2347 συμπαρίπταται
3121 2274 3177 2326 δὲ
3215 2273 3325 2334 τοῖς
3371 2273 3572 2341 πτηνοῖς
3605 2273 3662 2339 τῇ
3705 2269 3790 2322 τοῦ

2408 2374 2652 2440 δυνάμει.
2695 2369 2859 2423 Οὐδὲν
2897 2367 3114 2435 κατέχει
3164 2364 3252 2416 τὸν
3289 2361 3548 2432 λογισμόν.
3586 2362 3657 2413 Τὰ
3694 2363 3745 2414 ἐν
3791 2362 3823 2430 β·

2407 2463 2778 2532 διερευνᾶται,
2825 2457 2891 2520 τᾲ
2934 2456 3072 2526 ὑπὲρ
3106 2455 3210 2524 γῆς
3249 2453 3489 2523 θηρᾶται,
3529 2451 3590 2503 τά
3630 2452 3680 2502 ὲν
3722 2450 3824 2519 τῷι

2411 2549 2940 2622 προκαταλαμϐάνει.
3001 2543 3155 2610 Εἶδες
3217 2561 3343 2598 ποτε
3399 2545 3477 2596 ἐπ’
3537 2543 3696 2613 ἄκρου
3749 2542 3824 2594 κλί

2410 2643 2770 2712 καθεζόμενον
2827 2641 3010 2709 ὄρνεον
3075 2635 3388 2704 καταγελῶν
3452 2634 3552 2686 τῶν
3619 2633 3824 2702 ἀνθρὼτ

2409 2737 2632 2790 πέποιθε
2672 2735 2780 2805 γάρ
2820 2735 2885 2802 τῇ
2935 2731 3222 2798 κουφότητι
3262 2727 3355 2779 τοῦ
3401 2725 3622 2796 πτεροῦο
3661 2725 3767 2777 ἀλλ’
3797 2726 3824 2776 ὃ

2409 2833 2554 2885 ἔστιν
2616 2830 2742 2882 ἰδεῖν
2799 2825 2962 2879 παῖδα
3000 2807 3334 2890 ἀδολεσχεῖν,
3381 2821 3646 2890 καλάμους
3700 2819 3824 2872 καλὸ

2409 2919 2795 2978 ὑποϐάλλοντα,
2839 2916 2933 2968 καὶ
2967 2913 3106 2966 κατά
3138 2912 3198 2964 τὸ
3228 2911 3393 2981 ἀκρον
3422 2911 3525 2962 τῶν
3566 2908 3820 2978 καλάμων

1124 3006 1287 3067 atque
1356 2996 1410 3049 in
1480 2997 1678 3066 exiguo
1727 3004 1982 3050 contactu
2043 3006 2372 3096 superat,c
2407 3009 2738 3084 προσαρτήσε

2213 3006 2298 3062 την
2329 3036 2372 3096 c
2407 3009 2879 3084 προσαρτήσαντα,
2919 2998 3035 3054 εἶτα
3075 2999 3441 3060 λανθανόντως
3482 2999 3567 3050 διὰ
3609 2998 3715 3050 τῶν
3761 2997 3823 3050 κλ

2403 3108 2498 3162 καὶ
2539 3102 2645 3156 τῶν
2678 3097 2888 3167 φύλλων
2915 3093 3185 3162 κλέψαντα
3227 3091 3321 3144 τοῦ
3369 3089 3481 3156 ίξοῦ
3523 3089 3623 3160 τὴν
3654 3107 3822 3159 παρου

2401 3197 2492 3250 καὶ
2519 3184 3089 3259 ἀπομετεωριζόμενον
3116 3180 3176 3232 τὸ
3197 3179 3349 3250 ὖμμα
3376 3177 3472 3230 τοῦ
3497 3177 3687 3248 ὀρνέου
3713 3195 3820 3248 τηρ

2403 3285 2572 3358 μικρᾷ
2606 3277 2941 3351 προσψαύσει
2973 3273 3243 3344 ἐκράτησε
3285 3270 3345 3323 τὸ
3388 3268 3756 3341 ἀεροποροῦν,
3793 3286 3821 3320 τ

2401 3375 2495 3430 τοῦ
2529 3372 2744 3442 αἰθέρος
2781 3367 3078 3438 φερόμενον
3121 3362 3355 3434 πτηνὸν,
3385 3362 3612 3432 δέσμιον
3662 3359 3761 3431 ἰξῷ
3794 3362 3822 3427 ἦ

2402 3467 2570 3520 Κάτω
2596 3465 2769 3516 κεῖται
2793 3458 3096 3528 ἄνθρωπος,
3129 3455 3223 3509 καὶ
3248 3455 3279 3525 ἠ
3306 3455 3428 3524 χεὶρ
3462 3454 3644 3516 κάτω,
3677 3453 3793 3505 ἀλλ’
3819 3473 3821 3480 ·

2402 3574 2520 3610 νοια
2553 3551 2850 3614 ἀναϐαίνει,
2887 3549 2981 3602 καί
3009 3548 3097 3600 διὰ
3141 3548 3240 3616 τῆς
3283 3547 3482 3615 τέχνης
3536 3545 3746 3614 ἐφικτά
3795 3562 3822 3611 γ

2406 3647 2481 3717 τῷ
2509 3643 2780 3715 ἀνθρώπῳ
2811 3641 3005 3694 πάντα.
3036 3638 3235 3690 Δίκτυα
3267 3637 3486 3689 ἵσταται
3524 3638 3822 3706 πτερωτοὶ

2405 3737 2551 3803 ξὸται
2585 3735 2690 3788 τῶν
2727 3731 3036 3802 πετομένων
3076 3728 3589 3798 καταστοχάζονται
3614 3768 3632 3792 ,
3675 3727 3822 3781 δελεί

2403 3831 2634 3900 θηρᾶται
2668 3826 2737 3878 τὰ
2764 3822 3193 3894 λαιμαργότερα.
3228 3821 3343 3873 Οὐκ
3381 3816 3534 3882 εἶδές
3569 3835 3714 3872 ποτε
3741 3823 3822 3872 κα

2405 3919 2617 3991 λάϐρως
2681 3915 2987 3986 ἐμπεσόντα
3059 3911 3363 3982 θηράματι,
3435 3904 3568 3962 εἶτα
3636 3927 3822 3981 περιτι

2403 4014 2522 4074 ταῖς
2552 4010 2704 4062 κάτω
2734 4008 2970 4073 πάγαις;
3015 4002 3203 4067 Οὕτως
3243 4004 3304 4057 τὸ
3349 4004 3576 4073 ὑψηλὸν
3619 4003 3790 4056 κάτω

2402 4105 2513 4166 τοῖς
2545 4099 2902 4172 ἀνθρωπίνοις
2943 4097 3303 4166 δελεάσμασιν
3337 4095 3651 4148 έλκυσθὲν.
3691 4096 3820 4149 Πάν

2403 4194 2500 4264 τὴν
2526 4195 2680 4263 χεῖρα
2710 4193 2882 4261 ἤγαγε
2909 4188 3001 4242 τοῦ
3030 4186 3338 4259 ἀνθρώπου,
3371 4187 3480 4240 καὶ
3505 4188 3620 4256 τὴν
3653 4187 3820 4239 κτίσι

2410 4300 2570 4353 ρωσε,
2595 4282 2687 4336 καὶ
2716 4281 2807 4332 τὸν
2831 4279 3114 4350 ἄνθρωπον
3141 4278 3367 4348 ἄμοιρον
3403 4279 3519 4348 τῆς
3563 4277 3819 4330 δεσποτε

2326 4366 2369 4421 D
2399 4375 2640 4442 ἐποίησε.
2666 4373 2757 4442 Μὴ
2781 4371 2961 4443 εἴπῃς,
2990 4371 3068 4423 Τὰ
3091 4371 3147 4422 ὲν
3168 4369 3244 4440 τῷ
3265 4370 3386 4439 ἀέρι
3418 4369 3748 4439 φερόμενα
3783 4385 3819 4418 τι

728 4461 1000 4532 διαφέρει;
1043 4463 1142 4514 Διά
1183 4461 1289 4531 γὰρ
1331 4459 1422 4513 τοῦ
1460 4457 1720 4530 λογισμοῦ
1769 4459 1992 4514 κάκεῖνά
2035 4478 2116 4513 σοι
2163 4463 2445 4536 ὑποχείρια
2483 4467 2708 4534 γίνεται.
2761 4483 2778 4514 ι
2812 4464 2922 4517 Καὶ
2964 4462 3072 4516 τῶν
3116 4461 3362 4532 ἑρπετῶν
3409 4461 3539 4514 τῶν
3606 4460 3818 4531 ἑρπόν-

729 4557 830 4624 τῆς
867 4555 988 4622 γῆς.
1019 4574 1038 4605 ι
1076 4555 1236 4624 Ὁρᾷς
1274 4553 1376 4608 ποῦ
1414 4555 1557 4624 ἔχεις
1595 4556 1657 4608 τὸ
1685 4559 1805 4611 κατ’
1846 4556 2030 4610 είκόνα
2055 4559 2379 4628 γεγενῆσθαι
2412 4559 2580 4625 Θεοῦ;

806 4663 824 4694 ι
863 4641 925 4694 Et
957 4642 1084 4696 fecit
1109 4642 1247 4696 Deus
1275 4643 1570 4698 hominem.
1605 4664 1622 4696 ι
1647 4644 1788 4709 Quid
1810 4646 1974 4715 igitur
1992 4653 2076 4701 est
2105 4647 2306 4702 homo?

733 4733 805 4786 Ex
837 4733 904 4786 iis
935 4747 1054 4799 qua:
1086 4731 1152 4783 de
1181 4730 1298 4798 ipso
1321 4734 1696 4801 cognovimus,
1729 4742 1783 4788 et
1818 4735 2150 4798 audivimus,
2180 4752 2302 4791 eum

731 4823 1074 4877 deliniamus.
1122 4820 1305 4889 Neque
1337 4825 1481 4878 enim
1511 4825 1623 4893 jam
1654 4840 1798 4895 opus
1846 4836 1950 4892 est,
1988 4835 2048 4880 ut
2094 4829 2306 4884 alienas

733 4910 1075 4964 deﬁnitiones
1097 4920 1425 4973 mutuemus,
1456 4927 1631 4982 neque
1663 4931 1754 4969 eas
1793 4915 1861 4969 ab
1895 4923 2120 4969 externa
2156 4917 2308 4970 vani-

733 5010 842 5056 tate
868 5008 1114 5068 sumptas
1146 5001 1199 5055 in
1228 5005 1472 5057 oratione
1497 5004 1740 5058 veritatis
1771 5004 2094 5057 inseramus.
2130 5003 2306 5060 llomo

733 5105 816 5150 est
865 5111 1001 5164 opus
1055 5093 1168 5159 Dei,
1229 5097 1439 5150 ratione
1489 5095 1794 5165 praeditum,
1853 5093 1918 5147 ad
1967 5094 2086 5164 ejus
2121 5109 2150 5146 a
2193 5111 2302 5165 quo

733 5195 974 5240 creatum
1009 5194 1112 5248 est,
1149 5186 1438 5256 imaginem
1473 5184 1692 5238 factum.
1734 5182 1789 5236 Si
1821 5186 1958 5253 quid
1981 5185 2217 5254 amplius
2247 5186 2299 5239 in

732 5276 834 5331 hac
895 5277 1210 5332 deﬁnitione
1263 5277 1627 5338 desideratur,
1684 5276 2031 5330 considerent
2087 5278 2144 5339 ii,
2207 5278 2300 5347 qui

730 5369 958 5423 multum
1006 5370 1057 5423 in
1096 5369 1317 5424 caducae
1368 5367 1646 5437 sapientiae
1691 5367 1884 5424 studiis
1919 5370 2298 5424 elaborarunt.

731 5459 810 5513 Ad
859 5459 1145 5530 imaginem
1192 5457 1284 5510 Dei
1331 5456 1510 5510 factus
1540 5465 1619 5510 cst
1652 5457 1829 5510 homo.
1873 5477 1889 5509 ι
1917 5456 1977 5511 Et
2019 5459 2297 5512 benedixit

732 5546 873 5599 Deus
923 5546 1150 5607 homini,
1194 5554 1248 5599 et
1300 5545 1407 5597 ait:
1439 5543 1700 5605 Crescite,
1743 5556 1794 5599 et
1840 5546 2294 5615 multiplicamini,

731 5641 784 5688 et
814 5635 1011 5703 replete
1052 5643 1270 5686 terram.
1309 5653 1324 5683 ι
1373 5631 1570 5685 Eodem
1616 5633 1773 5686 mod:
1823 5635 2092 5689 benedixit
2133 5637 2293 5689 etiam

2487 4667 2505 4698 ι
2546 4650 2655 4701 Καὶ
2690 4648 2944 4718 ἐποίησεν
2971 4649 3005 4700 ὸ
3041 4647 3173 4710 Θεὸς
3216 4646 3305 4700 τὸν
3352 4643 3734 4715 ἄνθρωπον.
3799 4663 3818 4694 ι

2407 4743 2554 4792 ἐστιν
2585 4739 2901 4809 ἀνθρωπος;
2935 4741 2992 4806 ὲξ
3034 4732 3108 4792 ὧν
3140 4738 3476 4806 ἀνέγνωμεν
3518 4737 3640 4789 καὶ
3689 4737 3765 4801 ἐξ
3808 4736 3819 4786 ὁ

2409 4845 2599 4897 σαμεν,
2633 4828 2945 4898 ὁρισόμεθα.
2983 4830 3179 4881 Οὐκέτι
3218 4827 3326 4897 γάρ
3372 4828 3542 4896 ἡμῖν
3599 4827 3806 4897 χρεία

2409 4921 2532 4973 σθαι
2563 4922 2718 4991 ὄρους
2760 4920 3094 4991 ἀλλοτρίους,
3123 4920 3241 4972 οὐδὲ
3281 4919 3352 4971 τὰ
3381 4921 3464 4971 ὲκ
3527 4919 3656 4990 τῆς
3705 4937 3818 4988 μα·

2406 5011 2719 5077 ἐπεισάγειν
2767 5009 2845 5080 τῷ
2895 5009 3140 5079 λογισμῷ
3180 5009 3280 5079 τῆς
3324 5008 3691 5078 ἀληθείας.
3757 5011 3818 5062 '1

2405 5099 2520 5151 ἐστι
2583 5099 2789 5169 ποίημα
2839 5098 2972 5152 Θεοῦ
3011 5099 3256 5166 λογικὸν,
3303 5101 3440 5151 κατ’
3493 5098 3743 5151 εἰκόνα
3812 5117 3818 5127 ι

2403 5188 2494 5240 τοῦ
2528 5189 2809 5252 κτίσαντος
2845 5189 3027 5243 αὐτόν.
3073 5189 3141 5242 Εἴ
3178 5207 3229 5242 τι
3261 5189 3466 5243 λείπει
3527 5189 3636 5260 τῷ
3677 5190 3808 5257 λόγ

2402 5279 2454 5330 οἱ
2508 5279 2674 5332 πολλά
2707 5280 3222 5350 προσαναλώσαντες
3267 5284 3334 5352 τῇ
3369 5280 3743 5351 ἀναλήψει
3810 5301 3817 5313 ·

2407 5367 2637 5438 ρομένης
2671 5369 2860 5438 σοφίας
2904 5369 3380 5438 ἐπισκεψάτωσαν.
3452 5372 3649 5423 Κατ’
3711 5372 3815 5423 εἰ)

2403 5460 2625 5528 γέγονεν
2659 5461 2962 5532 ἄνθρωπος.
3004 5481 3022 5512 ι
3061 5463 3171 5514 Καὶ
3213 5462 3566 5532 εὐλόγησεν
3613 5464 3654 5516 ὁ
3699 5462 3817 5516 Bai

2405 5548 2636 5619 θρωπον,
2669 5551 2762 5603 καὶ
2807 5547 2978 5615 εἶπεν,
3025 5550 3332 5616 Αὺξάνεσθε
3376 5552 3513 5605 καὶ
3554 5550 3814 5621 πληού

2407 5640 2723 5711 πληρώσατε
2749 5644 2844 5712 τὴν
2871 5643 2991 5713 γῆν.
3025 5643 3222 5716 ΓΛῦτη
3256 5646 3288 5714 ἡ
3324 5644 3588 5714 ίχούων
3624 5644 3811 5697 εὺλο
