4088 6210
336 137 435 194 269

1073 131 1140 187 IN
1169 130 1423 196 VERBA,
1465 131 1845 186 FACIAHUS
1884 130 2268 194 HOMINEM,
2309 129 2485 196 ETC.,
2527 129 2796 186 ORATJ.

3489 126 3593 180 270

334 247 486 305 εἶπεν
511 249 541 302 ό
574 245 730 307 Θεόςο
777 245 1124 313 Ἑξαγαγέτω
1163 246 1233 300 τὰ
1277 245 1443 300 ὕδατα
1492 247 1698 316 ἑρπετὰ
1736 246 1922 317 ψυχῶν

2026 243 2407 315 ρίεοίὺυε.‹Ει
2439 243 2575 298 dixit
2620 242 2796 296 Deus:
2826 238 3138 295 Froducant
3179 251 3334 308 aquae
3381 239 3593 304 rcptilia

335 340 548 406 ζωσῶν,
587 339 683 391 καὶ
723 330 1175 404 ὲγένετοόὓτως.
1224 334 1354 391 Εἶτα
1383 339 1476 392 καὶ
1518 333 1670 390 εἶπεν
1703 339 1730 391 ὁ
1755 338 1908 403 Θεὸς,

332 428 663 496 Δύξάνεσθε,
704 428 799 482 καὶ
821 427 1180 498 πληθύνεσθε,
1221 430 1316 484 καὶ
1346 429 1668 500 πληρώσατε
1697 429 1765 482 τὰ
1791 429 1914 482 ’ὐδαι

335 540 421 575 τα.
460 541 479 572 ι
525 521 592 573 Τί
636 515 730 573 οὖν
772 519 1066 588 περισσόν;
1117 521 1452 588 Ἀναγκαίως
1498 520 1670 573 ταῦτα
1705 521 1798 573 καὶ
1845 522 1914 576 τά

337 612 492 665 κοινά
529 629 614 664 σοι
656 610 970 682 ἐχαρίσατο,
1014 611 1202 664 καὶτὰ
1240 611 1350 665 ἴδιά
1388 628 1446 664 σε
1494 611 1772 682 ἀναμένει.
1805 613 1914 665 Αὐ-

339 704 472 774 ξάνῃ
514 702 628 772 γὰρ
675 703 750 765 ὡς
794 703 889 755 καὶ
933 703 1001 756 τὰ
1045 702 1206 756 λοιπὰ
1240 703 1390 767 ζῶα,
1425 704 1532 756 ἀπὸ
1582 703 1779 774 μικροῦ
1820 703 1914 756 τοῦ

339 790 561 860 πρώτου
595 793 715 854 ταῖς
755 791 875 844 κατ’
921 789 1099 858 ὀλίγον
1139 791 1477 862 προσθήκαις
1516 792 1609 844 ἐπὶ
1639 791 1916 844 τελείωσιν

336 882 495 952 ἔρχῃ.
545 881 707 934 Οὕτω
739 882 835 934 καὶ
877 881 1033 935 ἵπποι
1089 883 1184 935 καὶ
1223 881 1382 945 κύνες
1404 899 1417 914 ·
1453 881 1594 936 οὓτω
1635 885 1730 937 καὶ
1771 883 1918 936 ἀετοὶ

336 975 430 1028 καὶ
459 973 688 1026 κύκνοι⁹
743 973 838 1027 καὶ
889 973 1069 1027 πάντα
1110 974 1254 1043 ἆπερ
1287 973 1354 1027 ἂν
1386 975 1676 1047 είπῃς,διὰ
1717 978 1918 1046 μικρᾶς

335 1065 433 1132 τῆς
471 1064 703 1136 πρώτης
749 1065 997 1133 κυήσεως
1037 1067 1102 1134 τῇ
1155 1066 1273 1117 κατ’
1315 1065 1494 1133 ὀλίγον
1539 1067 1822 1140 προσθήκῃ
1857 1067 1918 1121 τὸ

336 1157 546 1209 τέλειον
593 1156 694 1226 τῆς
743 1157 1024 1225 αὐξήσεως
1066 1156 1445 1223 ἀπολαϐόντα,
1492 1160 1653 1214 πάλιν
1698 1160 1784 1213 διὰ
1820 1162 1919 1230 τῆς

340 1245 626 1316 μειώσεως
673 1245 810 1316 πρὸς
859 1245 919 1297 τὸ
961 1245 1180 1300 ἔλαττον
1230 1249 1582 1320 ὑποστρέφει.
1639 1251 1705 1302 *Α
1741 1251 1918 1305 τοίνυν

339 1335 497 1387 κοινὰ
537 1335 639 1404 τῆς
674 1335 890 1402 φύσεως
936 1331 1024 1406 ἦν,
1067 1339 1160 1391 καὶ
1210 1341 1344 1408 ἡμῖν
1375 1341 1703 1411 ἐδωρήσατο.
1741 1361 1759 1393 ι
1810 1342 1918 1394 Αὐ-

337 1424 592 1488 ξάνεσθε,
633 1443 650 1474 ι
682 1425 962 1490 τουτέστι,
1017 1427 1303 1499 τρέψεσθε,
1341 1433 1528 1500 μικροὶ
1567 1433 1915 1503 γεννώμενοι,

336 1515 572 1584 μεγάλοι
603 1515 842 1582 γίνεσθε,
878 1518 971 1570 καὶ
1008 1518 1180 1589 πέρας
1210 1518 1350 1573 ἔστω
1381 1521 1479 1591 τῆς
1507 1520 1806 1593 αὐξήσεως.
1843 1507 1926 1577 Οὐ

2027 335 2334 388 animarum
2360 333 2679 400 viventium,
2699 341 2755 387 et
2777 331 2980 386 factum
3005 338 3090 386 est
3117 331 3214 384 ita.
3243 327 3310 381 Et
3330 331 3405 382 ait
3427 328 3593 383 Deus:

2011 424 2278 490 Crescite,
2308 432 2360 478 et
2392 423 2849 493 multiplicamini,
2883 429 2936 476 et
2967 421 3168 490 replete
3188 439 3373 494 aquas.
3398 442 3418 476 ο
3446 418 3592 486 Quid

2015 515 2198 587 igitur,
2237 515 2473 585 inquies,
2519 515 2751 584 amplius
2780 521 2865 570 est
2895 512 3062 567 mihi?
3093 511 3413 570 Necessario
3455 513 3592 578 lucc,

2013 621 2136 675 quae
2176 604 2599 660 communicavit
2643 605 2806 659 etiam
2859 605 2980 668 tibi,
3037 614 3091 659 et
3131 604 3235 657 alia
3281 605 3498 672 propria
3545 614 3597 657 te

2015 704 2237 750 manent
2283 710 2530 749 munera.
2560 694 2782 750 Crescis
2829 694 2996 757 enim,
3033 694 3487 764 quemadmodum
3541 703 3597 749 et

2017 789 2230 858 reliqua
2289 788 2567 853 animalia,
2619 797 2672 842 et
2713 786 2974 857 paulatim
3022 801 3120 856 per
3149 785 3481 840 incrementa
3528 801 3595 840 ex

2017 893 2184 948 parva
2215 879 2282 934 ad
2309 879 2517 948 justam
2562 877 2972 949 perfectamque
3008 876 3440 946 magnitudinem
3474 890 3597 945 per-

2017 972 2190 1026 venis.
2248 970 2340 1027 Sic
2390 981 2445 1028 et
2492 973 2642 1042 equi,
2697 977 2750 1026 et
2803 985 2990 1034 canes,
3051 971 3132 1025 sic
3173 975 3224 1024 et
3282 969 3501 1038 aquilae,
3540 975 3628 1022 et\

2020 1064 2198 1133 cycni,
2242 1072 2296 1117 et
2325 1072 2521 1118 caetera
2565 1063 2865 1117 animantia
2905 1061 3144 1116 eduntur
3175 1061 3423 1130 parvula,
3464 1073 3598 1129 pau-

2017 1153 2279 1223 latimque
2329 1170 2425 1224 per
2468 1154 2720 1210 assiduas
2772 1153 3118 1208 accessiones
3168 1153 3235 1204 ad
3283 1151 3595 1206 absolutum

2017 1244 2340 1313 perveniunt
2389 1237 2776 1313 augmentum,
2838 1257 3166 1311 rursumque
3219 1241 3476 1310 paulatim
3528 1239 3596 1292 ad

2017 1335 2286 1390 minorem
2341 1336 2536 1388 molem
2579 1342 2952 1389 revertuntur.
3002 1332 3133 1398 Qua:
3179 1333 3342 1402 igitur
3390 1340 3599 1384 natura:

2019 1421 2328 1475 communia
2364 1430 2512 1484 sunt,
2544 1437 2606 1477 ea
2636 1423 2862 1494 largitus
2905 1429 2987 1476 est
3013 1422 3177 1475 etiam
3210 1420 3389 1475 nobis.
3423 1438 3442 1469 ι
3467 1419 3600 1474 Cre-

2017 1511 2177 1576 scite,
2205 1531 2223 1563 ›
2258 1512 2310 1566 id
2340 1521 2442 1577 est,
2475 1513 2814 1575 enutrimini,
2846 1521 2899 1566 et
2927 1527 3051 1566 cum
3080 1512 3229 1581 parvi
3253 1511 3419 1582 geniti
3452 1510 3595 1573 sitis,

337 1605 446 1673 γάρ
479 1603 673 1672 ἐπειδὴ
715 1606 771 1656 ὲν
815 1607 879 1675 τῇ
935 1606 1124 1679 πρώτῃ
1167 1609 1427 1680 έπταετίᾳ
1458 1612 1796 1682 τρεφόμεθα,
1826 1614 1920 1667 καὶ

2026 1604 2204 1673 magni
2235 1603 2466 1666 evadile,
2497 1613 2555 1686 et
2602 1604 2921 1658 incrementi
2954 1604 3024 1657 sit
3063 1603 3350 1657 terminus.
3413 1600 3599 1669 Neque

336 1693 613 1764 λαμϐάνει
645 1696 790 1763 ἡμᾶς
829 1695 1214 1766 μεθηλικίωσις
1245 1701 1338 1752 ἐπὶ
1369 1700 1464 1772 τὴν
1493 1701 1749 1773 δευτέραν
1782 1703 1921 1757 ἑϐδο-

343 1784 487 1853 μάδα
513 1783 624 1835 τῶν
651 1783 807 1848 ἐτῶν,
827 1785 927 1854 ήδη
954 1785 1240 1857 ὀφείλομεν
1265 1789 1465 1859 ὁμοίως
1489 1791 1546 1842 ὲν
1577 1793 1738 1844 παντὶ
1764 1793 1919 1863 μέρει

337 1877 442 1945 τῆς
491 1876 644 1944 ζωῆς
691 1876 790 1945 τῆς
837 1877 1141 1948 ἡμετέρας,
1181 1880 1302 1933 καθ’
1352 1881 1648 1952 ἑϐδομάδας
1705 1886 1922 1956 μεθηλι-

343 1966 619 2020 κιοῦσθαι,
666 1969 733 2019 Ἠ
766 1965 956 2039 πρώτη
995 1969 1228 2041 ἑϐδομὰς
1267 1972 1368 2043 τὴν
1415 1975 1666 2047 παιδικὴν
1710 1978 1922 2047 ἠλικίαν

341 2060 474 2128 ἔχει.
548 2061 706 2132 Ὀροι
757 2059 855 2130 τῆς
899 2062 1154 2134 παιδικῆς
1197 2063 1410 2134 ἡλικίας
1454 2069 1772 2140 φανεροὶ,ἡ
1814 2069 1922 2125 τῶν

336 2148 572 2201 ὀδόντων
607 2149 903 2218 μεταϐολή.
941 2152 1002 2202 Οἱ
1035 2152 1132 2222 μὲν
1169 2153 1362 2207 έπεσον
1384 2172 1395 2184 ·
1424 2157 1474 2208 οἱ
1498 2157 1554 2211 δὲ
1580 2159 1918 2230 ὐπεφύησαν.

345 2242 615 2310 Δευτέραν
643 2239 833 2292 ἔλαϐεν
857 2242 1030 2312 ἀρχὴν
1053 2244 1300 2316 αὔξησις,
1325 2249 1406 2310 είς
1429 2249 1498 2302 τὰ
1525 2250 1650 2322 τέλη
1679 2252 1777 2323 τῆς
1801 2270 1924 2306 τεσ-

348 2331 874 2402 σαρεσκαιδεκάτης,
911 2335 942 2402 ή
987 2332 1210 2403 δευτέρα
1249 2334 1434 2392 λοιπον
1480 2339 1650 2407 ἡτῶν
1696 2341 1919 2394 παίδων.

345 2423 573 2495 Πρῶτον
609 2425 719 2494 γὰρ
760 2424 1002 2488 παιδίον,
1049 2421 1168 2479 εἶτα
1203 2431 1331 2491 παῖς
1352 2470 1366 2494 ,
1393 2425 1509 2483 εἶτα
1550 2431 1777 2502 ἔφηϐος,
1805 2429 1922 2487 εἶτα

347 2514 485 2582 ἀνὴρ
515 2513 626 2565 ἀπὸ
653 2515 1323 2583 τεσσαρεσκαιδεκαέτους,
1356 2519 1586 2573 ἐνταῦθα
1611 2523 1660 2574 oi
1687 2524 1803 2593 ὅροι
1825 2525 1923 2595 τῆς

345 2600 538 2669 τρίτης
564 2599 864 2669 αὐξήσεως.
899 2601 1204 2665 Λύξάνεσθε
1231 2601 1353 2658 οὖν·
1391 2609 1490 2661 οὐκ
1510 2610 1609 2673 ,ἐάν
1636 2613 1766 2682 γένῃ
1796 2615 1924 2666 lixa.-

347 2691 437 2744 τὸν
474 2691 635 2756 ἐτῶν,
677 2691 786 2744 ἀπὸ
835 2692 1051 2764 πρώτου
1095 2697 1172 2760 είς
1213 2699 1501 2754 ἑκατοστὸν
1543 2702 1659 2767 ἔτος
1700 2705 1924 2778 αὔξησιν

348 2787 595 2858 ἐπιδέχῃ,
627 2787 763 2840 ἀλλὰ
792 2788 948 2842 τοῦτο
989 2789 1051 2842 τὸ
1085 2810 1102 2842 ι
1148 2791 1439 2857 αὐξάνεσθε
1479 2811 1497 2844 ι
1555 2792 1612 2845 ἓν
1653 2794 1803 2864 ρἧα
1839 2811 1926 2848 σο-

347 2878 460 2946 φῶς
511 2877 704 2947 λεχθὲν
753 2881 1125 2950 προνοητικῶς
1175 2883 1556 2952 οἰκονομεῖται.
1618 2883 1922 2949 Αὐξάνεσθε

347 2969 511 3040 μέχρι
562 2969 708 3031 τινός
733 2986 746 2998 ο
806 2968 918 3020 ἀλλ’
960 2973 1019 3024 οὐ
1064 2971 1237 3042 μέτρα
1274 2973 1373 3042 τῆς
1420 2972 1715 3042 αὐξήσεως.
1772 2972 1924 3027 Κατὰ

345 3060 442 3130 τήν
470 3058 699 3129 πρώτην
742 3060 998 3113 σύστασιν
1027 3061 1125 3132 τὴν
1160 3061 1592 3132 καταϐληθεῖσαν
1624 3065 1682 3116 ὲν
1723 3067 1788 3135 τῇ
1823 3066 1927 3134 μή-

345 3168 468 3222 τρᾳ,
515 3152 928 3224 κατεϐλήθησαν
965 3154 1057 3205 καὶ
1105 3156 1151 3206 oi
1197 3153 1344 3222 λόγοι
1380 3154 1477 3224 τῆς
1510 3155 1808 3226 αὐξήσεως.
1851 3158 1923 3209 Οὐ

345 3241 458 3311 γάρ
494 3241 633 3311 μετὰ
657 3241 833 3295 ταῦτα
867 3242 1125 3311 νεώτερόν
1159 3244 1276 3296 ἐστι
1307 3243 1369 3296 τὸ
1401 3244 1646 3315 χάρισμα
1677 3245 1778 3315 τῆς
1806 3244 1924 3315 ήλι-

347 3330 474 3392 κίας
501 3330 914 3400 ἐπιγενόμενον,
945 3329 1060 3382 ἀλλ’
1091 3331 1148 3382 ai
1183 3329 1432 3402 μητρῷαι
1471 3331 1767 3386 καταϐολαὶ.
1796 3349 1929 3400 συγ-

348 3422 835 3491 καταϐεϐλημένας
887 3423 1066 3490 έχουσι
1117 3421 1214 3485 τὰς
1275 3422 1410 3493 πρὸς
1460 3423 1519 3476 τὸ
1607 3423 1928 3490 αὐξάνεσθαι

353 3513 818 3585 ἐπιτηδειότητας.
876 3513 1116 3565 Ἔπεσαν
1167 3515 1217 3565 oi
1272 3513 1514 3578 ὀδόντες,
1561 3514 1805 3586 ἔγνωμεν
1844 3517 1927 3569 ὃτι

355 3606 562 3676 ηὐῇθη
592 3605 750 3658 τόσον
783 3605 997 3674 μέτρον.
1032 3604 1250 3676 Τριετὲς
1278 3604 1340 3657 τὸ
1377 3605 1585 3659 παιδίον
1624 3607 1927 3678 ἐμέτρησεν

352 3701 379 3750 ὁ
431 3699 654 3768 πατήρο
700 3693 838 3749 οἶδεν
888 3696 1068 3749 ὅτιτύ
1119 3697 1397 3750 διπλάσιον
1453 3697 1643 3752 τούτου
1700 3700 1927 3769 μέγεθος

355 3790 692 3860 ἀπολήψεται
724 3790 783 3840 ὲν
819 3791 885 3858 τῇ
923 3787 1216 3842 τελειώσει.
1249 3791 1410 3843 Ὅσον
1441 3791 1548 3858 γὰρ
1598 3793 1655 3843 ὲν
1693 3794 1757 3862 τῇ
1807 3809 1928 3862 τρι-

357 3881 488 3950 ετίᾳ,
533 3881 616 3942 δὶς
649 3878 905 3942 τοσοῦτος
933 3879 1109 3944 ἔσται,
1139 3881 1172 3950 ἢ
1220 3882 1380 3935 πάλιν
1409 3882 1660 3946 τοσοῦτος
1691 3881 1842 3936 ἔσται
1870 3885 1927 3936 έν

357 3975 418 4042 τῇ
457 3969 854 4041 συμπληρώσει
902 3971 1000 4041 τῆς
1046 3973 1348 4042 αὐξήσεως.
1402 3973 1572 4027 Τοῦτο
1619 3973 1680 4026 τὸ
1731 3974 1926 4044 μέτρον

355 4066 448 4135 τῆς
475 4064 828 4135 ἀνθρωπίνης
851 4063 1064 4131 φύσεως
1092 4065 1251 4134 μέχρι
1282 4064 1536 4135 πέρατος,
1567 4065 1758 4135 μέχρις
1777 4065 1939 4135 ὅρου,-

355 4156 462 4208 dab
500 4156 600 4224 τῆς
641 4153 933 4223 ἑϐδομάδος
974 4155 1071 4224 τῆς
1119 4155 1343 4224 πρώτης
1383 4155 1474 4208 ἐπὶ
1512 4155 1609 4225 τὴν
1647 4155 1924 4226 δευτέραν.

373 4243 514 4295 Ἐκεῖ
541 4243 729 4294 λοιπὸν
773 4245 805 4311 ἡ
851 4242 1118 4314 θερμότης
1158 4243 1378 4308 πλείων,
1425 4246 1456 4315 ή
1502 4246 1788 4310 διάπλασις
1830 4244 1925 4300 τοῦ

353 4333 609 4401 σώματος
635 4334 670 4402 ή
691 4335 1008 4404 ἀραιοτέρα,
1035 4335 1067 4402 ἡ
1086 4334 1320 4405 ὑγρότης
1341 4335 1626 4401 ἐπιλείπει,
1651 4336 1932 4408 κραταιοῦ-

345 4442 448 4477 ται
499 4427 563 4479 τά
609 4426 769 4495 μέλη,
811 4426 869 4476 ἐν
918 4426 1058 4496 ἀρχῇ
1108 4426 1216 4478 τών
1269 4428 1629 4498 ἰσχυροτέρων
1673 4431 1778 4482 είσὶ
1823 4430 1930 4482 τῶν

344 4516 631 4583 ἐφηλίκων
657 4518 706 4568 οἱ
734 4514 1037 4584 ἄνθρωποι,
1071 4516 1224 4569 οὐπω
1253 4518 1353 4587 μὲν
1377 4519 1436 4570 τὸ
1461 4519 1666 4572 τέλειον
1697 4519 1928 4589 ἔχοντες.

341 4605 650 4676 Νεοπαγὴς
677 4607 788 4676 γὰρ
830 4607 1010 4659 αὐτῶν
1043 4609 1074 4676 ή
1118 4607 1251 4677 σάρξ
1290 4609 1390 4672 ἔτι,
1432 4610 1523 4662 καὶ
1558 4611 1692 4680 πρὸς
1738 4612 1934 4675 πόνους

340 4697 718 4766 raptam-40');
748 4697 1117 4768 ἀνεπιτηδεία.
1143 4699 1215 4750 Τὸ
1243 4699 1340 4768 μὲν
1359 4699 1572 4770 Δκοῦφον
1601 4702 1695 4754 καὶ
1718 4703 1934 4772 εὐκίνη-

332 4803 453 4838 τον
491 4787 720 4840 ἀπέλαϐε
767 4788 953 4840 λοιπον
1007 4788 1066 4840 τὺ
1110 4788 1266 4852 ζῶον.
1334 4791 1422 4843 Ἐν
1455 4792 1510 4844 δὲ
1550 4793 1707 4864 τρίτῃ
1751 4793 1934 4847 λοιπὸν

331 4876 632 4943 ἐεδομάδι,
681 4879 741 4931 τὸ
785 4879 988 4932 τέλειον
1046 4881 1144 4950 τῆς
1201 4881 1482 4950 αὐξήσεως
1533 4885 1929 4954 ἀπολαμϐάνει.

328 4970 558 5021 Οὐκέτι
576 4969 630 5022 δὲ
655 4973 732 5032 εἰς
759 4971 933 5039 μῆκος
962 4971 1361 5040 ήδιανάστασις
1380 4974 1474 5026 τοῦ
1500 4974 1768 5044 σώματος,
1797 4978 1933 5045 μετὰ

323 5057 460 5125 τὴν
501 5056 680 5127 τρίτην
717 5059 1001 5131 ἑϐδομάδα.
1053 5060 1301 5116 Ἐπειδὰν
1325 5062 1381 5114 δὲ
1415 5064 1724 5135 ἀναπνεύσῃ
1760 5069 1792 5136 ή
1834 5066 1934 5134 φύο

331 5165 442 5208 σις
483 5148 579 5199 τῶν
606 5150 863 5218 καμάτων
898 5156 994 5226 τῆς
1020 5156 1115 5210 ἐπὶ
1145 5155 1204 5208 τὸ
1238 5153 1352 5207 ἄνω
1383 5154 1681 5226 αὐξήσεως,
1710 5159 1934 5228 ἄρχεται

327 5240 547 5292 λοιπὸν
587 5244 661 5303 εἰς
704 5243 769 5295 τά
811 5246 975 5325 πλάτη
1015 5248 1355 5309 διαϐαίνειν,
1385 5247 1478 5298 καὶ
1518 5249 1680 5301 οίονεὶ
1723 5249 1936 5319 περιθε-

337 5330 584 5400 μελιοῦν
609 5333 672 5385 τὰ
698 5335 975 5418 ὐψωθέντα,
1007 5351 1105 5405 καὶ
1143 5345 1334 5413 πάσχῃ
1367 5340 1550 5402 αὐτοῖς
1580 5341 1932 5408 περιτιθέναι,

334 5423 453 5475 καὶ
510 5428 732 5496 καρτερὰ
776 5445 925 5504 ποιεῖν
972 5446 1068 5507 τοῦ
1117 5439 1390 5513 σώματος
1431 5431 1494 5484 τὰ
1547 5433 1702 5502 μέλη.
1754 5434 1935 5487 Ταῦτα

347 5512 517 5560 ποιεῖ
541 5510 632 5576 μὲν
657 5515 683 5582 ἡ
709 5517 844 5596 φύσις
863 5548 996 5606 κατὰ
1019 5543 1128 5616 τὴν
1159 5510 1381 5594 έάυῖἧς
1409 5520 1746 5576 ἀκολουθίαν.
1789 5523 1924 5590 Ἐγέ-

2039 5534 2312 5588 creantur,
2341 5526 2406 5578 ad
2441 5527 2599 5581 {luent
2636 5542 2808 5596 usque
2839 5527 3203 5597 progreditur.

1952 2925 1994 2985 C

2022 1695 2166 1749 enim
2208 1696 2466 1764 quoniam
2510 1695 2566 1748 in
2595 1696 2770 1763 primo
2799 1695 3081 1764 septennio
3113 1695 3185 1747 ita
3224 1695 3504 1755 vertimur,
3542 1704 3601 1745 ut

2024 1785 2195 1838 altero
2231 1784 2520 1854 septennio
2557 1785 2607 1837 in
2656 1783 2816 1836 aliam
2856 1793 3067 1837 aetatem
3114 1785 3484 1846 immutemnr,
3517 1783 3599 1836 sie

2023 1873 2078 1926 in
2117 1873 2268 1927 omni
2303 1875 2411 1926 vita
2461 1874 2724 1928 debemus
2756 1889 2851 1942 per
2899 1874 3180 1943 septennia
3219 1873 3288 1926 de
3339 1881 3498 1926 aetate
3541 1873 3599 1947 in

2021 1971 2234 2018 aetatem
2269 1966 2617 2017 commutari.
2663 1963 2904 2017 Primum
2956 1965 3296 2032 septennium
3335 1964 3598 2032 puerilem

2023 2063 2236 2110 aetatem
2296 2057 2559 2117 continet,
2619 2036 2779 2124 cujus
2827 2056 3005 2110 anatis
3057 2055 3346 2109 terminum
3396 2055 3600 2107 indicat

2024 2147 2266 2201 dentium
2314 2147 2644 2210 immutatio,
2711 2161 2836 2200 cum
2898 2148 2953 2200 in
3017 2147 3195 2201 locmn
3249 2160 3438 2200 eorum
3503 2145 3598 2214 qui

2025 2239 2356 2304 ceciderunt,
2404 2240 2494 2292 alii
2544 2249 2921 2294 succrescunt.
2973 2239 3215 2292 Alterum
3259 2252 3450 2292 rursus
3502 2251 3601 2288 au-

2023 2331 2226 2401 gmenti
2259 2330 2582 2400 principium
2632 2331 2691 2384 iit
2729 2331 2793 2383 ad
2839 2329 2996 2384 ﬁnem
3023 2345 3195 2398 usque
3232 2328 3357 2382 anni
3390 2328 3601 2397 quarti-

2025 2423 2241 2478 decimi.
2291 2424 2470 2493 Atque
2501 2425 2615 2478 haec
2647 2432 2732 2478 est
2760 2422 2996 2478 secanda
3038 2423 3091 2475 in
3134 2423 3316 2491 pueris
3346 2422 3600 2475 immuta-

2025 2514 2120 2568 tio.
2157 2512 2291 2568 Nam
2343 2515 2438 2584 qui
2495 2517 2732 2584 primum
2787 2523 2870 2568 est
2923 2513 3122 2574 infans,
3178 2524 3268 2567 aut
3312 2514 3595 2582 puerulus,

2025 2613 2140 2660 tum
2189 2607 2249 2658 iit
2292 2621 2447 2674 puer,
2482 2614 2604 2674 post
2631 2614 2811 2659 autem
2853 2605 3044 2672 puber.
3075 2620 3138 2657 ac
3177 2604 3373 2658 deinde
3405 2605 3504 2670 vir,
3545 2613 3600 2658 et

2026 2695 2114 2750 hic
2149 2697 2470 2751 incrementi
2497 2696 2714 2751 termini
2749 2696 3118 2765 przeﬁguntur.
3145 2695 3387 2749 Crescite
3412 2695 3598 2764 igitur,

2027 2805 2134 2842 non
2183 2789 2256 2842 ita
2303 2798 2506 2854 tamen,
2539 2799 2596 2843 ιιι
2625 2790 2670 2844 si
2719 2789 2844 2858 quis
2886 2799 3103 2844 centum
3134 2803 3400 2844 annorum
3433 2790 3598 2844 vitam

2028 2890 2372 2951 assequatur,
2419 2897 2448 2934 a
2495 2882 2670 2951 primo
2715 2897 2861 2935 anno
2914 2881 2979 2935 ad
3033 2883 3388 2936 centesimum
3427 2898 3602 2951 usque

2032 2985 2248 3049 semper
2294 2977 2640 3040 augmentum
2699 2971 2984 3040 suscipiat.
3038 2970 3109 3025 Ea
3170 2987 3296 3036 vox,
3333 2973 3602 3036 Crescite,

2032 3063 2308 3133 sapienter
2343 3062 2488 3116 dicta
2517 3061 2812 3132 prudenter
2839 3063 3058 3119 adhibet
3081 3064 3322 3118 modum.
3355 3063 3598 3138 Crescite

2033 3155 2099 3208 ad
2139 3155 2720 3216 certum.terminum,
2773 3169 2883 3208 non
2927 3156 3186 3208 continua
3235 3163 3606 3226 perpetuaque.

2033 3247 2303 3301 auctionis
2341 3261 2616 3302 mensura.
2665 3246 2775 3302 Pro
2806 3248 3017 3302 ratione
3052 3251 3196 3302 enim
3237 3250 3425 3318 primm
3458 3251 3604 3304 illius

2034 3339 2090 3394 in
2129 3349 2286 3394 utero
2316 3340 2746 3404 constitutionis,
2787 3341 3073 3396 crescendi
3099 3341 3316 3397 termini
3353 3344 3606 3412 pra-scri-

2034 3429 2112 3500 pti
2138 3437 2285 3486 sunt.
2319 3429 2393 3484 Ea
2418 3445 2652 3500 namque
2684 3432 3006 3485 constitutio
3039 3431 3450 3486 convenientem
3487 3449 3607 3487 cre-

2034 3519 2220 3572 scendi
2269 3517 2728 3587 opportunitatem
2765 3519 3112 3584 conjunctam
3169 3518 3350 3575 habet.
3408 3521 3605 3576 Dentes

2033 3609 2353 3664 exciderunt
2390 3630 2402 3664 :
2442 3610 2826 3681 cognoscimus
2857 3611 3177 3665 incrementi
3215 3619 3478 3680 quantum
3520 3629 3607 3666 ac-

2033 3702 2281 3756 cesserit.
2319 3699 2596 3766 Filiolum,
2621 3716 2743 3754 cum
2782 3702 3004 3756 tertium
3051 3703 3229 3756 artatis
3268 3719 3468 3756 annum
3504 3705 3606 3757 im-

2033 3791 2220 3860 plevit,
2273 3791 2496 3844 metitur
2546 3798 2718 3860 pater.
2762 3788 2934 3860 Dupio
2985 3791 3129 3844 enim
3189 3791 3381 3859 major,
3441 3808 3603 3861 quam

2036 3892 2165 3936 tunc
2210 3882 2302 3944 sit,
2341 3881 2554 3938 iuturus
2601 3890 2686 3937 est
2726 3881 2834 3944 ille,
2877 3897 3000 3936 cum
3044 3883 3149 3937 erit
3183 3885 3460 3952 perfectus
3498 3887 3604 3942 vir.

2035 3973 2191 4028 liune
2223 3973 2381 4028 habet
2413 3973 2653 4028 humana
2691 3983 2884 4028 natura
2929 3974 3216 4029 terminum
3259 3983 3422 4045 atque
3452 3993 3607 4030 men-

2035 4081 2242 4120 suram.
2300 4063 2355 4118 In
2407 4065 2581 4135 primo
2629 4066 2980 4134 secundoque
3026 4069 3306 4135 septennia
3360 4067 3603 4120 abundat

2035 4159 2354 4220 humiditas,
2390 4175 2515 4215 mox
2559 4160 2763 4220 deﬁcit,
2817 4158 3064 4212 caliditas
3106 4166 3306 4220 manet,
3357 4159 3598 4209 membra

1963 4273 2006 4328 ι)
2035 4251 2482 4313 corroborantur,
2519 4251 2571 4304 in
2612 4249 2879 4318 principio
2919 4246 3300 4300 imbecilliores
3334 4252 3461 4299 sunt
3503 4247 3599 4298 lto-

2035 4342 2230 4403 mines,
2277 4356 2399 4395 cum
2449 4341 2688 4395 nondum
2745 4338 2968 4409 perfecti
3017 4339 3146 4393 sint.
3185 4336 3408 4392 Recens
3453 4339 3597 4392 enim

2034 4435 2248 4488 illorum
2301 4447 2429 4487 caro
2479 4439 2762 4504 compacta
2813 4440 2916 4494 est,
2955 4446 3128 4499 eaque
3179 4430 3362 4484 minus
3405 4440 3489 4485 est
3535 4433 3599 4483 ad

2036 4522 2388 4591 perferendos
2435 4521 2652 4575 labores
2699 4521 2915 4574 idonea.
2972 4519 3268 4574 Levitatetn
3315 4521 3600 4586 duntaxat,

2034 4613 2440 4681 agilitatemque
2469 4621 2596 4666 tunc
2631 4612 2829 4666 animal
2870 4611 3183 4680 acquisivit.
3225 4610 3430 4682 Itaque,
3463 4627 3605 4681 quo-

2036 4704 2180 4756 niam
2232 4704 2284 4756 in
2334 4703 2498 4758 tertio
2553 4703 2838 4772 septennio
2894 4702 3202 4757 altitudinis
3255 4712 3604 4772 augmentum

2037 4792 2332 4866 perfectum
2389 4804 2494 4852 est.
2552 4795 2658 4847 lata
2703 4795 2959 4863 deinceps
3004 4794 3252 4862 corporis
3305 4795 3607 4863 amplitudo

2036 4895 2404 4950 comparatur.
2455 4884 2666 4940 Etenim
2715 4895 3065 4954 posteaquam
3134 4895 3326 4938 natura
3392 4900 3421 4937 a
3452 4883 3606 4938 labo-

2035 4977 2190 5033 ribus
2215 4978 2269 5030 in
2304 4978 2469 5030 altum
2505 4975 2735 5046 augendi
2771 4977 3079 5046 respiravit,
3122 4977 3173 5030 in
3214 4977 3378 5030 latum
3417 4977 3608 5044 incipit

2037 5071 2308 5141 progredi,
2361 5077 2415 5124 et
2445 5069 2657 5124 aedilicii
2705 5070 2789 5124 sui
2843 5070 3140 5140 fastigium,
3180 5079 3438 5138 tanquam
3482 5069 3606 5124 fun-

2035 5162 2304 5215 damentis
2333 5161 2627 5215 substratis
2661 5162 3038 5231 adattctisque,
3089 5161 3242 5216 fulcit
3275 5171 3436 5231 atque
3475 5177 3608 5216 con-

2041 5249 2237 5304 lirtnat.
2270 5250 2393 5332 ῥκίι
2425 5251 2536 5304 haec
2584 5251 2801 5320 quidem
2847 5252 2962 5320 ipsa
3014 5262 3202 5306 natura
3237 5254 3429 5320 ordine
3480 5267 3605 5309 suo.

2038 5342 2207 5408 Cujus
2254 5351 2436 5397 tamen
2475 5343 2685 5398 ordinis
2714 5345 2797 5398 vis
2838 5345 3035 5413 pendet
3081 5345 3148 5399 ab
3179 5346 3271 5398 illo
3303 5348 3477 5414 primo
3512 5342 3609 5398 Dei

2040 5433 2315 5496 mandato,
2355 5433 2499 5501 quod
2534 5435 2699 5489 semel
2749 5435 2952 5489 editum
2994 5451 3089 5506 per
3115 5437 3298 5488 omnia
3328 5448 3448 5537 qua:
3479 5451 3614 5506 pro-
