4088 6210
717 177 814 230 ττι

1944 172 2001 227 S.
2039 170 2367 228 GBEGOHII
2405 171 2700 229 NYSSENI
3699 176 3762 230 Eii

721 307 838 343 νετο
882 289 938 342 δὲ
984 287 1044 352 ἐξ
1087 288 1262 360 ἀρχῆς
1307 280 1686 360 προστάγματι
1725 289 2063 354 Δεσποτικῶ,
2104 288 2196 340 καὶ
2236 286 2355 339 τότε
2402 286 2628 358 λαληθὲν
2680 288 2768 342 διὰ
2822 288 3002 359 πάσης
3050 289 3275 351 κτίσεως
3329 287 3444 359 μέχρι
3477 287 3608 352 τέλους
3646 297 3762 362 χωρεί

728 401 743 430 ι
779 380 1085 446 Αὐξάνεσθε
1127 381 1218 434 καί
1250 379 1602 451 πληθύνεσθε.
1641 399 1659 432 ι

798 489 816 521 ι
854 471 1117 537 Crescite,
1159 490 1176 525 ι
1213 473 1413 543 inquit,
1447 489 1516 528 ne
1548 473 1602 528 in
1635 489 1742 528 uno
1789 488 2006 542 semper
2039 480 2179 528 statu
2211 487 2299 526 res
2329 477 2374 525 Α

2148 490 2179 527 ιι
2211 487 2299 526 res
2329 477 2374 525 Α
2475 489 2493 522 ι
2530 471 2854 536 Ᾱὺξάνεσθε,
2889 491 2909 525 ι
2945 472 3031 526 ἵνα
3063 473 3137 543 μὴ
3161 474 3218 525 ὲν
3243 472 3316 525 ἐνὶ
3337 471 3573 544 περιορισθῇ
3597 475 3624 544 ἡ
3644 474 3761 538 κτίσις

720 573 1122 631 permanerent.
1143 563 1244 616 Ett
1267 564 1730 634 multiplicamini,
1756 581 1774 615 ι
1803 580 1868 619 ne
1884 565 1937 619 in
1958 570 2298 620 unotantum

719 651 1103 716 consisterent,
1151 651 1246 706 sed
1298 667 1524 707 numero
1577 662 2024 723 propagarentur.
2070 671 2086 703 ι
2123 652 2300 705 Etre-

719 746 862 812 plete
898 752 1123 798 terram.
1161 763 1177 795 ι
1217 743 1460 814 lleplete,
1495 746 1742 814 inquam,
1774 759 1882 798 non
1914 745 2248 798 habitatione
2280 759 2293 795 :

719 835 882 890 nimis
920 833 1065 889 enim
1102 843 1331 904 anguste
1360 835 1702 904 degeremus,
1738 837 1781 890 si
1822 845 1932 890 tota
1975 850 2004 888 a
2035 835 2192 890 nobis
2223 835 2298 887 ita

717 933 860 978 terra
933 925 1297 993 compleretur
1333 945 1345 979 :
1383 925 1478 980 sed
1542 927 1812 996 imperio,
1891 937 1944 981 et
1990 933 2292 996 potestate,

718 1031 877 1083 quam
932 1017 1089 1070 nobis
1138 1017 1191 1069 in
1227 1017 1340 1085 ipsa
1379 1026 1520 1070 terra
1556 1017 1779 1073 donavit
1810 1018 1972 1074 Deus.
2022 1039 2039 1071 ι
2075 1018 2297 1086 Deplete

719 1117 940 1161 terram.
976 1127 994 1160 ι
1045 1107 1160 1162 Non
1195 1108 1382 1176 utique
1413 1123 1516 1177 qua
1550 1118 1704 1178 parte
1731 1110 1901 1166 nimio
1929 1111 2063 1167 solis
2101 1111 2296 1192 ardore

717 1201 1004 1255 combusta
1051 1207 1158 1263 est,
1195 1214 1293 1253 nec
1327 1200 1418 1253 ubi
1453 1201 1629 1269 glacie
1682 1201 2059 1272 immensoque
2096 1202 2296 1271 frigore

717 1291 981 1360 obriguit.
1045 1289 1154 1344 llas
1212 1290 1357 1345 enim
1420 1291 1707 1361 regiones,
1771 1308 1879 1347 non
1911 1294 2090 1362 coegit
2151 1293 2295 1348 Deus

719 1381 991 1444 homines,
1041 1389 1100 1435 ut
1135 1383 1435 1436 incolerent
1470 1400 1483 1436 :
1517 1384 1610 1438 sed
1665 1398 1766 1439 nos
1800 1383 2052 1438 dominos
2091 1385 2294 1439 consti-

720 1472 846 1535 tuit,
884 1480 940 1524 ut
967 1479 1167 1526 terram
1203 1488 1416 1526 onmem
1452 1472 1682 1542 imperio
1714 1475 2067 1543 repleremus.
2104 1473 2295 1530 Nonne

721 1562 994 1629 replemus
1027 1577 1170 1627 eam,
1215 1561 1435 1631 quando
1465 1563 1678 1616 ratione
1710 1561 2042 1617 dimetiendo
2091 1577 2295 1631 cogno-

720 1654 946 1718 scimus,
997 1664 1197 1721 quanta
1247 1655 1317 1707 sit
1357 1653 1477 1722 ejus
1510 1669 1638 1723 pars
1669 1654 1853 1708 calore
1897 1663 2090 1708 exusta
2134 1666 2295 1724 atque

719 1744 1114 1806 inhabitabilis,
1156 1753 1470 1814 quantaque
1508 1744 1574 1798 ad
1617 1745 1838 1798 boream
1870 1746 2137 1815 exposita,
2174 1761 2292 1815 qua:

719 1841 943 1901 propter
998 1834 1256 1904 frigorum
1313 1834 1419 1887 vim
1468 1833 1692 1889 inutilis
1757 1843 1860 1896 est,
1922 1845 1992 1889 et‘
2025 1837 2124 1890 coli
2186 1838 2290 1890 nori

719 1928 896 1987 potest
928 1941 940 1975 :
979 1937 1161 1976 nonne
1192 1932 1399 1977 terram
1431 1923 1802 1992 replevimus?
1833 1921 2027 1978 Nonne
2056 1925 2203 1994 quod
2239 1926 2290 1979 in

715 2025 776 2062 ea
817 2013 949 2066 utile
977 2020 1118 2074 erat,
1151 2013 1436 2081 elegimus,
1471 2015 1616 2083 quod
1649 2022 1830 2068 autem
1881 2014 1949 2068 ad
1984 2017 2291 2085 transigen-

715 2097 840 2152 dam
868 2101 1032 2153 vitam
1072 2100 1284 2166 inutile,
1318 2102 1661 2170 abjccimus?
1706 2103 1965 2168 Dicendo,
2002 2123 2022 2155 ι
2075 2104 2294 2175 Replete

717 2205 943 2257 terram,
983 2210 1001 2243 ›
1035 2207 1134 2247 nos
1160 2199 1321 2247 teme
1351 2192 1601 2250 dominos
1635 2195 1924 2252 constituit
1965 2195 2126 2251 Deus.
2160 2195 2290 2260 Nec,

715 2285 844 2353 quia
877 2283 1144 2339 universa:
1176 2298 1336 2337 usum
1369 2298 1478 2338 non
1502 2285 1788 2351 habemus,
1817 2285 1940 2339 ideo
1969 2301 2077 2340 non
2104 2301 2292 2341 sumus

719 2375 869 2429 illius
927 2375 1153 2428 domini.
1217 2373 1402 2444 Neque
1456 2383 1516 2429 tu
1571 2376 1741 2432 totius
1800 2375 2096 2441 frumenti,
2147 2378 2291 2447 quod

713 2465 926 2528 emisti,
984 2464 1191 2520 idcirco
1236 2480 1345 2519 non
1396 2481 1455 2520 es
1516 2466 1789 2531 dominus,
1851 2471 2110 2540 quoniam
2166 2485 2291 2539 pars

711 2559 833 2626 ejus
859 2565 943 2612 est
979 2557 1042 2610 ad
1085 2539 1479 2612 cdtnedendum
1510 2559 1678 2624 utilis,
1725 2539 2120 2629 parsinutilis.
2158 2561 2290 2618 Sor-

601 2693 616 2702 .
717 2651 837 2713 des,
891 2650 1123 2720 lapides,
1159 2651 1365 2721 paleas,
1415 2660 1469 2708 et
1508 2652 1554 2707 si
1601 2652 1731 2722 quid
1786 2653 1953 2718 aliud,
2007 2670 2114 2724 quo
2145 2654 2291 2710 vesci

713 2743 998 2798 commode
1049 2759 1326 2814 nequeas,
1382 2744 1686 2799 immixtum
1746 2755 1868 2810 est,
1933 2749 2185 2803 excernis
2237 2755 2292 2804 et

715 2833 932 2901 abjicis,
967 2834 1112 2903 quod
1151 2844 1331 2889 autem
1363 2850 1561 2905 purum
1604 2842 1686 2891 est
1717 2837 1923 2907 seligis,
1957 2845 2011 2891 et
2034 2838 2100 2892 ad
2131 2853 2289 2893 usum

710 2936 764 2979 et
798 2927 1002 2980 victum
1055 2913 1307 2982 reservas
1353 2937 1527 2981 tuum.
1577 2928 1668 2981 Sic
1719 2936 1866 2983 terra
1901 2929 2058 2985 nobis
2088 2930 2288 2985 donata

709 3025 814 3082 est,
848 3019 1048 3088 partim
1099 3019 1164 3072 ad
1213 3018 1568 3073 habitandum
1623 3021 1929 3084 commoda,
1979 3023 2173 3090 partim
2221 3023 2288 3076 ad

2407 581 2425 613 ι
2461 561 2818 632 πληθύνεσθε,
2855 583 2874 616 ι
2911 563 2996 616 ἵνα
3021 563 3094 634 μὴ
3119 565 3198 626 εἰς
3229 563 3304 626 ἒν,
3329 563 3428 616 ἀλλὰ
3445 564 3515 617 καὶ
3533 566 3590 626 εἰς
3609 563 3762 618 πολλοὺι

2405 671 2424 705 t
2473 655 2583 707 Καὶ
2615 653 2938 725 πληρώσατε
2971 656 3070 724 τὴν
3106 656 3209 726 γῆν
3233 671 3248 686 ο
3293 674 3310 706 ι
3345 655 3588 726 πληρώσατε
3609 657 3652 710 δὲ
3681 659 3762 710 ουτ

2399 747 2746 815 κατοικήσει·
2775 744 2916 799 οὕτω
2939 746 3050 817 γὰρ
3081 745 3146 800 ἂν
3187 747 3606 818 ὲστενοχωρήθημεν
3630 749 3762 812 ζῶντε.

2399 837 2448 888 εἰ
2475 835 2710 907 τοσαύτη
2737 831 2805 906 ἦν
2835 838 2867 907 ἡ
2896 837 2965 907 γῆ
3005 838 3101 908 ὅση
3143 839 3286 908 ἡμᾶς
3314 838 3535 908 ὲκμετρεῖ“
3577 839 3680 892 ἀλλὰ
3703 841 3762 892 πλ

2401 927 2609 998 ρώσατε
2640 930 2706 998 τῇ
2748 927 2984 998 ἐξουσίᾳ.
3036 929 3196 998 Ἡμῖν
3239 929 3337 998 γάρ
3381 929 3591 1000 κυρίευμα
3625 930 3700 999 τῆς
3734 948 3761 997 γ

2397 1019 2583 1073 ἔδωκε.
2623 1037 2641 1070 t
2679 1017 3008 1090 Πληρὼσατε
3047 1019 3145 1090 τὴν
3171 1021 3294 1090 γῆν.
3334 1039 3349 1072 ι
3376 1022 3442 1076 Οὐ,
3466 1022 3600 1090 δήπου
3624 1023 3698 1074 καὶ
3725 1040 3762 1075 τι

2396 1128 2494 1182 την
2556 1111 2608 1162 οἰ
2656 1109 2932 1181 ἄνθρωποι
2982 1111 3102 1164 κατ’
3147 1111 3375 1182 ἀνάγκην
3417 1112 3679 1182 πληροῦσιν,
3718 1114 3762 1166 ἀλ

2396 1200 2618 1269 κυρίους
2643 1200 2790 1269 ἡμᾶς
2815 1200 3038 1270 ἐποίησε
3067 1196 3323 1272 πληροῦν,
3345 1201 3421 1254 καὶ
3444 1201 3694 1272 πληροῦμεν
3718 1204 3762 1255 ὲκ

2395 1309 2494 1361 νην
2528 1292 2605 1362 τῷ
2636 1292 2900 1363 λογισμῷ.
2950 1295 3119 1346 Ὅταν
3157 1293 3370 1364 εἰδῶμεν
3399 1293 3532 1346 πόσον
3561 1294 3717 1365 μέτρον
3757 1315 3762 1330 ·

2393 1382 2826 1452 διακεκαυμένης
2852 1383 2946 1437 καὶ
2971 1386 3226 1454 ἀοικήτου
3247 1401 3259 1412 ο
3293 1385 3398 1437 ὅταν
3417 1385 3604 1455 εἰδῶμεν
3628 1388 3762 1439 πόσον

2397 1469 2564 1539 κλίμα
2603 1471 2663 1523 τὸ
2711 1470 2940 1541 βόρειον,
2985 1471 3014 1524 ὂ
3047 1472 3136 1524 διὰ
3179 1471 3276 1543 τὴν
3320 1472 3681 1543 ὑπερϐάλλουσαν
3715 1475 3762 1543 ψι

2396 1558 2743 1631 ἀγεώργητον
2778 1562 2894 1613 ἐστι
2928 1562 3020 1615 καὶ
3060 1562 3352 1632 ἄχρηστον,
3385 1563 3484 1634 οὐχὶ
3519 1564 3762 1638 ἐπληρώσα

2395 1652 2494 1722 τὴν
2521 1652 2624 1722 γῆν
2647 1669 2660 1717 ;
2685 1652 2760 1704 Οὐ
2783 1653 2843 1705 τὸ
2873 1654 3138 1724 χρήσιμον
3159 1653 3491 1723 ἐκλεξάμενοι,
3512 1655 3563 1708 τὸ
3586 1658 3688 1708 ὅσον
3713 1657 3762 1726 ἃ]

2398 1760 2521 1796 στον
2557 1745 2636 1807 είς
2665 1744 2940 1815 διαγωγὴν
2975 1745 3280 1816 ἀνθρώποις
3315 1745 3762 1817 ἀπεπεμψάμεθαςὸ

2401 1853 2417 1885 ι
2467 1833 2796 1905 Πληρὼσατε
2845 1835 2943 1906 τὴν
2978 1835 3102 1906 γῆν,
3166 1856 3184 1889 ι
3232 1838 3433 1908 κυρίους
3463 1841 3589 1909 ἡμᾶς
3630 1842 3762 1912 ὲποίη

2395 1925 2508 1978 Οὐκ
2541 1926 2727 1997 ἐπειδὴ
2763 1927 2942 1995 πάσης
2970 1928 3071 1980 οὐκ
3098 1927 3290 1998 ἔχομεν
3327 1929 3414 2000 τὴν
3437 1931 3636 2002 χρῆσιν,
3659 1932 3746 1986 οὐκ

2397 2029 2495 2080 μεν
2527 2014 2707 2083 πάσης
2732 2015 2792 2066 τὸ
2817 2015 3110 2085 κυριεύειν.
3143 2017 3278 2071 Οὐδὲ
3305 2019 3401 2089 γὰρ
3427 2021 3482 2072 σὺ
3508 2021 3589 2073 τὸν
3616 2024 3740 2075 σῖτον

2396 2103 2585 2172 ράσας,
2611 2104 2710 2156 οὐκ
2738 2100 2788 2156 εἴ
2814 2105 2909 2158 τοῦ
2941 2106 3140 2169 παντὸς
3179 2107 3377 2178 κύριος,
3408 2110 3573 2182 ἐπειδὴ
3597 2113 3647 2164 ὲν
3673 2113 3741 2181 τῷ

2391 2193 2453 2244 τὸ
2498 2193 2595 2263 μὲν
2641 2194 2929 2267 ἐδώδιμον,
2961 2198 3020 2250 τὸ
3063 2199 3120 2252 δὲ
3163 2199 3597 2272 ἀπορῥιπτόμενον
3637 2203 3762 2273 ἔχεις

2391 2285 2516 2346 τοὺς
2548 2283 2728 2349 λίθους
2760 2287 2857 2357 μὲν
2893 2288 2968 2350 ὡς
3009 2290 3309 2361 ἀχρήστους
3347 2291 3704 2362 ἀπορρίπτεις,
3737 2314 3762 2347 γ

2389 2392 2442 2428 τι
2469 2376 2597 2430 ἀλλο
2626 2378 2983 2448 ὲπιμέμικται
3023 2381 3156 2451 πρὸς
3191 2380 3386 2451 βρῶσιν
3426 2384 3762 2454 ἀνεπιτήδειον

2392 2464 2451 2516 τὸ
2474 2465 2671 2534 ἄχυρον
2701 2466 3054 2536 ἀποφυσήσας
3083 2469 3175 2520 καὶ
3197 2471 3257 2521 τὸ
3280 2467 3502 2532 ζιζάνιον
3529 2471 3762 2543 ἀποκρίνε

2393 2555 2513 2607 ὅσον
2552 2555 2788 2626 καθαρὸν
2841 2558 2976 2627 πρὸς
3016 2558 3112 2628 τὴν
3161 2559 3254 2611 τοῦ
3307 2559 3416 2630 βίου
3461 2561 3733 2628 σύστασιν,

2391 2643 2767 2715 ἐκλεξάμενος.
2793 2646 2978 2710 Οὕτως
2997 2648 3176 2702 τοίνυν
3193 2651 3227 2720 ἦ
3259 2651 3326 2720 γῆ
3349 2653 3378 2722 ἠ
3408 2652 3500 2722 μὲν
3524 2654 3762 2725 ὲχαρίσθτ

2391 2736 2602 2804 οἴκησιν
2633 2736 2970 2805 ἐπιτηδείων,
3007 2740 3038 2808 η
3072 2738 3316 2808 βελτίωνο
3353 2740 3469 2810 ἡδὲ
3500 2743 3632 2812 πρὸς
3668 2760 3761 2810 γει).

2391 2826 2684 2894 ἀναγκαία,
2750 2828 2881 2898 ἄλλη
2945 2830 3080 2899 πρὸς
3139 2830 3387 2901 βόσκημα
3446 2833 3551 2885 τῶν
3607 2851 3762 2906 τετρα

2391 2916 2596 2987 ἀνείθη.
2649 2918 2783 2970 Εἰπέ
2840 2935 2949 2988 μοι,
3009 2918 3124 2972 ἔστι
3177 2919 3522 2987 διατάξασθαι
3577 2923 3604 2976 ὃ
3660 2922 3762 2992 βούῖ

2391 3011 2577 3080 ἐπειδὴ
2617 3011 2815 3078 γέγονα
2840 3012 3045 3087 ⁷κύριος
3085 3012 3223 3066 κατὰ
3268 3013 3364 3084 τὴν
3413 3014 3506 3068 τοῦ
3552 3017 3761 3069 Aea-.267

711 3108 974 3162 arandum
1013 3108 1416 3178 colendumque
1463 3108 1796 3172 necessaria,
1844 3109 2038 3177 partim
2079 3108 2144 3162 ad
2195 3125 2325 3178 pa-i

2195 3125 2288 3178 pa-
2315 3121 2356 3178 C
2391 3102 2671 3164 κτίσαντος
2715 3119 2782 3173 με
2825 3103 3060 3174 δωρεάνς
3105 3126 3122 3158 ι
3175 3092 3284 3158 Καὶ
3323 3105 3648 3177 πληρώσατε
3692 3108 3759 3177 τὴ

708 3201 942 3255 seendas
985 3198 1368 3268 quadrupedes
1415 3206 1565 3266 apta.
1607 3195 1702 3250 Dic
1743 3198 1896 3261 mihi,
1933 3214 2112 3254 nonne
2155 3216 2284 3270 pos-

710 3310 830 3348 sum
861 3293 1129 3346 arbitratu
1156 3305 1276 3344 meo
1316 3298 1520 3343 terram
1553 3287 1865 3358 diSponcre,
1910 3290 2128 3358 quando
2166 3307 2284 3344 tnu-

2389 3195 2481 3246 καὶ
2542 3195 2737 3264 ἄρχετε
2789 3196 2895 3249 τῶν
2964 3197 3158 3267 ἰχθύων
3208 3200 3307 3270 τῆς
3359 3198 3663 3268 Θαλάσσης,
3718 3218 3762 3252 κέ

2389 3283 2648 3336 πετεινῶν
2693 3285 2788 3338 τοῦ
2828 3287 3080 3357 οὐρανοῦ,
3126 3289 3219 3340 καὶ
3251 3287 3360 3340 τῶν
3391 3287 3601 3358 θηρίων
3647 3289 3746 3358 τῆς

714 3401 845 3440 nere
881 3383 1048 3447 illius,
1088 3383 1180 3458 qui
1216 3397 1301 3436 me
1340 3381 1667 3450 procreavit,
1713 3379 1968 3436 dominus
2008 3381 2127 3451 ejus
2162 3396 2283 3436 sum

2125 3418 2127 3431 ,
2162 3396 2283 3436 sum
2383 3373 2529 3443 Αὕτη
2570 3375 2753 3428 λοιπὸν
2782 3377 3017 3445 εὐλογία,
3054 3377 3191 3448 αὕτη
3212 3378 3533 3448 νομοθεσία.
3573 3377 3739 3432 τοῦτο

709 3473 1089 3530 constitutus?
1141 3490 1160 3522 t
1193 3471 1258 3526 Et
1290 3471 1472 3543 praesit
1517 3471 1759 3540 piscibus
1787 3471 1975 3536 maris,
2009 3481 2062 3527 et
2096 3473 2283 3527 bestiis

2147 3473 2283 3527 :stiis
2382 3467 2442 3520 τὸ
2490 3468 2769 3540 δεδομένον
2829 3471 2962 3539 ἡμῖν
3013 3469 3160 3539 παρὰ
3203 3467 3362 3521 Θεοῦ.
3425 3487 3444 3520 ι
3488 3469 3606 3521 Καὶ
3645 3469 3761 3522 ἐποὲ

710 3579 890 3621 ιρι-ται.
913 3584 932 3616 ι
969 3563 1043 3618 Ita
1075 3563 1236 3618 nobis
1263 3561 1540 3618 benedixit
1572 3560 1737 3626 Deus,
1768 3561 1908 3615 hanc
1935 3561 2105 3631 legem
2137 3562 2278 3624 tulit,

710 3660 850 3712 hanc
880 3656 1111 3726 largitus
1142 3662 1226 3710 est
1255 3653 1596 3725 dignitatem.
1627 3671 1646 3704 ι
1685 3652 1749 3705 Ει
1787 3652 1910 3706 fecit
1934 3651 2075 3708 Deus
2107 3653 2282 3708 homi-

709 3766 830 3806 nem
864 3768 877 3802 :
912 3749 982 3802 ad
1024 3748 1314 3818 imaginem
1359 3760 1514 3801 suam
1547 3744 1674 3799 fecit
1721 3760 1867 3799 eum.
1913 3763 1932 3795 ι
1962 3743 2148 3798 Nonne
2183 3745 2279 3798 de—

2383 3560 2514 3624 Θεὸς
2541 3562 2632 3616 τὸν
2669 3561 2972 3632 ἄνθρωπονο
3009 3561 3129 3614 κατ’
3175 3560 3362 3613 εἰκόνα
3405 3559 3553 3613 Θεοῦ
3594 3560 3762 3630 δτιοίη

2382 3651 2490 3702 τόν.
2520 3671 2538 3702 ›
2561 3649 2627 3706 Ἀ
2639 3672 2704 3724 ρα
2724 3657 2819 3708 οὐκ
2839 3652 3162 3725 ὲπεσημήνω
3179 3651 3255 3704 ὅτι
3283 3649 3517 3720 ἐλλιπὴς
3535 3647 3607 3722 ἦν
3633 3653 3669 3720 ἡ
3693 3653 3762 3704 ἀτ

2389 3762 2405 3793 ι
2463 3745 2782 3814 Ποιήσωμεν
2815 3743 3098 3815 ἄνθρωπον
3150 3741 3268 3794 κατ’
3308 3741 3507 3793 εἰκόνα
3559 3742 3762 3811 ἠμετέι

710 3842 1158 3896 monstrationem
1193 3840 1332 3893 hanc
1355 3853 1479 3893 esse
1509 3851 1758 3891 mancam
1790 3836 1946 3892 vobis
1971 3835 2282 3890 declaravi?

2129 3835 2282 3888 ravi?
2383 3835 2502 3888 καθ’
2537 3836 2811 3906 ὁμοίωσιν.
2849 3855 2867 3887 ι
2915 3836 2976 3886 Ἦ
3024 3833 3186 3904 βουλὴ
3219 3831 3313 3884 δύο
3350 3827 3499 3902 εἶχε,
3541 3851 3559 3882 ι
3597 3834 3740 3886 κατ’

711 3954 729 3985 ι
758 3931 1045 3986 Faciamus
1079 3931 1352 3986 hominem
1383 3929 1450 3983 ad
1472 3929 1760 3998 imaginem
1782 3937 1834 3981 et
1865 3927 2278 3984 similitudinem

2123 3928 2278 3984 linem
2382 3929 2510 3982 καὶ(
2542 3929 2991 4000 καθ’ὁμοίωσιν.ι
3017 3929 3079 3980 Ἡ
3103 3927 3447 3996 δημιουργία
3486 3926 3550 3978 ἓν
3588 3925 3737 3995 ἔχει.

707 4032 972 4079 nostram.
1005 4042 1022 4074 ι
1049 4021 1226 4076 Unum
1255 4021 1421 4074 liabet
1444 4020 1775 4089 procreatio,
1799 4019 1866 4072 ad
1885 4037 1902 4070 ι
1927 4018 2273 4089 imaginem,»

2147 4034 2273 4082 3m,»
2380 4019 2486 4082 λως
2517 4019 2778 4090 ἐϐουλήθη
2819 4021 2911 4072 καὶ
2943 4018 3115 4081 ἄλλως
3149 4017 3693 4087 μετεϐουλεύσατος
3738 4036 3761 4086 ρ

706 4115 966 4185 numquid
1005 4116 1233 4168 alterum
1268 4112 1452 4173 deest,
1489 4111 1554 4164 ad
1596 4128 1614 4161 t
1669 4111 2102 4166 similitudinem.
2142 4129 2160 4161 ι
2197 4112 2277 4164 An

705 4211 861 4261 aliter
891 4206 1153 4268 decrevit,
1189 4204 1348 4258 aliter
1393 4203 1566 4257 fecit?
1595 4203 1869 4272 Numquid
1901 4219 2024 4258 eum
2057 4203 2110 4256 in
2147 4217 2275 4273 pro-

705 4307 940 4351 creanuo
992 4294 1391 4364 pmnituit?An
1445 4300 1530 4348 est
1580 4293 1870 4348 infirmitas
1923 4293 1978 4346 in
2022 4308 2279 4362 procrea-

2384 4110 2571 4179 μέλειὰ
2601 4127 2683 4173 τις
2717 4110 2776 4162 ὲν
2806 4112 2880 4178 τῇ
2917 4108 3088 4161 κτίσει
3131 4106 3657 4178 παρηκολούθησες
3706 4109 3762 4177 μί

2377 4205 2471 4257 τοῦ
2491 4203 2770 4264 κτίσαντος
2796 4200 2928 4255 ἄλλα
2946 4197 3309 4269 προελομένου
3335 4199 3445 4252 καλ.
3471 4198 3629 4252 ἄλλα
3655 4215 3762 4250 ποι

2379 4294 2411 4364 ἢ
2465 4289 2749 4361 ἀδολεσχία
2775 4292 2831 4343 ὲν
2867 4291 2977 4350 τοῖς
3006 4287 3226 4354 λόγοις;
3261 4286 3434 4356 Τάχα
3481 4285 3611 4357 γὰρ
3654 4285 3762 4338 τοῦ

705 4391 870 4450 tione,
902 4393 962 4440 ut
1000 4386 1147 4440 aliud
1176 4385 1536 4450 consuluerit,
1577 4384 1721 4438 aliud
1763 4383 2040 4440 effecerit?
2069 4384 2151 4438 An
2190 4394 2274 4440 est
2304 4449 2319 4453 _

2147 4405 2151 4437 ι
2190 4394 2274 4440 est
2304 4449 2334 4453 _
2386 4403 2403 4432 σ
2441 4383 2762 4453 Ποιήσωμεν
2794 4380 3076 4450 ἄνθρωπον
3106 4378 3223 4430 κατ’
3258 4377 3468 4430 εἰκόνα
3501 4376 3614 4429 κοιλ.
3659 4375 3761 4428 καί

705 4482 758 4528 in
791 4491 1040 4530 sermone
1073 4474 1417 4544 nugatorium
1444 4473 1670 4544 aliquid,
1695 4485 1748 4529 et
1771 4477 2273 4545 supervacaneum?
2304 4449 2319 4508 1

2136 4477 2273 4528 :um?
2304 4449 2353 4508 D
2378 4493 2480 4529 σιν.
2516 4494 2532 4526 ι
2570 4472 2752 4526 Εἰπὼν
2781 4471 2890 4541 γὰρ
2922 4488 2940 4520 ι
2981 4469 3327 4530 κατέἰκόνα,
3370 4487 3392 4519 ι
3427 4465 3664 4520 οὐκοῦν
3694 4463 3750 4517 εἷ

707 4579 763 4621 ιιι
789 4568 930 4621 idem
952 4565 1184 4620 fortasse
1200 4566 1290 4632 sit,
1319 4583 1338 4616 ι
1365 4564 1650 4620 Faciamus
1671 4566 1944 4621 hominem
1979 4566 2046 4620 ad
2077 4567 2270 4637 imagi-

2376 4567 2652 4637 ὁμοίωσιν.
2701 4585 2719 4616 ι
2762 4565 2940 4632 Ὅπερ
2987 4562 3051 4615 ἂν
3093 4560 3497 4630 ὲκλεξώμεθα,
3545 4576 3762 4628 κατηγ

705 4669 858 4721 nem,
887 4678 905 4710 ι
926 4664 1017 4712 ει(
1044 4653 1318 4710 Faciamus
1340 4654 1405 4710 ad
1448 4654 1854 4708 similitudinem
1887 4675 1898 4709 :
1937 4675 1956 4707 ι
1991 4664 2044 4710 et
2077 4659 2169 4726 qui
2201 4657 2267 4712 ad

2116 4659 2169 4711 ui
2201 4657 2267 4712 ad
2377 4658 2469 4712 τοῦ
2503 4655 2906 4728 γεγραμμένου.
2944 4652 3068 4706 Εἴτε
3117 4652 3224 4722 γὰρ
3272 4651 3458 4704 τοῦτο
3495 4650 3680 4718 λέγει
3707 4690 3723 4714 ,

701 4744 990 4813 imaginem
1021 4741 1182 4810 dixit,
1216 4742 1280 4797 ad
1316 4742 1730 4798 similitudinem
1761 4745 1966 4801 dixisse
1998 4747 2267 4803 videatur.

702 4837 768 4888 At
797 4836 841 4888 si
878 4835 982 4888 hoc
1011 4833 1174 4888 modo
1206 4834 1656 4900 intellexerimus,
1685 4835 2004 4903 scriptorem
2042 4854 2270 4895 accusa-

2377 4751 2492 4804 ἐστὶ
2519 4751 2602 4812 δὶς
2633 4748 2700 4801 τὰ
2729 4746 2870 4800 αὐτὰ
2903 4747 3102 4814 λέγειν.
3139 4743 3342 4813 Ἀργὸν
3401 4743 3591 4812 ῥῆμα
3641 4743 3713 4794 ὲν
3749 4759 3760 4774 ι

2375 4845 2574 4912 λέγειν,
2623 4839 2935 4911 βλασφημία
2968 4836 3135 4906 δεινή.
3179 4835 3347 4887 Ἀλλὰ
3391 4834 3527 4906 μὴν
3567 4834 3699 4886 οὐκ
3742 4835 3762 4885 c'

705 4927 904 4982 bimus.
966 4925 1175 4980 Etenim
1235 4927 1280 4980 si
1327 4924 1409 4980 sic
1461 4926 1644 4990 habet,
1689 4941 1790 4979 vox
1829 4937 2019 4992 vacat,
2075 4939 2130 4984 et
2185 4933 2269 4988 bis

2185 4933 2269 4988 bis
2377 4928 2584 4986 Οὐκοῦν
2621 4927 2908 4996 ἀναγκαῖόν
2943 4927 3056 4978 ἐστι
3103 4923 3368 4994 γενέσθαι
3419 4923 3756 4994 ἄνθρωπο

703 5017 841 5072 idem
894 5017 1136 5086 ponitur.
1185 5015 1378 5070 Dicere
1429 5025 1608 5071 autem
1658 5016 1884 5071 verbum
1935 5019 2151 5088 aliquod
2216 5027 2272 5078 in

1465 5025 1608 5071 utem
1658 5016 1884 5071 verbum
1935 5019 2151 5088 aliquod
2216 5027 2272 5078 in
2378 5025 2508 5078 κύνα
2534 5022 2626 5075 καὶ
2657 5020 2775 5074 καθ’
2802 5018 3078 5090 ὁμοίωσιν.

702 5105 973 5177 Scriptura
1030 5105 1361 5170 redundare,
1418 5115 1501 5160 est
1560 5121 1723 5176 grave
1779 5107 1955 5163 nefas.
1999 5109 2154 5174 Quod
2190 5115 2236 5168 si
2284 5116 2418 5171 nihil
2460 5111 2747 5174 redundat,
2789 5109 2920 5163 nihil
2968 5116 3049 5164 est
3100 5109 3285 5172 inane,
3333 5107 3521 5160 nihil
3588 5122 3762 5177 ευριπ

700 5216 828 5269 ergo
869 5213 1093 5254 necesse
1139 5207 1222 5253 est
1253 5197 1529 5250 hominem
1563 5210 1686 5252 esse
1734 5197 1939 5254 factum
1969 5201 2035 5254 ad
2072 5203 2359 5276 imaginem
2409 5214 2464 5262 et
2496 5194 2906 5259 similitudinem
2943 5199 3055 5254 Dei.

768 5298 878 5352 Cur
911 5296 1074 5365 igitur
1104 5308 1212 5348 non
1241 5293 1379 5347 dixit
1408 5312 1422 5348 :
1451 5291 1516 5345 Et
1548 5291 1675 5348 fecit
1711 5293 1852 5349 Deus
1884 5295 2159 5352 hominem
2200 5302 2264 5353 ad

700 5389 986 5457 imaginem
1028 5395 1079 5441 et
1106 5385 1525 5442 similitudinem
1559 5387 1758 5440 suam?
1787 5386 1972 5453 Quid?
2026 5404 2135 5444 non
2170 5405 2265 5460 po-

2444 5299 2542 5352 Διά
2574 5297 2627 5349 τί
2653 5297 2752 5349 οὐκ
2783 5293 3090 5348 ἀποδίδοται
3121 5292 3156 5345 ἃ
3194 5291 3535 5362 ἠϐουλήθη
3568 5309 3588 5356 ;
3634 5291 3760 5344 διὰ

2376 5407 2555 5461 ρηται,
2581 5388 2690 5442 Καὶ
2718 5386 2973 5456 ἐποίησεν
2991 5385 3020 5436 ὁ
3046 5384 3175 5446 Θεὸς
3200 5384 3292 5437 τὸν
3314 5383 3719 5455 ἄνθρωπον

702 5483 799 5536 tuit
830 5479 1102 5536 fortasse?
1131 5477 1360 5549 impium
1393 5485 1477 5531 est
1507 5477 1559 5532 id
1609 5477 1811 5534 dicere.
1860 5478 2074 5535 Decreti
2132 5497 2262 5537 num

2144 5498 2262 5537 ium
2371 5481 2505 5534 Θεοῦ
2552 5480 2646 5532 καὶ
2677 5478 2799 5533 καθ’
2842 5475 3120 5548 ὁμοίωσιν.
3168 5475 3526 5544 Ἠτόνησεν
3581 5478 3621 5528 ὁ
3708 5495 3758 5527 π

695 5573 984 5644 ptemtuit?
1039 5568 1307 5629 nefarium
1368 5568 1512 5623 istud
1552 5569 1632 5623 vel
1671 5569 1933 5640 cogitare.
1983 5568 2260 5643 Numquid

2119 5574 2260 5643 iquid
2373 5570 2519 5641 δὴςὸ
2558 5569 2732 5637 λόγος.
2780 5565 3140 5636 Μετεμελήθη
3177 5566 3206 5618 ὁ
3238 5565 3733 5636 προστάσσων
