4088 6210
288 367 388 430 Ξῗδ

1028 375 1093 431 IN
1127 377 1386 447 VERBA,
1427 379 1799 437 FACIAMUS
1850 377 2250 470 HOMINEM,
2290 374 2464 449 ETC.,
2508 381 2714 438 ORAT.
2755 383 2795 437 l.

3427 379 3532 436 2τῖ

293 506 380 560 ραν
414 487 470 540 τὺ
508 486 822 558 ἐνθύμημα.
881 488 1016 542 Ἀλλ’
1051 488 1170 546 εἰπε
1210 494 1304 546 καὶ
1359 496 1852 566 μετεϐουλεύσατος

1962 496 2114 559 dixit,
2150 504 2204 550 et
2252 496 2547 551 consilium
2600 496 2863 551 mutavit!
2926 492 3144 552 Minime
3188 510 3336 551 vero.
3394 495 3534 565 Ergo

291 578 381 632 υῦ.
420 577 556 631 Οὔτε
587 574 684 632 οὖν
706 580 740 650 ἠ
769 580 957 651 Γραφὴ
989 581 1147 636 τοῦτο
1169 582 1318 652 λέγει
1341 625 1355 649 ,
1389 586 1510 640 οὔτε
1540 591 1568 641 6
1591 591 1860 659 Δημιουρ-

289 669 376 736 γὸς
400 669 599 731 ἀτονεῖ,
633 668 757 721 οὔτε
783 671 816 740 ἠ
849 669 1012 742 βουλὴ
1042 671 1379 746 ἐματαιώθη.
1412 676 1508 740 Τίς
1528 679 1556 731 6
1576 678 1731 746 λόγος
1761 681 1859 749 τῆς

291 760 534 827 σιωπῆς;
567 778 587 810 ι
625 762 950 832 Ποιήσωμεν
983 763 1266 834 ἄνθρωπον
1294 767 1415 820 κατ’
1443 768 1626 822 εἰκόνα
1667 771 1861 840 ἡμετέ-

293 865 387 919 ραν
414 851 509 902 καὶ
548 851 672 904 καθ’
698 852 982 922 ὁμοίωσιν.
1017 873 1036 907 ›
1073 855 1148 908 Τὸ
1177 857 1296 926 μὲν,
1340 862 1406 930 τῇ
1438 860 1610 913 κτίσει
1643 861 1855 933 ἔχομεν’

287 939 442 1004 τὸδὲ,
477 943 541 994 ἐκ
591 943 963 1015 προαιρέσεως
996 948 1387 1020 κατορθοῦμεν.
1437 951 1522 1004 Ἑν
1567 955 1634 1023 τῇ
1671 952 1861 1026 πρώτῃ

290 1036 596 1103 κατασκευῇ
626 1036 962 1107 συνυπάρχει
991 1039 1122 1109 ἡμῖν
1153 1039 1218 1091 τὸ
1259 1041 1378 1092 κατ’
1412 1042 1593 1094 εἰκόνα
1636 1043 1862 1114 γεγενῆ-

291 1120 410 1173 σθαι
441 1121 598 1174 Θεοῦ·
630 1123 694 1176 ἐκ
720 1124 1093 1196 προαιρέσεως
1115 1129 1246 1197 ἡμῖν
1269 1130 1626 1200 κατορθοῦται
1655 1132 1716 1184 τὸ
1739 1133 1860 1186 καθ’

287 1213 545 1282 ὁμοίωσιν
571 1211 709 1268 εἶναι
739 1216 898 1269 Θεοῦ.
934 1216 1103 1270 Τοῦτο
1133 1218 1189 1271 δὲ
1221 1219 1282 1272 τὺ
1333 1219 1473 1272 κατὰ
1523 1221 1859 1292 προαίρεσιν,

288 1302 516 1374 δυνάμει
547 1307 678 1375 ἡμῖν
709 1307 1024 1378 ἐνυπάρχει’
1059 1310 1308 1380 ἐνεργείᾳ
1335 1311 1392 1363 δέ
1425 1313 1638 1376 ἑαυτοῖς
1667 1315 1863 1383 ἐπάγοέ

293 1411 413 1464 μεν.
452 1396 514 1447 Εἰ
546 1395 621 1467 μὴ
655 1397 942 1468 προλαϐὼν
977 1395 1128 1452 εἶπεν
1168 1403 1200 1453 ό
1241 1401 1440 1473 Κύριος
1485 1404 1652 1458 ποιῶν
1693 1407 1859 1476 ἡμᾶς,

295 1500 316 1534 ς
347 1486 687 1556 Ποιήσωμεν,
718 1506 736 1539 ι
769 1490 863 1542 καὶ
891 1509 910 1541 σ
939 1490 1072 1543 Καθ’
1100 1492 1375 1562 ὁμοίωσιν,
1407 1514 1428 1548 ›
1461 1497 1510 1548 εἰ
1542 1499 1615 1566 μὴ
1644 1499 1742 1570 τὴν
1769 1499 1862 1552 τοῦ

289 1574 540 1641 γενέσθαι
570 1577 690 1630 καθ’
713 1581 973 1650 ὁμοίωσιν
1000 1581 1226 1652 δῦναμιν
1263 1586 1393 1655 ἡμῖν
1426 1586 1734 1659 ἐχαρίσατο,
1767 1591 1866 1643 οὐκ

291 1664 368 1717 ἂν
385 1668 452 1736 τῇ
475 1669 682 1721 ἑαυτῶν
709 1669 946 1742 ἐξουσία,
975 1673 1071 1744 τὴν
1094 1675 1227 1744 πρὸς
1251 1674 1382 1730 Θεὸν
1409 1679 1665 1748 ὁμοίωσιν
1686 1680 1865 1746 ἐδεξάο

293 1757 454 1825 μεθα.
489 1758 602 1811 Νῦν
634 1760 733 1829 μέν
765 1779 846 1814 τοι
883 1763 1109 1835 δυνάμει
1138 1767 1284 1836 ἡμᾶς
1317 1767 1574 1838 ἐποίησεν
1611 1771 1865 1840 ὁμοιωτι-

1961 599 2137 653 neque
2174 582 2456 654 Scriptura
2490 585 2593 638 hoc
2639 585 2790 649 dicit,
2840 599 3016 654 neque
3044 584 3268 639 Creator
3292 600 3397 639 non
3433 601 3531 654 pn-

1961 683 2086 739 test,
2118 691 2294 746 neque
2339 676 2632 731 consilium
2673 677 2888 729 irritum
2942 675 3063 729 fuit.
3111 675 3222 729 Cur
3254 675 3420 745 igitur
3459 676 3534 730 si-

1961 765 2128 819 lentio
2164 765 2216 818 id
2247 765 2674 834 prastermissum
2706 766 2833 820 est?
2875 783 2894 816 ι
2931 763 3218 819 Faciamus
3259 764 3530 817 hominem

1962 855 2029 909 ad
2058 855 2348 926 imaginem
2382 865 2625 911 nostram
2667 864 2722 911 et
2758 856 3192 912 similitudinem.
3225 877 3242 908 ι
3272 853 3451 910 Unum
3478 856 3532 909 in

1963 949 2264 1012 creatione,
2307 948 2538 1003 alterum
2575 949 2629 1002 in
2655 949 2922 1004 electione
2953 949 3189 1017 positum
3217 957 3322 1002 est.
3375 947 3530 1009 Nam,

1966 1046 2025 1092 ut
2067 1037 2322 1094 fieremus
2359 1040 2424 1093 ad
2453 1040 2742 1109 imaginem
2772 1040 2902 1105 Dei,
2939 1041 3066 1094 dum
3097 1040 3367 1110 principio
3405 1054 3531 1108 pro-

1969 1142 2304 1193 crearemur,
2356 1128 2718 1182 obtinuimus.
2765 1125 2833 1181 Ut
2878 1135 3058 1193 autem
3120 1126 3419 1181 efﬁciamur
3466 1127 3533 1180 ad

1964 1219 2092 1288 ejus
2119 1219 2563 1287 similitudinem,
2595 1219 2878 1290 proposito
2914 1221 3306 1288 voluntateque
3341 1234 3537 1272 consc-

1963 1310 2209 1380 quimur.
2232 1308 2410 1380 Atque
2447 1311 2609 1380 hujus
2661 1311 2900 1380 quidem,
2948 1310 3092 1381 quod
3126 1311 3192 1363 ad
3239 1309 3533 1365 arbitrium

1966 1401 2204 1469 pertinet
2233 1415 2296 1455 ac
2333 1401 2684 1468 voluntatem,
2707 1409 2950 1471 potestas
2975 1404 3131 1458 nobis
3160 1405 3326 1467 inest,
3355 1419 3413 1458 re
3436 1418 3550 1460 au-,

1965 1497 2072 1544 tem
2107 1499 2161 1545 et
2191 1491 2350 1547 factis
2382 1492 2485 1560 ipsi
2521 1503 2868 1561 praestamus.
2912 1492 3028 1549 Nisi
3085 1495 3228 1550 Deus
3284 1505 3536 1549 antever-

1968 1582 2122 1637 tisset
2145 1584 2356 1647 dicens,
2385 1599 2506 1637 cum
2539 1600 2639 1638 nos
2658 1585 2910 1649 efliceret,
2938 1604 2956 1636 ι
2990 1585 3296 1654 Faciamus,
3321 1595 3404 1640 iet
3423 1604 3440 1636 ‹
3467 1585 3535 1638 ad

1968 1675 2402 1739 similitudinem,
2433 1695 2452 1727 ι
2491 1676 2596 1730 nisi
2625 1676 2783 1731 nobis
2804 1691 2923 1731 eam
2952 1677 3178 1746 largitus
3209 1683 3354 1731 esset
3385 1685 3538 1745 pote-

1969 1773 2188 1831 statem,
2245 1773 2304 1819 ut
2357 1765 2423 1820 ad
2479 1766 2600 1836 ejus
2655 1765 3071 1822 similitudinem
3132 1766 3531 1837 efﬁngerentur,

289 1850 416 1910 κοῦς
450 1849 604 1903 Θεοῦ.
633 1852 870 1923 Δύναμιν
896 1853 952 1906 δὲ
980 1855 1104 1920 δοὺς
1133 1858 1269 1928 πρὸς
1298 1859 1358 1911 τὸ
1383 1861 1697 1930 ὁμοιοῦσθαι
1724 1862 1860 1933 Θεῷ,

1968 1871 2246 1925 nunquam
2286 1871 2536 1912 essemus
2570 1856 2722 1910 illum
2767 1857 2980 1912 viribus
3021 1857 3228 1912 nostris
3273 1858 3536 1913 assecuti.

289 1940 502 2010 ἀφῆκεν
523 1943 555 2012 ἡ
563 1944 669 2010 μᾶς
691 1944 926 2014 ἐργάτας
945 1945 1080 2000 εἶναι
1099 1949 1196 2018 τῆς
1223 1950 1358 2021 πρὸς
1377 1951 1507 2004 Θεὸν
1533 1953 1862 2022 ὁμοιώσεως,

292 2030 375 2081 ἵνα
408 2031 638 2100 ἄγγελος
751 2036 851 2105 τῆς
891 2038 1152 2107 ἐργασίας
1201 2040 1421 2110 μισθὸς,
1457 2042 1543 2096 ἵνα
1574 2043 1647 2114 μὴ
1677 2043 1864 2116 ὥσπερ

289 2121 493 2184 εἰκόνες
518 2116 667 2193 ὦμεν
689 2125 839 2196 παρὰ
865 2127 1153 2197 ζωγράφου
1183 2129 1488 2202 γενόμεναι,
1522 2134 1645 2204 εἰκῆ
1675 2135 1861 2206 κείμε-

287 2228 398 2272 ναι,
431 2214 517 2265 ἵνα
549 2214 624 2284 μὴ
655 2216 722 2268 τὰ
757 2217 857 2286 τῆς
888 2219 1160 2290 ἡμετέρας
1181 2221 1491 2291 ὁμοιώσεως
1517 2265 1520 2271 .
1546 2223 1687 2295 ἄλλῳ
1713 2225 1864 2279 ἔπαι-

290 2317 382 2355 νον
427 2305 586 2375 φέρῃ.
625 2307 796 2360 ’Ὅταν
836 2309 942 2380 γὰρ
975 2311 1074 2380 τὴν
1120 2312 1302 2366 εἰκόνα
1347 2313 1460 2385 ἴδῃς
1489 2316 1732 2385 ἀκριϐῶς
1765 2335 1862 2387 pte-

293 2397 657 2465 popzpmpéqu
705 2399 840 2468 πρὸς
886 2398 945 2450 τὸ
991 2401 1368 2470 πρωτότυπον,
1414 2404 1474 2455 οὺ
1524 2405 1624 2476 τὴν
1679 2406 1862 2458 εἰκόνα

287 2487 529 2548 ἐπαινεῖς
555 2532 569 2553 ,
598 2487 729 2542 ἀλλὰ
755 2490 845 2541 τὸν
870 2488 1157 2562 ζωγράφον
1190 2491 1512 2562 θαυμάζεις.
1543 2495 1659 2548 ’Ἰνα
1685 2496 1862 2549 τοίνυν

284 2578 346 2629 τὸ
371 2577 559 2648 θαῦμα
594 2579 724 2648 ἐμὸν
751 2579 973 2649 γένηται
1005 2583 1098 2635 καὶ
1130 2583 1204 2654 μὴ
1237 2584 1535 2656 ἀλλότριον,
1566 2587 1687 2657 ἐμοὶ
1726 2605 1859 2640 κατ-

287 2669 438 2723 έλιπε
483 2669 544 2723 τὸ
582 2671 703 2723 καθ’
733 2673 993 2741 ὁμοίωσιν
1026 2673 1158 2727 Θεοῦ
1195 2675 1466 2742 γενέσθαι.
1503 2677 1636 2728 Κατ’
1682 2677 1862 2729 εἰκόνα

284 2761 394 2830 γὰρ
418 2761 527 2830 ἔχω
547 2762 610 2814 τὸ
632 2761 848 2829 λογικὸς
867 2758 1026 2825 εἶναι,
1048 2763 1170 2816 καθ’
1193 2764 1452 2834 ὁμοίωσιν
1475 2765 1532 2818 δέ
1557 2765 1780 2836 γίνομαι
1805 2767 1861 2818 ἐν

280 2852 362 2921 τῷ
399 2852 723 2922 Χριστιανὸς
753 2853 1024 2921 γενέσθαι.
1058 2854 1276 2908 Γίνεσθε
1305 2840 1497 2908 τέλειοι
1523 2856 1597 2918 ὡς
1624 2857 1652 2906 6
1677 2856 1861 2928 Πατὴρ

285 2943 440 3011 ὑμῶν
465 2945 494 2996 6
513 2943 765 3013 οὐράνιος
793 2944 994 3007 τέλειός
1019 2947 1186 2998 ἐστιν.
1218 2941 1372 3008 Εἶδες
1404 2945 1506 2998 ποῦ
1537 2946 1861 3004 ἀποδίδωσιν

284 3037 414 3104 ἡμῖν
442 3036 472 3086 6
498 3035 702 3104 Κύριος
722 3035 784 3087 τὸ
805 3035 928 3088 καθ’
948 3035 1203 3106 ὁμοίωσιν
1224 3053 1239 3101 ;
1265 3037 1388 3088 ’Ότι
1413 3036 1504 3089 τὸν
1524 3037 1674 3108 ἥλιον
1695 3037 1858 3091 αὑτοῦ

283 3124 567 3178 ἀνατέλλει
593 3125 685 3178 ἐπὶ
725 3126 993 3196 πονηροὺς
1017 3127 1111 3178 καὶ
1137 3125 1394 3194 ἀγαθοὺς,
1425 3129 1517 3180 καὶ
1557 3126 1739 3198 βρέχει
1769 3129 1860 3180 ἐπὶ

281 3213 525 3277 δικαίους
551 3215 646 3266 καὶ
684 3213 920 3278 ἀδίκους.
961 3214 1084 3268 Ἐὰν
1112 3215 1244 3285 γένῃ
1276 3215 1654 3286 μισοπόνηρος,
1687 3218 1861 3288 ἀμνη-

285 3303 533 3365 σίκακος,
561 3301 636 3373 μὴ
660 3303 1006 3373 μεμνημένος
1027 3304 1125 3374 τῆς
1149 3304 1341 3374 χθιζῆς
1364 3303 1581 3376 ἔχθρας·
1615 3304 1709 3359 ἐὰν
1729 3305 1861 3379 γένῃ

282 3386 629 3461 φιλάδελςὼς,
652 3395 962 3466 συμπαθὴς,
991 3395 1276 3466 ὡμοιώθης
1296 3396 1433 3466 Θεῷ.
1468 3397 1591 3450 Ἐὰν
1618 3399 1761 3469 ἀφῇς
1785 3398 1862 3470 τῷ

281 3483 464 3554 ἐχθρῷ
503 3484 614 3537 ἀπὸ
647 3483 892 3553 καρδίας,
926 3485 1214 3558 ὡμοιώθης
1237 3485 1374 3557 Θεῷ.
1425 3486 1550 3540 Ἐὰν
1581 3483 1692 3550 οἷός
1716 3490 1861 3541 ἐστιν

282 3577 376 3628 ἐπὶ
401 3575 462 3627 σὲ
494 3575 586 3627 τὸν
627 3576 949 3647 ἁμαρτωλὸν
987 3580 1016 3630 6
1044 3577 1204 3645 Θεὸς,
1237 3578 1475 3641 τοιοῦτος
1497 3577 1630 3650 γένῃ
1653 3579 1748 3631 ἐπὶ
1769 3579 1861 3634 τὸν

279 3667 360 3727 εἰς
387 3665 448 3717 σὲ
485 3664 996 3736 πεπλημμεληκότα
1029 3665 1276 3735 ἀδελφὸν,
1318 3670 1385 3738 τῇ
1438 3668 1573 3737 πρὸς
1607 3667 1697 3721 τὸν
1723 3667 1860 3740 πλη-

283 3753 397 3806 σίον
421 3753 799 3824 εὑσπλαγχνίᾳ
824 3754 1111 3826 ὡμοιώθης
1131 3755 1268 3824 Θεῷ,
1293 3756 1433 3809 ὥστε
1458 3757 1517 3808 τὸ
1539 3760 1657 3811 κατ’
1680 3759 1861 3812 εἰκόνα

286 3842 386 3911 μὲν
414 3844 587 3914 ἔχεις,
638 3846 704 3924 ἐκ
739 3845 834 3897 τοῦ
877 3845 1089 3915 λογικὸς
1131 3842 1292 3902 εἶναι·
1347 3849 1470 3902 καθ’
1503 3851 1759 3920 ὁμοίωσιν
1805 3852 1862 3905 δὲ

282 3931 408 4002 γίνῃ
440 3933 508 3984 ἐκ
534 3932 632 3984 τοῦ
665 3935 1011 4005 χρηστότητα
1038 3937 1343 3996 ἀναλαϐεῖν.
1370 3940 1628 3996 Ἀνάλαϐε
1659 3943 1861 4012 σπλάγ-

283 4041 386 4092 χνα
433 4023 728 4094 οἰκτιρμοῦ
753 4066 767 4089 ,
810 4027 1172 4098 χρηστότητα,
1227 4029 1312 4082 ἵνα
1362 4031 1556 4106 ἐνδύσῃ
1606 4034 1857 4104 Χριστόν.

285 4113 362 4164 Δι’
389 4106 466 4166 ὧν
491 4116 604 4185 γὰρ
637 4115 1039 4186 ἁναλαμὸάνεις
1063 4120 1162 4191 τὴν
1193 4121 1555 4192 συμπάθειαν,
1592 4123 1660 4176 δι’
1683 4125 1861 4180 αὐτῶν

291 4203 520 4274 Χριστὸν
540 4209 757 4280 ἐνδύνῃ.
781 4211 876 4263 καὶ
897 4213 963 4281 τῇ
992 4212 1129 4281 πρὸς
1155 4213 1316 4266 αὐτὸν
1335 4213 1605 4268 οἰκειώσει
1630 4219 1860 4271 οἰκειού-

299 4311 453 4360 μενος
477 4298 616 4368 Θεῷ.
657 4299 844 4364 Οὕτως
876 4303 910 4371 ἠ
946 4303 1152 4373 ἱστορία
1185 4305 1464 4368 παίδευσίς
1488 4307 1603 4360 ἐστι
1626 4307 1719 4360 τοῦ
1746 4308 1858 4378 βίου

293 4386 386 4438 τοῦ
440 4389 800 4460 ἀνθρωπίνου.
859 4409 878 4443 ι
923 4394 1243 4465 Ποιήσωμεν
1295 4395 1574 4468 ἄνθρωπον
1616 4401 1734 4452 κατ’
1781 4403 1860 4454 εἰ-

299 4477 441 4532 κόνα.
499 4499 518 4530 ι
590 4481 741 4550 Ἐχω
779 4477 873 4534 οὖν
929 4484 986 4535 ἐν
1033 4486 1097 4554 τῇ
1153 4485 1328 4537 κτίσει
1376 4485 1436 4538 τὸ
1484 4488 1602 4540 κατ’
1654 4491 1856 4544 εἰκόνα·

301 4567 509 4640 γίνομαι
549 4571 609 4623 δέ
663 4575 732 4642 τῇ
767 4572 1058 4642 προθέσει,
1112 4577 1206 4627 καὶ
1259 4575 1380 4628 καθ’
1425 4578 1702 4646 ὁμοίωσιν,
1750 4582 1860 4634 Ποῦ

301 4671 390 4708 σου
449 4660 481 4728 ἡ
547 4659 745 4728 χάρις;
805 4659 893 4711 διὰ
945 4659 996 4712 τί
1058 4662 1121 4714 σὺ
1172 4662 1497 4730 ἐστεφανοῦς
1565 4665 1624 4718 Εἰ
1671 4665 1776 4736 γὰρ
1836 4668 1864 4718 6

301 4749 629 4818 Δημιουργὸς
654 4750 718 4801 τὸ
741 4749 860 4804 ὅλον
889 4750 1135 4803 ἀπέδωκε
1159 4793 1173 4816 ,
1203 4751 1317 4814 πῶς
1347 4754 1412 4806 ἄν
1446 4769 1530 4805 σοι
1555 4754 1589 4823 ἡ
1619 4754 1863 4822 βασιλεία

299 4836 402 4889 τῶν
433 4840 675 4909 οὐρανῶν
717 4841 998 4910 ἠνοίγετος
1043 4841 1158 4894 Νῦν
1197 4841 1253 4894 δὲ
1297 4843 1358 4896 τὸ
1393 4843 1489 4913 μὲν
1521 4843 1764 4915 ὲδόθη,τὸ
1807 4845 1864 4898 δὲ

300 4925 479 4991 ἀτελὲς
526 4929 855 5002 κατελείφθη
875 4948 890 4964 ο
941 4931 1026 4984 ἵνα
1079 4933 1302 4986 σεαυτὸν
1350 4934 1668 5004 τελειώσας,
1719 4935 1858 5001 ἄξιος

302 5017 424 5089 γένῃ
447 5021 542 5090 τῆς
574 5021 728 5091 παρὰ
761 5021 858 5074 τοῦ
883 5021 1019 5074 Θεοῦ
1054 5022 1486 5090 μισθαποδοσίας.

1965 1943 2120 2001 Nunc
2155 1954 2338 2001 autem
2373 1955 2650 2016 potestate
2672 1961 2775 2002 nos
2805 1947 2936 2002 fecit
2971 1948 3179 2003 similes
3224 1946 3338 2002 Dei.
3378 1947 3539 2002 Pote-

1965 2045 2160 2092 statem
2193 2045 2379 2092 autem
2427 2038 2699 2102 tribuens,
2755 2047 2812 2092 ut
2860 2038 2982 2108 ejus
3035 2039 3245 2094 similes
3283 2038 3539 2093 reddere-

1966 2143 2108 2192 mur,
2143 2129 2397 2198 permisit
2425 2129 2608 2196 nobis,
2647 2139 2705 2184 ut
2730 2144 2980 2185 essemus
3014 2130 3164 2185 illius
3219 2129 3539 2184 similitudi-

1963 2222 2050 2276 nis
2077 2220 2382 2285 effectores,
2421 2236 2529 2291 quo
2567 2237 2776 2277 merces
2811 2221 2994 2292 operis
3031 2230 3219 2278 nostra
3261 2221 3420 2286 foret,
3467 2237 3536 2276 ne

1963 2320 2163 2367 nostrae
2192 2312 2572 2368 similitudinis
2593 2313 2806 2368 laudem
2839 2312 3101 2368 auferret.
3122 2313 3359 2379 Quando
3383 2313 3530 2368 enim

1962 2400 2188 2470 efﬁgiem
2220 2400 2459 2470 aliquam
2501 2405 2685 2456 cernis
2731 2401 3019 2472 diligenter
3069 2400 3428 2464 elaboratam,
3485 2404 3538 2451 et

1961 2488 2240 2558 exemplar
2294 2489 2500 2559 optime
2551 2488 2899 2550 referentem,
2949 2502 3060 2542 non
3097 2488 3271 2558 ipsam
3321 2485 3532 2549 laudas,

1963 2583 2055 2637 sed
2091 2583 2355 2650 pictorem
2383 2580 2691 2636 admiraris.
2723 2579 3088 2650 Quapropter,
3144 2587 3200 2633 ut
3232 2595 3371 2639 mea,
3429 2591 3536 2631 non

1963 2673 2192 2728 alterius
2221 2681 2373 2727 esset
2393 2672 2678 2726 admiratio
2716 2712 2729 2735 ,
2780 2673 3004 2741 reliquit
3035 2673 3186 2734 mihi,
3240 2678 3297 2724 ut
3326 2671 3391 2724 ad
3418 2671 3538 2738 ejus

1963 2763 2376 2817 similitudinem
2413 2763 2615 2817 fierem.
2650 2762 2724 2816 Ex
2749 2763 2985 2833 imagine
3015 2763 3207 2825 habeo,
3237 2769 3294 2814 ut
3321 2761 3538 2814 ratione

1962 2853 2063 2907 sim
2121 2853 2423 2923 praeditus;
2481 2866 2546 2907 ex
2581 2851 2947 2907 similitudine
3000 2859 3203 2917 autem,
3258 2863 3316 2905 ut
3358 2851 3537 2907 bonus

1960 2942 2182 2997 efﬁciar.
2219 2941 2405 2996 Estote
2446 2941 2687 3011 perfecti,
2710 2933 2856 2996 sicut
2888 2941 3051 2996 Pater
3077 2949 3260 2996 vester
3299 2941 3538 2996 caelestis

1960 3033 2233 3101 perfectus
2283 3039 2390 3087 est.
2436 3030 2598 3086 Vides
2638 3031 2912 3102 quomodo
2952 3031 3111 3086 nobis
3147 3030 3414 3084 Dominus
3478 3030 3539 3084 il-

1968 3123 2061 3177 lud
2091 3124 2157 3177 ad
2184 3122 2598 3179 similitudinem
2620 3122 2851 3178 reddat?
2875 3122 3141 3189 Quoniam
3173 3123 3342 3178 solem
3374 3138 3535 3178 suum

1967 3215 2096 3270 oriri
2132 3213 2261 3268 facit
2293 3229 2455 3284 super
2512 3213 2686 3269 malos
2735 3221 2789 3268 et
2830 3213 3031 3277 bonos,
3082 3222 3132 3268 et
3190 3213 3328 3282 pluit
3374 3229 3539 3283 super

1963 3305 2141 3375 justos
2161 3315 2215 3360 et
2244 3305 2500 3374 injustos.
2533 3303 2589 3358 Si
2641 3304 2822 3358 oderis
2849 3305 3076 3367 scelera,
3126 3304 3173 3358 si
3212 3303 3535 3373 iniuriarum

1967 3398 2288 3452 memoriam
2346 3395 2635 3460 deleveris,
2689 3395 2735 3449 si
2785 3395 3072 3450 hesternas
3124 3395 3453 3458 simultates,
3485 3402 3540 3448 et

1968 3485 2281 3539 inimicitias
2322 3484 2598 3539 oblivione
2630 3483 2938 3538 voluntaria
2969 3484 3312 3553 deposueris,
3347 3482 3392 3537 si
3435 3481 3539 3534 [ηις

1967 3585 2103 3632 trem
2136 3591 2340 3641 amore,
2375 3576 2772 3639 benevolentia,
2809 3575 3164 3642 benignitate,
3213 3574 3530 3628 miscricor-

1969 3664 2059 3718 dia
2101 3666 2426 3735 complexus
2459 3664 2652 3726 fueris,
2688 3663 2800 3715 Deo
2827 3665 3024 3717 similis
3059 3670 3280 3717 evades.
3317 3663 3371 3716 Si
3397 3665 3539 3730 inju-

1968 3755 2082 3811 rias
2111 3771 2176 3811 ex
2202 3755 2393 3809 intimo
2421 3754 2586 3808 corde
2615 3752 2920 3819 remiseris,
2953 3752 3062 3807 Deo
3087 3754 3285 3808 similis
3314 3753 3532 3808 evades.

1970 3846 2050 3912 Si,
2088 3848 2268 3917 qualis
2300 3853 2386 3901 cst
2418 3861 2548 3916 erga
2595 3853 2648 3899 te
2680 3855 3027 3914 peccatorcm
3059 3845 3222 3906 Deus.
3278 3847 3436 3901 talem
3485 3856 3536 3900 te

1965 3939 2269 4010 praebueris
2311 3937 2648 4006 delinquenti
2687 3936 2865 4001 fratri,
2920 3944 3009 3991 ιοςι
3046 3952 3174 4007 erga
3223 3939 3532 4007 proximum

1965 4035 2120 4082 tuum
2153 4026 2536 4083 misericordia
2570 4026 2683 4081 Deo
2743 4027 2945 4082 similis
2975 4028 3194 4081 evades.
3232 4025 3410 4080 Habes
3437 4027 3534 4095 igi-

1965 4129 2055 4176 tur
2093 4120 2386 4191 imaginem
2419 4135 2484 4174 ex
2531 4134 2629 4183 eo,
2675 4119 2822 4189 quod
2883 4121 3114 4174 rationis
3157 4134 3217 4174 es
3270 4134 3529 4188 compos;

1964 4213 2376 4269 similitudinem
2413 4219 2616 4274 autem,
2647 4211 2774 4279 quia
2796 4210 3075 4274 virtutem,
3118 4208 3443 4278 probitatem
3479 4219 3532 4264 et

1963 4304 2266 4359 bonitatem
2295 4302 2646 4372 amplexeris.
2676 4299 2908 4370 Suscipe
2933 4300 3100 4371 igitur
3124 4299 3333 4354 viscera
3371 4299 3532 4354 mise-

1964 4391 2242 4452 ricordiae,
2263 4389 2673 4445 beneficentiam
2691 4403 2908 4451 exerce,
2926 4397 2988 4442 ut
3005 4387 3205 4475 induas
3222 4388 3527 4445 Christum.

1893 4517 1936 4571 ι)
1963 4480 2068 4536 Per
2091 4496 2233 4552 quos
2265 4481 2410 4536 enim
2445 4479 2766 4535 misericors
2813 4488 2867 4536 et
2899 4480 3170 4550 benignus
3200 4496 3283 4544 es,
3317 4495 3414 4551 per
3435 4496 3530 4536 cos

1963 4573 2246 4628 Christum
2285 4571 2492 4634 induis,
2523 4571 2839 4640 Christique
2868 4571 3281 4628 necessitudine
3309 4579 3364 4627 et
3395 4588 3529 4628 con-

1957 4664 2242 4734 junctione
2272 4677 2400 4716 cum
2441 4662 2552 4717 Deo
2598 4662 2953 4733 conjungeris
2983 4678 3048 4718 ac
3080 4663 3399 4719 devinciris.
3430 4663 3529 4717 At-

1963 4772 2070 4826 que
2109 4754 2214 4808 hoc
2249 4753 2410 4808 modo
2437 4754 2669 4808 historia
2699 4762 2782 4809 est
2816 4755 3070 4810 humanae
3100 4755 3224 4810 vitae
3256 4755 3529 4810 institutio

1959 4857 2124 4918 atque
2159 4845 2495 4900 informatio.
2531 4863 2549 4897 ι
2590 4843 2886 4901 Faciamus
2913 4847 3189 4901 hominem
3217 4847 3284 4901 ad
3332 4847 3527 4916 imagi-

1959 4953 2105 4993 nem.
2133 4957 2151 4989 ι
2181 4936 2354 4992 Habet
2381 4938 2544 4990 homo
2593 4938 2649 4991 in
2673 4937 2954 4992 creatione
2984 4951 3108 5001 sua,
3130 4945 3187 4991 ut
3211 4937 3284 4992 sit
3303 4937 3368 4990 ad
3388 4938 3526 4991 ima-

1958 5028 2162 5099 ginem,
2183 5025 2276 5079 fiat
2301 5025 2366 5080 ad
2391 5025 2826 5080 similitudinem.
2845 5023 2948 5081 Ubi
2966 5025 3065 5080 tibi
3093 5025 3300 5095 gratia?
3323 5023 3528 5089 Quam-

294 5108 467 5164 obrem
513 5113 846 5168 coronaris?
888 5111 946 5167 Si
981 5113 1212 5170 Creator
1250 5115 1435 5172 omnia
1465 5116 1635 5179 dedit,
1677 5120 1957 5187 quomodo
1990 5122 2089 5176 tibi
2129 5127 2276 5191 patet
2301 5131 2564 5174 ascensus
2593 5118 2648 5172 in
2677 5119 2921 5173 cmlum?
2949 5117 3129 5172 Unum
3157 5118 3323 5187 igitur
3350 5117 3521 5181 dedit,

294 5200 508 5256 alterum
543 5205 861 5259 inchoatum
881 5206 1128 5276 reliquit.
1148 5215 1208 5262 ut
1224 5217 1276 5265 te
1303 5211 1421 5280 ipse
1450 5210 1741 5280 perficiens
1767 5211 1967 5284 dignus
1983 5215 2103 5278 fias,
2127 5213 2221 5284 qui
2263 5227 2293 5266 a
2317 5210 2428 5266 Deo
2445 5211 2724 5280 praemium
2747 5219 2800 5268 et
2817 5212 3122 5267 mercedem
3145 5210 3522 5279 consequaris.

355 5299 466 5364 Πῶς
495 5297 586 5356 οὖν
617 5301 884 5372 γινόμεθα
911 5301 1033 5356 καθ’
1079 5301 1366 5371 ὁμοίωσιν;
1397 5299 1496 5354 Διὰ
1527 5299 1634 5354 τῶν
1662 5300 1840 5370 Εὐαγ-

2017 5304 2300 5372 Quomodo
2335 5305 2500 5374 igitur
2531 5303 2598 5357 ad
2635 5301 3052 5358 similitudinem
3085 5297 3381 5353 efﬁcimur?
3410 5297 3515 5351 Per

291 5389 486 5453 τελέων.
510 5394 573 5445 Τί
599 5396 716 5446 ἐστι
741 5389 1208 5464 Χριστιανισμός;
1245 5389 1379 5443 Θεοῦ
1411 5392 1670 5461 ὁμοίωσις
1701 5391 1843 5444 κατὰ

1962 5397 2322 5466 Evangelium.
2359 5393 2502 5461 Quid
2552 5394 2697 5448 enim
2741 5391 2891 5446 aliud
2939 5397 3045 5455 est,
3085 5405 3208 5446 esse
3244 5386 3505 5444 Christia-

293 5479 346 5531 τὸ
374 5484 707 5555 ἐνδεχόμενον
737 5484 1026 5557 ἀνθρώπου
1062 5485 1240 5553 φύσει.
1275 5482 1338 5536 Εἰ
1366 5482 1596 5546 ἀνεδέξω
1620 5482 1680 5534 τὸ
1705 5479 1845 5536 εἶναι

1962 5503 2104 5551 num,
2125 5487 2230 5541 nisi
2266 5486 2464 5540 habere
2490 5500 2614 5539 cum
2647 5483 3204 5543 Deosimilitudinem,
3240 5484 3508 5549 quatenus

297 5569 614 5639 Χριστιανὸς.
651 5576 930 5648 ἐπείχθητι
959 5576 1210 5646 γενέσθαι
1239 5575 1420 5645 ὅμοιος
1457 5573 1594 5644 Θεῷ,
1629 5573 1846 5628 ἔνδυσαι

1962 5579 2348 5647 capithnmana
2380 5576 2610 5630 natura?
2647 5573 2901 5637 Proinde,
2932 5572 3188 5645 quoniam
3234 5569 3508 5635 accepisti,

304 5660 531 5730 Χριστόν.
562 5666 685 5729 Πῶς
729 5667 786 5720 δὲ
820 5669 1006 5745 ἐνδύσῃ
1036 5673 1064 5726 6
1107 5671 1169 5724 τὸ
1199 5669 1481 5740 βάπτισμα
1517 5667 1591 5736 μὴ
1630 5666 1844 5733 λαϐών;

306 5752 332 5800 ὸ
365 5756 420 5805 τὸ
443 5756 642 5826 ἔνδυμα
672 5759 766 5828 τῆς
795 5762 1097 5838 ἀφθαρσίας
1131 5763 1209 5834 μὴ
1236 5757 1560 5825 δεξάμενος;
1594 5757 1848 5828 ἀποπέμ-

317 5856 413 5906 tu;
447 5847 532 5919 τὴν
561 5849 693 5920 πρὸς
721 5850 846 5906 Θεὸν
880 5858 1168 5932 ὁμοίωσιν;
1205 5855 1268 5908 Εἰ
1301 5845 1485 5915 ἔλεγόν
1524 5864 1622 5915 σοι,
1660 5849 1846 5919 Δεῦρο,

1955 5676 2014 5721 ut
2048 5684 2198 5723 esses
2229 5667 2598 5732 Christianus,
2629 5679 2849 5735 operam
2874 5663 2965 5729 da,
3011 5670 3070 5716 ut
3098 5660 3174 5715 sis
3209 5659 3315 5712 Deo
3361 5657 3511 5710 simi-

1956 5760 2024 5813 lis
2051 5779 2063 5813 :
2096 5759 2260 5813 indue
2289 5760 2569 5815 Christum
2599 5775 2614 5822 ;
2653 5771 2762 5826 quo
2806 5763 2988 5811 autem
3040 5759 3215 5824 pacto.
3243 5751 3396 5805 illum
3431 5749 3515 5804 in-

1957 5850 2114 5915 ducs,
2143 5849 2247 5906 nisi
2279 5850 2398 5919 ejus
2437 5849 2668 5922 sigueris
2697 5847 2867 5902 nota?
2900 5847 3006 5905 nisi
3033 5846 3367 5917 baptismum
3396 5857 3522 5898 sus-
