  <div class='ocr_page' id='page_1' title='image "/cluster/home/n/w/nwhite01/storage/ocr_20150623/44/hvd.32044052767431/143.png"; bbox 0 0 4088 6210; ppageno 0'>
   <div class='ocr_carea' id='block_1_1' title="bbox 723 326 3772 399">
    <p class='ocr_par' dir='ltr' id='par_1_1' title="bbox 723 326 3772 399">
     <span class='ocr_line' id='line_1_1' title="bbox 723 326 3772 399; baseline 0.006 -20"><span class='ocrx_word' id='word_1_1' title='bbox 723 326 828 381; x_wconf 75' lang='lat'><strong>275</strong></span> <span class='ocrx_word' id='word_1_2' title='bbox 1921 337 1978 394; x_wconf 88' lang='lat' dir='ltr'><strong>S.</strong></span> <span class='ocrx_word' id='word_1_3' title='bbox 2015 337 2344 395; x_wconf 82' lang='lat' dir='ltr'><strong>GREGORII</strong></span> <span class='ocrx_word' id='word_1_4' title='bbox 2380 338 2670 396; x_wconf 76' lang='lat' dir='ltr'><strong>NYSSENI</strong></span> <span class='ocrx_word' id='word_1_5' title='bbox 3725 344 3772 399; x_wconf 68' lang='grc' dir='ltr'><strong>Ξῖ</strong></span> 
     </span>
    </p>
   </div>
   <div class='ocr_carea' id='block_1_2' title="bbox 723 439 2337 520">
    <p class='ocr_par' dir='ltr' id='par_1_2' title="bbox 723 439 2337 518">
     <span class='ocr_line' id='line_1_2' title="bbox 723 439 2337 518; baseline 0.006 -24"><span class='ocrx_word' id='word_1_6' title='bbox 723 439 941 507; x_wconf 73' lang='lat' dir='ltr'><strong>cipias?</strong></span> <span class='ocrx_word' id='word_1_7' title='bbox 987 439 1091 496; x_wconf 84' lang='lat' dir='ltr'><strong>nisi</strong></span> <span class='ocrx_word' id='word_1_8' title='bbox 1156 440 1347 513; x_wconf 84' lang='lat' dir='ltr'><strong>capias</strong></span> <span class='ocrx_word' id='word_1_9' title='bbox 1396 445 1825 518; x_wconf 82' lang='lat' dir='ltr'><strong>i‘ncorruptionis</strong></span> <span class='ocrx_word' id='word_1_10' title='bbox 1872 451 2337 514; x_wconf 67' lang='lat' dir='ltr'><strong>indumentumH</strong></span> 
     </span>
    </p>
   </div>
   <div class='ocr_carea' id='block_1_3' title="bbox 2157 439 3771 520">
    <p class='ocr_par' dir='ltr' id='par_1_3' title="bbox 2161 445 3771 520">
     <span class='ocr_line' id='line_1_3' title="bbox 2161 445 3771 520; baseline 0 -16"><span class='ocrx_word' id='word_1_11' title='bbox 2161 451 2292 504; x_wconf 91' lang='lat' dir='ltr'><strong>um?</strong></span> <span class='ocrx_word' id='word_1_12' title='bbox 2321 455 2366 514; x_wconf 76' lang='grc' dir='ltr'><strong>Δ</strong></span> <span class='ocrx_word' id='word_1_13' title='bbox 2393 451 2550 519; x_wconf 79' lang='grc' dir='ltr'><strong>γενοῦ</strong></span> <span class='ocrx_word' id='word_1_14' title='bbox 2583 452 2769 520; x_wconf 82' lang='grc' dir='ltr'>ὅμοιος</span> <span class='ocrx_word' id='word_1_15' title='bbox 2807 448 3030 520; x_wconf 84' lang='grc' dir='ltr'>βασιλεῖ,</span> <span class='ocrx_word' id='word_1_16' title='bbox 3058 449 3160 503; x_wconf 80' lang='grc' dir='ltr'><strong>οὐκ</strong></span> <span class='ocrx_word' id='word_1_17' title='bbox 3197 448 3264 504; x_wconf 78' lang='grc' dir='ltr'><strong>ἂν</strong></span> <span class='ocrx_word' id='word_1_18' title='bbox 3292 445 3422 520; x_wconf 80' lang='grc' dir='ltr'><strong>εὗεργ</strong></span> <span class='ocrx_word' id='word_1_19' title='bbox 3446 465 3518 520; x_wconf 78' lang='grc' dir='ltr'><strong>την</strong></span> <span class='ocrx_word' id='word_1_20' title='bbox 3541 467 3592 520; x_wconf 81' lang='grc' dir='ltr'><strong>με</strong></span> <span class='ocrx_word' id='word_1_21' title='bbox 3614 448 3771 520; x_wconf 68' lang='grc' dir='ltr'>ἔκρινας</span> 
     </span>
    </p>
   </div>
   <div class='ocr_carea' id='block_1_4' title="bbox 725 528 2339 615">
    <p class='ocr_par' dir='ltr' id='par_1_4' title="bbox 725 528 2297 612">
     <span class='ocr_line' id='line_1_4' title="bbox 725 528 2297 612; baseline 0.01 -31"><span class='ocrx_word' id='word_1_22' title='bbox 725 528 1002 599; x_wconf 80' lang='lat' dir='ltr'><strong>Repudias</strong></span> <span class='ocrx_word' id='word_1_23' title='bbox 1033 531 1447 590; x_wconf 74' lang='lat' dir='ltr'><strong>similitudinem</strong></span> <span class='ocrx_word' id='word_1_24' title='bbox 1481 538 1610 592; x_wconf 89' lang='lat' dir='ltr'><strong>Dei?</strong></span> <span class='ocrx_word' id='word_1_25' title='bbox 1640 541 1684 594; x_wconf 90' lang='lat' dir='ltr'><strong>si</strong></span> <span class='ocrx_word' id='word_1_26' title='bbox 1713 539 1977 596; x_wconf 79' lang='lat' dir='ltr'><strong>dixissem</strong></span> <span class='ocrx_word' id='word_1_27' title='bbox 2016 541 2138 606; x_wconf 82' lang='lat' dir='ltr'><strong>libi,</strong></span> <span class='ocrx_word' id='word_1_28' title='bbox 2162 542 2297 612; x_wconf 84' lang='lat' dir='ltr'><strong>Age-</strong></span> 
     </span>
    </p>
   </div>
   <div class='ocr_carea' id='block_1_5' title="bbox 2157 528 3771 615">
    <p class='ocr_par' dir='ltr' id='par_1_5' title="bbox 2162 542 3771 615">
     <span class='ocr_line' id='line_1_5' title="bbox 2162 542 3771 615; baseline 0.001 -19"><span class='ocrx_word' id='word_1_29' title='bbox 2162 542 2297 612; x_wconf 81' lang='lat' dir='ltr'><strong>Agc-</strong></span> <span class='ocrx_word' id='word_1_30' title='bbox 2408 544 2621 615; x_wconf 80' lang='grc' dir='ltr'><strong>Ἐπειδὴ</strong></span> <span class='ocrx_word' id='word_1_31' title='bbox 2668 543 2925 613; x_wconf 82' lang='grc' dir='ltr'><strong>βούλομαί</strong></span> <span class='ocrx_word' id='word_1_32' title='bbox 2971 560 3030 595; x_wconf 88' lang='grc' dir='ltr'><strong>σε</strong></span> <span class='ocrx_word' id='word_1_33' title='bbox 3061 545 3244 613; x_wconf 81' lang='grc' dir='ltr'>ὅμοιον</span> <span class='ocrx_word' id='word_1_34' title='bbox 3283 542 3397 613; x_wconf 77' lang='grc' dir='ltr'><strong>Θεῷο</strong></span> <span class='ocrx_word' id='word_1_35' title='bbox 3415 543 3613 614; x_wconf 80' lang='grc' dir='ltr'>ποιῆσαι,</span> <span class='ocrx_word' id='word_1_36' title='bbox 3644 543 3771 612; x_wconf 79' lang='grc' dir='ltr'><strong>φεύγε</strong></span> 
     </span>
    </p>
   </div>
   <div class='ocr_carea' id='block_1_6' title="bbox 723 621 2337 702">
    <p class='ocr_par' dir='ltr' id='par_1_6' title="bbox 723 621 2297 697">
     <span class='ocr_line' id='line_1_6' title="bbox 723 621 2297 697; baseline 0.011 -26"><span class='ocrx_word' id='word_1_37' title='bbox 723 621 876 686; x_wconf 89' lang='lat' dir='ltr'><strong>dum,</strong></span> <span class='ocrx_word' id='word_1_38' title='bbox 900 629 1018 676; x_wconf 88' lang='lat' dir='ltr'><strong>esto</strong></span> <span class='ocrx_word' id='word_1_39' title='bbox 1050 623 1247 680; x_wconf 86' lang='lat' dir='ltr'><strong>similis</strong></span> <span class='ocrx_word' id='word_1_40' title='bbox 1280 625 1432 697; x_wconf 81' lang='lat' dir='ltr'><strong>Regi,</strong></span> <span class='ocrx_word' id='word_1_41' title='bbox 1454 643 1636 684; x_wconf 87' lang='lat' dir='ltr'><strong>nonne</strong></span> <span class='ocrx_word' id='word_1_42' title='bbox 1667 632 1903 686; x_wconf 89' lang='lat' dir='ltr'><strong>amicum</strong></span> <span class='ocrx_word' id='word_1_43' title='bbox 1931 649 2016 688; x_wconf 88' lang='lat' dir='ltr'><strong>me</strong></span> <span class='ocrx_word' id='word_1_44' title='bbox 2038 648 2102 688; x_wconf 89' lang='lat' dir='ltr'><strong>ac</strong></span> <span class='ocrx_word' id='word_1_45' title='bbox 2131 634 2297 689; x_wconf 90' lang='lat' dir='ltr'><strong>bene-</strong></span> 
     </span>
    </p>
   </div>
   <div class='ocr_carea' id='block_1_7' title="bbox 2154 621 3768 702">
    <p class='ocr_par' dir='ltr' id='par_1_7' title="bbox 2154 628 3768 702">
     <span class='ocr_line' id='line_1_7' title="bbox 2154 628 3768 702; baseline 0 -16"><span class='ocrx_word' id='word_1_46' title='bbox 2154 649 2297 689; x_wconf 60' lang='lat' dir='ltr'><strong>bene-</strong></span> <span class='ocrx_word' id='word_1_47' title='bbox 2394 632 2484 686; x_wconf 78' lang='grc' dir='ltr'><strong>τὸν</strong></span> <span class='ocrx_word' id='word_1_48' title='bbox 2513 631 2669 699; x_wconf 83' lang='grc' dir='ltr'>λόγον</span> <span class='ocrx_word' id='word_1_49' title='bbox 2695 631 2785 684; x_wconf 88' lang='grc' dir='ltr'><strong>τὸν</strong></span> <span class='ocrx_word' id='word_1_50' title='bbox 2807 630 3159 685; x_wconf 80' lang='grc' dir='ltr'><strong>θεοποιοῦντὰ</strong></span> <span class='ocrx_word' id='word_1_51' title='bbox 3183 648 3264 698; x_wconf 86' lang='grc' dir='ltr'><strong>σε,</strong></span> <span class='ocrx_word' id='word_1_52' title='bbox 3286 631 3630 702; x_wconf 72' lang='grc' dir='ltr'><strong>ἐπιφραξάμενος</strong></span> <span class='ocrx_word' id='word_1_53' title='bbox 3641 633 3693 686; x_wconf 76' lang='grc' dir='ltr'><strong>τὰ</strong></span> <span class='ocrx_word' id='word_1_54' title='bbox 3711 628 3768 687; x_wconf 76' lang='grc' dir='ltr'><strong>ὣς</strong></span> 
     </span>
    </p>
   </div>
   <div class='ocr_carea' id='block_1_8' title="bbox 725 711 2339 794">
    <p class='ocr_par' dir='ltr' id='par_1_8' title="bbox 725 711 2296 780">
     <span class='ocr_line' id='line_1_8' title="bbox 725 711 2296 780; baseline 0.01 -17"><span class='ocrx_word' id='word_1_55' title='bbox 725 713 886 764; x_wconf 85' lang='lat' dir='ltr'><strong>ticum</strong></span> <span class='ocrx_word' id='word_1_56' title='bbox 910 711 1483 773; x_wconf 69' lang='lat' dir='ltr'><strong>existimares?Nuuc</strong></span> <span class='ocrx_word' id='word_1_57' title='bbox 1526 729 1706 776; x_wconf 91' lang='lat' dir='ltr'><strong>autem</strong></span> <span class='ocrx_word' id='word_1_58' title='bbox 1755 724 1880 778; x_wconf 87' lang='lat' dir='ltr'><strong>volo</strong></span> <span class='ocrx_word' id='word_1_59' title='bbox 1920 733 1973 779; x_wconf 89' lang='lat' dir='ltr'><strong>te</strong></span> <span class='ocrx_word' id='word_1_60' title='bbox 2015 724 2109 780; x_wconf 88' lang='lat' dir='ltr'><strong>Dei</strong></span> <span class='ocrx_word' id='word_1_61' title='bbox 2151 725 2296 780; x_wconf 84' lang='lat' dir='ltr'><strong>simi-</strong></span> 
     </span>
    </p>
   </div>
   <div class='ocr_carea' id='block_1_9' title="bbox 2156 711 3770 794">
    <p class='ocr_par' dir='ltr' id='par_1_9' title="bbox 2156 721 3770 794">
     <span class='ocr_line' id='line_1_9' title="bbox 2156 721 3770 794; baseline -0.002 -15"><span class='ocrx_word' id='word_1_62' title='bbox 2156 725 2296 780; x_wconf 82' lang='lat' dir='ltr'><strong>simi-</strong></span> <span class='ocrx_word' id='word_1_63' title='bbox 2397 723 2485 776; x_wconf 76' lang='grc' dir='ltr'><strong>ἵνα</strong></span> <span class='ocrx_word' id='word_1_64' title='bbox 2516 723 2649 792; x_wconf 83' lang='grc' dir='ltr'>μηδὲ</span> <span class='ocrx_word' id='word_1_65' title='bbox 2672 721 2907 792; x_wconf 81' lang='grc' dir='ltr'><strong>ἀκούσῃς</strong></span> <span class='ocrx_word' id='word_1_66' title='bbox 2937 722 3044 776; x_wconf 86' lang='grc' dir='ltr'><strong>τῶν</strong></span> <span class='ocrx_word' id='word_1_67' title='bbox 3070 723 3344 794; x_wconf 78' lang='grc' dir='ltr'><strong>σωτηρίων</strong></span> <span class='ocrx_word' id='word_1_68' title='bbox 3365 723 3514 790; x_wconf 84' lang='grc' dir='ltr'>λόγων;</span> <span class='ocrx_word' id='word_1_69' title='bbox 3539 724 3658 776; x_wconf 74' lang='grc' dir='ltr'><strong>(Καὶ</strong></span> <span class='ocrx_word' id='word_1_70' title='bbox 3681 725 3770 777; x_wconf 67' lang='lat' dir='ltr'><strong>iano!</strong></span> 
     </span>
    </p>
   </div>
   <div class='ocr_carea' id='block_1_10' title="bbox 725 801 2339 886">
    <p class='ocr_par' dir='ltr' id='par_1_10' title="bbox 725 801 2292 884">
     <span class='ocr_line' id='line_1_10' title="bbox 725 801 2292 884; baseline 0.01 -31"><span class='ocrx_word' id='word_1_71' title='bbox 725 801 830 855; x_wconf 90' lang='lat' dir='ltr'><strong>lem</strong></span> <span class='ocrx_word' id='word_1_72' title='bbox 858 817 1000 867; x_wconf 90' lang='lat' dir='ltr'><strong>esse,</strong></span> <span class='ocrx_word' id='word_1_73' title='bbox 1036 811 1090 858; x_wconf 91' lang='lat' dir='ltr'><strong>et</strong></span> <span class='ocrx_word' id='word_1_74' title='bbox 1121 805 1426 862; x_wconf 85' lang='lat' dir='ltr'><strong>orationem</strong></span> <span class='ocrx_word' id='word_1_75' title='bbox 1478 816 1530 862; x_wconf 89' lang='lat' dir='ltr'><strong>te</strong></span> <span class='ocrx_word' id='word_1_76' title='bbox 1591 808 1750 864; x_wconf 74' lang='lat' dir='ltr'><strong>deum</strong></span> <span class='ocrx_word' id='word_1_77' title='bbox 1785 811 2110 868; x_wconf 77' lang='lat' dir='ltr'><strong>efﬁcientem</strong></span> <span class='ocrx_word' id='word_1_78' title='bbox 2151 813 2292 884; x_wconf 80' lang='lat' dir='ltr'><strong>fugis</strong></span> 
     </span>
    </p>
   </div>
   <div class='ocr_carea' id='block_1_11' title="bbox 2156 801 3770 886">
    <p class='ocr_par' dir='ltr' id='par_1_11' title="bbox 2156 812 3770 886">
     <span class='ocr_line' id='line_1_11' title="bbox 2156 812 3770 886; baseline 0.001 -21"><span class='ocrx_word' id='word_1_79' title='bbox 2156 813 2292 884; x_wconf 84' lang='lat' dir='ltr'><strong>fugis</strong></span> <span class='ocrx_word' id='word_1_80' title='bbox 2398 829 2488 867; x_wconf 86' lang='grc' dir='ltr'><strong>σεν</strong></span> <span class='ocrx_word' id='word_1_81' title='bbox 2515 814 2544 864; x_wconf 86' lang='grc' dir='ltr'>ὁ</span> <span class='ocrx_word' id='word_1_82' title='bbox 2573 814 2704 876; x_wconf 83' lang='grc' dir='ltr'>Θεὸς</span> <span class='ocrx_word' id='word_1_83' title='bbox 2737 813 2829 866; x_wconf 82' lang='grc' dir='ltr'><strong>τὸν</strong></span> <span class='ocrx_word' id='word_1_84' title='bbox 2871 812 3160 884; x_wconf 82' lang='grc' dir='ltr'>ἄνθρωπον</span> <span class='ocrx_word' id='word_1_85' title='bbox 3187 814 3304 868; x_wconf 90' lang='grc' dir='ltr'><strong>κατ’</strong></span> <span class='ocrx_word' id='word_1_86' title='bbox 3333 814 3492 867; x_wconf 73' lang='grc' dir='ltr'><strong>εἰκόνα.</strong></span> <span class='ocrx_word' id='word_1_87' title='bbox 3525 833 3540 866; x_wconf 82' lang='grc' dir='ltr'><strong>ι</strong></span> <span class='ocrx_word' id='word_1_88' title='bbox 3566 814 3646 868; x_wconf 76' lang='grc' dir='ltr'><strong>Τὸν</strong></span> <span class='ocrx_word' id='word_1_89' title='bbox 3667 815 3770 886; x_wconf 77' lang='grc' dir='ltr'><strong>ἄνθρ</strong></span> 
     </span>
    </p>
   </div>
   <div class='ocr_carea' id='block_1_12' title="bbox 723 898 2337 978">
    <p class='ocr_par' dir='ltr' id='par_1_12' title="bbox 723 898 2293 968">
     <span class='ocr_line' id='line_1_12' title="bbox 723 898 2293 968; baseline 0.008 -22"><span class='ocrx_word' id='word_1_90' title='bbox 723 903 776 946; x_wconf 91' lang='lat' dir='ltr'><strong>et</strong></span> <span class='ocrx_word' id='word_1_91' title='bbox 811 898 1122 964; x_wconf 88' lang='lat' dir='ltr'><strong>aspcrnaris</strong></span> <span class='ocrx_word' id='word_1_92' title='bbox 1144 899 1167 951; x_wconf 85' lang='lat'><strong>?</strong></span> <span class='ocrx_word' id='word_1_93' title='bbox 1189 907 1240 952; x_wconf 92' lang='lat' dir='ltr'><strong>et</strong></span> <span class='ocrx_word' id='word_1_94' title='bbox 1266 913 1429 954; x_wconf 87' lang='lat' dir='ltr'><strong>aures</strong></span> <span class='ocrx_word' id='word_1_95' title='bbox 1476 902 1740 968; x_wconf 84' lang='lat' dir='ltr'><strong>obstruis,</strong></span> <span class='ocrx_word' id='word_1_96' title='bbox 1791 919 1859 959; x_wconf 92' lang='lat' dir='ltr'><strong>ne</strong></span> <span class='ocrx_word' id='word_1_97' title='bbox 1887 905 2050 959; x_wconf 86' lang='lat' dir='ltr'><strong>verba</strong></span> <span class='ocrx_word' id='word_1_98' title='bbox 2099 906 2293 960; x_wconf 89' lang='lat' dir='ltr'><strong>salutis</strong></span> 
     </span>
    </p>
   </div>
   <div class='ocr_carea' id='block_1_13' title="bbox 2157 898 3771 978">
    <p class='ocr_par' dir='ltr' id='par_1_13' title="bbox 2157 903 3771 978">
     <span class='ocr_line' id='line_1_13' title="bbox 2157 903 3771 978; baseline 0.001 -21"><span class='ocrx_word' id='word_1_99' title='bbox 2157 906 2293 959; x_wconf 84' lang='lat' dir='ltr'><strong>lutis</strong></span> <span class='ocrx_word' id='word_1_100' title='bbox 2397 920 2518 969; x_wconf 87' lang='grc' dir='ltr'>πον,</span> <span class='ocrx_word' id='word_1_101' title='bbox 2549 903 2716 974; x_wconf 79' lang='grc' dir='ltr'>φησὶν</span> <span class='ocrx_word' id='word_1_102' title='bbox 2765 905 2799 974; x_wconf 88' lang='grc' dir='ltr'>ἡ</span> <span class='ocrx_word' id='word_1_103' title='bbox 2837 904 2995 975; x_wconf 83' lang='grc' dir='ltr'><strong>γυνὴ,</strong></span> <span class='ocrx_word' id='word_1_104' title='bbox 3037 904 3088 957; x_wconf 91' lang='grc' dir='ltr'>τί</span> <span class='ocrx_word' id='word_1_105' title='bbox 3133 906 3269 976; x_wconf 84' lang='grc' dir='ltr'>πρὸς</span> <span class='ocrx_word' id='word_1_106' title='bbox 3301 907 3412 977; x_wconf 83' lang='grc' dir='ltr'><strong>ὲμέ;</strong></span> <span class='ocrx_word' id='word_1_107' title='bbox 3451 907 3609 978; x_wconf 84' lang='grc' dir='ltr'><strong>ὁάνὴρ</strong></span> <span class='ocrx_word' id='word_1_108' title='bbox 3635 907 3771 975; x_wconf 77' lang='grc' dir='ltr'><strong>ὲγὲνει</strong></span> 
     </span>
    </p>
   </div>
   <div class='ocr_carea' id='block_1_14' title="bbox 724 987 2338 1070">
    <p class='ocr_par' dir='ltr' id='par_1_14' title="bbox 724 987 2294 1067">
     <span class='ocr_line' id='line_1_14' title="bbox 724 987 2294 1067; baseline 0.006 -27"><span class='ocrx_word' id='word_1_109' title='bbox 724 987 1027 1042; x_wconf 76' lang='lat' dir='ltr'><strong>cxaudias?</strong></span> <span class='ocrx_word' id='word_1_110' title='bbox 1071 1009 1088 1040; x_wconf 74' lang='grc' dir='ltr'><strong>ι</strong></span> <span class='ocrx_word' id='word_1_111' title='bbox 1116 989 1179 1042; x_wconf 83' lang='grc' dir='ltr'>Ει</span> <span class='ocrx_word' id='word_1_112' title='bbox 1224 991 1352 1046; x_wconf 89' lang='lat' dir='ltr'><strong>fecit</strong></span> <span class='ocrx_word' id='word_1_113' title='bbox 1403 993 1543 1047; x_wconf 90' lang='lat' dir='ltr'><strong>Deus</strong></span> <span class='ocrx_word' id='word_1_114' title='bbox 1580 994 1852 1049; x_wconf 84' lang='lat' dir='ltr'><strong>hominem</strong></span> <span class='ocrx_word' id='word_1_115' title='bbox 1903 996 1968 1049; x_wconf 88' lang='lat' dir='ltr'><strong>ad</strong></span> <span class='ocrx_word' id='word_1_116' title='bbox 2006 997 2294 1067; x_wconf 80' lang='lat' dir='ltr'><strong>imaginem</strong></span> 
     </span>
    </p>
   </div>
   <div class='ocr_carea' id='block_1_15' title="bbox 2157 987 3771 1070">
    <p class='ocr_par' dir='ltr' id='par_1_15' title="bbox 2157 992 3771 1070">
     <span class='ocr_line' id='line_1_15' title="bbox 2157 992 3771 1070; baseline 0 -20"><span class='ocrx_word' id='word_1_117' title='bbox 2157 998 2294 1050; x_wconf 83' lang='lat' dir='ltr'><strong>inem</strong></span> <span class='ocrx_word' id='word_1_118' title='bbox 2396 998 2456 1049; x_wconf 81' lang='grc' dir='ltr'><strong>οὐ</strong></span> <span class='ocrx_word' id='word_1_119' title='bbox 2482 996 2590 1066; x_wconf 83' lang='grc' dir='ltr'><strong>γὰρ</strong></span> <span class='ocrx_word' id='word_1_120' title='bbox 2621 992 2738 1048; x_wconf 81' lang='grc' dir='ltr'>εἷπε</span> <span class='ocrx_word' id='word_1_121' title='bbox 2778 995 2872 1067; x_wconf 80' lang='grc' dir='ltr'><strong>τὴν</strong></span> <span class='ocrx_word' id='word_1_122' title='bbox 2905 995 3210 1068; x_wconf 83' lang='grc' dir='ltr'>ἄνθρωπον,</span> <span class='ocrx_word' id='word_1_123' title='bbox 3243 999 3406 1070; x_wconf 71' lang='grc' dir='ltr'>φησιν,</span> <span class='ocrx_word' id='word_1_124' title='bbox 3441 998 3549 1051; x_wconf 84' lang='grc' dir='ltr'>ἀλλὰ</span> <span class='ocrx_word' id='word_1_125' title='bbox 3573 1001 3626 1068; x_wconf 79' lang='grc' dir='ltr'><strong>τῇ</strong></span> <span class='ocrx_word' id='word_1_126' title='bbox 3659 998 3771 1051; x_wconf 72' lang='grc' dir='ltr'><strong>τοῦδ</strong></span> 
     </span>
    </p>
   </div>
   <div class='ocr_carea' id='block_1_16' title="bbox 725 1079 2339 1160">
    <p class='ocr_par' dir='ltr' id='par_1_16' title="bbox 725 1079 2292 1156">
     <span class='ocr_line' id='line_1_16' title="bbox 725 1079 2292 1156; baseline 0.006 -25"><span class='ocrx_word' id='word_1_127' title='bbox 725 1093 903 1131; x_wconf 86' lang='lat' dir='ltr'><strong>suam.</strong></span> <span class='ocrx_word' id='word_1_128' title='bbox 941 1098 958 1130; x_wconf 74' lang='grc' dir='ltr'><strong>ι</strong></span> <span class='ocrx_word' id='word_1_129' title='bbox 995 1079 1276 1133; x_wconf 85' lang='lat' dir='ltr'><strong>Hominem</strong></span> <span class='ocrx_word' id='word_1_130' title='bbox 1305 1082 1501 1152; x_wconf 89' lang='lat' dir='ltr'><strong>(inquit</strong></span> <span class='ocrx_word' id='word_1_131' title='bbox 1529 1085 1744 1156; x_wconf 90' lang='lat' dir='ltr'><strong>mulier)</strong></span> <span class='ocrx_word' id='word_1_132' title='bbox 1780 1085 1854 1138; x_wconf 88' lang='lat' dir='ltr'><strong>ita</strong></span> <span class='ocrx_word' id='word_1_133' title='bbox 1889 1086 2149 1155; x_wconf 91' lang='lat' dir='ltr'><strong>scriptum</strong></span> <span class='ocrx_word' id='word_1_134' title='bbox 2189 1097 2292 1151; x_wconf 87' lang='lat' dir='ltr'><strong>est,</strong></span> 
     </span>
    </p>
   </div>
   <div class='ocr_carea' id='block_1_17' title="bbox 2140 1079 3754 1160">
    <p class='ocr_par' dir='ltr' id='par_1_17' title="bbox 2140 1087 3754 1160">
     <span class='ocr_line' id='line_1_17' title="bbox 2140 1087 3754 1160; baseline 0 -20"><span class='ocrx_word' id='word_1_135' title='bbox 2140 1103 2149 1139; x_wconf 95' lang='lat' dir='ltr'><strong>l</strong></span> <span class='ocrx_word' id='word_1_136' title='bbox 2189 1097 2292 1151; x_wconf 84' lang='lat' dir='ltr'><strong>est,</strong></span> <span class='ocrx_word' id='word_1_137' title='bbox 2399 1087 2526 1158; x_wconf 87' lang='grc' dir='ltr'><strong>θρου</strong></span> <span class='ocrx_word' id='word_1_138' title='bbox 2554 1088 2838 1160; x_wconf 76' lang='grc' dir='ltr'><strong>προσθήκῃ</strong></span> <span class='ocrx_word' id='word_1_139' title='bbox 2877 1089 2938 1140; x_wconf 87' lang='grc' dir='ltr'><strong>τὸ</strong></span> <span class='ocrx_word' id='word_1_140' title='bbox 2963 1089 3251 1159; x_wconf 76' lang='grc' dir='ltr'><strong>ἀρρενικὸν</strong></span> <span class='ocrx_word' id='word_1_141' title='bbox 3280 1089 3511 1160; x_wconf 76' lang='grc' dir='ltr'>ἐνέφηνεν.</span> <span class='ocrx_word' id='word_1_142' title='bbox 3544 1088 3654 1142; x_wconf 82' lang='grc' dir='ltr'>Ἀλλ’</span> <span class='ocrx_word' id='word_1_143' title='bbox 3685 1089 3754 1140; x_wconf 82' lang='grc' dir='ltr'><strong>ἵνα</strong></span> 
     </span>
    </p>
   </div>
   <div class='ocr_carea' id='block_1_18' title="bbox 725 1169 2339 1252">
    <p class='ocr_par' dir='ltr' id='par_1_18' title="bbox 725 1169 2296 1248">
     <span class='ocr_line' id='line_1_18' title="bbox 725 1169 2296 1248; baseline 0.011 -28"><span class='ocrx_word' id='word_1_144' title='bbox 725 1179 777 1221; x_wconf 83' lang='grc' dir='ltr'>ιιι</span> <span class='ocrx_word' id='word_1_145' title='bbox 800 1169 884 1222; x_wconf 83' lang='grc' dir='ltr'>νίι·</span> <span class='ocrx_word' id='word_1_146' title='bbox 915 1178 1124 1224; x_wconf 86' lang='lat' dir='ltr'><strong>tantum</strong></span> <span class='ocrx_word' id='word_1_147' title='bbox 1158 1173 1511 1243; x_wconf 88' lang='lat' dir='ltr'><strong>intelligatur.</strong></span> <span class='ocrx_word' id='word_1_148' title='bbox 1537 1176 1678 1242; x_wconf 86' lang='lat' dir='ltr'><strong>Quid</strong></span> <span class='ocrx_word' id='word_1_149' title='bbox 1708 1177 1874 1248; x_wconf 88' lang='lat' dir='ltr'><strong>igitur</strong></span> <span class='ocrx_word' id='word_1_150' title='bbox 1904 1179 1969 1233; x_wconf 89' lang='lat' dir='ltr'><strong>ad</strong></span> <span class='ocrx_word' id='word_1_151' title='bbox 1994 1181 2115 1235; x_wconf 84' lang='lat' dir='ltr'><strong>me?</strong></span> <span class='ocrx_word' id='word_1_152' title='bbox 2138 1179 2204 1234; x_wconf 90' lang='lat' dir='ltr'><strong>At</strong></span> <span class='ocrx_word' id='word_1_153' title='bbox 2227 1197 2296 1238; x_wconf 85' lang='lat' dir='ltr'><strong>ne</strong></span> 
     </span>
    </p>
   </div>
   <div class='ocr_carea' id='block_1_19' title="bbox 2125 1169 3739 1252">
    <p class='ocr_par' dir='ltr' id='par_1_19' title="bbox 2138 1179 3739 1252">
     <span class='ocr_line' id='line_1_19' title="bbox 2138 1179 3739 1252; baseline -0.001 -20"><span class='ocrx_word' id='word_1_154' title='bbox 2138 1179 2204 1234; x_wconf 90' lang='lat' dir='ltr'><strong>At</strong></span> <span class='ocrx_word' id='word_1_155' title='bbox 2227 1197 2296 1238; x_wconf 86' lang='lat' dir='ltr'><strong>ne</strong></span> <span class='ocrx_word' id='word_1_156' title='bbox 2398 1180 2623 1250; x_wconf 81' lang='grc' dir='ltr'><strong>ἀμαθῶς</strong></span> <span class='ocrx_word' id='word_1_157' title='bbox 2665 1198 2748 1244; x_wconf 90' lang='grc' dir='ltr'><strong>τις</strong></span> <span class='ocrx_word' id='word_1_158' title='bbox 2785 1183 2852 1251; x_wconf 79' lang='grc' dir='ltr'><strong>τῇ</strong></span> <span class='ocrx_word' id='word_1_159' title='bbox 2891 1180 2991 1233; x_wconf 78' lang='grc' dir='ltr'><strong>τοῦ·</strong></span> <span class='ocrx_word' id='word_1_160' title='bbox 3028 1179 3316 1250; x_wconf 85' lang='grc' dir='ltr'>ἀνθρώπου</span> <span class='ocrx_word' id='word_1_161' title='bbox 3351 1179 3625 1252; x_wconf 67' lang='grc' dir='ltr'>προσηγορίᾳ</span> <span class='ocrx_word' id='word_1_162' title='bbox 3665 1180 3739 1231; x_wconf 70' lang='grc' dir='ltr'><strong>ἐπὶ</strong></span> 
     </span>
    </p>
   </div>
   <div class='ocr_carea' id='block_1_20' title="bbox 725 1260 2339 1344">
    <p class='ocr_par' dir='ltr' id='par_1_20' title="bbox 725 1260 2294 1341">
     <span class='ocr_line' id='line_1_20' title="bbox 725 1260 2294 1341; baseline 0.008 -28"><span class='ocrx_word' id='word_1_163' title='bbox 725 1260 964 1317; x_wconf 81' lang='lat' dir='ltr'><strong>hominis</strong></span> <span class='ocrx_word' id='word_1_164' title='bbox 997 1263 1356 1332; x_wconf 83' lang='lat' dir='ltr'><strong>appellatione</strong></span> <span class='ocrx_word' id='word_1_165' title='bbox 1403 1269 1578 1322; x_wconf 89' lang='lat' dir='ltr'><strong>virum</strong></span> <span class='ocrx_word' id='word_1_166' title='bbox 1636 1269 1900 1324; x_wconf 75' lang='lat' dir='ltr'><strong>duntaxat</strong></span> <span class='ocrx_word' id='word_1_167' title='bbox 1944 1269 2294 1341; x_wconf 88' lang='lat' dir='ltr'><strong>intelligeres,</strong></span> 
     </span>
    </p>
   </div>
   <div class='ocr_carea' id='block_1_21' title="bbox 2157 1260 3771 1344">
    <p class='ocr_par' dir='ltr' id='par_1_21' title="bbox 2157 1269 3771 1344">
     <span class='ocr_line' id='line_1_21' title="bbox 2157 1269 3771 1344; baseline -0.004 -18"><span class='ocrx_word' id='word_1_168' title='bbox 2157 1287 2294 1337; x_wconf 86' lang='lat' dir='ltr'><strong>eres,</strong></span> <span class='ocrx_word' id='word_1_169' title='bbox 2397 1272 2590 1343; x_wconf 84' lang='grc' dir='ltr'>ἀνδρὸς</span> <span class='ocrx_word' id='word_1_170' title='bbox 2707 1272 2868 1344; x_wconf 84' lang='grc' dir='ltr'><strong>μόνον</strong></span> <span class='ocrx_word' id='word_1_171' title='bbox 2905 1272 3264 1342; x_wconf 80' lang='grc' dir='ltr'><strong>κεχρημένος,</strong></span> <span class='ocrx_word' id='word_1_172' title='bbox 3300 1270 3597 1343; x_wconf 78' lang='grc' dir='ltr'><strong>προσέθηκεν,</strong></span> <span class='ocrx_word' id='word_1_173' title='bbox 3643 1288 3659 1320; x_wconf 87' lang='grc'><em>‹</em></span> <span class='ocrx_word' id='word_1_174' title='bbox 3689 1269 3771 1338; x_wconf 80' lang='grc' dir='ltr'><strong>Ἀρ</strong></span> 
     </span>
    </p>
   </div>
   <div class='ocr_carea' id='block_1_22' title="bbox 725 1351 2339 1441">
    <p class='ocr_par' dir='ltr' id='par_1_22' title="bbox 725 1351 2300 1423">
     <span class='ocr_line' id='line_1_22' title="bbox 725 1351 2300 1423; baseline 0.008 -17"><span class='ocrx_word' id='word_1_175' title='bbox 725 1351 1010 1423; x_wconf 77' lang='lat' dir='ltr'><strong>subjecit,«</strong></span> <span class='ocrx_word' id='word_1_176' title='bbox 1036 1354 1334 1411; x_wconf 85' lang='lat' dir='ltr'><strong>Maseulum</strong></span> <span class='ocrx_word' id='word_1_177' title='bbox 1355 1367 1407 1412; x_wconf 92' lang='lat' dir='ltr'><strong>et</strong></span> <span class='ocrx_word' id='word_1_178' title='bbox 1427 1357 1681 1414; x_wconf 81' lang='lat' dir='ltr'><strong>feminam</strong></span> <span class='ocrx_word' id='word_1_179' title='bbox 1711 1359 1836 1415; x_wconf 89' lang='lat' dir='ltr'><strong>fecit</strong></span> <span class='ocrx_word' id='word_1_180' title='bbox 1852 1376 1967 1418; x_wconf 90' lang='lat' dir='ltr'><strong>eos.</strong></span> <span class='ocrx_word' id='word_1_181' title='bbox 1983 1381 2001 1413; x_wconf 72' lang='grc' dir='ltr'><strong>ι</strong></span> <span class='ocrx_word' id='word_1_182' title='bbox 2024 1362 2089 1415; x_wconf 85' lang='grc' dir='ltr'>Ει</span> <span class='ocrx_word' id='word_1_183' title='bbox 2106 1362 2300 1418; x_wconf 86' lang='lat' dir='ltr'><strong>mulier</strong></span> 
     </span>
    </p>
   </div>
   <div class='ocr_carea' id='block_1_23' title="bbox 2157 1351 3771 1441">
    <p class='ocr_par' dir='ltr' id='par_1_23' title="bbox 2163 1357 3771 1441">
     <span class='ocr_line' id='line_1_23' title="bbox 2163 1357 3771 1441; baseline -0.004 -25"><span class='ocrx_word' id='word_1_184' title='bbox 2163 1362 2300 1418; x_wconf 83' lang='lat' dir='ltr'><strong>ulier</strong></span> <span class='ocrx_word' id='word_1_185' title='bbox 2398 1363 2492 1415; x_wconf 73' lang='grc' dir='ltr'><strong>καὶ</strong></span> <span class='ocrx_word' id='word_1_186' title='bbox 2518 1361 2652 1432; x_wconf 85' lang='grc' dir='ltr'><strong>θῆλυ</strong></span> <span class='ocrx_word' id='word_1_187' title='bbox 2681 1361 3181 1441; x_wconf 54' lang='grc' dir='ltr'><strong>έποίησενμύτούς.</strong></span> <span class='ocrx_word' id='word_1_188' title='bbox 3219 1380 3238 1413; x_wconf 77' lang='grc' dir='ltr'><strong>ι</strong></span> <span class='ocrx_word' id='word_1_189' title='bbox 3270 1362 3370 1414; x_wconf 75' lang='lat' dir='ltr'><strong>Kai.</strong></span> <span class='ocrx_word' id='word_1_190' title='bbox 3390 1363 3418 1431; x_wconf 82' lang='grc' dir='ltr'><strong>ἡ</strong></span> <span class='ocrx_word' id='word_1_191' title='bbox 3441 1359 3552 1430; x_wconf 88' lang='grc' dir='ltr'><strong>γυνὴ</strong></span> <span class='ocrx_word' id='word_1_192' title='bbox 3577 1358 3669 1429; x_wconf 66' lang='grc' dir='ltr'><strong>ἔχει</strong></span> <span class='ocrx_word' id='word_1_193' title='bbox 3689 1357 3738 1409; x_wconf 75' lang='grc' dir='ltr'><strong>τὸ</strong></span> <span class='ocrx_word' id='word_1_194' title='bbox 3761 1376 3771 1410; x_wconf 72' lang='grc' dir='ltr'>ι</span> 
     </span>
    </p>
   </div>
   <div class='ocr_carea' id='block_1_24' title="bbox 725 1445 2339 1524">
    <p class='ocr_par' dir='ltr' id='par_1_24' title="bbox 725 1445 2299 1522">
     <span class='ocr_line' id='line_1_24' title="bbox 725 1445 2299 1522; baseline 0.009 -25"><span class='ocrx_word' id='word_1_195' title='bbox 725 1445 948 1514; x_wconf 86' lang='lat' dir='ltr'><strong>perinde</strong></span> <span class='ocrx_word' id='word_1_196' title='bbox 978 1455 1140 1516; x_wconf 88' lang='lat' dir='ltr'><strong>atque</strong></span> <span class='ocrx_word' id='word_1_197' title='bbox 1158 1448 1239 1501; x_wconf 85' lang='lat' dir='ltr'><strong>vir</strong></span> <span class='ocrx_word' id='word_1_198' title='bbox 1271 1449 1338 1503; x_wconf 90' lang='lat' dir='ltr'><strong>ad</strong></span> <span class='ocrx_word' id='word_1_199' title='bbox 1365 1450 1656 1522; x_wconf 88' lang='lat' dir='ltr'><strong>imaginem</strong></span> <span class='ocrx_word' id='word_1_200' title='bbox 1688 1451 1781 1508; x_wconf 89' lang='lat' dir='ltr'><strong>Dei</strong></span> <span class='ocrx_word' id='word_1_201' title='bbox 1817 1452 1958 1508; x_wconf 89' lang='lat' dir='ltr'><strong>facta</strong></span> <span class='ocrx_word' id='word_1_202' title='bbox 1991 1462 2095 1512; x_wconf 88' lang='lat' dir='ltr'><strong>est.</strong></span> <span class='ocrx_word' id='word_1_203' title='bbox 2133 1455 2299 1510; x_wconf 89' lang='lat' dir='ltr'><strong>Eum-</strong></span> 
     </span>
    </p>
   </div>
   <div class='ocr_carea' id='block_1_25' title="bbox 2157 1445 3771 1524">
    <p class='ocr_par' dir='ltr' id='par_1_25' title="bbox 2157 1450 3771 1524">
     <span class='ocr_line' id='line_1_25' title="bbox 2157 1450 3771 1524; baseline -0.004 -16"><span class='ocrx_word' id='word_1_204' title='bbox 2157 1455 2299 1510; x_wconf 69' lang='lat' dir='ltr'><strong>Eum-</strong></span> <span class='ocrx_word' id='word_1_205' title='bbox 2399 1453 2582 1506; x_wconf 76' lang='grc' dir='ltr'><strong>εἰκόνα</strong></span> <span class='ocrx_word' id='word_1_206' title='bbox 2599 1452 2732 1506; x_wconf 79' lang='grc' dir='ltr'><strong>Θεοῦ</strong></span> <span class='ocrx_word' id='word_1_207' title='bbox 2749 1453 3099 1524; x_wconf 82' lang='grc' dir='ltr'><strong>γεγενῆσθαι,</strong></span> <span class='ocrx_word' id='word_1_208' title='bbox 3126 1453 3201 1516; x_wconf 84' lang='grc' dir='ltr'>ὡς</span> <span class='ocrx_word' id='word_1_209' title='bbox 3220 1454 3313 1505; x_wconf 80' lang='grc' dir='ltr'><strong>καὶ</strong></span> <span class='ocrx_word' id='word_1_210' title='bbox 3334 1453 3358 1504; x_wconf 89' lang='grc' dir='ltr'>ὁ</span> <span class='ocrx_word' id='word_1_211' title='bbox 3377 1452 3509 1523; x_wconf 74' lang='grc' dir='ltr'><strong>ἀνὴρ.</strong></span> <span class='ocrx_word' id='word_1_212' title='bbox 3547 1450 3736 1520; x_wconf 86' lang='grc' dir='ltr'>Ὁμοίως</span> <span class='ocrx_word' id='word_1_213' title='bbox 3757 1453 3771 1501; x_wconf 79' lang='lat' dir='ltr'><strong>c&#39;</strong></span> 
     </span>
    </p>
   </div>
   <div class='ocr_carea' id='block_1_26' title="bbox 724 1535 2338 1615">
    <p class='ocr_par' dir='ltr' id='par_1_26' title="bbox 724 1535 2296 1614">
     <span class='ocr_line' id='line_1_26' title="bbox 724 1535 2296 1614; baseline 0.009 -26"><span class='ocrx_word' id='word_1_214' title='bbox 724 1535 846 1590; x_wconf 90' lang='lat' dir='ltr'><strong>dem</strong></span> <span class='ocrx_word' id='word_1_215' title='bbox 879 1537 1144 1593; x_wconf 84' lang='lat' dir='ltr'><strong>honorem</strong></span> <span class='ocrx_word' id='word_1_216' title='bbox 1179 1541 1378 1595; x_wconf 83' lang='lat' dir='ltr'><strong>habent</strong></span> <span class='ocrx_word' id='word_1_217' title='bbox 1401 1543 1573 1598; x_wconf 67' lang='lat' dir='ltr'><strong>amba:</strong></span> <span class='ocrx_word' id='word_1_218' title='bbox 1603 1551 1832 1608; x_wconf 69' lang='lat' dir='ltr'><strong>naturae,</strong></span> <span class='ocrx_word' id='word_1_219' title='bbox 1859 1560 2018 1614; x_wconf 88' lang='lat' dir='ltr'><strong>pares</strong></span> <span class='ocrx_word' id='word_1_220' title='bbox 2044 1547 2296 1612; x_wconf 78' lang='lat' dir='ltr'><strong>virtutes,</strong></span> 
     </span>
    </p>
   </div>
   <div class='ocr_carea' id='block_1_27' title="bbox 2157 1535 3771 1615">
    <p class='ocr_par' dir='ltr' id='par_1_27' title="bbox 2157 1539 3771 1615">
     <span class='ocr_line' id='line_1_27' title="bbox 2157 1539 3771 1615; baseline -0.006 -14"><span class='ocrx_word' id='word_1_221' title='bbox 2157 1555 2296 1612; x_wconf 88' lang='lat' dir='ltr'><strong>utes,</strong></span> <span class='ocrx_word' id='word_1_222' title='bbox 2398 1561 2546 1615; x_wconf 85' lang='grc' dir='ltr'><strong>τιμοι</strong></span> <span class='ocrx_word' id='word_1_223' title='bbox 2575 1545 2631 1598; x_wconf 81' lang='grc' dir='ltr'><strong>αἱ</strong></span> <span class='ocrx_word' id='word_1_224' title='bbox 2662 1543 2871 1613; x_wconf 81' lang='grc' dir='ltr'>φύσεις,</span> <span class='ocrx_word' id='word_1_225' title='bbox 2906 1544 3018 1597; x_wconf 81' lang='grc' dir='ltr'>ἴσαι</span> <span class='ocrx_word' id='word_1_226' title='bbox 3047 1547 3102 1597; x_wconf 90' lang='grc' dir='ltr'><strong>αί</strong></span> <span class='ocrx_word' id='word_1_227' title='bbox 3152 1543 3356 1614; x_wconf 85' lang='grc' dir='ltr'><strong>ἀρεταί·</strong></span> <span class='ocrx_word' id='word_1_228' title='bbox 3388 1539 3504 1596; x_wconf 80' lang='grc' dir='ltr'>ἆθλα</span> <span class='ocrx_word' id='word_1_229' title='bbox 3543 1542 3636 1606; x_wconf 89' lang='grc' dir='ltr'>ῐσα,</span> <span class='ocrx_word' id='word_1_230' title='bbox 3664 1542 3694 1610; x_wconf 77' lang='grc' dir='ltr'>ἡ</span> <span class='ocrx_word' id='word_1_231' title='bbox 3725 1558 3771 1592; x_wconf 81' lang='lat' dir='ltr'><strong>xc</strong></span> 
     </span>
    </p>
   </div>
   <div class='ocr_carea' id='block_1_28' title="bbox 724 1626 2338 1707">
    <p class='ocr_par' dir='ltr' id='par_1_28' title="bbox 724 1626 2298 1702">
     <span class='ocr_line' id='line_1_28' title="bbox 724 1626 2298 1702; baseline 0.006 -22"><span class='ocrx_word' id='word_1_232' title='bbox 724 1626 913 1680; x_wconf 89' lang='lat' dir='ltr'><strong>eadem</strong></span> <span class='ocrx_word' id='word_1_233' title='bbox 949 1631 1266 1694; x_wconf 85' lang='lat' dir='ltr'><strong>certamina,</strong></span> <span class='ocrx_word' id='word_1_234' title='bbox 1310 1631 1449 1685; x_wconf 89' lang='lat' dir='ltr'><strong>idem</strong></span> <span class='ocrx_word' id='word_1_235' title='bbox 1471 1631 1763 1702; x_wconf 84' lang='lat' dir='ltr'><strong>judicium.</strong></span> <span class='ocrx_word' id='word_1_236' title='bbox 1789 1631 1867 1687; x_wconf 89' lang='lat' dir='ltr'><strong>Ne</strong></span> <span class='ocrx_word' id='word_1_237' title='bbox 1891 1634 2134 1690; x_wconf 78' lang='lat' dir='ltr'><strong>dixeris:</strong></span> <span class='ocrx_word' id='word_1_238' title='bbox 2166 1634 2298 1689; x_wconf 87' lang='lat' dir='ltr'><strong>Sum</strong></span> 
     </span>
    </p>
   </div>
   <div class='ocr_carea' id='block_1_29' title="bbox 2157 1626 3771 1707">
    <p class='ocr_par' dir='ltr' id='par_1_29' title="bbox 2166 1630 3771 1707">
     <span class='ocr_line' id='line_1_29' title="bbox 2166 1630 3771 1707; baseline -0.004 -18"><span class='ocrx_word' id='word_1_239' title='bbox 2166 1634 2298 1689; x_wconf 88' lang='lat' dir='ltr'><strong>Sum</strong></span> <span class='ocrx_word' id='word_1_240' title='bbox 2401 1635 2522 1706; x_wconf 89' lang='grc' dir='ltr'>δίκη</span> <span class='ocrx_word' id='word_1_241' title='bbox 2553 1636 2736 1705; x_wconf 82' lang='grc' dir='ltr'><strong>ὁμοία,</strong></span> <span class='ocrx_word' id='word_1_242' title='bbox 2778 1635 2870 1707; x_wconf 82' lang='grc' dir='ltr'><strong>Μὴ</strong></span> <span class='ocrx_word' id='word_1_243' title='bbox 2894 1635 3118 1704; x_wconf 80' lang='grc' dir='ltr'><strong>λεγέτω,</strong></span> <span class='ocrx_word' id='word_1_244' title='bbox 3159 1633 3400 1704; x_wconf 84' lang='grc' dir='ltr'>Ἀσθενής</span> <span class='ocrx_word' id='word_1_245' title='bbox 3425 1635 3540 1703; x_wconf 85' lang='grc' dir='ltr'>είμι.</span> <span class='ocrx_word' id='word_1_246' title='bbox 3585 1632 3639 1684; x_wconf 87' lang='grc' dir='ltr'><strong>Ἦ</strong></span> <span class='ocrx_word' id='word_1_247' title='bbox 3665 1630 3771 1684; x_wconf 80' lang='grc' dir='ltr'><strong>ἀσθέ</strong></span> 
     </span>
    </p>
   </div>
   <div class='ocr_carea' id='block_1_30' title="bbox 725 1716 2339 1798">
    <p class='ocr_par' dir='ltr' id='par_1_30' title="bbox 725 1716 2339 1798">
     <span class='ocr_line' id='line_1_30' title="bbox 725 1716 2339 1798; baseline 0.009 -31"><span class='ocrx_word' id='word_1_248' title='bbox 725 1716 1016 1773; x_wconf 87' lang='lat' dir='ltr'><strong>imbecilla.</strong></span> <span class='ocrx_word' id='word_1_249' title='bbox 1043 1720 1395 1777; x_wconf 87' lang='lat' dir='ltr'><strong>lmbecillitas</strong></span> <span class='ocrx_word' id='word_1_250' title='bbox 1416 1723 1469 1776; x_wconf 92' lang='lat' dir='ltr'><strong>in</strong></span> <span class='ocrx_word' id='word_1_251' title='bbox 1501 1738 1667 1778; x_wconf 87' lang='lat' dir='ltr'><strong>carne</strong></span> <span class='ocrx_word' id='word_1_252' title='bbox 1685 1731 1790 1791; x_wconf 90' lang='lat' dir='ltr'><strong>est,</strong></span> <span class='ocrx_word' id='word_1_253' title='bbox 1825 1724 1881 1778; x_wconf 88' lang='lat' dir='ltr'><strong>in</strong></span> <span class='ocrx_word' id='word_1_254' title='bbox 1906 1725 2090 1780; x_wconf 88' lang='lat' dir='ltr'><strong>animo</strong></span> <span class='ocrx_word' id='word_1_255' title='bbox 2118 1735 2296 1782; x_wconf 90' lang='lat' dir='ltr'><strong>autem</strong></span> <span class='ocrx_word' id='word_1_256' title='bbox 2328 1792 2339 1798; x_wconf 96' lang='lat'>_</span> 
     </span>
    </p>
   </div>
   <div class='ocr_carea' id='block_1_31' title="bbox 2157 1716 3771 1798">
    <p class='ocr_par' dir='ltr' id='par_1_31' title="bbox 2157 1722 3771 1798">
     <span class='ocr_line' id='line_1_31' title="bbox 2157 1722 3771 1798; baseline -0.004 -19"><span class='ocrx_word' id='word_1_257' title='bbox 2157 1735 2296 1782; x_wconf 86' lang='lat' dir='ltr'><strong>utem</strong></span> <span class='ocrx_word' id='word_1_258' title='bbox 2328 1792 2373 1798; x_wconf 10' lang='lat'><strong>_7</strong></span> <span class='ocrx_word' id='word_1_259' title='bbox 2407 1727 2629 1798; x_wconf 69' lang='grc' dir='ltr'>σαρκὸς,</span> <span class='ocrx_word' id='word_1_260' title='bbox 2681 1729 2737 1780; x_wconf 83' lang='grc' dir='ltr'><strong>ὲν</strong></span> <span class='ocrx_word' id='word_1_261' title='bbox 2779 1726 2924 1797; x_wconf 78' lang='grc' dir='ltr'><strong>ψυχῇ</strong></span> <span class='ocrx_word' id='word_1_262' title='bbox 2961 1727 3023 1778; x_wconf 76' lang='grc' dir='ltr'><strong>τὸ</strong></span> <span class='ocrx_word' id='word_1_263' title='bbox 3067 1725 3292 1779; x_wconf 85' lang='grc' dir='ltr'>δυνατόν</span> <span class='ocrx_word' id='word_1_264' title='bbox 3337 1728 3479 1778; x_wconf 77' lang='grc' dir='ltr'><strong>ἐστιν.</strong></span> <span class='ocrx_word' id='word_1_265' title='bbox 3517 1722 3700 1792; x_wconf 84' lang='grc' dir='ltr'><strong>Ἐπειδὴ</strong></span> <span class='ocrx_word' id='word_1_266' title='bbox 3730 1738 3771 1774; x_wconf 83' lang='grc' dir='ltr'><strong>τι</strong></span> 
     </span>
    </p>
   </div>
   <div class='ocr_carea' id='block_1_32' title="bbox 724 1792 2338 1890">
    <p class='ocr_par' dir='ltr' id='par_1_32' title="bbox 724 1792 2338 1889">
     <span class='ocr_line' id='line_1_32' title="bbox 724 1792 2338 1889; baseline 0.007 -26"><span class='ocrx_word' id='word_1_267' title='bbox 724 1810 809 1864; x_wconf 93' lang='lat' dir='ltr'><strong>vis</strong></span> <span class='ocrx_word' id='word_1_268' title='bbox 841 1825 904 1864; x_wconf 89' lang='lat' dir='ltr'><strong>ac</strong></span> <span class='ocrx_word' id='word_1_269' title='bbox 936 1813 1128 1866; x_wconf 91' lang='lat' dir='ltr'><strong>robur.</strong></span> <span class='ocrx_word' id='word_1_270' title='bbox 1180 1814 1452 1880; x_wconf 85' lang='lat' dir='ltr'><strong>Quoniam</strong></span> <span class='ocrx_word' id='word_1_271' title='bbox 1508 1817 1675 1888; x_wconf 85' lang='lat' dir='ltr'><strong>igitur</strong></span> <span class='ocrx_word' id='word_1_272' title='bbox 1706 1819 1934 1889; x_wconf 62' lang='lat' dir='ltr'><strong>aequalis</strong></span> <span class='ocrx_word' id='word_1_273' title='bbox 1979 1827 2063 1872; x_wconf 91' lang='lat' dir='ltr'><strong>est</strong></span> <span class='ocrx_word' id='word_1_274' title='bbox 2097 1819 2293 1885; x_wconf 88' lang='lat' dir='ltr'><strong>virtus,</strong></span> <span class='ocrx_word' id='word_1_275' title='bbox 2327 1792 2338 1849; x_wconf 66' lang='grc'>1</span> 
     </span>
    </p>
   </div>
   <div class='ocr_carea' id='block_1_33' title="bbox 2157 1792 3771 1890">
    <p class='ocr_par' dir='ltr' id='par_1_33' title="bbox 2157 1792 3771 1890">
     <span class='ocr_line' id='line_1_33' title="bbox 2157 1792 3771 1890; baseline -0.004 -18"><span class='ocrx_word' id='word_1_276' title='bbox 2157 1826 2293 1885; x_wconf 87' lang='lat' dir='ltr'><strong>rtus,</strong></span> <span class='ocrx_word' id='word_1_277' title='bbox 2327 1792 2374 1849; x_wconf 67' lang='grc' dir='ltr'><strong>Β</strong></span> <span class='ocrx_word' id='word_1_278' title='bbox 2398 1792 2657 1890; x_wconf 58' lang='grc' dir='ltr'><strong>ὁμέτιμος</strong></span> <span class='ocrx_word' id='word_1_279' title='bbox 2681 1821 2719 1890; x_wconf 69' lang='grc' dir='ltr'>ἡ,</span> <span class='ocrx_word' id='word_1_280' title='bbox 2744 1792 3040 1872; x_wconf 24' lang='grc' dir='ltr'><strong>κατᾶυὸεὸν</strong></span> <span class='ocrx_word' id='word_1_281' title='bbox 3064 1816 3248 1880; x_wconf 85' lang='grc' dir='ltr'>εἰκὼν,</span> <span class='ocrx_word' id='word_1_282' title='bbox 3268 1817 3499 1888; x_wconf 84' lang='grc' dir='ltr'><strong>ὁμότιμος</strong></span> <span class='ocrx_word' id='word_1_283' title='bbox 3525 1815 3646 1867; x_wconf 71' lang='grc' dir='ltr'><strong>ἔστω</strong></span> <span class='ocrx_word' id='word_1_284' title='bbox 3667 1816 3696 1883; x_wconf 85' lang='grc' dir='ltr'><strong>ἠ</strong></span> <span class='ocrx_word' id='word_1_285' title='bbox 3721 1815 3771 1882; x_wconf 65' lang='grc' dir='ltr'><strong>ἀρ</strong></span> 
     </span>
    </p>
   </div>
   <div class='ocr_carea' id='block_1_34' title="bbox 724 1902 2338 1984">
    <p class='ocr_par' dir='ltr' id='par_1_34' title="bbox 724 1902 2293 1978">
     <span class='ocr_line' id='line_1_34' title="bbox 724 1902 2293 1978; baseline 0.008 -26"><span class='ocrx_word' id='word_1_286' title='bbox 724 1915 826 1969; x_wconf 88' lang='lat' dir='ltr'><strong>par</strong></span> <span class='ocrx_word' id='word_1_287' title='bbox 859 1902 1021 1956; x_wconf 90' lang='lat' dir='ltr'><strong>etiam</strong></span> <span class='ocrx_word' id='word_1_288' title='bbox 1053 1903 1124 1957; x_wconf 91' lang='lat' dir='ltr'><strong>sit</strong></span> <span class='ocrx_word' id='word_1_289' title='bbox 1151 1905 1416 1961; x_wconf 90' lang='lat' dir='ltr'><strong>bonorum</strong></span> <span class='ocrx_word' id='word_1_290' title='bbox 1461 1921 1690 1978; x_wconf 88' lang='lat' dir='ltr'><strong>operum</strong></span> <span class='ocrx_word' id='word_1_291' title='bbox 1724 1909 2141 1963; x_wconf 85' lang='lat' dir='ltr'><strong>demonstratio.</strong></span> <span class='ocrx_word' id='word_1_292' title='bbox 2174 1908 2293 1976; x_wconf 80' lang='lat' dir='ltr'><strong>Non</strong></span> 
     </span>
    </p>
   </div>
   <div class='ocr_carea' id='block_1_35' title="bbox 2157 1902 3771 1984">
    <p class='ocr_par' dir='ltr' id='par_1_35' title="bbox 2174 1903 3771 1984">
     <span class='ocr_line' id='line_1_35' title="bbox 2174 1903 3771 1984; baseline -0.007 -19"><span class='ocrx_word' id='word_1_293' title='bbox 2174 1908 2293 1976; x_wconf 79' lang='lat' dir='ltr'><strong>Non</strong></span> <span class='ocrx_word' id='word_1_294' title='bbox 2399 1911 2432 1980; x_wconf 80' lang='grc' dir='ltr'>ἡ</span> <span class='ocrx_word' id='word_1_295' title='bbox 2461 1909 2567 1964; x_wconf 85' lang='grc' dir='ltr'><strong>τῶν</strong></span> <span class='ocrx_word' id='word_1_296' title='bbox 2590 1909 2805 1977; x_wconf 74' lang='grc' dir='ltr'><strong>ἀγαθῶν</strong></span> <span class='ocrx_word' id='word_1_297' title='bbox 2834 1909 3008 1980; x_wconf 80' lang='grc' dir='ltr'>ἔργων</span> <span class='ocrx_word' id='word_1_298' title='bbox 3034 1907 3309 1984; x_wconf 76' lang='grc' dir='ltr'>ἐπίδειξις.</span> <span class='ocrx_word' id='word_1_299' title='bbox 3339 1907 3463 1962; x_wconf 85' lang='grc' dir='ltr'>Οὐδε</span> <span class='ocrx_word' id='word_1_300' title='bbox 3493 1906 3581 1976; x_wconf 86' lang='grc' dir='ltr'><strong>μία</strong></span> <span class='ocrx_word' id='word_1_301' title='bbox 3604 1903 3771 1974; x_wconf 75' lang='grc' dir='ltr'>παραίι</span> 
     </span>
    </p>
   </div>
   <div class='ocr_carea' id='block_1_36' title="bbox 726 1995 2340 2071">
    <p class='ocr_par' dir='ltr' id='par_1_36' title="bbox 726 1999 2295 2066">
     <span class='ocr_line' id='line_1_36' title="bbox 726 1999 2295 2066; baseline 0.008 -20"><span class='ocrx_word' id='word_1_302' title='bbox 726 2003 930 2050; x_wconf 85' lang='lat' dir='ltr'><strong>temere</strong></span> <span class='ocrx_word' id='word_1_303' title='bbox 972 1999 1187 2052; x_wconf 85' lang='lat' dir='ltr'><strong>mulieri</strong></span> <span class='ocrx_word' id='word_1_304' title='bbox 1231 2015 1293 2053; x_wconf 91' lang='lat' dir='ltr'><strong>ea</strong></span> <span class='ocrx_word' id='word_1_305' title='bbox 1345 1999 1470 2053; x_wconf 86' lang='lat' dir='ltr'><strong>data</strong></span> <span class='ocrx_word' id='word_1_306' title='bbox 1503 2009 1589 2054; x_wconf 91' lang='lat' dir='ltr'><strong>cst</strong></span> <span class='ocrx_word' id='word_1_307' title='bbox 1637 2002 1945 2066; x_wconf 83' lang='lat' dir='ltr'><strong>mollitudo,</strong></span> <span class='ocrx_word' id='word_1_308' title='bbox 1997 2003 2092 2057; x_wconf 87' lang='lat' dir='ltr'><strong>sed</strong></span> <span class='ocrx_word' id='word_1_309' title='bbox 2128 2013 2186 2058; x_wconf 92' lang='lat' dir='ltr'><strong>ut</strong></span> <span class='ocrx_word' id='word_1_310' title='bbox 2227 2003 2295 2058; x_wconf 87' lang='lat' dir='ltr'><strong>ad</strong></span> 
     </span>
    </p>
   </div>
   <div class='ocr_carea' id='block_1_37' title="bbox 2157 1995 3771 2071">
    <p class='ocr_par' dir='ltr' id='par_1_37' title="bbox 2157 1995 3771 2071">
     <span class='ocr_line' id='line_1_37' title="bbox 2157 1995 3771 2071; baseline -0.006 -16"><span class='ocrx_word' id='word_1_311' title='bbox 2157 2013 2186 2058; x_wconf 74' lang='lat' dir='ltr'><strong>lt</strong></span> <span class='ocrx_word' id='word_1_312' title='bbox 2227 2003 2295 2058; x_wconf 85' lang='lat' dir='ltr'><strong>ad</strong></span> <span class='ocrx_word' id='word_1_313' title='bbox 2398 2002 2515 2054; x_wconf 76' lang='grc' dir='ltr'><strong>ἐστι</strong></span> <span class='ocrx_word' id='word_1_314' title='bbox 2548 2000 2624 2070; x_wconf 78' lang='grc' dir='ltr'><strong>τῷ</strong></span> <span class='ocrx_word' id='word_1_315' title='bbox 2653 2000 2963 2071; x_wconf 80' lang='grc' dir='ltr'><strong>βουλομένῳ</strong></span> <span class='ocrx_word' id='word_1_316' title='bbox 2997 1998 3414 2070; x_wconf 80' lang='grc' dir='ltr'><strong>προφασίζεσθαι</strong></span> <span class='ocrx_word' id='word_1_317' title='bbox 3437 1995 3632 2058; x_wconf 72' lang='grc' dir='ltr'><strong>ἀσθενὲς</strong></span> <span class='ocrx_word' id='word_1_318' title='bbox 3660 1995 3712 2046; x_wconf 83' lang='grc' dir='ltr'><strong>τὸ</strong></span> <span class='ocrx_word' id='word_1_319' title='bbox 3741 2011 3771 2045; x_wconf 62' lang='lat' dir='ltr'><strong>al</strong></span> 
     </span>
    </p>
   </div>
   <div class='ocr_carea' id='block_1_38' title="bbox 727 2084 2341 2166">
    <p class='ocr_par' dir='ltr' id='par_1_38' title="bbox 727 2085 2298 2166">
     <span class='ocr_line' id='line_1_38' title="bbox 727 2085 2298 2166; baseline 0.008 -29"><span class='ocrx_word' id='word_1_320' title='bbox 727 2085 1118 2160; x_wconf 82' lang='lat' dir='ltr'><strong>humanitatem</strong></span> <span class='ocrx_word' id='word_1_321' title='bbox 1144 2089 1356 2144; x_wconf 79' lang='lat' dir='ltr'><strong>facilior</strong></span> <span class='ocrx_word' id='word_1_322' title='bbox 1376 2091 1468 2158; x_wconf 90' lang='lat' dir='ltr'><strong>sit,</strong></span> <span class='ocrx_word' id='word_1_323' title='bbox 1500 2092 1565 2146; x_wconf 90' lang='lat' dir='ltr'><strong>ad</strong></span> <span class='ocrx_word' id='word_1_324' title='bbox 1595 2093 2142 2164; x_wconf 81' lang='lat' dir='ltr'><strong>misericordiamque</strong></span> <span class='ocrx_word' id='word_1_325' title='bbox 2169 2110 2298 2166; x_wconf 83' lang='lat' dir='ltr'><strong>pro-</strong></span> 
     </span>
    </p>
   </div>
   <div class='ocr_carea' id='block_1_39' title="bbox 2150 2084 3764 2166">
    <p class='ocr_par' dir='ltr' id='par_1_39' title="bbox 2169 2084 3764 2166">
     <span class='ocr_line' id='line_1_39' title="bbox 2169 2084 3764 2166; baseline -0.009 -18"><span class='ocrx_word' id='word_1_326' title='bbox 2169 2110 2298 2166; x_wconf 84' lang='lat' dir='ltr'><strong>pro-</strong></span> <span class='ocrx_word' id='word_1_327' title='bbox 2399 2092 2534 2144; x_wconf 77' lang='grc' dir='ltr'>Οὐδὲ</span> <span class='ocrx_word' id='word_1_328' title='bbox 2563 2092 2723 2144; x_wconf 83' lang='grc' dir='ltr'><strong>τοῦτο</strong></span> <span class='ocrx_word' id='word_1_329' title='bbox 2755 2091 2960 2154; x_wconf 82' lang='grc' dir='ltr'>ἁπλῶς·</span> <span class='ocrx_word' id='word_1_330' title='bbox 2993 2089 3129 2142; x_wconf 78' lang='grc' dir='ltr'>ἀλλὰ</span> <span class='ocrx_word' id='word_1_331' title='bbox 3155 2088 3355 2141; x_wconf 83' lang='grc' dir='ltr'><strong>ἁπαλὸν</strong></span> <span class='ocrx_word' id='word_1_332' title='bbox 3383 2087 3468 2158; x_wconf 76' lang='grc' dir='ltr'><strong>μὲν</strong></span> <span class='ocrx_word' id='word_1_333' title='bbox 3492 2086 3571 2138; x_wconf 78' lang='grc' dir='ltr'><strong>διὰ</strong></span> <span class='ocrx_word' id='word_1_334' title='bbox 3595 2084 3682 2154; x_wconf 75' lang='grc' dir='ltr'><strong>τὴν</strong></span> <span class='ocrx_word' id='word_1_335' title='bbox 3710 2101 3764 2135; x_wconf 90' lang='grc' dir='ltr'><strong>συ</strong></span> 
     </span>
    </p>
   </div>
   <div class='ocr_carea' id='block_1_40' title="bbox 725 2172 2339 2254">
    <p class='ocr_par' dir='ltr' id='par_1_40' title="bbox 725 2178 2295 2254">
     <span class='ocr_line' id='line_1_40' title="bbox 725 2178 2295 2254; baseline 0.008 -25"><span class='ocrx_word' id='word_1_336' title='bbox 725 2178 966 2247; x_wconf 85' lang='lat' dir='ltr'><strong>pensior.</strong></span> <span class='ocrx_word' id='word_1_337' title='bbox 999 2180 1056 2233; x_wconf 92' lang='lat' dir='ltr'><strong>In</strong></span> <span class='ocrx_word' id='word_1_338' title='bbox 1088 2181 1249 2236; x_wconf 85' lang='lat' dir='ltr'><strong>rebus</strong></span> <span class='ocrx_word' id='word_1_339' title='bbox 1289 2191 1486 2248; x_wconf 84' lang='lat' dir='ltr'><strong>autem,</strong></span> <span class='ocrx_word' id='word_1_340' title='bbox 1521 2198 1641 2253; x_wconf 76' lang='lat' dir='ltr'><strong>qua:</strong></span> <span class='ocrx_word' id='word_1_341' title='bbox 1672 2183 2050 2238; x_wconf 76' lang='lat' dir='ltr'><strong>fortitudinem</strong></span> <span class='ocrx_word' id='word_1_342' title='bbox 2106 2194 2295 2254; x_wconf 86' lang='lat' dir='ltr'><strong>postu-</strong></span> 
     </span>
    </p>
   </div>
   <div class='ocr_carea' id='block_1_41' title="bbox 2157 2172 3771 2254">
    <p class='ocr_par' dir='ltr' id='par_1_41' title="bbox 2157 2172 3771 2250">
     <span class='ocr_line' id='line_1_41' title="bbox 2157 2172 3771 2250; baseline -0.01 -11"><span class='ocrx_word' id='word_1_343' title='bbox 2157 2194 2295 2241; x_wconf 81' lang='lat' dir='ltr'><strong>)stu-</strong></span> <span class='ocrx_word' id='word_1_344' title='bbox 2399 2181 2569 2244; x_wconf 85' lang='grc' dir='ltr'>Θειαν,</span> <span class='ocrx_word' id='word_1_345' title='bbox 2603 2179 2819 2233; x_wconf 78' lang='grc' dir='ltr'><strong>εὔτονον</strong></span> <span class='ocrx_word' id='word_1_346' title='bbox 2842 2178 2899 2232; x_wconf 79' lang='grc' dir='ltr'>δὲ</span> <span class='ocrx_word' id='word_1_347' title='bbox 2922 2179 2978 2231; x_wconf 83' lang='grc' dir='ltr'><strong>ὲν</strong></span> <span class='ocrx_word' id='word_1_348' title='bbox 3000 2177 3338 2250; x_wconf 83' lang='grc' dir='ltr'><strong>καρτερίαις,</strong></span> <span class='ocrx_word' id='word_1_349' title='bbox 3364 2175 3588 2227; x_wconf 83' lang='grc' dir='ltr'><strong>σύντονον</strong></span> <span class='ocrx_word' id='word_1_350' title='bbox 3607 2172 3660 2224; x_wconf 78' lang='grc' dir='ltr'>δὲ</span> <span class='ocrx_word' id='word_1_351' title='bbox 3682 2173 3732 2223; x_wconf 80' lang='grc' dir='ltr'><strong>ὲν</strong></span> <span class='ocrx_word' id='word_1_352' title='bbox 3766 2192 3771 2222; x_wconf 80' lang='lat' dir='ltr'><strong>l</strong></span> 
     </span>
    </p>
   </div>
   <div class='ocr_carea' id='block_1_42' title="bbox 728 2263 2342 2343">
    <p class='ocr_par' dir='ltr' id='par_1_42' title="bbox 728 2269 2294 2343">
     <span class='ocr_line' id='line_1_42' title="bbox 728 2269 2294 2343; baseline 0.005 -21"><span class='ocrx_word' id='word_1_353' title='bbox 728 2269 863 2330; x_wconf 86' lang='lat' dir='ltr'><strong>lant,</strong></span> <span class='ocrx_word' id='word_1_354' title='bbox 899 2269 1125 2323; x_wconf 87' lang='lat' dir='ltr'><strong>robusta</strong></span> <span class='ocrx_word' id='word_1_355' title='bbox 1161 2279 1269 2338; x_wconf 86' lang='lat' dir='ltr'><strong>est,</strong></span> <span class='ocrx_word' id='word_1_356' title='bbox 1291 2271 1343 2326; x_wconf 88' lang='lat' dir='ltr'><strong>in</strong></span> <span class='ocrx_word' id='word_1_357' title='bbox 1381 2273 1580 2343; x_wconf 74' lang='lat' dir='ltr'><strong>vigiliis</strong></span> <span class='ocrx_word' id='word_1_358' title='bbox 1611 2281 1664 2328; x_wconf 94' lang='lat' dir='ltr'><strong>et</strong></span> <span class='ocrx_word' id='word_1_359' title='bbox 1694 2274 1976 2330; x_wconf 89' lang='lat' dir='ltr'><strong>laboribus</strong></span> <span class='ocrx_word' id='word_1_360' title='bbox 2011 2283 2294 2331; x_wconf 88' lang='lat' dir='ltr'><strong>constans.</strong></span> 
     </span>
    </p>
   </div>
   <div class='ocr_carea' id='block_1_43' title="bbox 2157 2263 3771 2343">
    <p class='ocr_par' dir='ltr' id='par_1_43' title="bbox 2157 2263 3771 2340">
     <span class='ocr_line' id='line_1_43' title="bbox 2157 2263 3771 2340; baseline -0.008 -12"><span class='ocrx_word' id='word_1_361' title='bbox 2157 2283 2294 2330; x_wconf 88' lang='lat' dir='ltr'><strong>lans.</strong></span> <span class='ocrx_word' id='word_1_362' title='bbox 2406 2272 2608 2336; x_wconf 86' lang='grc' dir='ltr'>πνίαις.</span> <span class='ocrx_word' id='word_1_363' title='bbox 2654 2272 2792 2325; x_wconf 86' lang='grc' dir='ltr'><strong>Πότε</strong></span> <span class='ocrx_word' id='word_1_364' title='bbox 2823 2270 3042 2323; x_wconf 86' lang='grc' dir='ltr'><strong>δύναται</strong></span> <span class='ocrx_word' id='word_1_365' title='bbox 3081 2269 3365 2340; x_wconf 81' lang='grc' dir='ltr'><strong>ἀνθρώπου</strong></span> <span class='ocrx_word' id='word_1_366' title='bbox 3399 2266 3545 2335; x_wconf 75' lang='grc' dir='ltr'>φύσις</span> <span class='ocrx_word' id='word_1_367' title='bbox 3592 2263 3771 2333; x_wconf 83' lang='grc' dir='ltr'>ἁμιλλη</span> 
     </span>
    </p>
   </div>
   <div class='ocr_carea' id='block_1_44' title="bbox 726 2349 2340 2434">
    <p class='ocr_par' dir='ltr' id='par_1_44' title="bbox 726 2349 2299 2432">
     <span class='ocr_line' id='line_1_44' title="bbox 726 2349 2299 2432; baseline 0.008 -21"><span class='ocrx_word' id='word_1_368' title='bbox 726 2360 956 2426; x_wconf 82' lang='lat' dir='ltr'><strong>Quando</strong></span> <span class='ocrx_word' id='word_1_369' title='bbox 991 2371 1168 2432; x_wconf 88' lang='lat' dir='ltr'><strong>potest</strong></span> <span class='ocrx_word' id='word_1_370' title='bbox 1198 2364 1435 2421; x_wconf 86' lang='lat' dir='ltr'><strong>hominis</strong></span> <span class='ocrx_word' id='word_1_371' title='bbox 1471 2375 1665 2421; x_wconf 89' lang='lat' dir='ltr'><strong>natura</strong></span> <span class='ocrx_word' id='word_1_372' title='bbox 1688 2383 1810 2422; x_wconf 90' lang='lat' dir='ltr'><strong>cum</strong></span> <span class='ocrx_word' id='word_1_373' title='bbox 1835 2349 2299 2425; x_wconf 15' lang='lat' dir='ltr'><strong>fctninae&#39;fortiter</strong></span> 
     </span>
    </p>
   </div>
   <div class='ocr_carea' id='block_1_45' title="bbox 2153 2349 3767 2434">
    <p class='ocr_par' dir='ltr' id='par_1_45' title="bbox 2153 2358 3767 2434">
     <span class='ocr_line' id='line_1_45' title="bbox 2153 2358 3767 2434; baseline -0.01 -12"><span class='ocrx_word' id='word_1_374' title='bbox 2153 2370 2299 2425; x_wconf 88' lang='lat' dir='ltr'><strong>rtiter</strong></span> <span class='ocrx_word' id='word_1_375' title='bbox 2399 2363 2657 2434; x_wconf 75' lang='grc' dir='ltr'>γυναικὸς</span> <span class='ocrx_word' id='word_1_376' title='bbox 2674 2363 2833 2433; x_wconf 78' lang='grc' dir='ltr'>φύσει</span> <span class='ocrx_word' id='word_1_377' title='bbox 2853 2361 3198 2434; x_wconf 84' lang='grc' dir='ltr'>καρτερικῶς</span> <span class='ocrx_word' id='word_1_378' title='bbox 3219 2358 3566 2429; x_wconf 76' lang='grc' dir='ltr'><strong>διαγούσητὸν</strong></span> <span class='ocrx_word' id='word_1_379' title='bbox 3588 2358 3767 2426; x_wconf 68' lang='grc' dir='ltr'><strong>ἑαυτῆς</strong></span> 
     </span>
    </p>
   </div>
   <div class='ocr_carea' id='block_1_46' title="bbox 724 2446 2338 2530">
    <p class='ocr_par' dir='ltr' id='par_1_46' title="bbox 724 2452 2300 2530">
     <span class='ocr_line' id='line_1_46' title="bbox 724 2452 2300 2530; baseline 0.006 -26"><span class='ocrx_word' id='word_1_380' title='bbox 724 2452 894 2505; x_wconf 86' lang='lat' dir='ltr'><strong>vitam</strong></span> <span class='ocrx_word' id='word_1_381' title='bbox 935 2454 1144 2521; x_wconf 78' lang='lat' dir='ltr'><strong>agentis</strong></span> <span class='ocrx_word' id='word_1_382' title='bbox 1193 2463 1390 2510; x_wconf 87' lang='lat' dir='ltr'><strong>natura</strong></span> <span class='ocrx_word' id='word_1_383' title='bbox 1423 2458 1791 2513; x_wconf 88' lang='lat' dir='ltr'><strong>contendere?</strong></span> <span class='ocrx_word' id='word_1_384' title='bbox 1839 2458 2074 2524; x_wconf 84' lang='lat' dir='ltr'><strong>Quando</strong></span> <span class='ocrx_word' id='word_1_385' title='bbox 2117 2467 2300 2530; x_wconf 84' lang='lat' dir='ltr'><strong>potest</strong></span> 
     </span>
    </p>
   </div>
   <div class='ocr_carea' id='block_1_47' title="bbox 2157 2446 3771 2530">
    <p class='ocr_par' dir='ltr' id='par_1_47' title="bbox 2157 2446 3771 2522">
     <span class='ocr_line' id='line_1_47' title="bbox 2157 2446 3771 2522; baseline -0.01 -10"><span class='ocrx_word' id='word_1_386' title='bbox 2157 2467 2300 2516; x_wconf 85' lang='lat' dir='ltr'><strong>otest</strong></span> <span class='ocrx_word' id='word_1_387' title='bbox 2400 2454 2537 2506; x_wconf 85' lang='grc' dir='ltr'><strong>Πότε</strong></span> <span class='ocrx_word' id='word_1_388' title='bbox 2570 2452 2631 2505; x_wconf 84' lang='grc' dir='ltr'><strong>τὸ</strong></span> <span class='ocrx_word' id='word_1_389' title='bbox 2662 2453 2719 2504; x_wconf 82' lang='grc' dir='ltr'><strong>έν</strong></span> <span class='ocrx_word' id='word_1_390' title='bbox 2756 2453 3030 2522; x_wconf 80' lang='grc' dir='ltr'><strong>νηστείαις</strong></span> <span class='ocrx_word' id='word_1_391' title='bbox 3064 2449 3280 2502; x_wconf 72' lang='grc' dir='ltr'><strong>εὔτονον</strong></span> <span class='ocrx_word' id='word_1_392' title='bbox 3323 2446 3576 2516; x_wconf 83' lang='grc' dir='ltr'><strong>γυναικῶν</strong></span> <span class='ocrx_word' id='word_1_393' title='bbox 3618 2446 3771 2515; x_wconf 70' lang='grc' dir='ltr'><strong>μιμὴσ</strong></span> 
     </span>
    </p>
   </div>
   <div class='ocr_carea' id='block_1_48' title="bbox 725 2539 2339 2621">
    <p class='ocr_par' dir='ltr' id='par_1_48' title="bbox 725 2547 2298 2621">
     <span class='ocr_line' id='line_1_48' title="bbox 725 2547 2298 2621; baseline 0.004 -22"><span class='ocrx_word' id='word_1_394' title='bbox 725 2547 891 2602; x_wconf 83' lang='grc' dir='ltr'>Ιιοιιιο</span> <span class='ocrx_word' id='word_1_395' title='bbox 947 2549 1153 2601; x_wconf 84' lang='lat' dir='ltr'><strong>firmam</strong></span> <span class='ocrx_word' id='word_1_396' title='bbox 1203 2550 1484 2606; x_wconf 86' lang='lat' dir='ltr'><strong>mulierem</strong></span> <span class='ocrx_word' id='word_1_397' title='bbox 1539 2551 1592 2604; x_wconf 92' lang='lat' dir='ltr'><strong>in</strong></span> <span class='ocrx_word' id='word_1_398' title='bbox 1630 2550 1857 2621; x_wconf 86' lang='lat' dir='ltr'><strong>jejuniis</strong></span> <span class='ocrx_word' id='word_1_399' title='bbox 1903 2552 2298 2607; x_wconf 88' lang='lat' dir='ltr'><strong>continentiam</strong></span> 
     </span>
    </p>
   </div>
   <div class='ocr_carea' id='block_1_49' title="bbox 2157 2539 3771 2621">
    <p class='ocr_par' dir='ltr' id='par_1_49' title="bbox 2157 2539 3771 2616">
     <span class='ocr_line' id='line_1_49' title="bbox 2157 2539 3771 2616; baseline -0.006 -16"><span class='ocrx_word' id='word_1_400' title='bbox 2157 2553 2298 2606; x_wconf 66' lang='lat' dir='ltr'><strong>uiam</strong></span> <span class='ocrx_word' id='word_1_401' title='bbox 2398 2545 2621 2599; x_wconf 82' lang='grc' dir='ltr'>δύναται</span> <span class='ocrx_word' id='word_1_402' title='bbox 2660 2545 2965 2616; x_wconf 78' lang='grc' dir='ltr'>ἄνθρωπος,</span> <span class='ocrx_word' id='word_1_403' title='bbox 3001 2545 3061 2595; x_wconf 84' lang='grc' dir='ltr'><strong>τὸ</strong></span> <span class='ocrx_word' id='word_1_404' title='bbox 3105 2545 3164 2595; x_wconf 79' lang='grc' dir='ltr'><strong>ὲν</strong></span> <span class='ocrx_word' id='word_1_405' title='bbox 3207 2543 3523 2613; x_wconf 85' lang='grc' dir='ltr'>προσευχαῖς</span> <span class='ocrx_word' id='word_1_406' title='bbox 3573 2539 3771 2609; x_wconf 52' lang='lat' dir='ltr'><strong>eam»</strong></span> 
     </span>
    </p>
   </div>
   <div class='ocr_carea' id='block_1_50' title="bbox 725 2632 2339 2710">
    <p class='ocr_par' dir='ltr' id='par_1_50' title="bbox 725 2637 2298 2710">
     <span class='ocr_line' id='line_1_50' title="bbox 725 2637 2298 2710; baseline 0.003 -19"><span class='ocrx_word' id='word_1_407' title='bbox 725 2638 964 2692; x_wconf 86' lang='lat' dir='ltr'><strong>imitari?</strong></span> <span class='ocrx_word' id='word_1_408' title='bbox 993 2637 1222 2704; x_wconf 82' lang='lat' dir='ltr'><strong>Quando</strong></span> <span class='ocrx_word' id='word_1_409' title='bbox 1246 2647 1427 2708; x_wconf 86' lang='lat' dir='ltr'><strong>potest</strong></span> <span class='ocrx_word' id='word_1_410' title='bbox 1469 2656 1688 2710; x_wconf 70' lang='lat' dir='ltr'><strong>aequare</strong></span> <span class='ocrx_word' id='word_1_411' title='bbox 1729 2641 1980 2696; x_wconf 88' lang='lat' dir='ltr'><strong>sedulum</strong></span> <span class='ocrx_word' id='word_1_412' title='bbox 2019 2655 2210 2696; x_wconf 90' lang='lat' dir='ltr'><strong>earum</strong></span> <span class='ocrx_word' id='word_1_413' title='bbox 2244 2641 2298 2695; x_wconf 88' lang='lat' dir='ltr'><strong>in</strong></span> 
     </span>
    </p>
   </div>
   <div class='ocr_carea' id='block_1_51' title="bbox 2157 2632 3771 2710">
    <p class='ocr_par' dir='ltr' id='par_1_51' title="bbox 2160 2632 3771 2710">
     <span class='ocr_line' id='line_1_51' title="bbox 2160 2632 3771 2710; baseline -0.006 -18"><span class='ocrx_word' id='word_1_414' title='bbox 2160 2656 2210 2693; x_wconf 90' lang='grc' dir='ltr'>ιιι</span> <span class='ocrx_word' id='word_1_415' title='bbox 2244 2641 2298 2695; x_wconf 87' lang='lat' dir='ltr'><strong>in</strong></span> <span class='ocrx_word' id='word_1_416' title='bbox 2399 2639 2456 2691; x_wconf 79' lang='grc' dir='ltr'><strong>ἐν</strong></span> <span class='ocrx_word' id='word_1_417' title='bbox 2477 2639 2704 2710; x_wconf 78' lang='grc' dir='ltr'>δάκρυσι</span> <span class='ocrx_word' id='word_1_418' title='bbox 2727 2637 2964 2707; x_wconf 74' lang='grc' dir='ltr'>δαψιλὲς,</span> <span class='ocrx_word' id='word_1_419' title='bbox 2994 2635 3056 2689; x_wconf 81' lang='grc' dir='ltr'><strong>τὸ</strong></span> <span class='ocrx_word' id='word_1_420' title='bbox 3088 2637 3215 2707; x_wconf 81' lang='grc' dir='ltr'>περὶ</span> <span class='ocrx_word' id='word_1_421' title='bbox 3253 2635 3493 2697; x_wconf 84' lang='grc' dir='ltr'>εὐποιῖας</span> <span class='ocrx_word' id='word_1_422' title='bbox 3538 2632 3771 2702; x_wconf 84' lang='grc' dir='ltr'><strong>’ἐτοιμον;</strong></span> 
     </span>
    </p>
   </div>
   <div class='ocr_carea' id='block_1_52' title="bbox 728 2722 2342 2802">
    <p class='ocr_par' dir='ltr' id='par_1_52' title="bbox 728 2730 2301 2802">
     <span class='ocr_line' id='line_1_52' title="bbox 728 2730 2301 2802; baseline 0.004 -21"><span class='ocrx_word' id='word_1_423' title='bbox 728 2730 1137 2798; x_wconf 83' lang='lat' dir='ltr'><strong>precationibus</strong></span> <span class='ocrx_word' id='word_1_424' title='bbox 1170 2732 1434 2794; x_wconf 89' lang='lat' dir='ltr'><strong>studium,</strong></span> <span class='ocrx_word' id='word_1_425' title='bbox 1468 2731 1612 2802; x_wconf 85' lang='lat' dir='ltr'><strong>piam</strong></span> <span class='ocrx_word' id='word_1_426' title='bbox 1637 2731 1705 2785; x_wconf 86' lang='lat' dir='ltr'><strong>ad</strong></span> <span class='ocrx_word' id='word_1_427' title='bbox 1735 2730 2146 2802; x_wconf 87' lang='lat' dir='ltr'><strong>lacrymandum</strong></span> <span class='ocrx_word' id='word_1_428' title='bbox 2177 2746 2301 2802; x_wconf 85' lang='lat' dir='ltr'><strong>pro-</strong></span> 
     </span>
    </p>
   </div>
   <div class='ocr_carea' id='block_1_53' title="bbox 2155 2722 3769 2802">
    <p class='ocr_par' dir='ltr' id='par_1_53' title="bbox 2177 2722 3769 2802">
     <span class='ocr_line' id='line_1_53' title="bbox 2177 2722 3769 2802; baseline -0.007 -18"><span class='ocrx_word' id='word_1_429' title='bbox 2177 2746 2301 2802; x_wconf 86' lang='lat' dir='ltr'><strong>pro-</strong></span> <span class='ocrx_word' id='word_1_430' title='bbox 2399 2730 2510 2799; x_wconf 74' lang='grc' dir='ltr'><strong>ἐγὼ</strong></span> <span class='ocrx_word' id='word_1_431' title='bbox 2563 2732 2834 2798; x_wconf 78' lang='grc' dir='ltr'><strong>γυναῖκα,</strong></span> <span class='ocrx_word' id='word_1_432' title='bbox 2877 2728 3052 2800; x_wconf 84' lang='grc' dir='ltr'>λάθρα</span> <span class='ocrx_word' id='word_1_433' title='bbox 3101 2728 3435 2781; x_wconf 81' lang='grc' dir='ltr'><strong>κλέπτουσαν</strong></span> <span class='ocrx_word' id='word_1_434' title='bbox 3480 2723 3617 2777; x_wconf 80' lang='grc' dir='ltr'>καλὰ</span> <span class='ocrx_word' id='word_1_435' title='bbox 3656 2722 3769 2791; x_wconf 63' lang='grc' dir='ltr'>κλει</span> 
     </span>
    </p>
   </div>
   <div class='ocr_carea' id='block_1_54' title="bbox 729 2813 2343 2892">
    <p class='ocr_par' dir='ltr' id='par_1_54' title="bbox 729 2822 2300 2892">
     <span class='ocr_line' id='line_1_54' title="bbox 729 2822 2300 2892; baseline 0.002 -18"><span class='ocrx_word' id='word_1_436' title='bbox 729 2822 1069 2890; x_wconf 81' lang='lat' dir='ltr'><strong>pensionem,</strong></span> <span class='ocrx_word' id='word_1_437' title='bbox 1116 2833 1168 2876; x_wconf 87' lang='lat' dir='ltr'><strong>et</strong></span> <span class='ocrx_word' id='word_1_438' title='bbox 1198 2838 1423 2892; x_wconf 85' lang='lat' dir='ltr'><strong>pronam</strong></span> <span class='ocrx_word' id='word_1_439' title='bbox 1450 2822 1514 2877; x_wconf 90' lang='lat' dir='ltr'><strong>ad</strong></span> <span class='ocrx_word' id='word_1_440' title='bbox 1549 2823 2009 2878; x_wconf 83' lang='lat' dir='ltr'><strong>benemerendum</strong></span> <span class='ocrx_word' id='word_1_441' title='bbox 2066 2823 2300 2877; x_wconf 86' lang='lat' dir='ltr'><strong>facilita-</strong></span> 
     </span>
    </p>
   </div>
   <div class='ocr_carea' id='block_1_55' title="bbox 2157 2813 3771 2892">
    <p class='ocr_par' dir='ltr' id='par_1_55' title="bbox 2159 2813 3771 2892">
     <span class='ocr_line' id='line_1_55' title="bbox 2159 2813 3771 2892; baseline -0.007 -17"><span class='ocrx_word' id='word_1_442' title='bbox 2159 2823 2300 2877; x_wconf 84' lang='lat' dir='ltr'><strong>ilita-</strong></span> <span class='ocrx_word' id='word_1_443' title='bbox 2400 2823 2526 2876; x_wconf 79' lang='grc' dir='ltr'>ἄνευ</span> <span class='ocrx_word' id='word_1_444' title='bbox 2553 2821 2645 2874; x_wconf 81' lang='grc' dir='ltr'><strong>τοῦ</strong></span> <span class='ocrx_word' id='word_1_445' title='bbox 2675 2820 2866 2892; x_wconf 80' lang='grc' dir='ltr'>ἀνδρὸς</span> <span class='ocrx_word' id='word_1_446' title='bbox 2892 2820 2992 2883; x_wconf 81' lang='grc' dir='ltr'><strong>τὰς</strong></span> <span class='ocrx_word' id='word_1_447' title='bbox 3041 2819 3286 2880; x_wconf 78' lang='grc' dir='ltr'>εὐποιΐας</span> <span class='ocrx_word' id='word_1_448' title='bbox 3317 2815 3566 2869; x_wconf 67' lang='grc' dir='ltr'>ποιοῦσαν</span> <span class='ocrx_word' id='word_1_449' title='bbox 3591 2815 3727 2883; x_wconf 78' lang='grc' dir='ltr'><strong>ὑπὲρ</strong></span> <span class='ocrx_word' id='word_1_450' title='bbox 3757 2813 3771 2864; x_wconf 77' lang='grc' dir='ltr'><em>ἐ</em></span> 
     </span>
    </p>
   </div>
   <div class='ocr_carea' id='block_1_56' title="bbox 726 2903 2340 2983">
    <p class='ocr_par' dir='ltr' id='par_1_56' title="bbox 726 2909 2299 2983">
     <span class='ocr_line' id='line_1_56' title="bbox 726 2909 2299 2983; baseline 0.003 -20"><span class='ocrx_word' id='word_1_451' title='bbox 726 2911 876 2964; x_wconf 86' lang='lat' dir='ltr'><strong>tem?</strong></span> <span class='ocrx_word' id='word_1_452' title='bbox 912 2909 1032 2966; x_wconf 83' lang='lat' dir='ltr'><strong>Vidi</strong></span> <span class='ocrx_word' id='word_1_453' title='bbox 1061 2928 1160 2983; x_wconf 82' lang='lat' dir='ltr'><strong>ego</strong></span> <span class='ocrx_word' id='word_1_454' title='bbox 1193 2911 1445 2966; x_wconf 80' lang='lat' dir='ltr'><strong>feminam</strong></span> <span class='ocrx_word' id='word_1_455' title='bbox 1479 2913 1617 2966; x_wconf 84' lang='lat' dir='ltr'><strong>clam</strong></span> <span class='ocrx_word' id='word_1_456' title='bbox 1645 2913 2033 2968; x_wconf 90' lang='lat' dir='ltr'><strong>honestissimo</strong></span> <span class='ocrx_word' id='word_1_457' title='bbox 2060 2921 2299 2968; x_wconf 87' lang='lat' dir='ltr'><strong>utentem</strong></span> 
     </span>
    </p>
   </div>
   <div class='ocr_carea' id='block_1_57' title="bbox 2157 2903 3771 2983">
    <p class='ocr_par' dir='ltr' id='par_1_57' title="bbox 2157 2903 3771 2983">
     <span class='ocr_line' id='line_1_57' title="bbox 2157 2903 3771 2983; baseline -0.007 -17"><span class='ocrx_word' id='word_1_458' title='bbox 2157 2921 2299 2968; x_wconf 90' lang='lat' dir='ltr'><strong>ntem</strong></span> <span class='ocrx_word' id='word_1_459' title='bbox 2401 2913 2540 2983; x_wconf 83' lang='grc' dir='ltr'><strong>ὑπὲρ</strong></span> <span class='ocrx_word' id='word_1_460' title='bbox 2567 2913 2847 2982; x_wconf 75' lang='grc' dir='ltr'><strong>αὐξήσεως</strong></span> <span class='ocrx_word' id='word_1_461' title='bbox 2880 2913 3051 2976; x_wconf 77' lang='grc' dir='ltr'>οἴκου,</span> <span class='ocrx_word' id='word_1_462' title='bbox 3106 2909 3242 2980; x_wconf 77' lang='grc' dir='ltr'><strong>ὑπὲρ</strong></span> <span class='ocrx_word' id='word_1_463' title='bbox 3264 2908 3465 2960; x_wconf 89' lang='grc' dir='ltr'><strong>τέκνων</strong></span> <span class='ocrx_word' id='word_1_464' title='bbox 3503 2903 3771 2974; x_wconf 56' lang='grc' dir='ltr'>διαμονῆς,</span> 
     </span>
    </p>
   </div>
   <div class='ocr_carea' id='block_1_58' title="bbox 729 2996 2343 3072">
    <p class='ocr_par' dir='ltr' id='par_1_58' title="bbox 729 3001 2296 3072">
     <span class='ocr_line' id='line_1_58' title="bbox 729 3001 2296 3072; baseline 0.003 -19"><span class='ocrx_word' id='word_1_465' title='bbox 729 3001 942 3056; x_wconf 78' lang='lat' dir='ltr'><strong>furandi</strong></span> <span class='ocrx_word' id='word_1_466' title='bbox 977 3019 1190 3072; x_wconf 79' lang='lat' dir='ltr'><strong>genere.</strong></span> <span class='ocrx_word' id='word_1_467' title='bbox 1237 3002 1360 3056; x_wconf 68' lang='lat' dir='ltr'><strong>Haec</strong></span> <span class='ocrx_word' id='word_1_468' title='bbox 1389 3003 1564 3056; x_wconf 91' lang='lat' dir='ltr'><strong>inscio</strong></span> <span class='ocrx_word' id='word_1_469' title='bbox 1610 3004 1808 3056; x_wconf 89' lang='lat' dir='ltr'><strong>marito</strong></span> <span class='ocrx_word' id='word_1_470' title='bbox 1840 3004 1907 3058; x_wconf 89' lang='lat' dir='ltr'><strong>de</strong></span> <span class='ocrx_word' id='word_1_471' title='bbox 1933 3017 1992 3056; x_wconf 92' lang='lat' dir='ltr'><strong>re</strong></span> <span class='ocrx_word' id='word_1_472' title='bbox 2039 3002 2296 3059; x_wconf 85' lang='lat' dir='ltr'><strong>familiari</strong></span> 
     </span>
    </p>
   </div>
   <div class='ocr_carea' id='block_1_59' title="bbox 2145 2996 3759 3072">
    <p class='ocr_par' dir='ltr' id='par_1_59' title="bbox 2145 2996 3759 3070">
     <span class='ocr_line' id='line_1_59' title="bbox 2145 2996 3759 3070; baseline -0.006 -15"><span class='ocrx_word' id='word_1_473' title='bbox 2145 3005 2296 3059; x_wconf 70' lang='lat' dir='ltr'><strong>liliari</strong></span> <span class='ocrx_word' id='word_1_474' title='bbox 2401 3021 2500 3057; x_wconf 90' lang='grc' dir='ltr'><strong>σαν</strong></span> <span class='ocrx_word' id='word_1_475' title='bbox 2527 3005 2617 3057; x_wconf 74' lang='grc' dir='ltr'><strong>καὶ</strong></span> <span class='ocrx_word' id='word_1_476' title='bbox 2645 3003 3014 3056; x_wconf 83' lang='grc' dir='ltr'>λανθάνουσαν</span> <span class='ocrx_word' id='word_1_477' title='bbox 3060 3001 3154 3053; x_wconf 82' lang='grc' dir='ltr'><strong>τοῦ</strong></span> <span class='ocrx_word' id='word_1_478' title='bbox 3196 2999 3386 3070; x_wconf 80' lang='grc' dir='ltr'>ἀνδρὸς</span> <span class='ocrx_word' id='word_1_479' title='bbox 3417 2996 3513 3067; x_wconf 82' lang='grc' dir='ltr'><strong>τὴν</strong></span> <span class='ocrx_word' id='word_1_480' title='bbox 3539 2996 3759 3065; x_wconf 83' lang='grc' dir='ltr'><strong>γνῶσιν.</strong></span> 
     </span>
    </p>
   </div>
   <div class='ocr_carea' id='block_1_60' title="bbox 729 3089 2343 3179">
    <p class='ocr_par' dir='ltr' id='par_1_60' title="bbox 729 3093 2343 3179">
     <span class='ocr_line' id='line_1_60' title="bbox 729 3093 2343 3179; baseline 0.002 -33"><span class='ocrx_word' id='word_1_481' title='bbox 729 3095 1058 3163; x_wconf 81' lang='lat' dir='ltr'><strong>pauperibus</strong></span> <span class='ocrx_word' id='word_1_482' title='bbox 1083 3095 1435 3163; x_wconf 83' lang='lat' dir='ltr'><strong>largiebatur.</strong></span> <span class='ocrx_word' id='word_1_483' title='bbox 1470 3093 1579 3148; x_wconf 87' lang='lat' dir='ltr'><strong>Pro</strong></span> <span class='ocrx_word' id='word_1_484' title='bbox 1604 3094 1706 3147; x_wconf 89' lang='lat' dir='ltr'><strong>viri</strong></span> <span class='ocrx_word' id='word_1_485' title='bbox 1742 3093 2023 3160; x_wconf 87' lang='lat' dir='ltr'><strong>felicitate,</strong></span> <span class='ocrx_word' id='word_1_486' title='bbox 2079 3109 2178 3163; x_wconf 85' lang='lat' dir='ltr'><strong>pro</strong></span> <span class='ocrx_word' id='word_1_487' title='bbox 2225 3094 2343 3179; x_wconf 57' lang='grc' dir='ltr'><strong>ἢν(</strong></span> 
     </span>
    </p>
   </div>
   <div class='ocr_carea' id='block_1_61' title="bbox 2139 3089 3753 3179">
    <p class='ocr_par' dir='ltr' id='par_1_61' title="bbox 2139 3089 3753 3179">
     <span class='ocr_line' id='line_1_61' title="bbox 2139 3089 3753 3179; baseline -0.006 -31"><span class='ocrx_word' id='word_1_488' title='bbox 2139 3109 2178 3148; x_wconf 78' lang='lat'><strong>&#39;0</strong></span> <span class='ocrx_word' id='word_1_489' title='bbox 2225 3094 2297 3149; x_wconf 86' lang='lat' dir='ltr'><strong>fa-</strong></span> <span class='ocrx_word' id='word_1_490' title='bbox 2325 3122 2367 3179; x_wconf 66' lang='grc' dir='ltr'><strong>ο</strong></span> <span class='ocrx_word' id='word_1_491' title='bbox 2401 3095 2561 3149; x_wconf 77' lang='grc' dir='ltr'><strong>αὐτοῦ</strong></span> <span class='ocrx_word' id='word_1_492' title='bbox 2584 3095 2948 3149; x_wconf 78' lang='grc' dir='ltr'>ὲκὸάλλουσαν</span> <span class='ocrx_word' id='word_1_493' title='bbox 2973 3095 3064 3146; x_wconf 72' lang='grc' dir='ltr'><strong>καὶ</strong></span> <span class='ocrx_word' id='word_1_494' title='bbox 3087 3092 3248 3146; x_wconf 83' lang='grc' dir='ltr'><strong>αὑτὸν</strong></span> <span class='ocrx_word' id='word_1_495' title='bbox 3270 3089 3753 3160; x_wconf 75' lang='grc' dir='ltr'><strong>ἀποκρύπτουσαν.</strong></span> 
     </span>
    </p>
   </div>
   <div class='ocr_carea' id='block_1_62' title="bbox 732 3178 2346 3255">
    <p class='ocr_par' dir='ltr' id='par_1_62' title="bbox 732 3178 2346 3254">
     <span class='ocr_line' id='line_1_62' title="bbox 732 3178 2346 3254; baseline 0.001 -16"><span class='ocrx_word' id='word_1_496' title='bbox 732 3186 894 3240; x_wconf 64' lang='lat' dir='ltr'><strong>milia:</strong></span> <span class='ocrx_word' id='word_1_497' title='bbox 942 3185 1320 3254; x_wconf 87' lang='lat' dir='ltr'><strong>prosperitate,</strong></span> <span class='ocrx_word' id='word_1_498' title='bbox 1355 3201 1457 3254; x_wconf 90' lang='lat' dir='ltr'><strong>pro</strong></span> <span class='ocrx_word' id='word_1_499' title='bbox 1500 3185 1875 3239; x_wconf 89' lang='lat' dir='ltr'><strong>incolumitate</strong></span> <span class='ocrx_word' id='word_1_500' title='bbox 1927 3185 2159 3240; x_wconf 87' lang='lat' dir='ltr'><strong>filiorum</strong></span> <span class='ocrx_word' id='word_1_501' title='bbox 2195 3186 2297 3240; x_wconf 90' lang='lat' dir='ltr'><strong>im-</strong></span> <span class='ocrx_word' id='word_1_502' title='bbox 2341 3178 2346 3179; x_wconf 12' lang='grc' dir='ltr'><em>γ</em></span> 
     </span>
    </p>
   </div>
   <div class='ocr_carea' id='block_1_63' title="bbox 2157 3178 3771 3255">
    <p class='ocr_par' dir='ltr' id='par_1_63' title="bbox 2157 3178 3771 3255">
     <span class='ocr_line' id='line_1_63' title="bbox 2157 3178 3771 3255; baseline -0.006 -18"><span class='ocrx_word' id='word_1_503' title='bbox 2157 3212 2159 3237; x_wconf 86' lang='lat' dir='ltr'><strong>l</strong></span> <span class='ocrx_word' id='word_1_504' title='bbox 2195 3186 2297 3240; x_wconf 84' lang='lat' dir='ltr'><strong>inl-</strong></span> <span class='ocrx_word' id='word_1_505' title='bbox 2341 3178 2350 3179; x_wconf 19' lang='grc' dir='ltr'><strong>ί</strong></span> <span class='ocrx_word' id='word_1_506' title='bbox 2400 3187 2606 3250; x_wconf 76' lang='grc' dir='ltr'>ἐποίει,</span> <span class='ocrx_word' id='word_1_507' title='bbox 2637 3187 2810 3239; x_wconf 78' lang='grc' dir='ltr'>ἐποίει</span> <span class='ocrx_word' id='word_1_508' title='bbox 2848 3187 2926 3255; x_wconf 78' lang='grc' dir='ltr'><strong>τῷ</strong></span> <span class='ocrx_word' id='word_1_509' title='bbox 2955 3185 3204 3255; x_wconf 76' lang='grc' dir='ltr'>βλέποντι</span> <span class='ocrx_word' id='word_1_510' title='bbox 3233 3185 3290 3235; x_wconf 82' lang='grc' dir='ltr'><strong>ὲν</strong></span> <span class='ocrx_word' id='word_1_511' title='bbox 3312 3181 3391 3252; x_wconf 83' lang='grc' dir='ltr'><strong>τῷ</strong></span> <span class='ocrx_word' id='word_1_512' title='bbox 3429 3178 3660 3251; x_wconf 80' lang='grc' dir='ltr'><strong>κρυπτῷ</strong></span> <span class='ocrx_word' id='word_1_513' title='bbox 3682 3221 3696 3243; x_wconf 86' lang='lat'><strong>,</strong></span> <span class='ocrx_word' id='word_1_514' title='bbox 3735 3193 3771 3228; x_wconf 65' lang='grc' dir='ltr'><strong>οι</strong></span> 
     </span>
    </p>
   </div>
   <div class='ocr_carea' id='block_1_64' title="bbox 730 3267 2344 3347">
    <p class='ocr_par' dir='ltr' id='par_1_64' title="bbox 730 3274 2296 3347">
     <span class='ocr_line' id='line_1_64' title="bbox 730 3274 2296 3347; baseline 0.005 -23"><span class='ocrx_word' id='word_1_515' title='bbox 730 3275 999 3343; x_wconf 68' lang='grc' dir='ltr'>ιιριῑίοιιιιι</span> <span class='ocrx_word' id='word_1_516' title='bbox 1043 3275 1229 3330; x_wconf 88' lang='lat' dir='ltr'><strong>celans</strong></span> <span class='ocrx_word' id='word_1_517' title='bbox 1260 3276 1458 3337; x_wconf 83' lang='lat' dir='ltr'><strong>virum,</strong></span> <span class='ocrx_word' id='word_1_518' title='bbox 1478 3274 1570 3330; x_wconf 90' lang='lat' dir='ltr'><strong>sed</strong></span> <span class='ocrx_word' id='word_1_519' title='bbox 1606 3291 1704 3344; x_wconf 90' lang='lat' dir='ltr'><strong>pro</strong></span> <span class='ocrx_word' id='word_1_520' title='bbox 1729 3275 1848 3344; x_wconf 92' lang='lat' dir='ltr'><strong>ipso</strong></span> <span class='ocrx_word' id='word_1_521' title='bbox 1877 3275 2015 3331; x_wconf 81' lang='lat' dir='ltr'><strong>viro.</strong></span> <span class='ocrx_word' id='word_1_522' title='bbox 2049 3275 2156 3331; x_wconf 86' lang='lat' dir='ltr'><strong>Pro</strong></span> <span class='ocrx_word' id='word_1_523' title='bbox 2177 3277 2296 3347; x_wconf 87' lang='lat' dir='ltr'><strong>ipso</strong></span> 
     </span>
    </p>
   </div>
   <div class='ocr_carea' id='block_1_65' title="bbox 2157 3267 3771 3347">
    <p class='ocr_par' dir='ltr' id='par_1_65' title="bbox 2177 3267 3771 3347">
     <span class='ocr_line' id='line_1_65' title="bbox 2177 3267 3771 3347; baseline -0.006 -17"><span class='ocrx_word' id='word_1_524' title='bbox 2177 3277 2296 3347; x_wconf 87' lang='lat' dir='ltr'><strong>ipso</strong></span> <span class='ocrx_word' id='word_1_525' title='bbox 2402 3278 2656 3333; x_wconf 83' lang='grc' dir='ltr'><strong>σιεύουσα</strong></span> <span class='ocrx_word' id='word_1_526' title='bbox 2699 3276 2896 3347; x_wconf 77' lang='grc' dir='ltr'><strong>ἑαυτῆς</strong></span> <span class='ocrx_word' id='word_1_527' title='bbox 2934 3276 3030 3346; x_wconf 73' lang='grc' dir='ltr'><strong>τὴν</strong></span> <span class='ocrx_word' id='word_1_528' title='bbox 3069 3274 3338 3327; x_wconf 73' lang='grc' dir='ltr'><strong>εὐποιΐαν.</strong></span> <span class='ocrx_word' id='word_1_529' title='bbox 3382 3272 3451 3324; x_wconf 83' lang='grc' dir='ltr'>Ἢ</span> <span class='ocrx_word' id='word_1_530' title='bbox 3489 3267 3677 3337; x_wconf 76' lang='grc' dir='ltr'><strong>ἀγαθὴ</strong></span> <span class='ocrx_word' id='word_1_531' title='bbox 3707 3283 3771 3334; x_wconf 73' lang='grc' dir='ltr'><strong>γυ</strong></span> 
     </span>
    </p>
   </div>
   <div class='ocr_carea' id='block_1_66' title="bbox 729 3358 2343 3439">
    <p class='ocr_par' dir='ltr' id='par_1_66' title="bbox 729 3363 2298 3435">
     <span class='ocr_line' id='line_1_66' title="bbox 729 3363 2298 3435; baseline 0.004 -19"><span class='ocrx_word' id='word_1_532' title='bbox 729 3363 989 3428; x_wconf 77' lang='lat' dir='ltr'><strong>donabat,</strong></span> <span class='ocrx_word' id='word_1_533' title='bbox 1015 3364 1106 3433; x_wconf 90' lang='lat' dir='ltr'><strong>qui</strong></span> <span class='ocrx_word' id='word_1_534' title='bbox 1138 3363 1340 3418; x_wconf 90' lang='lat' dir='ltr'><strong>factum</strong></span> <span class='ocrx_word' id='word_1_535' title='bbox 1371 3365 1671 3419; x_wconf 84' lang='lat' dir='ltr'><strong>nesciebat.</strong></span> <span class='ocrx_word' id='word_1_536' title='bbox 1703 3365 1758 3420; x_wconf 88' lang='lat' dir='ltr'><strong>Id</strong></span> <span class='ocrx_word' id='word_1_537' title='bbox 1799 3366 1946 3421; x_wconf 91' lang='lat' dir='ltr'><strong>enim</strong></span> <span class='ocrx_word' id='word_1_538' title='bbox 2014 3367 2298 3435; x_wconf 61' lang='lat' dir='ltr'><strong>praestabat</strong></span> 
     </span>
    </p>
   </div>
   <div class='ocr_carea' id='block_1_67' title="bbox 2157 3358 3771 3439">
    <p class='ocr_par' dir='ltr' id='par_1_67' title="bbox 2157 3358 3771 3439">
     <span class='ocr_line' id='line_1_67' title="bbox 2157 3358 3771 3439; baseline -0.008 -17"><span class='ocrx_word' id='word_1_539' title='bbox 2157 3367 2298 3422; x_wconf 87' lang='lat' dir='ltr'><strong>tabat</strong></span> <span class='ocrx_word' id='word_1_540' title='bbox 2400 3372 2462 3425; x_wconf 85' lang='grc' dir='ltr'><strong>τὸ</strong></span> <span class='ocrx_word' id='word_1_541' title='bbox 2484 3372 2602 3424; x_wconf 82' lang='grc' dir='ltr'>κατ’</span> <span class='ocrx_word' id='word_1_542' title='bbox 2634 3370 2834 3423; x_wconf 78' lang='grc' dir='ltr'><strong>εἰκόνα.</strong></span> <span class='ocrx_word' id='word_1_543' title='bbox 2864 3369 2956 3438; x_wconf 85' lang='grc' dir='ltr'><strong>Μὴ</strong></span> <span class='ocrx_word' id='word_1_544' title='bbox 2980 3369 3209 3439; x_wconf 80' lang='grc' dir='ltr'>πρόσεχε</span> <span class='ocrx_word' id='word_1_545' title='bbox 3247 3363 3326 3435; x_wconf 82' lang='grc' dir='ltr'><strong>τῷ</strong></span> <span class='ocrx_word' id='word_1_546' title='bbox 3361 3362 3471 3428; x_wconf 75' lang='grc' dir='ltr'><strong>ἔξω</strong></span> <span class='ocrx_word' id='word_1_547' title='bbox 3510 3358 3771 3429; x_wconf 70' lang='grc' dir='ltr'><strong>ἁνθρώπο</strong></span> 
     </span>
    </p>
   </div>
   <div class='ocr_carea' id='block_1_68' title="bbox 734 3450 2348 3532">
    <p class='ocr_par' dir='ltr' id='par_1_68' title="bbox 734 3453 2301 3532">
     <span class='ocr_line' id='line_1_68' title="bbox 734 3453 2301 3532; baseline 0.004 -26"><span class='ocrx_word' id='word_1_548' title='bbox 734 3469 788 3506; x_wconf 84' lang='grc' dir='ltr'><strong>ιιι</strong></span> <span class='ocrx_word' id='word_1_549' title='bbox 823 3453 1051 3522; x_wconf 87' lang='lat' dir='ltr'><strong>gratiam</strong></span> <span class='ocrx_word' id='word_1_550' title='bbox 1080 3453 1248 3518; x_wconf 89' lang='lat' dir='ltr'><strong>illius,</strong></span> <span class='ocrx_word' id='word_1_551' title='bbox 1269 3454 1360 3522; x_wconf 90' lang='lat' dir='ltr'><strong>qui</strong></span> <span class='ocrx_word' id='word_1_552' title='bbox 1388 3454 1532 3509; x_wconf 86' lang='lat' dir='ltr'><strong>videt</strong></span> <span class='ocrx_word' id='word_1_553' title='bbox 1567 3455 1620 3508; x_wconf 92' lang='lat' dir='ltr'><strong>in</strong></span> <span class='ocrx_word' id='word_1_554' title='bbox 1642 3454 1984 3532; x_wconf 83' lang='lat' dir='ltr'><strong>abscondito,</strong></span> <span class='ocrx_word' id='word_1_555' title='bbox 2011 3471 2113 3511; x_wconf 91' lang='lat' dir='ltr'><strong>nec</strong></span> <span class='ocrx_word' id='word_1_556' title='bbox 2142 3456 2301 3513; x_wconf 86' lang='lat' dir='ltr'><strong>bene-</strong></span> 
     </span>
    </p>
   </div>
   <div class='ocr_carea' id='block_1_69' title="bbox 2157 3450 3771 3532">
    <p class='ocr_par' dir='ltr' id='par_1_69' title="bbox 2157 3450 3771 3532">
     <span class='ocr_line' id='line_1_69' title="bbox 2157 3450 3771 3532; baseline -0.006 -21"><span class='ocrx_word' id='word_1_557' title='bbox 2157 3472 2301 3513; x_wconf 61' lang='lat' dir='ltr'><strong>bene-</strong></span> <span class='ocrx_word' id='word_1_558' title='bbox 2401 3462 2630 3532; x_wconf 87' lang='grc' dir='ltr'><strong>πλασμά</strong></span> <span class='ocrx_word' id='word_1_559' title='bbox 2661 3463 2776 3514; x_wconf 77' lang='grc' dir='ltr'>ἐστι</span> <span class='ocrx_word' id='word_1_560' title='bbox 2818 3460 2995 3514; x_wconf 82' lang='grc' dir='ltr'><strong>τοῦτο.</strong></span> <span class='ocrx_word' id='word_1_561' title='bbox 3039 3459 3103 3511; x_wconf 84' lang='grc' dir='ltr'><strong>Ἦ</strong></span> <span class='ocrx_word' id='word_1_562' title='bbox 3148 3457 3294 3526; x_wconf 79' lang='grc' dir='ltr'><strong>ψυχὴ</strong></span> <span class='ocrx_word' id='word_1_563' title='bbox 3329 3453 3636 3518; x_wconf 78' lang='grc' dir='ltr'><strong>καθέζεται</strong></span> <span class='ocrx_word' id='word_1_564' title='bbox 3687 3450 3771 3503; x_wconf 69' lang='grc' dir='ltr'>ἐνέ</span> 
     </span>
    </p>
   </div>
   <div class='ocr_carea' id='block_1_70' title="bbox 733 3531 2347 3627">
    <p class='ocr_par' dir='ltr' id='par_1_70' title="bbox 733 3531 2296 3616">
     <span class='ocr_line' id='line_1_70' title="bbox 733 3531 2296 3616; baseline 0.004 -16"><span class='ocrx_word' id='word_1_565' title='bbox 733 3547 871 3600; x_wconf 78' lang='lat' dir='ltr'><strong>facta</strong></span> <span class='ocrx_word' id='word_1_566' title='bbox 907 3561 1004 3600; x_wconf 89' lang='lat' dir='ltr'><strong>sua</strong></span> <span class='ocrx_word' id='word_1_567' title='bbox 1035 3547 1368 3616; x_wconf 83' lang='lat' dir='ltr'><strong>divulgabat.</strong></span> <span class='ocrx_word' id='word_1_568' title='bbox 1405 3547 1468 3600; x_wconf 83' lang='lat' dir='ltr'><strong>Et</strong></span> <span class='ocrx_word' id='word_1_569' title='bbox 1502 3547 1695 3602; x_wconf 88' lang='lat' dir='ltr'><strong>mulier</strong></span> <span class='ocrx_word' id='word_1_570' title='bbox 1727 3547 1889 3616; x_wconf 81' lang='lat' dir='ltr'><strong>igitur</strong></span> <span class='ocrx_word' id='word_1_571' title='bbox 1911 3531 2094 3613; x_wconf 68' lang='lat' dir='ltr'><strong>habet,</strong></span> <span class='ocrx_word' id='word_1_572' title='bbox 2146 3557 2206 3604; x_wconf 88' lang='lat' dir='ltr'><strong>ut</strong></span> <span class='ocrx_word' id='word_1_573' title='bbox 2231 3553 2296 3606; x_wconf 90' lang='lat' dir='ltr'><strong>ad</strong></span> 
     </span>
    </p>
   </div>
   <div class='ocr_carea' id='block_1_71' title="bbox 2157 3531 3771 3627">
    <p class='ocr_par' dir='ltr' id='par_1_71' title="bbox 2157 3531 3771 3627">
     <span class='ocr_line' id='line_1_71' title="bbox 2157 3531 3771 3627; baseline -0.006 -23"><span class='ocrx_word' id='word_1_574' title='bbox 2157 3557 2206 3604; x_wconf 78' lang='lat' dir='ltr'><strong>ut</strong></span> <span class='ocrx_word' id='word_1_575' title='bbox 2231 3553 2296 3606; x_wconf 90' lang='lat' dir='ltr'><strong>ad</strong></span> <span class='ocrx_word' id='word_1_576' title='bbox 2408 3555 2869 3627; x_wconf 84' lang='grc' dir='ltr'><strong>παραπετάσματι</strong></span> <span class='ocrx_word' id='word_1_577' title='bbox 2902 3552 2996 3606; x_wconf 76' lang='grc' dir='ltr'><strong>καὶ</strong></span> <span class='ocrx_word' id='word_1_578' title='bbox 3027 3549 3220 3618; x_wconf 84' lang='grc' dir='ltr'><strong>ἁπαλῷ</strong></span> <span class='ocrx_word' id='word_1_579' title='bbox 3263 3546 3344 3616; x_wconf 84' lang='grc' dir='ltr'><strong>τῷ</strong></span> <span class='ocrx_word' id='word_1_580' title='bbox 3395 3545 3647 3615; x_wconf 82' lang='grc' dir='ltr'><strong>σώματι.</strong></span> <span class='ocrx_word' id='word_1_581' title='bbox 3682 3544 3771 3596; x_wconf 71' lang='grc' dir='ltr'><strong>Ψι</strong></span> 
     </span>
    </p>
   </div>
   <div class='ocr_carea' id='block_1_72' title="bbox 732 3634 2346 3715">
    <p class='ocr_par' dir='ltr' id='par_1_72' title="bbox 732 3637 2294 3708">
     <span class='ocr_line' id='line_1_72' title="bbox 732 3637 2294 3708; baseline 0.003 -18"><span class='ocrx_word' id='word_1_582' title='bbox 732 3637 1024 3707; x_wconf 85' lang='lat' dir='ltr'><strong>imaginem</strong></span> <span class='ocrx_word' id='word_1_583' title='bbox 1057 3637 1146 3692; x_wconf 92' lang='lat' dir='ltr'><strong>sit.</strong></span> <span class='ocrx_word' id='word_1_584' title='bbox 1174 3637 1250 3692; x_wconf 83' lang='lat' dir='ltr'><strong>Ne</strong></span> <span class='ocrx_word' id='word_1_585' title='bbox 1280 3639 1598 3694; x_wconf 85' lang='lat' dir='ltr'><strong>consideres</strong></span> <span class='ocrx_word' id='word_1_586' title='bbox 1632 3639 1931 3702; x_wconf 84' lang='lat' dir='ltr'><strong>hominem,</strong></span> <span class='ocrx_word' id='word_1_587' title='bbox 1957 3639 2052 3708; x_wconf 86' lang='lat' dir='ltr'><strong>qui</strong></span> <span class='ocrx_word' id='word_1_588' title='bbox 2079 3641 2294 3695; x_wconf 82' lang='lat' dir='ltr'><strong>extrin-</strong></span> 
     </span>
    </p>
   </div>
   <div class='ocr_carea' id='block_1_73' title="bbox 2154 3634 3768 3715">
    <p class='ocr_par' dir='ltr' id='par_1_73' title="bbox 2154 3634 3768 3715">
     <span class='ocr_line' id='line_1_73' title="bbox 2154 3634 3768 3715; baseline -0.006 -22"><span class='ocrx_word' id='word_1_589' title='bbox 2154 3641 2294 3695; x_wconf 82' lang='lat' dir='ltr'><strong>trin-</strong></span> <span class='ocrx_word' id='word_1_590' title='bbox 2405 3662 2487 3698; x_wconf 92' lang='grc' dir='ltr'><strong>τοι</strong></span> <span class='ocrx_word' id='word_1_591' title='bbox 2529 3645 2802 3715; x_wconf 76' lang='grc' dir='ltr'><strong>καὶψυχὴ</strong></span> <span class='ocrx_word' id='word_1_592' title='bbox 2865 3641 3221 3714; x_wconf 78' lang='grc' dir='ltr'><strong>δμότιμος,ἐν</strong></span> <span class='ocrx_word' id='word_1_593' title='bbox 3249 3640 3367 3701; x_wconf 82' lang='grc' dir='ltr'>τοῖς</span> <span class='ocrx_word' id='word_1_594' title='bbox 3412 3634 3768 3707; x_wconf 81' lang='grc' dir='ltr'><strong>παραπετὰσ</strong></span> 
     </span>
    </p>
   </div>
   <div class='ocr_carea' id='block_1_74' title="bbox 731 3729 2654 3808">
    <p class='ocr_par' dir='ltr' id='par_1_74' title="bbox 731 3729 2654 3808">
     <span class='ocr_line' id='line_1_74' title="bbox 731 3729 2654 3808; baseline 0.004 -24"><span class='ocrx_word' id='word_1_595' title='bbox 731 3745 894 3784; x_wconf 82' lang='lat' dir='ltr'><strong>secus</strong></span> <span class='ocrx_word' id='word_1_596' title='bbox 932 3739 1034 3783; x_wconf 87' lang='lat' dir='ltr'><strong>est.</strong></span> <span class='ocrx_word' id='word_1_597' title='bbox 1063 3729 1156 3783; x_wconf 79' lang='lat' dir='ltr'><strong>Ille</strong></span> <span class='ocrx_word' id='word_1_598' title='bbox 1182 3730 1326 3784; x_wconf 89' lang='lat' dir='ltr'><strong>enim</strong></span> <span class='ocrx_word' id='word_1_599' title='bbox 1365 3741 1449 3785; x_wconf 90' lang='lat' dir='ltr'><strong>est</strong></span> <span class='ocrx_word' id='word_1_600' title='bbox 1501 3737 1761 3800; x_wconf 89' lang='lat' dir='ltr'><strong>tanquam</strong></span> <span class='ocrx_word' id='word_1_601' title='bbox 1806 3731 2007 3786; x_wconf 84' lang='lat' dir='ltr'><strong>velum.</strong></span> <span class='ocrx_word' id='word_1_602' title='bbox 2068 3732 2298 3790; x_wconf 89' lang='lat' dir='ltr'><strong>Animus</strong></span> <span class='ocrx_word' id='word_1_603' title='bbox 2403 3737 2654 3808; x_wconf 81' lang='grc' dir='ltr'><strong>διαφορά.</strong></span> 
     </span>
    </p>
   </div>
   <div class='ocr_carea' id='block_1_75' title="bbox 731 3817 3772 3894">
    <p class='ocr_par' dir='ltr' id='par_1_75' title="bbox 731 3817 3772 3894">
     <span class='ocr_line' id='line_1_75' title="bbox 731 3817 3772 3894; baseline -0.003 -16"><span class='ocrx_word' id='word_1_604' title='bbox 731 3832 910 3878; x_wconf 73' lang='lat' dir='ltr'><strong>autem</strong></span> <span class='ocrx_word' id='word_1_605' title='bbox 948 3822 1098 3878; x_wconf 85' lang='lat' dir='ltr'><strong>sedet</strong></span> <span class='ocrx_word' id='word_1_606' title='bbox 1126 3823 1272 3877; x_wconf 90' lang='lat' dir='ltr'><strong>intus</strong></span> <span class='ocrx_word' id='word_1_607' title='bbox 1303 3821 1354 3874; x_wconf 90' lang='lat' dir='ltr'><strong>in</strong></span> <span class='ocrx_word' id='word_1_608' title='bbox 1386 3821 1502 3876; x_wconf 88' lang='lat' dir='ltr'><strong>velo</strong></span> <span class='ocrx_word' id='word_1_609' title='bbox 1521 3821 1696 3878; x_wconf 81' lang='lat' dir='ltr'><strong>,etiam</strong></span> <span class='ocrx_word' id='word_1_610' title='bbox 1718 3820 1966 3890; x_wconf 88' lang='lat' dir='ltr'><strong>corporis</strong></span> <span class='ocrx_word' id='word_1_611' title='bbox 1995 3821 2274 3880; x_wconf 88' lang='lat' dir='ltr'><strong>imbecilli.</strong></span> <span class='ocrx_word' id='word_1_612' title='bbox 2314 3821 2493 3882; x_wconf 68' lang='lat' dir='ltr'><strong>Animi</strong></span> <span class='ocrx_word' id='word_1_613' title='bbox 2531 3829 2734 3882; x_wconf 74' lang='lat' dir='ltr'><strong>lionore</strong></span> <span class='ocrx_word' id='word_1_614' title='bbox 2762 3833 2891 3881; x_wconf 89' lang='lat' dir='ltr'><strong>sunt</strong></span> <span class='ocrx_word' id='word_1_615' title='bbox 2919 3824 3175 3894; x_wconf 81' lang='lat' dir='ltr'><strong>aequales,</strong></span> <span class='ocrx_word' id='word_1_616' title='bbox 3209 3823 3266 3877; x_wconf 92' lang='lat' dir='ltr'><strong>in</strong></span> <span class='ocrx_word' id='word_1_617' title='bbox 3299 3821 3445 3876; x_wconf 81' lang='lat' dir='ltr'><strong>velis</strong></span> <span class='ocrx_word' id='word_1_618' title='bbox 3481 3826 3574 3876; x_wconf 87' lang='lat' dir='ltr'><strong>est</strong></span> <span class='ocrx_word' id='word_1_619' title='bbox 3612 3817 3772 3872; x_wconf 78' lang='lat' dir='ltr'><strong>dili&#39;et</strong></span> 
     </span>
    </p>
   </div>
   <div class='ocr_carea' id='block_1_76' title="bbox 803 3909 2417 3989">
    <p class='ocr_par' dir='ltr' id='par_1_76' title="bbox 803 3911 2302 3980">
     <span class='ocr_line' id='line_1_76' title="bbox 803 3911 2302 3980; baseline 0.001 -12"><span class='ocrx_word' id='word_1_620' title='bbox 803 3913 1192 3980; x_wconf 88' lang='lat' dir='ltr'><strong>Quamobrem,</strong></span> <span class='ocrx_word' id='word_1_621' title='bbox 1258 3923 1316 3966; x_wconf 93' lang='lat' dir='ltr'><strong>ut</strong></span> <span class='ocrx_word' id='word_1_622' title='bbox 1369 3911 1491 3966; x_wconf 52' lang='lat' dir='ltr'><strong>Deo&#39;</strong></span> <span class='ocrx_word' id='word_1_623' title='bbox 1520 3912 1718 3967; x_wconf 90' lang='lat' dir='ltr'><strong>similis</strong></span> <span class='ocrx_word' id='word_1_624' title='bbox 1768 3912 1884 3978; x_wconf 87' lang='lat' dir='ltr'><strong>fias,</strong></span> <span class='ocrx_word' id='word_1_625' title='bbox 1921 3912 2302 3969; x_wconf 86' lang='lat' dir='ltr'><strong>liberalitatem</strong></span> 
     </span>
    </p>
   </div>
   <div class='ocr_carea' id='block_1_77' title="bbox 2157 3909 3771 3989">
    <p class='ocr_par' dir='ltr' id='par_1_77' title="bbox 2161 3909 3771 3989">
     <span class='ocr_line' id='line_1_77' title="bbox 2161 3909 3771 3989; baseline -0.005 -21"><span class='ocrx_word' id='word_1_626' title='bbox 2161 3924 2302 3969; x_wconf 84' lang='lat' dir='ltr'><strong>atem</strong></span> <span class='ocrx_word' id='word_1_627' title='bbox 2475 3917 2594 3989; x_wconf 84' lang='grc' dir='ltr'><strong>Θεῷ</strong></span> <span class='ocrx_word' id='word_1_628' title='bbox 2617 3915 2708 3972; x_wconf 79' lang='grc' dir='ltr'>οὖν</span> <span class='ocrx_word' id='word_1_629' title='bbox 2736 3919 2917 3988; x_wconf 84' lang='grc' dir='ltr'>ὅμοιος</span> <span class='ocrx_word' id='word_1_630' title='bbox 2953 3917 3138 3984; x_wconf 81' lang='grc' dir='ltr'><strong>ἐγένου</strong></span> <span class='ocrx_word' id='word_1_631' title='bbox 3184 3913 3272 3968; x_wconf 75' lang='grc' dir='ltr'><strong>διὰ</strong></span> <span class='ocrx_word' id='word_1_632' title='bbox 3321 3913 3432 3982; x_wconf 83' lang='grc' dir='ltr'><strong>τῆς</strong></span> <span class='ocrx_word' id='word_1_633' title='bbox 3477 3909 3771 3983; x_wconf 77' lang='grc' dir='ltr'><strong>χρηστόττ</strong></span> 
     </span>
    </p>
   </div>
   <div class='ocr_carea' id='block_1_78' title="bbox 733 4001 2347 4085">
    <p class='ocr_par' dir='ltr' id='par_1_78' title="bbox 733 4006 2306 4075">
     <span class='ocr_line' id='line_1_78' title="bbox 733 4006 2306 4075; baseline 0.004 -17"><span class='ocrx_word' id='word_1_634' title='bbox 733 4007 1080 4075; x_wconf 89' lang='lat' dir='ltr'><strong>amplectere,</strong></span> <span class='ocrx_word' id='word_1_635' title='bbox 1122 4006 1532 4060; x_wconf 85' lang='lat' dir='ltr'><strong>beneficentiam</strong></span> <span class='ocrx_word' id='word_1_636' title='bbox 1563 4022 1777 4068; x_wconf 80' lang='lat' dir='ltr'><strong>exerce,</strong></span> <span class='ocrx_word' id='word_1_637' title='bbox 1813 4007 2184 4061; x_wconf 88' lang='lat' dir='ltr'><strong>innocentiam</strong></span> <span class='ocrx_word' id='word_1_638' title='bbox 2217 4023 2306 4064; x_wconf 85' lang='lat' dir='ltr'><strong>se-</strong></span> 
     </span>
    </p>
   </div>
   <div class='ocr_carea' id='block_1_79' title="bbox 2155 4001 3769 4085">
    <p class='ocr_par' dir='ltr' id='par_1_79' title="bbox 2155 4001 3769 4085">
     <span class='ocr_line' id='line_1_79' title="bbox 2155 4001 3769 4085; baseline -0.009 -21"><span class='ocrx_word' id='word_1_639' title='bbox 2155 4023 2184 4061; x_wconf 90' lang='lat' dir='ltr'><strong>n</strong></span> <span class='ocrx_word' id='word_1_640' title='bbox 2217 4023 2306 4064; x_wconf 87' lang='lat' dir='ltr'><strong>se-</strong></span> <span class='ocrx_word' id='word_1_641' title='bbox 2404 4015 2503 4085; x_wconf 83' lang='grc' dir='ltr'><strong>τῆς</strong></span> <span class='ocrx_word' id='word_1_642' title='bbox 2541 4009 2908 4075; x_wconf 79' lang='grc' dir='ltr'><strong>ἀνεξικακίας,</strong></span> <span class='ocrx_word' id='word_1_643' title='bbox 2937 4007 3026 4062; x_wconf 80' lang='grc' dir='ltr'>διὰ</span> <span class='ocrx_word' id='word_1_644' title='bbox 3053 4007 3153 4076; x_wconf 80' lang='grc' dir='ltr'><strong>τῆς</strong></span> <span class='ocrx_word' id='word_1_645' title='bbox 3183 4003 3492 4066; x_wconf 83' lang='grc' dir='ltr'>κοινωνίας</span> <span class='ocrx_word' id='word_1_646' title='bbox 3521 4043 3538 4069; x_wconf 88' lang='grc'><strong>,</strong></span> <span class='ocrx_word' id='word_1_647' title='bbox 3571 4001 3674 4054; x_wconf 79' lang='grc' dir='ltr'>διὰ</span> <span class='ocrx_word' id='word_1_648' title='bbox 3721 4018 3769 4052; x_wconf 75' lang='grc' dir='ltr'><strong>τι</strong></span> 
     </span>
    </p>
   </div>
   <div class='ocr_carea' id='block_1_80' title="bbox 728 4095 2342 4176">
    <p class='ocr_par' dir='ltr' id='par_1_80' title="bbox 728 4096 2295 4169">
     <span class='ocr_line' id='line_1_80' title="bbox 728 4096 2295 4169; baseline 0.003 -19"><span class='ocrx_word' id='word_1_649' title='bbox 728 4096 1590 4160; x_wconf 86' lang='lat' dir='ltr'><strong>ctare,fraternoomnesamore,</strong></span> <span class='ocrx_word' id='word_1_650' title='bbox 1611 4096 2100 4168; x_wconf 88' lang='lat' dir='ltr'><strong>benevolentiaque</strong></span> <span class='ocrx_word' id='word_1_651' title='bbox 2110 4115 2295 4169; x_wconf 84' lang='lat' dir='ltr'><strong>prose-</strong></span> 
     </span>
    </p>
   </div>
   <div class='ocr_carea' id='block_1_81' title="bbox 2157 4095 3771 4176">
    <p class='ocr_par' dir='ltr' id='par_1_81' title="bbox 2157 4095 3771 4176">
     <span class='ocr_line' id='line_1_81' title="bbox 2157 4095 3771 4176; baseline -0.009 -19"><span class='ocrx_word' id='word_1_652' title='bbox 2157 4115 2295 4156; x_wconf 83' lang='lat' dir='ltr'><strong>rose-</strong></span> <span class='ocrx_word' id='word_1_653' title='bbox 2403 4105 2561 4176; x_wconf 87' lang='grc' dir='ltr'>ληλος</span> <span class='ocrx_word' id='word_1_654' title='bbox 2590 4103 2680 4156; x_wconf 67' lang='grc' dir='ltr'><strong>καὶ</strong></span> <span class='ocrx_word' id='word_1_655' title='bbox 2718 4099 3034 4170; x_wconf 79' lang='grc' dir='ltr'>φιλάδελφος</span> <span class='ocrx_word' id='word_1_656' title='bbox 3061 4095 3196 4151; x_wconf 77' lang='grc' dir='ltr'><strong>εἶναι</strong></span> <span class='ocrx_word' id='word_1_657' title='bbox 3219 4137 3234 4163; x_wconf 89' lang='grc'><strong>,</strong></span> <span class='ocrx_word' id='word_1_658' title='bbox 3280 4095 3718 4167; x_wconf 83' lang='grc' dir='ltr'><strong>μισοπόνηρος,</strong></span> <span class='ocrx_word' id='word_1_659' title='bbox 3757 4109 3771 4143; x_wconf 68' lang='lat'><strong>1</strong></span> 
     </span>
    </p>
   </div>
   <div class='ocr_carea' id='block_1_82' title="bbox 727 4181 2341 4264">
    <p class='ocr_par' dir='ltr' id='par_1_82' title="bbox 727 4188 2296 4264">
     <span class='ocr_line' id='line_1_82' title="bbox 727 4188 2296 4264; baseline 0.003 -23"><span class='ocrx_word' id='word_1_660' title='bbox 727 4206 917 4258; x_wconf 79' lang='lat' dir='ltr'><strong>qnere,</strong></span> <span class='ocrx_word' id='word_1_661' title='bbox 946 4190 1152 4264; x_wconf 86' lang='lat' dir='ltr'><strong>scelera</strong></span> <span class='ocrx_word' id='word_1_662' title='bbox 1186 4189 1330 4259; x_wconf 81' lang='lat' dir='ltr'><strong>fuge,</strong></span> <span class='ocrx_word' id='word_1_663' title='bbox 1351 4188 1557 4258; x_wconf 81' lang='lat' dir='ltr'><strong>peccati</strong></span> <span class='ocrx_word' id='word_1_664' title='bbox 1595 4188 2095 4260; x_wconf 86' lang='lat' dir='ltr'><strong>perturbationibus</strong></span> <span class='ocrx_word' id='word_1_665' title='bbox 2121 4189 2296 4245; x_wconf 85' lang='lat' dir='ltr'><strong>domi-</strong></span> 
     </span>
    </p>
   </div>
   <div class='ocr_carea' id='block_1_83' title="bbox 2150 4181 3764 4264">
    <p class='ocr_par' dir='ltr' id='par_1_83' title="bbox 2150 4181 3764 4259">
     <span class='ocr_line' id='line_1_83' title="bbox 2150 4181 3764 4259; baseline -0.006 -16"><span class='ocrx_word' id='word_1_666' title='bbox 2150 4190 2296 4245; x_wconf 82' lang='lat' dir='ltr'><strong>lomi—</strong></span> <span class='ocrx_word' id='word_1_667' title='bbox 2401 4196 2507 4248; x_wconf 84' lang='grc' dir='ltr'><strong>τῶν</strong></span> <span class='ocrx_word' id='word_1_668' title='bbox 2536 4193 2644 4246; x_wconf 83' lang='grc' dir='ltr'><strong>τῶν</strong></span> <span class='ocrx_word' id='word_1_669' title='bbox 2667 4190 2855 4245; x_wconf 83' lang='grc' dir='ltr'><strong>παθῶν</strong></span> <span class='ocrx_word' id='word_1_670' title='bbox 2875 4189 2973 4259; x_wconf 82' lang='grc' dir='ltr'><strong>τῆς</strong></span> <span class='ocrx_word' id='word_1_671' title='bbox 3002 4185 3296 4259; x_wconf 82' lang='grc' dir='ltr'>ἁμαρτίας,</span> <span class='ocrx_word' id='word_1_672' title='bbox 3320 4185 3422 4238; x_wconf 85' lang='grc' dir='ltr'><strong>ἵνα.</strong></span> <span class='ocrx_word' id='word_1_673' title='bbox 3459 4200 3554 4236; x_wconf 90' lang='grc' dir='ltr'><strong>σοι</strong></span> <span class='ocrx_word' id='word_1_674' title='bbox 3591 4181 3764 4251; x_wconf 80' lang='grc' dir='ltr'><strong>ὐπάρ</strong></span> 
     </span>
    </p>
   </div>
   <div class='ocr_carea' id='block_1_84' title="bbox 728 4274 2342 4360">
    <p class='ocr_par' dir='ltr' id='par_1_84' title="bbox 728 4279 2294 4353">
     <span class='ocr_line' id='line_1_84' title="bbox 728 4279 2294 4353; baseline 0.001 -18"><span class='ocrx_word' id='word_1_675' title='bbox 728 4299 881 4339; x_wconf 87' lang='lat' dir='ltr'><strong>nare.</strong></span> <span class='ocrx_word' id='word_1_676' title='bbox 896 4303 914 4334; x_wconf 79' lang='grc' dir='ltr'><strong>ι</strong></span> <span class='ocrx_word' id='word_1_677' title='bbox 940 4282 1005 4336; x_wconf 87' lang='grc' dir='ltr'>Ει</span> <span class='ocrx_word' id='word_1_678' title='bbox 1020 4283 1266 4352; x_wconf 91' lang='lat' dir='ltr'><strong>piscibus</strong></span> <span class='ocrx_word' id='word_1_679' title='bbox 1285 4281 1488 4353; x_wconf 66' lang='lat' dir='ltr'><strong>prmsit.</strong></span> <span class='ocrx_word' id='word_1_680' title='bbox 1503 4300 1518 4330; x_wconf 80' lang='grc' dir='ltr'><strong>ι</strong></span> <span class='ocrx_word' id='word_1_681' title='bbox 1533 4279 1599 4336; x_wconf 90' lang='lat' dir='ltr'><strong>Ut</strong></span> <span class='ocrx_word' id='word_1_682' title='bbox 1620 4281 1865 4351; x_wconf 83' lang='lat' dir='ltr'><strong>piscibus</strong></span> <span class='ocrx_word' id='word_1_683' title='bbox 1876 4281 2061 4350; x_wconf 73' lang='lat' dir='ltr'><strong>praesis</strong></span> <span class='ocrx_word' id='word_1_684' title='bbox 2082 4281 2294 4337; x_wconf 88' lang='lat' dir='ltr'><strong>ratione</strong></span> 
     </span>
    </p>
   </div>
   <div class='ocr_carea' id='block_1_85' title="bbox 2157 4274 3771 4360">
    <p class='ocr_par' dir='ltr' id='par_1_85' title="bbox 2157 4274 3771 4360">
     <span class='ocr_line' id='line_1_85' title="bbox 2157 4274 3771 4360; baseline -0.004 -26"><span class='ocrx_word' id='word_1_685' title='bbox 2157 4281 2294 4337; x_wconf 74' lang='lat' dir='ltr'><strong>tione</strong></span> <span class='ocrx_word' id='word_1_686' title='bbox 2403 4305 2540 4360; x_wconf 86' lang='grc' dir='ltr'>χειν.</span> <span class='ocrx_word' id='word_1_687' title='bbox 2590 4305 2608 4337; x_wconf 80' lang='grc' dir='ltr'><strong>ι</strong></span> <span class='ocrx_word' id='word_1_688' title='bbox 2649 4285 2759 4338; x_wconf 77' lang='grc' dir='ltr'><strong>Καὶ</strong></span> <span class='ocrx_word' id='word_1_689' title='bbox 2797 4281 3110 4353; x_wconf 83' lang='grc' dir='ltr'><strong>ἁρχέτωσαν</strong></span> <span class='ocrx_word' id='word_1_690' title='bbox 3157 4279 3264 4332; x_wconf 85' lang='grc' dir='ltr'><strong>τῶν</strong></span> <span class='ocrx_word' id='word_1_691' title='bbox 3317 4275 3579 4347; x_wconf 76' lang='grc' dir='ltr'><strong>ἰχθύων.</strong></span> <span class='ocrx_word' id='word_1_692' title='bbox 3629 4293 3648 4324; x_wconf 79' lang='grc' dir='ltr'>ι</span> <span class='ocrx_word' id='word_1_693' title='bbox 3751 4274 3771 4324; x_wconf 86' lang='grc'><strong>1</strong></span> 
     </span>
    </p>
   </div>
   <div class='ocr_carea' id='block_1_86' title="bbox 729 4365 2343 4451">
    <p class='ocr_par' dir='ltr' id='par_1_86' title="bbox 729 4371 2295 4442">
     <span class='ocr_line' id='line_1_86' title="bbox 729 4371 2295 4442; baseline 0 -16"><span class='ocrx_word' id='word_1_694' title='bbox 729 4374 1073 4434; x_wconf 86' lang='lat' dir='ltr'><strong>carentibus.</strong></span> <span class='ocrx_word' id='word_1_695' title='bbox 1117 4372 1560 4442; x_wconf 83' lang='lat' dir='ltr'><strong>perturbationes</strong></span> <span class='ocrx_word' id='word_1_696' title='bbox 1587 4381 1642 4427; x_wconf 88' lang='lat' dir='ltr'><strong>et</strong></span> <span class='ocrx_word' id='word_1_697' title='bbox 1671 4371 1841 4426; x_wconf 86' lang='lat' dir='ltr'><strong>animi</strong></span> <span class='ocrx_word' id='word_1_698' title='bbox 1880 4378 2066 4426; x_wconf 88' lang='lat' dir='ltr'><strong>motus</strong></span> <span class='ocrx_word' id='word_1_699' title='bbox 2095 4371 2295 4426; x_wconf 86' lang='lat' dir='ltr'><strong>rationi</strong></span> 
     </span>
    </p>
   </div>
   <div class='ocr_carea' id='block_1_87' title="bbox 2153 4365 3767 4451">
    <p class='ocr_par' dir='ltr' id='par_1_87' title="bbox 2158 4365 3767 4451">
     <span class='ocr_line' id='line_1_87' title="bbox 2158 4365 3767 4451; baseline -0.012 -14"><span class='ocrx_word' id='word_1_700' title='bbox 2158 4371 2295 4426; x_wconf 78' lang='grc' dir='ltr'><strong>ῑίοῐιί</strong></span> <span class='ocrx_word' id='word_1_701' title='bbox 2405 4381 2594 4451; x_wconf 77' lang='grc' dir='ltr'>ἄρχειν</span> <span class='ocrx_word' id='word_1_702' title='bbox 2619 4377 2726 4431; x_wconf 78' lang='grc' dir='ltr'><strong>τῶν</strong></span> <span class='ocrx_word' id='word_1_703' title='bbox 2761 4374 2957 4444; x_wconf 76' lang='grc' dir='ltr'><strong>ἰχθύων</strong></span> <span class='ocrx_word' id='word_1_704' title='bbox 2983 4373 3089 4425; x_wconf 83' lang='grc' dir='ltr'><strong>τῶν</strong></span> <span class='ocrx_word' id='word_1_705' title='bbox 3113 4371 3349 4438; x_wconf 73' lang='grc' dir='ltr'>ἀλόγων,</span> <span class='ocrx_word' id='word_1_706' title='bbox 3382 4368 3554 4421; x_wconf 81' lang='grc' dir='ltr'><strong>ὥστε.</strong></span> <span class='ocrx_word' id='word_1_707' title='bbox 3578 4365 3692 4419; x_wconf 78' lang='grc' dir='ltr'>τοῦ</span> <span class='ocrx_word' id='word_1_708' title='bbox 3726 4366 3767 4417; x_wconf 84' lang='grc' dir='ltr'>ἁ</span> 
     </span>
    </p>
   </div>
   <div class='ocr_carea' id='block_1_88' title="bbox 730 4456 2344 4541">
    <p class='ocr_par' dir='ltr' id='par_1_88' title="bbox 730 4462 2344 4541">
     <span class='ocr_line' id='line_1_88' title="bbox 730 4462 2344 4541; baseline 0 -23"><span class='ocrx_word' id='word_1_709' title='bbox 730 4464 1043 4518; x_wconf 87' lang='lat' dir='ltr'><strong>contrarios</strong></span> <span class='ocrx_word' id='word_1_710' title='bbox 1072 4479 1291 4532; x_wconf 85' lang='lat' dir='ltr'><strong>supera.</strong></span> <span class='ocrx_word' id='word_1_711' title='bbox 1328 4483 1346 4515; x_wconf 79' lang='grc' dir='ltr'><strong>ι</strong></span> <span class='ocrx_word' id='word_1_712' title='bbox 1382 4463 1446 4516; x_wconf 90' lang='lat' dir='ltr'><strong>Et</strong></span> <span class='ocrx_word' id='word_1_713' title='bbox 1467 4465 1650 4533; x_wconf 70' lang='lat' dir='ltr'><strong>praesit</strong></span> <span class='ocrx_word' id='word_1_714' title='bbox 1682 4465 1892 4519; x_wconf 86' lang='lat' dir='ltr'><strong>bestiis.</strong></span> <span class='ocrx_word' id='word_1_715' title='bbox 1923 4482 1941 4515; x_wconf 77' lang='grc' dir='ltr'><strong>ι</strong></span> <span class='ocrx_word' id='word_1_716' title='bbox 1969 4462 2180 4534; x_wconf 81' lang='lat' dir='ltr'><strong>impera</strong></span> <span class='ocrx_word' id='word_1_717' title='bbox 2203 4463 2300 4518; x_wconf 87' lang='lat' dir='ltr'><strong>be-</strong></span> <span class='ocrx_word' id='word_1_718' title='bbox 2331 4487 2344 4541; x_wconf 81' lang='grc' dir='ltr'>ι</span> 
     </span>
    </p>
   </div>
   <div class='ocr_carea' id='block_1_89' title="bbox 2144 4456 3758 4541">
    <p class='ocr_par' dir='ltr' id='par_1_89' title="bbox 2144 4456 3758 4541">
     <span class='ocr_line' id='line_1_89' title="bbox 2144 4456 3758 4541; baseline -0.014 -12"><span class='ocrx_word' id='word_1_719' title='bbox 2144 4477 2180 4517; x_wconf 71' lang='lat'><strong>&#39;3</strong></span> <span class='ocrx_word' id='word_1_720' title='bbox 2203 4463 2300 4518; x_wconf 64' lang='grc' dir='ltr'>δε·</span> <span class='ocrx_word' id='word_1_721' title='bbox 2331 4487 2372 4541; x_wconf 83' lang='grc' dir='ltr'><strong>ι)</strong></span> <span class='ocrx_word' id='word_1_722' title='bbox 2399 4474 2524 4534; x_wconf 81' lang='grc' dir='ltr'>θους</span> <span class='ocrx_word' id='word_1_723' title='bbox 2574 4469 2760 4538; x_wconf 84' lang='grc' dir='ltr'><strong>ὲγένου</strong></span> <span class='ocrx_word' id='word_1_724' title='bbox 2807 4466 3007 4536; x_wconf 79' lang='grc' dir='ltr'>ἄρχων.</span> <span class='ocrx_word' id='word_1_725' title='bbox 3035 4483 3054 4517; x_wconf 75' lang='grc' dir='ltr'>ι</span> <span class='ocrx_word' id='word_1_726' title='bbox 3079 4462 3186 4517; x_wconf 72' lang='grc' dir='ltr'><strong>Καί</strong></span> <span class='ocrx_word' id='word_1_727' title='bbox 3205 4461 3566 4532; x_wconf 77' lang='grc' dir='ltr'><strong>ἀρχέτωσαν</strong></span> <span class='ocrx_word' id='word_1_728' title='bbox 3627 4456 3758 4509; x_wconf 84' lang='grc' dir='ltr'><strong>τῶν</strong></span> 
     </span>
    </p>
   </div>
   <div class='ocr_carea' id='block_1_90' title="bbox 731 4547 2345 4629">
    <p class='ocr_par' dir='ltr' id='par_1_90' title="bbox 731 4554 2299 4625">
     <span class='ocr_line' id='line_1_90' title="bbox 731 4554 2299 4625; baseline 0 -16"><span class='ocrx_word' id='word_1_729' title='bbox 731 4555 854 4610; x_wconf 85' lang='lat' dir='ltr'><strong>stiis</strong></span> <span class='ocrx_word' id='word_1_730' title='bbox 889 4554 1174 4617; x_wconf 86' lang='lat' dir='ltr'><strong>omnibus,</strong></span> <span class='ocrx_word' id='word_1_731' title='bbox 1195 4569 1316 4623; x_wconf 66' lang='lat' dir='ltr'><strong>quae</strong></span> <span class='ocrx_word' id='word_1_732' title='bbox 1342 4562 1470 4608; x_wconf 91' lang='lat' dir='ltr'><strong>sunt</strong></span> <span class='ocrx_word' id='word_1_733' title='bbox 1501 4557 1553 4608; x_wconf 92' lang='lat' dir='ltr'><strong>in</strong></span> <span class='ocrx_word' id='word_1_734' title='bbox 1577 4563 1649 4608; x_wconf 90' lang='lat' dir='ltr'><strong>te.</strong></span> <span class='ocrx_word' id='word_1_735' title='bbox 1677 4555 2299 4625; x_wconf 81' lang='lat' dir='ltr'><strong>Quid?inquies,egone</strong></span> 
     </span>
    </p>
   </div>
   <div class='ocr_carea' id='block_1_91' title="bbox 2114 4547 3728 4629">
    <p class='ocr_par' dir='ltr' id='par_1_91' title="bbox 2126 4547 3728 4629">
     <span class='ocr_line' id='line_1_91' title="bbox 2126 4547 3728 4629; baseline -0.002 -21"><span class='ocrx_word' id='word_1_736' title='bbox 2126 4568 2299 4622; x_wconf 83' lang='lat' dir='ltr'><strong>egone</strong></span> <span class='ocrx_word' id='word_1_737' title='bbox 2403 4561 2600 4625; x_wconf 77' lang='grc' dir='ltr'><strong>παντὸς</strong></span> <span class='ocrx_word' id='word_1_738' title='bbox 2627 4559 2814 4629; x_wconf 86' lang='grc' dir='ltr'>Θηρίου</span> <span class='ocrx_word' id='word_1_739' title='bbox 2847 4557 3052 4628; x_wconf 83' lang='grc' dir='ltr'>ἄρχεις.</span> <span class='ocrx_word' id='word_1_740' title='bbox 3080 4555 3145 4606; x_wconf 86' lang='grc' dir='ltr'>Τί</span> <span class='ocrx_word' id='word_1_741' title='bbox 3181 4548 3274 4606; x_wconf 81' lang='grc' dir='ltr'><strong>οὖν</strong></span> <span class='ocrx_word' id='word_1_742' title='bbox 3295 4567 3311 4615; x_wconf 88' lang='grc'>;</span> <span class='ocrx_word' id='word_1_743' title='bbox 3335 4552 3533 4624; x_wconf 62' lang='grc' dir='ltr'>ἐρεῖς</span> <span class='ocrx_word' id='word_1_744' title='bbox 3595 4547 3728 4616; x_wconf 73' lang='grc' dir='ltr'><strong>ἐγὼ</strong></span> 
     </span>
    </p>
   </div>
   <div class='ocr_carea' id='block_1_92' title="bbox 736 4640 2350 4723">
    <p class='ocr_par' dir='ltr' id='par_1_92' title="bbox 736 4644 2298 4714">
     <span class='ocr_line' id='line_1_92' title="bbox 736 4644 2298 4714; baseline 0.001 -16"><span class='ocrx_word' id='word_1_745' title='bbox 736 4648 791 4699; x_wconf 80' lang='grc' dir='ltr'>ιιι</span> <span class='ocrx_word' id='word_1_746' title='bbox 812 4660 899 4698; x_wconf 91' lang='lat' dir='ltr'><strong>me</strong></span> <span class='ocrx_word' id='word_1_747' title='bbox 917 4646 1035 4714; x_wconf 91' lang='lat' dir='ltr'><strong>ipso</strong></span> <span class='ocrx_word' id='word_1_748' title='bbox 1064 4644 1268 4699; x_wconf 84' lang='lat' dir='ltr'><strong>bestias</strong></span> <span class='ocrx_word' id='word_1_749' title='bbox 1294 4645 1504 4697; x_wconf 82' lang='lat' dir='ltr'><strong>habeo?</strong></span> <span class='ocrx_word' id='word_1_750' title='bbox 1527 4644 1606 4697; x_wconf 90' lang='lat' dir='ltr'><strong>Tu</strong></span> <span class='ocrx_word' id='word_1_751' title='bbox 1635 4661 1767 4698; x_wconf 85' lang='lat' dir='ltr'><strong>vero</strong></span> <span class='ocrx_word' id='word_1_752' title='bbox 1797 4646 2005 4700; x_wconf 85' lang='lat' dir='ltr'><strong>bestias</strong></span> <span class='ocrx_word' id='word_1_753' title='bbox 2031 4645 2223 4709; x_wconf 89' lang='lat' dir='ltr'><strong>babes,</strong></span> <span class='ocrx_word' id='word_1_754' title='bbox 2243 4653 2298 4700; x_wconf 89' lang='lat' dir='ltr'><strong>et</strong></span> 
     </span>
    </p>
   </div>
   <div class='ocr_carea' id='block_1_93' title="bbox 2156 4640 3770 4723">
    <p class='ocr_par' dir='ltr' id='par_1_93' title="bbox 2156 4640 3770 4723">
     <span class='ocr_line' id='line_1_93' title="bbox 2156 4640 3770 4723; baseline -0.012 -13"><span class='ocrx_word' id='word_1_755' title='bbox 2156 4653 2298 4709; x_wconf 65' lang='grc' dir='ltr'>Βενει</span> <span class='ocrx_word' id='word_1_756' title='bbox 2401 4659 2457 4710; x_wconf 82' lang='grc' dir='ltr'><strong>ἐν</strong></span> <span class='ocrx_word' id='word_1_757' title='bbox 2489 4651 2745 4723; x_wconf 60' lang='lat' dir='ltr'><strong>span-cfp;</strong></span> <span class='ocrx_word' id='word_1_758' title='bbox 2783 4651 2892 4702; x_wconf 73' lang='grc' dir='ltr'><strong>Καὶ</strong></span> <span class='ocrx_word' id='word_1_759' title='bbox 2926 4647 3111 4718; x_wconf 88' lang='grc' dir='ltr'><strong>μυρία,</strong></span> <span class='ocrx_word' id='word_1_760' title='bbox 3147 4645 3241 4698; x_wconf 76' lang='grc' dir='ltr'><strong>καὶ</strong></span> <span class='ocrx_word' id='word_1_761' title='bbox 3284 4643 3486 4695; x_wconf 83' lang='grc' dir='ltr'>πολὺν</span> <span class='ocrx_word' id='word_1_762' title='bbox 3535 4640 3730 4710; x_wconf 72' lang='grc' dir='ltr'>ἥχλον</span> <span class='ocrx_word' id='word_1_763' title='bbox 3769 4646 3770 4649; x_wconf 71' lang='lat'>‘</span> 
     </span>
    </p>
   </div>
   <div class='ocr_carea' id='block_1_94' title="bbox 731 4724 2345 4811">
    <p class='ocr_par' dir='ltr' id='par_1_94' title="bbox 731 4733 2298 4806">
     <span class='ocr_line' id='line_1_94' title="bbox 731 4733 2298 4806; baseline -0.001 -17"><span class='ocrx_word' id='word_1_764' title='bbox 731 4753 828 4791; x_wconf 79' lang='lat' dir='ltr'><strong>cas</strong></span> <span class='ocrx_word' id='word_1_765' title='bbox 847 4734 1065 4806; x_wconf 88' lang='lat' dir='ltr'><strong>quidem</strong></span> <span class='ocrx_word' id='word_1_766' title='bbox 1087 4734 1533 4798; x_wconf 83' lang='lat' dir='ltr'><strong>innumerabiles,</strong></span> <span class='ocrx_word' id='word_1_767' title='bbox 1566 4733 1797 4802; x_wconf 85' lang='lat' dir='ltr'><strong>plurima</strong></span> <span class='ocrx_word' id='word_1_768' title='bbox 1821 4735 1874 4789; x_wconf 92' lang='lat' dir='ltr'><strong>in</strong></span> <span class='ocrx_word' id='word_1_769' title='bbox 1900 4743 1954 4789; x_wconf 89' lang='lat' dir='ltr'><strong>te</strong></span> <span class='ocrx_word' id='word_1_770' title='bbox 1981 4743 2066 4790; x_wconf 90' lang='lat' dir='ltr'><strong>cst</strong></span> <span class='ocrx_word' id='word_1_771' title='bbox 2093 4735 2298 4790; x_wconf 86' lang='lat' dir='ltr'><strong>bestia-</strong></span> 
     </span>
    </p>
   </div>
   <div class='ocr_carea' id='block_1_95' title="bbox 2155 4724 3769 4811">
    <p class='ocr_par' dir='ltr' id='par_1_95' title="bbox 2155 4724 3769 4811">
     <span class='ocr_line' id='line_1_95' title="bbox 2155 4724 3769 4811; baseline -0.012 -14"><span class='ocrx_word' id='word_1_772' title='bbox 2155 4735 2298 4790; x_wconf 56' lang='lat' dir='ltr'><strong>?Slia-</strong></span> <span class='ocrx_word' id='word_1_773' title='bbox 2401 4741 2602 4811; x_wconf 78' lang='grc' dir='ltr'>Θηρίων</span> <span class='ocrx_word' id='word_1_774' title='bbox 2627 4740 2755 4810; x_wconf 82' lang='grc' dir='ltr'><strong>ἔχει.</strong></span> <span class='ocrx_word' id='word_1_775' title='bbox 2825 4737 2933 4789; x_wconf 76' lang='grc' dir='ltr'><strong>Καὶ</strong></span> <span class='ocrx_word' id='word_1_776' title='bbox 2961 4735 3034 4806; x_wconf 81' lang='grc' dir='ltr'><strong>μὴ</strong></span> <span class='ocrx_word' id='word_1_777' title='bbox 3060 4733 3216 4804; x_wconf 77' lang='grc' dir='ltr'><strong>ὓϐριν</strong></span> <span class='ocrx_word' id='word_1_778' title='bbox 3237 4730 3508 4802; x_wconf 78' lang='grc' dir='ltr'><strong>νομίσῃς</strong></span> <span class='ocrx_word' id='word_1_779' title='bbox 3546 4724 3724 4781; x_wconf 73' lang='grc' dir='ltr'>εἶναι</span> <span class='ocrx_word' id='word_1_780' title='bbox 3762 4745 3769 4755; x_wconf 69' lang='grc' dir='ltr'>ε</span> 
     </span>
    </p>
   </div>
   <div class='ocr_carea' id='block_1_96' title="bbox 733 4811 2347 4904">
    <p class='ocr_par' dir='ltr' id='par_1_96' title="bbox 733 4826 2292 4892">
     <span class='ocr_line' id='line_1_96' title="bbox 733 4826 2292 4892; baseline 0.001 -10"><span class='ocrx_word' id='word_1_781' title='bbox 733 4845 856 4882; x_wconf 78' lang='lat' dir='ltr'><strong>tum</strong></span> <span class='ocrx_word' id='word_1_782' title='bbox 874 4826 1189 4880; x_wconf 88' lang='lat' dir='ltr'><strong>multitudo.</strong></span> <span class='ocrx_word' id='word_1_783' title='bbox 1213 4829 1286 4878; x_wconf 79' lang='lat' dir='ltr'><strong>Ac</strong></span> <span class='ocrx_word' id='word_1_784' title='bbox 1303 4841 1370 4879; x_wconf 86' lang='lat' dir='ltr'><strong>ne</strong></span> <span class='ocrx_word' id='word_1_785' title='bbox 1391 4841 1475 4878; x_wconf 91' lang='lat' dir='ltr'><strong>me</strong></span> <span class='ocrx_word' id='word_1_786' title='bbox 1497 4826 1958 4882; x_wconf 89' lang='lat' dir='ltr'><strong>contumeliosum</strong></span> <span class='ocrx_word' id='word_1_787' title='bbox 1985 4828 2292 4892; x_wconf 79' lang='lat' dir='ltr'><strong>existimes,</strong></span> 
     </span>
    </p>
   </div>
   <div class='ocr_carea' id='block_1_97' title="bbox 2098 4811 3712 4904">
    <p class='ocr_par' dir='ltr' id='par_1_97' title="bbox 2098 4811 3712 4904">
     <span class='ocr_line' id='line_1_97' title="bbox 2098 4811 3712 4904; baseline -0.004 -25"><span class='ocrx_word' id='word_1_788' title='bbox 2098 4828 2292 4892; x_wconf 52' lang='lat' dir='ltr'><strong>itimeS.</strong></span> <span class='ocrx_word' id='word_1_789' title='bbox 2400 4850 2510 4898; x_wconf 83' lang='grc' dir='ltr'>νον,</span> <span class='ocrx_word' id='word_1_790' title='bbox 2563 4831 2756 4904; x_wconf 82' lang='grc' dir='ltr'>μικρὸν</span> <span class='ocrx_word' id='word_1_791' title='bbox 2785 4829 2974 4899; x_wconf 81' lang='grc' dir='ltr'>θηρίον</span> <span class='ocrx_word' id='word_1_792' title='bbox 3021 4827 3166 4879; x_wconf 73' lang='grc' dir='ltr'><strong>ἐστὶν</strong></span> <span class='ocrx_word' id='word_1_793' title='bbox 3195 4827 3223 4878; x_wconf 82' lang='grc' dir='ltr'>ὁ</span> <span class='ocrx_word' id='word_1_794' title='bbox 3263 4823 3492 4894; x_wconf 79' lang='grc' dir='ltr'><strong>θυμὸς,</strong></span> <span class='ocrx_word' id='word_1_795' title='bbox 3528 4811 3712 4876; x_wconf 56' lang='grc' dir='ltr'><strong>’ὅταν</strong></span> 
     </span>
    </p>
   </div>
   <div class='ocr_carea' id='block_1_98' title="bbox 734 4909 2348 4994">
    <p class='ocr_par' dir='ltr' id='par_1_98' title="bbox 734 4914 2301 4986">
     <span class='ocr_line' id='line_1_98' title="bbox 734 4914 2301 4986; baseline 0.001 -18"><span class='ocrx_word' id='word_1_796' title='bbox 734 4916 841 4980; x_wconf 86' lang='lat' dir='ltr'><strong>dic,</strong></span> <span class='ocrx_word' id='word_1_797' title='bbox 877 4915 1091 4978; x_wconf 88' lang='lat' dir='ltr'><strong>amabo,</strong></span> <span class='ocrx_word' id='word_1_798' title='bbox 1120 4929 1357 4984; x_wconf 87' lang='lat' dir='ltr'><strong>parvane</strong></span> <span class='ocrx_word' id='word_1_799' title='bbox 1389 4914 1558 4969; x_wconf 82' lang='lat' dir='ltr'><strong>bestia</strong></span> <span class='ocrx_word' id='word_1_800' title='bbox 1606 4922 1692 4971; x_wconf 85' lang='lat' dir='ltr'><strong>est</strong></span> <span class='ocrx_word' id='word_1_801' title='bbox 1748 4915 2052 4982; x_wconf 88' lang='lat' dir='ltr'><strong>iracundia,</strong></span> <span class='ocrx_word' id='word_1_802' title='bbox 2083 4915 2301 4986; x_wconf 88' lang='lat' dir='ltr'><strong>quando</strong></span> 
     </span>
    </p>
   </div>
   <div class='ocr_carea' id='block_1_99' title="bbox 2144 4909 3758 4994">
    <p class='ocr_par' dir='ltr' id='par_1_99' title="bbox 2144 4909 3758 4994">
     <span class='ocr_line' id='line_1_99' title="bbox 2144 4909 3758 4994; baseline -0.012 -14"><span class='ocrx_word' id='word_1_803' title='bbox 2144 4915 2301 4971; x_wconf 74' lang='lat' dir='ltr'><strong>laudo</strong></span> <span class='ocrx_word' id='word_1_804' title='bbox 2397 4923 2632 4994; x_wconf 55' lang='lat' dir='ltr'><strong>mpm;</strong></span> <span class='ocrx_word' id='word_1_805' title='bbox 2671 4921 2830 4982; x_wconf 83' lang='grc' dir='ltr'>κυνὸς</span> <span class='ocrx_word' id='word_1_806' title='bbox 2865 4917 3063 4978; x_wconf 74' lang='grc' dir='ltr'>παντὸς</span> <span class='ocrx_word' id='word_1_807' title='bbox 3105 4917 3204 4968; x_wconf 80' lang='grc' dir='ltr'><strong>οὐκ</strong></span> <span class='ocrx_word' id='word_1_808' title='bbox 3239 4913 3408 4966; x_wconf 79' lang='grc' dir='ltr'>ἐστιν</span> <span class='ocrx_word' id='word_1_809' title='bbox 3446 4909 3758 4980; x_wconf 81' lang='grc' dir='ltr'><strong>ἀγριώτε</strong></span> 
     </span>
    </p>
   </div>
   <div class='ocr_carea' id='block_1_100' title="bbox 735 5001 2349 5085">
    <p class='ocr_par' dir='ltr' id='par_1_100' title="bbox 735 5007 2300 5078">
     <span class='ocr_line' id='line_1_100' title="bbox 735 5007 2300 5078; baseline 0.002 -18"><span class='ocrx_word' id='word_1_810' title='bbox 735 5007 897 5061; x_wconf 88' lang='lat' dir='ltr'><strong>latrat</strong></span> <span class='ocrx_word' id='word_1_811' title='bbox 924 5010 978 5061; x_wconf 91' lang='lat' dir='ltr'><strong>in</strong></span> <span class='ocrx_word' id='word_1_812' title='bbox 1015 5007 1178 5062; x_wconf 87' lang='lat' dir='ltr'><strong>corde</strong></span> <span class='ocrx_word' id='word_1_813' title='bbox 1207 5016 1301 5062; x_wconf 92' lang='lat' dir='ltr'><strong>tuo</strong></span> <span class='ocrx_word' id='word_1_814' title='bbox 1323 5009 1540 5062; x_wconf 84' lang='lat' dir='ltr'><strong>?noune</strong></span> <span class='ocrx_word' id='word_1_815' title='bbox 1565 5022 1629 5063; x_wconf 89' lang='lat' dir='ltr'><strong>ea</strong></span> <span class='ocrx_word' id='word_1_816' title='bbox 1675 5015 1758 5063; x_wconf 77' lang='lat' dir='ltr'><strong>est</strong></span> <span class='ocrx_word' id='word_1_817' title='bbox 1788 5007 1983 5078; x_wconf 92' lang='lat' dir='ltr'><strong>quovis</strong></span> <span class='ocrx_word' id='word_1_818' title='bbox 2016 5023 2152 5063; x_wconf 90' lang='lat' dir='ltr'><strong>cane</strong></span> <span class='ocrx_word' id='word_1_819' title='bbox 2176 5023 2300 5064; x_wconf 86' lang='lat' dir='ltr'><strong>cru-</strong></span> 
     </span>
    </p>
   </div>
   <div class='ocr_carea' id='block_1_101' title="bbox 2157 5001 3771 5085">
    <p class='ocr_par' dir='ltr' id='par_1_101' title="bbox 2176 5001 3771 5085">
     <span class='ocr_line' id='line_1_101' title="bbox 2176 5001 3771 5085; baseline -0.008 -21"><span class='ocrx_word' id='word_1_820' title='bbox 2176 5023 2300 5064; x_wconf 83' lang='lat' dir='ltr'><strong>cru—</strong></span> <span class='ocrx_word' id='word_1_821' title='bbox 2399 5015 2589 5085; x_wconf 80' lang='grc' dir='ltr'>δολερᾷ</span> <span class='ocrx_word' id='word_1_822' title='bbox 2615 5013 2758 5082; x_wconf 81' lang='grc' dir='ltr'>ψυχῇ</span> <span class='ocrx_word' id='word_1_823' title='bbox 2781 5011 2808 5062; x_wconf 87' lang='grc' dir='ltr'>ὁ</span> <span class='ocrx_word' id='word_1_824' title='bbox 2831 5009 2979 5071; x_wconf 84' lang='grc' dir='ltr'>δόλος</span> <span class='ocrx_word' id='word_1_825' title='bbox 3009 5005 3342 5078; x_wconf 81' lang='grc' dir='ltr'>ὲμφωλεύων</span> <span class='ocrx_word' id='word_1_826' title='bbox 3378 5003 3654 5074; x_wconf 80' lang='grc' dir='ltr'><strong>ἄρκτου</strong></span> <span class='ocrx_word' id='word_1_827' title='bbox 3685 5001 3771 5053; x_wconf 77' lang='grc' dir='ltr'>πο</span> 
     </span>
    </p>
   </div>
   <div class='ocr_carea' id='block_1_102' title="bbox 733 5094 2347 5173">
    <p class='ocr_par' dir='ltr' id='par_1_102' title="bbox 733 5100 2296 5167">
     <span class='ocr_line' id='line_1_102' title="bbox 733 5100 2296 5167; baseline 0.001 -15"><span class='ocrx_word' id='word_1_828' title='bbox 733 5101 1142 5167; x_wconf 68' lang='grc' dir='ltr'><strong>«Ξοιὶοτῖρὶιίιίῖ</strong></span> <span class='ocrx_word' id='word_1_829' title='bbox 1165 5101 1216 5154; x_wconf 94' lang='lat' dir='ltr'><strong>in</strong></span> <span class='ocrx_word' id='word_1_830' title='bbox 1255 5101 1456 5156; x_wconf 88' lang='lat' dir='ltr'><strong>callido</strong></span> <span class='ocrx_word' id='word_1_831' title='bbox 1493 5101 1674 5155; x_wconf 88' lang='lat' dir='ltr'><strong>animo</strong></span> <span class='ocrx_word' id='word_1_832' title='bbox 1725 5107 1821 5154; x_wconf 88' lang='lat' dir='ltr'><strong>tuo</strong></span> <span class='ocrx_word' id='word_1_833' title='bbox 1847 5100 2007 5155; x_wconf 92' lang='lat' dir='ltr'><strong>dolus</strong></span> <span class='ocrx_word' id='word_1_834' title='bbox 2050 5101 2296 5165; x_wconf 89' lang='lat' dir='ltr'><strong>latitans,</strong></span> 
     </span>
    </p>
   </div>
   <div class='ocr_carea' id='block_1_103' title="bbox 2157 5094 3771 5173">
    <p class='ocr_par' dir='ltr' id='par_1_103' title="bbox 2157 5094 3771 5173">
     <span class='ocr_line' id='line_1_103' title="bbox 2157 5094 3771 5173; baseline -0.007 -15"><span class='ocrx_word' id='word_1_835' title='bbox 2157 5111 2296 5165; x_wconf 79' lang='lat' dir='ltr'><strong>lans.</strong></span> <span class='ocrx_word' id='word_1_836' title='bbox 2399 5107 2486 5169; x_wconf 87' lang='grc' dir='ltr'><strong>δος</strong></span> <span class='ocrx_word' id='word_1_837' title='bbox 2512 5107 2610 5159; x_wconf 80' lang='grc' dir='ltr'><strong>οὐκ</strong></span> <span class='ocrx_word' id='word_1_838' title='bbox 2639 5105 2752 5157; x_wconf 79' lang='grc' dir='ltr'><strong>ἔστι</strong></span> <span class='ocrx_word' id='word_1_839' title='bbox 2781 5099 3264 5173; x_wconf 83' lang='grc' dir='ltr'>δυσημερώτερος;</span> <span class='ocrx_word' id='word_1_840' title='bbox 3297 5098 3442 5150; x_wconf 80' lang='grc' dir='ltr'><strong>υύκ</strong></span> <span class='ocrx_word' id='word_1_841' title='bbox 3473 5096 3627 5149; x_wconf 69' lang='grc' dir='ltr'>ἐστι</span> <span class='ocrx_word' id='word_1_842' title='bbox 3661 5094 3771 5163; x_wconf 66' lang='grc' dir='ltr'>οης</span> 
     </span>
    </p>
   </div>
   <div class='ocr_carea' id='block_1_104' title="bbox 733 5187 2347 5266">
    <p class='ocr_par' dir='ltr' id='par_1_104' title="bbox 733 5191 2299 5262">
     <span class='ocr_line' id='line_1_104' title="bbox 733 5191 2299 5262; baseline 0.001 -18"><span class='ocrx_word' id='word_1_843' title='bbox 733 5208 912 5246; x_wconf 84' lang='lat' dir='ltr'><strong>nonne</strong></span> <span class='ocrx_word' id='word_1_844' title='bbox 942 5192 1137 5262; x_wconf 87' lang='lat' dir='ltr'><strong>quovis</strong></span> <span class='ocrx_word' id='word_1_845' title='bbox 1166 5207 1294 5247; x_wconf 90' lang='lat' dir='ltr'><strong>urso</strong></span> <span class='ocrx_word' id='word_1_846' title='bbox 1343 5193 1692 5246; x_wconf 88' lang='lat' dir='ltr'><strong>fraudulento</strong></span> <span class='ocrx_word' id='word_1_847' title='bbox 1726 5191 1922 5245; x_wconf 63' lang='lat' dir='ltr'><strong>saavior</strong></span> <span class='ocrx_word' id='word_1_848' title='bbox 1960 5192 2084 5246; x_wconf 89' lang='lat' dir='ltr'><strong>est?</strong></span> <span class='ocrx_word' id='word_1_849' title='bbox 2125 5191 2299 5257; x_wconf 85' lang='lat' dir='ltr'><strong>Quid?</strong></span> 
     </span>
    </p>
   </div>
   <div class='ocr_carea' id='block_1_105' title="bbox 2102 5187 3716 5266">
    <p class='ocr_par' dir='ltr' id='par_1_105' title="bbox 2125 5187 3716 5266">
     <span class='ocr_line' id='line_1_105' title="bbox 2125 5187 3716 5266; baseline -0.006 -20"><span class='ocrx_word' id='word_1_850' title='bbox 2125 5191 2299 5257; x_wconf 84' lang='lat' dir='ltr'><strong>Quid?</strong></span> <span class='ocrx_word' id='word_1_851' title='bbox 2399 5212 2610 5266; x_wconf 86' lang='grc' dir='ltr'><strong>κρισις;</strong></span> <span class='ocrx_word' id='word_1_852' title='bbox 2663 5193 2804 5258; x_wconf 72' lang='grc' dir='ltr'><strong>Ὀῥὲ</strong></span> <span class='ocrx_word' id='word_1_853' title='bbox 2840 5192 2964 5258; x_wconf 83' lang='grc' dir='ltr'><strong>ὀξὺς</strong></span> <span class='ocrx_word' id='word_1_854' title='bbox 2996 5193 3074 5254; x_wconf 85' lang='grc' dir='ltr'><strong>είς</strong></span> <span class='ocrx_word' id='word_1_855' title='bbox 3115 5189 3298 5259; x_wconf 73' lang='grc' dir='ltr'>ὕϐρεις</span> <span class='ocrx_word' id='word_1_856' title='bbox 3357 5187 3716 5258; x_wconf 82' lang='grc' dir='ltr'>σκορπίος</span> 
     </span>
    </p>
   </div>
   <div class='ocr_carea' id='block_1_106' title="bbox 732 5277 2346 5357">
    <p class='ocr_par' dir='ltr' id='par_1_106' title="bbox 732 5283 2296 5356">
     <span class='ocr_line' id='line_1_106' title="bbox 732 5283 2296 5356; baseline -0.001 -18"><span class='ocrx_word' id='word_1_857' title='bbox 732 5301 910 5340; x_wconf 89' lang='lat' dir='ltr'><strong>nonne</strong></span> <span class='ocrx_word' id='word_1_858' title='bbox 942 5285 1052 5340; x_wconf 87' lang='lat' dir='ltr'><strong>fera</strong></span> <span class='ocrx_word' id='word_1_859' title='bbox 1103 5293 1186 5340; x_wconf 87' lang='lat' dir='ltr'><strong>est</strong></span> <span class='ocrx_word' id='word_1_860' title='bbox 1219 5285 1519 5356; x_wconf 86' lang='lat' dir='ltr'><strong>hypocrisis</strong></span> <span class='ocrx_word' id='word_1_861' title='bbox 1565 5284 1647 5337; x_wconf 85' lang='lat' dir='ltr'><strong>vel</strong></span> <span class='ocrx_word' id='word_1_862' title='bbox 1709 5283 2147 5337; x_wconf 86' lang='lat' dir='ltr'><strong>immanissima?</strong></span> <span class='ocrx_word' id='word_1_863' title='bbox 2191 5283 2296 5350; x_wconf 90' lang='lat' dir='ltr'><strong>Qui</strong></span> 
     </span>
    </p>
   </div>
   <div class='ocr_carea' id='block_1_107' title="bbox 2155 5277 3769 5357">
    <p class='ocr_par' dir='ltr' id='par_1_107' title="bbox 2191 5277 3769 5357">
     <span class='ocr_line' id='line_1_107' title="bbox 2191 5277 3769 5357; baseline -0.01 -12"><span class='ocrx_word' id='word_1_864' title='bbox 2191 5283 2296 5350; x_wconf 83' lang='lat' dir='ltr'><strong>QUi</strong></span> <span class='ocrx_word' id='word_1_865' title='bbox 2411 5287 2472 5341; x_wconf 84' lang='lat'><strong>&#39;0</strong></span> <span class='ocrx_word' id='word_1_866' title='bbox 2497 5286 2555 5340; x_wconf 87' lang='grc' dir='ltr'>δὲ</span> <span class='ocrx_word' id='word_1_867' title='bbox 2578 5286 2751 5357; x_wconf 84' lang='grc' dir='ltr'>λάθρα</span> <span class='ocrx_word' id='word_1_868' title='bbox 2771 5287 2850 5348; x_wconf 84' lang='grc' dir='ltr'><strong>είς</strong></span> <span class='ocrx_word' id='word_1_869' title='bbox 2874 5287 3087 5354; x_wconf 80' lang='grc' dir='ltr'><strong>ἄμυναν</strong></span> <span class='ocrx_word' id='word_1_870' title='bbox 3113 5281 3319 5353; x_wconf 84' lang='grc' dir='ltr'>ὁρμῶν,</span> <span class='ocrx_word' id='word_1_871' title='bbox 3353 5280 3654 5350; x_wconf 78' lang='grc' dir='ltr'>ἐχίδνης</span> <span class='ocrx_word' id='word_1_872' title='bbox 3708 5277 3769 5330; x_wconf 68' lang='grc' dir='ltr'>οξ</span> 
     </span>
    </p>
   </div>
   <div class='ocr_carea' id='block_1_108' title="bbox 730 5359 2344 5449">
    <p class='ocr_par' dir='ltr' id='par_1_108' title="bbox 730 5359 2297 5446">
     <span class='ocr_line' id='line_1_108' title="bbox 730 5359 2297 5446; baseline 0 -16"><span class='ocrx_word' id='word_1_873' title='bbox 730 5387 910 5431; x_wconf 87' lang='lat' dir='ltr'><strong>autem</strong></span> <span class='ocrx_word' id='word_1_874' title='bbox 943 5377 1146 5446; x_wconf 88' lang='lat' dir='ltr'><strong>impetu</strong></span> <span class='ocrx_word' id='word_1_875' title='bbox 1179 5378 1390 5446; x_wconf 88' lang='lat' dir='ltr'><strong>rapitur</strong></span> <span class='ocrx_word' id='word_1_876' title='bbox 1408 5359 1914 5441; x_wconf 18' lang='lat' dir='ltr'><strong>adxcontumeliam,</strong></span> <span class='ocrx_word' id='word_1_877' title='bbox 1946 5390 2125 5429; x_wconf 88' lang='lat' dir='ltr'><strong>nonne</strong></span> <span class='ocrx_word' id='word_1_878' title='bbox 2147 5391 2297 5430; x_wconf 88' lang='lat' dir='ltr'><strong>scor-</strong></span> 
     </span>
    </p>
   </div>
   <div class='ocr_carea' id='block_1_109' title="bbox 2155 5359 3769 5449">
    <p class='ocr_par' dir='ltr' id='par_1_109' title="bbox 2155 5370 3769 5449">
     <span class='ocr_line' id='line_1_109' title="bbox 2155 5370 3769 5449; baseline -0.006 -19"><span class='ocrx_word' id='word_1_879' title='bbox 2155 5391 2297 5430; x_wconf 76' lang='lat' dir='ltr'><strong>scor—</strong></span> <span class='ocrx_word' id='word_1_880' title='bbox 2399 5379 2730 5449; x_wconf 81' lang='grc' dir='ltr'><strong>λεπώτερος;</strong></span> <span class='ocrx_word' id='word_1_881' title='bbox 2763 5378 2823 5430; x_wconf 88' lang='lat'><strong>&#39;0</strong></span> <span class='ocrx_word' id='word_1_882' title='bbox 2846 5376 2902 5429; x_wconf 84' lang='grc' dir='ltr'>δὲ</span> <span class='ocrx_word' id='word_1_883' title='bbox 2928 5375 3274 5442; x_wconf 80' lang='grc' dir='ltr'>πλεονέκτης,</span> <span class='ocrx_word' id='word_1_884' title='bbox 3298 5373 3432 5425; x_wconf 81' lang='grc' dir='ltr'><strong>οὐκ</strong></span> <span class='ocrx_word' id='word_1_885' title='bbox 3469 5371 3631 5424; x_wconf 72' lang='grc' dir='ltr'><strong>ἔστι</strong></span> <span class='ocrx_word' id='word_1_886' title='bbox 3665 5370 3769 5422; x_wconf 72' lang='grc' dir='ltr'><strong>λύτ</strong></span> 
     </span>
    </p>
   </div>
   <div class='ocr_carea' id='block_1_110' title="bbox 733 5460 2347 5538">
    <p class='ocr_par' dir='ltr' id='par_1_110' title="bbox 733 5467 2298 5538">
     <span class='ocr_line' id='line_1_110' title="bbox 733 5467 2298 5538; baseline 0.002 -18"><span class='ocrx_word' id='word_1_887' title='bbox 733 5473 852 5538; x_wconf 80' lang='lat' dir='ltr'><strong>pius</strong></span> <span class='ocrx_word' id='word_1_888' title='bbox 875 5470 996 5525; x_wconf 89' lang='lat' dir='ltr'><strong>est?</strong></span> <span class='ocrx_word' id='word_1_889' title='bbox 1057 5468 1158 5534; x_wconf 87' lang='lat' dir='ltr'><strong>Qui</strong></span> <span class='ocrx_word' id='word_1_890' title='bbox 1195 5483 1436 5538; x_wconf 81' lang='lat' dir='ltr'><strong>praeceps</strong></span> <span class='ocrx_word' id='word_1_891' title='bbox 1481 5467 1548 5522; x_wconf 87' lang='lat' dir='ltr'><strong>ad</strong></span> <span class='ocrx_word' id='word_1_892' title='bbox 1592 5467 1882 5522; x_wconf 85' lang='lat' dir='ltr'><strong>vindictam</strong></span> <span class='ocrx_word' id='word_1_893' title='bbox 1933 5467 2298 5538; x_wconf 90' lang='lat' dir='ltr'><strong>ultionemque</strong></span> 
     </span>
    </p>
   </div>
   <div class='ocr_carea' id='block_1_111' title="bbox 2149 5460 3763 5538">
    <p class='ocr_par' dir='ltr' id='par_1_111' title="bbox 2149 5460 3763 5538">
     <span class='ocr_line' id='line_1_111' title="bbox 2149 5460 3763 5538; baseline -0.006 -18"><span class='ocrx_word' id='word_1_894' title='bbox 2149 5484 2298 5538; x_wconf 74' lang='lat' dir='ltr'><strong>&#39;nque</strong></span> <span class='ocrx_word' id='word_1_895' title='bbox 2400 5470 2556 5522; x_wconf 82' lang='grc' dir='ltr'>Ποῖον</span> <span class='ocrx_word' id='word_1_896' title='bbox 2585 5467 2771 5537; x_wconf 83' lang='grc' dir='ltr'>θηρίον</span> <span class='ocrx_word' id='word_1_897' title='bbox 2803 5468 2859 5520; x_wconf 82' lang='grc' dir='ltr'><strong>ἐν</strong></span> <span class='ocrx_word' id='word_1_898' title='bbox 2891 5467 3022 5536; x_wconf 81' lang='grc' dir='ltr'><strong>ἡμῖν</strong></span> <span class='ocrx_word' id='word_1_899' title='bbox 3058 5465 3157 5516; x_wconf 80' lang='grc' dir='ltr'><strong>οὑκ</strong></span> <span class='ocrx_word' id='word_1_900' title='bbox 3186 5463 3336 5516; x_wconf 77' lang='grc' dir='ltr'><strong>ἔστιν</strong></span> <span class='ocrx_word' id='word_1_901' title='bbox 3378 5479 3398 5527; x_wconf 83' lang='grc'><strong>;</strong></span> <span class='ocrx_word' id='word_1_902' title='bbox 3469 5462 3554 5514; x_wconf 87' lang='grc' dir='ltr'>Ὀ</span> <span class='ocrx_word' id='word_1_903' title='bbox 3619 5460 3763 5530; x_wconf 65' lang='grc' dir='ltr'><strong>θη).</strong></span> 
     </span>
    </p>
   </div>
   <div class='ocr_carea' id='block_1_112' title="bbox 731 5555 2345 5632">
    <p class='ocr_par' dir='ltr' id='par_1_112' title="bbox 731 5557 2293 5632">
     <span class='ocr_line' id='line_1_112' title="bbox 731 5557 2293 5632; baseline 0.002 -18"><span class='ocrx_word' id='word_1_904' title='bbox 731 5562 922 5622; x_wconf 64' lang='lat' dir='ltr'><strong>fertur,</strong></span> <span class='ocrx_word' id='word_1_905' title='bbox 961 5576 1140 5615; x_wconf 89' lang='lat' dir='ltr'><strong>nonne</strong></span> <span class='ocrx_word' id='word_1_906' title='bbox 1169 5568 1253 5615; x_wconf 89' lang='lat' dir='ltr'><strong>est</strong></span> <span class='ocrx_word' id='word_1_907' title='bbox 1277 5561 1457 5630; x_wconf 89' lang='lat' dir='ltr'><strong>vipera</strong></span> <span class='ocrx_word' id='word_1_908' title='bbox 1497 5560 1869 5632; x_wconf 79' lang='lat' dir='ltr'><strong>gravissima?</strong></span> <span class='ocrx_word' id='word_1_909' title='bbox 1916 5557 2056 5625; x_wconf 91' lang='lat' dir='ltr'><strong>Quid</strong></span> <span class='ocrx_word' id='word_1_910' title='bbox 2091 5575 2293 5617; x_wconf 82' lang='lat' dir='ltr'><strong>avarus</strong></span> 
     </span>
    </p>
   </div>
   <div class='ocr_carea' id='block_1_113' title="bbox 2155 5555 3769 5632">
    <p class='ocr_par' dir='ltr' id='par_1_113' title="bbox 2163 5555 3769 5628">
     <span class='ocr_line' id='line_1_113' title="bbox 2163 5555 3769 5628; baseline -0.004 -16"><span class='ocrx_word' id='word_1_911' title='bbox 2163 5576 2293 5617; x_wconf 89' lang='lat' dir='ltr'><strong>arus</strong></span> <span class='ocrx_word' id='word_1_912' title='bbox 2399 5562 2544 5614; x_wconf 74' lang='grc' dir='ltr'>ἐστιν</span> <span class='ocrx_word' id='word_1_913' title='bbox 2571 5561 2732 5622; x_wconf 82' lang='grc' dir='ltr'>ἵππος</span> <span class='ocrx_word' id='word_1_914' title='bbox 2771 5559 3222 5628; x_wconf 78' lang='grc' dir='ltr'><strong>ὲπιμαινόμενος;</strong></span> <span class='ocrx_word' id='word_1_915' title='bbox 3251 5556 3486 5608; x_wconf 78' lang='grc' dir='ltr'>’Ἰπποι</span> <span class='ocrx_word' id='word_1_916' title='bbox 3533 5555 3722 5623; x_wconf 82' lang='grc' dir='ltr'><strong>γὰρ,</strong></span> <span class='ocrx_word' id='word_1_917' title='bbox 3767 5576 3769 5592; x_wconf 84' lang='grc' dir='ltr'>ι</span> 
     </span>
    </p>
   </div>
   <div class='ocr_carea' id='block_1_114' title="bbox 736 5646 2350 5724">
    <p class='ocr_par' dir='ltr' id='par_1_114' title="bbox 736 5650 2295 5723">
     <span class='ocr_line' id='line_1_114' title="bbox 736 5650 2295 5723; baseline 0.003 -20"><span class='ocrx_word' id='word_1_918' title='bbox 736 5653 885 5718; x_wconf 68' lang='grc' dir='ltr'><strong>ψςυῖ</strong></span> <span class='ocrx_word' id='word_1_919' title='bbox 907 5666 1084 5706; x_wconf 89' lang='lat' dir='ltr'><strong>nonne</strong></span> <span class='ocrx_word' id='word_1_920' title='bbox 1112 5652 1272 5720; x_wconf 90' lang='lat' dir='ltr'><strong>lupus</strong></span> <span class='ocrx_word' id='word_1_921' title='bbox 1305 5662 1389 5707; x_wconf 92' lang='lat' dir='ltr'><strong>est</strong></span> <span class='ocrx_word' id='word_1_922' title='bbox 1423 5652 1850 5723; x_wconf 83' lang='lat' dir='ltr'><strong>rapacissimus?</strong></span> <span class='ocrx_word' id='word_1_923' title='bbox 1877 5650 2033 5706; x_wconf 75' lang='lat' dir='ltr'><strong>Nulla</strong></span> <span class='ocrx_word' id='word_1_924' title='bbox 2055 5653 2108 5705; x_wconf 93' lang='lat' dir='ltr'><strong>in</strong></span> <span class='ocrx_word' id='word_1_925' title='bbox 2135 5654 2295 5708; x_wconf 91' lang='lat' dir='ltr'><strong>nobis</strong></span> 
     </span>
    </p>
   </div>
   <div class='ocr_carea' id='block_1_115' title="bbox 2154 5646 3768 5724">
    <p class='ocr_par' dir='ltr' id='par_1_115' title="bbox 2154 5646 3768 5724">
     <span class='ocr_line' id='line_1_115' title="bbox 2154 5646 3768 5724; baseline -0.007 -18"><span class='ocrx_word' id='word_1_926' title='bbox 2154 5654 2295 5708; x_wconf 70' lang='lat' dir='ltr'><strong>nobis</strong></span> <span class='ocrx_word' id='word_1_927' title='bbox 2404 5656 2594 5724; x_wconf 83' lang='grc' dir='ltr'><strong>μανεῖς</strong></span> <span class='ocrx_word' id='word_1_928' title='bbox 2639 5650 2992 5722; x_wconf 79' lang='grc' dir='ltr'><strong>ἐγενήθησαν,</strong></span> <span class='ocrx_word' id='word_1_929' title='bbox 3031 5649 3260 5712; x_wconf 72' lang='grc' dir='ltr'>ἕκαστος</span> <span class='ocrx_word' id='word_1_930' title='bbox 3310 5648 3439 5700; x_wconf 71' lang='grc' dir='ltr'><strong>ἐπὶ</strong></span> <span class='ocrx_word' id='word_1_931' title='bbox 3515 5646 3660 5716; x_wconf 78' lang='grc' dir='ltr'><strong>τὴν</strong></span> <span class='ocrx_word' id='word_1_932' title='bbox 3734 5662 3768 5712; x_wconf 61' lang='lat'>1</span> 
     </span>
    </p>
   </div>
   <div class='ocr_carea' id='block_1_116' title="bbox 733 5737 2347 5815">
    <p class='ocr_par' dir='ltr' id='par_1_116' title="bbox 733 5745 2295 5812">
     <span class='ocr_line' id='line_1_116' title="bbox 733 5745 2295 5812; baseline 0.003 -16"><span class='ocrx_word' id='word_1_933' title='bbox 733 5747 842 5798; x_wconf 67' lang='grc' dir='ltr'>ειη-ιι</span> <span class='ocrx_word' id='word_1_934' title='bbox 879 5760 983 5797; x_wconf 84' lang='lat' dir='ltr'><strong>non</strong></span> <span class='ocrx_word' id='word_1_935' title='bbox 1020 5746 1312 5802; x_wconf 83' lang='lat' dir='ltr'><strong>invenitur.</strong></span> <span class='ocrx_word' id='word_1_936' title='bbox 1370 5745 1476 5812; x_wconf 89' lang='lat' dir='ltr'><strong>Qui</strong></span> <span class='ocrx_word' id='word_1_937' title='bbox 1517 5745 1838 5802; x_wconf 89' lang='lat' dir='ltr'><strong>feminarum</strong></span> <span class='ocrx_word' id='word_1_938' title='bbox 1891 5745 2168 5801; x_wconf 87' lang='lat' dir='ltr'><strong>amoribus</strong></span> <span class='ocrx_word' id='word_1_939' title='bbox 2208 5746 2295 5800; x_wconf 89' lang='lat' dir='ltr'><strong>in-</strong></span> 
     </span>
    </p>
   </div>
   <div class='ocr_carea' id='block_1_117' title="bbox 2128 5737 3742 5815">
    <p class='ocr_par' dir='ltr' id='par_1_117' title="bbox 2128 5737 3742 5815">
     <span class='ocr_line' id='line_1_117' title="bbox 2128 5737 3742 5815; baseline -0.006 -18"><span class='ocrx_word' id='word_1_940' title='bbox 2128 5759 2168 5799; x_wconf 86' lang='lat' dir='ltr'><strong>IS</strong></span> <span class='ocrx_word' id='word_1_941' title='bbox 2208 5746 2295 5800; x_wconf 87' lang='lat' dir='ltr'><strong>in-</strong></span> <span class='ocrx_word' id='word_1_942' title='bbox 2401 5745 2624 5815; x_wconf 87' lang='grc' dir='ltr'>πλησίον</span> <span class='ocrx_word' id='word_1_943' title='bbox 2681 5739 2846 5795; x_wconf 77' lang='grc' dir='ltr'><strong>αὺτοῦ</strong></span> <span class='ocrx_word' id='word_1_944' title='bbox 2903 5741 3236 5812; x_wconf 77' lang='grc' dir='ltr'><strong>ἐχρεμέτιζε.</strong></span> <span class='ocrx_word' id='word_1_945' title='bbox 3292 5737 3742 5807; x_wconf 79' lang='grc' dir='ltr'>Μετέοηκεν</span> 
     </span>
    </p>
   </div>
  </div>
