4088 6210
314 336 420 388 27⁵1

1078 335 1144 391 IN
1185 321 1443 406 VERBA,
1487 338 1864 395 “manus
1908 341 2292 409 neuneu,
2338 346 2511 413 me,
2546 347 2750 404 οιυιτ.
2795 350 2852 405 ιι.

3461 347 3567 401 278

318 452 416 523 τὴν
464 451 570 503 τῶν
623 451 836 519 ἀλόγων
892 451 1071 520 φύσιν,
1109 455 1197 507 διὰ
1248 455 1342 508 τοῦ
1400 456 1601 519 πάθους
1650 451 1694 524 ᾧ
1743 475 1902 529 προσ-

2011 462 2251 527 saniunt,
2286 479 2463 518 nonne
2495 463 2684 520 furiosi
2720 471 2846 520 sunt.
2884 466 3052 535 equi?
3090 465 3222 534 Equi
3273 474 3562 530 amatores,

317 540 589 610 ῳκειώθη.
637 542 814 596 Πολλὰ
853 538 945 595 οὖν
972 543 1135 613 θηρία
1179 547 1236 597 έν
1266 547 1416 615 ἡμῖν.
1463 547 1676 614 Ἐγένου
1725 549 1901 602 τοίνυν

319 635 499 704 ἄρχων
529 633 756 703 Θηρίων,
794 636 842 686 εἰ
875 634 980 688 τῶν
1009 635 1112 700 ἔξω
1141 635 1327 706 ἄρχεις
1347 677 1359 698 ,
1401 637 1467 703 τά
1498 638 1554 690 δὲ
1587 639 1730 692 ἔνδον
1765 641 1899 693 ἀϐα-

319 726 536 778 σίλευτα
568 726 949 796 καταλείψεις;
981 721 1106 789 Οἷος
1129 728 1224 798 ἔσῃ
1252 729 1327 799 τῷ
1357 729 1600 800 λογισμῷ
1631 732 1768 785 κατὰ
1801 731 1894 784 τοῦ

317 815 528 877 λέοντος
560 817 658 885 μὲν
687 815 895 886 φρονῶν
928 818 1021 869 καὶ
1055 818 1408 888 καταφρονῶν
1441 819 1603 871 αὑτοῦ
1638 820 1731 872 τοῦ
1769 820 1890 891 βρυ-

317 905 583 972 χήματος,
608 904 782 974 πρίων
811 905 865 957 δὲ
889 906 1013 966 τοὺς
1047 904 1259 969 ὀδόντας
1284 908 1377 958 καὶ
1405 909 1502 977 τὴν
1535 910 1714 980 φωνὴν
1737 911 1897 980 ἄναρ-

319 995 448 1065 θρον
483 996 658 1062 ἀφεὶς,
699 995 790 1048 τοῦ
839 995 1010 1064 θυμοῦ
1047 995 1193 1050 ἔνδον
1239 996 1359 1050 ὅλου
1402 998 1537 1068 ὁμοῦ
1572 1005 1899 1070 προσπεσεῖν

319 1087 784 1153 ςιλονεικοῦντοςς
817 1088 881 1140 Τί
914 1087 1102 1140 τούτου
1145 1087 1540 1159 χαλεπώτερον,
1577 1091 1694 1142 οὐδὲ
1729 1109 1897 1146 κατα-

323 1176 506 1244 μένειν
544 1176 691 1228 ἔνδον
721 1178 1148 1247 συγχωροῦντος,
1187 1180 1314 1230 ὄταν
1353 1179 1634 1248 ἄνθρωπος
1675 1181 1778 1233 ὑπὸ
1805 1181 1897 1234 τοῦ

319 1267 530 1329 πάθους
558 1268 801 1338 κρατηθῇ
832 1283 846 1294 ⁸
880 1269 1006 1322 ὅταν
1027 1271 1054 1321 ὁ
1087 1269 1255 1338 θυμὸς
1296 1272 1384 1325 τὸν
1406 1273 1655 1346 λογισμὸν
1670 1269 1914 1338 παρωσά-

324 1371 484 1426 μενος
506 1399 522 1422 ,
580 1357 740 1418 αὐτὸς
766 1358 863 1427 τὴν
896 1358 1209 1410 δυναστείαν
1238 1358 1338 1429 τῆς
1367 1357 1544 1428 ψυχῆς
1573 1358 1897 1429 παραλά6ῃ;

325 1451 546 1520 ’Ἄρχων
574 1451 750 1502 τοίνυν
781 1449 1052 1520 ἐκτίσθης,
1108 1452 1290 1522 ἄρχων
1336 1451 1543 1515 παθῶν,
1593 1453 1774 1522 ἄρχων
1807 1452 1902 1523 θη-

323 1542 479 1612 ρίων,
527 1542 708 1611 ἄρχων
739 1541 1005 1612 ἑρπετῶν,
1055 1543 1238 1612 ἄρχων
1285 1543 1521 1614 πτηνῶν.
1557 1545 1709 1614 Μήτε
1757 1543 1903 1611 λογιο

322 1635 498 1704 σμοὺς
544 1633 632 1702 ἔχε
690 1635 1170 1705 μετεωροπόρους,
1224 1635 1356 1706 μηδὲ
1403 1635 1604 1704 κοῦφος
1657 1635 1749 1688 ἔσο
1805 1637 1899 1689 καὶ

319 1724 556 1786 ᾶστατος
589 1727 653 1794 τῇ
689 1725 912 1795 διανοίᾳ.
947 1726 1170 1796 [Ιτηνῶν
1204 1726 1390 1796 ἄρχειν
1429 1726 1672 1797 ὲκρίθης·
1704 1727 1902 1789 ἄτοπος

322 1811 377 1869 εἴ
399 1814 466 1867 τὰ
500 1816 597 1885 μὲν
623 1817 892 1882 πετόμενα
920 1816 1012 1886 ἰξῷ
1039 1817 1408 1881 καταϐάλλων,
1440 1817 1600 1880 αὐτὸς
1625 1817 1680 1869 δὲ
1703 1817 1900 1886 κοῦφος

320 1905 402 1958 ῶν
435 1906 529 1959 καὶ
568 1907 859 1977 μετέωρος.
884 1908 973 1978 Μὴ
1013 1908 1290 1980 τυφωθῇς,
1334 1908 1408 1979 μὴ
1441 1909 1783 1980 ὑπεραροῇς,
1826 1909 1900 1980 μὴ

326 1997 499 2066 μείζω
526 1999 801 2068 φρονήσῃς
828 1998 926 2067 τῆς
964 1997 1305 2070 ἀνθρωπίνης
1338 1999 1570 2068 φύσεως.
1609 2000 1698 2070 Μὴ
1733 2001 1900 2070 ὑπερ-

322 2088 496 2158 φυσοῦ
534 2089 942 2158 ἐπαινούμενος,
976 2089 1050 2159 μὴ
1082 2089 1270 2154 δόξαζε
1305 2091 1549 2154 σεαυτὸν,
1589 2091 1720 2161 μηδὲ
1761 2090 1900 2160 μέγα

322 2176 541 2232 τιεῖναι
563 2177 750 2248 νόμιζε
772 2181 1012 2234 σεαυτόν.
1039 2181 1178 2253 Ἔσῃ
1197 2180 1306 2253 γὰρ
1326 2181 1496 2245 οὕτως
1517 2183 1713 2253 πτηνὸν
1737 2183 1902 2236 ἄστα-

325 2271 775 2340 τον,.ἀστηρίκτῳ
793 2273 857 2340 τῇ
887 2270 1045 2339 φύσει
1070 2263 1172 2323 ὧδε
1207 2271 1300 2324 καὶ
1324 2264 1425 2324 ὧδε
1455 2270 1899 2342 περιφερόμενος.

329 2364 500 2432 Ἀρχε
541 2363 649 2415 τῶν
691 2364 750 2414 ὲν
796 2363 878 2415 σοὶ
929 2361 1228 2432 λογισμῶν,
1276 2362 1363 2416 ἵνα
1403 2363 1534 2432 γένῃ
1576 2363 1758 2431 ἄρχων
1797 2363 1902 2415 τῶν

319 2457 494 2508 ὄντων
533 2455 767 2507 πάντων.
817 2453 1000 2515 οὕτως
1041 2456 1074 2524 ὴ
1125 2453 1266 2507 κατὰ
1308 2454 1416 2507 τῶν
1448 2453 1600 2517 ζώων
1641 2453 1901 2524 δεδομένη

321 2545 471 2614 ἀρχὴ
507 2544 756 2614 ῥυθμίζει
791 2545 936 2614 ἡμᾶς
990 2545 1125 2615 πρὸς
1162 2545 1222 2597 τὸ
1265 2544 1421 2615 ἡμῶν
1466 2544 1644 2597 αὐτῶν
1690 2543 1898 2614 ἄρχειν.

328 2639 566 2688 Ἄτοπον
610 2635 718 2701 γάρ
759 2637 873 2686 ἐστι
903 2634 1314 2704 βασιλευόμενον
1344 2634 1515 2700 οἴκοι,
1547 2634 1715 2687 ἐθνῶν
1751 2635 1896 2704 βασις

323 2730 523 2782 λεύειν·
543 2728 650 2781 ὑπὸ
669 2728 888 2798 ἑταίρας
908 2726 1270 2796 κρατούμενον
1295 2726 1420 2788 ἔσω,
1443 2726 1676 2796 δημοσίᾳ
1700 2726 1904 2789 πόλεως

321 2817 465 2874 εἶναι
501 2819 830 2889 προστάτην.
876 2818 954 2869 Τά
991 2819 1127 2870 οἴκοι
1165 2818 1418 2887 χρήματα
1445 2817 1547 2886 χρὴ
1584 2817 1761 2879 καλῶς
1793 2817 1904 2869 δια-

322 2912 630 2980 τιθέμενον,
679 2910 771 2961 καὶ
820 2909 886 2961 τά
932 2909 1076 2961 ἔνδον
1123 2907 1344 2976 εὐταξίᾳ.
1388 2909 1899 2975 κατακοσμήσαντα,

319 3005 467 3056 οὕτω
512 3003 621 3054 τῶν
667 3001 838 3055 ἀλλων
886 3000 1178 3069 λαμϐάνειν
1221 2999 1318 3069 τὴν
1356 2998 1697 3050 ἐπιστασίαν.
1752 2999 1903 3050 Ἐπεὶ

2004 553 2199 622 inquit,
2231 564 2282 608 et
2308 556 2573 610 emissarii
2611 556 2737 610 facti
2766 566 2914 623 sunt,
2938 559 3310 626 unusquisque
3333 557 3397 610 ad
3434 572 3569 610 uxo-

2004 655 2116 693 rem
2152 643 2382 708 proximi
2441 643 2525 697 sui
2585 644 2885 699 hinniebat.
2948 645 3037 697 Sic
3083 645 3140 698 in
3175 645 3404 713 alicujus
3445 648 3570 699 lene
3645 655 3665 673 '

2004 739 2248 783 naturam
2283 734 2513 801 quisque
2560 733 2923 797 convertitur,
2970 742 3128 804 prout
3177 733 3360 802 aliquo
3403 735 3565 786 animi

2005 820 2132 873 \itio
2158 824 2670 893 perturbationeque
2701 825 2957 878 vincitur.
2995 824 3068 877 Ex
3104 839 3212 894 quo
3263 823 3339 886 iit,
3394 833 3451 876 ut
3489 824 3568 877 in-

2003 914 2370 970 numerabiles
2419 916 2476 969 in
2535 916 2692 970 nobis
2735 916 2844 971 sint
2890 917 3034 970 forte.
3073 916 3261 970 Credis
3318 916 3481 982 igitur
3521 925 3570 968 te

2003 1005 2238 1059 ferarum
2268 1021 2388 1061 esse
2417 1007 2719 1072 dominum,
2758 1023 2819 1061 ac
2853 1008 3176 1077 principem,
3226 1006 3270 1060 si
3309 1007 3572 1074 illis,qu:e

2003 1097 2136 1151 foris
2165 1105 2312 1163 sunt,
2345 1099 2599 1168 imperes,
2642 1104 2734 1154 eas
2770 1109 2949 1153 autem
2988 1115 3106 1168 quae
3152 1099 3298 1153 intus
3348 1111 3569 1150 versan-

2003 1190 2110 1247 tur,
2143 1199 2250 1238 non
2282 1185 2474 1240 domes
2503 1201 2565 1241 ac
2600 1188 2800 1256 regas?
2839 1187 3112 1252 Quorsum
3143 1187 3238 1240 tibi
3274 1186 3433 1249 ratio,
3463 1203 3568 1254 qua

2003 1272 2184 1329 leones
2209 1275 2391 1344 vincis,
2431 1291 2726 1346 eorumque
2767 1277 3042 1332 fremitum
3081 1293 3189 1332 non
3223 1276 3566 1340 reformidas,

2005 1379 2126 1417 cum
2165 1366 2278 1433 ipse
2307 1365 2563 1424 dentibus
2593 1369 2811 1427 frendas
2852 1380 2910 1424 ut
2941 1372 3044 1437 leo,
3079 1382 3130 1426 et
3158 1387 3268 1441 prae
3289 1369 3569 1424 iracundia

2004 1470 2190 1508 vocem
2225 1458 2532 1524 confusam,
2572 1470 2626 1517 et
2667 1446 3039 1532 perturbatum
3073 1464 3370 1518 clamorem
3417 1462 3571 1516 entit-

2005 1545 2122 1598 tas?
2167 1546 2306 1612 Quid
2341 1553 2484 1604 enim
2527 1554 2769 1619 gravius,
2825 1562 2918 1607 aut
2966 1554 3216 1608 acerbius
3253 1563 3357 1614 est,
3407 1568 3566 1621 quam

2003 1651 2125 1688 cum
2156 1637 2448 1693 iracundiae
2501 1639 2820 1695 furortotus
2871 1659 3159 1712 erumpere
3206 1644 3420 1707 nititur,
3473 1657 3569 1695 nec

2006 1723 2151 1778 intus
2184 1726 2294 1779 ullo
2335 1727 2492 1780 modo
2519 1731 2787 1784 contineri
2832 1732 3042 1798 potest?
3098 1732 3232 1785 Cum
3286 1733 3352 1785 ab
3389 1733 3567 1800 aliqua

2006 1814 2407 1884 perturbatione
2449 1818 2627 1874 victus
2671 1827 2750 1874 est
2791 1821 2974 1882 homo,
3033 1838 3142 1874 non
3171 1821 3282 1890 jam
3307 1823 3424 1891 ipse
3467 1822 3568 1873 im-

2004 1914 2175 1974 perat,
2217 1906 2322 1960 sed'
2357 1907 2409 1960 in
2464 1909 2582 1976 ejus
2631 1910 2811 1963 animo
2860 1911 3197 1980 perturbatio
3236 1911 3566 1964 dominatur.
3627 1947 3642 1962 .

2001 1996 2384 2062 Quamobrem,
2411 2016 2533 2053 cum
2561 2001 2633 2053 ita
2662 2011 2880 2057 creatus
2909 2004 3006 2066 sis,
3052 2011 3111 2055 ut
3154 2003 3344 2057 bestiis
3395 2004 3570 2072 impe-

2000 2100 2108 2146 res,
2141 2094 2194 2138 et
2227 2087 2572 2154 serpentibus
2622 2096 2674 2142 et
2701 2089 3032 2155 volatilibus,
3068 2091 3571 2160 perturbationibus

2001 2177 2225 2246 impera.
2264 2177 2341 2232 Ne
2377 2179 2658 2247 permittas
2687 2175 3068 2251 cogitationem
3111 2189 3256 2234 tuam
3287 2182 3570 2236 sublimem

2001 2269 2209 2338 vagari.
2245 2268 2323 2324 Ne
2358 2271 2506 2325 sinas
2534 2272 2774 2325 animum
2807 2280 2959 2326 tuum
2992 2273 3204 2327 levitate
3254 2273 3569 2326 instabilem

2003 2359 2152 2415 ferri.
2189 2361 2378 2415 Datum
2411 2371 2496 2418 est
2527 2363 2645 2427 tibi,
2692 2372 2752 2416 ut
2782 2364 2974 2418 avibus
3003 2364 3191 2433 praesis
3230 2383 3242 2417 :
3276 2363 3570 2416 absurdum

2004 2452 2126 2518 erit,
2178 2453 2222 2505 si
2261 2453 2411 2507 visco
2443 2454 2734 2509 volitantes
2781 2455 2899 2509 illas
2932 2455 3004 2508 ita
3031 2458 3236 2523 capias,
3270 2463 3327 2506 ut
3357 2454 3470 2523 ipse
3501 2455 3576 2506 le-

2004 2543 2086 2595 vis
2113 2543 2208 2606 sis,
2241 2542 2593 2612 eﬂ’erarisque
2625 2547 2904 2614 superbia.
2949 2545 3023 2600 Ne
3053 2547 3313 2601 sublimes
3345 2545 3573 2612 spiritus

2007 2631 2188 2696 tollas,
2224 2648 2291 2686 ne
2320 2632 2673 2697 intumeseas,
2723 2649 2790 2688 ne
2821 2635 2914 2689 tibi
2949 2635 3176 2688 nimium
3220 2633 3456 2703 placeas,
3482 2640 3573 2685 aut

2005 2722 2126 2790 plus
2158 2721 2224 2776 de
2259 2731 2308 2776 te
2363 2725 2582 2786 sentias,
2641 2739 2802 2793 quam
2837 2725 3072 2794 patiatur
3114 2724 3347 2776 humana
3382 2723 3572 2776 condi-

2008 2814 2101 2867 tio.
2135 2813 2212 2868 Ne
2243 2814 2494 2869 laudibus
2524 2815 2741 2870 inﬂatus
2773 2816 3074 2880 extollaris,
3098 2831 3162 2869 ne
3189 2823 3239 2867 te
3275 2816 3386 2883 ipse
3412 2813 3573 2882 jacti-

2007 2911 2108 2967 tes,
2137 2911 2229 2958 aut
2261 2920 2514 2975 magnum
2548 2905 2751 2975 aliquid
2793 2922 2913 2961 esse
2942 2916 3115 2975 putes.
3174 2905 3428 2974 Alioquin
3464 2904 3572 2958 eris

2006 2999 2289 3050 volucrum
2341 2999 2557 3060 similis,
2594 3012 2713 3066 qua:
2747 3005 2941 3052 natura
3007 2997 3150 3052 leves
3179 3004 3231 3050 ct
3289 2995 3574 3049 instabiles

323 3096 832 3164 περιστραφήσεται
865 3091 1011 3160 παρὰ
1039 3091 1146 3144 τῶν
1176 3090 1492 3160 ἀρχομένων
1531 3089 1559 3140 ὁ
1592 3089 1764 3157 λόγος,
1806 3090 1901 3142 ἐὰν

2010 3086 2114 3140 huc
2145 3087 2270 3142 illuc
2301 3088 2518 3144 assidue
2551 3088 2819 3153 feruntur,
2873 3097 2925 3144 et
2958 3089 3204 3143 volitant.
3259 3086 3434 3140 Tuum
3466 3085 3568 3156 igi-

317 3183 618 3251 ἀκόσμητα
644 3180 782 3233 οἶκοι
813 3180 905 3232 καὶ
934 3179 1232 3232 ἁδιάτακτα
1263 3178 1359 3248 ἔχῃ
1382 3217 1396 3238 ,
1437 3178 1519 3230 ὅτι
1561 3196 1581 3230 ι
1624 3179 1792 3249 Ἰατρὲ
1819 3177 1904 3228 θε-

326 3272 604 3342 ράπευσον
631 3270 876 3323 σεαυτόν.
910 3288 927 3320 ι
987 3269 1243 3329 Ἑαυτοὺς
1273 3263 1364 3320 οὖν
1397 3268 1609 3336 πρῶτον
1642 3267 1906 3338 θεραπεύ-

326 3379 532 3432 σωμεν.
565 3361 755 3424 Οὐδεὶς
797 3362 870 3430 μὴ
903 3361 1144 3430 Οηράσας
1191 3359 1380 3410 λέοντα
1423 3357 1795 3429 κατεγνώσθηο
1831 3358 1907 3429 μὴ

324 3454 610 3523 κρατήσας
653 3453 708 3505 δὲ
753 3452 956 3522 θυμοῦ,
1002 3450 1402 3518 καταγέλαστος
1443 3451 1624 3503 παντί.
1679 3451 1840 3502 ’Ὥστε
1880 3453 1908 3502 ό

329 3547 430 3616 μὲν
450 3545 544 3597 τοῦ
565 3545 697 3597 ἰδίου
713 3543 915 3605 πάθους
936 3543 1008 3612 μὴ
1027 3559 1090 3594 πε
1099 3543 1546 3612 ριγενόμενος,εἰς
1567 3541 1907 3607 κατάγνωσιν

328 3639 539 3704 ἀγεται’
567 3636 597 3687 ό
613 3635 670 3688 δὲ
695 3635 769 3705 μὴ
788 3633 1031 3703 δυνηθεὶς
1051 3633 1255 3704 ἀγρίων
1279 3632 1480 3703 θηριων
1504 3631 1904 3702 περιγενέσθαι,

327 3729 480 3783 οὔπω
533 3727 796 3798 μέμψεως
828 3724 972 3789 ἄξιον
1015 3723 1328 3792 πεποιηκώς
1359 3741 1411 3777 τι
1449 3722 1716 3792 φαίνεται.
1771 3723 1828 3775 ’0
1853 3722 1908 3776 δὲ

328 3821 691 3890 οἰκονομήσας
737 3818 1010 3888 γραφῆναι
1061 3815 1283 3886 Κύριος,
1329 3818 1357 3868 ό
1410 3817 1505 3868 καὶ
1553 3816 1653 3886 τὴν
1705 3815 1906 3886 μικρὰν

330 3915 480 3982 ἡμῶν
509 3912 610 3964 καὶ
641 3909 840 3978 ἀσθενῆ
877 3908 1124 3977 γλῶσσαν
1155 3910 1511 3978 συγχωρήσας
1547 3910 1704 3978 μέχρι
1730 3909 1908 3968 τοσού-

327 4020 418 4055 του
446 4005 576 4072 ὑμῖν
607 4001 889 4070 ὁμιλῆσαι,
914 4001 942 4051 ὁ
967 4000 1054 4052 διὰ
1072 4001 1169 4070 τῆς
1196 3998 1454 4062 ἀσθενοῦς
1487 3999 1642 4069 ἡμῶν
1669 3999 1906 4061 διανοίας

330 4096 602 4165 μεγάλους
639 4096 768 4162 ὑμῖν
813 4093 1119 4162 θησαυροὺς
1167 4093 1226 4144 ἐν
1265 4093 1375 4154 τοῖς
1417 4091 1618 4158 ὀλίγοις
1646 4092 1909 4146 ἀποσκιά-

328 4204 496 4256 σμασι
521 4187 630 4255 τῆς
659 4184 913 4255 ἀληθείας
941 4183 1354 4254 παραδηλώσας,
1381 4182 1489 4254 δῴη
1524 4184 1650 4253 ὑμῖν
1685 4184 1772 4236 διὰ
1803 4185 1907 4238 τῶν

328 4278 541 4348 μικρῶν
573 4277 645 4328 τά
695 4275 935 4346 μεγάλα,
971 4274 1059 4328 διὰ
1086 4275 1192 4326 τῶν
1221 4273 1416 4342 όλίγων
1462 4274 1816 4344 σπερμάτων,
1848 4275 1908 4326 τὸ

322 4369 530 4422 τέλειον
554 4367 658 4437 τῆς
686 4366 960 4434 γνώσεως,
1001 4366 1092 4418 καὶ
1121 4365 1249 4435 ἡμῖν
1278 4363 1768 4434 τῆςοάπολαύσεως
1801 4365 1908 4417 τῶν

2009 3187 2096 3232 tur
2134 3181 2373 3234 animum
2403 3181 2704 3244 moderare,
2738 3181 2896 3250 eique
2940 3182 3163 3250 impera,
3219 3179 3266 3234 si
3301 3179 3381 3234 vis
3408 3177 3573 3231 rebus

2008 3271 2265 3325 omnibus
2295 3271 2578 3340 imperare.
2615 3271 2725 3326 Hac
2760 3273 2970 3327 ratione
3003 3272 3160 3326 nobis
3189 3272 3241 3323 in
3279 3270 3575 3324 animantia

2009 3362 2273 3416 tributum
2305 3363 2590 3432 imperium
2626 3379 2725 3418 nos
2758 3372 2964 3429 monet,
2991 3379 3052 3416 ac
3085 3361 3346 3431 disponit,
3383 3368 3443 3413 ut
3470 3361 3573 3429 ipsi

2008 3452 2165 3506 nobis
2194 3453 2542 3522 imperemus.
2579 3454 2759 3523 Turpe
2790 3457 2933 3509 enim
2986 3463 3091 3514 est,
3150 3463 3228 3515 ut,
3283 3453 3372 3521 qui
3423 3451 3567 3504 domi

2009 3558 2122 3598 sua:
2143 3559 2332 3599 servus
2349 3553 2449 3609 est,
2479 3547 2728 3615 gentibus
2761 3546 3086 3608 dominetur,
3114 3556 3162 3598 et
3190 3545 3235 3598 is
3265 3543 3577 3612 reipublicm

2010 3641 2204 3687 tractet
2233 3636 2616 3704 gubernacula,
2669 3637 2759 3704 qui
2793 3637 2956 3688 scorti
2994 3643 3156 3687 nutus
3194 3633 3576 3700 observat,qui

2010 3727 2313 3780 meretricis
2388 3726 2618 3779 arbitrio
2685 3728 2908 3796 regitur.
2967 3723 3248 3778 Familiam
3298 3725 3574 3794 propriam

2009 3823 2223 3884 oportet
2250 3823 2394 3870 recte
2423 3803 2839 3886 gubernare,ct,
2865 3833 2986 3887 qua:
3020 3817 3166 3870 intus
3200 3809 3578 3880 sunt,ratione

2008 3917 2172 3976 atque
2205 3907 2396 3962 ordine
2424 3908 2717 3977 disponere
2745 3925 2808 3964 ac
2849 3909 3142 3971 moderari,
3195 3921 3296 3960 nec
3330 3907 3385 3960 in
3441 3904 3578 3960 alios

2009 4001 2148 4053 velle
2201 3999 2489 4069 imperium
2547 4015 2824 4063 exercere,
2885 4015 3010 4054 cum
3047 3999 3185 4053 ratio
3239 4000 3327 4060 iis,
3382 3997 3579 4067 quibus

2011 4088 2278 4158 imperare
2308 4089 2486 4153 debet,
2522 4105 2644 4145 sese
2672 4092 2989 4160 subjecerit.
3021 4089 3079 4143 Si
3129 4104 3216 4143 res
3245 4098 3352 4141 tuae
3386 4088 3577 4140 dome-

2010 4183 2163 4237 slica:
2185 4181 2430 4237 confusa:
2457 4183 2894 4252 perturbataeque
2940 4191 3091 4245 sunt,
3137 4188 3196 4233 ut
3224 4181 3400 4232 bonus
3466 4192 3579 4229 nte-

2010 4275 2168 4330 dicus
2187 4281 2240 4330 te
2271 4275 2449 4344 ipsum
2469 4289 2624 4329 cura.
2644 4274 3022 4344 Nosmetipsos
3043 4274 3276 4343 primum
3298 4283 3575 4324 curemus.

2010 4367 2202 4430 Nemo,
2235 4370 2379 4438 quod
2415 4369 2626 4422 leonem
2651 4384 2760 4421 non
2788 4368 2999 4430 vicerit,
3031 4365 3455 4420 condemnatur.
3487 4361 3575 4423 At,

327 4460 484 4514 θείων
510 4461 689 4528 λόγων
719 4459 926 4530 καρπὸν
957 4458 1402 4529 πεπληρωμένον,
1431 4460 1512 4512 ὅτι
1542 4460 1688 4530 αὐτῷ
1718 4461 1750 4530 ἡ
1781 4459 1902 4524 δόξα

2013 4451 2105 4528 qui
2141 4476 2248 4514 non
2310 4457 2588 4528 superavit
2623 4457 2984 4520 iracundiam,
3039 4455 3241 4526 passim
3299 4452 3575 4507 irridetur.

325 4553 420 4605 καὶ
446 4553 508 4605 τὸ
539 4553 744 4622 κράτος
773 4553 852 4614 εἰς
878 4551 1006 4613 τοὺς
1033 4549 1234 4613 αἰῶνας
1259 4550 1367 4602 τῶν
1400 4549 1627 4605 αἰώνων.
1676 4552 1730 4603 Ἀ
1743 4552 1868 4621 μήν.

2015 4549 2120 4614 Qui
2152 4549 2656 4619 perturbationibus
2699 4565 2804 4602 non
2841 4554 2919 4602 est
2953 4547 3219 4617 superior,
3269 4543 3463 4597 merito
3495 4541 3573 4594 vi-

330 4650 663 4713 tuperatur;
707 4644 801 4712 qui
861 4657 992 4697 vero
1035 4641 1178 4697 feras
1224 4641 1492 4696 immanes
1549 4657 1968 4712 superare-non
2018 4653 2232 4715 potest,
2277 4644 2426 4698 nulla
2482 4641 2906 4712 reprehensione
2964 4640 3178 4692 videtur
3248 4633 3465 4703 dignus.
3515 4630 3578 4683 Et

332 4735 445 4790 διες
484 4736 711 4806 quidem
774 4735 1038 4788 hactenus
1074 4733 1336 4788 Dominus
1379 4752 1392 4788 :
1447 4733 1605 4802 cujus
1645 4737 1983 4804 providentia
2038 4737 2244 4791 factum
2277 4745 2394 4802 est,
2430 4745 2489 4790 ut
2525 4736 2639 4790 haec
2674 4735 3065 4795 scriberentur,
3099 4729 3300 4802 quique
3348 4724 3575 4779 debilem

333 4835 493 4897 atque
521 4827 866 4882 haesitantem
913 4825 1155 4894 linguam
1195 4832 1439 4878 nostram
1475 4823 1724 4894 adjuvit,
1773 4834 1831 4879 ut
1877 4843 1941 4882 ea
1986 4827 2140 4882 vobis
2185 4834 2464 4896 utcunque
2495 4827 2894 4895 explicaremus
2940 4839 3006 4878 ex
3058 4831 3258 4877 nostra:
3291 4819 3579 4886 cogitatio-

335 4918 420 4972 nis
443 4918 836 4980 imbecillitate,
865 4917 1170 4985 exiguaque
1217 4915 1466 4970 veritatis
1517 4917 1965 4984 adumbratione;
2011 4918 2215 4988 quique
2248 4933 2470 4988 magnos
2511 4917 2666 4971 vobis
2698 4917 2985 4970 thesauros
3014 4914 3270 4984 praebeat,
3300 4928 3363 4968 ex
3397 4911 3579 4982 parvis

338 5023 548 5080 magna,
590 5017 647 5062 et
696 5006 924 5062 minutis
965 5006 1264 5061 seminibus
1309 5004 1579 5076 perfectos
1618 5006 1949 5074 cegnitionis
2003 5007 2216 5064 fructus
2268 5007 2679 5071 subministret,
2747 5013 2797 5058 et
2848 5002 3007 5056 nobis
3054 5001 3310 5057 omnibus
3361 5001 3578 5053 tandem

341 5100 621 5172 largiatur,
657 5110 717 5153 ut
760 5099 1071 5154 absolutum
1107 5094 1415 5150 divinorum
1455 5109 1768 5150 sermonum
1792 5094 2046 5164 irae-tum
2089 5096 2453 5168 percipiamus
2487 5097 2540 5150 in
2578 5094 2754 5156 cmlis,
2800 5095 2885 5147 cui
2913 5092 3084 5163 gloria
3114 5099 3168 5146 et
3207 5091 3492 5160 imperium
3524 5088 3577 5144 in

344 5197 530 5248 secula
560 5193 908 5247 saeculorum.
941 5191 1138 5244 Amen.

961 5283 1180 5338 ΛΟΓΟΣ
1214 5283 1288 5336 B'.

419 5376 477 5430 ’0
518 5377 617 5446 μὲν
648 5376 814 5444 σοφὸς
842 5375 1097 5446 Σολομὼν
1129 5376 1228 5428 οὐκ
1261 5377 1318 5428 ὲν
1357 5371 1560 5435 πειθοῖς
1592 5371 1780 5440 σοφίας
1817 5370 1907 5424 λό-

351 5480 455 5530 γοκ
477 5507 491 5529 ,
534 5465 648 5518 ἀλλ’
697 5467 755 5516 ὲν
789 5464 1050 5528 διδακτοῖς
1086 5463 1398 5533 Πνεύματος
1428 5460 1578 5529 ἁγίου
1612 5459 1908 5528 σοφισθεὶς,

357 5556 407 5604 ὲν
425 5560 530 5619 τοῖς
557 5556 759 5626 ἀρτίως
792 5558 920 5627 ἡμῖν
942 5557 1375 5627 ἀνεγνωσμένοις
1403 5550 1791 5622 ἀποσεμνύνων
1820 5551 1910 5604 τὸν

359 5645 624 5716 ἀνθρωπον
650 5688 665 5710 ,
697 5647 823 5701 ἐϐόα
851 5649 1016 5721 λέγων
1044 5668 1057 5682 ·
1111 5669 1132 5702 ι
1157 5647 1310 5716 Μέγα
1339 5643 1623 5712 ἄνθρωπος
1646 5683 1659 5705 ,
1697 5643 1790 5695 καὶ
1829 5642 1912 5694 τί-

367 5751 471 5800 μιον
492 5738 623 5808 ἀνὴρ
652 5738 904 5809 ἐλεήμων.
932 5765 948 5800 ι
993 5743 1139 5816 Ἐγὼ
1166 5741 1224 5798 δὲ
1251 5735 1496 5811 ματαίως
1523 5735 1641 5788 κατ’
1677 5733 1910 5804 ἐμαυτὸν

2606 5269 2866 5343 οιιᾼτιο
2918 5270 2982 5327 ιι.

2083 5365 2310 5437 Sapiens
2364 5363 2455 5419 ille
2503 5362 2781 5427 Salomon,
2827 5379 2934 5418 non
2984 5365 3261 5433 sapientia:
3291 5365 3469 5419 verbis
3509 5365 3575 5415 ad

2011 5455 2349 5511 suadendum
2385 5454 2546 5525 aptis,
2589 5453 2684 5508 sed
2711 5454 2958 5507 doctrina
2982 5453 3156 5510 sancti
3190 5453 3429 5522 Spiritus
3453 5467 3578 5508 eru-

2010 5547 2181 5609 ditus,
2229 5547 2282 5600 in
2317 5546 2404 5600 his
2458 5560 2577 5615 qua:
2627 5545 2787 5614 paulo
2812 5553 2941 5600 ante
2989 5561 3020 5598 a
3050 5545 3210 5599 nobis
3259 5544 3400 5597 tecta
3429 5551 3579 5605 sunt.

2012 5637 2287 5691 hominem
2308 5636 2573 5692 extollens
2593 5636 2954 5700 exclamabat,
2981 5653 3000 5687 ι
3016 5633 3228 5701 Magna,
3245 5651 3261 5682 ι
3303 5631 3584 5704 inquiens.

2019 5745 2144 5785 «res
2178 5735 2261 5784 est
2294 5728 2479 5797 homo,
2514 5737 2568 5783 et
2610 5727 2888 5798 praeclara,
2935 5727 3019 5781 vir
3046 5722 3387 5780 misericors.
3417 5746 3437 5781 ι
3474 5725 3587 5796 Ege
