4088 6210
760 385 865 438 279

2020 383 2077 440 S.
2120 385 2444 443 GBEGORII
2485 387 2778 445 NYSSENI‘
3760 397 3768 448 ί

763 502 942 550 autem
979 494 1142 550 stulte
1175 509 1385 550 mecum
1419 497 1534 566 ipse
1567 506 1849 571 reputans,
1890 507 2004 552 tum
2035 515 2157 568 qua:
2197 501 2328 554 mihi
2358 513 2377 566 λ

2153 522 2157 549 :
2197 501 2328 554 mihi
2358 509 2403 566 Α
2434 504 2697 558 ἐσκόπουν
2723 506 2834 560 ac:
2871 503 3013 577 εἶχον
3057 510 3112 560 έν
3158 509 3221 577 τῇ
3276 505 3478 573 ἐμαυτοῦ
3501 506 3690 578 διανοίᾳ,
3727 525 3767 562 κε

761 589 976 642 animus
1006 586 1348 657 suggerebat.
1387 599 1498 643 tum
1533 607 1654 660 quae
1699 607 1764 647 ex
1795 591 2078 660 Scriptura
2127 593 2330 647 didice-

758 692 897 743 ram,
923 678 1363 742 considerabam.
1387 697 1624 750 quonam
1657 683 1820 736 modo
1842 698 2037 752 magna
2071 698 2158 737 res
2185 692 2330 738 esset

761 767 944 830 homo,
995 783 1119 822 cum
1169 771 1399 824 mortale
1451 771 1523 825 sit
1563 771 1785 834 animal,
1843 772 2330 826 innumerabilibus

761 859 1058 913 obnoxium
1094 861 1598 929 perturbationibus
1634 880 1647 915 :
1683 862 1884 932 quippe
1919 863 2014 931 qui
2042 879 2107 916 ex
2138 877 2247 931 quo
2273 864 2330 916 in

761 953 937 1016 lucem
982 963 1065 1008 est
1107 952 1308 1017 editus,
1344 953 1412 1006 ad
1463 962 1796 1010 senectutem
1850 970 2020 1023 usque
2070 964 2328 1023 perpetuo

763 1042 1243 1096 innumerabilium
1310 1045 1687 1098 molestiarum
1747 1053 1802 1100 et
1855 1045 2328 1099 incommodorum

758 1131 1007 1184 examine
1022 1130 1386 1196 conflictetur,
1406 1132 1472 1186 de
1487 1146 1596 1201 quo
1613 1131 1881 1202 scriptum
1898 1138 1982 1185 est
2002 1148 2013 1182 :
2039 1148 2056 1180 ι
2077 1129 2325 1196 Domine,

755 1222 884 1290 quid
935 1230 1018 1277 est
1065 1223 1246 1286 homo,
1293 1226 1437 1294 quod
1482 1239 1692 1278 memor
1733 1239 1791 1279 es
1817 1223 1958 1291 ejus,
2058 1232 2153 1275 aut
2182 1221 2327 1276 filius

756 1314 1014 1376 hominis,
1059 1316 1185 1385 quia
1221 1326 1440 1385 reputas
1466 1316 1624 1370 eum?
1645 1333 1662 1364 ›
1695 1314 1862 1368 David
1899 1323 1956 1366 ut
1988 1313 2190 1367 animal
2221 1314 2327 1367 vile

754 1403 985 1473 despicit
1035 1404 1332 1468 hominem,
1368 1419 1530 1474 quem
1587 1403 1845 1458 Salomon
1878 1411 1938 1457 ut
1966 1417 2222 1473 magnum
2273 1413 2326 1457 et

754 1500 1074 1564 praeclarum
1124 1497 1253 1567 quid
1300 1497 1453 1553 elfert
1495 1505 1550 1553 et
1587 1495 1956 1552 commendat.
1995 1497 2148 1550 Hanc
2193 1495 2324 1549 mihi

754 1588 1150 1642 dubitationem
1185 1588 1376 1642 adimit
1414 1589 1665 1654 historia,
1690 1597 1811 1658 qnae
1836 1588 1903 1642 de
1937 1587 2175 1641 hominis
2201 1597 2324 1640 ortu

755 1679 970 1748 legitur.
1003 1677 1157 1734 Nunc
1187 1680 1331 1734 enim
1375 1679 1686 1734 audivimus
1748 1679 1916 1732 Deum
1954 1677 2231 1747 accepisse
2260 1676 2327 1732 de

752 1769 882 1823 limo
915 1780 1088 1836 terrm,
1132 1781 1296 1839 atque
1338 1771 1610 1824 hominem
1662 1769 1949 1824 formasse.
2001 1766 2212 1834 Quibus
2260 1781 2326 1821 ex

751 1861 934 1916 verbis
978 1874 1028 1916 et
1079 1862 1215 1916 nihil
1240 1873 1293 1916 et
1321 1877 1574 1933 magnum
1607 1860 1869 1931 quiddam
1895 1874 2018 1915 esse
2047 1858 2322 1913 hominem
2357 1838 2398 1895 Β

671 2018 682 2028 ⁸
752 1953 1008 2007 intellexi.
1053 1953 1110 2006 Si
1147 1963 1394 2006 naturam
1437 1960 1651 2006 tantum
1706 1952 1829 2020 ejus
1879 1950 2137 2020 aspicias,
2191 1948 2324 2002 nihil

751 2049 834 2095 est
867 2042 1053 2106 homo,
1098 2051 1149 2093 et
1185 2042 1334 2094 nullo
1385 2041 1560 2108 pretio
1601 2039 1799 2109 dignus
1848 2059 1862 2092 :
1909 2039 1993 2090 sin
2039 2037 2321 2101 honorem,

749 2149 858 2201 quo
898 2131 1124 2185 allectus
1183 2141 1289 2194 est,
1343 2130 1680 2204 consideres,
1742 2143 1935 2196 magna
1979 2142 2069 2182 res
2121 2135 2222 2188 est,
2260 2139 2323 2178 ac

750 2223 1027 2288 prmelara.
1049 2222 1333 2286 Qumnodo
1353 2222 1568 2278 locutus
1585 2229 1669 2276 est
1689 2220 1868 2276 Deus?
1893 2239 1910 2270 ι
1932 2216 2105 2285 Fiat,»
2125 2217 2320 2287 inquit,

756 2333 773 2364 ε
799 2314 910 2374 lux,
950 2321 1003 2367 et
1037 2313 1176 2366 facta
1211 2320 1294 2368 est
1320 2312 1430 2366 lux.
1465 2332 1484 2362 ι
1520 2309 1800 2380 Perpende
1828 2309 2068 2365 hominis
2099 2315 2153 2360 et
2188 2306 2323 2360 lucis

749 2405 1202 2475 procreationem.
1243 2404 1423 2459 Dixit:
1455 2426 1470 2455 ι
1503 2404 1621 2458 Fiat
1641 2404 2065 2471 firmamentum,
2103 2425 2120 2456 ι
2142 2411 2195 2459 et
2210 2417 2324 2458 ma-

750 2513 914 2564 gnum
935 2513 1094 2565 supra
1113 2513 1212 2552 nos
1229 2499 1424 2551 ccelum
1448 2506 1735 2552 extensum
1757 2506 1860 2562 est,
1887 2498 2054 2554 verbo
2073 2496 2166 2552 Dei
2189 2511 2323 2551 con-

749 2585 973 2637 l'ecmm.
1010 2583 1071 2637 Et
1101 2586 1288 2649 stellze,
1316 2593 1370 2640 et
1397 2587 1499 2652 sol,
1528 2597 1581 2641 et
1610 2588 1759 2652 luna,
1790 2595 1842 2641 et
1863 2601 2224 2658 quascunque
2243 2587 2322 2640 vel

751 2677 926 2730 oculis
954 2677 1250 2740 cernimus,
1296 2678 1378 2733 vel
1419 2679 1601 2732 animo
1647 2678 2166 2748 comprehendimus
2209 2692 2325 2731 ma-

753 2766 1087 2834 gnitudines,
1121 2767 1306 2831 verbo,
1342 2775 1402 2821 ut
1439 2777 1648 2833 essent,
1678 2777 1946 2824 assecuta:
1976 2777 2125 2824 sunt.
2157 2767 2322 2830 Mare,

750 2867 804 2913 et
843 2866 1009 2922 terra,
1040 2866 1108 2913 et
1153 2868 1380 2914 ornatus
1411 2875 1621 2924 eorum,
1653 2868 1762 2914 tam
1787 2862 1937 2915 varia
1971 2872 2081 2916 tum
2110 2863 2320 2916 anima-

748 2951 880 3004 lium
909 2961 1019 3006 tum
1043 2953 1351 3022 plantarum
1376 2969 1573 3022 genera
1607 2956 1770 3007 verbo
1799 2954 1939 3007 facta
1967 2961 2094 3008 sunt
2119 2954 2320 3010 omnia.

751 3041 925 3099 lii)in
972 3061 1208 3114 quonam
1258 3044 1438 3100 factus
1471 3053 1554 3101 est
1598 3045 1804 3100 modo?
1831 3044 1948 3098 Non
1982 3043 2116 3097 dixit
2161 3061 2174 3097 :
2208 3043 2325 3096 Fiat

2434 595 2582 663 παρὰ
2617 596 2716 665 τῆς
2757 597 2981 668 Γραφῆς
3013 598 3380 668 δεδιδαγμένος
3411 600 3524 669 ἥμην
3559 601 3657 670 περὶ
3677 599 3749 652 τοῦ

2433 681 2670 752 θρώπου.
2701 685 2870 750 Αὐτὸς
2911 685 3009 756 μὲν
3057 687 3167 756 γὰρ
3196 687 3481 758 ἐλογιζόμην
3500 728 3512 752 ,
3533 688 3712 751 δτι’πῶς
3743 707 3768 758 μ

2431 770 2747 841 ἄνθρωπος,
2797 773 2860 826 τὸ
2894 775 3154 845 ἐπίκηρον
3191 773 3326 840 ζῶον
3348 815 3360 839 ,
3401 777 3448 828 τὸ
3487 776 3649 846 μυρίοις
3679 777 3762 830 πάθ

2433 861 2784 932 ὑποκείμενον
2803 903 2818 926 ,
2845 864 2908 916 τὸ
2937 865 3002 916 ὲκ
3033 865 3300 935 γεννητῆς
3326 867 3396 928 εἰς
3421 867 3557 936 γῆρας
3594 868 3755 938 μυρίων

2429 952 2541 1006 κῶν
2569 954 3052 1024 ἐσμὸνιὲξαντλοῦν
3072 971 3085 984 ·
3117 957 3245 1027 περὶ
3276 952 3336 1010 οῦ
3365 957 3564 1027 εἴρηται·
3606 959 3768 1029 ιΚύριε

2430 1045 2548 1097 ἐστι
2581 1045 2886 1117 ἄνθρωπος,
2917 1045 2999 1098 ὅτι
3029 1048 3302 1118 ἐμνήσθης
3335 1048 3548 1118 αὑτοῦςῆ
3581 1050 3672 1114 υίὸς
3698 1051 3768 1104 ἀνί

2432 1153 2557 1200 που,
2585 1137 2667 1189 ὃτι
2690 1135 2965 1206 ὲγνώσθης
2998 1137 3182 1206 αὐτῷ;
3217 1155 3237 1190 ι
3269 1139 3410 1192 Καὶό
3431 1139 3508 1208 μὲν
3528 1141 3768 1211 Ψαλμῳδὸς

2429 1230 2688 1297 ταφρονεῖ
2734 1229 2808 1289 ὡς
2853 1227 3094 1291 εὐτελοῦς
3139 1227 3230 1281 τοῦ
3286 1229 3432 1293 (dion.
3473 1231 3549 1285 καὶ
3588 1234 3614 1301 ἡ
3652 1233 3768 1301 Παρς

2431 1319 2794 1388 ἀποσεμνύνει
2824 1319 2900 1381 ὡς
2945 1319 3089 1388 μέγα
3129 1335 3182 1371 τι
3211 1318 3302 1372 τὸν
3343 1319 3594 1391 ἄνθρωπον.
3636 1321 3767 1374 ’Δλλά

2430 1411 2531 1482 τὴν
2559 1410 2813 1480 τοιαύτην
2859 1410 3181 1480 διαπόρησιν
3213 1411 3394 1464 ἔλυσεν
3414 1414 3442 1482 ὴ
3463 1412 3634 1482 ἱστορία
3652 1413 3735 1482 τῆς
3757 1431 3768 1446 α

2404 1521 2570 1574 ,σεως
2599 1503 2692 1555 τοῦ
2733 1501 3024 1573 ἀνθρώπου
3052 1503 3460 1572 ἀναγνωσθεῖσα.
3511 1504 3759 1575 Ἠκούομεν

2432 1597 2526 1650 νῦν
2556 1597 2638 1649 ὃτι
2663 1596 2793 1658 Θεὸς
2819 1595 2976 1648 ἔλαϐε
3008 1595 3136 1665 χοῦν
3164 1596 3270 1649 ἀπὸ
3287 1597 3382 1666 τῆς
3406 1600 3509 1667 γῆς,
3536 1596 3615 1650 καὶ
3633 1597 3768 1650 ἒπλαο

2431 1689 2714 1759 ἄνθρωπον
2727 1728 2739 1742 .
2764 1685 2936 1759 Εὗρον
2954 1689 3010 1742 δὲ
3027 1690 3090 1742 ὲκ
3105 1687 3197 1741 τοῦ
3219 1689 3447 1760 ῥήματος
3463 1689 3626 1743 τούτου
3644 1690 3768 1759 ἀμφό

2431 1781 2514 1832 ὅτι
2543 1778 2694 1832 οὐδὲν
2727 1777 3012 1849 ἄνθρωπος
3055 1779 3148 1832 καὶ
3175 1779 3317 1848 μέγα
3350 1778 3616 1850 ἄνθρωπος.
3658 1779 3766 1833 Ἐὰν

2430 1870 2529 1942 τὴν
2560 1867 2721 1940 φύσιν
2751 1869 2910 1940 μόνον
2942 1868 3272 1946 ἀποϐλέψεις,
3303 1870 3362 1922 τὸ
3395 1870 3539 1939 μηδὲν
3561 1870 3744 1924 καὶτοῦ

2431 1963 2520 2025 νὸς
2559 1962 2706 2026 ἄξιος
2725 1977 2739 1992 ⁸
2771 1946 2864 2015 ἐὰν
2898 1962 2954 2016 δὲ
2978 1962 3113 2032 πρὸς
3151 1962 3249 2034 τὴν
3275 1963 3428 2034 τιμὴν
3455 1964 3514 2034 ἢν
3539 1963 3764 2033 ἐτιμήθη,

2431 2054 2735 2125 ἄνθρωπος.
2763 2054 2965 2118 Ποίανς
3003 2074 3022 2105 ι
3079 2051 3244 2108 Εἶπεν
3275 2058 3302 2109 ό
3339 2055 3477 2120 Θεὸς,
3509 2055 3764 2126 Γενηθήτω

2433 2145 2530 2200 καὶ
2560 2146 2776 2214 ἐγένετο
2804 2146 2939 2213 φῶς.
2976 2165 2993 2197 ι
3031 2137 3608 2218 Σύγκρινονὰνθρώπου
3634 2148 3768 2215 γένεο

2436 2236 2613 2304 φωτὸς
2644 2236 2875 2304 γένεσιν.
2923 2237 3070 2289 Ἐκεῖ
3099 2232 3241 2302 εἷπε,
3277 2256 3295 2288 ι
3326 2237 3589 2308 Γενηθήτω
3615 2239 3768 2307 στερέι

2454 2327 2512 2379 Ὀ
2550 2328 2720 2395 μέγας
2753 2327 2977 2397 οὐρανὸς
3007 2327 3216 2380 ἄνωθεν
3240 2329 3369 2397 ἡμῖν
3396 2327 3728 2397 ὑπερτέταται
3759 2347 3768 2396 ε

2430 2416 2567 2470 Θεοῦ
2607 2416 2893 2486 γενόμενος
2913 2433 2928 2448 °
2955 2417 3200 2485 ἀστέρες,
3232 2419 3326 2470 καὶ
3346 2417 3504 2487 ἥλιος,
3538 2417 3625 2470 καὶ
3648 2417 3765 2485 σελή

2431 2509 2608 2562 πάντα
2644 2509 2744 2562 ὅσα
2775 2507 3087 2578 θεωροῦμεν
3111 2507 3391 2578 ὀφθαλμῷ,
3423 2509 3510 2560 καὶ
3533 2508 3627 2561 ὃσα
3669 2508 3768 2561 ἄνω

2431 2600 2778 2670 λαμϐάνομεν
2814 2597 3040 2669 μεγέθη,
3073 2599 3280 2669 ῥήματι
3310 2597 3430 2667 ἔσχε
3457 2596 3515 2649 τὸ
3547 2592 3694 2651 εἶναι.
3720 2598 3768 2649 Θι

2430 2692 2525 2745 καὶ
2555 2691 2647 2759 γῆ,
2693 2691 2787 2743 καὶ
2832 2691 2865 2760 ή
2920 2690 2977 2742 ὲν
3020 2689 3202 2751 αὐτοῖς
3250 2688 3614 2759 διακόσμησις,
3662 2689 3768 2753 ζῶα

2431 2781 2750 2834 παντοδαπά
2770 2797 2792 2852 ἡ,
2815 2779 2996 2848 φυτῶν
3026 2780 3272 2850 διάφοροι
3312 2779 3587 2844 ποικιλίαι,
3613 2779 3768 2833 πάντα

2431 2874 2510 2944 τῷ
2570 2876 2771 2943 ῥήματι
2837 2873 3079 2940 γέγονεν.
3154 2871 3469 2942 Ἀνθρωπος
3522 2872 3614 2935 δὲ,
3667 2873 3768 2936 πῶς

2429 2965 2648 3035 ἐλέχθη,
2703 2965 2987 3035 Γενηθήτω
3028 2963 3310 3033 ἄνθρωπος
3335 3002 3350 3026 ,
3387 2963 3462 3026 ὡς
3485 3005 3499 3029 ,
3544 2963 3768 3034 Γενηθὴπ

2432 3059 2641 3130 ρέωμα.
2683 3055 2843 3109 Ἀλλὰ
2874 3056 3054 3110 πλεῖόν
3103 3073 3156 3108 τι
3184 3056 3316 3127 ὁρᾷς
3348 3056 3405 3108 ὲν
3444 3055 3522 3126 τῷ
3549 3054 3768 3123 ἁνθρώπ

749 3136 936 3199 homo,
971 3144 1031 3189 ut
1063 3138 1222 3201 dixit,
1245 3137 1802 3194 Fiatlirmamentum.
1837 3135 2084 3204 Amplius
2116 3133 2321 3203 aliquid
2349 3174 2363 3226 ⁴

2153 3133 2321 3228 liquid
2349 3173 2392 3228 ρ
2431 3148 2568 3216 φῶς,
2616 3147 2756 3216 ὑπὲρ
2789 3147 3035 3214 οὐρανὸν,
3069 3147 3208 3217 ὑπὲρ
3262 3147 3583 3217 φωστῆρας’
3635 3147 3767 3216 ὑπὲρ

749 3228 932 3281 cernis
982 3227 1037 3281 in
1090 3229 1309 3282 homine
1350 3243 1513 3297 quam
1564 3228 1616 3280 in
1666 3229 1805 3289 luce,
1857 3237 2021 3295 qnam
2055 3227 2108 3279 in
2155 3227 2317 3289 ccelo,

751 3335 915 3388 quam
947 3319 998 3371 in
1032 3318 1418 3373 luminaribus.
1455 3318 1721 3374 Omnibus
1765 3319 2039 3374 antecellit
2082 3318 2320 3374 hominis

750 3411 1079 3479 procreatio.
1101 3429 1118 3461 ι
1146 3410 1367 3480 Accepit
1386 3410 1526 3466 Deus
1551 3431 1563 3466 :
1593 3431 1610 3464 ι
1645 3427 1805 3465 manu
1827 3411 2045 3482 propria
2062 3411 2320 3482 dignatur

747 3515 947 3570 corpus
981 3510 1228 3556 nostrum
1261 3501 1518 3556 formare.
1555 3501 1670 3555 Non
1698 3502 1866 3572 jussit
1923 3502 2131 3572 angelo.
2173 3503 2315 3567 Non,

749 3601 808 3646 ut
839 3591 1078 3659 cicadas,
1109 3604 1302 3662 sponte
1329 3609 1425 3648 sua
1457 3595 1683 3664 protulit
1706 3594 1978 3648 h0minem
2005 3602 2170 3648 terra.
2200 3593 2314 3646 Non

749 3685 1020 3742 ministris
1064 3684 1432 3741 Potestatibus
1465 3686 1564 3740 hoc
1595 3684 1728 3739 illud
1763 3683 2070 3739 faciendum
2105 3684 2324 3738 manda-

2428 3243 2462 3313 ὴ
2494 3239 2781 3310 ἀνθρώπου
2832 3237 3064 3306 γένεσις.
3114 3256 3132 3288 ι
3177 3236 3375 3289 Ἔλαϐε
3414 3235 3624 3306 Κύριος
3676 3237 3706 3287 ὁ
3760 3241 3768 3280 l

2429 3333 2675 3397 καταξιοί
2717 3330 2824 3399 ίδίᾳ
2870 3328 3016 3399 χειρὶ
3066 3327 3360 3381 διαπλάσαι
3401 3327 3464 3379 τὸ
3505 3327 3768 3396 ἡμέτεροι

2427 3427 2503 3480 Οὐ
2540 3421 2868 3496 προσέταξεν
2902 3420 3147 3490 ἀγγέλῳ·
3181 3420 3278 3488 οὐχ
3306 3421 3339 3488 ἡ
3373 3419 3449 3488 γῆ
3485 3417 3768 3486 αὑτομάτο

2427 3518 2552 3581 τοὺς
2598 3515 2854 3582 τέττιγας
2908 3513 3056 3583 ἡμᾶς
3102 3510 3388 3580 ὲξέϐρασε,
3432 3510 3542 3562 οὐκ
3589 3502 3768 3561 εἶπει

2425 3606 2562 3676 τῷδε
2609 3605 2831 3674 ποιῆσαι
2871 3601 3270 3672 λειτουργικαϊς
3325 3599 3660 3669 δυνάμεσιν.
3719 3598 3768 3649 Ἀ

2425 3698 2570 3773 χειρὶ
2619 3698 2938 3768 φιλοτεχνεῖ,
2990 3696 3094 3765 γῆν
3143 3693 3350 3746 ἔλαϐεν.
3403 3693 3588 3744 Ὅταν
3636 3690 3768 3760 πρὸς

751 3777 848 3843 vit,
878 3777 972 3834 sed
999 3793 1163 3833 manu
1186 3793 1285 3834 sua
1313 3779 1610 3835 benevolus
1631 3778 1827 3833 artifex
1856 3786 2057 3833 terram
2089 3778 2321 3846 accepit.

2156 3778 2321 3846 εθΡῘιο
2427 3794 2558 3861 φϐὲν
2605 3791 2820 3862 ἀπίδῃς,
2866 3789 2920 3840 τί
2974 3787 3123 3839 ἐστιν
3171 3784 3496 3853 ἄνθρωποςς
3556 3783 3698 3862 ὅταν
3759 3799 3767 3813 ι

752 3869 807 3922 Si
853 3869 985 3924 illud
1011 3870 1154 3938 quod
1197 3877 1475 3939 sumptum
1509 3879 1612 3934 est,
1663 3870 1881 3940 aspicis,
1933 3869 2065 3940 quid
2101 3869 2321 3924 homine

2153 3869 2321 3924 )mine
2416 3859 2700 3932 πλάσαντα
2727 3859 3068 3947 κατανοήσῃς
3093 3913 3106 3938 ,
3140 3871 3281 3940 μέγα
3301 3865 3634 3937 ἄνθρωπος.
3662 3859 3767 3912 ὧδ’

748 3956 949 4012 vilius?
967 3957 1062 4012 Sin
1081 3959 1347 4016 artificem
1359 3962 1698 4026 consideras,
1721 3964 1852 4033 quid
1869 3964 2088 4018 homine
2104 3964 2280 4032 majus
2296 3964 2318 4017 ’ί

2153 3964 2318 4032 iajus'!
2421 3968 2586 4041 μηδὲν
2615 3967 2703 4022 διὰ
2729 3966 2827 4038 τὴν
2856 3965 3010 4034 ὓλην,
3048 3963 3143 4017 καὶ
3166 3961 3308 4031 μέγα
3329 3957 3423 4010 διὰ
3458 3954 3568 4026 τὴν
3596 3953 3767 4022 τιμὴη

747 4051 1216 4116 Quemadmodum
1245 4063 1469 4124 pr0pter
1493 4055 1780 4110 materiam
1804 4069 1870 4110 eo
1893 4056 2032 4109 nihil
2062 4054 2332 4124 ahjectius
2353 4093 2370 4119 ,
2401 4056 2481 4108 sic
2503 4060 2723 4122 pr0pter
2751 4051 3022 4105 eli'ectoris
3053 4047 3371 4116 dignitatem
3405 4044 3768 4114 praeclarius

821 4159 840 4192 ι
864 4141 926 4194 Et
942 4144 1149 4212 accepit
1165 4141 1322 4198 Deus.
1337 4163 1356 4196 ι
1372 4143 1483 4198 Cur
1496 4156 1699 4209 autem,
1720 4159 1844 4200 cum
1862 4143 2204 4199 antedictum
2221 4143 2311 4207 sit,

2155 4143 2311 4207 msit,
2496 4161 2514 4192 ι
2544 4142 2652 4195 Ka‘t
2676 4141 2862 4198 ἐλαϐεν
2904 4144 2932 4194 ό
2959 4141 3110 4203 Θεός.
3142 4159 3161 4192 ι
3211 4131 3374 4192 Ἀλλὰ
3407 4137 3580 4201 πῶς-ς
3627 4137 3767 4188 Ἐκε

749 4253 766 4282 ι
803 4232 867 4286 Et
886 4232 1009 4289 fecit
1034 4233 1175 4289 Deus
1202 4235 1500 4300 hominem,
1531 4257 1550 4289 ι
1583 4237 1672 4291 hic
1695 4237 1748 4291 in
1771 4236 1889 4306 ejus
1911 4235 2309 4306 procreatione,

2153 4235 2309 4301 lione,
2420 4233 2674 4299 κατόπιν,
2709 4233 2850 4286 «Καὶ
2882 4232 3135 4302 ἐποίησεν
3173 4233 3202 4284 ὁ
3229 4230 3362 4294 Θεὸς
3391 4229 3496 4282 τὸν
3528 4229 3767 4299 ἄνθρωτ

743 4334 1002 4395 tanquam
1035 4327 1088 4380 id
1115 4343 1224 4382 non
1248 4328 1698 4393 intellexerimus,
1731 4329 1787 4382 in
1809 4327 2040 4382 historia
2071 4326 2310 4380 dicitur:

2150 4328 2310 4380 :itur:
2419 4323 2591 4379 ταῦθα
2620 4323 2699 4386 δὲ,
2734 4322 2940 4377 ἄνωθεν
2966 4322 3252 4393 ἀνθρώπου
3279 4323 3514 4390 γένεσις
3545 4336 3558 4350 ·
3589 4321 3677 4383 ὼς
3720 4338 3764 4389 μ

746 4434 765 4465 ι
791 4414 855 4467 Et
876 4418 1084 4486 accepit
1112 4416 1254 4472 Deus
1285 4419 1562 4487 pulverem
1594 4435 1624 4474 e
1652 4427 1796 4474 terra
1831 4427 1887 4473 et
1925 4418 2180 4473 formavit
2213 4417 2313 4470 ho-

2163 4429 2180 4473 t
2213 4417 2313 4470 ho-
2417 4414 2704 4486 ἀνθρώπου
2733 4414 3128 4485 δεδιδαγμένων
3163 4413 3339 4485 ἡμῶν,
3371 4412 3621 4484 ἱστορία
3664 4411 3767 4478 λέγ

741 4506 1024 4560 minem?»
1061 4505 1424 4563 Tradiderunt
1467 4509 1579 4578 jam
1625 4510 1844 4579 quidam
1888 4509 2110 4564 verbum
2155 4508 2308 4571 illud,
2345 4533 2355 4588 1

2155 4508 2308 4571 illud,
2345 4533 2390 4588 ο
2417 4507 2608 4561 ἔλαϐεν
2630 4510 2658 4560 ὁ
2686 4506 2816 4570 Θεὸς
2843 4506 2971 4577 χοῦν
3004 4506 3111 4559 ἀπὸ
3138 4505 3240 4575 τῆς
3261 4505 3384 4575 γῆς·
3437 4505 3548 4558 καὶ
3581 4503 3767 4556 ἕπλας

746 4616 763 4646 ι
795 4595 1094 4661 Formavit,
1127 4614 1147 4647 ι
1175 4600 1242 4650 ad
1270 4612 1470 4667 corpus
1502 4599 1697 4651 relern
1722 4614 1774 4652 ει
1804 4597 1952 4651 Fecit
1971 4615 1990 4648 ι
2013 4605 2216 4664 autem,
2241 4599 2308 4652 ad

2149 4614 2216 4664 m,
2241 4599 2308 4652 ad
2415 4601 2506 4654 τὸν
2533 4599 2836 4671 ἄνθρωπον.
2865 4619 2883 4651 ›
2923 4599 3060 4669 Ἤδη
3089 4598 3230 4660 τινὲς
3261 4597 3522 4665 ἔφασαν,
3556 4596 3632 4647 τὸ
3685 4595 3763 4664 μὲ

741 4687 1148 4753 animum.Quae
1165 4688 1383 4758 quidem
1403 4689 1538 4743 ratio
1557 4688 1698 4743 forte
1711 4703 1818 4742 non
1835 4688 2092 4744 abhorret
2108 4704 2139 4743 a
2155 4703 2304 4746 vero.

2155 4703 2304 4746 vero.
2418 4707 2506 4742 cev
2530 4711 2547 4740 ι
2589 4691 2681 4742 ἐπὶ
2707 4688 2804 4742 τοῦ
2850 4687 3101 4758 σώματος
3135 4686 3389 4758 εἰρῆσθαι
3419 4703 3434 4714 ·
3478 4685 3551 4738 τὸ
3606 4685 3677 4737 δὲ
3718 4705 3737 4734 ι

745 4778 812 4834 Ut
836 4797 959 4835 cum
990 4782 1369 4851 exponendum
1389 4792 1535 4838 esset
1565 4785 1836 4839 hominem
1863 4800 1986 4840 esse
2018 4784 2219 4839 factum
2247 4785 2315 4840 ad

2153 4800 2219 4838 un
2247 4785 2315 4840 ad
2416 4781 2507 4834 ἐπὶ
2529 4782 2628 4851 τῆς
2649 4779 2844 4851 ψυχῆς.
2875 4779 3032 4842 Ἴσως
3060 4779 3181 4832 οὐδὲ
3213 4778 3317 4844 ἔξω
3339 4777 3459 4847 τῆς
3491 4776 3767 4846 ἀληθεία

743 4874 1034 4944 imaginem
1067 4873 1182 4937 Dei,
1217 4875 1482 4946 scriptum
1523 4875 1616 4941 sit,
1656 4894 1675 4927 ι
1716 4875 1861 4931 Fecit
1895 4895 1907 4931 :
1939 4895 1957 4928 ι
1982 4892 2107 4931 cum
2135 4886 2314 4931 autem

2104 4886 2314 4931 lautem
2419 4875 2591 4927 Ὅπου
2626 4873 2723 4944 μὲν
2764 4872 2872 4942 γὰρ
2911 4872 3162 4944 εἴρηται,
3204 4889 3223 4922 ι
3251 4870 3364 4923 Καὶ
3397 4869 3718 4939 ἐποίησεν

743 4975 888 5022 esset
931 4968 1281 5036 explicanda,
1328 4984 1449 5038 quae
1479 4969 1548 5023 ad
1580 4969 1830 5040 corporis
1868 4970 2312 5026 constitutionem

2117 4970 2312 5025 tionem
2415 4965 2722 5036 ἄνθρωπον,
2759 4984 2778 5016 ι
2832 4964 2951 5016 κατ’
2989 4963 3173 5016 είκόνα
3213 4960 3348 5015 Θεοῦ
3404 4959 3731 5031 ἐποίησεν

745 5060 1095 5130 pertinerent,
1130 5077 1194 5116 ea
1223 5077 1323 5116 vox
1345 5104 1360 5130 ,
1399 5081 1417 5114 ι
1458 5061 1754 5129 Formavit,
1795 5083 1813 5117 ι
1853 5062 2095 5118 adhibita
2125 5062 2311 5124 fuerit,

2153 5062 2311 5124 uerit,
2422 5075 2440 5106 ι
2471 5057 2723 5127 ἐποίησεν
2757 5074 2774 5107 ι
2801 5054 3032 5125 εἴρηταιο
3057 5056 3188 5107 ὅπου
3211 5053 3267 5106 δὲ
3289 5052 3509 5106 λοιπὸν
3532 5053 3700 5121 περὶ
3719 5053 3767 5102 τί

745 5151 1044 5220 praesertim
1069 5167 1190 5207 cum
1222 5152 1386 5206 David
1414 5153 1532 5222 ipse
1561 5153 1854 5207 discrimen
1891 5152 2082 5206 horum
2119 5150 2314 5205 verbo-

745 5257 865 5296 rum
898 5240 1152 5298 docuisse
1183 5242 1449 5308 videatur,
1483 5243 1612 5298 dum
1644 5245 1849 5298 diceret
1883 5262 1896 5298 :
1933 5262 1952 5294 ι
1989 5241 2180 5298 Manus
2208 5251 2316 5298 tua:

747 5335 994 5390 fecerunt
1025 5351 1130 5401 me,
1167 5343 1222 5390 et
1249 5334 1623 5406 formaverunt
1654 5353 1760 5390 tne.
1801 5355 1820 5387 ι
1853 5333 2003 5388 Fecit
2040 5334 2314 5389 hominem

745 5424 1096 5492 interiorem,
1160 5425 1490 5480 exteriorem
1537 5425 1812 5479 formavit.
1863 5421 2121 5478 Formare
2167 5424 2314 5476 enim

742 5516 998 5586 congruit
1042 5515 1176 5583 luto,
1232 5515 1414 5572 facere
1447 5525 1626 5571 autem
1681 5516 1906 5587 imagini
1949 5515 2063 5570 Dei.
2107 5513 2313 5581 Quam--

743 5609 933 5665 obrem
963 5610 1194 5664 formata
1217 5617 1302 5664 est
1329 5623 1482 5674 caro,
1516 5609 1732 5666 animus
1752 5625 1881 5664 vero
1911 5609 2109 5664 factus.
2138 5606 2314 5677 Expo—

746 5701 870 5756 sitis
904 5702 1068 5772 igitur
1112 5709 1261 5767 ante,
1304 5717 1426 5774 qua:
1475 5701 1542 5756 ad
1589 5700 2030 5760 censtituendum
2072 5703 2312 5754 animum

745 5801 1012 5866 spectant,
1045 5807 1186 5852 nunc
1212 5808 1277 5848 ea
1315 5799 1522 5858 narrat,
1573 5807 1694 5864 qum
1737 5791 1806 5846 ad
1839 5803 2037 5860 corpus
2073 5787 2312 5845 conﬂan-

2209 5884 2238 5919 ἱ.

2417 5148 2516 5219 κῆς
2551 5148 2895 5210 ὑποστάσεως
2928 5147 3057 5215 ἡμῖν
3091 5145 3385 5213 διηγεῖται,
3411 5142 3492 5196 τὸ
3533 5161 3557 5195 ι
3607 5143 3768 5196 ἐπλσ

2415 5240 2683 5311 Διαφορὰν
2714 5239 2770 5292 δὲ
2801 5239 3069 5308 ποιήσεως
3095 5237 3187 5289 καὶ
3213 5235 3496 5297 πλάσεως
3547 5235 3677 5287 καὶ
3721 5235 3760 5285 ὁ

2416 5331 2650 5396 ἐδίδαξεν
2684 5329 2852 5384 εἰπών
2878 5347 2890 5360 ⁸
2933 5329 3038 5382 (Δί
3086 5328 3265 5399 χεῖρές
3313 5313 3452 5379 σου“
3498 5328 3767 5396 ὲποὶησ

2414 5420 2652 5474 ἔπλασαν
2677 5436 2764 5488 με.
2797 5437 2815 5470 ι
2861 5417 3114 5488 Ἐποίησε
3157 5415 3246 5469 τὸν
3279 5414 3398 5468 ἔσω
3439 5415 3768 5485 ἄνῧρωπι

2414 5513 2506 5569 τὸν
2537 5511 2659 5576 ἔξω.
2691 5513 2800 5564 Καὶ
2832 5511 2940 5582 γὰρ
2985 5511 3183 5581 πρέπει
3218 5509 3251 5579 ὴ
3289 5508 3400 5578 μὲν
3444 5506 3719 5569 πλάσις
3765 5525 3768 5536 ¹

2416 5603 2630 5672 ποίησις
2650 5601 2726 5672 τῷ
2759 5603 2879 5655 κατ’
2911 5601 3111 5654 εἰκόνα.
3152 5600 3316 5653 Ὥστε
3354 5596 3690 5668 ἐπλάσθη
3733 5614 3768 5665 μ

2414 5694 2640 5764 ἐποιήθη
2673 5693 2730 5746 δὲ
2775 5696 2809 5764 ἠ
2835 5693 3000 5764 ψυχή.
3038 5694 3184 5746 Ἀνω
3222 5692 3419 5744 τοίνυν
3463 5688 3709 5744 εἰπὼν

2415 5786 2782 5843 ὑποστάσεως.
2805 5785 2898 5840 νῦν
2921 5786 3048 5856 περὶ
3078 5785 3172 5852 τῆς
3202 5785 3342 5838 κατὰ
3365 5784 3446 5838 τὸ
3496 5783 3729 5856 σῶμα
