4088 6210
270 374 371 432 εει

1040 377 1104 434 IN
1140 379 1388 450 VERBA,
1423 382 1802 440 FACIAHUS
1841 379 2224 448 ΗΟΜΙΝΕΜ,
2264 380 2442 447 ETC.,
2483 377 2687 437 OBAT.
2727 379 2795 437 ll.

3423 383 3535 439 2'82

271 493 408 559 ἡμῖν
434 489 762 558 διαλέγεται.
791 493 919 563 Ἔχε
955 497 1049 549 καὶ
1074 497 1262 552 τοῦτον
1290 500 1382 552 τὸν
1403 499 1559 568 λόγον
1587 518 1600 530 ·
1633 501 1716 565 τίς
1739 499 1797 553 δὲ
1828 501 1844 552 ἑ

1958 499 2085 554 dum
2118 501 2412 569 pertinent.
2441 497 2566 553 Haec
2593 499 2665 554 sit
2688 500 2794 551 una
2829 497 2989 552 ratio.
3043 496 3224 552 Altera
3255 505 3359 564 est,
3384 499 3527 568 quod

272 583 459 650 ἔτερος
481 597 497 645 ;
517 581 640 635 Ὀτι
661 582 731 636 τὰ
759 585 857 654 μὲν
883 586 942 638 ἐν
965 588 1245 658 κεφαλαίῳ
1269 589 1512 658 λέγεται’
1549 590 1618 643 τὰ
1645 590 1701 644 δὲ
1727 591 1847 644 καθ’

269 670 330 722 ὃν
358 671 558 741 τρόπον
586 671 810 740 γέγονεν
837 675 967 744 ἡμῖν
989 677 1356 746 παραδίδοται.
1389 679 1628 733 ’Δνωθεν
1653 675 1746 734 οὖν
1767 681 1850 734 δτι

270 762 363 814 καὶ
395 762 677 832 ἐποίησεν,
712 756 816 817 ὦδε
853 766 1091 830 καὶπῶς
1123 767 1399 838 ἐποίησεν.
1432 769 1494 822 El
1525 769 1632 840 γάρ
1666 769 1850 834 ἁπλῶς

268 847 424 906 εἶπεν
461 853 548 905 ὅτι
581 853 858 924 εποίησεν,
887 857 1142 926 ὲνόμισας
1164 857 1246 910 κᾶν
1272 858 1353 911 ὅτι
1394 858 1647 927 ἐποίησεν
1674 858 1747 922 ὡς
1780 858 1849 911 τὰ

271 946 465 1014 κτήνη,
490 944 568 1007 ὡς
596 943 665 998 τὰ
693 944 879 1016 θηρία,
903 945 978 1009 ὡς
1005 947 1074 1000 τὰ
1105 947 1270 1016 φυτὰ,
1293 949 1369 1011 ὡς
1392 949 1482 1000 τὸν
1507 949 1717 1020 χόρτον.
1733 951 1849 1003 Ἵνα

266 1030 359 1088 οὖν
392 1034 576 1104 φύγῃς
602 1035 702 1104 τὴν
744 1036 880 1106 πρὸς
905 1036 974 1090 τά
1012 1037 1184 1106 ἄλογα
1227 1040 1541 1104 κοινωνίαν,
1586 1041 1688 1109 τὴν
1718 1040 1850 1094 ίδιά-

265 1123 470 1186 ζουσαν
508 1125 638 1192 περὶ
675 1126 736 1178 σὲ
773 1125 866 1179 τοῦ
889 1127 1022 1180 Θεοῦ
1055 1127 1429 1199 φιλοτέχνησιν
1457 1130 1486 1183 ὁ
1515 1128 1670 1197 λόγος
1703 1148 1846 1202 παρ-

265 1213 494 1268 ἔδωκεν.
544 1233 563 1265 ι
587 1215 818 1269 Ἔλαϐεν
857 1219 886 1270 ὁ
910 1217 1041 1281 Θεὸς
1071 1219 1200 1288 χοῦν
1226 1220 1335 1273 ἀπὸ
1357 1220 1458 1288 τῆς
1490 1220 1612 1290 γῆς.
1641 1239 1660 1272 ι
1701 1223 1849 1274 Ἑκεί

263 1298 418 1355 εἶπεν
462 1303 548 1355 ὅτι
590 1304 875 1372 ἐποίησεν·
914 1305 1145 1359 ἐνταῦθα
1177 1306 1234 1360 δὲ
1273 1305 1387 1371 πῶς
1426 1309 1667 1378 ἐποίησε.
1704 1307 1846 1361 Χοῦν

260 1392 460 1445 ἐλαϐεν
491 1395 602 1446 ἀπὸ
630 1395 726 1464 τῆς
753 1395 854 1464 γῆς
873 1436 887 1460 ,
930 1397 1024 1449 καὶ
1063 1395 1265 1449 ἔπλασε
1297 1400 1416 1460 ταῖς
1449 1398 1605 1463 ίδίαις
1634 1400 1843 1468 χερσίν.

272 1481 649 1554 Ἑνθυμήθητι
678 1482 794 1546 πῶς
817 1485 1110 1554 ὲπλάσθης.
1144 1486 1216 1538 Τὸ
1236 1488 1595 1558 ἐργαστήριον
1619 1490 1716 1558 τῆς
1743 1490 1846 1557 φύ-

262 1592 402 1637 σεως
433 1575 673 1643 λόγισαι.
701 1576 839 1648 Χείρ
868 1578 982 1630 ἐστι
1015 1578 1280 1650 δεξαμένη
1319 1597 1378 1632 σε
1409 1580 1572 1633 Θεοῦ·
1601 1581 1664 1634 τὸ
1695 1581 1845 1652 παρά

260 1665 398 1717 Θεοῦ
434 1664 695 1731 πλασθὲν,
723 1665 812 1718 διὰ
833 1668 1097 1738 πονηρίας
1122 1667 1196 1739 μὴ
1226 1669 1444 1741 μιανθῇ,
1476 1670 1540 1724 δι’
1570 1671 1844 1743 ἁμαρτίας

263 1757 338 1825 μὴ
389 1755 660 1826 ἀλλοιωθῇ
687 1795 702 1819 ,
758 1758 834 1828 μὴ
884 1759 1124 1830 ὲκπέσῃς
1164 1761 1262 1830 τῆς
1312 1762 1494 1833 χειρὸς
1539 1763 1633 1816 τοῦ
1685 1762 1839 1818 Θεοῦ.

259 1847 468 1910 Σκεῦος
501 1843 553 1899 ei
597 1847 923 1902 θεόπλαστον
951 1853 1103 1924 παρά
1135 1851 1270 1906 Θεοῦ
1301 1855 1588 1925 γενόμενον
1607 1873 1621 1886 '
1655 1855 1842 1920 δόξαζε

259 1939 354 1991 τὸν
385 1941 711 2011 ποιήσαντα.
744 1942 878 1995 Οὐδὲ
914 1940 1022 2015 γὰρ
1050 1944 1210 1998 ἄλλου
1235 1946 1380 2009 τινὸς
1414 1947 1597 2001 ἕνεκεν
1633 1947 1843 2016 ὲγένου,

261 2031 294 2101 ἢ
327 2031 417 2084 ἵνα
437 2032 673 2102 δργανον
696 2029 762 2106 ᾖς
787 2033 1091 2103 ἐπιτήδειον
1117 2037 1217 2105 τῆς
1247 2037 1405 2106 δόξης
1431 2037 1525 2090 τοῦ
1549 2037 1704 2092 Θεοῦ.
1735 2040 1844 2093 Καὶ

261 2123 372 2191 γὰρ
409 2125 440 2176 ὁ
469 2123 676 2194 κόσμος
703 2118 853 2187 οὗτος
879 2125 996 2188 ὅλος
1020 2125 1210 2198 ὥσπερ
1241 2145 1294 2180 τι
1325 2128 1528 2198 βιϐλίον
1571 2129 1844 2199 ἐγγραφόν

261 2211 414 2262 ἐστιν
439 2252 456 2275 ,
508 2212 982 2282 ὑπαγορευὸμενον
1032 2215 1129 2286 τὴν
1185 2215 1278 2269 τοῦ
1334 2216 1466 2270 Θεοῦ
1513 2217 1668 2281 δόξαν
1693 2233 1707 2248 ·
1746 2216 1843 2288 τὴν

262 2302 618 2371 ἀπόκρυφον,
654 2305 749 2356 καὶ
810 2306 1039 2374 ἀόρατον
1105 2306 1198 2359 τοῦ
1269 2308 1404 2361 Θεοῦ
1456 2307 1842 2379 μεγαλωσύνην

258 2391 330 2444 δι’
361 2393 528 2446 αὐτοῦ
562 2394 892 2462 διαγγέλλων
917 2413 1000 2449 σοι
1036 2395 1114 2466 τῷ
1155 2396 1484 2468 νοῦψέχοντι
1507 2439 1523 2464 ,
1558 2401 1638 2463 είς
1672 2416 1843 2453 κατα-

261 2484 451 2553 νόησιν
504 2485 782 2556 ἀληθείας.
824 2488 1047 2551 Πάντως
1087 2484 1180 2542 οῦν
1221 2489 1494 2562 μέμνησαι
1527 2492 1637 2545 τῶν
1687 2495 1839 2564 είρη-

263 2576 467 2644 μένων.

358 2754 499 2808 «Καὶ
527 2757 830 2829 ηὑλόγησεν
861 2760 1060 2824 αὐτοὺς
1102 2762 1130 2814 ὁ
1157 2761 1289 2825 Θεὸς
1319 2763 1410 2816 καὶ
1449 2755 1600 2815 εἶπεν
1624 2802 1640 2826 ,
1669 2761 1841 2827 Λύξά-

261 2845 442 2912 νεσθε,
477 2850 577 2902 καὶ
627 2849 980 2920 πληθύνεσθε,
1012 2854 1104 2906 καὶ
1156 2853 1481 2925 πληρώσατε
1529 2855 1625 2926 τὴν
1657 2855 1780 2925 γῆν.
1818 2875 1836 2906 ›

263 2939 440 3009 Διπλῆ
477 2939 730 3010 αὔξησις,
763 2943 797 3012 ἡ
833 2942 930 3012 μὲν
969 2941 1217 3013 σώματος
1241 2983 1256 3008 ,
1289 2944 1322 3013 ἡ
1355 2944 1411 2996 δὲ
1439 2944 1638 3014 ψυχῆς.
1685 2943 1843 2997 Ἀλλά

263 3033 296 3099 ἡ
325 3031 512 3100 ψυχῆς
534 3030 790 3102 αῦξησις,
832 3034 864 3103 ἡ
897 3033 986 3086 διά
1011 3034 1119 3088 τῶν
1151 3035 1487 3106 μαθημάτων
1517 3037 1596 3098 είς
1630 3035 1843 3090 τελείω-

265 3139 352 3220 σιν
377 3121 671 3220 προσθηκη
697 3138 710 3150 ·
741 3121 989 3193 σώματος
1013 3125 1120 3196 γὰρ
1148 3125 1404 3197 αὔξησις,
1440 3127 1473 3196 ή
1503 3126 1610 3179 ἀπὸ
1644 3125 1840 3198 μικροῦ
1868 3163 1910 3220 c

263 3214 343 3275 εἰς
397 3213 462 3264 τὸ
498 3213 739 3282 καθῆκον
785 3215 981 3286 μέτρον
1038 3217 1496 3280 ἀποκατάστασις.
1537 3216 1840 3283 Αὐξάνεσθε

262 3303 444 3354 τοίνυν
478 3306 593 3366 τοῖς
625 3303 725 3372 μὲν
746 3303 958 3372 ἀλόγοις
989 3303 1166 3368 ζώοις,
1190 3303 1328 3358 κατὰ
1359 3304 1456 3375 τὴν
1485 3303 1576 3357 τοῦ
1598 3303 1842 3374 σώματος

260 3394 568 3454 τελείωσιν,
585 3395 726 3448 κατά
751 3395 842 3449 τὸν
868 3397 1210 3467 ἀπαρτισμὸν
1242 3397 1342 3466 τῆς
1369 3396 1583 3466 φύσεως
1607 3397 1840 3467 εἴρηται,

263 3487 398 3554 ἡμίν
424 3484 484 3537 δὲ
513 3485 810 3550 αὑξάνεσθε
843 3487 983 3541 κατά
1001 3489 1094 3541 τὸν
1118 3487 1226 3541 ἔσω
1251 3488 1554 3559 ἄνθρωπον,
1580 3487 1722 3541 κατά
1746 3485 1843 3558 τὴν

265 3575 558 3647 προκοπὴν
598 3575 697 3646 τὴν
727 3579 805 3639 είς
836 3576 966 3630 Θεὸν
995 3574 1159 3632 οὖσαν
1177 3617 1193 3642 ,
1227 3575 1338 3642 οἷος
1365 3574 1432 3649 ἦν
1458 3578 1669 3642 Παῦλος
1689 3619 1703 3642 ,
1731 3579 1844 3641 τοῖς

269 3665 368 3734 μὲν
396 3664 710 3734 ἔμπροσθεν
762 3666 1202 3737 ἐπεκτεινόμενος
1220 3709 1234 3732 ,
1265 3667 1373 3720 τῶν
1397 3667 1442 3720 δ’
1472 3666 1695 3720 ὄπισθεν
1725 3667 1844 3720 ὲπι-

266 3756 686 3826 λανθανόμενος.
724 3757 871 3828 Αὕτη
907 3759 1054 3812 ἐστὶν
1090 3760 1123 3829 ἡ
1155 3757 1378 3829 αὔξησις
1426 3759 1533 3812 τῶν
1565 3759 1844 3830 θεωρημά-

267 3862 412 3910 των,
446 3845 732 3910 εὐσεϐείας
769 3847 1067 3918 ἀνάληψις,
1107 3850 1140 3918 ἡ
1184 3848 1277 3902 τοῦ
1315 3847 1560 3912 πλείονος
1601 3849 1839 3914 ἔκτασις,

266 3937 329 3990 τὸ
392 3937 757 4008 ἐπορέγεσθαι
784 3941 930 4010 ἡμᾶς
951 3940 1038 3994 ἀεὶ
1065 3940 1172 3995 τῶν
1204 3940 1392 4004 ὄντων,
1423 3941 1484 3993 τὸ
1510 3943 1841 4012 προγενόμε-

268 4043 358 4079 νον
389 4027 492 4096 μὲν
511 4029 601 4081 ἀεὶ
625 4029 852 4081 κατόπιν
882 4028 1076 4082 ἑαυτοῦ
1105 4029 1340 4098 ἀφιέναι,
1360 4030 1418 4081 τὸ
1445 4029 1499 4082 δὲ
1529 4032 1712 4083 λεῖπον
1745 4030 1842 4099 τῆς

267 4116 578 4182 εὐσεϐείας,
610 4118 766 4171 τοῦτο
817 4120 915 4191 ὅση
981 4119 1211 4189 δύναμις
1265 4118 1560 4191 ἐπιζητεῖν.
1603 4116 1724 4183 Οἷος
1775 4116 1842 4192 ἦν

282 4206 495 4272 Ἰσαὰκ,
531 4209 664 4278 περὶ
693 4202 754 4262 οῦ
803 4212 836 4280 ἡ
881 4211 1154 4281 μαρτυρία
1195 4211 1374 4281 ἐκείνη
1407 4211 1840 4282 ἀναγέγραπται,

269 4299 348 4351 ὅτι
380 4299 692 4371 προϐαίνων
725 4300 949 4370 ὑψοῦτο,
983 4301 1175 4372 μέχρις
1202 4296 1262 4353 οὗ
1299 4301 1469 4370 μέγας
1498 4302 1731 4370 ἐγένετο.
1766 4303 1840 4355 Οὐ

268 4392 376 4461 γὰρ
403 4393 646 4464 ἀπέστη,
673 4394 792 4446 οὐδὲ
823 4396 1015 4465 μικρὸν
1041 4395 1297 4465 αὐξηθεὶς
1331 4394 1626 4473 ἀπέμεινεν
1655 4409 1669 4424 ⁶
1707 4392 1844 4447 ἀλλὰ

1953 591 2066 646 illic
2107 605 2221 645 rem
2265 589 2576 644 summatim
2620 589 2960 658 perstrinxit,
3001 587 3092 642 hic
3133 588 3373 650 modum,
3417 603 3544 656 quo-

1951 680 2096 736 facta
2131 689 2238 746 est,
2284 681 2522 750 explicat
2553 688 2608 734 et
2647 685 2894 734 enarrat.
2929 677 3070 732 Ante
3116 676 3312 732 fecisse
3354 677 3523 732 Deum

1951 772 2212 828 audivisti
2233 789 2245 826 :
2268 786 2415 826 nunc
2443 785 2550 839 quo
2578 769 2738 825 modo
2771 768 2984 834 fecerit,
3012 767 3286 837 intelligis.
3313 765 3523 820 Etenim

1950 863 1998 918 si
2040 862 2366 932 simpliciter
2399 862 2664 930 scriptum
2691 868 2838 915 esset
2865 875 2878 912 :
2907 857 3083 922 Fecit,
3131 857 3399 926 cogitares
3427 857 3524 911 ho-

1951 953 2154 1007 minem
2191 953 2367 1008 fuisse
2398 951 2626 1014 factum,
2657 958 2720 1004 ut
2749 948 2914 1013 feras,
2942 956 3003 1001 ut
3037 955 3176 1011 cete,
3203 955 3263 1000 ut
3286 948 3524 1016 plantas,

1948 1049 2009 1096 ut
2062 1041 2280 1096 herbas.
2325 1039 2592 1106 Quocirca
2628 1045 2688 1092 ut
2723 1045 2775 1092 te
2822 1052 2947 1091 cum
2995 1036 3397 1106 agrestioribus
3441 1035 3524 1088 in-

1949 1132 2238 1202 telligeres
2264 1131 2403 1184 nihil
2431 1130 2633 1184 habere
2663 1143 2976 1193 commune,
3003 1126 3220 1198 Moyses
3241 1127 3520 1198 proprium

1947 1231 2003 1279 et
2024 1224 2300 1294 singulare
2320 1222 2414 1278 Dei
2445 1223 2498 1276 in
2534 1230 2587 1278 te
2611 1219 2850 1276 creando
2887 1220 3176 1274 artificium
3203 1219 3519 1289 explicavit.

1953 1332 1972 1366 ι
2004 1313 2248 1382 Sumpsit
2269 1313 2411 1367 Deus
2432 1313 2710 1382 pulverem
2731 1326 2761 1366 e
2783 1318 2949 1365 terra.
2978 1329 2997 1362 ι
3028 1311 3201 1374 Tunc,
3229 1309 3356 1379 quid
3381 1309 3521 1362 Dens

1946 1403 2160 1468 fecerit,
2191 1402 2368 1456 dixit:
2407 1415 2579 1465 nunc,
2610 1414 2718 1470 qua
2767 1401 2980 1455 ratione
3009 1400 3220 1463 fecerit,
3274 1400 3517 1465 exponit.

1945 1495 2226 1550 Pulverem
2269 1494 2504 1564 sumpsit
2553 1507 2584 1547 e
2628 1501 2796 1556 terra,
2849 1491 3239 1560 hominemque
3284 1489 3520 1560 propriis

1945 1586 2200 1639 manibus
2229 1585 2506 1639 formavit.
2534 1584 2724 1653 Cogita
2757 1582 3216 1652 quemadmodum
3250 1581 3516 1634 formatus

1946 1675 2044 1741 sis,
2080 1675 2290 1728 homo:
2335 1682 2548 1726 natura:
2594 1684 2702 1727 tua:
2745 1673 3040 1725 artificium
3075 1661 3382 1726 considera.
3425 1667 3517 1722 Dei

1946 1780 2143 1820 manus
2167 1773 2251 1820 est
2293 1765 2408 1830 illa,
2435 1780 2557 1833 qua:
2589 1771 2642 1818 te
2669 1762 2946 1816 formavit.
2981 1762 3126 1816 Cave
3153 1777 3222 1815 ne
3255 1760 3349 1814 Dei
3379 1774 3518 1828 opus

1875 1829 1917 1884 Β
1946 1857 2153 1927 ﬂagitio
2209 1829 2616 1923 coinquinetur,
2666 1869 2734 1908 ne
2778 1859 3004 1922 peccato
3050 1859 3416 1920 pervertatur,
3465 1858 3518 1904 et

1943 1947 2168 2002 excidas
2198 1962 2228 2002 e
2257 1961 2423 2000 manu
2453 1945 2568 2000 Dei.
2593 1945 2672 1997 'l‘u
2703 1959 2764 1999 es
2788 1958 2886 1998 vas
2913 1958 2944 1996 a
2973 1943 3082 1998 Deo
3114 1942 3320 2007 fictum,
3355 1951 3518 2011 atque

1943 2038 2266 2103 conflatum,
2308 2037 2470 2091 lauda
2524 2037 2837 2092 effectorem
2880 2041 3035 2088 tuum
3079 2052 3090 2086 :
3141 2047 3320 2102 neque
3371 2033 3518 2087 enim

1945 2131 2111 2186 aliam
2143 2130 2215 2184 ob
2245 2144 2469 2183 causam
2507 2128 2684 2182 factus
2711 2143 2795 2192 es,
2826 2125 2933 2181 nisi
2970 2132 3030 2178 ut
3055 2125 3120 2178 ad
3154 2123 3247 2178 Dei
3283 2123 3514 2193 gloriam

1943 2218 2332 2274 celebrandam
2365 2232 2518 2273 esses
2559 2218 2986 2270 instrumentum
3020 2215 3513 2269 accommodatum.

1941 2303 2021 2358 Ac
2048 2304 2250 2358 divinae
2273 2304 2492 2374 quidem
2515 2305 2700 2374 gloriw
2719 2303 3059 2358 celebrandae
3080 2304 3364 2374 materiam
3393 2303 3514 2366 tibi,

1941 2402 2206 2465 tanquam
2236 2396 2377 2451 liber
2415 2397 2680 2465 scriptus,
2717 2396 2956 2464 suggerit
2986 2395 3136 2449 orbis
3178 2394 3265 2447 hic
3296 2393 3518 2448 univer-

1941 2503 2058 2543 sus.
2091 2483 2211 2541 Tibi
2239 2486 2386 2540 enim
2410 2495 2596 2541 mente
2626 2487 2854 2556 praedita
2881 2487 2946 2539 ad
2978 2487 3224 2541 veritatis
3251 2487 3516 2556 cognitio-

1943 2594 2068 2633 nem
2095 2578 2315 2632 nuntiat
2345 2594 2411 2632 cx
2442 2593 2500 2632 se
2537 2578 2994 2648 magnificentiam
3032 2577 3145 2632 Dei.
3174 2577 3516 2648 Quapropter

1938 2682 2127 2724 eorum
2149 2681 2270 2736 qua:
2301 2667 2449 2721 dicta
2485 2675 2636 2731 sunt,
2673 2668 2988 2722 recordare.

2017 2779 2035 2811 ‹
2073 2758 2140 2812 Ει
2171 2757 2448 2814 benedixit
2473 2758 2554 2813 eis
2576 2757 2741 2823 Deus,
2769 2766 2822 2812 et
2849 2759 2926 2812 ait
2953 2777 2966 2812 :
3001 2758 3266 2822 Crescite,
3293 2766 3347 2812 et
3377 2760 3516 2812 mul-

1939 2849 2284 2921 tiplicamini,
2326 2861 2381 2904 et
2422 2849 2627 2918 replete
2661 2856 2885 2903 terram.
2918 2867 2936 2899 ι
2981 2849 3184 2918 Duplex
3218 2858 3300 2904 est
3334 2850 3515 2903 incre-

1941 2947 2206 3002 mentum,
2242 2953 2412 2992 unum
2443 2937 2715 3006 corporis,
2759 2937 2990 2992 alterum
3037 2938 3226 2991 animi.
3273 2939 3514 3008 Augetur

1941 3028 2180 3091 animus,
2209 3041 2335 3081 cum
2365 3026 2677 3096 disciplinis
2710 3027 2978 3082 excolitur
3015 3035 3178 3096 atque
3211 3028 3509 3096 perficitur.

1942 3118 2154 3189 Corpus
2185 3125 2367 3173 autem
2385 3117 2609 3181 crescit,
2640 3117 2770 3172 dum
2801 3133 2868 3172 ex
2909 3132 3075 3188 parvo
3113 3119 3178 3172 ad
3206 3118 3412 3187 justum
3459 3126 3516 3171 et

1942 3218 2329 3281 congruentem
2348 3209 2743 3280 magnitudinis
2765 3211 2984 3263 modum
3014 3209 3241 3264 accedit.
3270 3209 3517 3264 Crescite

1943 3301 2109 3372 igitur
2137 3299 2345 3354 dictum
2379 3308 2464 3355 est
2485 3299 2695 3355 ratione
2728 3298 3046 3354 carentibus
3074 3299 3424 3362 animalibus,
3459 3307 3516 3352 ut

1943 3389 2010 3443 ad
2057 3390 2363 3444 naturalem
2406 3389 2656 3459 corporis
2704 3388 3097 3458 perfectionem
3143 3390 3513 3458 pervenirent.

1941 3480 2111 3536 Nobis
2139 3490 2342 3545 autem,
2390 3488 2450 3535 ut
2485 3480 2765 3534 interioris
2812 3480 3048 3534 hominis
3097 3495 3393 3550 progressu
3428 3495 3517 3534 as-

1942 3570 2302 3626 cenderemus
2360 3569 2426 3623 ad
2490 3569 2701 3633 Deum,
2758 3571 3217 3640 quemadmodum
3277 3570 3512 3625 faciebat

1941 3663 2166 3730 Paulus,
2195 3677 2316 3732 quae
2344 3662 2560 3732 quidem
2595 3667 2744 3715 retro
2782 3671 2934 3724 sunt,
2969 3662 3322 3726 obliviscens,
3356 3665 3423 3715 ad
3451 3675 3515 3716 ea

1944 3771 2072 3812 vero
2119 3771 2240 3825 quae
2283 3762 2410 3810 sunt
2453 3754 2693 3824 propria,
2749 3753 3051 3808 extendens
3097 3755 3360 3822 seipsum.
3402 3753 3516 3806 Au-

1943 3855 2222 3920 gmentum
2276 3847 2330 3902 fit
2376 3844 2856 3912 contemplatione,
2911 3845 3129 3914 pietatis
3177 3845 3350 3903 cultu.
3382 3843 3512 3896 dum

1945 3939 2014 3993 ad
2053 3938 2279 3992 meliora
2330 3933 2726 4005 progredimur,
2772 3934 2900 3988 dum
2951 3949 3162 3998 eorum,
3212 3950 3334 4004 qua:
3387 3949 3514 3990 vera

1944 4038 2073 4088 sunt
2093 4030 2257 4090 bona,
2290 4027 2589 4095 cupiditate
2617 4026 2860 4094 quotidie
2880 4027 3054 4096 magis
3090 4024 3510 4087 inflammamur.

1944 4121 2072 4174 dum
2115 4118 2260 4188 quod
2294 4118 2594 4188 praecessit,
2633 4126 2756 4187 post
2788 4131 2888 4172 nos
2925 4119 3310 4186 relinquimus,
3346 4125 3398 4170 et
3446 4118 3513 4171 ad

1945 4212 1998 4264 id
2042 4210 2257 4280 pietatis
2288 4207 2435 4278 quod
2463 4208 2737 4277 reliquum
2770 4216 2874 4273 est,
2919 4224 3014 4278 pro
3046 4208 3256 4262 viribus
3289 4216 3514 4260 conten-

1945 4301 2147 4355 dimus.
2197 4298 2348 4353 Talis
2373 4305 2492 4353 erat
2531 4297 2702 4360 Isaac,
2735 4297 2804 4351 de
2837 4313 2946 4366 quo
2971 4297 3344 4350 testimonium
3379 4295 3511 4349 illud

1948 4389 2231 4460 Scriptura
2264 4389 2466 4459 prodit,
2505 4389 2650 4458 quod
2681 4387 2972 4457 proficiens
3006 4387 3304 4448 crescebat.
3339 4388 3514 4443 donec

271 4485 592 4554 προέϐαινεν
614 4485 701 4539 ἀεὶ
720 4485 1016 4557 διαδήμασι
1049 4487 1322 4558 μεγάλοις.
1351 4485 1627 4541 Διέϐαινεν
1655 4485 1746 4539 ἐπὶ
1771 4485 1841 4538 τά

1945 4496 2178 4553 magnus
2209 4481 2438 4536 effectus
2479 4487 2585 4534 est.
2618 4477 2805 4549 Neque
2841 4479 2988 4534 enim
3029 4479 3380 4544 consistebat,
3417 4494 3514 4534 ne-

272 4574 400 4644 εργα
425 4577 528 4646 τῆς
561 4575 762 4646 ἀρετῆς
782 4618 796 4642 ,
831 4576 985 4648 διέϐη
1022 4577 1243 4648 μεγάλῳ
1278 4577 1480 4648 βήματι
1504 4576 1602 4648 τὴν
1633 4592 1845 4647 σωφρο-

275 4665 470 4737 σύνην,
522 4665 698 4735 ἐπέϐη
731 4669 799 4737 τῇ
834 4666 1164 4739 δικαιοσύνῃ.
1212 4667 1463 4725 Ἐκεῖθεν,
1481 4666 1572 4718 ἐπὶ
1619 4665 1719 4735 τὴν
1747 4666 1841 4718 ἀν-

270 4756 448 4827 δρείαν
480 4758 672 4827 ἀνέϐη.
704 4757 860 4811 Οῦτω
909 4758 1231 4822 διαϐαίνων,
1282 4761 1374 4812 ἐπὶ
1416 4758 1478 4811 τὸ
1534 4756 1702 4829 ἄκρον
1747 4755 1841 4810 τοῦ

274 4847 438 4916 ῦψους
470 4849 564 4902 τοῦ
596 4847 801 4917 ἀγαθοῦ
834 4850 1163 4921 κορυφοῦται
1207 4851 1234 4902 ὁ
1275 4848 1499 4912 δίκαιος.
1537 4846 1842 4911 Αὑξάνεσθε

272 4937 359 4994 οὖν
383 4941 638 5007 αὔξησιν,
673 4941 770 5012 τὴν
797 4942 939 4994 κατά
967 4940 1098 4994 Θεὸν
1125 4941 1400 4994 τελείωσιν
1423 4981 1438 5005 ,
1466 4939 1563 5010 τὴν
1589 4940 1728 4993 κατά
1752 4937 1842 4992 τὸν

273 5027 414 5081 ἑνῶν
438 5030 753 5099 ἄνθρωπον
783 5028 1117 5098 πληθύνεσθε
1156 5028 1481 5099 Ἐκκλησίας
1508 5031 1576 5099 τῇ
1598 5027 1838 5098 εὐλογίᾳ.

274 5118 359 5190 Μὴ
382 5122 442 5172 ἐν
475 5119 556 5172 ἑνὶ
595 5120 991 5191 περιγραφήτω
1027 5121 1060 5190 ἡ
1092 5119 1371 5188 θεολογίαο
1403 5119 1519 5172 ἀλλ’
1551 5121 1630 5182 είς
1661 5119 1842 5172 πᾶσαν

275 5207 368 5278 τὴν
413 5209 519 5278 γῆν
563 5210 893 5281 κηρυχθήτω
941 5210 1002 5263 τὸ
1048 5210 1374 5278 Εὐαγγέλιον
1407 5210 1504 5281 τῆς
1545 5209 1837 5280 σωτηρίας.

285 5300 672 5370 «Πληθύνεσθε.
690 5320 707 5352 ι
743 5302 932 5369 Τίνες;
963 5303 1028 5357 Οἱ
1058 5303 1194 5357 κατά
1221 5303 1621 5371 τὸΕὑαγγέλιον
1645 5300 1842 5370 γεννώ-

285 5407 450 5456 μενοι.
479 5410 498 5444 ι
525 5393 857 5464 Πληρὼσατε
881 5393 979 5467 τὴν
1005 5395 1126 5467 γῆν.
1153 5413 1171 5446 ι
1206 5392 1522 5464 Σάρκα.τὴν
1554 5392 1842 5463 δεδομένην

286 5481 407 5545 ὑμῖν
453 5484 533 5544 εἰς
590 5483 890 5554 ὑπηρεσίαν
938 5465 945 5467 Ἴ
982 5465 1311 5557 πληρώσατε
1369 5482 1586 5551 ἀγαθῶν
1642 5481 1838 5551 ἔργων.

299 5566 596 5644 Ὀςθαλμὸς
640 5575 850 5647 πλήρης
882 5577 1022 5633 ἔστω
1049 5576 1140 5632 τοῦ
1183 5577 1317 5648 ὁρᾷν
1360 5575 1428 5628 τὰ
1460 5574 1666 5628 δέοντα.
1707 5575 1842 5645 Χεὶρ

285 5660 489 5732 πλήρης
515 5663 656 5717 ἔστω
675 5666 780 5721 τῶν
808 5669 1022 5740 ἀγαθῶν
1048 5671 1250 5746 ἔργων.
1288 5665 1454 5730 Πόδες
1491 5666 1733 5720 ἔστωσαν
1764 5670 1843 5732 εἰς

289 5752 562 5824 ιπίσκεψιν
591 5756 959 5836 ἀσθενούντων,
982 5760 1304 5845 πορευτικοὶ
1321 5759 1469 5822 οντες
1499 5757 1582 5827 ἐφ’
1611 5757 1646 5811 ἃ
1677 5776 1840 5832 προσ·

1943 4587 2050 4643 que
2077 4571 2356 4642 paululum
2379 4579 2575 4625 auctus
2595 4570 2971 4632 decrescebat,
3000 4569 3094 4624 sed
3128 4570 3340 4639 magnis
3370 4585 3513 4624 sem-

1942 4679 2041 4733 per
2099 4663 2292 4732 spatiis
2353 4660 2824 4731 progrediebatur.
2887 4659 3181 4716 Crescebat
3249 4661 3512 4715 virtutum

1945 4754 2168 4818 studiis,
2218 4758 2273 4809 et
2313 4753 2504 4809 ofiiciis
2543 4771 2555 4807 :
2594 4753 2880 4809 crescebat
2915 4767 3110 4823 magna
3148 4752 3429 4808 modestiae
3460 4763 3515 4808 et

1941 4845 2318 4914 temperantiae
2368 4843 2801 4915 progressione;
2862 4845 3144 4900 crescebat
3195 4845 3408 4912 justitia
3461 4852 3515 4898 et

1942 4937 2221 5006 aequitate.
2254 4934 2352 4991 llis
2377 4935 2639 5006 gradibus
2662 4935 2730 4990 ad
2758 4936 2969 4990 virilem
3002 4945 3211 5006 aetatem
3245 4936 3510 5003 pervenit.
3583 4937 3586 4940 ’

1944 5031 2035 5087 Sic
2061 5031 2414 5102 progrediens
2441 5039 2496 5086 et
2529 5046 2789 5088 crescens
2811 5005 3104 5100 virjustus
3144 5029 3210 5084 ad
3239 5045 3514 5084 summum

1941 5125 2069 5181 boni
2093 5124 2366 5195 fastigium
2393 5125 2691 5180 extollitur.
2719 5123 2960 5180 Crescite
2987 5125 3153 5194 igitur
3177 5122 3514 5192 perfectione

1941 5215 2056 5282 illa,
2087 5233 2208 5286 qua:
2253 5215 2361 5271 Deo
2396 5217 2593 5287 placet.
2636 5231 2756 5285 quae
2799 5215 2861 5270 fit
2892 5216 2944 5269 in
2979 5213 3198 5270 homine
3240 5213 3509 5270 interiori.

1942 5303 2377 5373 Multiplicamini
2431 5303 2690 5359 Ecclesiae
2742 5302 3116 5358 fmeunditate.
3170 5300 3250 5358 Ne
3288 5303 3342 5356 in
3401 5314 3510 5355 uno

1943 5395 2302 5452 concludatur
2342 5396 2582 5466 cognitio
2630 5395 2747 5458 Dei,
2795 5395 2890 5450 sed
2934 5395 2989 5448 in
3045 5409 3262 5448 omnem
3310 5403 3510 5449 terram

1942 5487 2312 5559 promulgetur
2366 5487 2561 5542 salutis
2601 5486 2964 5556 Evangelium.
3001 5477 3506 5553 «Multiplicaminiu

1943 5577 2080 5644 Qui?
2113 5578 2244 5637 Vos.
2294 5578 2388 5648 qui
2431 5579 2487 5633 in
2535 5577 2824 5648 Evangelio
2865 5575 3030 5649 geniti
3077 5574 3269 5630 estisu
3298 5575 3516 5645 llepletn

1944 5675 2464 5725 tcrramncarnem
2521 5668 2676 5722 vobis
2735 5666 2802 5720 ad
2857 5664 3276 5721 ministrandum
3329 5663 3510 5718 datam

1945 5759 2101 5818 bonis
2147 5761 2455 5819 actionibus
2500 5762 2721 5828 replete.
2769 5757 3057 5828 chlcatur
3097 5755 3290 5810 oculus
3323 5766 3512 5812 carum
