4088 6210
562 343 666 397 279

1822 343 1878 400 S.
1922 345 2246 405 GBEGONI
2287 349 2580 406 NYSSENI'

3697 358 3792 410 280

564 462 745 510 autem
781 455 945 511 stulte
977 469 1188 510 mecum
1221 457 1336 526 ipse
1370 465 1651 530 reputans,
1691 467 1806 514 tum
1836 476 1958 530 quae
1999 462 2119 515 mihi

2235 466 2499 520 ἐσκόπουν
2525 469 2559 522 ἆ
2580 486 2636 521 τε
2672 465 2816 539 εἶχον
2859 472 2914 523 έν
2960 472 3023 540 τῇ
3079 468 3318 535 ἐμαυτοῦ
3347 469 3555 540 διανοίᾳ
3584 508 3599 534 ,
3650 470 3736 524 καὶ
3761 471 3792 523 ἃ

562 548 779 602 animus
808 545 1150 617 suggerebat,
1188 557 1300 602 tum
1335 566 1456 619 quae
1501 567 1566 606 ex
1597 551 1879 620 Scriptura
1928 554 2132 609 didice-

560 651 700 702 ram,
725 639 1164 700 considerabam,
1189 656 1426 709 quonam
1459 643 1621 698 modo
1644 659 1844 714 magna.
1872 659 1959 698 res
1986 654 2131 700 esset

562 726 746 790 homo,
797 742 920 781 cum
971 730 1201 784 mortale
1252 730 1324 784 sit
1365 731 1586 795 animal,
1643 732 2130 789 innumerabilibus

563 817 860 872 obnoxium
896 821 1399 888 perturbationibus
1435 840 1448 875 :
1484 823 1684 893 quippe
1720 824 1814 892 qui
1843 841 1908 878 ex
1938 839 2048 893 quo
2074 825 2130 878 in

563 911 738 974 lucem
783 920 868 966 est
909 911 1109 977 editus,
1145 913 1213 966 ad
1263 922 1597 970 senectutem
1651 931 1820 985 usque
1871 925 2129 985 perpetuo

563 1001 1044 1056 innumerabilium
1110 1005 1488 1058 molestiarum
1548 1014 1602 1061 et
1655 1007 2127 1061 incommodorum

559 1090 809 1143 examine
823 1089 1187 1156 conﬂictetur,
1206 1092 1272 1146 de
1289 1106 1396 1162 quo
1414 1092 1682 1162 scriptum
1698 1099 1782 1146 est
1802 1110 1813 1143 :
1839 1110 1857 1142 ι
1877 1091 2126 1157 Domine,

557 1181 686 1250 quid
735 1188 819 1236 est
865 1182 1048 1246 homo,
1094 1186 1237 1253 quod
1282 1199 1493 1238 memor
1534 1200 1593 1240 es
1618 1184 1760 1252 ejus,
1859 1193 1952 1237 aut
1983 1183 2128 1238 [ilius

557 1272 815 1335 hominis,
861 1276 986 1344 quia
1021 1284 1241 1345 reputas
1267 1276 1425 1330 eum?
1446 1294 1463 1324 ι
1496 1275 1663 1330 David
1700 1284 1756 1328 ut
1789 1275 1991 1328 animal
2021 1275 2127 1329 vile

555 1362 786 1433 despicit
837 1362 1133 1428 hominem,
1169 1379 1332 1434 quem
1389 1364 1646 1420 Salomon
1679 1372 1740 1418 ut
1767 1379 2022 1434 magnum
2073 1373 2127 1419 et

553 1443 875 1523 praeclarum
925 1457 1054 1527 quid
1101 1457 1254 1512 eﬂert
1296 1464 1352 1513 et
1389 1456 1757 1513 commendat.
1796 1459 1949 1511 Hanc
1993 1457 2124 1510 mihi

555 1547 951 1602 dubitationem
987 1548 1178 1602 adimit
1216 1549 1466 1614 historia,
1491 1557 1612 1618 quae
1637 1549 1704 1603 de
1738 1547 1975 1602 hominis
2001 1559 2123 1602 ortu

556 1637 770 1706 legitur.
804 1637 958 1693 Nunc
989 1640 1132 1694 enim
1176 1639 1487 1694 audivimus
1549 1639 1716 1692 Deum
1754 1637 2031 1707 accepisse
2060 1637 2127 1692 de

552 1727 682 1781 limo
715 1739 889 1795 terrae,
933 1740 1096 1798 atque
1138 1730 1411 1783 hominem
1463 1728 1749 1784 formasse.
1801 1726 2011 1793 Quibus
2059 1741 2126 1781 ex

551 1820 734 1874 verbis
779 1833 828 1874 et
879 1821 1014 1874 nihil
1040 1831 1094 1876 et
1121 1835 1374 1891 magnum
1408 1819 1669 1890 quiddam
1695 1833 1818 1874 esse
1847 1817 2121 1873 hominem
2157 1798 2198 1856 Β

470 1976 481 1986 ⁸
552 1911 808 1966 intellexi.
853 1911 909 1965 Si
948 1921 1194 1965 naturam
1237 1920 1451 1965 tantum
1507 1911 1628 1980 ejus
1679 1909 1937 1979 aspicias,
1990 1909 2124 1962 nihil

550 2007 634 2053 est
666 2001 850 2065 homo,
898 2010 949 2052 et
984 2001 1134 2052 nullo
1185 1999 1360 2067 pretio
1401 1999 1599 2068 dignus
1647 2018 1662 2052 :
1709 1999 1792 2050 sin
1837 1997 2120 2062 honorem,

549 2106 658 2159 quo
697 2089 924 2143 aliectus
983 2101 1088 2151 est,
1143 2089 1480 2164 qunsideres,
1541 2102 1736 2156 magna
1778 2101 1868 2142 res
1920 2095 2021 2148 est,
2061 2100 2123 2138 ac

549 2182 742 2246 praet-la
753 2196 827 2233 ra.
849 2180 1132 2244 Quomodo
1153 2181 1368 2236 locutus
1386 2189 1469 2235 est
1489 2179 1668 2235 Deus?
1692 2198 1709 2229 ι
1730 2176 1904 2244 Fiat,»
1923 2177 2119 2247 inquit,

555 2290 572 2322 ι
599 2272 710 2333 lux,
749 2279 802 2326 et
837 2271 975 2325 iacta
1011 2279 1094 2326 cst
1119 2271 1230 2324 lux.
1265 2290 1284 2321 ι
1320 2269 1600 2339 Perpende
1627 2269 1867 2324 hominis
1899 2274 1953 2320 et
1987 2267 2123 2320 lucis

548 2364 1001 2432 procreationem.
1043 2363 1222 2418 Dixit:
1254 2385 1270 2413 ι
1303 2362 1420 2416 Fiat
1440 2363 1864 2430 firmamentum,
1902 2385 1920 2415 ι
1941 2371 1994 2418 et
2009 2378 2123 2417 ma-

549 2471 713 2523 gnum
734 2472 893 2524 supra
913 2471 1011 2510 nos
1028 2458 1224 2510 caelum
1247 2464 1534 2511 extensum
1556 2465 1659 2520 cst,
1685 2457 1853 2512 verbo
1873 2456 1965 2512 Dei
1989 2470 2122 2510 con-

549 2543 772 2595 feeium.
808 2542 871 2596 Et
900 2545 1088 2608 Stellze,
1115 2552 1169 2599 et
1195 2546 1298 2611 sol,
1327 2555 1380 2600 et
1409 2547 1560 2610 luna,
1589 2553 1642 2600 et
1662 2561 2024 2616 quascunque
2042 2546 2123 2600 vel

550 2635 725 2688 oculis
753 2635 1049 2699 cernimus,
1095 2636 1178 2691 vel
1219 2637 1400 2691 animo
1447 2637 1965 2707 comprehendimus
2008 2651 2125 2691 ma-

551 2724 886 2792 gnitudines,
920 2725 1106 2789 verbo,
1141 2734 1201 2780 ut
1237 2736 1447 2792 essent,
1478 2737 1746 2783 assecuta:
1776 2737 1924 2783 sunt.
1956 2727 2121 2791 Marc,

549 2825 603 2871 et
642 2824 808 2880 terra,
845 2825 907 2872 et
953 2826 1178 2873 ornatus
1210 2834 1420 2884 eorum,
1453 2828 1560 2873 tam
1587 2821 1736 2874 varia
1770 2831 1880 2875 tum
1909 2823 2120 2876 anima-

546 2909 678 2962 lium
707 2921 817 2965 tum
841 2911 1150 2980 plantarum
1175 2927 1373 2981 genera
1406 2915 1570 2967 verbo
1598 2913 1737 2966 facta
1765 2921 1894 2967 sunt
1918 2914 2120 2970 omnia.

550 2999 724 3057 "uino
771 3019 1007 3072 quonam
1057 3003 1236 3059 factus
1270 3012 1353 3060 est
1397 3004 1556 3060 modo
1580 3004 1602 3057 ?
1630 3003 1748 3057 Non
1781 3003 1916 3057 dixit
1960 3021 1974 3056 :
2006 3002 2124 3056 Fiat

2235 557 2384 625 παρὰ
2418 559 2517 627 τῆς
2560 560 2783 630 Γραφῆς
2815 561 3189 630 δεδιδαγμένος
3227 562 3376 631 ήμην
3422 563 3552 631 περὶ
3578 560 3672 613 τοῦ
3704 562 3793 614 ἀν-

2234 642 2471 714 θρώπου.
2502 647 2672 712 Αὐτὸς
2713 648 2810 718 μὲν
2859 649 2968 719 γὰρ
2998 649 3318 720 ἐλογιζόμην
3343 690 3357 713 ,
3385 649 3620 713 arm-n3;
3659 650 3791 720 μέγα

2231 731 2547 803 ἄνθρωπος,
2599 735 2661 788 τὸ
2695 737 2956 808 ἐπίκηρον
2992 736 3127 802 ζῶον
3151 778 3166 802 ,
3212 739 3273 790 τὸ
3323 737 3535 808 μυρίοις
3573 739 3789 794 πάθεσιν

2233 823 2618 894 ὑποκείμενον,
2647 826 2710 878 τὸ
2739 827 2803 878 ὲκ
2835 827 3100 897 γεννητῆς
3127 829 3206 890 εἰς
3239 829 3412 898 γῆρας
3459 830 3667 900 μυρίων
3699 847 3791 884 κα-

2231 913 2342 968 κῶν
2370 916 2854 986 ἐσμὸνιὲξαντλοῦν
2874 932 2886 946 ·
2918 918 3046 989 περὶ
3077 913 3138 972 οὗ
3171 919 3419 989 εἴρηταιο
3473 938 3492 971 ι
3519 920 3710 991 Κύριε,
3742 921 3790 974 τι

2231 1007 2348 1059 ἐστι
2381 1007 2686 1078 ἄνθρωπος,
2717 1007 2800 1060 ὅτι
2829 1009 3104 1080 ἐμνήσθης
3137 1010 3334 1074 αὐτοῦς
3363 1010 3395 1080 ἢ
3439 1011 3553 1076 υἱὸς
3585 1013 3788 1084 ἀνθρώο

2233 1114 2358 1161 που,
2385 1099 2468 1151 ὅτι
2490 1097 2766 1168 ὲγνώσθης
2799 1098 2982 1169 αὐτῷ;
3018 1117 3038 1153 ι
3070 1101 3221 1154 Καὶό
3247 1101 3344 1170 μὲν
3370 1102 3670 1173 Ψαλμῳδὸς
3701 1121 3792 1157 κα-

2229 1191 2488 1258 ταφρονεῖ
2535 1190 2609 1251 ὡς
2644 1189 2896 1253 ἐὐτελοῦς
2939 1190 3031 1243 τοῦ
3087 1191 3249 1255 ζώου,
3299 1193 3394 1246 καὶ
3442 1195 3474 1263 ή
3521 1195 3789 1264 Παροιμία

2232 1280 2595 1349 ἀποσεμνύνει
2625 1281 2701 1343 ὡς
2747 1281 2890 1351 μέγα
2930 1297 2982 1333 τι
3012 1280 3103 1334 τὸν
3145 1281 3447 1352 ἄνθρωπον.
3501 1282 3657 1337 Ἀλλά
3705 1302 3790 1355 μοι

2231 1373 2331 1443 τὴν
2359 1372 2614 1441 τοιαύτην
2661 1372 2981 1442 διαπόρησιν
3013 1372 3201 1426 ἔλυσεν
3225 1376 3258 1444 ἠ
3285 1374 3493 1444 ἱστορία
3516 1375 3616 1444 τῆς
3642 1376 3789 1443 γενέ-

2204 1529 2209 1536 .
2235 1482 2372 1528 σεως
2400 1465 2504 1517 τοῦ
2535 1464 2826 1535 ἀνθρώπου
2853 1464 3280 1533 ἀναγνωσθεῖσα.
3343 1466 3640 1536 Ἠκούομεν
3687 1468 3792 1541 γὰρ

2232 1559 2326 1611 νῦν
2357 1559 2438 1611 ὃτι
2465 1558 2593 1620 Θεὸς
2621 1557 2777 1610 ἔλαϐε
2809 1557 2936 1627 χοῦν
2964 1558 3070 1610 ἀπὸ
3088 1559 3188 1627 τῆς
3214 1561 3336 1629 γῆς,
3371 1557 3463 1612 καὶ
3485 1559 3682 1612 ἔπλασε
3703 1560 3792 1613 τὸν

2231 1651 2540 1720 ἄνθρωπον.
2564 1647 2737 1720 Εὗρον
2754 1651 2810 1704 δὲ
2827 1652 2890 1702 ἐκ
2905 1649 2998 1703 τοῦ
3019 1651 3263 1721 ῥήματος
3282 1651 3474 1705 τούτου
3495 1651 3790 1724 ἀμφότερα,
3815 1694 3821 1700 .

2232 1741 2315 1793 ὅτι
2343 1739 2494 1793 οὐδὲν
2529 1739 2812 1810 ἄνθρωπος
2855 1740 2948 1792 καὶ
2977 1741 3119 1809 μέγα
3153 1739 3459 1811 ἄνθρωπος.
3509 1740 3634 1795 Ἐὰν
3663 1742 3794 1813 πρὸς

2231 1830 2328 1902 τὴν
2361 1827 2522 1900 φύσιν
2551 1830 2710 1908 μόνον
2742 1830 3073 1908 ἀποϐλέψῃς,
3104 1831 3164 1884 τὸ
3200 1832 3368 1901 μηδὲν
3392 1833 3486 1884 καὶ
3511 1832 3604 1886 τοῦ
3639 1833 3796 1902 μηδε-

2231 1924 2320 1986 νὸς
2360 1922 2540 1987 ἄξιος·
2571 1906 2665 1976 ἐὰν
2698 1924 2754 1977 δὲ
2778 1906 2914 1994 πρὸς
2952 1923 3049 1995 τὴν
3076 1925 3237 1996 τιμὴν
3269 1926 3336 1996 ήν
3365 1924 3621 1996 ἐτιμήθη,
3658 1925 3794 1995 μέγα

2231 2015 2535 2086 ἄνθρωπος.
2564 2015 2765 2080 Ποίανς
2803 2035 2821 2068 ‹
2881 2013 3044 2070 Εἶπεν
3075 2020 3102 2071 6
3141 2017 3293 2082 Θεὸς,
3330 2017 3616 2088 Γενηθήτω
3662 2017 3792 2087 φῶς,

2233 2105 2329 2160 καὶ
2359 2107 2576 2174 ἐγένετο
2604 2107 2738 2174 φῶς.
2775 2127 2792 2158 ι
2831 2100 3437 2180 Σύγκρινονὰνθρώπου
3468 2110 3678 2177 γένεσιν
3704 2111 3794 2164 καὶ

2235 2197 2412 2264 φωτὸς
2443 2197 2674 2265 γένεσιν.
2723 2198 2870 2250 Ἐκεῖ
2899 2194 3041 2264 εἷπε,
3077 2218 3096 2250 ι
3127 2199 3414 2269 Γενηθήτω
3443 2200 3740 2270 στερέωμα.
3771 2221 3790 2253 ι

2253 2288 2311 2340 Ὀ
2349 2288 2519 2356 μέγας
2553 2287 2777 2358 οὐρανὸς
2806 2288 3014 2342 ἄνωθεν
3040 2291 3170 2359 ἡμῖν
3199 2288 3562 2359 ὑπερτέταται
3595 2290 3795 2359 ῥήματι

2229 2376 2366 2430 Θεοῦ
2406 2377 2692 2446 γενόμενος
2713 2394 2726 2408 ·
2754 2378 3000 2446 ἀστέρες,
3032 2381 3127 2432 καὶ
3147 2379 3315 2449 ἥλιος,
3353 2379 3446 2432 καὶ
3472 2379 3683 2448 σελήνη,
3703 2381 3795 2432 καὶ

2230 2469 2407 2523 πάντα
2443 2470 2544 2522 ὅσα
2575 2468 2886 2539 θεωροῦμεν
2911 2469 3192 2540 ὀφθαλμῷ,
3228 2471 3320 2523 καὶ
3345 2470 3445 2524 ὅσα
3490 2470 3603 2524 ἄνω
3627 2488 3794 2523 κατα-

2230 2560 2577 2630 λαμϐάνομεν
2613 2558 2839 2630 μεγέθη,
2873 2560 3079 2630 ῥήματι
3109 2559 3233 2629 ἔσχε
3263 2559 3324 2612 τὸ
3357 2555 3513 2613 εἶναι.
3541 2559 3795 2614 Θάλασσα

2229 2652 2324 2706 καὶ
2354 2651 2446 2720 γῆ,
2493 2651 2586 2703 καὶ
2631 2652 2664 2720 ή
2719 2651 2777 2703 έν
2820 2651 3002 2713 αὐτοῖς
3050 2649 3425 2722 διακόσμησις,
3476 2651 3627 2716 ζώων
3664 2652 3796 2721 γένη

2229 2741 2549 2794 παντοδαπά
2569 2757 2592 2813 ἡ,
2615 2740 2795 2809 φυτῶν
2825 2741 3072 2811 διάφοροι
3111 2741 3394 2807 ποικιλίαι,
3422 2741 3600 2796 πάντα
3625 2743 3797 2797 ταῦτα

2230 2835 2310 2905 τῷ
2369 2836 2570 2904 ῥήματι
2637 2834 2878 2902 γέγονεν.
2953 2832 3271 2904 Ἀνθρωπος
3326 2834 3419 2898 δὲ,
3473 2835 3625 2901 πῶς;
3681 2836 3797 2887 Οὐκ

2228 2925 2447 2996 ἐλέχθη,
2502 2926 2786 2996 Γενηθήτω
2827 2923 3109 2994 ἄνθρωπος
3135 2964 3149 2989 ,
3187 2925 3300 2990 ὡς,
3346 2925 3631 2996 Γενηθήτω
3677 2942 3796 2977 στε-

2231 3019 2440 3090 ρέωμα.
2482 3016 2642 3069 Ἀλλὰ
2673 3017 2854 3070 πλεῖόν
2903 3034 2955 3069 τι
2983 3017 3114 3088 ὁρᾷς
3147 3018 3205 3069 έν
3243 3017 3322 3086 τῷ
3348 3016 3616 3086 ἀνθρώπῳ
3655 3017 3795 3087 ὑπὲρ

548 3094 734 3158 homo,
771 3103 830 3148 ut
861 3096 1020 3160 dixit,
1044 3095 1602 3153 Fiatﬁrmamentum.
1635 3095 1882 3164 Amplius
1915 3094 2119 3163 aliquid

2229 3107 2366 3176 φῶς,
2415 3107 2554 3176 ὑπὲρ
2587 3108 2834 3174 οὐρανὸν,
2868 3108 3006 3178 ὑπὲρ
3061 3109 3380 3180 (ρωιςίιῆρας⁸
3431 3109 3572 3178 ὑπὲρ
3619 3107 3794 3161 πάντα

547 3186 731 3240 cernis
781 3186 835 3239 in
889 3187 1107 3240 homine
1149 3202 1312 3256 quam
1361 3187 1415 3239 in
1464 3187 1603 3249 luce,
1656 3197 1821 3254 qnam
1853 3186 1908 3239 in
1954 3187 2116 3248 ccelo,

549 3293 714 3346 quam
745 3277 796 3330 in
831 3277 1216 3332 luminaribus.
1253 3277 1519 3334 Omnibus
1563 3278 1838 3334 antecellit
1880 3277 2118 3333 hominis

548 3370 877 3438 procreatio.
899 3388 916 3420 ι
944 3369 1165 3439 Accepit
1185 3369 1324 3426 Deus
1349 3390 1362 3425 :
1391 3390 1408 3424 ι
1444 3386 1604 3425 manu
1626 3372 1844 3441 propria
1861 3371 2118 3442 dignatur

545 3474 744 3528 corpus
777 3468 1026 3515 nostrum
1059 3459 1316 3516 formare.
1353 3460 1469 3515 Non
1497 3461 1665 3531 jussit
1721 3461 1929 3532 angelo.
1971 3463 2113 3527 Non,

547 3559 606 3604 ut
637 3550 876 3618 cicadas,
908 3563 1100 3621 sponte
1127 3567 1223 3607 sua
1255 3554 1482 3622 protulit
1505 3553 1776 3607 hominem
1803 3561 1969 3607 terra.
1998 3552 2112 3605 Non

547 3643 818 3699 ministris
861 3643 1230 3700 Potestatibus
1263 3645 1362 3698 hoc
1394 3643 1526 3698 illud
1563 3643 1868 3698 faciendum
1903 3643 2123 3698 manda-

549 3736 646 3801 vit,
675 3736 769 3792 sed
797 3751 960 3792 manu
984 3752 1084 3793 sua
1112 3737 1409 3794 benevolus
1429 3738 1626 3792 artifex
1655 3745 1855 3792 terram
1887 3737 2120 3807 accepit.

550 3827 605 3880 Si
651 3828 782 3882 illud
809 3829 952 3897 quod
995 3837 1273 3898 sumptum
1307 3838 1411 3892 est,
1462 3829 1680 3899 aspicis,
1733 3828 1866 3900 quid
1899 3828 2119 3884 homine

545 3914 748 3970 vilius?
765 3915 860 3970 Sin
878 3917 1145 3974 artiﬁcem
1157 3920 1497 3985 consideras,
1520 3923 1651 3992 quid
1668 3923 1887 3978 homine
1902 3924 2116 3992 majus?

2226 3202 2261 3272 ἠ
2293 3198 2580 3270 ἀνθρώπου
2631 3198 2862 3266 γένεσις.
2913 3217 2931 3248 ι
2976 3197 3174 3250 Ἐλαϐε
3213 3197 3417 3268 Κύριος
3467 3199 3497 3250 6
3549 3197 3709 3259 Θεός·
3771 3217 3791 3248 ι

2227 3291 2474 3357 καταξιοῖ
2516 3291 2622 3359 ἰδίᾳ
2668 3289 2814 3359 χειρὶ
2864 3288 3159 3342 διαπλάσαι
3200 3287 3261 3340 τὸ
3300 3289 3566 3359 ἡμέτερον
3610 3287 3787 3356 σῶμα.

2226 3387 2301 3439 Οὐ
2339 3381 2666 3455 προσέταξεν
2700 3380 2945 3450 ἀγγέλῳο
2979 3381 3077 3449 οὑχ
3105 3384 3138 3450 ὴ
3171 3381 3245 3450 γῆ
3279 3379 3581 3449 αὐτομάτος
3602 3377 3790 3446 ὥσπερ

2225 3477 2352 3540 τοὺς
2397 3475 2653 3542 τέττιγας
2707 3474 2854 3544 ἡμᾶς
2901 3471 3188 3542 ἐξέϐρασε,
3228 3472 3330 3525 οὐκ
3375 3465 3498 3524 εἶπε
3529 3468 3664 3538 τῷδε
3697 3469 3793 3521 καὶ

2223 3565 2361 3636 τῷδε
2407 3565 2630 3634 ποιῆσαι
2670 3562 3070 3634 λειτουργικαίς
3125 3562 3438 3632 δυνάμεσιν.
3494 3559 3632 3612 Ἀλλ’
3689 3557 3797 3627 ἰδίᾳ

2224 3658 2370 3733 χειρὶ
2417 3658 2737 3728 φιλοτεχνεῖ,
2789 3657 2892 3727 γῆν
2941 3655 3151 3708 ἔλαϐεν.
3200 3655 3369 3708 Ὅταν
3413 3653 3548 3723 πρὸς
3593 3651 3655 3703 τὸ
3700 3650 3800 3720 λη-

2224 3753 2357 3821 φθὲν
2403 3751 2619 3823 ἀπίδῃς,
2665 3749 2718 3802 τί
2773 3748 2922 3800 ἐστιν
2971 3746 3281 3815 ἄνθρωποςς
3335 3745 3464 3823 ὅταν
3519 3741 3798 3823 πρὸςΑτὸν

2214 3814 2498 3892 πλάσαντα
2526 3814 2866 3908 κατανοήσῃς
2891 3875 2905 3900 ,
2939 3814 3082 3902 μέγα
3099 3826 3401 3896 ἄνθρωπος,
3426 3819 3569 3872 ὥστε
3601 3817 3698 3870 καὶ
3728 3814 3794 3868 τὸ

2218 3928 2384 4000 μηδὲν
2415 3928 2502 3982 διὰ
2529 3927 2626 3999 τὴν
2655 3926 2808 3996 ὓλην,
2847 3924 2940 3978 καὶ
2964 3921 3105 3992 μέγα
3125 3917 3213 3970 διὰ
3243 3913 3340 3984 τὴν
3365 3912 3552 3981 τιμήν.

545 4009 1013 4074 Quemadmodum
1043 4021 1267 4082 prepter
1290 4013 1578 4068 materiam
1603 4027 1668 4068 eo
1691 4015 1830 4067 nihil
1860 4013 2130 4082 abjectius
2150 4052 2168 4078 ,
2199 4015 2279 4067 sic
2301 4021 2522 4082 propter
2549 4011 2820 4066 etfectoris
2850 4007 3166 4076 dignitatem
3195 4003 3513 4074 praeclarius
3545 4001 3703 4056 nihil.

619 4117 638 4150 ι
661 4099 724 4153 Et
740 4102 947 4170 accepit
963 4099 1120 4156 Deus.
1135 4121 1153 4154 ι
1170 4101 1281 4156 Cur
1294 4113 1498 4167 autem,
1518 4117 1642 4157 cum
1660 4101 2002 4156 antedictum
2019 4102 2109 4166 sit,

548 4210 565 4239 ι
601 4190 665 4244 Et
684 4190 808 4246 fecit
832 4191 973 4247 Deus
1000 4193 1298 4258 hominem,
1329 4214 1348 4247 ι
1381 4195 1469 4249 hic
1493 4195 1546 4248 in
1569 4193 1686 4264 ejus
1709 4193 2107 4262 procreatione,

541 4292 800 4353 tanquam
833 4285 886 4338 id
915 4301 1023 4339 non
1047 4287 1496 4351 intellexerimus,
1527 4287 1584 4340 in
1606 4285 1838 4340 historia
1869 4283 2106 4338 dicitur:

545 4391 563 4422 ι
588 4371 653 4425 Ει
675 4375 882 4443 accepit
912 4374 1053 4431 Deus
1083 4378 1360 4446 pulverem
1393 4394 1423 4432 e
1451 4386 1594 4432 terra
1629 4384 1684 4431 et
1723 4375 1978 4430 formavit
2010 4373 2110 4428 ho-

2293 4120 2312 4151 c
2342 4101 2450 4155 Καὶ
2474 4101 2661 4158 ἐλαϐεν
2702 4104 2730 4154 6
2757 4101 2907 4164 Θεός.
2939 4118 2958 4152 ι
3009 4097 3168 4151 Ἀλλὰ
3197 4096 3346 4161 πῶς;
3387 4096 3536 4148 Ἐκεῖ
3566 4096 3622 4146 ἐν
3673 4098 3799 4158 τοῖς

2217 4192 2471 4258 κατόπιν,
2507 4211 2523 4242 ι
2542 4193 2647 4245 Καὶ
2679 4192 2932 4262 ἐποίησεν
2971 4193 2999 4244 ὁ
3025 4189 3158 4252 Θεὸς
3183 4189 3272 4241 τὸν
3300 4189 3584 4259 ἄνθρωπον
3607 4205 3620 4218 ο
3645 4207 3664 4239 ι
3706 4189 3797 4239 ἐν-

2215 4281 2389 4336 ταῦθα
2417 4281 2497 4345 δὲ,
2531 4282 2737 4336 ἄνωθεν
2763 4282 3048 4352 ἀνθρώπου
3076 4281 3287 4350 γένεσις
3313 4296 3324 4310 ’
3349 4281 3423 4343 ὼς
3459 4280 3626 4351 μηδὲν
3658 4280 3798 4349 περὶ

2214 4372 2502 4444 ἀνθρώπου
2531 4373 2926 4444 δεδιδαγμένων
2960 4373 3136 4444 ἡμῶν,
3165 4372 3373 4443 ἱστορία
3409 4371 3556 4438 λέγει
3581 4389 3594 4401 ο
3639 4389 3656 4421 ι
3678 4371 3798 4422 Καὶ

539 4463 822 4517 minem?»
859 4463 1223 4522 Tradiderunt
1265 4468 1378 4536 jam
1422 4469 1642 4538 quidam
1685 4467 1907 4522 verbum
1952 4464 2104 4528 illud,

2224 4463 2405 4518 ἔλαϐεν
2428 4467 2456 4518 6
2483 4465 2612 4528 Θεὸς
2639 4465 2767 4534 χοῦν
2800 4465 2908 4518 ἀπὸ
2935 4464 3037 4534 τῆς
3057 4464 3176 4534 γῆς’
3221 4465 3312 4518 καὶ
3338 4463 3566 4516 ἔπλασεν
3599 4463 3625 4513 6
3653 4462 3796 4524 Θεὸς

544 4572 561 4602 ι
593 4551 892 4618 Formavit,
925 4572 944 4605 ι
973 4558 1039 4609 ad
1068 4570 1268 4626 corpus
1300 4557 1494 4610 relern
1520 4573 1573 4610 ιι
1601 4555 1787 4610 Fecit)
1811 4563 2013 4622 autem,
2037 4556 2105 4610 ad

539 4644 946 4710 animum.Qu:e
962 4646 1181 4715 quidem
1200 4647 1336 4702 ratio
1355 4646 1495 4702 forte
1509 4662 1616 4701 non
1632 4646 1889 4702 abhorret
1906 4662 1936 4701 a
1952 4661 2101 4704 vero.

542 4735 610 4791 Ut
633 4753 756 4792 cum
787 4741 1167 4808 exponendum
1187 4751 1333 4797 esset
1362 4743 1633 4797 hominem
1661 4759 1784 4799 esse
1815 4742 2017 4797 factum
2044 4742 2114 4800 ad

541 4831 830 4901 imaginem
864 4830 979 4895 Dei,
1014 4833 1280 4902 scriptum
1321 4833 1413 4900 sit,
1453 4853 1471 4885 ι
1512 4833 1658 4890 Fecit
1693 4854 1705 4889 :
1736 4853 1755 4886 ι
1779 4850 1905 4889 cum
1932 4844 2112 4889 autem

540 4932 685 4979 esset
727 4925 1078 4993 explicanda,
1125 4941 1246 4995 quae
1276 4926 1346 4980 ad
1377 4927 1628 4996 corporis
1665 4928 2109 4983 constitutionem

541 5017 891 5086 pertinerent,
926 5034 990 5073 ea
1020 5033 1121 5073 vox
1143 5060 1157 5086 ,
1196 5037 1215 5070 ι
1256 5017 1552 5085 Formavit,
1591 5038 1610 5072 ι
1649 5019 1892 5075 adhibita
1922 5021 2108 5082 fuerit,

542 5107 841 5177 praesertim
865 5122 987 5162 cum
1018 5108 1184 5162 David
1211 5108 1329 5178 ipse
1358 5108 1653 5163 discrimen
1688 5109 1878 5163 horum
1916 5107 2111 5162 verbo-

542 5213 662 5252 rum
694 5197 949 5254 docuisse
980 5199 1247 5264 videatur,
1281 5199 1409 5254 dum
1441 5200 1646 5255 diceret
1679 5219 1692 5255 :
1730 5219 1748 5250 ι
1786 5198 1976 5254 Manus
2004 5207 2113 5254 tua:

544 5291 791 5346 fecerunt
821 5307 928 5357 me,
965 5300 1019 5347 et
1047 5290 1421 5361 formaverunt
1451 5309 1557 5346 me.
1598 5311 1617 5344 ι
1649 5290 1800 5345 Fecit
1836 5290 2110 5344 hominem

542 5380 892 5447 interiorem,
957 5381 1288 5436 exteriorem
1335 5381 1608 5435 formavit.
1659 5378 1917 5434 Formare
1963 5380 2110 5432 enim

540 5471 796 5542 congruit
839 5471 974 5538 luto,
1030 5471 1212 5529 facere
1245 5481 1424 5528 autem
1479 5473 1702 5543 imagini
1746 5471 1860 5526 Dei.
1903 5470 2109 5537 Quam--

541 5565 731 5622 ubrem
761 5565 992 5621 formata
1015 5573 1099 5621 est
1127 5580 1279 5631 caro,
1314 5566 1529 5622 animus
1549 5581 1678 5620 vero
1709 5564 1906 5620 factus.
1933 5562 2110 5634 Expo-

544 5657 668 5713 sitis
701 5659 866 5729 igitur
910 5667 1058 5725 ante,
1101 5675 1223 5731 quae
1272 5659 1339 5714 ad
1386 5657 1828 5716 constituendum
1869 5659 2108 5711 animum

543 5757 810 5822 spectant,
842 5767 983 5810 nunc
1010 5767 1074 5807 ea
1112 5757 1319 5817 narrat,
1369 5765 1490 5822 qua:
1534 5749 1603 5804 ad
1637 5761 1835 5818 corpus
1871 5745 2108 5803 conﬂan-

2006 5841 2036 5877 Κ

2213 4558 2303 4611 τὸν
2331 4557 2633 4629 ἄνθρωπον.
2661 4577 2679 4608 ›
2719 4557 2857 4628 Ἤδη
2887 4557 3027 4620 τινὲς
3058 4557 3289 4625 ἔφασαν,
3317 4556 3376 4607 τὸ
3419 4555 3515 4625 μὲν
3567 4572 3584 4605 ι
3622 4553 3795 4606 ἐπλα-

2216 4665 2304 4701 σεν
2328 4668 2344 4698 ι
2387 4648 2478 4701 ἐπὶ
2505 4646 2600 4699 τοῦ
2647 4645 2898 4716 σώματος
2931 4646 3217 4718 εἰρῆσθαι·
3252 4645 3310 4697 τὸ
3354 4645 3410 4697 δὲ
3443 4665 3458 4694 ι
3480 4645 3739 4712 ἐποίησεν
3768 4663 3788 4695 ι

2213 4739 2305 4792 ἐπὶ
2328 4740 2425 4809 τῆς
2447 4737 2642 4809 ψυχῆς.
2672 4737 2829 4801 Ἴσως
2857 4737 2978 4791 οὐδὲ
3010 4737 3114 4804 ἔξω
3137 4737 3236 4806 τῆς
3261 4736 3517 4807 ἀληθείας
3545 4738 3574 4789 6
3605 4736 3792 4800 λόγος.

2216 4833 2389 4885 Ὅπου
2424 4831 2521 4902 μὲν
2562 4830 2670 4901 γὰρ
2709 4831 2959 4902 εἴρηται,
3001 4849 3020 4880 ι
3047 4829 3158 4882 Καὶ¹
3185 4829 3436 4899 ἐποίησεν
3480 4829 3508 4880 6
3537 4829 3666 4892 Θεὸς
3695 4829 3799 4882 τὸν

2212 4924 2521 4995 ἄνθρωπον,
2557 4943 2576 4976 ι
2629 4923 2748 4976 κατ’
2786 4922 2970 4975 εἰκόνα
3009 4920 3145 4974 Θεοῦ
3191 4920 3442 4991 ἐποίησεν
3486 4919 3672 4984 αὐτὸν,
3729 4919 3801 4971 τὸ

2219 5033 2237 5064 ι
2269 5015 2522 5085 ἐποίησεν
2554 5034 2572 5066 ι
2600 5013 2829 5085 εἴρηται’
2853 5015 2985 5066 ὅπου
3007 5012 3063 5065 δὲ
3087 5012 3270 5065 λοιπὸν
3287 5011 3528 5081 περὶτῆς
3544 5027 3802 5080 σωματι-

2214 5106 2314 5176 κῆς
2349 5107 2692 5168 ὑποστάσεως
2725 5106 2853 5174 ἡμῖν
2887 5104 3174 5172 διηγεῖται,
3195 5101 3256 5154 τὸ
3286 5121 3305 5154 ι
3341 5102 3540 5156 ἔπλασε
3566 5122 3584 5154 ι
3613 5102 3801 5168 λέγει.

2212 5198 2481 5268 Διαφορᾶν
2512 5197 2568 5248 δὲ
2598 5197 2864 5266 ποιήσεως
2891 5196 2984 5248 καὶ
3009 5194 3258 5257 πλάσεως
3296 5195 3391 5247 καὶ
3423 5194 3451 5245 6
3480 5191 3804 5262 Ψαλμῳδὸς

2211 5288 2447 5354 ἐδίδαξεν
2481 5287 2650 5341 εἰπών
2675 5304 2687 5317 ·
2729 5287 2834 5339 (Αἱ
2881 5287 3061 5358 χεῖρές
3109 5273 3226 5339 σοῦ’
3257 5287 3520 5356 ἐποίησάν
3571 5302 3638 5356 με
3691 5285 3802 5337 καὶ

2210 5376 2448 5431 ἔπλασαν
2473 5393 2561 5446 με.
2594 5394 2612 5427 ι
2658 5375 2910 5446 Ἐποίησε
2953 5375 3042 5429 τὸν
3075 5375 3183 5429 ἔσω
3213 5375 3496 5446 ἄνθρωπον
3518 5414 3534 5438 ,
3579 5373 3797 5426 ἔπλασε

2210 5470 2301 5526 τὸν
2333 5469 2456 5534 ἔξω,
2487 5469 2596 5522 Καὶ
2628 5468 2737 5540 γὰρ
2782 5469 2980 5540 πρέπει
3014 5469 3048 5539 ἡ
3085 5468 3183 5538 μὲν
3217 5466 3410 5530 πλάσις
3442 5464 3597 5535 πηλῴ
3621 5479 3632 5491 ⁸
3662 5464 3698 5533 ἠ
3731 5464 3801 5517 δὲ.

2212 5561 2428 5630 ποίησις
2447 5559 2523 5631 τῷ
2556 5561 2676 5613 κατ’
2707 5559 2908 5613 εἰκόνα.
2949 5560 3112 5614 Ὥστε
3147 5556 3386 5628 ἐπλάσθη
3415 5556 3515 5626 μὲν
3541 5556 3573 5622 ή
3620 5555 3795 5625 σὰρξ,
3833 5611 3844 5620 ,

2210 5652 2437 5724 ἐποιήθη
2470 5652 2527 5706 δὲ
2571 5655 2606 5724 ή
2632 5652 2797 5724 ψυχή.
2835 5653 2980 5706 Ἀνω
3019 5652 3196 5704 τοίνυν
3227 5648 3397 5704 εἰπὼν
3437 5650 3566 5721 περὶ
3607 5651 3802 5723 ψυχῆς

2211 5745 2578 5804 ὑποστάσεως.
2602 5744 2694 5800 νῦν
2717 5745 2845 5816 περὶ
2875 5745 2968 5812 τῆς
2999 5743 3216 5797 κατὰτὸ
3250 5742 3407 5815 σῶμα
3439 5743 3799 5808 διαπλάσεως
