4088 6210
223 281 316 339 εει
986 283 1051 342 IN
1087 287 1334 357 VERBA,
1370 290 1749 348 FACIAHUS

1887 288 2171 358 ΜΙΝΕΜ,
2211 289 2389 356 ETC.,
2429 287 2634 347 ORAT.
2674 288 2742 346 ll.
3369 293 3481 350 292

225 399 352 466 ἡμῖν
379 397 706 466 διαλέγεται.
735 400 866 470 Ἔχε
902 404 996 457 καὶ
1020 405 1208 460 τοῦτον
1237 407 1328 460 τὸν
1349 407 1506 476 λόγον
1533 426 1546 438 ·
1579 409 1662 473 τίς
1685 408 1744 461 δὲ
1775 411 1787 460 ι

1905 409 2032 462 dum
2065 410 2359 478 pertinent.
2388 406 2512 462 Hazc
2539 409 2612 464 sit
2635 411 2742 461 una
2776 407 2934 461 ratio.
2989 406 3170 462 Altera
3201 416 3305 475 est,
3330 410 3474 478 quod

225 490 403 557 ἔτερος
423 504 440 552 ;
463 489 586 542 Ὀτι
609 489 676 543 τὰ
705 492 802 561 μὲν
828 494 888 545 ὲν
912 496 1192 566 κεφαλαίῳ
1215 497 1458 565 λέγεταιο
1495 497 1564 551 τά
1591 499 1647 552 δὲ
1673 499 1787 552 καθῚ

1900 500 2013 555 illic
2053 514 2168 553 rem
2210 498 2523 554 summatim
2567 498 2906 568 perstrinxit,
2947 497 3038 551 hic
3078 499 3319 560 modum,
3363 513 3490 568 quo-

224 577 278 630 ὃν
303 579 506 648 τρόπον
532 579 755 647 γέγονεν
781 583 913 652 ἡμῖν
935 585 1304 654 παραδίδοται.
1335 588 1575 642 Ἀνωθεν
1599 583 1692 642 οῦν
1713 590 1796 643 ὄτι

225 669 309 721 καὶ
339 669 622 739 ἐποίησεν,
656 664 760 725 ὧδε
798 674 1038 737 καὶπῶς
1069 675 1345 746 ἐποίησεν.
1379 677 1441 730 Ei
1471 677 1578 748 γὰρ
1612 677 1796 742 ἁπλῶς

225 755 368 812 εἶπεν
405 760 492 812 ὅτι
527 761 804 831 εποίησεν,
833 764 1088 834 ἐνόμισας
1111 765 1192 818 υᾶν
1218 766 1299 819 ὅτι
1339 766 1592 835 ἐποίησεν
1620 767 1693 830 ὡς
1725 767 1795 820 τὰ

226 853 408 920 κτήνη,
432 851 513 914 ὡς
540 851 609 906 τά
639 852 824 924 θηρία,
848 853 924 917 ὡς
951 855 1021 907 τὰ
1051 855 1216 923 φυτὰ,
1239 857 1314 920 ὼς
1338 857 1428 909 τὸν
1453 858 1663 929 χόρτον.
1678 859 1795 912 Ἵνα

224 937 306 994 οῦν
337 941 520 1012 φύγῃς
545 943 647 1012 τὴν
688 944 824 1013 πρὸς
850 944 920 997 τὰ
959 944 1130 1014 ἄλογα
1173 948 1487 1012 κοινωνίαν,
1532 949 1634 1018 τὴν
1663 949 1796 1002 ίδιά-

223 1031 413 1093 ζουσαν
449 1032 581 1100 περὶ
621 1033 681 1085 σὲ
718 1033 812 1086 τοῦ
834 1034 969 1088 Θεοῦ
1001 1035 1374 1108 φιλοτέχνησιν
1403 1037 1432 1091 ό
1461 1037 1616 1105 λόγος
1649 1056 1792 1110 παρ⁹

222 1121 434 1176 ἔδωκεν.
486 1140 507 1172 ι
531 1123 762 1176 Ἔλαϐεν
802 1127 831 1178 ὁ
855 1125 988 1189 Θεὸς
1017 1126 1145 1196 χοῦν
1172 1128 1280 1181 ἀπὸ
1302 1128 1403 1195 τῆς
1435 1128 1557 1198 γῆς.
1586 1148 1606 1180 ι
1647 1131 1794 1182 Ἐκεῖ

221 1205 361 1262 εἶπεν
403 1211 490 1262 ὅτι
533 1211 820 1280 ἐποίησενο
859 1213 1091 1267 ἐνταῦθα
1123 1213 1179 1268 δὲ
1218 1213 1332 1279 πῶς
1371 1217 1613 1286 ἐποίησε.
1650 1216 1792 1270 Χοῦν

218 1299 403 1352 ἔλαϐεν
431 1302 545 1353 ἀπὸ
574 1302 672 1371 τῆς
698 1303 800 1371 γῆς
818 1344 832 1369 ,
875 1304 969 1357 καὶ
1008 1303 1211 1357 ἔπλασε
1242 1308 1361 1368 ταῖς
1395 1306 1551 1371 ίδίαις
1579 1308 1789 1376 χερσίν.

229 1389 592 1460 Ἐνθυμήθητι
624 1389 739 1453 πῶς
761 1392 1056 1461 ὲπλάσθης.
1089 1394 1161 1446 Τὸ
1181 1396 1540 1466 ἐργαστήριον
1565 1398 1662 1467 τῆς
1688 1399 1792 1465 φύ-

221 1499 347 1544 σεως
377 1482 618 1550 λόγισαι.
647 1483 784 1555 Χείρ
813 1485 927 1538 ἐστι
961 1486 1226 1559 δεξαμένη
1265 1505 1323 1540 σε
1354 1488 1518 1541 Θεοῦο
1547 1489 1610 1542 τὸ
1640 1490 1790 1560 παρά

221 1571 343 1624 Θεοῦ
378 1571 640 1638 πλασθὲν,
667 1573 756 1625 διὰ
779 1576 1042 1646 πονηρίας
1067 1575 1140 1646 μὴ
1171 1577 1390 1649 μιανθῇ,
1421 1579 1486 1631 δι’
1515 1579 1790 1651 ἁμαρτίας

223 1664 289 1731 μὴ
333 1663 604 1734 ἀλλοιωθῇ
632 1703 646 1726 ,
703 1666 778 1736 μὴ
829 1666 1069 1739 ὲκπέσῃς
1109 1669 1207 1738 τῆς
1257 1670 1440 1740 χειρὸς
1484 1671 1578 1724 τοῦ
1631 1670 1784 1726 Θεοῦ.

220 1753 411 1816 Σκεῦος
440 1749 495 1807 εἴ
539 1754 869 1810 θεόπλαστον
897 1737 1048 1832 παρά
1079 1737 1216 1814 Θεοῦ
1246 1737 1534 1832 γενόμενον
1553 1781 1566 1794 ·
1601 1763 1788 1828 δόξαζε
1820 1737 1862 1792 Β

221 1847 303 1898 τὸν
331 1849 654 1918 ⁴ιιεοιήσαντα.
687 1849 823 1902 Οὐδὲ
859 1850 968 1922 γὰρ
995 1852 1154 1906 ἄλλου
1180 1854 1325 1917 τινὸς
1359 1855 1542 1908 ἕνεκεν
1579 1855 1788 1924 ἐγένου,

223 1938 252 2006 ἢ
281 1939 360 1990 ἵνα
380 1939 617 2009 ὄργανον
640 1937 706 2013 ᾗς
731 1941 1036 2011 ἐπιτήδειον
1062 1945 1162 2013 τῆς
1192 1945 1350 2014 δόξης
1377 1947 1470 1998 τοῦ
1495 1945 1649 2000 Θεοῦ.
1681 1949 1789 2001 Καὶ

222 2029 317 2098 γὰρ
352 2032 382 2082 ό
410 2031 618 2100 κόσμος
646 2026 798 2095 οὗτος
823 2032 942 2096 ὅλος
966 2033 1155 2106 ὥσπερ
1185 2053 1238 2088 τι
1270 2036 1473 2106 βιϐλίον
1517 2037 1789 2107 ἔγγραφόν

219 2117 399 2182 ἔστιν,
447 2119 929 2190 ὑπαγορευὸμενον
978 2122 1074 2193 τὴν
1129 2123 1223 2177 τοῦ
1278 2123 1411 2177 Θεοῦ
1457 2125 1652 2189 δόξαν·
1691 2125 1788 2197 τὴν

217 2208 560 2278 ἀπόκρυφον,
598 2212 694 2263 καὶ⁹
755 2213 985 2282 ἀόρατον
1049 2214 1143 2267 τοῦ
1213 2215 1348 2268 Θεοῦ
1400 2215 1787 2288 μεγαλωσύνην

212 2297 279 2350 δι’
304 2301 469 2353 αὑτοῦ
504 2301 837 2369 διαγγέλλων
863 2321 945 2357 σοι
981 2303 1059 2374 τῷ
1099 2304 1429 2376 νοῦν·ἐχοντι
1453 2347 1468 2373 ,
1503 2309 1583 2371 είς
1617 2325 1788 2362 κατα-

213 2392 393 2460 νόησιν
444 2391 728 2463 ἀληθείας.
769 2395 992 2458 Πάντως
1032 2392 1124 2450 οῦν
1164 2397 1439 2469 μέμνησαι
1471 2400 1582 2454 τῶν
1631 2404 1784 2473 είρη-

215 2499 411 2551 μενων.

302 2661 440 2715 «Καὶ
469 2664 774 2736 ηὖλόγησεν
807 2667 1004 2731 αὐτοὺς
1046 2669 1075 2721 ὸ
1100 2669 1232 2733 Θεὸς
1263 2671 1354 2724 καὶ
1394 2663 1544 2724 εἶπεν
1568 2710 1583 2734 ,
1614 2669 1786 2736 Auﬁd-

213 2752 385 2818 νεσθε,
420 2757 519 2810 καὶ
570 2757 924 2826 πληθύνεσθε,
957 2761 1049 2813 καὶ
1100 2760 1426 2833 πληρώσατε
1473 2763 1568 2834 τὴν
1601 2763 1724 2833 γῆν.
1762 2784 1780 2815 ι

215 2847 384 2916 Διπλῆ
420 2847 674 2917 αῦξησις,
708 2850 742 2919 η
777 2849 875 2918 μὲν
914 2849 1160 2920 σώματος
1185 2891 1200 2915 ,
1233 2852 1266 2921 ἡ
1298 2852 1355 2904 δὲ
1383 2852 1582 2922 ψυχῆς.
1628 2852 1787 2906 Ἀλλὰ

217 2937 454 3006 ἡψυχῆς
476 2938 734 3009 αὔξησις,
777 2941 808 3010 ἡ
843 2941 930 2994 διὰ
956 2941 1062 2995 τῶν
1095 2943 1430 3013 μαθημάτων
1460 2945 1539 3007 είς
1575 2943 1787 2999 τελείω-

1897 589 2043 644 facta
2077 598 2186 654 est,
2230 590 2470 659 explicat
2500 597 2554 644 et
2593 595 2840 643 enarrat.
2876 587 3017 641 Ante
3061 586 3259 642 fecisse
3299 588 3469 642 Deum

1898 680 2192 736 audivisti:
2215 695 2361 734 nunc
2389 694 2496 748 quo
2524 680 2685 734 modo
2717 677 2931 744 fecerit,
2958 677 3232 747 intelligis.
3260 676 3469 731 Etenim

1896 771 1944 827 si
1986 771 2313 842 simpliciter
2346 771 2611 839 scriptum
2638 778 2784 825 esset
2811 785 2824 821 :
2853 767 3030 832 Fecit,
3077 768 3345 836 cogitares
3373 768 3470 822 ho-

1896 862 2100 916 minem
2137 861 2314 916 fuisse
2343 860 2572 924 factum,
2603 868 2665 914 ut
2695 859 2860 922 feras,
2889 867 2949 911 ut
2983 865 3122 922 cete,
3149 866 3209 911 nt
3232 859 3470 927 plantas,

1895 957 1955 1004 ut
2008 950 2226 1005 herbas.
2271 948 2538 1014 Quocirca
2573 955 2635 1001 ut
2669 954 2721 1002 te
2768 961 2892 1001 cum
2941 947 3343 1017 agrestioribus
3387 946 3470 999 in-

1895 1041 2183 1111 telligeres
2211 1040 2349 1093 nihil
2377 1039 2579 1094 habere
2608 1052 2922 1103 commune,
2949 1036 3166 1108 Moyses
3187 1038 3466 1108 proprium

1893 1139 1949 1188 et
1970 1133 2245 1203 singulare
2265 1131 2360 1187 Dei
2390 1132 2444 1186 in
2479 1139 2533 1188 te
2556 1129 2795 1185 creando
2833 1130 3122 1184 artificium
3148 1129 3465 1199 explicavit.

1898 1240 1917 1274 ι
1951 1221 2194 1291 Sumpsit
2215 1222 2357 1276 Deus
2378 1222 2656 1290 pulverem
2677 1236 2706 1275 e
2729 1227 2894 1275 terra.
2924 1239 2942 1272 ι
2975 1222 3147 1285 Tunc,
3175 1219 3301 1290 quid
3326 1219 3467 1273 Dens

1893 1311 2105 1376 fecerit,
2137 1311 2314 1365 dixit:
2353 1325 2524 1374 nunc,
2556 1324 2664 1379 qua
2713 1310 2926 1365 ratione
2956 1310 3166 1374 fecerit,
3220 1311 3462 1375 exponit.

1891 1403 2172 1460 Pnlverem
2214 1403 2450 1473 sumpsit
2499 1417 2529 1456 e
2574 1410 2741 1467 terra,
2794 1400 3185 1470 hominemque
3229 1400 3466 1471 propriis

1891 1494 2146 1548 manibus
2173 1493 2450 1548 formavit.
2479 1493 2670 1562 Cogita
2703 1492 3162 1561 quemadmodum
3195 1491 3462 1544 formatus

1891 1583 1990 1650 sis,
2024 1583 2189 1637 homo
2222 1601 2235 1636 :
2279 1591 2492 1636 natura:
2539 1594 2648 1636 tuae
2691 1583 2986 1636 artificium
3020 1571 3328 1635 considera.
3369 1577 3462 1632 Dei

1891 1689 2088 1730 manus
2112 1683 2196 1729 est
2239 1674 2352 1739 illa,
2380 1689 2502 1742 qum
2534 1681 2587 1728 te
2616 1671 2890 1726 formavit.
2925 1672 3070 1726 Cave
3099 1687 3166 1726 ne
3200 1670 3294 1725 Dei
3325 1684 3463 1738 opus

1891 1765 2098 1836 ﬂagitio
2154 1765 2560 1833 coinquinetur,
2610 1779 2679 1818 ne
2724 1769 2948 1832 peccato
2995 1769 3361 1831 pervertatur,
3409 1769 3463 1814 et

1889 1856 2113 1911 excidas
2143 1871 2173 1912 ε
2202 1870 2368 1910 manu
2397 1854 2513 1910 Dei.
2537 1854 2618 1906 'l‘u
2648 1869 2708 1909 es
2733 1869 2830 1908 vas
2858 1869 2888 1907 a
2916 1852 3027 1908 Deo
3059 1853 3264 1917 fictum,
3299 1861 3463 1922 atque

1889 1947 2211 2012 conflatum,
2253 1947 2416 2000 lauda
2468 1946 2781 2001 effectorem
2825 1952 2980 1998 tuum
3023 1962 3034 1996 :
3085 1957 3264 2012 neque
3315 1944 3462 1997 enim

1891 2039 2056 2094 aliam
2088 2039 2160 2094 ob
2191 2053 2414 2093 causam
2451 2038 2629 2092 factus
2656 2053 2740 2102 es,
2771 2035 2878 2090 nisi
2915 2042 2974 2088 nt
2999 2035 3065 2088 ad
3097 2033 3191 2088 Dei
3227 2033 3459 2103 gloriam

1889 2127 2278 2183 celebrandam
2310 2141 2463 2182 esses
2504 2127 2930 2180 instrumentum
2965 2125 3458 2179 accommodatum.

1885 2211 1966 2266 Ac
1993 2213 2195 2268 divina:
2217 2213 2436 2283 quidem
2459 2214 2644 2283 gloriae
2664 2212 3004 2268 celebrandae
3025 2214 3308 2284 materiam
3337 2213 3458 2276 tibi,

1886 2311 2150 2374 tanquam
2181 2305 2322 2360 liber
2360 2306 2624 2374 scriptus,
2661 2306 2901 2373 suggerit
2931 2305 3081 2359 orbis
3122 2304 3209 2357 hic
3241 2305 3462 2358 univer-

1886 2412 2002 2452 sus.
2035 2393 2156 2450 Tibi
2183 2395 2331 2449 enim
2355 2404 2540 2451 mente
2571 2397 2798 2465 praedita
2825 2396 2890 2449 ad
2923 2397 3168 2451 veritatis
3195 2397 3460 2465 cognitio-

1888 2503 2012 2542 nem
2041 2487 2260 2541 nuntiat
2289 2503 2355 2541 ex
2387 2502 2445 2541 se
2482 2487 2938 2557 magnificentiam
2976 2487 3090 2542 Dei.
3118 2487 3460 2558 Quapropter

1883 2591 2070 2632 eorum
2094 2591 2215 2645 quas
2245 2576 2394 2630 dicta
2430 2584 2581 2640 sunt,
2615 2577 2932 2632 recordare.

1961 2688 1979 2720 ι
2017 2667 2084 2720 Ει
2116 2667 2391 2723 benedixit
2418 2668 2498 2722 eis
2521 2666 2685 2733 Deus,
2713 2676 2766 2722 et
2793 2669 2870 2722 ait
2897 2687 2910 2722 :
2945 2668 3210 2732 Crescite,
3237 2676 3290 2723 et
3321 2671 3460 2722 mul-

1883 2758 2228 2829 tiplicamini,
2270 2770 2324 2814 et
2365 2759 2571 2827 replete
2605 2766 2828 2813 terram.
2861 2777 2879 2808 ι
2924 2759 3128 2828 Duplex
3161 2769 3244 2815 est
3277 2761 3459 2814 incre-

1885 2857 2149 2911 mentum,
2186 2862 2354 2901 unum
2387 2847 2659 2916 corporis,
2702 2847 2934 2902 alterum
2981 2849 3170 2902 animi.
3217 2850 3458 2919 Augetur

1885 2937 2124 3000 animus,
2153 2950 2279 2991 cum
2309 2935 2620 3005 disciplinis
2653 2937 2922 2992 excolitur
2958 2945 3122 3006 atque
3155 2939 3453 3007 perficitur.

218 3044 297 3079 σιν
321 3028 614 3098 προσθήκη
641 3045 654 3057 ·
684 3029 934 3100 σώματος
957 3032 1064 3104 γὰρ
1091 3032 1347 3104 αὔξησις,
1383 3035 1416 3104 ἡ
1447 3034 1554 3087 ἀπὸ
1588 3034 1783 3106 μικροῦ

1887 3027 2098 3098 Corpus
2129 3034 2310 3082 autem
2329 3027 2552 3092 crescit,
2583 3027 2714 3081 dum
2744 3043 2811 3082 ex
2853 3042 3018 3097 parvo
3056 3029 3121 3081 ad
3149 3029 3356 3098 justum
3403 3037 3460 3082 ct

217 3119 290 3181 εἰς
342 3120 405 3171 τὸ
440 3119 683 3189 καθῆκον
729 3122 926 3193 μέτρον
983 3124 1438 3188 ἀποκατάστασις.
1481 3124 1784 3191 Αὒξάνεσθε

216 3209 389 3260 τοίνυν
422 3213 536 3271 τοῖς
569 3210 669 3279 μὲν
691 3209 902 3279 ἀλόγοις
934 3210 1109 3275 ζώοις,
1133 3211 1272 3266 κατά
1301 3211 1398 3283 τὴν
1428 3211 1520 3265 τοῦ
1541 3211 1785 3283 σώματος

214 3299 512 3361 τελείωσιν,
528 3303 670 3355 κατὰ
694 3302 785 3355 τὸν
811 3304 1154 3374 ἀπαρτισμὸν
1186 3305 1285 3374 τῆς
1312 3305 1526 3374 φύσεως
1551 3304 1784 3375 εἴρηται,

218 3393 343 3459 ἡμῖν
368 3391 428 3444 δὲ
455 3391 753 3456 αὐξάνεσθε
787 3395 926 3448 κατά
945 3397 1036 3449 τὸν
1061 3395 1169 3448 ἔσω
1195 3396 1498 3466 ἄνθρωπον,
1523 3395 1666 3449 κατά
1689 3394 1787 3466 τὴν

219 3482 501 3553 προκοπὴν
541 3482 640 3554 τὴν
671 3485 748 3546 είς
779 3483 910 3537 Θεὸν
939 3481 1102 3540 οὖσαν
1119 3525 1135 3550 ,
1169 3483 1281 3549 οἷος
1308 3483 1376 3557 ἦν
1401 3486 1612 3550 Παῦλος
1632 3527 1647 3551 ,
1675 3488 1787 3550 τοῖς

223 3572 316 3638 μὲν
341 3571 654 3641 ἔμπροσθεν
705 3574 1145 3644 ἐπεκτεινόμενος
1163 3616 1178 3639 ,
1208 3575 1316 3628 τῶν
1340 3575 1384 3628 δ’
1414 3575 1638 3628 ὄπισθεν
1667 3576 1787 3628 ὲπι-

219 3662 628 3733 λανθανόμενος.
666 3663 814 3734 Αῦτη
850 3667 996 3719 ἐστὶν
1032 3668 1066 3737 ἡ
1097 3665 1322 3736 αὔξησις
1368 3669 1476 3720 τῶν
1507 3668 1787 3739 θεωρημά-

219 3767 357 3814 των,
389 3751 674 3816 εὐσεϐείας
711 3753 1010 3825 ἀνάληψις,
1049 3757 1082 3826 ἡ
1126 3756 1220 3810 τοῦ
1258 3756 1502 3821 πλείονος
1544 3757 1782 3822 ἔκτεισις,

218 3843 279 3894 τὸ
337 3844 699 3914 ἐπορέγεσθαι
726 3848 873 3918 ἡμᾶς
894 3847 981 3900 ἀεὶ
1007 3848 1114 3901 τῶν
1147 3848 1334 3911 ὄντων,
1366 3850 1426 3902 τὸ
1453 3851 1783 3920 προγενόμε-

219 3948 305 3985 Vw
335 3934 434 4002 μὲν
453 3935 542 3987 ἀεὶ
566 3935 795 3988 κατόπιν
825 3936 1018 3989 ἑαυτοῦ
1047 3936 1282 4006 ἀφιέναι,
1302 3937 1361 3989 τὸ
1387 3937 1442 3990 δὲ
1472 3941 1654 3992 λεῖπον
1688 3939 1785 4008 τῆς

215 4022 519 4088 εὐσεϐείας,
552 4025 708 4078 τοῦτο
760 4027 858 4098 ὅση
923 4027 1153 4097 δύναμις
1207 4026 1502 4098 ἐπιζητεῖν.
1545 4025 1668 4092 Οἷος
1717 4025 1785 4100 ἦν

228 4112 439 4178 Ίσαάκ,
473 4117 605 4185 περὶ
635 4108 697 4168 οὗ
746 4119 779 4187 ὴ
823 4118 1097 4188 μαρτυρία
1137 4118 1316 4188 ἐκείνη
1349 4119 1782 4190 ἀναγέγραπται,

214 4205 293 4257 δτι
323 4206 634 4276 προϐαίνων
667 4207 892 4276 ῦψοῦτο,
925 4208 1117 4279 μέχρις
1144 4203 1204 4260 οῦ
1241 4209 1411 4278 μέγας
1439 4210 1672 4278 ἐγένετο.
1709 4212 1782 4263 Οῦ

211 4299 321 4366 γὰρ
348 4299 586 4370 ἀπέστη,
613 4300 734 4353 οὐδὲ
765 4303 957 4371 μικρὸν
982 4302 1239 4373 αὐξηθεὶς
1274 4302 1568 4382 ἀπέμεινεν
1597 4317 1611 4332 ο
1649 4301 1786 4355 ἀλλὰ

1885 3126 2273 3190 congruentem
2292 3119 2686 3190 magnitudinis
2708 3120 2928 3174 modum
2957 3119 3184 3174 accedit.
3213 3119 3459 3175 Crescite

1886 3210 2052 3280 igitur
2081 3208 2288 3263 dictum
2322 3217 2408 3264 est
2428 3209 2639 3264 ratione
2671 3209 2990 3264 carentibus
3017 3210 3367 3273 animalibus,
3402 3219 3460 3262 nt

1886 3299 1954 3352 ad
2000 3299 2306 3353 naturalem
2349 3299 2599 3368 corporis
2647 3297 3041 3368 perfectionem
3087 3301 3456 3368 pervenirent.

1885 3389 2054 3445 Nobis
2083 3399 2286 3454 autem,
2334 3397 2393 3444 ut
2427 3390 2708 3444 interioris
2755 3390 2992 3444 hominis
3041 3405 3336 3460 progressu
3371 3405 3460 3444 as-

1885 3479 2245 3535 cenderemus
2304 3479 2370 3532 ad
2433 3478 2644 3542 Deum,
2701 3481 3159 3550 quemadmodum
3220 3480 3455 3536 faciebat

1884 3571 2108 3638 Paulus,
2137 3587 2259 3641 quae
2287 3571 2504 3642 quidem
2538 3577 2688 3624 retro
2725 3580 2877 3634 sunt,
2911 3572 3266 3637 obliviscens,
3299 3575 3366 3625 ad
3393 3585 3457 3626 ea

1886 3679 2014 3720 vero
2062 3679 2183 3734 qua:
2226 3671 2353 3719 sunt
2396 3664 2636 3733 pr0pria,
2691 3663 2994 3718 extendens
3040 3664 3303 3732 seipsum.
3344 3663 3458 3716 Au-

1885 3764 2165 3829 gmentum
2219 3756 2272 3811 fit
2318 3754 2799 3822 contemplatione,
2853 3755 3071 3824 pietatis
3119 3755 3292 3813 cultu.
3324 3753 3454 3807 dum

1887 3848 1956 3902 ad
1996 3847 2221 3900 meliora
2272 3843 2669 3914 progredimur,
2715 3844 2842 3898 dum
2893 3859 3104 3910 eorum,
3155 3860 3276 3914 quae
3328 3860 3456 3901 vera

1887 3946 2015 3996 sunt
2035 3939 2199 4000 bona,
2232 3936 2531 4004 cupiditate
2559 3935 2802 4004 quotidie
2821 3937 2996 4005 magis
3032 3935 3453 3998 inﬂammamur,

1886 4029 2014 4083 dum
2058 4027 2202 4097 quod
2236 4027 2536 4097 praecessit,
2575 4035 2698 4096 post
2730 4041 2830 4082 nos
2868 4029 3252 4096 relinquimus,
3288 4035 3340 4081 et
3387 4029 3455 4082 ad

1887 4120 1940 4173 id
1985 4119 2199 4188 pietatis
2230 4117 2378 4188 quod
2407 4118 2679 4187 reliquum
2713 4125 2816 4182 est,
2860 4134 2956 4188 pro
2988 4118 3198 4172 viribus
3231 4127 3456 4171 conten—

1887 4209 2090 4263 dimus.
2139 4207 2290 4263 Talis
2315 4215 2435 4263 erat
2471 4207 2645 4270 Isaac,
2678 4207 2746 4261 de
2779 4223 2888 4276 quo
2913 4207 3284 4260 testimonium
3321 4207 3453 4260 illud

1890 4297 2173 4368 Scriptura
2206 4299 2408 4368 prodit,
2446 4299 2593 4368 quod
2623 4297 2914 4367 proﬁciens
2947 4298 3245 4358 crescebat.
3281 4298 3455 4354 donec

212 4390 532 4460 προέϐαινεν
555 4393 643 4445 ἀεὶ
663 4391 958 4464 διαϐήμασι
991 4394 1264 4464 μεγάλοις.
1293 4393 1569 4449 Διέϐαινεν
1596 4394 1688 4447 ἐπὶ
1713 4393 1782 4447 τά

1887 4405 2120 4462 magnus
2150 4389 2379 4446 effectus
2421 4396 2527 4444 est.
2560 4387 2747 4459 Neque
2783 4389 2929 4444 enim
2970 4389 3322 4455 consistebat,
3359 4405 3454 4446 ne-

211 4480 344 4550 ερτα
367 4483 470 4552 τῆς
502 4483 738 4553 ἀρετῆς.
773 4483 926 4555 διέδη
963 4485 1185 4555 μεγάλῳ
1220 4484 1422 4555 βήματι
1447 4483 1544 4556 τὴν
1574 4501 1787 4555 σωφροκ

213 4571 410 4643 σῦνην,
463 4572 640 4641 ἐπέϐη
672 4575 740 4643 τῇ
775 4573 1106 4645 δικαιοσύνῃ.
1154 4574 1405 4632 Ἐκεῖθεν,
1423 4575 1514 4626 ἐπὶ
1561 4573 1660 4643 τὴν
1688 4574 1783 4626 ἀν-

207 4663 389 4733 δρείαν
421 4664 612 4733 ἀνέϐη.
645 4664 800 4718 Οῦτω
849 4665 1172 4730 διαϐαίνων,
1224 4668 1317 4720 ἐπὶ
1358 4665 1420 4719 τὸ
1476 4664 1644 4736 ἄκρον
1688 4663 1782 4718 τοῦ

209 4753 379 4823 ὕψους
411 4755 504 4808 τοῦ
536 4753 742 4823 ἀγαθοῦ
775 4757 1105 4828 κορυφοῦται
1148 4758 1177 4809 ὁ
1217 4755 1440 4820 δίκαιος.
1478 4755 1783 4820 Αὐξάνεσθε

206 4844 301 4899 οὖν
325 4847 578 4913 αὔξησιν,
613 4847 710 4918 τὴν
737 4850 878 4902 κατά
906 4847 1038 4902 Θεὸν
1066 4847 1342 4901 τελείωσιν
1365 4887 1380 4912 ,
1408 4847 1504 4918 τὴν
1531 4848 1669 4902 κατὰ
1693 4846 1783 4900 τὸν

206 4935 354 4987 ἔνδον
377 4936 694 5005 ἄνθρωπονο
723 4935 1057 5005 πληθύνεσθε
1097 4935 1423 5006 Ἐκκλησίας
1449 4939 1517 5007 τῇ
1540 4935 1778 5007 εὐλογίᾳ.

205 5025 298 5096 lli)
320 5028 381 5078 ἐν
413 5026 496 5078 ἑνὶ
537 5028 930 5098 περιγραφήτω
966 5029 1000 5097 ἡ
1031 5026 1312 5094 θεολογία·
1345 5026 1460 5079 ἀλλ’
1492 5029 1571 5089 είς
1601 5027 1783 5080 πᾶσαν

204 5114 305 5184 τὴν
349 5116 458 5183 γῆν
504 5117 833 5187 κηρυχθήτω
880 5117 941 5170 τὸ
987 5117 1316 5185 Εὑαγγέλιον
1349 5117 1446 5188 τῆς
1486 5117 1778 5188 σωτηρίας.

211 5206 650 5277 σωηθύνεσθεη
684 5209 871 5274 Τίνες;
903 5209 967 5264 Οἱ
997 5209 1136 5263 κατά
1162 5209 1222 5264 τὸ
1235 5209 1562 5278 Εὑαγγέλιον
1585 5209 1783 5279 γεννώ-

211 5314 386 5362 μενοι.
419 5317 437 5350 ι
463 5299 796 5370 Πληρὼσατε
821 5299 920 5372 τὴν
945 5301 1067 5378 γῆν.
1093 5320 1112 5352 ›
1147 5300 1464 5372 Σάρκα.τὴν
1495 5299 1782 5370 δεδομένην

213 5389 339 5451 ὑμῖν
390 5390 473 5450 εἰς
531 5389 833 5460 ὑπηρεσίαν
923 5391 1249 5461 πληρώσατε
1308 5389 1527 5459 ἀγαθῶν
1582 5389 1778 5459 ἔργων.

223 5475 536 5549 ἰκθαλμὸς
581 5480 793 5552 πλήρης
826 5481 967 5535 ἔστω
994 5481 1083 5535 τοῦ
1123 5485 1254 5556 όρᾷν
1297 5483 1367 5537 τὰ
1399 5482 1606 5536 δέοντα.
1647 5483 1782 5552 Χεὶρ

213 5569 427 5639 πλήρης
453 5570 596 5622 ἔστω
615 5571 723 5624 τῶν
753 5572 971 5641 ἀγαθῶν
997 5573 1186 5646 ἔργων.
1223 5575 1392 5640 Πόδες
1429 5573 1672 5628 ἔστωσαν
1703 5578 1783 5640 είς

215 5660 499 5730 idaest
531 5661 915 5730 ἀσθενούντων,
937 5673 1232 5741 πορευτικοὶ
1250 5673 1407 5734 ὅντες
1436 5667 1520 5737 ἐφ’
1549 5665 1586 5721 ἀ
1617 5684 1780 5741 προσ·

1885 4497 1992 4553 que
2019 4481 2298 4552 paululum
2321 4489 2517 4535 auctus
2537 4480 2912 4542 decrescebat,
2941 4479 3035 4534 sed
3069 4481 3282 4550 magnis
3311 4496 3454 4535 sem-

1883 4587 1982 4642 per
2041 4571 2234 4642 spatiis
2294 4570 2765 4641 progrediebatur.
2828 4570 3122 4626 Crescebat
3191 4571 3454 4626 virtutum

1885 4663 2109 4727 studiis,
2159 4667 2214 4718 et
2254 4661 2446 4718 olliciis
2484 4680 2497 4717 :
2535 4663 2821 4720 crescebat
2856 4677 3052 4733 magna
3090 4663 3370 4718 modestiae
3402 4673 3456 4719 ct

1883 4753 2258 4824 temperantiae
2309 4753 2743 4825 progressione;
2803 4755 3086 4809 crescebat
3137 4755 3349 4823 iustitia
3402 4763 3456 4809 et

1883 4846 2162 4915 aequitate.
2194 4843 2293 4901 llis
2318 4845 2580 4914 gradibus
2603 4845 2671 4900 ad
2699 4846 2910 4900 virilem
2943 4855 3152 4900 aetatem
3187 4847 3451 4914 pervenit.

1885 4939 1976 4996 Sic
2003 4941 2355 5011 progrediens
2383 4949 2437 4996 et
2471 4956 2731 4997 crescens
2753 4915 3046 5010 virjnstus’
3085 4940 3151 4994 ad
3179 4955 3454 4995 summum

1882 5033 2010 5090 boni
2034 5033 2308 5104 fastigium
2333 5035 2632 5089 extollitur.
2660 5033 2901 5090 Crescite
2929 5035 3094 5104 igitur
3118 5033 3456 5102 perfectione

1883 5124 1997 5191 illa,
2027 5141 2149 5194 qua:
2193 5123 2302 5180 Deo
2336 5126 2534 5196 placet.
2577 5141 2697 5196 qua:
2741 5125 2802 5180 fit
2833 5126 2885 5179 in
2920 5123 3138 5180 homine
3181 5124 3450 5181 interiori.

1883 5211 2318 5282 Multiplicamini
2372 5213 2632 5269 Ecclesiae
2682 5211 3056 5268 fecunditate.
3111 5211 3190 5268 Ne
3229 5213 3284 5266 in
3342 5225 3450 5266 uno

1883 5304 2242 5361 concludatur
2283 5305 2522 5376 cognitio
2571 5305 2688 5368 Dei,
2737 5305 2832 5361 sed
2875 5305 2930 5358 in
2987 5319 3204 5360 omnem
3250 5313 3451 5359 terram

1883 5396 2252 5467 promulgetur
2307 5397 2502 5452 salutis
2543 5395 2905 5466 Evangelium.
2942 5389 3448 5462 «Multiplicamini.»

1883 5486 2020 5552 Qui?
2053 5487 2184 5547 Vos.
2234 5487 2328 5556 qui
2371 5489 2427 5542 in
2475 5487 2765 5558 Evangelio
2805 5486 2971 5558 geniti
3017 5483 3209 5538 estis.c
3237 5485 3459 5554 liepletc

1884 5584 2406 5634 terrnmzicarnem
2462 5578 2616 5633 vobis
2675 5576 2742 5630 ad
2797 5571 3216 5630 ministrandnm
3269 5569 3457 5627 datam

1885 5667 2041 5725 bonis
2087 5670 2395 5728 actionibus
2440 5672 2661 5737 replete.
2708 5666 2997 5736 Replcatur
3036 5661 3231 5717 oculus
3261 5675 3462 5722 earum

3978 2084 3981 2209 ί

3977 2397 3981 2473 i

3977 2497 3981 2594 l

3979 2597 3981 2639 l

3977 2662 3981 2728 1

3977 2757 3981 2807 Ι

3977 2839 3981 2891 ι

3977 2920 3979 2975 i

3974 3511 3979 3583 ἱ

3974 3622 3979 3672 ι

3975 3696 3979 3751 l

3975 3772 3979 3835 ί

3974 3865 3979 3919 1

3974 3955 3979 4014 1

3974 4021 3977 4099 ι

3974 4130 3977 4183 l

3974 4218 3977 4267 ι
