4088 6210
469 341 478 350 “
557 322 664 381 285

1823 330 1880 388 S.
1907 328 2232 390 GREGORII
2272 333 2570 389 NYSSENI

3689 332 3800 386 284

560 452 742 496 rerum
773 447 1018 508 aspectu,
1067 456 1187 509 qua:
1228 448 1390 496 rectae
1428 451 1575 498 sum.
1615 441 1904 514 Repleatur
1933 462 2127 502 manus

2244 449 2349 518 ipsa.
2381 449 2536 500 Πᾶσα
2582 450 2616 518 ἡ
2655 447 2762 501 τῶν
2796 444 2969 517 μελῶν
3018 447 3174 518 ἡμῶν
3221 447 3552 509 κατάστασις
3587 447 3800 517 πλήρης

528 571 530 574 μ
558 528 818 597 operibus
854 530 1031 585 bouis.
1068 529 1398 600 Repleantur
1430 532 1613 586 itidem
1645 535 1808 603 pedes
1838 538 1903 591 ad
1952 537 2127 592 visen-

561 619 662 674 dos
703 635 990 689 pauperes,
1038 628 1091 675 et
1124 621 1188 673 ad
1216 636 1300 685 ea,
1341 639 1462 691 qua:
1501 631 1738 692 oportet,
1782 627 2128 696 exsequenda

562 709 997 779 proficiscentes.
1035 711 1227 765 Omnia
1273 713 1507 782 denique
1547 719 1789 769 membra
1824 727 2012 772 nostra
2045 734 2130 772 rev

563 803 816 871 pleantur
852 803 1232 859 observatione
1260 804 1637 859 mandatorum
1673 805 1786 861 Dei.
1820 806 1932 861 Hoc
1957 810 2128 878 signi-

563 889 688 943 ﬁcat
718 906 777 943 ea
813 907 935 956 vox,
981 910 998 941 ι
1038 890 1259 962 Replete
1292 901 1512 947 terram.
1553 915 1571 946 ι
1604 895 1778 964 Atque
1808 896 1898 949 illa
1931 898 2126 963 oratio,

561 997 685 1051 quae
730 983 1038 1038 communis
1080 993 1165 1038 est
1203 985 1361 1040 nobis
1405 1001 1530 1046 eum
1575 987 1800 1056 reliquis
1841 989 2131 1044 animanti—

563 1072 687 1137 bus;
734 1075 949 1143 proprie
993 1073 1227 1130 refertur
1279 1076 1345 1130 ad
1395 1092 1517 1138 nos,
1553 1093 1678 1130 eum
1715 1079 2034 1149 intelligitur
2064 1096 2130 1135 ex

560 1179 626 1219 ea
663 1166 890 1228 ratione,
921 1182 1027 1235 qua
1070 1167 1322 1221 honorati
1354 1183 1564 1233 smnus,
1601 1177 1655 1224 et
1683 1168 1810 1222 facti
1843 1171 1910 1224 ad
1941 1171 2133 1240 imagi-

2227 538 2369 592 ⁴ἐστω
2408 538 2517 592 τῶν
2553 538 2694 592 κατά
2743 539 2840 600 τὰς
2866 537 3084 600 ἐντολὰς
3112 538 3382 609 ἐργασιῶν
3405 555 3418 568 ·
3461 536 3619 590 τοῦτό
3657 539 3796 603 ἐστι,

2237 646 2255 679 ι
2279 627 2607 698 Πληρώσατε
2640 629 2737 700 τὴν
2765 628 2920 698 γῆν.)
2955 629 3148 682 Κοιναὶ
3175 629 3270 699 μὲν
3289 629 3346 680 αἱ
3369 629 3544 697 φωναὶ
3566 629 3659 680 καὶ
3685 631 3800 691 τοῖς

2226 719 2444 786 ἀλόγοις
2466 735 2478 748 ·
2511 718 2804 782 ἰδιάζουσαι
2829 719 2885 772 δὲ
2907 720 3164 786 γίνονται,
3196 720 3324 772 ὅταν
3359 719 3437 788 τῷ
3466 721 3584 772 κατ’
3615 717 3799 772 είκόνα

2231 813 2327 862 καὶ
2454 809 2808 878 ἐτιμήθημεν,
2827 810 2998 880 τούτῳ
3027 809 3377 881 χρησώμεθα.
3411 808 3492 862 Τά
3538 809 3635 879 μὲν
3694 811 3802 879 γὰρ

2232 899 2558 969 σωματικῶς
2584 899 2736 964 αὔξει
2758 939 2774 964 ,
2816 902 2977 970 ἡμεῖς
3007 901 3062 953 δὲ
3114 899 3496 969 πνευματικῶς
3523 915 3539 931 ο
3589 898 3681 951 καὶ
3727 897 3799 950 τὰ

2233 991 2329 1060 μὲν
2369 990 2564 1060 πληροῖ
2591 989 2688 1061 τὴν
2739 991 2836 1061 γῆν
2864 990 2940 1060 τῷ
2969 991 3180 1060 πλήθει,
3213 993 3374 1060 ἡμεῖς
3401 989 3456 1042 δε
3485 987 3814 1059 πληροῦμεν

2229 1084 2350 1144 ταῖς
2375 1082 2601 1150 ἀγαθαῖς
2623 1083 2905 1154 ἐργασίαις
2930 1083 3027 1153 τὴν
3057 1081 3486 1150 συνεζευγμένην
3508 1081 3640 1150 ἡμῖν
3669 1077 3803 1147 γῆν,-

2232 1171 2480 1224 τουτέστι
2507 1171 2605 1242 τὴν
2637 1171 2948 1242 σωματικὴν
2972 1170 3294 1242 ὑπηρεσίαν.

563 1273 687 1311 nem
721 1257 833 1313 Dei.
877 1260 1142 1314 Crescunt
1175 1263 1318 1316 enim
1353 1269 1547 1317 caetera
1592 1263 1848 1316 animalia
1875 1264 2150 1333 corporeis
2188 1264 2562 1328 incrementis,
2598 1280 2700 1320 nos
2743 1273 2922 1320 autem
2975 1264 3330 1334 ineorporeis,
3355 1269 3408 1316 et
3448 1261 3513 1315 ad
3547 1259 3797 1329 spiritum

565 1351 979 1419 pertinentibus.
1024 1355 1200 1422 Atque
1255 1355 1345 1407 illa
1390 1355 1607 1423 quidem
1649 1364 1848 1410 terram
1903 1356 2114 1426 replent
2156 1355 2520 1421 multitudine,
2559 1371 2657 1410 nos
2690 1365 2871 1411 autem
2912 1365 3112 1410 terram
3158 1353 3402 1423 corporis
3437 1351 3610 1405 nostri
3642 1349 3802 1403 bonis

565 1445 930 1514 conjunctam,
979 1447 1136 1501 bonis
1179 1449 1434 1517 aper-ibus
1464 1450 1756 1519 replemus.

643 1553 660 1584 ι
689 1533 824 1606 Ecce
851 1535 972 1589 dedi
997 1536 1148 1590 vobis
1173 1551 1334 1591 omne
1365 1537 1565 1607 lignum
1596 1539 1801 1593 habens
1824 1538 2057 1592 fructum
2076 1538 2132 1590 in

565 1625 880 1694 semetipso,
921 1635 980 1678 ut
1019 1626 1092 1680 sit
1135 1627 1290 1681 vobis
1327 1628 1381 1680 in
1413 1642 1617 1682 escam.
1654 1648 1672 1679 ι
1703 1628 1780 1682 Ne
1808 1637 2130 1698 praetercur-

2309 1554 2326 1586 ι
2352 1535 2480 1588 Ἰδοὺ
2504 1533 2710 1588 δέδωκα
2739 1535 2865 1604 ὑμῖν
2901 1534 3051 1600 ξύλον
3077 1534 3103 1587 ὃ
3141 1534 3251 1604 ἔχει
3283 1535 3492 1605 καρπὸν
3516 1537 3574 1588 ἐν
3599 1533 3796 1604 ἑαυτῷ·

2239 1627 2364 1696 ὑμῖν
2445 1624 2596 1678 ἔσται
2645 1628 2724 1688 είς
2778 1625 2998 1696 βρῶσιν.
3035 1645 3052 1678 ι
3108 1626 3287 1696 Μηδὲν
3323 1626 3711 1697 παρατρεχέτω
3758 1628 3791 1696 ἡ

567 1723 652 1768 ι’ςιι
712 1714 976 1769 Ecclesia.
1029 1715 1224 1769 Omnia
1278 1717 1514 1786 legitima
1556 1727 1704 1772 sunt.
1768 1716 1882 1772 Non
1932 1716 2068 1771 dixit
2115 1735 2128 1772 :

2247 1715 2541 1788 Ἐκκλησία
2561 1734 2573 1746 ’
2611 1719 2792 1772 πάντα
2841 1719 3046 1789 νόμιμά
3076 1719 3240 1772 ἐστιν.
3268 1719 3382 1771 Οὐκ
3410 1713 3548 1783 εἷπε,
3583 1718 3800 1771 Δέδωκα

569 1802 702 1858 Dedi
775 1805 930 1859 vobis
990 1805 1170 1874 pisces
1218 1806 1285 1860 ad
1345 1807 1695 1863 vescendum.
1778 1807 1917 1876 Dedi;
1983 1807 2136 1863 vobis

567 1903 722 1959 cete,
779 1900 832 1949 et
875 1895 1119 1964 reptilia,
1170 1904 1224 1950 et
1273 1895 1650 1965 quadrupede.
1691 1895 1810 1950 Non
1875 1896 2021 1951 enim
2067 1896 2138 1952 ob

567 1986 624 2040 id
652 2001 715 2040 ea
749 1986 979 2040 creavit.
1027 1986 1134 2041 Sed
1175 1989 1350 2056 prima
1393 1988 1482 2042 lex
1525 1991 1827 2051 concessit.
1855 1997 1914 2041 ut
1945 1988 2139 2043 fructi.

567 2079 672 2133 bus
709 2092 1078 2134 vesceremur.
1121 2078 1315 2132 Adhuc
1355 2081 1499 2133 enim
1537 2079 1794 2149 paradiso
1841 2080 1990 2149 digni
2035 2096 2138 2150 pu-

567 2167 840 2221 tabamur.
890 2165 1110 2235 Eequod
1156 2167 1246 2222 hic
1290 2168 1422 2222 latet
1471 2168 1834 2238 mysterium!
1873 2167 2043 2224 Nobis
2086 2179 2141 2224 et

567 2257 786 2320 bestiis,
821 2265 877 2312 et
923 2257 1237 2312 volucribus
1288 2258 1403 2312 dati
1439 2266 1567 2313 sunt
1599 2257 1835 2324 fructus,
1870 2266 1924 2314 et
1949 2259 2138 2322 herba,

568 2346 638 2400 ad
666 2345 1018 2411 vescendum,
1051 2355 1104 2400 et
1137 2347 1454 2402 volucribus
1473 2349 1622 2412 caeli,
1649 2356 1702 2403 et
1731 2349 1991 2404 omnibus
2022 2350 2141 2403 aui-

570 2434 853 2490 mantibus
898 2443 1075 2489 terrai.
1126 2435 1293 2506 Atqui
1336 2436 1505 2490 multa
1557 2438 1838 2492 cernimus
1882 2438 2140 2492 animalia

571 2522 848 2579 fructibus
888 2541 998 2579 non
1051 2526 1220 2582 vesci.
1281 2526 1401 2593 Quo
1460 2528 1608 2583 enim
1661 2528 1841 2584 fructu
1896 2531 2142 2584 vescitur

572 2614 780 2682 pardus
836 2622 931 2668 aut
969 2616 1110 2678 ,leo?
1160 2614 1226 2670 Hi
1258 2625 1438 2671 tamen
1492 2618 1600 2689 legi
1639 2628 1852 2674 natura:
1907 2621 2141 2690 subjecti

571 2704 846 2761 fructibus
889 2707 1198 2761 alebantur.
1250 2706 1359 2762 Sed
1405 2723 1529 2762 cum
1564 2709 1729 2765 homo
1761 2713 2083 2768 recessisset
2111 2729 2142 2766 a

571 2796 865 2860 mandato,
894 2789 969 2852 ὀι
1007 2807 1162 2852 extra
1211 2799 1530 2868 paradisum
1570 2801 1734 2856 vitam
1781 2814 1983 2874 ageret,
2021 2815 2143 2875 post

570 2884 840 2940 diluvium
892 2887 1086 2942 videns
1140 2887 1408 2945 Dominus
1471 2891 1724 2947 homines
1767 2906 2138 2962 contumaces,

571 2978 850 3032 concessit
885 2978 987 3042 eis,
1025 2987 1081 3032 ut
1110 2981 1369 3036 omnibus
1393 2990 1783 3064 vescerentur:
1809 2984 1980 3039 Omne
1995 2988 2140 3055 quod

2237 1808 2364 1877 ὑμῖν
2393 1809 2518 1871 τοὺς
2559 1808 2745 1879 ίχθύας
2778 1809 2856 1872 είς
2891 1809 3089 1879 βρῶσιν
3109 1849 3123 1873 ,
3172 1807 3375 1862 δέδωκα
3409 1811 3535 1879 ύμῖν
3569 1801 3638 1862 ’τά
3664 1810 3800 1880 κτή-

2238 1916 2323 1968 νη,
2389 1898 2458 1952 τά
2513 1899 2756 1970 ἑρπετὰ,
2807 1900 2876 1953 τά
2928 1901 3228 1971 τετράποδα
3261 1916 3274 1930 ⁸
3329 1901 3389 1953 οὐ
3434 1901 3544 1971 γὰρ
3593 1900 3798 1955 τούτων

2236 1989 2420 2042 ἕνεκεν
2471 1989 2692 2055 ἔκτισε,
2746 1991 2932 2061 φησίν.
2970 1991 3108 2044 Ἀλλ’
3165 1993 3197 2062 ἡ
3253 1990 3440 2062 πρώτη
3513 1993 3798 2065 νομοθεσία

2238 2081 2465 2151 καρπῶν
2503 2081 2798 2135 ἀπόλαυσιν
2848 2081 3254 2153 συνεχώρησεν·
3293 2083 3372 2136 ἔτι
3409 2085 3514 2154 γάρ
3560 2081 3805 2152 ὲνομιζό-

2241 2171 2380 2242 μεθα
2413 2171 2551 2237 ἄξιοι
2579 2167 2716 2226 εἶναι
2759 2173 2852 2226 τοῦ
2883 2175 3228 2245 παραδείσου.
3270 2175 3424 2226 Ἔστι
3447 2173 3503 2226 δέ
3548 2192 3600 2226 τι
3641 2176 3696 2226 ἐν
3721 2171 3803 2243 τῷ

2238 2257 2555 2316 λανθάνοντί
2607 2265 2941 2334 μυστήριον;
2981 2267 3113 2334 ἡμῖν
3159 2264 3267 2334 γὰρ
3295 2267 3388 2318 καὶ
3431 2268 3543 2328 τοῖς
3592 2263 3804 2334 Θηρίοις

2239 2354 2334 2406 καὶ
2364 2357 2474 2417 τοῖς
2507 2357 2767 2418 πετεινοῖς
2788 2355 2880 2407 τοῦ
2903 2355 3152 2426 ούρανοῦ,
3183 2357 3276 2410 καὶ
3308 2358 3440 2409 πᾶσι
3465 2358 3574 2419 τοῖς
3597 2356 3804 2426 Θηρίοις

2238 2441 2337 2514 τῆς
2366 2442 2467 2512 γῆς
2506 2445 2552 2495 οἱ
2605 2444 2804 2513 καρποὶ
2855 2442 3134 2512 ἐδόθησαν,
3174 2445 3266 2497 καὶ
3305 2446 3337 2514 ἡ
3387 2444 3533 2513 χλόη.
3570 2445 3679 2496 Καὶ
3727 2443 3804 2514 μὴ

2241 2509 2336 2584 νῦν
2368 2509 2584 2602 δρῶμεν
2630 2509 2801 2585 πολλά
2844 2532 2953 2586 τῶν
2998 2509 3199 2603 θηρίων
3233 2509 3461 2604 καρποῖς
3609 2509 3808 2602 τρεςρόλ

2245 2640 2410 2694 μενα;
2444 2623 2580 2693 ποίῳ
2622 2624 2729 2694 γὰρ
2755 2625 2951 2695 καρπῷ
2996 2626 3349 2695 καταδέχεται
3379 2625 3635 2694 πάρδαλις
3675 2642 3807 2695 τρα-

2241 2715 2434 2784 φῆναι;
2464 2715 2546 2778 τίς
2587 2715 2642 2768 δὲ
2670 2715 2879 2785 καρπὸς
2918 2714 3136 2770 δύναται
3178 2717 3363 2770 λέοντα
3391 2717 3620 2786 θρέψαις
3668 2716 3804 2768 Ἀλλ’

2241 2803 2387 2873 ὅμως
2435 2803 2607 2856 ταῦτα
2653 2803 2730 2873 τῷ
2779 2806 2926 2874 νόμῳ
2967 2806 3065 2875 τῆς
3113 2805 3324 2873 φύσεως
3375 2805 3806 2875 ὑποτεταγμένα,

2243 2899 2471 2965 καρποῖς
2502 2895 2826 2966 διετρέφετο.
2881 2897 3098 2969 Ἐπειδὴ
3138 2898 3195 2952 δὲ
3235 2900 3262 2950 6
3315 2898 3596 2969 ἄνθρωπος
3637 2898 3805 2962 ἐξεδι-

2243 2985 2414 3055 ῃτήθη
2445 2986 2536 3037 καὶ
2569 2983 2727 3054 ἐξέϐη
2757 2986 2848 3038 τοῦ
2876 2988 3001 3057 ὅρου
3023 2985 3115 3039 τοῦ
3144 2986 3424 3056 δεδομένου
3457 2985 3620 3056 αὐτῷ,
3669 2986 3811 3055 μετά

573 3081 848 3138 movetur,
883 3075 1081 3142 inquit,
1107 3082 1162 3128 et
1188 3076 1342 3139 vivit,
1367 3077 1473 3130 erit
1495 3077 1652 3132 vobis
1679 3078 1732 3130 in
1755 3078 1959 3145 cibum,
1985 3081 2140 3148 quasi

2244 3076 2332 3129 τὸν
2364 3077 2738 3147 κατακλυσμὸν
2765 3077 2919 3140 εἰδὼς
2945 3080 2972 3130 6
2995 3077 3193 3148 Κύριος
3213 3078 3449 3147 ἀφειδεῖς
3465 3080 3586 3141 τοὺς
3603 3077 3810 3148 ἀνθρώ-

573 3164 724 3218 olera
769 3164 1002 3218 virentia
1048 3165 1249 3220 tradidi
1297 3167 1450 3221 vobis
1494 3169 1697 3222 omnia.
1749 3169 1868 3235 Quo
1920 3172 2140 3240 quidem

572 3269 857 3318 concesso,
893 3256 1100 3324 reliqua
1138 3256 1264 3311 item
1299 3257 1554 3314 animalia
1602 3261 1920 3316 comedendi
1967 3263 2139 3318 licen-

576 3344 705 3397 tiam
739 3353 893 3399 uacta
930 3353 1078 3400 sunt.

647 3433 724 3487 Ex
763 3450 828 3489 eo
874 3443 1119 3506 tempore
1164 3447 1220 3490 et
1263 3436 1351 3493 leo
1399 3438 1748 3504 crudivorus,
1799 3450 1852 3496 et
1901 3444 2141 3499 vultures

574 3525 902 3580 cadaverum
936 3528 1101 3582 avidi.
1132 3527 1320 3598 Neque
1351 3529 1496 3584 enim
1529 3529 1690 3584 simul
1736 3546 1800 3585 ac
1821 3533 1986 3602 geniti
2014 3540 2143 3587 sunt
2183 3593 2189 3599 _

575 3624 778 3672 terram
817 3620 1352 3675 circnmlustrabant.
1382 3619 1631 3676 Nondum
1657 3624 1951 3694 quidquam
1977 3627 2142 3681 inter-

576 3707 714 3763 ierat
743 3726 928 3765 eorum
967 3730 1088 3783 qua:
1121 3715 1206 3768 vel
1243 3730 1272 3768 a
1303 3715 1412 3771 Deo
1446 3715 1611 3779 facta,
1645 3719 1726 3772 vel
1756 3720 1937 3789 genita
1966 3728 2140 3787 erant,

576 3818 689 3872 quo
720 3804 964 3858 vultures
999 3805 1362 3860 nutrirentur.
1406 3805 1591 3879 Neque
1622 3817 1816 3864 natura
1857 3812 2144 3880 separabat

574 3899 632 3947 et
664 3892 1026 3958 dissolvebat;
1060 3895 1270 3964 vigebat
1310 3897 1475 3955 enim.
1513 3894 1699 3965 Neque
1738 3907 2024 3954 venatores
2055 3915 2145 3955 oc-

574 3983 860 4047 cidebant;
889 3985 1126 4039 nondum
1151 3990 1294 4041 enim
1320 3971 1585 4041 vacabant
1606 3989 1854 4045 homines
1876 3992 2142 4058 ejusmodi

576 4075 778 4132 studio.
813 4075 998 4146 Neque
1035 4077 1158 4132 ferae
1192 4078 1562 4143 dilaniabant;
1599 4094 1774 4148 neque
1807 4082 1951 4134 enim
1987 4090 2144 4136 erant

578 4167 898 4222 crudivortn.
949 4169 1056 4223 Nec
1089 4171 1189 4238 ipsi
1215 4171 1459 4226 vultures
1494 4171 1638 4226 vesci
1677 4171 2035 4227 cadaveribus
2067 4189 2146 4235 as~

576 4268 872 4315 sueveraut
898 4279 910 4320 ;
945 4262 1201 4328 quoniam
1231 4261 1468 4315 n0ndum
1496 4269 1655 4316 erant
1686 4261 1973 4328 cadavera,
2008 4279 2146 4318 non-

576 4353 706 4408 dum
741 4355 900 4415 fetor.
924 4356 1163 4409 nondum
1187 4357 1310 4409 talis
1333 4357 1607 4409 vulturum
1627 4356 1813 4421 cibus;
1845 4355 1939 4411 sed
1963 4357 2144 4410 omnia

2248 3185 2402 3230 πους,
2436 3168 2529 3220 ἐπὶ
2563 3168 2778 3220 πάντων
2801 3168 2897 3238 τὴν
2919 3169 3210 3222 ἀπόλαυσιν
3231 3169 3591 3239 συνεχώρησε.
3624 3169 3810 3223 Πάντα

2246 3255 2418 3309 ταῦτα
2454 3255 2690 3324 φάγεσθε
2717 3256 2791 3318 ὡς
2819 3255 3024 3324 λάχανα
3053 3256 3265 3327 χόρτου.
3296 3256 3478 3327 Ταύτῃ
3500 3257 3563 3325 τῇ
3597 3270 3806 3324 συγχω-

2250 3345 2403 3415 ρήσει
2427 3345 2519 3396 καὶ
2549 3343 2617 3397 τὰ
2641 3343 2802 3396 λοιπά
2831 3340 2944 3404 ζῶα
2972 3341 3128 3394 ἔλαϐε
3148 3342 3245 3411 τὴν
3271 3341 3364 3394 τοῦ
3386 3341 3583 3394 ἐσθίειν
3603 3339 3806 3394 ἄδειαν.

2331 3433 2421 3497 Ἐξ
2466 3435 2672 3487 ἐκείνου
2723 3433 2906 3486 λοιπὸν
2945 3432 3222 3504 ώμοὸόρος
3253 3435 3281 3485 6
3318 3432 3474 3496 λέων,
3505 3431 3562 3497 ἐξ
3600 3431 3808 3483 ἐκείνου

2251 3524 2345 3577 καὶ
2396 3522 2567 3592 γῦπες
2617 3523 2942 3593 ἀναμένουσι
2996 3521 3310 3594 θνησιμαῖα.
3361 3522 3436 3574 Οὔ
3483 3521 3650 3591 δήπου
3699 3519 3808 3589 γὰρ

2250 3613 2345 3666 καὶ
2375 3612 2546 3681 γῦπες
2573 3611 2707 3682 ὁμοῦ
2731 3612 2805 3684 τῷ
2827 3613 3142 3684 γεννηθῆναι
3164 3613 3276 3676 ζῶα
3300 3611 3689 3681 περιεσκόπουν
3711 3609 3810 3678 τὴν

2250 3703 2372 3772 γῆν.
2411 3702 2577 3757 Οὔπω
2608 3703 2714 3774 γάρ
2746 3721 2798 3756 τι
2827 3703 3062 3757 ἀπέθανε
3087 3707 3191 3756 τῶν
3226 3703 3372 3773 παρὰ
3393 3701 3526 3754 Θεοῦ
3559 3716 3814 3770 σημαινοο

2254 3795 2432 3864 μένων
2461 3794 2492 3865 ἢ
2525 3794 2847 3863 γενομένων,
2876 3795 2962 3847 ἵνα
2980 3794 3150 3861 γῦπες
3173 3791 3444 3863 τραφῶσιν
3468 3808 3481 3820 ⁸
3505 3791 3624 3844 οὔτε
3651 3791 3813 3860 φύσιν

2249 3885 2562 3956 διεχώρισεν
2585 3902 2597 3914 ·
2635 3875 2845 3954 ἀκμαία
2875 3886 2981 3954 γάρ
3006 3901 3018 3913 ’
3059 3885 3183 3936 οὔτε
3227 3883 3457 3954 θηραταὶ
3486 3881 3768 3936 ἀνάλωσαν
3795 3898 3813 3914 ·

2252 3977 2404 4032 οὔπω
2431 3978 2538 4048 γὰρ
2583 3977 2919 4044 ἐπιτήδευσις
2972 3975 3305 4045 ἀνθρώπων·
3347 3975 3466 4028 οὔτε
3524 3974 3690 4046 θηρία
3735 3975 3817 4026 δι-

2252 4067 2392 4121 έσπα
2410 4083 2424 4098 ·
2452 4068 2577 4120 οὔτε
2619 4067 2724 4137 γὰρ
2752 4062 2818 4138 ἧν
2851 4065 3125 4137 ὡμοὸόρα.
3154 4067 3288 4136 Fudit
3330 4067 3386 4119 δὲ
3411 4065 3676 4134 ἀσύνηθες
3704 4066 3816 4118 ἀπὸ

2251 4159 2457 4228 νεκρῶν
2490 4158 2823 4212 διαιτᾶσθαι·
2853 4158 2992 4211 ὥστε
3027 4157 3177 4212 οὔπω
3203 4154 3267 4230 ἦν
3297 4158 3484 4229 νεκρὰ,
3515 4156 3668 4210 οὔπω
3686 4157 3816 4209 δυσ-

2250 4250 2405 4316 ωδία,
2442 4248 2593 4302 οὔπω
2634 4250 2854 4320 τοιαύτη
2894 4249 3066 4320 τροφὴ
3106 4250 3315 4317 γυπῶν,
3346 4249 3478 4302 ἀλλὰ
3507 4249 3705 4311 πάντες
3741 4248 3816 4301 τὰ

2251 4342 2465 4396 κύκνων
2509 4343 2785 4414 διῃτῶντο,
2817 4343 2910 4396 καὶ
2951 4343 3126 4396 πάντα
3165 4345 3288 4405 τοὺς
3333 4341 3598 4412 λειμῶνας
3624 4341 3814 4394 ὲπενέ-
3859 4339 3862 4342 ’

581 4459 734 4498 more
780 4461 1075 4516 cycnorum
1123 4447 1469 4512 victitabant,
1517 4448 1698 4501 omnia
1740 4449 1795 4502 in
1841 4449 2013 4518 pratis
2050 4463 2141 4518 pa-

2256 4451 2404 4505 μετο.
2431 4435 2538 4487 Καὶ
2568 4429 2655 4488 οἶα
2696 4434 2909 4505 ὁρῶμεν
2938 4433 3104 4496 κύνας
3145 4433 3438 4504 θεραπείας
3472 4433 3654 4487 ἕνεκεν
3683 4433 3814 4486 πολ-

577 4536 898 4589 εοθιιοηιιιν.
925 4535 991 4590 Et
1013 4539 1470 4606 quemadmodum
1495 4541 1738 4594 videmus
1764 4555 1927 4594 canes
1951 4539 2146 4596 herbas

581 4626 888 4680 curationis
950 4641 1115 4681 causa
1159 4643 1303 4697 smpe
1357 4630 1663 4695 comedere,
1710 4646 1818 4685 non
1868 4631 2012 4701 quod
2059 4633 2149 4687 ille

577 4716 739 4771 cibus
787 4718 868 4771 eis
915 4719 986 4772 sit
1031 4720 1325 4784 naturalis,
1381 4721 1475 4776 sed
1531 4731 1737 4776 natura:
1788 4723 2021 4791 quodam
2065 4724 2150 4777 in-

578 4805 783 4860 stinctu
814 4808 1129 4868 commoniti
1159 4809 1408 4865 feruntur
1452 4811 1517 4865 ad
1550 4811 1604 4865 id
1632 4813 1775 4880 quod
1806 4814 2147 4870 salutiferum

580 4891 691 4946 illis
718 4893 958 4948 futurum
983 4906 1084 4960 est,
1117 4899 1196 4953 sic
1218 4899 1506 4953 crudivora
1531 4908 1661 4955 tunc
1684 4903 1944 4958 animalia
1967 4911 2145 4967 erant,

582 4998 691 5038 non
742 4994 798 5038 ut
860 4986 962 5041 sibi
1021 4988 1262 5044 vicissim
1309 4989 1536 5046 insidias
1589 4999 1884 5056 struerent,
1937 4994 2033 5049 sed
2089 5001 2149 5047 ut

582 5089 704 5129 niox
725 5076 790 5130 ad
819 5077 1103 5146 pristinam
1124 5080 1366 5136 redirent
1387 5085 1860 5140 consuetudinem.
1882 5083 2148 5138 Caeterum

583 5164 748 5221 homo
775 5170 1068 5223 revertitur
1120 5171 1182 5225 ad
1219 5173 1506 5242 pristinum
1551 5183 1773 5240 statum,
1823 5175 2147 5245 improbam,

579 5272 969 5323 arumnosam,
1022 5263 1385 5333 servilemque
1439 5265 1492 5318 in
1538 5263 2148 5319 victu-sollicitudinem

581 5350 868 5408 omittcns.
916 5350 1008 5407 Sic
1055 5355 1200 5408 enim
1237 5355 1303 5408 ad
1349 5357 1517 5409 vitam
1563 5355 1703 5410 redit
1735 5354 1853 5423 ejus
1893 5352 2148 5417 similem,

583 5456 745 5510 quam
781 5443 1007 5513 degebat
1044 5445 1100 5499 in
1137 5445 1411 5514 paradiso,
1446 5461 1476 5500 a
1511 5445 1695 5499 carnis
1724 5442 2151 5513 perturbationi-

587 5532 692 5586 bus
745 5543 1026 5599 remotam,
1071 5551 1342 5601 securam,
1389 5544 1442 5590 et
1479 5536 1726 5596 liberam,
1769 5543 1823 5588 et
1866 5548 1989 5587 cum
2038 5531 2148 5588 Deo

587 5631 754 5694 atque
780 5627 986 5696 angelis
1016 5627 1386 5695 coniunctam.
1427 5624 1551 5679 llaec
1581 5639 1612 5678 a
1643 5624 1802 5678 nobis
1833 5623 1977 5678 dicta
1998 5632 2145 5693 sunt,

585 5729 696 5770 non
727 5717 871 5784 quod
907 5717 1155 5773 homines
1184 5717 1255 5773 ab
1281 5732 1382 5772 usu
1413 5717 1658 5774 ciborum
1688 5730 1719 5769 a
1755 5713 1862 5770 Deo
1889 5728 2150 5770 concesso

2248 4526 2403 4589 λάκις
2437 4527 2708 4598 ἄγρωστιν
2748 4525 3189 4596 ἐπινεμομένους,
3222 4526 3320 4577 οὔκ
3352 4523 3534 4594 ἐπειδὴ
3559 4524 3814 4594 συμφυὴς

2248 4617 2429 4680 αὐτοῖς
2449 4617 2594 4669 ἐστιν
2616 4618 2648 4686 ἠ
2665 4616 2858 4686 τροφὴ,
2875 4615 3185 4686 ἀλλ’ἐπειδὴ
3203 4615 3466 4683 ἀδιδάκτῳ
3482 4615 3585 4667 τινὶ
3599 4613 3816 4682 φύσεως

2247 4706 2562 4778 διδασκαλίᾳ
2583 4708 2674 4760 ἐπὶ
2701 4707 2760 4760 τὺ
2778 4707 3052 4776 συμφέρον
3069 4705 3284 4775 ἔρχεται
3302 4703 3368 4756 τὰ
3381 4703 3569 4771 ἄλογα’
3588 4702 3813 4755 τοιαῦτα

2250 4799 2460 4868 λόγισαι
2484 4796 2621 4853 εἶναι
2650 4801 2740 4853 καὶ
2769 4801 2887 4852 τότε
2911 4800 2978 4853 τὰ
3012 4797 3268 4867 ὠμοὸόρα
3290 4796 3396 4850 τῶν
3421 4794 3594 4860 ζώων,
3619 4795 3816 4864 χόρτον

2249 4890 2460 4952 ἑαυτοῖς
2487 4889 2690 4959 τροφὴν
2715 4891 2964 4952 ἐπινοεῖν,
2989 4887 3087 4940 οὐκ
3108 4885 3354 4956 ἀλλήλοις
3377 4884 3811 4938 ἐπιϐουλεύοντα·

2250 4979 2364 5032 ἀλλ’
2390 4981 2477 5034 οἵα
2523 4980 2702 5049 μέλλει
2733 4975 2869 5032 εἶναι
2905 4978 3043 5049 μετά
3072 4976 3244 5030 ταῦτα
3285 4979 3318 5046 ὴ
3349 4975 3814 5038 ἀποκατάστασις,

2249 5073 2471 5141 τοιαύτη
2501 5067 2568 5141 ἦν
2596 5073 2628 5140 ἡ
2663 5069 2851 5141 πρώτη
2881 5070 3108 5139 γένεσις.
3154 5066 3540 5140 Ἐπανέρχεται
3567 5066 3622 5119 δὲ
3659 5067 3687 5117 6
3716 5065 3816 5119 ἄν-

2252 5163 2466 5234 θρωπος
2504 5163 2596 5214 ἐπὶ
2623 5162 2722 5232 τὴν
2753 5161 2921 5215 πάλαι
2950 5159 3113 5214 αὑτοῦ
3140 5161 3490 5223 κατάστασιν,
3525 5159 3620 5230 τὴν
3646 5174 3819 5228 πονη-

2255 5253 2373 5323 ρίαν
2402 5253 2672 5323 ἀφέμενος
2693 5268 2706 5280 ·
2743 5251 2839 5323 τὴν
2873 5251 3272 5321 πολυμέριμνον
3299 5251 3500 5321 ταύτην
3529 5248 3688 5319 ζωὴν,
3713 5249 3819 5320 τὴν

2252 5343 2472 5414 περὶτὰ
2509 5344 2738 5413 βιωτικά
2773 5343 2872 5413 τῆς
2917 5343 3093 5415 ψυχῆς
3138 5342 3411 5409 δουλείαν,
3439 5340 3606 5396 ταῦτα
3635 5339 3818 5392 πάντα

2251 5435 2605 5505 ἀποθέμενος,
2654 5436 2744 5490 ἐπὶ
2769 5437 2860 5489 τὸν
2899 5437 2956 5489 ἐν
2989 5435 3300 5507 παραδείσῳ
3341 5435 3666 5503 ὑποστρέφει
3703 5433 3822 5501 βίον

2250 5529 2455 5580 ἐκεῖνον
2498 5527 2588 5580 τὸν
2628 5527 2922 5582 ἀδούλωτον
2948 5528 3061 5590 τοῖς
3101 5525 3294 5580 πάθεσι
3336 5526 3436 5594 τῆς
3472 5524 3689 5594 σαρκὸς,
3727 5522 3825 5576 τὸν

2253 5618 2552 5688 ἐλεύθερον,
2579 5620 2667 5672 τὸν
2689 5618 2808 5690 Θεῷ
2836 5619 3137 5689 συνόμιλον,
3175 5617 3264 5670 τὸν
3301 5617 3552 5684 ἀγγέλοις
3577 5613 3823 5684 ὁμοδίαι-

2251 5729 2360 5766 τον.
2412 5710 2593 5768 Ταῦτα
2626 5714 2800 5766 τοίνυν
2853 5711 3068 5779 εἴρηται
3116 5710 3266 5776 ἡμῖν,
3310 5709 3408 5761 οὐκ
3463 5708 3650 5761 ἐπειδὴ
3681 5707 3826 5761 ἀπο-
