4088 6210
325 319 404 375 28⁵
1130 331 1196 391 IN
1239 334 1487 403 vanus,
1528 333 1910 392 “curtus
1952 337 2339 407 uomxw,
2378 337 2556 406 me,
2587 337 2794 394 ORAT.
2837 337 2902 393 ιι.
3529 336 3637 396 236

319 431 484 486 κλείειν
511 433 785 508 θέλομεν
829 441 965 512 τῆς
1000 444 1297 516 δεδομένης
1322 449 1458 518 ήμῖν
1494 447 1643 517 παρὰ
1670 447 1805 501 Θεοῦ
1841 450 1942 520 χρή

2071 451 2301 508 velimus
2339 451 2628 507 excludere
2666 470 2679 505 :
2712 442 2810 506 sed
2845 459 2903 502 ut
2942 451 3195 519 praeteriti
3228 451 3486 518 tenporis
3516 451 3638 508 feli—

316 542 422 588 σεως
445 526 549 579 τῶν
582 528 1014 602 βρωμάτων,
1048 537 1167 590 ἀλλ’
1197 539 1283 592 ἴνα
1308 539 1398 592 τὸν
1429 539 1762 611 παρελθόντα
1792 558 1940 610 μακα

2069 540 2287 596 citatem
2335 542 2706 596 ostendamus.
2759 541 2943 606 Qualis
2971 553 3037 594 ea
3081 539 3192 594 vita
3239 538 3428 607 fuerit,
3470 557 3633 610 quam

313 618 510 686 ρίσωμεν
553 621 798 690 χρόνον
837 641 857 656 ο
899 627 1012 679 οἵα
1058 623 1128 698 ἦν
1169 632 1201 700 ή
1247 629 1391 701 ζωήλ·
1427 630 1575 696 ὅπως
1628 631 1926 702 ἀπροσδεής

2071 631 2390 701 tranquilla,
2419 646 2583 701 quam
2610 631 2782 693 dives,
2809 645 2972 700 quam
3003 630 3193 700 paucis
3221 631 3275 684 in
3301 633 3440 684 victu
3473 633 3635 688 rebus

308 704 391 769 πῶς
415 707 616 776 ὀλίγων
666 711 970 768 ἐδέοντο
1009 717 1150 782 πρὸς
1185 717 1280 788 τὴν
1312 717 1406 771 τοῦ
1447 718 1561 788 βίου
1610 719 1879 790 διαγωγὴν
1915 737 1942 772 ο

2067 717 2320 774 homines
2362 718 2720 789 indiguerint,
2761 719 3036 790 quomodo
3085 734 3209 772 cum
3257 720 3424 772 variis
3473 737 3636 789 gene-

306 795 537 867 ἂνθρωποι
568 817 583 830 ’
628 802 789 867 πῶς
834 805 920 858 τὸ
965 810 1216 862 ποικίλον
1249 811 1348 879 τῆς
1385 811 1594 882 διαίτης
1623 815 1752 882 ήμῖν
1794 815 1827 883 ἡ
1872 815 1942 884 τῆ‹

2068 810 2222 865 ribus
2269 810 2556 880 epularum
2614 811 2878 881 peccandi
2932 824 3112 864 causae
3158 809 3320 863 simul
3377 810 3637 878 ingressa:

305 884 536 955 ἁμαρτίας
573 895 1114 964 συνεισήνεγκεν
1135 899 1305 952 αίτία.
1353 899 1568 970 Ἐπειδὴ
1592 900 1699 970 γὰρ
1725 905 1823 971 τῆς
1844 901 1942 973 ἁλη

2070 897 2294 952 fuerint.
2339 897 2636 968 Postquam
2686 900 2830 954 enim
2867 915 2897 952 a
2934 900 3074 953 veris
3107 899 3215 952 illis
3260 898 3498 968 paradisi
3541 899 3637 951 de-

302 973 415 1043 θινῆς
442 981 683 1050 τρυφῆς
738 983 888 1053 τῆς
933 988 1009 1040 ὲν
1050 987 1128 1057 τῷ
1166 988 1478 1059 παραδείσῳ
1502 990 1858 1060 ὲξεπέσαμεν,
1884 1010 1940 1046 νε

2067 990 2208 1046 liciis
2229 992 2552 1054 excidimus,
2576 1007 2672 1046 nec
2693 993 2929 1060 amplius
2947 992 3072 1044 vita:
3098 991 3300 1061 lignum
3333 990 3632 1052 intuemur,

299 1065 594 1136 ιοθευμένας
636 1076 932 1144 τρυφὰς
971 1078 1192 1141 ἑαυτοῖς
1216 1080 1609 1151 ἐπενοήσαμεν.
1643 1083 1752 1136 Καὶ
1780 1083 1942 1136 ὲπειδί

2066 1097 2169 1137 nec
2212 1082 2459 1138 honestis
2498 1083 2626 1150 illis,
2675 1084 3064 1154 przeclarisque
3115 1082 3486 1152 voluptatibus
3530 1081 3637 1134 frui

297 1157 435 1210 οὐκέτι
475 1159 818 1233 βλέπομεν
878 1167 964 1219 τὸ
996 1168 1154 1234 ξύλον
1179 1169 1279 1239 τῆς
1319 1170 1484 1240 ζωῆς,
1520 1172 1640 1225 οὐδὲ
1670 1173 1748 1244 τῷ
1779 1174 1939 1227 κάλλε

2066 1173 2354 1242 gloriarive
2381 1189 2698 1243 possumus,
2731 1174 3068 1228 adulterinas
3100 1173 3257 1227 nobis
3287 1173 3512 1226 delicias
3542 1188 3636 1224 cx-

277 1247 436 1320 ίκείνῳ
462 1253 1030 1324 ἐναϐρυνόμεθα,
1073 1261 1332 1330 ἐδόθησαν
1379 1264 1510 1333 ἡμῖν
1543 1266 1619 1327 εἰς
1669 1266 1942 1320 ἀπόλαυσιπ

2068 1265 2454 1333 cogitavimus,
2488 1280 2694 1334 coquos
2731 1273 2785 1319 et
2823 1266 3058 1334 pistores
3102 1264 3433 1329 invenimus,
3483 1263 3632 1314 varia

251 1340 486 1412 μάγειροι
515 1341 778 1396 λοιπὸν
814 1347 949 1398 καὶ
985 1349 1288 1419 ἀρτοποιοὶ,
1318 1352 1410 1402 καὶ
1448 1353 1752 1423 πεμμάτων
1786 1373 1942 1408 ποικι·

2064 1354 2412 1410 bellariorum
2457 1355 3001 1426 sulfimentorumque
3062 1372 3281 1425 genera,
3336 1366 3394 1410 ut
3446 1356 3632 1424 lapsus

243 1427 334 1481 λίαι
363 1431 455 1483 καὶ
491 1431 1029 1505 Θυμιαμάτων,
1075 1439 1167 1491 καὶ
1199 1440 1426 1494 τοιαῦτὰ
1457 1459 1579 1496 τινα
1609 1446 1942 1516 παραμυθού⁴

2065 1446 2209 1501 illius
2231 1448 2447 1506 solatia.
2476 1448 2945 1517 comparavimus.
2973 1446 3044 1501 Ut
3079 1449 3323 1518 :egrotis,
3363 1447 3454 1517 qui
3480 1448 3632 1514 gravi

245 1537 362 1588 μενα
387 1523 573 1592 ἡμῶν
616 1524 762 1596 τὴν
823 1528 1084 1582 ἐκεῖθεν
1113 1528 1384 1584 ἔκπτωσιν
1408 1549 1422 1562 ο
1464 1532 1651 1603 ὥσπερ
1684 1537 1731 1587 οἱ
1780 1536 1962 1607 apem-

245 1625 341 1662 στοι
362 1611 495 1664 ἄταν
532 1614 1095 1685 καταϐληθῶσιν
1127 1619 1232 1671 ὑπὸ
1263 1619 1502 1692 σφοδρᾶς
1539 1623 1867 1694 ἀρρωστίας,
1899 1626 1942 1677 oi

2063 1628 2210 1682 tibus
2241 1626 2347 1682 frui
2369 1642 2480 1681 non
2501 1629 2734 1697 possint,
2763 1628 3027 1697 quasdam
3053 1628 3282 1683 odorum
3309 1631 3630 1692 suavitates,

243 1697 525 1768 δυνάμενοι
558 1719 696 1771 μετ
706 1703 840 1774 έχε
852 1723 916 1758 ιν
933 1708 1050 1776 τῆς
1063 1707 1324 1779 συνήθους
1343 1711 1714 1778 ἀπολαύσεως,
1733 1714 1941 1785 ὀσφραν

2063 1726 2118 1772 et
2149 1719 2255 1772 alia
2285 1718 2572 1787 ejusmodi'
2602 1719 2959 1787 congruentia
2999 1718 3390 1773 oblectamenta
3437 1718 3629 1772 medici

244 1793 339 1852 rei;
375 1793 475 1844 καὶ
506 1794 884 1858 τοιούτοις
918 1797 1051 1850 τισὶ
1079 1799 1228 1870 παρὰ
1253 1801 1364 1853 τῶν
1387 1802 1586 1872 ἰατρῶν
1625 1803 1938 1873 λαμϐάνουσ

2060 1810 2500 1873 subministrant,
2525 1817 2576 1864 et
2594 1809 2824 1863 infirmis
2855 1825 3042 1864 eorum
3062 1809 3318 1864 sensibus
3335 1809 3630 1862 blandiun-

243 1883 534 1948 δεξιώσεις.
608 1887 921 1958 Ἐπειδὴ
975 1889 1089 1960 γὰρ
1134 1891 1242 1944 τῶν
1287 1893 1654 1964 ίσχυροτέρων
1701 1897 1780 1957 εἰς
1822 1895 1942 1948 ιξιπό⁴

2060 1906 2169 1952 tur.
2205 1897 2407 1952 Verum
2457 1897 2502 1953 si
2562 1912 2710 1950 nunc
2752 1897 2917 1951 etiam
2953 1897 3208 1951 volumus
3249 1897 3414 1950 vitam
3457 1897 3628 1961 illam,

244 1975 414 2031 ὶαυσιν
437 1977 1000 2044 ἑκπεπτὼκασι,
1031 1984 1143 2044 τοῖς
1169 1982 1417 2036 ἀσθενέσι
1452 1983 1742 2054 σύμμετρα
1769 1985 1818 2036 oi
1859 2002 1942 2038 κο-

2059 2002 2182 2058 quae
2223 1989 2278 2042 in
2306 1987 2566 2057 paradiso
2613 1987 2897 2056 agebatur,
2927 1987 3153 2050 imitari,
3195 1987 3262 2040 ad
3295 2003 3437 2053 eam,
3470 1991 3626 2042 varia

244 2069 580 2134 λακεύοντες
647 2071 908 2123 αὐτῶν
976 2072 1078 2134 τὰς
1118 2073 1397 2144 αίσθήσεις
1434 2075 1760 2146 περινοοῦσι.
1810 2075 1942 2148 Imp

2057 2083 2162 2136 ista
2187 2080 2434 2134 ciborum
2465 2095 2666 2150 genera
2697 2079 2989 2149 fugientes,
3025 2094 3125 2150 pro
3157 2080 3368 2134 viribus
3403 2082 3630 2135 acceda-

244 2160 363 2213 ἀλλὰ
391 2162 494 2215 xa‘t
551 2161 687 2214 νῦν
745 2160 946 2215 κατὰ
1012 2161 1248 2233 μίμησιν
1291 2167 1388 2234 τῆς
1419 2166 1478 2217 ὲν
1519 2164 1598 2235 τῷ
1646 2165 1942 2236 παραδείσιι

2058 2187 2203 2238 mus,
2231 2170 2522 2232 fructibus,
2558 2177 2611 2224 et
2644 2170 2966 2234 seminibus,
2991 2178 3043 2224 et
3069 2170 3434 2240 leguminibus
3460 2171 3625 2224 vitam

247 2252 378 2320 ζωῆς
423 2253 714 2315 ἑαυτοὺς
787 2254 993 2318 ἄγειν
1035 2252 1364 2323 βουλόμενοι,
1409 2253 1703 2322 φεύγοντες
1751 2253 1942 2324 ταύτηι

2057 2271 2457 2326 sustentemus,
2522 2262 2731 2331 reliqua
2775 2271 2974 2326 autem,
3016 2271 3071 2315 ut
3117 2279 3472 2334 supervacua,
3523 2264 3629 2317 mi-

246 2344 331 2415 τὴν
365 2343 685 2397 πολύυλον
720 2342 880 2396 τῶν
918 2341 1238 2414 βρωμάτων
1267 2346 1585 2410 ἀπόλαυσιν,
1627 2347 1715 2399 ἐπ’
1748 2347 1942 2398 ἐκεῖνοι

2057 2354 2312 2424 nimeque
2369 2353 2724 2415 necessaria,
2777 2353 3098 2420 abjiciamus
3145 2361 3198 2406 et
3248 2369 3623 2424 aspernemur.

247 2436 327 2488 τὸν
368 2434 492 2504 βίον
551 2434 812 2498 καθώς
843 2437 1000 2487 ἐστι
1042 2435 1266 2489 δυνατὸν
1310 2436 1531 2500 ἑαυτοὺς
1553 2434 1789 2508 ἄγωμεν,
1819 2453 1942 2507 καρ-

2057 2443 2318 2510 Quamvis
2358 2443 2503 2498 enim
2549 2442 2872 2497 detestanda
2915 2458 3022 2496 non
3072 2445 3204 2506 sint,
3249 2453 3436 2514 utpote
3469 2447 3627 2500 nobis

251 2531 358 2590 mi;
389 2527 498 2580 καὶ
543 2527 927 2596 σπέρμασι
971 2525 1067 2578 καὶ
1113 2529 1226 2589 τοῖς
1269 2528 1333 2579 ὲκ
1363 2527 1470 2580 τῶν
1512 2527 1826 2598 ἀκροδρύων
1874 2529 1942 2589 είς

2057 2537 2126 2590 ab
2154 2537 2272 2605 ipso
2303 2543 2654 2604 procreatore
2693 2549 2977 2598 concessa,
3003 2536 3270 2591 sumenda
3307 2547 3485 2591 tamen
3519 2554 3625 2592 non

248 2619 534 2691 διαγωγὴν
573 2618 973 2690 χρώμενοι,
1002 2616 1063 2669 τὸ
1098 2616 1158 2670 δὲ
1191 2617 1451 2687 περισσὸν
1493 2618 1716 2684 τούτων,
1747 2619 1822 2680 ὡς
1854 2619 1942 2672 οὐκ

2055 2633 2185 2682 sunt
2233 2633 2458 2700 propter
2497 2625 2682 2679 carnis
2737 2626 3185 2680 oblectationem.
3228 2648 3244 2679 ‹
3271 2630 3329 2684 Et
3365 2630 3625 2698 requievit

250 2713 562 2779 ἀναγκαῖον
606 2713 857 2765 ἀποπε
871 2709 1176 2781 μπὼμεθα.
1231 2711 1304 2762 Οὐ
1323 2709 1429 2781 γὰρ
1460 2709 1725 2780 βδελυκτὰ
1747 2710 1836 2764 διὰ
1861 2711 1942 2765 ea

2056 2717 2320 2772 Dominus
2363 2716 2434 2771 ab
2467 2717 2724 2771 onmihus
2778 2717 3036 2786 operibus
3082 2719 3199 2772 suis
3221 2721 3446 2788 septimo
3470 2721 3574 2776 die.
3604 2741 3626 2775 ι

251 2803 555 2855 κτίσαντα·
610 2802 694 2854 οὐ
767 2799 911 2871 μὴν
963 2799 1087 2850 οὐδὲ
1130 2799 1321 2869 αἱρετὰ
1358 2800 1448 2876 διὰ
1475 2799 1576 2871 τὴν
1623 2802 1722 2871 τῆς
1753 2800 1942 2871 σαρκὸς

2055 2809 2252 2864 Dicant
2298 2808 2654 2870 arithmetici,
2681 2817 2735 2863 et
2785 2808 2879 2879 qui
2909 2809 3114 2864 talibus
3155 2811 3477 2864 incumbunt
3506 2820 3624 2866 stu-

251 2894 594 2946 εὐπάθειαν.
614 2907 640 2939 ι
656 2892 806 2945 Καὶ
845 2890 1214 2944 κατέπαυσεν
1239 2893 1268 2944 ὁ
1295 2891 1428 2954 Θεὸς
1449 2892 1558 2946 ἀπὸ
1598 2891 1811 2945 πάντων
1842 2890 1942 2944 τῶν

2055 2903 2182 2964 diis,
2221 2902 2426 2972 quique
2461 2900 2790 2970 sapientiam
2822 2900 3098 2970 ejusmodi
3134 2899 3343 2954 faciunt
3382 2902 3628 2970 plurimi,

251 2987 426 3056 ἔργων
475 2984 687 3039 αὑτοῦ
752 2985 846 3054 τῇ
901 2981 1094 3052 ἡμέρᾳ
1121 2986 1187 3053 τῇ
1233 2982 1813 3055 ὲϐδόμῃ·ιλεγέτωσαν
1859 2977 1942 3036 οῦι

2055 2993 2331 3048 senarium
2378 3006 2666 3046 numerum
2696 3006 2818 3045 cum
2855 2991 3060 3044 mundo
3109 2991 3282 3058 simul
3307 3007 3430 3046 esse
3477 2993 3616 3061 geni-

255 3077 676 3148 ἀριθμητικοὶ,
716 3075 849 3127 καὶ
879 3075 934 3126 οἱ
967 3073 1096 3142 περὶ
1119 3073 1185 3126 τὰ
1209 3073 1434 3128 τοιαῦτα
1456 3076 1830 3144 ἐσχολακότες,
1856 3076 1942 3128 καῖ

2057 3091 2196 3146 ιιιιιι,
2253 3097 2375 3137 esse
2421 3096 2709 3136 numerum
2755 3080 3072 3145 fecundum,
3129 3081 3410 3151 multaque
3458 3097 3524 3135 ex
3569 3095 3622 3136 se

259 3168 354 3237 τὴν
376 3169 522 3238 περὶ
547 3167 801 3220 τούτου
843 3164 1053 3232 σοφίαν
1081 3165 1202 3218 ἀντὶ⁵
1231 3165 1464 3235 μεγάλου
1497 3165 1768 3236 προϐεϐλη
1778 3166 1942 3235 μένοι,

2054 3188 2407 3229 numerorum
2457 3185 2654 3244 genera
2696 3172 3020 3241 parientem,
3065 3180 3120 3226 et
3167 3173 3282 3226 suis
3327 3169 3624 3240 perfectum

263 3261 336 3324 ὡς
377 3261 488 3330 μὲν
549 3257 893 3328 συγγενὴς
946 3259 1016 3327 τῇ
1053 3257 1148 3310 τοῦ
1195 3259 1400 3328 κόσμου
1453 3258 1626 3311 κτίσει
1672 3260 1701 3311 ό
1746 3258 1853 3311 τῶν
1892 3257 1952 3323 ἒξ

272 3351 545 3420 ἀριθμὸς,
595 3354 694 3405 ὅτι
753 3347 1086 3414 πολύγονός
1120 3349 1255 3412 ἐστι,
1316 3347 1484 3401 πολλὰ
1537 3349 1790 3418 σχήματα
1830 3349 1952 3418 ἀρι-

278 3441 438 3511 θμῶν
473 3444 580 3509 ἀφ’
643 3437 891 3494 ἑαυτοῦ
945 3437 1169 3505 γεννῶν,
1223 3439 1318 3491 καὶ⁵
1345 3438 1546 3502 τέλειος
1593 3441 1705 3502 τοῖς
1750 3439 1946 3494 ἑαυτοῦ

281 3533 510 3603 μέρεσι,
552 3531 668 3584 καὶ
702 3532 829 3583 ὅσα
893 3528 1027 3598 περὶ
1069 3529 1166 3599 τῆς
1200 3528 1387 3594 ἑξάδος
1423 3531 1481 3581 ὲν
1512 3531 1633 3592 ταῖς
1672 3529 1950 3598 σχολικαῖς

279 3620 609 3686 διαλέξεσιν
641 3617 1049 3690 ἀριθμητικοὶ
1067 3617 1395 3687 διηγοῦνται,
1421 3619 1475 3670 εί
1491 3635 1608 3681 πως
1633 3619 1794 3688 σχολὴ
1822 3619 1947 3672 καθ’

285 3719 489 3772 ἑαυτὸν
513 3717 842 3787 λεγέσθω·
883 3713 1191 3781 λεγέτωσαν
1221 3715 1277 3767 δὲ
1307 3717 1402 3769 καὶ
1436 3716 1564 3787 περὶ
1597 3716 1694 3786 τῆς
1715 3714 1945 3785 ἑϐδομά-

286 3809 404 3873 ἆλς,
431 3812 523 3862 ὅτι
559 3805 903 3877 στειρωσίς
930 3805 1017 3868 τίς
1043 3807 1188 3859 ἐστιν
1222 3809 1279 3860 ὲν
1311 3806 1387 3879 τῷ
1415 3806 1645 3876 ἑϐδόμῳ.
1672 3805 1811 3860 Οὔτε
1849 3807 1947 3877 μὲν

294 3902 410 3971 γὰρ
439 3903 626 3971 γεννᾷ
676 3899 786 3967 ἀφ’
820 3898 1048 3962 ἑαυτοῦ,
1091 3897 1213 3951 οὗτε
1261 3901 1394 3970 παρ’
1420 3899 1608 3968 ἑτέρου
1643 3898 1885 3952 τίκτεται
1919 3899 1947 3952 ό

299 3992 416 4043 τῶν
456 3994 610 4046 ἑπτα
658 3990 945 4063 ἀριθμός.
987 3990 1095 4042 Kal.
1125 3990 1212 4042 ἵνα
1260 3991 1335 4062 μὴ
1386 3992 1464 4054 είς
1509 3990 1771 4043 πολύυλον
1812 4007 1942 4043 κατ-

2055 3989 2353 4051 facultatis.
2398 3989 2444 4044 is
2477 3994 2774 4058 cognoscat
2821 3989 3010 4042 talium
3059 3991 3220 4044 etiam
3270 4005 3449 4046 rerum
3499 3993 3622 4046 the-

309 4085 516 4151 αγᾶγω
544 4085 644 4136 τδν
677 4084 883 4149 λόγον,
913 4081 1011 4151 τὴν
1046 4081 1278 4148 διάλεξιν
1309 4082 1407 4154 τὴν
1439 4081 1572 4153 πρὸς
1594 4083 1737 4153 ὑμᾶς
1771 4099 1942 4153 παρα-

2055 4097 2278 4138 saurum
2319 4081 2461 4151 apud
2503 4095 2604 4136 nos
2654 4096 2777 4134 esse
2811 4082 3172 4136 reconditum.

313 4173 572 4243 δραμὼν,
610 4174 716 4226 ἐπὶ
761 4174 836 4225 τὰ
873 4173 1350 4246 εὐγνωμονέστερα
1391 4177 1645 4246 χωρήσω.
1677 4175 1742 4228 Et
1767 4174 1825 4228 δέ
1853 4193 1936 4239 τις
1972 4177 2064 4230 καὶ
2092 4175 2219 4248 περὶ
2243 4175 2413 4228 ταῦτα
2441 4174 2555 4245 ἔχει
2581 4173 2701 4226 τινὰ
2738 4174 3049 4245 ἐμπειρίαν,
3073 4175 3386 4243 γινωσκέτω
3416 4177 3494 4229 ὅτι
3529 4172 3622 4229 καὶ

318 4268 537 4321 τούτων
566 4273 596 4323 ὁ
626 4267 924 4342 θησαυρὸς
947 4268 1294 4321 ὲναπόκειται
1315 4268 1444 4338 παρ’
1471 4269 1622 4338 ήμίν.

407 4363 578 4426 Ὥστε
608 4366 659 4417 εί
705 4363 860 4434 μέγα
895 4362 1248 4434 ἀριθμητικὴ,
1273 4361 1505 4416 ἐνταῦθά
1532 4363 1646 4416 ὲστι
1668 4363 1764 4435 τῆς
1791 4361 1942 4434 ἀριθ-

2123 4362 2301 4428 Quare
2328 4363 2374 4416 si
2426 4361 2606 4432 magni
2676 4359 2920 4415 facienda
2986 4370 3069 4417 est
3107 4359 3470 4424 arithmetica,
3529 4360 3618 4416 hic

339 4455 585 4523 μητικῆς
605 4453 680 4506 τὰ
708 4453 1028 4524 σπέρματα.
1054 4453 1245 4522 Ἡμεῖς
1265 4451 1318 4504 δὲ
1338 4452 1398 4504 ού
1421 4452 1722 4523 φρονοῦμεν
1739 4452 1942 4516 τούτοις

2049 4453 2169 4523 ejus
2210 4460 2338 4508 sunt
2373 4451 2600 4505 semina.
2639 4450 2804 4506 Nobis
2859 4459 3038 4505 autem
3087 4467 3192 4505 non
3227 4459 3309 4506 est
3342 4467 3504 4514 curae,
3562 4462 3618 4506 ut

2064 1535 2247 1604 aliquo
2291 1537 2483 1592 morbo
2527 1536 2943 1601 conflictantur,
2984 1554 3107 1592 cum
3161 1539 3340 1594 solitis
3379 1540 3630 1607 volupta-

2054 3264 2330 3334 partibus,
2384 3270 2439 3317 et
2471 3277 2814 3330 quaecunque
2839 3262 2905 3316 de
2934 3262 3053 3331 ipso
3079 3261 3134 3315 in
3165 3262 3622 3331 disputationibus

2053 3354 2172 3410 suis
2193 3353 2381 3407 dicere
2392 3361 2813 3408 consueverunt.
2832 3351 3079 3422 Cumque
3097 3352 3162 3406 de
3184 3354 3399 3407 senario
3415 3353 3621 3410 abunde

2051 3462 2147 3515 per
2179 3445 2350 3499 otium
2384 3445 2644 3508 dixerint,
2691 3445 2854 3499 etiam
2888 3444 2954 3499 de
2984 3446 3297 3516 septenario
3331 3445 3622 3502 disserant.

2053 3537 2304 3591 Sterilem
2341 3551 2464 3592 esse
2503 3535 2904 3598 demonstrent,
2942 3537 3143 3606 quippe
3178 3537 3271 3606 qui
3321 3552 3421 3591 nec
3457 3537 3622 3590 alium

2049 3643 2114 3680 ex
2139 3643 2197 3682 se
2220 3641 2506 3680 numerum
2531 3633 2772 3696 generet,
2810 3641 2909 3678 nec
2938 3627 3005 3678 ab
3027 3628 3136 3680 alio
3168 3627 3284 3696 ipse
3307 3636 3620 3696 generetur.

2049 3715 2181 3787 Ego,
2241 3732 2309 3771 ne
2363 3729 2670 3770 sermonem
2717 3729 2883 3768 causa
2925 3725 3104 3771 vestra
3147 3718 3260 3785 jam
3310 3718 3620 3772 institutum

2050 3809 2320 3869 omittam,
2387 3807 2451 3860 ad
2515 3821 2576 3859 ea
2626 3821 2746 3876 qua:
2793 3814 2920 3860 sunt
2968 3807 3189 3877 cognitu
3235 3809 3481 3862 faciliora
3540 3825 3624 3862 me

2051 3908 2391 3952 convertam.
2452 3896 2506 3950 Si
2547 3897 2674 3965 quis
2719 3904 2896 3950 autem
2935 3898 3142 3966 peritus
3188 3905 3272 3953 est
3315 3898 3622 3954 istiusmodi

338 4541 427 4610 τῷ
455 4545 521 4595 ὲκ
550 4544 652 4613 τῆς
678 4543 782 4595 τοῦ
813 4525 1184 4612 κόσμουκείναι
1223 4541 1435 4611 σοφίας,
1469 4541 1502 4612 ἤ
1527 4541 1613 4594 διὰ
1641 4542 1738 4614 τὴν
1766 4545 1831 4596 ὲκ
1850 4541 1944 4596 τοῦ

343 4634 560 4704 κόσμου
591 4635 816 4701 σοφίανο
848 4635 900 4686 οἱ
929 4633 1036 4704 γὰρ
1058 4634 1230 4687 ταῦτα
1258 4634 1634 4705 περιέποντες,
1668 4635 1838 4706 μικρὰ
1861 4637 1945 4688 ὲν·

340 4728 530 4782 ταῦθα
540 4726 867 4794 κλέψαντες,
880 4724 999 4786 ταῖς
1016 4721 1418 4794 πραγματείαις
1431 4720 1584 4774 αὐτοὶ
1595 4721 1668 4783 ὡς
1686 4721 1944 4791 μεγάλαις

341 4821 837 4890 ἐπισεμνύνονται.
872 4816 990 4868 Ἵνα
1013 4815 1192 4867 τοίνυν
1225 4813 1488 4882 δείξωμεν
1531 4811 1732 4878 αὐτοῖς,
1761 4813 1843 4865 ὅτι
1874 4815 1943 4867 τὰ

341 4914 484 4982 παρ’
511 4911 750 4971 εκείνοις
785 4905 1221 4978 περισπούδαστα
1244 4906 1377 4974 ήμῖν
1416 4905 1564 4956 ἐστιν
1604 4904 1944 4974 εὐκαταφρό-

337 5017 514 5070 νητα,
557 5003 742 5070 σιωπῇ
776 4997 1220 5068 παραδράμωμεν
1246 4996 1340 5048 τὸν
1369 4995 1498 5065 περὶ
1518 4994 1721 5048 τούτων
1750 4995 1906 5063 λόγον
1924 5012 1938 5027 ·

339 5091 486 5160 ὁμοῦ
527 5092 586 5144 δὲ
626 5091 725 5142 καὶ
757 5091 856 5142 οὐκ
882 5088 1149 5152 εῦληπτος
1177 5088 1294 5160 λαῷ
1327 5089 1490 5141 παντὶ
1521 5089 1555 5160 ή
1586 5089 1940 5160 περὶτούτων

341 5179 581 5251 θεωρία.
621 5180 867 5250 Πάρεστι
915 5179 972 5233 δὲ
1005 5179 1273 5250 ἐκκλησία
1315 5179 1376 5232 οὐ
1421 5179 1733 5251 παραδόξων
1768 5179 1939 5248 λόγων

343 5272 627 5339 ἀκρόασιν
665 5270 1015 5342 ἐκδεχομένη,
1063 5270 1198 5324 ἀλλὰ
1249 5269 1356 5322 τῶν
1391 5271 1476 5324 ἐπ’
1518 5270 1771 5341 οἰκοδομῇ
1807 5270 1940 5323 θεω·

349 5365 629 5430 νημάτων
679 5361 1008 5431 ἐπιζητοῦσα
1047 5363 1144 5424 τὰς
1187 5362 1389 5424 λύσεις.
1419 5362 1720 5432 Τετίμηται
1766 5361 1938 5414 τοίνυν

350 5451 389 5519 ἡ
413 5452 626 5522 ἑϐδόμη
659 5453 842 5522 ήμέρα
869 5452 930 5504 τὸ
960 5452 1244 5506 σάϐϐατον.
1283 5452 1339 5505 Ὀ
1363 5453 1585 5520 ἕϐδομος
1620 5453 1767 5522 παρὰ
1809 5452 1937 5504 ἰου-

355 5542 530 5606 ἱαίοις
559 5544 812 5613 ἀριθμὸς,
845 5544 1044 5614 τίμιος,
1083 5544 1141 5596 ὲν
1164 5537 1207 5611 ᾧ
1235 5545 1290 5596 αἱ
1315 5545 1698 5615 σκηνοπηγίαι,
1732 5545 1787 5597 αἱ
1817 5545 1937 5597 σάλ-

361 5648 583 5701 πιγγες,
638 5637 673 5702 ἡ
717 5635 897 5703 ἡμέρα
947 5635 1041 5687 τοῦ
1095 5634 1340 5704 ἱλασμοῦ.
1379 5639 1646 5709 Ἕϐδομος
1693 5638 1936 5700 ἐνιαυτὸς

532 5724 764 5788 ἐκείνοις
791 5726 965 5793 τίμιος
994 5726 1023 5776 ὁ
1049 5725 1146 5793 τῆς
1169 5726 1407 5795 ἀφέσεως
1431 5731 1740 5799 λεγόμενος,
1781 5728 1934 5799 Ἐξῆν

2048 4558 2212 4614 parva
2258 4542 2372 4596 haec
2405 4557 2469 4594 ex
2518 4539 2706 4594 mundi
2764 4540 3026 4611 sapientia
3063 4541 3617 4611 surripientes,quasi

2045 4649 2300 4704 magnum
2341 4631 2547 4700 aliquid
2585 4631 2789 4686 nostris
2817 4632 3156 4687 orationibus
3189 4632 3512 4687 inseramus.
3551 4631 3619 4688 Ut

2046 4727 2209 4797 igitur
2258 4731 2471 4779 constet
2527 4738 2627 4779 nos
2651 4729 3020 4788 contemnere,
3048 4740 3167 4794 qum
3209 4725 3310 4794 ipsi
3343 4724 3609 4778 admiran-

2044 4825 2154 4881 tur,
2187 4817 2404 4872 silentio
2456 4815 2574 4885 ipsa
2611 4822 2975 4879 transeamus,
3011 4815 3309 4885 prmsertim
3356 4831 3479 4868 cum
3520 4832 3617 4868 eu-

2044 4925 2162 4964 rum
2192 4908 2430 4979 cognitio
2453 4921 2560 4961 non
2591 4907 2663 4960 ita
2709 4907 2864 4961 facile
2893 4920 2922 4958 a
2946 4907 3139 4976 quovis
3179 4920 3209 4959 e
3248 4907 3448 4975 populo
3492 4922 3615 4974 per-

2042 5003 2148 5073 cipi
2189 5001 2383 5071 possit,
2411 5007 2465 5053 et
2503 4998 2596 5068 qui
2632 5013 2719 5052 me
2755 4998 3005 5060 audiunt,
3053 5012 3162 5052 non
3197 5003 3306 5050 tam
3365 5013 3452 5052 res
3497 5013 3616 5066 qua:

2041 5100 2296 5147 moveant
2324 5091 2772 5153 admirationem,
2802 5103 2962 5157 quam
2999 5103 3120 5158 qua:
3155 5103 3334 5142 mores
3364 5097 3416 5141 et
3452 5089 3614 5140 vitam

2041 5182 2341 5246 instruant,
2375 5181 2652 5251 postulent
2694 5187 2748 5234 et
2793 5187 3129 5248 exspectent.
3185 5176 3488 5233 Puer-lanis
3531 5187 3614 5232 est

2041 5273 2161 5329 dies
2190 5273 2473 5343 septimus.
2516 5270 2648 5326 Nam
2682 5279 2734 5326 ct
2766 5271 3054 5327 sabbatum
3091 5273 3230 5341 apud
3265 5270 3480 5326 Judaeos
3525 5289 3612 5327 se-

2041 5363 2211 5431 ptimo
2239 5369 2492 5418 censetur
2513 5361 2601 5415 die
2644 5359 2722 5432 [in
2741 5377 2848 5430 quo
2869 5359 3368 5415 'l‘abernaculorum
3391 5362 3609 5425 festum,

2038 5453 2224 5519 Tubze,
2267 5453 2384 5507 dies
2419 5451 2960 5525 Propitiationis].Et
3011 5455 3274 5524 septimus
3329 5469 3504 5506 annus
3541 5453 3610 5505 ab

2039 5545 2238 5597 eisdem
2276 5544 2618 5607 observatur,
2675 5559 2737 5599 ac
2773 5545 3117 5599 remissionis
3165 5560 3341 5597 annus
3386 5544 3603 5597 dicitur.

2039 5634 2257 5689 Licebat
2291 5635 2435 5688 enim
2475 5635 2581 5688 illis
2607 5645 2802 5689 terram
2836 5651 2929 5689 sex
2956 5637 3113 5687 annis
3145 5633 3344 5696 colere,
3377 5633 3608 5702 septimo

2039 5743 2184 5783 anno
2220 5729 2486 5782 inaratam
2537 5741 2598 5781 ac
2638 5727 2861 5782 liberam
2915 5723 3318 5795 relinquebant,
3369 5740 3495 5780 cum
3551 5727 3609 5778 in
