4088 6210
604 355 700 410 28¹7

1849 353 1910 409 δε
1944 349 2270 408 GREGOBII
2303 346 2592 405 NYSSENI

3754 348 3866 402 288

603 463 980 536 promissionis
1011 470 1154 518 terra
1189 472 1557 519 versarentur.
1597 463 1701 519 Sex
1758 466 1918 522 annis
1972 467 2174 522 servie-

2283 462 2381 531 μὲν
2409 462 2518 533 γὰρ
2560 460 2740 524 αὐτοῖς
2772 460 2832 525 ἑξ
2878 457 2971 530 ἔτη
3017 458 3352 529 ἐργάσασθαι
3389 458 3486 530 τὴν
3519 458 3644 529 γῆν,
3693 458 3773 528 τῷ
3803 460 3865 512 δὲ

604 559 693 610 hat
731 554 1009 620 llehrams,
1045 569 1190 608 anno
1219 553 1450 623 septimo
1472 555 1806 610 liberabatur
1837 570 1866 609 a
1893 557 2154 612 servitute

604 641 846 710 Septimo
894 641 1035 712 apud
1093 643 1241 712 ipsos
1308 658 1452 698 anno
1500 644 1790 714 captivitas
1840 645 2172 700 solvebatur.

603 733 711 786 Sed
761 742 949 787 nostra
982 748 1201 803 quoque
1239 733 1546 789 videamus.
1589 753 1606 784 ι
1649 733 1880 804 Septies,
1922 753 1940 786 ι
1977 736 2174 805 inquit,

605 839 624 871 ι
671 821 722 874 in
750 821 838 875 die
865 820 1022 875 cadet
1049 822 1257 890 justus,
1292 830 1345 877 et
1383 829 1632 894 resurget
1652 827 1714 879 ⁸³.
1737 844 1755 877 ›
1784 823 1875 879 Sic
1900 839 2000 878 nos
2033 823 2177 880 Heb-

602 911 886 965 domadam
951 914 1360 968 constituimus.
1418 911 1696 983 Septimus
1735 928 1764 967 a
1820 914 2006 969 mundi
2046 931 2173 985 pro-

602 1003 876 1057 t-reatione
910 1003 1097 1058 Enoeh
1140 1013 1368 1058 mortem
1406 1020 1514 1058 non
1544 1004 1714 1072 vidit;
1761 1004 2018 1061 Ecclesia:
2058 1022 2176 1077 my-

600 1097 848 1148 sterium.
882 1091 1155 1164 Septimus
1185 1095 1253 1148 ab
1277 1095 1548 1149 Abraham
1572 1094 1783 1164 Moyses
1819 1097 1987 1165 legem
2025 1111 2178 1150 acce-

601 1185 699 1252 pit,
726 1185 779 1238 in
805 1201 912 1253 qua
942 1185 1064 1240 vitae
1091 1186 1342 1248 mutatio,
1386 1186 1586 1241 solutio
1614 1187 1935 1256 iniquitatis,
1967 1186 2178 1254 ingres-

601 1289 696 1328 sus
721 1275 972 1343 iustitiae,
997 1275 1091 1330 Dei
1130 1277 1518 1346 peregrinatio,
1586 1277 1911 1332 constitutio
1962 1275 2174 1338 mundi,

603 1377 783 1418 rerum
823 1365 1158 1435 agendarum
1191 1366 1532 1436 praescriptio
1564 1364 2041 1420 continebatur".
2075 1363 2176 1420 Se—

603 1455 771 1522 ptima
824 1464 876 1509 et
909 1457 1312 1527 septuagesima
1348 1464 1507 1512 aetate
1555 1464 1678 1526 post
1714 1458 1887 1510 Adam
1922 1455 2177 1511 Christus

602 1545 872 1615 apparuit.
898 1545 1204 1616 Septenarii
1233 1547 1550 1618 mysterium
1579 1545 1956 1601 novitPetrus.
1991 1564 2008 1597 ι
2033 1544 2172 1612 Quo-

603 1635 730 1700 ties,
767 1656 784 1688 ι
806 1639 1006 1707 inquit,
1033 1659 1049 1689 ι
1075 1640 1324 1709 peccabit
1343 1641 1396 1692 in
1427 1654 1512 1693 me
1531 1638 1699 1693 frater
1730 1654 1904 1702 meus,
1923 1646 1976 1693 et
1996 1637 2180 1691 dimit-

603 1737 712 1780 tam
744 1729 841 1782 ei?
887 1745 1060 1798 usque
1085 1731 1306 1799 septies
1322 1730 1415 1783 ⁸⁷2
1451 1749 1468 1781 ι
1510 1729 1707 1783 Parum
1741 1729 1899 1791 dixit,
1934 1729 2176 1784 nondum

2279 552 2492 622 ἑϐδόμῳ
2540 550 2651 604 ἔτει
2703 553 2814 614 τοῖς
2866 551 3190 620 αὐτομάτοις
3237 549 3543 621 ἀρκεῖσθαι,
3578 550 3666 602 ὅτε
3712 546 3866 621 εἶχον

2278 641 2378 712 τὴν
2440 640 2544 712 γῆν
2598 639 2697 710 τῆς
2760 639 3109 708 ἐπαγγελίας,
3165 639 3262 705 Ἓξ
3322 640 3419 710 ἑτη
3474 639 3786 692 ἐδούλευσεν
3834 641 3866 693 6

2290 731 2558 802 Ἑϐραῖος.
2578 730 2672 782 καὶ
2699 727 2778 800 τῷ
2803 731 3012 800 ἑϐδόμῳ
3033 731 3219 800 ἀφίετο
3238 731 3334 800 τῆς
3363 730 3626 794 δουλείας.
3673 730 3863 784 Ἑϐδο-

2281 821 2536 892 μηκοστῷ
2554 821 2659 874 ἔτει
2681 821 2841 891 ἐλύθη
2867 820 2995 890 παρ’
3014 821 3195 884 αὐτοῖς
3216 822 3248 890 ἡ
3266 820 3630 890 αἱχμαλωσία.
3655 821 3864 873 Λοιπὸν

2277 911 2334 965 δὲ
2361 913 2454 966 καὶ
2479 912 2546 965 τὰ
2573 912 2836 982 ἡμέτερα.
2872 931 2890 962 ι
2912 911 3203 976 Ἐπτάκις,
3240 937 3259 968 ι
3341 913 3475 980 φησὶ
3496 953 3514 980 ,
3557 933 3576 965 ι
3610 914 3866 964 πεσεῖται

2277 1003 2305 1054 6
2329 1003 2532 1065 δίκαιος
2564 1003 2654 1055 καὶ
2683 1003 3062 1072 ἀναστήσεται.
3079 1021 3095 1052 ι
3119 1001 3304 1064 Οὕτως
3321 1001 3667 1071 οἰκειούμεθα
3699 1003 3866 1071 ἡμεῖς

2279 1093 2380 1165 τὴν
2412 1093 2701 1164 ἑϐδομάδα.
2735 1092 3003 1163 Ἕϐδομος
3043 1094 3150 1147 ἀπὸ
3177 1093 3443 1161 γενέσεως
3472 1093 3572 1145 οὐκ
3605 1089 3713 1146 εἶδε
3761 1091 3863 1146 Θά-

2279 1202 2435 1238 νατον
2494 1184 2680 1254 Ἑνὼχ,
2734 1186 3033 1256 μυστήριον
3087 1185 3430 1254 Ἐκκλησίας.
3461 1184 3725 1254 Ἕϐδομος
3752 1183 3864 1236 ἀπὸ

2292 1273 2540 1344 ’Λϐραάμ
2569 1274 2829 1344 Μωῦσῆς,
2859 1275 3021 1345 νόμον
3051 1276 3230 1330 ἔλαϐε·
3265 1275 3534 1346 μεταϐολὴ
3568 1275 3706 1345 βίου,
3735 1276 3865 1328 ἀνοο

2281 1363 2410 1435 μίας
2454 1364 2733 1428 ἀνάλυσις,
2763 1364 3107 1436 δικαιοσύνης
3154 1365 3375 1429 εἴσοδος,
3407 1365 3542 1418 Θεοῦ
3574 1365 3860 1435 ἐπιδημία,

2279 1455 2506 1522 εὐταξία
2557 1457 2638 1520 είς
2684 1456 2908 1527 κόσμον,
2967 1456 3322 1527 νομοθέτησις
3378 1456 3485 1509 τῶν
3541 1458 3859 1527 πρακτέων.

2291 1547 2696 1618 Ἐϐδομηκοστῇ
2737 1549 2829 1601 καὶ
2873 1547 3071 1618 ἑϐδόμῃ
3107 1549 3270 1618 γενεᾷ
3311 1547 3419 1600 ἀπὸ
3454 1546 3625 1616 Ἀδάμ
3653 1549 3680 1598 6
3726 1548 3864 1618 Χρι-

2281 1637 2402 1700 στὸς
2440 1637 2635 1708 ἑφάνη.
2680 1634 2802 1691 Οίδε
2851 1639 2910 1692 τὸ
2945 1640 3241 1711 μυστήριον
3289 1639 3388 1709 τῆς
3420 1637 3711 1707 ἑϐδομάδος
3753 1637 3865 1690 Πέ·

2279 1746 2426 1800 τρος.
2465 1729 2735 1792 «Ποσάκις
2763 1731 3071 1800 ἁμαρτήσει
3107 1731 3186 1792 είς
3207 1729 3305 1800 ἐμὲ
3333 1730 3362 1781 6
3392 1729 3614 1809 άδελφός
3644 1746 3738 1801 μου
3763 1728 3864 1782 καὶ

601 1818 919 1888 mysterium
960 1797 1182 1873 didicit.
1203 1820 1396 1874 Adhuc
1427 1821 1572 1892 enim
1604 1820 1906 1889 discipulus
1944 1826 2045 1874 est.
2074 1818 2177 1874 Us-

2283 1797 2477 1892 ἀιρήσω
2492 1821 2676 1892 αὺτῷ;
2708 1797 2813 1886 ἑως
2829 1797 3090 1888 ἑπτάκις;
3127 1820 3183 1892 ›[
3309 1819 3366 1872 δὲ
3400 1797 3604 1890 ίίύριος
3625 1797 3748 1888 ἔφη,
3779 1819 3860 1870 Οὐ

599 1925 705 1977 que
736 1911 986 1980 septies?
1031 1926 1060 1965 a
1095 1913 1408 1982 septenario
1438 1928 1546 1966 non
1598 1913 1823 1967 recessit
1851 1911 2176 1982 discipulus.

601 1999 750 2055 Dixit
793 2002 1103 2072 discipulus
1151 2003 1299 2073 quod
1356 2003 1587 2058 sciebat.
1637 2002 1854 2059 Divitiis
1915 2001 2177 2058 Dominus

601 2091 917 2146 abundavit.
951 2093 1176 2159 Quoties
1202 2095 1471 2164 peccabit,
1509 2103 1564 2150 et
1592 2091 1904 2148 dimittam?
1943 2109 2042 2148 cur
2067 2109 2177 2148 non

601 2181 759 2246 dixit,
812 2184 1010 2248 sexies,
1045 2185 1139 2240 sed
1168 2185 1418 2254 septies“?
1442 2184 1555 2239 Cur
1577 2199 1687 2239 non
1733 2184 2017 2253 respondit
2069 2183 2177 2238 Do-

602 2271 785 2326 minus
811 2313 824 2336 ,
859 2271 1078 2328 Centies
1121 2274 1355 2338 centies,
1413 2273 1508 2330 sed
1548 2274 1843 2344 septenarii
1894 2288 2179 2328 numerum

604 2362 1040 2432 multiplicavit?
1077 2379 1177 2419 nec
1215 2363 1410 2420 Petrus
1445 2365 1592 2420 aiiud
1643 2364 2019 2434 interrogavit,
2081 2380 2184 2420 nec

605 2449 868 2507 Dominus
901 2453 1154 2510 discessit
1187 2470 1216 2508 a
1257 2456 1552 2525 septenarii
1601 2457 1806 2524 regula.
1845 2455 2184 2513 Observave-

604 2547 691 2593 rat
714 2539 913 2598 Petrus
945 2559 1008 2598 ex
1034 2544 1255 2614 antiqua
1283 2545 1596 2602 traditionis
1629 2561 1840 2611 norma,
1873 2549 2182 2616 septenario

601 2646 834 2686 numero
857 2635 1121 2690 contineri
1151 2635 1448 2705 quamdam
1474 2637 1582 2692 vim
1611 2639 1956 2693 remissionis
1986 2623 2180 2708 pecca-

604 2729 806 2786 torum,
839 2724 1038 2793 quietis
1075 2725 1346 2795 perfectaa,
1379 2727 1540 2797 cujus
1586 2728 1851 2783 indicium
1891 2729 2176 2784 sabbatum

602 2823 706 2878 est,
739 2815 856 2872 dies
890 2817 1158 2887 septimus
1210 2832 1241 2871 a
1294 2820 1485 2873 mundi
1516 2821 1921 2890 procreatione.
1982 2820 2178 2878 Petrus

603 2904 825 2974 septies.
866 2904 1125 2960 Dominus
1157 2909 1473 2979 septuagies
1494 2909 1717 2979 septies.

2283 1910 2425 1980 λέγω
2485 1929 2566 1964 σοι
2621 1912 2727 1976 ἕως
2776 1912 3035 1977 ἑπτάκις,
3080 1910 3194 1964 ἀλλ’
3243 1910 3345 1974 ἕως
3401 1909 3861 1980 ἑϐδομηκοντάκις

2283 2001 2470 2073 ἑπτά.]
2510 2002 2696 2070 Ὀλίγα
2739 1999 2843 2056 οἶδε
2887 2003 2944 2057 τδ
2973 2004 3286 2074 μυστήριον.
3321 1999 3487 2054 Οὔπω
3518 2000 3721 2069 ἔμαθε·
3757 2016 3862 2068 μα-

2284 2092 2452 2162 θητὴς
2479 2094 2586 2164 γὰρ
2612 2093 2692 2146 ἑτι
2725 2094 2893 2148 ἐστίν.
2919 2095 3064 2157 Ἕως
3096 2094 3354 2156 ἑπτάκις;
3383 2092 3496 2144 Οὐκ
3528 2090 3737 2158 ἀπέστη
3763 2089 3860 2142 τοῦ

2284 2183 2424 2236 ἑπτά
2448 2187 2476 2238 6
2513 2185 2807 2240 διδάσκων
2844 2182 2997 2238 εἶπεν
3021 2185 3244 2256 ώς,ῇδει
3270 2185 3300 2236 6
3334 2183 3601 2253 μαθητής.
3649 2182 3853 2251 ’Υπερ-

2278 2275 2440 2328 έϐαλε
2466 2275 2545 2347 τῷ
2571 2276 2786 2347 πλούτῳ
2810 2275 3146 2346 ὀΔεσπότης.
3170 2275 3407 2337 Ποσάκις
3430 2258 3736 2345 ἁμαρτήσει
3761 2274 3858 2326 καὶ

2279 2368 2509 2439 ἀφήσω;
2539 2371 2637 2422 Διά
2668 2370 2720 2422 τί
2753 2369 2852 2422 οὐκ
2881 2367 3048 2440 εἶπεν,
3073 2370 3217 2432 Ἕως
3251 2368 3454 2434 ἑξάκις,
3485 2365 3683 2438 ἢἜως
3696 2367 3858 2419 ἑκτά-

2281 2476 2388 2531 κις,
2419 2459 2532 2512 ἀλλ’
2561 2461 2706 2523 Ἕως
2746 2461 3010 2524 ἑπτάκις;
3055 2461 3153 2513 Διά
3181 2461 3232 2512 τί
3263 2464 3291 2512 ὁ
3324 2461 3526 2532 Κύριος
3570 2462 3670 2514 οὐκ
3705 2457 3860 2513 εἶπεν

2283 2549 2430 2613 Ἕως
2482 2551 2833 2614 ἑκατοντάκις
2887 2552 3100 2615 ἑκατὸν,
3141 2551 3278 2604 ἀλλά
3323 2553 3412 2605 τὸν
3459 2552 3598 2606 ἑπτά
3624 2553 3860 2623 ἀριθμὸν

2283 2641 2784 2707 ἑπολυπλασίασενς
2839 2643 2976 2696 Οὔτε
3023 2645 3050 2696 6
3099 2644 3304 2716 Πέτρος
3346 2644 3504 2698 ἄλλον
3553 2644 3859 2714 ἠρώτησεν,

2283 2731 2406 2785 οὔτε
2436 2734 2464 2784 6
2503 2733 2704 2804 Κύριος
2733 2732 2901 2803 ἐξέϐη
2944 2732 3040 2786 τοῦ
3076 2735 3298 2797 κανόνος
3343 2733 3432 2788 τοῦ
3480 2733 3858 2804 ἑϐδοματικοῦ.

2284 2824 2672 2894 Παρετήρησεν
2717 2825 2747 2876 6
2782 2823 2988 2894 Πέτρος
3037 2826 3125 2878 ὅτι
3157 2825 3334 2879 κανὼν
3378 2825 3721 2897 παραδόσεως
3762 2825 3863 2894 ἀρο

2282 2915 2434 2985 χαῖός
2466 2917 2604 2976 ἑστι,
2655 2916 2752 2985 τὴν
2781 2915 3050 2986 ἑϐδομάδα
3082 2915 3316 2986 ἔμφασιν
3361 2917 3503 2986 ἔχειν
3563 2917 3708 2979 τινὸς
3752 2917 3863 2984 ἀφ-

603 3001 772 3063 έσεως
805 3003 1236 3074 ἁμαρτημάτων,
1264 3005 1625 3070 ἀναπαύσεως
1649 3005 1878 3071 τελείας,
1909 2999 1970 3060 οὗ
1995 3011 2220 3079 σημεῖον
2251 3010 2311 3064 τδ
2334 3011 2601 3064 σάϐϐατόν
2627 3011 2838 3081 ἑστιν,ή
2895 3011 3098 3084 ἑϐδόμη
3146 3013 3324 3083 ⁴ἡμέρα
3352 3010 3460 3066 ἀπὸ
3485 3012 3765 3079 γενέσεως.
3799 3009 3864 3062 Ὀ

602 3090 826 3165 Πέτρος,
855 3094 1100 3160 ἑπτάκις,
1129 3098 1156 3148 6
1179 3096 1380 3166 Κύριος
1408 3098 1510 3160 ἕως
1542 3097 2001 3168 ἑϐδομηκοντάκις
2024 3100 2187 3153 ἑπτά.

672 3185 940 3240 Caeterum
972 3186 1135 3240 etiam
1169 3199 1389 3254 peccata
1430 3186 1634 3254 septies
1666 3186 1989 3255 puniuntur.
2023 3185 2174 3241 Non-

2339 3209 2403 3262 Λί
2439 3208 2698 3278 ἁμαρτίαι
2724 3203 3062 3258 ἑκδικοῦνται
3079 3201 3324 3263 ἑπτάκις.
3345 3200 3455 3270 Οὐχ
3484 3199 3674 3264 οὕτως,
3697 3219 3715 3251 ι
3737 3203 3855 3266 Πᾶς

602 3287 672 3327 ne
704 3271 784 3326 sic
832 3275 936 3326 ait:
967 3292 986 3324 ι
1040 3273 1142 3338 Qui
1171 3274 1434 3329 occiderit
1463 3273 1622 3338 Cain,
1648 3275 1955 3345 scptuplum
1987 3278 2177 3346 punie-

2283 3255 2653 3364 5&ROX;E£;a€
2691 3299 2851 3361 Κάῖν,
2893 3299 3033 3352 ἑπτὰ
3067 3255 3784 3365 ἑκδικοὺμεναῆπαραλύσεη
3828 3255 3852 3346 ξ

605 3373 694 3416 tur
715 3363 807 3416 "‘3
835 3382 856 3415 ι
889 3362 1074 3432 Neque
1099 3363 1211 3417 illic
1232 3365 1515 3434 octuplum
1542 3364 1702 3428 dixit,
1727 3365 1822 3420 sed
1848 3367 2174 3437 septuplum.

604 3452 744 3518 Quid
776 3453 849 3506 ita
875 3453 899 3506 ’ἶ
929 3469 1224 3524 parumper
1255 3463 1536 3524 exspecta,
1576 3462 1629 3509 et
1670 3455 1988 3526 mysterium
2030 3457 2180 3512 inve-

605 3543 744 3595 nies.
778 3539 1022 3595 Primum
1067 3549 1352 3613 peccatum
1386 3541 1522 3597 Cain
1563 3543 1816 3613 septuplo
1845 3543 2176 3610 vindicatur,

604 3632 846 3686 srrunda
896 3632 1074 3688 caedes
1124 3631 1358 3688 Lameeh
1422 3635 1845 3706 septuagecuplo
1905 3637 2176 3706 septuplo.

611 3739 628 3772 ι
665 3719 799 3773 Nam
884 3725 1166 3796 septupla,
1231 3741 1249 3773 ο
1293 3723 1490 3792 inquit,
1552 3741 1570 3774 ι
1647 3724 1783 3778 ultio
1837 3724 2058 3780 dabitur
2113 3725 2182 3781 de

604 3810 764 3875 Cain,
796 3813 863 3868 de
895 3810 1130 3868 Lamcch
1169 3829 1296 3869 vero
1325 3817 1634 3886 septuagies
1664 3817 1932 3887 septies".
1958 3837 1976 3869 ι
1996 3818 2183 3890 Itaque

605 3904 654 3959 si
709 3904 936 3974 septima
1000 3904 1145 3960 Petri
1211 3906 1461 3963 dimissio
1507 3909 1575 3963 ad
1608 3908 1745 3964 Cain
1787 3911 2046 3967 ultionem
2099 3926 2181 3966 re-

609 3995 797 4059 fertur,
871 3999 1540 4070 septuagesima-septima
1567 4002 1954 4058 condemnatio
1982 4004 2048 4057 ad
2084 4001 2185 4056 La-

607 4087 762 4142 mecb
796 4088 1058 4142 ultionem
1081 4089 1363 4151 referetur,
1392 4097 1448 4142 ut
1483 4101 1751 4159 quantum
1783 4093 2041 4147 delictum
2076 4102 2182 4159 est,

606 4186 760 4233 tanta
793 4179 867 4235 sit
918 4180 1082 4234 etiam
1140 4182 1338 4252 gratia,
1377 4190 1434 4237 et
1490 4181 1579 4236 ubi
1617 4197 1840 4252 parvum
1898 4184 2183 4249 delictum,

609 4286 774 4342 parva
806 4273 1001 4327 venia:
1060 4292 1079 4323 ‹
1133 4273 1220 4327 cui
1254 4273 1400 4326 enim
1453 4287 1644 4342 parum
1705 4271 1934 4338 dimisit,
1989 4289 2182 4344 parum

606 4361 773 4416 etiam
814 4371 960 4418 autat
990 4365 1029 4416 ¹.
1070 4363 1170 4419 Ubi
1206 4362 1506 4417 abundavit
1528 4362 1807 4429 delictum,
1848 4365 2188 4434 superabun-

607 4450 755 4504 davit
787 4459 840 4505 et
874 4452 1046 4521 gratia
1071 4453 1112 4504 ².
1162 4471 1181 4503 ι
1238 4449 1462 4520 Ecquod
1521 4465 1652 4520 ergo
1704 4452 2020 4522 mysterium
2053 4456 2178 4510 est?

2275 3395 2410 3449 Οὑδὲ
2456 3394 2572 3446 ἑκεῖ
2605 3389 2768 3455 ὀκτὼ,
2801 3390 2938 3444 ἀλλά
2976 3389 3134 3442 ἑπτά.
3171 3387 3382 3457 Μικρὸν
3419 3387 3724 3457 ἀνάμεινον,
3758 3389 3856 3440 καὶ

2275 3484 2528 3556 εὑρήσεις
2547 3481 2607 3534 τὸ
2630 3481 2943 3552 μυστήριον.
2964 3478 3160 3550 Πρώτη
3185 3477 3428 3548 ἁμαρτία
3456 3479 3684 3540 ἑπτάκις
3709 3479 3859 3530 ἑκδιο

2284 3576 2495 3628 κεῖταιο
2529 3573 2778 3642 δεύτερος
2826 3571 2983 3640 φόνος
3019 3571 3111 3624 τοῦ
3145 3571 3336 3641 Λάμεχ
3388 3569 3848 3641 ἑϐδομηκοντάκις

2283 3657 2444 3710 ἑπτά.
2479 3655 2640 3723 Λέγει
2661 3654 2800 3724 γὰρ,
2829 3655 2910 3707 ὅτι
2947 3671 2966 3705 ι
3015 3655 3109 3706 Ἐκ
3134 3654 3272 3707 Κάῖν
3306 3652 3640 3722 ἑκδεδίκηται
3683 3650 3852 3704 ἑπτά-

2283 3757 2388 3802 κις,
2443 3742 2507 3793 ἑκ
2553 3739 2610 3791 δὲ
2658 3738 2848 3808 Λάμεχ
2900 3737 3358 3809 ἑϐδομηκοντάκις
3413 3736 3573 3790 ἑπτά.
3621 3753 3640 3785 ›
3685 3736 3750 3786 Ή
3789 3733 3850 3785 δὲ

2283 3826 2401 3879 ἐκεῖ
2426 3823 2618 3892 ἄφεσις
2649 3821 2800 3892 παρὰ
2837 3821 3026 3891 Πέτρῳ
3071 3820 3294 3890 ἑϐδόμη,
3338 3817 3612 3887 ἀνάγουσα
3644 3819 3708 3886 τῇ
3757 3817 3854 3868 ἑκ·-

2287 3908 2500 3975 δικήσει
2527 3905 2620 3958 τοῦ
2663 3905 2826 3971 Κάῖν,
2876 3904 3222 3976 συγχώρησις
3264 3901 3415 3974 παρὰ
3451 3900 3654 3970 Κυρίου
3695 3897 3854 3950 ἑϐδο-

2290 3992 2622 4066 μηκοντάκις
2659 3990 2818 4053 ἑπτὰ,
2843 3990 2920 4053 ώς
2951 3991 3272 4059 κατάκρισις
3301 3988 3378 4060 τῷ
3401 3988 3590 4058 Λάμεχ
3625 3985 3857 4053 ἑϐδομη-

2285 4080 2539 4142 κοντάκις
2565 4077 2724 4132 ἑπτά.
2743 4078 2907 4131 Ὅσον
2929 4077 2990 4130 τὸ
3008 4077 3379 4148 παράπτωμα,
3400 4073 3648 4127 τοσοῦτον
3675 4073 3767 4125 καὶ
3791 4071 3858 4123 τὸ

2285 4169 2529 4240 χάρισμα
2550 4183 2564 4197 ·
2589 4169 2720 4220 ὅπου
2749 4165 2906 4235 ὀλίγη
2935 4167 2966 4237 ή
3000 4163 3263 4235 ἁμαρτία,
3281 4163 3437 4231 ὀλίγη
3465 4163 3559 4214 καὶ
3584 4162 3616 4230 ή
3637 4161 3854 4227 ἄφεσις.

2291 4249 2390 4326 ιᾯ
2405 4255 2511 4325 γάρ
2529 4254 2738 4324 ἀφῆκεν
2755 4253 2953 4321 ὀλίγον,
2971 4252 3147 4320 ὀλίγον
3167 4251 3262 4304 καὶ
3279 4251 3467 4320 ἀγαπᾷ
3487 4266 3500 4278 ο
3515 4248 3648 4301 ὃπου
3668 4245 3829 4298 ἑπλεό
3841 4276 3860 4284 -

2285 4359 2448 4396 νασεν
2478 4343 2511 4412 ή
2539 4341 2802 4412 ἁμαρτία,
2829 4337 3407 4410 ὑπερεπερίσσευσενή
3439 4336 3647 4407 χάρις.»
3675 4332 3738 4384 Τί
3760 4327 3858 4384 οὖν

2287 4430 2403 4482 ἑστι
2433 4429 2494 4482 τὸ
2529 4430 2858 4499 μυστήριον;
2900 4427 3088 4498 Ὀγδόη
3137 4426 3352 4494 λέγεται
3388 4424 3568 4495 ἡμέρα
3597 4423 3625 4474 6
3660 4419 3793 4474 αίὼν
3827 4423 3860 4472 ὁ

607 4540 838 4608 septima
873 4505 993 4596 dies
1027 4541 1229 4594 dicitur
1266 4505 1479 4610 tempus
1506 4505 1720 4610 iudicii,
1750 4505 1805 4597 in
1837 4560 1945 4614 quo
1971 4555 2025 4600 et
2059 4561 2178 4616 pec-

2285 4516 2388 4587 τῆς
2435 4516 2689 4588 κρίσεως,
2730 4517 2787 4570 ἑν
2835 4507 2880 4582 ᾧ
2927 4516 2956 4568 6
3004 4512 3324 4584 ἁμαρτωλὸς
3369 4511 3617 4572 ἑπτάκις,
3659 4510 3687 4561 6
3731 4505 3856 4616 mg

607 4638 762 4683 cator
793 4632 994 4700 septies
1039 4632 1286 4701 punitur,
1337 4639 1391 4685 et
1431 4632 1631 4688 eximie
1671 4645 1926 4704 peccator
1961 4646 2182 4708 septua-

607 4721 724 4789 gies
754 4721 1002 4790 septies;
1050 4724 1238 4791 justus
1269 4723 1505 4792 septies,
1549 4734 1602 4780 et
1645 4726 1844 4782 eximie
1878 4728 2063 4797 justus
2095 4746 2184 4785 se—

608 4813 856 4883 ptuagies
922 4815 1126 4884 septies
1159 4824 1559 4871 remuneratur.
1594 4817 1688 4872 Dei
1743 4818 2054 4890 benignitas
2086 4838 2181 4891 per

608 4901 896 4971 aenigmata
932 4919 1079 4958 nunc
1105 4906 1326 4974 quidem
1355 4906 1538 4962 futura
1571 4907 1729 4964 nobis
1761 4909 1996 4964 ostendit
2016 4929 2031 4966 :
2054 4922 2183 4968 tunc

609 5003 790 5048 autem
826 4997 946 5066 ipso
1000 5007 1274 5067 praesente
1334 5002 1623 5071 perspicua
1653 5011 1707 5067 et
1759 5001 2047 5056 manifesta
2079 5003 2184 5057 erit

609 5085 831 5142 veritas.
861 5087 1013 5143 Tunc
1037 5093 1182 5145 enim
1215 5094 1444 5162 patebit,
1465 5095 1663 5162 quibus
1687 5093 1920 5164 quisque
1949 5095 2181 5164 praemiis

610 5179 681 5232 sit
711 5179 930 5250 dignus.
967 5183 1283 5254 Septuplam
1320 5186 1485 5256 igitur
1513 5185 1771 5240 ultionem
1803 5185 1961 5240 nobis
1993 5200 2179 5255 pecca-

609 5271 823 5326 toribus
854 5273 1087 5329 debitam
1117 5273 1384 5331 Dominus
1426 5275 1777 5337 condonabit,
1809 5275 1856 5330 si
1912 5290 2007 5344 per
2048 5289 2182 5330 con—

614 5361 908 5419 fessionem
947 5377 1002 5421 et
1033 5368 1412 5436 pmnitentiam
1455 5368 1541 5422 hic
1589 5383 1713 5422 eum
1766 5366 2180 5437 placaverimus.

611 5452 998 5524 Quamobrem,
1033 5474 1158 5512 cum
1203 5457 1608 5513 formidandum
1669 5459 1820 5512 illum
1878 5458 2020 5513 diem
2075 5475 2183 5513 non

2288 4603 2592 4677 ὑπερϐολὴν
2638 4603 3095 4675 ἑϐδομηκοντάκις
3124 4601 3284 4664 ἑπτὰ,
3319 4598 3750 4668 ἑκδικηθήσεται.
3795 4595 3859 4647 '0

2288 4693 2494 4756 δίκαιος
2523 4691 2750 4756 ἑπτάκις
2783 4692 3180 4762 τιμηθήσεται·
3231 4689 3260 4739 ὀ
3301 4685 3421 4738 καθ’
3452 4682 3754 4753 ὑπερϐολὴν
3780 4680 3861 4732 δί-

2289 4797 2464 4844 καιος,
2492 4778 2954 4849 ἑϐδομηκοντάκις
2986 4775 3142 4830 ἑπτά.
3183 4775 3244 4826 ’Π
3269 4771 3362 4824 τοῦ
3385 4771 3518 4824 Θεοῦ
3549 4768 3859 4839 φιλανθρω-

2285 4863 2385 4915 πία
2411 4863 2506 4916 νῦν
2539 4862 2635 4932 μὲν
2667 4861 2734 4914 δι’
2781 4859 3115 4930 αἰνιγμάτων
3145 4859 3278 4928 ἡμῖν
3318 4856 3387 4909 τά
3419 4855 3679 4927 μέλλοντα
3716 4853 3861 4904 ὐπο-

2286 4946 2499 5016 φαίνει·
2530 4945 2648 4996 τότε
2675 4943 2732 4996 δὲ
2778 4944 2870 4995 ἑπὶ
2898 4943 2996 5011 τῆς
3026 4940 3326 5011 παρουσίας
3355 4938 3592 5009 ἐναργὴς
3635 4937 3724 4988 καὶ
3770 4951 3866 4988 τε·

2282 5027 2604 5100 τρανωμένη
2659 5026 2805 5078 ἐστὶν
2848 5027 2880 5095 ή
2916 5023 3163 5094 ἀλήθεια.
3204 5021 3380 5086 Δείξει
3419 5023 3526 5091 γὰρ
3576 5019 3659 5083 τίς
3695 5017 3867 5073 τίνων

2288 5113 2440 5165 ἐστὶν
2467 5111 2634 5177 ἄξιος.
2678 5107 3075 5162 Ἐπταπλάσιον
3105 5106 3282 5160 τοίνυν
3313 5108 3447 5175 ἡμῖν
3471 5105 3568 5174 τὴν
3589 5103 3867 5156 ἀντίδοσιν

2287 5193 2736 5267 χρεωστουμένην
2764 5194 2876 5254 τοῖς
2913 5190 3251 5261 ἁμαρτωλοῖς
3286 5189 3630 5259 συγχωρήσει
3670 5188 3698 5238 6
3738 5183 3864 5236 Κύ-

2293 5298 2428 5352 ριος,
2463 5279 2693 5332 ἐνταῦθα
2724 5277 2814 5330 διὰ
2841 5279 2940 5347 τῆς
2969 5273 3404 5346 ἑξομολογήσεως
3434 5274 3526 5328 καὶ
3567 5271 3866 5343 μετανοίας

2287 5363 2588 5429 ἑξιλεωοεὶς
2619 5361 2747 5433 παρ’
2800 5361 2990 5430 ἡμῶν·
3035 5358 3175 5412 ὥστε
3224 5359 3423 5420 ειδότες
3471 5356 3568 5426 τὴν
3618 5352 3866 5423 φοϐεράν

2285 5448 2498 5518 ἐκείνην
2545 5445 2757 5517 ἡμέραν
2821 5443 2919 5515 τὴν
2968 5443 3364 5513 ταμιευομένην
3410 5439 3676 5492 ἀντίδοσιν
3743 5439 3865 5500 τοῖς

614 5545 948 5616 ignoremus,
985 5550 1356 5622 ultionemque
1403 5550 1787 5621 peccatoribus
1847 5559 2178 5607 reservatam

2283 5530 2650 5602 ἡμαρτηκόσι,
2686 5529 2784 5600 τὴν
2817 5528 2950 5600 πρὸς
2974 5526 3128 5594 ἀξίαν
3155 5527 3264 5579 τῶν
3299 5521 3864 5592 πεπλημμελημένων

684 5664 730 5695 ⁸⁸
764 5663 925 5720 Prov.
967 5683 1078 5735 xiv,
1119 5669 1203 5726 l6.
1279 5671 1326 5705 "
1361 5668 1525 5727 Hebr.
1551 5685 1625 5738 xi,
1660 5668 1681 5722 1
1720 5683 1840 5738 sqq.
1909 5668 1950 5700 "
1977 5666 2168 5723 Matth.

620 5730 642 5759 ³
674 5734 828 5792 item.
859 5753 910 5794 ν.
937 5736 1028 5794 20.

2283 5681 2372 5732 ιιι,
2405 5665 2496 5720 22.
2556 5665 2600 5697 ’⁸
2625 5664 2756 5720 Gen.
2785 5680 2834 5717 iv
2869 5704 2882 5725 ,
2918 5663 3003 5720 15.
3037 5665 3080 5698 θ’
3113 5663 3244 5722 ibid.
3273 5661 3363 5718 2L
3423 5665 3437 5693 ‘
3477 5661 3608 5718 Luc.
3642 5679 3736 5730 vn,
3777 5663 3883 5722 47.
