4088 6210
247 131 331 185 289

930 125 997 180 IN
1031 123 1276 186 VERBA,
1305 123 1680 180 FACIAMUS
1721 121 2113 190 HOMINEM,
2150 119 2326 185 ETC.,
2363 116 2567 174 ORAT.
2599 117 2666 173 II.

3350 115 3456 172 290

247 240 622 312 ἀντιμέτρησιν,
664 237 1030 309 προλαϐόντες
1052 238 1140 292 διὰ
1177 237 1276 309 τῆς
1313 238 1619 308 μετανοίας,
1660 238 1793 290 ἀνα-

1900 235 2194 291 sceleribus
2225 248 2411 288 eorum
2439 235 2846 302 congruentem,
2879 236 3305 292 antevertamus,
3331 243 3460 299 pec-

247 333 461 402 λύσωμεν
497 331 569 383 τὰ
603 331 1001 401 ἁμαρτήματα,
1037 331 1122 384 ῐνα
1153 331 1268 382 ἐκεῖ
1302 329 1393 382 τὸν
1425 329 1792 382 πολυπλασια-

249 423 357 492 σμὸν
380 421 475 490 τῆς
507 419 828 482 ἀντιδόσεως
856 418 948 472 τὸν
992 417 1250 471 ἐπίπονον
1279 417 1626 486 ἐκφύγωμεν.
1666 415 1789 469 Ἐϐ-

245 513 384 582 δόμην
409 513 588 564 τοίνυν
629 510 802 580 αὐτὴν
831 511 1045 580 ἡμέραν
1080 508 1293 578 ἐκείνης
1331 509 1433 578 τῆς
1469 508 1660 577 ὀγδόης
1692 507 1792 577 τῆς

247 601 524 664 συντελείας
568 600 664 653 τοῦ
698 599 898 662 αἰῶνος
933 598 1196 669 εἴπωμεν.
1218 617 1236 650 ι
1266 598 1373 651 Καὶ
1393 599 1738 652 κατέπαυσεν
1763 601 1792 652 6

242 695 350 755 Θεὸς
377 691 480 746 ἀπὸ
513 685 620 740 τῶν
639 684 833 755 ἔργων.
852 702 880 736 -ι
926 687 1120 742 Οὐκέτι
1163 688 1300 759 ἔργα
1344 687 1437 740 τοῦ
1487 690 1690 758 κόσμου
1733 691 1793 741 ἐν

245 783 401 854 ἐκείνῃ
431 784 496 852 τῇ
538 780 748 852 ἡμέρα,
780 779 962 832 οὐκέτι
990 777 1178 848 γάμοι,
1209 778 1393 830 οὐκέτι
1423 778 1794 848 συναλλαγμὰ-

239 891 332 926 των
367 874 675 941 ἐμπορείαι,
725 869 992 938 γεωργίαι
1033 867 1236 932 οὐκέτι,
1287 866 1423 920 ἀλλὰ
1460 869 1610 920 πᾶσα
1647 870 1679 937 ἡ
1719 867 1791 937 γῆ

242 959 551 1029 ἐπτοημένη,
587 959 735 1011 πᾶσα
761 960 794 1026 ἡ
828 957 1006 1020 κτίσις
1036 956 1347 1024 ἐναγώνιος,
1383 956 1543 1026 ἱδρὼς
1575 958 1794 1028 ἀπαρα-

241 1051 477 1121 μύθητος,
509 1050 604 1102 καὶ
631 1049 681 1100 oi
712 1048 911 1100 δίκαιοι.
941 1046 1241 1114 ἐναγώνιοι,
1267 1046 1351 1110 τίς
1375 1064 1506 1099 ποτε
1535 1047 1641 1118 ἄρα
1667 1047 1794 1119 περὶ

239 1141 396 1195 αὐτῶν
423 1142 457 1210 ἡ
486 1140 668 1208 ψῆφος
716 1138 1147 1209 ἐξενεχθήσεται.
1188 1139 1298 1192 Καὶ
1351 1139 1601 1210 ’Δϐραὰμ
1649 1140 1795 1207 ἀγω-

240 1233 396 1285 νιάσει
451 1232 604 1293 τότε,
655 1230 754 1298 οὐχ
815 1229 905 1282 ἵνα
977 1229 1344 1299 καταδικασθῇ
1408 1233 1486 1293 εἰς
1538 1231 1792 1297 γέενναν,

234 1323 334 1375 ἀλλ’
358 1323 415 1374 ἐν
448 1321 577 1392 ποία
607 1319 755 1386 τάξει
793 1319 902 1372 τῶν
934 1319 1153 1372 δικαίων
1182 1321 1508 1390 ταχθήσεται
1531 1338 1543 1350 ο
1581 1321 1793 1391 πρώτῃ,

231 1411 526 1482 ⁴ξδευτέρᾳ,
561 1409 593 1478 ἢ
623 1408 802 1480 τρίτῃ.
847 1407 1050 1478 Κύριος
1089 1408 1147 1472 ἐξ
1189 1407 1453 1477 οὐρανῶν,
1493 1408 1587 1459 καὶ
1628 1409 1675 1458 οἱ
1708 1407 1797 1457 οὐ-

1892 332 2130 394 cataque
2176 334 2364 379 nostra
2402 321 2775 392 resipiscendo
2831 320 3124 384 diluamus,
3157 327 3217 372 ut
3265 334 3460 389 poenas

1895 415 2018 470 illas
2041 413 2397 483 gravissimas
2422 413 2708 468 evitemus.
2735 411 3010 481 Septimus
3039 411 3127 465 hic
3158 412 3322 481 igitur
3343 412 3460 467 dies

1891 506 2108 576 septimi
2138 506 2287 562 illius
2314 506 2443 569 diei,
2472 518 2582 574 quo
2603 517 2776 557 aevum
2811 516 2972 555 omne
3005 501 3305 570 perfectum
3333 503 3458 564 erit.

1891 605 1974 650 est
2008 596 2272 650 indicium
2303 604 2357 650 et
2388 603 2539 648 nota.
2592 609 2611 642 ι
2641 591 2709 645 Ει
2729 591 2988 663 requievit
3010 591 3146 644 Deus
3161 591 3235 644 ab
3280 593 3461 662 operio

1893 688 2018 742 bus.
2036 709 2054 740 ι
2082 688 2231 744 Nulla
2249 690 2478 759 amplius
2505 684 2691 738 mundi
2723 697 2885 752 opera
2949 690 3106 736 erunt
3136 683 3190 736 in
3218 683 3311 736 illo
3339 683 3459 744 die,

1892 778 2055 832 nulhe
2083 776 2316 845 amplius
2348 777 2572 844 nuptiae,
2605 789 2714 828 non
2740 781 3080 836 contractus,
3115 788 3222 826 non
3249 788 3462 828 merca-

1892 876 2049 932 turae,
2078 883 2188 921 non
2221 868 2334 938 agri
2373 867 2577 927 cultus.
2613 864 2706 920 sed
2769 864 2949 918 omnis
2985 873 3130 917 terra
3187 863 3241 916 in
3276 862 3463 916 formis

1894 961 2019 1015 dine
2048 968 2100 1014 et
2129 967 2296 1022 metu,
2342 974 2532 1013 omnes
2578 971 2664 1012 res
2696 963 2995 1025 procreatae
3047 955 3102 1008 in
3153 953 3363 1023 judicio
3411 961 3466 1008 et

1895 1049 2197 1104 certamine
2230 1050 2611 1103 versabuntur.
2639 1045 2837 1109 Sudor,
2878 1053 2933 1100 et
2969 1045 3123 1099 labor
3171 1042 3466 1098 incredibi-

1895 1141 1982 1195 lis.
2014 1138 2120 1210 Ipsi
2153 1140 2318 1194 etiam
2352 1139 2484 1207 justi
2525 1153 2650 1193 cum
2673 1137 2870 1191 timore
2909 1136 3232 1192 sententiam
3267 1150 3465 1202 exspe-

1893 1231 2138 1285 ctabunt.
2172 1230 2283 1285 Nec
2315 1230 2427 1300 ipse
2449 1230 2721 1284 Abraham
2745 1243 2775 1282 a
2801 1228 3101 1283 certamine
3123 1227 3321 1290 aberit,
3355 1242 3465 1279 non

1896 1331 1956 1374 ut
1991 1323 2046 1375 in
2075 1321 2378 1391 gehennam
2425 1321 2738 1389 abjiciatur,
2790 1319 2884 1374 sed
2945 1320 2998 1372 in
3031 1333 3138 1387 quo
3193 1317 3464 1387 justorum

1894 1407 2086 1463 ordine
2119 1408 2438 1472 collocetur,
2472 1411 2739 1478 primone,
2777 1424 2843 1462 an
2876 1408 3138 1473 secundo,
3172 1422 3240 1460 an
3285 1407 3464 1460 tertio.

233 1503 370 1571 ρανοὶ
418 1501 741 1570 ῥήγνυνται,
797 1496 1024 1567 δύναμις
1060 1497 1518 1559 ἀποκαλύπτεται,
1571 1498 1719 1550 πᾶσα
1757 1499 1793 1568 ἡ

1900 1496 2158 1553 Dominus
2197 1513 2227 1551 e
2258 1500 2436 1562 caelis,
2490 1499 2910 1568 disrumpuntur
2959 1499 3105 1554 cceli.
3161 1497 3468 1553 Potestates

231 1591 392 1652 κτίσις
433 1589 713 1659 ἔντρομος.
759 1587 855 1649 Τίς
910 1586 1142 1655 539060;;
1193 1587 1312 1640 οὐδὲ
1361 1587 1598 1656 ἄγγελοι.
1648 1589 1796 1659 Παρ-

1900 1600 2178 1660 apparent.
2234 1591 2514 1648 Universa:
2571 1608 2656 1647 res
2712 1599 3012 1661 procreatae
3061 1589 3465 1660 perterrefactae

234 1683 462 1735 ίστανται
515 1679 608 1732 καὶ
643 1678 797 1730 αὐτοὶ
828 1677 890 1730 οὐ
931 1676 1086 1744 λόγον
1127 1676 1203 1747 τῷ
1250 1676 1369 1747 Θεῷ
1417 1677 1628 1732 δοῦναν
1683 1677 1796 1730 ἀλλ’

233 1772 368 1839 ὅμως
403 1769 436 1836 ὴ
480 1765 686 1830 ἔνδοξος
731 1765 1019 1832 ἐπιφάνεια
1081 1764 1246 1825 πᾶσιν
1292 1763 1549 1834 ἐμϐάλλει
1574 1764 1794 1834 τρόμον.

231 1862 339 1913 υύκ
380 1858 594 1919 ἀκούεις
645 1855 737 1909 τοῦ
790 1856 1013 1908 Ἡσαΐου
1080 1855 1357 1924 λέγοντοςο
1415 1856 1539 1909 Ἐὰν
1581 1855 1799 1929 ἀνοίξῃς

231 1949 314 2000 τὸν
347 1946 591 2019 οὐρανὸν,
640 1946 840 2015 τρόμος
877 1944 1102 2013 λήψεται
1145 1945 1252 1998 ἀπὸ
1303 1945 1396 1998 σοῦ
1441 1945 1576 2016 ὅρη;
1623 1946 1712 1998 Ἐν

231 2039 461 2091 θάλασσα
503 2035 772 2104 πέπηγεν,
805 2036 864 2086 ἐν
974 2037 1008 2104 ὴ
1037 2034 1211 2098 κτίσις
1241 2035 1508 2104 σχολάσει,
1546 2037 1590 2107 ἠ
1640 2036 1800 2105 φύσις

230 2129 565 2197 νενέκρωται,
604 2125 723 2178 τότε
765 2123 1097 2194 ἁρπάζῆνται
1129 2125 1178 2176 οἱ
1209 2124 1427 2190 δίκαιοι,
1469 2126 1589 2179 τότε
1617 2126 1800 2197 ὄχημα

229 2218 330 2270 τῶν
356 2217 576 2270 δικαίων
607 2215 844 2283 νεφέλαι,
872 2215 989 2268 τότε
1014 2215 1218 2284 πομποὶ
1253 2215 1360 2270 τῶν
1384 2217 1602 2271 δικαίων
1631 2217 1798 2286 ἄγγε-

230 2310 321 2370 10:,
349 2308 464 2359 τότε
493 2306 689 2359 δίκαιοι
722 2305 820 2374 μὲν
844 2305 918 2367 ὡς
944 2306 1168 2376 ἀστέρες
1201 2306 1310 2359 ἀπὸ
1339 2308 1439 2378 γῆς
1469 2310 1548 2370 είς
1574 2308 1800 2378 οὐρανὸν

229 2397 720 2468 ἁναλαμϐανόμενοι
739 2411 753 2424 ·
795 2397 842 2448 oi
883 2396 938 2448 δὲ
969 2396 1280 2467 ἁμαρτωλοὶ
1317 2396 1548 2468 δέσμιοι,
1578 2397 1656 2468 τῷ
1684 2398 1798 2469 ίδίῳ

232 2491 375 2560 βάρει
405 2489 513 2540 τῶν
547 2487 956 2557 ἁμαρτημάτων
987 2487 1367 2557 πεπεδημένοι,
1399 2488 1548 2542 κάτω
1573 2488 1798 2542 πεσοῦν-

227 2595 310 2630 ται
338 2592 760 2645 ουσσυνειοητοι.

1894 1682 2348 1738 contremiscunt.
2383 1681 2517 1748 Quis
2549 1698 2656 1736 non
2691 1681 2919 1736 timeat?
2963 1681 3086 1748 quis
3125 1693 3232 1732 non
3279 1676 3468 1730 formi-

1897 1769 2006 1833 det,
2041 1785 2163 1824 cuzn
2192 1787 2260 1826 ne
2287 1773 2460 1841 angeli
2488 1771 2706 1840 quidem
2739 1785 2769 1824 a
2825 1776 2969 1823 metu
3019 1769 3129 1824 sint
3155 1767 3332 1830 vacui,
3371 1766 3468 1820 sed

1895 1861 2000 1931 ipsi
2031 1876 2248 1931 quoque
2273 1869 2440 1920 stent.
2474 1861 2724 1930 quamvis
2759 1860 3024 1913 rationem
3059 1856 3168 1912 Deo
3203 1872 3310 1911 non
3345 1855 3471 1909 red-

1897 1947 2068 2002 dituri
2097 1950 2120 2002 ?
2148 1949 2384 2018 gloriosa
2440 1958 2620 2003 tamen
2664 1949 2866 2018 judicis
2918 1947 3200 2016 praesentia
3264 1953 3469 1999 metum

1900 2039 2155 2094 omnibus
2187 2039 2380 2108 injicit.
2417 2038 2608 2094 Nonne
2663 2040 2822 2093 audis
2875 2039 3068 2092 Isaiam
3110 2036 3375 2090 dicentem
3398 2035 3418 2064 ³
3451 2049 3465 2084 :

1902 2128 1958 2184 Si
1983 2131 2288 2201 disruperis
2323 2132 2516 2190 caelos.
2543 2147 2571 2184 a
2605 2131 2744 2186 facie
2772 2139 2861 2185 tua
2888 2146 2998 2200 prae
3026 2132 3224 2183 timore
3254 2135 3470 2181 montes

1899 2222 2180 2278 deﬂuent?
2214 2222 2361 2278 Mare
2383 2225 2710 2294 conglaciat,
2733 2239 2819 2279 res
2842 2238 3033 2277 omnes
3054 2221 3469 2290 obstupescunt,

1900 2323 2094 2367 natura
2132 2320 2215 2368 est
2250 2321 2483 2378 mortua,
2517 2313 2582 2366 ad
2669 2313 2823 2366 illum
2880 2328 2910 2367 e
2963 2312 3123 2366 caalis
3179 2309 3470 2363 adventum

1904 2403 2083 2457 omnis
2124 2403 2340 2457 dicendi
2400 2403 2539 2458 ratio
2590 2410 2766 2472 torpet
2801 2411 2854 2455 et
2919 2401 3263 2474 conticescit.
3319 2400 3473 2453 Tunc

1898 2492 2034 2561 justi
2076 2493 2294 2562 quidem
2329 2503 2388 2548 ut
2412 2496 2583 2550 stella:
2616 2496 2668 2548 in
2700 2496 2899 2549 malum
2959 2495 3219 2548 tollentur
3243 2507 3271 2544 a
3304 2501 3469 2546 terra.

1904 2581 2226 2640 Peccatores
2257 2595 2438 2640 autem
2474 2586 2696 2656 proprio
2727 2592 3076 2655 peccatorum
3110 2582 3349 2652 pondere
3385 2583 3475 2637 de-

226 2668 395 2739 pressi
426 2665 924 2735 circumvolntiquc
953 2665 1208 2720 deorsum
1237 2665 1504 2734 ferentur,
1538 2669 1844 2738 turpissimi
1881 2689 1946 2729 ac
1973 2676 2399 2747 despectissimi.

305 2782 513 2853 Ἐκείνη
559 2785 594 2852 ἡ
638 2782 836 2852 ἑϐδόμη
879 2781 1057 2837 τοίνυν
1100 2784 1206 2837 ὑπὸ
1248 2784 1452 2852 ταύτης
1507 2786 1606 2854 τῆς
1655 2787 1802 2839 ἐϐδό-

231 2889 334 2940 μης
380 2869 884 2941 διασχηματίζεται.
941 2889 960 2920 ι
1023 2868 1128 2924 Καὶ
1180 2872 1521 2926 κατέπαυσεν
1583 2875 1612 2926 ό
1674 2873 1804 2936 Θεὸς

229 2959 331 3010 ἀπὸ
390 2957 610 3010 πάντων
653 2957 762 3008 τῶν
813 2956 1009 3026 ἔργων.
1069 2975 1088 3006 ι
1153 2957 1347 3010 Οὐκέτι
1403 2957 1472 3011 τὰ
1534 2957 1627 3010 τοῦ
1691 2958 1804 3028 βίου

227 3045 409 3098 τούτου
442 3046 500 3097 ἐν
525 3044 717 3115 ἐκείνῃ
739 3046 803 3113 τῇ
837 3044 1037 3114 ἡμέρᾳ.
1079 3045 1478 3116 Ἐκοιμήθησαν
1523 3047 1806 3118 ἐπιθυμίαι

229 3132 574 3202 νεωτερικαί·
617 3130 799 3183 οὐκέτι
836 3132 965 3201 περὶ
1002 3131 1180 3200 γάμου
1211 3131 1464 3202 πρόθεσις
1488 3149 1502 3162 ο
1545 3133 1807 3203 ἐπιθυμία

231 3221 568 3282 παιδοποιίας
610 3217 824 3270 οὐκέτι’
881 3219 1006 3289 περλΙ
1047 3219 1244 3289 χρυσοῦ
1297 3221 1514 3292 φροντὶς
1558 3222 1803 3290 οὐδεμία.

241 3305 531 3360 Ἐπελὰθου
589 3307 618 3358 6
665 3305 996 3376 φιλάργυρος
1046 3304 1138 3357 τοῦ
1203 3305 1506 3376 βαλαντίου,
1547 3307 1806 3361 ἐπελάθου

229 3394 321 3460 τῆς
347 3394 452 3462 γῆς
484 3396 512 3445 6
542 3391 924 3461 πολυκτήμων,
953 3390 1214 3444 ἐπελάθου
1251 3392 1407 3462 δόξης
1435 3393 1464 3445 6
1490 3393 1805 3464 δοξομανής.

231 3481 406 3533 Πᾶν-,α
437 3482 623 3533 ἐκεῖνα
650 3477 846 3548 ἐξέπτη
882 3479 981 3548 τῆς
1007 3477 1262 3541 διανοίας.
1311 3479 1375 3531 Ἠ
1407 3479 1463 3531 δὲ
1503 3480 1646 3551 ψυχὴ
1674 3482 1808 3552 πρὸς

235 3563 309 3633 ἑῷ
340 3565 599 3632 φοϐοῦντί
648 3567 763 3616 ἐστι
781 3577 795 3590 '
830 3563 967 3634 πρὸς
994 3566 1061 3633 τῇ
1099 3563 1394 3634 προσδοκίᾳ
1423 3564 1530 3617 τῶν
1559 3565 1803 3635 ἐπηρτη-

237 3646 408 3714 μένων
459 3647 672 3700 δεινῶν.
726 3647 890 3710 Φόϐος
937 3646 1047 3717 γὰρ
1091 3646 1284 3711 ἐξωθεί
1333 3648 1514 3700 πᾶσαν
1563 3647 1660 3716 τὴν
1699 3648 1802 3717 ἐμ-

236 3732 658 3802 πολιτευομένην
690 3735 809 3796 ταῖς
848 3733 1046 3803 ψυχαῖς
1090 3733 1247 3804 ἡμῶν
1294 3734 1512 3803 ἐμπαθῆ
1546 3733 1800 3787 διάνοιαν.

235 3815 404 3869 Ὅπου
444 3816 614 3884 φόϐος
639 3816 794 3880 Θεοῦ,
832 3817 1007 3870 πάντα
1037 3815 1356 3886 ἐξελήλαται
1382 3817 1452 3869 τὰ
1477 3815 1571 3869 τοῦ
1599 3817 1803 3881 πάθους

231 3899 566 3968 σπιλὼματα
613 3899 675 3950 ἐκ
697 3898 796 3966 τῆς
823 3896 1062 3960 διανοίας
1100 3897 1280 3968 ἡμῶν.
1336 3897 1482 3968 Αὕτη
1516 3901 1548 3965 ἡ
1601 3898 1804 3970 ἑϐδόμη

1980 2768 2257 2840 Septimus
2291 2772 2457 2840 igitur
2490 2772 2580 2828 ille
2607 2771 2723 2827 dies
2758 2771 2826 2826 ab
2871 2771 2975 2827 hoc
3010 2773 3241 2842 septimo
3290 2769 3472 2827 decla-

1908 2873 2080 2917 ratur.
2113 2883 2132 2915 ι
2179 2864 2242 2918 Et
2271 2864 2537 2934 requievit
2578 2865 2717 2918 Deus
2746 2863 2836 2918 die
2861 2864 3090 2933 septimo
3118 2863 3185 2917 ab
3215 2863 3472 2916 Omnibus

1908 2956 2167 3026 operibus
2193 2958 2332 3012 suis.
2375 2977 2392 3008 ι
2434 2956 2563 3022 Qua:
2592 2957 2657 3011 ad
2694 2957 2861 3012 vitam
2902 2956 3042 3010 hanc
3084 2956 3373 3025 pertinent,
3406 2970 3472 3008 eo

1906 3047 1994 3102 die
2021 3061 2127 3101 non
2154 3060 2336 3102 erunt.
2395 3047 2691 3113 Quiescent
2745 3046 3007 3114 juvenum
3056 3045 3258 3099 studia.
3315 3043 3470 3098 Nulla

1907 3139 2010 3193 erit
2041 3137 2110 3193 de
2147 3138 2356 3208 nuptiis
2389 3139 2722 3193 consultatio
2752 3155 2767 3204 ;
2800 3137 2947 3192 nulla
2999 3134 3471 3205 suscipiendorum

1909 3227 2203 3282 liberorum
2259 3226 2610 3293 sollicitudo;
2653 3226 2799 3280 nulla
2855 3224 3080 3293 parandi
3127 3222 3245 3276 auri
3297 3235 3471 3285 cura;

1910 3317 2134 3380 saeculi,
2166 3322 2220 3371 et
2255 3331 2396 3370 arca!
2422 3330 2620 3370 avarus
2652 3315 3026 3369 obliviscetur.
3076 3311 3196 3366 Non
3245 3308 3474 3380 praedio-

1913 3422 2030 3460 rum
2065 3407 2329 3476 locuples,
2367 3421 2474 3460 non
2507 3407 2735 3460 honoris
2767 3416 2817 3461 et
2841 3404 2998 3459 fama:
3028 3403 3375 3464 ambitiosus,
3421 3409 3475 3456 et

1908 3497 2095 3566 gloriae,
2149 3497 2382 3567 cupidus
2439 3495 2831 3550 recordabitur.
2883 3493 3009 3547 Ilazc
3069 3491 3249 3546 omnia
3285 3490 3475 3560 procul

1911 3589 2142 3643 aberunt
2175 3603 2202 3641 a
2230 3588 2435 3642 nostris
2469 3585 2915 3656 cogitationibus.
2942 3584 3170 3637 Animus
3199 3583 3251 3636 iu
3280 3584 3476 3636 timore

1910 3678 2240 3732 constitutus
2273 3676 2339 3729 ad
2376 3690 2556 3730 rerum
2583 3674 2986 3728 imminentium
3011 3673 3471 3743 exspectationem

1909 3768 2220 3823 excubabit.
2254 3766 2441 3821 Timor
2471 3767 2614 3821 enim
2640 3780 2856 3820 omnem
2885 3765 3044 3818 aliam
3091 3762 3473 3834 cogitationem

1909 3861 1977 3915 ab
2002 3859 2200 3914 animis
2235 3857 2441 3913 nostris
2475 3858 2728 3927 expellet.
2761 3855 2894 3910 Nam
2933 3854 3022 3910 ubi
3064 3854 3156 3909 Dei
3187 3855 3348 3909 timor
3375 3854 3474 3908 ad-

1909 3957 2013 4015 est,
2036 3950 2198 4004 nullae
2222 3949 2688 4018 perturbationum
2706 3948 2934 4002 maculae
2963 3955 3202 4003 mentem
3227 3946 3472 4002 nostram

4017 20 4019 51 Ι

4017 102 4019 159 l

4017 206 4019 267 ς

4017 298 4021 375 ὶ

4017 403 4023 486 Ἃ

4019 506 4023 612 ἓ

225 3982 441 4051 ἐκείνης
469 3982 571 4050 τῆς
601 3981 831 4052 ἑϐδόμης
859 3983 1044 4043 τύπος.
1087 3982 1318 4035 Ἔλαϐεν
1345 3977 1436 4035 οῦν
1465 3984 1492 4035 6
1524 3982 1654 4046 Θεὸς
1678 3982 1805 4052 χοῦν

221 4065 332 4116 ἀπὸ
525 4039 665 4132 γῆς,
714 4039 1077 4116 ἔπλασεν
1123 4065 1151 4116 6
1191 4064 1323 4128 Θεὸς
1364 4065 1456 4118 τὸν
1498 4039 1798 4136 ἄνθρωπον.

1910 4042 2306 4098 contaminant.
2343 4039 2443 4095 Hic
2477 4041 2742 4111 septimus
2769 4040 2886 4096 dies
2929 4041 3076 4096 illius
3106 4049 3189 4097 est
3221 4041 3329 4096 diei
3387 4054 3474 4095 se-

221 4147 338 4197 Οὐκ
368 4131 638 4214 ἐτελέσθη
684 4146 718 4215 ἡ
762 4145 1142 4216 κοσμογένεια,
1172 4147 1234 4198 οὐ
1261 4147 1486 4217 διεκόπη
1515 4149 1547 4218 ἡ
1581 4131 1798 4201 ακολου-

1911 4133 2068 4204 ptimi
2117 4133 2336 4204 signum
2367 4140 2419 4187 et
2451 4141 2599 4187 nota.
2636 4131 2882 4203 Sumpsit
2913 4132 3056 4187 Deus
3115 4132 3392 4202 pulverem
3442 4146 3474 4185 e

219 4227 312 4281 ϐία
369 4230 464 4281 ἵνα
526 4229 590 4281 τὸ
633 4228 901 4300 ἡμέτερον
953 4229 1292 4300 παρεισαχθῇ
1352 4229 1630 4300 διήγημα,
1690 4231 1798 4284 ἀλλ’

1911 4235 2077 4289 terra,
2134 4232 2188 4280 et
2242 4224 2500 4280 formavit
2556 4224 2851 4278 hominem.
2917 4222 3035 4278 Non
3085 4231 3170 4278 est
3224 4224 3474 4279 absoluta

212 4313 416 4383 ἐλέχθη
443 4331 461 4344 ο
511 4313 794 4382 Ἐποίησεν
834 4315 862 4366 6
893 4313 1025 4376 Θεὸς
1063 4314 1150 4366 τὸν
1188 4315 1492 4384 ἄνθρωπον,
1527 4316 1621 4368 καὶ
1671 4333 1798 4369 κατ-

1910 4320 2099 4374 mundi
2131 4318 2470 4389 procreatio,
2501 4330 2601 4371 nec
2632 4331 2810 4370 rerum
2850 4316 3019 4370 series
3050 4317 3375 4386 interrupta,
3416 4327 3477 4371 ut

209 4395 466 4490 ἔπαυσεν
514 4395 625 4492 ἀπρ
639 4395 880 4490 ⁸πάντων
924 4395 1032 4448 τῶν
1087 4397 1282 4468 ἔργων.
1325 4398 1432 4449 Καὶ
1457 4397 1641 4468 ἐπειδὴ
1680 4416 1798 4468 σχο-

1908 4413 2148 4466 narratio
2183 4411 2251 4465 de
2280 4410 2439 4466 nobis
2460 4409 2915 4464 introduceretur.
2947 4409 3051 4464 Sed
3111 4409 3317 4464 dictum
3349 4418 3433 4466 est
3459 4429 3474 4466 :

209 4479 312 4546 ἰὴν
343 4480 551 4546 ᾕγιγε,
582 4479 817 4530 διδάσκει
844 4479 989 4548 ἡμᾶς
1007 4479 1121 4556 πῷς
1151 4479 1426 4548 ἐποίησεν.
1463 4498 1481 4530 ι
1523 4480 1751 4534 Ἔλαϐεν
1778 4482 1798 4532 6

209 4559 351 4584 αλ-
385 4560 520 4584 ____’...
556 4561 655 4584 L_1
691 4562 785 4584 _:-
816 4565 919 4584 --⁵-
979 4581 993 4584 -
1039 4563 1205 4584 ’νη-..η
1238 4563 1363 4584 λ---]
1382 4581 1433 4584 _c_
1458 4581 1471 4584 Α
1505 4563 1630 4584 ..-ἐτη
1687 4583 1749 4584 ην.

1907 4501 2058 4557 Fecit
2097 4501 2238 4558 Deus
2271 4501 2568 4564 hominem,
2598 4508 2650 4556 et
2682 4501 2945 4570 requievit
2971 4501 3038 4554 ab
3063 4501 3315 4556 omnibus
3347 4516 3476 4572 ope.

205 4559 351 4622 Θεὸς
384 4560 521 4630 χοῦν
550 4561 662 4612 ἀπὸ
687 4562 785 4631 τῆς
815 4565 939 4630 γῆς.
979 4581 998 4614 ι
1039 4563 1206 4615 Ὅταν
1231 4563 1473 4634 ἀκούσῃς
1505 4563 1652 4634 χοῦν,
1679 4583 1798 4618 παι-

205 4643 371 4676 ζρσῗιο.
427 4644 670 4676 ἄπλατα-ι
692 4661 707 4675 ο
754 4643 1054 4676 ιιειηικιῖη-.-ιυ
1097 4645 1168 4676 ..ἒ-
1195 4646 1368 4676 ὶλιιξιιρ
1395 4647 1685 4676 -λλ-..--..
1741 4652 1798 4676 rm

1911 4594 2082 4650 ribus.
2101 4595 2275 4664 Atque
2299 4595 2382 4650 his
2404 4593 2688 4664 explicatis
2711 4559 2994 4649 commode
3017 4608 3115 4651 nos
3138 4593 3316 4657 docet,
3339 4559 3476 4666 quo-

200 4643 372 4696 δεύτυ
425 4644 670 4711 ἀφοϐίαν
692 4661 707 4675 ⁸
753 4643 1054 4716 ἀνθρώπων
1096 4645 1169 4716 μὴ
1195 4646 1368 4717 λάϐῃς
1395 4647 1704 4717 πρόσωπον.
1741 4652 1798 4703 Tl

200 4728 440 4756 ..-ι-...οτι
477 4726 570 4756 ιρι
606 4727 815 4756 nomn-.7.
841 4728 974 4756 μιν..
998 4744 1012 4756 ο
1038 4728 1209 4756 ’νη-..η
1234 4729 1281 4756 η
1294 4728 1428 4756 0.4-!
1460 4745 1536 4756 -..ε
1561 4730 1798 4756 \--..__-_\

1909 4687 2069 4742 modo
2098 4643 2369 4741 hominem
2400 4643 2606 4742 feccrit.
2630 4704 2647 4736 ι
2682 4683 2927 4756 Sumpsit
2952 4685 3094 4742 Deus
3118 4643 3416 4756 pulverem,
3449 4706 3468 4739 ι

199 4728 440 4794 me
477 4726 575 4777 ιπι
838 4728 1013 4798 μέγας
1038 4728 1209 4785 ὀταν
1233 4728 1428 4781 eum:
1561 4730 1808 4803 λογισμοι
1909 4726 3416 4803 ;::::."t":":::;::“:';:.::“::3:::_::.“'.3::;;"3::

195 4775 326 4877 δὲῃ
335 4775 543 4878 ματ-τῆς
559 4775 897 4879 καρδίαςτκαὶ
913 4775 1048 4880 (ρλέγ
1054 4812 1221 4881 μονὴν
1240 4811 1596 4881 ἐμποιοῦντες
1613 4775 1798 4868 ’δείσειε-λ·

1909 4777 2104 4847 inquit,
2141 4795 2161 4829 ι
2201 4791 2232 4833 e
2260 4783 2404 4832 terra
2425 4777 2469 4830 ³.
2512 4795 2531 4827 ι
2575 4775 2709 4830 Cum
2760 4776 3035 4845 pulverem
3083 4777 3261 4838 audis,
3323 4775 3474 4832 disce

367 4908 434 4943 σε
449 4895 488 4960 ἡ
500 4864 810 4962 μνησίς
824 4864 1189 4963 τῆςικτίσεωςί
1200 4864 1319 4957 πίῦς
1333 4864 1604 4965 ἐκτίσθηξ.
1617 4915 1634 4947 ι
1649 4864 1798 4950 ι

1909 4870 2158 4923 timorem
2203 4866 2500 4922 humanum
2538 4866 2828 4936 deponere.
2877 4864 2956 4920 Ne
2997 4866 3266 4936 suspicias
3297 4865 3473 4920 homi-

197 4975 304 5027 ξεν
327 4981 359 5030 οι
390 4956 537 5040 ea.
567 4956 827 5048 χόῡνεπὺ
849 4956 950 5048 τῆς
970 4979 1094 5049 γῆς,
1121 4956 1216 5033 και
1238 4956 1470 5034 ἔπλασεν
1503 4956 1687 5044 res;
1716 4983 1798 5035 τὸι

1910 4973 2036 5011 ιιιιιη
2061 4971 2342 5027 personas.
2381 4957 2492 5011 Cur
2524 4956 2747 5026 spiritus
2789 4957 2982 5011 tollis?
3019 4957 3131 5012 Cur
3153 4957 3219 5012 de
3256 4963 3308 5011 te
3354 4971 3473 5010 ma-

193 5063 536 5133 ἇῶςωπσν.
569 5047 589 5115 5
623 5065 761 5118 Πότε
786 5047 1661 5135 δύνασαι-ἐπιλαθέσθαισεαυτοῦ;
1686 5070 1798 5122 τότε

1910 5048 2105 5118 gniﬁce
2131 5049 2345 5104 sentis?
2382 5048 2610 5114 Quando
2633 5049 2730 5103 tibi
2759 5048 3121 5118 cogitationes
3161 5047 3470 5110 ‘nciderint,

203 5148 504 5201 ἐπελάθου
537 5146 792 5212 σεαυτοῦ,
825 5149 955 5202 ὅταν
991 5150 1352 5223 ἀναχωρήσῃς
1375 5155 1476 5226 τῆς
1500 5153 1624 5224 γῆς.
1657 5154 1720 5206 Εἰ
1751 5155 1798 5208 δὲ

1910 5141 2108 5208 quibus
2142 5140 2496 5204 intumescas,
2529 5139 2730 5208 quibus
2773 5138 3147 5203 inﬂammeris,
3190 5138 3318 5192 illud
3374 5139 3472 5192 tibi

195 5231 488 5282 οὐδέποτε
513 5230 727 5304 χωρίζῃ
747 5232 848 5301 τῆς
865 5233 988 5302 γῆς,
1009 5233 1145 5286 ἀλλὰ
1164 5239 1534 5311 συμπεφυκὼς
1555 5233 1606 5291 εἷ
1628 5241 1695 5309 τῇ
1713 5242 1798 5309 γῇ,

1909 5231 1963 5284 in
1998 5231 2310 5285 memoriam
2341 5245 2556 5294 revoca,
2593 5229 2866 5300 quomodo
2899 5238 3115 5284 creatus
3143 5229 3238 5283 sis.
3268 5247 3287 5280 ι
3315 5226 3474 5282 Sum-

1909 5321 2017 5390 psit
2055 5319 2197 5377 Deus
2222 5321 2498 5392 pulverem
2525 5337 2555 5375 e
2583 5332 2746 5386 terra,
2776 5329 2830 5374 et
2853 5321 3125 5376 hominem
3149 5319 3416 5375 formavit.
3448 5337 3467 5369 ι

454 5322 554 5416 ἐπὶ.
578 5324 677 5392 τῆς
702 5321 843 5416 γῆς,
869 5321 1197 5416 ἐπαγαπαύέι
1328 5339 1424 5414 τῆς
1453 5333 1580 5406 γῆς,
1608 5327 1806 5416 δικάζῃ

203 5404 308 5454 ἐπὶ
335 5405 444 5472 τῆς
479 5405 578 5475 γῆς
600 5422 613 5436 ο
649 5406 760 5457 πᾶν
785 5405 926 5476 ὅπερ
964 5404 1030 5457 ἂν
1059 5408 1211 5474 ποιῇς
1249 5413 1347 5477 εἴτε
1366 5404 1529 5510 μέγα
1568 5414 1682 5472 εἴτε
1713 5430 1798 5484 μι·

1911 5412 1967 5466 Si
1985 5428 2015 5467 a
2031 5418 2174 5468 terra
2195 5413 2522 5480 discederes,
2543 5413 2683 5470 forte
2699 5413 3028 5471 conditionis
3047 5420 3152 5467 tuae
3175 5424 3360 5480 posses
3374 5408 3467 5464 ob-

283 5517 310 5547 ³
344 5517 454 5572 Isa.
483 5534 587 5580 xiv,
627 5519 710 5570 I0.
791 5519 812 5545 ⁸
844 5515 978 5568 Cen.
1013 5529 1068 5578 υ,
1096 5512 1145 5566 ‘2.
1214 5516 1232 5550 ⁵
1256 5521 1376 5616 ἰδία.
1415 5545 1471 5603 7⁸

4055 4149 4088 5194 χ
