4088 6210
597 215 694 273 291

1829 200 1888 257 S.
1933 195 2260 255 GREGORII
2304 191 2594 248 NYSSENI

3739 177 3848 232 992

599 323 796 380 livisci.
812 321 966 376 Nunc
981 327 1164 376 autem
1182 317 1250 373 ab
1262 331 1325 373 ea
1343 328 1618 386 nunquam
1645 311 1902 375 discedis,
1925 311 2019 367 sed
2038 325 2162 366 cum

2284 306 2508 378 tpbvértt
2532 303 2629 372 τῆς
2649 300 2772 370 γῆς,
2794 299 2958 367 ἐγγὺς
2978 296 3118 367 ἔχεις
3139 295 3200 348 τὸ
3226 295 3523 366 ὑπόμνημα
3539 291 3638 362 τῆς
3655 290 3848 344 ἑαυτοῦ

595 413 689 470 illa
706 411 1030 468 naturaliter
1043 410 1373 480 coniunctus
1397 423 1477 463 es.
1505 405 1710 462 lncedis
1733 405 1784 458 in
1804 411 1968 466 terra,
1985 403 2038 456 in
2058 410 2170 456 ter-

599 521 658 560 ra
675 503 1042 573 conquiescis,
1059 503 1114 556 in
1129 510 1272 556 terra
1287 500 1488 570 litigas,
1503 507 1555 553 et
1570 495 1887 567 negotiaris.
1901 493 2171 560 Quamob-

596 610 712 649 rem
744 593 1005 663 quidquid
1041 593 1158 662 agis
1192 591 1244 644 in
1267 598 1432 653 terra,
1452 589 1565 644 sive
1581 602 1835 657 magnum
1860 585 1913 638 id
1935 585 2026 645 sit,
2056 583 2169 636 sive

601 699 864 754 parvum,
927 682 1152 752 abiectae
1207 678 1536 734 conditionis
1594 685 1702 731 tuae
1757 681 2166 729 monumentum

602 777 788 829 habes.
826 765 1268 829 Contumeliosus
1298 786 1378 834 es,
1405 778 1458 824 et
1489 768 1786 823 iracundus
1813 785 1826 821 :
1863 765 2008 820 unde
2067 762 2170 818 tibi

598 883 664 922 ex
695 877 802 920 tam
834 865 1023 918 humili
1054 871 1198 916 statu
1235 861 1560 930 indignatio,
1584 867 1637 915 et
1659 858 1939 913 iracundia
1961 857 1984 910 ί
2008 853 2172 910 Ferre

603 972 708 1010 non
748 961 922 1024 potes,
979 952 1123 1022 quod
1157 951 1434 1021 ignobilis,
1487 956 1541 1004 et
1572 949 1806 1003 obscuro
1843 947 1966 1000 loco
2008 953 2170 999 natus

599 1061 722 1100 esse
746 1046 970 1108 dicaris,
999 1043 1394 1112 contendisque
1427 1049 1485 1095 ut
1512 1041 1580 1101 is,
1603 1043 1695 1108 qui
1724 1039 1820 1092 tibi
1848 1037 1987 1091 male
2012 1035 2168 1100 dixit,

599 1153 664 1192 ex
696 1145 748 1191 te
783 1137 936 1206 pejus
975 1135 1203 1189 audiat?
1228 1133 1430 1188 Oculos
1460 1132 1682 1186 demitte
1705 1169 1718 1192 .
1756 1145 1818 1183 ac
1856 1139 2055 1182 terram
2089 1127 2171 1180 in-

601 1237 774 1291 tuere,
806 1237 861 1283 et
889 1227 1174 1283 confestim
1217 1226 1294 1278 ira
1331 1233 1423 1278 tua
1451 1223 1750 1280 sedabitur.
1776 1221 1998 1275 Terram
2025 1217 2172 1287 aspi-

601 1337 686 1381 ce.
717 1329 769 1374 et
797 1329 974 1374 tecum
1013 1320 1127 1388 ipse
1159 1318 1240 1372 sic
1264 1317 1438 1387 cogita
1467 1335 1478 1368 :
1521 1315 1814 1386 ignobilem
1852 1313 1940 1366 hic
1979 1327 2085 1373 me,
2119 1319 2172 1364 et

600 1423 631 1463 e
663 1425 820 1464 servo
853 1417 1039 1461 natum
1098 1407 1408 1477 appellavit.
1441 1404 1618 1461 Minus
1671 1404 1829 1466 dixit,
1885 1417 2043 1471 quam
2086 1400 2169 1465 id,

602 1501 747 1567 quod
779 1515 867 1554 res
894 1506 997 1554 est.
1033 1497 1218 1566 Neque
1245 1502 1388 1550 enim
1434 1512 1520 1551 me
1557 1511 1588 1550 e
1632 1504 1778 1550 terra
1807 1494 2046 1564 genitum
2079 1506 2172 1544 vo-

602 1590 765 1651 cavit,
808 1587 904 1644 sed
937 1605 1002 1644 ex
1040 1589 1278 1642 homine.
1341 1585 1558 1651 Quanto
1616 1593 1798 1638 autem
1839 1594 2014 1644 terra,
2051 1595 2173 1650 quae

602 1681 978 1741 conculcatur,
1014 1679 1253 1732 nobilior
1283 1685 1366 1730 cst
1402 1679 1586 1729 animo
1648 1673 1932 1744 praeditus.
1987 1687 2049 1725 ac
2092 1672 2172 1726 vi-

601 1779 754 1826 vens,
783 1763 990 1816 homo?
1025 1761 1134 1830 Ego
1155 1769 1395 1814 veterem
1421 1768 1646 1832 matrem
1679 1757 1885 1825 aspicio
1909 1769 2174 1826 agnosco-

602 1869 707 1923 que
745 1866 965 1910 tcrram.
1021 1850 1200 1916 Quare
1247 1856 1478 1904 nonest
1534 1848 1956 1918 ignominiosqu
2013 1855 2176 1914 atque

601 1957 780 2015 turpe,
811 1961 840 1999 e
882 1959 1042 1998 servo
1073 1952 1250 1996 ortum
1278 1957 1421 2006 esse,
1452 1940 1544 1995 sed
1578 1940 1894 2009 praeclarum
1926 1944 1979 1992 et
2004 1937 2176 1991 hono-

602 2033 837 2093 riiicnm,
878 2031 1149 2083 hominem
1173 2045 1294 2084 esse
1316 2037 1680 2098 procreatum.
1708 2027 1804 2082 llic
1831 2035 2010 2082 autem
2043 2027 2172 2081 dum

602 2130 756 2193 putat
789 2122 918 2180 mihi
948 2122 1334 2174 contumeliam
1365 2119 1568 2181 dicere,
1595 2119 1916 2187 imprudens
1948 2133 2035 2172 me
2083 2133 2176 2187 po-

605 2215 714 2269 tius
749 2213 1055 2266 honoravit.
1094 2210 1205 2280 Ego
1239 2212 1384 2263 enim
1433 2217 1642 2264 naturae
1685 2223 1816 2263 meae
1866 2223 1975 2274 non
2024 2209 2177 2279 igna-

604 2321 722 2368 rus,
750 2305 908 2374 plane
943 2303 1080 2365 scio,
1116 2303 1204 2371 qui
1238 2302 1363 2366 sim,
1397 2310 1450 2356 et
1480 2301 1622 2354 unde
1654 2301 1778 2356 sim.
1833 2299 1957 2354 Haec
2012 2300 2176 2369 igitur

605 2397 782 2450 nostri
812 2402 967 2450 ortus
998 2409 1028 2448 e
1076 2404 1218 2446 terra
1262 2393 1569 2448 recordatio
1623 2407 1900 2461 nunquam
1950 2391 2175 2446 excitari

607 2488 906 2556 smvireque
941 2486 1085 2541 sinat
1113 2484 1471 2538 iracundiam.
1529 2483 1744 2537 Rationi
1783 2493 1930 2538 terra
1963 2498 2179 2552 semper

607 2577 890 2647 suppetias
939 2574 1095 2639 ferat,
1149 2590 1378 2642 eamque
1433 2589 1646 2642 semper
1702 2571 2175 2627 commonefaciat.

605 2663 836 2730 Quando
867 2663 1169 2734 cupiditate
1196 2663 1415 2730 llagras,
1446 2670 1499 2716 et
1537 2677 1600 2716 ea
1626 2663 1939 2716 concitatus
1977 2663 2176 2729 curris,

607 2769 705 2823 per
739 2763 939 2807 terram
980 2753 1178 2808 curris.
1206 2753 1397 2820 Cogita
1428 2767 1666 2821 quonam
1698 2752 1774 2807 sis
1796 2761 2176 2820 perventurus,

607 2844 653 2899 si
689 2854 739 2899 te
774 2845 828 2898 in
856 2851 1059 2898 terram
1086 2844 1413 2897 dissolutum
1463 2843 1530 2896 iri
1565 2842 2039 2898 consideraveris:
2089 2859 2177 2899 re-

610 2931 1218 3005 primetur-cupiditatis
1251 2932 1402 2987 furor
1451 2952 1469 2985 ι
1499 2932 1668 2986 Terra
1706 2949 1786 2998 es,
1820 2941 1874 2988 et
1901 2935 1952 2987 in
1979 2942 2176 2988 terram

609 3027 900 3082 reverteris
924 3027 964 3080 ⁸.
989 3046 1006 3078 ι
1045 3026 1234 3096 Cogita
1267 3026 1508 3080 membra
1559 3026 1659 3081 ista
1719 3034 1832 3091 tua,
1887 3041 2007 3094 qua:
2035 3042 2181 3081 nunc

609 3120 684 3175 ita
711 3120 917 3190 vigent,
958 3118 1120 3188 paulo
1151 3126 1272 3188 post
1319 3119 1466 3172 nulla
1523 3117 1663 3171 fore.
1706 3117 1963 3173 Membris
1997 3127 2178 3172 autem

609 3212 905 3279 corruptis.
941 3210 994 3262 in
1025 3209 1408 3278 pulveremque
1441 3209 1708 3271 redactis,
1744 3211 2019 3288 cupiditas
2051 3213 2176 3274 ista,

2268 394 2666 456 ταπεινώσεως.
2703 387 2992 460 Ὑϐριστὴς
3032 388 3125 440 καὶ
3153 383 3404 456 θυμώδης
3433 381 3520 447 si;
3556 381 3717 434 πόθεν
3767 397 3849 436 σοι

2268 491 2297 542 6
2321 486 2524 557 θυμὸς;
2550 487 2614 538 ὲκ
2640 484 2737 552 τῆς
2762 480 2976 546 ἀδοξίας
2999 497 3014 545 ;
3057 479 3118 531 οὐ
3161 475 3430 539 κατεδέξω
3467 473 3698 528 ἀκοῦσαι
3725 473 3853 527 δνσ-

2269 580 2430 649 γενής
2455 593 2470 640 ;
2498 575 2657 637 εὐθὺς
2683 569 2906 635 ἐπέζεσέ
2947 587 3028 624 σοι
3049 570 3078 621 6
3101 567 3302 638 θυμός;
3336 566 3656 635 φιλονεικεῖς
3679 566 3853 618 εἰπεῖν

2269 670 2438 740 χείρω
2465 660 2538 720 ὧν
2573 667 2845 736 ἡκουσαςς
2875 661 3040 714 Κάτω
3090 660 3151 712 τὸ
3193 657 3430 728 βλέμμα,
3455 657 3552 710 καὶ
3579 656 3854 709 πέπαυταί

2272 762 2405 814 σοιὸ
2439 757 2628 829 θυμός.
2663 755 2770 808 Ἰδε
2801 754 2898 825 τὴν
2923 753 3046 821 γῆν,
3092 750 3187 804 καὶ
3227 748 3578 819 ἐνθυμήθητι.
3608 746 3855 815 Δυσγενῆ

2275 867 2340 922 με
2382 844 2501 902 εἷπε
2546 847 2635 900 τὸν
2688 844 2796 899 ἀπὸ
2841 843 2945 912 γῆς
2985 841 3272 911 γενόμενον
3292 855 3306 870 ·
3335 839 3568 891 ’ἔλαττον
3600 834 3752 890 εἶπεν
3791 833 3857 890 οὗ

2272 945 2386 1012 είμι
2416 940 2524 1008 ἐγώ
2546 954 2560 968 ο
2588 938 2649 991 οὐ
2675 935 2784 1006 γὰρ
2813 930 2967 987 εἶπεν
2993 934 3057 986 ὲκ
3081 933 3177 1001 τῆς
3199 931 3323 1001 γῆς,
3359 928 3494 982 ἀλλὰ
3521 928 3628 982 ἀπὸ
3654 927 3859 998 ἀνθρώ-

2273 1051 2374 1086 που
2397 1050 2411 1066 ·
2471 1031 2622 1100 πόσῳ
2662 1029 2718 1082 δὲ
2765 1025 3086 1096 τιμιώτερος
3139 1021 3381 1092 ἔμψυχος
3422 1019 3708 1090 ἄνθρωπος
3751 1021 3856 1089 γῆς

2273 1123 2656 1193 πατουμένης;
2699 1117 2840 1187 Ἐγὼ
2885 1117 2942 1170 δὲ
2980 1114 3078 1186 τὴν
3119 1115 3350 1186 ἀρχαίαν
3394 1112 3574 1181 βλέπω
3623 1110 3855 1181 μητέρα,

2270 1218 2370 1288 τὴν
2419 1216 2544 1285 γῆν,
2574 1213 2715 1267 ὥστε
2759 1211 2857 1280 οὐχ
2895 1208 3052 1276 ὕϐρις
3100 1206 3160 1259 τὸ
3204 1205 3314 1258 ἀπὸ
3358 1203 3544 1256 δούλου
3578 1201 3855 1270 γενέσθαι,

2271 1307 2407 1360 ἀλλὰ
2433 1305 2583 1376 τιμὴ.
2609 1304 2668 1357 τὺ
2692 1301 2932 1373 ἔμψυχον
2954 1297 3298 1367 γεννηθῆναι.
3335 1297 3394 1347 '0
3435 1295 3491 1347 δὲ
3521 1293 3758 1363 νομίζων
3788 1309 3857 1363 με

2272 1397 2513 1470 ύὸρίζειν
2545 1397 2706 1467 μέγα,
2732 1392 2919 1446 ἔλαθεν
2945 1386 2989 1458 ᾧ
3013 1389 3201 1460 ὕϐρισε
3238 1387 3395 1440 πλέον
3422 1387 3678 1456 τιμήσας.
3715 1382 3859 1451 Ἐγὼ

2272 1489 2380 1560 γὰρ
2410 1492 2509 1560 τῆς
2533 1485 2768 1558 ἐμαυτοῦ
2797 1483 3013 1554 φύσεως
3036 1482 3136 1552 τὴν
3167 1479 3376 1532 σύνεσιν
3421 1476 3578 1547 ἔχων,
3621 1471 3737 1528 οἴδα
3773 1475 3860 1537 τίς

2273 1585 2406 1652 είμι,
2422 1581 2516 1634 καὶ
2535 1579 2694 1632 πόθεν
2717 1576 2850 1647 είμί.
2871 1575 3025 1628 Οὕτω
3045 1573 3106 1626 τὸ
3133 1572 3238 1625 ἀπὸ
3258 1571 3360 1639 γῆς
3381 1567 3690 1639 μεμνῆσθαι
3708 1569 3856 1637 ἡμᾶς

2273 1669 2626 1740 γεγενῆσθαι,
2667 1665 2921 1720 οὐδέποτε
2962 1663 3231 1732 συγχωρεῖ
3285 1660 3373 1712 τὸν
3411 1658 3579 1728 θυμὸν
3618 1661 3862 1726 ἐπαγρυ-

2276 1765 2448 1816 πνεῖν.
2476 1761 2768 1829 Σύμμαχος
2797 1754 2935 1808 ἔστω
2967 1754 3044 1823 τῷ
3071 1750 3314 1822 λογισμῷ
3337 1750 3464 1820 ἡ,γῆ
3492 1749 3578 1802 ἀεὶ
3611 1749 3862 1818 παροῦσα

2275 1853 2368 1906 καὶ
2387 1849 2893 1920 ὑπομιμνήσκουσα.
2912 1847 3076 1897 Ὅταν
3095 1843 3229 1914 πρὸς
3266 1840 3557 1909 ἐπιθυμίαν
3585 1838 3704 1892 τινὰ
3737 1839 3866 1910 τρέ-

2275 1961 2396 2016 χῃς,
2419 1940 2748 2012 ἐνθυμήθητι
2773 1938 2892 2000 πῶς
2913 1936 3152 2007 ἀπέρχγγ
3186 1935 3282 1988 ἐὰν
3314 1931 3433 1986 ὲνθυ
3444 1930 3640 2002 μηθῇς,
3662 1931 3740 1983 δτι
3763 1929 3857 1980 >υ-

2278 2035 2415 2106 θήσῃ
2437 2035 2513 2096 είς
2531 2032 2652 2101 γῆν,
2673 2030 2948 2083 πέπαυται
2967 2030 3002 2095 ἡ
3025 2025 3286 2096 ἐπιθυμία
3303 2023 3403 2094 τῆς
3425 2022 3635 2093 μανίας.
3649 2039 3668 2070 ι
3688 2021 3763 2090 Γῆ
3785 2017 3859 2086 εἷ,

2278 2127 2372 2180 καὶ
2392 2127 2471 2188 είς
2490 2125 2591 2194 γῆν
2608 2121 2935 2193 ἀπελεύσῃ.ἰ
2953 2117 3236 2189 Μνήσθητι
3252 2118 3332 2170 ὅτι
3358 2116 3472 2186 μετ’
3494 2113 3670 2182 ὀλίγον
3687 2113 3862 2166 ταῦτα

2277 2215 2346 2268 τὰ
2381 2215 2474 2268 νῦν
2519 2214 2788 2284 σφύζοντα
2817 2211 2974 2282 μέλη,
3021 2209 3053 2279 ἢ
3093 2212 3126 2279 ἡ
3158 2207 3252 2261 νῦν
3284 2207 3384 2276 τῆς
3435 2205 3636 2286 σαρκὸς
3672 2202 3865 2256 ἐπιθυ-

2281 2308 2398 2377 μία,
2439 2307 2552 2376 μετ’
2588 2305 2766 2374 ὀλίγον
2799 2303 3107 2371 ούκζὲσται,
3144 2300 3251 2353 τῶν
3289 2298 3464 2369 μελῶν
3508 2295 3866 2349 διαλυθέντων

2278 2399 2372 2452 καὶ
2424 2400 2503 2462 εἰς
2556 2398 2658 2468 γῆν
2701 2395 3090 2451 ἁναλυθέντων.
3150 2391 3432 2462 Μνήσθητι
3482 2389 3582 2458 τῆς
3629 2388 3864 2458 φύσεως,

2279 2488 2374 2540 καὶ
2426 2487 2642 2540 λέλυται
2689 2488 2839 2540 πᾶσα
2875 2485 3021 2556 ὁρμὴ
3071 2485 3104 2554 ἡ
3155 2483 3248 2536 ἐπὶ
3289 2483 3348 2534 τὸ
3409 2479 3662 2550 πονηρόν.
3698 2478 3871 2531 Τοῦτο

2281 2581 2375 2633 ἐπὶ
2401 2580 2581 2650 πάσης
2606 2579 2877 2649 ἁμαρτίας
2910 2576 3274 2646 φυλακτήριον
3304 2575 3435 2646 ἡμῖν
3482 2572 3620 2626 ἔστω
3647 2571 3708 2624 τὸ
3739 2572 3873 2623 ὑπό-

2284 2691 2388 2743 μνη
2398 2690 2490 2742 μα.
2516 2690 2532 2720 ι
2549 2669 2820 2723 Ἐπλασεν
2853 2672 2880 2722 6
2898 2670 3026 2731 Θεὸς
3045 2669 3134 2720 τὸν
3157 2666 3455 2736 ἄνθρωπον,
3480 2664 3605 2736 χοῦν
3636 2663 3744 2716 ἀπὸ
3773 2667 3872 2733 τῆς

2241 2817 2243 2820 ,
2279 2765 2382 2834 γῆς
2421 2761 2615 2815 λαϐών.
2660 2782 2678 2813 ι
2703 2761 2854 2828 Καλὴ
2889 2762 2916 2830 ἡ
2959 2759 3302 2820 ταπείνωσις,
3346 2757 3587 2827 συμφυὲς
3631 2755 3690 2809 τὸ
3740 2757 3874 2808 ὑπόο

2287 2871 2498 2925 μνημα.
2539 2854 2604 2907 Et
2645 2848 2816 2915 εἶπεν,
2853 2850 3128 2904 Ἔπλασεν
3164 2851 3209 2901 -6
3255 2848 3386 2910 Θεὸς
3431 2848 3522 2900 τὸν
3566 2845 3872 2917 ἄνθρωπον,

2285 2944 2380 2996 ἀπ’
2439 2941 2666 3012 ούρανοῦ
2717 2940 2918 3004 λαϐὼν,
2977 2940 3123 2998 πότε,
3159 2938 3458 3008 ἐϐλέπομεν
3511 2939 3737 3002 ἐκεῖνον,
3785 2937 3874 2988 ἵνα

2291 3033 2724 3104 ὑπομνησθῶμεν
2775 3033 2872 3102 τῆς
2924 3031 3177 3100 quidem;
3233 3032 3329 3085 Ἐκ
3393 3031 3500 3084 τῶν
3571 3029 3877 3100 προχείρων

2290 3126 2553 3196 πάρεστιν
2577 3128 2708 3195 ἡμῖν
2736 3125 2795 3177 τὸ
2827 3124 3123 3193 ὑπόμνημα
3154 3122 3252 3192 τῆς
3277 3121 3552 3192 ἡμετέρας
3580 3119 3873 3183 οὖδενείας,

2285 3214 2343 3280 ἐξ
2380 3207 2454 3267 ὧν
2481 3213 2651 3268 πατοῦ
2661 3230 2777 3284 μεν.

610 3314 719 3370 qua
756 3313 901 3352 nunc
933 3296 1303 3353 inﬂammaris.
1347 3312 1453 3350 non
1507 3299 1613 3352 erit
1653 3300 1906 3368 amplius.
1946 3299 2167 3356 Natura:
2215 3310 2322 3357 tua:
2370 3305 2747 3368 reminiscere,
2801 3313 2855 3359 et
2904 3304 3086 3359 omnis
3139 3303 3203 3357 ad
3262 3302 3596 3373 peccandum
3644 3301 3874 3370 impetus

612 3392 996 3464 perfringetur.
1044 3387 1165 3439 ll;ce
1212 3387 1476 3454 cogitatio
1517 3390 1584 3443 ab
1621 3391 1769 3443 omni
1821 3399 2046 3460 peccato
2089 3407 2190 3448 nos
2241 3401 2451 3458 avocet,
2499 3381 3002 3464 atque'deterreat.
3046 3411 3064 3443 ι
3101 3390 3562 3446 Ροτιιιιίνίι-ῡειιε
3599 3390 3874 3444 hominem

614 3483 680 3536 de
709 3481 836 3535 lituo
885 3489 1060 3533 terrae.
1109 3497 1126 3529 ι
1186 3477 1423 3533 llonesta
1468 3479 1787 3542 submissio,
1825 3483 2186 3536 commonitio
2233 3482 2523 3548 naturalis,
2574 3484 2620 3539 si
2665 3485 2944 3549 dixisset,-
2981 3483 3259 3537 Formavit
3300 3480 3443 3535 Deus
3483 3479 3776 3540 hominem.
3807 3496 3876 3534 ex

613 3572 754 3629 caelo
794 3570 1072 3624 materiam
1112 3583 1357 3631 sumens,
1401 3570 1684 3638 ecquando
1720 3571 1918 3625 caelum
1958 3572 2089 3626 illud
2128 3573 2481 3641 vidissemus,
2518 3586 2578 3628 ut
2625 3585 2840 3630 natura:
2876 3575 3320 3644 conditionisque
3361 3580 3562 3627 nostra:
3593 3585 3878 3641 possemus

615 3660 936 3718 admoneri?
965 3660 1201 3730 Abjectae
1230 3659 1396 3714 sortis
1425 3667 1627 3714 nostra:
1652 3670 2064 3715 monumentum
2099 3661 2153 3714 in
2184 3672 2440 3734 promptu
2467 3673 2641 3720 estex
2677 3665 2746 3720 iis
2770 3680 2891 3734 quae
2919 3665 3218 3720 calcamus.

686 3755 907 3811 Terram
952 3755 1157 3824 aspice,
1182 3761 1342 3822 teque
1379 3769 1445 3808 ex
1486 3753 1678 3808 humili
1763 3763 2187 3826 contemptaque

615 3848 762 3903 illius
788 3845 1014 3900 materia
1051 3860 1225 3914 genus
1256 3844 1477 3898 duxisse
1508 3845 1822 3899 recordare.
1853 3845 1994 3910 Quid
2026 3846 2190 3916 igitur

615 3939 775 3994 nobis
801 3936 1006 3991 vilius?
1041 3935 1170 4004 quid
1203 3935 1513 4004 abiectius?
1547 3935 1690 4001 Quid
1728 3938 1898 4006 magis
1936 3938 2194 3992 convenit

616 4029 806 4093 nobis,
843 4043 1004 4096 quam
1039 4036 1096 4080 ιιι
1129 4041 1230 4081 nos
1261 4026 1532 4081 submisse
1568 4042 1822 4095 geramus
1847 4067 1861 4092 ,
1893 4037 1946 4080 et
1978 4044 2076 4098 pro
2107 4029 2193 4082 ni-

620 4123 731 4177 hilo
764 4119 1062 4192 putetnus?
1097 4117 1288 4172 Vidisti
1320 4117 1614 4187 superbum
1647 4118 1916 4186 aliquem,
1955 4132 2007 4173 et
2039 4135 2192 4174 arro-

2361 3761 2707 3814 Κατάνευσον
2761 3762 2854 3814 ἐπὶ
2905 3759 3004 3831 τὴν
3067 3760 3170 3828 γῆν
3197 3800 3212 3824 ,
3281 3757 3612 3828 κατανόησον
3671 3763 3754 3816 ὅτι
3814 3761 3881 3811 ὲκ

2292 3849 2383 3902 τοῦ
2443 3851 2733 3919 συγγενοῦς
2779 3851 2879 3921 τῆς
2929 3851 3030 3921 γῆς
3091 3850 3183 3903 τοῦ
3245 3849 3548 3919 ἀποϐλήτου
3620 3850 3683 3902 σὺ
3739 3851 3880 3903 ἀπε-

2297 3941 2596 4014 μορφώθης.
2696 3945 2760 3996 Τί
2845 3941 3002 4014 ἡμῶν
3093 3942 3728 4013 εύκαταφρονητότερονς
3813 3941 3882 3995 Τί

2295 4033 2449 4102 ἡμῶν
2496 4034 2692 4104 μᾶλλον
2737 4033 2882 4098 ἄξιον
2934 4033 3027 4087 τοῦ
3084 4033 3373 4098 ὲξουδενεῖν
3429 4031 3688 4096 ἐαυτούςς
3724 4029 3880 4097 Εἷδές

2295 4144 2415 4180 τινα
2449 4126 2588 4197 μέγα
2622 4125 2954 4194 φρονοῦντα;
2990 4125 3189 4195 ἐσθῆτα
3233 4124 3453 4196 ἀνθινὴν
3492 4124 3884 4195 περιϐεϐλημέ-

619 4222 834 4284 gantem
853 4252 867 4276 ,
899 4212 1062 4266 variis
1091 4209 1337 4263 indutum
1373 4208 1733 4271 vestimentis,
1759 4217 1815 4263 et
1844 4210 2181 4280 splendidum

2297 4234 2422 4282 vov;
2469 4217 2735 4285 δακτυλίῳ
2783 4217 2878 4287 τὴν
2913 4219 3069 4288 χεῖρα
3119 4216 3623 4288 περιλαμπόμενον;
3658 4217 3884 4284 σφενδό-

619 4307 878 4361 annulum
911 4321 1036 4360 cum
1088 4302 1319 4372 pretiosa
1373 4301 1490 4371 pala
1540 4308 1843 4370 gestantem
1893 4301 1946 4354 in
1981 4301 2187 4371 digito,

619 4405 780 4470 atque
805 4403 1162 4461 ostentantem
1183 4435 1200 4461 ,
1223 4408 1514 4462 serumque
1541 4391 1644 4446 litis
1670 4393 1963 4456 amictum,
1991 4408 2055 4447 ac
2077 4409 2194 4448 ser-

619 4491 703 4545 vis
747 4490 1038 4557 stipatum,
1083 4501 1241 4540 coma
1283 4485 1559 4548 demissa,
1602 4483 1777 4550 ﬂava,
1836 4484 2194 4554 Studioseque

620 4589 865 4648 COmpta,
905 4579 1193 4647 torquibus
1221 4579 1405 4633 aur-uis
1433 4587 1754 4633 exornatum
1774 4617 1788 4642 ,
1819 4587 1873 4633 et
1909 4577 2059 4634 sellis
2104 4593 2195 4632 ar-

621 4671 830 4743 genteis
866 4670 1190 4724 insidentem
1226 4671 1529 4740 superbeve
1561 4670 1942 4734 incedentem,
1977 4671 2192 4740 magni-

625 4765 723 4818 tice
757 4762 824 4817 de
860 4778 918 4817 se
952 4763 1314 4825 sentientem,
1349 4763 1633 4832 magnifice
1663 4779 1722 4817 se
1749 4764 2094 4831 jactitantcm
2126 4763 2195 4818 ob

623 4870 902 4912 servorum
930 4854 1382 4922 adulatorumque
1414 4855 1852 4920 multitudinem,
1882 4872 2018 4925 quos
2049 4872 2198 4911 sum—

624 4947 838 5019 ptuosis
863 4946 1070 5000 mensis
1117 4945 1286 4998 allicit
1314 4985 1328 5008 ,
1365 4947 1433 5000 ob
1479 4945 1834 5001 salutationes
1854 4986 1870 5010 ,
1893 4964 2064 5016 .quas
2118 4948 2196 5002 illi

631 5052 823 5096 omnes
860 5037 916 5090 in
952 5036 1130 5091 forum
1163 5035 1434 5098 aderunt,
1487 5037 1614 5091 dum
1657 5037 1707 5090 ei
1751 5052 1875 5090 cum
1911 5039 2196 5096 lictoribus

626 5128 935 5184 advenienti
977 5137 1071 5182 aut
1103 5144 1132 5182 e
1166 5128 1443 5184 subselliis
1483 5138 1813 5198 assurgunt,
1851 5137 1944 5184 aut
1977 5131 2195 5186 obviam

626 5219 951 5290 procedunt,
976 5227 1067 5273 aut
1090 5235 1212 5274 eum
1237 5219 1511 5275 deducunt
1531 5263 1546 5287 ,
1573 5221 1946 5279 reducuntve?
1969 5223 2199 5290 Quando

627 5315 904 5385 principes
929 5315 1066 5370 istos
1091 5315 1369 5384 aspexeris
1396 5331 1517 5370 cum
1550 5332 1744 5384 magna
1772 5318 2039 5387 pra'conis
2069 5334 2200 5374 voce

631 5405 982 5476 prodeuntes,
1021 5405 1240 5474 quando
1271 5407 1470 5463 videris
1499 5423 1594 5462 cos
1625 5407 1752 5464 huic
1784 5417 2047 5466 terrorem
2076 5411 2202 5480 inji-

629 5495 836 5555 cicntes
855 5536 871 5561 ,
901 5497 1054 5551 illum
1083 5498 1352 5556 caedentes
1383 5500 1692 5573 indignatos
1715 5542 1729 5568 ,
1757 5503 1922 5557 alium
1957 5503 2196 5572 proscri-

701 5611 722 5642 ⁸
748 5609 881 5664 Gen.
922 5625 1001 5674 ιιι,
1038 5610 1124 5663 19.

2299 4326 2395 4378 νην
2427 4307 2523 4378 τὴν
2562 4309 2668 4361 τῶν
2696 4309 3004 4378 πολυτίμων
3053 4308 3316 4380 φέροντα,
3361 4308 3455 4359 καὶ
3511 4306 3682 4378 ταύτῃ
3734 4308 3885 4376 μέγα

2300 4399 2630 4470 φρονοῦντα;
2667 4402 2908 4472 σηρικῶν
2943 4402 3178 4471 νήμασιν
3218 4398 3626 4468 ὴμφιεσμένονς
3661 4399 3886 4463 οἰκέτας

2301 4492 2520 4562 ἔχοντα;
2545 4493 2717 4564 κόμας
2741 4494 3030 4564 ἀνειμένας
3061 4493 3153 4546 καὶ
3173 4493 3372 4554 ταύτας
3395 4489 3608 4555 ξανθὰς,
3637 4490 3730 4542 καὶ
3760 4493 3888 4544 έπι-

2299 4583 2596 4653 τηδεύμασι
2617 4583 2875 4637 σοϐοῦντα
2896 4603 2908 4648 ;
2933 4583 3200 4654 μανιάκας
3223 4581 3456 4653 χρυσοῦς
3480 4583 3851 4652 περιφέροντα
3872 4601 3888 4645 ;

2302 4677 2388 4729 ἐπ’
2409 4677 2654 4748 ἀργυρᾶς
2680 4677 2945 4746 καθέδρας
2976 4675 3334 4744 καθεζόμενον
3361 4690 3374 4738 ;
3408 4674 3547 4744 μέγα
3566 4673 3887 4744 βαδίζοντα;

2307 4769 2447 4837 μέγα
2483 4769 2877 4840 φθεγγόμενον;
2917 4770 3058 4836 μέγα
3091 4766 3387 4838 φρονοῦντα
3435 4768 3524 4820 ἐπὶ
3565 4766 3640 4836 τῷ
3686 4766 3891 4835 πλήθει

2301 4861 2408 4914 τῶν
2440 4860 2685 4924 οἰκετῶν,
2715 4861 2821 4913 τῶν
2868 4860 3110 4913 κολάκων
3151 4857 3242 4921 οὒς
3291 4858 3659 4928 ἐπισύρονται,
3694 4857 3790 4909 ἐπὶ
3815 4861 3893 4927 τῇ

2301 4953 2547 5024 τραπέζῃ
2579 4956 2643 5023 τῇ
2684 4951 2982 5014 πολυτελεῖ,
3014 4950 3106 5002 ἐπὶ
3138 4952 3248 5011 τοῖς
3279 4950 3588 5020 ἀσπασμοῖς
3636 4943 3714 5010 οἷς
3747 4950 3898 5002 πάν-

2302 5061 2394 5106 τες
2419 5041 2567 5112 αύτῷ
2589 5041 2922 5113 προσάγουσι
2955 5039 3081 5108 περὶ
3118 5038 3216 5106 τὴν
3244 5037 3454 5108 ἀγορὰν
3514 5039 3564 5090 oi
3602 5037 3898 5102 ἐξανιστά-

2309 5154 2458 5206 μενοι
2485 5135 2592 5187 τῶν
2625 5133 2856 5204 βάθρων,
2895 5131 2944 5184 οἱ
2988 5129 3468 5200 προαπαντῶντες,
3502 5131 3551 5182 οἱ
3586 5130 3901 5200 παραπέμ-

2307 5246 2536 5292 ποντες,
2588 5229 2634 5278 οἱ
2695 5222 3017 5294 ραϐδοῦχοις
3055 5224 3222 5276 Ὅταν
3272 5223 3386 5294 ἴδῃς
3446 5223 3571 5282 τοὺς
3617 5221 3902 5291 ἄρχοντας

2305 5321 2527 5382 τούτους
2559 5317 2682 5377 τοὺς
2720 5315 2811 5366 ἐπὶ
2860 5315 3062 5384 κήρυκι
3094 5314 3269 5383 ὑψηλῇ
3302 5316 3366 5383 τῇ
3396 5314 3540 5382 φωνῇ
3579 5314 3902 5383 προαγομέ-

2307 5427 2458 5474 νους·
2488 5410 2614 5462 ὅταν
2642 5407 2755 5479 ἴδῃς
2781 5405 2975 5467 αὐτοὺς
2999 5404 3294 5472 φοϐοῦντας
3328 5404 3414 5456 τὸν
3456 5403 3620 5467 δεῖνα,
3667 5403 3764 5454 καὶ
3802 5405 3902 5453 τὶν

2307 5502 2454 5554 δεῖνα
2483 5497 2730 5563 ξέοντας,
2777 5495 2933 5548 ἄλλον
2977 5495 3330 5566 δημεύοντας,
3377 5495 3625 5547 κάκεῖνον
3670 5494 3902 5564 θανάτῳ
