  <div class='ocr_page' id='page_1' title='image "/cluster/home/n/w/nwhite01/storage/ocr_20150623/44/hvd.32044052767431/154.png"; bbox 0 0 4088 6210; ppageno 0'>
   <div class='ocr_carea' id='block_1_1' title="bbox 275 49 370 110">
    <p class='ocr_par' dir='ltr' id='par_1_1' title="bbox 275 49 370 110">
     <span class='ocr_line' id='line_1_1' title="bbox 275 49 370 110; baseline 0.011 -11"><span class='ocrx_word' id='word_1_1' title='bbox 275 49 370 110; x_wconf 74' lang='lat'><strong>293</strong></span> 
     </span>
    </p>
   </div>
   <div class='ocr_carea' id='block_1_2' title="bbox 1012 51 2792 131">
    <p class='ocr_par' dir='ltr' id='par_1_2' title="bbox 1012 51 2792 131">
     <span class='ocr_line' id='line_1_2' title="bbox 1012 51 2792 131; baseline 0.008 -25"><span class='ocrx_word' id='word_1_2' title='bbox 1012 51 1078 107; x_wconf 88' lang='lat' dir='ltr'><strong>IN</strong></span> <span class='ocrx_word' id='word_1_3' title='bbox 1114 51 1366 122; x_wconf 74' lang='lat' dir='ltr'><strong>VERBA,</strong></span> <span class='ocrx_word' id='word_1_4' title='bbox 1401 54 1790 115; x_wconf 76' lang='lat' dir='ltr'><strong>FACIAMUS</strong></span> <span class='ocrx_word' id='word_1_5' title='bbox 1831 59 2226 131; x_wconf 75' lang='grc' dir='ltr'><strong>ΗΟΗΙΝΕΗ,</strong></span> <span class='ocrx_word' id='word_1_6' title='bbox 2263 62 2439 129; x_wconf 79' lang='grc' dir='ltr'>ΕΊὈ..</span> <span class='ocrx_word' id='word_1_7' title='bbox 2480 64 2687 125; x_wconf 77' lang='lat' dir='ltr'><strong>ORAT.</strong></span> <span class='ocrx_word' id='word_1_8' title='bbox 2729 67 2792 122; x_wconf 89' lang='lat' dir='ltr'><strong>ll.</strong></span> 
     </span>
    </p>
   </div>
   <div class='ocr_carea' id='block_1_3' title="bbox 3425 79 3531 138">
    <p class='ocr_par' dir='ltr' id='par_1_3' title="bbox 3425 79 3531 138">
     <span class='ocr_line' id='line_1_3' title="bbox 3425 79 3531 138; baseline 0.047 -4"><span class='ocrx_word' id='word_1_9' title='bbox 3425 79 3531 138; x_wconf 69' lang='grc'><strong>294</strong></span> 
     </span>
    </p>
   </div>
   <div class='ocr_carea' id='block_1_4' title="bbox 272 165 1819 255">
    <p class='ocr_par' dir='ltr' id='par_1_4' title="bbox 272 165 1819 247">
     <span class='ocr_line' id='line_1_4' title="bbox 272 165 1819 247; baseline 0.006 -28"><span class='ocrx_word' id='word_1_10' title='bbox 272 165 689 236; x_wconf 77' lang='grc' dir='ltr'>παραδιδόντας·</span> <span class='ocrx_word' id='word_1_11' title='bbox 721 166 796 236; x_wconf 81' lang='grc' dir='ltr'>μὴ</span> <span class='ocrx_word' id='word_1_12' title='bbox 818 167 1064 239; x_wconf 77' lang='grc' dir='ltr'><strong>φοϐηθῇς</strong></span> <span class='ocrx_word' id='word_1_13' title='bbox 1099 169 1171 223; x_wconf 69' lang='grc' dir='ltr'><strong>τὰ</strong></span> <span class='ocrx_word' id='word_1_14' title='bbox 1211 169 1486 240; x_wconf 78' lang='grc' dir='ltr'><strong>ὁρώμενα,</strong></span> <span class='ocrx_word' id='word_1_15' title='bbox 1513 173 1586 243; x_wconf 76' lang='grc' dir='ltr'><strong>μὴ</strong></span> <span class='ocrx_word' id='word_1_16' title='bbox 1617 175 1819 247; x_wconf 77' lang='grc' dir='ltr'>πτοηθῇ</span> 
     </span>
    </p>
   </div>
   <div class='ocr_carea' id='block_1_5' title="bbox 1921 165 3529 255">
    <p class='ocr_par' dir='ltr' id='par_1_5' title="bbox 1921 175 3529 255">
     <span class='ocr_line' id='line_1_5' title="bbox 1921 175 3529 255; baseline 0.012 -22"><span class='ocrx_word' id='word_1_17' title='bbox 1921 207 1931 239; x_wconf 65' lang='grc' dir='ltr'><strong>ι</strong></span> <span class='ocrx_word' id='word_1_18' title='bbox 1961 178 2152 235; x_wconf 71' lang='lat' dir='ltr'><strong>beatos</strong></span> <span class='ocrx_word' id='word_1_19' title='bbox 2173 220 2188 245; x_wconf 93' lang='lat'><strong>,</strong></span> <span class='ocrx_word' id='word_1_20' title='bbox 2223 181 2388 235; x_wconf 89' lang='lat' dir='ltr'><strong>alium</strong></span> <span class='ocrx_word' id='word_1_21' title='bbox 2421 182 2598 252; x_wconf 89' lang='lat' dir='ltr'><strong>capite</strong></span> <span class='ocrx_word' id='word_1_22' title='bbox 2626 185 2951 254; x_wconf 74' lang='lat' dir='ltr'><strong>multantes,</strong></span> <span class='ocrx_word' id='word_1_23' title='bbox 2987 195 3045 244; x_wconf 94' lang='lat' dir='ltr'><strong>tu</strong></span> <span class='ocrx_word' id='word_1_24' title='bbox 3077 175 3142 245; x_wconf 85' lang='lat' dir='ltr'><strong>ea</strong></span> <span class='ocrx_word' id='word_1_25' title='bbox 3171 207 3240 249; x_wconf 89' lang='lat' dir='ltr'><strong>ne</strong></span> <span class='ocrx_word' id='word_1_26' title='bbox 3268 193 3529 255; x_wconf 87' lang='lat' dir='ltr'><strong>formida-</strong></span> 
     </span>
    </p>
   </div>
   <div class='ocr_carea' id='block_1_6' title="bbox 269 257 1849 340">
    <p class='ocr_par' dir='ltr' id='par_1_6' title="bbox 269 257 1849 340">
     <span class='ocr_line' id='line_1_6' title="bbox 269 257 1849 340; baseline 0.008 -31"><span class='ocrx_word' id='word_1_27' title='bbox 269 259 352 310; x_wconf 71' lang='grc' dir='ltr'>ἐπὶ</span> <span class='ocrx_word' id='word_1_28' title='bbox 400 260 518 321; x_wconf 78' lang='grc' dir='ltr'>τοῖς</span> <span class='ocrx_word' id='word_1_29' title='bbox 563 257 890 327; x_wconf 79' lang='grc' dir='ltr'>γινομένοις,</span> <span class='ocrx_word' id='word_1_30' title='bbox 938 258 1031 312; x_wconf 87' lang='grc' dir='ltr'>τὸν</span> <span class='ocrx_word' id='word_1_31' title='bbox 1073 262 1254 324; x_wconf 80' lang='grc' dir='ltr'>αὐτοῖς</span> <span class='ocrx_word' id='word_1_32' title='bbox 1306 261 1734 332; x_wconf 74' lang='grc' dir='ltr'>προστάσσοντα,</span> <span class='ocrx_word' id='word_1_33' title='bbox 1775 268 1849 340; x_wconf 81' lang='grc' dir='ltr'>μὴ</span> 
     </span>
    </p>
   </div>
   <div class='ocr_carea' id='block_1_7' title="bbox 271 345 1853 422">
    <p class='ocr_par' dir='ltr' id='par_1_7' title="bbox 271 345 1853 422">
     <span class='ocr_line' id='line_1_7' title="bbox 271 345 1853 422; baseline 0.009 -26"><span class='ocrx_word' id='word_1_34' title='bbox 271 345 448 417; x_wconf 79' lang='grc' dir='ltr'>ξενίσῃ</span> <span class='ocrx_word' id='word_1_35' title='bbox 490 364 550 398; x_wconf 90' lang='grc' dir='ltr'><strong>σε</strong></span> <span class='ocrx_word' id='word_1_36' title='bbox 595 349 629 417; x_wconf 77' lang='grc' dir='ltr'><strong>ἡ</strong></span> <span class='ocrx_word' id='word_1_37' title='bbox 679 347 972 414; x_wconf 81' lang='grc' dir='ltr'>φαντασία.</span> <span class='ocrx_word' id='word_1_38' title='bbox 1021 347 1386 422; x_wconf 84' lang='grc' dir='ltr'>Ἐνθυμήθητι</span> <span class='ocrx_word' id='word_1_39' title='bbox 1429 353 1511 405; x_wconf 84' lang='grc' dir='ltr'>ὅτι</span> <span class='ocrx_word' id='word_1_40' title='bbox 1552 353 1783 410; x_wconf 79' lang='grc' dir='ltr'><strong>ἔπλασεν</strong></span> <span class='ocrx_word' id='word_1_41' title='bbox 1823 360 1853 411; x_wconf 99' lang='lat'><strong>6</strong></span> 
     </span>
    </p>
   </div>
   <div class='ocr_carea' id='block_1_8' title="bbox 266 435 1851 514">
    <p class='ocr_par' dir='ltr' id='par_1_8' title="bbox 266 435 1851 514">
     <span class='ocr_line' id='line_1_8' title="bbox 266 435 1851 514; baseline 0.008 -27"><span class='ocrx_word' id='word_1_42' title='bbox 266 435 392 498; x_wconf 77' lang='grc' dir='ltr'>Θεὸς</span> <span class='ocrx_word' id='word_1_43' title='bbox 417 437 511 488; x_wconf 78' lang='grc' dir='ltr'>τὸν</span> <span class='ocrx_word' id='word_1_44' title='bbox 542 435 830 507; x_wconf 76' lang='grc' dir='ltr'>ἄνθρωπον</span> <span class='ocrx_word' id='word_1_45' title='bbox 855 437 984 508; x_wconf 73' lang='grc' dir='ltr'>χοῦν</span> <span class='ocrx_word' id='word_1_46' title='bbox 1011 440 1119 492; x_wconf 84' lang='grc' dir='ltr'>ἀπὸ</span> <span class='ocrx_word' id='word_1_47' title='bbox 1137 440 1238 508; x_wconf 85' lang='grc' dir='ltr'>τῆς</span> <span class='ocrx_word' id='word_1_48' title='bbox 1266 442 1389 512; x_wconf 85' lang='grc' dir='ltr'>γῆς.</span> <span class='ocrx_word' id='word_1_49' title='bbox 1421 443 1481 496; x_wconf 79' lang='lat' dir='ltr'><strong>Ei</strong></span> <span class='ocrx_word' id='word_1_50' title='bbox 1518 445 1616 514; x_wconf 80' lang='grc' dir='ltr'>μὲν</span> <span class='ocrx_word' id='word_1_51' title='bbox 1647 445 1772 498; x_wconf 78' lang='grc' dir='ltr'>ἄλλο</span> <span class='ocrx_word' id='word_1_52' title='bbox 1798 447 1851 500; x_wconf 88' lang='grc' dir='ltr'><strong>τί</strong></span> 
     </span>
    </p>
   </div>
   <div class='ocr_carea' id='block_1_9' title="bbox 266 525 1847 607">
    <p class='ocr_par' dir='ltr' id='par_1_9' title="bbox 266 525 1847 607">
     <span class='ocr_line' id='line_1_9' title="bbox 266 525 1847 607; baseline 0.008 -30"><span class='ocrx_word' id='word_1_53' title='bbox 266 528 397 587; x_wconf 75' lang='grc' dir='ltr'>ἐστι,</span> <span class='ocrx_word' id='word_1_54' title='bbox 433 525 703 597; x_wconf 72' lang='grc' dir='ltr'><strong>φοϐήθητι</strong></span> <span class='ocrx_word' id='word_1_55' title='bbox 727 544 743 558; x_wconf 79' lang='grc'><em>’</em></span> <span class='ocrx_word' id='word_1_56' title='bbox 778 529 912 581; x_wconf 79' lang='grc' dir='ltr'>εἰδὲ</span> <span class='ocrx_word' id='word_1_57' title='bbox 944 527 1073 600; x_wconf 79' lang='grc' dir='ltr'>χοῦς</span> <span class='ocrx_word' id='word_1_58' title='bbox 1118 530 1227 583; x_wconf 73' lang='grc' dir='ltr'><strong>ἀπὸ</strong></span> <span class='ocrx_word' id='word_1_59' title='bbox 1262 530 1363 601; x_wconf 81' lang='grc' dir='ltr'>τῆς</span> <span class='ocrx_word' id='word_1_60' title='bbox 1401 532 1525 603; x_wconf 81' lang='grc' dir='ltr'>γῆς,</span> <span class='ocrx_word' id='word_1_61' title='bbox 1572 537 1847 607; x_wconf 80' lang='grc' dir='ltr'>καταφρόο</span> 
     </span>
    </p>
   </div>
   <div class='ocr_carea' id='block_1_10' title="bbox 261 615 1849 691">
    <p class='ocr_par' dir='ltr' id='par_1_10' title="bbox 261 615 1849 691">
     <span class='ocr_line' id='line_1_10' title="bbox 261 615 1849 691; baseline 0.009 -27"><span class='ocrx_word' id='word_1_62' title='bbox 261 631 443 682; x_wconf 73' lang='grc' dir='ltr'>νησον.</span> <span class='ocrx_word' id='word_1_63' title='bbox 472 635 489 666; x_wconf 82' lang='grc' dir='ltr'><strong>ι</strong></span> <span class='ocrx_word' id='word_1_64' title='bbox 515 615 626 691; x_wconf 72' lang='grc' dir='ltr'><strong>Καὶ</strong></span> <span class='ocrx_word' id='word_1_65' title='bbox 649 616 883 670; x_wconf 83' lang='grc' dir='ltr'><strong>ἔπλασεν</strong></span> <span class='ocrx_word' id='word_1_66' title='bbox 907 618 937 670; x_wconf 89' lang='lat'><strong>6</strong></span> <span class='ocrx_word' id='word_1_67' title='bbox 957 617 1090 681; x_wconf 75' lang='grc' dir='ltr'>Θεὸς</span> <span class='ocrx_word' id='word_1_68' title='bbox 1101 618 1504 691; x_wconf 80' lang='grc' dir='ltr'>τὺνᾶνθρωπον.</span> <span class='ocrx_word' id='word_1_69' title='bbox 1519 640 1539 673; x_wconf 80' lang='grc' dir='ltr'><strong>ι</strong></span> <span class='ocrx_word' id='word_1_70' title='bbox 1560 623 1672 676; x_wconf 84' lang='grc' dir='ltr'><strong>Οὐκ</strong></span> <span class='ocrx_word' id='word_1_71' title='bbox 1688 624 1849 690; x_wconf 84' lang='grc' dir='ltr'>εὐθὺς</span> 
     </span>
    </p>
   </div>
   <div class='ocr_carea' id='block_1_11' title="bbox 262 690 1847 789">
    <p class='ocr_par' dir='ltr' id='par_1_11' title="bbox 262 690 1847 789">
     <span class='ocr_line' id='line_1_11' title="bbox 262 690 1847 789; baseline 0.011 -37"><span class='ocrx_word' id='word_1_72' title='bbox 262 703 473 774; x_wconf 71' lang='grc' dir='ltr'>ἠφωνὴ</span> <span class='ocrx_word' id='word_1_73' title='bbox 504 690 621 766; x_wconf 75' lang='grc' dir='ltr'>τοῦ,</span> <span class='ocrx_word' id='word_1_74' title='bbox 656 707 910 770; x_wconf 70' lang='grc' dir='ltr'>ἔπλασε,</span> <span class='ocrx_word' id='word_1_75' title='bbox 939 711 1190 780; x_wconf 85' lang='grc' dir='ltr'>τεχνικήν</span> <span class='ocrx_word' id='word_1_76' title='bbox 1237 728 1358 764; x_wconf 86' lang='grc' dir='ltr'>τινα</span> <span class='ocrx_word' id='word_1_77' title='bbox 1403 712 1496 766; x_wconf 78' lang='grc' dir='ltr'><strong>τοῦ</strong></span> <span class='ocrx_word' id='word_1_78' title='bbox 1540 714 1674 768; x_wconf 81' lang='grc' dir='ltr'>Θεοῦ</span> <span class='ocrx_word' id='word_1_79' title='bbox 1718 719 1847 789; x_wconf 79' lang='grc' dir='ltr'>περὶ</span> 
     </span>
    </p>
   </div>
   <div class='ocr_carea' id='block_1_12' title="bbox 259 794 1844 872">
    <p class='ocr_par' dir='ltr' id='par_1_12' title="bbox 259 794 1844 872">
     <span class='ocr_line' id='line_1_12' title="bbox 259 794 1844 872; baseline 0.011 -28"><span class='ocrx_word' id='word_1_80' title='bbox 259 794 342 844; x_wconf 73' lang='grc' dir='ltr'><strong>τόν</strong></span> <span class='ocrx_word' id='word_1_81' title='bbox 375 795 670 864; x_wconf 78' lang='grc' dir='ltr'>ἄνθρωπον</span> <span class='ocrx_word' id='word_1_82' title='bbox 699 797 979 869; x_wconf 77' lang='grc' dir='ltr'>ἐνέργειαν</span> <span class='ocrx_word' id='word_1_83' title='bbox 1009 800 1134 868; x_wconf 82' lang='grc' dir='ltr'>ἡμῖν</span> <span class='ocrx_word' id='word_1_84' title='bbox 1151 801 1452 872; x_wconf 76' lang='grc' dir='ltr'>ὑποφαίνει.</span> <span class='ocrx_word' id='word_1_85' title='bbox 1482 806 1782 861; x_wconf 81' lang='grc' dir='ltr'>(Ἔπλασεν</span> <span class='ocrx_word' id='word_1_86' title='bbox 1815 811 1844 860; x_wconf 90' lang='lat'><strong>6</strong></span> 
     </span>
    </p>
   </div>
   <div class='ocr_carea' id='block_1_13' title="bbox 257 877 1842 966">
    <p class='ocr_par' dir='ltr' id='par_1_13' title="bbox 257 877 1842 966">
     <span class='ocr_line' id='line_1_13' title="bbox 257 877 1842 966; baseline 0.012 -31"><span class='ocrx_word' id='word_1_87' title='bbox 257 885 399 948; x_wconf 76' lang='grc' dir='ltr'>Θεός.</span> <span class='ocrx_word' id='word_1_88' title='bbox 422 912 442 944; x_wconf 75' lang='grc' dir='ltr'><strong>ι</strong></span> <span class='ocrx_word' id='word_1_89' title='bbox 471 877 613 952; x_wconf 74' lang='grc' dir='ltr'>Ἀρα</span> <span class='ocrx_word' id='word_1_90' title='bbox 633 885 802 950; x_wconf 68' lang='grc' dir='ltr'>οὕτως</span> <span class='ocrx_word' id='word_1_91' title='bbox 827 889 1056 947; x_wconf 74' lang='grc' dir='ltr'>ἔπλασεν</span> <span class='ocrx_word' id='word_1_92' title='bbox 1073 895 1149 958; x_wconf 84' lang='grc' dir='ltr'>ὡς</span> <span class='ocrx_word' id='word_1_93' title='bbox 1165 896 1235 948; x_wconf 79' lang='lat' dir='ltr'><strong>of.</strong></span> <span class='ocrx_word' id='word_1_94' title='bbox 1258 895 1328 947; x_wconf 82' lang='grc' dir='ltr'>τὰ</span> <span class='ocrx_word' id='word_1_95' title='bbox 1354 895 1552 966; x_wconf 79' lang='grc' dir='ltr'>πήλινα</span> <span class='ocrx_word' id='word_1_96' title='bbox 1572 897 1842 954; x_wconf 82' lang='grc' dir='ltr'>πλάσσον-</span> 
     </span>
    </p>
   </div>
   <div class='ocr_carea' id='block_1_14' title="bbox 253 978 1842 1061">
    <p class='ocr_par' dir='ltr' id='par_1_14' title="bbox 253 978 1842 1061">
     <span class='ocr_line' id='line_1_14' title="bbox 253 978 1842 1061; baseline 0.011 -33"><span class='ocrx_word' id='word_1_97' title='bbox 253 994 336 1040; x_wconf 88' lang='grc' dir='ltr'><strong>τες</strong></span> <span class='ocrx_word' id='word_1_98' title='bbox 363 995 376 1042; x_wconf 91' lang='grc'>;</span> <span class='ocrx_word' id='word_1_99' title='bbox 411 978 491 1041; x_wconf 82' lang='grc' dir='ltr'><strong>ὡς</strong></span> <span class='ocrx_word' id='word_1_100' title='bbox 515 981 567 1031; x_wconf 73' lang='lat' dir='ltr'><strong>of</strong></span> <span class='ocrx_word' id='word_1_101' title='bbox 593 980 684 1032; x_wconf 83' lang='grc' dir='ltr'>τὸν</span> <span class='ocrx_word' id='word_1_102' title='bbox 710 979 910 1050; x_wconf 65' lang='grc' dir='ltr'>χαλκὸν</span> <span class='ocrx_word' id='word_1_103' title='bbox 933 983 1260 1050; x_wconf 82' lang='grc' dir='ltr'>χωνεύοντες</span> <span class='ocrx_word' id='word_1_104' title='bbox 1289 1002 1305 1053; x_wconf 90' lang='grc'><strong>;</strong></span> <span class='ocrx_word' id='word_1_105' title='bbox 1347 986 1505 1040; x_wconf 82' lang='grc' dir='ltr'>Ἀλλὰ</span> <span class='ocrx_word' id='word_1_106' title='bbox 1532 990 1842 1061; x_wconf 80' lang='grc' dir='ltr'><strong>ἀνδριάντος</strong></span> 
     </span>
    </p>
   </div>
   <div class='ocr_carea' id='block_1_15' title="bbox 257 1065 1841 1150">
    <p class='ocr_par' dir='ltr' id='par_1_15' title="bbox 257 1065 1841 1150">
     <span class='ocr_line' id='line_1_15' title="bbox 257 1065 1841 1150; baseline 0.01 -31"><span class='ocrx_word' id='word_1_107' title='bbox 257 1067 348 1134; x_wconf 82' lang='grc' dir='ltr'>μὲν</span> <span class='ocrx_word' id='word_1_108' title='bbox 382 1069 608 1133; x_wconf 84' lang='grc' dir='ltr'>πλάσις,</span> <span class='ocrx_word' id='word_1_109' title='bbox 640 1072 733 1123; x_wconf 74' lang='grc' dir='ltr'>καὶ</span> <span class='ocrx_word' id='word_1_110' title='bbox 778 1073 950 1142; x_wconf 78' lang='grc' dir='ltr'>γύψου</span> <span class='ocrx_word' id='word_1_111' title='bbox 991 1075 1296 1140; x_wconf 86' lang='grc' dir='ltr'>διάπλασις,</span> <span class='ocrx_word' id='word_1_112' title='bbox 1333 1065 1494 1148; x_wconf 75' lang='grc' dir='ltr'>μέχρι</span> <span class='ocrx_word' id='word_1_113' title='bbox 1524 1081 1841 1150; x_wconf 80' lang='grc' dir='ltr'>ἐπιφανείας</span> 
     </span>
    </p>
   </div>
   <div class='ocr_carea' id='block_1_16' title="bbox 251 1159 1840 1238">
    <p class='ocr_par' dir='ltr' id='par_1_16' title="bbox 251 1159 1840 1238">
     <span class='ocr_line' id='line_1_16' title="bbox 251 1159 1840 1238; baseline 0.008 -29"><span class='ocrx_word' id='word_1_114' title='bbox 251 1159 343 1227; x_wconf 72' lang='grc' dir='ltr'>τὴν</span> <span class='ocrx_word' id='word_1_115' title='bbox 373 1162 614 1230; x_wconf 78' lang='grc' dir='ltr'><strong>μίμησιν</strong></span> <span class='ocrx_word' id='word_1_116' title='bbox 653 1162 787 1231; x_wconf 81' lang='grc' dir='ltr'>ἔχει.</span> <span class='ocrx_word' id='word_1_117' title='bbox 822 1160 976 1227; x_wconf 72' lang='grc' dir='ltr'>Εἶδες</span> <span class='ocrx_word' id='word_1_118' title='bbox 1033 1164 1123 1216; x_wconf 83' lang='grc' dir='ltr'>τὸν</span> <span class='ocrx_word' id='word_1_119' title='bbox 1165 1166 1455 1236; x_wconf 79' lang='grc' dir='ltr'>ἀνδριάντα</span> <span class='ocrx_word' id='word_1_120' title='bbox 1493 1170 1609 1231; x_wconf 86' lang='grc' dir='ltr'>πῶς</span> <span class='ocrx_word' id='word_1_121' title='bbox 1643 1169 1840 1238; x_wconf 74' lang='grc' dir='ltr'>ἕστηκε</span> 
     </span>
    </p>
   </div>
   <div class='ocr_carea' id='block_1_17' title="bbox 254 1252 1836 1330">
    <p class='ocr_par' dir='ltr' id='par_1_17' title="bbox 254 1252 1836 1330">
     <span class='ocr_line' id='line_1_17' title="bbox 254 1252 1836 1330; baseline 0.008 -28"><span class='ocrx_word' id='word_1_122' title='bbox 254 1252 386 1318; x_wconf 79' lang='grc' dir='ltr'><strong>μετά</strong></span> <span class='ocrx_word' id='word_1_123' title='bbox 414 1269 562 1314; x_wconf 84' lang='grc' dir='ltr'>τινος</span> <span class='ocrx_word' id='word_1_124' title='bbox 589 1254 772 1322; x_wconf 72' lang='grc' dir='ltr'>ἤθους.</span> <span class='ocrx_word' id='word_1_125' title='bbox 800 1255 872 1306; x_wconf 84' lang='grc' dir='ltr'>Ἦ·</span> <span class='ocrx_word' id='word_1_126' title='bbox 893 1254 1062 1325; x_wconf 81' lang='grc' dir='ltr'>Θυμὺν</span> <span class='ocrx_word' id='word_1_127' title='bbox 1084 1257 1332 1325; x_wconf 68' lang='grc' dir='ltr'>ἐμφαίνει</span> <span class='ocrx_word' id='word_1_128' title='bbox 1375 1259 1402 1309; x_wconf 90' lang='lat'><strong>6</strong></span> <span class='ocrx_word' id='word_1_129' title='bbox 1437 1257 1530 1310; x_wconf 80' lang='grc' dir='ltr'>τοῦ</span> <span class='ocrx_word' id='word_1_130' title='bbox 1576 1261 1836 1330; x_wconf 80' lang='grc' dir='ltr'>στρατιώ-</span> 
     </span>
    </p>
   </div>
   <div class='ocr_carea' id='block_1_18' title="bbox 247 1342 1836 1418">
    <p class='ocr_par' dir='ltr' id='par_1_18' title="bbox 247 1342 1836 1418">
     <span class='ocr_line' id='line_1_18' title="bbox 247 1342 1836 1418; baseline 0.009 -27"><span class='ocrx_word' id='word_1_131' title='bbox 247 1357 336 1392; x_wconf 81' lang='grc' dir='ltr'><strong>του</strong></span> <span class='ocrx_word' id='word_1_132' title='bbox 377 1342 622 1410; x_wconf 71' lang='grc' dir='ltr'>ἀνδριὰς,</span> <span class='ocrx_word' id='word_1_133' title='bbox 666 1344 699 1413; x_wconf 83' lang='grc' dir='ltr'><strong>ἢ</strong></span> <span class='ocrx_word' id='word_1_134' title='bbox 753 1345 1067 1412; x_wconf 78' lang='grc' dir='ltr'>γυναικείαν</span> <span class='ocrx_word' id='word_1_135' title='bbox 1116 1346 1354 1399; x_wconf 77' lang='grc' dir='ltr'>διάθεσιν</span> <span class='ocrx_word' id='word_1_136' title='bbox 1397 1351 1425 1400; x_wconf 89' lang='lat'><strong>6</strong></span> <span class='ocrx_word' id='word_1_137' title='bbox 1462 1349 1677 1418; x_wconf 80' lang='grc' dir='ltr'>χαλκὸς,</span> <span class='ocrx_word' id='word_1_138' title='bbox 1709 1353 1836 1405; x_wconf 82' lang='grc' dir='ltr'>ὅταν</span> 
     </span>
    </p>
   </div>
   <div class='ocr_carea' id='block_1_19' title="bbox 247 1435 1833 1513">
    <p class='ocr_par' dir='ltr' id='par_1_19' title="bbox 247 1435 1833 1513">
     <span class='ocr_line' id='line_1_19' title="bbox 247 1435 1833 1513; baseline 0.008 -29"><span class='ocrx_word' id='word_1_139' title='bbox 247 1435 320 1495; x_wconf 84' lang='grc' dir='ltr'><strong>εἰς</strong></span> <span class='ocrx_word' id='word_1_140' title='bbox 352 1438 593 1501; x_wconf 75' lang='grc' dir='ltr'>γυναῖκα</span> <span class='ocrx_word' id='word_1_141' title='bbox 627 1437 991 1507; x_wconf 74' lang='grc' dir='ltr'>σχηματισθῇ,</span> <span class='ocrx_word' id='word_1_142' title='bbox 1043 1439 1138 1490; x_wconf 76' lang='grc' dir='ltr'><strong>εἴτ’</strong></span> <span class='ocrx_word' id='word_1_143' title='bbox 1185 1439 1331 1505; x_wconf 82' lang='grc' dir='ltr'>ἄλλο,</span> <span class='ocrx_word' id='word_1_144' title='bbox 1386 1441 1508 1493; x_wconf 83' lang='grc' dir='ltr'>ὅσον</span> <span class='ocrx_word' id='word_1_145' title='bbox 1547 1441 1766 1496; x_wconf 76' lang='grc' dir='ltr'>δύναται</span> <span class='ocrx_word' id='word_1_146' title='bbox 1802 1446 1833 1513; x_wconf 84' lang='grc' dir='ltr'>ἠ</span> 
     </span>
    </p>
   </div>
   <div class='ocr_carea' id='block_1_20' title="bbox 1959 271 3526 352">
    <p class='ocr_par' dir='ltr' id='par_1_20' title="bbox 1959 271 3526 352">
     <span class='ocr_line' id='line_1_20' title="bbox 1959 271 3526 352; baseline 0.016 -29"><span class='ocrx_word' id='word_1_147' title='bbox 1959 271 2138 335; x_wconf 87' lang='lat' dir='ltr'><strong>veris,</strong></span> <span class='ocrx_word' id='word_1_148' title='bbox 2173 287 2310 327; x_wconf 84' lang='lat' dir='ltr'><strong>neve</strong></span> <span class='ocrx_word' id='word_1_149' title='bbox 2357 274 2480 329; x_wconf 91' lang='lat' dir='ltr'><strong>illos</strong></span> <span class='ocrx_word' id='word_1_150' title='bbox 2515 275 2608 343; x_wconf 89' lang='lat' dir='ltr'><strong>qui</strong></span> <span class='ocrx_word' id='word_1_151' title='bbox 2650 291 2740 331; x_wconf 89' lang='lat' dir='ltr'><strong>res</strong></span> <span class='ocrx_word' id='word_1_152' title='bbox 2778 278 3046 346; x_wconf 86' lang='lat' dir='ltr'><strong>ejusmodi</strong></span> <span class='ocrx_word' id='word_1_153' title='bbox 3090 281 3317 352; x_wconf 77' lang='lat' dir='ltr'><strong>jubeant</strong></span> <span class='ocrx_word' id='word_1_154' title='bbox 3358 287 3526 349; x_wconf 83' lang='lat' dir='ltr'><strong>fueris</strong></span> 
     </span>
    </p>
   </div>
   <div class='ocr_carea' id='block_1_21' title="bbox 1955 359 3528 436">
    <p class='ocr_par' dir='ltr' id='par_1_21' title="bbox 1955 359 3528 436">
     <span class='ocr_line' id='line_1_21' title="bbox 1955 359 3528 436; baseline 0.015 -23"><span class='ocrx_word' id='word_1_155' title='bbox 1955 359 2276 418; x_wconf 78' lang='lat' dir='ltr'><strong>admiratus.</strong></span> <span class='ocrx_word' id='word_1_156' title='bbox 2308 362 2386 418; x_wconf 85' lang='lat' dir='ltr'><strong>Ne</strong></span> <span class='ocrx_word' id='word_1_157' title='bbox 2418 372 2470 420; x_wconf 92' lang='lat' dir='ltr'><strong>te</strong></span> <span class='ocrx_word' id='word_1_158' title='bbox 2499 366 2683 434; x_wconf 87' lang='lat' dir='ltr'><strong>epinio</strong></span> <span class='ocrx_word' id='word_1_159' title='bbox 2711 367 3171 428; x_wconf 67' lang='lat' dir='ltr'><strong>fallat.~Memento</strong></span> <span class='ocrx_word' id='word_1_160' title='bbox 3195 375 3365 435; x_wconf 81' lang='lat' dir='ltr'><strong>Deum</strong></span> <span class='ocrx_word' id='word_1_161' title='bbox 3397 396 3528 436; x_wconf 82' lang='lat' dir='ltr'><strong>con-</strong></span> 
     </span>
    </p>
   </div>
   <div class='ocr_carea' id='block_1_22' title="bbox 1952 447 3521 534">
    <p class='ocr_par' dir='ltr' id='par_1_22' title="bbox 1952 447 3521 534">
     <span class='ocr_line' id='line_1_22' title="bbox 1952 447 3521 534; baseline 0.015 -32"><span class='ocrx_word' id='word_1_162' title='bbox 1952 447 2114 505; x_wconf 70' lang='lat' dir='ltr'><strong>flesse</strong></span> <span class='ocrx_word' id='word_1_163' title='bbox 2161 452 2436 508; x_wconf 86' lang='lat' dir='ltr'><strong>hominem</strong></span> <span class='ocrx_word' id='word_1_164' title='bbox 2477 470 2508 510; x_wconf 89' lang='lat' dir='ltr'><strong>e</strong></span> <span class='ocrx_word' id='word_1_165' title='bbox 2554 456 2684 510; x_wconf 92' lang='lat' dir='ltr'><strong>limo</strong></span> <span class='ocrx_word' id='word_1_166' title='bbox 2732 464 2908 512; x_wconf 56' lang='lat' dir='ltr'><strong>terrae.</strong></span> <span class='ocrx_word' id='word_1_167' title='bbox 2961 459 3017 514; x_wconf 90' lang='lat' dir='ltr'><strong>Si</strong></span> <span class='ocrx_word' id='word_1_168' title='bbox 3063 464 3190 530; x_wconf 89' lang='lat' dir='ltr'><strong>quid</strong></span> <span class='ocrx_word' id='word_1_169' title='bbox 3227 467 3370 521; x_wconf 85' lang='lat' dir='ltr'><strong>aliud</strong></span> <span class='ocrx_word' id='word_1_170' title='bbox 3406 481 3521 534; x_wconf 82' lang='lat' dir='ltr'><strong>est,</strong></span> 
     </span>
    </p>
   </div>
   <div class='ocr_carea' id='block_1_23' title="bbox 1951 542 3523 621">
    <p class='ocr_par' dir='ltr' id='par_1_23' title="bbox 1951 542 3523 621">
     <span class='ocr_line' id='line_1_23' title="bbox 1951 542 3523 621; baseline 0.013 -26"><span class='ocrx_word' id='word_1_171' title='bbox 1951 542 2283 615; x_wconf 82' lang='lat' dir='ltr'><strong>extimesce,</strong></span> <span class='ocrx_word' id='word_1_172' title='bbox 2337 546 2423 600; x_wconf 90' lang='lat' dir='ltr'><strong>sin</strong></span> <span class='ocrx_word' id='word_1_173' title='bbox 2460 554 2618 601; x_wconf 75' lang='lat' dir='ltr'><strong>terra:</strong></span> <span class='ocrx_word' id='word_1_174' title='bbox 2651 547 2829 616; x_wconf 87' lang='lat' dir='ltr'><strong>pulvis</strong></span> <span class='ocrx_word' id='word_1_175' title='bbox 2854 588 2868 613; x_wconf 94' lang='lat'><strong>,</strong></span> <span class='ocrx_word' id='word_1_176' title='bbox 2901 564 3214 621; x_wconf 76' lang='lat' dir='ltr'><strong>aspernare.</strong></span> <span class='ocrx_word' id='word_1_177' title='bbox 3247 575 3266 606; x_wconf 77' lang='grc' dir='ltr'><strong>ι</strong></span> <span class='ocrx_word' id='word_1_178' title='bbox 3297 557 3361 611; x_wconf 84' lang='grc' dir='ltr'><strong>Ει</strong></span> <span class='ocrx_word' id='word_1_179' title='bbox 3409 559 3523 614; x_wconf 85' lang='lat' dir='ltr'><strong>for-</strong></span> 
     </span>
    </p>
   </div>
   <div class='ocr_carea' id='block_1_24' title="bbox 1950 632 3522 709">
    <p class='ocr_par' dir='ltr' id='par_1_24' title="bbox 1950 632 3522 709">
     <span class='ocr_line' id='line_1_24' title="bbox 1950 632 3522 709; baseline 0.014 -27"><span class='ocrx_word' id='word_1_180' title='bbox 1950 632 2117 686; x_wconf 84' lang='lat' dir='ltr'><strong>mavit</strong></span> <span class='ocrx_word' id='word_1_181' title='bbox 2170 633 2309 689; x_wconf 89' lang='lat' dir='ltr'><strong>Deus</strong></span> <span class='ocrx_word' id='word_1_182' title='bbox 2356 634 2656 690; x_wconf 87' lang='lat' dir='ltr'><strong>hominem.</strong></span> <span class='ocrx_word' id='word_1_183' title='bbox 2691 655 2710 686; x_wconf 78' lang='grc' dir='ltr'><strong>ι</strong></span> <span class='ocrx_word' id='word_1_184' title='bbox 2741 638 2814 690; x_wconf 87' lang='lat' dir='ltr'><strong>Ea</strong></span> <span class='ocrx_word' id='word_1_185' title='bbox 2864 653 3002 704; x_wconf 86' lang='lat' dir='ltr'><strong>vox,</strong></span> <span class='ocrx_word' id='word_1_186' title='bbox 3045 639 3353 709; x_wconf 86' lang='lat' dir='ltr'><strong>Formavit,</strong></span> <span class='ocrx_word' id='word_1_187' title='bbox 3410 664 3522 704; x_wconf 90' lang='lat' dir='ltr'><strong>non</strong></span> 
     </span>
    </p>
   </div>
   <div class='ocr_carea' id='block_1_25' title="bbox 1947 723 3520 794">
    <p class='ocr_par' dir='ltr' id='par_1_25' title="bbox 1947 723 3520 794">
     <span class='ocr_line' id='line_1_25' title="bbox 1947 723 3520 794; baseline 0.012 -20"><span class='ocrx_word' id='word_1_188' title='bbox 1947 723 2196 790; x_wconf 89' lang='lat' dir='ltr'><strong>protinus</strong></span> <span class='ocrx_word' id='word_1_189' title='bbox 2249 726 2303 779; x_wconf 92' lang='lat' dir='ltr'><strong>in</strong></span> <span class='ocrx_word' id='word_1_190' title='bbox 2355 727 2576 785; x_wconf 88' lang='lat' dir='ltr'><strong>homine</strong></span> <span class='ocrx_word' id='word_1_191' title='bbox 2627 730 2875 787; x_wconf 91' lang='lat' dir='ltr'><strong>faciendo</strong></span> <span class='ocrx_word' id='word_1_192' title='bbox 2928 735 3169 789; x_wconf 83' lang='lat' dir='ltr'><strong>declarat</strong></span> <span class='ocrx_word' id='word_1_193' title='bbox 3231 739 3520 794; x_wconf 70' lang='lat' dir='ltr'><strong>artificium</strong></span> 
     </span>
    </p>
   </div>
   <div class='ocr_carea' id='block_1_26' title="bbox 1947 811 3522 896">
    <p class='ocr_par' dir='ltr' id='par_1_26' title="bbox 1947 811 3522 896">
     <span class='ocr_line' id='line_1_26' title="bbox 1947 811 3522 896; baseline 0.015 -32"><span class='ocrx_word' id='word_1_194' title='bbox 1947 811 2060 868; x_wconf 87' lang='lat' dir='ltr'><strong>Dei.</strong></span> <span class='ocrx_word' id='word_1_195' title='bbox 2109 814 2359 887; x_wconf 86' lang='lat' dir='ltr'><strong>Nunquid</strong></span> <span class='ocrx_word' id='word_1_196' title='bbox 2406 819 2657 876; x_wconf 81' lang='lat' dir='ltr'><strong>formavit</strong></span> <span class='ocrx_word' id='word_1_197' title='bbox 2692 824 2964 881; x_wconf 91' lang='lat' dir='ltr'><strong>hominem</strong></span> <span class='ocrx_word' id='word_1_198' title='bbox 3000 828 3456 896; x_wconf 83' lang='lat' dir='ltr'><strong>quemadmodum</strong></span> <span class='ocrx_word' id='word_1_199' title='bbox 3490 848 3522 887; x_wconf 88' lang='lat' dir='ltr'><strong>e</strong></span> 
     </span>
    </p>
   </div>
   <div class='ocr_carea' id='block_1_27' title="bbox 1943 900 3520 986">
    <p class='ocr_par' dir='ltr' id='par_1_27' title="bbox 1943 900 3520 986">
     <span class='ocr_line' id='line_1_27' title="bbox 1943 900 3520 986; baseline 0.015 -33"><span class='ocrx_word' id='word_1_200' title='bbox 1943 900 2058 956; x_wconf 86' lang='lat' dir='ltr'><strong>luto</strong></span> <span class='ocrx_word' id='word_1_201' title='bbox 2087 905 2234 974; x_wconf 85' lang='lat' dir='ltr'><strong>figuli</strong></span> <span class='ocrx_word' id='word_1_202' title='bbox 2265 909 2468 977; x_wconf 90' lang='lat' dir='ltr'><strong>aliquid</strong></span> <span class='ocrx_word' id='word_1_203' title='bbox 2501 911 2801 983; x_wconf 73' lang='lat' dir='ltr'><strong>effingunt,</strong></span> <span class='ocrx_word' id='word_1_204' title='bbox 2843 925 2934 969; x_wconf 91' lang='lat' dir='ltr'><strong>aut</strong></span> <span class='ocrx_word' id='word_1_205' title='bbox 2968 920 3422 986; x_wconf 83' lang='lat' dir='ltr'><strong>quemadmodum</strong></span> <span class='ocrx_word' id='word_1_206' title='bbox 3453 939 3520 976; x_wconf 80' lang='lat' dir='ltr'><strong>ex</strong></span> 
     </span>
    </p>
   </div>
   <div class='ocr_carea' id='block_1_28' title="bbox 1941 996 3515 1071">
    <p class='ocr_par' dir='ltr' id='par_1_28' title="bbox 1941 996 3515 1071">
     <span class='ocr_line' id='line_1_28' title="bbox 1941 996 3515 1071; baseline 0.013 -26"><span class='ocrx_word' id='word_1_207' title='bbox 1941 1006 2049 1046; x_wconf 70' lang='lat' dir='ltr'><strong>mre</strong></span> <span class='ocrx_word' id='word_1_208' title='bbox 2075 996 2317 1051; x_wconf 91' lang='lat' dir='ltr'><strong>conflant</strong></span> <span class='ocrx_word' id='word_1_209' title='bbox 2354 1001 2559 1071; x_wconf 89' lang='lat' dir='ltr'><strong>aliquid</strong></span> <span class='ocrx_word' id='word_1_210' title='bbox 2605 1007 2906 1060; x_wconf 85' lang='lat' dir='ltr'><strong>statuarii?</strong></span> <span class='ocrx_word' id='word_1_211' title='bbox 2941 1007 3160 1064; x_wconf 81' lang='lat' dir='ltr'><strong>Minime</strong></span> <span class='ocrx_word' id='word_1_212' title='bbox 3189 1027 3339 1066; x_wconf 89' lang='lat' dir='ltr'><strong>vero.</strong></span> <span class='ocrx_word' id='word_1_213' title='bbox 3382 1011 3515 1066; x_wconf 68' lang='lat' dir='ltr'><strong>Nam</strong></span> 
     </span>
    </p>
   </div>
   <div class='ocr_carea' id='block_1_29' title="bbox 1944 1088 3515 1168">
    <p class='ocr_par' dir='ltr' id='par_1_29' title="bbox 1944 1088 3515 1168">
     <span class='ocr_line' id='line_1_29' title="bbox 1944 1088 3515 1168; baseline 0.013 -33"><span class='ocrx_word' id='word_1_214' title='bbox 1944 1090 2122 1137; x_wconf 88' lang='lat' dir='ltr'><strong>statua</strong></span> <span class='ocrx_word' id='word_1_215' title='bbox 2160 1088 2378 1153; x_wconf 90' lang='lat' dir='ltr'><strong>quidem</strong></span> <span class='ocrx_word' id='word_1_216' title='bbox 2421 1092 2765 1149; x_wconf 82' lang='lat' dir='ltr'><strong>extrinsecus</strong></span> <span class='ocrx_word' id='word_1_217' title='bbox 2811 1103 3022 1150; x_wconf 90' lang='lat' dir='ltr'><strong>tantum</strong></span> <span class='ocrx_word' id='word_1_218' title='bbox 3057 1101 3294 1168; x_wconf 88' lang='lat' dir='ltr'><strong>speciem</strong></span> <span class='ocrx_word' id='word_1_219' title='bbox 3330 1117 3393 1155; x_wconf 91' lang='lat' dir='ltr'><strong>ac</strong></span> <span class='ocrx_word' id='word_1_220' title='bbox 3438 1106 3515 1156; x_wconf 86' lang='lat' dir='ltr'><strong>si-</strong></span> 
     </span>
    </p>
   </div>
   <div class='ocr_carea' id='block_1_30' title="bbox 1942 1173 3518 1257">
    <p class='ocr_par' dir='ltr' id='par_1_30' title="bbox 1942 1173 3518 1257">
     <span class='ocr_line' id='line_1_30' title="bbox 1942 1173 3518 1257; baseline 0.015 -33"><span class='ocrx_word' id='word_1_221' title='bbox 1942 1173 2301 1230; x_wconf 88' lang='lat' dir='ltr'><strong>militudinem</strong></span> <span class='ocrx_word' id='word_1_222' title='bbox 2335 1181 2568 1249; x_wconf 65' lang='lat' dir='ltr'><strong>praefert.</strong></span> <span class='ocrx_word' id='word_1_223' title='bbox 2611 1183 2835 1251; x_wconf 86' lang='lat' dir='ltr'><strong>Vidisti,</strong></span> <span class='ocrx_word' id='word_1_224' title='bbox 2895 1194 3165 1257; x_wconf 91' lang='lat' dir='ltr'><strong>quomodo</strong></span> <span class='ocrx_word' id='word_1_225' title='bbox 3197 1200 3374 1246; x_wconf 84' lang='lat' dir='ltr'><strong>statua</strong></span> <span class='ocrx_word' id='word_1_226' title='bbox 3406 1209 3518 1247; x_wconf 73' lang='grc' dir='ltr'>ιιιοο</span> 
     </span>
    </p>
   </div>
   <div class='ocr_carea' id='block_1_31' title="bbox 1942 1266 3514 1351">
    <p class='ocr_par' dir='ltr' id='par_1_31' title="bbox 1942 1266 3514 1351">
     <span class='ocr_line' id='line_1_31' title="bbox 1942 1266 3514 1351; baseline 0.017 -36"><span class='ocrx_word' id='word_1_227' title='bbox 1942 1278 2032 1317; x_wconf 88' lang='lat' dir='ltr'><strong>res</strong></span> <span class='ocrx_word' id='word_1_228' title='bbox 2064 1266 2278 1335; x_wconf 82' lang='lat' dir='ltr'><strong>aliquos</strong></span> <span class='ocrx_word' id='word_1_229' title='bbox 2310 1273 2614 1340; x_wconf 73' lang='lat' dir='ltr'><strong>exprimat,</strong></span> <span class='ocrx_word' id='word_1_230' title='bbox 2646 1281 2875 1348; x_wconf 84' lang='lat' dir='ltr'><strong>exempli</strong></span> <span class='ocrx_word' id='word_1_231' title='bbox 2909 1286 3077 1351; x_wconf 86' lang='lat' dir='ltr'><strong>gratia</strong></span> <span class='ocrx_word' id='word_1_232' title='bbox 3115 1286 3194 1337; x_wconf 88' lang='lat' dir='ltr'><strong>vel</strong></span> <span class='ocrx_word' id='word_1_233' title='bbox 3224 1286 3360 1339; x_wconf 91' lang='lat' dir='ltr'><strong>iram</strong></span> <span class='ocrx_word' id='word_1_234' title='bbox 3382 1328 3397 1349; x_wconf 89' lang='lat'><strong>,</strong></span> <span class='ocrx_word' id='word_1_235' title='bbox 3428 1288 3514 1342; x_wconf 92' lang='lat' dir='ltr'><strong>in-</strong></span> 
     </span>
    </p>
   </div>
   <div class='ocr_carea' id='block_1_32' title="bbox 1939 1355 3514 1442">
    <p class='ocr_par' dir='ltr' id='par_1_32' title="bbox 1939 1355 3514 1442">
     <span class='ocr_line' id='line_1_32' title="bbox 1939 1355 3514 1442; baseline 0.017 -35"><span class='ocrx_word' id='word_1_236' title='bbox 1939 1355 2416 1429; x_wconf 80' lang='lat' dir='ltr'><strong>dignationemqne</strong></span> <span class='ocrx_word' id='word_1_237' title='bbox 2439 1407 2452 1430; x_wconf 91' lang='lat'><strong>,</strong></span> <span class='ocrx_word' id='word_1_238' title='bbox 2487 1366 2530 1419; x_wconf 88' lang='lat' dir='ltr'><strong>si</strong></span> <span class='ocrx_word' id='word_1_239' title='bbox 2583 1368 2781 1424; x_wconf 77' lang='lat' dir='ltr'><strong>referat</strong></span> <span class='ocrx_word' id='word_1_240' title='bbox 2808 1373 3230 1442; x_wconf 60' lang='lat' dir='ltr'><strong>jll’lpCl‘ﬂlOl‘ﬂlll,</strong></span> <span class='ocrx_word' id='word_1_241' title='bbox 3267 1379 3350 1431; x_wconf 83' lang='lat' dir='ltr'><strong>vel</strong></span> <span class='ocrx_word' id='word_1_242' title='bbox 3392 1397 3514 1434; x_wconf 89' lang='lat' dir='ltr'><strong>mu-</strong></span> 
     </span>
    </p>
   </div>
   <div class='ocr_carea' id='block_1_33' title="bbox 1941 1445 3510 1536">
    <p class='ocr_par' dir='ltr' id='par_1_33' title="bbox 1941 1445 3510 1536">
     <span class='ocr_line' id='line_1_33' title="bbox 1941 1445 3510 1536; baseline 0.019 -39"><span class='ocrx_word' id='word_1_243' title='bbox 1941 1445 2163 1502; x_wconf 87' lang='lat' dir='ltr'><strong>liebrem</strong></span> <span class='ocrx_word' id='word_1_244' title='bbox 2197 1452 2508 1520; x_wconf 88' lang='lat' dir='ltr'><strong>levitatem,</strong></span> <span class='ocrx_word' id='word_1_245' title='bbox 2547 1461 2590 1512; x_wconf 94' lang='lat' dir='ltr'><strong>si</strong></span> <span class='ocrx_word' id='word_1_246' title='bbox 2629 1460 2886 1518; x_wconf 84' lang='lat' dir='ltr'><strong>feminam</strong></span> <span class='ocrx_word' id='word_1_247' title='bbox 2925 1467 3185 1536; x_wconf 88' lang='lat' dir='ltr'><strong>aliquam,</strong></span> <span class='ocrx_word' id='word_1_248' title='bbox 3239 1472 3321 1525; x_wconf 86' lang='lat' dir='ltr'><strong>vel</strong></span> <span class='ocrx_word' id='word_1_249' title='bbox 3366 1473 3510 1526; x_wconf 90' lang='lat' dir='ltr'><strong>aliud</strong></span> 
     </span>
    </p>
   </div>
   <div class='ocr_carea' id='block_1_34' title="bbox 246 1523 1819 1630">
    <p class='ocr_par' dir='ltr' id='par_1_34' title="bbox 246 1523 1819 1605">
     <span class='ocr_line' id='line_1_34' title="bbox 246 1523 1819 1605; baseline 0.008 -31"><span class='ocrx_word' id='word_1_250' title='bbox 246 1523 424 1593; x_wconf 68' lang='grc' dir='ltr'>τέχνη,</span> <span class='ocrx_word' id='word_1_251' title='bbox 453 1524 543 1577; x_wconf 73' lang='grc' dir='ltr'>διὰ</span> <span class='ocrx_word' id='word_1_252' title='bbox 574 1526 676 1594; x_wconf 78' lang='grc' dir='ltr'>τῆς</span> <span class='ocrx_word' id='word_1_253' title='bbox 711 1529 992 1597; x_wconf 84' lang='grc' dir='ltr'>μιμήσεως</span> <span class='ocrx_word' id='word_1_254' title='bbox 1017 1530 1323 1599; x_wconf 80' lang='grc' dir='ltr'>συνεισάγει</span> <span class='ocrx_word' id='word_1_255' title='bbox 1347 1531 1411 1584; x_wconf 81' lang='grc' dir='ltr'>τὰ</span> <span class='ocrx_word' id='word_1_256' title='bbox 1445 1531 1540 1585; x_wconf 82' lang='grc' dir='ltr'><strong>τοῦ</strong></span> <span class='ocrx_word' id='word_1_257' title='bbox 1570 1533 1732 1602; x_wconf 74' lang='grc' dir='ltr'>ἤθους</span> <span class='ocrx_word' id='word_1_258' title='bbox 1756 1535 1819 1605; x_wconf 70' lang='grc' dir='ltr'>τᾷ</span> 
     </span>
    </p>
   </div>
   <div class='ocr_carea' id='block_1_35' title="bbox 1921 1523 3510 1630">
    <p class='ocr_par' dir='ltr' id='par_1_35' title="bbox 1935 1539 3510 1630">
     <span class='ocr_line' id='line_1_35' title="bbox 1935 1539 3510 1630; baseline 0.018 -41"><span class='ocrx_word' id='word_1_259' title='bbox 1935 1539 2211 1608; x_wconf 86' lang='lat' dir='ltr'><strong>quidpiam</strong></span> <span class='ocrx_word' id='word_1_260' title='bbox 2251 1559 2560 1616; x_wconf 78' lang='lat' dir='ltr'><strong>congruens</strong></span> <span class='ocrx_word' id='word_1_261' title='bbox 2601 1552 2690 1615; x_wconf 89' lang='lat' dir='ltr'><strong>ei,</strong></span> <span class='ocrx_word' id='word_1_262' title='bbox 2728 1556 2870 1622; x_wconf 90' lang='lat' dir='ltr'><strong>quod</strong></span> <span class='ocrx_word' id='word_1_263' title='bbox 2914 1557 3204 1626; x_wconf 74' lang='lat' dir='ltr'><strong>effingitur,</strong></span> <span class='ocrx_word' id='word_1_264' title='bbox 3241 1571 3510 1630; x_wconf 88' lang='lat' dir='ltr'><strong>quatenus</strong></span> 
     </span>
    </p>
   </div>
   <div class='ocr_carea' id='block_1_36' title="bbox 242 1617 1829 1693">
    <p class='ocr_par' dir='ltr' id='par_1_36' title="bbox 242 1617 1829 1693">
     <span class='ocr_line' id='line_1_36' title="bbox 242 1617 1829 1693; baseline 0.008 -27"><span class='ocrx_word' id='word_1_265' title='bbox 242 1617 571 1686; x_wconf 76' lang='grc' dir='ltr'>χαρακτῆρι.</span> <span class='ocrx_word' id='word_1_266' title='bbox 605 1618 740 1671; x_wconf 79' lang='grc' dir='ltr'><strong>Θεοῦ</strong></span> <span class='ocrx_word' id='word_1_267' title='bbox 767 1619 823 1671; x_wconf 86' lang='grc' dir='ltr'>δὲ</span> <span class='ocrx_word' id='word_1_268' title='bbox 852 1621 1047 1683; x_wconf 81' lang='grc' dir='ltr'>πλάσις</span> <span class='ocrx_word' id='word_1_269' title='bbox 1101 1622 1160 1673; x_wconf 77' lang='grc' dir='ltr'>οὐ</span> <span class='ocrx_word' id='word_1_270' title='bbox 1200 1623 1422 1693; x_wconf 78' lang='grc' dir='ltr'><strong>τοιαύτη</strong></span> <span class='ocrx_word' id='word_1_271' title='bbox 1444 1663 1458 1687; x_wconf 93' lang='grc'><strong>,</strong></span> <span class='ocrx_word' id='word_1_272' title='bbox 1488 1623 1602 1676; x_wconf 88' lang='grc' dir='ltr'>ἀλλ’</span> <span class='ocrx_word' id='word_1_273' title='bbox 1630 1625 1829 1678; x_wconf 78' lang='grc' dir='ltr'>ἔπλασε</span> 
     </span>
    </p>
   </div>
   <div class='ocr_carea' id='block_1_37' title="bbox 241 1706 1830 1788">
    <p class='ocr_par' dir='ltr' id='par_1_37' title="bbox 241 1706 1830 1788">
     <span class='ocr_line' id='line_1_37' title="bbox 241 1706 1830 1788; baseline 0.009 -32"><span class='ocrx_word' id='word_1_274' title='bbox 241 1706 330 1757; x_wconf 75' lang='grc' dir='ltr'><strong>τὸν</strong></span> <span class='ocrx_word' id='word_1_275' title='bbox 371 1707 684 1777; x_wconf 73' lang='grc' dir='ltr'>ἄνθρωπον,</span> <span class='ocrx_word' id='word_1_276' title='bbox 737 1712 832 1764; x_wconf 72' lang='grc' dir='ltr'><strong>καὶ</strong></span> <span class='ocrx_word' id='word_1_277' title='bbox 869 1713 902 1781; x_wconf 81' lang='grc' dir='ltr'>ἡ</span> <span class='ocrx_word' id='word_1_278' title='bbox 958 1713 1323 1784; x_wconf 76' lang='grc' dir='ltr'>δημιουργικὴ</span> <span class='ocrx_word' id='word_1_279' title='bbox 1374 1715 1538 1768; x_wconf 81' lang='grc' dir='ltr'>αὐτοῦ</span> <span class='ocrx_word' id='word_1_280' title='bbox 1584 1717 1830 1788; x_wconf 80' lang='grc' dir='ltr'>ἐνέργεια</span> 
     </span>
    </p>
   </div>
   <div class='ocr_carea' id='block_1_38' title="bbox 225 1797 1826 1877">
    <p class='ocr_par' dir='ltr' id='par_1_38' title="bbox 225 1797 1826 1877">
     <span class='ocr_line' id='line_1_38' title="bbox 225 1797 1826 1877; baseline 0.009 -30"><span class='ocrx_word' id='word_1_281' title='bbox 225 1797 415 1849; x_wconf 59' lang='grc' dir='ltr'>πάντα</span> <span class='ocrx_word' id='word_1_282' title='bbox 439 1798 824 1868; x_wconf 85' lang='grc' dir='ltr'>διωργάνωσεν</span> <span class='ocrx_word' id='word_1_283' title='bbox 864 1803 956 1855; x_wconf 78' lang='grc' dir='ltr'><strong>ἐπὶ</strong></span> <span class='ocrx_word' id='word_1_284' title='bbox 982 1803 1042 1856; x_wconf 83' lang='grc' dir='ltr'>τὸ</span> <span class='ocrx_word' id='word_1_285' title='bbox 1083 1802 1243 1871; x_wconf 79' lang='grc' dir='ltr'>βάθος</span> <span class='ocrx_word' id='word_1_286' title='bbox 1272 1807 1567 1877; x_wconf 81' lang='grc' dir='ltr'>χωρήσασα</span> <span class='ocrx_word' id='word_1_287' title='bbox 1595 1806 1826 1864; x_wconf 79' lang='grc' dir='ltr'>ἔνδοθεν.</span> 
     </span>
    </p>
   </div>
   <div class='ocr_carea' id='block_1_39' title="bbox 240 1890 1827 1967">
    <p class='ocr_par' dir='ltr' id='par_1_39' title="bbox 240 1890 1827 1967">
     <span class='ocr_line' id='line_1_39' title="bbox 240 1890 1827 1967; baseline 0.008 -26"><span class='ocrx_word' id='word_1_288' title='bbox 240 1890 300 1941; x_wconf 80' lang='grc' dir='ltr'><strong>Εἰ</strong></span> <span class='ocrx_word' id='word_1_289' title='bbox 347 1892 471 1960; x_wconf 79' lang='grc' dir='ltr'>ἐμοὶ</span> <span class='ocrx_word' id='word_1_290' title='bbox 515 1892 771 1946; x_wconf 79' lang='grc' dir='ltr'>τοσοῦτον</span> <span class='ocrx_word' id='word_1_291' title='bbox 809 1895 1004 1964; x_wconf 84' lang='grc' dir='ltr'>περιῆν</span> <span class='ocrx_word' id='word_1_292' title='bbox 1052 1896 1264 1967; x_wconf 74' lang='grc' dir='ltr'>σχολῆς,</span> <span class='ocrx_word' id='word_1_293' title='bbox 1307 1897 1394 1949; x_wconf 86' lang='grc' dir='ltr'><strong>ἴνα</strong></span> <span class='ocrx_word' id='word_1_294' title='bbox 1437 1915 1516 1950; x_wconf 89' lang='grc' dir='ltr'><strong>σοι</strong></span> <span class='ocrx_word' id='word_1_295' title='bbox 1551 1898 1710 1963; x_wconf 81' lang='grc' dir='ltr'>δείξω</span> <span class='ocrx_word' id='word_1_296' title='bbox 1733 1900 1827 1954; x_wconf 81' lang='grc' dir='ltr'>τοῦ</span> 
     </span>
    </p>
   </div>
   <div class='ocr_carea' id='block_1_40' title="bbox 241 1981 1827 2062">
    <p class='ocr_par' dir='ltr' id='par_1_40' title="bbox 241 1981 1827 2062">
     <span class='ocr_line' id='line_1_40' title="bbox 241 1981 1827 2062; baseline 0.007 -30"><span class='ocrx_word' id='word_1_297' title='bbox 241 1981 523 2052; x_wconf 73' lang='grc' dir='ltr'>ἀνθριῖιπου</span> <span class='ocrx_word' id='word_1_298' title='bbox 548 1983 647 2053; x_wconf 83' lang='grc' dir='ltr'><strong>τὴν</strong></span> <span class='ocrx_word' id='word_1_299' title='bbox 685 1987 1044 2056; x_wconf 80' lang='grc' dir='ltr'>κατασκευὴν,</span> <span class='ocrx_word' id='word_1_300' title='bbox 1071 1988 1162 2040; x_wconf 73' lang='grc' dir='ltr'>καὶ</span> <span class='ocrx_word' id='word_1_301' title='bbox 1204 1987 1404 2058; x_wconf 76' lang='grc' dir='ltr'>ἔμαθες</span> <span class='ocrx_word' id='word_1_302' title='bbox 1426 1989 1485 2052; x_wconf 77' lang='grc' dir='ltr'><strong>ἐξ</strong></span> <span class='ocrx_word' id='word_1_303' title='bbox 1507 1989 1700 2042; x_wconf 80' lang='grc' dir='ltr'>ἑαυτοῦ</span> <span class='ocrx_word' id='word_1_304' title='bbox 1728 1991 1827 2062; x_wconf 81' lang='grc' dir='ltr'>τὴν</span> 
     </span>
    </p>
   </div>
   <div class='ocr_carea' id='block_1_41' title="bbox 243 2073 1828 2149">
    <p class='ocr_par' dir='ltr' id='par_1_41' title="bbox 243 2073 1828 2149">
     <span class='ocr_line' id='line_1_41' title="bbox 243 2073 1828 2149; baseline 0.006 -28"><span class='ocrx_word' id='word_1_305' title='bbox 243 2073 363 2139; x_wconf 79' lang='grc' dir='ltr'>περὶ</span> <span class='ocrx_word' id='word_1_306' title='bbox 393 2073 457 2123; x_wconf 78' lang='grc' dir='ltr'>σὲ</span> <span class='ocrx_word' id='word_1_307' title='bbox 479 2074 676 2141; x_wconf 72' lang='grc' dir='ltr'>σοφίαν</span> <span class='ocrx_word' id='word_1_308' title='bbox 713 2074 806 2126; x_wconf 77' lang='grc' dir='ltr'>τοῦ</span> <span class='ocrx_word' id='word_1_309' title='bbox 839 2075 996 2139; x_wconf 72' lang='grc' dir='ltr'>Θεοῦ,</span> <span class='ocrx_word' id='word_1_310' title='bbox 1039 2077 1119 2128; x_wconf 86' lang='grc' dir='ltr'>ὅτι</span> <span class='ocrx_word' id='word_1_311' title='bbox 1163 2077 1301 2130; x_wconf 79' lang='grc' dir='ltr'>κατὰ</span> <span class='ocrx_word' id='word_1_312' title='bbox 1344 2076 1600 2146; x_wconf 82' lang='grc' dir='ltr'>ἀλήθειαν</span> <span class='ocrx_word' id='word_1_313' title='bbox 1633 2079 1828 2149; x_wconf 85' lang='grc' dir='ltr'>μικρὸς</span> 
     </span>
    </p>
   </div>
   <div class='ocr_carea' id='block_1_42' title="bbox 238 2161 1826 2238">
    <p class='ocr_par' dir='ltr' id='par_1_42' title="bbox 238 2161 1826 2238">
     <span class='ocr_line' id='line_1_42' title="bbox 238 2161 1826 2238; baseline 0.006 -26"><span class='ocrx_word' id='word_1_314' title='bbox 238 2163 438 2229; x_wconf 49' lang='grc' dir='ltr'>κόσμῳ</span> <span class='ocrx_word' id='word_1_315' title='bbox 457 2162 766 2233; x_wconf 79' lang='grc' dir='ltr'>ἄνθρωπος,</span> <span class='ocrx_word' id='word_1_316' title='bbox 797 2161 890 2218; x_wconf 73' lang='grc' dir='ltr'><strong>καὶ</strong></span> <span class='ocrx_word' id='word_1_317' title='bbox 941 2165 1122 2229; x_wconf 84' lang='grc' dir='ltr'>καλῶς</span> <span class='ocrx_word' id='word_1_318' title='bbox 1159 2166 1422 2236; x_wconf 84' lang='grc' dir='ltr'>ἐποίησαν</span> <span class='ocrx_word' id='word_1_319' title='bbox 1467 2168 1517 2220; x_wconf 84' lang='grc' dir='ltr'><strong>οἱ</strong></span> <span class='ocrx_word' id='word_1_320' title='bbox 1546 2168 1720 2238; x_wconf 83' lang='grc' dir='ltr'>τούτῳ</span> <span class='ocrx_word' id='word_1_321' title='bbox 1745 2168 1826 2238; x_wconf 83' lang='grc' dir='ltr'>τῷ</span> 
     </span>
    </p>
   </div>
   <div class='ocr_carea' id='block_1_43' title="bbox 235 2253 1826 2331">
    <p class='ocr_par' dir='ltr' id='par_1_43' title="bbox 235 2253 1826 2331">
     <span class='ocr_line' id='line_1_43' title="bbox 235 2253 1826 2331; baseline 0.006 -27"><span class='ocrx_word' id='word_1_322' title='bbox 235 2253 453 2323; x_wconf 73' lang='grc' dir='ltr'>ὀνόματι</span> <span class='ocrx_word' id='word_1_323' title='bbox 481 2255 643 2309; x_wconf 76' lang='grc' dir='ltr'>αὐτὸν</span> <span class='ocrx_word' id='word_1_324' title='bbox 675 2257 1155 2328; x_wconf 82' lang='grc' dir='ltr'>ἀποσεμνύνοντες.</span> <span class='ocrx_word' id='word_1_325' title='bbox 1193 2259 1364 2312; x_wconf 87' lang='grc' dir='ltr'>Πόσαι</span> <span class='ocrx_word' id='word_1_326' title='bbox 1419 2260 1546 2329; x_wconf 74' lang='grc' dir='ltr'>περὶ</span> <span class='ocrx_word' id='word_1_327' title='bbox 1585 2260 1646 2313; x_wconf 77' lang='grc' dir='ltr'>τὸ</span> <span class='ocrx_word' id='word_1_328' title='bbox 1685 2261 1826 2331; x_wconf 82' lang='grc' dir='ltr'>πρᾶ-</span> 
     </span>
    </p>
   </div>
   <div class='ocr_carea' id='block_1_44' title="bbox 235 2346 1822 2422">
    <p class='ocr_par' dir='ltr' id='par_1_44' title="bbox 235 2346 1822 2422">
     <span class='ocr_line' id='line_1_44' title="bbox 235 2346 1822 2422; baseline 0.006 -27"><span class='ocrx_word' id='word_1_329' title='bbox 235 2362 342 2414; x_wconf 78' lang='grc' dir='ltr'><strong>γμα</strong></span> <span class='ocrx_word' id='word_1_330' title='bbox 369 2346 529 2400; x_wconf 72' lang='grc' dir='ltr'>τοῦτο</span> <span class='ocrx_word' id='word_1_331' title='bbox 578 2353 951 2419; x_wconf 81' lang='grc' dir='ltr'>πραγματεῖαι</span> <span class='ocrx_word' id='word_1_332' title='bbox 994 2351 1492 2422; x_wconf 80' lang='grc' dir='ltr'>καταναλώθησαν;</span> <span class='ocrx_word' id='word_1_333' title='bbox 1524 2352 1589 2403; x_wconf 82' lang='grc' dir='ltr'><strong>Αἱ</strong></span> <span class='ocrx_word' id='word_1_334' title='bbox 1636 2368 1822 2418; x_wconf 83' lang='grc' dir='ltr'>φυσιο-</span> 
     </span>
    </p>
   </div>
   <div class='ocr_carea' id='block_1_45' title="bbox 229 2435 1818 2516">
    <p class='ocr_par' dir='ltr' id='par_1_45' title="bbox 229 2435 1818 2516">
     <span class='ocr_line' id='line_1_45' title="bbox 229 2435 1818 2516; baseline 0.007 -29"><span class='ocrx_word' id='word_1_335' title='bbox 229 2435 405 2504; x_wconf 51' lang='lat' dir='ltr'><strong>leg/£1:</strong></span> <span class='ocrx_word' id='word_1_336' title='bbox 440 2440 552 2491; x_wconf 81' lang='grc' dir='ltr'>τῶν</span> <span class='ocrx_word' id='word_1_337' title='bbox 579 2443 794 2512; x_wconf 80' lang='grc' dir='ltr'>ἰατρῶν,</span> <span class='ocrx_word' id='word_1_338' title='bbox 819 2443 926 2496; x_wconf 83' lang='grc' dir='ltr'>τῶν</span> <span class='ocrx_word' id='word_1_339' title='bbox 947 2445 1271 2514; x_wconf 85' lang='grc' dir='ltr'>γυμναστῶν</span> <span class='ocrx_word' id='word_1_340' title='bbox 1300 2444 1357 2496; x_wconf 79' lang='grc' dir='ltr'>αἱ</span> <span class='ocrx_word' id='word_1_341' title='bbox 1385 2446 1818 2516; x_wconf 81' lang='grc' dir='ltr'>παρατηρήσεις,</span> 
     </span>
    </p>
   </div>
   <div class='ocr_carea' id='block_1_46' title="bbox 227 2528 1822 2608">
    <p class='ocr_par' dir='ltr' id='par_1_46' title="bbox 227 2528 1822 2608">
     <span class='ocr_line' id='line_1_46' title="bbox 227 2528 1822 2608; baseline 0.008 -31"><span class='ocrx_word' id='word_1_342' title='bbox 227 2528 261 2597; x_wconf 72' lang='lat'><strong>1&#39;;</strong></span> <span class='ocrx_word' id='word_1_343' title='bbox 291 2531 418 2596; x_wconf 77' lang='grc' dir='ltr'>περὶ</span> <span class='ocrx_word' id='word_1_344' title='bbox 462 2530 773 2600; x_wconf 82' lang='grc' dir='ltr'>ἀναλογίας,</span> <span class='ocrx_word' id='word_1_345' title='bbox 820 2535 852 2605; x_wconf 83' lang='grc' dir='ltr'>ἢ</span> <span class='ocrx_word' id='word_1_346' title='bbox 907 2537 1032 2604; x_wconf 75' lang='grc' dir='ltr'>περὶ</span> <span class='ocrx_word' id='word_1_347' title='bbox 1071 2536 1178 2589; x_wconf 85' lang='grc' dir='ltr'>τῶν</span> <span class='ocrx_word' id='word_1_348' title='bbox 1229 2536 1402 2607; x_wconf 83' lang='grc' dir='ltr'>μελῶν</span> <span class='ocrx_word' id='word_1_349' title='bbox 1439 2536 1577 2607; x_wconf 76' lang='grc' dir='ltr'>πρὸς</span> <span class='ocrx_word' id='word_1_350' title='bbox 1615 2536 1822 2608; x_wconf 80' lang='grc' dir='ltr'>ἄλληλα</span> 
     </span>
    </p>
   </div>
   <div class='ocr_carea' id='block_1_47' title="bbox 231 2623 1820 2699">
    <p class='ocr_par' dir='ltr' id='par_1_47' title="bbox 231 2623 1820 2699">
     <span class='ocr_line' id='line_1_47' title="bbox 231 2623 1820 2699; baseline 0.008 -31"><span class='ocrx_word' id='word_1_351' title='bbox 231 2623 595 2690; x_wconf 62' lang='grc' dir='ltr'>αδμμετρίας,</span> <span class='ocrx_word' id='word_1_352' title='bbox 620 2626 748 2694; x_wconf 74' lang='grc' dir='ltr'>περὶ</span> <span class='ocrx_word' id='word_1_353' title='bbox 772 2626 1009 2696; x_wconf 82' lang='grc' dir='ltr'>πλήθους</span> <span class='ocrx_word' id='word_1_354' title='bbox 1038 2627 1428 2699; x_wconf 82' lang='grc' dir='ltr'>πολυσαρκίας,</span> <span class='ocrx_word' id='word_1_355' title='bbox 1445 2627 1620 2682; x_wconf 77' lang='grc' dir='ltr'>ταῦτα</span> <span class='ocrx_word' id='word_1_356' title='bbox 1643 2628 1820 2682; x_wconf 75' lang='grc' dir='ltr'>πάντα</span> 
     </span>
    </p>
   </div>
   <div class='ocr_carea' id='block_1_48' title="bbox 231 2703 1818 2791">
    <p class='ocr_par' dir='ltr' id='par_1_48' title="bbox 231 2703 1818 2791">
     <span class='ocr_line' id='line_1_48' title="bbox 231 2703 1818 2791; baseline -0.001 -18"><span class='ocrx_word' id='word_1_357' title='bbox 231 2711 308 2773; x_wconf 67' lang='grc' dir='ltr'><strong>εἰς</strong></span> <span class='ocrx_word' id='word_1_358' title='bbox 338 2713 438 2782; x_wconf 75' lang='grc' dir='ltr'>τήν</span> <span class='ocrx_word' id='word_1_359' title='bbox 488 2715 618 2784; x_wconf 75' lang='grc' dir='ltr'>περὶ</span> <span class='ocrx_word' id='word_1_360' title='bbox 658 2716 945 2786; x_wconf 77' lang='grc' dir='ltr'>ἀνθρώπου</span> <span class='ocrx_word' id='word_1_361' title='bbox 989 2703 1274 2773; x_wconf 79' lang='grc' dir='ltr'>διάπλασιν</span> <span class='ocrx_word' id='word_1_362' title='bbox 1327 2721 1652 2791; x_wconf 78' lang='grc' dir='ltr'>εἰσέρχεται.</span> <span class='ocrx_word' id='word_1_363' title='bbox 1708 2719 1818 2772; x_wconf 76' lang='grc' dir='ltr'><strong>Καὶ</strong></span> 
     </span>
    </p>
   </div>
   <div class='ocr_carea' id='block_1_49' title="bbox 232 2801 1818 2883">
    <p class='ocr_par' dir='ltr' id='par_1_49' title="bbox 232 2801 1818 2883">
     <span class='ocr_line' id='line_1_49' title="bbox 232 2801 1818 2883; baseline 0.005 -29"><span class='ocrx_word' id='word_1_364' title='bbox 232 2801 390 2855; x_wconf 68' lang='grc' dir='ltr'>πόθεν</span> <span class='ocrx_word' id='word_1_365' title='bbox 417 2806 542 2874; x_wconf 83' lang='grc' dir='ltr'>ἐμοὶ</span> <span class='ocrx_word' id='word_1_366' title='bbox 573 2809 601 2858; x_wconf 83' lang='lat'><strong>6</strong></span> <span class='ocrx_word' id='word_1_367' title='bbox 623 2807 781 2876; x_wconf 83' lang='grc' dir='ltr'>λόγος</span> <span class='ocrx_word' id='word_1_368' title='bbox 816 2810 1096 2876; x_wconf 79' lang='grc' dir='ltr'>τοσοῦτος,</span> <span class='ocrx_word' id='word_1_369' title='bbox 1139 2811 1280 2865; x_wconf 85' lang='grc' dir='ltr'>ὥστε</span> <span class='ocrx_word' id='word_1_370' title='bbox 1325 2811 1612 2883; x_wconf 71' lang='grc' dir='ltr'>δυνηθῆναί</span> <span class='ocrx_word' id='word_1_371' title='bbox 1641 2825 1713 2880; x_wconf 79' lang='grc' dir='ltr'><strong>’με</strong></span> <span class='ocrx_word' id='word_1_372' title='bbox 1741 2810 1818 2862; x_wconf 79' lang='grc' dir='ltr'><strong>εἰ-</strong></span> 
     </span>
    </p>
   </div>
   <div class='ocr_carea' id='block_1_50' title="bbox 234 2896 1818 2981">
    <p class='ocr_par' dir='ltr' id='par_1_50' title="bbox 234 2896 1818 2981">
     <span class='ocr_line' id='line_1_50' title="bbox 234 2896 1818 2981; baseline 0.007 -38"><span class='ocrx_word' id='word_1_373' title='bbox 234 2896 346 2945; x_wconf 79' lang='grc' dir='ltr'>πεῖν</span> <span class='ocrx_word' id='word_1_374' title='bbox 371 2897 513 2964; x_wconf 83' lang='grc' dir='ltr'><strong>μετά</strong></span> <span class='ocrx_word' id='word_1_375' title='bbox 529 2899 812 2970; x_wconf 77' lang='grc' dir='ltr'>ἀκριϐείας</span> <span class='ocrx_word' id='word_1_376' title='bbox 835 2902 933 2954; x_wconf 86' lang='grc' dir='ltr'>ὅσα</span> <span class='ocrx_word' id='word_1_377' title='bbox 951 2905 1007 2957; x_wconf 83' lang='grc' dir='ltr'>ὲν</span> <span class='ocrx_word' id='word_1_378' title='bbox 1027 2905 1126 2974; x_wconf 82' lang='grc' dir='ltr'><strong>μιᾷ</strong></span> <span class='ocrx_word' id='word_1_379' title='bbox 1143 2907 1292 2981; x_wconf 78' lang='grc' dir='ltr'>φωνῇ</span> <span class='ocrx_word' id='word_1_380' title='bbox 1310 2903 1404 2956; x_wconf 82' lang='grc' dir='ltr'>τοῦ</span> <span class='ocrx_word' id='word_1_381' title='bbox 1421 2903 1652 2956; x_wconf 78' lang='grc' dir='ltr'>ἔπλασε</span> <span class='ocrx_word' id='word_1_382' title='bbox 1668 2917 1818 2972; x_wconf 83' lang='grc' dir='ltr'>περι-</span> 
     </span>
    </p>
   </div>
   <div class='ocr_carea' id='block_1_51' title="bbox 233 2984 1752 3065">
    <p class='ocr_par' dir='ltr' id='par_1_51' title="bbox 233 2984 1752 3065">
     <span class='ocr_line' id='line_1_51' title="bbox 233 2984 1752 3065; baseline 0.005 -30"><span class='ocrx_word' id='word_1_383' title='bbox 233 2984 404 3052; x_wconf 72' lang='grc' dir='ltr'>ἐχεται</span> <span class='ocrx_word' id='word_1_384' title='bbox 431 3005 446 3051; x_wconf 90' lang='grc'><strong>;</strong></span> <span class='ocrx_word' id='word_1_385' title='bbox 477 2987 556 3040; x_wconf 80' lang='grc' dir='ltr'>Τὰ</span> <span class='ocrx_word' id='word_1_386' title='bbox 584 2988 641 3040; x_wconf 81' lang='grc' dir='ltr'>δὲ</span> <span class='ocrx_word' id='word_1_387' title='bbox 665 2991 928 3062; x_wconf 86' lang='grc' dir='ltr'>πρόχειρα</span> <span class='ocrx_word' id='word_1_388' title='bbox 949 2992 1051 3046; x_wconf 85' lang='grc' dir='ltr'>κᾶν</span> <span class='ocrx_word' id='word_1_389' title='bbox 1073 2994 1183 3062; x_wconf 73' lang='grc' dir='ltr'><strong>ἐγὼ</strong></span> <span class='ocrx_word' id='word_1_390' title='bbox 1207 2994 1283 3065; x_wconf 83' lang='grc' dir='ltr'>μὴ</span> <span class='ocrx_word' id='word_1_391' title='bbox 1309 2995 1463 3058; x_wconf 77' lang='grc' dir='ltr'>εἴπω,</span> <span class='ocrx_word' id='word_1_392' title='bbox 1492 2993 1555 3045; x_wconf 83' lang='grc' dir='ltr'>σὺ</span> <span class='ocrx_word' id='word_1_393' title='bbox 1585 2987 1752 3054; x_wconf 84' lang='grc' dir='ltr'>οἶδας.</span> 
     </span>
    </p>
   </div>
   <div class='ocr_carea' id='block_1_52' title="bbox 1933 1630 3508 1712">
    <p class='ocr_par' dir='ltr' id='par_1_52' title="bbox 1933 1630 3508 1712">
     <span class='ocr_line' id='line_1_52' title="bbox 1933 1630 3508 1712; baseline 0.018 -32"><span class='ocrx_word' id='word_1_394' title='bbox 1933 1630 2036 1683; x_wconf 90' lang='lat' dir='ltr'><strong>arti</strong></span> <span class='ocrx_word' id='word_1_395' title='bbox 2073 1645 2400 1689; x_wconf 83' lang='lat' dir='ltr'><strong>concessum</strong></span> <span class='ocrx_word' id='word_1_396' title='bbox 2437 1650 2539 1694; x_wconf 89' lang='lat' dir='ltr'><strong>est.</strong></span> <span class='ocrx_word' id='word_1_397' title='bbox 2573 1643 2641 1694; x_wconf 89' lang='lat' dir='ltr'><strong>At</strong></span> <span class='ocrx_word' id='word_1_398' title='bbox 2676 1658 2813 1712; x_wconf 79' lang='lat' dir='ltr'><strong>Opus</strong></span> <span class='ocrx_word' id='word_1_399' title='bbox 2857 1645 3146 1702; x_wconf 79' lang='lat' dir='ltr'><strong>formatum</strong></span> <span class='ocrx_word' id='word_1_400' title='bbox 3182 1666 3211 1703; x_wconf 93' lang='lat' dir='ltr'><strong>a</strong></span> <span class='ocrx_word' id='word_1_401' title='bbox 3251 1653 3362 1706; x_wconf 89' lang='lat' dir='ltr'><strong>Deo</strong></span> <span class='ocrx_word' id='word_1_402' title='bbox 3400 1670 3508 1710; x_wconf 92' lang='lat' dir='ltr'><strong>non</strong></span> 
     </span>
    </p>
   </div>
   <div class='ocr_carea' id='block_1_53' title="bbox 1931 1723 3506 1806">
    <p class='ocr_par' dir='ltr' id='par_1_53' title="bbox 1931 1723 3506 1806">
     <span class='ocr_line' id='line_1_53' title="bbox 1931 1723 3506 1806; baseline 0.018 -34"><span class='ocrx_word' id='word_1_403' title='bbox 1931 1728 2014 1774; x_wconf 91' lang='lat' dir='ltr'><strong>est</strong></span> <span class='ocrx_word' id='word_1_404' title='bbox 2043 1723 2333 1790; x_wconf 77' lang='lat' dir='ltr'><strong>ejusmodi.</strong></span> <span class='ocrx_word' id='word_1_405' title='bbox 2372 1727 2462 1783; x_wconf 90' lang='lat' dir='ltr'><strong>Sic</strong></span> <span class='ocrx_word' id='word_1_406' title='bbox 2493 1733 2636 1785; x_wconf 92' lang='lat' dir='ltr'><strong>enim</strong></span> <span class='ocrx_word' id='word_1_407' title='bbox 2673 1733 2946 1791; x_wconf 82' lang='lat' dir='ltr'><strong>hominem</strong></span> <span class='ocrx_word' id='word_1_408' title='bbox 2981 1740 3266 1806; x_wconf 74' lang='lat' dir='ltr'><strong>conflavit,</strong></span> <span class='ocrx_word' id='word_1_409' title='bbox 3297 1753 3356 1797; x_wconf 86' lang='lat' dir='ltr'><strong>ut</strong></span> <span class='ocrx_word' id='word_1_410' title='bbox 3385 1762 3506 1800; x_wconf 92' lang='lat' dir='ltr'><strong>om-</strong></span> 
     </span>
    </p>
   </div>
   <div class='ocr_carea' id='block_1_54' title="bbox 1930 1813 3506 1902">
    <p class='ocr_par' dir='ltr' id='par_1_54' title="bbox 1930 1813 3506 1902">
     <span class='ocr_line' id='line_1_54' title="bbox 1930 1813 3506 1902; baseline 0.017 -40"><span class='ocrx_word' id='word_1_411' title='bbox 1930 1826 2029 1864; x_wconf 88' lang='lat' dir='ltr'><strong>nes</strong></span> <span class='ocrx_word' id='word_1_412' title='bbox 2067 1813 2214 1868; x_wconf 86' lang='lat' dir='ltr'><strong>illius</strong></span> <span class='ocrx_word' id='word_1_413' title='bbox 2244 1826 2430 1885; x_wconf 87' lang='lat' dir='ltr'><strong>partes</strong></span> <span class='ocrx_word' id='word_1_414' title='bbox 2459 1821 2608 1877; x_wconf 85' lang='lat' dir='ltr'><strong>intus</strong></span> <span class='ocrx_word' id='word_1_415' title='bbox 2640 1825 2802 1878; x_wconf 87' lang='lat' dir='ltr'><strong>etiam</strong></span> <span class='ocrx_word' id='word_1_416' title='bbox 2837 1827 3190 1894; x_wconf 87' lang='lat' dir='ltr'><strong>informaret,</strong></span> <span class='ocrx_word' id='word_1_417' title='bbox 3231 1842 3392 1902; x_wconf 82' lang='lat' dir='ltr'><strong>atque</strong></span> <span class='ocrx_word' id='word_1_418' title='bbox 3423 1835 3506 1888; x_wconf 91' lang='lat' dir='ltr'><strong>di-</strong></span> 
     </span>
    </p>
   </div>
   <div class='ocr_carea' id='block_1_55' title="bbox 1930 1904 3502 1993">
    <p class='ocr_par' dir='ltr' id='par_1_55' title="bbox 1930 1904 3502 1993">
     <span class='ocr_line' id='line_1_55' title="bbox 1930 1904 3502 1993; baseline 0.015 -36"><span class='ocrx_word' id='word_1_419' title='bbox 1930 1904 2254 1974; x_wconf 85' lang='lat' dir='ltr'><strong>stingueret.</strong></span> <span class='ocrx_word' id='word_1_420' title='bbox 2285 1909 2340 1963; x_wconf 90' lang='lat' dir='ltr'><strong>Si</strong></span> <span class='ocrx_word' id='word_1_421' title='bbox 2371 1917 2582 1966; x_wconf 85' lang='lat' dir='ltr'><strong>tantum</strong></span> <span class='ocrx_word' id='word_1_422' title='bbox 2616 1924 2931 1986; x_wconf 85' lang='lat' dir='ltr'><strong>suppeteret</strong></span> <span class='ocrx_word' id='word_1_423' title='bbox 2955 1921 3124 1974; x_wconf 86' lang='lat' dir='ltr'><strong>otium</strong></span> <span class='ocrx_word' id='word_1_424' title='bbox 3145 1964 3158 1988; x_wconf 94' lang='lat'><strong>,</strong></span> <span class='ocrx_word' id='word_1_425' title='bbox 3192 1931 3248 1976; x_wconf 89' lang='lat' dir='ltr'><strong>ut</strong></span> <span class='ocrx_word' id='word_1_426' title='bbox 3288 1940 3502 1993; x_wconf 87' lang='lat' dir='ltr'><strong>possem</strong></span> 
     </span>
    </p>
   </div>
   <div class='ocr_carea' id='block_1_56' title="bbox 1928 1993 3502 2084">
    <p class='ocr_par' dir='ltr' id='par_1_56' title="bbox 1928 1993 3502 2084">
     <span class='ocr_line' id='line_1_56' title="bbox 1928 1993 3502 2084; baseline 0.014 -38"><span class='ocrx_word' id='word_1_427' title='bbox 1928 1993 2027 2048; x_wconf 84' lang='lat' dir='ltr'><strong>tibi</strong></span> <span class='ocrx_word' id='word_1_428' title='bbox 2075 1997 2299 2053; x_wconf 89' lang='lat' dir='ltr'><strong>humani</strong></span> <span class='ocrx_word' id='word_1_429' title='bbox 2336 2005 2585 2071; x_wconf 88' lang='lat' dir='ltr'><strong>corporis</strong></span> <span class='ocrx_word' id='word_1_430' title='bbox 2626 2005 2887 2060; x_wconf 16' lang='lat' dir='ltr'><strong>fttbricam</strong></span> <span class='ocrx_word' id='word_1_431' title='bbox 2933 2011 3241 2079; x_wconf 80' lang='lat' dir='ltr'><strong>explicare,</strong></span> <span class='ocrx_word' id='word_1_432' title='bbox 3281 2029 3502 2084; x_wconf 82' lang='lat' dir='ltr'><strong>operam</strong></span> 
     </span>
    </p>
   </div>
   <div class='ocr_carea' id='block_1_57' title="bbox 1927 2085 3506 2168">
    <p class='ocr_par' dir='ltr' id='par_1_57' title="bbox 1927 2085 3506 2168">
     <span class='ocr_line' id='line_1_57' title="bbox 1927 2085 3506 2168; baseline 0.013 -30"><span class='ocrx_word' id='word_1_433' title='bbox 1927 2085 2111 2141; x_wconf 90' lang='lat' dir='ltr'><strong>darem</strong></span> <span class='ocrx_word' id='word_1_434' title='bbox 2135 2131 2149 2154; x_wconf 94' lang='lat'><strong>,</strong></span> <span class='ocrx_word' id='word_1_435' title='bbox 2184 2097 2242 2144; x_wconf 93' lang='grc' dir='ltr'><strong>ιιι</strong></span> <span class='ocrx_word' id='word_1_436' title='bbox 2269 2106 2335 2145; x_wconf 85' lang='lat' dir='ltr'><strong>ex</strong></span> <span class='ocrx_word' id='word_1_437' title='bbox 2371 2101 2423 2147; x_wconf 96' lang='lat' dir='ltr'><strong>te</strong></span> <span class='ocrx_word' id='word_1_438' title='bbox 2453 2095 2569 2163; x_wconf 88' lang='lat' dir='ltr'><strong>ipso</strong></span> <span class='ocrx_word' id='word_1_439' title='bbox 2595 2095 2685 2151; x_wconf 91' lang='lat' dir='ltr'><strong>Dei</strong></span> <span class='ocrx_word' id='word_1_440' title='bbox 2719 2099 3038 2168; x_wconf 79' lang='lat' dir='ltr'><strong>sapientiam</strong></span> <span class='ocrx_word' id='word_1_441' title='bbox 3065 2104 3119 2155; x_wconf 92' lang='lat' dir='ltr'><strong>in</strong></span> <span class='ocrx_word' id='word_1_442' title='bbox 3147 2106 3362 2159; x_wconf 86' lang='lat' dir='ltr'><strong>homine</strong></span> <span class='ocrx_word' id='word_1_443' title='bbox 3394 2105 3506 2159; x_wconf 89' lang='lat' dir='ltr'><strong>for-</strong></span> 
     </span>
    </p>
   </div>
   <div class='ocr_carea' id='block_1_58' title="bbox 1925 2179 3503 2260">
    <p class='ocr_par' dir='ltr' id='par_1_58' title="bbox 1925 2179 3503 2260">
     <span class='ocr_line' id='line_1_58' title="bbox 1925 2179 3503 2260; baseline 0.013 -31"><span class='ocrx_word' id='word_1_444' title='bbox 1925 2179 2126 2231; x_wconf 89' lang='lat' dir='ltr'><strong>mando</strong></span> <span class='ocrx_word' id='word_1_445' title='bbox 2161 2195 2523 2251; x_wconf 81' lang='lat' dir='ltr'><strong>cognosceres</strong></span> <span class='ocrx_word' id='word_1_446' title='bbox 2544 2225 2558 2249; x_wconf 94' lang='lat'><strong>,</strong></span> <span class='ocrx_word' id='word_1_447' title='bbox 2587 2195 2747 2257; x_wconf 86' lang='lat' dir='ltr'><strong>teque</strong></span> <span class='ocrx_word' id='word_1_448' title='bbox 2773 2205 2900 2244; x_wconf 88' lang='lat' dir='ltr'><strong>vere</strong></span> <span class='ocrx_word' id='word_1_449' title='bbox 2939 2207 3164 2260; x_wconf 81' lang='lat' dir='ltr'><strong>parvum</strong></span> <span class='ocrx_word' id='word_1_450' title='bbox 3193 2210 3314 2249; x_wconf 88' lang='lat' dir='ltr'><strong>esse</strong></span> <span class='ocrx_word' id='word_1_451' title='bbox 3341 2211 3503 2249; x_wconf 90' lang='lat' dir='ltr'><strong>mun-</strong></span> 
     </span>
    </p>
   </div>
   <div class='ocr_carea' id='block_1_59' title="bbox 1925 2265 3503 2351">
    <p class='ocr_par' dir='ltr' id='par_1_59' title="bbox 1925 2265 3503 2351">
     <span class='ocr_line' id='line_1_59' title="bbox 1925 2265 3503 2351; baseline 0.015 -34"><span class='ocrx_word' id='word_1_452' title='bbox 1925 2265 2052 2319; x_wconf 90' lang='lat' dir='ltr'><strong>dum</strong></span> <span class='ocrx_word' id='word_1_453' title='bbox 2079 2268 2430 2340; x_wconf 80' lang='lat' dir='ltr'><strong>intelligeres.</strong></span> <span class='ocrx_word' id='word_1_454' title='bbox 2455 2273 2565 2328; x_wconf 85' lang='lat' dir='ltr'><strong>Nec</strong></span> <span class='ocrx_word' id='word_1_455' title='bbox 2587 2279 2725 2331; x_wconf 84' lang='lat' dir='ltr'><strong>male</strong></span> <span class='ocrx_word' id='word_1_456' title='bbox 2749 2276 2991 2332; x_wconf 89' lang='lat' dir='ltr'><strong>fecerunt</strong></span> <span class='ocrx_word' id='word_1_457' title='bbox 3014 2321 3026 2342; x_wconf 93' lang='lat'><strong>,</strong></span> <span class='ocrx_word' id='word_1_458' title='bbox 3047 2283 3136 2351; x_wconf 91' lang='lat' dir='ltr'><strong>qui</strong></span> <span class='ocrx_word' id='word_1_459' title='bbox 3162 2283 3262 2336; x_wconf 84' lang='lat' dir='ltr'><strong>hoc</strong></span> <span class='ocrx_word' id='word_1_460' title='bbox 3285 2285 3503 2340; x_wconf 88' lang='lat' dir='ltr'><strong>nomine</strong></span> 
     </span>
    </p>
   </div>
   <div class='ocr_carea' id='block_1_60' title="bbox 1925 2355 3494 2442">
    <p class='ocr_par' dir='ltr' id='par_1_60' title="bbox 1925 2355 3494 2442">
     <span class='ocr_line' id='line_1_60' title="bbox 1925 2355 3494 2442; baseline 0.012 -34"><span class='ocrx_word' id='word_1_461' title='bbox 1925 2355 2198 2412; x_wconf 87' lang='lat' dir='ltr'><strong>hominem</strong></span> <span class='ocrx_word' id='word_1_462' title='bbox 2235 2363 2775 2419; x_wconf 88' lang='lat' dir='ltr'><strong>commendaverunt.</strong></span> <span class='ocrx_word' id='word_1_463' title='bbox 2819 2367 3002 2421; x_wconf 76' lang='lat' dir='ltr'><strong>Multae</strong></span> <span class='ocrx_word' id='word_1_464' title='bbox 3040 2371 3092 2422; x_wconf 92' lang='lat' dir='ltr'><strong>in</strong></span> <span class='ocrx_word' id='word_1_465' title='bbox 3134 2371 3235 2424; x_wconf 85' lang='lat' dir='ltr'><strong>hoc</strong></span> <span class='ocrx_word' id='word_1_466' title='bbox 3273 2375 3494 2442; x_wconf 81' lang='lat' dir='ltr'><strong>negotio</strong></span> 
     </span>
    </p>
   </div>
   <div class='ocr_carea' id='block_1_61' title="bbox 1925 2445 3500 2519">
    <p class='ocr_par' dir='ltr' id='par_1_61' title="bbox 1925 2445 3500 2519">
     <span class='ocr_line' id='line_1_61' title="bbox 1925 2445 3500 2519; baseline 0.014 -23"><span class='ocrx_word' id='word_1_467' title='bbox 1925 2451 2050 2498; x_wconf 75' lang='lat' dir='ltr'><strong>tota:</strong></span> <span class='ocrx_word' id='word_1_468' title='bbox 2088 2445 2199 2502; x_wconf 90' lang='lat' dir='ltr'><strong>fere</strong></span> <span class='ocrx_word' id='word_1_469' title='bbox 2231 2459 2524 2504; x_wconf 86' lang='lat' dir='ltr'><strong>versantur</strong></span> <span class='ocrx_word' id='word_1_470' title='bbox 2554 2462 2730 2519; x_wconf 87' lang='lat' dir='ltr'><strong>artes,</strong></span> <span class='ocrx_word' id='word_1_471' title='bbox 2765 2467 2824 2509; x_wconf 90' lang='grc' dir='ltr'><strong>ιιι</strong></span> <span class='ocrx_word' id='word_1_472' title='bbox 2853 2460 3134 2514; x_wconf 88' lang='lat' dir='ltr'><strong>naturales</strong></span> <span class='ocrx_word' id='word_1_473' title='bbox 3165 2461 3500 2518; x_wconf 81' lang='lat' dir='ltr'><strong>medicorum</strong></span> 
     </span>
    </p>
   </div>
   <div class='ocr_carea' id='block_1_62' title="bbox 1925 2533 3502 2621">
    <p class='ocr_par' dir='ltr' id='par_1_62' title="bbox 1925 2533 3502 2621">
     <span class='ocr_line' id='line_1_62' title="bbox 1925 2533 3502 2621; baseline 0.015 -36"><span class='ocrx_word' id='word_1_474' title='bbox 1925 2533 2247 2602; x_wconf 79' lang='lat' dir='ltr'><strong>facultates,</strong></span> <span class='ocrx_word' id='word_1_475' title='bbox 2281 2548 2339 2592; x_wconf 93' lang='lat' dir='ltr'><strong>ut</strong></span> <span class='ocrx_word' id='word_1_476' title='bbox 2369 2553 2780 2610; x_wconf 84' lang='lat' dir='ltr'><strong>gymnastarum</strong></span> <span class='ocrx_word' id='word_1_477' title='bbox 2808 2547 3252 2611; x_wconf 80' lang='lat' dir='ltr'><strong>observationes,</strong></span> <span class='ocrx_word' id='word_1_478' title='bbox 3284 2569 3402 2621; x_wconf 69' lang='lat' dir='ltr'><strong>quae</strong></span> <span class='ocrx_word' id='word_1_479' title='bbox 3435 2555 3502 2608; x_wconf 90' lang='lat' dir='ltr'><strong>de</strong></span> 
     </span>
    </p>
   </div>
   <div class='ocr_carea' id='block_1_63' title="bbox 1921 2629 3500 2704">
    <p class='ocr_par' dir='ltr' id='par_1_63' title="bbox 1921 2629 3500 2704">
     <span class='ocr_line' id='line_1_63' title="bbox 1921 2629 3500 2704; baseline 0.012 -26"><span class='ocrx_word' id='word_1_480' title='bbox 1921 2629 2280 2696; x_wconf 82' lang='lat' dir='ltr'><strong>proportione</strong></span> <span class='ocrx_word' id='word_1_481' title='bbox 2302 2671 2317 2696; x_wconf 94' lang='lat'><strong>,</strong></span> <span class='ocrx_word' id='word_1_482' title='bbox 2357 2647 2711 2704; x_wconf 81' lang='lat' dir='ltr'><strong>congruaqne</strong></span> <span class='ocrx_word' id='word_1_483' title='bbox 2741 2639 3111 2692; x_wconf 86' lang='lat' dir='ltr'><strong>membrorum</strong></span> <span class='ocrx_word' id='word_1_484' title='bbox 3146 2642 3288 2695; x_wconf 89' lang='lat' dir='ltr'><strong>inter</strong></span> <span class='ocrx_word' id='word_1_485' title='bbox 3321 2659 3379 2696; x_wconf 90' lang='lat' dir='ltr'><strong>se</strong></span> <span class='ocrx_word' id='word_1_486' title='bbox 3413 2645 3500 2696; x_wconf 89' lang='lat' dir='ltr'><strong>di-</strong></span> 
     </span>
    </p>
   </div>
   <div class='ocr_carea' id='block_1_64' title="bbox 1920 2720 3498 2804">
    <p class='ocr_par' dir='ltr' id='par_1_64' title="bbox 1920 2720 3498 2804">
     <span class='ocr_line' id='line_1_64' title="bbox 1920 2720 3498 2804; baseline 0.013 -34"><span class='ocrx_word' id='word_1_487' title='bbox 1920 2720 2238 2782; x_wconf 89' lang='lat' dir='ltr'><strong>mensione,</strong></span> <span class='ocrx_word' id='word_1_488' title='bbox 2267 2730 2360 2774; x_wconf 88' lang='lat' dir='ltr'><strong>aut</strong></span> <span class='ocrx_word' id='word_1_489' title='bbox 2382 2726 2575 2794; x_wconf 68' lang='lat' dir='ltr'><strong>mquali</strong></span> <span class='ocrx_word' id='word_1_490' title='bbox 2612 2726 2901 2781; x_wconf 84' lang='lat' dir='ltr'><strong>humerum</strong></span> <span class='ocrx_word' id='word_1_491' title='bbox 2936 2733 3092 2804; x_wconf 84' lang='lat' dir='ltr'><strong>copia</strong></span> <span class='ocrx_word' id='word_1_492' title='bbox 3115 2771 3130 2793; x_wconf 91' lang='lat'><strong>,</strong></span> <span class='ocrx_word' id='word_1_493' title='bbox 3165 2741 3217 2786; x_wconf 85' lang='lat' dir='ltr'><strong>et</strong></span> <span class='ocrx_word' id='word_1_494' title='bbox 3247 2736 3498 2804; x_wconf 88' lang='lat' dir='ltr'><strong>corporis</strong></span> 
     </span>
    </p>
   </div>
   <div class='ocr_carea' id='block_1_65' title="bbox 1921 2802 3496 2896">
    <p class='ocr_par' dir='ltr' id='par_1_65' title="bbox 1921 2802 3496 2896">
     <span class='ocr_line' id='line_1_65' title="bbox 1921 2802 3496 2896; baseline 0.011 -33"><span class='ocrx_word' id='word_1_495' title='bbox 1921 2809 2188 2866; x_wconf 82' lang='lat' dir='ltr'><strong>obesitate</strong></span> <span class='ocrx_word' id='word_1_496' title='bbox 2234 2813 2538 2884; x_wconf 87' lang='lat' dir='ltr'><strong>disputant.</strong></span> <span class='ocrx_word' id='word_1_497' title='bbox 2591 2815 2684 2872; x_wconf 69' lang='lat' dir='ltr'><strong>Hae</strong></span> <span class='ocrx_word' id='word_1_498' title='bbox 2734 2802 2986 2890; x_wconf 37' lang='lat' dir='ltr'><strong>namque.</strong></span> <span class='ocrx_word' id='word_1_499' title='bbox 3013 2838 3203 2878; x_wconf 88' lang='lat' dir='ltr'><strong>omnes</strong></span> <span class='ocrx_word' id='word_1_500' title='bbox 3247 2802 3496 2896; x_wconf 83' lang='lat' dir='ltr'><strong>corporis</strong></span> 
     </span>
    </p>
   </div>
   <div class='ocr_carea' id='block_1_66' title="bbox 1921 2901 3495 2971">
    <p class='ocr_par' dir='ltr' id='par_1_66' title="bbox 1921 2901 3495 2971">
     <span class='ocr_line' id='line_1_66' title="bbox 1921 2901 3495 2971; baseline 0.012 -19"><span class='ocrx_word' id='word_1_501' title='bbox 1921 2901 2096 2954; x_wconf 88' lang='lat' dir='ltr'><strong>nostri</strong></span> <span class='ocrx_word' id='word_1_502' title='bbox 2145 2903 2497 2960; x_wconf 89' lang='lat' dir='ltr'><strong>considerant</strong></span> <span class='ocrx_word' id='word_1_503' title='bbox 2546 2907 2864 2963; x_wconf 78' lang='lat' dir='ltr'><strong>artificium.</strong></span> <span class='ocrx_word' id='word_1_504' title='bbox 2924 2909 3077 2966; x_wconf 89' lang='lat' dir='ltr'><strong>Unde</strong></span> <span class='ocrx_word' id='word_1_505' title='bbox 3130 2926 3308 2969; x_wconf 88' lang='lat' dir='ltr'><strong>autem</strong></span> <span class='ocrx_word' id='word_1_506' title='bbox 3363 2918 3495 2971; x_wconf 85' lang='lat' dir='ltr'><strong>mihi</strong></span> 
     </span>
    </p>
   </div>
   <div class='ocr_carea' id='block_1_67' title="bbox 1921 2992 3498 3076">
    <p class='ocr_par' dir='ltr' id='par_1_67' title="bbox 1921 2992 3498 3076">
     <span class='ocr_line' id='line_1_67' title="bbox 1921 2992 3498 3076; baseline 0.012 -32"><span class='ocrx_word' id='word_1_507' title='bbox 1921 2996 2073 3044; x_wconf 81' lang='lat' dir='ltr'><strong>tanta</strong></span> <span class='ocrx_word' id='word_1_508' title='bbox 2114 2992 2332 3047; x_wconf 89' lang='lat' dir='ltr'><strong>dicendi</strong></span> <span class='ocrx_word' id='word_1_509' title='bbox 2382 2994 2466 3050; x_wconf 85' lang='lat' dir='ltr'><strong>vis</strong></span> <span class='ocrx_word' id='word_1_510' title='bbox 2507 3003 2562 3050; x_wconf 85' lang='lat' dir='ltr'><strong>et.</strong></span> <span class='ocrx_word' id='word_1_511' title='bbox 2610 2997 2830 3054; x_wconf 88' lang='lat' dir='ltr'><strong>ubertas</strong></span> <span class='ocrx_word' id='word_1_512' title='bbox 2879 3003 3177 3068; x_wconf 87' lang='lat' dir='ltr'><strong>orationis,-</strong></span> <span class='ocrx_word' id='word_1_513' title='bbox 3231 3015 3287 3056; x_wconf 92' lang='lat' dir='ltr'><strong>nt</strong></span> <span class='ocrx_word' id='word_1_514' title='bbox 3339 3007 3498 3076; x_wconf 82' lang='lat' dir='ltr'><strong>plane</strong></span> 
     </span>
    </p>
   </div>
   <div class='ocr_carea' id='block_1_68' title="bbox 235 3077 3493 3167">
    <p class='ocr_par' dir='ltr' id='par_1_68' title="bbox 235 3077 3493 3167">
     <span class='ocr_line' id='line_1_68' title="bbox 235 3077 3493 3167; baseline 0.006 -32"><span class='ocrx_word' id='word_1_515' title='bbox 235 3081 432 3148; x_wconf 79' lang='lat' dir='ltr'><strong>possim</strong></span> <span class='ocrx_word' id='word_1_516' title='bbox 470 3083 784 3151; x_wconf 76' lang='lat' dir='ltr'><strong>explicare,</strong></span> <span class='ocrx_word' id='word_1_517' title='bbox 817 3100 981 3154; x_wconf 89' lang='lat' dir='ltr'><strong>quam</strong></span> <span class='ocrx_word' id='word_1_518' title='bbox 1013 3087 1182 3141; x_wconf 84' lang='lat' dir='ltr'><strong>multa</strong></span> <span class='ocrx_word' id='word_1_519' title='bbox 1213 3088 1376 3142; x_wconf 89' lang='lat' dir='ltr'><strong>unico</strong></span> <span class='ocrx_word' id='word_1_520' title='bbox 1405 3087 1498 3140; x_wconf 92' lang='lat' dir='ltr'><strong>illo</strong></span> <span class='ocrx_word' id='word_1_521' title='bbox 1528 3085 1695 3140; x_wconf 89' lang='lat' dir='ltr'><strong>verbo</strong></span> <span class='ocrx_word' id='word_1_522' title='bbox 1719 3121 1735 3146; x_wconf 90' lang='lat'><strong>,</strong></span> <span class='ocrx_word' id='word_1_523' title='bbox 1773 3077 2070 3147; x_wconf 85' lang='lat' dir='ltr'><strong>Formavit,</strong></span> <span class='ocrx_word' id='word_1_524' title='bbox 2109 3085 2696 3155; x_wconf 85' lang='lat' dir='ltr'><strong>comprehendantur?</strong></span> <span class='ocrx_word' id='word_1_525' title='bbox 2738 3088 2874 3144; x_wconf 87' lang='lat' dir='ltr'><strong>Nam</strong></span> <span class='ocrx_word' id='word_1_526' title='bbox 2907 3108 3028 3162; x_wconf 67' lang='lat' dir='ltr'><strong>quae</strong></span> <span class='ocrx_word' id='word_1_527' title='bbox 3061 3095 3305 3150; x_wconf 89' lang='lat' dir='ltr'><strong>faciliora</strong></span> <span class='ocrx_word' id='word_1_528' title='bbox 3330 3106 3493 3167; x_wconf 85' lang='lat' dir='ltr'><strong>sunt,</strong></span> 
     </span>
    </p>
   </div>
   <div class='ocr_carea' id='block_1_69' title="bbox 230 3173 1608 3252">
    <p class='ocr_par' dir='ltr' id='par_1_69' title="bbox 230 3173 1608 3252">
     <span class='ocr_line' id='line_1_69' title="bbox 230 3173 1608 3252; baseline 0.007 -28"><span class='ocrx_word' id='word_1_529' title='bbox 230 3173 353 3225; x_wconf 80' lang='lat' dir='ltr'><strong>etin</strong></span> <span class='ocrx_word' id='word_1_530' title='bbox 386 3185 638 3244; x_wconf 87' lang='lat' dir='ltr'><strong>promptu</strong></span> <span class='ocrx_word' id='word_1_531' title='bbox 661 3219 676 3240; x_wconf 88' lang='lat'><strong>,</strong></span> <span class='ocrx_word' id='word_1_532' title='bbox 701 3179 866 3232; x_wconf 90' lang='lat' dir='ltr'><strong>etiam</strong></span> <span class='ocrx_word' id='word_1_533' title='bbox 896 3181 992 3235; x_wconf 86' lang='lat' dir='ltr'><strong>me‘</strong></span> <span class='ocrx_word' id='word_1_534' title='bbox 1009 3189 1225 3236; x_wconf 89' lang='lat' dir='ltr'><strong>tacente</strong></span> <span class='ocrx_word' id='word_1_535' title='bbox 1255 3180 1608 3252; x_wconf 77' lang='lat' dir='ltr'><strong>cognoscitis.</strong></span> 
     </span>
    </p>
   </div>
   <div class='ocr_carea' id='block_1_70' title="bbox 302 3265 1811 3345">
    <p class='ocr_par' dir='ltr' id='par_1_70' title="bbox 302 3265 1811 3345">
     <span class='ocr_line' id='line_1_70' title="bbox 302 3265 1811 3345; baseline 0.006 -28"><span class='ocrx_word' id='word_1_536' title='bbox 302 3265 575 3320; x_wconf 79' lang='grc' dir='ltr'>Ἕπλασεν</span> <span class='ocrx_word' id='word_1_537' title='bbox 621 3269 652 3319; x_wconf 84' lang='grc' dir='ltr'><strong>ό</strong></span> <span class='ocrx_word' id='word_1_538' title='bbox 708 3269 840 3334; x_wconf 79' lang='grc' dir='ltr'>Θεὸς</span> <span class='ocrx_word' id='word_1_539' title='bbox 893 3271 1077 3342; x_wconf 74' lang='grc' dir='ltr'>ὸρθόψ</span> <span class='ocrx_word' id='word_1_540' title='bbox 1136 3273 1412 3345; x_wconf 80' lang='grc' dir='ltr'>ἐξαίρετον</span> <span class='ocrx_word' id='word_1_541' title='bbox 1469 3273 1675 3344; x_wconf 78' lang='grc' dir='ltr'>ταύτην</span> <span class='ocrx_word' id='word_1_542' title='bbox 1730 3291 1811 3327; x_wconf 91' lang='grc' dir='ltr'><strong>σοι</strong></span> 
     </span>
    </p>
   </div>
   <div class='ocr_carea' id='block_1_71' title="bbox 231 3355 1810 3434">
    <p class='ocr_par' dir='ltr' id='par_1_71' title="bbox 231 3355 1810 3434">
     <span class='ocr_line' id='line_1_71' title="bbox 231 3355 1810 3434; baseline 0.009 -30"><span class='ocrx_word' id='word_1_543' title='bbox 231 3355 322 3425; x_wconf 74' lang='grc' dir='ltr'>τὴν</span> <span class='ocrx_word' id='word_1_544' title='bbox 357 3357 648 3412; x_wconf 76' lang='grc' dir='ltr'>διάπλασιν</span> <span class='ocrx_word' id='word_1_545' title='bbox 684 3363 835 3434; x_wconf 82' lang='grc' dir='ltr'><strong>παρά</strong></span> <span class='ocrx_word' id='word_1_546' title='bbox 876 3363 946 3417; x_wconf 86' lang='grc' dir='ltr'>τὰ</span> <span class='ocrx_word' id='word_1_547' title='bbox 987 3364 1150 3420; x_wconf 84' lang='grc' dir='ltr'>λοιπά</span> <span class='ocrx_word' id='word_1_548' title='bbox 1195 3365 1310 3429; x_wconf 78' lang='grc' dir='ltr'>ζῶα</span> <span class='ocrx_word' id='word_1_549' title='bbox 1356 3365 1543 3420; x_wconf 75' lang='grc' dir='ltr'>ἔδωκε.</span> <span class='ocrx_word' id='word_1_550' title='bbox 1580 3365 1678 3419; x_wconf 88' lang='grc' dir='ltr'>Διά</span> <span class='ocrx_word' id='word_1_551' title='bbox 1715 3366 1810 3434; x_wconf 87' lang='grc' dir='ltr'>τί;</span> 
     </span>
    </p>
   </div>
   <div class='ocr_carea' id='block_1_72' title="bbox 235 3448 1810 3528">
    <p class='ocr_par' dir='ltr' id='par_1_72' title="bbox 235 3448 1810 3528">
     <span class='ocr_line' id='line_1_72' title="bbox 235 3448 1810 3528; baseline 0.008 -29"><span class='ocrx_word' id='word_1_552' title='bbox 235 3448 407 3519; x_wconf 67' lang='grc' dir='ltr'>ἐπειδὴ</span> <span class='ocrx_word' id='word_1_553' title='bbox 439 3451 719 3521; x_wconf 77' lang='grc' dir='ltr'>ἐξαίρετόν</span> <span class='ocrx_word' id='word_1_554' title='bbox 764 3470 846 3506; x_wconf 90' lang='grc' dir='ltr'><strong>σοι</strong></span> <span class='ocrx_word' id='word_1_555' title='bbox 902 3456 995 3508; x_wconf 84' lang='grc' dir='ltr'>καὶ</span> <span class='ocrx_word' id='word_1_556' title='bbox 1045 3456 1144 3528; x_wconf 83' lang='grc' dir='ltr'>τὴν</span> <span class='ocrx_word' id='word_1_557' title='bbox 1185 3457 1462 3528; x_wconf 76' lang='grc' dir='ltr'>ἐνέργειαν</span> <span class='ocrx_word' id='word_1_558' title='bbox 1505 3458 1810 3512; x_wconf 87' lang='grc' dir='ltr'>ἀποδιδόναι</span> 
     </span>
    </p>
   </div>
   <div class='ocr_carea' id='block_1_73' title="bbox 233 3537 1812 3619">
    <p class='ocr_par' dir='ltr' id='par_1_73' title="bbox 233 3537 1812 3619">
     <span class='ocr_line' id='line_1_73' title="bbox 233 3537 1812 3619; baseline 0.008 -31"><span class='ocrx_word' id='word_1_559' title='bbox 233 3537 432 3606; x_wconf 73' lang='grc' dir='ltr'>ἔμελλε.</span> <span class='ocrx_word' id='word_1_560' title='bbox 468 3541 550 3594; x_wconf 81' lang='grc' dir='ltr'><strong>Τά</strong></span> <span class='ocrx_word' id='word_1_561' title='bbox 583 3543 682 3611; x_wconf 80' lang='grc' dir='ltr'>μὲν</span> <span class='ocrx_word' id='word_1_562' title='bbox 713 3545 820 3616; x_wconf 74' lang='grc' dir='ltr'><strong>γὰρ</strong></span> <span class='ocrx_word' id='word_1_563' title='bbox 846 3544 1002 3611; x_wconf 78' lang='grc' dir='ltr'>ἄλλα,</span> <span class='ocrx_word' id='word_1_564' title='bbox 1035 3545 1358 3619; x_wconf 74' lang='grc' dir='ltr'>βοσκήματα</span> <span class='ocrx_word' id='word_1_565' title='bbox 1385 3550 1522 3610; x_wconf 70' lang='grc' dir='ltr'>ἐστι,</span> <span class='ocrx_word' id='word_1_566' title='bbox 1556 3549 1650 3602; x_wconf 79' lang='grc' dir='ltr'><strong>καὶ</strong></span> <span class='ocrx_word' id='word_1_567' title='bbox 1675 3548 1812 3619; x_wconf 84' lang='grc' dir='ltr'>πρὸς</span> 
     </span>
    </p>
   </div>
   <div class='ocr_carea' id='block_1_74' title="bbox 230 3629 1812 3711">
    <p class='ocr_par' dir='ltr' id='par_1_74' title="bbox 230 3629 1812 3711">
     <span class='ocr_line' id='line_1_74' title="bbox 230 3629 1812 3711; baseline 0.007 -29"><span class='ocrx_word' id='word_1_568' title='bbox 230 3629 263 3682; x_wconf 66' lang='grc' dir='ltr'>ἃ</span> <span class='ocrx_word' id='word_1_569' title='bbox 297 3632 523 3699; x_wconf 62' lang='grc' dir='ltr'>πέφυκε,</span> <span class='ocrx_word' id='word_1_570' title='bbox 563 3635 700 3706; x_wconf 76' lang='grc' dir='ltr'>πρὸς</span> <span class='ocrx_word' id='word_1_571' title='bbox 730 3635 902 3690; x_wconf 80' lang='grc' dir='ltr'>ταῦτα</span> <span class='ocrx_word' id='word_1_572' title='bbox 947 3636 1058 3708; x_wconf 81' lang='grc' dir='ltr'>ἔχει</span> <span class='ocrx_word' id='word_1_573' title='bbox 1105 3639 1205 3709; x_wconf 84' lang='grc' dir='ltr'>τὴν</span> <span class='ocrx_word' id='word_1_574' title='bbox 1251 3641 1613 3711; x_wconf 81' lang='grc' dir='ltr'>κατασκευήν.</span> <span class='ocrx_word' id='word_1_575' title='bbox 1660 3640 1812 3708; x_wconf 79' lang='grc' dir='ltr'>Ἐγε-</span> 
     </span>
    </p>
   </div>
   <div class='ocr_carea' id='block_1_75' title="bbox 230 3723 1810 3803">
    <p class='ocr_par' dir='ltr' id='par_1_75' title="bbox 230 3723 1810 3803">
     <span class='ocr_line' id='line_1_75' title="bbox 230 3723 1810 3803; baseline 0.006 -27"><span class='ocrx_word' id='word_1_576' title='bbox 230 3723 356 3794; x_wconf 70' lang='grc' dir='ltr'><strong>νήθη</strong></span> <span class='ocrx_word' id='word_1_577' title='bbox 379 3726 440 3778; x_wconf 77' lang='grc' dir='ltr'>τὸ</span> <span class='ocrx_word' id='word_1_578' title='bbox 472 3726 747 3795; x_wconf 75' lang='grc' dir='ltr'>πρόϐατον</span> <span class='ocrx_word' id='word_1_579' title='bbox 776 3729 1054 3799; x_wconf 82' lang='grc' dir='ltr'>νέμεσθαι,</span> <span class='ocrx_word' id='word_1_580' title='bbox 1091 3731 1238 3785; x_wconf 83' lang='grc' dir='ltr'>κάτω</span> <span class='ocrx_word' id='word_1_581' title='bbox 1278 3730 1389 3802; x_wconf 80' lang='grc' dir='ltr'>ἔχει</span> <span class='ocrx_word' id='word_1_582' title='bbox 1438 3732 1537 3796; x_wconf 85' lang='grc' dir='ltr'>τὴν</span> <span class='ocrx_word' id='word_1_583' title='bbox 1569 3733 1810 3803; x_wconf 78' lang='grc' dir='ltr'>κεφαλὴν</span> 
     </span>
    </p>
   </div>
   <div class='ocr_carea' id='block_1_76' title="bbox 229 3820 1810 3893">
    <p class='ocr_par' dir='ltr' id='par_1_76' title="bbox 229 3820 1810 3893">
     <span class='ocr_line' id='line_1_76' title="bbox 229 3820 1810 3893; baseline 0.004 -22"><span class='ocrx_word' id='word_1_584' title='bbox 229 3820 609 3882; x_wconf 72' lang='grc' dir='ltr'>συννεύουσαν,</span> <span class='ocrx_word' id='word_1_585' title='bbox 657 3824 722 3892; x_wconf 83' lang='grc' dir='ltr'><strong>τῇ</strong></span> <span class='ocrx_word' id='word_1_586' title='bbox 770 3822 965 3892; x_wconf 77' lang='grc' dir='ltr'>γαστρὶ</span> <span class='ocrx_word' id='word_1_587' title='bbox 1009 3823 1219 3892; x_wconf 80' lang='grc' dir='ltr'>ὲνορᾷν,</span> <span class='ocrx_word' id='word_1_588' title='bbox 1270 3825 1364 3876; x_wconf 69' lang='grc' dir='ltr'>καὶ</span> <span class='ocrx_word' id='word_1_589' title='bbox 1409 3826 1522 3887; x_wconf 85' lang='grc' dir='ltr'>τοῖς</span> <span class='ocrx_word' id='word_1_590' title='bbox 1563 3823 1667 3877; x_wconf 79' lang='grc' dir='ltr'><strong>ὑπὸ</strong></span> <span class='ocrx_word' id='word_1_591' title='bbox 1709 3842 1810 3893; x_wconf 90' lang='grc' dir='ltr'>γα-</span> 
     </span>
    </p>
   </div>
   <div class='ocr_carea' id='block_1_77' title="bbox 1990 3265 3493 3353">
    <p class='ocr_par' dir='ltr' id='par_1_77' title="bbox 1990 3265 3493 3353">
     <span class='ocr_line' id='line_1_77' title="bbox 1990 3265 3493 3353; baseline 0.013 -33"><span class='ocrx_word' id='word_1_592' title='bbox 1990 3265 2266 3324; x_wconf 89' lang='lat' dir='ltr'><strong>Formavit</strong></span> <span class='ocrx_word' id='word_1_593' title='bbox 2322 3269 2468 3328; x_wconf 91' lang='lat' dir='ltr'><strong>Deus</strong></span> <span class='ocrx_word' id='word_1_594' title='bbox 2516 3273 2794 3331; x_wconf 89' lang='lat' dir='ltr'><strong>hominem</strong></span> <span class='ocrx_word' id='word_1_595' title='bbox 2853 3286 3104 3347; x_wconf 87' lang='lat' dir='ltr'><strong>rectum;</strong></span> <span class='ocrx_word' id='word_1_596' title='bbox 3161 3281 3493 3353; x_wconf 85' lang='lat' dir='ltr'><strong>singularem</strong></span> 
     </span>
    </p>
   </div>
   <div class='ocr_carea' id='block_1_78' title="bbox 1911 3357 3492 3444">
    <p class='ocr_par' dir='ltr' id='par_1_78' title="bbox 1911 3357 3492 3444">
     <span class='ocr_line' id='line_1_78' title="bbox 1911 3357 3492 3444; baseline 0.013 -32"><span class='ocrx_word' id='word_1_597' title='bbox 1911 3357 2050 3414; x_wconf 90' lang='lat' dir='ltr'><strong>hanc</strong></span> <span class='ocrx_word' id='word_1_598' title='bbox 2096 3361 2238 3427; x_wconf 83' lang='lat' dir='ltr'><strong>tibi,</strong></span> <span class='ocrx_word' id='word_1_599' title='bbox 2287 3362 2452 3418; x_wconf 91' lang='lat' dir='ltr'><strong>homo</strong></span> <span class='ocrx_word' id='word_1_600' title='bbox 2472 3389 2497 3432; x_wconf 88' lang='lat'><strong>,-</strong></span> <span class='ocrx_word' id='word_1_601' title='bbox 2542 3365 2773 3422; x_wconf 88' lang='lat' dir='ltr'><strong>formam</strong></span> <span class='ocrx_word' id='word_1_602' title='bbox 2819 3373 3130 3438; x_wconf 88' lang='lat' dir='ltr'><strong>concessit,</strong></span> <span class='ocrx_word' id='word_1_603' title='bbox 3181 3391 3344 3444; x_wconf 89' lang='lat' dir='ltr'><strong>quam</strong></span> <span class='ocrx_word' id='word_1_604' title='bbox 3401 3378 3492 3433; x_wconf 88' lang='lat' dir='ltr'><strong>alii</strong></span> 
     </span>
    </p>
   </div>
   <div class='ocr_carea' id='block_1_79' title="bbox 1910 3451 3490 3538">
    <p class='ocr_par' dir='ltr' id='par_1_79' title="bbox 1910 3451 3490 3538">
     <span class='ocr_line' id='line_1_79' title="bbox 1910 3451 3490 3538; baseline 0.011 -33"><span class='ocrx_word' id='word_1_605' title='bbox 1910 3451 2407 3508; x_wconf 86' lang='lat' dir='ltr'><strong>dedit-animalium</strong></span> <span class='ocrx_word' id='word_1_606' title='bbox 2455 3457 2613 3512; x_wconf 91' lang='lat' dir='ltr'><strong>nulli.</strong></span> <span class='ocrx_word' id='word_1_607' title='bbox 2663 3457 3085 3524; x_wconf 80' lang='lat' dir='ltr'><strong>Quamobrem?</strong></span> <span class='ocrx_word' id='word_1_608' title='bbox 3124 3467 3253 3534; x_wconf 90' lang='lat' dir='ltr'><strong>quia</strong></span> <span class='ocrx_word' id='word_1_609' title='bbox 3300 3468 3490 3538; x_wconf 85' lang='lat' dir='ltr'><strong>singu-</strong></span> 
     </span>
    </p>
   </div>
   <div class='ocr_carea' id='block_1_80' title="bbox 1911 3543 3492 3627">
    <p class='ocr_par' dir='ltr' id='par_1_80' title="bbox 1911 3543 3492 3627">
     <span class='ocr_line' id='line_1_80' title="bbox 1911 3543 3492 3627; baseline 0.011 -31"><span class='ocrx_word' id='word_1_610' title='bbox 1911 3543 2078 3597; x_wconf 83' lang='lat' dir='ltr'><strong>larem</strong></span> <span class='ocrx_word' id='word_1_611' title='bbox 2112 3546 2277 3599; x_wconf 80' lang='lat' dir='ltr'><strong>etiam</strong></span> <span class='ocrx_word' id='word_1_612' title='bbox 2310 3548 2581 3603; x_wconf 90' lang='lat' dir='ltr'><strong>actionem</strong></span> <span class='ocrx_word' id='word_1_613' title='bbox 2616 3559 2734 3604; x_wconf 91' lang='lat' dir='ltr'><strong>erat</strong></span> <span class='ocrx_word' id='word_1_614' title='bbox 2761 3553 3083 3622; x_wconf 75' lang='lat' dir='ltr'><strong>traditurus.</strong></span> <span class='ocrx_word' id='word_1_615' title='bbox 3116 3554 3343 3627; x_wconf 79' lang='lat' dir='ltr'><strong>Reliqua</strong></span> <span class='ocrx_word' id='word_1_616' title='bbox 3373 3561 3492 3614; x_wconf 88' lang='lat' dir='ltr'><strong>ani-</strong></span> 
     </span>
    </p>
   </div>
   <div class='ocr_carea' id='block_1_81' title="bbox 1910 3635 3487 3718">
    <p class='ocr_par' dir='ltr' id='par_1_81' title="bbox 1910 3635 3487 3718">
     <span class='ocr_line' id='line_1_81' title="bbox 1910 3635 3487 3718; baseline 0.011 -31"><span class='ocrx_word' id='word_1_617' title='bbox 1910 3635 2068 3688; x_wconf 91' lang='lat' dir='ltr'><strong>malia</strong></span> <span class='ocrx_word' id='word_1_618' title='bbox 2099 3645 2229 3691; x_wconf 86' lang='lat' dir='ltr'><strong>sunt</strong></span> <span class='ocrx_word' id='word_1_619' title='bbox 2263 3638 2456 3705; x_wconf 88' lang='lat' dir='ltr'><strong>bruta,</strong></span> <span class='ocrx_word' id='word_1_620' title='bbox 2499 3649 2553 3694; x_wconf 88' lang='lat' dir='ltr'><strong>et</strong></span> <span class='ocrx_word' id='word_1_621' title='bbox 2597 3641 2688 3695; x_wconf 90' lang='lat' dir='ltr'><strong>illa</strong></span> <span class='ocrx_word' id='word_1_622' title='bbox 2735 3652 3018 3712; x_wconf 90' lang='lat' dir='ltr'><strong>spectant,</strong></span> <span class='ocrx_word' id='word_1_623' title='bbox 3075 3648 3141 3701; x_wconf 86' lang='lat' dir='ltr'><strong>ad</strong></span> <span class='ocrx_word' id='word_1_624' title='bbox 3189 3665 3310 3718; x_wconf 59' lang='lat' dir='ltr'><strong>quae</strong></span> <span class='ocrx_word' id='word_1_625' title='bbox 3360 3662 3487 3705; x_wconf 82' lang='lat' dir='ltr'><strong>nata</strong></span> 
     </span>
    </p>
   </div>
   <div class='ocr_carea' id='block_1_82' title="bbox 1911 3726 3490 3812">
    <p class='ocr_par' dir='ltr' id='par_1_82' title="bbox 1911 3726 3490 3812">
     <span class='ocr_line' id='line_1_82' title="bbox 1911 3726 3490 3812; baseline 0.011 -34"><span class='ocrx_word' id='word_1_626' title='bbox 1911 3734 2062 3780; x_wconf 89' lang='lat' dir='ltr'><strong>sunt.</strong></span> <span class='ocrx_word' id='word_1_627' title='bbox 2097 3726 2175 3781; x_wconf 86' lang='lat' dir='ltr'><strong>Ad</strong></span> <span class='ocrx_word' id='word_1_628' title='bbox 2208 3736 2425 3798; x_wconf 88' lang='lat' dir='ltr'><strong>pastum</strong></span> <span class='ocrx_word' id='word_1_629' title='bbox 2459 3732 2642 3801; x_wconf 88' lang='lat' dir='ltr'><strong>genita</strong></span> <span class='ocrx_word' id='word_1_630' title='bbox 2677 3741 2806 3787; x_wconf 90' lang='lat' dir='ltr'><strong>sunt</strong></span> <span class='ocrx_word' id='word_1_631' title='bbox 2851 3750 3070 3804; x_wconf 89' lang='lat' dir='ltr'><strong>pecora.</strong></span> <span class='ocrx_word' id='word_1_632' title='bbox 3126 3737 3312 3809; x_wconf 89' lang='lat' dir='ltr'><strong>Itaque</strong></span> <span class='ocrx_word' id='word_1_633' title='bbox 3361 3757 3490 3812; x_wconf 84' lang='lat' dir='ltr'><strong>pro-</strong></span> 
     </span>
    </p>
   </div>
   <div class='ocr_carea' id='block_1_83' title="bbox 1905 3819 3484 3898">
    <p class='ocr_par' dir='ltr' id='par_1_83' title="bbox 1905 3819 3484 3898">
     <span class='ocr_line' id='line_1_83' title="bbox 1905 3819 3484 3898; baseline 0.01 -26"><span class='ocrx_word' id='word_1_634' title='bbox 1905 3833 2030 3872; x_wconf 85' lang='lat' dir='ltr'><strong>nam</strong></span> <span class='ocrx_word' id='word_1_635' title='bbox 2063 3819 2434 3892; x_wconf 89' lang='lat' dir='ltr'><strong>deorsumque</strong></span> <span class='ocrx_word' id='word_1_636' title='bbox 2481 3834 2793 3895; x_wconf 80' lang='lat' dir='ltr'><strong>vergentem</strong></span> <span class='ocrx_word' id='word_1_637' title='bbox 2847 3824 3076 3881; x_wconf 88' lang='lat' dir='ltr'><strong>formam</strong></span> <span class='ocrx_word' id='word_1_638' title='bbox 3129 3829 3370 3898; x_wconf 87' lang='lat' dir='ltr'><strong>habent,</strong></span> <span class='ocrx_word' id='word_1_639' title='bbox 3423 3842 3484 3888; x_wconf 91' lang='grc' dir='ltr'><strong>ιιι</strong></span> 
     </span>
    </p>
   </div>
   <div class='ocr_carea' id='block_1_84' title="bbox 225 3912 1819 3987">
    <p class='ocr_par' dir='ltr' id='par_1_84' title="bbox 225 3912 1807 3987">
     <span class='ocr_line' id='line_1_84' title="bbox 225 3912 1807 3987; baseline 0.003 -23"><span class='ocrx_word' id='word_1_640' title='bbox 225 3912 401 3982; x_wconf 70' lang='grc' dir='ltr'>πέρα,</span> <span class='ocrx_word' id='word_1_641' title='bbox 434 3912 624 3983; x_wconf 76' lang='grc' dir='ltr'>ἐπειδὴ</span> <span class='ocrx_word' id='word_1_642' title='bbox 658 3912 809 3976; x_wconf 83' lang='grc' dir='ltr'>τέλος</span> <span class='ocrx_word' id='word_1_643' title='bbox 849 3913 1080 3976; x_wconf 76' lang='grc' dir='ltr'>ἐκείνοις</span> <span class='ocrx_word' id='word_1_644' title='bbox 1116 3914 1477 3985; x_wconf 75' lang='grc' dir='ltr'>εὐδαιμονίας,</span> <span class='ocrx_word' id='word_1_645' title='bbox 1505 3917 1537 3986; x_wconf 85' lang='grc' dir='ltr'>ή</span> <span class='ocrx_word' id='word_1_646' title='bbox 1571 3916 1807 3987; x_wconf 85' lang='grc' dir='ltr'>γαστρὸς</span> 
     </span>
    </p>
   </div>
   <div class='ocr_carea' id='block_1_85' title="bbox 1921 3912 3488 3987">
    <p class='ocr_par' dir='ltr' id='par_1_85' title="bbox 1921 3915 3488 3986">
     <span class='ocr_line' id='line_1_85' title="bbox 1921 3915 3488 3986; baseline 0.008 -26"><span class='ocrx_word' id='word_1_647' title='bbox 1921 3919 2146 3964; x_wconf 57' lang='lat' dir='ltr'><strong>ventrem</strong></span> <span class='ocrx_word' id='word_1_648' title='bbox 2171 3950 2185 3975; x_wconf 93' lang='lat'><strong>,</strong></span> <span class='ocrx_word' id='word_1_649' title='bbox 2218 3920 2271 3966; x_wconf 92' lang='lat' dir='ltr'><strong>et</strong></span> <span class='ocrx_word' id='word_1_650' title='bbox 2304 3928 2426 3983; x_wconf 61' lang='lat' dir='ltr'><strong>qua</strong></span> <span class='ocrx_word' id='word_1_651' title='bbox 2453 3915 2625 3970; x_wconf 90' lang='lat' dir='ltr'><strong>ventri</strong></span> <span class='ocrx_word' id='word_1_652' title='bbox 2656 3917 2900 3986; x_wconf 89' lang='lat' dir='ltr'><strong>subjecta</strong></span> <span class='ocrx_word' id='word_1_653' title='bbox 2932 3928 3094 3982; x_wconf 87' lang='lat' dir='ltr'><strong>sunt,</strong></span> <span class='ocrx_word' id='word_1_654' title='bbox 3129 3919 3370 3975; x_wconf 88' lang='lat' dir='ltr'><strong>videant.</strong></span> <span class='ocrx_word' id='word_1_655' title='bbox 3404 3919 3488 3975; x_wconf 85' lang='lat' dir='ltr'><strong>Si-</strong></span> 
     </span>
    </p>
   </div>
   <div class='ocr_carea' id='block_1_86' title="bbox 219 4001 1806 4074">
    <p class='ocr_par' dir='ltr' id='par_1_86' title="bbox 219 4001 1806 4074">
     <span class='ocr_line' id='line_1_86' title="bbox 219 4001 1806 4074; baseline 0.004 -22"><span class='ocrx_word' id='word_1_656' title='bbox 219 4002 496 4072; x_wconf 66' lang='grc' dir='ltr'>πλήρωσις</span> <span class='ocrx_word' id='word_1_657' title='bbox 544 4003 640 4053; x_wconf 77' lang='grc' dir='ltr'>καὶ</span> <span class='ocrx_word' id='word_1_658' title='bbox 682 4001 1000 4066; x_wconf 86' lang='grc' dir='ltr'>ἀπόλαυσις.</span> <span class='ocrx_word' id='word_1_659' title='bbox 1055 4003 1372 4074; x_wconf 75' lang='grc' dir='ltr'>Ἀνθρωπος</span> <span class='ocrx_word' id='word_1_660' title='bbox 1412 4003 1469 4057; x_wconf 81' lang='grc' dir='ltr'>δὲ</span> <span class='ocrx_word' id='word_1_661' title='bbox 1515 4005 1695 4072; x_wconf 68' lang='grc' dir='ltr'>οὐκέτι</span> <span class='ocrx_word' id='word_1_662' title='bbox 1725 4007 1806 4069; x_wconf 84' lang='grc' dir='ltr'><strong>είς</strong></span> 
     </span>
    </p>
   </div>
   <div class='ocr_carea' id='block_1_87' title="bbox 1903 4000 3486 4078">
    <p class='ocr_par' dir='ltr' id='par_1_87' title="bbox 1903 4000 3486 4078">
     <span class='ocr_line' id='line_1_87' title="bbox 1903 4000 3486 4078; baseline 0.008 -25"><span class='ocrx_word' id='word_1_663' title='bbox 1903 4000 2124 4070; x_wconf 87' lang='lat' dir='ltr'><strong>quidem</strong></span> <span class='ocrx_word' id='word_1_664' title='bbox 2156 4018 2348 4059; x_wconf 91' lang='lat' dir='ltr'><strong>eorum</strong></span> <span class='ocrx_word' id='word_1_665' title='bbox 2383 4005 2617 4061; x_wconf 88' lang='lat' dir='ltr'><strong>felicitas</strong></span> <span class='ocrx_word' id='word_1_666' title='bbox 2645 4015 2729 4062; x_wconf 91' lang='lat' dir='ltr'><strong>est</strong></span> <span class='ocrx_word' id='word_1_667' title='bbox 2759 4009 2999 4078; x_wconf 81' lang='lat' dir='ltr'><strong>expletio</strong></span> <span class='ocrx_word' id='word_1_668' title='bbox 3029 4011 3269 4074; x_wconf 87' lang='lat' dir='ltr'><strong>ventris,</strong></span> <span class='ocrx_word' id='word_1_669' title='bbox 3298 4025 3362 4064; x_wconf 90' lang='lat' dir='ltr'><strong>ac</strong></span> <span class='ocrx_word' id='word_1_670' title='bbox 3393 4027 3486 4065; x_wconf 80' lang='lat' dir='ltr'><strong>vo-</strong></span> 
     </span>
    </p>
   </div>
   <div class='ocr_carea' id='block_1_88' title="bbox 218 4090 1819 4178">
    <p class='ocr_par' dir='ltr' id='par_1_88' title="bbox 218 4091 1801 4166">
     <span class='ocr_line' id='line_1_88' title="bbox 218 4091 1801 4166; baseline 0.003 -22"><span class='ocrx_word' id='word_1_671' title='bbox 218 4093 463 4162; x_wconf 72' lang='grc' dir='ltr'>γαστέρα</span> <span class='ocrx_word' id='word_1_672' title='bbox 524 4092 734 4162; x_wconf 59' lang='lat' dir='ltr'><strong>sum,</strong></span> <span class='ocrx_word' id='word_1_673' title='bbox 791 4091 905 4145; x_wconf 87' lang='grc' dir='ltr'>ἀλλ’</span> <span class='ocrx_word' id='word_1_674' title='bbox 962 4095 1041 4155; x_wconf 85' lang='grc' dir='ltr'><strong>εἰς</strong></span> <span class='ocrx_word' id='word_1_675' title='bbox 1096 4093 1166 4147; x_wconf 75' lang='grc' dir='ltr'><strong>τὰ</strong></span> <span class='ocrx_word' id='word_1_676' title='bbox 1227 4095 1338 4149; x_wconf 80' lang='grc' dir='ltr'>ἄνω</span> <span class='ocrx_word' id='word_1_677' title='bbox 1390 4095 1600 4166; x_wconf 81' lang='grc' dir='ltr'>κεφαλὴ</span> <span class='ocrx_word' id='word_1_678' title='bbox 1653 4095 1801 4166; x_wconf 78' lang='grc' dir='ltr'><strong>αὐτῷ</strong></span> 
     </span>
    </p>
   </div>
   <div class='ocr_carea' id='block_1_89' title="bbox 1921 4090 3483 4178">
    <p class='ocr_par' dir='ltr' id='par_1_89' title="bbox 1921 4093 3483 4166">
     <span class='ocr_line' id='line_1_89' title="bbox 1921 4093 3483 4166; baseline 0.005 -22"><span class='ocrx_word' id='word_1_679' title='bbox 1921 4099 2110 4162; x_wconf 75' lang='grc' dir='ltr'>ιιριιιε.</span> <span class='ocrx_word' id='word_1_680' title='bbox 2151 4093 2327 4150; x_wconf 80' lang='lat' dir='ltr'><strong>Homo</strong></span> <span class='ocrx_word' id='word_1_681' title='bbox 2368 4111 2497 4151; x_wconf 90' lang='lat' dir='ltr'><strong>vero</strong></span> <span class='ocrx_word' id='word_1_682' title='bbox 2537 4111 2645 4151; x_wconf 91' lang='lat' dir='ltr'><strong>non</strong></span> <span class='ocrx_word' id='word_1_683' title='bbox 2680 4105 2922 4151; x_wconf 89' lang='lat' dir='ltr'><strong>ventrem</strong></span> <span class='ocrx_word' id='word_1_684' title='bbox 2957 4097 3218 4166; x_wconf 89' lang='lat' dir='ltr'><strong>despicit,</strong></span> <span class='ocrx_word' id='word_1_685' title='bbox 3251 4100 3346 4153; x_wconf 90' lang='lat' dir='ltr'><strong>sed</strong></span> <span class='ocrx_word' id='word_1_686' title='bbox 3383 4115 3483 4154; x_wconf 87' lang='lat' dir='ltr'><strong>su-</strong></span> 
     </span>
    </p>
   </div>
   <div class='ocr_carea' id='block_1_90' title="bbox 216 4181 1803 4257">
    <p class='ocr_par' dir='ltr' id='par_1_90' title="bbox 216 4181 1803 4257">
     <span class='ocr_line' id='line_1_90' title="bbox 216 4181 1803 4257; baseline 0.004 -25"><span class='ocrx_word' id='word_1_687' title='bbox 216 4182 414 4251; x_wconf 62' lang='grc' dir='ltr'>ὑᾲηλὴ,</span> <span class='ocrx_word' id='word_1_688' title='bbox 473 4184 563 4236; x_wconf 79' lang='grc' dir='ltr'>ἵνα</span> <span class='ocrx_word' id='word_1_689' title='bbox 608 4181 706 4252; x_wconf 78' lang='grc' dir='ltr'>τὴν</span> <span class='ocrx_word' id='word_1_690' title='bbox 754 4183 865 4236; x_wconf 77' lang='grc' dir='ltr'><strong>ἀνω</strong></span> <span class='ocrx_word' id='word_1_691' title='bbox 916 4182 1088 4257; x_wconf 81' lang='grc' dir='ltr'>βλέπῃ</span> <span class='ocrx_word' id='word_1_692' title='bbox 1137 4185 1485 4253; x_wconf 85' lang='grc' dir='ltr'>συγγένειαν·</span> <span class='ocrx_word' id='word_1_693' title='bbox 1535 4186 1803 4257; x_wconf 76' lang='grc' dir='ltr'>ὀφθαλμοὶ</span> 
     </span>
    </p>
   </div>
   <div class='ocr_carea' id='block_1_91' title="bbox 209 4269 1800 4346">
    <p class='ocr_par' dir='ltr' id='par_1_91' title="bbox 209 4269 1800 4346">
     <span class='ocr_line' id='line_1_91' title="bbox 209 4269 1800 4346; baseline 0.006 -24"><span class='ocrx_word' id='word_1_694' title='bbox 209 4273 310 4324; x_wconf 67' lang='grc' dir='ltr'><strong>οὐκ</strong></span> <span class='ocrx_word' id='word_1_695' title='bbox 336 4276 420 4336; x_wconf 83' lang='grc' dir='ltr'><strong>είς</strong></span> <span class='ocrx_word' id='word_1_696' title='bbox 467 4269 567 4341; x_wconf 56' lang='lat' dir='ltr'><strong>{ira</strong></span> <span class='ocrx_word' id='word_1_697' title='bbox 606 4273 708 4344; x_wconf 80' lang='grc' dir='ltr'>γῆν</span> <span class='ocrx_word' id='word_1_698' title='bbox 744 4273 1012 4339; x_wconf 85' lang='grc' dir='ltr'>νεύοντες.</span> <span class='ocrx_word' id='word_1_699' title='bbox 1065 4275 1155 4346; x_wconf 83' lang='grc' dir='ltr'><strong>Μὴ</strong></span> <span class='ocrx_word' id='word_1_700' title='bbox 1181 4277 1360 4329; x_wconf 87' lang='grc' dir='ltr'>τοίνυν</span> <span class='ocrx_word' id='word_1_701' title='bbox 1399 4277 1540 4330; x_wconf 88' lang='grc' dir='ltr'>ποίει</span> <span class='ocrx_word' id='word_1_702' title='bbox 1577 4279 1800 4331; x_wconf 77' lang='grc' dir='ltr'>σεαυτὸν</span> 
     </span>
    </p>
   </div>
   <div class='ocr_carea' id='block_1_92' title="bbox 207 4364 1802 4437">
    <p class='ocr_par' dir='ltr' id='par_1_92' title="bbox 207 4364 1802 4437">
     <span class='ocr_line' id='line_1_92' title="bbox 207 4364 1802 4437; baseline 0.006 -24"><span class='ocrx_word' id='word_1_703' title='bbox 207 4366 362 4432; x_wconf 73' lang='grc' dir='ltr'>παρὰ</span> <span class='ocrx_word' id='word_1_704' title='bbox 387 4364 558 4432; x_wconf 66' lang='grc' dir='ltr'>φύσιν</span> <span class='ocrx_word' id='word_1_705' title='bbox 581 4381 596 4393; x_wconf 89' lang='grc'><strong>·</strong></span> <span class='ocrx_word' id='word_1_706' title='bbox 641 4365 716 4436; x_wconf 80' lang='grc' dir='ltr'>μὴ</span> <span class='ocrx_word' id='word_1_707' title='bbox 746 4364 814 4417; x_wconf 73' lang='grc' dir='ltr'>τὰ</span> <span class='ocrx_word' id='word_1_708' title='bbox 854 4367 1016 4436; x_wconf 79' lang='grc' dir='ltr'>γήινα</span> <span class='ocrx_word' id='word_1_709' title='bbox 1059 4369 1400 4437; x_wconf 85' lang='grc' dir='ltr'>περισκόπει,</span> <span class='ocrx_word' id='word_1_710' title='bbox 1438 4369 1572 4422; x_wconf 81' lang='grc' dir='ltr'>ἀλλὰ</span> <span class='ocrx_word' id='word_1_711' title='bbox 1612 4371 1679 4423; x_wconf 79' lang='grc' dir='ltr'>τὰ</span> <span class='ocrx_word' id='word_1_712' title='bbox 1713 4371 1802 4422; x_wconf 84' lang='grc' dir='ltr'><strong>οὐ-</strong></span> 
     </span>
    </p>
   </div>
   <div class='ocr_carea' id='block_1_93' title="bbox 207 4449 1796 4530">
    <p class='ocr_par' dir='ltr' id='par_1_93' title="bbox 207 4449 1796 4530">
     <span class='ocr_line' id='line_1_93' title="bbox 207 4449 1796 4530; baseline 0.004 -24"><span class='ocrx_word' id='word_1_713' title='bbox 207 4456 388 4522; x_wconf 71' lang='grc' dir='ltr'>ράνια,</span> <span class='ocrx_word' id='word_1_714' title='bbox 417 4449 482 4508; x_wconf 69' lang='grc' dir='ltr'>οὗ</span> <span class='ocrx_word' id='word_1_715' title='bbox 509 4457 539 4507; x_wconf 82' lang='grc' dir='ltr'><strong>ό</strong></span> <span class='ocrx_word' id='word_1_716' title='bbox 570 4457 804 4526; x_wconf 85' lang='grc' dir='ltr'>Χριστός</span> <span class='ocrx_word' id='word_1_717' title='bbox 831 4459 997 4510; x_wconf 78' lang='grc' dir='ltr'>ἐστιν.</span> <span class='ocrx_word' id='word_1_718' title='bbox 1050 4477 1067 4509; x_wconf 81' lang='grc' dir='ltr'><strong>ι</strong></span> <span class='ocrx_word' id='word_1_719' title='bbox 1104 4459 1166 4511; x_wconf 71' lang='lat' dir='ltr'><strong>Et</strong></span> <span class='ocrx_word' id='word_1_720' title='bbox 1202 4459 1569 4530; x_wconf 80' lang='grc' dir='ltr'>συνηγέρθητε</span> <span class='ocrx_word' id='word_1_721' title='bbox 1609 4478 1627 4511; x_wconf 84' lang='grc' dir='ltr'><strong>ι</strong></span> <span class='ocrx_word' id='word_1_722' title='bbox 1666 4461 1796 4530; x_wconf 69' lang='grc' dir='ltr'>γὰρ,</span> 
     </span>
    </p>
   </div>
   <div class='ocr_carea' id='block_1_94' title="bbox 201 4547 1799 4622">
    <p class='ocr_par' dir='ltr' id='par_1_94' title="bbox 201 4547 1799 4622">
     <span class='ocr_line' id='line_1_94' title="bbox 201 4547 1799 4622; baseline 0.003 -23"><span class='ocrx_word' id='word_1_723' title='bbox 201 4551 358 4616; x_wconf 65' lang='grc' dir='ltr'>σησὶ,</span> <span class='ocrx_word' id='word_1_724' title='bbox 394 4569 414 4599; x_wconf 83' lang='grc'><em>‹</em></span> <span class='ocrx_word' id='word_1_725' title='bbox 442 4549 523 4616; x_wconf 83' lang='grc' dir='ltr'>τῷ</span> <span class='ocrx_word' id='word_1_726' title='bbox 572 4549 821 4618; x_wconf 80' lang='grc' dir='ltr'>Χριστῷ,</span> <span class='ocrx_word' id='word_1_727' title='bbox 851 4551 934 4603; x_wconf 58' lang='grc' dir='ltr'><strong>έτᾶ</strong></span> <span class='ocrx_word' id='word_1_728' title='bbox 969 4550 1079 4604; x_wconf 79' lang='grc' dir='ltr'>ἄνω</span> <span class='ocrx_word' id='word_1_729' title='bbox 1113 4550 1344 4619; x_wconf 79' lang='grc' dir='ltr'>ζητεῖτε,</span> <span class='ocrx_word' id='word_1_730' title='bbox 1388 4547 1446 4605; x_wconf 76' lang='grc' dir='ltr'>οὗ</span> <span class='ocrx_word' id='word_1_731' title='bbox 1488 4553 1516 4604; x_wconf 89' lang='lat'><strong>6</strong></span> <span class='ocrx_word' id='word_1_732' title='bbox 1565 4551 1799 4622; x_wconf 84' lang='grc' dir='ltr'>Χριστός</span> 
     </span>
    </p>
   </div>
   <div class='ocr_carea' id='block_1_95' title="bbox 199 4640 1795 4712">
    <p class='ocr_par' dir='ltr' id='par_1_95' title="bbox 199 4640 1795 4712">
     <span class='ocr_line' id='line_1_95' title="bbox 199 4640 1795 4712; baseline 0.006 -23"><span class='ocrx_word' id='word_1_733' title='bbox 199 4643 372 4693; x_wconf 71' lang='grc' dir='ltr'>ἔστιν.</span> <span class='ocrx_word' id='word_1_734' title='bbox 403 4659 422 4690; x_wconf 77' lang='grc' dir='ltr'><strong>ι</strong></span> <span class='ocrx_word' id='word_1_735' title='bbox 453 4640 642 4704; x_wconf 83' lang='grc' dir='ltr'>Οὕτως</span> <span class='ocrx_word' id='word_1_736' title='bbox 669 4641 960 4710; x_wconf 73' lang='grc' dir='ltr'>ἐπλάσϐης.</span> <span class='ocrx_word' id='word_1_737' title='bbox 980 4642 1120 4694; x_wconf 75' lang='grc' dir='ltr'>Αὐτὸ</span> <span class='ocrx_word' id='word_1_738' title='bbox 1135 4643 1195 4695; x_wconf 76' lang='grc' dir='ltr'><strong>τὸ</strong></span> <span class='ocrx_word' id='word_1_739' title='bbox 1210 4643 1527 4712; x_wconf 84' lang='grc' dir='ltr'>διάπλασμα</span> <span class='ocrx_word' id='word_1_740' title='bbox 1543 4645 1795 4699; x_wconf 80' lang='grc' dir='ltr'>διδασκα-</span> 
     </span>
    </p>
   </div>
   <div class='ocr_carea' id='block_1_96' title="bbox 199 4733 1796 4805">
    <p class='ocr_par' dir='ltr' id='par_1_96' title="bbox 199 4733 1796 4805">
     <span class='ocr_line' id='line_1_96' title="bbox 199 4733 1796 4805; baseline 0.004 -22"><span class='ocrx_word' id='word_1_741' title='bbox 199 4733 342 4786; x_wconf 76' lang='grc' dir='ltr'><strong>λείόν</strong></span> <span class='ocrx_word' id='word_1_742' title='bbox 375 4737 500 4785; x_wconf 78' lang='grc' dir='ltr'>ἐστι</span> <span class='ocrx_word' id='word_1_743' title='bbox 535 4733 629 4785; x_wconf 73' lang='grc' dir='ltr'>τοῦ</span> <span class='ocrx_word' id='word_1_744' title='bbox 675 4733 860 4796; x_wconf 83' lang='grc' dir='ltr'>τέλους</span> <span class='ocrx_word' id='word_1_745' title='bbox 909 4735 1043 4804; x_wconf 83' lang='grc' dir='ltr'>πρὸς</span> <span class='ocrx_word' id='word_1_746' title='bbox 1091 4735 1119 4788; x_wconf 84' lang='grc' dir='ltr'><strong>ὃ</strong></span> <span class='ocrx_word' id='word_1_747' title='bbox 1166 4735 1414 4804; x_wconf 80' lang='grc' dir='ltr'>γέγονας.</span> <span class='ocrx_word' id='word_1_748' title='bbox 1455 4735 1674 4805; x_wconf 89' lang='grc' dir='ltr'>Ἐγένου</span> <span class='ocrx_word' id='word_1_749' title='bbox 1709 4737 1796 4789; x_wconf 82' lang='grc' dir='ltr'>ἵνα</span> 
     </span>
    </p>
   </div>
   <div class='ocr_carea' id='block_1_97' title="bbox 196 4823 1794 4896">
    <p class='ocr_par' dir='ltr' id='par_1_97' title="bbox 196 4823 1794 4896">
     <span class='ocr_line' id='line_1_97' title="bbox 196 4823 1794 4896; baseline 0.002 -20"><span class='ocrx_word' id='word_1_750' title='bbox 196 4823 334 4876; x_wconf 71' lang='grc' dir='ltr'>Θεὸν</span> <span class='ocrx_word' id='word_1_751' title='bbox 370 4824 602 4895; x_wconf 71' lang='grc' dir='ltr'>βλέπῃς,</span> <span class='ocrx_word' id='word_1_752' title='bbox 631 4824 730 4894; x_wconf 71' lang='grc' dir='ltr'><strong>οὐχ</strong></span> <span class='ocrx_word' id='word_1_753' title='bbox 779 4825 865 4876; x_wconf 82' lang='grc' dir='ltr'>ἵνα</span> <span class='ocrx_word' id='word_1_754' title='bbox 904 4825 994 4877; x_wconf 72' lang='grc' dir='ltr'><strong>ἐπὶ</strong></span> <span class='ocrx_word' id='word_1_755' title='bbox 1040 4825 1142 4894; x_wconf 82' lang='grc' dir='ltr'>γῆν</span> <span class='ocrx_word' id='word_1_756' title='bbox 1184 4825 1413 4895; x_wconf 81' lang='grc' dir='ltr'>σύρηταί</span> <span class='ocrx_word' id='word_1_757' title='bbox 1461 4843 1553 4878; x_wconf 90' lang='grc' dir='ltr'><strong>σου</strong></span> <span class='ocrx_word' id='word_1_758' title='bbox 1591 4827 1624 4896; x_wconf 79' lang='grc' dir='ltr'>ἡ</span> <span class='ocrx_word' id='word_1_759' title='bbox 1663 4825 1794 4894; x_wconf 82' lang='grc' dir='ltr'>ζωὴ,</span> 
     </span>
    </p>
   </div>
   <div class='ocr_carea' id='block_1_98' title="bbox 195 4914 1797 4988">
    <p class='ocr_par' dir='ltr' id='par_1_98' title="bbox 195 4914 1797 4988">
     <span class='ocr_line' id='line_1_98' title="bbox 195 4914 1797 4988; baseline 0.004 -25"><span class='ocrx_word' id='word_1_760' title='bbox 195 4915 298 4981; x_wconf 63' lang='grc' dir='ltr'><strong>οἱς-ι</strong></span> <span class='ocrx_word' id='word_1_761' title='bbox 323 4916 414 4967; x_wconf 72' lang='grc' dir='ltr'>ἵνα</span> <span class='ocrx_word' id='word_1_762' title='bbox 449 4914 550 4985; x_wconf 81' lang='grc' dir='ltr'>τὴν</span> <span class='ocrx_word' id='word_1_763' title='bbox 588 4914 834 4984; x_wconf 79' lang='grc' dir='ltr'>κτηνώδη</span> <span class='ocrx_word' id='word_1_764' title='bbox 874 4914 1004 4986; x_wconf 79' lang='grc' dir='ltr'><strong>ἔχῃς</strong></span> <span class='ocrx_word' id='word_1_765' title='bbox 1054 4915 1372 4978; x_wconf 82' lang='grc' dir='ltr'>ἀπόλαυσιν,</span> <span class='ocrx_word' id='word_1_766' title='bbox 1417 4915 1529 4969; x_wconf 86' lang='grc' dir='ltr'>ἀλλ’</span> <span class='ocrx_word' id='word_1_767' title='bbox 1569 4917 1654 4969; x_wconf 77' lang='grc' dir='ltr'>ἵνα</span> <span class='ocrx_word' id='word_1_768' title='bbox 1698 4918 1797 4988; x_wconf 78' lang='grc' dir='ltr'>τὴν</span> 
     </span>
    </p>
   </div>
   <div class='ocr_carea' id='block_1_99' title="bbox 197 5007 1795 5078">
    <p class='ocr_par' dir='ltr' id='par_1_99' title="bbox 197 5007 1795 5078">
     <span class='ocr_line' id='line_1_99' title="bbox 197 5007 1795 5078; baseline 0.004 -22"><span class='ocrx_word' id='word_1_769' title='bbox 197 5007 457 5076; x_wconf 64' lang='grc' dir='ltr'>οὐράνιον</span> <span class='ocrx_word' id='word_1_770' title='bbox 498 5007 758 5077; x_wconf 77' lang='grc' dir='ltr'>ἐπιτελῇς</span> <span class='ocrx_word' id='word_1_771' title='bbox 816 5007 1108 5060; x_wconf 87' lang='grc' dir='ltr'>πολιτείαν.</span> <span class='ocrx_word' id='word_1_772' title='bbox 1163 5007 1262 5060; x_wconf 81' lang='grc' dir='ltr'>Διὰ</span> <span class='ocrx_word' id='word_1_773' title='bbox 1315 5008 1472 5061; x_wconf 76' lang='grc' dir='ltr'>τοῦτο</span> <span class='ocrx_word' id='word_1_774' title='bbox 1531 5009 1695 5078; x_wconf 80' lang='grc' dir='ltr'>συφοῦ</span> <span class='ocrx_word' id='word_1_775' title='bbox 1747 5011 1795 5062; x_wconf 80' lang='grc' dir='ltr'>οἱ</span> 
     </span>
    </p>
   </div>
   <div class='ocr_carea' id='block_1_100' title="bbox 195 5097 1797 5173">
    <p class='ocr_par' dir='ltr' id='par_1_100' title="bbox 195 5097 1797 5173">
     <span class='ocr_line' id='line_1_100' title="bbox 195 5097 1797 5173; baseline 0.002 -24"><span class='ocrx_word' id='word_1_776' title='bbox 195 5097 476 5168; x_wconf 63' lang='grc' dir='ltr'>ὀφθαλμοὶ</span> <span class='ocrx_word' id='word_1_777' title='bbox 513 5101 576 5151; x_wconf 70' lang='grc' dir='ltr'>ἐν</span> <span class='ocrx_word' id='word_1_778' title='bbox 615 5098 824 5168; x_wconf 66' lang='grc' dir='ltr'>κεφαλῇ</span> <span class='ocrx_word' id='word_1_779' title='bbox 871 5097 1061 5160; x_wconf 76' lang='grc' dir='ltr'>αὐτοῦ,</span> <span class='ocrx_word' id='word_1_780' title='bbox 1100 5101 1129 5152; x_wconf 90' lang='lat'><strong>6</strong></span> <span class='ocrx_word' id='word_1_781' title='bbox 1171 5100 1330 5169; x_wconf 75' lang='grc' dir='ltr'>σοφός</span> <span class='ocrx_word' id='word_1_782' title='bbox 1361 5118 1526 5173; x_wconf 80' lang='grc' dir='ltr'>φησιν</span> <span class='ocrx_word' id='word_1_783' title='bbox 1571 5101 1797 5172; x_wconf 76' lang='grc' dir='ltr'>Ἐκκλη-</span> 
     </span>
    </p>
   </div>
   <div class='ocr_carea' id='block_1_101' title="bbox 199 5190 1795 5268">
    <p class='ocr_par' dir='ltr' id='par_1_101' title="bbox 199 5190 1795 5268">
     <span class='ocr_line' id='line_1_101' title="bbox 199 5190 1795 5268; baseline 0.004 -28"><span class='ocrx_word' id='word_1_784' title='bbox 199 5193 456 5260; x_wconf 65' lang='grc' dir='ltr'>σιαοτής.</span> <span class='ocrx_word' id='word_1_785' title='bbox 487 5192 646 5253; x_wconf 84' lang='grc' dir='ltr'>Τίνος</span> <span class='ocrx_word' id='word_1_786' title='bbox 683 5190 739 5242; x_wconf 84' lang='grc' dir='ltr'>δὲ</span> <span class='ocrx_word' id='word_1_787' title='bbox 771 5191 873 5242; x_wconf 73' lang='grc' dir='ltr'><strong>οὐκ</strong></span> <span class='ocrx_word' id='word_1_788' title='bbox 903 5191 961 5244; x_wconf 80' lang='grc' dir='ltr'>ἐν</span> <span class='ocrx_word' id='word_1_789' title='bbox 990 5191 1198 5264; x_wconf 76' lang='grc' dir='ltr'>κεφαλῇ</span> <span class='ocrx_word' id='word_1_790' title='bbox 1239 5195 1286 5247; x_wconf 77' lang='grc' dir='ltr'>οἱ</span> <span class='ocrx_word' id='word_1_791' title='bbox 1313 5194 1618 5268; x_wconf 74' lang='grc' dir='ltr'>όφθαλμοίς</span> <span class='ocrx_word' id='word_1_792' title='bbox 1659 5194 1795 5247; x_wconf 78' lang='grc' dir='ltr'>Ἀλλ’</span> 
     </span>
    </p>
   </div>
   <div class='ocr_carea' id='block_1_102' title="bbox 198 5274 1791 5368">
    <p class='ocr_par' dir='ltr' id='par_1_102' title="bbox 198 5274 1791 5368">
     <span class='ocr_line' id='line_1_102' title="bbox 198 5274 1791 5368; baseline 0.007 -38"><span class='ocrx_word' id='word_1_793' title='bbox 198 5280 262 5330; x_wconf 69' lang='grc' dir='ltr'>ἑν</span> <span class='ocrx_word' id='word_1_794' title='bbox 315 5282 570 5351; x_wconf 74' lang='grc' dir='ltr'>κεφαλῇ,</span> <span class='ocrx_word' id='word_1_795' title='bbox 618 5282 933 5344; x_wconf 84' lang='grc' dir='ltr'>τουτέστιν,</span> <span class='ocrx_word' id='word_1_796' title='bbox 1000 5283 1088 5336; x_wconf 83' lang='grc' dir='ltr'>ἵνα</span> <span class='ocrx_word' id='word_1_797' title='bbox 1138 5274 1206 5337; x_wconf 79' lang='grc' dir='ltr'>τὰ</span> <span class='ocrx_word' id='word_1_798' title='bbox 1251 5287 1428 5368; x_wconf 75' lang='grc' dir='ltr'><strong>ὑψηλὰ</strong></span> <span class='ocrx_word' id='word_1_799' title='bbox 1489 5287 1791 5345; x_wconf 81' lang='grc' dir='ltr'>σκοπῶσιν.</span> 
     </span>
    </p>
   </div>
   <div class='ocr_carea' id='block_1_103' title="bbox 210 5368 1789 5458">
    <p class='ocr_par' dir='ltr' id='par_1_103' title="bbox 210 5368 1789 5458">
     <span class='ocr_line' id='line_1_103' title="bbox 210 5368 1789 5458; baseline 0.006 -35"><span class='ocrx_word' id='word_1_800' title='bbox 210 5368 276 5423; x_wconf 85' lang='grc' dir='ltr'><strong>Ὀ</strong></span> <span class='ocrx_word' id='word_1_801' title='bbox 302 5373 360 5424; x_wconf 66' lang='grc' dir='ltr'>ἃ</span> <span class='ocrx_word' id='word_1_802' title='bbox 398 5375 480 5436; x_wconf 75' lang='grc' dir='ltr'><strong>είς</strong></span> <span class='ocrx_word' id='word_1_803' title='bbox 509 5375 575 5426; x_wconf 84' lang='grc' dir='ltr'><strong>τά</strong></span> <span class='ocrx_word' id='word_1_804' title='bbox 606 5373 795 5444; x_wconf 70' lang='grc' dir='ltr'>ὑψηλὰ</span> <span class='ocrx_word' id='word_1_805' title='bbox 832 5373 908 5445; x_wconf 79' lang='grc' dir='ltr'>μὴ</span> <span class='ocrx_word' id='word_1_806' title='bbox 940 5372 1170 5443; x_wconf 78' lang='grc' dir='ltr'>βλέπων,</span> <span class='ocrx_word' id='word_1_807' title='bbox 1200 5378 1307 5440; x_wconf 83' lang='grc' dir='ltr'>ἀλλ’</span> <span class='ocrx_word' id='word_1_808' title='bbox 1351 5393 1435 5458; x_wconf 73' lang='grc' dir='ltr'><strong>εις</strong></span> <span class='ocrx_word' id='word_1_809' title='bbox 1487 5384 1561 5441; x_wconf 77' lang='grc' dir='ltr'><strong>τὰ</strong></span> <span class='ocrx_word' id='word_1_810' title='bbox 1601 5381 1789 5452; x_wconf 62' lang='grc' dir='ltr'>γήινα,</span> 
     </span>
    </p>
   </div>
   <div class='ocr_carea' id='block_1_104' title="bbox 279 5487 1202 5558">
    <p class='ocr_par' dir='ltr' id='par_1_104' title="bbox 279 5487 1202 5558">
     <span class='ocr_line' id='line_1_104' title="bbox 279 5487 1202 5558; baseline 0.004 -14"><span class='ocrx_word' id='word_1_811' title='bbox 279 5487 530 5546; x_wconf 73' lang='lat' dir='ltr'><strong>&#39;Cbloss.</strong></span> <span class='ocrx_word' id='word_1_812' title='bbox 567 5506 652 5558; x_wconf 85' lang='grc' dir='ltr'>ιιι,</span> <span class='ocrx_word' id='word_1_813' title='bbox 691 5493 740 5544; x_wconf 87' lang='lat' dir='ltr'><strong>l.</strong></span> <span class='ocrx_word' id='word_1_814' title='bbox 779 5497 799 5524; x_wconf 69' lang='lat'><strong><em>&quot;</em></strong></span> <span class='ocrx_word' id='word_1_815' title='bbox 833 5493 1007 5548; x_wconf 82' lang='lat' dir='ltr'><strong>Eccle.</strong></span> <span class='ocrx_word' id='word_1_816' title='bbox 1043 5509 1095 5558; x_wconf 87' lang='grc' dir='ltr'><strong>ιι,</strong></span> <span class='ocrx_word' id='word_1_817' title='bbox 1128 5494 1202 5554; x_wconf 82' lang='lat' dir='ltr'><strong>ll.</strong></span> 
     </span>
    </p>
   </div>
   <div class='ocr_carea' id='block_1_105' title="bbox 443 5913 476 5928">
    <p class='ocr_par' dir='ltr' id='par_1_105' title="bbox 443 5913 476 5928">
     <span class='ocr_line' id='line_1_105' title="bbox 443 5913 476 5928; baseline 0 0"><span class='ocrx_word' id='word_1_818' title='bbox 443 5913 476 5928; x_wconf 56' lang='grc' dir='ltr'><strong>τ’</strong></span> 
     </span>
    </p>
   </div>
   <div class='ocr_carea' id='block_1_106' title="bbox 1907 4187 3484 4264">
    <p class='ocr_par' dir='ltr' id='par_1_106' title="bbox 1907 4187 3484 4264">
     <span class='ocr_line' id='line_1_106' title="bbox 1907 4187 3484 4264; baseline 0.006 -25"><span class='ocrx_word' id='word_1_819' title='bbox 1907 4187 2122 4255; x_wconf 88' lang='lat' dir='ltr'><strong>periora</strong></span> <span class='ocrx_word' id='word_1_820' title='bbox 2150 4196 2443 4244; x_wconf 87' lang='lat' dir='ltr'><strong>contuetur</strong></span> <span class='ocrx_word' id='word_1_821' title='bbox 2470 4207 2484 4254; x_wconf 93' lang='lat'><strong>;</strong></span> <span class='ocrx_word' id='word_1_822' title='bbox 2515 4199 2677 4260; x_wconf 86' lang='lat' dir='ltr'><strong>caput</strong></span> <span class='ocrx_word' id='word_1_823' title='bbox 2705 4190 2781 4244; x_wconf 92' lang='lat' dir='ltr'><strong>illi</strong></span> <span class='ocrx_word' id='word_1_824' title='bbox 2813 4191 3046 4246; x_wconf 89' lang='lat' dir='ltr'><strong>sublime</strong></span> <span class='ocrx_word' id='word_1_825' title='bbox 3072 4201 3188 4256; x_wconf 89' lang='lat' dir='ltr'><strong>est,</strong></span> <span class='ocrx_word' id='word_1_826' title='bbox 3221 4200 3280 4246; x_wconf 93' lang='grc' dir='ltr'><strong>ιιι</strong></span> <span class='ocrx_word' id='word_1_827' title='bbox 3312 4209 3484 4264; x_wconf 81' lang='lat' dir='ltr'><strong>genus</strong></span> 
     </span>
    </p>
   </div>
   <div class='ocr_carea' id='block_1_107' title="bbox 1867 4278 3482 4349">
    <p class='ocr_par' dir='ltr' id='par_1_107' title="bbox 1867 4278 3482 4349">
     <span class='ocr_line' id='line_1_107' title="bbox 1867 4278 3482 4349; baseline 0.005 -17"><span class='ocrx_word' id='word_1_828' title='bbox 1867 4278 2128 4334; x_wconf 68' lang='lat' dir='ltr'><strong>.cmleste</strong></span> <span class='ocrx_word' id='word_1_829' title='bbox 2175 4282 2476 4349; x_wconf 90' lang='lat' dir='ltr'><strong>suspiciat;</strong></span> <span class='ocrx_word' id='word_1_830' title='bbox 2523 4282 2667 4336; x_wconf 89' lang='lat' dir='ltr'><strong>oculi</strong></span> <span class='ocrx_word' id='word_1_831' title='bbox 2717 4297 2826 4336; x_wconf 82' lang='lat' dir='ltr'><strong>non</strong></span> <span class='ocrx_word' id='word_1_832' title='bbox 2881 4282 3110 4337; x_wconf 87' lang='lat' dir='ltr'><strong>tendunt</strong></span> <span class='ocrx_word' id='word_1_833' title='bbox 3157 4283 3211 4338; x_wconf 90' lang='lat' dir='ltr'><strong>in</strong></span> <span class='ocrx_word' id='word_1_834' title='bbox 3258 4294 3482 4340; x_wconf 87' lang='lat' dir='ltr'><strong>terram.</strong></span> 
     </span>
    </p>
   </div>
   <div class='ocr_carea' id='block_1_108' title="bbox 1905 4366 3510 4448">
    <p class='ocr_par' dir='ltr' id='par_1_108' title="bbox 1905 4366 3510 4448">
     <span class='ocr_line' id='line_1_108' title="bbox 1905 4366 3510 4448; baseline 0.006 -28"><span class='ocrx_word' id='word_1_835' title='bbox 1905 4366 2173 4432; x_wconf 82' lang='lat' dir='ltr'><strong>Quocirca</strong></span> <span class='ocrx_word' id='word_1_836' title='bbox 2214 4386 2282 4424; x_wconf 88' lang='lat' dir='ltr'><strong>ne</strong></span> <span class='ocrx_word' id='word_1_837' title='bbox 2317 4371 2420 4423; x_wconf 89' lang='lat' dir='ltr'><strong>vim</strong></span> <span class='ocrx_word' id='word_1_838' title='bbox 2465 4369 2669 4425; x_wconf 86' lang='lat' dir='ltr'><strong>inferas</strong></span> <span class='ocrx_word' id='word_1_839' title='bbox 2705 4378 2916 4426; x_wconf 71' lang='lat' dir='ltr'><strong>natura:</strong></span> <span class='ocrx_word' id='word_1_840' title='bbox 2955 4381 3080 4427; x_wconf 70' lang='lat' dir='ltr'><strong>tuae.</strong></span> <span class='ocrx_word' id='word_1_841' title='bbox 3131 4371 3371 4429; x_wconf 88' lang='lat' dir='ltr'><strong>Terrena</strong></span> <span class='ocrx_word' id='word_1_842' title='bbox 3414 4391 3510 4448; x_wconf 86' lang='lat' dir='ltr'><strong>ne_</strong></span> 
     </span>
    </p>
   </div>
   <div class='ocr_carea' id='block_1_109' title="bbox 1905 4461 3481 4529">
    <p class='ocr_par' dir='ltr' id='par_1_109' title="bbox 1905 4461 3481 4529">
     <span class='ocr_line' id='line_1_109' title="bbox 1905 4461 3481 4529; baseline 0.006 -16"><span class='ocrx_word' id='word_1_843' title='bbox 1905 4471 2149 4529; x_wconf 85' lang='lat' dir='ltr'><strong>spectes,</strong></span> <span class='ocrx_word' id='word_1_844' title='bbox 2189 4462 2559 4517; x_wconf 75' lang='lat' dir='ltr'><strong>sed&#39;cmlestia</strong></span> <span class='ocrx_word' id='word_1_845' title='bbox 2582 4502 2597 4526; x_wconf 93' lang='lat'><strong>,</strong></span> <span class='ocrx_word' id='word_1_846' title='bbox 2633 4462 2724 4516; x_wconf 92' lang='lat' dir='ltr'><strong>ubi</strong></span> <span class='ocrx_word' id='word_1_847' title='bbox 2776 4461 3032 4519; x_wconf 86' lang='lat' dir='ltr'><strong>Christus</strong></span> <span class='ocrx_word' id='word_1_848' title='bbox 3068 4474 3171 4522; x_wconf 89' lang='lat' dir='ltr'><strong>est.</strong></span> <span class='ocrx_word' id='word_1_849' title='bbox 3204 4485 3222 4518; x_wconf 82' lang='grc' dir='ltr'><strong>ι</strong></span> <span class='ocrx_word' id='word_1_850' title='bbox 3253 4465 3309 4521; x_wconf 91' lang='lat' dir='ltr'><strong>Si</strong></span> <span class='ocrx_word' id='word_1_851' title='bbox 3345 4483 3481 4522; x_wconf 85' lang='lat' dir='ltr'><strong>eon-</strong></span> 
     </span>
    </p>
   </div>
   <div class='ocr_carea' id='block_1_110' title="bbox 1905 4553 3482 4627">
    <p class='ocr_par' dir='ltr' id='par_1_110' title="bbox 1905 4553 3482 4627">
     <span class='ocr_line' id='line_1_110' title="bbox 1905 4553 3482 4627; baseline 0.004 -19"><span class='ocrx_word' id='word_1_852' title='bbox 1905 4553 2212 4617; x_wconf 80' lang='lat' dir='ltr'><strong>surrexisti,</strong></span> <span class='ocrx_word' id='word_1_853' title='bbox 2248 4572 2265 4604; x_wconf 77' lang='grc' dir='ltr'><strong>ι</strong></span> <span class='ocrx_word' id='word_1_854' title='bbox 2289 4554 2484 4623; x_wconf 88' lang='lat' dir='ltr'><strong>inquit,</strong></span> <span class='ocrx_word' id='word_1_855' title='bbox 2509 4572 2527 4604; x_wconf 89' lang='grc' dir='ltr'><strong>ι</strong></span> <span class='ocrx_word' id='word_1_856' title='bbox 2552 4570 2676 4608; x_wconf 85' lang='grc' dir='ltr'>ειιιιι</span> <span class='ocrx_word' id='word_1_857' title='bbox 2695 4555 2934 4619; x_wconf 87' lang='lat' dir='ltr'><strong>Christo,</strong></span> <span class='ocrx_word' id='word_1_858' title='bbox 2959 4573 3078 4627; x_wconf 71' lang='lat' dir='ltr'><strong>quae</strong></span> <span class='ocrx_word' id='word_1_859' title='bbox 3095 4574 3310 4613; x_wconf 87' lang='lat' dir='ltr'><strong>sursum</strong></span> <span class='ocrx_word' id='word_1_860' title='bbox 3332 4569 3482 4624; x_wconf 87' lang='lat' dir='ltr'><strong>sunt,</strong></span> 
     </span>
    </p>
   </div>
   <div class='ocr_carea' id='block_1_111' title="bbox 1903 4645 3480 4718">
    <p class='ocr_par' dir='ltr' id='par_1_111' title="bbox 1903 4645 3480 4718">
     <span class='ocr_line' id='line_1_111' title="bbox 1903 4645 3480 4718; baseline 0.003 -20"><span class='ocrx_word' id='word_1_861' title='bbox 1903 4645 2158 4714; x_wconf 85' lang='lat' dir='ltr'><strong>quaerite,</strong></span> <span class='ocrx_word' id='word_1_862' title='bbox 2188 4646 2277 4700; x_wconf 92' lang='lat' dir='ltr'><strong>ubi</strong></span> <span class='ocrx_word' id='word_1_863' title='bbox 2303 4645 2555 4700; x_wconf 87' lang='lat' dir='ltr'><strong>Christus</strong></span> <span class='ocrx_word' id='word_1_864' title='bbox 2578 4647 2728 4701; x_wconf 85' lang='lat' dir='ltr'><strong>est&quot;.</strong></span> <span class='ocrx_word' id='word_1_865' title='bbox 2755 4665 2772 4697; x_wconf 82' lang='grc' dir='ltr'><strong>ι</strong></span> <span class='ocrx_word' id='word_1_866' title='bbox 2793 4646 2884 4702; x_wconf 85' lang='lat' dir='ltr'><strong>Si&#39;c</strong></span> <span class='ocrx_word' id='word_1_867' title='bbox 2907 4649 3074 4718; x_wconf 82' lang='lat' dir='ltr'><strong>igitur</strong></span> <span class='ocrx_word' id='word_1_868' title='bbox 3097 4649 3360 4703; x_wconf 83' lang='lat' dir='ltr'><strong>formatus</strong></span> <span class='ocrx_word' id='word_1_869' title='bbox 3385 4665 3446 4704; x_wconf 88' lang='lat' dir='ltr'><strong>es</strong></span> <span class='ocrx_word' id='word_1_870' title='bbox 3463 4689 3480 4712; x_wconf 92' lang='lat'><strong>,</strong></span> 
     </span>
    </p>
   </div>
   <div class='ocr_carea' id='block_1_112' title="bbox 1901 4734 3480 4810">
    <p class='ocr_par' dir='ltr' id='par_1_112' title="bbox 1901 4734 3480 4810">
     <span class='ocr_line' id='line_1_112' title="bbox 1901 4734 3480 4810; baseline 0.004 -19"><span class='ocrx_word' id='word_1_871' title='bbox 1901 4743 1956 4791; x_wconf 86' lang='lat' dir='ltr'><strong>et</strong></span> <span class='ocrx_word' id='word_1_872' title='bbox 1993 4734 2167 4790; x_wconf 90' lang='lat' dir='ltr'><strong>forma</strong></span> <span class='ocrx_word' id='word_1_873' title='bbox 2206 4743 2298 4790; x_wconf 88' lang='lat' dir='ltr'><strong>tua</strong></span> <span class='ocrx_word' id='word_1_874' title='bbox 2337 4746 2390 4793; x_wconf 90' lang='lat' dir='ltr'><strong>te</strong></span> <span class='ocrx_word' id='word_1_875' title='bbox 2429 4746 2645 4804; x_wconf 87' lang='lat' dir='ltr'><strong>monet,</strong></span> <span class='ocrx_word' id='word_1_876' title='bbox 2679 4738 2745 4793; x_wconf 92' lang='lat' dir='ltr'><strong>ad</strong></span> <span class='ocrx_word' id='word_1_877' title='bbox 2787 4753 2950 4810; x_wconf 86' lang='lat' dir='ltr'><strong>quem</strong></span> <span class='ocrx_word' id='word_1_878' title='bbox 2985 4749 3147 4796; x_wconf 90' lang='lat' dir='ltr'><strong>natus</strong></span> <span class='ocrx_word' id='word_1_879' title='bbox 3182 4742 3260 4796; x_wconf 85' lang='lat' dir='ltr'><strong>sis</strong></span> <span class='ocrx_word' id='word_1_880' title='bbox 3294 4741 3480 4797; x_wconf 85' lang='lat' dir='ltr'><strong>finem.</strong></span> 
     </span>
    </p>
   </div>
   <div class='ocr_carea' id='block_1_113' title="bbox 1902 4827 3479 4902">
    <p class='ocr_par' dir='ltr' id='par_1_113' title="bbox 1902 4827 3479 4902">
     <span class='ocr_line' id='line_1_113' title="bbox 1902 4827 3479 4902; baseline 0.003 -19"><span class='ocrx_word' id='word_1_881' title='bbox 1902 4827 2126 4884; x_wconf 87' lang='lat' dir='ltr'><strong>Genitus</strong></span> <span class='ocrx_word' id='word_1_882' title='bbox 2156 4843 2215 4883; x_wconf 91' lang='lat' dir='ltr'><strong>es</strong></span> <span class='ocrx_word' id='word_1_883' title='bbox 2239 4869 2253 4891; x_wconf 88' lang='lat'><strong>,</strong></span> <span class='ocrx_word' id='word_1_884' title='bbox 2285 4836 2346 4884; x_wconf 83' lang='lat' dir='ltr'><strong>ut</strong></span> <span class='ocrx_word' id='word_1_885' title='bbox 2383 4827 2552 4885; x_wconf 89' lang='lat' dir='ltr'><strong>Deum</strong></span> <span class='ocrx_word' id='word_1_886' title='bbox 2588 4831 2773 4886; x_wconf 88' lang='lat' dir='ltr'><strong>videas</strong></span> <span class='ocrx_word' id='word_1_887' title='bbox 2807 4841 2860 4885; x_wconf 93' lang='lat' dir='ltr'><strong>et</strong></span> <span class='ocrx_word' id='word_1_888' title='bbox 2901 4831 3288 4902; x_wconf 88' lang='lat' dir='ltr'><strong>contempleris</strong></span> <span class='ocrx_word' id='word_1_889' title='bbox 3310 4874 3325 4897; x_wconf 94' lang='lat'><strong>,</strong></span> <span class='ocrx_word' id='word_1_890' title='bbox 3371 4849 3479 4887; x_wconf 87' lang='lat' dir='ltr'><strong>non</strong></span> 
     </span>
    </p>
   </div>
   <div class='ocr_carea' id='block_1_114' title="bbox 1901 4921 3479 4993">
    <p class='ocr_par' dir='ltr' id='par_1_114' title="bbox 1901 4921 3479 4993">
     <span class='ocr_line' id='line_1_114' title="bbox 1901 4921 3479 4993; baseline 0.001 -17"><span class='ocrx_word' id='word_1_891' title='bbox 1901 4931 1961 4976; x_wconf 85' lang='lat' dir='ltr'><strong>ut</strong></span> <span class='ocrx_word' id='word_1_892' title='bbox 1992 4922 2143 4975; x_wconf 90' lang='lat' dir='ltr'><strong>humi</strong></span> <span class='ocrx_word' id='word_1_893' title='bbox 2176 4921 2388 4992; x_wconf 90' lang='lat' dir='ltr'><strong>dejecta</strong></span> <span class='ocrx_word' id='word_1_894' title='bbox 2422 4931 2608 4993; x_wconf 89' lang='lat' dir='ltr'><strong>serpat</strong></span> <span class='ocrx_word' id='word_1_895' title='bbox 2640 4923 2750 4976; x_wconf 90' lang='lat' dir='ltr'><strong>vita</strong></span> <span class='ocrx_word' id='word_1_896' title='bbox 2789 4931 2911 4985; x_wconf 88' lang='lat' dir='ltr'><strong>tua,</strong></span> <span class='ocrx_word' id='word_1_897' title='bbox 2950 4938 3060 4976; x_wconf 88' lang='lat' dir='ltr'><strong>non</strong></span> <span class='ocrx_word' id='word_1_898' title='bbox 3102 4933 3160 4977; x_wconf 91' lang='lat' dir='ltr'><strong>ut</strong></span> <span class='ocrx_word' id='word_1_899' title='bbox 3206 4922 3479 4992; x_wconf 88' lang='lat' dir='ltr'><strong>pecudum</strong></span> 
     </span>
    </p>
   </div>
   <div class='ocr_carea' id='block_1_115' title="bbox 1899 5012 3474 5084">
    <p class='ocr_par' dir='ltr' id='par_1_115' title="bbox 1899 5012 3474 5084">
     <span class='ocr_line' id='line_1_115' title="bbox 1899 5012 3474 5084; baseline 0.003 -19"><span class='ocrx_word' id='word_1_900' title='bbox 1899 5012 2207 5082; x_wconf 87' lang='lat' dir='ltr'><strong>voluptates</strong></span> <span class='ocrx_word' id='word_1_901' title='bbox 2233 5013 2592 5077; x_wconf 88' lang='lat' dir='ltr'><strong>consecteris,</strong></span> <span class='ocrx_word' id='word_1_902' title='bbox 2622 5012 2714 5067; x_wconf 90' lang='lat' dir='ltr'><strong>sed</strong></span> <span class='ocrx_word' id='word_1_903' title='bbox 2745 5019 2804 5065; x_wconf 91' lang='lat' dir='ltr'><strong>ut</strong></span> <span class='ocrx_word' id='word_1_904' title='bbox 2826 5013 2994 5066; x_wconf 91' lang='lat' dir='ltr'><strong>vitam</strong></span> <span class='ocrx_word' id='word_1_905' title='bbox 3019 5012 3296 5069; x_wconf 81' lang='lat' dir='ltr'><strong>caelestem</strong></span> <span class='ocrx_word' id='word_1_906' title='bbox 3323 5030 3474 5084; x_wconf 85' lang='lat' dir='ltr'><strong>agas.</strong></span> 
     </span>
    </p>
   </div>
   <div class='ocr_carea' id='block_1_116' title="bbox 1900 5102 3476 5176">
    <p class='ocr_par' dir='ltr' id='par_1_116' title="bbox 1900 5102 3476 5176">
     <span class='ocr_line' id='line_1_116' title="bbox 1900 5102 3476 5176; baseline 0.003 -19"><span class='ocrx_word' id='word_1_907' title='bbox 1900 5103 2108 5157; x_wconf 81' lang='lat' dir='ltr'><strong>idcirco</strong></span> <span class='ocrx_word' id='word_1_908' title='bbox 2155 5103 2414 5172; x_wconf 88' lang='lat' dir='ltr'><strong>sapientis</strong></span> <span class='ocrx_word' id='word_1_909' title='bbox 2463 5103 2604 5156; x_wconf 87' lang='lat' dir='ltr'><strong>oculi</strong></span> <span class='ocrx_word' id='word_1_910' title='bbox 2655 5102 2754 5174; x_wconf 87' lang='lat' dir='ltr'><strong>(ut</strong></span> <span class='ocrx_word' id='word_1_911' title='bbox 2793 5105 3015 5173; x_wconf 86' lang='lat' dir='ltr'><strong>sapiens</strong></span> <span class='ocrx_word' id='word_1_912' title='bbox 3063 5106 3239 5176; x_wconf 89' lang='lat' dir='ltr'><strong>inquit</strong></span> <span class='ocrx_word' id='word_1_913' title='bbox 3285 5105 3476 5162; x_wconf 83' lang='lat' dir='ltr'><strong>Eccle-</strong></span> 
     </span>
    </p>
   </div>
   <div class='ocr_carea' id='block_1_117' title="bbox 1897 5192 3475 5265">
    <p class='ocr_par' dir='ltr' id='par_1_117' title="bbox 1897 5192 3475 5265">
     <span class='ocr_line' id='line_1_117' title="bbox 1897 5192 3475 5265; baseline 0.001 -17"><span class='ocrx_word' id='word_1_914' title='bbox 1897 5192 2141 5265; x_wconf 84' lang='lat' dir='ltr'><strong>siastes)</strong></span> <span class='ocrx_word' id='word_1_915' title='bbox 2170 5194 2224 5248; x_wconf 92' lang='lat' dir='ltr'><strong>in</strong></span> <span class='ocrx_word' id='word_1_916' title='bbox 2246 5195 2424 5264; x_wconf 87' lang='lat' dir='ltr'><strong>capite</strong></span> <span class='ocrx_word' id='word_1_917' title='bbox 2443 5233 2457 5257; x_wconf 90' lang='lat'><strong>,</strong></span> <span class='ocrx_word' id='word_1_918' title='bbox 2492 5201 2620 5249; x_wconf 87' lang='lat' dir='ltr'><strong>sunt</strong></span> <span class='ocrx_word' id='word_1_919' title='bbox 2648 5193 2822 5264; x_wconf 87' lang='lat' dir='ltr'><strong>ipsius</strong></span> <span class='ocrx_word' id='word_1_920' title='bbox 2843 5194 2882 5247; x_wconf 74' lang='grc'>⁸.</span> <span class='ocrx_word' id='word_1_921' title='bbox 2920 5193 3031 5249; x_wconf 85' lang='lat' dir='ltr'><strong>Cur</strong></span> <span class='ocrx_word' id='word_1_922' title='bbox 3058 5204 3236 5250; x_wconf 89' lang='lat' dir='ltr'><strong>autem</strong></span> <span class='ocrx_word' id='word_1_923' title='bbox 3267 5212 3374 5250; x_wconf 92' lang='lat' dir='ltr'><strong>non</strong></span> <span class='ocrx_word' id='word_1_924' title='bbox 3407 5197 3475 5250; x_wconf 87' lang='lat' dir='ltr'><strong>ad</strong></span> 
     </span>
    </p>
   </div>
   <div class='ocr_carea' id='block_1_118' title="bbox 1896 5283 3472 5356">
    <p class='ocr_par' dir='ltr' id='par_1_118' title="bbox 1896 5283 3472 5356">
     <span class='ocr_line' id='line_1_118' title="bbox 1896 5283 3472 5356; baseline -0.001 -16"><span class='ocrx_word' id='word_1_925' title='bbox 1896 5293 2059 5356; x_wconf 91' lang='lat' dir='ltr'><strong>caput</strong></span> <span class='ocrx_word' id='word_1_926' title='bbox 2081 5285 2176 5341; x_wconf 91' lang='lat' dir='ltr'><strong>sed</strong></span> <span class='ocrx_word' id='word_1_927' title='bbox 2204 5285 2261 5339; x_wconf 91' lang='lat' dir='ltr'><strong>in</strong></span> <span class='ocrx_word' id='word_1_928' title='bbox 2290 5283 2506 5355; x_wconf 85' lang='lat' dir='ltr'><strong>capite?</strong></span> <span class='ocrx_word' id='word_1_929' title='bbox 2528 5299 2723 5353; x_wconf 84' lang='lat' dir='ltr'><strong>nempe</strong></span> <span class='ocrx_word' id='word_1_930' title='bbox 2759 5291 2816 5338; x_wconf 91' lang='lat' dir='ltr'><strong>nt</strong></span> <span class='ocrx_word' id='word_1_931' title='bbox 2845 5301 2967 5356; x_wconf 64' lang='lat' dir='ltr'><strong>quae</strong></span> <span class='ocrx_word' id='word_1_932' title='bbox 2999 5287 3213 5340; x_wconf 81' lang='lat' dir='ltr'><strong>excelsa</strong></span> <span class='ocrx_word' id='word_1_933' title='bbox 3248 5302 3309 5340; x_wconf 84' lang='lat' dir='ltr'><strong>ae</strong></span> <span class='ocrx_word' id='word_1_934' title='bbox 3343 5287 3472 5338; x_wconf 78' lang='lat' dir='ltr'><strong>sub-</strong></span> 
     </span>
    </p>
   </div>
   <div class='ocr_carea' id='block_1_119' title="bbox 1897 5376 3469 5447">
    <p class='ocr_par' dir='ltr' id='par_1_119' title="bbox 1897 5376 3469 5447">
     <span class='ocr_line' id='line_1_119' title="bbox 1897 5376 3469 5447; baseline -0.003 -15"><span class='ocrx_word' id='word_1_935' title='bbox 1897 5378 2045 5433; x_wconf 89' lang='lat' dir='ltr'><strong>limia</strong></span> <span class='ocrx_word' id='word_1_936' title='bbox 2092 5385 2254 5444; x_wconf 87' lang='lat' dir='ltr'><strong>sunt,</strong></span> <span class='ocrx_word' id='word_1_937' title='bbox 2299 5378 2612 5432; x_wconf 87' lang='lat' dir='ltr'><strong>intueantur</strong></span> <span class='ocrx_word' id='word_1_938' title='bbox 2645 5386 2698 5432; x_wconf 86' lang='lat' dir='ltr'><strong>et</strong></span> <span class='ocrx_word' id='word_1_939' title='bbox 2734 5376 3020 5447; x_wconf 73' lang='lat' dir='ltr'><strong>spectent.&#39;</strong></span> <span class='ocrx_word' id='word_1_940' title='bbox 3061 5377 3163 5444; x_wconf 85' lang='lat' dir='ltr'><strong>Qui</strong></span> <span class='ocrx_word' id='word_1_941' title='bbox 3197 5386 3373 5433; x_wconf 82' lang='lat' dir='ltr'><strong>autem</strong></span> <span class='ocrx_word' id='word_1_942' title='bbox 3405 5389 3469 5429; x_wconf 88' lang='lat' dir='ltr'><strong>ea</strong></span> 
     </span>
    </p>
   </div>
  </div>
