4088 6210
455 1521 464 1529 ί
571 1503 778 1589 canalis
818 1502 927 1555 coit
967 1509 1022 1555 et
1065 1500 1374 1570 copulatur.
1423 1497 1616 1553 Nonne
1637 1497 1916 1568 conSpicis
1944 1511 2142 1557 senes,

555 214 660 272 9.95
1808 211 1865 266 S.
1907 208 2231 266 GREGO‘RII
2262 204 2562 262 NYSS‘ENI
3692 197 3807 253 296

557 350 666 390 non
695 330 922 401 aspicit,
951 325 1045 384 "sed
1073 332 1289 381 terrena
1309 366 1324 391 ,
1352 323 1399 381 is
1422 324 1610 381 oculos
1639 325 1788 380 humi
1820 326 2030 380 deﬁxos
2058 339 2122 378 ac
2154 330 2171 385 ι

2270 323 2529 392 ρθαλμοὺς
2574 319 2684 390 ἔχει
2718 321 2796 381 εἰς
2827 320 2928 388 γῆν
2967 316 3311 389 συρομένους.
3357 313 3653 384 Ὁφθαλμοὶ
3687 316 3838 401 τοι--

558 400 800 490 sepultos
850 419 1033 472 habet.
1083 413 1244 470 Oculi
1287 430 1418 485 ergo
1461 413 1704 469 rotundi.
1759 414 1934 484 Caput
1965 427 2130 483 super

2270 431 2322 465 δν
2381 410 2642 479 κάθηνται
2703 407 3048 477 κυκλοτερεῖς
3069 445 3087 469 ,
3148 403 3390 474 κεφαλῆς
3446 400 3805 471 ἐπικειμένης

559 515 818 568 humeros
842 508 1082 579 positum
1105 547 1120 572 ,
1151 521 1261 561 non
1297 521 1670 576 compressmn
1695 545 1706 569 ,
1737 520 1803 561 ne
1830 507 1901 558 sit
1930 503 2132 557 humile

2270 503 2338 565 οἷς
2377 500 2566 571 ῶμοις.
2609 498 2742 552 Οὐδὲ
2777 496 2913 566 αὐτὴ
2964 495 3296 560 ἐνδεδυκυῖα,
3327 494 3415 546 ἶνα
3459 492 3532 563 μὴ
3568 492 3810 561 ταπεινὴ

561 613 724 672 atque
761 600 1065 669 abjectum,
1104 596 1200 652 sed
1233 596 1432 650 decoro
1469 596 1700 652 cervicis
1741 596 1979 650 culmine
2023 593 2131 646 ful-

2284 607 2296 621 ·
2365 589 2478 642 ἀλλ’
2540 587 2819 658 ἐρείσματι
2891 584 3151 654 ἀξιολόγῳ
3209 581 3288 653 τῷ
3347 581 3532 651 αὐχένι
3585 582 3807 634 ἐπίκει-

564 703 677 746 tum
704 692 915 745 tollitur
939 689 994 743 in
1022 689 1274 744 sublime.
1302 687 1544 743 Gemina:
1579 689 1862 742 oculorum
1898 685 2128 756 pupulas.

2270 699 2342 734 αι.
2373 681 2516 733 Ἀνω
2550 681 2583 748 ῂ
2624 677 2868 747 κεφαλὴ,
2924 675 3018 729 καὶ
3059 673 3324 743 ὀφθαλμοὶ
3363 672 3573 741 δίδυμοι
3627 671 3806 740 βολαί.

561 770 753 838 Nonne
785 781 920 838 satis
953 797 1094 835 unus
1132 788 1252 834 erat
1289 780 1530 834 oculus?
1559 795 1659 834 cur
1688 780 1852 850 igitur
1885 779 1993 832 duo
2021 778 2132 832 dati

2270 773 2346 823 ιύκ
2371 771 2550 840 ἤρκει,
2581 768 2701 821 εἰπέ
2733 783 2843 836 μοι,
2874 761 2989 830 sic;
3033 764 3189 818 Ἀλλά
3226 763 3320 816 δύο
3345 761 3612 832 ὀφθαλμοὶ
3640 761 3814 831 ἀλλή-

563 873 736 930 snnt?
761 879 818 925 ut
841 870 945 925 sibi
970 869 1211 924 vicissim
1233 876 1420 923 essent
1441 869 1646 923 auxilio
1665 908 1680 931 ,
1707 876 1768 922 ut
1801 868 2133 923 deﬁcientem

2270 879 2341 915 ων
2368 861 2630 929 διάδοχοι,
2663 858 2749 911 ἵνα
2774 859 2806 926 ἠ
2837 855 2930 909 τοῦ
2963 856 3079 918 ἑνὸς
3107 855 3347 918 διάλυσις
3368 855 3466 924 τὴν
3496 852 3590 906 τοῦ
3615 853 3811 925 ἑτέρου

565 978 731 1016 unum
781 962 919 1016 alter
955 961 1354 1015 consolaretur.
1391 956 1693 1022 Praeterea,
1746 959 1874 1027 quia
1922 955 2135 1010 videndi

2270 950 2585 1022 εαραμυθίαν
2615 948 2734 1019 ἔχῃ.
2775 949 3004 1000 Ἔπειτα
3043 948 3136 1000 καὶ
3169 947 3275 1000 ἀπὸ
3320 946 3436 1009 ὲνδς
3471 945 3813 1016 προερχόμε-

564 1052 647 1107 vis
677 1053 722 1106 si
757 1051 826 1106 ab
854 1064 965 1104 uno
994 1057 1205 1102 tantum
1237 1046 1564 1116 proﬂueret,
1596 1055 1742 1101 esset
1773 1044 2135 1108 imbecillior;

567 1158 597 1195 a
627 1142 842 1196 duobus
872 1149 1052 1194 autem
1087 1139 1331 1193 fontibus
1355 1153 1646 1200 emanans,
1685 1136 1894 1190 ﬁrmior
1917 1142 2020 1190 est.
2054 1125 2140 1187 Si-

569 1233 679 1285 mul
708 1232 854 1286 enim
889 1230 1144 1298 utrinque
1171 1229 1525 1298 progrediens
1547 1266 1563 1291 ,
1591 1234 1644 1282 et
1672 1241 2027 1289 concurrens,
2059 1231 2140 1277 at--

2270 1223 2400 1277 οῦσα
2435 1222 2542 1293 γάρ
2571 1225 2604 1290 ὴ
2630 1221 2772 1290 ὄψις,
2805 1220 2938 1289 ὁμοῦ
2976 1221 3071 1289 μὲν
3105 1219 3578 1290 προσαναπαύεται
3602 1217 3677 1288 τῷ
3694 1217 3817 1270 δια-

569 1337 673 1392 que
695 1322 749 1375 in
777 1335 942 1374 unum
967 1317 1247 1375 conﬁuens
1270 1318 1638 1388 eonjungitur.
1665 1317 1876 1373 Etenim
1902 1317 1969 1370 ab
1996 1324 2141 1370 utro-

2275 1315 2552 1386 ειχίσματι
2584 1313 2685 1382 τῆς
2713 1312 2874 1383 ῥινὸς,
2910 1311 3043 1380 ὁμοῦ
3067 1309 3124 1362 δὲ
3158 1309 3541 1382 προκύπτουσα
3574 1307 3812 1361 ἑνοῦταιο

570 1428 676 1483 que
709 1411 867 1466 oculo
901 1421 1155 1480 tanquam
1183 1424 1212 1462 a
1239 1409 1442 1479 duplici
1477 1407 1678 1479 Euripo
1704 1409 1861 1478 longe
1888 1406 2143 1477 prodiens

2270 1398 2352 1457 ἴον
2369 1403 2477 1473 γάρ
2506 1420 2589 1465 τις
2611 1402 2794 1470 όχετδς
2815 1400 2908 1468 ἀφ’
2938 1399 3198 1470 ἑκατέρας
3224 1399 3322 1468 τῆς
3346 1397 3518 1466 ὅψεως
3547 1397 3813 1468 πρόεισιν,

2245 1492 2492 1546 ἐντεῦθεν
2513 1492 2669 1545 τοῦτο
2692 1491 2753 1543 τὸ
2780 1490 3056 1561 ὁρατικὸν,
3087 1487 3335 1542 κάκεῖθεν
3368 1489 3559 1540 ἐκεῖνο.
3588 1489 3816 1560 Πόρρω-

571 1593 662 1660 qui
701 1575 787 1645 res
833 1591 886 1643 in
933 1589 1239 1660 propinquo
1286 1589 1422 1644 sitas
1467 1587 1668 1642 intueri
1716 1602 1825 1640 non
1871 1586 2147 1656 possunt?

2270 1594 2334 1635 ἐν
2365 1582 2420 1635 δὲ
2446 1583 2511 1650 τῇ
2550 1579 2789 1650 συμϐολῇ
2816 1577 3028 1630 ἑνοῦται
3047 1593 3060 1606 ·
3084 1576 3368 1646 ἑνούμενον
3388 1575 3444 1628 δὲ
3468 1575 3818 1646 ἰσχυρότερον

575 1658 676 1738 Ubi
725 1689 903 1736 autem
934 1658 1175 1736 iobtutus
1206 1689 1466 1748 tanquam
1497 1679 1955 1735 concurrentibus
1985 1678 2144 1732 undis

2270 1669 2470 1722 ’ίνεται.
2499 1667 2594 1730 Τίς
2621 1670 2653 1736 ἡ
2696 1664 2967 1728 ἀπόδειξις
3007 1664 3089 1716 ὅτι
3120 1662 3331 1716 ἑνοῦται
3357 1679 3371 1726 ;
3402 1663 3498 1732 οὐχ
3530 1663 3660 1733 ὁρᾷς
3688 1662 3821 1725 τοὺς

575 1775 629 1825 in
663 1788 830 1826 unum
863 1770 1223 1832 conﬁnxerit,
1258 1784 1348 1822 res
1383 1769 1515 1838 ipsa:
1549 1768 1760 1824 ﬁrmius
1789 1768 2146 1839 comprehen-

2270 1765 2504 1834 γέροντας
2525 1802 2540 1828 ,
2557 1759 2634 1812 ὅτι
2653 1756 2779 1828 πρὸς
2793 1755 2857 1808 τά
2876 1754 2969 1825 μὲν
2985 1751 3144 1818 ἐγγὺς
3157 1753 3214 1806 οὐ
3233 1752 3510 1822 βλέπουσιν
3527 1773 3541 1820 ;
3598 1755 3822 1825 Ἐπειδὴ

575 1856 799 1910 duntur.
830 1854 950 1910 Jam
979 1857 1262 1912 oculorum
1292 1857 1556 1910 custodiae
1583 1873 1744 1926 quam
1773 1859 1957 1912 multa:
1986 1859 2142 1913 sunt!

2270 1853 2357 1924 τὰρ
2388 1851 2611 1913 ἀσθενές
2654 1851 2766 1902 ἔστι
2805 1849 2866 1901 τὸ
2917 1847 3165 1918 ὁρατικὸν
3213 1845 3543 1916 σχιζόμενον,
3570 1846 3628 1896 τὸ
3651 1846 3824 1913 ἐγγὺς

575 1945 784 2002 Tunica
820 1947 970 2002 intus
1005 1962 1148 2014 una,
1185 1945 1279 2002 sed
1312 1947 1427 2000 haec
1461 1962 1573 2002 non
1603 1959 1722 2003 erat
1756 1949 1894 2004 satis
1924 1967 1939 2015 ;
1975 1963 2151 2018 neque

2270 1945 2345 2014 ιύχ
2391 1943 2526 2013 όρᾷο
2578 1941 2708 1996 ὅπου
2756 1939 2812 1992 δὲ
2858 1941 2897 2008 ἡ
2926 1937 3167 2007 συμϐολὴ
3221 1937 3311 2006 τῆς
3355 1937 3528 2004 ὖψεως
3557 1930 3668 1988 οἷον
3724 1938 3828 1991 ἐπὶ

574 2039 718 2093 enim
767 2039 964 2092 molem
1008 2052 1115 2091 una
1156 2037 1469 2095 conﬁceret.
1525 2039 1669 2103 Aut,
1720 2039 1766 2093 si
1810 2040 2147 2103 conﬁceret,

2270 2033 2586 2104 τλημμύρας
2611 2031 2753 2093 τινὸς
2795 2029 2936 2082 κατὰ
2970 2029 3066 2096 τὴν
3103 2028 3224 2097 ὄψιν
3252 2027 3560 2096 γινομένης,
3593 2028 3829 2079 εὐτονω-

576 2127 944 2182 crassitudine
992 2142 1096 2181 sua
1151 2127 1414 2181 cernendi
1468 2127 1574 2180 vim
1622 2128 1934 2198 obtegeret,
1988 2137 2152 2197 atque

2270 2125 2383 2195 :épat
2415 2124 2620 2192 γίνεται
2670 2119 2777 2172 τῶν
2841 2117 3113 2188 αἰσθητῶν
3142 2119 3174 2186 ἡ
3211 2115 3500 2193 ἀνάληψις..
3525 2117 3633 2170 Καὶ⁵
3658 2115 3831 2169 πόσαι

2239 1062 2329 1096 νον
2375 1042 2436 1095 τὸ
2487 1040 2740 1113 ὁρατικὸν
2767 1079 2782 1102 ,
2814 1039 3200 1108 ἀσθενέστερον
3237 1052 3250 1065 ⁸
3283 1039 3346 1090 ὲκ
3377 1037 3433 1090 δὲ
3473 1036 3566 1090 δύο
3615 1035 3813 1104 πηγῶν

2241 1132 2676 1204 συμϐαλλόμενος
2709 1132 2738 1183 6
2771 1128 2927 1192 ὁλκὸς
2949 1169 2964 1193 ,
2995 1128 3350 1199 εὐτονώτε“ρος
3403 1129 3626 1195 γίνεται.
3661 1128 3813 1197 Προ-

578 2219 884 2296 impediret.
911 2217 1276 2284 Quamobrem
1303 2233 1530 2273 necesse
1559 2217 1663 2272 fuit
1683 2256 1699 2282 ,
1731 2226 1790 2273 ut
1816 2227 1962 2274 esset
1988 2221 2151 2274 etiam

580 2310 900 2381 perspicua,
944 2317 998 2364 et
1034 2309 1190 2364 levis.
1227 2308 1344 2364 Una
1391 2311 1556 2378 igitur
1604 2311 1930 2380 perspicua,
1983 2311 2154 2368 altera

579 2401 761 2455 tenuis
787 2415 802 2464 ;
827 2400 916 2453 illa
939 2399 1159 2469 quidem
1187 2400 1502 2469 crystallina
1524 2437 1538 2462 ,
1566 2399 1680 2454 haec
1705 2409 1884 2454 autem
1919 2415 2153 2470 cornea;

579 2498 634 2544 et
663 2504 782 2559 qua:
813 2489 1078 2559 protegit,
1105 2490 1334 2554 ﬁrmior,
1359 2505 1480 2559 quae
1509 2491 1654 2546 intus
1679 2499 1795 2554 est,
1823 2491 2062 2558 tenuior,
2089 2508 2160 2547 ne

583 2581 786 2634 aditum
838 2580 1268 2646 intercluderet,
1307 2580 1470 2636 tertia
1517 2582 1834 2652 crystallina
1859 2623 1871 2646 ,
1921 2591 1982 2636 ιιι
2015 2584 2068 2636 in
2100 2598 2160 2638 se

584 2672 929 2744 splendorem
967 2673 1325 2742 conspicuum
1364 2673 1693 2727 contineret.
1731 2673 2012 2729 Accedunt
2043 2675 2159 2744 pal-

585 2763 798 2833 pebrae,
833 2777 955 2831 qua:
991 2770 1119 2817 sunt
1146 2761 1432 2816 oculorum
1467 2763 1841 2832 integumenta
1863 2805 1879 2830 ,
1931 2775 1986 2820 et
2038 2779 2162 2834 pro«

586 2853 889 2924 pugnacula
941 2863 995 2908 et
1049 2853 1359 2917 domicilia,
1420 2863 1582 2924 atque
1635 2855 1936 2910 custodes:
1989 2853 2164 2926 neque

2255 2215 2380 2286 περὶ
2406 2213 2495 2266 τὸν
2522 2211 2796 2281 ὀφθαλμὸν
2828 2208 3064 2278 φυλακαί
3092 2225 3106 2273 ;
3141 2206 3316 2261 Χιτὼν
3339 2207 3545 2260 ἔνδοθεν
3563 2224 3576 2238 ·
3603 2207 3696 2260 καὶ
3721 2208 3833 2260 οὐκ

2255 2307 2417 2377 άρκεῖ
2451 2298 2605 2365 οὗτος
2631 2319 2643 2332 ·
2679 2303 2737 2354 οὐ
2788 2300 2898 2372 γὰρ
2926 2299 3156 2369 ἠδύνατο
3207 2295 3286 2361 εἰς
3337 2298 3512 2368 παχὺς
3553 2295 3712 2352 εἷναι.
3762 2297 3834 2349 Εἰ

2256 2397 2432 2466 παχὺς
2471 2390 2570 2466 ἦν,
2613 2392 2984 2463 προκάλυμμα
3033 2390 3097 2444 ἂν
3124 2387 3191 2461 ἦν
3229 2391 3327 2460 τῆς
3361 2390 3556 2460 ὅψεως.
3591 2391 3739 2444 Ἔδει
3771 2391 3838 2445 δὲ

2256 2489 2509 2558 διαφανὲς
2535 2483 2675 2540 εἶναι
2713 2483 2807 2537 καὶ
2850 2483 3103 2553 ἐλαφρόν.
3135 2483 3340 2536 Οὐκοῦν
3368 2477 3445 2546 εἷς
3470 2483 3716 2553 διαυγὴς,
3749 2477 3839 2546 εἷς

2259 2581 2480 2653 άραιός’
2513 2583 2540 2633 6
2584 2579 2681 2649 μὲν
2713 2575 3160 2649 κρυσταλλοειδὴς
3180 2616 3194 2640 ,
3231 2577 3260 2629 6
3302 2575 3359 2628 δὲ
3394 2577 3778 2647 κερατοειδήςο
3808 2579 3840 2630 6

2263 2670 2781 2745 προκεκαλυμμένος
2813 2667 3218 2738 ἱσχυρότερος,ὁ
3245 2667 3458 2721 ἔνδοθεν
3488 2669 3838 2740 ἀραιότερος,

2263 2767 2347 2818 ἵνα
2384 2765 2458 2835 μὴ
2484 2763 2665 2833 κωλύῃ
2694 2762 2790 2833 τὴν
2839 2760 3086 2831 πάροδον.
3132 2760 3191 2814 ’0
3220 2759 3398 2831 τρίτος
3449 2760 3844 2831 κρυσταλλοειο

2263 2856 2377 2926 δὴς,
2413 2835 2506 2908 Iv;
2533 2857 2590 2906 ὲν
2623 2853 2800 2923 ἑαυτῷ
2846 2851 2943 2921 τὴν
2981 2851 3216 2922 ἔμφασιν
3267 2853 3360 2905 καὶ
3413 2853 3510 2921 τὴν
3555 2851 3845 2920 διαύγειαν

588 2945 730 2999 enim
762 2960 958 2999 manus
990 2960 1086 3000 eos
1122 2945 1261 2999 tueri
1297 2945 1622 3014 potuissent.
1660 2944 1794 3000 Nam
1832 2947 1960 3000 dum
1990 2948 2165 3002 oculis

2270 2948 2504 3017 ἑκάτερα
2540 2945 2658 3018 ἔχῃ.
2710 2944 2954 3015 Προϐολὴ
3001 2944 3061 2996 τὸ
3108 2943 3411 3018 βλέφαρον,
3463 2943 3847 3013 προκάλυμμα

588 3035 719 3104 ipsa:
760 3033 965 3089 ferrent
1009 3035 1308 3098 auxilium,
1354 3035 1573 3093 interim
1621 3036 1967 3092 laederentur.
2018 3038 2166 3104 Quo-

597 3125 745 3180 circa
778 3134 978 3195 praesto
1012 3136 1142 3180 sunt
1171 3127 1474 3196 palpebrae,
1505 3142 1624 3196 qua:
1657 3143 1823 3198 supra
1858 3129 2164 3195 excubant,

589 3223 644 3272 et
684 3216 1043 3286 simulatque
1081 3216 1470 3271 detrimentum
1513 3227 1938 3287 prmsenserunt,
1984 3220 2168 3274 statim

591 3307 784 3361 oculos
814 3307 1078 3377 obtcgunt
1101 3316 1154 3361 et
1184 3305 1504 3362 defendunt.
1533 3307 1713 3374 Quare
1739 3317 1791 3364 et
1821 3310 2041 3380 pupillae
2067 3310 2172 3366 sub

591 3398 685 3453 tali
717 3399 836 3454 velo
867 3401 1146 3454 collocata:
1175 3415 1284 3454 non
1314 3398 1472 3455 facile
1503 3401 1619 3456 laedi
1656 3409 1905 3471 possunt.

2267 3040 2424 3094 τοῦτο
2455 3017 2747 3106 σκέπασμα
2769 3075 2782 3098 ,
2811 3037 2903 3089 καὶ
2934 3030 3046 3089 οἷον
3093 3017 3405 3106 οἰκητήριον
3433 3036 3524 3088 καὶ
3559 3037 3847 3106 φυλακτήο

2267 3129 2384 3201 ριόν
2422 3130 2586 3181 ἐστιν.
2637 3125 2885 3180 Ἐδύνατο
2919 3125 3210 3189 σκεπάζειν
3239 3128 3272 3196 ἡ
3298 3125 3436 3196 χείρ.
3465 3127 3605 3190 Ἕως
3636 3127 3851 3197 ἧρχετο

2267 3222 2299 3291 ἡ
2349 3221 2488 3290 χεὶρ,
2517 3217 2744 3288 ἔφθανεν
2779 3221 2807 3272 6
2846 3217 3124 3288 ὀφθαλμὸς
3168 3217 3582 3288 ἀμαυρωθῖψαι.
3617 3218 3730 3270 Νῦν
3785 3219 3850 3272 δὲ

2271 3309 2500 3379 ιγγιύθεν
2535 3307 2851 3380 παράκειται
2871 3307 2931 3360 τὸ
2951 3307 3231 3378 βλέφαρον,
3251 3309 3278 3362 ὃ
3312 3309 3516 3364 ἄνωθεν
3549 3311 3846 3363 ἐπίκειται·

2269 3401 2403 3473 ὁμοῦ
2431 3419 2490 3454 τε
2523 3401 2716 3471 ᾔσθετο
2740 3401 2838 3470 τῆς
2873 3399 3078 3471 βλάϐης
3105 3399 3199 3453 καὶ
3242 3400 3503 3470 προέϐαλε
3538 3401 3599 3452 τὸ
3635 3400 3850 3470 προκά-

591 3493 798 3562 λυμμα.
830 3491 928 3544 Διά
957 3489 1112 3543 τοῦτο
1149 3492 1244 3544 καὶ
1273 3492 1410 3562 κόρη
1442 3492 1546 3546 ὑπὸ
1575 3495 2034 3564 παραπετάσματι
2065 3493 2424 3564 καθεζομένη,
2447 3493 2544 3546 οὐκ
2565 3492 2651 3545 ἀεὶ
2677 3491 3102 3562 εὐεπιχείρητος.

667 3583 778 3637 Soli
823 3599 890 3638 ex
922 3584 1176 3639 omnibus
1205 3585 1463 3640 membris
1489 3585 1632 3640 oculi
1680 3587 2060 3656 palpebrarum
2087 3596 2172 3641 te-

595 3673 866 3745 gumentis
888 3673 1085 3742 operti,
1119 3673 1361 3744 contingi
1389 3675 1602 3729 nolunt.
1637 3674 1812 3730 Densa
1851 3676 2001 3730 adest
2029 3675 2169 3745 pilo-

597 3781 721 3820 rum
755 3780 930 3835 seges.
962 3764 1111 3819 Cur?
1140 3774 1197 3820 ut
1227 3767 1528 3837 Superioris
1559 3775 1720 3838 atque
1745 3768 2018 3825 inferioris
2051 3769 2168 3839 pal-

596 3857 773 3926 pebra:
814 3856 1131 3925 complexus
1164 3859 1340 3912 acrior
1366 3859 1458 3913 sit.
1496 3857 1592 3913 Pili
1634 3861 1777 3915 enim
1821 3861 1894 3914 illi
1945 3860 2084 3915 inter
2112 3875 2173 3915 se

596 3947 825 4003 connexi
847 3957 1007 4016 atque
1037 3949 1284 4017 impliciti
1305 3957 1432 4004 sunt
1460 3949 1707 4018 quaedam
1737 3951 1900 4006 veluti
1933 3951 2168 4006 vincula.

597 4037 677 4092 Ad
712 4037 824 4092 haec
859 4040 1098 4096 minutas
1131 4041 1321 4110 procul
1363 4049 1551 4094 arcent
1578 4041 1860 4106 bestiolas,
1891 4043 2174 4112 lanugine-

599 4145 798 4200 sasqne
835 4133 1024 4187 sordes
1074 4133 1292 4204 pupillis
1345 4132 1778 4203 appropinquare
1801 4149 1910 4188 non
1961 4136 2170 4199 sinunt,

599 4238 767 4294 seque
799 4222 907 4280 illis
951 4224 1244 4280 imbecillis
1277 4235 1437 4295 atque
1486 4225 1634 4280 omni
1675 4225 1889 4295 injuriae
1919 4225 2172 4281 obnoxiis
2208 4259 2250 4311 υ

601 4322 1034 4384 prepugnatores
1068 4315 1327 4384 praebent.
1365 4316 1540 4385 Atque
1597 4316 1670 4369 ita
1705 4331 1894 4371 eorum
1926 4317 2174 4372 custodia

601 4401 759 4456 nobis
788 4417 913 4456 cum
939 4403 1156 4468 decora,
1185 4414 1296 4459 tum
1329 4407 1489 4460 etiam
1518 4406 1665 4460 utilis
1691 4414 1794 4461 est.
1822 4407 1960 4472 Quid
1984 4423 2176 4476 super-

601 4490 786 4544 cilium
813 4491 836 4543 ?
859 4509 1040 4548 nonne
1063 4494 1159 4548 tibi
1183 4495 1497 4564 adjnmento
1517 4509 1596 4551 est
1621 4513 1728 4568 quo
1755 4499 1955 4554 rectius
1975 4498 2180 4568 dirigas

601 4580 773 4634 aciem
797 4582 1076 4637 oculatum
1099 4584 1122 4637 ?
1146 4585 1199 4638 id
1221 4586 1363 4655 quod
1394 4588 1496 4641 hoc
1513 4599 1835 4658 argumento
1865 4591 2179 4645 conﬁrmari

603 4677 783 4738 potest
806 4669 1070 4735 :Quando
1099 4677 1317 4730 conaris
1367 4677 1574 4748 aliquid
1607 4681 1796 4750 procul
1826 4682 2062 4752 positum
2097 4682 2182 4736 in-

604 4760 766 4823 tueri,
821 4776 922 4814 cur
988 4777 1208 4817 manum
1260 4778 1539 4824 extensam
1572 4771 1880 4840 superciliis
1922 4773 2177 4842 imponis,

605 4850 711 4904 nisi
744 4859 803 4904 ut
823 4849 1038 4906 videndi
1063 4854 1146 4908 vis
1177 4871 1340 4925 supra
1365 4858 1594 4927 disjecta
1643 4876 1752 4923 non
1783 4872 1986 4920 temere
2013 4865 2180 4921 dissi-

605 4952 787 5012 petur,
812 4943 907 4998 sed
939 4959 1134 5000 manus
1163 4947 1380 5015 obiectu
1413 4948 1762 5019 coniunctior
1794 4953 2024 5010 ulterius
2045 4955 2184 5010 fera-

604 5043 694 5087 tur
718 5043 771 5089 et
795 5034 1030 5099 acutius,
1063 5051 1128 5092 ac
1158 5039 1364 5093 rectius
1386 5055 1611 5097 munere
1638 5041 1900 5114 fungatur
1930 5046 2078 5100 suo?
2102 5047 2183 5100 sic

605 5123 824 5178 obtenta
855 5139 1019 5180 manu
1050 5126 1273 5183 luminis
1309 5131 1574 5187 transitus
1605 5132 1878 5204 dirigitur.
1905 5137 2048 5206 Ergo
2089 5152 2185 5192 su-

605 5213 826 5283 percilia
852 5223 967 5269 tum
1001 5219 1198 5275 oculos
1233 5230 1448 5290 regunt,
1488 5232 1602 5279 tum
1629 5225 1848 5281 sudoris
1873 5227 2182 5281 multitudi-

607 5321 750 5371 nem,
779 5322 848 5362 ne
873 5307 940 5362 ab
965 5324 1028 5362 ea
1063 5319 1448 5382 contegantur,
1477 5317 1806 5386 propellunt,
1829 5333 1996 5388 seque
2018 5319 2095 5372 illi
2128 5327 2187 5372 ut

606 5412 822 5452 murum
868 5399 1153 5470 objiciunt.
1188 5401 1323 5467 Quis
1359 5404 1599 5475 agricola
1631 5415 1739 5460 tam
1795 5414 1940 5463 recte
1968 5407 2184 5462 vineam

613 5487 924 5558 disponere,
1001 5491 1461 5567 circumjectaqne
1535 5498 1769 5556 macerie
1846 5499 2184 5554 communire

2347 3585 2647 3653 Ἀνέπαφον
2665 3583 2822 3636 τοῦτο
2849 3584 3004 3653 μόνον
3033 3583 3138 3636 τῶν
3160 3584 3217 3636 ὲν
3239 3587 3367 3654 ἡμῖν
3400 3585 3574 3655 μελῶν
3599 3584 3853 3654 βούλεται

2275 3669 2414 3727 εἶναι
2445 3676 2474 3728 6
2513 3672 2818 3743 όφθαλμὸς¹,
2850 3672 2955 3725 ὑπὸ
2991 3674 3446 3743 παραπετάσματι
3483 3674 3560 3744 τῷ
3593 3674 3856 3744 βλεφάρῳ

2275 3765 2697 3834 καλυπτόμενος.
2743 3763 2948 3825 Ἀκίδες
2987 3764 3094 3816 τῶν
3127 3765 3327 3836 τριχῶν
3367 3766 3851 3837 περιϐεϐλημέναι.

2276 3856 2375 3910 Διὰ
2416 3855 2488 3919 τί,
2520 3856 2606 3908 ἵνα
2649 3854 3010 3924 ἀκριϐεστέρα
3043 3855 3264 3925 γένηται
3318 3857 3349 3926 ἡ
3394 3856 3691 3926 περιπλοκὴ
3739 3858 3857 3911 τῶν

2280 3947 2560 4019 βλεφάρων
2579 3943 2671 3997 τοῦ
2700 3944 2811 3997 ἄνω
2839 3945 2972 4015 πρὸς
2993 3944 3052 3996 τὸ
3082 3945 3248 3998 κάτω.
3275 3941 3397 3998 Οἶον
3426 3946 3532 4016 γὰρ
3563 3946 3856 4017 σύνδεσμοί

2279 4044 2413 4094 εἰσιν
2444 4039 2696 4109 ἀλλήλαις
2721 4037 3180 4108 περιπλεκόμεναι
3212 4039 3267 4091 αἰ
3293 4039 3494 4110 τρίχες·
3526 4035 3643 4093 εἶτα
3668 4042 3762 4094 καὶ
3783 4042 3857 4095 τά

2277 4132 2447 4185 λεπτὰ
2479 4131 2585 4185 τῶν
2618 4129 2768 4194 ζώων
2809 4130 3084 4200 πόρρωθεν
3111 4130 3396 4195 ὲννωλςέει,
3434 4132 3619 4186 καὶτὰ
3644 4133 3852 4206 χνοώδη

2277 4226 2376 4278 ούκ
2426 4225 2490 4294 ἐᾷ
2538 4221 2833 4292 πλησιάσαι
2877 4224 2942 4292 τῇ
2997 4222 3133 4293 κόρῃ
3196 4221 3466 4294 δυναμένῃ
3517 4225 3858 4293 πανταχόθεν

2279 4312 2674 4386 ἀμαυροῦσθαι.
2705 4313 2891 4365 υἰκεία
2919 4312 3000 4374 τίς
3028 4315 3141 4364 ἐστι
3176 4312 3387 4384 φυλακὴ
3421 4315 3546 4384 περί
3583 4316 3728 4384 ἡμᾶς
3756 4333 3859 4368 πε-

2253 4402 2560 4478 ρικειμένη
2587 4401 2672 4454 διὰ
2711 4401 2818 4453 τῶν
2862 4401 3082 4472 τριχῶν·
3119 4401 3260 4470 ὁμοῦ
3302 4404 3398 4472 μὲν
3435 4406 3500 4473 τῇ
3542 4410 3856 4476 περιγραφῇ

2280 4495 2612 4564 εὐπρέπειαν
2638 4493 2992 4563 χαριζομένη,
3026 4492 3160 4562 ὁμοῦ
3187 4493 3242 4546 δὲ
3282 4494 3377 4565 τὴν
3409 4495 3673 4564 ὠφέλειαν
3714 4515 3860 4568 παρ-

2281 4587 2536 4657 εχομένη.
2583 4584 2782 4655 Ὀφρὺς
2828 4585 2940 4638 ἄνω
2986 4585 3404 4657 προϐεϐλημένη
3433 4589 3628 4642 οἰκεῖον
3659 4590 3863 4660 προϐό-

2279 4677 2448 4739 λαιον,
2481 4676 2568 4728 ἵνα
2615 4674 2920 4745 κατευθύνῃ
2951 4675 3012 4728 τὸ
3054 4675 3324 4746 ὁρατικόν.
3350 4676 3446 4740 Τίς
3478 4681 3510 4750 ἡ
3548 4677 3858 4744 ἁπόδειξις;

2284 4769 2451 4822 Ὅταν
2494 4766 2762 4838 βουληθῇς
2810 4765 3092 4837 πόρρωθεν
3124 4767 3443 4833 σκοπεῦσαι,
3477 4770 3568 4822 καὶ
3605 4769 3861 4831 κοιλάνας

2281 4859 2378 4930 τὴν
2407 4861 2564 4928 χεῖρα
2605 4856 2928 4929 ὑπερτείνῃς
2957 4856 3064 4908 τῶν
3108 4857 3350 4927 ὀφρύων,
3380 4858 3468 4912 διά
3509 4859 3560 4912 τί
3596 4860 3747 4913 τοῦτο
3781 4861 3861 4929 γί-

2283 4969 2464 5015 νεται;
2498 4951 2614 5003 ’Ὶνα
2639 4950 2698 5002 τὸ
2729 4948 2821 5001 ἐπὶ
2850 4949 2910 5000 τὸ
2939 4948 3052 5001 άνω
3091 4932 3512 5022 διαφορούμενον
3542 4952 3641 5022 τῆς
3661 4951 3858 5020 Medic,

2287 5043 2360 5115 μὴ
2396 5043 2516 5111 εἰκῆ
2547 5040 2900 5110 σκεδάννηται
2945 5040 3397 5110 κατευθυνόμενον
3428 5043 3492 5095 ὲκ
3529 5041 3625 5111 τῆς
3658 5043 3860 5112 προϐο-

2285 5134 2380 5204 λῆς
2423 5133 2518 5203 τῆς
2543 5130 2752 5202 χειρὸς,
2787 5129 2880 5182 καὶ
2909 5131 3001 5182 ἐπὶ
3053 5130 3113 5182 τὸ
3159 5129 3466 5202 ἔμπροσθεν
3514 5131 3858 5202 ὠθούμενον,

2283 5219 2678 5290 ἀκριϐεστέραν
2709 5219 2854 5269 ποιεῖ
2884 5216 2979 5270 τοῦ
3015 5217 3269 5286 ὁρατικοῦ
3295 5220 3394 5290 τὴν
3427 5220 3697 5274 διάθεσιν·
3724 5222 3760 5291 ἥ
3800 5241 3862 5276 τε

2285 5310 2516 5380 πάροδος
2557 5308 2648 5362 τοῦ
2685 5307 2981 5378 βλεπτικοῦ
3039 5308 3426 5367 κατευθύνεται
3457 5311 3560 5364 ὑπὸ
3585 5315 3682 5381 τῆς
3718 5315 3866 5366 κατὰ

2285 5403 2381 5474 τὴν
2403 5404 2558 5471 χεῖρα
2588 5399 2877 5471 προϐολῆς.
2913 5399 3010 5453 Διὰ
3036 5399 3193 5455 τοῦτο
3222 5403 3421 5474 ὀφρύες
3458 5402 3594 5473 ὁμοῦ
3638 5404 3731 5474 μὲν
3767 5405 3862 5458 τὸν

2286 5492 2562 5548 ὀφθαλμὸν
2608 5490 3072 5560 κατευθύνουσαι,
3099 5493 3232 5564 ὁμοῦ
3264 5495 3320 5547 δὲ
3371 5497 3462 5548 καὶ
3506 5495 3596 5550 τὸν
3651 5496 3714 5546 ἐκ
3751 5496 3863 5551 τῶν
