4088 6210
649 277 752 334 299

1899 264 1957 318 S.
2000 257 2325 318 GREGORII
2365 259 2654 316 NYSSENI

3781 256 3884 314 300

650 390 922 442 certantes
992 395 1125 436 voce
1153 377 1506 448 corporisque
1551 375 1808 442 monibus,
1860 385 2053 430 natura
2081 376 2219 430 duce

2337 374 2436 457 θοία
2466 377 2532 445 τῇ
2568 374 2702 446 πρὸς
2741 371 2866 434 τοὺς
2897 367 3346 438 ἀγωνιζομένους,
3381 371 3530 440 φωνῆ
3557 387 3615 422 τε
3642 371 3736 424 καὶ
3757 374 3885 443 σκῆ’

650 474 954 544 significare
1006 472 1392 540 impelluntur:
1425 467 1505 523 sic
1560 467 1690 520 mihi
1727 468 1828 536 ipsi
1862 467 1928 521 de
1959 475 2012 520 te
2043 465 2218 520 facere

652 565 858 628 videor,
901 561 1072 616 amice
1105 576 1167 615 ac
1197 562 1362 614 frater
1391 559 1731 614 charissime.
1765 556 1900 611 Nam
1936 571 2057 611 cum
2081 566 2136 608 tu
2163 555 2219 609 in

650 655 867 709 virtutis
924 652 1119 715 stadio,
1150 665 1318 721 pr0pe
1376 648 1560 704 divino
1602 663 1768 704 cursu
1803 663 1868 702 ac
1925 647 2220 702 certamine

652 757 984 813 perseveres,
1020 749 1074 794 et
1112 739 1176 793 ad
1221 754 1471 808 supernae
1498 737 1802 793 vocationis
1857 738 2078 806 praemia
2109 750 2221 790 creo

653 836 764 890 bris
793 833 1189 900 levissimisque
1241 829 1471 885 saltibus
1494 828 1736 893 festines,
1778 829 2017 883 aeclamo
2058 834 2222 897 atque

651 934 886 1016 impelle,
918 943 973 988 et
1021 929 1296 1001 diligentia
1331 928 1623 998 studioque
1650 928 1927 984 intendere
1965 926 2223 981 velocita-

541 1071 559 1082 η
653 1037 757 1078 lem
784 1025 966 1093 jubeo.
999 1020 1129 1086 Quae
1174 1020 1353 1073 omnia
1409 1033 1518 1074 non
1553 1020 1672 1074 ideo
1712 1017 1872 1078 facio,
1901 1017 2027 1085 quia
2058 1023 2224 1071 teme-

652 1116 795 1167 rario
820 1113 1052 1182 quodam
1085 1109 1269 1166 Studio
1311 1109 1387 1162 tui
1435 1107 1702 1168 detinear,
1738 1106 1830 1162 sed
1860 1107 1984 1176 quia
2015 1111 2074 1158 ut
2094 1105 2224 1170 cha-

651 1206 868 1260 rissimo
899 1203 1005 1256 ﬁlio
1033 1215 1236 1255 morem
1267 1200 1363 1253 tibi
1389 1214 1578 1270 gerere
1608 1199 1878 1255 studeam.
1905 1197 2040 1251 Cum
2073 1195 2221 1250 enim

655 1297 847 1352 litteris
879 1295 988 1350 tuis
1032 1294 1269 1364 petieris,
1329 1300 1388 1346 ut
1421 1292 1514 1346 tibi
1569 1306 1597 1344 a
1624 1290 1783 1346 nobis
1813 1289 1880 1343 ad
1929 1287 2223 1358 perfectam

655 1390 825 1441 vitam
851 1385 1149 1440 admonitio
1187 1383 1430 1453 quaedam
1459 1382 1857 1453 conscribatur,
1897 1393 2108 1448 aequum
2133 1393 2224 1431 ar-

653 1481 836 1534 b‘trati
871 1495 1080 1544 sumus,
1119 1484 1175 1531 ut
1204 1452 1308 1532 hoc
1339 1476 1480 1532 libro
1507 1485 1715 1540 nostro,
1763 1452 1864 1530 etsi
1907 1474 2040 1527 nihil
2078 1471 2225 1527 aliud

658 1571 792 1624 forte
825 1570 1092 1633 utilitatis,
1134 1576 1368 1622 attamen
1405 1567 1536 1622 illud
1567 1566 1810 1638 profecto
1841 1579 1948 1618 non
1981 1572 2224 1617 contem-

657 1659 889 1712 nendum
932 1658 1054 1722 tibi,
1087 1671 1188 1711 nos
1220 1656 1370 1726 ipsos
1417 1669 1588 1710 sacrae
1616 1652 1935 1707 obedientiae
1958 1661 2228 1720 propona-

2328 481 2456 534 ματι
2488 464 2584 534 τὴν
2624 462 2856 531 σπουδὴν
2890 460 2994 513 ὑπὸ
3041 457 3346 534 προθυμίας
3399 459 3845 529 ὲπισημαίνοντες
3870 479 3882 493 ·

2323 553 2560 608 τοιοῦτόν
2590 555 2641 607 τί
2678 571 2767 626 μοι
2811 552 2952 607 δοκῶ
2989 550 3082 604 καὶ
3115 549 3274 612 αὐτὸς
3300 550 3477 601 ποιεῖν
3523 549 3616 601 ἐπὶ
3651 549 3766 614 σοῦ,
3795 550 3888 618 φί-

2325 647 2430 701 λων
2472 664 2561 717 μοι
2592 647 2685 700 καὶ
2733 645 2976 715 ἀδελφῶν
3009 641 3306 713 τιμιώτατε
3326 679 3340 704 ,
3373 640 3454 692 ὅτι
3503 656 3596 692 σου
3639 640 3782 694 κατὰ
3829 642 3889 694 τὸ

2325 741 2424 810 τῆς
2449 739 2648 811 ἀρετῆς
2680 737 2894 790 στάδιον
2930 734 3110 798 καλῶς
3152 730 3612 800 ὲναγωνιζομένου
3653 732 3729 801 τῷ
3759 731 3890 800 θείῳ

2324 829 2526 900 δρόμῳ,
2559 829 2652 882 καὶ
2692 827 2826 898 πρὸς
2864 825 2924 878 τὸ
2954 824 3204 896 βραϐεῖον
3231 822 3332 892 τῆς
3373 821 3484 875 ἄνω
3512 822 3756 890 κλήσεως
3788 839 3889 874 πυ-

2327 921 2474 982 κνοῖς
2517 936 2576 972 τε
2624 919 2718 972 καὶ
2763 917 2988 985 κούφοις
3030 912 3433 980 συντεινομένου
3482 913 3594 973 τοῖς
3631 909 3886 980 ἅλμασιν,

2328 1009 2596 1078 ὑποφωνῶ
2623 1025 2681 1060 τε
2709 1007 2804 1060 καὶ
2821 1004 3151 1066 ὲπισπεύδω,
3171 1002 3264 1055 καὶ
3283 1000 3574 1072 ἐπιτείνειν
3593 1001 3659 1069 τῇ
3688 997 3887 1067 σπουδῇ

2326 1099 2387 1152 τὸ
2416 1099 2580 1168 τάχος
2625 1097 3024 1166 διακελεύομαι.
3073 1092 3219 1146 Ποιῶ
3251 1091 3308 1144 δὲ
3345 1089 3548 1153 ταῦτα,
3585 1089 3683 1142 οὐκ
3710 1089 3892 1157 ἀλόγῳ

2327 1190 2434 1244 τινί
2463 1188 2740 1261 προθυμίᾳ
2788 1188 2926 1258 πρὸς
2967 1184 3120 1238 τοῦτο
3155 1182 3473 1254 φερόμενος,
3506 1178 3621 1233 ἀλλ’
3648 1177 3723 1242 ὡς
3755 1179 3893 1245 ἀγα-

2329 1279 2486 1349 πητῷ
2512 1279 2686 1348 τέκνῳ
2719 1277 2838 1331 καθ’
2865 1277 3057 1347 ἡδονὴν
3086 1272 3463 1345 χαριζόμενος.
3492 1271 3604 1340 Τῆς
3626 1269 3734 1339 γὰρ
3772 1270 3894 1322 ἐπι-

2332 1370 2542 1440 στολῆς,
2573 1370 2639 1439 ἥν
2669 1367 2858 1440 πρώην
2887 1364 3198 1436 διεπέμψω,
3223 1363 3423 1433 ταύτην
3450 1359 3894 1428 ἀπαγγελλούσης

2327 1464 2426 1532 τὴν
2457 1464 2686 1530 αἴτησιν.
2722 1460 2782 1513 τὸ
2828 1459 3078 1527 γενέσθαι
3112 1456 3194 1510 σοί
3229 1472 3348 1508 τινα
3395 1454 3519 1524 παρ’
3562 1451 3717 1522 ἡμῶν
3759 1451 3894 1504 ὑπο-

2331 1553 2505 1624 θήκην
2535 1554 2612 1614 εἰς
2646 1552 2735 1604 τὸν
2786 1550 2987 1603 τέλειον
3040 1548 3180 1617 βίον
3223 1543 3452 1615 πρέπειν
3500 1541 3685 1612 ᾠήθην
3715 1557 3894 1609 παρα-

2334 1647 2511 1714 σχεῖν·
2537 1643 2664 1696 ἄλλο
2696 1643 2793 1712 μὲν
2829 1642 2909 1695 σοί
2955 1657 3006 1692 τι
3044 1639 3308 1710 χρήσιμον
3339 1638 3401 1688 ὲκ
3439 1633 3546 1686 τῶν
3587 1633 3894 1703 λεγομένων

657 1761 775 1817 mus
803 1746 1126 1813 exemplum.
1150 1742 1284 1796 Nam
1318 1743 1362 1796 si
1385 1757 1486 1798 nos
1519 1742 1612 1810 qui
1643 1751 1750 1794 tam
1791 1739 2083 1793 multarum
2113 1736 2228 1790 ani-

2337 1711 2458 1797 ἴσως
2480 1734 2653 1796 οὐδὲν,
2677 1711 2807 1786 αὐτὸ
2838 1732 2895 1784 δὲ
2931 1730 3088 1784 τοῦτο
3130 1728 3348 1788 πάντως
3376 1725 3477 1777 οὐκ
3509 1723 3798 1792 ἄχρηστον,
3831 1721 3894 1772 τὸ

657 1850 863 1888 marum
897 1849 1083 1888 curam
1131 1839 1191 1886 ut
1227 1840 1409 1902 patres
1454 1833 1714 1902 gerimus,
1747 1829 2039 1885 convenire
2071 1827 2229 1882 duxi-

659 1941 779 1985 mus
803 1924 927 1978 huic
967 1924 1256 1988 senectuti,
1293 1931 1354 1977 ut
1376 1920 1956 1990 modestaejuventutis
1979 1917 2231 1973 mandata

658 2017 977 2086 susciperet,
1028 2017 1266 2086 majores
1299 2014 1604 2070 obedientia
1635 2013 1690 2066 in
1736 2019 1789 2066 te
1819 2011 2064 2083 profecto
2088 2009 2232 2064 vires

663 2110 900 2172 habebit,
927 2123 1050 2161 cum
1081 2107 1147 2162 ad
1174 2104 1471 2178 parendum
1495 2112 1683 2158 nostro
1706 2102 1950 2171 exemplo
1973 2101 2233 2169 juventus

663 2207 750 2248 tua
791 2194 954 2248 fuerit
984 2194 1217 2249 erudita.
1263 2192 1365 2246 Sed
1403 2192 1517 2246 haec
1572 2191 1856 2245 hactenus.
1901 2189 2035 2242 Nam
2074 2189 2234 2241 nobis

665 2285 768 2338 Deo
826 2283 964 2338 duce
1023 2292 1076 2336 et
1125 2283 1343 2350 auspice
1395 2280 1569 2335 nostri
1629 2279 1896 2334 sermonis
1955 2277 2234 2347 proposito

663 2371 1026 2442 incipiendum
1066 2378 1168 2425 est.
1204 2367 1412 2424 Petiisti
1465 2383 1492 2421 a
1527 2383 1634 2431 me,
1676 2366 1996 2420 charissime
2039 2365 2137 2427 lili,
2178 2373 2236 2418 ut

663 2465 759 2518 tibi
815 2477 1061 2533 quaenam
1121 2458 1192 2515 sit
1234 2460 1471 2530 perfecta
1512 2460 1659 2521 vita,
1702 2457 1991 2526 diligenter
2028 2456 2237 2511 descri-

667 2558 784 2625 bam
831 2572 845 2607 :
894 2553 1037 2622 quod
1091 2561 1141 2607 te
1203 2553 1327 2606 ideo
1386 2550 1521 2606 velle
1572 2566 1682 2604 non
1733 2549 1960 2613 dubito,
2011 2557 2071 2602 ut
2111 2561 2234 2602 cum

667 2650 938 2703 inveneris
970 2646 1117 2717 quod
1165 2645 1388 2716 quaeris,
1431 2644 1494 2698 ad
1535 2645 1700 2698 vitam
1756 2649 1902 2696 tuam
1948 2639 2090 2711 quod
2149 2640 2236 2693 in-

667 2739 881 2802 venisti,
921 2736 1320 2791 accommodes.
1363 2735 1472 2805 Ego
1502 2749 1630 2789 vero
1667 2733 1773 2787 duo
1821 2733 1874 2785 in
1920 2732 2017 2785 hac
2069 2745 2156 2796 re,
2185 2740 2238 2784 et

674 2831 834 2894 ambo
861 2829 993 2882 mihi
1036 2827 1240 2897 pariter
1267 2824 1647 2894 impossibilia,
1685 2823 1981 2891 conspicio.
2015 2821 2238 2876 Utrun-

667 2938 772 2991 que
835 2922 1000 2984 euim,
1040 2928 1094 2974 et
1157 2917 1542 2989 perfectionem
1577 2915 1828 2970 videlicet
1870 2915 1991 2968 vitae
2031 2912 2240 2966 ratione

667 3019 996 3082 describere,
1033 3024 1086 3072 et
1117 3015 1257 3085 quod
1283 3015 1492 3068 ratione
1527 3008 2010 3081 comprehendisti,
2043 3009 2097 3061 in
2127 3008 2231 3062 vita
2259 3045 2303 3105 Ο

667 3112 785 3180 ipsa
804 3117 1130 3170 monstrare,
1159 3121 1323 3177 supra
1350 3107 1492 3158 vires
1518 3117 1667 3158 meas
1686 3116 1808 3156 esse
1832 3101 1984 3156 facile
2011 3099 2188 3155 fateor
2214 3118 2227 3154 :

666 3201 866 3271 quippe
895 3199 984 3268 qui
1013 3206 1194 3268 putem
1229 3196 1414 3250 multis
1459 3194 1621 3249 etiam
1661 3192 1712 3246 in
1742 3191 1943 3246 virtute
1973 3199 2232 3260 praestan-

670 3290 898 3343 tioribus
923 3294 976 3341 et
1013 3287 1224 3355 magnis
1263 3284 1482 3338 omnino
1534 3283 1666 3336 viris
1695 3281 1933 3335 difﬁcilia
1969 3280 2080 3336 hac
2113 3296 2234 3337 esse

669 3383 842 3444 dictu,
876 3381 985 3433 imo
1045 3392 1174 3433 vero
1226 3373 1602 3442 impossibilia.
1685 3371 1883 3426 Verum
1924 3386 1992 3425 ne
2049 3371 2235 3425 videar

672 3473 743 3526 ibi
767 3472 973 3532 timere,
1037 3459 1416 3533 ut‘Psalmista
1462 3464 1535 3516 ait
1561 3464 1606 3530 °,
1648 3463 1737 3516 ubi
1771 3463 1936 3515 timor
1984 3477 2092 3514 non
2130 3466 2232 3525 est,

673 3563 892 3632 planum
926 3559 978 3614 id
1024 3559 1096 3613 ita
1139 3557 1354 3611 faciam.
1406 3554 1670 3610 Perfectio
1721 3553 1775 3606 in
1802 3551 2074 3632 'omnibus
2115 3550 2237 3606 aliis

673 3669 791 3724 quee
829 3667 990 3727 sensu
1023 3648 1414 3720 percipiuntur,
1455 3645 1699 3699 terminis
1739 3642 2062 3712 quibusdam
2090 3656 2240 3696 com-

672 3741 1046 3814 prehenditur,
1076 3747 1135 3792 ut
1172 3737 1324 3792 verbi
1383 3748 1568 3796 causa,
1601 3733 1654 3788 in
1686 3741 1887 3801 quanto
1923 3738 2031 3785 tam
2064 3730 2239 3785 conti-

675 3849 784 3890 nuo
824 3847 984 3902 quam
1013 3830 1268 3884 discreto.
1300 3825 1488 3881 Omnis
1513 3825 1656 3880 enim
1685 3836 1939 3878 mensura
1964 3821 2238 3890 quantita-

675 3927 746 3981 tis
771 3908 1346 3994 propriisquibusdam
1397 3915 1643 3971 terminis
1695 3915 2057 3969 concluditur.
2102 3910 2237 3964 Nam

673 4016 766 4087 qui
793 4014 858 4068 ad
909 4012 1150 4066 cubitum
1202 4010 1284 4063 vel
1329 4007 1607 4062 denarium
1653 4005 1874 4074 respicit
1932 4017 2238 4065 numerum,

675 4120 781 4162 non
816 4112 899 4160 est
921 4103 1161 4165 nescius,
1186 4091 1328 4154 unde
1346 4105 1638 4164 utrumque
1662 4095 1894 4148 istorum
1931 4093 2152 4162 incepit,
2187 4098 2241 4144 et

666 4199 783 4266 ‘quo
812 4193 1000 4256 exivit,
1030 4189 1229 4260 quibus
1253 4187 1468 4240 illorum
1498 4184 1621 4238 linis
1639 4183 1900 4236 habeatur
1930 4175 2088 4250 atque
2121 4193 2243 4248 per-

677 4285 858 4341 fectio.
885 4281 941 4336 In
961 4282 1161 4336 virtute
1191 4291 1317 4333 vero
1347 4277 1496 4330 hunc
1521 4275 1588 4328 ab
1610 4273 1871 4343 Apestolo
1893 4270 2243 4342 perfectionis

2329 1826 2579 1896 γενέσθαι
2604 1825 2685 1879 σοὶ
2708 1824 2807 1893 τῆς
2836 1819 3139 1883 εὐπειθείας
3160 1818 3479 1886 ὑπόδειγμα.
3502 1816 3563 1874 Εἰ
3585 1815 3690 1884 γὰρ
3707 1814 3888 1882 ἡμεῖς,

2330 1922 2378 1973 oi
2423 1916 2909 1986 τοσούτωνψυχῶν
2941 1915 3000 1966 ὲν
3033 1911 3283 1980 πατέρων
3327 1908 3480 1972 τάξει
3525 1904 3895 1976 προτεταγμέ-

2331 2027 2430 2076 νοι,
2461 2008 2688 2080 πρέπειν
2722 2005 2948 2077 οἰόμεθα
2983 2007 3050 2075 τῇ
3097 2001 3255 2081 πολιᾷ
3283 1999 3474 2069 ταύτῃ,
3509 1996 3754 2066 νεότητος
3788 2011 3895 2047 σω-

2335 2101 2634 2172 φρονούσης
2663 2098 2939 2168 ἐπίταγμα
2984 2093 3269 2164 δέχεσθαι,
3301 2087 3480 2158 πολλῷ
3522 2085 3717 2157 μᾶλλον
3749 2083 3899 2146 εἰκός

2336 2197 2481 2247 ἐστιν
2514 2196 2570 2246 ὲν
2595 2192 2676 2245 σοὶ
2712 2188 3077 2260 κρατυνθῆναι
3119 2186 3179 2238 τὸ
3221 2184 3319 2250 τῆς
3362 2178 3672 2241 εὐπειθείας
3705 2175 3898 2246 κατόρ-

2337 2285 2494 2353 θωμα
2520 2282 2654 2353 πρὸς
2692 2278 2938 2348 ὑπακοὴν
2975 2275 3217 2330 ἑκούσιον
3246 2273 3310 2326 δι’
3351 2273 3504 2343 ἡμῶν
3545 2265 3896 2337 παιδοτριϐη-

2337 2374 2521 2442 θείσης
2552 2388 2634 2424 σοι
2661 2371 2759 2441 τῆς
2783 2369 3050 2437 νεότητος.
3070 2365 3181 2419 Καὶ
3207 2362 3377 2416 ταῦτα
3404 2362 3500 2431 μὲν
3525 2362 3604 2422 εἰς
3623 2355 3892 2411 τοσοῦτον.

2349 2461 2720 2534 Ἐγχειρητέον
2751 2461 2807 2513 δὲ
2841 2460 2940 2530 ἤδη
2979 2457 3056 2528 τῷ
3084 2452 3456 2526 προκειμένῳ,
3489 2451 3618 2504 Θεὸν
3659 2447 3899 2518 καθηγε-

2340 2557 2475 2626 μόνα
2503 2553 2886 2623 ποιησαμένοις
2923 2549 3015 2602 τοῦ
3050 2548 3226 2614 λόγου.
3273 2543 3661 2613 Ἐπεζήτησας,
3687 2535 3731 2593 ὦ
3769 2537 3899 2606 φίλη

2337 2646 2569 2714 κεφαλὴ,
2602 2641 2985 2713 ὑπογραφῆναί
3031 2654 3112 2692 σοι
3145 2637 3273 2706 παρ’
3321 2633 3496 2704 ἡμῶν,
3525 2631 3607 2694 τίς
3639 2631 3667 2683 ό
3697 2627 3900 2688 τέλειός

2336 2736 2452 2788 ὲστι
2484 2733 2614 2803 βίος·
2646 2731 2844 2802 δηλαδὴ
2877 2728 3010 2799 πρὸς
3032 2726 3186 2780 τοῦτο
3216 2724 3444 2794 βλέπων,
3464 2719 3538 2782 ὡς
3563 2721 3718 2788 εἰπερ
3747 2718 3903 2787 εὑρε-

2338 2826 2457 2895 θείη
2489 2825 2567 2893 τῷ
2596 2823 2737 2892 λόγῳ
2767 2821 2826 2874 τὸ
2851 2818 3300 2887 σπουδαζόμενον,
3324 2812 3664 2884 μετενεγκεῖν
3694 2809 3771 2870 είς
3808 2808 3900 2859 τὸν

2339 2917 2468 2971 ἴδιον
2507 2914 2618 2984 βίον
2640 2913 2737 2984 τὴν
2766 2911 2869 2964 ὑπὸ
2896 2909 2989 2962 τοῦ
3010 2909 3167 2976 λόγου
3203 2904 3528 2976 μηνυθεῖσαν
3551 2900 3726 2970 χάριν.
3758 2896 3905 2964 Ἐγὼ

2337 3006 2393 3059 δὲ
2425 3006 2483 3057 ὲν
2513 3002 2839 3073 ἀμφοτέροις
2877 3001 3070 3068 ἐπίσης
3099 2995 3391 3067 ἀμηχανῶ·
3419 2992 3478 3046 τό
3519 3009 3579 3043 τε
3606 2991 3712 3059 γὰρ
3748 3005 3906 3057 περι-

2335 3097 2513 3150 λαϐεῖν
2547 3094 2686 3162 λόγῳ
2709 3092 2803 3165 τὴν
2833 3090 3164 3157 τελειότητα,
3202 3084 3375 3138 καὶτὸ
3407 3082 3496 3135 ἐπὶ
3531 3080 3624 3133 τοῦ
3659 3079 3768 3148 βίου
3794 3076 3903 3128 δεῖο

2337 3187 2422 3254 ξαι
2443 3188 2578 3255 ὅπερ
2610 3185 2675 3238 ἂν
2705 3187 2732 3236 ό
2761 3183 2914 3250 λόγος
2937 3181 3264 3249 κατανοήσῃ,
3293 3175 3432 3246 ὑπὲρ
3461 3173 3556 3244 τὴν
3584 3171 3718 3242 ἐμὴν
3748 3168 3904 3223 δύνα-

2340 3297 2430 3350 μιν
2471 3278 2727 3347 ἑκάτερον
2773 3275 2974 3328 τούτων
3024 3268 3161 3326 εἷναί
3195 3287 3355 3339 φημι.
3391 3267 3542 3336 Τάχα
3570 3264 3626 3316 δὲ
3673 3263 3767 3315 οὐκ
3793 3261 3908 3328 ὲγὼ

2342 3373 2518 3442 μόνος,
2552 3369 2685 3422 ἀλλὰ
2729 3368 2818 3419 καὶ
2870 3365 3052 3419 πολλοὶ
3089 3365 3196 3416 τῶν
3256 3361 3503 3431 μεγάλων
3534 3374 3592 3409 τε
3640 3355 3733 3410 καὶ
3782 3355 3906 3442 κατ’

2339 3460 2536 3532 ἀρετὴν
2569 3459 2924 3529 προεχόντων,
2961 3451 3448 3524 ἀνέφικτοναὺτοῖς
3480 3445 3619 3500 εἴναι
3647 3444 3705 3498 τὸ
3733 3441 3912 3496 τοιοῦ-

2338 3530 2427 3603 τον
2484 3541 2922 3619 ὁμολογήσουσιν.
2960 3545 3045 3606 Ὠς
3072 3543 3115 3595 δ’
3147 3542 3211 3594 ἂν
3258 3540 3332 3610 μὴ
3379 3536 3608 3604 δοκοίην,
3636 3530 3774 3586 κατὰ
3808 3530 3912 3586 ,τὸν

2331 3639 2622 3710 Ψαλμῳδὸν
2660 3639 2831 3691 εἰπεῖν
2855 3678 2869 3700 ,
2906 3636 3019 3688 ἐκεῖ
3059 3629 3337 3700 φοϐεῖσθαι
3392 3627 3553 3695 φόϐον
3578 3666 3592 3690 ,
3623 3625 3754 3676 ὅπου
3806 3621 3915 3674 οὐκ

2342 3731 2455 3785 ἔστι
2487 3729 2648 3799 φόϐος
2668 3745 2683 3760 ο
2715 3728 3062 3796 σαφέστερον,
3087 3724 3115 3776 ὃ
3138 3721 3414 3793 βούλομαι,
3442 3715 3774 3788 παραστήσω
3797 3729 3910 3764 σοι.

2353 3823 2416 3876 Ἥ
2442 3820 2710 3890 τελειότης
2743 3819 2835 3891 sati.
2882 3818 2977 3886 μὲν
3015 3815 3121 3867 τῶν
3160 3813 3338 3868 ’ἄλλων
3371 3810 3622 3864 ἁπάντων
3643 3846 3657 3868 ,
3691 3806 3790 3858 ὅσα
3840 3803 3913 3873 τῇ

2340 3913 2583 3984 αἰσθήσει
2613 3912 2906 3981 μετρεῖται,
2937 3905 3133 3976 πέρασί
3165 3920 3304 3956 τισιν
3335 3900 3658 3974 ὡρισμένοις
3684 3894 3917 3963 διαλαμ-

2343 4006 2581 4067 ϐάνεται,
2609 3995 2718 4054 οἷον
2739 3999 2830 4052 ἐπὶ
2857 3996 2948 4052 τοῦ
2971 3993 3157 4056 ποσοῦ,
3186 3990 3279 4045 τοῦ
3317 4007 3375 4042 τε
3417 3985 3668 4057 συνεχοῦς
3696 3983 3787 4037 καὶ
3815 3981 3914 4034 τοῦ

2341 4094 2716 4166 διωρισμένου.
2754 4090 2868 4142 Πᾶν
2900 4087 3007 4156 γὰρ
3036 4083 3098 4138 τὸ
3125 4087 3181 4138 ὲν
3226 4081 3481 4150 ποσότητι
3521 4077 3733 4148 μέτρον,
3762 4073 3919 4166 ἰδίοις

2342 4163 2482 4238 τισίν
2511 4163 2657 4253 ὅροις
2705 4178 3087 4250 ἐμπεριέχεται
3112 4191 3127 4206 ο
3159 4174 3254 4226 καὶ
3281 4172 3309 4223 ὁ
3353 4169 3488 4240 πρὸς
3517 4167 3606 4219 τὸν
3642 4167 3842 4234 πῆχυν,
3879 4163 3919 4232 ἢ

2344 4275 2440 4346 τὴν
2490 4272 2580 4328 τοῦ
2610 4269 2842 4344 ἀριθμοῦ
2883 4268 3080 4321 δεκάδα
3120 4264 3352 4334 βλέπων,
3386 4255 3491 4312 οἶδε
3514 4257 3584 4346 τὸ
3632 4255 3738 4308 ἀπό
3765 4270 3922 4346 τινος

675 4376 966 4432 terminum
1019 4386 1139 4428 esse
1171 4369 1493 4429 didicimus,
1527 4366 1669 4435 quod
1700 4363 1880 4418 nullus
1920 4364 1971 4416 in
2015 4363 2128 4431 ipsa
2173 4362 2235 4417 sil

2346 4341 2667 4439 ἀρξάμενον,
2699 4363 2790 4415 καὶ
2843 4361 2920 4423 είς
2953 4359 3004 4411 τὶ
3056 4353 3382 4424 καταλῆξαν,
3414 4353 3470 4403 ὲν
3505 4341 3549 4415 ᾧ
3579 4351 3692 4400 ἐστι
3732 4343 3794 4396 τὸ
3825 4343 3923 4439 τέ-

678 4466 941 4521 terminus
971 4482 983 4517 :
1015 4463 1211 4532 quippe
1234 4475 1357 4513 cum
1377 4458 1466 4512 ille
1493 4457 1607 4527 ipse
1625 4455 1826 4508 Paulus
1843 4453 1904 4519 Ψ,
1928 4453 2244 4520 γὶιζᾱὶνίιιυε

679 4570 730 4616 et
759 4567 933 4612 mente
958 4556 1279 4614 altissimus,
1312 4567 1526 4621 semper
1558 4565 1620 4604 ac
1641 4549 1844 4619 jugiter
1874 4561 1968 4616 per
1989 4547 2241 4599 virtutem

679 4663 835 4704 suum
890 4659 1110 4699 cursum
1159 4641 1486 4706 intenderet,
1526 4654 1627 4694 nec
1671 4635 2007 4706 unquam’ad
2037 4633 2246 4703 majora

677 4734 1041 4791 conscendere
1070 4731 1362 4800 negligeret
1397 4747 1410 4784 :
1447 4744 1554 4782 non
1586 4728 1730 4782 enim
1765 4735 1934 4780 tutum
1965 4725 2039 4778 illi
2069 4731 2184 4777 erat
2213 4737 2244 4776 a

678 4842 841 4881 cursu
869 4823 1134 4878 desistere
1165 4840 1177 4876 :
1222 4836 1319 4875 cur
1364 4821 1436 4873 ita
1469 4820 1491 4872 ?
1539 4819 1806 4882 Quoniam
1851 4831 2010 4871 omne
2041 4807 2243 4870 bonum

680 4917 792 4985 ipsa
825 4923 1039 4976 natura,
1073 4927 1177 4982 qua
1195 4911 1397 4965 bonum
1431 4918 1535 4973 est,
1568 4922 1678 4963 non
1733 4908 1894 4963 habet
1929 4908 2243 4968 terminum,

679 5007 771 5061 sed
829 5004 1093 5058 contrarii
1149 5001 1555 5071 comparatione
1610 4999 1958 5062 terminatur,
2014 5008 2082 5072 ‘ut
2134 4999 2244 5054 vita

613 5101 628 5122 ‘
678 5104 872 5160 morte,
911 5096 1000 5149 lux
1029 5094 1286 5157 tenebris,
1314 5101 1367 5148 et
1396 5090 1616 5146 omnino
1660 5090 1860 5145 bonum
1891 5105 2050 5145 omne
2089 5093 2143 5146 in
2180 5106 2244 5146 eo

679 5187 899 5251 desinit,
955 5185 1098 5256 quod
1163 5185 1263 5252 ipsi
1336 5183 1671 5237 contrarium
1722 5196 1846 5236 esse
1901 5181 2237 5248 intelligitur.

680 5275 860 5342 Quare
890 5271 1499 5345 quemadmodumvitm
1527 5271 1651 5328 linis
1680 5271 1873 5324 mortis
1906 5271 2118 5324 initium
2137 5278 2238 5332 est,

677 5369 760 5422 sic
787 5381 984 5421 cursus
1030 5364 1202 5435 ipsius
1235 5362 1354 5418 finis
1379 5364 1470 5433 qui
1517 5360 1815 5418 secundum
1852 5361 2105 5415 virtutem
2137 5369 2240 5424 est,

680 5457 858 5514 vitiosi
889 5470 1085 5510 cursus
1121 5455 1334 5509 initium
1393 5453 1689 5509 invenitur.
1749 5450 1864 5506 Non
1906 5452 2069 5522 igitur
2107 5451 2242 5507 falso

745 5686 765 5715 ⁹
800 5679 945 5737 Psal.
978 5694 1098 5744 xm,
1133 5677 1214 5730 l5.
1293 5676 1334 5707 ⁸ο
1373 5673 1600 5744 Philipp.
1633 5689 1714 5728 ιιι.

2345 4433 2678 4525 λειοννέχειν.
2724 4451 2845 4504 Ἐπὶ
2876 4449 2932 4502 δὲ
2976 4447 3074 4517 τῆς
3107 4445 3306 4516 ἀρετῆς
3334 4440 3482 4512 παρὰ
3511 4437 3604 4491 τοῦ
3654 4433 3924 4525 ξΑποστό-

2346 4549 2439 4601 λου
2487 4522 2583 4598 ἕνα
2613 4542 2943 4612 τελειότητος
2972 4539 3094 4608 ὅρον
3129 4533 3421 4604 ἐμάθομεν,
3447 4529 3508 4581 τὸ
3542 4526 3614 4596 μὴ
3643 4523 3787 4593 ἔχειν
3817 4522 3925 4612 αδ-

2347 4639 2446 4707 τὴν
2475 4638 2620 4707 ὅρον.
2663 4635 2720 4686 '0
2748 4611 2854 4701 γὰρ
2892 4628 3055 4690 πολὺς
3082 4627 3287 4686 ἐκεῖνος
3321 4621 3414 4674 καὶ
3441 4617 3639 4688 ὑψηλὸς
3663 4614 3759 4682 τὴν

2348 4703 2518 4791 νοίαν,
2533 4729 2560 4780 ὁ
2577 4726 2715 4787 θεῖος
2740 4721 3074 4783 Ἀπόστολος,
3091 4716 3176 4770 διὰ
3197 4715 3292 4784 τῆς
3307 4710 3502 4782 ἀρετῆς
3524 4707 3748 4778 τρέχων,
3763 4703 3926 4756 οὐδέ-

2349 4837 2480 4874 ποτε
2529 4821 2642 4880 τοῖς
2693 4811 2996 4885 ἔμπροσθεν
3057 4802 3497 4872 ἐπεκτεινόμενος
3549 4794 3772 4885 ἕληξενί
3795 4793 3930 4885 οὐδὲ

2345 4911 2456 4982 γὰρ
2492 4881 2737 4978 ἀσφαλὴς
2773 4881 2918 4972 αθτῷ
2946 4897 3012 4971 ἦν
3047 4901 3079 4966 ἡ
3103 4894 3196 4948 τοῦ
3221 4893 3419 4964 δρόμου
3448 4889 3651 4982 στάσις.
3679 4881 3789 4982 eis:
3829 4881 3927 4982 τί

2349 4972 2470 5055 ’ἰοτι
2502 4972 2608 5050 πᾶν
2633 4972 2833 5063 ἀγαθὸν
2860 4994 2926 5061 τῇ
2954 4985 3145 5042 ἑαυτοῦ
3178 4983 3336 5052 φύσει
3369 4981 3492 5050 ὅρον
3527 4977 3627 5030 οὐκ
3677 4973 3814 5063 ἔχει,
3854 4972 3930 5063 τῇ

2345 5093 2402 5146 δὲ
2434 5090 2525 5143 τοῦ
2555 5060 2798 5140 ἐναντίου
2854 5060 3151 5151 παραθέσει
3191 5073 3425 5144 ὁρίζεται
3448 5085 3462 5098 ·
3493 5067 3568 5129 ὡς
3595 5067 3628 5135 ἡ
3672 5062 3806 5132 ζωὴ,
3844 5060 3934 5130 τῷ

2348 5182 2588 5250 θανάτῳο
2619 5176 2715 5230 καὶ
2750 5174 2810 5226 τδ
2845 5171 2980 5241 φῶς,
3010 5167 3087 5237 τῷ
3115 5165 3324 5218 σκότει·
3353 5160 3447 5214 καὶ
3472 5160 3578 5212 πᾶν
3605 5156 3743 5216 ὅλως
3783 5154 3938 5217 ἀγα-

2349 5272 2439 5325 θὸν
2470 5271 2546 5332 είς
2576 5266 2752 5321 πάντα
2778 5262 2845 5327 τὰ
2880 5263 2990 5322 τοῖς
3032 5254 3253 5324 ἀγαθοῖς
3282 5255 3344 5305 ἐκ
3383 5249 3476 5303 τοῦ
3503 5245 3743 5301 ἐναντίου
3769 5239 3938 5293 νοού-

2354 5378 2509 5432 μενα,
2531 5359 2704 5431 λήγει.
2746 5356 2833 5416 Ὠς
2865 5351 2972 5421 γὰρ
2995 5350 3054 5401 τὸ
3083 5345 3184 5414 τῆς
3216 5343 3360 5413 ζωῆς
3391 5341 3542 5401 τέλος
3579 5335 3720 5432 ἁρχὴ
3758 5333 3939 5432 θανά-

2350 5471 2442 5506 του
2469 5451 2614 5506 ἐστίν
2635 5465 2648 5479 '
2672 5447 2812 5499 οὕτω
2847 5445 2939 5497 καὶ
2964 5441 3056 5496 τοῦ
3078 5440 3199 5493 κατ’
3219 5435 3418 5507 ἀρετὴν
3445 5433 3644 5502 δρόμου
3677 5427 3711 5495 ἠ
3735 5424 3939 5488 στάσις
