4088 6210
272 31 365 86 30!

1577 23 1664 75 DE
1701 21 1864 76 VlTA
1904 19 2175 77 MOYSIS.

3432 23 3532 76 Si)!

269 146 408 217 ἀρχὴ
435 141 533 196 τοῦ
566 139 708 218 κατά
729 139 925 192 κακίαν
961 138 1166 207 γίνεται
1209 139 1427 209 δρόμου.
1456 140 1662 194 Οὐκοῦν
1694 143 1753 194 οὑ
1784 143 1859 196 δι-

1966 155 1994 193 a
2024 139 2182 194 nobis
2236 137 2442 190 dictum
2476 145 2559 192 est
2616 138 2950 206 impossibile
2973 151 3096 193 esse
3142 138 3530 207 perfectionem

268 234 504 304 εψεύσθη
532 235 562 286 ὁ
589 231 745 297 λόγος
769 231 923 300 ἡμῖν,
940 230 1218 300 ἀμήχανον
1245 231 1336 283 ἐπὶ
1355 231 1452 301 τῆς
1479 233 1678 303 ἀρετῆς
1716 231 1852 286 εἶναι

267 328 363 397 τὴν
377 325 480 394 τῆς
500 322 841 392 τελειότητος
861 320 1155 391 περίληψιν
1168 321 1341 388 λέγων
1363 338 1375 350 ο
1400 323 1610 394 ἐδείχθη
1630 325 1758 391 γοῦν
1774 327 1853 378 ὅτι

267 418 327 470 τὺ
356 413 859 483 διαλαμϐανόμενον
905 411 1156 482 πέρασιν,
1189 412 1360 483 ἀρετὴ
1381 414 1482 466 οὐκ
1509 414 1675 468 ἔστιν.

350 506 504 558 Ἐπεὶ
534 504 591 556 δὲ
625 504 722 556 καὶ
758 505 871 565 τοῖς
909 501 1152 572 μετιοῦσι
1196 503 1288 556 τὸν
1330 505 1450 556 κατ’
1479 504 1679 574 ἀρετὴν
1720 504 1852 574 βίον,

269 598 525 650 ἀδύνατον
545 592 684 647 εἶναι
711 589 863 647 εἷπον
891 591 954 645 τὸ
977 592 1230 663 ἐπιϐῆναι
1261 594 1359 663 τῆς
1389 593 1736 663 τελειότητος⁹
1763 594 1852 646 οὖ-

269 705 372 752 τως
396 690 425 740 ὁ
445 687 604 755 λόγος
621 685 716 738 καὶ
735 683 862 755 περὶ
880 683 1072 736 τούτου
1102 683 1583 754 σαφηνισθήσεται.
1605 685 1678 736 Τὸ
1706 683 1854 753 πρῶ⁴

267 798 370 842 τως
395 780 493 832 καὶ
516 776 729 843 κυρίως
763 775 985 843 ἀγαθὸν,
1027 769 1088 829 οὑ
1114 775 1148 844 ἡ
1191 772 1351 842 φύσις
1383 774 1654 845 ἀγαθότης
1684 777 1852 838 ἐστὶν,

266 869 395 924 αὑτὸ
412 863 664 933 τὸβεῖον,
681 865 710 918 ὅ
730 865 783 919 τί
798 881 930 918 ποτε
949 866 1016 935 τῇ
1037 862 1193 932 φύσει
1212 865 1430 926 νοεῖται,
1450 862 1606 916 τοῦτο
1625 863 1716 917 καὶ
1740 862 1853 916 ἔστι

266 961 357 1012 καὶ
383 955 736 1026 ὀνομάζεται.
785 953 936 1008 Ἐπεί
960 950 1054 1007 οὖν
1077 952 1253 1016 οὐδεὶς
1297 953 1500 1023 ἀρετῆς
1528 954 1672 1022 ὅρος,
1715 953 1853 1024 πλὴν

267 1051 486 1114 κακίας,
501 1031 742 1118 ἐδείχθη,
754 1045 1128 1116 ἀπαράδεκτον
1145 1043 1202 1096 δὲ
1217 1042 1310 1098 τοῦ
1335 1042 1574 1097 ἐναντίου
1601 1043 1662 1095 τὸ
1679 1043 1849 1096 Θεῖονο

266 1145 518 1216 ἀόριστος
541 1141 647 1211 ἄρα
671 1139 765 1192 καὶ
791 1137 1145 1208 ἀπεράτωτος
1173 1137 1208 1207 ἡ
1237 1135 1356 1188 Θεία
1383 1135 1543 1203 φύσις
1576 1135 1853 1204 καταλαμ-

265 1234 507 1286 ϐάνεται.
553 1227 713 1281 ’Δλλά
735 1226 852 1297 μὴν
887 1228 916 1280 ὁ
947 1224 1049 1296 τὴν
1077 1223 1253 1294 ἀληθῆ
1283 1221 1482 1293 μετιὼν
1513 1222 1734 1292 ἀρετὴν,
1764 1222 1854 1274 οὺ-

264 1324 351 1376 δὲν
375 1323 565 1392 ἕτερον
594 1317 628 1386 ἢ
655 1317 791 1370 Θεοῦ
813 1317 1042 1386 μετέχει
1067 1333 1080 1345 ·
1105 1315 1238 1368 διότι
1269 1313 1433 1376 αὑτός
1469 1316 1616 1366 ἐστιν
1654 1315 1686 1382 ἡ
1718 1331 1853 1366 παν-

265 1412 423 1482 τελὴς
448 1410 645 1481 ἀρετή.
693 1407 846 1460 Ἐπεὶ
874 1402 968 1460 οὖν
994 1406 1052 1459 τὸ
1084 1407 1150 1476 τῇ
1177 1405 1338 1475 φύσει
1371 1404 1553 1466 καλὸν,
1584 1403 1853 1474 ἐπιθυμη-

268 1505 355 1557 τδν
379 1506 458 1566 είς
488 1501 781 1573 μετουσίαν
800 1499 1017 1563 πάντως
1044 1498 1162 1550 ἐστὶ
1189 1499 1302 1561 τοῖς
1321 1497 1666 1565 γινώσκουσι,
1698 1496 1853 1549 τοῦτο

268 1596 324 1649 δὲ
354 1595 484 1664 δρον
516 1593 617 1645 οὑκ
664 1590 778 1660 ἔχει
801 1607 815 1620 ο
865 1588 1178 1656 ἀναγκαίως
1207 1588 1302 1643 καὶ
1342 1591 1376 1658 ὴ
1403 1588 1497 1641 τοῦ
1541 1587 1855 1658 μετέχοντος

271 1684 538 1755 ἐπιθυμία
565 1683 641 1752 τῷ
669 1681 905 1752 ἀορίστῳ
947 1679 1494 1751 συμπαρατείνουσα,
1532 1677 1720 1732 στάσιν
1758 1679 1857 1732 οὑκ

271 1779 399 1848 ἔχει.
460 1775 674 1830 Οὑκοῦν
713 1774 918 1845 ἄπορόν
975 1774 1091 1826 ἐστι
1143 1772 1455 1826 παντάπασι
1513 1771 1606 1824 τοῦ
1650 1770 1856 1824 τελείου

272 1867 484 1935 τυχεῖν·
535 1865 669 1918 διότι
715 1865 750 1934 ἠ
786 1863 1079 1934 τελειότης,
1108 1861 1291 1926 καθὼς
1334 1864 1566 1934 εἴρηται,
1608 1865 1754 1932 ὅροις
1796 1862 1856 1914 οὐ

271 1954 697 2025 διαλαμϐάνεται
732 1970 746 1983 '
802 1953 904 2023 τῆς
947 1953 1008 2006 δὲ
1053 1953 1250 2023 ἀρετῆς
1299 1945 1380 2015 εἷς
1431 1953 1554 2022 ὄρος
1600 1952 1738 2013 ἐστὶ,
1799 1950 1858 2002 τὸ

272 2046 540 2115 ἀόριστον.
593 2043 720 2107 Πῶς
766 2038 861 2097 οὖν
907 2042 973 2096 ἄν
1008 2059 1092 2106 τις
1133 2044 1225 2097 ἐπὶ
1261 2042 1322 2095 τὸ
1362 2041 1689 2112 ζητούμενον
1724 2040 1858 2108 φθά-

275 2154 384 2190 σειε
427 2137 636 2206 πέρας,
685 2135 784 2204 οὑχ
819 2135 1089 2206 εὑρίσκων
1119 2133 1178 2186 τὸ
1215 2132 1420 2203 πέροις;
1455 2133 1529 2185 Οὑ
1565 2133 1671 2202 μὴν
1703 2133 1855 2184 ἐπει-

273 2227 334 2296 δὴ
380 2226 609 2280 καθόλου
652 2225 712 2278 τὸ
757 2224 1087 2295 ζητούμενον
1122 2223 1358 2294 ἄληπτον
1387 2225 1416 2275 ὁ
1445 2223 1602 2290 λόγος
1646 2221 1856 2274 ὑπέδει-

251 2308 394 2384 ξεν,
426 2314 729 2386 ἀμελητέον
760 2315 825 2368 ἂν
860 2315 946 2385 εἴη
987 2314 1086 2384 τῆς
1127 2314 1348 2383 ἐντολῆς
1385 2314 1477 2368 τοῦ
1525 2314 1764 2384 Κυρίου,
1819 2313 1853 2382 ἥ

276 2426 406 2477 φησι
429 2427 443 2439 ·
500 2427 518 2458 ι
542 2407 764 2462 Γίνεσθε
801 2407 1019 2469 τέλειοι,
1053 2407 1128 2469 ὡς
1178 2408 1207 2460 ὁ
1241 2406 1427 2476 Πατὴρ
1453 2404 1605 2475 ὑμῶν
1633 2407 1661 2457 ὁ
1695 2405 1855 2475 οὑρά-

275 2517 384 2562 νιος
407 2499 613 2562 τέλειός
643 2501 808 2552 ἐστιν.
835 2516 854 2549 ι
904 2497 1029 2550 Ἐπὶ
1059 2497 1167 2570 γὰρ
1197 2497 1305 2551 τῶν
1333 2488 1490 2565 φύσει
1518 2495 1718 2560 καλῶν,
1752 2495 1854 2549 κᾶν

281 2591 353 2658 μὴ
386 2589 481 2643 τοῦ
516 2589 722 2652 παντὸς
749 2589 929 2658 τυχεῖν
958 2587 1181 2640 δυνατὸν
1210 2585 1269 2661 ᾖ,
1314 2586 1375 2639 τὸ
1399 2586 1502 2639 ικαὶ
1534 2585 1608 2656 μὴ
1637 2584 1729 2637 τοῦ
1761 2584 1856 2653 μέο

282 2696 404 2749 ρους
454 2681 767 2749 ἀποτυχεῖν,
816 2678 1008 2749 κέρδος
1051 2677 1117 2732 ἂν
1170 2677 1253 2748 εἴη
1301 2676 1442 2746 μέγα
1487 2678 1598 2737 τοῖς
1631 2692 1692 2742 γε
1733 2673 1854 2727 νοῦν

280 2771 476 2840 ἔχουσι.
501 2772 694 2824 Πᾶσαν
713 2771 889 2823 τοίνυν
903 2768 1231 2822 ὲπιδεικτέον
1259 2764 1513 2837 σπουδὴν,
1552 2765 1625 2835 μὴ
1657 2781 1855 2817 παντε-

277 2859 378 2923 λῶς
409 2862 665 2914 ἐκπεσεῖν
690 2860 791 2930 τῆς
826 2859 1178 2929 ἐνδεχομένης
1207 2857 1539 2927 τελειότητος
1560 2875 1572 2887 ·
1599 2855 1735 2908 ἀλλὰ
1765 2872 1852 2908 το·
1883 2891 1922 2944 C

283 2952 462 3006 σοῦτον
492 2953 588 3006 ἀπ’
611 2951 786 3021 αὑτῆς
809 2951 1135 3021 κτήσασθαι,
1169 2950 1292 3008 ὅσον
1310 2949 1375 3002 ἂν
1401 2948 1527 3001 ίδεῖν
1552 2947 1644 3000 τοῦ
1667 2947 1856 3018 ζητου-

285 3043 435 3110 μένου
461 3043 823 3112 χωρήσωμεν.
859 3035 1012 3110 Τάχα
1049 3039 1155 3109 γὰρ
1180 3037 1242 3090 τὸ
1268 3037 1439 3100 οὑτως
1470 3028 1634 3106 ἔχειν,
1663 3036 1737 3098 ὼς
1772 3036 1858 3088 ἀεὶ

285 3131 456 3184 θέλειν.
475 3133 534 3184 ἐν
562 3130 641 3201 τῷ
669 3129 818 3202 καλῷ
845 3129 910 3183 τὸ
940 3131 1100 3185 πλέον
1130 3130 1294 3200 ἔχειν,
1325 3132 1358 3200 ἡ
1387 3129 1487 3198 τῆς
1515 3129 1858 3201 ἀνθρωπίνης

285 3223 490 3291 φύσεως
521 3223 794 3291 τελειότης
827 3222 963 3277 ἔστι.
1019 3224 1174 3276 Δοκεῖ
1205 3221 1261 3274 δέ
1295 3239 1382 3290 μοι
1413 3220 1591 3284 καλῶς
1619 3221 1762 3291 ἔχειν
1791 3224 1856 3292 τῇ

289 3311 468 3382 Γραφῇ
499 3312 633 3382 περὶ
677 3311 867 3364 τούτου
904 3310 1190 3380 συμϐούλῳ
1223 3310 1546 3380 χρήσασθαι.
1591 3311 1858 3381 ι1>ηιςὶγάρ

289 3418 383 3452 που
406 3402 496 3453 διὰ
522 3402 623 3470 τῆς
658 3401 881 3454 Ἡσαΐου
909 3401 1244 3470 προφητείας
1272 3403 1303 3470 ἠ
1338 3399 1456 3453 θεία
1481 3401 1658 3470 φωνῇ’
1679 3421 1696 3452 ι
1730 3402 1860 3470 Ἐμέ

288 3491 510 3561 ελέψατε
549 3493 629 3553 είς
659 3491 908 3561 Ἀϐραὰμ
930 3492 1021 3544 τὸν
1051 3491 1264 3560 πατέρα
1287 3490 1462 3560 ὑμῶν,
1498 3492 1590 3544 καὶ
1622 3493 1701 3553 είς
1717 3491 1859 3562 Σάρ-

289 3585 379 3652 ραν
396 3584 492 3652 τὴν
515 3582 814 3635 ὠδίνουσαν
837 3583 867 3634 ὑ
876 3583 1036 3652 μᾶς.»
1060 3580 1243 3634 Ταῦτα
1275 3581 1384 3652 γὰρ
1413 3582 1628 3644 πάντως
1657 3583 1684 3634 ὀ
1705 3581 1860 3648 λόγος

289 3677 390 3736 τοῖς
425 3673 533 3740 ἔξω
560 3673 663 3741 τῆς
691 3673 890 3743 ἀρετῆς
920 3673 1288 3743 πλανωμένοις
1323 3672 1717 3736 διακελεύεται,
1748 3673 1857 3737 ἵνα,

294 3764 535 3835 καθάπερ
561 3766 610 3816 ot
641 3765 700 3816 ὲν
720 3763 943 3833 πελάγει
973 3765 1072 3835 τῆς
1095 3765 1315 3829 εὐθείας
1344 3764 1439 3817 τοῦ
1471 3764 1687 3833 λιμένος
1716 3780 1859 3833 παρ-

290 3855 614 3924 ενεχθέντες,
647 3855 786 3908 κατά
823 3855 882 3907 τὸ
914 3854 1082 3923 φανὲν
1120 3858 1342 3925 σημεῖον
1369 3855 1470 3924 τῆς
1495 3853 1702 3924 πλάνης
1735 3855 1860 3906 ὲαυ-

290 3948 403 4009 τοὺς
427 3947 814 4013 ἐπανάγουσιν,
842 3946 875 4015 ἥ
915 3945 1119 4015 πυρσὸν
1159 3946 1358 4008 ἰδόντες
1385 3945 1493 3998 ἀπὸ
1519 3944 1683 4013 ὕψους
1709 3945 1860 4015 αίρό-

293 4052 480 4103 μενον,
523 4036 559 4106 ἢ
609 4037 852 4106 κορυιρήν
897 4053 1041 4098 τινος
1101 4035 1410 4106 ἀκρωρείας
1461 4036 1857 4103 ἀναφανεῖσαν,

289 4125 371 4177 τὸν
407 4126 573 4178 αὑτὸν
617 4126 817 4196 τρόπον
854 4125 978 4188 τοὺς
1005 4125 1362 4195 ἀκυδερνήτῳ
1393 4127 1460 4195 τῇ
1484 4124 1693 4196 διανοίᾳ
1719 4125 1862 4178 κατὰ

1960 242 2022 282 ac
2054 229 2212 281 ﬁnem
2261 227 2479 282 virtutis
2534 229 2991 295 comprehendere
3031 243 3045 279 :
3098 228 3530 283 demonstratum

1956 318 2100 371 enim
2132 317 2243 386 jam
2275 325 2377 380 est,
2425 317 2567 386 quod
2615 317 2781 372 nullis
2804 318 2976 373 virtus
3004 315 3250 375 terminis
3283 321 3532 375 contine-

1962 414 2072 460 tur.

2024 495 2180 556 Nunc
2229 505 2408 551 autem
2475 498 2704 552 alterum
2745 499 2928 563 etiam,
2981 499 3124 569 quod
3167 502 3376 554 scilicet
3415 502 3529 554 im-

1956 587 2218 657 possibile
2264 589 2335 642 sit
2372 588 2474 652 eis,
2530 590 2622 658 qui
2653 603 2776 642 cum
2811 590 3014 644 virtute
3055 592 3264 655 vivunt,
3305 593 3370 645 ad
3408 608 3530 661 per-

1957 678 2246 732 fectionem
2297 680 2568 748 ﬁnemque
2615 681 2836 736 virtutis
2889 683 3192 751 pervenire,
3237 684 3393 736 nobis
3434 700 3530 737 cx-

1957 770 2289 840 planandum
2323 771 2558 826 videtur.
2599 771 2841 825 Primum
2877 773 3046 842 igitur
3076 787 3138 826 ac
3179 774 3398 842 proprie
3428 775 3527 828 bo-

1955 877 2110 924 num,
2165 860 2324 930 cujus
2357 869 2552 915 natura
2603 863 2816 917 bonitas
2846 871 2951 928 est,
2989 862 3149 928 Deus,
3205 865 3349 927 dico,
3391 866 3526 934 ipse,

1955 952 2324 1020 quodcunque
2374 962 2572 1006 natura
2617 968 2738 1007 esse
2787 953 3129 1023 intelligitur,
3188 955 3423 1024 idipsum
3477 966 3532 1009 et

1954 1050 2058 1106 est,
2112 1051 2168 1097 et
2219 1052 2604 1113 nuncupatur:
2663 1059 2785 1114 quae
2830 1046 3048 1114 quidem
3099 1045 3280 1100 divina
3336 1055 3529 1100 natura

1956 1133 2244 1200 (quoniam
2279 1134 2467 1188 nullus
2520 1135 2741 1190 virtutis
2781 1136 3048 1191 terminus
3092 1146 3289 1205 praeter
3339 1139 3530 1191 vitium

1953 1233 2056 1286 est,
2095 1233 2156 1278 ut
2197 1224 2308 1293 jam
2363 1225 2668 1281 rationibus
2713 1226 3209 1294 comprobavimus,
3262 1227 3530 1282 Divinitas

1954 1315 2096 1368 enim
2127 1317 2458 1369 contrarium
2495 1317 2772 1386 suscipere
2801 1333 2907 1371 non
2942 1323 3139 1387 potest)
3178 1319 3528 1372 interminata

1954 1413 2038 1461 est
2066 1421 2128 1462 ac
2157 1407 2390 1461 inﬁnita.
2430 1408 2500 1462 At
2529 1424 2659 1463 vero
2682 1411 2774 1478 qui
2803 1426 2915 1463 non
2956 1411 3231 1475 simulate,
3274 1411 3369 1464 sed
3404 1426 3530 1464 vere

1954 1498 2213 1576 virtutem
2263 1499 2535 1566 sequitur,
2590 1499 2721 1563 Deo,
2757 1501 2849 1569 qui
2904 1501 3144 1568 perfecta
3195 1503 3370 1556 virtus
3423 1508 3526 1564 est,

1958 1589 2374 1657 participatione
2421 1588 2794 1658 conjungitur.
2845 1589 2986 1644 Deus
3020 1599 3198 1644 autem
3230 1593 3527 1645 terminum

1958 1694 2066 1733 non
2118 1679 2299 1733 habet.
2336 1677 2518 1744 Quare
2563 1694 2686 1733 cum
2728 1679 2848 1748 ejus
2899 1680 3041 1749 quod
3086 1688 3280 1733 natura
3321 1681 3524 1735 bonum

1956 1783 2060 1833 est,
2108 1771 2331 1824 omnino
2377 1771 2672 1841 participes
2699 1786 2822 1826 esse
2869 1771 3199 1835 desiderent,
3251 1773 3341 1841 qui
3384 1772 3518 1825 illud

1957 1868 2257 1921 noverunt.
2305 1876 2533 1917 necesse
2563 1869 2667 1924 est,
2718 1863 3094 1932 partieipantis
3127 1878 3344 1932 quoque
3378 1863 3526 1917 desi-

1956 1953 2191 2016 derium,
2215 1967 2337 2007 cum
2359 1951 2426 2005 ad
2449 1953 2858 2008 interminatum
2883 1954 3262 2024 inﬁnitumque
3287 1956 3526 2024 seipsum

1955 2042 2231 2107 extendat,
2253 2043 2462 2096 nullum
2478 2042 2672 2096 habeat
2707 2044 2932 2108 exitum,
2983 2059 3090 2112 quo
3105 2045 3526 2112 cessarepossit.

1955 2132 2102 2198 Quas
2132 2133 2202 2187 ob
2239 2133 2402 2188 ressi
2445 2134 2613 2187 nullis
2654 2134 2777 2187 vitae
2811 2136 3076 2202 perfectio
3110 2135 3359 2188 terminis
3391 2150 3528 2187 con-

1955 2224 2179 2290 tinetur,
2213 2224 2259 2278 si
2289 2223 2510 2278 virtutis
2538 2223 2592 2277 id
2624 2224 2800 2292 ipsum
2829 2224 3095 2279 terminus
3119 2233 3220 2287 est,
3261 2225 3407 2293 quod
3439 2217 3526 2276 in-

1953 2317 2245 2371 terminata
2270 2315 2360 2380 sit,
2386 2315 2723 2384 impossibile
2746 2315 2970 2369 omnino
3000 2324 3104 2378 est,
3139 2317 3212 2369 ita
3237 2316 3528 2385 perfectio-

1956 2423 2078 2462 nem
2118 2407 2260 2461 hanc
2289 2415 2383 2461 aut
2427 2422 2484 2461 re
2513 2408 2802 2476 consequi,
2850 2416 2944 2460 aut
2972 2408 3154 2462 verbis
3189 2407 3430 2475 assequi,
3471 2415 3529 2460 ut

1955 2497 2021 2551 ad
2054 2498 2248 2552 altiora
2309 2498 2452 2551 ullus
2508 2511 2772 2551 ascensus
2835 2497 3195 2566 relinquatur.
3245 2497 3528 2562 Quomodo

1922 2588 2121 2657 'igitur
2154 2589 2219 2641 ad
2280 2587 2444 2641 ﬁnem
2479 2589 2767 2656 quaesitum
2834 2588 3104 2657 quispiam
3163 2595 3528 2656 perventurus

1953 2686 2054 2742 est,
2087 2692 2210 2732 cum
2241 2677 2364 2732 ﬁnis
2393 2678 2573 2732 nullus
2602 2678 2961 2732 inveniatur?
2997 2677 3112 2731 Non
3146 2687 3350 2740 tamen,
3384 2693 3526 2747 quo-

1954 2770 2099 2822 niam
2165 2768 2311 2837 quod
2350 2769 2613 2838 quatritur
2663 2769 2865 2823 exitum
2918 2784 3026 2822 non
3085 2769 3265 2832 habet,
3323 2769 3529 2824 idcirco

1957 2869 2282 2931 praeceptum
2314 2860 2447 2915 illud
2471 2861 2685 2914 Domini
2718 2862 3122 2932 negligendum,
3157 2876 3265 2930 quo
3290 2861 3525 2915 dicitur:

1967 2970 1983 3002 ι
2004 2950 2231 3006 Perfeeti
2254 2957 2448 3015 estote,
2500 2951 2640 3006 sicut
2664 2944 2730 3006 et-
2756 2951 2916 3007 Pater
2939 2965 3119 3007 vester
3141 2952 3382 3006 caelestis
3409 2968 3531 3020 per-

1960 3041 2133 3096 fectus
2165 3043 2369 3096 est“.r
2408 3041 2542 3095 Nam
2588 3043 2693 3096 etsi
2729 3050 2899 3097 totum
2949 3043 3209 3111 consequi
3264 3039 3526 3112 nequeas,

1960 3133 2246 3187 tamen’in
2283 3134 2444 3188 rebus
2480 3134 2757 3198 omnibus,
2811 3149 2928 3200 quae
2978 3143 3171 3186 natura
3196 3133 3352 3186 bona:
3379 3139 3527 3195 sunt,

1960 3236 2069 3275 non
2100 3237 2328 3292 parvum
2371 3230 2456 3276 est
2483 3222 2693 3276 lucrum
2741 3221 2868 3291 (nisi
2904 3221 3163 3292 desipias)
3201 3222 3284 3276 vel
3317 3229 3529 3290 partem

1960 3327 2146 3366 earum
2201 3311 2438 3382 aliquam
2491 3313 2775 3381 consequi.
2828 3311 2999 3367 Omne
3051 3315 3217 3382 igitur
3261 3315 3528 3377 studium,

1960 3416 2173 3457 omnem
2209 3416 2419 3469 curam,
2472 3401 2826 3471 diligentiam‘
2863 3402 3095 3472 denique
3124 3417 3340 3457 omnem
3372 3403 3532 3456 adhi-

1959 3492 2207 3556 beamus,
2241 3507 2308 3546 ne
2349 3492 2418 3546 ab
2439 3506 2500 3545 ea
2530 3491 2862 3561 perfectione
2886 3493 3225 3556 decidamus,
3263 3493 3328 3547 ad
3363 3509 3528 3563 quam

1960 3584 2246 3654 pervenire
2269 3582 2533 3653 possibile
2557 3581 2627 3636 sit
2653 3599 2665 3634 :
2701 3590 3024 3653 tantumque
3052 3584 3221 3651 ipsius
3249 3585 3532 3652 possidea-

1960 3690 2106 3738 mus,
2153 3681 2414 3742 quantum
2448 3687 2643 3741 capere
2678 3688 2993 3743 possumus.
3033 3675 3114 3727 ita
3159 3675 3304 3728 enim
3341 3689 3400 3730 se
3434 3674 3531 3727 lia-

1961 3765 2111 3828 bere,
2145 3773 2204 3818 ut
2229 3763 2294 3816 ad
2325 3763 2584 3818 ulteriora
2619 3778 2834 3833 semper
2865 3763 2918 3817 in
2952 3764 3152 3820 virtute
3181 3779 3243 3818 ac
3267 3764 3411 3817 bono
3443 3780 3534 3818 ve—

1961 3855 2030 3908 lis
2075 3855 2387 3918 ascendere,
2450 3854 2500 3907 id
2555 3854 2732 3925 ipsum
2787 3854 2971 3909 forsan
3013 3855 3268 3911 humanae
3323 3861 3534 3908 naturae

1961 3944 2223 4015 perfectio
2249 3952 2352 4000 est.
2388 3943 2493 3999 Sed
2528 3954 2676 4000 recte
2703 3946 2786 4016 (ut
2813 3946 2944 3999 mihi
2967 3947 3206 4011 videtur)
3236 3944 3530 4008 faciemus,

1963 4037 2008 4093 si
2042 4037 2143 4090 hac
2182 4045 2368 4090 nostra
2398 4037 2450 4089 in
2479 4037 2780 4106 quaestione
2803 4051 2971 4090 sacra:
2995 4035 3288 4104 Scriptura:
3314 4042 3534 4087 utamur

1963 4127 2216 4182 consilio.
2237 4125 2339 4180 Per
2366 4123 2685 4196 prophetam
2705 4127 2872 4196 igitur
2892 4126 3084 4180 Isaiam
3113 4125 3294 4178 divina
3312 4141 3414 4179 vox
3431 4125 3536 4178 cla-

289 4216 378 4284 τὴν
409 4215 504 4268 τοῦ
541 4215 659 4285 βίου
703 4215 976 4270 Θάλασσαν
1021 4214 1534 4286 πλανωμένους.ιτῷ
1581 4216 1722 4268 κατά
1763 4217 1859 4285 τὴν

1967 4225 2077 4268 mat
2100 4235 2113 4269 :
2161 4236 2181 4267 ι
2203 4215 2471 4286 Respieite
2495 4217 2548 4269 in
2579 4215 2849 4270 Abraham
2871 4223 3076 4286 patrem
3101 4223 3364 4278 vestrum.
3392 4225 3444 4269 et
3479 4217 3535 4271 in

290 4307 498 4377 Ἇρῤαν
531 4309 626 4360 καὶ
668 4307 915 4377 Ἀϐραὰμ
958 4306 1317 4376 ὑποδείγματι
1360 4305 1522 4360 πάλιν
1559 4305 1860 4375 κατευθὺνῃ

291 4401 418 4468 πρὸς
441 4400 536 4451 τὸν
582 4399 776 4469 λιμένα
817 4398 915 4452 τοῦ
941 4399 1088 4453 θείου
1123 4398 1448 4469 θελήματος.
1507 4397 1724 4466 Ἐπειδὴ
1754 4396 1864 4466 γὰρ

291 4492 419 4560 πρὸς
457 4492 524 4544 τὸ
558 4490 692 4559 Θῆλὺ
719 4507 779 4543 τε
813 4490 906 4543 καὶ
929 4489 1099 4562 ἄρρεν
1130 4491 1162 4560 ἡ
1189 4488 1507 4560 ἀνθρωπίνη
1541 4489 1865 4560 μεμέρισται

292 4582 466 4648 φύσις,
513 4582 624 4652 καὶ(
643 4581 970 4652 ἀμιροτέροις
1004 4582 1200 4651 ἐπίσης
1229 4581 1350 4633 κατ’
1394 4579 1642 4645 ἐξουσίαν
1672 4581 1704 4649 ἡ
1731 4579 1866 4649 πρὸς

292 4672 490 4742 ἀρετὴν
523 4649 624 4725 καί
646 4649 842 4726 κακίαν
859 4649 1065 4744 αἵρεσις
1089 4649 1376 4742 πρόκειται
1398 4687 1411 4699 ⁸
1443 4670 1531 4724 διά
1563 4670 1717 4724 τοῦτο
1743 4672 1869 4723 ἑκα-

294 4765 432 4832 τέρῳ
467 4765 720 4835 τμήματι
754 4765 816 4817 τὸ
849 4764 1182 4834 κατάλληλον
1214 4763 1317 4833 τῆς
1341 4763 1541 4834 ἀρετῆς
1569 4764 1870 4833 ὑπόδειγμα

296 4857 439 4926 παρά
459 4857 560 4925 τῆς
590 4857 739 4918 θείας
769 4855 1084 4926 προεδείχθη
1119 4855 1325 4924 φωνῆς,
1364 4855 1450 4908 ἵνα
1476 4855 1610 4926 πρὸς
1639 4854 1699 4907 τὸ
1742 4871 1873 4922 συγ-

297 4947 443 5011 γενὲς
476 4947 726 5016 ἑκάτεροι
767 4946 1074 5016 βλέποντες.
1117 4946 1256 5017 πρὸς
1301 4945 1398 5016 μὲν
1419 4947 1510 5001 τὸν
1551 4945 1797 5017 Ἀϐραὰμ
1819 4947 1869 4998 οί

299 5034 503 5107 ἄνδρες,
538 5039 674 5108 πρὸς
706 5039 763 5092 δὲ
790 5038 888 5106 τὴν
919 5038 1135 5108 Σάρραν
1162 5038 1224 5090 τὸ
1251 5037 1436 5112 ἕτερον
1470 5039 1655 5113 μέρος,
1686 5037 1868 5108 ἀμφό-

297 5143 439 5197 τεροι
464 5129 553 5181 διὰ
600 5129 708 5181 τῶν
753 5128 968 5181 οίκείων
1009 5129 1416 5200 ὑποδειγμάτων
1453 5134 1586 5210 πρὸς
1619 5130 1712 5185 τὸν
1745 5124 1866 5181 κατ’

300 5216 494 5288 ἀρετὴν
518 5217 630 5287 βίον
657 5217 1031 5271 διευθὺνοιντο.
1085 5219 1239 5284 Ἴσως
1265 5221 1308 5276 δ’
1347 5230 1412 5290 ἂν
1431 5231 1613 5289 τοίνυν
1639 5219 1869 5292 ἐξαρκέ-

375 5412 415 5446 ¹⁸
451 5412 640 5471 Matth.
678 5431 733 5478 ν,
765 5415 855 5469 48.
938 5415 978 5445 "
1011 5413 1110 5469 lsa.
1144 5431 1206 5482 LI,
1237 5427 1289 5501 ξ.

1965 4305 2154 4360 Saram
2174 4321 2294 4376 qua!
2312 4321 2405 4361 vos
2426 4309 2633 4376 peperit
2658 4309 2720 4364 ".
2737 4328 2753 4358 ι
2789 4308 2914 4363 Haec
2931 4309 3074 4363 enim
3093 4308 3309 4362 divinus
3332 4323 3532 4372 sermo,

1965 4412 2072 4451 non
2094 4397 2159 4451 iis
2178 4397 2270 4466 qui
2294 4399 2348 4450 in
2369 4397 2566 4452 virtute
2585 4409 2925 4468 permanent,
2947 4400 3038 4454 sed
3075 4399 3141 4454 iis
3163 4401 3254 4469 qui
3286 4413 3315 4452 a
3337 4399 3536 4456 virtute

1967 4486 2242 4547 aberrant,
2264 4485 2524 4554 praecipit.
2544 4485 2612 4539 Ut
2628 4487 3082 4557 quemadmodum
3101 4487 3191 4557 qui
3213 4496 3538 4559 tempestate

1968 4590 2032 4630 ac
2052 4575 2103 4628 vi
2126 4585 2410 4630 ventorum
2434 4578 2590 4648 longe
2611 4592 2638 4632 a
2663 4586 2807 4634 recta
2840 4579 3202 4650 navigationis
3221 4595 3332 4635 suae
3361 4563 3446 4635 via
3483 4583 3537 4636 in

1967 4668 2189 4739 pelagus
2206 4670 2382 4723 exaCIi
2404 4677 2552 4734 sunt,
2567 4671 2706 4725 sivel
2725 4671 2924 4741 ignem,
2945 4671 3028 4726 vel
3050 4687 3312 4726 cacumen
3335 4675 3539 4728 montis

1970 4763 2376 4830 prospexerint,
2431 4761 2590 4817 facile
2636 4778 2696 4818 se
2747 4764 2815 4816 ab
2844 4778 3032 4818 errore
3074 4764 3334 4818 intutum
3377 4765 3539 4819 redu-

1971 4858 2101 4905 cunt
2125 4870 2138 4906 :
2163 4852 2573 4923 sicquicunque
2615 4853 2782 4923 hujus
2806 4856 2930 4910 vitae
2963 4853 3218 4910 ﬂuctibus
3269 4857 3538 4924 oppressi,

1976 4957 2005 4996 a
2030 4943 2230 4998 virtute
2257 4944 2534 5010 aberrant,
2562 4947 2812 5016 exemplo
2837 4948 3062 5002 Abrahae
3087 4961 3151 5001 ac
3181 4947 3348 5013 Sarae,
3381 4947 3538 5016 quasi

1977 5036 2209 5104 quodam
2241 5036 2633 5106 gubernaculo,
2659 5039 2726 5093 ad
2765 5039 2964 5094 divinae
2992 5041 3288 5095 voluntatis
3326 5047 3539 5110 pertum

1973 5133 2322 5180 revocantur.
2373 5127 2451 5182 Ae
2501 5128 2626 5183 ideo
2657 5130 2914 5198 qucniam
2952 5131 3007 5184 in
3045 5131 3348 5184 masculum
3380 5136 3433 5182 et
3459 5125 3537 5177 fe—

1974 5217 2177 5272 minam
2213 5227 2408 5274 natura
2443 5219 2681 5275 humana
2715 5221 2894 5276 divisa
2924 5229 3027 5290 est,
3069 5229 3123 5276 et
3153 5222 3370 5290 utrique
3397 5213 3545 5288 pari-
