  <div class='ocr_page' id='page_1' title='image "/cluster/home/n/w/nwhite01/storage/ocr_20150623/44/hvd.32044052767431/159.png"; bbox 0 0 4088 6210; ppageno 0'>
   <div class='ocr_carea' id='block_1_1' title="bbox 511 140 687 197">
    <p class='ocr_par' dir='ltr' id='par_1_1' title="bbox 511 140 687 197">
     <span class='ocr_line' id='line_1_1' title="bbox 511 140 687 197; baseline 0 0"><span class='ocrx_word' id='word_1_1' title='bbox 511 140 687 197; x_wconf 66' lang='grc'><strong>³306</strong></span> 
     </span>
    </p>
   </div>
   <div class='ocr_carea' id='block_1_2' title="bbox 1817 136 2564 199">
    <p class='ocr_par' dir='ltr' id='par_1_2' title="bbox 1817 136 2564 199">
     <span class='ocr_line' id='line_1_2' title="bbox 1817 136 2564 199; baseline 0.004 -8"><span class='ocrx_word' id='word_1_2' title='bbox 1817 136 1874 192; x_wconf 89' lang='lat' dir='ltr'><strong>S.</strong></span> <span class='ocrx_word' id='word_1_3' title='bbox 1914 138 2239 199; x_wconf 70' lang='lat' dir='ltr'><strong>GREGOBII</strong></span> <span class='ocrx_word' id='word_1_4' title='bbox 2275 138 2564 196; x_wconf 82' lang='lat' dir='ltr'><strong>NYSSENI</strong></span> 
     </span>
    </p>
   </div>
   <div class='ocr_carea' id='block_1_3' title="bbox 3600 144 3832 201">
    <p class='ocr_par' dir='ltr' id='par_1_3' title="bbox 3600 144 3832 201">
     <span class='ocr_line' id='line_1_3' title="bbox 3600 144 3832 201; baseline 0.039 -9"><span class='ocrx_word' id='word_1_5' title='bbox 3600 175 3606 192; x_wconf 86' lang='lat'><strong>.</strong></span> <span class='ocrx_word' id='word_1_6' title='bbox 3719 144 3832 201; x_wconf 63' lang='lat'><strong>30-6</strong></span> 
     </span>
    </p>
   </div>
   <div class='ocr_carea' id='block_1_4' title="bbox 578 239 2142 326">
    <p class='ocr_par' dir='ltr' id='par_1_4' title="bbox 578 249 2142 324">
     <span class='ocr_line' id='line_1_4' title="bbox 578 249 2142 324; baseline 0.001 -18"><span class='ocrx_word' id='word_1_7' title='bbox 578 262 663 307; x_wconf 86' lang='lat' dir='ltr'><strong>ter</strong></span> <span class='ocrx_word' id='word_1_8' title='bbox 698 252 868 306; x_wconf 86' lang='lat' dir='ltr'><strong>libera</strong></span> <span class='ocrx_word' id='word_1_9' title='bbox 922 255 1034 304; x_wconf 88' lang='lat' dir='ltr'><strong>tam</strong></span> <span class='ocrx_word' id='word_1_10' title='bbox 1077 249 1144 306; x_wconf 87' lang='lat' dir='ltr'><strong>ad</strong></span> <span class='ocrx_word' id='word_1_11' title='bbox 1177 251 1455 317; x_wconf 77' lang='lat' dir='ltr'><strong>virtutem,</strong></span> <span class='ocrx_word' id='word_1_12' title='bbox 1504 267 1664 323; x_wconf 91' lang='lat' dir='ltr'><strong>quam</strong></span> <span class='ocrx_word' id='word_1_13' title='bbox 1702 251 1769 306; x_wconf 91' lang='lat' dir='ltr'><strong>ad</strong></span> <span class='ocrx_word' id='word_1_14' title='bbox 1800 253 1992 307; x_wconf 90' lang='lat' dir='ltr'><strong>vitium</strong></span> <span class='ocrx_word' id='word_1_15' title='bbox 2024 269 2142 324; x_wconf 85' lang='lat' dir='ltr'><strong>pro-</strong></span> 
     </span>
    </p>
   </div>
   <div class='ocr_carea' id='block_1_5' title="bbox 2242 239 3832 326">
    <p class='ocr_par' dir='ltr' id='par_1_5' title="bbox 2259 239 3832 326">
     <span class='ocr_line' id='line_1_5' title="bbox 2259 239 3832 326; baseline 0.001 -18"><span class='ocrx_word' id='word_1_16' title='bbox 2259 273 2366 308; x_wconf 86' lang='grc' dir='ltr'><strong>σειε</strong></span> <span class='ocrx_word' id='word_1_17' title='bbox 2400 256 2492 308; x_wconf 82' lang='grc' dir='ltr'><strong>καὶ</strong></span> <span class='ocrx_word' id='word_1_18' title='bbox 2518 257 2646 326; x_wconf 80' lang='grc' dir='ltr'><strong>ἡμῖν</strong></span> <span class='ocrx_word' id='word_1_19' title='bbox 2668 254 2784 317; x_wconf 86' lang='grc' dir='ltr'><strong>ένός</strong></span> <span class='ocrx_word' id='word_1_20' title='bbox 2809 270 2950 316; x_wconf 90' lang='grc' dir='ltr'><strong>τινος</strong></span> <span class='ocrx_word' id='word_1_21' title='bbox 2973 252 3080 306; x_wconf 91' lang='grc' dir='ltr'><strong>τῶν</strong></span> <span class='ocrx_word' id='word_1_22' title='bbox 3101 255 3240 308; x_wconf 85' lang='grc' dir='ltr'><strong>κατά</strong></span> <span class='ocrx_word' id='word_1_23' title='bbox 3267 255 3357 308; x_wconf 72' lang='grc' dir='ltr'><strong>τὸν</strong></span> <span class='ocrx_word' id='word_1_24' title='bbox 3384 254 3498 324; x_wconf 86' lang='grc' dir='ltr'><strong>βίον</strong></span> <span class='ocrx_word' id='word_1_25' title='bbox 3527 239 3832 325; x_wconf 82' lang='grc' dir='ltr'><strong>εὐδοκίμων</strong></span> 
     </span>
    </p>
   </div>
   <div class='ocr_carea' id='block_1_6' title="bbox 576 340 2142 417">
    <p class='ocr_par' dir='ltr' id='par_1_6' title="bbox 576 340 2142 414">
     <span class='ocr_line' id='line_1_6' title="bbox 576 340 2142 414; baseline 0 -17"><span class='ocrx_word' id='word_1_26' title='bbox 576 343 759 414; x_wconf 89' lang='lat' dir='ltr'><strong>posita</strong></span> <span class='ocrx_word' id='word_1_27' title='bbox 781 349 868 396; x_wconf 91' lang='lat' dir='ltr'><strong>est</strong></span> <span class='ocrx_word' id='word_1_28' title='bbox 898 340 1125 396; x_wconf 87' lang='lat' dir='ltr'><strong>electio:</strong></span> <span class='ocrx_word' id='word_1_29' title='bbox 1164 341 1372 396; x_wconf 87' lang='lat' dir='ltr'><strong>idcirco</strong></span> <span class='ocrx_word' id='word_1_30' title='bbox 1400 341 1732 397; x_wconf 83' lang='lat' dir='ltr'><strong>conveniens</strong></span> <span class='ocrx_word' id='word_1_31' title='bbox 1764 343 1984 412; x_wconf 93' lang='lat' dir='ltr'><strong>utrique</strong></span> <span class='ocrx_word' id='word_1_32' title='bbox 2008 344 2142 413; x_wconf 94' lang='lat' dir='ltr'><strong>parti</strong></span> 
     </span>
    </p>
   </div>
   <div class='ocr_carea' id='block_1_7' title="bbox 2242 340 3835 417">
    <p class='ocr_par' dir='ltr' id='par_1_7' title="bbox 2249 343 3835 417">
     <span class='ocr_line' id='line_1_7' title="bbox 2249 343 3835 417; baseline 0.001 -18"><span class='ocrx_word' id='word_1_33' title='bbox 2249 348 2284 417; x_wconf 80' lang='grc' dir='ltr'>ἡ</span> <span class='ocrx_word' id='word_1_34' title='bbox 2311 349 2494 417; x_wconf 80' lang='grc' dir='ltr'><strong>μνήμη</strong></span> <span class='ocrx_word' id='word_1_35' title='bbox 2528 347 2626 416; x_wconf 90' lang='grc' dir='ltr'><strong>τὴν</strong></span> <span class='ocrx_word' id='word_1_36' title='bbox 2655 344 2748 399; x_wconf 81' lang='grc' dir='ltr'><strong>τοῦ</strong></span> <span class='ocrx_word' id='word_1_37' title='bbox 2784 344 2989 415; x_wconf 88' lang='grc' dir='ltr'><strong>πυρσοῦ</strong></span> <span class='ocrx_word' id='word_1_38' title='bbox 3012 343 3198 414; x_wconf 80' lang='grc' dir='ltr'>χρείαν</span> <span class='ocrx_word' id='word_1_39' title='bbox 3227 343 3536 415; x_wconf 86' lang='grc' dir='ltr'><strong>πληρῶσαι,</strong></span> <span class='ocrx_word' id='word_1_40' title='bbox 3571 346 3664 399; x_wconf 72' lang='grc' dir='ltr'><strong>καὶ</strong></span> <span class='ocrx_word' id='word_1_41' title='bbox 3695 348 3835 400; x_wconf 66' lang='grc' dir='ltr'><strong>ὑπο.</strong></span> 
     </span>
    </p>
   </div>
   <div class='ocr_carea' id='block_1_8' title="bbox 578 430 2149 502">
    <p class='ocr_par' dir='ltr' id='par_1_8' title="bbox 578 430 2149 502">
     <span class='ocr_line' id='line_1_8' title="bbox 578 430 2149 502; baseline 0 -16"><span class='ocrx_word' id='word_1_42' title='bbox 578 447 608 486; x_wconf 90' lang='lat' dir='ltr'><strong>a</strong></span> <span class='ocrx_word' id='word_1_43' title='bbox 642 431 828 486; x_wconf 89' lang='lat' dir='ltr'><strong>divina</strong></span> <span class='ocrx_word' id='word_1_44' title='bbox 856 445 992 486; x_wconf 91' lang='lat' dir='ltr'><strong>voce</strong></span> <span class='ocrx_word' id='word_1_45' title='bbox 1030 430 1370 500; x_wconf 89' lang='lat' dir='ltr'><strong>propositum</strong></span> <span class='ocrx_word' id='word_1_46' title='bbox 1407 438 1494 486; x_wconf 87' lang='lat' dir='ltr'><strong>est</strong></span> <span class='ocrx_word' id='word_1_47' title='bbox 1517 431 1847 502; x_wconf 76' lang='lat' dir='ltr'><strong>exemplum,</strong></span> <span class='ocrx_word' id='word_1_48' title='bbox 1873 432 1940 486; x_wconf 91' lang='lat' dir='ltr'><strong>ad</strong></span> <span class='ocrx_word' id='word_1_49' title='bbox 1971 433 2149 487; x_wconf 84' lang='lat' dir='ltr'><strong>Abra-</strong></span> 
     </span>
    </p>
   </div>
   <div class='ocr_carea' id='block_1_9' title="bbox 2249 432 3831 504">
    <p class='ocr_par' dir='ltr' id='par_1_9' title="bbox 2249 432 3831 504">
     <span class='ocr_line' id='line_1_9' title="bbox 2249 432 3831 504; baseline 0.001 -17"><span class='ocrx_word' id='word_1_50' title='bbox 2249 435 2438 501; x_wconf 79' lang='grc' dir='ltr'><strong>δεῖξαι,</strong></span> <span class='ocrx_word' id='word_1_51' title='bbox 2470 433 2587 496; x_wconf 85' lang='grc' dir='ltr'><strong>πῶς</strong></span> <span class='ocrx_word' id='word_1_52' title='bbox 2617 434 2733 486; x_wconf 84' lang='grc' dir='ltr'><strong>ἐστι</strong></span> <span class='ocrx_word' id='word_1_53' title='bbox 2764 432 2985 486; x_wconf 83' lang='grc' dir='ltr'><strong>δυνατὸν</strong></span> <span class='ocrx_word' id='word_1_54' title='bbox 3013 432 3091 502; x_wconf 81' lang='grc' dir='ltr'><strong>τῷ</strong></span> <span class='ocrx_word' id='word_1_55' title='bbox 3117 432 3367 504; x_wconf 79' lang='grc' dir='ltr'><strong>ἀκλύστῳ</strong></span> <span class='ocrx_word' id='word_1_56' title='bbox 3392 434 3490 503; x_wconf 83' lang='grc' dir='ltr'><strong>τῆς</strong></span> <span class='ocrx_word' id='word_1_57' title='bbox 3515 433 3716 504; x_wconf 82' lang='grc' dir='ltr'><strong>ἀρετῆς</strong></span> <span class='ocrx_word' id='word_1_58' title='bbox 3746 436 3831 488; x_wconf 85' lang='grc' dir='ltr'><strong>λι-</strong></span> 
     </span>
    </p>
   </div>
   <div class='ocr_carea' id='block_1_10' title="bbox 579 519 2142 593">
    <p class='ocr_par' dir='ltr' id='par_1_10' title="bbox 579 519 2142 589">
     <span class='ocr_line' id='line_1_10' title="bbox 579 519 2142 589; baseline 0 -13"><span class='ocrx_word' id='word_1_59' title='bbox 579 523 705 576; x_wconf 87' lang='lat' dir='ltr'><strong>ham</strong></span> <span class='ocrx_word' id='word_1_60' title='bbox 733 527 789 576; x_wconf 91' lang='lat' dir='ltr'><strong>et</strong></span> <span class='ocrx_word' id='word_1_61' title='bbox 821 519 1011 575; x_wconf 89' lang='lat' dir='ltr'><strong>Saram</strong></span> <span class='ocrx_word' id='word_1_62' title='bbox 1043 521 1338 589; x_wconf 87' lang='lat' dir='ltr'><strong>respicere.</strong></span> <span class='ocrx_word' id='word_1_63' title='bbox 1371 529 1430 574; x_wconf 93' lang='lat' dir='ltr'><strong>ut</strong></span> <span class='ocrx_word' id='word_1_64' title='bbox 1459 520 1564 575; x_wconf 91' lang='lat' dir='ltr'><strong>viri</strong></span> <span class='ocrx_word' id='word_1_65' title='bbox 1589 535 1620 573; x_wconf 92' lang='lat' dir='ltr'><strong>a</strong></span> <span class='ocrx_word' id='word_1_66' title='bbox 1647 520 1788 585; x_wconf 88' lang='lat' dir='ltr'><strong>viro,</strong></span> <span class='ocrx_word' id='word_1_67' title='bbox 1822 529 1876 577; x_wconf 91' lang='lat' dir='ltr'><strong>et</strong></span> <span class='ocrx_word' id='word_1_68' title='bbox 1896 521 2142 576; x_wconf 81' lang='lat' dir='ltr'><strong>mulieres</strong></span> 
     </span>
    </p>
   </div>
   <div class='ocr_carea' id='block_1_11' title="bbox 2242 519 3830 593">
    <p class='ocr_par' dir='ltr' id='par_1_11' title="bbox 2255 519 3830 593">
     <span class='ocr_line' id='line_1_11' title="bbox 2255 519 3830 593; baseline 0.001 -17"><span class='ocrx_word' id='word_1_69' title='bbox 2255 523 2374 593; x_wconf 85' lang='grc' dir='ltr'><strong>μένι</strong></span> <span class='ocrx_word' id='word_1_70' title='bbox 2401 523 2499 592; x_wconf 82' lang='grc' dir='ltr'><strong>τήν</strong></span> <span class='ocrx_word' id='word_1_71' title='bbox 2539 522 2714 592; x_wconf 66' lang='grc' dir='ltr'><strong>ψυχὴν</strong></span> <span class='ocrx_word' id='word_1_72' title='bbox 2759 519 3110 592; x_wconf 75' lang='grc' dir='ltr'><strong>καθορμίσαι,</strong></span> <span class='ocrx_word' id='word_1_73' title='bbox 3154 520 3399 591; x_wconf 76' lang='grc' dir='ltr'><strong>μηδαμοῦ</strong></span> <span class='ocrx_word' id='word_1_74' title='bbox 3436 525 3554 585; x_wconf 83' lang='grc' dir='ltr'><strong>ταῖς</strong></span> <span class='ocrx_word' id='word_1_75' title='bbox 3583 521 3674 576; x_wconf 86' lang='grc' dir='ltr'><strong>τοῦ</strong></span> <span class='ocrx_word' id='word_1_76' title='bbox 3707 523 3830 591; x_wconf 85' lang='grc' dir='ltr'><strong>βίου</strong></span> 
     </span>
    </p>
   </div>
   <div class='ocr_carea' id='block_1_12' title="bbox 583 610 2142 684">
    <p class='ocr_par' dir='ltr' id='par_1_12' title="bbox 583 610 2142 683">
     <span class='ocr_line' id='line_1_12' title="bbox 583 610 2142 683; baseline 0.001 -16"><span class='ocrx_word' id='word_1_77' title='bbox 583 627 616 667; x_wconf 88' lang='lat' dir='ltr'><strong>a</strong></span> <span class='ocrx_word' id='word_1_78' title='bbox 651 612 881 667; x_wconf 86' lang='lat' dir='ltr'><strong>muliere</strong></span> <span class='ocrx_word' id='word_1_79' title='bbox 920 611 1141 680; x_wconf 87' lang='lat' dir='ltr'><strong>propria</strong></span> <span class='ocrx_word' id='word_1_80' title='bbox 1184 610 1488 683; x_wconf 87' lang='lat' dir='ltr'><strong>idoneaque</strong></span> <span class='ocrx_word' id='word_1_81' title='bbox 1539 616 1749 666; x_wconf 70' lang='lat' dir='ltr'><strong>natura:</strong></span> <span class='ocrx_word' id='word_1_82' title='bbox 1791 613 2142 682; x_wconf 75' lang='lat' dir='ltr'><strong>suscipientes</strong></span> 
     </span>
    </p>
   </div>
   <div class='ocr_carea' id='block_1_13' title="bbox 2242 610 3832 684">
    <p class='ocr_par' dir='ltr' id='par_1_13' title="bbox 2251 610 3832 684">
     <span class='ocr_line' id='line_1_13' title="bbox 2251 610 3832 684; baseline 0.001 -18"><span class='ocrx_word' id='word_1_83' title='bbox 2251 613 2439 678; x_wconf 77' lang='grc' dir='ltr'><strong>ζάλαις</strong></span> <span class='ocrx_word' id='word_1_84' title='bbox 2475 611 2927 682; x_wconf 82' lang='grc' dir='ltr'><strong>ὲγχειμασθεῖσαν</strong></span> <span class='ocrx_word' id='word_1_85' title='bbox 2948 650 2962 672; x_wconf 88' lang='grc'><strong>,</strong></span> <span class='ocrx_word' id='word_1_86' title='bbox 3011 610 3144 680; x_wconf 80' lang='grc' dir='ltr'><strong>μηδὲ</strong></span> <span class='ocrx_word' id='word_1_87' title='bbox 3175 611 3315 664; x_wconf 84' lang='grc' dir='ltr'><strong>κατὰ</strong></span> <span class='ocrx_word' id='word_1_88' title='bbox 3349 610 3448 674; x_wconf 86' lang='grc' dir='ltr'><strong>τὰς</strong></span> <span class='ocrx_word' id='word_1_89' title='bbox 3493 613 3832 684; x_wconf 79' lang='grc' dir='ltr'><strong>ἐπαλλήλους</strong></span> 
     </span>
    </p>
   </div>
   <div class='ocr_carea' id='block_1_14' title="bbox 585 700 2142 772">
    <p class='ocr_par' dir='ltr' id='par_1_14' title="bbox 585 700 2142 772">
     <span class='ocr_line' id='line_1_14' title="bbox 585 700 2142 772; baseline -0.001 -13"><span class='ocrx_word' id='word_1_90' title='bbox 585 701 854 772; x_wconf 76' lang='lat' dir='ltr'><strong>exempla,</strong></span> <span class='ocrx_word' id='word_1_91' title='bbox 880 700 1096 755; x_wconf 75' lang='lat' dir='ltr'><strong>lucilius</strong></span> <span class='ocrx_word' id='word_1_92' title='bbox 1125 713 1255 754; x_wconf 88' lang='lat' dir='ltr'><strong>suos</strong></span> <span class='ocrx_word' id='word_1_93' title='bbox 1277 701 1342 754; x_wconf 93' lang='lat' dir='ltr'><strong>ad</strong></span> <span class='ocrx_word' id='word_1_94' title='bbox 1369 700 1622 754; x_wconf 76' lang='lat' dir='ltr'><strong>virtutem</strong></span> <span class='ocrx_word' id='word_1_95' title='bbox 1646 700 1881 771; x_wconf 88' lang='lat' dir='ltr'><strong>dirigant</strong></span> <span class='ocrx_word' id='word_1_96' title='bbox 1901 717 2142 772; x_wconf 90' lang='lat' dir='ltr'><strong>gressus.</strong></span> 
     </span>
    </p>
   </div>
   <div class='ocr_carea' id='block_1_15' title="bbox 583 790 2146 861">
    <p class='ocr_par' dir='ltr' id='par_1_15' title="bbox 583 790 2146 861">
     <span class='ocr_line' id='line_1_15' title="bbox 583 790 2146 861; baseline -0.001 -13"><span class='ocrx_word' id='word_1_97' title='bbox 583 793 764 860; x_wconf 85' lang='lat' dir='ltr'><strong>Quare</strong></span> <span class='ocrx_word' id='word_1_98' title='bbox 793 793 839 848; x_wconf 88' lang='lat' dir='ltr'><strong>si</strong></span> <span class='ocrx_word' id='word_1_99' title='bbox 869 807 972 847; x_wconf 91' lang='lat' dir='ltr'><strong>nos</strong></span> <span class='ocrx_word' id='word_1_100' title='bbox 1003 805 1221 861; x_wconf 91' lang='lat' dir='ltr'><strong>quoque</strong></span> <span class='ocrx_word' id='word_1_101' title='bbox 1253 790 1414 846; x_wconf 91' lang='lat' dir='ltr'><strong>unius</strong></span> <span class='ocrx_word' id='word_1_102' title='bbox 1437 791 1648 861; x_wconf 85' lang='lat' dir='ltr'><strong>probati</strong></span> <span class='ocrx_word' id='word_1_103' title='bbox 1679 791 1844 846; x_wconf 90' lang='lat' dir='ltr'><strong>vitam</strong></span> <span class='ocrx_word' id='word_1_104' title='bbox 1875 792 1929 846; x_wconf 91' lang='lat' dir='ltr'><strong>in</strong></span> <span class='ocrx_word' id='word_1_105' title='bbox 1959 807 2146 848; x_wconf 75' lang='lat' dir='ltr'><strong>exem-</strong></span> 
     </span>
    </p>
   </div>
   <div class='ocr_carea' id='block_1_16' title="bbox 2252 699 3833 774">
    <p class='ocr_par' dir='ltr' id='par_1_16' title="bbox 2252 699 3833 774">
     <span class='ocr_line' id='line_1_16' title="bbox 2252 699 3833 774; baseline -0.002 -17"><span class='ocrx_word' id='word_1_106' title='bbox 2252 704 2363 757; x_wconf 92' lang='grc' dir='ltr'><strong>τῶν</strong></span> <span class='ocrx_word' id='word_1_107' title='bbox 2396 703 2582 756; x_wconf 89' lang='grc' dir='ltr'><strong>παθῶν</strong></span> <span class='ocrx_word' id='word_1_108' title='bbox 2605 701 2898 773; x_wconf 73' lang='grc' dir='ltr'><strong>τρικυμίας</strong></span> <span class='ocrx_word' id='word_1_109' title='bbox 2916 700 2996 771; x_wconf 84' lang='grc' dir='ltr'><strong>τῷ</strong></span> <span class='ocrx_word' id='word_1_110' title='bbox 3019 699 3165 772; x_wconf 82' lang='grc' dir='ltr'><strong>βυθῷ</strong></span> <span class='ocrx_word' id='word_1_111' title='bbox 3189 701 3287 772; x_wconf 83' lang='grc' dir='ltr'><strong>τὴς</strong></span> <span class='ocrx_word' id='word_1_112' title='bbox 3301 701 3498 765; x_wconf 72' lang='grc' dir='ltr'><strong>κακίας</strong></span> <span class='ocrx_word' id='word_1_113' title='bbox 3523 703 3833 774; x_wconf 81' lang='grc' dir='ltr'><strong>ἐνναυαγή-</strong></span> 
     </span>
    </p>
   </div>
   <div class='ocr_carea' id='block_1_17' title="bbox 2254 809 2444 847">
    <p class='ocr_par' dir='ltr' id='par_1_17' title="bbox 2254 809 2444 847">
     <span class='ocr_line' id='line_1_17' title="bbox 2254 809 2444 847; baseline 0.011 -2"><span class='ocrx_word' id='word_1_114' title='bbox 2254 809 2444 847; x_wconf 92' lang='grc' dir='ltr'><strong>σασαν.</strong></span> 
     </span>
    </p>
   </div>
   <div class='ocr_carea' id='block_1_18' title="bbox 580 883 3829 958">
    <p class='ocr_par' dir='ltr' id='par_1_18' title="bbox 580 883 3829 958">
     <span class='ocr_line' id='line_1_18' title="bbox 580 883 3829 958; baseline -0 -17"><span class='ocrx_word' id='word_1_115' title='bbox 580 888 726 958; x_wconf 90' lang='lat' dir='ltr'><strong>plum</strong></span> <span class='ocrx_word' id='word_1_116' title='bbox 754 885 1167 956; x_wconf 79' lang='lat' dir='ltr'><strong>sumpserimus,</strong></span> <span class='ocrx_word' id='word_1_117' title='bbox 1207 883 1455 950; x_wconf 84' lang='lat' dir='ltr'><strong>suﬂiciet,</strong></span> <span class='ocrx_word' id='word_1_118' title='bbox 1498 893 1558 939; x_wconf 93' lang='lat' dir='ltr'><strong>ut</strong></span> <span class='ocrx_word' id='word_1_119' title='bbox 1602 886 1671 941; x_wconf 88' lang='lat' dir='ltr'><strong>sit</strong></span> <span class='ocrx_word' id='word_1_120' title='bbox 1697 893 1955 956; x_wconf 89' lang='lat' dir='ltr'><strong>tanquam</strong></span> <span class='ocrx_word' id='word_1_121' title='bbox 1991 901 2022 941; x_wconf 93' lang='lat' dir='ltr'><strong>e</strong></span> <span class='ocrx_word' id='word_1_122' title='bbox 2049 887 2265 956; x_wconf 87' lang='lat' dir='ltr'><strong>specula</strong></span> <span class='ocrx_word' id='word_1_123' title='bbox 2307 886 2390 940; x_wconf 76' lang='lat' dir='ltr'><strong>fax</strong></span> <span class='ocrx_word' id='word_1_124' title='bbox 2429 885 2724 956; x_wconf 70' lang='lat' dir='ltr'><strong>aﬁulgens,</strong></span> <span class='ocrx_word' id='word_1_125' title='bbox 2773 895 2827 941; x_wconf 90' lang='lat' dir='ltr'><strong>et</strong></span> <span class='ocrx_word' id='word_1_126' title='bbox 2864 887 3115 942; x_wconf 87' lang='lat' dir='ltr'><strong>ostendat</strong></span> <span class='ocrx_word' id='word_1_127' title='bbox 3149 885 3418 958; x_wconf 87' lang='lat' dir='ltr'><strong>quomodo</strong></span> <span class='ocrx_word' id='word_1_128' title='bbox 3466 885 3581 942; x_wconf 81' lang='lat' dir='ltr'><strong>ﬁeri</strong></span> <span class='ocrx_word' id='word_1_129' title='bbox 3625 886 3829 957; x_wconf 85' lang='lat' dir='ltr'><strong>possit.</strong></span> 
     </span>
    </p>
   </div>
   <div class='ocr_carea' id='block_1_19' title="bbox 579 974 3829 1050">
    <p class='ocr_par' dir='ltr' id='par_1_19' title="bbox 579 974 3829 1050">
     <span class='ocr_line' id='line_1_19' title="bbox 579 974 3829 1050; baseline 0.001 -19"><span class='ocrx_word' id='word_1_130' title='bbox 579 986 638 1032; x_wconf 93' lang='lat' dir='ltr'><strong>ut</strong></span> <span class='ocrx_word' id='word_1_131' title='bbox 668 977 768 1032; x_wconf 90' lang='lat' dir='ltr'><strong>hos</strong></span> <span class='ocrx_word' id='word_1_132' title='bbox 799 976 921 1031; x_wconf 75' lang='lat' dir='ltr'><strong>vita:</strong></span> <span class='ocrx_word' id='word_1_133' title='bbox 943 974 1141 1030; x_wconf 79' lang='lat' dir='ltr'><strong>[luctus</strong></span> <span class='ocrx_word' id='word_1_134' title='bbox 1189 975 1394 1045; x_wconf 85' lang='lat' dir='ltr'><strong>absque</strong></span> <span class='ocrx_word' id='word_1_135' title='bbox 1430 974 1715 1046; x_wconf 83' lang='lat' dir='ltr'><strong>naufragio</strong></span> <span class='ocrx_word' id='word_1_136' title='bbox 1763 991 2104 1046; x_wconf 89' lang='lat' dir='ltr'><strong>superemus,</strong></span> <span class='ocrx_word' id='word_1_137' title='bbox 2139 979 2484 1050; x_wconf 85' lang='lat' dir='ltr'><strong>animamque</strong></span> <span class='ocrx_word' id='word_1_138' title='bbox 2527 985 2769 1033; x_wconf 89' lang='lat' dir='ltr'><strong>nostram</strong></span> <span class='ocrx_word' id='word_1_139' title='bbox 2812 978 3276 1047; x_wconf 85' lang='lat' dir='ltr'><strong>perturbationum</strong></span> <span class='ocrx_word' id='word_1_140' title='bbox 3318 976 3478 1033; x_wconf 91' lang='lat' dir='ltr'><strong>undis</strong></span> <span class='ocrx_word' id='word_1_141' title='bbox 3516 978 3829 1036; x_wconf 61' lang='lat' dir='ltr'><strong>obsessam.</strong></span> 
     </span>
    </p>
   </div>
   <div class='ocr_carea' id='block_1_20' title="bbox 577 1061 3363 1136">
    <p class='ocr_par' dir='ltr' id='par_1_20' title="bbox 577 1061 3363 1136">
     <span class='ocr_line' id='line_1_20' title="bbox 577 1061 3363 1136; baseline 0.002 -18"><span class='ocrx_word' id='word_1_142' title='bbox 577 1065 630 1118; x_wconf 92' lang='lat' dir='ltr'><strong>in</strong></span> <span class='ocrx_word' id='word_1_143' title='bbox 661 1063 776 1118; x_wconf 82' lang='lat' dir='ltr'><strong>vitii</strong></span> <span class='ocrx_word' id='word_1_144' title='bbox 805 1063 1040 1132; x_wconf 89' lang='lat' dir='ltr'><strong>demergi</strong></span> <span class='ocrx_word' id='word_1_145' title='bbox 1073 1061 1344 1132; x_wconf 80' lang='lat' dir='ltr'><strong>profundo</strong></span> <span class='ocrx_word' id='word_1_146' title='bbox 1370 1063 1593 1118; x_wconf 89' lang='lat' dir='ltr'><strong>minime</strong></span> <span class='ocrx_word' id='word_1_147' title='bbox 1620 1065 1884 1129; x_wconf 88' lang='lat' dir='ltr'><strong>sinamus,</strong></span> <span class='ocrx_word' id='word_1_148' title='bbox 1918 1065 2014 1120; x_wconf 91' lang='lat' dir='ltr'><strong>sed</strong></span> <span class='ocrx_word' id='word_1_149' title='bbox 2051 1067 2106 1121; x_wconf 91' lang='lat' dir='ltr'><strong>in</strong></span> <span class='ocrx_word' id='word_1_150' title='bbox 2145 1067 2476 1122; x_wconf 89' lang='lat' dir='ltr'><strong>tutissimum</strong></span> <span class='ocrx_word' id='word_1_151' title='bbox 2509 1067 2726 1121; x_wconf 92' lang='lat' dir='ltr'><strong>virtutis</strong></span> <span class='ocrx_word' id='word_1_152' title='bbox 2765 1076 2978 1136; x_wconf 89' lang='lat' dir='ltr'><strong>portum</strong></span> <span class='ocrx_word' id='word_1_153' title='bbox 3011 1067 3363 1123; x_wconf 86' lang='lat' dir='ltr'><strong>deducamus.</strong></span> 
     </span>
    </p>
   </div>
   <div class='ocr_carea' id='block_1_21' title="bbox 646 1149 2137 1223">
    <p class='ocr_par' dir='ltr' id='par_1_21' title="bbox 646 1149 2137 1223">
     <span class='ocr_line' id='line_1_21' title="bbox 646 1149 2137 1223; baseline 0.004 -19"><span class='ocrx_word' id='word_1_154' title='bbox 646 1149 854 1206; x_wconf 85' lang='lat' dir='ltr'><strong>Idcirco</strong></span> <span class='ocrx_word' id='word_1_155' title='bbox 884 1152 1029 1206; x_wconf 89' lang='lat' dir='ltr'><strong>enim</strong></span> <span class='ocrx_word' id='word_1_156' title='bbox 1077 1149 1408 1206; x_wconf 79' lang='lat' dir='ltr'><strong>credendum</strong></span> <span class='ocrx_word' id='word_1_157' title='bbox 1443 1160 1522 1208; x_wconf 86' lang='lat' dir='ltr'><strong>est</strong></span> <span class='ocrx_word' id='word_1_158' title='bbox 1561 1154 2137 1223; x_wconf 64' lang='lat' dir='ltr'><strong>praestantissimorum</strong></span> 
     </span>
    </p>
   </div>
   <div class='ocr_carea' id='block_1_22' title="bbox 579 1238 2141 1312">
    <p class='ocr_par' dir='ltr' id='par_1_22' title="bbox 579 1238 2141 1312">
     <span class='ocr_line' id='line_1_22' title="bbox 579 1238 2141 1312; baseline 0.004 -20"><span class='ocrx_word' id='word_1_159' title='bbox 579 1241 817 1294; x_wconf 86' lang='lat' dir='ltr'><strong>virorum</strong></span> <span class='ocrx_word' id='word_1_160' title='bbox 862 1238 1006 1294; x_wconf 88' lang='lat' dir='ltr'><strong>vitas</strong></span> <span class='ocrx_word' id='word_1_161' title='bbox 1055 1239 1487 1309; x_wconf 78' lang='lat' dir='ltr'><strong>exquisitissime</strong></span> <span class='ocrx_word' id='word_1_162' title='bbox 1529 1242 1884 1312; x_wconf 81' lang='lat' dir='ltr'><strong>perscriptas,</strong></span> <span class='ocrx_word' id='word_1_163' title='bbox 1919 1252 1979 1298; x_wconf 92' lang='lat' dir='ltr'><strong>ut</strong></span> <span class='ocrx_word' id='word_1_164' title='bbox 2030 1245 2141 1298; x_wconf 86' lang='lat' dir='ltr'><strong>vita</strong></span> 
     </span>
    </p>
   </div>
   <div class='ocr_carea' id='block_1_23' title="bbox 576 1329 2143 1390">
    <p class='ocr_par' dir='ltr' id='par_1_23' title="bbox 576 1329 2143 1390">
     <span class='ocr_line' id='line_1_23' title="bbox 576 1329 2143 1390; baseline 0.004 -6"><span class='ocrx_word' id='word_1_165' title='bbox 576 1339 763 1386; x_wconf 89' lang='lat' dir='ltr'><strong>nostra</strong></span> <span class='ocrx_word' id='word_1_166' title='bbox 792 1329 1096 1385; x_wconf 88' lang='lat' dir='ltr'><strong>imitatione</strong></span> <span class='ocrx_word' id='word_1_167' title='bbox 1120 1331 1188 1385; x_wconf 83' lang='lat' dir='ltr'><strong>ad</strong></span> <span class='ocrx_word' id='word_1_168' title='bbox 1219 1330 1470 1386; x_wconf 85' lang='lat' dir='ltr'><strong>virtutem</strong></span> <span class='ocrx_word' id='word_1_169' title='bbox 1504 1346 1568 1387; x_wconf 90' lang='lat' dir='ltr'><strong>ac</strong></span> <span class='ocrx_word' id='word_1_170' title='bbox 1592 1332 1794 1388; x_wconf 90' lang='lat' dir='ltr'><strong>bonum</strong></span> <span class='ocrx_word' id='word_1_171' title='bbox 1826 1335 2031 1390; x_wconf 91' lang='lat' dir='ltr'><strong>rectius</strong></span> <span class='ocrx_word' id='word_1_172' title='bbox 2050 1335 2143 1390; x_wconf 89' lang='lat' dir='ltr'><strong>de-</strong></span> 
     </span>
    </p>
   </div>
   <div class='ocr_carea' id='block_1_24' title="bbox 574 1420 2142 1493">
    <p class='ocr_par' dir='ltr' id='par_1_24' title="bbox 574 1420 2142 1493">
     <span class='ocr_line' id='line_1_24' title="bbox 574 1420 2142 1493; baseline 0.003 -18"><span class='ocrx_word' id='word_1_173' title='bbox 574 1421 824 1476; x_wconf 90' lang='lat' dir='ltr'><strong>ducatur.</strong></span> <span class='ocrx_word' id='word_1_174' title='bbox 844 1420 950 1477; x_wconf 83' lang='lat' dir='ltr'><strong>Sed</strong></span> <span class='ocrx_word' id='word_1_175' title='bbox 977 1421 1121 1478; x_wconf 89' lang='lat' dir='ltr'><strong>dicet</strong></span> <span class='ocrx_word' id='word_1_176' title='bbox 1147 1423 1415 1493; x_wconf 89' lang='lat' dir='ltr'><strong>quispiam</strong></span> <span class='ocrx_word' id='word_1_177' title='bbox 1449 1441 1460 1474; x_wconf 87' lang='lat'><strong>:</strong></span> <span class='ocrx_word' id='word_1_178' title='bbox 1483 1422 1764 1488; x_wconf 89' lang='lat' dir='ltr'><strong>Quomodo</strong></span> <span class='ocrx_word' id='word_1_179' title='bbox 1786 1427 1831 1483; x_wconf 89' lang='lat' dir='ltr'><strong>si</strong></span> <span class='ocrx_word' id='word_1_180' title='bbox 1858 1443 1956 1482; x_wconf 90' lang='lat' dir='ltr'><strong>nec</strong></span> <span class='ocrx_word' id='word_1_181' title='bbox 1980 1427 2142 1482; x_wconf 90' lang='lat' dir='ltr'><strong>Chal-</strong></span> 
     </span>
    </p>
   </div>
   <div class='ocr_carea' id='block_1_25' title="bbox 578 1511 2144 1582">
    <p class='ocr_par' dir='ltr' id='par_1_25' title="bbox 578 1511 2144 1582">
     <span class='ocr_line' id='line_1_25' title="bbox 578 1511 2144 1582; baseline 0.003 -17"><span class='ocrx_word' id='word_1_182' title='bbox 578 1511 729 1567; x_wconf 63' lang='lat' dir='ltr'><strong>daeus</strong></span> <span class='ocrx_word' id='word_1_183' title='bbox 761 1527 879 1568; x_wconf 89' lang='lat' dir='ltr'><strong>sum</strong></span> <span class='ocrx_word' id='word_1_184' title='bbox 911 1527 1034 1582; x_wconf 87' lang='lat' dir='ltr'><strong>ego,</strong></span> <span class='ocrx_word' id='word_1_185' title='bbox 1061 1520 1122 1567; x_wconf 93' lang='lat' dir='ltr'><strong>ut</strong></span> <span class='ocrx_word' id='word_1_186' title='bbox 1149 1513 1215 1567; x_wconf 89' lang='lat' dir='ltr'><strong>de</strong></span> <span class='ocrx_word' id='word_1_187' title='bbox 1239 1513 1510 1568; x_wconf 85' lang='lat' dir='ltr'><strong>Abraham</strong></span> <span class='ocrx_word' id='word_1_188' title='bbox 1534 1517 1812 1580; x_wconf 90' lang='lat' dir='ltr'><strong>scribitur,</strong></span> <span class='ocrx_word' id='word_1_189' title='bbox 1844 1532 1944 1572; x_wconf 88' lang='lat' dir='ltr'><strong>nec</strong></span> <span class='ocrx_word' id='word_1_190' title='bbox 1971 1517 2144 1571; x_wconf 88' lang='lat' dir='ltr'><strong>alum-</strong></span> 
     </span>
    </p>
   </div>
   <div class='ocr_carea' id='block_1_26' title="bbox 576 1602 2139 1677">
    <p class='ocr_par' dir='ltr' id='par_1_26' title="bbox 576 1602 2139 1677">
     <span class='ocr_line' id='line_1_26' title="bbox 576 1602 2139 1677; baseline 0.003 -19"><span class='ocrx_word' id='word_1_191' title='bbox 576 1620 681 1660; x_wconf 87' lang='lat' dir='ltr'><strong>nus</strong></span> <span class='ocrx_word' id='word_1_192' title='bbox 721 1605 863 1675; x_wconf 91' lang='lat' dir='ltr'><strong>regis</strong></span> <span class='ocrx_word' id='word_1_193' title='bbox 891 1602 1135 1675; x_wconf 63' lang='lat' dir='ltr'><strong>[Egyptii</strong></span> <span class='ocrx_word' id='word_1_194' title='bbox 1183 1605 1330 1669; x_wconf 79' lang='lat' dir='ltr'><strong>tiliae,</strong></span> <span class='ocrx_word' id='word_1_195' title='bbox 1359 1613 1418 1659; x_wconf 94' lang='lat' dir='ltr'><strong>ut</strong></span> <span class='ocrx_word' id='word_1_196' title='bbox 1446 1607 1513 1661; x_wconf 91' lang='lat' dir='ltr'><strong>de</strong></span> <span class='ocrx_word' id='word_1_197' title='bbox 1547 1605 1727 1676; x_wconf 81' lang='lat' dir='ltr'><strong>Moyse</strong></span> <span class='ocrx_word' id='word_1_198' title='bbox 1759 1607 2037 1677; x_wconf 88' lang='lat' dir='ltr'><strong>Scriptura</strong></span> <span class='ocrx_word' id='word_1_199' title='bbox 2056 1615 2139 1662; x_wconf 90' lang='lat' dir='ltr'><strong>te-</strong></span> 
     </span>
    </p>
   </div>
   <div class='ocr_carea' id='block_1_27' title="bbox 578 1684 2142 1767">
    <p class='ocr_par' dir='ltr' id='par_1_27' title="bbox 578 1684 2142 1767">
     <span class='ocr_line' id='line_1_27' title="bbox 578 1684 2142 1767; baseline 0.001 -16"><span class='ocrx_word' id='word_1_200' title='bbox 578 1702 776 1759; x_wconf 85' lang='lat' dir='ltr'><strong>statur,</strong></span> <span class='ocrx_word' id='word_1_201' title='bbox 833 1711 935 1750; x_wconf 92' lang='lat' dir='ltr'><strong>nec</strong></span> <span class='ocrx_word' id='word_1_202' title='bbox 967 1696 1202 1765; x_wconf 88' lang='lat' dir='ltr'><strong>denique</strong></span> <span class='ocrx_word' id='word_1_203' title='bbox 1250 1711 1378 1751; x_wconf 88' lang='lat' dir='ltr'><strong>cum</strong></span> <span class='ocrx_word' id='word_1_204' title='bbox 1429 1684 1732 1766; x_wconf 87' lang='lat' dir='ltr'><strong>priscorum</strong></span> <span class='ocrx_word' id='word_1_205' title='bbox 1777 1698 1960 1767; x_wconf 91' lang='lat' dir='ltr'><strong>aliquo</strong></span> <span class='ocrx_word' id='word_1_206' title='bbox 2009 1698 2142 1752; x_wconf 90' lang='lat' dir='ltr'><strong>mihi</strong></span> 
     </span>
    </p>
   </div>
   <div class='ocr_carea' id='block_1_28' title="bbox 577 1783 2145 1856">
    <p class='ocr_par' dir='ltr' id='par_1_28' title="bbox 577 1783 2145 1856">
     <span class='ocr_line' id='line_1_28' title="bbox 577 1783 2145 1856; baseline 0.002 -18"><span class='ocrx_word' id='word_1_207' title='bbox 577 1783 875 1855; x_wconf 88' lang='lat' dir='ltr'><strong>quidquam</strong></span> <span class='ocrx_word' id='word_1_208' title='bbox 927 1799 1218 1840; x_wconf 89' lang='lat' dir='ltr'><strong>commune</strong></span> <span class='ocrx_word' id='word_1_209' title='bbox 1242 1785 1333 1849; x_wconf 89' lang='lat' dir='ltr'><strong>sit,</strong></span> <span class='ocrx_word' id='word_1_210' title='bbox 1365 1785 1595 1856; x_wconf 87' lang='lat' dir='ltr'><strong>alicujus</strong></span> <span class='ocrx_word' id='word_1_211' title='bbox 1623 1801 1809 1842; x_wconf 89' lang='lat' dir='ltr'><strong>eorum</strong></span> <span class='ocrx_word' id='word_1_212' title='bbox 1838 1794 2028 1856; x_wconf 88' lang='lat' dir='ltr'><strong>potero</strong></span> <span class='ocrx_word' id='word_1_213' title='bbox 2063 1787 2145 1841; x_wconf 83' lang='lat' dir='ltr'><strong>vi-</strong></span> 
     </span>
    </p>
   </div>
   <div class='ocr_carea' id='block_1_29' title="bbox 559 1875 2144 1947">
    <p class='ocr_par' dir='ltr' id='par_1_29' title="bbox 559 1875 2144 1947">
     <span class='ocr_line' id='line_1_29' title="bbox 559 1875 2144 1947; baseline 0.001 -17"><span class='ocrx_word' id='word_1_214' title='bbox 559 1885 686 1930; x_wconf 76' lang='lat' dir='ltr'><strong>tam</strong></span> <span class='ocrx_word' id='word_1_215' title='bbox 717 1875 1018 1945; x_wconf 87' lang='lat' dir='ltr'><strong>consequi:</strong></span> <span class='ocrx_word' id='word_1_216' title='bbox 1051 1890 1176 1930; x_wconf 90' lang='lat' dir='ltr'><strong>cum</strong></span> <span class='ocrx_word' id='word_1_217' title='bbox 1204 1875 1341 1931; x_wconf 88' lang='lat' dir='ltr'><strong>nihil</strong></span> <span class='ocrx_word' id='word_1_218' title='bbox 1361 1876 1610 1942; x_wconf 85' lang='lat' dir='ltr'><strong>habeam,</strong></span> <span class='ocrx_word' id='word_1_219' title='bbox 1636 1892 1745 1946; x_wconf 92' lang='lat' dir='ltr'><strong>quo</strong></span> <span class='ocrx_word' id='word_1_220' title='bbox 1775 1878 1978 1947; x_wconf 87' lang='lat' dir='ltr'><strong>possim</strong></span> <span class='ocrx_word' id='word_1_221' title='bbox 2009 1877 2144 1932; x_wconf 89' lang='lat' dir='ltr'><strong>adeo</strong></span> 
     </span>
    </p>
   </div>
   <div class='ocr_carea' id='block_1_30' title="bbox 586 1965 2144 2036">
    <p class='ocr_par' dir='ltr' id='par_1_30' title="bbox 586 1965 2144 2036">
     <span class='ocr_line' id='line_1_30' title="bbox 586 1965 2144 2036; baseline 0.002 -16"><span class='ocrx_word' id='word_1_222' title='bbox 586 1965 815 2020; x_wconf 68' lang='lat' dir='ltr'><strong>diversae</strong></span> <span class='ocrx_word' id='word_1_223' title='bbox 839 1965 961 2020; x_wconf 77' lang='lat' dir='ltr'><strong>vita:</strong></span> <span class='ocrx_word' id='word_1_224' title='bbox 981 1979 1044 2019; x_wconf 91' lang='lat' dir='ltr'><strong>ac</strong></span> <span class='ocrx_word' id='word_1_225' title='bbox 1063 1980 1275 2021; x_wconf 89' lang='lat' dir='ltr'><strong>morum</strong></span> <span class='ocrx_word' id='word_1_226' title='bbox 1293 1966 1556 2036; x_wconf 80' lang='lat' dir='ltr'><strong>longeque</strong></span> <span class='ocrx_word' id='word_1_227' title='bbox 1570 1967 1798 2022; x_wconf 90' lang='lat' dir='ltr'><strong>aliorum</strong></span> <span class='ocrx_word' id='word_1_228' title='bbox 1822 1968 2144 2023; x_wconf 65' lang='lat' dir='ltr'><strong>saaculorum</strong></span> 
     </span>
    </p>
   </div>
   <div class='ocr_carea' id='block_1_31' title="bbox 572 2055 2145 2130">
    <p class='ocr_par' dir='ltr' id='par_1_31' title="bbox 572 2055 2145 2130">
     <span class='ocr_line' id='line_1_31' title="bbox 572 2055 2145 2130; baseline 0.004 -20"><span class='ocrx_word' id='word_1_229' title='bbox 572 2055 851 2111; x_wconf 88' lang='lat' dir='ltr'><strong>hominem</strong></span> <span class='ocrx_word' id='word_1_230' title='bbox 887 2056 1134 2112; x_wconf 88' lang='lat' dir='ltr'><strong>imitari?</strong></span> <span class='ocrx_word' id='word_1_231' title='bbox 1165 2057 1277 2114; x_wconf 89' lang='lat' dir='ltr'><strong>Nos</strong></span> <span class='ocrx_word' id='word_1_232' title='bbox 1304 2072 1435 2113; x_wconf 91' lang='lat' dir='ltr'><strong>vero</strong></span> <span class='ocrx_word' id='word_1_233' title='bbox 1462 2058 1934 2129; x_wconf 87' lang='lat' dir='ltr'><strong>respondebimus,</strong></span> <span class='ocrx_word' id='word_1_234' title='bbox 1966 2075 2145 2130; x_wconf 90' lang='lat' dir='ltr'><strong>neque</strong></span> 
     </span>
    </p>
   </div>
   <div class='ocr_carea' id='block_1_32' title="bbox 576 2142 2145 2220">
    <p class='ocr_par' dir='ltr' id='par_1_32' title="bbox 576 2142 2145 2220">
     <span class='ocr_line' id='line_1_32' title="bbox 576 2142 2145 2220; baseline 0.004 -20"><span class='ocrx_word' id='word_1_235' title='bbox 576 2147 644 2200; x_wconf 90' lang='lat' dir='ltr'><strong>ad</strong></span> <span class='ocrx_word' id='word_1_236' title='bbox 689 2142 902 2210; x_wconf 77' lang='lat' dir='ltr'><strong>vitium,</strong></span> <span class='ocrx_word' id='word_1_237' title='bbox 938 2161 1116 2216; x_wconf 91' lang='lat' dir='ltr'><strong>neque</strong></span> <span class='ocrx_word' id='word_1_238' title='bbox 1163 2147 1231 2202; x_wconf 89' lang='lat' dir='ltr'><strong>ad</strong></span> <span class='ocrx_word' id='word_1_239' title='bbox 1273 2149 1858 2220; x_wconf 79' lang='lat' dir='ltr'><strong>virtutempertinere,</strong></span> <span class='ocrx_word' id='word_1_240' title='bbox 1903 2153 1950 2208; x_wconf 91' lang='lat' dir='ltr'><strong>si</strong></span> <span class='ocrx_word' id='word_1_241' title='bbox 1981 2153 2145 2208; x_wconf 88' lang='lat' dir='ltr'><strong>Chal-</strong></span> 
     </span>
    </p>
   </div>
   <div class='ocr_carea' id='block_1_33' title="bbox 489 2231 2146 2311">
    <p class='ocr_par' dir='ltr' id='par_1_33' title="bbox 489 2231 2146 2311">
     <span class='ocr_line' id='line_1_33' title="bbox 489 2231 2146 2311; baseline 0.005 -22"><span class='ocrx_word' id='word_1_242' title='bbox 489 2231 492 2236; x_wconf 81' lang='grc'><em>’</em></span> <span class='ocrx_word' id='word_1_243' title='bbox 571 2237 727 2290; x_wconf 62' lang='grc' dir='ltr'><strong>Δίους</strong></span> <span class='ocrx_word' id='word_1_244' title='bbox 755 2237 880 2306; x_wconf 89' lang='lat' dir='ltr'><strong>quis</strong></span> <span class='ocrx_word' id='word_1_245' title='bbox 909 2237 1016 2292; x_wconf 85' lang='lat' dir='ltr'><strong>sit:</strong></span> <span class='ocrx_word' id='word_1_246' title='bbox 1058 2252 1158 2293; x_wconf 89' lang='lat' dir='ltr'><strong>nec</strong></span> <span class='ocrx_word' id='word_1_247' title='bbox 1188 2240 1234 2294; x_wconf 90' lang='lat' dir='ltr'><strong>si</strong></span> <span class='ocrx_word' id='word_1_248' title='bbox 1285 2238 1341 2292; x_wconf 91' lang='lat' dir='ltr'><strong>in</strong></span> <span class='ocrx_word' id='word_1_249' title='bbox 1375 2239 1609 2311; x_wconf 69' lang='lat' dir='ltr'><strong>Egypto</strong></span> <span class='ocrx_word' id='word_1_250' title='bbox 1638 2241 1800 2302; x_wconf 86' lang='lat' dir='ltr'><strong>vivat.</strong></span> <span class='ocrx_word' id='word_1_251' title='bbox 1837 2251 1930 2298; x_wconf 88' lang='lat' dir='ltr'><strong>aut</strong></span> <span class='ocrx_word' id='word_1_252' title='bbox 1961 2244 2014 2298; x_wconf 92' lang='lat' dir='ltr'><strong>in</strong></span> <span class='ocrx_word' id='word_1_253' title='bbox 2041 2243 2146 2298; x_wconf 86' lang='lat' dir='ltr'><strong>Ba-</strong></span> 
     </span>
    </p>
   </div>
   <div class='ocr_carea' id='block_1_34' title="bbox 575 2325 2147 2400">
    <p class='ocr_par' dir='ltr' id='par_1_34' title="bbox 575 2325 2147 2400">
     <span class='ocr_line' id='line_1_34' title="bbox 575 2325 2147 2400; baseline 0.004 -20"><span class='ocrx_word' id='word_1_254' title='bbox 575 2326 772 2396; x_wconf 86' lang='lat' dir='ltr'><strong>bylone</strong></span> <span class='ocrx_word' id='word_1_255' title='bbox 820 2335 1088 2392; x_wconf 69' lang='lat' dir='ltr'><strong>versetur,</strong></span> <span class='ocrx_word' id='word_1_256' title='bbox 1131 2325 1254 2382; x_wconf 86' lang='lat' dir='ltr'><strong>ideo</strong></span> <span class='ocrx_word' id='word_1_257' title='bbox 1283 2342 1314 2380; x_wconf 92' lang='lat' dir='ltr'><strong>a</strong></span> <span class='ocrx_word' id='word_1_258' title='bbox 1343 2335 1490 2382; x_wconf 92' lang='lat' dir='ltr'><strong>recta</strong></span> <span class='ocrx_word' id='word_1_259' title='bbox 1523 2329 1742 2385; x_wconf 89' lang='lat' dir='ltr'><strong>virtutis</strong></span> <span class='ocrx_word' id='word_1_260' title='bbox 1780 2331 1890 2385; x_wconf 91' lang='lat' dir='ltr'><strong>vita</strong></span> <span class='ocrx_word' id='word_1_261' title='bbox 1922 2331 2147 2400; x_wconf 81' lang='lat' dir='ltr'><strong>expelli-</strong></span> 
     </span>
    </p>
   </div>
   <div class='ocr_carea' id='block_1_35' title="bbox 577 2416 2145 2490">
    <p class='ocr_par' dir='ltr' id='par_1_35' title="bbox 577 2416 2145 2490">
     <span class='ocr_line' id='line_1_35' title="bbox 577 2416 2145 2490; baseline 0.004 -20"><span class='ocrx_word' id='word_1_262' title='bbox 577 2425 702 2483; x_wconf 91' lang='lat' dir='ltr'><strong>tur;</strong></span> <span class='ocrx_word' id='word_1_263' title='bbox 731 2431 832 2472; x_wconf 89' lang='lat' dir='ltr'><strong>nec</strong></span> <span class='ocrx_word' id='word_1_264' title='bbox 861 2418 1007 2472; x_wconf 88' lang='lat' dir='ltr'><strong>enim</strong></span> <span class='ocrx_word' id='word_1_265' title='bbox 1054 2417 1110 2471; x_wconf 88' lang='lat' dir='ltr'><strong>in</strong></span> <span class='ocrx_word' id='word_1_266' title='bbox 1133 2416 1319 2473; x_wconf 66' lang='lat' dir='ltr'><strong>Iudaea</strong></span> <span class='ocrx_word' id='word_1_267' title='bbox 1351 2419 1553 2486; x_wconf 89' lang='lat' dir='ltr'><strong>solum,</strong></span> <span class='ocrx_word' id='word_1_268' title='bbox 1588 2427 1645 2475; x_wconf 94' lang='lat' dir='ltr'><strong>ut</strong></span> <span class='ocrx_word' id='word_1_269' title='bbox 1674 2422 1969 2490; x_wconf 87' lang='lat' dir='ltr'><strong>quondam,</strong></span> <span class='ocrx_word' id='word_1_270' title='bbox 2006 2423 2145 2478; x_wconf 86' lang='lat' dir='ltr'><strong>Deus</strong></span> 
     </span>
    </p>
   </div>
   <div class='ocr_carea' id='block_1_36' title="bbox 537 2490 2144 2576">
    <p class='ocr_par' dir='ltr' id='par_1_36' title="bbox 537 2490 2144 2576">
     <span class='ocr_line' id='line_1_36' title="bbox 537 2490 2144 2576; baseline 0.003 -17"><span class='ocrx_word' id='word_1_271' title='bbox 537 2490 546 2497; x_wconf 63' lang='grc'><strong>’</strong></span> <span class='ocrx_word' id='word_1_272' title='bbox 576 2507 928 2575; x_wconf 88' lang='lat' dir='ltr'><strong>cognoscitur</strong></span> <span class='ocrx_word' id='word_1_273' title='bbox 958 2506 1032 2558; x_wconf 63' lang='lat'><strong>&#39;3:</strong></span> <span class='ocrx_word' id='word_1_274' title='bbox 1069 2522 1247 2576; x_wconf 90' lang='lat' dir='ltr'><strong>neque</strong></span> <span class='ocrx_word' id='word_1_275' title='bbox 1271 2507 1424 2570; x_wconf 89' lang='lat' dir='ltr'><strong>Sion,</strong></span> <span class='ocrx_word' id='word_1_276' title='bbox 1460 2515 1519 2562; x_wconf 92' lang='lat' dir='ltr'><strong>ut</strong></span> <span class='ocrx_word' id='word_1_277' title='bbox 1557 2509 1737 2564; x_wconf 84' lang='lat' dir='ltr'><strong>littera</strong></span> <span class='ocrx_word' id='word_1_278' title='bbox 1768 2524 1965 2565; x_wconf 84' lang='lat' dir='ltr'><strong>sonare</strong></span> <span class='ocrx_word' id='word_1_279' title='bbox 2002 2511 2144 2565; x_wconf 78' lang='lat' dir='ltr'><strong>vide-</strong></span> 
     </span>
    </p>
   </div>
   <div class='ocr_carea' id='block_1_37' title="bbox 571 2594 2144 2671">
    <p class='ocr_par' dir='ltr' id='par_1_37' title="bbox 571 2594 2144 2671">
     <span class='ocr_line' id='line_1_37' title="bbox 571 2594 2144 2671; baseline 0.006 -22"><span class='ocrx_word' id='word_1_280' title='bbox 571 2605 686 2663; x_wconf 82' lang='lat' dir='ltr'><strong>tur,</strong></span> <span class='ocrx_word' id='word_1_281' title='bbox 713 2606 795 2652; x_wconf 91' lang='lat' dir='ltr'><strong>est</strong></span> <span class='ocrx_word' id='word_1_282' title='bbox 816 2594 908 2651; x_wconf 90' lang='lat' dir='ltr'><strong>Dei</strong></span> <span class='ocrx_word' id='word_1_283' title='bbox 937 2597 1296 2662; x_wconf 83' lang='lat' dir='ltr'><strong>domicilium,</strong></span> <span class='ocrx_word' id='word_1_284' title='bbox 1329 2600 1424 2654; x_wconf 91' lang='lat' dir='ltr'><strong>sed</strong></span> <span class='ocrx_word' id='word_1_285' title='bbox 1453 2599 1711 2656; x_wconf 81' lang='lat' dir='ltr'><strong>subtilius</strong></span> <span class='ocrx_word' id='word_1_286' title='bbox 1739 2609 1904 2671; x_wconf 89' lang='lat' dir='ltr'><strong>atque</strong></span> <span class='ocrx_word' id='word_1_287' title='bbox 1929 2602 2144 2658; x_wconf 83' lang='lat' dir='ltr'><strong>acutius</strong></span> 
     </span>
    </p>
   </div>
   <div class='ocr_carea' id='block_1_38' title="bbox 577 2685 2144 2760">
    <p class='ocr_par' dir='ltr' id='par_1_38' title="bbox 577 2685 2144 2760">
     <span class='ocr_line' id='line_1_38' title="bbox 577 2685 2144 2760; baseline 0.002 -20"><span class='ocrx_word' id='word_1_288' title='bbox 577 2686 736 2742; x_wconf 90' lang='lat' dir='ltr'><strong>nobis</strong></span> <span class='ocrx_word' id='word_1_289' title='bbox 787 2685 1186 2757; x_wconf 89' lang='lat' dir='ltr'><strong>inspiciendum</strong></span> <span class='ocrx_word' id='word_1_290' title='bbox 1220 2696 1325 2752; x_wconf 90' lang='lat' dir='ltr'><strong>est,</strong></span> <span class='ocrx_word' id='word_1_291' title='bbox 1386 2696 1444 2744; x_wconf 93' lang='lat' dir='ltr'><strong>ut</strong></span> <span class='ocrx_word' id='word_1_292' title='bbox 1475 2689 1759 2745; x_wconf 89' lang='lat' dir='ltr'><strong>videamus</strong></span> <span class='ocrx_word' id='word_1_293' title='bbox 1812 2706 1951 2760; x_wconf 90' lang='lat' dir='ltr'><strong>quos</strong></span> <span class='ocrx_word' id='word_1_294' title='bbox 1981 2690 2144 2746; x_wconf 88' lang='lat' dir='ltr'><strong>Chal-</strong></span> 
     </span>
    </p>
   </div>
   <div class='ocr_carea' id='block_1_39' title="bbox 577 2774 2142 2847">
    <p class='ocr_par' dir='ltr' id='par_1_39' title="bbox 577 2774 2142 2847">
     <span class='ocr_line' id='line_1_39' title="bbox 577 2774 2142 2847; baseline 0 -17"><span class='ocrx_word' id='word_1_295' title='bbox 577 2775 744 2840; x_wconf 68' lang='lat' dir='ltr'><strong>daeos,</strong></span> <span class='ocrx_word' id='word_1_296' title='bbox 776 2783 870 2830; x_wconf 86' lang='lat' dir='ltr'><strong>aut</strong></span> <span class='ocrx_word' id='word_1_297' title='bbox 914 2790 1053 2844; x_wconf 90' lang='lat' dir='ltr'><strong>quos</strong></span> <span class='ocrx_word' id='word_1_298' title='bbox 1078 2774 1369 2846; x_wconf 11' lang='lat' dir='ltr'><strong>xEAgyptios</strong></span> <span class='ocrx_word' id='word_1_299' title='bbox 1417 2775 1705 2845; x_wconf 79' lang='lat' dir='ltr'><strong>fugiendos</strong></span> <span class='ocrx_word' id='word_1_300' title='bbox 1735 2775 2012 2847; x_wconf 82' lang='lat' dir='ltr'><strong>Scriptura</strong></span> <span class='ocrx_word' id='word_1_301' title='bbox 2045 2791 2142 2846; x_wconf 88' lang='lat' dir='ltr'><strong>per</strong></span> 
     </span>
    </p>
   </div>
   <div class='ocr_carea' id='block_1_40' title="bbox 2313 1156 3832 1229">
    <p class='ocr_par' dir='ltr' id='par_1_40' title="bbox 2313 1156 3832 1229">
     <span class='ocr_line' id='line_1_40' title="bbox 2313 1156 3832 1229; baseline 0.001 -21"><span class='ocrx_word' id='word_1_302' title='bbox 2313 1157 2465 1226; x_wconf 83' lang='grc' dir='ltr'><strong>Τάχα</strong></span> <span class='ocrx_word' id='word_1_303' title='bbox 2505 1156 2613 1226; x_wconf 87' lang='grc' dir='ltr'><strong>γὰρ</strong></span> <span class='ocrx_word' id='word_1_304' title='bbox 2665 1157 2758 1211; x_wconf 75' lang='grc' dir='ltr'><strong>καὶ</strong></span> <span class='ocrx_word' id='word_1_305' title='bbox 2797 1157 2984 1211; x_wconf 88' lang='grc' dir='ltr'><strong>τούτου</strong></span> <span class='ocrx_word' id='word_1_306' title='bbox 3022 1157 3178 1229; x_wconf 83' lang='grc' dir='ltr'><strong>χάριν</strong></span> <span class='ocrx_word' id='word_1_307' title='bbox 3221 1160 3254 1229; x_wconf 91' lang='grc' dir='ltr'><strong>ή</strong></span> <span class='ocrx_word' id='word_1_308' title='bbox 3289 1156 3396 1212; x_wconf 88' lang='grc' dir='ltr'><strong>τῶν</strong></span> <span class='ocrx_word' id='word_1_309' title='bbox 3432 1157 3648 1229; x_wconf 83' lang='grc' dir='ltr'><strong>ὑψηλῶν</strong></span> <span class='ocrx_word' id='word_1_310' title='bbox 3679 1159 3832 1212; x_wconf 84' lang='grc' dir='ltr'><strong>ἐκεί-</strong></span> 
     </span>
    </p>
   </div>
   <div class='ocr_carea' id='block_1_41' title="bbox 2241 1247 3831 1324">
    <p class='ocr_par' dir='ltr' id='par_1_41' title="bbox 2241 1247 3831 1324">
     <span class='ocr_line' id='line_1_41' title="bbox 2241 1247 3831 1324; baseline 0.001 -22"><span class='ocrx_word' id='word_1_311' title='bbox 2241 1265 2346 1302; x_wconf 89' lang='grc' dir='ltr'><strong>νων</strong></span> <span class='ocrx_word' id='word_1_312' title='bbox 2378 1248 2619 1302; x_wconf 84' lang='grc' dir='ltr'><strong>πολιτεία</strong></span> <span class='ocrx_word' id='word_1_313' title='bbox 2642 1248 2708 1302; x_wconf 88' lang='grc' dir='ltr'><strong>δι’</strong></span> <span class='ocrx_word' id='word_1_314' title='bbox 2739 1247 3022 1318; x_wconf 84' lang='grc' dir='ltr'><strong>ἀκριϐείας</strong></span> <span class='ocrx_word' id='word_1_315' title='bbox 3049 1250 3326 1320; x_wconf 89' lang='grc' dir='ltr'><strong>ίστόρηται</strong></span> <span class='ocrx_word' id='word_1_316' title='bbox 3345 1290 3360 1315; x_wconf 92' lang='grc'><strong>,</strong></span> <span class='ocrx_word' id='word_1_317' title='bbox 3398 1249 3473 1313; x_wconf 86' lang='grc' dir='ltr'><strong>ὡς</strong></span> <span class='ocrx_word' id='word_1_318' title='bbox 3505 1249 3569 1302; x_wconf 86' lang='grc' dir='ltr'><strong>ἂν</strong></span> <span class='ocrx_word' id='word_1_319' title='bbox 3600 1250 3689 1324; x_wconf 78' lang='grc' dir='ltr'><strong>διὰ</strong></span> <span class='ocrx_word' id='word_1_320' title='bbox 3722 1250 3831 1320; x_wconf 83' lang='grc' dir='ltr'><strong>τῆς</strong></span> 
     </span>
    </p>
   </div>
   <div class='ocr_carea' id='block_1_42' title="bbox 2238 1339 3830 1412">
    <p class='ocr_par' dir='ltr' id='par_1_42' title="bbox 2238 1339 3830 1412">
     <span class='ocr_line' id='line_1_42' title="bbox 2238 1339 3830 1412; baseline 0.001 -22"><span class='ocrx_word' id='word_1_321' title='bbox 2238 1339 2349 1390; x_wconf 89' lang='grc' dir='ltr'><strong>τῶν</strong></span> <span class='ocrx_word' id='word_1_322' title='bbox 2380 1339 2925 1412; x_wconf 78' lang='grc' dir='ltr'><strong>προκατωρθωκότων</strong></span> <span class='ocrx_word' id='word_1_323' title='bbox 2947 1341 3228 1411; x_wconf 89' lang='grc' dir='ltr'><strong>μιμήσεως</strong></span> <span class='ocrx_word' id='word_1_324' title='bbox 3256 1341 3284 1392; x_wconf 94' lang='lat'><strong>6</strong></span> <span class='ocrx_word' id='word_1_325' title='bbox 3317 1339 3510 1408; x_wconf 74' lang='grc' dir='ltr'><strong>ἐφεξῆς</strong></span> <span class='ocrx_word' id='word_1_326' title='bbox 3543 1339 3656 1410; x_wconf 86' lang='grc' dir='ltr'><strong>βίος</strong></span> <span class='ocrx_word' id='word_1_327' title='bbox 3687 1341 3830 1410; x_wconf 80' lang='grc' dir='ltr'><strong>πρὸς</strong></span> 
     </span>
    </p>
   </div>
   <div class='ocr_carea' id='block_1_43' title="bbox 2243 1427 3826 1502">
    <p class='ocr_par' dir='ltr' id='par_1_43' title="bbox 2243 1427 3826 1502">
     <span class='ocr_line' id='line_1_43' title="bbox 2243 1427 3826 1502; baseline 0.002 -21"><span class='ocrx_word' id='word_1_328' title='bbox 2243 1429 2304 1482; x_wconf 83' lang='grc' dir='ltr'><strong>τὸ</strong></span> <span class='ocrx_word' id='word_1_329' title='bbox 2357 1429 2559 1497; x_wconf 79' lang='grc' dir='ltr'><strong>ἀγαθὸν</strong></span> <span class='ocrx_word' id='word_1_330' title='bbox 2605 1429 2981 1484; x_wconf 86' lang='grc' dir='ltr'><strong>ἀπευθύνοιτο.</strong></span> <span class='ocrx_word' id='word_1_331' title='bbox 3031 1431 3095 1483; x_wconf 88' lang='grc' dir='ltr'><strong>Τί</strong></span> <span class='ocrx_word' id='word_1_332' title='bbox 3134 1427 3248 1494; x_wconf 82' lang='grc' dir='ltr'><strong>οὖν,</strong></span> <span class='ocrx_word' id='word_1_333' title='bbox 3287 1431 3402 1500; x_wconf 84' lang='grc' dir='ltr'><strong>ἐρεῖ</strong></span> <span class='ocrx_word' id='word_1_334' title='bbox 3440 1447 3543 1494; x_wconf 86' lang='grc' dir='ltr'><strong>τις,</strong></span> <span class='ocrx_word' id='word_1_335' title='bbox 3593 1432 3640 1483; x_wconf 89' lang='grc' dir='ltr'><strong>εί</strong></span> <span class='ocrx_word' id='word_1_336' title='bbox 3681 1433 3826 1502; x_wconf 89' lang='grc' dir='ltr'><strong>μήτε</strong></span> 
     </span>
    </p>
   </div>
   <div class='ocr_carea' id='block_1_44' title="bbox 2245 1521 3825 1596">
    <p class='ocr_par' dir='ltr' id='par_1_44' title="bbox 2245 1521 3825 1596">
     <span class='ocr_line' id='line_1_44' title="bbox 2245 1521 3825 1596; baseline 0.004 -23"><span class='ocrx_word' id='word_1_337' title='bbox 2245 1521 2510 1584; x_wconf 81' lang='grc' dir='ltr'>Χαλδαῖος</span> <span class='ocrx_word' id='word_1_338' title='bbox 2547 1523 2676 1590; x_wconf 88' lang='grc' dir='ltr'><strong>ἐγὼ,</strong></span> <span class='ocrx_word' id='word_1_339' title='bbox 2697 1522 2886 1592; x_wconf 84' lang='grc' dir='ltr'><strong>ὥσπερ</strong></span> <span class='ocrx_word' id='word_1_340' title='bbox 2905 1524 2934 1576; x_wconf 87' lang='lat'><strong>6</strong></span> <span class='ocrx_word' id='word_1_341' title='bbox 2961 1523 3216 1594; x_wconf 82' lang='grc' dir='ltr'><strong>Ἀϐραὰμ</strong></span> <span class='ocrx_word' id='word_1_342' title='bbox 3247 1523 3655 1593; x_wconf 83' lang='grc' dir='ltr'><strong>μνημονεύεται,</strong></span> <span class='ocrx_word' id='word_1_343' title='bbox 3681 1528 3825 1596; x_wconf 75' lang='grc' dir='ltr'><strong>μήτε</strong></span> 
     </span>
    </p>
   </div>
   <div class='ocr_carea' id='block_1_45' title="bbox 2243 1609 3824 1686">
    <p class='ocr_par' dir='ltr' id='par_1_45' title="bbox 2243 1609 3824 1686">
     <span class='ocr_line' id='line_1_45' title="bbox 2243 1609 3824 1686; baseline 0.004 -24"><span class='ocrx_word' id='word_1_344' title='bbox 2243 1611 2339 1679; x_wconf 82' lang='grc' dir='ltr'><strong>τῆς</strong></span> <span class='ocrx_word' id='word_1_345' title='bbox 2369 1609 2638 1682; x_wconf 82' lang='grc' dir='ltr'><strong>θυγατρὸς</strong></span> <span class='ocrx_word' id='word_1_346' title='bbox 2675 1611 2768 1665; x_wconf 80' lang='grc' dir='ltr'><strong>τοῦ</strong></span> <span class='ocrx_word' id='word_1_347' title='bbox 2815 1612 3108 1680; x_wconf 77' lang='grc' dir='ltr'><strong>Αἰγυπτίου</strong></span> <span class='ocrx_word' id='word_1_348' title='bbox 3158 1613 3437 1683; x_wconf 84' lang='grc' dir='ltr'><strong>τρόφιμος,</strong></span> <span class='ocrx_word' id='word_1_349' title='bbox 3474 1614 3549 1677; x_wconf 88' lang='grc' dir='ltr'><strong>ὼς</strong></span> <span class='ocrx_word' id='word_1_350' title='bbox 3572 1615 3698 1686; x_wconf 79' lang='grc' dir='ltr'><strong>περὶ</strong></span> <span class='ocrx_word' id='word_1_351' title='bbox 3721 1615 3824 1668; x_wconf 84' lang='grc' dir='ltr'><strong>τοῦ</strong></span> 
     </span>
    </p>
   </div>
   <div class='ocr_carea' id='block_1_46' title="bbox 2241 1701 3827 1774">
    <p class='ocr_par' dir='ltr' id='par_1_46' title="bbox 2241 1701 3827 1774">
     <span class='ocr_line' id='line_1_46' title="bbox 2241 1701 3827 1774; baseline 0.003 -19"><span class='ocrx_word' id='word_1_352' title='bbox 2241 1701 2520 1766; x_wconf 86' lang='grc' dir='ltr'><strong>Μωῦσέως</strong></span> <span class='ocrx_word' id='word_1_353' title='bbox 2545 1703 2574 1754; x_wconf 98' lang='lat'><strong>6</strong></span> <span class='ocrx_word' id='word_1_354' title='bbox 2602 1703 2758 1771; x_wconf 81' lang='grc' dir='ltr'><strong>λόγος</strong></span> <span class='ocrx_word' id='word_1_355' title='bbox 2790 1704 3029 1774; x_wconf 83' lang='grc' dir='ltr'><strong>κατέχει,</strong></span> <span class='ocrx_word' id='word_1_356' title='bbox 3067 1704 3307 1774; x_wconf 86' lang='grc' dir='ltr'><strong>μηδόλως</strong></span> <span class='ocrx_word' id='word_1_357' title='bbox 3338 1705 3397 1759; x_wconf 85' lang='grc' dir='ltr'><strong>ἐν</strong></span> <span class='ocrx_word' id='word_1_358' title='bbox 3428 1709 3537 1770; x_wconf 87' lang='grc' dir='ltr'>τοῖς</span> <span class='ocrx_word' id='word_1_359' title='bbox 3559 1707 3827 1772; x_wconf 84' lang='grc' dir='ltr'><strong>τοιούτοις</strong></span> 
     </span>
    </p>
   </div>
   <div class='ocr_carea' id='block_1_47' title="bbox 2243 1793 3826 1867">
    <p class='ocr_par' dir='ltr' id='par_1_47' title="bbox 2243 1793 3826 1867">
     <span class='ocr_line' id='line_1_47' title="bbox 2243 1793 3826 1867; baseline 0.005 -21"><span class='ocrx_word' id='word_1_360' title='bbox 2243 1793 2380 1864; x_wconf 83' lang='grc' dir='ltr'><strong>πρὸς</strong></span> <span class='ocrx_word' id='word_1_361' title='bbox 2408 1794 2527 1848; x_wconf 81' lang='grc' dir='ltr'><strong>τινὰ</strong></span> <span class='ocrx_word' id='word_1_362' title='bbox 2547 1795 2654 1848; x_wconf 89' lang='grc' dir='ltr'><strong>τῶν</strong></span> <span class='ocrx_word' id='word_1_363' title='bbox 2683 1795 2924 1866; x_wconf 86' lang='grc' dir='ltr'><strong>ἀρχαίων</strong></span> <span class='ocrx_word' id='word_1_364' title='bbox 2946 1796 3081 1866; x_wconf 77' lang='grc' dir='ltr'><strong>ἔχων</strong></span> <span class='ocrx_word' id='word_1_365' title='bbox 3111 1814 3162 1850; x_wconf 93' lang='grc' dir='ltr'><strong>τι</strong></span> <span class='ocrx_word' id='word_1_366' title='bbox 3192 1797 3332 1850; x_wconf 86' lang='grc' dir='ltr'><strong>κατὰ</strong></span> <span class='ocrx_word' id='word_1_367' title='bbox 3353 1797 3443 1850; x_wconf 79' lang='grc' dir='ltr'><strong>τὸν</strong></span> <span class='ocrx_word' id='word_1_368' title='bbox 3472 1798 3583 1867; x_wconf 83' lang='grc' dir='ltr'><strong>βίον</strong></span> <span class='ocrx_word' id='word_1_369' title='bbox 3617 1800 3826 1853; x_wconf 82' lang='grc' dir='ltr'><strong>κατάλ-</strong></span> 
     </span>
    </p>
   </div>
   <div class='ocr_carea' id='block_1_48' title="bbox 2243 1885 3825 1961">
    <p class='ocr_par' dir='ltr' id='par_1_48' title="bbox 2243 1885 3825 1961">
     <span class='ocr_line' id='line_1_48' title="bbox 2243 1885 3825 1961; baseline 0.002 -19"><span class='ocrx_word' id='word_1_370' title='bbox 2243 1885 2402 1958; x_wconf 84' lang='grc' dir='ltr'><strong>ληλον</strong></span> <span class='ocrx_word' id='word_1_371' title='bbox 2429 1903 2442 1918; x_wconf 73' lang='grc' dir='ltr'><strong>ο</strong></span> <span class='ocrx_word' id='word_1_372' title='bbox 2483 1887 2601 1952; x_wconf 93' lang='grc' dir='ltr'><strong>πῶς</strong></span> <span class='ocrx_word' id='word_1_373' title='bbox 2637 1890 2716 1952; x_wconf 89' lang='grc' dir='ltr'><strong>είς</strong></span> <span class='ocrx_word' id='word_1_374' title='bbox 2747 1889 2845 1960; x_wconf 81' lang='grc' dir='ltr'><strong>τήν</strong></span> <span class='ocrx_word' id='word_1_375' title='bbox 2873 1888 3039 1960; x_wconf 79' lang='grc' dir='ltr'><strong>αὐτὴν</strong></span> <span class='ocrx_word' id='word_1_376' title='bbox 3062 1889 3213 1957; x_wconf 77' lang='grc' dir='ltr'><strong>τάξιν</strong></span> <span class='ocrx_word' id='word_1_377' title='bbox 3237 1891 3318 1944; x_wconf 79' lang='grc' dir='ltr'><strong>ἐνὶ</strong></span> <span class='ocrx_word' id='word_1_378' title='bbox 3345 1889 3548 1945; x_wconf 84' lang='grc' dir='ltr'><strong>τούτων</strong></span> <span class='ocrx_word' id='word_1_379' title='bbox 3580 1891 3825 1961; x_wconf 83' lang='grc' dir='ltr'><strong>ἐμαυτὸν</strong></span> 
     </span>
    </p>
   </div>
   <div class='ocr_carea' id='block_1_49' title="bbox 2244 1980 3826 2051">
    <p class='ocr_par' dir='ltr' id='par_1_49' title="bbox 2244 1980 3826 2051">
     <span class='ocr_line' id='line_1_49' title="bbox 2244 1980 3826 2051; baseline 0.003 -18"><span class='ocrx_word' id='word_1_380' title='bbox 2244 1981 2591 2051; x_wconf 81' lang='grc' dir='ltr'><strong>καταστήσω,</strong></span> <span class='ocrx_word' id='word_1_381' title='bbox 2639 1981 2712 2051; x_wconf 83' lang='grc' dir='ltr'><strong>μὴ</strong></span> <span class='ocrx_word' id='word_1_382' title='bbox 2757 1980 2894 2051; x_wconf 77' lang='grc' dir='ltr'><strong>ἔχων</strong></span> <span class='ocrx_word' id='word_1_383' title='bbox 2931 1982 3078 2043; x_wconf 84' lang='grc' dir='ltr'><strong>ὅπως</strong></span> <span class='ocrx_word' id='word_1_384' title='bbox 3113 1982 3205 2035; x_wconf 82' lang='grc' dir='ltr'><strong>τὸν</strong></span> <span class='ocrx_word' id='word_1_385' title='bbox 3244 1981 3492 2035; x_wconf 83' lang='grc' dir='ltr'><strong>τοσοῦτον</strong></span> <span class='ocrx_word' id='word_1_386' title='bbox 3526 1983 3826 2050; x_wconf 65' lang='grc' dir='ltr'><strong>ἀφεστῶτα</strong></span> 
     </span>
    </p>
   </div>
   <div class='ocr_carea' id='block_1_50' title="bbox 2243 2070 3820 2144">
    <p class='ocr_par' dir='ltr' id='par_1_50' title="bbox 2243 2070 3820 2144">
     <span class='ocr_line' id='line_1_50' title="bbox 2243 2070 3820 2144; baseline 0.001 -20"><span class='ocrx_word' id='word_1_387' title='bbox 2243 2070 2332 2124; x_wconf 75' lang='grc' dir='ltr'><strong>διὰ</strong></span> <span class='ocrx_word' id='word_1_388' title='bbox 2363 2070 2470 2124; x_wconf 85' lang='grc' dir='ltr'><strong>τῶν</strong></span> <span class='ocrx_word' id='word_1_389' title='bbox 2504 2071 2946 2141; x_wconf 75' lang='grc' dir='ltr'><strong>ἐπιτηδευμάτων</strong></span> <span class='ocrx_word' id='word_1_390' title='bbox 2985 2073 3339 2143; x_wconf 74' lang='grc' dir='ltr'><strong>μιμήσωμαις</strong></span> <span class='ocrx_word' id='word_1_391' title='bbox 3394 2073 3536 2144; x_wconf 81' lang='grc' dir='ltr'><strong>Πρὸς</strong></span> <span class='ocrx_word' id='word_1_392' title='bbox 3565 2073 3623 2127; x_wconf 85' lang='grc' dir='ltr'><strong>ὃν</strong></span> <span class='ocrx_word' id='word_1_393' title='bbox 3655 2073 3820 2144; x_wconf 72' lang='grc' dir='ltr'><strong>ἐροῦ-</strong></span> 
     </span>
    </p>
   </div>
   <div class='ocr_carea' id='block_1_51' title="bbox 2247 2155 3825 2232">
    <p class='ocr_par' dir='ltr' id='par_1_51' title="bbox 2247 2155 3825 2232">
     <span class='ocr_line' id='line_1_51' title="bbox 2247 2155 3825 2232; baseline 0.002 -21"><span class='ocrx_word' id='word_1_394' title='bbox 2247 2177 2368 2230; x_wconf 90' lang='grc' dir='ltr'><strong>μεν,</strong></span> <span class='ocrx_word' id='word_1_395' title='bbox 2391 2161 2471 2213; x_wconf 87' lang='grc' dir='ltr'><strong>ὅτι</strong></span> <span class='ocrx_word' id='word_1_396' title='bbox 2502 2159 2628 2213; x_wconf 68' lang='grc' dir='ltr'><strong>οὔτε</strong></span> <span class='ocrx_word' id='word_1_397' title='bbox 2650 2159 2726 2229; x_wconf 81' lang='grc' dir='ltr'><strong>τῷ</strong></span> <span class='ocrx_word' id='word_1_398' title='bbox 2746 2159 3006 2214; x_wconf 83' lang='grc' dir='ltr'><strong>Χαλδαῖον</strong></span> <span class='ocrx_word' id='word_1_399' title='bbox 3024 2155 3162 2214; x_wconf 76' lang='grc' dir='ltr'><strong>εἶναι</strong></span> <span class='ocrx_word' id='word_1_400' title='bbox 3189 2161 3386 2215; x_wconf 86' lang='grc' dir='ltr'><strong>κακίαν</strong></span> <span class='ocrx_word' id='word_1_401' title='bbox 3413 2161 3446 2232; x_wconf 72' lang='grc' dir='ltr'>ἢ</span> <span class='ocrx_word' id='word_1_402' title='bbox 3477 2163 3674 2232; x_wconf 80' lang='grc' dir='ltr'><strong>ἀρετὴν</strong></span> <span class='ocrx_word' id='word_1_403' title='bbox 3701 2163 3825 2232; x_wconf 86' lang='grc' dir='ltr'><strong>κρί-</strong></span> 
     </span>
    </p>
   </div>
   <div class='ocr_carea' id='block_1_52' title="bbox 2243 2243 3822 2322">
    <p class='ocr_par' dir='ltr' id='par_1_52' title="bbox 2243 2243 3822 2322">
     <span class='ocr_line' id='line_1_52' title="bbox 2243 2243 3822 2322; baseline 0.001 -18"><span class='ocrx_word' id='word_1_404' title='bbox 2243 2267 2406 2321; x_wconf 90' lang='grc' dir='ltr'><strong>νομεν</strong></span> <span class='ocrx_word' id='word_1_405' title='bbox 2425 2267 2438 2282; x_wconf 79' lang='grc' dir='ltr'><strong>ο</strong></span> <span class='ocrx_word' id='word_1_406' title='bbox 2471 2249 2594 2304; x_wconf 78' lang='grc' dir='ltr'><strong>οὗτε</strong></span> <span class='ocrx_word' id='word_1_407' title='bbox 2615 2253 2682 2322; x_wconf 79' lang='grc' dir='ltr'><strong>τῇ</strong></span> <span class='ocrx_word' id='word_1_408' title='bbox 2713 2251 2771 2304; x_wconf 84' lang='grc' dir='ltr'><strong>ἐν</strong></span> <span class='ocrx_word' id='word_1_409' title='bbox 2792 2251 3050 2322; x_wconf 80' lang='grc' dir='ltr'><strong>Δίγύπτῳ</strong></span> <span class='ocrx_word' id='word_1_410' title='bbox 3068 2243 3201 2322; x_wconf 68' lang='grc' dir='ltr'><strong>ζωῇ,</strong></span> <span class='ocrx_word' id='word_1_411' title='bbox 3225 2251 3346 2304; x_wconf 77' lang='grc' dir='ltr'><strong>οὔτε</strong></span> <span class='ocrx_word' id='word_1_412' title='bbox 3371 2253 3434 2322; x_wconf 81' lang='grc' dir='ltr'><strong>τῇ</strong></span> <span class='ocrx_word' id='word_1_413' title='bbox 3465 2254 3520 2304; x_wconf 84' lang='grc' dir='ltr'><strong>ἐν</strong></span> <span class='ocrx_word' id='word_1_414' title='bbox 3537 2253 3822 2306; x_wconf 86' lang='grc' dir='ltr'><strong>Βαϐυλῶνι</strong></span> 
     </span>
    </p>
   </div>
   <div class='ocr_carea' id='block_1_53' title="bbox 2243 2340 3817 2413">
    <p class='ocr_par' dir='ltr' id='par_1_53' title="bbox 2243 2340 3817 2413">
     <span class='ocr_line' id='line_1_53' title="bbox 2243 2340 3817 2413; baseline 0.002 -20"><span class='ocrx_word' id='word_1_415' title='bbox 2243 2340 2510 2412; x_wconf 83' lang='grc' dir='ltr'><strong>διατριϐῇ,</strong></span> <span class='ocrx_word' id='word_1_416' title='bbox 2558 2340 2648 2394; x_wconf 79' lang='grc' dir='ltr'><strong>τοῦ</strong></span> <span class='ocrx_word' id='word_1_417' title='bbox 2691 2341 2805 2410; x_wconf 81' lang='grc' dir='ltr'><strong>βίου</strong></span> <span class='ocrx_word' id='word_1_418' title='bbox 2830 2358 2913 2404; x_wconf 88' lang='grc' dir='ltr'><strong>τις</strong></span> <span class='ocrx_word' id='word_1_419' title='bbox 2945 2340 3038 2395; x_wconf 76' lang='grc' dir='ltr'><strong>τοῦ</strong></span> <span class='ocrx_word' id='word_1_420' title='bbox 3078 2341 3198 2394; x_wconf 87' lang='grc' dir='ltr'><strong>κατ’</strong></span> <span class='ocrx_word' id='word_1_421' title='bbox 3231 2342 3428 2413; x_wconf 80' lang='grc' dir='ltr'><strong>ἀρετὴν</strong></span> <span class='ocrx_word' id='word_1_422' title='bbox 3451 2341 3775 2406; x_wconf 76' lang='grc' dir='ltr'><strong>ἐξοικίζεται</strong></span> <span class='ocrx_word' id='word_1_423' title='bbox 3801 2360 3817 2374; x_wconf 85' lang='grc'><strong>·</strong></span> 
     </span>
    </p>
   </div>
   <div class='ocr_carea' id='block_1_54' title="bbox 2243 2427 3822 2502">
    <p class='ocr_par' dir='ltr' id='par_1_54' title="bbox 2243 2427 3822 2502">
     <span class='ocr_line' id='line_1_54' title="bbox 2243 2427 3822 2502; baseline 0.001 -17"><span class='ocrx_word' id='word_1_424' title='bbox 2243 2432 2353 2485; x_wconf 80' lang='grc' dir='ltr'><strong>οὐδ’</strong></span> <span class='ocrx_word' id='word_1_425' title='bbox 2383 2427 2448 2485; x_wconf 84' lang='grc' dir='ltr'>αὗ</span> <span class='ocrx_word' id='word_1_426' title='bbox 2487 2430 2647 2486; x_wconf 88' lang='grc' dir='ltr'><strong>πάλιν</strong></span> <span class='ocrx_word' id='word_1_427' title='bbox 2675 2432 2733 2485; x_wconf 80' lang='grc' dir='ltr'><strong>ἐν</strong></span> <span class='ocrx_word' id='word_1_428' title='bbox 2760 2435 2826 2502; x_wconf 81' lang='grc' dir='ltr'><strong>τῇ</strong></span> <span class='ocrx_word' id='word_1_429' title='bbox 2861 2432 3091 2502; x_wconf 79' lang='grc' dir='ltr'><strong>Ἰουδαίᾳ</strong></span> <span class='ocrx_word' id='word_1_430' title='bbox 3117 2431 3324 2502; x_wconf 73' lang='grc' dir='ltr'><strong>[μόνον]</strong></span> <span class='ocrx_word' id='word_1_431' title='bbox 3356 2433 3591 2500; x_wconf 74' lang='grc' dir='ltr'><strong>γνωστὸς</strong></span> <span class='ocrx_word' id='word_1_432' title='bbox 3629 2435 3656 2485; x_wconf 87' lang='lat'><strong>6</strong></span> <span class='ocrx_word' id='word_1_433' title='bbox 3681 2432 3822 2495; x_wconf 72' lang='grc' dir='ltr'><strong>Θεὸς</strong></span> 
     </span>
    </p>
   </div>
   <div class='ocr_carea' id='block_1_55' title="bbox 2242 2520 3820 2593">
    <p class='ocr_par' dir='ltr' id='par_1_55' title="bbox 2242 2520 3820 2593">
     <span class='ocr_line' id='line_1_55' title="bbox 2242 2520 3820 2593; baseline 0 -17"><span class='ocrx_word' id='word_1_434' title='bbox 2242 2525 2353 2585; x_wconf 85' lang='grc' dir='ltr'><strong>τοῖς</strong></span> <span class='ocrx_word' id='word_1_435' title='bbox 2375 2520 2548 2586; x_wconf 81' lang='grc' dir='ltr'><strong>ἀξίοις</strong></span> <span class='ocrx_word' id='word_1_436' title='bbox 2573 2522 2783 2589; x_wconf 89' lang='grc' dir='ltr'><strong>γίνεται</strong></span> <span class='ocrx_word' id='word_1_437' title='bbox 2809 2537 2824 2552; x_wconf 73' lang='grc' dir='ltr'><strong>ο</strong></span> <span class='ocrx_word' id='word_1_438' title='bbox 2858 2522 2976 2574; x_wconf 79' lang='grc' dir='ltr'><strong>οὐδὲ</strong></span> <span class='ocrx_word' id='word_1_439' title='bbox 3024 2521 3182 2585; x_wconf 85' lang='grc' dir='ltr'><strong>Σιὼν,</strong></span> <span class='ocrx_word' id='word_1_440' title='bbox 3223 2521 3363 2576; x_wconf 84' lang='grc' dir='ltr'><strong>κατὰ</strong></span> <span class='ocrx_word' id='word_1_441' title='bbox 3385 2521 3482 2593; x_wconf 80' lang='grc' dir='ltr'><strong>τὴν</strong></span> <span class='ocrx_word' id='word_1_442' title='bbox 3523 2522 3820 2593; x_wconf 81' lang='grc' dir='ltr'><strong>πρόχειρον</strong></span> 
     </span>
    </p>
   </div>
   <div class='ocr_carea' id='block_1_56' title="bbox 2242 2612 3821 2682">
    <p class='ocr_par' dir='ltr' id='par_1_56' title="bbox 2242 2612 3821 2682">
     <span class='ocr_line' id='line_1_56' title="bbox 2242 2612 3821 2682; baseline 0.001 -16"><span class='ocrx_word' id='word_1_443' title='bbox 2242 2613 2470 2679; x_wconf 75' lang='grc' dir='ltr'><strong>ἔννοιαν,</strong></span> <span class='ocrx_word' id='word_1_444' title='bbox 2487 2612 2550 2666; x_wconf 83' lang='grc' dir='ltr'><strong>τὸ</strong></span> <span class='ocrx_word' id='word_1_445' title='bbox 2579 2612 2720 2665; x_wconf 84' lang='grc' dir='ltr'><strong>θεῖόν</strong></span> <span class='ocrx_word' id='word_1_446' title='bbox 2751 2613 2896 2664; x_wconf 83' lang='grc' dir='ltr'><strong>ἐστιν</strong></span> <span class='ocrx_word' id='word_1_447' title='bbox 2921 2613 3225 2682; x_wconf 76' lang='grc' dir='ltr'><strong>οἰκητήριον</strong></span> <span class='ocrx_word' id='word_1_448' title='bbox 3243 2629 3257 2643; x_wconf 79' lang='grc' dir='ltr'><strong>ο</strong></span> <span class='ocrx_word' id='word_1_449' title='bbox 3285 2612 3422 2666; x_wconf 82' lang='grc' dir='ltr'><strong>ἀλλά</strong></span> <span class='ocrx_word' id='word_1_450' title='bbox 3451 2630 3592 2675; x_wconf 87' lang='grc' dir='ltr'><strong>τινος</strong></span> <span class='ocrx_word' id='word_1_451' title='bbox 3622 2613 3821 2676; x_wconf 83' lang='grc' dir='ltr'><strong>λεπτο-</strong></span> 
     </span>
    </p>
   </div>
   <div class='ocr_carea' id='block_1_57' title="bbox 2241 2701 3816 2775">
    <p class='ocr_par' dir='ltr' id='par_1_57' title="bbox 2241 2701 3816 2775">
     <span class='ocr_line' id='line_1_57' title="bbox 2241 2701 3816 2775; baseline 0.001 -20"><span class='ocrx_word' id='word_1_452' title='bbox 2241 2702 2405 2772; x_wconf 87' lang='grc' dir='ltr'><strong>τέρας</strong></span> <span class='ocrx_word' id='word_1_453' title='bbox 2420 2704 2548 2772; x_wconf 85' lang='grc' dir='ltr'><strong>ήμῖν</strong></span> <span class='ocrx_word' id='word_1_454' title='bbox 2569 2701 2725 2773; x_wconf 84' lang='grc' dir='ltr'><strong>χρεία</strong></span> <span class='ocrx_word' id='word_1_455' title='bbox 2739 2702 2837 2772; x_wconf 83' lang='grc' dir='ltr'><strong>τῆς</strong></span> <span class='ocrx_word' id='word_1_456' title='bbox 2850 2701 3100 2767; x_wconf 83' lang='grc' dir='ltr'><strong>διανοίας,</strong></span> <span class='ocrx_word' id='word_1_457' title='bbox 3115 2702 3206 2755; x_wconf 82' lang='grc' dir='ltr'><strong>καὶ</strong></span> <span class='ocrx_word' id='word_1_458' title='bbox 3225 2701 3483 2775; x_wconf 78' lang='grc' dir='ltr'><strong>ὀξυτέρας</strong></span> <span class='ocrx_word' id='word_1_459' title='bbox 3499 2706 3597 2774; x_wconf 84' lang='grc' dir='ltr'><strong>τῆς</strong></span> <span class='ocrx_word' id='word_1_460' title='bbox 3611 2704 3816 2774; x_wconf 76' lang='grc' dir='ltr'><strong>ὅψεως,</strong></span> 
     </span>
    </p>
   </div>
   <div class='ocr_carea' id='block_1_58' title="bbox 2243 2791 3816 2864">
    <p class='ocr_par' dir='ltr' id='par_1_58' title="bbox 2243 2791 3816 2864">
     <span class='ocr_line' id='line_1_58' title="bbox 2243 2791 3816 2864; baseline 0.003 -20"><span class='ocrx_word' id='word_1_461' title='bbox 2243 2793 2318 2855; x_wconf 86' lang='grc' dir='ltr'><strong>ὡς</strong></span> <span class='ocrx_word' id='word_1_462' title='bbox 2340 2791 2518 2845; x_wconf 85' lang='grc' dir='ltr'><strong>διῖδείν</strong></span> <span class='ocrx_word' id='word_1_463' title='bbox 2549 2793 2612 2845; x_wconf 83' lang='grc' dir='ltr'><strong>ἐκ</strong></span> <span class='ocrx_word' id='word_1_464' title='bbox 2653 2793 2750 2862; x_wconf 81' lang='grc' dir='ltr'><strong>τῆς</strong></span> <span class='ocrx_word' id='word_1_465' title='bbox 2777 2791 3035 2862; x_wconf 82' lang='grc' dir='ltr'><strong>ἱστορίας,</strong></span> <span class='ocrx_word' id='word_1_466' title='bbox 3072 2792 3240 2846; x_wconf 89' lang='grc' dir='ltr'><strong>ποίων</strong></span> <span class='ocrx_word' id='word_1_467' title='bbox 3268 2794 3548 2848; x_wconf 82' lang='grc' dir='ltr'><strong>Χαλδαίων</strong></span> <span class='ocrx_word' id='word_1_468' title='bbox 3580 2796 3611 2864; x_wconf 83' lang='grc' dir='ltr'>ἢ</span> <span class='ocrx_word' id='word_1_469' title='bbox 3637 2797 3816 2863; x_wconf 72' lang='grc' dir='ltr'><strong>Λίγυ-</strong></span> 
     </span>
    </p>
   </div>
   <div class='ocr_carea' id='block_1_59' title="bbox 568 2865 2142 2964">
    <p class='ocr_par' dir='ltr' id='par_1_59' title="bbox 568 2865 2142 2936">
     <span class='ocr_line' id='line_1_59' title="bbox 568 2865 2142 2936; baseline 0 -16"><span class='ocrx_word' id='word_1_470' title='bbox 568 2866 861 2922; x_wconf 80' lang='lat' dir='ltr'><strong>historiam</strong></span> <span class='ocrx_word' id='word_1_471' title='bbox 915 2865 1191 2928; x_wconf 86' lang='lat' dir='ltr'><strong>admonet,</strong></span> <span class='ocrx_word' id='word_1_472' title='bbox 1245 2873 1298 2920; x_wconf 92' lang='lat' dir='ltr'><strong>et</strong></span> <span class='ocrx_word' id='word_1_473' title='bbox 1327 2881 1435 2936; x_wconf 91' lang='lat' dir='ltr'><strong>qua</strong></span> <span class='ocrx_word' id='word_1_474' title='bbox 1485 2865 1778 2936; x_wconf 85' lang='lat' dir='ltr'><strong>Babylonis</strong></span> <span class='ocrx_word' id='word_1_475' title='bbox 1824 2867 2142 2936; x_wconf 85' lang='lat' dir='ltr'><strong>captivitate</strong></span> 
     </span>
    </p>
   </div>
   <div class='ocr_carea' id='block_1_60' title="bbox 2242 2865 3819 2964">
    <p class='ocr_par' dir='ltr' id='par_1_60' title="bbox 2245 2883 3819 2955">
     <span class='ocr_line' id='line_1_60' title="bbox 2245 2883 3819 2955; baseline 0.004 -19"><span class='ocrx_word' id='word_1_476' title='bbox 2245 2883 2414 2937; x_wconf 89' lang='grc' dir='ltr'><strong>πτίων</strong></span> <span class='ocrx_word' id='word_1_477' title='bbox 2479 2883 2667 2955; x_wconf 77' lang='grc' dir='ltr'><strong>πόρῤω</strong></span> <span class='ocrx_word' id='word_1_478' title='bbox 2728 2883 3039 2954; x_wconf 87' lang='grc' dir='ltr'><strong>γενόμενοι,</strong></span> <span class='ocrx_word' id='word_1_479' title='bbox 3087 2886 3182 2938; x_wconf 75' lang='grc' dir='ltr'><strong>καὶ</strong></span> <span class='ocrx_word' id='word_1_480' title='bbox 3251 2884 3410 2948; x_wconf 90' lang='grc' dir='ltr'><strong>ποίας</strong></span> <span class='ocrx_word' id='word_1_481' title='bbox 3460 2886 3819 2942; x_wconf 80' lang='grc' dir='ltr'><strong>Βαϐυλωνίων</strong></span> 
     </span>
    </p>
   </div>
   <div class='ocr_carea' id='block_1_61' title="bbox 577 2955 2134 3012">
    <p class='ocr_par' dir='ltr' id='par_1_61' title="bbox 577 2955 2134 3012">
     <span class='ocr_line' id='line_1_61' title="bbox 577 2955 2134 3012; baseline 0 -2"><span class='ocrx_word' id='word_1_482' title='bbox 577 2955 788 3011; x_wconf 86' lang='lat' dir='ltr'><strong>liberati</strong></span> <span class='ocrx_word' id='word_1_483' title='bbox 839 2955 905 3009; x_wconf 89' lang='lat' dir='ltr'><strong>ad</strong></span> <span class='ocrx_word' id='word_1_484' title='bbox 962 2956 1352 3011; x_wconf 88' lang='lat' dir='ltr'><strong>beatitudinem</strong></span> <span class='ocrx_word' id='word_1_485' title='bbox 1407 2955 1628 3012; x_wconf 82' lang='lat' dir='ltr'><strong>tandem</strong></span> <span class='ocrx_word' id='word_1_486' title='bbox 1681 2956 2134 3011; x_wconf 86' lang='lat' dir='ltr'><strong>conscendamus.</strong></span> 
     </span>
    </p>
   </div>
   <div class='ocr_carea' id='block_1_62' title="bbox 491 3045 2141 3120">
    <p class='ocr_par' dir='ltr' id='par_1_62' title="bbox 491 3045 2141 3120">
     <span class='ocr_line' id='line_1_62' title="bbox 491 3045 2141 3120; baseline -0.001 -19"><span class='ocrx_word' id='word_1_487' title='bbox 491 3110 502 3120; x_wconf 51' lang='grc'><strong>,</strong></span> <span class='ocrx_word' id='word_1_488' title='bbox 575 3047 726 3112; x_wconf 75' lang='lat' dir='ltr'><strong>Quas</strong></span> <span class='ocrx_word' id='word_1_489' title='bbox 758 3045 830 3100; x_wconf 94' lang='lat' dir='ltr'><strong>ob</strong></span> <span class='ocrx_word' id='word_1_490' title='bbox 861 3061 950 3101; x_wconf 90' lang='lat' dir='ltr'><strong>res</strong></span> <span class='ocrx_word' id='word_1_491' title='bbox 979 3045 1191 3117; x_wconf 81' lang='lat' dir='ltr'><strong>Moyses</strong></span> <span class='ocrx_word' id='word_1_492' title='bbox 1227 3046 1318 3100; x_wconf 86' lang='lat' dir='ltr'><strong>ille</strong></span> <span class='ocrx_word' id='word_1_493' title='bbox 1341 3046 1398 3099; x_wconf 89' lang='lat' dir='ltr'><strong>in</strong></span> <span class='ocrx_word' id='word_1_494' title='bbox 1425 3047 1728 3116; x_wconf 76' lang='lat' dir='ltr'><strong>exemplum</strong></span> <span class='ocrx_word' id='word_1_495' title='bbox 1756 3047 1914 3102; x_wconf 91' lang='lat' dir='ltr'><strong>nobis</strong></span> <span class='ocrx_word' id='word_1_496' title='bbox 1945 3063 2141 3116; x_wconf 83' lang='lat' dir='ltr'><strong>propo-</strong></span> 
     </span>
    </p>
   </div>
   <div class='ocr_carea' id='block_1_63' title="bbox 569 3133 2140 3204">
    <p class='ocr_par' dir='ltr' id='par_1_63' title="bbox 569 3133 2140 3204">
     <span class='ocr_line' id='line_1_63' title="bbox 569 3133 2140 3204; baseline 0.003 -16"><span class='ocrx_word' id='word_1_497' title='bbox 569 3143 764 3199; x_wconf 86' lang='lat' dir='ltr'><strong>natur,</strong></span> <span class='ocrx_word' id='word_1_498' title='bbox 794 3134 952 3204; x_wconf 85' lang='lat' dir='ltr'><strong>cujus</strong></span> <span class='ocrx_word' id='word_1_499' title='bbox 999 3136 1161 3190; x_wconf 88' lang='lat' dir='ltr'><strong>vitam</strong></span> <span class='ocrx_word' id='word_1_500' title='bbox 1213 3133 1262 3190; x_wconf 88' lang='lat' dir='ltr'><strong>si</strong></span> <span class='ocrx_word' id='word_1_501' title='bbox 1293 3135 1445 3204; x_wconf 88' lang='lat' dir='ltr'><strong>prius</strong></span> <span class='ocrx_word' id='word_1_502' title='bbox 1482 3135 1642 3204; x_wconf 90' lang='lat' dir='ltr'><strong>(sicut</strong></span> <span class='ocrx_word' id='word_1_503' title='bbox 1683 3152 1711 3189; x_wconf 88' lang='lat' dir='ltr'><strong>a</strong></span> <span class='ocrx_word' id='word_1_504' title='bbox 1747 3136 1947 3192; x_wconf 87' lang='lat' dir='ltr'><strong>divinis</strong></span> <span class='ocrx_word' id='word_1_505' title='bbox 1988 3138 2140 3194; x_wconf 88' lang='lat' dir='ltr'><strong>libris</strong></span> 
     </span>
    </p>
   </div>
   <div class='ocr_carea' id='block_1_64' title="bbox 581 3224 2140 3296">
    <p class='ocr_par' dir='ltr' id='par_1_64' title="bbox 581 3224 2140 3296">
     <span class='ocr_line' id='line_1_64' title="bbox 581 3224 2140 3296; baseline 0.001 -15"><span class='ocrx_word' id='word_1_506' title='bbox 581 3224 898 3296; x_wconf 89' lang='lat' dir='ltr'><strong>didicimus)</strong></span> <span class='ocrx_word' id='word_1_507' title='bbox 933 3227 1165 3281; x_wconf 89' lang='lat' dir='ltr'><strong>breviter</strong></span> <span class='ocrx_word' id='word_1_508' title='bbox 1194 3239 1600 3295; x_wconf 88' lang='lat' dir='ltr'><strong>percurramus,</strong></span> <span class='ocrx_word' id='word_1_509' title='bbox 1634 3226 1713 3280; x_wconf 87' lang='lat' dir='ltr'><strong>sic</strong></span> <span class='ocrx_word' id='word_1_510' title='bbox 1747 3227 1961 3281; x_wconf 89' lang='lat' dir='ltr'><strong>demum</strong></span> <span class='ocrx_word' id='word_1_511' title='bbox 2009 3242 2140 3282; x_wconf 88' lang='lat' dir='ltr'><strong>con-</strong></span> 
     </span>
    </p>
   </div>
   <div class='ocr_carea' id='block_1_65' title="bbox 571 3316 2140 3388">
    <p class='ocr_par' dir='ltr' id='par_1_65' title="bbox 571 3316 2140 3388">
     <span class='ocr_line' id='line_1_65' title="bbox 571 3316 2140 3388; baseline 0.002 -18"><span class='ocrx_word' id='word_1_512' title='bbox 571 3327 900 3375; x_wconf 79' lang='lat' dir='ltr'><strong>sentaneum</strong></span> <span class='ocrx_word' id='word_1_513' title='bbox 949 3318 1190 3373; x_wconf 65' lang='lat' dir='ltr'><strong>historiae</strong></span> <span class='ocrx_word' id='word_1_514' title='bbox 1237 3332 1456 3372; x_wconf 89' lang='lat' dir='ltr'><strong>sensum</strong></span> <span class='ocrx_word' id='word_1_515' title='bbox 1516 3316 1984 3388; x_wconf 85' lang='lat' dir='ltr'><strong>investigabimus,</strong></span> <span class='ocrx_word' id='word_1_516' title='bbox 2032 3333 2140 3388; x_wconf 90' lang='lat' dir='ltr'><strong>quo</strong></span> 
     </span>
    </p>
   </div>
   <div class='ocr_carea' id='block_1_66' title="bbox 576 3405 2138 3482">
    <p class='ocr_par' dir='ltr' id='par_1_66' title="bbox 576 3405 2138 3482">
     <span class='ocr_line' id='line_1_66' title="bbox 576 3405 2138 3482; baseline 0 -18"><span class='ocrx_word' id='word_1_517' title='bbox 576 3407 871 3482; x_wconf 78' lang='lat' dir='ltr'><strong>perfectam</strong></span> <span class='ocrx_word' id='word_1_518' title='bbox 905 3408 1187 3462; x_wconf 86' lang='lat' dir='ltr'><strong>hominum</strong></span> <span class='ocrx_word' id='word_1_519' title='bbox 1244 3407 1412 3462; x_wconf 89' lang='lat' dir='ltr'><strong>vitam</strong></span> <span class='ocrx_word' id='word_1_520' title='bbox 1455 3405 1672 3460; x_wconf 80' lang='lat' dir='ltr'><strong>facilius</strong></span> <span class='ocrx_word' id='word_1_521' title='bbox 1725 3422 2138 3477; x_wconf 88' lang='lat' dir='ltr'><strong>cognoscemus.</strong></span> 
     </span>
    </p>
   </div>
   <div class='ocr_carea' id='block_1_67' title="bbox 575 3497 2142 3571">
    <p class='ocr_par' dir='ltr' id='par_1_67' title="bbox 575 3497 2142 3571">
     <span class='ocr_line' id='line_1_67' title="bbox 575 3497 2142 3571; baseline 0.001 -17"><span class='ocrx_word' id='word_1_522' title='bbox 575 3500 854 3555; x_wconf 85' lang='lat' dir='ltr'><strong>Scribitur</strong></span> <span class='ocrx_word' id='word_1_523' title='bbox 907 3497 1430 3570; x_wconf 73' lang='lat' dir='ltr'><strong>igitur“&#39;Moysen,</strong></span> <span class='ocrx_word' id='word_1_524' title='bbox 1483 3497 1701 3567; x_wconf 91' lang='lat' dir='ltr'><strong>quando</strong></span> <span class='ocrx_word' id='word_1_525' title='bbox 1749 3497 1986 3568; x_wconf 70' lang='lat' dir='ltr'><strong>Egyptii</strong></span> <span class='ocrx_word' id='word_1_526' title='bbox 2019 3499 2142 3571; x_wconf 58' lang='lat' dir='ltr'><strong>,lege</strong></span> 
     </span>
    </p>
   </div>
   <div class='ocr_carea' id='block_1_68' title="bbox 576 3584 2140 3660">
    <p class='ocr_par' dir='ltr' id='par_1_68' title="bbox 576 3584 2140 3660">
     <span class='ocr_line' id='line_1_68' title="bbox 576 3584 2140 3660; baseline -0.001 -17"><span class='ocrx_word' id='word_1_527' title='bbox 576 3587 818 3660; x_wconf 87' lang='lat' dir='ltr'><strong>tyranni,</strong></span> <span class='ocrx_word' id='word_1_528' title='bbox 849 3587 1077 3642; x_wconf 89' lang='lat' dir='ltr'><strong>masculi</strong></span> <span class='ocrx_word' id='word_1_529' title='bbox 1108 3585 1453 3642; x_wconf 86' lang='lat' dir='ltr'><strong>Hebraeorum</strong></span> <span class='ocrx_word' id='word_1_530' title='bbox 1490 3584 1743 3639; x_wconf 84' lang='lat' dir='ltr'><strong>inl‘antuli</strong></span> <span class='ocrx_word' id='word_1_531' title='bbox 1781 3586 1962 3642; x_wconf 87' lang='lat' dir='ltr'><strong>vivere</strong></span> <span class='ocrx_word' id='word_1_532' title='bbox 1991 3596 2140 3642; x_wconf 88' lang='lat' dir='ltr'><strong>veta-</strong></span> 
     </span>
    </p>
   </div>
   <div class='ocr_carea' id='block_1_69' title="bbox 579 3675 2141 3746">
    <p class='ocr_par' dir='ltr' id='par_1_69' title="bbox 579 3675 2141 3746">
     <span class='ocr_line' id='line_1_69' title="bbox 579 3675 2141 3746; baseline -0.002 -12"><span class='ocrx_word' id='word_1_533' title='bbox 579 3681 797 3742; x_wconf 83' lang='lat' dir='ltr'><strong>bantur,</strong></span> <span class='ocrx_word' id='word_1_534' title='bbox 837 3684 967 3732; x_wconf 90' lang='lat' dir='ltr'><strong>tunc</strong></span> <span class='ocrx_word' id='word_1_535' title='bbox 1005 3677 1060 3731; x_wconf 91' lang='lat' dir='ltr'><strong>in</strong></span> <span class='ocrx_word' id='word_1_536' title='bbox 1090 3678 1266 3732; x_wconf 92' lang='lat' dir='ltr'><strong>lucem</strong></span> <span class='ocrx_word' id='word_1_537' title='bbox 1305 3676 1509 3731; x_wconf 90' lang='lat' dir='ltr'><strong>editum</strong></span> <span class='ocrx_word' id='word_1_538' title='bbox 1545 3675 1736 3739; x_wconf 82' lang='lat' dir='ltr'><strong>fuisse,</strong></span> <span class='ocrx_word' id='word_1_539' title='bbox 1776 3691 1936 3746; x_wconf 86' lang='lat' dir='ltr'><strong>quem</strong></span> <span class='ocrx_word' id='word_1_540' title='bbox 1967 3678 2141 3745; x_wconf 87' lang='lat' dir='ltr'><strong>gratia</strong></span> 
     </span>
    </p>
   </div>
   <div class='ocr_carea' id='block_1_70' title="bbox 577 3765 2141 3836">
    <p class='ocr_par' dir='ltr' id='par_1_70' title="bbox 577 3765 2141 3836">
     <span class='ocr_line' id='line_1_70' title="bbox 577 3765 2141 3836; baseline 0 -16"><span class='ocrx_word' id='word_1_541' title='bbox 577 3767 810 3836; x_wconf 85' lang='lat' dir='ltr'><strong>quadam</strong></span> <span class='ocrx_word' id='word_1_542' title='bbox 839 3766 1020 3822; x_wconf 88' lang='lat' dir='ltr'><strong>statim</strong></span> <span class='ocrx_word' id='word_1_543' title='bbox 1051 3766 1119 3820; x_wconf 93' lang='lat' dir='ltr'><strong>ab</strong></span> <span class='ocrx_word' id='word_1_544' title='bbox 1147 3765 1492 3821; x_wconf 90' lang='lat' dir='ltr'><strong>incunabulis</strong></span> <span class='ocrx_word' id='word_1_545' title='bbox 1523 3766 1722 3820; x_wconf 91' lang='lat' dir='ltr'><strong>scitum</strong></span> <span class='ocrx_word' id='word_1_546' title='bbox 1747 3781 1814 3820; x_wconf 93' lang='lat' dir='ltr'><strong>ac</strong></span> <span class='ocrx_word' id='word_1_547' title='bbox 1841 3766 2141 3835; x_wconf 88' lang='lat' dir='ltr'><strong>elegantem</strong></span> 
     </span>
    </p>
   </div>
   <div class='ocr_carea' id='block_1_71' title="bbox 528 3835 2144 3930">
    <p class='ocr_par' dir='ltr' id='par_1_71' title="bbox 528 3835 2144 3930">
     <span class='ocr_line' id='line_1_71' title="bbox 528 3835 2144 3930; baseline 0.001 -19"><span class='ocrx_word' id='word_1_548' title='bbox 528 3835 535 3849; x_wconf 55' lang='grc'><strong><em>’</em></strong></span> <span class='ocrx_word' id='word_1_549' title='bbox 579 3835 706 3930; x_wconf 82' lang='lat' dir='ltr'><strong>cum</strong></span> <span class='ocrx_word' id='word_1_550' title='bbox 758 3857 1022 3912; x_wconf 87' lang='lat' dir='ltr'><strong>vidissent</strong></span> <span class='ocrx_word' id='word_1_551' title='bbox 1073 3863 1347 3925; x_wconf 88' lang='lat' dir='ltr'><strong>parentes,</strong></span> <span class='ocrx_word' id='word_1_552' title='bbox 1404 3857 1597 3923; x_wconf 87' lang='lat' dir='ltr'><strong>majori</strong></span> <span class='ocrx_word' id='word_1_553' title='bbox 1648 3857 1828 3911; x_wconf 91' lang='lat' dir='ltr'><strong>studio</strong></span> <span class='ocrx_word' id='word_1_554' title='bbox 1877 3857 2047 3913; x_wconf 79' lang='lat' dir='ltr'><strong>fuisse</strong></span> <span class='ocrx_word' id='word_1_555' title='bbox 2083 3865 2144 3912; x_wconf 88' lang='lat' dir='ltr'><strong>ut</strong></span> 
     </span>
    </p>
   </div>
   <div class='ocr_carea' id='block_1_72' title="bbox 579 3944 2144 4020">
    <p class='ocr_par' dir='ltr' id='par_1_72' title="bbox 579 3944 2144 4020">
     <span class='ocr_line' id='line_1_72' title="bbox 579 3944 2144 4020; baseline 0 -18"><span class='ocrx_word' id='word_1_556' title='bbox 579 3949 744 4002; x_wconf 90' lang='lat' dir='ltr'><strong>vitam</strong></span> <span class='ocrx_word' id='word_1_557' title='bbox 789 3948 837 4002; x_wconf 92' lang='lat' dir='ltr'><strong>ei</strong></span> <span class='ocrx_word' id='word_1_558' title='bbox 871 3954 1286 4012; x_wconf 89' lang='lat' dir='ltr'><strong>conservarent,</strong></span> <span class='ocrx_word' id='word_1_559' title='bbox 1328 3956 1574 4000; x_wconf 89' lang='lat' dir='ltr'><strong>conatos.</strong></span> <span class='ocrx_word' id='word_1_560' title='bbox 1619 3944 1822 4002; x_wconf 90' lang='lat' dir='ltr'><strong>Deinde</strong></span> <span class='ocrx_word' id='word_1_561' title='bbox 1879 3963 2004 4002; x_wconf 92' lang='lat' dir='ltr'><strong>cum</strong></span> <span class='ocrx_word' id='word_1_562' title='bbox 2064 3958 2144 4020; x_wconf 87' lang='lat' dir='ltr'><strong>ty-</strong></span> 
     </span>
    </p>
   </div>
   <div class='ocr_carea' id='block_1_73' title="bbox 579 4037 2141 4106">
    <p class='ocr_par' dir='ltr' id='par_1_73' title="bbox 579 4037 2141 4106">
     <span class='ocr_line' id='line_1_73' title="bbox 579 4037 2141 4106; baseline 0.002 -15"><span class='ocrx_word' id='word_1_563' title='bbox 579 4038 734 4091; x_wconf 88' lang='lat' dir='ltr'><strong>ranni</strong></span> <span class='ocrx_word' id='word_1_564' title='bbox 775 4037 933 4091; x_wconf 64' lang='lat' dir='ltr'><strong>mina</strong></span> <span class='ocrx_word' id='word_1_565' title='bbox 970 4037 1398 4106; x_wconf 74' lang='lat' dir='ltr'><strong>praevaluissent,</strong></span> <span class='ocrx_word' id='word_1_566' title='bbox 1428 4050 1536 4089; x_wconf 89' lang='lat' dir='ltr'><strong>non</strong></span> <span class='ocrx_word' id='word_1_567' title='bbox 1588 4045 1788 4092; x_wconf 87' lang='lat' dir='ltr'><strong>temere</strong></span> <span class='ocrx_word' id='word_1_568' title='bbox 1843 4039 1898 4092; x_wconf 87' lang='lat' dir='ltr'><strong>iu</strong></span> <span class='ocrx_word' id='word_1_569' title='bbox 1941 4039 2141 4095; x_wconf 81' lang='lat' dir='ltr'><strong>ﬂuenta</strong></span> 
     </span>
    </p>
   </div>
   <div class='ocr_carea' id='block_1_74' title="bbox 577 4125 2137 4198">
    <p class='ocr_par' dir='ltr' id='par_1_74' title="bbox 577 4125 2137 4198">
     <span class='ocr_line' id='line_1_74' title="bbox 577 4125 2137 4198; baseline 0 -15"><span class='ocrx_word' id='word_1_570' title='bbox 577 4128 684 4183; x_wconf 81' lang='lat' dir='ltr'><strong>Nili</strong></span> <span class='ocrx_word' id='word_1_571' title='bbox 714 4128 1033 4198; x_wconf 88' lang='lat' dir='ltr'><strong>projectum,</strong></span> <span class='ocrx_word' id='word_1_572' title='bbox 1085 4126 1179 4182; x_wconf 89' lang='lat' dir='ltr'><strong>sed</strong></span> <span class='ocrx_word' id='word_1_573' title='bbox 1218 4127 1274 4181; x_wconf 89' lang='lat' dir='ltr'><strong>in</strong></span> <span class='ocrx_word' id='word_1_574' title='bbox 1305 4125 1490 4179; x_wconf 91' lang='lat' dir='ltr'><strong>arcula</strong></span> <span class='ocrx_word' id='word_1_575' title='bbox 1521 4126 1757 4196; x_wconf 88' lang='lat' dir='ltr'><strong>quadam</strong></span> <span class='ocrx_word' id='word_1_576' title='bbox 1788 4129 2137 4195; x_wconf 91' lang='lat' dir='ltr'><strong>collocatum,</strong></span> 
     </span>
    </p>
   </div>
   <div class='ocr_carea' id='block_1_75' title="bbox 2243 2973 3818 3047">
    <p class='ocr_par' dir='ltr' id='par_1_75' title="bbox 2243 2973 3818 3047">
     <span class='ocr_line' id='line_1_75' title="bbox 2243 2973 3818 3047; baseline 0.002 -21"><span class='ocrx_word' id='word_1_577' title='bbox 2243 2973 2613 3044; x_wconf 84' lang='grc' dir='ltr'><strong>αίχμαλωσίας</strong></span> <span class='ocrx_word' id='word_1_578' title='bbox 2642 2973 3020 3038; x_wconf 82' lang='grc' dir='ltr'><strong>ἀπολυθέντες,</strong></span> <span class='ocrx_word' id='word_1_579' title='bbox 3052 2974 3143 3028; x_wconf 79' lang='grc' dir='ltr'><strong>τοῦ</strong></span> <span class='ocrx_word' id='word_1_580' title='bbox 3175 2976 3517 3047; x_wconf 82' lang='grc' dir='ltr'><strong>μακαριστοῦ</strong></span> <span class='ocrx_word' id='word_1_581' title='bbox 3547 2975 3660 3046; x_wconf 85' lang='grc' dir='ltr'><strong>βίου</strong></span> <span class='ocrx_word' id='word_1_582' title='bbox 3689 2979 3818 3030; x_wconf 85' lang='grc' dir='ltr'><strong>ἐπι-</strong></span> 
     </span>
    </p>
   </div>
   <div class='ocr_carea' id='block_1_76' title="bbox 2241 3061 3816 3135">
    <p class='ocr_par' dir='ltr' id='par_1_76' title="bbox 2241 3061 3816 3135">
     <span class='ocr_line' id='line_1_76' title="bbox 2241 3061 3816 3135; baseline 0.004 -23"><span class='ocrx_word' id='word_1_583' title='bbox 2241 3061 2535 3132; x_wconf 86' lang='grc' dir='ltr'><strong>ϐησόμεθα.</strong></span> <span class='ocrx_word' id='word_1_584' title='bbox 2585 3063 2824 3132; x_wconf 82' lang='grc' dir='ltr'><strong>Μωῡσῆς</strong></span> <span class='ocrx_word' id='word_1_585' title='bbox 2867 3063 3045 3116; x_wconf 86' lang='grc' dir='ltr'><strong>τοίνυν</strong></span> <span class='ocrx_word' id='word_1_586' title='bbox 3076 3065 3207 3134; x_wconf 80' lang='grc' dir='ltr'><strong>ἡμῖν</strong></span> <span class='ocrx_word' id='word_1_587' title='bbox 3247 3065 3327 3128; x_wconf 90' lang='grc' dir='ltr'><strong>είς</strong></span> <span class='ocrx_word' id='word_1_588' title='bbox 3359 3064 3654 3135; x_wconf 81' lang='grc' dir='ltr'><strong>ὑπόδειγμα</strong></span> <span class='ocrx_word' id='word_1_589' title='bbox 3691 3065 3816 3134; x_wconf 78' lang='grc' dir='ltr'><strong>βίου</strong></span> 
     </span>
    </p>
   </div>
   <div class='ocr_carea' id='block_1_77' title="bbox 2239 3148 3816 3229">
    <p class='ocr_par' dir='ltr' id='par_1_77' title="bbox 2239 3148 3816 3229">
     <span class='ocr_line' id='line_1_77' title="bbox 2239 3148 3816 3229; baseline 0.003 -23"><span class='ocrx_word' id='word_1_590' title='bbox 2239 3154 2556 3224; x_wconf 81' lang='grc' dir='ltr'><strong>προτεθήτω</strong></span> <span class='ocrx_word' id='word_1_591' title='bbox 2583 3153 2658 3224; x_wconf 84' lang='grc' dir='ltr'><strong>τῷ</strong></span> <span class='ocrx_word' id='word_1_592' title='bbox 2678 3155 2821 3225; x_wconf 85' lang='grc' dir='ltr'><strong>λόγῳ</strong></span> <span class='ocrx_word' id='word_1_593' title='bbox 2841 3171 2854 3184; x_wconf 75' lang='grc'><strong><em>⁸</em></strong></span> <span class='ocrx_word' id='word_1_594' title='bbox 2882 3148 2943 3208; x_wconf 76' lang='grc' dir='ltr'>οὗ</span> <span class='ocrx_word' id='word_1_595' title='bbox 2975 3155 3062 3208; x_wconf 75' lang='grc' dir='ltr'><strong>τὸν</strong></span> <span class='ocrx_word' id='word_1_596' title='bbox 3089 3155 3199 3225; x_wconf 85' lang='grc' dir='ltr'><strong>βίον</strong></span> <span class='ocrx_word' id='word_1_597' title='bbox 3222 3155 3435 3226; x_wconf 90' lang='grc' dir='ltr'><strong>πρῶτον</strong></span> <span class='ocrx_word' id='word_1_598' title='bbox 3464 3156 3520 3209; x_wconf 83' lang='grc' dir='ltr'><strong>ἐν</strong></span> <span class='ocrx_word' id='word_1_599' title='bbox 3544 3157 3816 3229; x_wconf 75' lang='grc' dir='ltr'><strong>ἐπιδρομῇ</strong></span> 
     </span>
    </p>
   </div>
   <div class='ocr_carea' id='block_1_78' title="bbox 2240 3237 3817 3318">
    <p class='ocr_par' dir='ltr' id='par_1_78' title="bbox 2240 3237 3817 3318">
     <span class='ocr_line' id='line_1_78' title="bbox 2240 3237 3817 3318; baseline 0.003 -23"><span class='ocrx_word' id='word_1_600' title='bbox 2240 3243 2553 3309; x_wconf 81' lang='grc' dir='ltr'><strong>διελθόντες,</strong></span> <span class='ocrx_word' id='word_1_601' title='bbox 2585 3243 2764 3306; x_wconf 84' lang='grc' dir='ltr'><strong>καθὼς</strong></span> <span class='ocrx_word' id='word_1_602' title='bbox 2802 3245 2952 3316; x_wconf 77' lang='grc' dir='ltr'><strong>παρὰ</strong></span> <span class='ocrx_word' id='word_1_603' title='bbox 2983 3244 3082 3314; x_wconf 80' lang='grc' dir='ltr'><strong>τῆς</strong></span> <span class='ocrx_word' id='word_1_604' title='bbox 3113 3245 3262 3308; x_wconf 85' lang='grc' dir='ltr'><strong>Θείας</strong></span> <span class='ocrx_word' id='word_1_605' title='bbox 3283 3247 3461 3316; x_wconf 80' lang='grc' dir='ltr'><strong>φωνῆς</strong></span> <span class='ocrx_word' id='word_1_606' title='bbox 3477 3237 3817 3318; x_wconf 82' lang='grc' dir='ltr'><strong>’μεμαθήκα-</strong></span> 
     </span>
    </p>
   </div>
   <div class='ocr_carea' id='block_1_79' title="bbox 2244 3333 3817 3408">
    <p class='ocr_par' dir='ltr' id='par_1_79' title="bbox 2244 3333 3817 3408">
     <span class='ocr_line' id='line_1_79' title="bbox 2244 3333 3817 3408; baseline 0.003 -21"><span class='ocrx_word' id='word_1_607' title='bbox 2244 3351 2363 3406; x_wconf 89' lang='grc' dir='ltr'><strong>μεν,</strong></span> <span class='ocrx_word' id='word_1_608' title='bbox 2387 3333 2528 3388; x_wconf 76' lang='grc' dir='ltr'><strong>οὕτω</strong></span> <span class='ocrx_word' id='word_1_609' title='bbox 2548 3334 2645 3404; x_wconf 81' lang='grc' dir='ltr'><strong>τὴν</strong></span> <span class='ocrx_word' id='word_1_610' title='bbox 2673 3336 2978 3406; x_wconf 83' lang='grc' dir='ltr'><strong>πρόσφορον</strong></span> <span class='ocrx_word' id='word_1_611' title='bbox 2999 3339 3065 3406; x_wconf 81' lang='grc' dir='ltr'><strong>τῇ</strong></span> <span class='ocrx_word' id='word_1_612' title='bbox 3092 3337 3298 3408; x_wconf 75' lang='grc' dir='ltr'><strong>ἱστορίᾳ</strong></span> <span class='ocrx_word' id='word_1_613' title='bbox 3324 3336 3558 3391; x_wconf 89' lang='grc' dir='ltr'><strong>διάνοιαν</strong></span> <span class='ocrx_word' id='word_1_614' title='bbox 3581 3339 3659 3400; x_wconf 85' lang='grc' dir='ltr'><strong>είς</strong></span> <span class='ocrx_word' id='word_1_615' title='bbox 3679 3339 3817 3408; x_wconf 83' lang='grc' dir='ltr'><strong>ἀρε-</strong></span> 
     </span>
    </p>
   </div>
   <div class='ocr_carea' id='block_1_80' title="bbox 2241 3419 3818 3496">
    <p class='ocr_par' dir='ltr' id='par_1_80' title="bbox 2241 3419 3818 3496">
     <span class='ocr_line' id='line_1_80' title="bbox 2241 3419 3818 3496; baseline 0.004 -21"><span class='ocrx_word' id='word_1_616' title='bbox 2241 3424 2340 3494; x_wconf 83' lang='grc' dir='ltr'><strong>τῆς</strong></span> <span class='ocrx_word' id='word_1_617' title='bbox 2373 3422 2650 3494; x_wconf 80' lang='grc' dir='ltr'><strong>ὑποθήκην</strong></span> <span class='ocrx_word' id='word_1_618' title='bbox 2685 3423 3128 3495; x_wconf 78' lang='grc' dir='ltr'><strong>ἁναζητήσομεν,</strong></span> <span class='ocrx_word' id='word_1_619' title='bbox 3169 3425 3236 3477; x_wconf 79' lang='grc' dir='ltr'><strong>δι’</strong></span> <span class='ocrx_word' id='word_1_620' title='bbox 3269 3419 3336 3496; x_wconf 85' lang='grc' dir='ltr'><strong>ἦς</strong></span> <span class='ocrx_word' id='word_1_621' title='bbox 3369 3426 3458 3478; x_wconf 78' lang='grc' dir='ltr'><strong>τὸν</strong></span> <span class='ocrx_word' id='word_1_622' title='bbox 3490 3427 3687 3480; x_wconf 89' lang='grc' dir='ltr'><strong>τέλειον</strong></span> <span class='ocrx_word' id='word_1_623' title='bbox 3735 3427 3818 3491; x_wconf 80' lang='grc' dir='ltr'><strong>ὡς</strong></span> 
     </span>
    </p>
   </div>
   <div class='ocr_carea' id='block_1_81' title="bbox 2241 3513 3816 3590">
    <p class='ocr_par' dir='ltr' id='par_1_81' title="bbox 2241 3513 3816 3590">
     <span class='ocr_line' id='line_1_81' title="bbox 2241 3513 3816 3590; baseline 0.003 -24"><span class='ocrx_word' id='word_1_624' title='bbox 2241 3515 2299 3567; x_wconf 86' lang='grc' dir='ltr'><strong>ἐν</strong></span> <span class='ocrx_word' id='word_1_625' title='bbox 2324 3513 2624 3590; x_wconf 77' lang='grc' dir='ltr'><strong>ἀνθρώποις</strong></span> <span class='ocrx_word' id='word_1_626' title='bbox 2675 3514 2787 3584; x_wconf 87' lang='grc' dir='ltr'><strong>βίον</strong></span> <span class='ocrx_word' id='word_1_627' title='bbox 2817 3515 3248 3586; x_wconf 84' lang='grc' dir='ltr'><strong>ἐπιγνωσόμεθα.</strong></span> <span class='ocrx_word' id='word_1_628' title='bbox 3279 3516 3508 3584; x_wconf 82' lang='grc' dir='ltr'><strong>Λέγεται</strong></span> <span class='ocrx_word' id='word_1_629' title='bbox 3559 3516 3737 3570; x_wconf 88' lang='grc' dir='ltr'><strong>τοίνυν</strong></span> <span class='ocrx_word' id='word_1_630' title='bbox 3785 3519 3816 3570; x_wconf 91' lang='grc' dir='ltr'>ὀ</span> 
     </span>
    </p>
   </div>
   <div class='ocr_carea' id='block_1_82' title="bbox 2241 3601 3817 3679">
    <p class='ocr_par' dir='ltr' id='par_1_82' title="bbox 2241 3601 3817 3679">
     <span class='ocr_line' id='line_1_82' title="bbox 2241 3601 3817 3679; baseline 0.001 -21"><span class='ocrx_word' id='word_1_631' title='bbox 2241 3605 2479 3674; x_wconf 84' lang='grc' dir='ltr'><strong>Μωῦσῆς</strong></span> <span class='ocrx_word' id='word_1_632' title='bbox 2526 3606 2780 3675; x_wconf 86' lang='grc' dir='ltr'><strong>τεχθῆναι</strong></span> <span class='ocrx_word' id='word_1_633' title='bbox 2836 3605 2956 3675; x_wconf 82' lang='grc' dir='ltr'><strong>μὲν,</strong></span> <span class='ocrx_word' id='word_1_634' title='bbox 3010 3607 3100 3658; x_wconf 84' lang='grc' dir='ltr'><strong>ὅτε</strong></span> <span class='ocrx_word' id='word_1_635' title='bbox 3137 3601 3517 3675; x_wconf 82' lang='grc' dir='ltr'><strong>ζωογονεῖσθαι</strong></span> <span class='ocrx_word' id='word_1_636' title='bbox 3541 3606 3600 3659; x_wconf 82' lang='grc' dir='ltr'><strong>τὸ</strong></span> <span class='ocrx_word' id='word_1_637' title='bbox 3643 3607 3817 3679; x_wconf 78' lang='grc' dir='ltr'><strong>άρρεν</strong></span> 
     </span>
    </p>
   </div>
   <div class='ocr_carea' id='block_1_83' title="bbox 2242 3695 3814 3768">
    <p class='ocr_par' dir='ltr' id='par_1_83' title="bbox 2242 3695 3814 3768">
     <span class='ocr_line' id='line_1_83' title="bbox 2242 3695 3814 3768; baseline 0.004 -23"><span class='ocrx_word' id='word_1_638' title='bbox 2242 3695 2299 3745; x_wconf 75' lang='grc' dir='ltr'><strong>ἐν</strong></span> <span class='ocrx_word' id='word_1_639' title='bbox 2343 3697 2451 3757; x_wconf 87' lang='grc' dir='ltr'><strong>τοῖς</strong></span> <span class='ocrx_word' id='word_1_640' title='bbox 2487 3697 2823 3765; x_wconf 87' lang='grc' dir='ltr'><strong>τικτομένοις</strong></span> <span class='ocrx_word' id='word_1_641' title='bbox 2858 3699 2887 3750; x_wconf 88' lang='lat'><strong>6</strong></span> <span class='ocrx_word' id='word_1_642' title='bbox 2914 3696 3007 3750; x_wconf 82' lang='grc' dir='ltr'><strong>τοῦ</strong></span> <span class='ocrx_word' id='word_1_643' title='bbox 3041 3697 3300 3768; x_wconf 84' lang='grc' dir='ltr'><strong>τυράννου</strong></span> <span class='ocrx_word' id='word_1_644' title='bbox 3341 3698 3502 3767; x_wconf 81' lang='grc' dir='ltr'><strong>νόμος</strong></span> <span class='ocrx_word' id='word_1_645' title='bbox 3529 3697 3814 3761; x_wconf 87' lang='grc' dir='ltr'><strong>διεκώλυε,</strong></span> 
     </span>
    </p>
   </div>
   <div class='ocr_carea' id='block_1_84' title="bbox 2243 3784 3814 3859">
    <p class='ocr_par' dir='ltr' id='par_1_84' title="bbox 2243 3784 3814 3859">
     <span class='ocr_line' id='line_1_84' title="bbox 2243 3784 3814 3859; baseline 0.004 -21"><span class='ocrx_word' id='word_1_646' title='bbox 2243 3784 2529 3857; x_wconf 84' lang='grc' dir='ltr'><strong>προλαϐεῖν</strong></span> <span class='ocrx_word' id='word_1_647' title='bbox 2559 3787 2614 3840; x_wconf 75' lang='grc' dir='ltr'><strong>δὲ</strong></span> <span class='ocrx_word' id='word_1_648' title='bbox 2648 3790 2714 3858; x_wconf 78' lang='grc' dir='ltr'><strong>τῇ</strong></span> <span class='ocrx_word' id='word_1_649' title='bbox 2764 3788 2946 3859; x_wconf 84' lang='grc' dir='ltr'><strong>χάριτι</strong></span> <span class='ocrx_word' id='word_1_650' title='bbox 2991 3789 3169 3840; x_wconf 80' lang='grc' dir='ltr'><strong>πᾶσαν</strong></span> <span class='ocrx_word' id='word_1_651' title='bbox 3209 3787 3308 3858; x_wconf 83' lang='grc' dir='ltr'><strong>τὴν</strong></span> <span class='ocrx_word' id='word_1_652' title='bbox 3339 3789 3437 3842; x_wconf 71' lang='grc' dir='ltr'><strong>ἀπὶ</strong></span> <span class='ocrx_word' id='word_1_653' title='bbox 3490 3788 3582 3842; x_wconf 77' lang='grc' dir='ltr'><strong>τοῦ</strong></span> <span class='ocrx_word' id='word_1_654' title='bbox 3615 3789 3814 3859; x_wconf 86' lang='grc' dir='ltr'><strong>χρόνου</strong></span> 
     </span>
    </p>
   </div>
   <div class='ocr_carea' id='block_1_85' title="bbox 2243 3875 3818 3949">
    <p class='ocr_par' dir='ltr' id='par_1_85' title="bbox 2243 3875 3818 3949">
     <span class='ocr_line' id='line_1_85' title="bbox 2243 3875 3818 3949; baseline 0.003 -22"><span class='ocrx_word' id='word_1_655' title='bbox 2243 3875 2531 3946; x_wconf 84' lang='grc' dir='ltr'><strong>γινομένην</strong></span> <span class='ocrx_word' id='word_1_656' title='bbox 2568 3879 2950 3948; x_wconf 79' lang='grc' dir='ltr'><strong>συνεισφοράν’</strong></span> <span class='ocrx_word' id='word_1_657' title='bbox 2992 3878 3085 3932; x_wconf 76' lang='grc' dir='ltr'><strong>καὶ</strong></span> <span class='ocrx_word' id='word_1_658' title='bbox 3128 3877 3288 3942; x_wconf 76' lang='grc' dir='ltr'><strong>εὐθὺς</strong></span> <span class='ocrx_word' id='word_1_659' title='bbox 3333 3878 3440 3932; x_wconf 83' lang='grc' dir='ltr'><strong>ἀπὸ</strong></span> <span class='ocrx_word' id='word_1_660' title='bbox 3483 3879 3818 3949; x_wconf 80' lang='grc' dir='ltr'><strong>σπαργάνων</strong></span> 
     </span>
    </p>
   </div>
   <div class='ocr_carea' id='block_1_86' title="bbox 2244 3965 3812 4039">
    <p class='ocr_par' dir='ltr' id='par_1_86' title="bbox 2244 3965 3812 4039">
     <span class='ocr_line' id='line_1_86' title="bbox 2244 3965 3812 4039; baseline 0.003 -22"><span class='ocrx_word' id='word_1_661' title='bbox 2244 3965 2459 4028; x_wconf 85' lang='grc' dir='ltr'><strong>ἀστεῖος</strong></span> <span class='ocrx_word' id='word_1_662' title='bbox 2482 3966 2687 4035; x_wconf 75' lang='grc' dir='ltr'><strong>ὀφθεὶς,</strong></span> <span class='ocrx_word' id='word_1_663' title='bbox 2727 3967 2881 4020; x_wconf 72' lang='grc' dir='ltr'><strong>ὄκνον</strong></span> <span class='ocrx_word' id='word_1_664' title='bbox 2909 3969 3202 4039; x_wconf 80' lang='grc' dir='ltr'><strong>ἐμποιῆσαι</strong></span> <span class='ocrx_word' id='word_1_665' title='bbox 3227 3971 3338 4032; x_wconf 90' lang='grc' dir='ltr'><strong>τοῖς</strong></span> <span class='ocrx_word' id='word_1_666' title='bbox 3366 3968 3812 4038; x_wconf 83' lang='grc' dir='ltr'><strong>γεννησαμένοις,</strong></span> 
     </span>
    </p>
   </div>
   <div class='ocr_carea' id='block_1_87' title="bbox 2245 4051 3816 4131">
    <p class='ocr_par' dir='ltr' id='par_1_87' title="bbox 2245 4051 3816 4131">
     <span class='ocr_line' id='line_1_87' title="bbox 2245 4051 3816 4131; baseline 0.004 -27"><span class='ocrx_word' id='word_1_667' title='bbox 2245 4051 2458 4122; x_wconf 83' lang='grc' dir='ltr'><strong>θανάτῳ</strong></span> <span class='ocrx_word' id='word_1_668' title='bbox 2488 4053 2577 4106; x_wconf 79' lang='grc' dir='ltr'><strong>τὸν</strong></span> <span class='ocrx_word' id='word_1_669' title='bbox 2607 4055 2840 4108; x_wconf 82' lang='grc' dir='ltr'><strong>τοιοῦτον</strong></span> <span class='ocrx_word' id='word_1_670' title='bbox 2872 4055 3209 4131; x_wconf 73' lang='grc' dir='ltr'><strong>ἐξαφανίσαι.</strong></span> <span class='ocrx_word' id='word_1_671' title='bbox 3241 4051 3356 4109; x_wconf 77' lang='grc' dir='ltr'><strong>Εἶθ’</strong></span> <span class='ocrx_word' id='word_1_672' title='bbox 3382 4056 3457 4120; x_wconf 85' lang='grc' dir='ltr'>ὡς</span> <span class='ocrx_word' id='word_1_673' title='bbox 3484 4057 3816 4128; x_wconf 80' lang='grc' dir='ltr'><strong>ὑπερίσχυεν</strong></span> 
     </span>
    </p>
   </div>
   <div class='ocr_carea' id='block_1_88' title="bbox 2244 4142 3816 4220">
    <p class='ocr_par' dir='ltr' id='par_1_88' title="bbox 2244 4142 3816 4220">
     <span class='ocr_line' id='line_1_88' title="bbox 2244 4142 3816 4220; baseline 0.004 -26"><span class='ocrx_word' id='word_1_674' title='bbox 2244 4142 2498 4214; x_wconf 77' lang='grc' dir='ltr'><strong>ήάπειλή</strong></span> <span class='ocrx_word' id='word_1_675' title='bbox 2554 4143 2643 4196; x_wconf 84' lang='grc' dir='ltr'><strong>τοῦ</strong></span> <span class='ocrx_word' id='word_1_676' title='bbox 2676 4146 2975 4216; x_wconf 89' lang='grc' dir='ltr'><strong>τυράννου,</strong></span> <span class='ocrx_word' id='word_1_677' title='bbox 3034 4146 3106 4218; x_wconf 86' lang='grc' dir='ltr'><strong>μὴ</strong></span> <span class='ocrx_word' id='word_1_678' title='bbox 3155 4146 3339 4211; x_wconf 83' lang='grc' dir='ltr'><strong>ἁπλῶς</strong></span> <span class='ocrx_word' id='word_1_679' title='bbox 3388 4149 3674 4220; x_wconf 80' lang='grc' dir='ltr'><strong>ἐρῤιφῆναι</strong></span> <span class='ocrx_word' id='word_1_680' title='bbox 3729 4150 3816 4219; x_wconf 82' lang='grc' dir='ltr'><strong>τῷ</strong></span> 
     </span>
    </p>
   </div>
   <div class='ocr_carea' id='block_1_89' title="bbox 577 4219 2142 4310">
    <p class='ocr_par' dir='ltr' id='par_1_89' title="bbox 577 4219 2142 4291">
     <span class='ocr_line' id='line_1_89' title="bbox 577 4219 2142 4291; baseline -0.001 -15"><span class='ocrx_word' id='word_1_681' title='bbox 577 4221 734 4291; x_wconf 76' lang='lat' dir='ltr'><strong>cujus</strong></span> <span class='ocrx_word' id='word_1_682' title='bbox 765 4223 919 4275; x_wconf 68' lang='lat' dir='ltr'><strong>rima:</strong></span> <span class='ocrx_word' id='word_1_683' title='bbox 953 4219 1216 4274; x_wconf 86' lang='lat' dir='ltr'><strong>bitumine</strong></span> <span class='ocrx_word' id='word_1_684' title='bbox 1244 4233 1309 4273; x_wconf 92' lang='lat' dir='ltr'><strong>ac</strong></span> <span class='ocrx_word' id='word_1_685' title='bbox 1349 4220 1468 4290; x_wconf 91' lang='lat' dir='ltr'><strong>pice</strong></span> <span class='ocrx_word' id='word_1_686' title='bbox 1493 4219 1638 4273; x_wconf 68' lang='lat' dir='ltr'><strong>illiue</strong></span> <span class='ocrx_word' id='word_1_687' title='bbox 1668 4219 1904 4285; x_wconf 76' lang='lat' dir='ltr'><strong>fuerant,</strong></span> <span class='ocrx_word' id='word_1_688' title='bbox 1937 4222 2010 4275; x_wconf 90' lang='lat' dir='ltr'><strong>ita</strong></span> <span class='ocrx_word' id='word_1_689' title='bbox 2042 4221 2142 4276; x_wconf 81' lang='lat' dir='ltr'><strong>llu-</strong></span> 
     </span>
    </p>
   </div>
   <div class='ocr_carea' id='block_1_90' title="bbox 2242 4219 3813 4310">
    <p class='ocr_par' dir='ltr' id='par_1_90' title="bbox 2249 4219 3813 4308">
     <span class='ocr_line' id='line_1_90' title="bbox 2249 4219 3813 4308; baseline 0.005 -23"><span class='ocrx_word' id='word_1_690' title='bbox 2249 4233 2446 4303; x_wconf 78' lang='grc' dir='ltr'><strong>ῥείθρῳ</strong></span> <span class='ocrx_word' id='word_1_691' title='bbox 2497 4233 2588 4287; x_wconf 84' lang='grc' dir='ltr'>τοῦ</span> <span class='ocrx_word' id='word_1_692' title='bbox 2633 4236 2853 4301; x_wconf 83' lang='grc' dir='ltr'><strong>Νείλου,</strong></span> <span class='ocrx_word' id='word_1_693' title='bbox 2917 4236 3031 4290; x_wconf 85' lang='grc' dir='ltr'><strong>ἀλλ’</strong></span> <span class='ocrx_word' id='word_1_694' title='bbox 3089 4238 3368 4292; x_wconf 84' lang='grc' dir='ltr'><strong>ἐντεθέντα</strong></span> <span class='ocrx_word' id='word_1_695' title='bbox 3419 4219 3631 4308; x_wconf 82' lang='grc' dir='ltr'><strong>κιϐωτῷ</strong></span> <span class='ocrx_word' id='word_1_696' title='bbox 3676 4255 3813 4306; x_wconf 84' lang='grc' dir='ltr'><strong>τινι,</strong></span> 
     </span>
    </p>
   </div>
   <div class='ocr_carea' id='block_1_91' title="bbox 579 4309 2142 4404">
    <p class='ocr_par' dir='ltr' id='par_1_91' title="bbox 579 4309 2139 4382">
     <span class='ocr_line' id='line_1_91' title="bbox 579 4309 2139 4382; baseline 0.001 -17"><span class='ocrx_word' id='word_1_697' title='bbox 579 4312 711 4366; x_wconf 89' lang='lat' dir='ltr'><strong>mini</strong></span> <span class='ocrx_word' id='word_1_698' title='bbox 740 4311 1070 4382; x_wconf 81' lang='lat' dir='ltr'><strong>expositum,</strong></span> <span class='ocrx_word' id='word_1_699' title='bbox 1105 4309 1397 4380; x_wconf 87' lang='lat' dir='ltr'><strong>divinaque</strong></span> <span class='ocrx_word' id='word_1_700' title='bbox 1443 4310 1720 4365; x_wconf 86' lang='lat' dir='ltr'><strong>voluntate</strong></span> <span class='ocrx_word' id='word_1_701' title='bbox 1747 4326 1865 4365; x_wconf 89' lang='lat' dir='ltr'><strong>eam</strong></span> <span class='ocrx_word' id='word_1_702' title='bbox 1899 4311 2139 4367; x_wconf 92' lang='lat' dir='ltr'><strong>arculam</strong></span> 
     </span>
    </p>
   </div>
   <div class='ocr_carea' id='block_1_92' title="bbox 2242 4309 3810 4404">
    <p class='ocr_par' dir='ltr' id='par_1_92' title="bbox 2248 4324 3810 4404">
     <span class='ocr_line' id='line_1_92' title="bbox 2248 4324 3810 4404; baseline 0.003 -27"><span class='ocrx_word' id='word_1_703' title='bbox 2248 4324 2506 4395; x_wconf 84' lang='grc' dir='ltr'><strong>ἀσφάλτῳ</strong></span> <span class='ocrx_word' id='word_1_704' title='bbox 2529 4327 2621 4380; x_wconf 75' lang='grc' dir='ltr'><strong>καὶ</strong></span> <span class='ocrx_word' id='word_1_705' title='bbox 2647 4327 2814 4401; x_wconf 82' lang='grc' dir='ltr'><strong>πίσσῃ</strong></span> <span class='ocrx_word' id='word_1_706' title='bbox 2839 4328 2980 4382; x_wconf 88' lang='grc' dir='ltr'><strong>κατὰ</strong></span> <span class='ocrx_word' id='word_1_707' title='bbox 3005 4329 3101 4392; x_wconf 83' lang='grc' dir='ltr'><strong>τὰς</strong></span> <span class='ocrx_word' id='word_1_708' title='bbox 3129 4331 3392 4400; x_wconf 85' lang='grc' dir='ltr'><strong>ἁρμονίας</strong></span> <span class='ocrx_word' id='word_1_709' title='bbox 3415 4329 3810 4404; x_wconf 81' lang='grc' dir='ltr'><strong>διαχρισθείσῃ,</strong></span> 
     </span>
    </p>
   </div>
   <div class='ocr_carea' id='block_1_93' title="bbox 578 4387 2141 4474">
    <p class='ocr_par' dir='ltr' id='par_1_93' title="bbox 578 4387 2141 4474">
     <span class='ocr_line' id='line_1_93' title="bbox 578 4387 2141 4474; baseline 0.001 -18"><span class='ocrx_word' id='word_1_710' title='bbox 578 4410 799 4474; x_wconf 87' lang='lat' dir='ltr'><strong>regente</strong></span> <span class='ocrx_word' id='word_1_711' title='bbox 839 4402 906 4456; x_wconf 89' lang='lat' dir='ltr'><strong>ad</strong></span> <span class='ocrx_word' id='word_1_712' title='bbox 935 4417 1054 4456; x_wconf 87' lang='lat' dir='ltr'><strong>eam</strong></span> <span class='ocrx_word' id='word_1_713' title='bbox 1101 4387 1272 4472; x_wconf 80' lang='lat' dir='ltr'><strong>ripam</strong></span> <span class='ocrx_word' id='word_1_714' title='bbox 1327 4402 1504 4457; x_wconf 90' lang='lat' dir='ltr'><strong>amnis</strong></span> <span class='ocrx_word' id='word_1_715' title='bbox 1532 4402 1833 4456; x_wconf 84' lang='lat' dir='ltr'><strong>vorticibus</strong></span> <span class='ocrx_word' id='word_1_716' title='bbox 1878 4417 2141 4472; x_wconf 88' lang='lat' dir='ltr'><strong>aquarum</strong></span> 
     </span>
    </p>
   </div>
   <div class='ocr_carea' id='block_1_94' title="bbox 578 4493 2142 4564">
    <p class='ocr_par' dir='ltr' id='par_1_94' title="bbox 578 4493 2142 4564">
     <span class='ocr_line' id='line_1_94' title="bbox 578 4493 2142 4564; baseline -0.001 -15"><span class='ocrx_word' id='word_1_717' title='bbox 578 4495 828 4564; x_wconf 86' lang='lat' dir='ltr'><strong>ejectam,</strong></span> <span class='ocrx_word' id='word_1_718' title='bbox 869 4507 975 4562; x_wconf 92' lang='lat' dir='ltr'><strong>qua</strong></span> <span class='ocrx_word' id='word_1_719' title='bbox 1012 4493 1155 4562; x_wconf 87' lang='lat' dir='ltr'><strong>regis</strong></span> <span class='ocrx_word' id='word_1_720' title='bbox 1198 4500 1329 4546; x_wconf 89' lang='lat' dir='ltr'><strong>tunc</strong></span> <span class='ocrx_word' id='word_1_721' title='bbox 1359 4493 1464 4546; x_wconf 85' lang='lat' dir='ltr'><strong>ﬁlia</strong></span> <span class='ocrx_word' id='word_1_722' title='bbox 1493 4493 1633 4547; x_wconf 87' lang='lat' dir='ltr'><strong>forte</strong></span> <span class='ocrx_word' id='word_1_723' title='bbox 1674 4493 2033 4562; x_wconf 87' lang='lat' dir='ltr'><strong>spatiabatur.</strong></span> <span class='ocrx_word' id='word_1_724' title='bbox 2067 4493 2142 4548; x_wconf 87' lang='lat' dir='ltr'><strong>lta</strong></span> 
     </span>
    </p>
   </div>
   <div class='ocr_carea' id='block_1_95' title="bbox 579 4583 2145 4654">
    <p class='ocr_par' dir='ltr' id='par_1_95' title="bbox 579 4583 2145 4654">
     <span class='ocr_line' id='line_1_95' title="bbox 579 4583 2145 4654; baseline 0.002 -16"><span class='ocrx_word' id='word_1_725' title='bbox 579 4599 704 4638; x_wconf 92' lang='lat' dir='ltr'><strong>cum</strong></span> <span class='ocrx_word' id='word_1_726' title='bbox 748 4583 986 4637; x_wconf 79' lang='lat' dir='ltr'><strong>infantili</strong></span> <span class='ocrx_word' id='word_1_727' title='bbox 1025 4584 1206 4653; x_wconf 86' lang='lat' dir='ltr'><strong>vagitu</strong></span> <span class='ocrx_word' id='word_1_728' title='bbox 1243 4599 1302 4638; x_wconf 89' lang='lat' dir='ltr'><strong>se</strong></span> <span class='ocrx_word' id='word_1_729' title='bbox 1328 4583 1566 4654; x_wconf 89' lang='lat' dir='ltr'><strong>prodens</strong></span> <span class='ocrx_word' id='word_1_730' title='bbox 1605 4593 1853 4654; x_wconf 89' lang='lat' dir='ltr'><strong>repertus</strong></span> <span class='ocrx_word' id='word_1_731' title='bbox 1879 4593 2042 4651; x_wconf 86' lang='lat' dir='ltr'><strong>esset,</strong></span> <span class='ocrx_word' id='word_1_732' title='bbox 2075 4586 2145 4641; x_wconf 90' lang='lat' dir='ltr'><strong>ob</strong></span> 
     </span>
    </p>
   </div>
   <div class='ocr_carea' id='block_1_96' title="bbox 579 4672 2146 4746">
    <p class='ocr_par' dir='ltr' id='par_1_96' title="bbox 579 4672 2146 4746">
     <span class='ocr_line' id='line_1_96' title="bbox 579 4672 2146 4746; baseline 0.003 -20"><span class='ocrx_word' id='word_1_733' title='bbox 579 4673 826 4743; x_wconf 80' lang='lat' dir='ltr'><strong>gratiam,</strong></span> <span class='ocrx_word' id='word_1_734' title='bbox 868 4687 987 4741; x_wconf 70' lang='lat' dir='ltr'><strong>quae</strong></span> <span class='ocrx_word' id='word_1_735' title='bbox 1019 4672 1074 4725; x_wconf 93' lang='lat' dir='ltr'><strong>in</strong></span> <span class='ocrx_word' id='word_1_736' title='bbox 1114 4687 1180 4725; x_wconf 92' lang='lat' dir='ltr'><strong>eo</strong></span> <span class='ocrx_word' id='word_1_737' title='bbox 1219 4674 1536 4742; x_wconf 87' lang='lat' dir='ltr'><strong>apparebat,</strong></span> <span class='ocrx_word' id='word_1_738' title='bbox 1575 4684 1629 4728; x_wconf 92' lang='lat' dir='ltr'><strong>et</strong></span> <span class='ocrx_word' id='word_1_739' title='bbox 1661 4675 1894 4742; x_wconf 89' lang='lat' dir='ltr'><strong>speciem</strong></span> <span class='ocrx_word' id='word_1_740' title='bbox 1926 4690 1957 4729; x_wconf 90' lang='lat' dir='ltr'><strong>a</strong></span> <span class='ocrx_word' id='word_1_741' title='bbox 2002 4676 2146 4746; x_wconf 84' lang='lat' dir='ltr'><strong>regis</strong></span> 
     </span>
    </p>
   </div>
   <div class='ocr_carea' id='block_1_97' title="bbox 587 4761 2144 4831">
    <p class='ocr_par' dir='ltr' id='par_1_97' title="bbox 587 4761 2144 4831">
     <span class='ocr_line' id='line_1_97' title="bbox 587 4761 2144 4831; baseline 0.001 -13"><span class='ocrx_word' id='word_1_742' title='bbox 587 4764 694 4818; x_wconf 82' lang='lat' dir='ltr'><strong>lilia</strong></span> <span class='ocrx_word' id='word_1_743' title='bbox 715 4763 969 4826; x_wconf 85' lang='lat' dir='ltr'><strong>dilectus,</strong></span> <span class='ocrx_word' id='word_1_744' title='bbox 993 4763 1047 4816; x_wconf 92' lang='lat' dir='ltr'><strong>in</strong></span> <span class='ocrx_word' id='word_1_745' title='bbox 1074 4762 1240 4816; x_wconf 88' lang='lat' dir='ltr'><strong>ﬁlium</strong></span> <span class='ocrx_word' id='word_1_746' title='bbox 1265 4761 1364 4815; x_wconf 82' lang='lat' dir='ltr'><strong>fuit</strong></span> <span class='ocrx_word' id='word_1_747' title='bbox 1390 4763 1702 4831; x_wconf 87' lang='lat' dir='ltr'><strong>adoptatus.</strong></span> <span class='ocrx_word' id='word_1_748' title='bbox 1729 4763 1928 4818; x_wconf 72' lang='lat' dir='ltr'><strong>Verum</strong></span> <span class='ocrx_word' id='word_1_749' title='bbox 1951 4774 2144 4820; x_wconf 87' lang='lat' dir='ltr'><strong>natura</strong></span> 
     </span>
    </p>
   </div>
   <div class='ocr_carea' id='block_1_98' title="bbox 583 4852 2144 4926">
    <p class='ocr_par' dir='ltr' id='par_1_98' title="bbox 583 4852 2144 4926">
     <span class='ocr_line' id='line_1_98' title="bbox 583 4852 2144 4926; baseline 0.004 -19"><span class='ocrx_word' id='word_1_750' title='bbox 583 4854 816 4923; x_wconf 83' lang='lat' dir='ltr'><strong>quadam</strong></span> <span class='ocrx_word' id='word_1_751' title='bbox 872 4852 1036 4905; x_wconf 89' lang='lat' dir='ltr'><strong>insita</strong></span> <span class='ocrx_word' id='word_1_752' title='bbox 1082 4852 1433 4905; x_wconf 89' lang='lat' dir='ltr'><strong>mammillam</strong></span> <span class='ocrx_word' id='word_1_753' title='bbox 1480 4852 1796 4923; x_wconf 59' lang='lat' dir='ltr'><strong>alienigena;</strong></span> <span class='ocrx_word' id='word_1_754' title='bbox 1839 4855 2144 4926; x_wconf 84' lang='lat' dir='ltr'><strong>fastidiens,</strong></span> 
     </span>
    </p>
   </div>
   <div class='ocr_carea' id='block_1_99' title="bbox 579 4941 2143 5018">
    <p class='ocr_par' dir='ltr' id='par_1_99' title="bbox 579 4941 2143 5018">
     <span class='ocr_line' id='line_1_99' title="bbox 579 4941 2143 5018; baseline 0.003 -21"><span class='ocrx_word' id='word_1_755' title='bbox 579 4944 814 4999; x_wconf 77' lang='lat' dir='ltr'><strong>consilio</strong></span> <span class='ocrx_word' id='word_1_756' title='bbox 844 4942 1130 5011; x_wconf 89' lang='lat' dir='ltr'><strong>cujusdam</strong></span> <span class='ocrx_word' id='word_1_757' title='bbox 1169 4957 1236 4996; x_wconf 80' lang='lat' dir='ltr'><strong>ex</strong></span> <span class='ocrx_word' id='word_1_758' title='bbox 1284 4941 1624 5018; x_wconf 82' lang='lat' dir='ltr'><strong>propinquis,</strong></span> <span class='ocrx_word' id='word_1_759' title='bbox 1678 4958 1707 4996; x_wconf 90' lang='lat' dir='ltr'><strong>a</strong></span> <span class='ocrx_word' id='word_1_760' title='bbox 1749 4947 1968 5014; x_wconf 83' lang='lat' dir='ltr'><strong>prOpria</strong></span> <span class='ocrx_word' id='word_1_761' title='bbox 2005 4965 2143 5002; x_wconf 86' lang='lat' dir='ltr'><strong>enu-</strong></span> 
     </span>
    </p>
   </div>
   <div class='ocr_carea' id='block_1_100' title="bbox 575 5031 2145 5103">
    <p class='ocr_par' dir='ltr' id='par_1_100' title="bbox 575 5031 2145 5103">
     <span class='ocr_line' id='line_1_100' title="bbox 575 5031 2145 5103; baseline 0.002 -15"><span class='ocrx_word' id='word_1_762' title='bbox 575 5036 746 5088; x_wconf 81' lang='lat' dir='ltr'><strong>tritur</strong></span> <span class='ocrx_word' id='word_1_763' title='bbox 776 5042 1016 5103; x_wconf 87' lang='lat' dir='ltr'><strong>parente.</strong></span> <span class='ocrx_word' id='word_1_764' title='bbox 1066 5032 1202 5085; x_wconf 80' lang='lat' dir='ltr'><strong>Cum</strong></span> <span class='ocrx_word' id='word_1_765' title='bbox 1228 5046 1355 5086; x_wconf 89' lang='lat' dir='ltr'><strong>vero</strong></span> <span class='ocrx_word' id='word_1_766' title='bbox 1391 5031 1446 5084; x_wconf 91' lang='lat' dir='ltr'><strong>in</strong></span> <span class='ocrx_word' id='word_1_767' title='bbox 1493 5031 1641 5100; x_wconf 80' lang='lat' dir='ltr'><strong>regia</strong></span> <span class='ocrx_word' id='word_1_768' title='bbox 1666 5032 2009 5099; x_wconf 89' lang='lat' dir='ltr'><strong>educatione,</strong></span> <span class='ocrx_word' id='word_1_769' title='bbox 2046 5037 2145 5091; x_wconf 85' lang='lat' dir='ltr'><strong>do—</strong></span> 
     </span>
    </p>
   </div>
   <div class='ocr_carea' id='block_1_101' title="bbox 572 5121 2142 5195">
    <p class='ocr_par' dir='ltr' id='par_1_101' title="bbox 572 5121 2142 5195">
     <span class='ocr_line' id='line_1_101' title="bbox 572 5121 2142 5195; baseline 0.001 -14"><span class='ocrx_word' id='word_1_770' title='bbox 572 5126 862 5193; x_wconf 78' lang='lat' dir='ltr'><strong>ctrinaque</strong></span> <span class='ocrx_word' id='word_1_771' title='bbox 900 5123 1146 5179; x_wconf 71' lang='lat' dir='ltr'><strong>saeculari</strong></span> <span class='ocrx_word' id='word_1_772' title='bbox 1179 5137 1243 5177; x_wconf 81' lang='lat' dir='ltr'><strong>ex</strong></span> <span class='ocrx_word' id='word_1_773' title='bbox 1289 5121 1512 5190; x_wconf 88' lang='lat' dir='ltr'><strong>ephebis</strong></span> <span class='ocrx_word' id='word_1_774' title='bbox 1535 5121 1646 5190; x_wconf 90' lang='lat' dir='ltr'><strong>jam</strong></span> <span class='ocrx_word' id='word_1_775' title='bbox 1685 5132 1830 5178; x_wconf 88' lang='lat' dir='ltr'><strong>esset</strong></span> <span class='ocrx_word' id='word_1_776' title='bbox 1869 5140 2142 5195; x_wconf 89' lang='lat' dir='ltr'><strong>egressus,</strong></span> 
     </span>
    </p>
   </div>
   <div class='ocr_carea' id='block_1_102' title="bbox 581 5213 2140 5287">
    <p class='ocr_par' dir='ltr' id='par_1_102' title="bbox 581 5213 2140 5287">
     <span class='ocr_line' id='line_1_102' title="bbox 581 5213 2140 5287; baseline 0.001 -15"><span class='ocrx_word' id='word_1_777' title='bbox 581 5218 848 5286; x_wconf 87' lang='lat' dir='ltr'><strong>inglorius</strong></span> <span class='ocrx_word' id='word_1_778' title='bbox 880 5216 1076 5287; x_wconf 89' lang='lat' dir='ltr'><strong>degere</strong></span> <span class='ocrx_word' id='word_1_779' title='bbox 1113 5213 1256 5284; x_wconf 89' lang='lat' dir='ltr'><strong>apud</strong></span> <span class='ocrx_word' id='word_1_780' title='bbox 1291 5229 1422 5269; x_wconf 87' lang='lat' dir='ltr'><strong>suos</strong></span> <span class='ocrx_word' id='word_1_781' title='bbox 1451 5215 1731 5281; x_wconf 78' lang='lat' dir='ltr'><strong>maluisse,</strong></span> <span class='ocrx_word' id='word_1_782' title='bbox 1766 5231 1928 5286; x_wconf 90' lang='lat' dir='ltr'><strong>quam</strong></span> <span class='ocrx_word' id='word_1_783' title='bbox 1962 5217 2140 5273; x_wconf 85' lang='lat' dir='ltr'><strong>ﬁctam</strong></span> 
     </span>
    </p>
   </div>
   <div class='ocr_carea' id='block_1_103' title="bbox 581 5303 2140 5380">
    <p class='ocr_par' dir='ltr' id='par_1_103' title="bbox 581 5303 2140 5380">
     <span class='ocr_line' id='line_1_103' title="bbox 581 5303 2140 5380; baseline 0.004 -22"><span class='ocrx_word' id='word_1_784' title='bbox 581 5309 750 5370; x_wconf 84' lang='lat' dir='ltr'><strong>illam,</strong></span> <span class='ocrx_word' id='word_1_785' title='bbox 783 5307 940 5375; x_wconf 83' lang='lat' dir='ltr'><strong>cujus</strong></span> <span class='ocrx_word' id='word_1_786' title='bbox 973 5306 1260 5376; x_wconf 88' lang='lat' dir='ltr'><strong>adoptatus</strong></span> <span class='ocrx_word' id='word_1_787' title='bbox 1288 5304 1341 5358; x_wconf 92' lang='lat' dir='ltr'><strong>in</strong></span> <span class='ocrx_word' id='word_1_788' title='bbox 1374 5303 1540 5357; x_wconf 81' lang='lat' dir='ltr'><strong>lilium</strong></span> <span class='ocrx_word' id='word_1_789' title='bbox 1569 5313 1706 5370; x_wconf 89' lang='lat' dir='ltr'><strong>erat,</strong></span> <span class='ocrx_word' id='word_1_790' title='bbox 1747 5314 1986 5364; x_wconf 87' lang='lat' dir='ltr'><strong>matrem</strong></span> <span class='ocrx_word' id='word_1_791' title='bbox 2014 5326 2140 5380; x_wconf 85' lang='lat' dir='ltr'><strong>pro-</strong></span> 
     </span>
    </p>
   </div>
   <div class='ocr_carea' id='block_1_104' title="bbox 653 5477 1764 5552">
    <p class='ocr_par' dir='ltr' id='par_1_104' title="bbox 653 5477 1764 5552">
     <span class='ocr_line' id='line_1_104' title="bbox 653 5477 1764 5552; baseline -0.003 -13"><span class='ocrx_word' id='word_1_792' title='bbox 653 5477 694 5512; x_wconf 76' lang='grc'><strong>⁸³</strong></span> <span class='ocrx_word' id='word_1_793' title='bbox 724 5480 869 5539; x_wconf 84' lang='lat' dir='ltr'><strong>Psal.</strong></span> <span class='ocrx_word' id='word_1_794' title='bbox 900 5495 1061 5548; x_wconf 78' lang='lat' dir='ltr'><strong>uxv,</strong></span> <span class='ocrx_word' id='word_1_795' title='bbox 1097 5481 1144 5534; x_wconf 77' lang='lat' dir='ltr'><strong>~l.</strong></span> <span class='ocrx_word' id='word_1_796' title='bbox 1225 5483 1267 5513; x_wconf 74' lang='lat'><strong>&quot;</strong></span> <span class='ocrx_word' id='word_1_797' title='bbox 1301 5479 1468 5535; x_wconf 77' lang='lat' dir='ltr'><strong>Exod.</strong></span> <span class='ocrx_word' id='word_1_798' title='bbox 1501 5496 1560 5544; x_wconf 86' lang='grc' dir='ltr'><strong>ιι,</strong></span> <span class='ocrx_word' id='word_1_799' title='bbox 1586 5480 1619 5532; x_wconf 73' lang='lat'><strong>‘2</strong></span> <span class='ocrx_word' id='word_1_800' title='bbox 1643 5497 1764 5552; x_wconf 86' lang='lat' dir='ltr'><strong>sqq.</strong></span> 
     </span>
    </p>
   </div>
   <div class='ocr_carea' id='block_1_105' title="bbox 2241 4414 3814 4492">
    <p class='ocr_par' dir='ltr' id='par_1_105' title="bbox 2241 4414 3814 4492">
     <span class='ocr_line' id='line_1_105' title="bbox 2241 4414 3814 4492; baseline 0.005 -25"><span class='ocrx_word' id='word_1_801' title='bbox 2241 4414 2382 4468; x_wconf 77' lang='grc' dir='ltr'><strong>οὕτω</strong></span> <span class='ocrx_word' id='word_1_802' title='bbox 2401 4416 2617 4486; x_wconf 81' lang='grc' dir='ltr'><strong>δοθῆναι</strong></span> <span class='ocrx_word' id='word_1_803' title='bbox 2640 4417 2716 4488; x_wconf 80' lang='grc' dir='ltr'><strong>τῷ</strong></span> <span class='ocrx_word' id='word_1_804' title='bbox 2748 4418 2973 4490; x_wconf 80' lang='grc' dir='ltr'><strong>ῥεύματι</strong></span> <span class='ocrx_word' id='word_1_805' title='bbox 2993 4420 3169 4488; x_wconf 74' lang='grc' dir='ltr'><strong>(τοῦτο</strong></span> <span class='ocrx_word' id='word_1_806' title='bbox 3193 4420 3300 4491; x_wconf 85' lang='grc' dir='ltr'><strong>γὰρ</strong></span> <span class='ocrx_word' id='word_1_807' title='bbox 3325 4422 3372 4474; x_wconf 85' lang='grc' dir='ltr'>οἱ</span> <span class='ocrx_word' id='word_1_808' title='bbox 3403 4422 3468 4474; x_wconf 82' lang='grc' dir='ltr'><strong>δι’</strong></span> <span class='ocrx_word' id='word_1_809' title='bbox 3496 4420 3814 4492; x_wconf 88' lang='grc' dir='ltr'><strong>ἐπιμελείας</strong></span> 
     </span>
    </p>
   </div>
   <div class='ocr_carea' id='block_1_106' title="bbox 2242 4505 3816 4583">
    <p class='ocr_par' dir='ltr' id='par_1_106' title="bbox 2242 4505 3816 4583">
     <span class='ocr_line' id='line_1_106' title="bbox 2242 4505 3816 4583; baseline 0.003 -24"><span class='ocrx_word' id='word_1_810' title='bbox 2242 4505 2310 4559; x_wconf 82' lang='grc' dir='ltr'><strong>τὰ</strong></span> <span class='ocrx_word' id='word_1_811' title='bbox 2334 4507 2454 4560; x_wconf 77' lang='grc' dir='ltr'><strong>κατ’</strong></span> <span class='ocrx_word' id='word_1_812' title='bbox 2498 4507 2657 4560; x_wconf 76' lang='grc' dir='ltr'><strong>αὑτὸν</strong></span> <span class='ocrx_word' id='word_1_813' title='bbox 2709 4511 3086 4582; x_wconf 79' lang='grc' dir='ltr'><strong>ἱστορήσαντες</strong></span> <span class='ocrx_word' id='word_1_814' title='bbox 3137 4511 3485 4583; x_wconf 86' lang='grc' dir='ltr'><strong>διηγήσαντο)</strong></span> <span class='ocrx_word' id='word_1_815' title='bbox 3511 4527 3525 4540; x_wconf 75' lang='grc' dir='ltr'><strong>ο</strong></span> <span class='ocrx_word' id='word_1_816' title='bbox 3572 4510 3718 4573; x_wconf 87' lang='grc' dir='ltr'><strong>θείας</strong></span> <span class='ocrx_word' id='word_1_817' title='bbox 3751 4511 3816 4564; x_wconf 76' lang='grc' dir='ltr'><strong>δέ</strong></span> 
     </span>
    </p>
   </div>
   <div class='ocr_carea' id='block_1_107' title="bbox 2242 4599 3816 4672">
    <p class='ocr_par' dir='ltr' id='par_1_107' title="bbox 2242 4599 3816 4672">
     <span class='ocr_line' id='line_1_107' title="bbox 2242 4599 3816 4672; baseline 0.001 -20"><span class='ocrx_word' id='word_1_818' title='bbox 2242 4616 2386 4661; x_wconf 87' lang='grc' dir='ltr'><strong>τινος</strong></span> <span class='ocrx_word' id='word_1_819' title='bbox 2413 4599 2694 4669; x_wconf 82' lang='grc' dir='ltr'><strong>δυνάμεως</strong></span> <span class='ocrx_word' id='word_1_820' title='bbox 2736 4600 2834 4670; x_wconf 81' lang='grc' dir='ltr'><strong>τὴν</strong></span> <span class='ocrx_word' id='word_1_821' title='bbox 2875 4601 3101 4654; x_wconf 82' lang='grc' dir='ltr'><strong>κιϐωτὸν</strong></span> <span class='ocrx_word' id='word_1_822' title='bbox 3149 4599 3516 4672; x_wconf 85' lang='grc' dir='ltr'><strong>κυϐερνώσης,</strong></span> <span class='ocrx_word' id='word_1_823' title='bbox 3566 4599 3655 4651; x_wconf 84' lang='grc' dir='ltr'><strong>ἐπί</strong></span> <span class='ocrx_word' id='word_1_824' title='bbox 3686 4617 3816 4653; x_wconf 85' lang='grc' dir='ltr'><strong>τινα</strong></span> 
     </span>
    </p>
   </div>
   <div class='ocr_carea' id='block_1_108' title="bbox 2247 4689 3818 4762">
    <p class='ocr_par' dir='ltr' id='par_1_108' title="bbox 2247 4689 3818 4762">
     <span class='ocr_line' id='line_1_108' title="bbox 2247 4689 3818 4762; baseline 0.001 -21"><span class='ocrx_word' id='word_1_825' title='bbox 2247 4689 2385 4742; x_wconf 83' lang='grc' dir='ltr'><strong>κατὰ</strong></span> <span class='ocrx_word' id='word_1_826' title='bbox 2411 4689 2473 4742; x_wconf 81' lang='grc' dir='ltr'><strong>τὺ</strong></span> <span class='ocrx_word' id='word_1_827' title='bbox 2497 4690 2722 4758; x_wconf 86' lang='grc' dir='ltr'><strong>πλάγιον</strong></span> <span class='ocrx_word' id='word_1_828' title='bbox 2744 4691 2908 4762; x_wconf 76' lang='grc' dir='ltr'><strong>ὄχθην</strong></span> <span class='ocrx_word' id='word_1_829' title='bbox 2931 4691 3338 4762; x_wconf 79' lang='grc' dir='ltr'><strong>ἐξορμισθῆναι,</strong></span> <span class='ocrx_word' id='word_1_830' title='bbox 3369 4691 3688 4760; x_wconf 84' lang='grc' dir='ltr'><strong>αὐτομάτως</strong></span> <span class='ocrx_word' id='word_1_831' title='bbox 3709 4694 3818 4762; x_wconf 78' lang='grc' dir='ltr'><strong>τῆς</strong></span> 
     </span>
    </p>
   </div>
   <div class='ocr_carea' id='block_1_109' title="bbox 2246 4779 3818 4852">
    <p class='ocr_par' dir='ltr' id='par_1_109' title="bbox 2246 4779 3818 4852">
     <span class='ocr_line' id='line_1_109' title="bbox 2246 4779 3818 4852; baseline 0.002 -21"><span class='ocrx_word' id='word_1_832' title='bbox 2246 4779 2476 4832; x_wconf 80' lang='grc' dir='ltr'><strong>κιϐωτοῦ</strong></span> <span class='ocrx_word' id='word_1_833' title='bbox 2506 4781 2624 4833; x_wconf 78' lang='grc' dir='ltr'><strong>κατ’</strong></span> <span class='ocrx_word' id='word_1_834' title='bbox 2646 4782 2820 4834; x_wconf 80' lang='grc' dir='ltr'><strong>ἐκεῖνο</strong></span> <span class='ocrx_word' id='word_1_835' title='bbox 2846 4781 2906 4834; x_wconf 81' lang='grc' dir='ltr'><strong>τὸ</strong></span> <span class='ocrx_word' id='word_1_836' title='bbox 2937 4781 3096 4852; x_wconf 83' lang='grc' dir='ltr'><strong>μέρος</strong></span> <span class='ocrx_word' id='word_1_837' title='bbox 3131 4780 3233 4834; x_wconf 80' lang='grc' dir='ltr'><strong>ὑπὸ</strong></span> <span class='ocrx_word' id='word_1_838' title='bbox 3259 4785 3358 4852; x_wconf 82' lang='grc' dir='ltr'><strong>τῆς</strong></span> <span class='ocrx_word' id='word_1_839' title='bbox 3384 4782 3553 4850; x_wconf 80' lang='grc' dir='ltr'><strong>φορᾶς</strong></span> <span class='ocrx_word' id='word_1_840' title='bbox 3584 4781 3689 4832; x_wconf 88' lang='grc' dir='ltr'><strong>τῶν</strong></span> <span class='ocrx_word' id='word_1_841' title='bbox 3709 4797 3818 4834; x_wconf 86' lang='grc' dir='ltr'><strong>κυ-</strong></span> 
     </span>
    </p>
   </div>
   <div class='ocr_carea' id='block_1_110' title="bbox 2251 4869 3819 4943">
    <p class='ocr_par' dir='ltr' id='par_1_110' title="bbox 2251 4869 3819 4943">
     <span class='ocr_line' id='line_1_110' title="bbox 2251 4869 3819 4943; baseline 0.001 -19"><span class='ocrx_word' id='word_1_842' title='bbox 2251 4870 2434 4938; x_wconf 80' lang='grc' dir='ltr'><strong>μάτων</strong></span> <span class='ocrx_word' id='word_1_843' title='bbox 2469 4871 2924 4940; x_wconf 82' lang='grc' dir='ltr'><strong>ἐκκυμανθείσης.</strong></span> <span class='ocrx_word' id='word_1_844' title='bbox 2972 4873 3083 4943; x_wconf 78' lang='grc' dir='ltr'><strong>Τῆς</strong></span> <span class='ocrx_word' id='word_1_845' title='bbox 3123 4873 3178 4925; x_wconf 80' lang='grc' dir='ltr'><strong>δὲ</strong></span> <span class='ocrx_word' id='word_1_846' title='bbox 3218 4871 3485 4943; x_wconf 78' lang='grc' dir='ltr'><strong>θυγατρὸς</strong></span> <span class='ocrx_word' id='word_1_847' title='bbox 3518 4869 3609 4924; x_wconf 77' lang='grc' dir='ltr'><strong>τοῦ</strong></span> <span class='ocrx_word' id='word_1_848' title='bbox 3659 4870 3819 4939; x_wconf 85' lang='grc' dir='ltr'><strong>βασι-</strong></span> 
     </span>
    </p>
   </div>
   <div class='ocr_carea' id='block_1_111' title="bbox 2209 4957 3819 5029">
    <p class='ocr_par' dir='ltr' id='par_1_111' title="bbox 2209 4957 3819 5029">
     <span class='ocr_line' id='line_1_111' title="bbox 2209 4957 3819 5029; baseline 0.002 -20"><span class='ocrx_word' id='word_1_849' title='bbox 2209 5020 2224 5027; x_wconf 33' lang='grc' dir='ltr'><em>κ</em></span> <span class='ocrx_word' id='word_1_850' title='bbox 2246 4957 2384 5019; x_wconf 86' lang='grc' dir='ltr'><strong>λέως</strong></span> <span class='ocrx_word' id='word_1_851' title='bbox 2426 4959 2685 5029; x_wconf 84' lang='grc' dir='ltr'><strong>ἐπιούσης</strong></span> <span class='ocrx_word' id='word_1_852' title='bbox 2719 4959 2861 5013; x_wconf 84' lang='grc' dir='ltr'><strong>κατὰ</strong></span> <span class='ocrx_word' id='word_1_853' title='bbox 2889 4960 3012 5022; x_wconf 80' lang='grc' dir='ltr'><strong>τοὺς</strong></span> <span class='ocrx_word' id='word_1_854' title='bbox 3040 4959 3308 5028; x_wconf 83' lang='grc' dir='ltr'><strong>λειμῶνας</strong></span> <span class='ocrx_word' id='word_1_855' title='bbox 3351 4962 3450 5029; x_wconf 75' lang='grc' dir='ltr'><strong>τῆς</strong></span> <span class='ocrx_word' id='word_1_856' title='bbox 3474 4958 3637 5028; x_wconf 74' lang='grc' dir='ltr'><strong>ὄχθης</strong></span> <span class='ocrx_word' id='word_1_857' title='bbox 3662 4960 3819 5012; x_wconf 78' lang='grc' dir='ltr'><strong>ἐκεί-</strong></span> 
     </span>
    </p>
   </div>
   <div class='ocr_carea' id='block_1_112' title="bbox 2247 5043 3821 5122">
    <p class='ocr_par' dir='ltr' id='par_1_112' title="bbox 2247 5043 3821 5122">
     <span class='ocr_line' id='line_1_112' title="bbox 2247 5043 3821 5122; baseline 0.001 -21"><span class='ocrx_word' id='word_1_858' title='bbox 2247 5064 2365 5119; x_wconf 88' lang='grc' dir='ltr'><strong>νης,</strong></span> <span class='ocrx_word' id='word_1_859' title='bbox 2466 5047 2654 5118; x_wconf 79' lang='grc' dir='ltr'><strong>ἔτυχεν</strong></span> <span class='ocrx_word' id='word_1_860' title='bbox 2683 5053 2716 5120; x_wconf 87' lang='grc' dir='ltr'><strong>ή</strong></span> <span class='ocrx_word' id='word_1_861' title='bbox 2758 5050 2985 5114; x_wconf 83' lang='grc' dir='ltr'><strong>κιϐωτὸς</strong></span> <span class='ocrx_word' id='word_1_862' title='bbox 3020 5050 3383 5116; x_wconf 86' lang='grc' dir='ltr'><strong>ἐπωκείλασα,</strong></span> <span class='ocrx_word' id='word_1_863' title='bbox 3417 5049 3624 5121; x_wconf 77' lang='grc' dir='ltr'><strong>εὕρεμα</strong></span> <span class='ocrx_word' id='word_1_864' title='bbox 3651 5051 3821 5116; x_wconf 85' lang='grc' dir='ltr'><strong>γενέ-</strong></span> 
     </span>
    </p>
   </div>
   <div class='ocr_carea' id='block_1_113' title="bbox 2250 5137 3818 5212">
    <p class='ocr_par' dir='ltr' id='par_1_113' title="bbox 2250 5137 3818 5212">
     <span class='ocr_line' id='line_1_113' title="bbox 2250 5137 3818 5212; baseline 0.004 -23"><span class='ocrx_word' id='word_1_865' title='bbox 2250 5137 2371 5192; x_wconf 84' lang='grc' dir='ltr'><strong>σθαι</strong></span> <span class='ocrx_word' id='word_1_866' title='bbox 2407 5141 2471 5209; x_wconf 79' lang='grc' dir='ltr'><strong>τῇ</strong></span> <span class='ocrx_word' id='word_1_867' title='bbox 2517 5139 2768 5208; x_wconf 87' lang='grc' dir='ltr'><strong>βασιλίδι,</strong></span> <span class='ocrx_word' id='word_1_868' title='bbox 2809 5140 3081 5211; x_wconf 86' lang='grc' dir='ltr'><strong>βρεφικῶς</strong></span> <span class='ocrx_word' id='word_1_869' title='bbox 3125 5141 3400 5211; x_wconf 80' lang='grc' dir='ltr'><strong>ἐμϐοήσας</strong></span> <span class='ocrx_word' id='word_1_870' title='bbox 3436 5143 3500 5212; x_wconf 76' lang='grc' dir='ltr'><strong>τῇ</strong></span> <span class='ocrx_word' id='word_1_871' title='bbox 3542 5141 3818 5210; x_wconf 69' lang='grc' dir='ltr'><strong>λάρνακι·</strong></span> 
     </span>
    </p>
   </div>
   <div class='ocr_carea' id='block_1_114' title="bbox 2247 5228 3822 5302">
    <p class='ocr_par' dir='ltr' id='par_1_114' title="bbox 2247 5228 3822 5302">
     <span class='ocr_line' id='line_1_114' title="bbox 2247 5228 3822 5302; baseline 0.001 -20"><span class='ocrx_word' id='word_1_872' title='bbox 2247 5228 2428 5297; x_wconf 73' lang='grc' dir='ltr'><strong>ὀφθεὶς</strong></span> <span class='ocrx_word' id='word_1_873' title='bbox 2465 5230 2529 5289; x_wconf 66' lang='grc' dir='ltr'><strong>,δὲ</strong></span> <span class='ocrx_word' id='word_1_874' title='bbox 2581 5231 2717 5301; x_wconf 80' lang='grc' dir='ltr'><strong>μετὰ</strong></span> <span class='ocrx_word' id='word_1_875' title='bbox 2764 5231 2859 5301; x_wconf 85' lang='grc' dir='ltr'><strong>τῆς</strong></span> <span class='ocrx_word' id='word_1_876' title='bbox 2909 5231 3327 5302; x_wconf 80' lang='grc' dir='ltr'><strong>ἐπιφαινομένης</strong></span> <span class='ocrx_word' id='word_1_877' title='bbox 3378 5231 3523 5300; x_wconf 74' lang='grc' dir='ltr'><strong>αὒτῷ</strong></span> <span class='ocrx_word' id='word_1_878' title='bbox 3568 5230 3822 5300; x_wconf 82' lang='grc' dir='ltr'><strong>χάριτος,</strong></span> 
     </span>
    </p>
   </div>
   <div class='ocr_carea' id='block_1_115' title="bbox 2247 5318 3826 5393">
    <p class='ocr_par' dir='ltr' id='par_1_115' title="bbox 2247 5318 3826 5393">
     <span class='ocr_line' id='line_1_115' title="bbox 2247 5318 3826 5393; baseline 0.004 -22"><span class='ocrx_word' id='word_1_879' title='bbox 2247 5318 2406 5382; x_wconf 77' lang='grc' dir='ltr'><strong>εὐθὺς</strong></span> <span class='ocrx_word' id='word_1_880' title='bbox 2433 5319 2812 5376; x_wconf 81' lang='grc' dir='ltr'><strong>οἰκειώσασθαι</strong></span> <span class='ocrx_word' id='word_1_881' title='bbox 2841 5322 2904 5374; x_wconf 88' lang='grc' dir='ltr'><strong>δι’</strong></span> <span class='ocrx_word' id='word_1_882' title='bbox 2936 5323 3149 5385; x_wconf 87' lang='grc' dir='ltr'><strong>εὐνοίας</strong></span> <span class='ocrx_word' id='word_1_883' title='bbox 3179 5323 3278 5393; x_wconf 78' lang='grc' dir='ltr'><strong>τὴν</strong></span> <span class='ocrx_word' id='word_1_884' title='bbox 3313 5322 3574 5392; x_wconf 86' lang='grc' dir='ltr'><strong>βασιλίδα,</strong></span> <span class='ocrx_word' id='word_1_885' title='bbox 3606 5320 3700 5374; x_wconf 71' lang='grc' dir='ltr'><strong>καὶ</strong></span> <span class='ocrx_word' id='word_1_886' title='bbox 3733 5325 3826 5388; x_wconf 79' lang='grc' dir='ltr'><strong>εἰς</strong></span> 
     </span>
    </p>
   </div>
  </div>
