4088 6210
199 361 267 419 305
1391 359 1474 414 DE
1512 359 1670 417 Vl'l'A
1707 361 1846 420 διον
1859 363 1980 419 SIS.
2479 383 2482 386 '
3233 371 3340 428 306

196 475 274 532 υἱοῦ
312 471 429 540 τάξιν
460 470 849 542 ἀναληφθῆναι.
899 471 1290 544 Ἀποστραφεὶς
1320 473 1376 526 δὲ
1424 476 1668 546 φυσικῶς
1696 533 1701 542 ι

1792 480 1930 536 lteri.
1963 480 2218 552 Egyptio
2244 489 2424 537 autem
2451 481 2566 536 viro
2589 481 2645 536 in
2671 480 3017 540 Hebraeorum
3046 490 3338 558 quemdam

195 570 260 636 τὴν
283 563 515 632 ἀλλόφυλον
537 562 729 633 θηλὴν,
759 562 974 633 ἐπινοίᾳ
997 563 1143 626 τινὸς
1167 563 1277 617 τῶν
1315 565 1452 635 πρὸς
1481 567 1672 634 γένους

194 656 354 722 οὶκείων,
391 653 751 723 ἀνατραφῆναι
783 652 862 722 τῷ
902 653 1142 724 μητρῴῳ
1173 653 1330 724 μαζῷ
1349 671 1364 685 ’
1418 655 1586 720 ἐκϐὰς
1615 657 1684 720 es,

192 746 256 816 ἠδη
279 745 350 814 τὴν
377 743 570 814 ἡλικίαν
597 742 709 796 τῶν
750 743 956 797 παίδων
996 744 1058 795 ἐν
1091 743 1342 816 βασιλικῇ
1371 748 1435 816 τῇ
1474 749 1670 817 τροφῇ,

192 838 252 890 καὶ
278 833 534 895 παιδευθεὶς
554 832 655 902 τὴν
681 832 880 898 ἔξωθεν
906 832 1208 897 παίδευσιν,
1240 831 1268 885 ὃ
1296 832 1455 904 δόξης
1491 828 1672 904 ἐνομῖ-

189 929 268 990 ζετο
287 924 404 995 παρὰ
432 926 539 987 τοῖς
575 923 795 987 ἔξωθεν,
822 923 921 992 οὐχ
959 923 1130 976 εἵλετο
1171 923 1251 976 ἔτι
1280 925 1674 991 καταδέξασθαι

189 1020 251 1089 τὴν
276 1017 626 1087 σεσοφισμένην
671 1015 888 1086 ἐκείνην
926 1017 1212 1086 ὁμολογεῖν
1259 1017 1490 1088 μητέρα,
1532 1013 1674 1090 ᾗπερ

183 1115 234 1176 εἰς
250 1113 335 1166 υἱοῦ
364 1111 502 1176 τάξιν
553 1111 893 1182 εἰσεποιήθη,
923 1111 1058 1164 ἀλλά
1086 1111 1179 1164 ἐπὶ
1206 1112 1304 1183 τὴν
1337 1113 1478 1165 κατά
1513 1112 1675 1181 φύσιν

183 1203 412 1256 ἐπανελθεῖν
440 1203 623 1264 πάλιν,
672 1203 768 1254 καὶ
800 1203 914 1263 τοῖς
945 1200 1241 1271 ὁμοφύλοις
1268 1201 1676 1272 ἐγκαταμιχθῆ-

178 1311 250 1346 ναι.
285 1294 447 1363 Μάχης
472 1292 536 1345 δὲ
580 1278 853 1363 συστάσης
905 1290 1138 1361 Ἑϐραίῳ
1184 1292 1289 1344 τινὶ
1338 1292 1475 1361 πρὸς
1507 1291 1677 1359 Αίγύ-

178 1399 301 1447 πτιον,
346 1382 685 1453 συμμαχῆσαι
721 1400 781 1435 τε
824 1381 901 1451 τῷ
955 1381 1160 1452 οἰκείῳ,
1211 1382 1306 1435 atati.
1347 1383 1554 1435 ἀνελεῖν
1584 1383 1675 1436 τὸν

173 1475 408 1542 ἀλλόφυλον.
455 1469 596 1528 Εἶτα
643 1472 1068 1543 συμπλακέντων
1123 1472 1373 1542 ἀλλήλοις
1410 1473 1677 1544 Ἐϐραίων

174 1562 236 1614 lie
247 1563 388 1628 τινιῖιν,
404 1563 788 1618 καταστέλλειν
804 1566 860 1616 ἐν
886 1564 1067 1627 αὐτοῖς
1091 1563 1188 1635 τὴν
1211 1564 1537 1633 φιλονεικίαν
1561 1581 1678 1616 πει-

172 1652 330 1720 ρᾶσθαι.
348 1654 754 1723 Συμϐουλεύσας
783 1653 962 1717 καλῶς
989 1654 1154 1724 ἔχειν,
1189 1653 1454 1722 ἀδελφοὺς
1494 1653 1674 1716 ὄντας,

174 1743 226 1810 μη
247 1741 381 1810 θυμὸν
398 1743 674 1813 διαιτητὴν
706 1743 976 1797 ποιεῖσθαι
1003 1743 1111 1796 τῶν
1143 1743 1674 1814 ἀμφισϐητημάτων,

1775 575 2037 645 impetum
2064 577 2298 633 faciente
2325 577 2530 641 occiso,
2561 576 2700 632 duos
2731 575 3082 641 Hebraeorum
3114 593 3339 640 conten-

1775 669 1924 726 tione
1952 678 2254 728 commotos
2283 671 2338 726 in
2370 673 2567 736 rixam,
2605 670 2906 736 admonuit,
2937 689 3046 728 non
3069 676 3164 733 .ita
3205 694 3338 734 con-

1774 765 1954 831 citari,
2010 767 2105 822 sed
2149 749 2366 833 natura,
2413 783 2534 837 qua:
2567 767 2969 837 propinquitate
3015 770 3164 839 ipsos
3207 787 3340 828 con-

1769 862 1976 932 junxit,
2029 864 2422 929 conciliatrice,
2471 873 2526 919 et
2581 865 2738 934 quasi
2787 864 2974 934 judice
3028 869 3344 940 arbitroque

1777 955 1977 1013 fratres
2012 960 2089 1013 uti
2114 969 2386 1028 oportere.
2436 959 2542 1016 Sed
2576 961 2644 1015 ab
2672 975 2760 1024 eo,
2797 961 2892 1030 qui
2922 963 3170 1032 proximo
3201 965 3346 1034 inju-

1778 1051 1916 1104 riam
1957 1052 2234 1121 afferebat,
2278 1056 2530 1126 repulsus
2572 1055 2640 1109 ad
2674 1057 3193 1126 contemplationem
3242 1060 3346 1114 hac

1776 1149 2106 1204 contumelia
2149 1150 2465 1218 impellitur.
2498 1149 2796 1204 Civitatum
2833 1152 2978 1205 enim
3016 1152 3346 1207 turbationi-

1777 1242 1882 1298 bus
1905 1245 2128 1298 omnino
2155 1245 2386 1308 relictis,
2433 1261 2618 1300 secum
2652 1246 2836 1301 vivere
2864 1247 3076 1312 maluit,
3108 1246 3216 1302 lilia
3249 1263 3348 1302 cu-

1772 1335 1992 1405 jusdam
2023 1339 2339 1410 alienigena:
2360 1341 2416 1394 in
2441 1356 2664 1396 uxorem
2693 1341 2893 1395 ducta:
2930 1341 3024 1410 qui
3054 1347 3203 1395 tanta
3229 1349 3346 1396 erat

1777 1431 1843 1485 ad
1889 1434 2265 1501 pernoscenda
2312 1437 2528 1505 ingenia
2556 1436 2837 1490 hominum
2868 1452 3160 1506 moresque
3197 1452 3349 1492 com-

1777 1528 2196 1596 prehendendos
2219 1531 2507 1599 prudentia
2529 1531 2808 1601 praeditus,
2834 1539 2892 1586 ut
2916 1533 3076 1586 unica
3097 1549 3156 1587 re
3173 1540 3346 1603 gesta,

1776 1637 1936 1691 quam
1961 1622 2175 1693 Moyses
2203 1625 2466 1680 adversus
2495 1633 2776 1693 pastorum
2806 1626 2916 1680 vim
2941 1643 3139 1698 magno
3165 1629 3350 1682 animo

1779 1713 2003 1779 fecerat,
2057 1718 2419 1774 adolescentis
2470 1719 2726 1774 virtutem
2779 1721 3148 1789 conspexerit,
3201 1721 3348 1791 quod

169 1831 265 1884 am
283 1833 362 1905 τὴν
386 1833 561 1904 φύσιν.
598 1835 900 1898 ’Δπωσθείς
922 1834 979 1887 δὲ
1004 1835 1156 1906 παρά
1175 1833 1272 1887 τοῦ
1301 1834 1436 1904 πρὸς
1463 1833 1675 1887 ἀδικίαν

1792 1827 1886 1866 non
1914 1815 2136 1883 proprio
2166 1817 2319 1871 lucro
2353 1826 2446 1870 aut
2471 1817 2630 1872 laude
2653 1825 2981 1882 commotus,
3008 1833 3107 1889 pro
3127 1819 3345 1888 justitia

170 1922 404 1990 βλέποντος,
459 1927 721 1997 ἀφορμὴν
768 1926 869 1996 τῆς
922 1926 1168 1997 μείζονος
1217 1925 1530 1995 φιλοσοφίας
1580 1924 1678 1996 τὴν

167 2011 330 2082 ἀτιμίαν
347 2015 531 2084 ταύτην
553 2015 914 2086 ποιήσασθαιο
945 2016 1037 2068 καί⁴
1054 2014 1153 2085 τῆς
1175 2014 1311 2085 μετά
1332 2013 1440 2068 τῶν
1469 2013 1679 2068 πολλῶν

167 2101 460 2174 στνδιαγωγῆς
477 2105 676 2176 πόρρω
693 2105 1002 2174 γενόμενος,
1029 2105 1232 2158 ἰδιάσαι
1247 2105 1323 2175 τῷ
1347 2103 1484 2175 μετὰ
1506 2103 1679 2157 ταῦτα

168 2190 253 2262 βίῳ,
273 2196 500 2263 κηδεύσας
551 2198 661 2249 τινὶ
689 2196 798 2249 τῶν
829 2196 1166 2266 ἀλλοφύλων,
1204 2196 1359 2267 ἀνδρὶ
1387 2194 1679 2267 διορατικῷ

164 2283 230 2334 τοῦ
253 2284 494 2352 βελτίονος,
521 2287 626 2340 καὶ
662 2286 866 2356 κρίνειν
891 2284 997 2355 ἢθη
1030 2302 1091 2338 τε
1115 2285 1209 2339 καὶ
1246 2285 1356 2354 βίον
1378 2283 1682 2354 ἀνθρώπων

165 2371 497 2447 ὲεεεσκεμμένῳ,
527 2378 596 2441 ὃς
627 2377 717 2430 διά
739 2378 868 2448 μιᾶς
893 2375 1321 2449 πράξεως,λέγω
1340 2375 1404 2446 δὴ
1424 2377 1521 2445 τῆς
1539 2373 1682 2428 κατὰ

161 2463 238 2515 τῶν
263 2468 502 2536 ποιμένων
558 2469 758 2539 ὁρμῆς,
807 2469 992 2522 ἐνιδὼν
1029 2467 1122 2521 τοῦ
1167 2466 1287 2520 νέου
1327 2465 1682 2540 τὴν-ἀρετὴν,

163 2555 267 2619 ὃπως
287 2561 337 2611 ού
382 2562 508 2632 πρὸς
567 2564 765 2615 οἰκεῖον
816 2562 1032 2632 βλέπων
1079 2560 1291 2630 κέρδος,
1342 2557 1435 2611 τοῦ
1476 2557 1683 2609 δικαίου

1785 1913 2130 1979 pugnaverit,
2184 1913 2276 1967 sed
2311 1912 2523 1982 justum
2571 1912 2751 1983 ipsum
2797 1929 2893 1984 per
2925 1930 3007 1979 se,
3039 1930 3105 1972 ac
3151 1926 3350 1972 natura

1780 2020 1878 2061 sua
1915 2006 2200 2062 honestum
2228 2008 2504 2077 judicans,
2557 2019 2804 2080 pastores
2844 2011 2940 2080 qui
2965 2011 3104 2066 nihil
3149 2013 3204 2067 in
3263 2031 3352 2070 se-

1782 2099 1964 2169 ipsum
2001 2110 2314 2172 peccarunt,
2371 2104 2678 2174 castigavit,
2739 2119 3038 2175 eorumque
3091 2107 3351 2177 injuriam

1780 2192 1994 2262 repulit.
2049 2191 2396 2263 Quapropter
2445 2195 2704 2250 virtutem
2754 2197 2976 2266 juvenis
3025 2193 3352 2267 admiratus,

1784 2285 2274 2356 etprmstanliorem
2294 2285 2466 2357 ipsam
2494 2286 2724 2343 aliorum
2757 2285 2964 2344 divitiis
3007 2289 3352 2356 existimans,

1789 2373 1955 2427 ﬁliam
1995 2378 2046 2427 ei
2089 2374 2314 2429 tradidit
2345 2376 2400 2430 in
2429 2393 2673 2444 nxorem,
2723 2377 3150 2451 facultatemque
3204 2382 3353 2448 fecit,

1791 2469 1850 2516 ut
1892 2463 2010 2534 ipse
2053 2481 2436 2538 quamcunque
2478 2470 2692 2526 vivendi
2741 2469 3008 2526 rationem
3047 2472 3228 2538 vellet,
3257 2473 3358 2529 eli-

1790 2562 1958 2626 geret.

158 2642 536 2717 ὁτερεμάχησεν,
595 2649 710 2702 ἀλλ’
744 2649 877 2702 αὐτὸ
918 2649 978 2701 τὸ
1015 2647 1224 2700 δίκαιον
1253 2645 1431 2716 τίμιον
1463 2646 1529 2714 τῇ
1568 2643 1674 2714 ἰδίᾳ
1710 2641 1869 2711 φύσει
1913 2643 2134 2713 κρίνων,
2176 2647 2272 2716 τὴν
2301 2646 2514 2702 ἀδικίαν
2548 2650 2658 2704 τῶν
2694 2657 2964 2722 ποιμένων
2990 2652 3212 2706 ἐκόλασε
3250 2651 3360 2705 τῶν

160 2734 214 2794 ti,-
253 2736 424 2792 ἐκεῖνον
472 2739 1028 2810 πεπλημμεληκότων
1079 2734 1569 2804 οὐδὲν,-.ἀγασθεὶς
1629 2734 1722 2786 ἐπὶ
1783 2733 1993 2797 τούτοις
2044 2736 2134 2788 τὸν
2178 2736 2298 2790 νέον
2318 2778 2333 2802 ,
2386 2739 2480 2793 καὶ
2530 2739 2624 2794 τοῦ
2673 2742 3074 2798 πολυταλάντου
3129 2743 3359 2799 πλούτου

160 2829 414 2901 τιμιωτέραν
443 2831 619 2884 αὑτοῦ
649 2832 745 2902 τὴν
769 2833 968 2902 ἀρετὴν
995 2833 1054 2884 ἐν
1089 2833 1154 2901 τῇ
1186 2830 1486 2903 φαινομένῃ
1517 2828 1678 2899 πενίᾳ
1715 2828 1924 2900 κρίνας,
1963 2830 2317 2895 συνοικίζεται
2350 2833 2495 2905 αὐτῷ
2519 2835 2617 2907 τὴν
2655 2837 2950 2910 θυγατέρα,
2991 2837 3087 2892 καὶ
3121 2838 3242 2893 κατ’
3275 2839 3364 2908 ἐξ·

159 2916 293 2967 θυσίαν
319 2921 473 2988 ἐφῆκε
507 2921 611 2974 τὸν
643 2921 976 2991 καταθύμιον
1019 2920 1259 2991 μετιέναι
1295 2919 1428 2990 βίον.

207 3006 274 3076 Τῷ
304 3010 352 3063 δὲ
389 3008 453 3065 ἓν
481 3013 670 3084 δρειός
715 3030 774 3065 τε
823 3013 916 3065 καὶ
946 3010 1222 3074 ίδιάζουσα
1256 3012 1289 3081 ἠ
1319 3009 1454 3079 ζωὴ,
1503 3007 1682 3074 πάσης

1854 3001 1924 3055 At
1979 3003 2069 3058 ille
2125 3014 2434 3061 montanam
2489 3022 2552 3063 ac
2581 3009 2881 3065 solitariam
2927 3012 3109 3084 elegit,
3153 3015 3244 3070 ubi
3293 3016 3363 3073 ab

154 3097 355 3168 ἀβραέου
379 3105 596 3174 τύρϐης
639 3103 1053 3174 ἀπηλλαγμένη,
1088 3104 1144 3154 ἐν
1172 3099 1375 3173 τῇτῶν
1410 3097 1695 3170 προϐάτων

154 3187 384 3262 ἐπιμελείᾳ
415 3193 564 3246 κατὰ
579 3191 680 3262 τὴν
709 3193 914 3263 ἔρημον
949 3191 1217 3255 ἰδιάζοντι.
1252 3189 1456 3260 Χρόνου
1490 3187 1547 3240 δέ
1577 3186 1692 3240 δια-

150 3281 373 3343 γεγονότος
391 3285 445 3334 ἐν
473 3283 554 3353 τῷ
585 3283 811 3354 τοιούτῳ
843 3284 941 3353 τῆς
973 3282 1118 3354 ζωῆς
1138 3283 1287 3345 εῐδει,
1307 3282 1470 3352 φησὶν
1496 3283 1529 3352 ἠ
1559 3281 1698 3332 ἱστο-

152 3365 234 3431 μία,
263 3371 479 3439 φοϐερὰν
507 3373 772 3442 γενέσθαι
813 3373 960 3444 αὑτῷ
989 3373 1325 3441 θεοφάνειοιν,
1355 3374 1412 3425 ἐν
1451 3369 1699 3440 σταθηρᾷ

149 3462 438 3534 μεπιμδρεᾳ,
486 3465 676 3533 φωτὸς
721 3465 907 3535 ἐτέρου
947 3465 1088 3535 ὑπὲρ
1117 3464 1177 3517 τὸ
1206 3463 1428 3533 ἡλιακὸν
1455 3461 1568 3531 φῶς
1599 3459 1698 3523 τὰς

147 3543 261 3612 ἀὲεις
287 3555 810 3627 περιαστράψαντος.
845 3555 948 3607 Τὸν
988 3554 1045 3606 δὲ
1085 3553 1395 3621 ξενισθέντα
1429 3552 1510 3622 τῷ
1540 3550 1698 3624 ἀήθει

142 3636 215 3703 τῆς
226 3639 354 3704 θέας.
372 3647 688 3712 ἀναϐλέψαι
709 3663 765 3697 τε
792 3645 928 3716 πρὸς
948 3646 1008 3698 τὸ
1029 3645 1174 3716 ὄρος,
1196 3646 1290 3698 καὶ
1318 3645 1445 3698 ἰδεῖν
1473 3643 1694 3714 θάμνον,

146 3726 213 3793 εἰς’
237 3728 286 3785 οὗ
312 3739 619 3807 πυροειδῶς
643 3738 704 3790 τὸ
733 3739 933 3809 φέγγος
963 3739 1245 3810 ἐξήπτετο,
1264 3738 1371 3792 τῶν
1395 3737 1453 3790 δὲ
1488 3735 1698 3791 κλάδων

138 3819 209 3871 τού
234 3824 425 3894 θάμνου
455 3829 723 3901 καθάπερ
761 3833 818 3884 ἐν
850 3831 1026 3905 δρόσῳ
1070 3832 1136 3901 τῇ
1169 3829 1329 3898 φλογὶ
1365 3829 1700 3885 συναναθαλ-

139 3906 318 3976 ὶὸντων,
344 3921 525 3972 εἰτπῖν
546 3920 732 3974 ταῦτα
755 3921 822 3973 τὰ
845 3923 1065 3992 ῥήματα
1089 3920 1226 3991 πρὸς
1251 3920 1440 3974 ἐαυτὸν
1468 3921 1694 3985 ἐκεῖνον,

134 4000 196 4053 ὅτι
221 4007 666 4081 «Διαϐἀςδσῷομαι
689 4012 749 4064 τὸ
774 4012 915 4082 μέγα
947 4011 1130 4082 ὅραμα
1154 4010 1600 4070 τοῦτο.ιΕἰπόντα
1615 4010 1692 4074 δὲ,

141 4092 297 4158 μηκέτι
341 4099 530 4165 μόνοις
580 4103 698 4164 τοῖς
743 4100 1041 4171 ὀφθαλμοῖς
1071 4099 1132 4153 τὸ
1176 4099 1361 4170 θαῦμα
1381 4099 1475 4153 τοῦ
1521 4094 1697 4170 φωτὸς

132 4175 346 4242 δέξασθαι
367 4207 380 4220 -
416 4190 542 4243 ἀλλ’
577 4191 613 4243 ὃ
639 4191 856 4243 πάντων
887 4192 1002 4242 ἐστὶ
1028 4189 1482 4260 παραδοξότατον,
1515 4190 1574 4243 τὸ
1600 4190 1697 4243 καὶ⁹

134 4281 208 4334 τττδ
233 4273 390 4346 ἀλωὴν
424 4282 558 4338 ταῖς
615 4280 797 4332 ἀκτῖσι
855 4278 950 4331 τοῦ
989 4279 1225 4346 φέγγους
1275 4278 1693 4350 ἐναυγασθῆναι.

131 4355 246 4429 HF“
274 4366 382 4439 γὰρ
425 4370 766 4441 ἀμφοτέρας
793 4371 890 4432 τάς
911 4369 1188 4440 αἰσθήσεις
1212 4370 1245 4440 ἡ
1275 4368 1369 4422 τοῦ
1397 4368 1570 4437 φωτὸς
1599 4385 1694 4439 με·

132 4451 344 4515 Ριπθεῐσα
371 4463 572 4531 χάρις,
597 4463 697 4525 τὰς
729 4463 827 4532 μὲν
858 4461 952 4530 δψε
963 4479 1010 4524 ις
1037 4463 1156 4523 ταῖς
1179 4459 1289 4512 τῶν
1315 4460 1550 4514 ἀκτίνων
1574 4477 1708 4530 μαρο

128 4551 375 4614 F‘P‘JYGZ;
402 4551 789 4622 περιηύγαζε,
830 4552 930 4621 τὴν
965 4551 1020 4604 δὲ
1058 4551 1227 4621 ἀκοὴν
1262 4553 1375 4614 τοῖς
1409 4551 1707 4620 ἀκηράτοις

124 4632 359 4702 δόγμασιν
413 4643 818 4712 ἐφωταγώγει.
886 4642 1100 4696 Κωλύει
1149 4641 1278 4710 γοῦν
1325 4642 1359 4711 ὴ
1391 4640 1482 4693 τοῦ
1530 4641 1707 4710 φωτὸς

125 4724 306 4782 ἐκείνου
359 4736 526 4803 φωνὴ
571 4734 880 4804 προσϐῆναι
922 4732 1000 4804 τῷ
1035 4732 1150 4805 δρει
1188 4732 1282 4785 τὸν
1309 4731 1567 4796 Μωῦσέα,
1593 4733 1708 4795 τοῖς

120 4823 307 4886 νεκραῖς
342 4824 682 4896 ὑποδήμασι
709 4827 1100 4898 βεϐαρημένον,
1132 4826 1246 4880 ἀλλ’
1274 4825 1577 4879 ἐκλύσαντα
1598 4823 1707 4878 τῶν

123 4907 272 4960 τῶν
319 4916 383 4966 τὺ
437 4917 735 4986 ὑπόδημα,
781 4918 925 4972 οὕτω
952 4919 1051 4989 τῆς
1094 4918 1198 4988 γῆς
1241 4915 1433 4986 ψαύειν
1471 4916 1705 4987 ἐκείνης,

122 4997 200 5066 ἐτη
231 5004 306 5072 τῷ
334 5006 481 5077 θείῳ
519 5010 674 5076 φωτὶ
715 5012 1112 5082 κατελάμπετο.
1168 5011 1292 5064 Ἐπὶ
1336 5009 1545 5073 τούτοις
1580 5010 1707 5082 (χρὴ

125 5089 212 5160 ἷξρ
243 5092 400 5166 ﬁtP-1t
440 5102 529 5169 μὴ
567 5101 693 5155 λίαν
722 5104 1079 5174 ἐμϐραδύνειν
1121 5105 1187 5174 τῇ
1223 5101 1352 5174 ψιλῇ
1390 5101 1486 5155 τοῦ
1517 5102 1708 5172 ἀνδρὸς

127 5183 308 5256 impia
329 5230 345 5251 ,
387 5195 521 5255 τοῖς
566 5192 778 5259 λόγοις,
819 5195 894 5259 ὡς
942 5195 1008 5250 ἂν
1053 5196 1148 5248 καὶ
1189 5194 1300 5248 τῶν
1333 5192 1707 5263 προκειμένων

128 5267 325 5346 tnta)
336 5279 708 5349 δυναμιώιὶς
721 5285 788 5352 τῇ
809 5281 1035 5354 ὁφθείση
1051 5281 1353 5355 θεοφανείᾳ,
1371 5279 1635 5353 ῥύσασθαι
1646 5280 1709 5332 τὸ

129 5359 373 5429 κότυλον
405 5370 516 5437 τῆς
547 5368 800 5434 δουλείας
820 5371 928 5424 τῶν
955 5371 1264 5439 Αἰγυπτίων
1287 5370 1705 5444 προστάσσεται.

328 5458 402 5510 ἂν
425 5459 688 5528 μάλιστα
718 5461 878 5532 μάθοι
908 5460 1006 5532 τὴν
1037 5463 1384 5539 ἐγγινομένην
1409 5462 1558 5534 αὐτῷ
1591 5460 1709 5514 θεό-

138 5537 210 5595 εῖν
230 5548 405 5618 ἰσχὺν,
435 5555 510 5604 ἐκ
553 5550 676 5604 τῶν
721 5555 779 5608 ἐν
808 5553 964 5624 χερσὶ
989 5537 1552 5637 ποιεῖταιτὴννπείραν
1579 5553 1707 5625 θείῳ

223 5722 436 5781 Ἐιοά.
491 5743 587 5793 ut,
639 5728 690 5786 5.

1727 4326 1772 4382 D

1795 3095 1942 3147 omni
1972 3095 2406 3152 circumforanea
2436 3099 2596 3152 turba
2626 3107 2890 3166 remotus,
2931 3102 2986 3157 in
3019 3104 3200 3158 ovium
3231 3120 3364 3161 cura

1796 3184 1898 3242 sibi
1941 3187 1996 3240 in
2025 3181 2241 3243 deserto
2276 3190 2607 3246 attendebat.
2646 3190 2766 3257 Quo
2791 3192 2848 3248 in
2874 3209 3070 3264 genere
3099 3197 3221 3252 vitae
3254 3214 3362 3254 non

1797 3291 1964 3346 parvo
2009 3287 2282 3334 transacto
2321 3284 2581 3348 temporis
2624 3284 2822 3352 spatio,
2879 3286 3183 3342 mirabilem
3233 3288 3368 3346 dicit

1798 3366 2024 3420 historia
2076 3368 2254 3438 ipsum
2287 3369 2490 3425 vidisse
2535 3371 2826 3427 visionem.
2881 3371 2942 3426 In
2987 3374 3167 3429 medio
3218 3375 3366 3431 enim
3471 3397 3476 3404 ·

1797 3460 2055 3530 claroque
2105 3460 2192 3515 die
2225 3461 2327 3514 alia
2375 3462 2742 3531 prmstantior,
2794 3479 2958 3533 quam
3005 3464 3202 3520 solaris
3250 3466 3366 3532 lux,

1798 3550 1945 3605 circa
1972 3553 2162 3607 oculos
2188 3552 2307 3622 ejus
2332 3551 2557 3608 eﬂulsit.
2592 3552 2766 3622 Cujus
2796 3555 2874 3609 rei
2904 3554 3196 3610 insolentia
3240 3572 3366 3611 cum

1798 3644 2129 3712 respexisset
2159 3642 2227 3696 ad
2255 3652 2514 3708 montem,
2545 3643 2832 3697 arbustum
2868 3645 3067 3699 ardens
3104 3646 3369 3700 scribitur

1799 3735 2104 3802 aspexisse:
2127 3733 2283 3803 cujus
2309 3733 2444 3786 rami
2471 3747 2593 3786 cum
2623 3731 2898 3797 arderent,
2919 3735 3077 3804 quasi
3107 3737 3367 3790 continua

1799 3824 2118 3895 irrigatione
2163 3824 2529 3890 virescebant,
2582 3824 3020 3896 admiratumque
3050 3841 3238 3883 secum
3285 3828 3369 3882 di«

1797 3915 1973 3971 xisse:
2007 3937 2023 3967 ι
2039 3914 2242 3970 Vadam
2265 3927 2318 3971 et
2337 3917 2533 3972 videbo
2547 3916 2813 3972 visionem
2835 3917 2976 3974 hanc
2996 3933 3244 3990 magnam
3265 3919 3362 3984 ι’,ι

1798 4021 1867 4061 ne
1893 4005 2147 4062 videlicet
2174 4007 2368 4064 oculos
2393 4008 2592 4074 solum,
2623 4009 2981 4064 verumetiam
3011 4011 3176 4081 (quod
3202 4011 3368 4065 mira-

1796 4098 1962 4154 bilius
2009 4100 2114 4168 est)
2154 4100 2401 4154 auditum
2439 4100 2605 4155 radiis
2651 4100 2773 4169 ejus
2823 4101 2962 4157 lucis
3013 4102 3367 4157 illuminaret.

1796 4188 2006 4244 Natura
2048 4190 2192 4245 enim
2229 4192 2377 4246 illius
2409 4191 2570 4259 lucis,
2606 4191 2774 4246 veluti
2802 4193 2859 4246 in
2888 4192 3122 4246 duorum
3157 4191 3369 4261 objecta

1801 4294 2062 4334 sensuum
2113 4281 2310 4346 divisa,
2354 4291 2414 4336 ut
2444 4281 2499 4335 in
2549 4280 2741 4335 oculos
2772 4279 3062 4350 splendore
3094 4279 3371 4337 radiorum

1808 4368 2066 4440 fulgebat,
2093 4371 2172 4426 sic
2191 4371 2592 4425 immortalibus
2615 4370 2860 4424 auditum
2883 4369 3226 4441 dogmatibus
3249 4370 3372 4425 illu-

1807 4462 2032 4516 strabat.
2082 4461 2262 4517 Vetuit
2315 4462 2480 4532 igitur
2531 4460 2670 4516 lucis
2708 4460 2854 4517 illius
2896 4475 2998 4516 vox
3035 4461 3103 4517 ad
3135 4472 3372 4517 montem

1806 4561 2144 4607 mortuorum
2176 4553 2484 4608 calceorum
2523 4551 2762 4623 pondere
2806 4567 3057 4622 pressum
3090 4551 3371 4618 accedere,

1809 4645 2129 4714 solvereque
2145 4643 2311 4712 jussit
2338 4643 2731 4710 calceamenta,
2752 4658 2816 4698 ac
2836 4643 3054 4698 demum
3077 4643 3224 4698 nudo
3240 4644 3377 4713 pede

1807 4742 2009 4790 terram
2060 4735 2208 4788 illam
2243 4733 2532 4805 attingere,
2583 4748 2704 4804 quae
2748 4733 2932 4788 divina
2975 4734 3097 4789 luce
3133 4735 3378 4804 resplen-

1807 4826 1989 4881 debat.
2034 4825 2235 4882 Deinde
2270 4841 2340 4880 ne
2387 4826 2600 4896 longior
2638 4825 2695 4880 in
2728 4825 2958 4882 historia
2991 4825 3116 4889 sim,
3163 4832 3218 4879 et
3253 4832 3311 4878 ut
3345 4839 3379 4879 a

1807 4915 2088 4986 preposito
2115 4929 2224 4969 non
2254 4913 2551 4980 discedam,
2592 4913 2696 4969 hac
2724 4914 2937 4969 visione
2966 4912 3376 4977 corroboratus,

1808 5007 1876 5061 ab
1929 5005 2307 5078 Egyptiorum
2356 5004 2618 5060 servitute
2677 5017 2808 5059 suos
2859 5003 3096 5058 liberare
3126 5000 3375 5071 jubetur.

1810 5099 1914 5154 Sed
1943 5105 2003 5152 ut
2030 5098 2284 5159 disceret,
2303 5103 2504 5166 quanta
2532 5094 2792 5150 divinitus
2814 5093 2984 5149 virtus
3014 5092 3118 5148 sibi
3147 5102 3378 5163 praesta-

1807 5197 1976 5252 retur,
2011 5189 2084 5242 ita
2118 5187 2228 5243 Deo
2251 5187 2495 5255 jubente,
2525 5185 2648 5240 istis
2675 5199 2796 5255 qua:
2826 5191 2983 5240 erant
3011 5183 3066 5237 in
3097 5196 3258 5236 manu
3287 5198 3379 5252 pe-

1811 5281 2040 5336 riculum
2075 5281 2221 5335 fecit.
2265 5279 2395 5352 Erat
2417 5279 2521 5334 hoc
2547 5284 2724 5333 autem
2753 5272 3236 5346 ejusmodi:Virga
3265 5284 3382 5326 ma-

1809 5388 1882 5428 nu
1916 5372 1969 5426 in
1996 5383 2193 5427 terram
2229 5369 2472 5440 projecta
2503 5367 2668 5421 vitam
2703 5366 2932 5436 accipit,
2976 5363 3142 5434 inque
3180 5361 3380 5418 animal

1807 5461 2058 5516 vertitur.
2096 5458 2334 5515 Colubra
2375 5456 2430 5512 id
2463 5463 2579 5511 erat
2607 5455 2841 5522 animal;
2875 5466 3178 5521 rursusque
3215 5461 3378 5504 manu

1808 5557 2046 5621 recepta,
2070 5557 2131 5606 ut
2161 5549 2308 5619 virga
2339 5549 2486 5618 prius
2516 5551 2632 5602 erat
2660 5543 2842 5602 subito
2875 5542 3014 5599 facta
3049 5547 3154 5596 est.
3190 5537 3376 5594 Manus

3943 2883 3957 2932 ‘I

3951 2947 3959 2960 ,ι

3953 2964 3957 2996 ¹.

3955 2997 3957 3016 Ι

3955 3022 3959 3046 l

3945 3055 3948 3058 -
3955 3053 3960 3065 ι

3951 3073 3957 3090 Ι
