4088 6210
953 279 980 286 κ

682 383 794 438 507

1923 378 1980 433 S.
2015 372 2340 434 GREGORII
2379 366 2670 424 NYSSENI

3798 357 3893 417 308

683 509 899 567 quoque
925 495 980 548 in
1002 493 1123 549 sinu
1145 497 1443 560 recondita,
1481 495 1536 548 in
1566 494 1706 548 nivis
1735 493 2026 548 candorem
2060 493 2249 546 immu-

2356 485 2757 559 προστάγματι.
2795 480 2854 534 'H
2886 481 2943 535 δὲ
2983 482 3147 549 πεῖρα
3169 475 3238 550 ἦν
3287 479 3426 550 αὕτη
3447 496 3461 511 ·
3488 471 3714 540 Ῥάὸδος
3749 478 3891 529 ἐκπε-

685 593 847 647 tatur,
882 593 934 640 et
969 585 1162 638 iterum
1195 585 1248 638 in
1281 585 1530 640 eumdem
1563 585 1745 641 sinum
1772 584 2014 639 immissa
2046 584 2099 636 in
2141 584 2251 652 pri-

641 656 656 673 ’
682 676 882 731 stiriam
919 675 1077 728 rediit
1114 681 1384 728 naturam.
1426 673 1793 730 Descendente
1829 681 2007 729 autem
2043 673 2160 742 ipso
2197 674 2250 726 in

682 766 998 837 Egyplmn,
1035 764 1443 835 adducenteque
1491 781 1675 820 secum
1723 780 1946 819 uxorem
1992 764 2250 832 alienige-

681 874 826 922 nam,
861 864 912 910 et
954 857 1154 910 liberos
1193 857 1294 910 sibi
1337 856 1406 910 ab
1438 869 1500 911 ea
1545 863 1730 917 natos,
1775 856 1999 925 angelus
2036 853 2249 908 obviam

681 948 855 1002 factus
890 949 1136 1002 timorem
1172 948 1365 1002 mortis
1399 947 1647 1002 intulisse
1679 945 1890 1001 fertur:
1927 960 2085 1015 quem
2127 959 2249 997 mu-

679 1039 779 1093 lier
828 1037 1264 1092 circumcisionis
1314 1034 1410 1090 ﬁlii
1467 1036 1731 1106 sanguine
1784 1034 1941 1089 facile
1997 1034 2246 1105 placavit.

680 1126 833 1181 Tunc
868 1128 1047 1181 Aaron
1089 1141 1305 1196 quoque
1345 1125 1514 1180 frater
1549 1125 1668 1194 ejus
1714 1125 1973 1180 divinitus
2013 1125 2249 1178 monitus

677 1219 891 1273 obviam
923 1219 1141 1290 prodiit,
1163 1227 1217 1272 et
1236 1215 1390 1287 paulo
1420 1213 1618 1288 post'in
1640 1216 1957 1271 concionem
1991 1216 2059 1270 ab
2086 1214 2250 1270 utris-

678 1325 784 1378 que
828 1311 1060 1378 populus
1119 1307 1406 1380 Egyptius
1453 1314 1813 1374 convocatur,
1865 1307 2089 1362 libertas
2136 1314 2246 1359 tam

679 1397 948 1453 laboriosa
982 1399 1242 1454 servitute
1275 1400 1551 1469 oppressis
1580 1399 1919 1469 proponitur.
1960 1397 2092 1452 Cum
2130 1397 2250 1466 ipso

676 1505 893 1558 quoque
913 1497 1143 1560 tyranno
1160 1491 1257 1544 hac
1271 1490 1339 1546 de
1353 1505 1412 1546 re
1432 1491 1747 1561 loquuntur.
1762 1489 2008 1546 lrritatus
2025 1491 2114 1544 ille
2132 1505 2215 1543 ma
2226 1519 2248 1530 -

678 1581 760 1648 gis
791 1596 952 1650 quam
988 1589 1291 1646 ante,’cnm
1332 1583 1384 1638 in
1419 1597 1515 1638 eos
1549 1583 1641 1652 qui
1675 1591 1943 1652 miserant
1971 1582 2245 1652 operibus,

677 1677 792 1723 tum
817 1671 870 1724 in
895 1672 1042 1740 ipsos
1064 1670 1353 1737 lsraelitas,
1373 1681 1532 1742 auget
1556 1673 1611 1726 in
1629 1672 1912 1741 portandis
1932 1671 2248 1727 imbricibus

677 1761 1481 1831 pensum,impcratduriora,ut
1502 1777 1606 1816 non
1625 1763 1802 1817 solum
1820 1762 1951 1825 luto,
1967 1762 2060 1817 sed
2079 1761 2248 1831 paleis

677 1850 1004 1920 stipulisque
1023 1852 1341 1920 colligendis
1363 1852 1542 1907 afﬂicti
1565 1851 1735 1907 Judaei
1757 1855 2161 1909 contabescant.
2180 1856 2248 1906 At

676 1956 804 1994 vero
819 1941 1032 1996 Pharao
1056 1943 1128 2013 (id
1153 1944 1296 1998 enim
1325 1958 1521 1998 nomen
1555 1952 1672 2002 erat
1692 1944 1945 2016 tyranno)
1989 1945 2248 2001 divinitus

678 2033 836 2087 factis
858 2033 1134 2087 miraculis
1156 2048 1219 2086 ac
1247 2033 1417 2101 signis
1435 2036 1688 2090 resistere
1709 2037 2026 2100 conabatur,
2056 2037 2123 2091 ad
2147 2037 2247 2091 hoc

677 2109 958 2192 magorum
992 2139 1124 2177 usus
1155 2124 1460 2194 przestigiis.
1494 2124 1786 2196 Postquam
1817 2133 1997 2180 autem
2027 2127 2079 2179 in
2113 2141 2248 2196 prae-

677 2213 852 2267 sentia
882 2206 1259 2282 [Egyptiorum
1289 2214 1494 2284 virgam
1519 2229 1672 2269 suam
1704 2215 1757 2268 in
1789 2223 2094 2286 serpentem
2126 2217 2247 2270 ani-

2354 575 2521 628 σοῦσα
2546 573 2645 642 τῆς
2671 571 2868 642 χειρὸς,
2911 568 3183 640 ἐψυχώθη.
3221 567 3314 622 καὶ
3343 567 3482 632 ζῶον
3522 567 3728 637 ἐγένετο
3766 566 3892 635 (δράο

2351 683 2462 721 κων
2499 666 2556 720 δὲ
2583 665 2642 718 τὸ
2672 663 2808 727 ζῶον
2844 659 2934 735 ἦν)
2957 681 2973 696 ·
3007 664 3101 718 καὶ
3139 661 3298 716 πάλιν
3325 659 3429 714 ὑπὸ
3466 658 3566 729 τῆς
3593 657 3759 729 χειρὸς
3783 658 3894 711 ἀνα-

2350 757 2631 829 ληφθεῖσα,
2657 757 2792 827 ὅπερ
2817 751 2883 827 ἦν
2921 755 3028 826 πρὸ
3086 755 3184 824 τῆς
3228 743 3563 823 θηριώσεως,
3597 751 3759 803 ἐκεῖνο
3789 747 3894 817 ἐγέ-

2351 866 2490 902 νετο.
2525 847 2634 901 Καὶ
2685 849 2718 916 ἡ
2749 846 2846 916 τῆς
2876 845 3055 916 χειρὸς
3091 844 3402 913 ἐπιφάνεια,
3437 835 3654 912 νῦνμέν
3685 839 3894 912 προϐλη-

2352 949 2505 1002 θεϊσα
2532 946 2626 999 τοῦ
2656 945 2878 1006 κόλπου,
2911 945 2990 1006 εἰς
3006 943 3186 1012 χιόνος
3227 937 3555 1011 μετεποιήθη
3587 937 3860 1008 λευκότητα
3879 977 3892 999 ,

2351 1036 2512 1090 πάλιν
2529 1035 2586 1088 δὲ
2606 1034 2736 1086 εἴσω
2760 1031 2852 1086 τοῦ
2877 1030 3040 1084 αὑτοῦ
3061 1029 3344 1098 γενομένη,
3370 1029 3462 1080 ἐπὶ
3486 1027 3582 1097 τὴν
3610 1026 3733 1079 ἰδίαν
3752 1029 3897 1078 ἐπαν-

2351 1128 2566 1199 έρχεται
2591 1124 2769 1194 φύσιν.
2794 1122 3087 1184 Κατιόντος
3109 1119 3164 1172 δὲ
3182 1117 3272 1171 τοῦ
3292 1117 3534 1179 Μωσέως
3548 1116 3638 1168 ἐπὶ
3651 1114 3743 1184 τὴν
3753 1115 3898 1180 Δίγυ-

2349 1234 2503 1281 πτον,
2533 1216 2628 1270 καὶ
2654 1212 3088 1282 συνεπαγομένου
3102 1208 3197 1280 τὴν
3219 1207 3460 1278 γαμετὴν
3485 1206 3583 1277 τὴν
3605 1204 3894 1272 ἀλλόφυλον,

2349 1309 2442 1362 καὶ
2467 1309 2591 1370 τοὺς
2619 1307 2713 1359 ἀπ’
2747 1304 2960 1375 ἐκείνης
2995 1301 3141 1372 αὐτῷ
3169 1299 3458 1369 γεγονότας
3489 1297 3698 1361 παῖδας,
3717 1297 3795 1349 ὅτε
3822 1313 3898 1357 τις

2350 1399 2445 1451 καὶ
2475 1396 2702 1465 ἅγγελος
2729 1393 2876 1464 αὐτῷ
2904 1390 3233 1460 συναντῆσαι
3276 1389 3510 1457 λέγεται,
3551 1387 3639 1439 τὸν
3662 1385 3780 1455 περὶ
3813 1384 3896 1437 τοῦ

2349 1487 2578 1542 Θανάτου
2627 1484 2788 1554 φόῦον
2850 1483 3089 1550 ἐπάγων,
3145 1479 3204 1533 ὃν
3244 1480 3277 1550 ἡ
3334 1476 3471 1547 γυνὴ
3500 1474 3578 1545 τῷ
3602 1475 3783 1545 αἵματι
3810 1474 3899 1542 τῆς

2348 1577 2647 1648 περιτομῆς
2676 1573 2769 1628 τοῦ
2799 1573 2986 1634 παιδὸς
3011 1561 3270 1624 ίλεώσατο
3290 1585 3303 1598 ⁸
3334 1567 3457 1621 τότε
3491 1565 3742 1636 συντυχία
3765 1564 3900 1633 γίνε-

2347 1687 2435 1723 ται
2452 1666 2544 1720 τοῦ
2559 1661 3063 1734 Ἀαρὼν,καὶαύτοῦ
3093 1659 3274 1713 θεόθεν
3303 1656 3740 1728 παρορμηθέντος
3777 1653 3900 1722 πρὸς

2347 1757 2444 1829 τὴν
2474 1749 2814 1826 συνάντησιν.
2862 1748 2993 1808 Εἶτα
3027 1752 3156 1822 παρ’
3187 1749 3512 1820 ἀμφοτέρων
3535 1748 3634 1800 όέν
3663 1745 3906 1814 Αἰγύπτῳ

2349 1849 2475 1911 λαὸς
2521 1848 2618 1909 ιείς
2652 1844 2944 1914 ἐκκλησίαν
2976 1843 3159 1913 κοινὴν
3200 1839 3597 1910 συναγείρεται,
3647 1837 3786 1904 καὶὴ
3813 1835 3907 1903 τῆς

2348 1938 2590 1998 δουλείας
2619 1935 2906 2005 ἀπαλλαγὴ
2957 1937 3071 1996 τοῖς
3114 1931 3480 2002 πεπονηκόσιν
3529 1927 3628 1999 ἤδη
3662 1927 3724 1996 τῇ
3760 1942 3912 1978 κακο-

2349 2029 2665 2102 παθείᾳτῶν
2680 2028 2853 2099 ἔργων
2883 2024 3350 2097 περιαγγέλλεται,
3375 2022 3468 2076 καί
3493 2019 3625 2090 πρὸς
3645 2017 3796 2073 αὑτὸν
3824 2017 3911 2070 τὸν

2347 2122 2603 2191 τύραννον
2626 2123 2654 2173 6
2676 2120 2826 2188 παρὰ
2853 2117 3042 2170 τούτου
3082 2116 3292 2184 γίνεται
3319 2114 3496 2182 λόγος.
3529 2111 3913 2180 Ἀγανάκτησις

2347 2215 2440 2266 ἐπὶ
2472 2211 2678 2274 τούτοις
2691 2209 2784 2264 τοῦ
2801 2209 3086 2280 τυράννου,
3103 2209 3244 2262 κατά
3274 2224 3334 2259 τε
3368 2207 3475 2259 τῶν
3493 2203 3912 2257 ἐπιστατούντων

2347 2307 2457 2364 τοῖς
2489 2302 2689 2373 ἔργοις,
2721 2300 2972 2353 καὶκατὰ
2997 2299 3106 2352 τῶν
3152 2296 3500 2368 Ἰσραηλιτῶν
3517 2295 3691 2348 αὐτῶν
3723 2293 3913 2362 μείζων

2348 2390 2381 2460 ἢ
2410 2389 2668 2460 πρότερον
2694 2402 2705 2415 °
2732 2389 2824 2441 καὶ
2848 2391 2875 2441 6
2893 2389 2990 2458 τῆς
3009 2385 3287 2449 πλινθείας
3325 2385 3486 2456 φόρος
3509 2383 3910 2448 ἐπαύξεται,κα“ι

2347 2479 2744 2550 ἐπιπονώτερον
2763 2480 2822 2532 τὸ
2843 2480 3122 2549 ἐπίταγμα
3137 2476 3577 2548 καταπέμπεται,
3597 2476 3655 2528 ού
3673 2475 3748 2544 τῷ
3766 2471 3918 2543 πηλῷ

2349 2571 2494 2641 μόνῳ
2522 2569 2990 2633 κακοπαθούντων,
3021 2569 3156 2623 ἁλλά
3181 2569 3270 2622 καί⁵
3301 2568 3429 2639 περὶ
3448 2568 3508 2620 τὸ
3524 2567 3719 2638 ἄχυρόν
3738 2583 3794 2618 τε
3827 2565 3920 2618 καὶ

2345 2662 2444 2731 τὴν
2479 2662 2728 2732 καλάμην
2745 2661 3250 2734 ταλαιπωρούντων.
3289 2660 3394 2713 Τοῦ
3428 2660 3483 2712 δὲ
3514 2658 3710 2730 Φαραὼ
3745 2658 3919 2728 (τοῦτο

2345 2753 2454 2824 γὰρ
2477 2749 2543 2824 ἦν
2559 2754 2727 2824 ὄνομα
2744 2753 2822 2823 τῷ
2841 2752 3089 2823 τυράννῳΔ
3102 2752 3209 2808 τῶν
3240 2751 3571 2820 Αἰγυπτίων)
3603 2752 3714 2812 τοῖς
3741 2749 3923 2802 θεόθεν

2345 2845 2474 2914 παρ’
2493 2842 2657 2896 αὑτοῦ
2675 2842 2980 2912 γενομένοις
3000 2841 3242 2912 σημείοις
3259 2837 3709 2909 ἁντισοφιστεύειν
3723 2838 3806 2892 διὰ
3823 2840 3923 2909 τῆς

672 2939 916 2992 buerant.
947 2933 1098 2989 Tunc
1123 2934 1521 2988 consentientes
1551 2941 1782 3004 tyranno
1810 2933 2095 3004 Egyptios
2127 2949 2244 2989 om-

2350 2935 2453 2988 τῶν
2475 2934 2684 3004 γοήτων
2719 2932 3054 3004 μαγγανείας
3079 2932 3502 3002 ἐπιχειροῦντος,
3539 2932 3625 2983 ὅτε
3648 2930 3806 2983 πάλιν
3827 2930 3925 2982 τοῦ

671 3040 768 3078 nes
792 3039 914 3077 cum
946 3021 1173 3076 vidisset
1204 3019 1435 3091 Moyses,
1467 3022 1521 3074 in
1553 3022 1860 3076 universam
1894 3039 2080 3077 eorum
2110 3039 2242 3093 gen-

2350 3026 2619 3090 Μωῦσέως
2647 3027 2704 3078 ἐν
2750 3024 3050 3094 ὀφθαλμοῖς
3097 3024 3206 3076 τῶν
3239 3023 3550 3092 Αἰγυπτίων
3593 3020 3689 3090 τὴν
3730 3019 3927 3090 ῥάϐδον

671 3123 810 3178 tem,
853 3113 1067 3168 nemine
1115 3111 1337 3165 omnino
1371 3123 1629 3180 excepto,
1679 3111 2039 3168 intolerabilia
2081 3113 2243 3169 infert

2350 3117 2540 3173 ἐαυτοῦ
2571 3117 2957 3189 θηριώσαντος,
2985 3117 3045 3170 τὺ
3071 3117 3183 3169 ἶσον
3204 3115 3460 3185 ἐνομίσθη
3502 3113 3928 3182 θαυματοποιείν

671 3207 916 3260 vulnera.
949 3201 1445 3258 Commovcbantur
1466 3201 1818 3271 autemjussu
1841 3203 1959 3272 ejus
1989 3203 2057 3258 ad
2099 3205 2246 3259 hunc

2351 3211 2384 3279 ἡ
2420 3209 2641 3280 γοητεία
2672 3211 2882 3272 ἐν-ταῖς
2914 3207 3022 3260 τῶν
3055 3206 3244 3277 μάγων
3277 3204 3515 3276 ῥάϐδοις.
3547 3204 3654 3256 Καὶ
3679 3201 3926 3272 ἠλέγχθη

671 3298 725 3351 in
757 3293 1041 3364 Egyptios
1065 3292 1345 3360 impetum,
1371 3298 1628 3361 tanquam
1662 3294 1934 3348 exercitus
1963 3295 2241 3361 obediens,

2350 3299 2434 3353 διὰ
2459 3300 2556 3370 τῆς
2575 3299 2851 3370 ἐνεργείας
2880 3297 2940 3350 τὸ
2962 3298 3201 3366 σόφισμα
3221 3312 3234 3325 °
3276 3295 3546 3361 δείξαντος
3578 3291 3670 3347 τοῦ
3697 3292 3933 3362 δράκον-

670 3387 932 3441 elementa
965 3383 1100 3450 ipsa,
1127 3395 1248 3451 quae
1279 3381 1331 3434 in
1363 3381 1464 3435 hoc
1491 3382 1744 3436 universo
1759 3393 2077 3449 cernuntur,
2098 3393 2242 3441 terra

2350 3407 2436 3453 τος
2461 3389 2554 3442 τοῦ
2599 3391 2663 3443 ἐκ
2702 3389 2802 3458 τῆς
2845 3387 3121 3450 Μωῦσέως
3164 3385 3358 3456 ράὃδου
3411 3383 3836 3455 μεταϐληθέντος
3863 3382 3932 3434 ἐκ

670 3474 900 3534 scilicet,
933 3471 1094 3542 ignis,
1127 3486 1239 3533 aer,
1271 3487 1432 3540 aqua,
1479 3472 1544 3526 ad
1583 3472 1862 3528 hominum
1905 3477 2238 3546 propositum

2350 3479 2441 3534 τοῦ
2463 3481 2745 3550 διαφαγεῖν
2772 3479 2838 3532 τὰ
2871 3478 3101 3550 γοητικά
3126 3477 3278 3544 ξύλα,
3305 3477 3430 3540 τοὺς
3455 3477 3605 3544 δφεις
3626 3474 3810 3543 δῆθεν,
3844 3475 3938 3526 ὅτι

670 3564 912 3620 θοῑῖοηϐε
945 3577 1073 3616 511³8
1109 3562 1532 3616 εοιιίιιὶυῑθῦειηι-
2351 3569 2602 3640 οὐδεμίαν
2636 3568 2936 3640 ἀμυντικὴν
2976 3568 3096 3620 οὑδέ
3139 3566 3372 3637 ζωτικὴν
3412 3583 3533 3619 τινα
3579 3564 3810 3634 δύναμιν
3850 3559 3936 3614 εἷ-

666 3673 762 3725 λον
788 3657 842 3709 αἱ
884 3653 992 3708 τῶν
1029 3654 1238 3724 γοήτων
1280 3651 1483 3724 ῥάϐδοι,
1518 3652 1654 3724 πλὴν
1683 3653 1776 3706 τοῦ
1823 3654 2115 3725 σχήματος,
2145 3657 2173 3711 ὃ
2207 3661 2317 3722 τοῖς
2361 3652 2656 3731 ὀφθαλμοῖς
2691 3666 2798 3712 τῶν
2836 3659 3248 3729 εύεξαπατήτων
3276 3658 3309 3727 ἡ
3333 3656 3553 3727 γοητεία
3590 3653 3944 3724 σοφισαμένη

675 3747 971 3820 παρέδειξε.
1015 3741 1148 3799 Τότε
1200 3742 1638 3828 συμφρονοῦντας
1680 3743 1802 3799 ἰδὼν
1835 3748 1864 3799 6
1902 3748 2140 3818 Μωῦσῆς
2177 3748 2254 3818 τῷ
2293 3750 2685 3822 καθηγουμένῳ
2722 3751 2820 3820 τῆς
2862 3749 3056 3812 κακίας
3096 3750 3203 3802 πᾶν
3245 3748 3305 3800 τὸ
3350 3745 3695 3816 ὑποχείριον,
3740 3743 3943 3811 κοινὴν

669 3843 860 3911 ἐπάγει
899 3842 1059 3896 παντὶ
1087 3839 1164 3912 τῷ
1201 3839 1342 3894 ἐθνει
1398 3840 1506 3893 τῶν
1554 3839 1864 3907 Αἰγυπτίων
1902 3841 2134 3914 πληγὴν,
2187 3843 2376 3899 οὐδένα
2423 3847 2518 3915 τῆς
2550 3845 2658 3898 τῶν
2705 3843 2886 3899 κακῶν
2925 3843 3119 3914 πείρας
3146 3840 3548 3910 ὑπεξελόμενος.
3594 3838 3950 3890 Συνεκινεῖτο

669 3936 721 3989 δὲ
744 3935 890 4005 αὐτῷ
916 3935 1050 4006 πρὸς
1077 3931 1172 4006 τὴν
1201 3931 1452 4004 τοιαύτην
1493 3932 1635 3986 κατὰ
1660 3934 1767 3986 τῶν
1803 3935 2110 4002 Αἰγυπτίων
2138 3935 2332 4007 ὁρμὴν,
2363 3931 2472 3990 οἷόν
2513 3954 2598 4000 τις
2653 3936 2880 4008 στρατὸς
2915 3919 3244 4004 ὑποχείριος,
3274 3930 3413 3984 αύτά
3437 3929 3504 3984 τὰ
3537 3929 3776 3998 στοιχεῖα
3822 3925 3949 3978 τῶν

670 4026 856 4089 όντων,
882 4023 950 4077 τά
1000 4025 1056 4078 ἐν
1084 4021 1161 4095 τῷ
1194 4025 1355 4076 παντὶ
1396 4021 1763 4094 θεωρούμενα,
1791 4023 1864 4094 γῆ
1899 4041 1962 4077 τε
1995 4025 2089 4079 καὶ
2124 4025 2256 4097 πῦρ,
2296 4027 2390 4080 κα).
2420 4027 2548 4099 ἀὴρ,
2577 4027 2672 4080 καὶ
2697 4025 2859 4096 ὕδωρ,
2892 4027 2960 4095 τῇ
2990 4021 3304 4094 προαιρέσει
3333 4017 3440 4074 τῶν
3477 4017 3784 4090 ἀνθρώπων
3838 4017 3952 4080 τὰς

669 4118 944 4192 ἐνεργείας
981 4116 1490 4182 συνεξαλλάσσοντα.
1787 4191 1792 4196 ι

745 4213 942 4268 Eodem
966 4210 1109 4266 enim
1133 4224 1348 4280 quoque
1370 4217 1612 4278 tempore
1635 4216 1798 4278 atque
1825 4208 2015 4288 eodem
2048 4208 2102 4263 in
2127 4209 2248 4266 loco

671 4301 840 4358 Judaei
865 4301 932 4357 ab
955 4300 1132 4356 oﬂicio
1157 4315 1268 4355 non
1296 4299 1632 4364 recedentes,
1655 4298 1730 4352 nil
1759 4297 1883 4352 mali
1919 4299 2246 4356 sentiebant.

679 2308 884 2355 masset
910 2299 1141 2370 Moyses,
1175 2301 1314 2355 idem
1343 2317 1560 2372 quoque
1593 2303 1708 2358 suis
1729 2305 1783 2356 in
1811 2304 1974 2374 virgis
1999 2320 2057 2359 se
2083 2305 2249 2359 factu.

679 2407 770 2446 ros
800 2392 1180 2447 existimabant
1213 2391 1368 2463 Magi.
1402 2391 1506 2446 Sed
1540 2391 1804 2447 fallaciam
1835 2393 2123 2449 ellicacitas
2159 2412 2244 2450 rec

675 2483 910 2553 dargnit,
928 2483 1054 2535 dum
1083 2497 1304 2552 serpens
1321 2498 1387 2536 ex
1409 2482 1607 2554 Moysis
1628 2482 1776 2552 virga
1799 2498 2114 2548 conversus,
2133 2500 2247 2538 ma-

675 2575 793 2644 gica
831 2575 992 2644 ligna,
1027 2582 1303 2641 serpentes
1341 2573 1548 2626 scilicet
1582 2573 1933 2636 comedendo,
1967 2574 2166 2627 nullam
2190 2575 2243 2628 in

673 2667 795 2720 aliis
817 2681 936 2719 esse
961 2665 1065 2718 vim
1085 2663 1150 2716 ad
1187 2663 1602 2732 propulsandam
1645 2663 1921 2730 injuriam,
1953 2672 2045 2717 aut
2079 2665 2240 2718 vitam

673 2755 904 2808 dandam
925 2753 1180 2815 ostendit,
1203 2758 1396 2820 prazter
1413 2752 1644 2821 speciem
1665 2767 1825 2820 quam
1844 2753 2016 2808 oculis
2031 2767 2240 2807 eorum.

670 2846 764 2915 qui
797 2843 953 2899 facile
979 2843 1151 2912 decipi
1177 2850 1445 2915 poterant,
1479 2843 1761 2913 praestigiae
1787 2841 2062 2912 Magorum
2088 2844 2244 2898 exhi—

2420 4213 2498 4284 Τῇ
2529 4211 2637 4283 γὰρ
2665 4213 2800 4283 αὐτῇ
2841 4212 3088 4282 δυνάμει,
3121 4210 3261 4264 κατά
3299 4209 3391 4264 τὸν
3427 4209 3586 4262 αὐτὸν
3618 4208 3713 4261 καὶ
3739 4206 3955 4276 χρόνον

2354 4303 2447 4356 καὶ
2472 4303 2652 4368 τόπον,
2685 4304 2746 4357 τό
2771 4321 2828 4357 τε
2853 4301 3122 4357 ἀτακτοῦν
3147 4301 3450 4366 ἐκολάζετο,
3474 4302 3565 4355 καὶ
3584 4300 3802 4363 ἀπαθὲς
3831 4299 3959 4352 διέο

572 4411 582 4417 ’
673 4394 914 4464 Egyptii
963 4408 1092 4448 vero
1128 4406 1419 4463 perperam
1459 4397 1512 4444 et
1550 4390 1850 4460 cogitantes
1907 4399 1962 4446 et
2033 4401 2249 4462 agentes

2352 4409 2478 4462 μενε
2515 4392 2576 4446 τὸ
2609 4392 2807 4456 κακίας
2845 4393 3146 4464 ἐλεύθερον.
3182 4393 3370 4463 Πάσης
3397 4392 3504 4463 γὰρ
3527 4391 3648 4443 τότε
3677 4389 3785 4458 τῆς
3829 4390 3962 4442 τῶν

575 4843 578 4846 ’
674 4845 1223 4902 liabuitoccasionem
1245 4860 1335 4900 ars
1351 4846 1562 4912 magica
1599 4845 1881 4915 sanguinis
1919 4845 2152 4915 speciem
2194 4845 2250 4900 in

673 4485 874 4538 acriter
897 4483 1294 4552 plectebantur.
1311 4480 1444 4534 Nam
1474 4495 1612 4549 aqua
1634 4495 1728 4551 per
1755 4481 2063 4536 universam
2091 4480 2249 4553 IEgy—

2350 4484 2555 4538 ὑδάτων
2585 4483 2800 4554 φύσεως
2833 4484 2976 4538 κατά
3003 4484 3102 4555 τὴν
3136 4483 3405 4553 Αἴγυπτον
3435 4481 3512 4552 τῷ
3540 4481 3965 4551 προστάγματι

674 4586 826 4645 ptum
857 4577 909 4628 in
944 4575 1260 4642 sanguinem
1285 4573 1511 4642 iubente
1541 4571 1722 4642 Moyse
1750 4589 2014 4630 conversa
2045 4585 2146 4640 est,
2189 4582 2249 4630 ut

2350 4574 2626 4637 Μωῡσέως
2664 4577 2744 4639 εἰς
2783 4569 2922 4646 αἷμα
2949 4575 3269 4646 τραπείσης,
3305 4576 3377 4638 ὡς
3418 4574 3512 4627 καὶ
3547 4575 3675 4634 τοὺς
3717 4571 3964 4642 ἰχθύας,

2280 4635 2322 4688 D
2351 4635 3019 4739 εἰς-σαρκῶδηνπαχύτητα
3044 4667 3134 4722 τοῦ
3163 4635 3794 4737 ὓδατοςῗμετατεθέντος,
3820 4666 3966 4718 δια-

2353 4756 2645 4828 φθαρῆναι,
2677 4761 2791 4822 τοῖς
2831 4759 3099 4831 Ἑϐραίοις
3127 4758 3443 4830 ἀρυομένοις
3477 4757 3656 4825 μόνοις
3692 4755 3856 4825 ὕδωρ
3894 4755 3966 4806 τὸ

2352 4846 2490 4918 αἷμα
2518 4845 2606 4919 ἦν.
2643 4849 2802 4902 Ὅθεν
2839 4850 2961 4921 ἔσχε
2991 4852 3084 4904 καὶ
3124 4852 3158 4920 ἡ
3203 4849 3508 4920 μαγγανεία
3537 4847 3734 4918 καιρὸν
3767 4849 3835 4899 ἐν
3873 4848 3966 4917 τῷ

2353 4939 2505 5010 ποιρά
2523 4942 2635 5003 τοῖς
2672 4939 2939 5011 Ἑϐραίοις
2963 4941 3330 5012 εύρισκομένῳ
3353 4940 3501 4993 ὕδατι
3527 4939 3589 4992 τὸ
3619 4937 3966 5007 αἱματῶδες

675 5026 1058 5081 adumbrandi.
1113 5026 1374 5084 Similiter
1421 5043 1640 5098 quoque
1694 5043 1950 5083 ranarum
2009 5029 2249 5098 irrepens

2353 5026 2491 5094 εἶδος
2541 5030 3028 5102 παρασοφίσασθαι.
3066 5031 3336 5094 Ὡσαύτως
3368 5031 3462 5084 καὶ
3492 5029 3602 5083 τῶν
3638 5028 3966 5098 βατράχων

675 5117 992 5182 multitudo,
1025 5133 1254 5188 quarum
1282 5119 1560 5190 generatio
1589 5134 1695 5174 non
1726 5120 1961 5175 naturali
1994 5135 2160 5176 cursu
2190 5135 2249 5174 e-

2354 5117 2705 5188 ὲφερψάντων
2735 5121 2799 5188 τῇ
2825 5119 3083 5189 Αἰγύπτῳ
3103 5121 3245 5174 κατά
3279 5121 3341 5173 τὸ
3363 5119 3556 5190 ἀθρόον
3585 5112 3686 5190 (ὧν
3719 5120 3758 5187 ἡ
3787 5118 3966 5186 γένε-

677 5209 1055 5272 lementorum,
1082 5209 1175 5264 sed
1199 5212 1425 5273 coactis,
1452 5217 1511 5264 ut
1535 5210 1611 5264 ita
1627 5211 1826 5272 dicam,
1845 5209 2148 5275 elementis,
2163 5209 2249 5278 ju-

2354 5224 2440 5271 σις
2462 5210 2560 5262 οὐκ
2591 5209 2876 5280 ἀκολουθίᾳ
2895 5211 3001 5263 τινὶ
3024 5211 3235 5280 φύσεως
3257 5211 3614 5283 νενομισμένῃ
3640 5211 3795 5279 πρὸς
3825 5227 3966 5262 τοσ-

678 5300 834 5354 beme
870 5299 1052 5371 Moyse
1091 5300 1234 5355 facta
1269 5309 1373 5364 est,
1412 5308 1467 5356 et
1499 5301 1733 5371 repletas
1762 5301 1953 5357 domos
1983 5300 2249 5357 infestans

2353 5298 2508 5352 οῦτον
2551 5300 2712 5371 ὲχέθη
2759 5301 3150 5371 πλῆθος⁶,ἀλλ’
3190 5303 3322 5356 αὐτὸ
3352 5304 3412 5356 τὸ
3442 5302 3808 5373 πρόσταγμα,
3852 5299 3966 5370 τῆς

676 5391 808 5445 solis
838 5392 1153 5462 turpissima
1171 5390 1443 5462 {Egyptiis
1465 5390 1731 5446 inferebat
1760 5390 2013 5447 fastidia:
2039 5390 2253 5446 Iudaeo-

675 5497 795 5534 rum
832 5495 959 5535 vero
1007 5481 1116 5535 vita
1143 5481 1365 5536 nihilex
1401 5481 1711 5550 hujusmodi
1753 5482 1996 5538 bestiolis
2036 5483 2246 5539 incom-
2287 5517 2302 5522 -

677 5569 820 5622 modi
845 5569 1165 5638 patiebatur.
1200 5567 1292 5622 Sic
1317 5569 1479 5624 etiam
1510 5585 1602 5624 aer
1629 5571 1832 5647 npllam
1852 5571 1958 5626 diei
1981 5586 2044 5625 ac
2071 5572 2248 5627 noctis

675 5656 909 5712 faciebat
942 5657 1332 5725 differentiam,
1371 5659 1641 5730 Egyptiis
1667 5661 1721 5713 in
1762 5659 1950 5716 eadem
1989 5663 2247 5717 continue

677 5748 1042 5814 crassitudine
1075 5749 1500 5820 palpitantibus:
1543 5758 1597 5806 at
1623 5749 1828 5806 Judaeis
1860 5753 1993 5808 nihil
2021 5753 2145 5810 novi
2169 5755 2248 5807 af-

674 4669 758 4722 vel
783 4667 963 4735 pisces
985 4665 1086 4732 ipsi
1117 4665 1183 4718 ab
1199 4678 1460 4733 aquarum
1485 4663 1857 4719 crassitudine
1873 4678 2068 4720 carnea
2094 4678 2250 4718 neca-

677 4767 864 4811 rentur
880 4753 1108 4809 :Juilzeis
1126 4755 1256 4809 solis
1268 4756 1488 4825 sanguis
1513 4770 1650 4825 aqua
1667 4763 1783 4809 erat
1800 4753 2252 4824 limpidior.Unde

675 4952 836 5006 aqua,
888 4952 1007 5006 qua:
1056 4936 1198 5006 apud
1245 4934 1499 4992 Hebraeos
1548 4937 1940 5001 inveniebatur,
1987 4935 2253 4991 fallaciter

2350 5390 2460 5444 τῶν
2493 5391 2778 5462 βατράχων
2805 5395 3114 5458 συστάσεως
3146 5395 3244 5465 τὴν
3274 5395 3637 5461 ἀναφανεῖσαν
3677 5391 3821 5444 τότε
3859 5391 3966 5444 τοῦ

2356 5479 2493 5544 ζώου
2545 5482 2705 5550 φύσιν
2761 5485 3170 5558 ἐκαινοτόμησε)
3200 5487 3260 5542 τὸ
3304 5487 3403 5556 μὲν
3435 5484 3742 5553 Αἰγύπτιον
3796 5483 3966 5537 ἅπαν

2355 5575 2467 5634 τοῖς
2491 5571 2699 5643 θηρίοις
2731 5575 2940 5640 τούτοις
2979 5577 3119 5633 κατὰ
3163 5577 3259 5641 τὰς
3283 5578 3520 5647 οἰκήσεις
3553 5574 3966 5645 στενοχωρού-

2360 5679 2517 5732 μενον
2565 5665 2985 5737 κατεφθείρετο·
3037 5667 3145 5720 τῶν
3188 5667 3243 5720 δὲ
3280 5666 3540 5737 Ἑϐραίων
3587 5665 3695 5736 τῆς
3740 5664 3966 5734 ἀηδίας

2355 5755 2556 5826 ταύτης
2612 5755 2998 5828 ἐκαθάρευενή
3029 5756 3162 5830 ζωή.
3199 5757 3430 5822 Οὕτωςὸ
3461 5757 3570 5835 ἀὴρ
3603 5758 3727 5820 τοῖς
3771 5756 3966 5825 ᾼίγυ-
