4088 6210
239 161 334 262 sos
864 155 888 165 ’
1574 195 1662 250 ou
1708 195 1861 252 vrrs
1889 196 2155 254 uorsus.
2477 193 2486 202 ’
3395 195 3501 254 aio

243 313 404 378 πίοις
435 313 536 385 μὲν
570 311 829 383 οὐδεμίαν
851 311 1046 376 νυκτὸς
1071 311 1166 366 καὶ
1191 311 1408 383 ἡμέρας
1453 315 1682 384 παρεῖχε
1705 313 1818 366 διά-

1919 313 2144 369 ferebat.
2169 311 2432 367 Similiter
2451 319 2644 367 caetera
2665 326 2882 382 quoque
2905 311 3084 366 omnia
3111 326 3170 366 se
3201 311 3497 387 habebant,
3571 316 3573 320 ’

241 424 434 477 κρισιν,
494 409 555 459 ἑν
606 404 784 474 ὁμοίῳ
836 403 1202 473 διαμενόντων
1241 403 1320 473 τῷ
1357 403 1507 474 ζόφῳ
1531 420 1546 434 θ
1599 407 1714 468 τοῖς
1765 404 1824 458 δὲ

250 497 515 568 Ἑϐραίοις
576 495 730 549 οὐδὲν
761 496 820 549 ὲν
856 493 1068 557 τούτοις
1124 494 1536 564 ἑκαινοτομεῖτο
1579 493 1735 565 παρὰ
1763 494 1826 548 τὸ

244 588 480 657 σύνηθες.
509 587 618 639 Καὶ
644 585 815 640 τᾶλλα
849 585 1048 648 πάντα,
1080 583 1223 636 κατὰ
1256 584 1348 637 τὸν
1387 584 1550 638 αὐτὸν
1579 586 1784 656 τρόπον
1806 601 1820 616 ⁶

243 679 523 749 ήχάλαζα,
546 678 608 730 τὺ
641 677 773 746 πῦρ,
805 677 863 730 αἱ
893 676 1199 745 φλυκτίδες,
1227 676 1278 728 οί
1311 675 1556 739 σκνίπες,
1589 677 1647 729 αἱ
1668 677 1826 730 κυνό.

244 786 411 840 μυιαι,
448 768 562 821 τῶν
613 766 853 833 ἀκρίδων
889 765 951 818 τὸ
969 766 1151 834 νέφος,
1200 766 1344 819 κατὰ
1380 765 1480 834 μὲν
1499 764 1607 817 τῶν
1627 765 1832 833 Αιγυπ-

239 863 358 914 τίων
379 862 638 921 ἕκαστον,
664 857 803 911 καθὸ
833 857 1098 924 πέφυκεν,
1115 857 1338 927 ἐνήργει
1359 871 1373 886 ·
1397 858 1458 908 -οἱ
1489 855 1546 909 δὲ
1581 855 1823 926 Ἑϐραῖοι

240 950 437 1017 φήμαις
470 947 569 999 καὶ
623 945 926 1017 διηγήμασι
973 945 1037 997 τὸ
1088 944 1198 996 τῶν
1227 943 1620 997 συνοικούντων
1653 942 1824 1006 πάθος

237 1039 552 1106 ἐγίνωσκον,
579 1035 841 1106 οὐδεμίαν
855 1037 913 1088 ἑν
937 1036 1148 1098 ἑαυτοῖς
1178 1034 1487 1105 προσϐολὴν
1513 1034 1624 1087 τῶν
1642 1033 1821 1086 τοιού-

236 1146 334 1181 των
365 1127 674 1197 δεχόμενοι.
692 1119 827 1179 Εἶτα
845 1125 956 1178 τῶν
983 1126 1348 1196 πρωτοτόκων
1373 1128 1401 1178 ό
1422 1124 1644 1196 ὄλεθρος
1670 1125 1822 1195 ἀκρι-

235 1219 494 1288 ϐεστέραν
555 1217 730 1270 ἐποίει
778 1217 872 1270 τοῦ
916 1217 1169 1289 Ἐϐραίου
1217 1217 1353 1286 πρὸς
1385 1217 1478 1269 τὸν
1523 1215 1820 1284 Αίγύπτιον

233 1309 325 1379 τὴν
356 1309 657 1379 διάκρισιν·
681 1308 789 1361 τῶν
817 1308 914 1379 μὲν
949 1310 1044 1362 ἐπὶ
1060 1312 1124 1379 τῇ
1141 1308 1249 1362 τῶν
1278 1308 1548 1376 φιλτάτων
1573 1308 1819 1377 ἀπωλείᾳ

236 1400 615 1469 συγχεομένων
680 1402 793 1462 τοῖς
831 1399 1070 1470 θρήνοις,
1109 1399 1218 1453 τῶν
1259 1399 1316 1452 δὲ
1355 1401 1412 1452 ὲν
1443 1400 1644 1469 ἠσυχίᾳ
1673 1399 1820 1469 πάσῃ

235 1493 322 1543 καὶ
350 1489 627 1560 ἀσφαλείᾳ
664 1490 1028 1560 διαμενόντων
1053 1506 1066 1521 ο
1109 1483 1189 1551 οἷς
1216 1492 1248 1560 η
1274 1487 1517 1556 σωτηρία
1552 1491 1618 1556 τῇ
1652 1503 1819 1557 προσ-

235 1581 383 1648 χύσει
412 1579 512 1632 τοῦ
526 1580 757 1646 αἵματος
779 1577 1191 1648 κατησφαλίσθη
1216 1576 1357 1630 κατὰ
1383 1576 1564 1629 πᾶσαν
1594 1573 1814 1636 εἴσοδον,

1925 405 2133 475 grando
2170 405 2400 468 scilicet,
2432 402 2906 475 ignis,scinypbes,
2933 415 3135 457 muscae
3158 402 3384 464 caninas,
3425 405 3504 458 lo—

1927 505 2207 553 custarum
2243 498 2450 552 nubes:
2479 496 2592 550 haec
2620 494 2882 550 adversus
2909 494 3197 564 Egyptios
3229 495 3408 548 omnia
3445 503 3502 547 ut

1925 597 2120 644 natura
2145 604 2244 644 sua
2271 588 2396 650 fert.
2426 585 2893 659 perniciosissima
2928 591 3116 639 erant:
3144 580 3314 637 Judaei
3349 599 3529 649 vero,-

1925 681 2240 736 rumoribus
2269 680 2447 735 solum
2464 679 2756 747 verbisque
2776 674 3209 730 cohabitantium
3233 675 3331 728 tios
3355 689 3502 728 mor-

1923 771 2045 834 bos,
2082 771 2233 827 nullo
2254 786 2353 826 suo
2376 769 2742 832 incommodo,
2771 766 3191 837 cognoscebant.
3225 763 3504 820 Postremo

1922 861 2407 933 primogenitorum
2440 860 2682 914 omnium
2710 873 2866 921 nece,
2885 872 3010 911 eum
3044 856 3120 910 illi
3141 855 3358 926 quidem
3377 870 3506 909 suo-

1875 981 1880 984 -
1921 968 2046 1007 rum
2090 953 2332 1022 pernicie
2382 950 2601 1006 confusi
2657 950 2928 1020 lugerent,
2966 946 3020 1000 lii
3053 961 3179 1000 vero
3223 947 3503 1014 sanguinis

1924 1043 2230 1114 signaculo,
2266 1042 2609 1096 liminaribus
2648 1048 2812 1108 atque
2848 1037 3100 1108 postibus
3131 1037 3373 1090 inunctis
3402 1037 3501 1089 tuli

1922 1134 2284 1205 quiescerent,
2316 1141 2519 1204 quanta
2550 1133 2692 1186 inter
2719 1129 2964 1184 Judaeum
2996 1135 3049 1183 et
3075 1125 3390 1198 [Egyptiqu
3418 1142 3505 1182 es—

1923 1224 2357 1287 setdiﬂ‘erentia,
2406 1224 2622 1278 cunctis
2666 1220 2940 1292 apparuit.
2987 1217 3174 1288 Itaque
3229 1217 3506 1288 percussis

1921 1317 2074 1371 clade
2100 1314 2581 1386 primogenitorum
2617 1312 2911 1385 Egyptiis,
2951 1325 3159 1380 suaque
3191 1311 3404 1380 publice
3441 1324 3504 1362 ac

1920 1408 2170 1477 privatim
2200 1406 2526 1476 lugentibus,
2565 1405 2752 1460 educit
2790 1403 3003 1473 Moyses
3051 1399 3326 1456 lsraelitas
3357 1414 3386 1452 a
3445 1412 3505 1452 se

1923 1496 2288 1566 praemonitos,
2310 1503 2369 1550 ut
2391 1495 2570 1564 specie
2615 1492 3078 1548 commodationis
3115 1489 3501 1560 Egyptionum

1919 1587 2135 1641 divitias
2148 1601 2330 1642 secum
2352 1587 2647 1640 auferrent.
2663 1583 2866 1639 Verum
2884 1600 3005 1639 cum
3021 1584 3132 1653 jam
3151 1583 3328 1635 tribus
3349 1590 3502 1634 extra

236 1668 576 1737 ἑκατέρωθεν
617 1666 726 1720 τῶν
769 1667 1027 1738 σταθμῶν
1075 1667 1210 1738 μετὰ
1261 1665 1359 1736 τῆς
1412 1662 1818 1732 ἑπεζευγμένης

1920 1677 2211 1749 Egyptum
2236 1678 2566 1747 perrexisset
2585 1677 2797 1741 diebus,
2811 1675 2955 1729 videt
2975 1675 3247 1727 irritatum
3267 1673 3499 1733 hostem,

238 1761 414 1820 uinci;
478 1758 641 1826 φλιᾶς
704 1757 1236 1828 κατασημανθέντων
1290 1756 1377 1809 διὰ
1421 1754 1518 1808 τοῦ
1566 1754 1816 1824 αἵματος.

250 1851 371 1902 Ἐπὶ
397 1849 610 1911 τούτοις
637 1849 746 1902 τῶν
773 1849 1087 1916 Αἰγυπτίων
1108 1848 1199 1901 ἐπὶ
1225 1849 1292 1918 τῇ
1325 1846 1433 1900 τῶν
1460 1845 1822 1918 πρωτοτόκων

244 1942 492 2010 συμφορᾷ
529 1939 899 2010 βεϐλημένων,
935 1940 1029 1992 καὶ
1081 1939 1203 1994 καθ’
1231 1939 1422 1993 ἑαυτὸν
1454 1939 1704 2003 ἑκάστου,
1727 1939 1822 1992 καὶ

243 2032 386 2100 κοινῇ
418 2032 642 2084 πάντων
661 2031 1076 2102 ὀλοφυρομένων
1103 2031 1171 2089 τὰ
1193 2031 1359 2103 πάθη·
1384 2032 1703 2102 καθηγεῖται
1723 2032 1822 2101 τῆς

245 2121 413 2186 ἐξόδου
446 2124 564 2185 τοῖς
602 2122 965 2192 Ἰσραηλίταις
1002 2123 1030 2175 ὁ
1062 2123 1320 2194 Μωῦσῆς,
1360 2125 1820 2195 προπαρασκευά-

246 2227 338 2273 σας
367 2212 590 2275 αὐτοὺς,
648 2212 741 2264 ἐπὶ
791 2213 1031 2283 σχήματι
1060 2215 1308 2285 χρήσεως
1343 2215 1461 2284 μεθ’
1497 2214 1703 2267 ἑαυτῶν
1729 2213 1820 2267 τὸν

242 2301 340 2352 τῶν
366 2303 684 2369 Αἰγυπτίων
719 2302 948 2358 πλοῦτον
994 2305 1452 2375 ἀνακομίσασθαι.
1496 2306 1607 2359 Καὶ
1651 2304 1821 2376 τριῶν

245 2393 456 2461 ἡμερῶν
485 2396 609 2448 ὁδὸν
638 2396 743 2461 ἔξω
782 2399 881 2467 τῆς
917 2396 1192 2466 Αἰγύπτου
1226 2397 1628 2468 γεγενημένων,
1657 2398 1820 2452 πάλιν

245 2484 400 2553 φησὶν
423 2487 459 2553 ἠ
498 2486 732 2558 ἱστορία,
756 2487 992 2558 χαλεπὸν
1021 2488 1350 2559 ποιήσασθαι
1377 2487 1468 2540 τὸν
1499 2488 1815 2556 Αίγύπτιον,

244 2575 300 2623 τὸ
319 2575 391 2644 μὴ
407 2580 742 2646 παραμεῖναι
767 2581 833 2649 τῇ
861 2577 1075 2647 δουλεία
1095 2578 1186 2630 τὸν
1203 2577 1420 2648 Ἰσραήλ
1439 2594 1453 2608 ο
1476 2578 1571 2630 καὶ
1594 2579 1819 2648 πολεμι-

246 2664 350 2727 κῶς
383 2666 530 2720 ἅπαν
575 2669 987 2722 συσκευάσαντα
1019 2669 1078 2722 τὸ
1119 2669 1379 2738 ὑπήκοον,
1411 2668 1505 2722 διὰ
1533 2669 1632 2739 τῆς
1661 2671 1817 2723 ίππι-

246 2755 340 2823 κῆς
361 2756 647 2824 δυνάμεως
671 2759 993 2829 ἐπιδραμεῖν
1017 2758 1096 2829 τῷ
1118 2758 1250 2828 λαῷ.
1278 2760 1382 2811 Τὸν
1403 2758 1459 2812 δὲ
1484 2759 1819 2829 θεασάμενον

245 2846 335 2914 τὴν
360 2846 469 2900 τῶν
503 2849 689 2901 ἵππων
714 2867 775 2902 τε
803 2851 896 2903 καὶ
913 2850 1022 2902 τῶν
1049 2851 1230 2903 ὅπλων
1261 2851 1636 2922 παρασκευὴν,
1661 2853 1818 2906 ἀπει-

250 2938 541 3009 ροπόλεμον
599 2941 750 3007 ὄντα,
787 2942 893 2995 καῖ
934 2942 1042 2995 τῶν
1067 2943 1323 2997 τοιούτων
1353 2943 1649 3016 θαυμάτων
1678 2944 1816 3014 ἀγύ-

250 3045 495 3097 μναστον,
551 3030 715 3094 εὐθὺς
747 3033 1164 3104 καταπλαγῆναι
1209 3033 1285 3104 τῷ
1318 3034 1490 3106 φόϐῳ,
1536 3036 1631 3088 καὶ
1676 3035 1816 3090 κατὰ

247 3120 333 3172 τοῦ
367 3123 648 3186 Μωῡσέως
676 3125 1045 3180 συνίστασθαι.
1079 3125 1209 3179 Ὅτε
1257 3126 1349 3180 καὶ
1366 3126 1426 3178 τὸ
1452 3127 1818 3198 παραδοξότα-

1921 1772 2064 1842 quod
2093 1786 2150 1826 se
2173 1769 2347 1824 Judaai
2377 1769 2431 1822 in
2466 1768 2772 1822 libertatem
2804 1765 3196 1828 vindicassent,
3227 1777 3351 1816 cum
3389 1776 3503 1815 ma-

1920 1878 2026 1934 gno
2053 1864 2290 1917 exercitu
2321 1867 2372 1915 et
2403 1859 2838 1914 instructissimo
2870 1855 3117 1926 equitatu
3147 1854 3413 1908 adversus
3444 1868 3501 1906 sc

1919 1954 2199 2010 festinare.
2235 1952 2367 2017 Quae
2395 1965 2482 2005 res
2511 1964 2620 2005 non
2648 1948 2996 2001 mediocriter
3025 1945 3294 1999 imbellem
3329 1958 3500 2013 popu-

1920 2046 2050 2109 lum,
2084 2059 2260 2115 neque
2291 2043 2492 2098 talibus
2526 2040 2788 2112 prodigiis
2832 2037 3226 2103 assuefactum,
3259 2039 3312 2090 in
3354 2035 3500 2105 Moy-

1921 2149 2018 2188 sen
2054 2131 2366 2187 concitavit.
2404 2133 2472 2184 At
2511 2131 2600 2186 ille
2633 2128 2958 2199 intrepidus,
2987 2142 3122 2183 voce
3153 2126 3371 2196 quidem
3406 2140 3500 2194 po-

1919 2225 2139 2295 pulum,
2187 2231 2248 2277 ut
2282 2224 2340 2278 in
2369 2222 2598 2278 Domino
2627 2235 2776 2290 spem
2815 2220 3105 2282 haberent,
3145 2216 3496 2279 hortabatur,

1921 2315 2102 2370 animo
2132 2322 2313 2368 autem
2342 2315 2408 2368 ad
2441 2313 2607 2368 Deum
2637 2312 2854 2381 penitus
2882 2322 3206 2374 conversus,
3238 2307 3498 2361 auxilium

1919 2406 2120 2460 tacitus
2158 2404 2498 2474 implorabat.
2531 2403 2651 2468 Quo
2684 2402 2966 2457 recondito
3002 2401 3241 2457 clamore
3276 2397 3501 2452 Creator

1919 2503 2196 2558 exoratus,
2221 2502 2420 2564 praesto
2449 2491 2663 2547 miseris
2688 2506 2750 2546 ac
2774 2491 3101 2546 mirabiliter
3125 2487 3299 2542 affuit.
3318 2487 3500 2542 Nubes

1917 2587 2067 2641 enim
2090 2600 2211 2656 quae
2252 2583 2346 2638 Dei
2389 2582 2549 2652 jussu
2591 2596 2700 2635 non
2740 2590 2933 2635 natura
2973 2579 3343 2650 praecedebat,
3391 2592 3498 2632 non

1917 2690 2107 2746 presso
2125 2689 2248 2730 aere
2269 2674 2566 2743 vaporibus
2593 2679 2686 2725 aut
2714 2680 3003 2726 ventorum
3038 2669 3240 2739 impetu
3272 2667 3499 2722 densan

1918 2763 2238 2830 constituta,
2259 2763 2354 2818 sed
2372 2761 2516 2816 aliud
2540 2760 2795 2831 quiddam
2813 2758 3096 2822 divinitus,
3124 2765 3288 2826 atque
3308 2756 3494 2819 altius,

1919 2871 2081 2926 quam
2108 2855 2346 2909 humana
2374 2867 2527 2908 mens
2564 2852 2846 2922 percipere
2872 2851 3072 2914 valeat,
3110 2847 3398 2918 siquidem,
3441 2855 3500 2902 ut

1922 2946 2204 3016 Scriptura
2244 2945 2549 3010 testatur“,
2575 2944 2680 2997 tale
2703 2941 3024 3000 miraculum
3067 2938 3384 3010 apparebat,
3439 2947 3497 2992 ut

1921 3038 2046 3094 dum
2085 3036 2340 3093 ardentes
2375 3036 2507 3091 solis
2550 3033 2686 3089 radii
2726 3033 3016 3105 fulgerent,
3047 3031 3306 3102 p0pulum
3339 3031 3498 3100 quasi

1918 3137 2072 3200 septo
2113 3129 2400 3200 interjecto
2428 3134 2754 3199 prolegeret,
2803 3134 2963 3195 atque
3008 3124 3199 3183 umbra
3243 3122 3499 3193 tenuique

247 3225 328 3262 τον
353 3213 478 3283 περὶ
499 3213 593 3266 τοῦ
621 3214 898 3279 Μωῦσέως
919 3217 950 3288 ἡ
973 3216 1182 3289 ἱστορία
1194 3215 1362 3286 λέγει,
1377 3215 1498 3288 διχῇ
1521 3219 1640 3280 ταῖς
1667 3217 1817 3288 ἑνερ-

1918 3236 2041 3276 rore
2075 3220 2292 3284 diffuso,
2334 3219 2582 3297 aerisﬁlli
2612 3217 2861 3274 ardorem
2885 3215 3191 3286 mitigaret;
3212 3213 3384 3268 noctis
3405 3227 3496 3267 ve-

248 3301 413 3368 γείαις
461 3305 902 3376 διατεμνόμενον,
964 3311 1030 3378 τῇ
1087 3310 1188 3377 μὲν
1248 3309 1524 3380 φωνῇκαὶ
1566 3307 1643 3379 τῷ
1669 3308 1812 3380 λόγῳ

1918 3323 1980 3367 ro
2012 3320 2253 3384 tempore
2283 3311 2338 3366 in
2370 3310 2547 3384 ignem
2578 3323 2732 3366 versa
2767 3309 2879 3380 jam
2922 3307 3046 3363 inde
3080 3323 3111 3360 a
3147 3309 3373 3376 vespera
3406 3317 3497 3359 us-

249 3396 682 3467 παραθαρσύνειν
712 3415 772 3451 τε
803 3401 932 3463 τοὺς
979 3401 1336 3472 Ἰσραηλίτας,
1369 3403 1462 3455 καὶ⁵
1488 3402 1586 3465 τὰς
1608 3402 1816 3470 ἀγαθὰς

1918 3419 2026 3473 que
2055 3402 2124 3457 ad
2149 3403 2281 3459 solis
2309 3411 2489 3458 ortum
2526 3416 2626 3458 suo
2650 3400 2854 3455 lumine
2879 3396 3142 3454 lsraelitis
3166 3394 3338 3451 facem
3365 3409 3501 3464 prae-

248 3485 378 3554 ἔχειν
434 3488 660 3551 ἐλπίδας
717 3489 1180 3560 παρακελεύεσθαι
1208 3507 1222 3520 ·
1263 3490 1471 3544 ἔνδοθεν
1510 3491 1568 3544 δὲ
1600 3494 1664 3563 τῇ
1698 3493 1814 3545 δια-
1926 3492 2112 3548 ferret.

246 3579 355 3648 νοία
389 3581 468 3649 τῷ
511 3580 634 3652 Θεῷ
671 3583 966 3654 προσάγειν
1014 3583 1110 3654 τὴν
1155 3584 1294 3655 ὑπὲρ
1336 3584 1444 3638 τῶν
1476 3587 1893 3656 κατεπτηχότων
1927 3587 2207 3657 ἱκετηρίαν
2231 3603 2243 3616 ·
2276 3587 2370 3640 καὶ
2427 3588 2575 3648 ὅπως
2611 3586 2676 3638 ἂν
2722 3584 2961 3657 διαφύγῃ
2991 3583 3082 3637 τὸν
3125 3581 3388 3643 κίνδυνον,
3413 3577 3504 3633 διὰ.

244 3667 334 3735 τῆς
387 3668 597 3723 ἄνωθεν
647 3670 952 3741 συμϐουλῆς
1000 3673 1346 3743 ὀδηγεῖσθαι,
1398 3674 1563 3726 αύτοῦ
1604 3673 1698 3728 τοῦ
1731 3675 1866 3728 Θεοῦ
1907 3674 2121 3746 (καθώς
2181 3691 2345 3744 φησιν
2393 3678 2426 3746 ἡ
2483 3673 2727 3742 ἱστορία)
2774 3674 2872 3743 τῆς
2926 3672 3192 3742 ἀλαλήτου
3251 3669 3501 3741 κραυγῆς

244 3757 535 3825 ἑπαῖοντος.
577 3762 827 3834 Νεφέλης
880 3764 938 3817 δὲ
979 3763 1074 3818 τοῦ
1120 3765 1252 3818 λαοῦ
1301 3765 1421 3837 θεία
1466 3749 1696 3838 δυνάμεί
1737 3768 2185 3840 καθηγουμένης,
2215 3770 2276 3820 οὐ
2325 3766 2466 3820 κατὰ
2509 3769 2608 3836 τὴν
2655 3766 2840 3836 κοινὴν
2875 3764 3032 3834 φύσιν
3083 3762 3233 3833 (οὐδὲ
3277 3763 3386 3836 γᾲρ
3441 3761 3499 3826 ἐξ

243 3855 424 3950 ἀτμῶν
442 3857 661 3926 τινωνῆ
695 3857 1112 3950 άναθυμιάσεων
1146 3861 1180 3930 ἡ
1212 3859 1471 3950 σύστασις
1502 3861 1673 3950 ρύτῆς
1707 3857 1796 3930 ἦν,
1825 3861 2198 3932 παχυνομένου
2228 3862 2340 3923 τοῖς
2365 3860 2556 3929 ἀτμοῖς
2585 3858 2678 3912 τοῦ
2718 3859 2898 3929 ἀέρος,
2936 3857 3023 3911 διὰ
3049 3857 3148 3927 τῆς
3169 3853 3498 3926 όμιχλὼδους

243 3945 568 4008 συστάσεως,
630 3947 722 3998 καὶ
760 3947 896 4016 πρὸς
947 3948 1142 4019 ἑαυτὴν
1190 3945 1624 4020 συμπιλουμένω
1655 3953 1768 4014 τοῖς
1799 3950 2153 4022 πνεύμασιν),
2201 3949 2336 4005 ἀλλὰ
2389 3951 2634 4021 κρεῖττόν
2671 3967 2721 4002 τι
2771 3949 2864 4002 καὶ
2905 3947 3232 4019 ὑψηλότερον
3267 3946 3368 4015 τῆς
3405 3945 3499 4001 ἀν·

241 4033 514 4106 θρωπίνης
543 4039 900 4110 καταλήψεως
929 4041 1111 4114 ἐκείνῃ
1142 4045 1206 4112 τῇ
1240 4042 1457 4115 νεφέλῃ,
1482 4043 1583 4112 τῆς
1613 4043 1836 4115 Γραφῆς
1864 4043 2266 4118 μαρτυρούσης,
2294 4045 2531 4098 τοιοῦτον
2557 4044 2619 4097 τδ
2650 4041 2832 4114 θαῦμα
2866 4037 2955 4115 ἦν,
2991 4046 3066 4106 ὡς
3097 4042 3192 4096 καὶ
3219 4041 3316 4111 τῆς
3341 4040 3496 4108 ἡλιαη

239 4127 334 4194 xi;
371 4129 593 4192 ἀκτῖνος
642 4128 860 4200 θερμῶς
900 4132 1334 4204 ἑπιλαμπούσης,
1373 4121 1717 4206 διατείχισμα
1761 4139 1898 4208 πρὸς
1939 4137 2032 4190 τὸν
2069 4136 2199 4190 λαὸν
2241 4131 2401 4201 εἶναι,
2451 4136 2778 4200 σκιάζουσάν
2824 4151 2884 4187 τε
2929 4134 2990 4187 τὸ
3022 4131 3374 4212 ὑποκείμενον
3403 4133 3496 4184 καὶ

237 4222 399 4290 λεπτῇ
445 4221 626 4291 δρόσῳ
658 4220 719 4286 ὀδ
773 4221 1040 4290 φλογῶδες
1079 4221 1172 4275 τοῦ
1215 4223 1376 4295 ἀέρος
1423 4225 1875 4290 ύπονοτίζουσαΨ
1918 4227 2011 4282 καὶ
2042 4226 2129 4281 διὰ
2173 4228 2272 4297 τῆς
2313 4227 2503 4289 νυκτὸς
2546 4225 2654 4297 πῦρ
2707 4224 2968 4294 γίνεσθαι,
3010 4223 3102 4292 ἀφ’
3153 4220 3389 4292 ἑσπέρας
3418 4219 3498 4286 εις

235 4312 422 4384 ὄρθρον
450 4313 532 4383 τῷ
564 4310 679 4383 ἰδίῳ
705 4313 841 4381 φωτὶ
874 4315 984 4376 τοῖς
1030 4314 1385 4385 Ἰσραηλίταις
1409 4312 1768 4388 δᾲδουχοΰσαν
1802 4318 1862 4372 τὸ
1886 4319 2106 4387 φέγγος.

301 4405 443 4474 Πρὸς
497 4403 701 4473 ταύτην
747 4406 908 4467 αὑτός
959 4421 1019 4458 τε
1071 4405 1282 4475 βλέπων
1322 4409 1351 4460 ό
1407 4407 1678 4479 Μωῦσῆς,
1717 4412 1811 4463 καὶ

1987 4409 2137 4474 Haac,
2186 4409 2428 4478 inquam,
2456 4406 2650 4471 nubes,
2690 4419 2854 4475 quam
2895 4403 3060 4460 veluti
3096 4404 3287 4457 ducem
3324 4401 3489 4459 Mosis

234 4492 318 4543 τὸν
357 4492 490 4545 λαὸν
531 4492 954 4565 ἀκολουθεῖνκτῷ
993 4495 1300 4567 φαινομένῳ
1337 4489 1548 4562 διδάξας
1573 4515 1585 4530 ο
1624 4499 1810 4572 ἐπειδὴ

1919 4509 2172 4571 parentes
2195 4499 2436 4561 monitis,
2465 4497 2853 4566 sequebantur,
2882 4495 3068 4565 priore
3092 4494 3296 4549 omisso
3332 4495 3490 4549 itine-

233 4584 369 4633 κατὰ
416 4581 489 4661 3t
548 4580 868 4650 Ἐρυθραῖον
929 4582 1176 4650 ἐγένοντο
1230 4583 1463 4652 πέλαγος
1485 4624 1500 4648 ,
1556 4586 1672 4638 ἐκεῖ
1712 4585 1813 4657 τῆς

1919 4609 1978 4650 re
2009 4594 2063 4648 in
2080 4591 2322 4646 Rubrum
2355 4604 2505 4644 mare
2539 4589 2788 4644 ducebat.
2824 4586 3165 4644 Devenerunt
3203 4585 3367 4655 igitur
3403 4600 3489 4640 se.

234 4669 456 4739 νεφέλης
499 4671 636 4742 πρὸς
666 4671 767 4742 τὴν
806 4673 1030 4742 πορείαν
1069 4672 1504 4744 καθηγουμένης,
1539 4693 1813 4748 πανστρα-

1921 4683 2029 4739 cuti
2072 4683 2264 4736 ducem
2306 4679 2511 4735 llebraai
2549 4692 2722 4750 usque
2759 4679 2826 4733 ad
2858 4677 3048 4732 littus:
3090 4689 3227 4745 quos
3251 4673 3490 4745 Egyptii

232 4762 318 4830 τιᾷ
365 4761 473 4813 τῶν
520 4761 833 4830 Αἰγυπτίων
871 4763 963 4817 τὸν
1000 4763 1128 4816 λαὸν
1174 4767 1239 4816 ἑκ
1279 4765 1388 4817 τῶν
1429 4766 1658 4820 κατόπιν
1713 4784 1814 4821 nun

1918 4774 2214 4844 persecuti,
2244 4771 2482 4842 undique
2511 4771 2584 4825 ita
2608 4769 2965 4843 concludunt,
3001 4775 3063 4822 ut
3089 4766 3236 4820 nulla
3259 4766 3370 4836 jam
3412 4766 3495 4818 fu-

234 4850 630 4920 κλωσαμένων,
670 4851 923 4921 οὐδεμιᾶς
973 4854 1155 4917 αὐτοῖς
1207 4854 1501 4924 οὐδαμόθεν
1547 4855 1656 4911 τῶν
1704 4856 1811 4910 δει-

234 4940 335 4993 νῶν
395 4943 577 5011 φυγῆς
615 4945 946 5012 περιούσης,
986 4944 1259 5016 πολεμίων
1300 4947 1394 4999 καὶ
1437 4946 1628 5012 ὓδατος
1671 4948 1811 5004 κατὰ

230 5029 290 5081 τὸ
322 5032 489 5098 μέσον
526 5033 990 5102 ἀπειλημμένοιςο
1037 5036 1160 5088 τότε
1181 5076 1195 5100 ,
1240 5036 1302 5089 τὸ
1333 5037 1550 5091 πάντων
1584 5039 1810 5094 ἀπιστό-

231 5137 409 5183 τατον,
432 5122 555 5193 θείᾳ
587 5123 816 5193 δυνάμει
850 5126 1223 5197 παρορμηθεὶς
1263 5129 1293 5180 ό
1321 5130 1560 5201 Μωῡσῆς
1588 5148 1808 5203 κατειρη-

227 5215 454 5279 γὰσατο.
489 5216 864 5284 Προσεγγίσας
883 5219 992 5288 γὰρ
1033 5220 1176 5274 κατὰ
1203 5220 1303 5292 τήν
1335 5223 1488 5292 ἠϊόνα
1517 5223 1594 5295 τῷ
1635 5223 1807 5289 ὕδατι,

229 5303 458 5373 πλήττει
483 5307 549 5374 τῇ
602 5304 783 5376 ῥάϐδῳ
818 5306 877 5360 τὺ
909 5308 1144 5377 πέλαγος
1166 5325 1181 5340 ·
1203 5311 1265 5364 τὸ
1284 5312 1341 5366 δὲ
1367 5315 1504 5387 πρὸς
1532 5315 1631 5387 τὴν
1665 5316 1805 5389 πλη-

231 5395 333 5465 γὴν
364 5394 708 5464 ὕπεσχίζετο.
731 5397 841 5452 Καὶ
871 5399 1121 5470 καθάπερ
1157 5401 1248 5457 ἐπὶ
1274 5404 1374 5477 τῆς
1406 5392 1580 5462 ὑέλου’
1595 5406 1803 5478 πέφυκε

326 5573 372 5604 ³⁸
402 5572 576 5629 Exod.
618 5590 739 5642 xm,
789 5575 878 5632 τι.
959 5579 1000 5614 ⁸⁷
1037 5580 1200 5642 Ειοάο
1245 5591 1304 5656 21
1341 5608 1459 5668 sqq.

1920 4880 1986 4936 εει
2025 4865 2264 4919 humano
2301 4849 2535 4918 consilio
2584 4868 2772 4932 posset
2807 4859 3129 4930 echgitari.
3155 4857 3297 4913 Ante
3344 4857 3494 4927 ipsos

1914 4971 2066 5012 mare
2110 4956 2355 5011 Rubrum
2393 4963 2548 5010 erat:
2582 4965 2704 5025 post
2742 4954 2892 5024 ipsos
2919 4950 3292 5006 validissimus
3331 4955 3496 5017 atque

1913 5047 2371 5102 instructissimus
2422 5044 2800 5116 Egyptiorum
2826 5041 3098 5098 exercitus
3115 5036 3178 5094 ".
3204 5037 3356 5092 Tunc
3405 5049 3492 5089 res

1915 5135 2135 5200 accidit,
2178 5150 2300 5206 qua:
2337 5150 2448 5206 prae
2487 5133 2699 5189 caeteris
2739 5133 2993 5186 omnibus
3028 5128 3188 5184 fidem
3231 5125 3486 5183 excedit:

1915 5240 2165 5281 summus
2193 5227 2284 5282 ille
2310 5227 2394 5281 vir
2421 5225 2680 5281 divinitus
2714 5222 2953 5279 monitus
2985 5220 3053 5276 ad
3090 5219 3241 5274 littus
3263 5217 3487 5273 descen-

1911 5316 2010 5382 dit,
2039 5331 2296 5386 mareque
2326 5315 2568 5372 Rubrum
2596 5317 2748 5387 virga
2791 5313 3080 5385 percussit,
3125 5318 3180 5368 et
3223 5308 3404 5366 subito
3431 5311 3488 5357 ut

1912 5409 1968 5465 in
1994 5409 2135 5467 vitro
2164 5408 2306 5465 facta
2333 5409 2572 5467 scissura
2596 5407 2755 5465 facile
2776 5423 2844 5464 ex
2866 5407 3034 5463 altera
3063 5409 3233 5474 parte,
3264 5399 3319 5452 in
3345 5396 3485 5450 alte-
