4088 6210
619 219 714 275 5H

1841 237 1900 294 S.
1941 240 2264 300 GREGORII
2303 243 2600 301 NYSSEM

3764 265 3872 319 5η

623 353 734 394 ram
765 345 1006 410 pervenit
1030 365 1042 400 :
1077 347 1156 402 sic
1185 347 1298 404 ictu
1325 349 1575 408 Mosaicae
1604 354 1768 426 virgae
1795 358 1852 413 in
1877 362 2179 430 oppositam

2288 363 2552 430 γίνεσθαι,
2601 366 2652 419 εί
2707 368 2847 422 κατά
2891 386 2944 422 τι
2993 370 3157 442 μέρος
3213 372 3382 446 αὐτῆς
3419 374 3592 446 ἀρχὴν
3641 373 3674 447 ῆ
3712 377 3873 449 ῥῆξις

619 446 791 501 usque
815 435 1008 504 ripam,
1032 438 1156 492 hinc
1174 449 1336 511 atque
1363 443 1490 500 hinc
1503 447 1821 506 cedentibus
1846 453 2022 520 aquis,
2055 454 2191 508 scis-

616 536 744 575 sura
761 526 1022 592 pervenit.
1043 526 1226 598 ltaque
1249 530 1389 587 facto
1417 549 1513 602 per
1533 536 1768 592 medium
1787 541 2007 612 pelagus
2031 542 2192 597 itine-

614 628 694 676 re,
713 629 818 668 una
845 619 1252 676 cumuniverso
1284 617 1480 694 populo
1509 628 1671 686 siccis
1698 632 1927 700 pedibus
1966 633 2191 702 profun-

613 704 736 757 dam
756 707 921 761 maris
953 709 1208 780 abyssum
1241 729 1560 783 permensus
1579 731 1683 788 est,
1711 737 1812 779 nec
1835 724 2084 780 extimuit
2100 742 2188 782 re-

615 804 774 864 pente
789 808 992 853 structa
1017 802 1106 857 illa
1131 819 1200 858 ex
1225 803 1477 864 ﬂuctibus
1494 813 1716 878 moenia,
1739 829 1863 870 cum
1883 811 2184 887 utraqueex

615 899 766 954 parte
785 890 940 945 unda:
951 907 1212 962 aquarum
1226 900 1382 968 quasi
1405 904 1544 957 muri
1566 906 1946 963 consisterent.
1972 907 2186 964 Pharao

614 986 792 1034 autem
825 983 1027 1050 impetu
1063 987 1226 1052 animi
1259 993 1585 1058 concitatus,
1615 1011 1712 1066 per
1741 1013 1935 1053 novam
1959 999 2104 1053 illam
2129 999 2185 1056 in

613 1071 766 1140 aquis
805 1073 945 1128 viam
986 1076 1312 1147 insequitur.
1343 1079 1478 1136 Tum
1514 1099 1644 1140 vero
1689 1087 1834 1141 unda
1877 1088 2035 1144 unda
2075 1089 2181 1144 ite-

611 1174 731 1213 rum
756 1160 1020 1230 jungitur,
1046 1173 1099 1219 et
1124 1167 1382 1225 redeunte
1403 1170 1456 1225 in
1483 1182 1657 1229 semet
1685 1178 1842 1238 mari,
1868 1176 2182 1246 pristinum-

611 1263 716 1316 que
743 1261 1096 1320 recuperanle
1129 1263 1350 1322 statum,
1381 1275 1488 1314 una
1514 1260 1571 1315 ﬁt
1602 1279 1794 1320 rursus
1816 1280 1968 1335 aqua:
1995 1265 2178 1324 facies.

610 1336 818 1419 Hebraei
855 1343 920 1396 ad
954 1346 1260 1414 oppositum
1282 1350 1433 1425 littus
1451 1351 1752 1412 incolumes
1766 1371 1888 1425 cum
1905 1359 2183 1429 pervenis-

617 1436 758 1493 sent,
789 1417 817 1484 a
850 1432 1011 1504 longo
1037 1451 1132 1505 per
1159 1417 1399 1494 medium
1424 1442 1645 1514 pelagus
1677 1417 1871 1502 itinere
1894 1417 2180 1518 quiescen-

609 1525 716 1584 tes,
732 1530 950 1576 cantum
975 1523 1199 1596 Deo,qui
1225 1529 1568 1587 incruentum
1595 1535 1858 1592 adversus
1883 1539 2091 1594 hostem
2113 1540 2182 1594 si-

609 1604 665 1658 bi
703 1608 996 1674 trophazum
1041 1615 1373 1682 praebuerat,
1405 1611 1570 1688 ’grato
1609 1624 1790 1679 animo
1831 1627 2176 1696 cecinerunt,

2291 451 2451 526 λάϐῃ,
2491 456 2610 508 κατ’
2656 456 2872 513 εὐθεῖαν
2914 461 3052 532 πρὸς
3089 462 3151 515 τὸ
3187 463 3371 534 ἕτερον
3405 465 3734 538 διεξέρχεται
3769 471 3871 523 πέ-

2294 559 2391 614 ρας
2417 562 2430 574 ·
2483 546 2625 600 οὕτω
2668 549 2869 614 παντὸς
2916 550 3009 605 τοῦ
3051 554 3319 622 πελάγους
3360 556 3594 624 ἐκείνου,
3627 559 3770 615 κατά
3806 563 3871 615 τὸ

2290 634 2458 704 ἄκρον
2491 636 2898 709 ὑπορραγέντος
2919 645 2986 713 τῇ
3005 643 3207 714 ῥάϐδῳ,
3242 645 3336 698 ἐπὶ
3359 646 3458 717 τὴν
3483 648 3869 722 ἀντικειμένην

2288 722 2464 795 ὃχθην
2500 727 2594 779 καὶ
2625 729 2659 797 ἠ
2680 728 2788 783 τῶν
2815 732 3072 802 κυμάτων
3103 735 3256 806 ῥῆξις
3293 737 3682 809 ἐπέρασείΚαὶ
3702 759 3869 796 κατα-

2290 813 2391 878 6ἀς
2413 816 2506 869 ἐπὶ
2535 817 2595 870 τὸ
2618 817 2781 887 βάθος
2809 823 2838 875 6
2853 823 3114 894 Μωῦσῆς,
3138 825 3258 879 καθ’
3276 827 3304 880 ὃ
3325 828 3584 899 διετμήθη
3607 829 3668 883 τδ
3696 832 3868 886 πέλα-

2288 921 2404 972 γος,
2443 906 2540 959 σὺν
2562 911 2722 963 παντὶ
2746 911 2825 982 τῷ
2851 902 2965 984 λαῷ
3003 914 3182 984 βύθιος
3218 913 3304 988 ἦν,
3339 921 3396 972 ὲν
3432 919 3648 991 ἀϐρόχῳ
3683 939 3745 974 τε
3768 925 3866 976 καὶ

2287 993 2590 1069 ἡλιουμένῳ
2645 998 2724 1070 τῷ
2775 999 3022 1072 σώματι’
3057 1005 3148 1059 καὶ
3195 1005 3331 1077 πεζῇ
3373 1007 3474 1072 τὰς
3496 1008 3766 1074 ἀϐύσσους
3804 1013 3864 1064 έν

2287 1083 2434 1158 ξηρῷ
2451 1086 2530 1158 τῷ
2560 1089 2794 1161 πυθμένι
2845 1093 2943 1163 τῆς
2987 1093 3260 1168 θαλάσσης
3295 1097 3724 1170 διεξερχόμενος,
3759 1102 3866 1156 οὐκ

2283 1175 2541 1231 ἐδεδοίκει
2591 1179 2688 1252 τῆν
2729 1182 3070 1254 αὐτοσχέδιον
3097 1187 3309 1259 ἐκείνην
3354 1189 3419 1242 ὲκ
3465 1193 3723 1262 κυμάτων
3743 1210 3862 1246 τει-

2237 1277 2244 1284 ‘
2282 1270 2546 1337 χοποιῖαν,
2579 1270 2730 1326 ἔνθεν
2756 1275 2850 1327 καὶ
2879 1273 3050 1342 ἔνθεν,
3074 1278 3281 1347 τείχους
3317 1279 3490 1352 δίκην,
3525 1300 3862 1357 παραπεπη-

2280 1359 2442 1428 γυίας
2473 1361 2656 1426 αὐτοῖς
2689 1365 2753 1417 ὲκ
2788 1365 3031 1436 πλαγίων
3055 1371 3155 1440 τῆς
3199 1371 3396 1444 ἅλμης.
3430 1374 3536 1428 Τοῦ
3564 1375 3622 1429 δὲ
3657 1377 3862 1448 Φαραὼ

2285 1449 2424 1519 μετά
2448 1450 2553 1503 τῶν
2575 1454 2886 1520 Αἰγυπτίων
2916 1460 3356 1524 συνεισπεσόντος
3381 1463 3473 1514 ἐπὶ
3495 1463 3557 1516 τὸ
3596 1465 3859 1534 πέλαγος,

2280 1540 2424 1593 κατὰ
2454 1541 2553 1613 τὴν
2575 1545 3061 1614 καινοτομηθεῖσαν
3083 1549 3296 1621 ἐκείνην
3324 1551 3440 1605 ὁδὸν
3457 1555 3513 1606 ἐν
3531 1557 3644 1618 τοῖς
3673 1555 3857 1621 ὕδασι,

2282 1629 2448 1683 πάλιν
2506 1632 2835 1687 συνάπτεται
2869 1635 2932 1688 τὸ
2978 1635 3122 1708 ὕδωρ
3148 1638 3227 1709 τῷ
3259 1638 3431 1705 ὕδατι,
3476 1643 3570 1695 καὶ
3615 1645 3859 1699 ἀνακλυ-

609 1695 984 1767 Εεγριίοτιιιη
1008 1706 1246 1759 exercitu
1272 1707 1545 1774 universo,
1568 1714 1746 1782 equis,
1772 1718 1957 1780 armis,
1973 1733 2036 1773 ac
2057 1735 2179 1774 cur-

609 1786 760 1808 ..2L---
788 1790 918 1808 ____.!
948 1790 1029 1808 -L,
1056 1807 1063 1808 κ
1148 1797 1184 1808 ,ι
1275 1796 1323 1808 ι.
1567 1802 1577 1808 .
1641 1803 1686 1808 --

2285 1720 2506 1792 σθείσης
2533 1725 2668 1794 πρὸς
2692 1725 2890 1798 ἑαυτὴν
2917 1727 3017 1797 τῆς
3037 1692 3312 1800 saxeam);

607 1786 762 1841 ribus
788 1790 920 1844 mari
942 1790 1235 1863 absorptis.
1274 1796 1397 1852 Mox
1432 1802 1604 1870 pergit
1638 1803 1869 1876 Moyses,
1910 1809 2182 1880 triumque

607 1877 816 1933 dierum
853 1880 1044 1940 itinere
1073 1886 1344 1954 confecto,
1372 1906 1494 1945 cum
1528 1908 1669 1964 aqua
1699 1897 1973 1964 deliceret,
2005 1901 2056 1955 in
2083 1917 2181 1956 an-

608 1970 816 2038 gustias
836 1972 1122 2043 redigitur,
1153 1993 1262 2033 non
1293 1981 1574 2038 inveniens
1599 2002 1707 2055 quo
1737 1989 1880 2042 sitim
1905 1993 2180 2050 exercitus

607 2061 896 2118 solaretur.
939 2063 1066 2119 Erat
1100 2083 1355 2140 namque,
1397 2073 1464 2126 ad
1498 2091 1656 2144 quem
1695 2087 1876 2134 castra
1912 2081 2177 2150 locarant,

607 2152 761 2208 lacus
790 2156 1009 2225 quidam
1039 2160 1373 2219 marinarum
1399 2181 1685 2236 aquarum,
1709 2180 1871 2242 atque
1895 2175 2029 2231 adeo
2063 2193 2180 2232 ma-

606 2241 727 2297 rina
758 2247 1022 2315 amarior;
1057 2251 1144 2304 cui
1175 2267 1298 2308 cum
1332 2255 1690 2329 adsedissent,
1720 2241 1921 2334 sitique
1952 2273 2177 2338 torque-

527 2345 547 2412 ‘f
605 2341 816 2399 rentur,
837 2335 1048 2409 Moyses
1067 2338 1251 2398 divino
1273 2350 1512 2403 monitus
1539 2353 1781 2421 oraculo,
1807 2354 2011 2425 lignum
2030 2335 2174 2428 quod

607 2423 663 2480 in
696 2425 776 2480 eis
807 2428 941 2483 locis
964 2431 1265 2498 invenerat,
1298 2437 1352 2491 in
1391 2438 1510 2495 illas
1549 2456 1719 2512 aquas
1756 2447 1985 2501 marinis
2022 2464 2178 2504 acer-

605 2515 788 2571 biores
820 2517 1075 2601 immisit:
1127 2533 1182 2579 et
1237 2525 1406 2594 illico,
1453 2525 1650 2587 natura
1703 2534 1854 2605 ligni,
1915 2552 2175 2608 aquarum

607 2604 786 2658 ablata
828 2599 1213 2680 amaritudine,
1237 2614 1424 2672 dulces
1464 2627 1627 2690 atque
1670 2599 1932 2691 potabiles
1968 2599 2177 2684 eﬂ‘ectaa

604 2694 846 2751 fuerunt.
888 2697 1062 2757 Nubis
1103 2703 1299 2761 deinde
1341 2707 1530 2776 ductu,
1573 2728 1734 2782 quam
1784 2719 2172 2787 praecedentem

605 2791 992 2861 sequebantur,
1015 2802 1068 2850 et
1090 2811 1197 2868 qua
1228 2808 1407 2858 stante
1439 2803 1542 2873 ipsi
1568 2821 1784 2878 quoque
1808 2819 1987 2866 castra
2014 2821 2176 2868 meta-

589 2881 822 2968 bautur,
859 2884 926 2938 ad
957 2887 1131 2942 locum
1166 2889 1458 2948 deveniunt
1491 2897 1648 2966 aquis
1687 2907 1850 2969 atque
1887 2902 2174 2958 arboribus

2285 1813 2491 1882 σχῆμα,
2516 1814 2612 1884 μία
2643 1815 2736 1868 τοῦ
2767 1815 2956 1882 ὕδατος
2980 1820 3269 1888 ἐπιφάνειά
3288 1838 3348 1874 τε
3369 1823 3461 1875 καὶ
3485 1823 3604 1892 ὄψις
3618 1825 3855 1892 γίνεται,

2281 1903 2382 1974 ἤδη
2410 1903 2518 1959 τῶν
2558 1905 2904 1978 Ἰσραηλιτῶν
2938 1910 3029 1962 ἐπὶ
3072 1911 3173 1980 τῆς
3206 1911 3382 1984 πέραν
3407 1913 3584 1983 ἠϊόνος
3618 1916 3684 1968 τὸ
3713 1915 3856 1970 πολύ

2279 2010 2338 2046 τε
2357 1995 2462 2047 οιαὶ
2489 1988 2736 2050 σύντονον
2789 1999 2887 2069 τῆς
2921 1999 3008 2053 διὰ
3031 2001 3124 2054 τοῦ
3155 2003 3422 2072 πελάγους
3453 2007 3677 2078 πορείας
3715 2008 3856 2061 ἀνα-

2280 2085 2586 2152 παυόντων,
2613 2089 2703 2143 ὅτε
2729 2091 2823 2144 καὶ
2844 2091 2942 2162 τὴν
2976 2093 3238 2148 ἐπινίκιον
3267 2090 3407 2167 ᾖσαν
3443 2096 3586 2168 ᾠδὴν
3609 2096 3685 2168 τῷ
3704 2095 3848 2168 Θεῷἵ

2279 2175 2358 2246 τῷ
2378 2179 2499 2230 τότε
2537 2180 2871 2250 ἀναίμακτον
2894 2183 3033 2256 ὑπὲρ
3060 2184 3236 2238 αὐτῶν
3263 2186 3533 2257 ὲγείραντι
3566 2188 3849 2260 τρόπαιον,

2279 2266 2496 2320 πάντων
2527 2273 2864 2341 πανστρατιᾷ
2901 2271 3009 2326 τῶν
3045 2274 3379 2342 Αἰγυπτίων,
3415 2275 3597 2340 αὐτοῖς
3629 2279 3723 2331 καὶ
3759 2277 3850 2332 ἴπ-

2278 2374 2401 2422 ποις
2433 2359 2526 2421 καὶ
2545 2359 2728 2424 ὅπλοις
2757 2363 2850 2416 καὶ
2891 2363 3152 2435 ἅρμασιν,
3183 2368 3584 2438 ἀφανισθέντων
3622 2369 3847 2424 ὑπὸτοῧ

2278 2446 2488 2511 ὕδατος.
2525 2445 2657 2503 Εἶτα
2685 2450 2928 2522 πρόεισιν
2955 2455 3048 2508 ἐπὶ
3077 2455 3145 2509 τὰ
3188 2458 3376 2528 πρόσω
3404 2461 3432 2512 6
3455 2459 3715 2530 Μωῦσῆς,
3746 2459 3850 2514 καὶ

2275 2538 2440 2609 τριῶν
2480 2539 2704 2611 ἡμερῶν
2749 2541 2974 2613 ἄνυδρον
3001 2543 3276 2609 διοδεύσας
3298 2546 3436 2612 ὁδὸν,
3476 2549 3534 2600 ὲν
3565 2546 3849 2618 ἀμηχανίᾳ

2275 2629 2505 2697 γίνεται,
2555 2631 2629 2701 μὴ
2659 2629 2796 2702 ἔχων
2822 2632 2969 2696 ὅπως
2995 2633 3090 2687 τοῦ
3128 2636 3358 2706 στρατοῦ
3383 2638 3443 2690 τὸ
3470 2636 3620 2706 δίψος
3661 2655 3844 2709 παρα·

2278 2721 2602 2793 μυθήσηται.
2637 2718 2745 2777 Ἦν
2785 2725 2894 2796 γάρ
2926 2741 3012 2789 τις
3036 2725 3219 2798 λίμνη,
3250 2729 3378 2799 περὶ
3407 2729 3473 2799 ἢν
3509 2729 3843 2798 ἐστρατοπέ-

2273 2814 2484 2876 δευσαν,
2550 2815 2837 2870 θαλασσίου
2900 2810 3108 2884 ὕδατος,
3147 2818 3344 2889 μᾶλλον
3375 2819 3433 2872 δὲ
3465 2809 3764 2890 πικίροτέρα
3808 2820 3842 2890 ἦ

2275 2902 2414 2956 κατά
2438 2902 2728 2957 θάλασσαν.
2762 2903 2916 2956 Ἐπεὶ
2955 2901 3048 2958 οὖν
3093 2905 3532 2976 προσκαθήμενοι
3556 2903 3631 2976 τῷ
3665 2901 3842 2966 ὕδατι,

605 2973 1059 3031 ammnissimum.
1109 2979 1400 3038 Duodecim
1443 2986 1586 3040 enim
1633 2989 1873 3048 fontibus
1919 2996 2175 3051 continue

2277 2993 2351 3063 τῷ
2381 2993 2522 3064 δίψει
2543 2993 2636 3047 τοῦ
2661 2993 2850 3058 ὓδατος
2882 2973 3271 3065 κατεφλέγοντο
3293 3011 3306 3024 °
3341 2973 3522 3048 θεόθεν
3541 2973 3684 3063 αὐτῷ
3703 3009 3846 3063 συμ-

605 3065 953 3136 irrigabatur,
971 3080 1024 3125 et
1045 3077 1386 3146 septuaginta
1408 3081 1603 3148 palmis
1623 3085 1868 3140 consitus
1895 3098 2031 3150 erat,
2049 3103 2170 3157 qua:

607 3171 774 3226 parvo
803 3160 906 3214 hoc
940 3178 1186 3226 numero,
1214 3182 1279 3222 eo
1301 3169 1443 3238 quod
1471 3173 1874 3240 pulchritudine
1899 3184 1952 3231 et
1981 3194 2171 3248 proce-

473 3279 492 3293 κ
604 3249 764 3302 ritate
797 3252 1142 3316 excellerent,
1183 3258 1444 3314 miraculo
1479 3261 1784 3320 videntibus
1821 3278 1996 3322 erant.
2031 3269 2170 3323 Hinc

605 3347 750 3391 mota
784 3355 975 3396 rursus
1001 3344 1109 3398 dux
1136 3345 1225 3400 illa
1255 3349 1443 3415 nubes,
1469 3352 1634 3406 alium
1662 3355 1715 3409 iu
1744 3355 1920 3410 locum
1949 3359 2170 3414 deduxit

604 3430 923 3486 exercitum.
947 3432 1074 3487 Erat
1105 3437 1192 3491 hic
1212 3446 1389 3494 autem
1414 3441 1682 3509 desertus,
1708 3461 1872 3502 arena
1897 3449 2165 3516 obtectus,

605 3535 668 3572 ac
714 3522 936 3587 sterilis,
973 3541 1073 3581 nec
1107 3528 1215 3583 ullo
1249 3543 1511 3600 aquarum
1556 3535 1758 3592 ﬂuento
1797 3539 2164 3608 irrigabatur:

605 3611 694 3664 ubi
733 3627 925 3668 rursus
965 3618 1196 3686 populus
1236 3621 1325 3674 siti
1370 3622 1721 3695 allligebatur.
1755 3629 1826 3682 At
1862 3629 2074 3701 Moyses
2101 3647 2169 3687 ex

604 3700 783 3769 lapide
813 3704 1048 3772 quodam
1078 3707 1227 3778 virga
1255 3725 1539 3780 percusso,
1580 3700 1979 3784 jucundissima
2008 3730 2169 3791 atque
2200 3725 2240 3759 ‘-

603 3791 982 3857 copiosis’sima
1005 3812 1264 3867 aquarum
1289 3801 1488 3858 ﬂuenta
1513 3808 1733 3866 exsilire
1750 3809 1892 3865 fecit.
1913 3811 2007 3867 Hic
2024 3830 2171 3868 com-

604 3889 816 3938 meatus
843 3885 1227 3955 etiam'omnis,
1259 3907 1418 3962 quem
1449 3906 1707 3953 exeuntes
1731 3899 1798 3954 ab
1818 3899 2054 3972 Egypto
2077 3903 2171 3956 ad-

603 3971 890 4038 duxerant,
925 3990 1048 4030 cum
1084 3979 1389 4046 defecisset,
1417 3993 1471 4038 et
1496 3988 1727 4056 populus
1762 3990 1902 4045 fame
1932 3971 2170 4062 preme-

2272 3084 2469 3155 ϐουλῆς
2492 3085 2884 3156 γεγενημένης,
2921 3087 3074 3151 ξύλον
3105 3104 3158 3140 τι
3186 3086 3312 3157 περὶ
3339 3087 3432 3139 τὸν
3451 3085 3612 3138 τόπον
3643 3083 3842 3153 εὑρὼν,

2270 3172 2524 3248 ὲμῦάλλει
2570 3172 2647 3244 τῷ
2695 3174 2883 3228 ὕδατιο
2930 3175 2990 3228 τὸ
3034 3175 3090 3229 δὲ
3125 3176 3466 3245 παραχρῆμα
3493 3173 3716 3242 πότιμον
3747 3168 3841 3242 ἦν,

2267 3261 2361 3314 τοῦ
2392 3261 2546 3325 ξύλου
2575 3266 2642 3334 τῇ
2665 3264 2843 3334 οἰκεία
2869 3265 3092 3335 δυνάμει
3112 3265 3210 3336 τὴν
3231 3265 3322 3317 τοῦ
3357 3263 3543 3326 ὓδατος
3571 3262 3730 3332 φύσιν
3758 3263 3842 3325 είς

2270 3352 2460 3423 ἡδονὴν
2507 3354 2572 3406 ὲκ
2616 3352 2838 3425 πικρίας
2883 3356 3370 3426 μετακεράσαντος.
3396 3354 3505 3423 Τῆς
3533 3353 3588 3406 δὲ
3614 3351 3842 3422 νεφέλης

2272 3444 2683 3513 μεταναστάσης
2711 3445 2802 3497 ἐπὶ
2827 3445 2894 3498 τά
2916 3446 3123 3517 πρόσω,
3159 3447 3398 3499 κάκεῖνοι
3422 3445 3512 3497 ἐπὶ
3540 3447 3604 3514 τῇ
3629 3444 3841 3512 κινήσει

2267 3532 2360 3585 τοῦ
2387 3532 2706 3603 ὁδηγοῦντος
2730 3534 3249 3604 συμμετανίσταντο,
3270 3534 3356 3587 ἀεὶ
3367 3532 3524 3587 τοῦτο
3536 3530 3839 3593 ποιοῦντες,

2269 3613 2568 3695 παυόμενοι
2597 3642 2658 3678 τε
2693 3624 2792 3696 τῆς
2830 3625 3075 3695 πορείας,
3106 3627 3164 3678 ὲν
3192 3618 3343 3694 ᾧπερ
3381 3625 3445 3678 ἂν
3475 3626 3510 3695 ἡ
3535 3625 3720 3687 στάσις
3737 3623 3839 3693 τῆς

2269 3717 2494 3786 νεφέλης
2549 3716 2607 3769 τὸ
2645 3717 2743 3787 τῆς
2797 3717 3154 3779 ἀναπαύσεως
3203 3717 3369 3770 έδωκε
3420 3715 3688 3784 σύνθημα,
3744 3715 3840 3767 καὶ
3876 3720 3891 3735 ‘

2269 3807 2596 3880 ἀπαίροντες
2645 3809 2825 3874 πάλιν,
2874 3801 3047 3879 οὗπερ
3081 3808 3147 3862 ἂν
3193 3809 3226 3879 ἡ
3267 3809 3462 3878 νεφέλη
3491 3808 3590 3877 τῆς
3615 3805 3841 3877 πορείας

2269 3899 2447 3954 αὐτῶν
2497 3900 2839 3970 ἀφηγήσατο.
2886 3899 3374 3969 Καταλαμϐάνουσι
3426 3899 3502 3961 δὲ,
3541 3896 3618 3967 τῷ
3657 3896 3841 3966 ὁδηγῷ

2267 3989 2440 4060 τούτῳ
2488 3988 2764 4058 ἑπόμενοι,
2799 3988 2964 4042 τόπον
3015 3988 3169 4042 ὕδατι
3225 3988 3439 4059 ποτίμῳ
3475 3988 3838 4058 κατάρρυτον,

603 4073 776 4132 retur,
813 4069 1130 4124 miraculum
1163 4072 1242 4138 iit,
1287 4075 1430 4143 quod
1457 4091 1566 4144 pra:
1593 4079 1804 4134 caeteris
1827 4088 1911 4134 est
1937 4081 2171 4137 incredi-

603 4153 708 4178 ἱιξιιι
737 4171 749 4178 .
791 4171 895 4178 --Α
945 4172 966 4178 Α
1009 4167 1144 4178 .Α....Δ
1183 4161 1303 4178 !,_--,
1405 4172 1416 4178 -
1515 4164 1525 4178 ι
1566 4171 1578 4178 .
1833 4168 1844 4178 ο
1887 4176 1895 4178 _

2277 4079 2646 4133 δυοδεκαίδεκα
2671 4081 2872 4149 πηγαῖς
2886 4077 3128 4146 ἀφθόνως
3156 4077 3629 4149 περικλυζόμενον.
3659 4074 3843 4178 1.268.0-

602 4153 749 4211 bile:
791 4171 898 4211 non
941 4172 972 4211 a
1009 4167 1151 4212 terra
1181 4161 1334 4230 ipsis,
1365 4172 1424 4216 ut
1447 4164 1603 4230 solet,
1637 4181 1757 4234 qua:
1796 4168 1995 4222 victum
2030 4186 2169 4239 pra:-

2277 4173 2514 4242 μήκοντα
2571 4170 2628 4223 δὲ
2679 4167 2816 4240 ἦσαν
2871 4171 2920 4222 οί
2965 4170 3224 4238 φοίνικες,
3275 4167 3568 4266 ἀρκοῦντες
3615 4166 3709 4266 καὶ
3779 4166 3843 4266 ὲν

603 4247 842 4310 stabant,
869 4249 1206 4315 oriebantur,
1230 4250 1323 4306 sed
1347 4267 1376 4304 a
1397 4253 1536 4308 coelo
1562 4255 1804 4330 quotidie
1831 4257 1970 4312 roris
1996 4257 2170 4314 instar

2277 4260 2434 4330 ὀλίγῳ
2502 4259 2580 4329 τῷ
2635 4258 2852 4329 ἀριθμῷ
2898 4258 3030 4312 πολὺ
3095 4260 3318 4328 ποιῆσαι
3375 4259 3488 4320 τοῖς
3547 4254 3715 4326 ὁρῶσι
3776 4253 3843 4307 τὸ

603 4333 927 4404 deﬂuebant.
974 4337 1185 4394 Etenim
1231 4343 1335 4398 sub
1377 4344 1755 4421 crepusculum
1797 4348 2031 4416 sparsim
2079 4366 2170 4406 ros

2277 4349 2458 4420 θαῦμα
2479 4348 2583 4418 ,τῷ
2618 4349 2933 4421 ὑπεραίρειν
2965 4351 3104 4403 κατά
3135 4352 3197 4404 τὸ
3222 4348 3417 4411 κάλλος
3433 4365 3493 4400 τε
3536 4345 3630 4400 καὶ⁵
3670 4342 3842 4413 μέγε-

603 4426 1036 4497 diffundebatur,
1079 4433 1170 4502 qui
1219 4433 1274 4487 in
1316 4435 1496 4490 cibum
1540 4451 1600 4491 se
1629 4420 1793 4492 dabat
1826 4438 2165 4510 legentibus:

2277 4447 2386 4508 θος.
2430 4442 2600 4496 Πάλιν
2650 4443 2901 4497 κάκεῖθεν
2948 4445 2976 4496 ὁ
3012 4442 3205 4514 ὁδηγὸς
3237 4443 3270 4512 ἡ
3309 4439 3502 4510 νεφέλη
3539 4437 3674 4546 πρὶς
3715 4436 3840 4488 Ete-

603 4522 761 4591 isque
783 4538 891 4577 non
917 4538 1150 4594 aqueum
1175 4533 1315 4592 erat,
1343 4536 1402 4582 ut
1426 4530 1478 4584 in
1510 4545 1632 4585 rore
1658 4530 1774 4585 ﬁeri
1802 4533 2023 4598 assolet,
2048 4534 2169 4588 stil-

2278 4551 2371 4608 ρον
2425 4533 2546 4601 ἄγει
2582 4532 2744 4584 τόπον
2796 4530 2888 4585 τόν
2931 4532 3157 4602 στρατὸν
3186 4532 3554 4601 ἀναστήσασα.
3593 4527 3844 4597 Ἔρημος

602 4613 869 4678 licidium,
909 4615 1004 4670 sed
1042 4617 1160 4674 loco
1195 4627 1467 4690 guttarum
1497 4623 1815 4701 crystallini,
1838 4625 2073 4694 grumuli
2114 4625 2168 4679 in

2277 4627 2330 4679 δέ
2369 4642 2452 4688 τις
2501 4615 2656 4686 οὗτος
2713 4617 2781 4692 ἦν
2808 4661 2823 4686 ς
2883 4624 2941 4676 ὲν
2994 4623 3255 4693 αὑχμηρᾷ
3317 4622 3410 4675 καὶ
3466 4616 3842 4726 διακεκαλῗδιμο

601 4704 877 4760 coriandri
908 4708 1132 4767 seminis
1157 4709 1383 4765 formam
1410 4714 1736 4783 conglobati,
1765 4715 1906 4784 quod
1937 4715 2172 4770 rustica-

2278 4717 2414 4788 μένῃ
2479 4716 2544 4785 τῇ
2617 4713 2830 4784 ψάμμῳ
2857 4753 2872 4778 ,
2974 4713 3242 4784 μηδεμιᾶς
3316 4711 3522 4764 ὑδάτων
3613 4707 3844 4776 ἰκμάδος

485 4793 502 4814 ‘
599 4797 698 4850 tim
720 4797 919 4853 dicitur
944 4799 1274 4874 κολίανδρον,
1305 4805 1706 4862 descendebant
1731 4827 1743 4863 :
1779 4809 1870 4879 qni
1889 4809 1957 4863 ad
1984 4809 2166 4864 cibum

2277 4802 2694 4872 ὑπονοτιζούσης
2748 4801 2836 4854 τὸν
2897 4803 3105 4872 χῶρον,
3143 4803 3223 4860 ,ὲν
3273 4795 3318 4868 ᾧ
3366 4801 3528 4854 πάλιν
3579 4798 3670 4851 τὸν
3709 4795 3843 4848 λαὸν

601 4887 814 4942 collecti
846 4897 1064 4960 gustum
1093 4893 1269 4947 mellis
1302 4910 1437 4963 pene
1465 4895 1779 4952 allerebant.

2277 4895 2366 4950 τοῦ
2392 4895 2578 4964 δίψους
2612 4893 3103 4962 καταπονήσαντος,
3142 4892 3316 4964 πέτρα
3338 4908 3424 4954 τις
3452 4890 3543 4942 ἐπὶ
3563 4885 3842 4994 γεωλόφου

604 4984 782 5056 ῥάϐδῳ
827 4984 1096 5056 πληγεῖσα
1139 4987 1289 5060 ’παρὰι
1331 4989 1425 5042 τοῦ
1474 4989 1769 5055 Μωῡσέως.
1803 4989 1944 5062 ὕδωρ
1975 4993 2248 5047 ἐκδίδωσιν
2275 4990 2372 5064 ἡδύ
2418 5007 2479 5042 τε
2529 4988 2622 5091 και
2655 4985 3065 5091 nostum,“th
3087 4987 3186 5091 es]?
3225 4985 3412 5091 ἓ(ρεισις
3443 4984 3536 5091 τῗδ
3582 4984 3842 5091 τῗσοξεῖου

601 5076 731 5130 λαοῦ
769 5077 1167 5150 δαψιλέστερον.
1200 5078 1367 5133 Ἔνθα
1393 5078 1458 5148 δὴ
1489 5079 1582 5132 καὶ
1608 5081 1705 5150 τῆς
1732 5086 2083 5154 παρασκευῆς
2115 5082 2222 5136 τῶν
2256 5079 2471 5152 τροφῶν
2505 5075 2877 5184 ἐπιλιπούσηςτ
2913 5075 2978 5145 ἢν
3007 5075 3067 5184 ξε
3110 5077 3384 5184 “id???”
3415 5075 3550 5184 πρὸξ
3577 5075 3675 5184 ﬁ)"
3701 5073 3842 5184 is?“

601 5171 799 5241 πορίαν
831 5173 1223 5238 ἐπεσιτίσαντο,
1253 5173 1347 5227 καὶ
1367 5172 1510 5244 λιμῷ
1549 5173 1644 5228 τοῦ
1683 5175 1810 5228 λαοῦ
1865 5175 2218 5247 πιεζομένου·
2262 5175 2469 5269 γίνεται
2505 5171 2567 5269 τὸ
2594 5171 2837 5269 πάντων-
2850 5169 3204 5269 ἀπιστότατον
3249 5168 3453 5269 θαῦμα,
3487 5168 3586 5219 οὐκ
3616 5168 3843 5269 int-ﬁ?

601 5261 745 5317 κατὰ
767 5265 828 5317 τὸ
854 5265 1254 5334 νενομισμένον,
1284 5265 1466 5336 αὐτοῖς
1509 5264 1607 5335 τῆς
1647 5264 1848 5334 τροφῆς
1887 5265 2233 5334 φαινομένης,
2261 5262 2372 5316 ἀλλ’
2407 5259 2610 5316 ἄνωθεν
2647 5261 2712 5312 ὲκ
2748 5256 2837 5311 τοῦ
2881 5257 3108 5329 ούρανοῦ
3160 5257 3476 5329 δροσοειδῶς
3508 5255 3847 5324 καταρρεού-

604 5373 722 5419 στις.
759 5357 956 5426 Δρὸσος
987 5357 1096 5428 γὰρ
1127 5358 1307 5419 αὐτοῖς
1333 5359 1575 5426 ἑπεχεῖτο
1608 5358 1748 5411 κατὰ
1781 5359 1869 5411 τὸν
1901 5358 2124 5431 ὄρθρον·
2161 5359 2334 5432 τροφὴ
2367 5357 2430 5429 ,δὲ
2460 5358 2570 5418 τοῖς
2608 5354 3020 5424 ὑποδεχομένοις
3055 5356 3087 5424 ἡ
3127 5353 3313 5424 δρόσος
3345 5353 3566 5420 ἐγίνετο.
3606 5351 3679 5403 Τὸ
3729 5351 3846 5416 γὰρ

604 5405 968 5493 ἓτὲινεόιιενονμ
1003 5449 1062 5493 οὐ
1105 5450 1254 5493 bavi:
1287 5448 1559 5493 ὑδατώδης
1582 5446 1668 5493 ἦν-
1701 5449 1882 5493 καθὼς
1913 5449 2142 5493 σύνηθές
2181 5451 2328 5493 ἐστιν
2363 5449 2419 5493 ὲν
2447 5447 2622 5493 δοόσω
2667 5445 2912 5493 γίνεσθαι
2933 5461 2946 5475 ⁸
2993 5445 3104 5493 ἀλλ’
3138 5445 3256 5493 ἀντὶ
3294 5444 3565 5493 σταγόνων
3612 5441 3846 5493 θρόμϐοι

602 5449 971 5519 ἐπιχεόμενον.
1003 5449 1062 5501 οὐ
1104 5450 1254 5520 ῥανὶς
1287 5448 1559 5521 ὑδατώδης
1582 5446 1670 5519 ἦν,
1701 5449 1882 5512 καθὼς
1913 5449 2142 5520 σύνηθές
2181 5451 2328 5502 ἐστιν
2363 5449 2419 5500 ὲν
2447 5447 2622 5552 δρόσου
2667 5445 2946 5552 γίνεσθαι,⁸
2993 5445 3104 5552 ἀλλ’
3138 5445 3256 5545 ἀντὶ
3294 5444 3565 5552 σταγόνων
3590 5441 3848 5552 ’θρόμδω

602 5539 746 5600 τινὲς
779 5537 1236 5610 κρυσταλλωιδεῖς
1270 5539 1332 5592 τὸ
1361 5537 1518 5606 εἶδος,
1559 5541 1702 5595 κατὰ
1751 5540 1812 5592 τὸ
1864 5540 2072 5610 σχῆμα,
2119 5539 2148 5591 ὃ
2188 5535 2518 5609 ἀγροικικῶς
2559 5536 2771 5602 λέγεται
2819 5535 3126 5607 κολίανδρον
3161 5533 3255 5588 τοῦ
3297 5533 3478 5605 κορίου
3503 5534 3849 5602 σπέρματος,

606 5629 1002 5703 σφαιρωθέντες
1041 5629 1348 5704 κατέρρεον,
1384 5626 1457 5686 ὧν
1489 5635 1520 5702 ὴ
1563 5633 1746 5703 γεῦσις
1768 5633 1866 5702 τὴν
1888 5633 1980 5714 τοῦ
2014 5632 2226 5702 μέλιτος
2263 5632 2453 5702 ἡδονὴν
2481 5627 2818 5701 ὑπεκρίνετο.
