4088 6210
283 237 372 294 si:
968 217 970 220 ’
1551 241 1637 296 ne
1674 243 1835 298 vm.
1874 241 2151 300 morsrs.

3389 249 3493 308 3M

341 347 576 420 Τούτῳδὲ
599 348 670 419 τῷ
695 349 933 420 θαύματι
969 349 1348 422 συνεθεωρεῖτο
1376 353 1469 406 καὶ
1500 352 1560 406 τὸ
1593 355 1776 428 ἕτερον
1794 373 1807 386 ·

1993 356 2127 410 lluie
2165 357 2424 414 miraculo
2475 360 2765 416 accedebat
2821 370 2874 417 et
2903 362 3092 430 aliud;
3138 364 3324 421 multis
3344 369 3491 422 enim

281 444 332 495 τὸ
362 442 546 503 πάντας
578 441 663 491 ἐπὶ
692 439 790 510 τὴν
839 440 1100 511 συλλογὴν
1132 441 1404 507 ἐξιόντας,
1443 444 1501 494 ὲν
1539 443 1813 516 διαφόροις

284 535 363 600 (ὡς
381 532 532 600 ιὶκὸς)
561 531 790 601 ἡλικίαις
810 548 871 584 τε
891 531 984 584 καὶ
1002 532 1279 601 δυνάμεσι,
1301 533 1437 603 μήτε
1457 533 1675 587 ἔλαττον
1699 536 1816 588 ἓτε-

284 641 357 693 ρον
380 623 570 691 ἑτέρου,
603 621 737 674 κατὰ
767 621 863 691 τὴν
883 624 982 691 τῆς
1005 621 1283 691 δυνάμεως
1309 622 1586 694 διαφορὰν,
1622 641 1813 694 συγκο-

285 713 499 782 μίζεσθαι
518 716 545 742 ο·
563 711 694 764 ἀλλά
723 711 1035 783 μετρεῖσθαι
1059 715 1122 781 τῇ
1155 713 1382 765 ἑκάστου
1416 714 1568 785 χρείᾳ
1593 715 1655 767 τὸ
1689 733 1813 770 συν-

282 804 528 872 αγόμενον,
558 803 633 864 ὡς
664 805 800 872 μήτε
841 803 932 855 τὸν
953 801 1318 876 δυνατώτερον
1348 805 1410 856 τὸ
1440 805 1600 860 πλέον
1645 808 1807 878 ἔχειν,

284 894 395 959 μήτε
435 890 774 943 ἐλαττοῦσθαι
802 892 901 960 τῆς
944 893 1241 962 ἰσομοιρίας
1267 894 1362 946 τὸν
1405 895 1812 968 ἀσθενέστερον.

279 981 420 1033 Πάλιν
460 980 550 1032 ἐπὶ
575 981 748 1050 τούτῳ
775 980 962 1051 ἕτερον
991 981 1170 1051 Θαῦμα
1200 985 1232 1052 ἡ
1267 984 1476 1056 ἱστορία
1506 987 1689 1057 φησὶν,
1730 989 1811 1041 ὅτι

278 1070 325 1120 τὸ
499 1071 712 1139 ἡμέραν
751 1069 979 1132 ἕκαστος
1007 1071 1382 1142 κομιζόμενος,
1416 1075 1568 1127 οὐδὲν
1600 1079 1678 1140 είς
1714 1082 1812 1149 τὴν

277 1160 380 1229 ἑξῆς
412 1160 713 1214 ἀπετίθετο.
772 1160 863 1230 Τῷ
915 1161 970 1214 δὲ
1014 1162 1269 1234 φειδωλία
1311 1165 1419 1217 τινὶ
1462 1167 1599 1236 πρὸς
1621 1168 1718 1237 τὴν
1749 1170 1812 1222 ὲκ

275 1255 354 1322 τῆς
379 1254 647 1323 παρούσης
675 1253 880 1324 τροφῆς
909 1254 1278 1325 ταμιεύσαντι,
1300 1257 1570 1327 ἄχρηστον
1589 1255 1656 1331 ἦν
1679 1262 1813 1330 πρὸς

275 1343 450 1412 τροφὴν
495 1343 556 1395 τὸ
599 1345 897 1408 ἀπόθετον,
950 1347 1031 1408 είς
1083 1346 1378 1417 σκωλήκων
1435 1348 1596 1416 φύσιν
1644 1368 1812 1420 μετα-

275 1433 579 1502 ποιούμενον.
615 1434 883 1504 Πρὸσεστί
911 1451 964 1486 τι
1000 1435 1092 1487 καὶ
1119 1434 1246 1488 ἀλλο
1277 1439 1341 1507 τῇ
1387 1438 1536 1508 παρά
1567 1439 1665 1508 τῆς
1686 1457 1813 1510 τρο-

274 1522 361 1590 φῆς
387 1523 577 1592 ταύτης
621 1525 835 1595 ἱστορίᾳ
863 1524 1183 1594 παράδοξον.
1234 1526 1355 1578 Τῶν
1397 1528 1504 1597 γάρ
1535 1528 1633 1598 τῆς
1661 1529 1812 1581 ἐϐδο-

277 1613 414 1679 μάὼς
438 1613 658 1684 ἡμερῶν
695 1615 796 1683 τῆς
838 1618 985 1685 μιᾶς,
1018 1618 1156 1670 κατά
1181 1635 1302 1670 τινα
1347 1618 1502 1686 λόγον
1531 1621 1809 1690 μυστικὸν,

1921 460 2027 502 nec
2061 447 2175 514 pari
2199 453 2374 515 :etate,
2412 463 2512 503 nec
2535 450 2763 514 viribus,
2801 459 2859 504 ut
2913 461 3335 507 consentaneum
3383 462 3490 518 est,

1921 537 2227 608 aequalibus
2261 538 2328 592 ad
2363 541 2735 596 collectionem
2764 539 3178 606 conﬂuentibus,
3233 559 3341 597 non
3390 545 3487 601 mi-

1922 646 2025 686 nus
2061 631 2204 686 alter
2242 631 2433 696 altero,
2470 641 2562 686 aut
2618 648 2836 714 pr0pter
2875 642 3106 696 aetatem,
3139 641 3232 688 aut
3272 643 3488 704 propter

1919 722 2296 776 inﬁrmitatem
2347 723 2452 776 sibi
2499 725 2797 793 assumpsit
2857 744 2869 779 :
2932 739 3032 778 nec
3092 725 3182 792 qui
3240 726 3487 788 validior,

1919 811 2020 865 sibi
2047 813 2168 882 plus
2210 825 2371 883 quam
2403 820 2546 867 esset
2570 828 2727 883 opus,
2761 829 2861 866 nec
2893 815 2985 883 qui
3021 813 3283 866 inﬁrmior
3312 817 3491 868 minus

1919 902 1974 955 in
2002 917 2065 956 eo
2093 905 2179 956 die
2201 903 2380 972 potuit
2417 903 2676 971 arripere.
2729 904 2883 957 Aliud
2924 905 3145 974 insuper
3167 905 3488 958 miraculum

1921 991 2148 1045 historia
2171 995 2357 1056 habet,
2385 992 2527 1061 quod
2563 995 2769 1048 scilicet
2795 1010 2905 1048 uno
2937 995 3025 1047 die
3057 995 3340 1048 collectum
3377 994 3493 1048 fue-

1918 1091 2020 1143 rat,
2045 1081 2162 1149 ejus
2195 1082 2329 1134 nihil
2355 1082 2577 1134 omnino
2611 1082 2662 1134 in
2699 1083 3001 1136 crastinum
3049 1082 3214 1136 fuisse
3244 1096 3492 1135 reserva-

1917 1177 2053 1223 tum.
2089 1169 2244 1235 Quod
2263 1173 2306 1225 si
2330 1172 2455 1240 quis
2480 1173 2671 1234 timore
2704 1171 2888 1225 furtim
2913 1173 3203 1241 quamdam
3234 1171 3336 1225 sibi
3367 1187 3491 1240 par-

1917 1254 2137 1308 ticulam
2161 1257 2228 1310 ad
2256 1258 2554 1312 crastinum
2579 1267 2981 1323 conservasset,
3025 1267 3196 1313 totum
3227 1259 3368 1328 quod
3404 1275 3491 1314 re-

1917 1345 2154 1413 positum
2210 1353 2345 1412 erat,
2409 1363 2506 1416 per
2556 1356 2769 1403 noctem
2828 1359 3136 1420 corruptum
3181 1352 3234 1403 in
3280 1366 3489 1406 vermes

1919 1434 2432 1491 transformabatur.
2459 1437 2554 1493 Est
2580 1441 2632 1492 in
2668 1440 2767 1493 hac
2799 1441 3020 1495 bistoria
3049 1439 3305 1510 quiddam
3337 1441 3492 1494 mira-

1917 1523 2024 1578 bile
2057 1543 2070 1579 :
2105 1541 2227 1578 nam
2265 1543 2388 1580 cum
2423 1545 2488 1584 ex
2522 1529 2874 1584 hebdomada:
2905 1530 3098 1585 diebus
3123 1546 3227 1584 una
3261 1532 3489 1601 mystica

1918 1615 2130 1669 ratione
2159 1618 2392 1685 quadam
2417 1623 2725 1674 cessatione
2751 1621 2817 1673 ab
2837 1619 3084 1674 Hebraeis
3109 1622 3486 1686 lionoraretur,

195 1697 199 1702 ’
275 1705 482 1774 ἀπραξία
526 1707 919 1778 τετιμημένης,
954 1709 1012 1760 ὲν
1057 1712 1122 1780 τῇ
1167 1709 1273 1781 πρὸ
1307 1711 1474 1780 αὐτῆς
1506 1711 1690 1782 ἡμέρα
1715 1714 1811 1782 τῆς

1918 1721 1979 1760 ne
2031 1705 2162 1776 quid
2211 1708 2268 1761 i'n
2299 1724 2362 1762 ea
2411 1709 2497 1764 die
2551 1719 2747 1780 praeter
2789 1709 3241 1764 consuetudinem
3307 1709 3489 1767 facere

275 1794 393 1862 ίτης,
446 1793 516 1857 ὡς
572 1795 714 1866 πρὸς
766 1796 857 1850 τὸν
917 1797 1223 1867 ἔμπροσθεν
1276 1800 1468 1869 χρόνον
1527 1801 1819 1871 γινομένης

274 1886 530 1955 ιπιρῤοῆς,
597 1887 700 1941 καὶ
748 1889 847 1959 τῆς
903 1889 1011 1942 τῶν
1075 1890 1435 1957 συλλεγόντων
1510 1891 1818 1962 προθυμίας

275 1975 322 2026 τὸ
390 1975 495 2029 [σον
542 1977 813 2047 ἐχούσης·
864 1980 1143 2034 διπλάσιον
1207 1983 1488 2052 εὑρίσκετο
1546 1985 1641 2038 τοῦ
1695 2004 1818 2039 συν-

275 2064 412 2129 ήθους
464 2066 664 2138 μέτρου
730 2068 792 2120 τὸ
845 2071 1238 2140 συναγόμενον·
1297 2073 1372 2136 ὼς
1419 2074 1486 2127 ἂν
1551 2076 1816 2147 μηδεμίαν

277 2153 417 2223 ἔχοιεν
461 2158 752 2231 ἀφορμὴν,
810 2163 875 2231 τῇ
931 2161 1028 2231 τῆς
1093 2163 1299 2235 τροφῆς
1373 2167 1587 2239 ἀνάγκῃ
1636 2185 1818 2238 παρα-

277 2243 397 2298 λύειν
456 2249 549 2320 τῆς
593 2249 876 2320 ἀπραξίας
939 2252 1030 2306 τὸν
1069 2254 1250 2324 νόμον.
1324 2257 1412 2309 Ἐν
1488 2253 1532 2325 ᾦ
1585 2259 1649 2330 δὴ
1725 2261 1818 2314 καὶ

277 2337 407 2390 πλέον
455 2340 484 2410 ὴ
536 2340 662 2394 θεία
718 2343 1006 2397 ἐδείκνυτο
1041 2345 1287 2416 δύναμις,
1339 2348 1418 2400 ότι
1465 2351 1587 2412 ταῖς
1627 2350 1814 2415 ἄλλαις

276 2430 490 2499 ἡμέραις,
532 2434 926 2504 ἀχρειουμένου
955 2434 1048 2488 τοῦ
1097 2437 1533 2508 περισσεύοντος,
1568 2442 1626 2492 ὲν
1678 2443 1814 2514 μόνῃ

275 2522 325 2587 τῇ
355 2522 448 2591 πρὸ
481 2523 572 2576 τοῦ
630 2523 908 2580 σαϐϐάτου
942 2532 1261 2600 παρασκευῇ
1293 2529 1469 2600 (τοῦτο
1504 2531 1612 2603 γὰρ
1645 2532 1814 2604 ὄνομα

275 2612 327 2678 τῇ
378 2612 632 2683 ἀπράκτῳ
711 2615 927 2686 ἡμέρα)
993 2618 1054 2670 τὸ
1107 2619 1431 2689 ταμιευθὲν,
1492 2622 1813 2696 ἀδιάφθορον

276 2701 471 2768 ἔμεινεν,
519 2707 596 2768 ὡς
645 2709 771 2759 κατ’
796 2707 946 2760 οὐδὲν
978 2704 1114 2762 εῖναι
1158 2710 1251 2763 τοῦ
1282 2712 1595 2783 προσφάτου
1637 2713 1812 2770 δοκεῖν

277 2791 550 2865 ἔωλότερον.
604 2795 747 2851 Εἶτα
779 2800 1012 2870 πόλεμος
1042 2803 1224 2867 αὐτοῖς
1272 2809 1648 2876 συγκροτεῖται
1679 2809 1814 2878 πρός

275 2898 317 2934 τι
338 2884 470 2950 ἔθνος
501 2889 801 2957 ἀλλόφυλον
827 2892 1222 2963 (Ἀμαληκίτας
1249 2896 1305 2949 δὲ
1341 2899 1466 2961 τοὺς
1493 2900 1610 2952 κατ’
1638 2899 1814 2953 αὐτῶν

274 2972 369 3026 τότε
394 2981 693 3043 συστάντας
722 2982 975 3052 ὀνομάζει
1003 2987 1031 3037 ό
1056 2985 1231 3056 λόγος)
1254 3003 1267 3016 ο
1312 2988 1406 3041 καὶ
1444 2989 1561 3041 τότε
1599 2990 1813 3061 πρῶτον

274 3067 338 3126 εἰς
391 3071 690 3140 παράταξιν
746 3073 804 3126 τὸ
873 3075 1256 3146 Ἰσραηλιτικὸν
1323 3079 1692 3144 ὲξόπλίζεται·
1753 3083 1813 3134 ού

273 3161 577 3230 mazsz
618 3161 840 3214 πάντων
872 3166 1300 3234 συγκινηθέντων
1347 3169 1440 3220 ἐπὶ
1481 3168 1576 3239 τὴν
1612 3170 1814 3240 μάχην,

273 3245 365 3296 ἀλλ’
396 3250 706 3319 ἀριστίνδην
733 3251 1137 3322 ἑξειλεγμένων,
1165 3257 1257 3310 καὶ
1295 3257 1403 3310 τῶν
1434 3260 1490 3311 ὲν
1515 3259 1697 3323 αὐτοῖς
1727 3258 1816 3312 λο-

274 3337 423 3400 γάδων
449 3341 870 3412 ἀναδεξαμένων
894 3344 983 3396 τὸν
1005 3345 1237 3417 πόλεμον
1257 3364 1271 3379 ·
1293 3349 1351 3400 ὲν
1375 3343 1418 3415 ᾧ
1445 3347 1606 3403 πάλιν
1633 3351 1818 3404 καινὸν

273 3426 413 3491 ἔδειξε
443 3433 782 3503 στρατηγίας
821 3435 1018 3504 τρόπον
1059 3438 1088 3490 ὁ
1131 3439 1387 3509 Μωῦσῆς.
1436 3439 1544 3492 Τοῦ
1574 3440 1682 3511 γὰρ
1713 3442 1820 3510 Ἰη-

273 3516 367 3580 σοῦ,
413 3522 472 3583 ὃς
520 3524 663 3592 μετά
699 3524 791 3576 τὸν
835 3527 1070 3580 Μωῡσέα
1114 3528 1207 3580 τοῦ
1265 3530 1393 3583 λαοῦ
1443 3530 1815 3600 καθηγήσατο,

271 3608 369 3659 τότε
401 3615 508 3674 τοῖς
567 3615 964 3685 Ἀμαληκίταις
1003 3617 1093 3671 τὸν
1141 3619 1368 3691 στρατὸν
1412 3621 1816 3690 ἀντεξάγοντος,

272 3697 357 3761 ἔξω
379 3703 480 3755 τῶν
509 3706 700 3759 ὃπλων
730 3709 758 3759 ό
788 3709 1027 3779 Μωῦσῆς
1061 3711 1152 3764 ὲπί
1175 3715 1582 3778 τινοςσκοπιᾶς
1620 3717 1818 3784 γεωλό-

273 3805 352 3853 φου
391 3797 522 3863 πρὸς
553 3797 651 3850 τὸν
701 3799 926 3869 οὐρανὸν
970 3801 1279 3869 ἀναϐλέπει,
1321 3806 1664 3861 συνεστώτων
1690 3811 1819 3864 ἐκά-

271 3877 477 3944 τέρωθεν
503 3884 662 3954 αὑτῷ
696 3885 791 3938 δύο
817 3886 922 3939 τῶν
965 3889 1301 3960 ἐπιτηδείων,
1335 3893 1421 3945 ὅτε
1463 3894 1698 3948 τοιοῦτον
1728 3898 1818 3950 ἐπὶ

267 3972 358 4032 τοῖς
400 3977 713 4044 γινομένοις
755 3977 939 4048 θαῦμα
963 3981 1111 4052 παρὰ
1143 3982 1238 4052 τῆς
1270 3982 1506 4053 ἱστορίας
1529 3985 1819 4056 ἀκούομεν·

269 4056 319 4146 εἰ
358 4063 450 4128 μὲν
493 4067 674 4138 ἐπῆρε
711 4069 844 4138 πρὸς
873 4071 1100 4139 οὐρανὸν
1146 4071 1242 4135 τὰς
1285 4076 1471 4144 χεῖρας
1503 4077 1530 4127 ό
1555 4077 1813 4146 Μωῦσῆς,

265 4145 621 4220 ἱπρῤὡννυτο
671 4156 815 4209 κατά
855 4157 963 4210 τῶν
1005 4159 1214 4230 ἐχθρῶν
1257 4161 1317 4213 τὸ
1365 4161 1635 4233 ὑπήκοον·
1679 4167 1728 4216 εί
1761 4164 1817 4217 δὲ

266 4238 502 4309 καθῆκεν,
534 4244 773 4298 ἐνεδίδου
818 4247 912 4300 καὶ
937 4248 967 4300 ό
999 4249 1223 4318 στρατὸς
1250 4253 1316 4320 τῇ
1345 4251 1453 4305 τῶν
1497 4253 1816 4323 ἀλλοφύλων

1919 1799 2550 1867 cogerentur,_quamvis
2584 1806 2734 1853 tanto
2764 1799 2818 1852 in
2842 1799 3070 1868 collegio
3107 1800 3486 1867 unusquisque

1919 1887 2179 1951 studium,
2204 1897 2465 1957 quantum
2489 1891 2544 1942 in
2569 1889 2779 1943 caeteris
2804 1889 3016 1952 diebus,
3045 1888 3133 1943 die
3161 1899 3310 1943 sexta
3333 1889 3488 1942 adhi-

1923 1974 2092 2037 beret,
2110 1975 2336 2045 duplum
2364 1983 2542 2031 tamen
2568 1978 2853 2031 collectum
2880 1978 2982 2031 sibi
3009 1992 3129 2032 esse
3155 1977 3486 2032 inveniebat.

1919 2082 1987 2122 ne
2043 2077 2188 2122 esset
2239 2067 2294 2121 in
2338 2083 2505 2123 causa
2565 2068 2741 2123 victus
2787 2069 3091 2124 necessitas
3135 2068 3486 2138 quamobrem

1918 2171 2081 2226 opere
2133 2159 2316 2228 aliquo
2345 2159 2431 2214 lex
2481 2159 2798 2213 violaretur.
2833 2157 2890 2212 In
2940 2174 3048 2228 quo
3087 2161 3247 2213 etiam
3303 2157 3489 2212 divina

1919 2249 2262 2304 eluccscebat
2321 2251 2611 2320 potentia:
2667 2265 2792 2304 nam
2839 2265 2963 2305 cum
3007 2249 3231 2319 reliquis
3273 2248 3484 2313 diebus,

1919 2338 2064 2408 quod
2098 2349 2381 2409 supererat
2405 2349 2867 2410 corrumperetur,
2899 2340 2954 2394 in
2992 2341 3107 2395 sola
3132 2355 3252 2410 quae
3291 2339 3490 2393 sabba-

1920 2438 2032 2483 tum
2090 2433 2426 2502 przecedebat
2477 2433 2775 2488 Parasceve
2825 2432 3112 2487 collectum
3169 2431 3292 2501 (hoc
3341 2429 3488 2484 enim

1919 2521 2107 2576 otiosae
2155 2522 2231 2576 illi
2283 2522 2392 2576 diei
2425 2537 2620 2578 nomen
2653 2522 2776 2594 fuit)
2811 2523 3185 2593 incorruptum
3218 2522 3486 2591 perdura-

1919 2611 2033 2675 bat,
2086 2612 2160 2668 ita
2192 2619 2252 2667 ut
2299 2615 2590 2669 recentiori
2647 2615 2820 2668 nihilo
2850 2615 3132 2670 rancidius
3187 2614 3486 2668 videretur.

1916 2701 2124 2757 Bellum
2206 2703 2402 2767 deinde
2491 2703 2777 2762 adversum
2836 2713 3049 2775 gentem
3133 2704 3488 2774 alienigenam

1916 2793 2244 2850 Amalecitas
2265 2796 2484 2850 nomine
2507 2796 2733 2864 exarsit,
2756 2804 2810 2851 et
2830 2804 2961 2850 tunc
2994 2796 3228 2865 primum
3278 2793 3487 2849 Hebraei

1917 2884 2218 2938 constructi
2268 2885 2324 2938 in
2351 2885 2522 2939 aciem
2564 2893 2714 2950 sunt,
2767 2901 2876 2938 non
2907 2899 3120 2947 omnes,
3157 2883 3252 2937 sed
3305 2883 3485 2949 electi,

1917 2975 2116 3043 quibus
2143 2973 2328 3039 Josue,
2376 2977 2621 3045 quipost
2648 2975 2864 3046 Moysen
2911 2973 3271 3044 gubernacula
3302 2973 3484 3042 populi

1916 3076 2250 3136 susceperat,
2277 3065 2510 3136 praefuit.
2543 3065 2675 3120 Nam
2701 3066 2912 3138 Moyses
2943 3077 3093 3120 extra
3121 3067 3390 3135 proelium,
3433 3067 3485 3120 in

1915 3158 2052 3212 colle
2086 3159 2321 3228 quodam
2357 3160 2549 3214 altiore
2580 3175 2686 3213 una
2723 3174 2846 3212 cum
2901 3157 3115 3213 duobus
3161 3157 3487 3214 necessariis

1916 3251 2254 3315 constiterat,
2279 3250 2346 3304 ad
2369 3251 2538 3305 eteius
2565 3250 2860 3318 aspiciens,
2890 3250 3108 3319 quando
3133 3253 3212 3318 (ut
3233 3249 3285 3302 in
3319 3249 3488 3302 histo-

1915 3340 1994 3394 ria
2030 3343 2285 3396 traditum
2315 3345 2421 3414 est)
2455 3345 2506 3398 id
2561 3360 2777 3414 quoque
2825 3343 2968 3397 inter
3010 3349 3204 3396 caetera
3242 3341 3488 3410 mirabile

1916 3431 2063 3487 dictu
2088 3433 2287 3488 factum
2313 3441 2414 3490 est.
2443 3434 2577 3488 Nam
2603 3451 2728 3489 eum
2749 3433 2958 3505 Moyses
2989 3416 3182 3487 manus
3211 3433 3262 3486 in
3287 3435 3485 3486 coelum

1916 3523 2170 3590 elevaret,
2228 3535 2357 3580 tunc
2410 3527 2612 3598 ingenti
2661 3527 2843 3580 animo
2891 3526 3168 3582 irruebant
3195 3524 3250 3578 in
3301 3525 3486 3580 hostes

1916 3615 2158 3682 Hebraei;
2191 3632 2315 3672 cum
2359 3633 2488 3672 vero
2519 3633 2714 3672 manus
2744 3618 3063 3680 remisisset,
3135 3625 3264 3669 tunc
3297 3627 3486 3668 contra

1917 3706 2212 3762 ferociores
2246 3707 2371 3762 facti
2399 3705 2904 3770 hostes,‘facillime
2946 3705 3162 3758 Judzeos
3195 3703 3482 3772 pellebant.

1916 3796 2070 3863 Quod
2124 3796 2407 3866 aliquoties
2470 3795 2668 3850 factum
2704 3794 2860 3848 facile
2922 3794 3325 3854 intellexerunt,
3393 3794 3483 3861 qui

1916 3904 2039 3944 cum
2109 3903 2175 3943 eo
2227 3893 2404 3942 erant.
2478 3886 2663 3956 Itaque
2723 3885 2892 3956 Moysi
2965 3884 3120 3940 ulnas
3193 3883 3486 3937 subeuntes

1915 3979 2127 4034 occulta
2174 3978 2406 4048 quadam
2434 3978 2501 4033 de
2537 3992 2702 4032 causa
2759 3977 3034 4048 graviores
3067 3975 3240 4028 factas
3293 3990 3486 4026 manus

1915 4071 2034 4140 ejus
2063 4071 2460 4134 sustentabant.
2499 4067 2691 4123 Verum
2717 4067 2843 4137 quia
2882 4065 3261 4120 imbecilliores
3308 4077 3482 4120 eram.

1917 4177 2076 4232 quam
2099 4169 2158 4215 ut
2187 4168 2410 4231 possent
2450 4166 2655 4214 rectum
2701 4158 2907 4212 diutius
2939 4155 3162 4225 Moysen
3190 4154 3480 4208 susﬁnere.

1916 4253 2096 4322 lapide
2143 4252 2221 4307 illi
2253 4253 2307 4305 in
2335 4251 2516 4307 sedem
2551 4249 2832 4320 supposito
2889 4245 3106 4300 facilius
3159 4243 3489 4296 adminiculo

263 4328 386 4400 ὁρμῇ
407 4346 422 4361 ⁸
455 4334 485 4386 δ
520 4335 591 4405 δὴ
643 4337 894 4400 συνέντες
932 4339 982 4391 οἱ
1019 4341 1367 4410 παρεστῶτες
1403 4343 1573 4414 αὐτῷ,
1602 4345 1815 4416 βαρείας

1924 4343 2236 4406 effecerunt,
2261 4349 2319 4394 nt
2343 4355 2536 4394 manus
2578 4341 2631 4392 in
2670 4337 2868 4392 caelum
2894 4336 3100 4390 levatas
3127 4334 3333 4388 diutius
3363 4334 3487 4384 reti-

264 4431 312 4468 τε
342 4424 429 4472 καὶ
458 4423 841 4496 δυσκινήτους,
887 4427 951 4480 ἐκ
995 4445 1140 4493 τινος
1188 4431 1572 4503 κεκρυμμένης
1616 4434 1813 4501 αἰτίας,

262 4509 341 4561 τοῦ
372 4513 657 4578 Morrisio);
685 4517 784 4582 τὰς
830 4521 1016 4589 χεῖρας
1047 4523 1437 4592 γεγενημένας,
1481 4525 1817 4595 ἑκατέρωθεν

264 4596 547 4666 laneam;
580 4606 889 4676 ὑπήρειδον.
943 4608 1094 4662 Ἐπεὶ
1133 4610 1191 4663 δὲ
1237 4611 1612 4683 ἀσθενέστεροι
1655 4610 1814 4686 ἦσαν,

262 4687 290 4754 ἦ
327 4691 461 4746 ὥστε
508 4697 728 4767 ἀνέχειν
759 4698 920 4751 αὑτὸν
962 4700 1020 4752 ὲν
1053 4700 1220 4771 ὀρθίῳ
1261 4701 1336 4771 τῷ
1385 4704 1640 4773 σχήματι,
1687 4705 1820 4774 λίθῳ

261 4781 346 4847 τὴν
376 4785 648 4857 καθέδραν
677 4788 841 4842 αὑτοῦ
866 4791 1268 4860 ύπερείσαντες,
1294 4792 1466 4856 οὕτως
1494 4796 1574 4857 είς
1595 4795 1820 4864 οὐρανὸν

262 4871 493 4944 ἐπαίρειν
540 4871 636 4930 τὸν
683 4880 918 4932 Μωῦσέα
960 4880 1026 4933 δι’
1066 4882 1272 4934 ἑαυτῶν
1298 4881 1394 4944 τὰς
1422 4887 1607 4954 χεῖρας
1637 4879 1821 4956 ὲδποίη-

265 4975 381 5012 σαν
425 4961 488 5019 οὗ
537 4969 830 5038 γενομένου
876 4969 1016 5022 κατά
1053 4969 1250 5040 κράτος
1292 4971 1517 5040 ἡττᾶται
1566 4971 1667 5022 ὑπὸ
1709 4971 1818 5024 τῶν

276 5051 612 5125 Ἰσραηλιτῶν
648 5060 706 5112 τὸ
742 5060 1054 5128 ἀλλόφυλον.
1099 5061 1218 5113 Ἐπὶ
1245 5061 1302 5114 δὲ
1328 5060 1422 5113 τοῦ
1463 5059 1626 5114 αὐτοῦ
1651 5061 1816 5114 τόπου

266 5141 346 5207 τῆς
392 5147 626 5216 νεφέλης
665 5149 944 5219 μενούσης,
989 5151 1025 5221 ἡ
1055 5151 1361 5222 ,καθηγεῖτο
1402 5151 1495 5204 τοῦ
1543 5151 1673 5205 λαοῦ
1716 5153 1818 5222 τῆς

269 5236 474 5301 κυβείας
492 5255 508 5268 ·
547 5240 756 5310 ἀνάγκη
781 5244 928 5308 πᾶσα
951 5239 1038 5312 ἦν,
1071 5243 1317 5313 μηδὲιτὸν
1341 5245 1468 5300 λαὸν
1501 5245 1818 5315 μετανιστα-

273 5320 411 5384 αθιι,
467 5328 691 5395 μηδενὸς
734 5331 884 5393 δντος
933 5332 1024 5384 τοῦ
1073 5333 1481 5409 καθηγουμένου
1534 5333 1670 5405 πρὸς
1718 5334 1818 5404 τὴν

277 5414 613 5506 μετάστασιν.
653 5421 836 5483 υῦτως
882 5421 938 5474 δὲ
985 5423 1162 5486 αὐτοῖς
1189 5427 1427 5506 ἀμογητὶ
1457 5426 1560 5496 τῆς
1593 5427 1729 5499 πρὸς
1755 5425 1816 5479 τδ

1918 4443 2092 4489 neret.
2120 4432 2239 4498 Quo
2263 4431 2405 4485 facto
2429 4430 2534 4484 fusi
2563 4429 2784 4484 omnino
2813 4426 3092 4496 fugatique
3130 4425 3314 4478 hostes
3339 4432 3485 4476 sunt.

1919 4523 2054 4580 Cum
2085 4530 2263 4578 autem
2301 4521 2490 4576 eodem
2519 4520 2573 4574 in
2633 4520 2752 4572 loco
2791 4518 2962 4572 nubes
2984 4522 3223 4570 maneret
3241 4530 3361 4584 quae
3389 4530 3481 4582 po-

1919 4615 2032 4686 puli
2068 4615 2166 4668 viaa
2203 4613 2312 4668 dux
2341 4618 2476 4677 erat,
2512 4625 2612 4665 nec
2639 4609 2814 4679 ipsum
2847 4608 3103 4679 populum
3126 4607 3232 4660 alio
3262 4604 3488 4659 commi-

1921 4719 2332 4778 grarenecesse
2384 4704 2541 4772 plane
2593 4701 2712 4766 fuit,
2759 4716 2879 4755 cum
2909 4699 3100 4766 ducem
3150 4696 3488 4770 migrationis

1921 4814 2031 4853 non
2075 4796 2323 4851 haberet.
2359 4795 2450 4850 Sic
2480 4810 2609 4864 ergo
2641 4807 2764 4847 cum
2809 4791 2875 4846 ad
2903 4793 3100 4846 victum
3142 4790 3250 4844 illis
3284 4791 3488 4858 absque

1921 4889 2102 4943 labore
2147 4895 2344 4941 cuncta
2403 4891 2770 4954 suppeterent,
2827 4898 2952 4938 cum
2991 4897 3085 4937 aer
3114 4895 3330 4937 sursum
3382 4881 3487 4934 illis

1921 4994 2113 5047 panem
2149 4977 2447 5047 deplueret,
2488 4977 2742 5029 deorsum
2777 4987 2905 5027 vero
2930 4987 3092 5041 rupes
3120 4978 3305 5040 potum
3343 4984 3484 5038 pra:-

1924 5069 2093 5132 beret,
2119 5082 2417 5136 rursusque
2450 5065 2621 5119 nubes
2649 5078 2863 5118 omnem
2895 5062 3020 5116 cmli
3055 5061 3352 5114 molestiam
3384 5061 3489 5112 mi-

1922 5160 2154 5230 tigaret:
2201 5157 2280 5212 sic
2316 5167 2373 5211 ut
2421 5156 2652 5210 interdiu
2703 5164 2890 5208 aestum
2939 5161 3166 5214 arceret,
3221 5159 3274 5206 et
3321 5160 3483 5205 noctu

1921 5251 2169 5305 ﬂammeo
2198 5250 2431 5320 quodam
2486 5248 2697 5319 fulgore
2724 5246 2976 5300 tenebras
3029 5243 3337 5313 dissiparet,
3369 5243 3485 5296 sine

1922 5343 2169 5397 molestia
2204 5342 2256 5395 in
2289 5342 2380 5395 illa
2409 5340 2609 5394 deserti
2639 5339 2856 5408 regione
2880 5335 3154 5390 montibus
3183 5330 3482 5401 subjacenti

1923 5431 2300 5495 versabantur,
2341 5431 2394 5483 in
2418 5445 2522 5499 qua
2549 5431 2823 5484 exercitus
2845 5437 3023 5482 castra
3057 5432 3332 5492 posuerat.

281 5497 362 5564 ἷῇν
390 5506 646 5600 εὐῷρξας
672 5511 968 5582 παρούσης,
998 5515 1190 5571 ἄνωθεν
1221 5497 1320 5600 με.)
1348 5497 1448 5582 eo!)
1479 5497 1651 5589 dépo;
1670 5520 1883 5590 ἕτοιμον
1911 5521 2090 5585 αὐτοῖς
2127 5519 2309 5585 ὕοντος
2334 5497 2516 5592 ἄρτον,
2541 5520 2780 5575 κάτωθεν
2804 5519 2858 5573 δὲ
2881 5519 2977 5587 τῆς
3005 5515 3204 5587 πέτρας
3233 5513 3294 5564 τὸ
3326 5510 3482 5567 ποτδν

284 5596 639 5665 παρεβύτης,
684 5604 779 5671 τῆς
814 5604 856 5655 δ’
905 5600 970 5657 αὖ
1014 5596 1231 5686 νεφέλης
1257 5630 1357 5704 τὴν
1421 5613 1691 5682 ὕπαιθρον
1748 5613 1938 5681 ἀηδίαν
1986 5613 2425 5681 θερατκυούσης,
2471 5613 2546 5676 ὼς
2581 5612 2689 5665 καὶ
2729 5611 2827 5667 τοῦ
2866 5608 3100 5668 θάλπους
3140 5605 3487 5677 διατείχισμα
