4088 6210
528 238 634 297 315
1733 236 1791 291 S.
1834 233 2142 291 GREGORIT

2245 234 2484 290 YSSENI
3664 234 3787 290 316

544 346 779 430 ηενέσθαι
821 347 886 417 τῇ
919 343 1118 416 ἡμέρᾳ,
1164 344 1257 398 καὶ
1302 346 1368 416 τῇ
1403 345 1558 400 νυκτὶ
1591 346 1736 400 λύειν
1780 346 1871 400 τὸν
1904 345 2080 414 ζόφον,
2112 349 2168 401 ὲν
2208 347 2347 416 αὐγῇ
2376 362 2480 398 τινι
2519 346 2790 419 πυροειδεῖ
2818 341 3308 414 καταλάμπουσανο
3347 344 3548 408 ἄλυπος
3590 346 3788 410 αὐτοῖς

533 436 600 511 Ϊιν
626 440 660 508 ἡ
690 453 828 490 κατα
856 435 951 507 τὴν
980 434 1180 506 ἔρημον
1209 434 1422 504 ἐκείνην
1450 435 1507 488 ἐν
1535 437 1601 507 τῇ
1633 435 1878 506 ὑπωρείᾳ
1915 435 2007 486 τοῦ
2037 437 2197 506 ὅρους
2231 435 2500 504 διατριϐὴ,
2525 433 2644 487 καθ’
2674 434 2742 504 ἢν
2767 433 2948 504 ῖδρυτο
2974 434 3034 485 τὸ
3064 432 3439 502 στρατόπεδον.

610 528 704 582 llis
775 529 849 582 ita
893 525 1051 581 factis
1114 526 1320 596 majora
1375 528 1782 604 occultioraque
1847 529 2100 598 mysteria
2130 557 2142 594 λ

2287 529 2373 580 Ἐν
2405 526 2576 597 τούτῳ
2598 527 2655 579 δὲ
2682 527 2788 580 καί
2802 543 2948 590 τινος
2973 526 3153 587 αὐτοῖς
3173 523 3611 596 ἀπρῤητοτὲρας
3641 526 3794 596 μυή-

543 619 702 684 Dens,
734 629 784 673 et
811 619 986 688 ipsum
1013 617 1290 671 ductorem
1315 625 1366 671 et
1392 606 1644 698 populum
1687 619 1957 686 instruere
1979 632 2104 672 cum

2242 633 2349 680 sui;
2393 616 2421 667 ὁ
2469 617 2707 686 Μωῦσῆς
2749 615 3069 685 καθηγεῖτο’
3113 613 3280 683 αὐτῆς
3314 614 3412 684 τῆς
3442 612 3592 698 θείας
3621 613 3795 666 δυνά-

543 710 823 772 voluisset,
863 707 1116 776 praecepit
1169 707 1368 778 populo
1411 694 1507 778 per
1552 707 1772 779 Moysen
1806 708 1870 772 ⁸⁸,
1905 715 1964 762 ut
1995 716 2106 761 tam

2242 725 2376 772 ιεως,
2422 707 2508 760 διὰ
2565 707 2673 761 τῶν
2706 708 2847 778 ὑπὲρ
2875 707 3030 775 λόγον
3077 705 3384 776 θαυμάτων,
3417 694 3509 756 τόν
3565 721 3624 780 1f
3655 703 3800 757 λαὸν

545 814 772 870 corpore
800 811 962 866 quam
1002 797 1182 851 animo
1211 797 1447 852 mundus
1493 797 1664 862 ﬁeret,
1696 799 1831 853 adeo
1861 806 1919 851 ut
1945 799 2107 854 etiam

545 891 613 944 ab
647 890 778 959 ipsis
828 887 1090 943 uxoribus
1152 895 1303 943 certo
1347 889 1584 958 quodam
1630 889 1840 944 dierum
1885 901 2112 942 numero

545 981 857 1057 abstineret,
931 979 1445 1049 aspersionibusque
1489 979 1814 1050 quibusdam
1869 979 2113 1034 maculas

545 1072 895 1141 abstergeret,
925 1077 983 1124 ut
1007 1070 1154 1124 omni
1203 1069 1320 1126 labe
1347 1071 1514 1126 animi
1568 1071 1922 1142 corporisque
1952 1071 2117 1139 depo-

545 1162 671 1225 sita,
720 1161 955 1216 mundus
987 1161 1055 1215 ad
1110 1169 1347 1216 montem
1390 1161 1541 1216 Sinai
1589 1173 1773 1233 posset
1819 1161 2112 1228 accedere;

547 1251 636 1319 qni
660 1249 876 1318 quidem
908 1264 1064 1302 mons
1096 1250 1306 1303 ratione
1333 1250 1613 1305 utentibus
1647 1249 1821 1304 solum
1863 1248 1954 1303 illo
1984 1257 2120 1303 tem—

550 1354 682 1408 pore
705 1339 910 1392 aditum
968 1340 1276 1408 praestabat,
1320 1355 1496 1410 neque
1552 1339 1635 1394 his
1697 1339 1971 1405 omnibus,
2022 1337 2120 1392 sed

551 1430 685 1484 viris
739 1428 1124 1484 solummodo:
1176 1443 1275 1484 nec
1327 1429 1460 1484 viris
1493 1429 1655 1484 etiam
1701 1428 1974 1492 omnibus,
2025 1425 2122 1481 sed

554 1519 661 1574 illis
687 1525 920 1583 tantum,
959 1520 1052 1588 qui
1103 1519 1389 1588 diligenter
1423 1534 1452 1572 a
1511 1535 1568 1574 se
1602 1533 1816 1572 omnem
1856 1517 2123 1571 maculam

553 1610 908 1679 expulissent.
945 1606 1191 1662 Studium
1222 1617 1398 1663 autem
1429 1610 1683 1662 omnibus
1717 1616 1834 1663 erat
1859 1622 1967 1663 non
1997 1615 2127 1676 par:

2211 799 2418 858 πάντα.
2448 798 2542 851 καὶ
2574 798 2733 851 αὐτὸν
2780 797 2871 851 τὸν
2909 795 3256 866 καθηγεμόνα
3300 793 3798 864 μυσταγωγούσης.

2221 891 2286 944 Ἦ
2334 890 2392 944 δὲ
2458 889 2810 960 μυσταγωγία
2877 887 3064 942 τοῦτον
3131 887 3454 940 ἐπιτελεῖται
3517 885 3608 937 τὸν
3661 884 3804 955 τρό-

2214 995 2348 1032 πον’
2398 979 2698 1048 Προείρητο
2736 977 2812 1047 τῷ
2859 976 2993 1046 λαῷ,
3027 977 3133 1030 τῶν
3178 994 3238 1029 τε
3287 975 3462 1028 ἀλλων
3509 975 3806 1044 μολυσμά-

2214 1084 2322 1120 των
2363 1067 2519 1129 ἐκτὸς
2566 1062 2704 1118 εἶναι
2753 1065 2990 1128 πάντων,
3043 1067 3146 1119 ὅσα
3200 1066 3325 1135 περὶ
3374 1065 3435 1117 τὸ
3492 1064 3653 1134 σῶμα
3699 1064 3806 1115 καὶ

2215 1155 2390 1226 ψυχὴν
2441 1156 2758 1227 καθορᾶται,
2809 1156 2902 1210 καὶ
2951 1153 3428 1226 περιρραπηρίοις
3491 1154 3637 1205 τισὶν
3689 1153 3807 1221 ἀφ·

2218 1243 2564 1312 αγνίσασθαι,
2598 1245 2691 1297 καὶ
2721 1244 2885 1300 αὑτοῦ
2924 1245 2981 1298 δὲ
3031 1244 3124 1298 τοῦ
3175 1244 3352 1312 γάμου
3384 1245 3442 1295 ἐν
3489 1241 3640 1312 ῥητῷ
3689 1259 3807 1294 τινι

2221 1333 2444 1405 ἡμερῶν
2472 1333 2690 1404 ἀριθμῷ
2717 1333 3069 1405 καθαρεῦσαι,
3107 1332 3182 1395 ὡς
3213 1333 3391 1399 πάσης
3422 1329 3702 1400 ἐμπαθοῦς
3739 1347 3808 1382 τε

2223 1424 2318 1476 καὶ
2376 1424 2693 1494 σωματικῆς
2769 1423 3059 1484 διαθέσεως
3133 1421 3507 1484 ἐκπλυθέντα,
3545 1419 3808 1487 καθαρὸν

2227 1515 2432 1578 πάθους
2469 1518 2768 1588 προσϐῆναι
2811 1516 2890 1587 τῷ
2931 1517 3046 1588 δρει
3095 1515 3521 1586 μυηθησόμενον.
3562 1514 3692 1566 Σινᾶ
3747 1513 3811 1564 δὲ

2225 1603 2292 1678 ἦν
2342 1606 2435 1658 τοῦ
2486 1607 2643 1676 ὅρους
2692 1605 2949 1676 τοῦνομα,
2988 1607 3016 1658 ὃ
3069 1606 3250 1675 μόνοις
3282 1603 3489 1672 ἀνείθη,
3542 1601 3679 1655 κατὰ
3709 1600 3811 1652 τὸν

555 1714 704 1763 vum,
733 1715 799 1754 ne
822 1697 948 1766 quid
991 1699 1274 1752 brutornm
1303 1700 1472 1753 monti
1507 1701 1941 1769 appropinquare
1976 1704 2128 1767 pate-

2242 1698 2421 1769 ιιαιρὸν
2464 1698 2688 1760 ἐκεῖνον,
2718 1699 2828 1759 τοῖς
2861 1697 3098 1764 λογικοῖς
3141 1699 3220 1759 είς
3249 1694 3518 1757 ἐπίϐασιν,
3553 1693 3646 1746 καὶ
3677 1689 3814 1743 τού-

555 1796 765 1840 rentur.
818 1785 973 1852 Quod
1032 1787 1078 1840 si
1129 1785 1264 1841 forte
1305 1787 1475 1842 aliter
1517 1788 1814 1850 acciderit,
1861 1787 2126 1856 lapidibus

2242 1805 2338 1842 των
2387 1789 2498 1850 τοῖς
2547 1787 2773 1857 ἀνδράσι
2825 1787 3023 1857 μόνοις,
3079 1789 3174 1839 καὶ
3227 1784 3428 1838 τούτων
3476 1782 3814 1842 πάλιν.τοῖς

558 1879 715 1934 obrui
765 1892 794 1931 a
844 1879 1041 1948 populo
1093 1885 1354 1934 statutum
1399 1888 1547 1945 erat,
1600 1879 1860 1950 quidquid
1911 1879 2129 1932 brutum

2242 1877 2435 1940 παντὸς
2468 1877 2846 1946 ἀφαγνισθεῖσι
2876 1877 3198 1946 μιάσματος.
3235 1875 3450 1944 Φυλακὴ
3483 1875 3539 1927 δὲ
3567 1875 3713 1926 πᾶσα
3740 1867 3816 1941 ἦν

558 1969 710 2040 juxta
737 1978 968 2022 montem
994 1970 1356 2038 apparuisset.
1586 2006 1599 2027 ι

2242 1969 2332 2020 καὶ
2375 1966 2707 2038 προμήθεια,
2751 1967 2844 2019 τοῦ
2885 1968 3046 2037 μηδὲν
3081 1966 3189 2018 τῶν
3217 1967 3424 2034 ἀλόγων
3457 1962 3816 2020 ἐπιϐατεῦσαι

560 2057 654 2114 τοῦ
693 2058 884 2128 ὅρους⁵
925 2058 974 2108 εί
1006 2056 1066 2109 δέ
1116 2075 1218 2110 που
1267 2059 1360 2111 καὶ
1406 2056 1636 2126 γένοιτο,
1699 2054 2130 2126 καταλευσθῆναι
2179 2055 2330 2126 παρά
2359 2055 2451 2108 τοῦ
2482 2053 2612 2108 λαοῦ
2643 2055 2751 2107 πᾶν
2779 2055 2966 2126 ὅτιπερ
3006 2054 3071 2109 ἂν
3117 2049 3184 2124 ἦν
3239 2053 3336 2124 τῆς
3367 2053 3557 2122 ἀλόγου
3596 2051 3818 2120 φύσεως

557 2149 706 2205 ’κατά
734 2149 795 2202 rb
825 2148 950 2217 ὅρος
986 2146 1323 2217 φαινόμενον.

637 2240 734 2297 His
784 2239 858 2293 ita
890 2237 1199 2308 dispositis,
1241 2239 1296 2292 in
1334 2253 1531 2293 sereno
1564 2238 1652 2297 die
1687 2239 1867 2296 'subito
1900 2234 2138 2290 tenebris

2308 2231 2442 2289 Εἶτα
2477 2235 2538 2288 τὸ
2589 2234 2831 2308 ἐναέριον
2876 2238 2988 2304 φῶς
3028 2239 3093 2292 ἐκ
3129 2235 3374 2308 καθαρᾶς
3418 2235 3630 2307 αἰθρίας
3663 2235 3817 2305 ζόφῳ

565 2343 724 2382 rrcns
770 2328 1142 2383 circumdatus
1187 2326 1308 2391 fuit,
1338 2336 1390 2380 et
1409 2329 1549 2399 ignis
1582 2336 1636 2382 et
1668 2325 1848 2382 medio
1877 2323 2134 2380 tenebra-

567 2432 693 2471 rum
717 2419 1004 2486 exsiliens,
1039 2434 1103 2473 ac
1129 2426 1325 2484 totum,
1354 2427 1414 2472 ut
1439 2419 1748 2483 videbatur,
1777 2417 1984 2473 montis
2018 2424 2132 2468 tra-

568 2515 717 2562 ctum
740 2508 1067 2578 depascens,
1090 2511 1331 2566 terrebat
1351 2512 1775 2582 prospicientes,
1801 2524 1924 2563 cum
1946 2513 2132 2563 essent

574 2597 727 2651 fumo
761 2606 922 2668 atque
965 2597 1196 2668 caligine
1226 2600 1406 2654 omnia
1445 2595 1682 2668 repleta;
1722 2599 2024 2653 adducebat
2063 2605 2146 2652 ta-

573 2702 697 2742 men
731 2687 797 2741 ad
861 2695 1098 2742 montem
1144 2689 1400 2757 p0pulum
1445 2687 1678 2760 Moyses,
1741 2689 1989 2758 quamvis
2026 2688 2142 2756 ipse

573 2793 788 2849 quoque
811 2777 1187 2848 hujuscemodi
1219 2780 1339 2852 visu
1360 2780 1554 2834 timore
1578 2781 1860 2849 perculsus
1904 2779 1978 2832 ita
2002 2785 2141 2843 erat,

578 2879 637 2925 ut
666 2869 939 2925 lsraelitas
960 2872 1137 2925 eelare
1157 2869 1210 2924 id
1239 2871 1462 2925 minime
1489 2880 1707 2941 posset:
1740 2872 1835 2928 sed
1867 2871 1950 2926 vel
1974 2871 2146 2940 ipsius

577 2961 825 3032 corporis
883 2961 1119 3016 motibus
1169 2969 1495 3016 commotum
1564 2976 1624 3017 se
1693 2961 1998 3032 patefecit:
2051 2975 2150 3016 nec

578 3056 726 3106 enim
759 3060 985 3106 tantum'
1033 3067 1130 3122 per
1151 3052 1358 3116 oculos,
1392 3052 1744 3107 verumetiam
1772 3069 1867 3122 per
1902 3052 2149 3106 auditum

579 3154 756 3199 terror
781 3144 991 3198 animas
1020 3143 1306 3198 invadebat
1335 3162 1360 3216 κε
1385 3158 1508 3197 cum
1539 3145 1756 3199 ctelitus
1779 3145 2015 3199 terriﬁca
2045 3160 2149 3200 vox

581 3233 828 3305 quaedam
860 3233 916 3286 in
948 3241 1143 3286 cuncta
1177 3233 1421 3302 subjecta
1468 3235 1712 3289 locorum
1759 3235 1932 3304 spatia
1965 3251 2150 3290 erum-

585 3332 754 3395 peret,
780 3323 939 3392 cujus
968 3323 1175 3392 primus
1223 3324 1440 3393 quidem
1469 3327 1703 3395 impetus
1737 3325 1980 3394 cujusvis
2003 3327 2148 3380 auri-

2236 2326 2686 2398 κατεμελαίνετο,
2739 2327 2814 2390 ὡς
2855 2326 3081 2396 ἀόρατον
3131 2328 3379 2396 γενέσθαι
3433 2328 3495 2380 τὸ
3549 2325 3689 2397 ὅρος,
3753 2328 3818 2378 ἐν

2238 2419 2422 2489 κύκλῳ
2475 2419 2554 2489 τῷ
2602 2419 2784 2490 γνόφῳ
2839 2419 3243 2488 διειλημμένονο
3300 2419 3408 2488 πῦρ
3469 2435 3528 2470 τε
3592 2419 3654 2469 ἐκ
3715 2416 3816 2468 τοῦ

2239 2511 2438 2580 γνόφου
2494 2508 2902 2579 διαφαινόμενον
2964 2509 3198 2580 φοϐερὰν
3257 2508 3424 2561 ἐποίει
3479 2511 3588 2570 τοῖς
3643 2506 3815 2577 όρῶσι

2237 2601 2337 2671 τὴν
2376 2600 2517 2669 ὄψιν,
2552 2600 2882 2671 πανταχόθεν
2924 2600 3022 2670 τὴν
3071 2599 3328 2669 περιοχὴν
3370 2597 3463 2650 τοῦ
3501 2597 3659 2667 ὅρους
3691 2599 3816 2649 ἐπι-

2247 2691 2592 2761 ϐοσκόμενον,
2621 2690 2696 2755 ὡς
2733 2692 2826 2744 καὶ
2858 2690 3048 2760 καπνῷ
3082 2690 3168 2743 διά
3194 2690 3294 2759 τῆς
3330 2689 3422 2742 τοῦ
3460 2689 3628 2760 πυρὸς
3681 2691 3818 2741 ὑπο-

2244 2782 2449 2852 δρομῆς
2494 2781 2637 2836 ἅπαν
2686 2783 2748 2834 τὸ
2806 2782 3123 2851 φαινόμενον
3172 2781 3558 2850 ὑποτύφεσθαι.
3604 2781 3819 2847 Ἤγεῖτο

2243 2872 2298 2925 δὲ
2343 2871 2435 2925 τοῦ
2498 2872 2628 2925 λαοῦ
2695 2874 2725 2925 ό
2787 2873 3024 2942 Μωῦσῆς
3092 2870 3229 2942 πρὸς
3276 2871 3372 2942 τὴν
3431 2871 3646 2934 ἄνοδον,
3695 2871 3818 2923 οὐδὲ

2247 2962 2404 3025 αὐτὸς
2439 2961 2656 3032 θαρρῶν
2695 2962 2757 3015 τὸ
2792 2961 3095 3033 ὁρώμενον,
3145 2960 3280 3014 ἀλλά
3303 2949 3676 3030 κατεπτηκὼς
3713 2959 3818 3030 τὴν

2245 3045 2421 3124 ψυχὴν
2456 3053 2560 3106 ὑπὸ
2596 3053 2779 3118 δέους,
2826 3053 2918 3106 καὶ
2955 3052 3015 3104 τὸ
3059 3052 3218 3122 σῶμα
3258 3051 3334 3120 τῷ
3381 3052 3528 3121 φόϐῳ
3578 3068 3820 3120 συγκρα-

2251 3145 2577 3216 δαινόμενος,
2606 3145 2681 3208 ὡς
2731 3145 2865 3216 μηδὲ
2909 3145 3053 3214 πρὸς
3073 3146 3198 3208 τοὺς
3239 3144 3570 3215 Ἰσραηλίτας
3613 3145 3672 3196 τὺ
3706 3145 3816 3199 πά-

2211 3279 2222 3292 ,
2254 3237 2344 3300 θος
2392 3237 2490 3308 τῆς
2538 3236 2717 3306 ψυχῆς
2755 3235 3205 3307 ἐπικρύπτεσθαι,
3251 3237 3529 3306 ὁμολογεῖν
3579 3253 3637 3288 τε
3682 3235 3818 3306 πρὸς

2254 3328 2450 3389 αὐτοὺς
2488 3326 2549 3378 τὸ
2597 3324 3048 3397 καταπεπλῆχθαι
3085 3329 3197 3390 τοῖς
3227 3327 3586 3396 φαινομένοις,
3621 3327 3709 3379 καὶ
3741 3326 3818 3396 μὴ

582 3417 685 3470 bus
716 3414 1073 3469 intolerabilis
1117 3415 1359 3470 buccina:
1407 3416 1644 3470 sonitum
1676 3415 1946 3471 referebat
1981 3437 1993 3471 :
2059 3416 2142 3473 sed

2256 3420 2511 3491 ἀτρεμεῖν
2542 3419 2600 3472 ἐν
2626 3418 2705 3489 τῷ
2753 3418 2984 3496 σώματι.
3012 3414 3120 3472 Ἦν
3156 3418 3265 3488 γὰρ
3305 3417 3366 3471 τὸ
3409 3419 3721 3488 φαινόμενον
3755 3417 3815 3469 οὐ

585 3521 800 3561 onmem
834 3505 1099 3574 ejusmodi
1134 3508 1506 3577 exemplorum
1541 3515 1799 3564 terrorem
1840 3508 2154 3572 excedebat,

587 3606 899 3672 quantoque
919 3598 1091 3668 magis
1113 3599 1575 3668 progrediebatur,
1598 3608 1750 3656 tanto
1779 3600 2158 3656 terribiliorem

588 3704 782 3744 sonum
804 3689 1029 3757 edebat;
1058 3705 1160 3744 vox
1183 3702 1361 3746 autem
1401 3693 1492 3746 illa
1511 3687 1630 3748 "fuit
1665 3693 1979 3748 articulata.
2022 3693 2155 3746 Nam

588 3793 682 3834 aer
711 3780 919 3850 absque
934 3781 1212 3836 voe‘alibus
1235 3781 1613 3838 instrumentis
1631 3798 1740 3838 non
1774 3784 1988 3838 inanem
2029 3798 2156 3838 ora-

589 3871 815 3934 tionem,
846 3870 943 3925 sed
990 3871 1390 3941 signiﬁcantem
1420 3873 1602 3929 divina
1626 3874 1896 3930 formabat
1933 3876 2159 3939 virtute,

590 3977 711 4032 quae
761 3963 960 4031 p0pulo
1016 3961 1163 4034 leges
1211 3971 1375 4034 atque
1425 3963 1674 4020 instituta
1732 3965 1985 4035 ponebat.
2034 3965 2163 4030 Quae

591 4053 772 4107 omnia
804 4069 925 4108 cum
955 4051 1098 4108 ferre
1131 4054 1364 4122 populus
1394 4069 1503 4109 non
1545 4064 1753 4124 posset,
1791 4057 2105 4126 impetravit
2133 4071 2164 4110 a

591 4143 795 4215 Moyse,
823 4153 929 4198 uta
959 4144 1090 4209 Deo,
1116 4145 1238 4214 ipso
1262 4145 1556 4208 mediante,
1586 4146 1672 4200 lex
1702 4147 1806 4200 sibi
1833 4146 2163 4213 traderetur,

594 4248 696 4288 nec
729 4249 788 4288 se
833 4233 1128 4304 quidquam
1162 4219 1742 4298 retractaturumfsed
1787 4235 1967 4290 omnia
1995 4234 2163 4291 sicuti

594 4325 663 4380 ab
694 4320 819 4393 ipso
847 4323 956 4380 Deo
1007 4339 1102 4393 per
1155 4323 1376 4394 Moysen
1417 4325 1522 4381 sibi
1558 4327 1776 4390 tradita,
1832 4326 2166 4381 crediturum

596 4414 834 4469 asseruit
875 4432 889 4467 :
924 4414 998 4468 ita
1050 4417 1287 4484 populus
1326 4415 1545 4485 quidem
1577 4415 1644 4470 ad
1691 4415 1937 4486 subjecta
1967 4417 2170 4473 montis

596 4507 714 4560 loca
752 4503 1260 4577 relabitur.Moyses
1301 4523 1430 4561 vero
1452 4509 1602 4563 solus
1632 4508 1687 4562 in
1718 4517 1900 4563 monte
1925 4509 2166 4573 relictus,

2255 3509 2493 3564 τοιοῦτον
2540 3510 2718 3578 μόνον,
2765 3500 2874 3562 οἷον
2933 3508 3192 3579 ἔκπληξιν
3249 3511 3315 3578 τῇ
3382 3505 3525 3577 ψυχῇ
3581 3506 3662 3559 διὰ
3709 3505 3819 3558 τῶν

2259 3601 2548 3672 ὀφθαλμῶν
2575 3604 2890 3672 ἐμποιῆσαι,
2920 3599 3055 3653 ἀλλά
3094 3599 3180 3653 διὰ
3223 3602 3321 3670 τῆς
3352 3600 3519 3669 ἀκοῆς
3552 3600 3819 3667 είσηχεῖτο

2259 3695 2326 3747 τὰ
2368 3692 2600 3763 φοϐερά’
2632 3694 2814 3763 φωνῆς
2855 3691 3058 3746 ἄνωθεν
3106 3690 3560 3759 καταπληκτικῶς
3603 3693 3821 3760 επιρρη.

2259 3785 2531 3862 γνυμένης
2559 3785 2644 3852 ἐφ’
2671 3785 2814 3838 ἅπαν
2859 3783 2921 3835 τὸ
2959 3782 3334 3852 ὑποκείμενον,
3370 3777 3439 3853 ἦς
3483 3782 3689 3850 χαλεπὴ
3723 3781 3821 3851 μὲν

2263 3868 2354 3930 καὶ
2380 3879 2412 3949 ἡ
2447 3874 2634 3944 πρώτη
2658 3872 2927 3944 προσϐολὴ
2959 3873 3053 3926 καὶ
3078 3873 3216 3942 ἀκοῇ
3253 3871 3398 3942 πάσῃ
3445 3871 3822 3933 δυσέντευκτος

2261 3962 2358 4039 ἦν’
2406 3967 2464 4020 ἐν
2506 3965 2778 4036 ὁμοιότητι
2816 3963 2914 4033 μὲν
2941 3966 3038 4033 τῆς
3080 3962 3188 4015 τῶν
3224 3962 3537 4031 σαλπίγγων
3566 3963 3703 4031 ὴχῆς
3735 3977 3822 4029 γι-

2264 4058 2518 4130 γνομένη,
2554 4056 2823 4126 παριοῦσα
2864 4056 2920 4109 δὲ
2943 4055 3019 4126 τῷ
3047 4055 3259 4126 φοϐερῷ
3285 4057 3373 4109 καὶ
3405 4053 3822 4125 καταπληκτικῷ

2263 4155 2362 4222 τῆς
2409 4152 2590 4220 φωνῆς
2629 4149 2772 4202 ἅπαν
2819 4145 3055 4200 τοιοῦτον
3095 4147 3395 4216 ὑπόδειγμα
3419 4161 3433 4178 ο
3479 4143 3824 4214 φοϐερωτέρα

2265 4241 2320 4294 δὲ
2372 4235 2634 4310 προϊοῦσα
2676 4236 2938 4304 ἐγίγνετο,
2986 4236 3072 4288 ἀεὶ
3114 4235 3248 4307 πρὸς
3283 4236 3347 4289 τὸ
3375 4233 3823 4304 καταπληκτικώ-

2266 4348 2421 4402 τερον
2452 4328 2541 4383 διὰ
2579 4328 2893 4399 προσθήκης
2941 4327 3030 4379 τὸν
3075 4322 3207 4396 ἦχον
3256 4328 3422 4397 αὐτῆς
3466 4327 3823 4379 ἐπιτείνουσα.

2279 4421 2344 4474 Ἦ
2388 4420 2445 4473 δὲ
2476 4418 2627 4488 φωνὴ
2677 4417 2813 4486 αὕτη
2847 4417 3104 4488 ἔναρθρος
3137 4413 3225 4487 ἦν,
3271 4417 3390 4488 θείᾳ
3422 4418 3665 4486 δυνάμει,
3707 4416 3828 4486 δίχα

2269 4511 2376 4565 τῶν
2421 4509 2738 4580 φωνητικῶν
2781 4509 3052 4578 ὀργάνων,
3095 4508 3189 4560 τοῦ
3243 4507 3404 4578 ἀέρος
3455 4506 3825 4578 διαρθροῦντος

596 4603 786 4650 contra
826 4610 988 4664 quam
1031 4598 1210 4650 caeteri
1263 4598 1508 4653 homines
1555 4599 1662 4668 pati
1705 4601 1903 4665 solent,
1946 4599 2138 4656 aﬁ‘ectu

2269 4598 2359 4651 τὸν
2388 4597 2563 4666 λόγον.
2603 4591 2709 4648 Ἦν
2753 4595 2809 4648 δὲ
2851 4597 2880 4648 ὁ
2915 4595 3072 4663 λόγος
3097 4596 3195 4647 οὐκ
3233 4597 3351 4666 εἰκῆ
3393 4594 3822 4666 διαρθρούμενος,

597 4693 701 4740 est.
731 4683 864 4738 Nam
891 4699 1014 4738 cum
1061 4687 1241 4740 caeteri
1275 4704 1464 4743 omnes
1493 4687 1722 4744 desolati
1756 4694 1948 4764 magis,
1990 4695 2044 4748 in
2072 4709 2134 4750 so

2270 4690 2385 4745 ἀλλ’
2417 4687 2720 4757 ἐνομοθέτει
2747 4686 2816 4738 τὰ
2845 4686 2962 4739 θεῖα
2992 4686 3311 4756 διδάγματα.
3345 4687 3452 4738 Καὶ
3477 4687 3508 4754 ἡ
3545 4685 3642 4754 μὲν
3680 4684 3826 4755 φωνὴ

599 4776 795 4830 cietate
833 4775 1014 4829 minus
1052 4775 1299 4840 timeant,
1337 4777 1451 4846 ipse
1478 4778 1772 4835 derelictus
1815 4784 1966 4838 solus
1999 4784 2139 4837 auda

2268 4779 2552 4850 προϊοῦσα,
2575 4777 2639 4829 δι’
2669 4775 2958 4837 ἐπιδόσεως
2981 4773 3195 4843 ηὗξετο,
3221 4774 3314 4826 καὶ
3351 4773 3608 4844 ὑπερήχει
3633 4773 3828 4842 ἑαυτὴν

598 4868 718 4923 cior
743 4866 918 4921 factus
949 4875 1052 4921 est.
1081 4867 1237 4923 Unde
1265 4869 1458 4938 patuit,
1485 4886 1593 4925 non
1616 4881 1674 4926 ut
1697 4853 1953 4928 timidum
1980 4891 2140 4944 quem

2265 4873 2298 4940 ή
2332 4864 2585 4934 σάλπιγξ,
2613 4865 2710 4927 τὰς
2740 4863 3115 4934 προλαϐοῦσας
3153 4862 3334 4932 φωνὰς
3373 4862 3456 4914 ἀεὶ
3481 4864 3600 4925 ταῖς
3638 4859 3829 4931 ἐφεξῆς

602 4958 724 5012 dam
752 4957 1097 5027 perterritum
1133 4959 1188 5012 in
1226 4961 1494 5031 principio
1529 4962 1724 5028 fuisse,
1757 4965 1849 5020 sed
1905 4965 2142 5019 eharitat

2267 4958 2698 5030 ὑπερϐάλλουσα.
2755 4956 2815 5009 '0
2847 4955 2902 5007 δὲ
2930 4955 3057 5018 λαὸς
3086 4955 3230 5018 ἅπας
3271 4956 3446 5025 ἥττων
3486 4950 3573 5025 ἦν,
3618 4953 3649 5022 ἢ
3690 4951 3828 5004 ὥστε

603 5045 844 5100 timentis
911 5047 1096 5114 populi
1159 5047 1328 5104 fuisse
1397 5061 1750 5108 commotum.
1811 5053 1991 5119 Quare
2045 5070 2142 5108 cun

2267 5046 2554 5119 ἀνέχεσθαι
2592 5047 2652 5098 τὸ
2686 5046 3005 5116 φαινόμενόν
3037 5062 3094 5098 τε
3121 5045 3214 5098 καὶ
3251 5045 3576 5114 ἀκουόμενον
3597 5061 3608 5072 ο
3627 5033 3712 5094 ’διὸ
3735 5043 3829 5095 καὶ⁸

603 5137 760 5208 quasi
784 5152 922 5192 onus
947 5138 1216 5207 quoddam
1242 5140 1487 5197 timorem
1516 5143 1696 5212 populi
1718 5143 2078 5212 deposuisset,
2106 5159 2142 5198 at

2270 5139 2424 5210 κοινὴ
2449 5136 2597 5208 παρά
2621 5136 2836 5189 πάντων
2859 5136 3071 5205 αἴτησις
3110 5135 3442 5206 προσάγεται
3477 5132 3555 5203 τῷ
3589 5132 3826 5198 Μωῦσεῖ,

605 5228 662 5283 in
692 5242 750 5284 se
781 5227 900 5296 ipso
925 5228 1099 5284 factus
1129 5239 1293 5296 esset,
1327 5241 1456 5286 tunc
1503 5235 1663 5288 etiam
1699 5236 1754 5287 in
1783 5233 1954 5303 ipsam
1985 5234 2142 5305 caligi

2271 5231 2339 5284 δι’
2367 5229 2575 5283 ἐκείνου
2608 5228 2982 5296 μεσιτευθῆναι
3023 5227 3113 5280 τὸν
3150 5226 3341 5295 νόμον’
3372 5225 3446 5288 ὼς
3478 5225 3576 5276 οὐκ
3609 5223 3831 5292 enim.

604 5335 729 5377 nem
789 5320 1044 5374 audacter
1097 5321 1412 5391 ingreditur.
1472 5323 1658 5393 Itaque
1708 5324 1849 5380 inter
1879 5325 2142 5380 invisibili:

2275 5335 2458 5382 σοντος
2484 5317 2578 5371 τοῦ
2599 5315 2750 5378 λαοῦ,
2785 5314 2924 5368 θεῖον
2951 5311 3089 5370 εἶναι
3105 5314 3490 5386 παράγγελμα,
3522 5314 3629 5366 πᾶν
3650 5312 3832 5382 ὅτιπερ

606 5417 874 5478 versatur,
898 5426 997 5466 nec
1017 5414 1129 5484 jam
1176 5415 1512 5474 intuentibus
1570 5422 1812 5486 apparet.
1847 5413 1982 5472 Nam
2032 5415 2142 5472 divi

2276 5413 2341 5468 ἂν
2469 5411 2594 5481 παρ’
2642 5406 2850 5461 ἐκείνου
2903 5408 3044 5462 κατὰ
3093 5405 3190 5480 τὴν
3239 5405 3442 5462 ἀνωθεν
3493 5399 3834 5458 διδασκαλίαν

686 5599 727 5632 ¹⁸
777 5598 952 5654 Exod.
983 5614 1094 5664 xix,
1131 5597 1162 5653 4
1189 5614 1307 5669 sqq.

633 5728 697 5751 Α
