4088 6210
1747 139 1782 166 κ

351 245 438 302 317

1603 235 1692 291 DE
1727 232 1891 289 VlTA
1915 231 2188 289 MOYSIS.

3455 235 3563 292 518

351 355 830 432 παραγγελλόμενον.
881 354 1052 409 Πάλιν
1115 347 1206 408 οὖν
1273 352 1411 423 πρὸς
1451 352 1550 425 τὴν
1603 350 1880 422 ὑπώρειαν

2001 365 2070 404 nae
2099 351 2418 406 initiationis
2454 352 2672 422 adytum
2707 351 2986 422 ingressus
3004 328 3126 405 cum
3161 350 3418 406 invisibili
3451 367 3560 408 non

352 452 534 502 πάντων
575 443 1078 515 καταδραμούντων,
1117 444 1276 514 μόνος
1310 443 1608 514 ὑπελείφθη
1642 446 1670 496 ὁ
1714 444 1877 496 Μωῦ-

351 543 448 610 σῇς,
489 537 544 589 τὸ
581 537 834 598 ἐναντίον,
883 537 914 606 ἦ
963 537 1100 607 ὅπερ
1150 538 1357 598 ἐκεῖνος
1404 529 1496 604 ἦν,
1553 535 1637 602 ἐφ’
1682 533 1876 586 ἑαυτοῦ

352 629 510 692 δείξας.
539 626 653 678 Τῶν
677 626 785 694 γὰρ
805 624 980 678 ἄλλων
1009 626 1266 678 ἁπάντων
1307 626 1364 678 ὲν
1400 627 1466 694 τῇ
1495 623 1748 694 κοινωνίᾳ
1771 625 1879 676 τῶν

350 718 773 788 ουμμετεχόντων,
805 716 1005 786 μᾶλλον
1047 715 1394 786 θαρρούντων
1434 715 1502 768 τὰ
1535 714 1760 784 φοϐερά,
1787 707 1880 766 οὗ·

346 829 417 875 ex
458 808 722 879 μονωθεὶς,
767 808 876 862 τῶν
915 806 1262 861 συνεστώτων
1301 806 1745 877 θαρῤαλεώτερος
1791 802 1877 874 ἦν,

425 907 480 956 ὲκ
510 903 693 956 τούτου
721 902 879 973 δῆλον
911 901 1180 969 γενέσθαι,
1215 900 1277 952 τὸ
1308 898 1382 970 μὴ
1412 899 1540 952 ἴδιον
1577 897 1741 952 αὑτοῦ
1779 897 1882 949 πά-

345 993 511 1055 eam?”
541 990 698 1060 φὸὀον
739 986 902 1052 εἶναι,
931 983 975 1057 ᾧ
1020 991 1140 1043 κατ’
1167 988 1345 1058 ἀρχὰς
1387 986 1703 1056 συνεσχέθη,
1748 986 1882 1039 ἀλλά

343 1087 412 1139 διὰ
445 1085 534 1155 τὴν
567 1084 698 1154 πρὸς
728 1084 856 1145 τοὺς
893 1080 1302 1150 κατεπτηχότας
1333 1077 1683 1149 συμπάθειαν
1710 1076 1883 1130 ταῦτα

343 1177 524 1230 παθεῖν.
564 1175 782 1245 Ἐπειδὴ
807 1174 1004 1235 τοίνυν,
1036 1167 1146 1224 οἷόν
1166 1187 1308 1232 τινος
1323 1170 1542 1239 ἄχθους,
1563 1171 1662 1238 τῆς
1682 1167 1884 1229 δειλίας

342 1267 416 1318 τοῦ
443 1264 563 1317 λαοῦ
595 1263 927 1334 γυμνωθεὶς,
955 1261 1041 1331 ἐφ’
1084 1256 1277 1314 ἑαυτοῦ
1315 1256 1382 1330 ἦν
1402 1277 1414 1289 ·
1445 1259 1568 1311 τότε
1607 1260 1699 1310 καὶ
1719 1256 1886 1310 αὑτοῦ

341 1355 618 1425 κατατολμᾷ
657 1352 751 1406 τοῦ
796 1353 995 1420 γνόφου
1016 1366 1032 1382 ⁸
1061 1353 1154 1404 καὶ
1196 1351 1345 1414 ἐντὸς
1383 1350 1492 1403 τῶν
1525 1350 1769 1420 ἀοράτων
1801 1349 1886 1416 γί-

340 1466 484 1510 νεται,
533 1447 730 1517 μηκέτι
771 1449 884 1509 τοῖς
923 1444 1087 1517 ὁρῶσι
1132 1443 1453 1513 φαινόμενος
1486 1441 1643 1513 [πρὸς
1684 1441 1794 1512 γὰρ
1826 1441 1887 1494 τὸ

341 1539 543 1610 ἄρρητον
567 1540 665 1609 τῆς
703 1537 852 1600 θείας
889 1535 1275 1607 μυσταγωγίας
1306 1534 1623 1605 παραδυεὶς,
1654 1535 1770 1585 ἐκεῖ
1808 1532 1886 1602 τῷ

342 1631 526 1700 ἀοράτῳ
571 1632 760 1700 συνῆν,
808 1628 882 1700 μὴ
916 1625 1236 1698 ὑρὼμενος],
1277 1626 1563 1689 διδάσκων,
1609 1621 1780 1696 οἶμαι,
1820 1622 1886 1676 δι’

341 1715 401 1775 ὧν
423 1722 680 1791 ἐποίησεν,
709 1721 794 1773 ὅτι
814 1720 895 1772 δεῖ
916 1719 1007 1772 τὸν
1037 1716 1298 1788 μέλλοντα
1324 1720 1561 1770 συνεῖναι
1584 1715 1722 1786 Θεῷ,
1745 1715 1890 1779 ἐξελ-

343 1815 433 1867 θεῖν
466 1815 564 1865 πᾶν
587 1813 647 1864 τὸ
692 1811 1039 1881 φαινόμενον,
1078 1811 1173 1864 καὶ
1213 1809 1306 1862 ἐπὶ
1342 1809 1403 1860 τὸ
1441 1807 1672 1878 ἀόρατόν
1710 1824 1768 1858 τε
1798 1807 1892 1858 καὶ

342 1903 727 1973 ἀκατάληπτον,
773 1902 872 1972 τὴν
916 1900 1109 1954 ἑαυτοῦ
1155 1900 1424 1959 διάνοιαν,
1467 1894 1577 1950 οἷον
1623 1897 1713 1949 ἐπί
1770 1911 1893 1949 τινα

341 1992 474 2061 69w;
508 1990 754 2063 κορυφὴν
783 1989 1157 2053 ἀνατείναντα,
1189 1990 1305 2041 ἐκεῖ
1338 1986 1617 2040 πιστεύειν
1653 1982 1790 2039 εἶναι
1833 1987 1894 2040 τὸ

342 2084 485 2147 Θεῖον,
529 2085 580 2135 ἐν
606 2077 650 2151 ᾧ
677 2082 784 2134 οὐκ
806 2083 1105 2150 ἐφικνεῖται
1144 2081 1177 2149 ἡ
1207 2079 1552 2145 κατανόησις.
1599 2077 1894 2147 Γενόμενος

341 2175 386 2228 δὲ
406 2177 456 2241 ἐν
480 2176 685 2245 ἐκείνῳ,
712 2172 927 2243 δέχεται
949 2171 1016 2224 τά
1044 2171 1161 2224 θεῖα
1184 2170 1598 2241 προστάγματα.
1615 2169 1800 2222 Ταῦτα
1833 2169 1891 2222 δὲ

341 2263 394 2337 ἦν
415 2269 594 2338 ἀρετῆς
614 2265 964 2330 διδασκαλία,
1004 2260 1070 2336 ἧς
1093 2264 1153 2317 τὸ
1193 2262 1486 2332 κεφάλαιον
1524 2261 1630 2331 ἀρα
1665 2261 1816 2312 ἐστὶν
1859 2261 1892 2331 ἡ

339 2361 574 2420 εὐσέϐεια,
601 2358 702 2412 καὶ
729 2357 792 2410 τὸ
813 2357 912 2420 τὰς
951 2355 1264 2426 πρεπούσας
1302 2353 1598 2425 ὑπολήψεις
1632 2352 1758 2422 περὶ.
1795 2355 1895 2422 τῆς

342 2449 461 2511 θείας
485 2449 699 2517 φύσεως
721 2447 867 2517 ἔχειν
886 2464 899 2477 ο
928 2444 1002 2508 ὼς
1026 2445 1343 2516 ὑπέρκειται
1373 2443 1572 2505 παντὸς
1591 2437 1892 2509 γνωστικοῦ

267 2589 272 2593 .
340 2541 575 2611 νοήματος
613 2557 676 2592 τε
722 2540 819 2591 καὶ
845 2536 1263 2607 ὑποδείγματος,
1296 2535 1469 2588 οὑδενὶ
1495 2535 1604 2586 τῶν
1629 2548 1896 2601 γινωσκο-

343 2632 492 2700 μένων
529 2630 899 2704 ὁμοιουμένη.
960 2627 1186 2682 Κελεύει
1236 2627 1346 2695 γάρ
1395 2625 1532 2697 πρὸς
1579 2623 1743 2695 μηδὲν
1785 2621 1894 2676 τῶν

339 2721 887 2793 καταλαμϐανομένων
903 2722 962 2773 ὲν
983 2721 1106 2782 ταῖς
1126 2719 1252 2786 περὶ
1278 2715 1412 2768 Θεοῦ
1451 2713 1748 2784 omnem
1777 2711 1896 2783 βλέ-

342 2832 461 2879 πειν,
505 2815 637 2886 μηδέ
677 2831 791 2867 τινι
825 2812 935 2864 τῶν
980 2814 1044 2864 ὲκ
1083 2808 1439 2879 καταλήψεως
1475 2804 1896 2874 γινωσκομένων

339 2906 530 2974 ὀμιοῦν
567 2906 669 2977 τὴν
710 2901 808 2956 τοῦ
858 2900 1059 2964 παντὸς
1094 2896 1499 2969 ὑπερκειμένην
1538 2894 1728 2963 φύσιν’
1761 2891 1896 2946 ἀλλὰ

1982 450 2307 510 conspectus
2340 442 2453 511 ipse
2483 442 2828 507 versabatur,
2855 447 2922 494 ἰιι
2946 457 3045 496 nos
3079 441 3161 510 (ut
3187 440 3444 512 arbitror)
3477 441 3561 496 hlS

1983 534 2152 603 gestis
2198 535 2492 588 instrueret
2541 534 2684 604 quod
2743 533 3089 603 oporteat,si
3121 536 3243 602 quis
3274 533 3401 587 velit
3439 549 3563 588 esse

1983 640 2107 678 cum
2138 623 2266 688 Deo,
2308 625 2489 679 omnia
2517 625 2633 678 haec
2699 638 2820 692 quae
2882 622 3154 684 videntur,
3191 633 3560 687 contemnere,
3604 673 3615 680 .

1984 710 2047 766 ac
2077 721 2310 768 mentem
2346 730 2498 769 suam
2529 713 2596 768 ad
2627 713 2898 768 invisibile
2946 719 3107 779 atque
3150 711 3562 780 incomprehen-

1985 805 2160 868 sibile,
2186 807 2339 875 quasi
2377 807 2443 861 ad
2463 808 2828 862 summitatem
2856 805 3056 859 montis
3082 803 3316 874 dirigere
3343 821 3356 857 ε
3381 803 3565 872 ibique

1986 898 2208 952 credere
2237 897 2402 952 Deum
2453 914 2606 962 esse,
2666 913 2773 968 quo
2814 897 3096 966 pervenire
3146 894 3405 963 cegitatio
3457 909 3565 946 non

1985 996 2183 1054 potest.
2222 989 2331 1043 llac
2362 991 2596 1060 igiturin
2629 991 2945 1044 summitate
2992 986 3195 1039 montis
3237 984 3567 1038 constitutus

1986 1079 2198 1150 Moyses
2223 1081 2285 1146 ",
2319 1082 2497 1135 divina
2523 1081 2755 1149 suscipit
2793 1075 3071 1142 mandata,
3101 1091 3220 1145 quae
3244 1075 3328 1129 via
3363 1073 3566 1128 doctri—

1989 1186 2164 1239 naque
2195 1180 2321 1226 sunt
2345 1171 2409 1224 ad
2447 1174 2722 1226 virtutem.
2779 1169 2948 1239 Cujus
2981 1178 3141 1238 caput
3173 1179 3253 1222 est
3284 1168 3476 1236 pietas,
3510 1172 3567 1218 ut

1989 1260 2196 1315 scilicet
2248 1261 2611 1315 condecentes
2647 1259 2712 1314 de
2763 1258 2871 1313 Deo
2911 1259 3196 1327 opiniones
3245 1257 3564 1320 habeamus,

1989 1349 2130 1418 quod
2145 1363 2358 1402 omnem
2379 1349 2800 1417 cognoscibilem
2827 1345 3082 1415 speciem,
3106 1360 3370 1413 omneque
3387 1358 3571 1411 super-

1989 1439 2215 1492 excedat
2240 1441 2568 1507 exemplum,
2614 1439 2746 1491 nulli
2779 1439 2858 1492 rei
2889 1453 3010 1507 quae
3040 1436 3394 1505 cognoscitur
3417 1434 3568 1486 simi-

1991 1528 2078 1581 lis.
2107 1527 2268 1582 Jubet
2297 1531 2440 1583 enim
2465 1528 2530 1582 ad
2583 1530 2787 1581 nullam
2842 1543 2977 1588 rem,
3027 1539 3145 1594 quae
3181 1518 3568 1592 comprehendi

1992 1623 2184 1690 possit,
2238 1625 2523 1690 respicere,
2554 1620 2741 1673 neciis
2793 1618 3025 1672 similem
3051 1625 3246 1686 putare
3287 1623 3567 1677 naturam,

1994 1727 2114 1783 qua:
2148 1727 2311 1781 super
2347 1713 2530 1764 omnia
2564 1719 2668 1772 est,
2706 1725 2826 1779 quae
2855 1707 3338 1775 comprehensione
3369 1719 3571 1773 cogno-

1994 1812 2220 1858 scuntur
2256 1822 2268 1857 :
2295 1804 2389 1857 sed
2425 1818 2546 1857 esse
2590 1800 2807 1870 quidem
2838 1801 3010 1867 ipsam
3030 1800 3567 1864 credereoportere:

1995 1903 2198 1964 quanta
2228 1907 2380 1956 vero,
2436 1901 2528 1944 aut
2562 1891 2764 1959 qualis,
2829 1895 2921 1940 aut
2972 1885 3138 1950 unde,
3171 1891 3262 1936 aut
3297 1881 3572 1950 quomodo

1994 1983 2085 2046 sit,
2112 1997 2220 2036 non
2244 1996 2366 2035 esse
2395 1980 2769 2049 quaerendum,
2798 1992 2918 2032 cum
2944 1990 3008 2029 eo
3029 1973 3309 2042 pervenire
3335 1973 3572 2027 humana

1995 2073 2215 2142 ingenia
2246 2079 2535 2140 nequeant.
2569 2070 2648 2123 Ad
2678 2069 2930 2139 pietatem
2965 2075 3146 2119 autem
3170 2064 3332 2117 etiam
3367 2061 3575 2115 addun-

1995 2173 2082 2219 tur
2131 2165 2242 2227 illa,
2275 2177 2395 2233 qum
2437 2177 2650 2216 morum
2687 2169 2815 2216 sunt
2839 2157 3250 2228 castigationes,
3293 2155 3344 2207 in
3376 2166 3575 2222 genere

1993 2257 2076 2311 vel
2121 2257 2176 2311 in
2214 2262 2364 2324 parte
2409 2253 2722 2309 distributa.
2777 2252 2835 2304 in
2877 2263 3074 2317 genere
3125 2246 3362 2316 quidem,
3404 2251 3574 2296 totam

1994 2337 2315 2418 simpliciter
2347 2345 2672 2414 injustitiam
2702 2343 2952 2413 propellit
2983 2341 3066 2393 lex
3089 2339 3201 2400 illa,
3227 2335 3371 2405 quod
3402 2349 3573 2404 opor-

1995 2447 2106 2495 teat
2129 2439 2436 2508 proximum
2467 2449 2671 2496 amare,
2697 2448 2805 2502 quo
2828 2431 3098 2485 stabiliter
3127 2427 3449 2489 constituto,
3478 2438 3576 2477 ne-

1994 2531 2235 2587 cessario
2294 2528 2542 2595 sequitur
2613 2525 2744 2578 nihil
2796 2523 3057 2576 adversus
3110 2519 3415 2589 proximum
3467 2515 3578 2569 cui-

1994 2636 2156 2692 quam
2189 2634 2310 2673 esse
2361 2616 2692 2685 faciendum.
2729 2612 2786 2666 In
2817 2619 2973 2682 parte
3004 2625 3153 2674 vero,
3195 2615 3448 2677 parentes
3471 2618 3579 2658 co—

1995 2713 2129 2774 lere,
2160 2718 2212 2764 et
2243 2725 2274 2763 a
2325 2707 2647 2763 criminibus
2680 2718 2800 2774 qua:
2834 2702 3138 2770 diligenter,
3162 2704 3577 2758 enumerantur,

1998 2817 2190 2858 cavere
2221 2799 2483 2870 prmcipit.
2511 2795 2723 2862 Quibus
2747 2793 2957 2862 legibus
2995 2788 3152 2859 quasi
3185 2789 3490 2841 instructus
3512 2784 3580 2838 ad

1998 2891 2316 2946 sublimiora
2355 2887 2550 2942 transit
2578 2884 2852 2954 mysteria,
2879 2879 3229 2934 tabernaculo
3251 2877 3431 2930 divina
3465 2873 3579 2943 [sibi

337 2997 389 3047 τὸ
406 2993 532 3049 εἶναι
560 2993 942 3057 πιστεύοντας,
962 2989 1024 3043 τὸ
1053 2984 1183 3052 οἷον,
1209 2988 1240 3059 ἢ
1270 2989 1412 3050 ὅσον,
1436 2985 1469 3056 ἢ
1507 2986 1649 3045 ὅθεν,
1688 2984 1721 3055 ἢ
1749 2985 1896 3048 ὅπως

2001 2985 2200 3038 virtute
2219 2979 2517 3052 proposito.
2542 2975 2972 3032 Tabernaculum
2991 2979 3169 3025 autem
3189 2976 3302 3023 erat
3322 2966 3580 3034 templum

337 3087 482 3153 ἐστὶν,
514 3087 792 3156 ἀζήτητον
819 3085 936 3154 ὲᾷν,
959 3082 1034 3145 ὼς
1064 3081 1370 3149 ἀνέφικτον.
1401 3076 1730 3147 Προστίθησι
1774 3076 1832 3128 δὲ
1867 3077 1896 3128 ό

336 3178 490 3245 λόγος,
534 3180 630 3232 καὶ⁹
669 3180 776 3230 ὃσα
813 3174 908 3228 τοῦ
953 3173 1115 3244 ἤθους
1154 3172 1270 3224 ἐστὶ
1308 3168 1728 3239 κατορθώματα,
1753 3182 1898 3234 γενι-

337 3272 436 3332 κοῖς
462 3270 551 3322 καὶ
573 3269 842 3332 Ξδιάζουσι
861 3265 1044 3335 νόμοις
1064 3264 1162 3334 τὴν
1191 3260 1532 3316 διδασκαλίαν
1554 3259 1896 3328 ποιούμενος.

336 3361 551 3425 Γενικῶς
600 3362 704 3431 μὲν
756 3359 863 3428 γὰρ
897 3357 1078 3426 πάσης
1118 3355 1329 3418 ἀδικίας
1361 3350 1702 3423 ἀναιρετικδς
1737 3349 1900 3420 νόμος

335 3452 466 3504 ἱστί’
495 3452 556 3506 τὺ
598 3453 714 3505 δεῖν
761 3445 1118 3517 ἅγαπητικῶς
1155 3444 1291 3516 πρὸς
1321 3444 1382 3496 τὸ
1418 3441 1687 3513 ὁμόφυλον
1733 3439 1899 3510 ἔχειν,

333 3537 384 3596 οὗ
415 3543 781 3614 κυρωθέντος,
824 3541 1039 3602 πάντως
1068 3536 1210 3591 κατὰ
1246 3535 1307 3589 τὸ
1352 3534 1642 3588 ἀκόλουθον
1675 3533 1898 3586 ἕπεται·

335 3634 385 3686 τὸ
408 3635 570 3704 μηδὲν
611 3633 790 3688 κακὸν
822 3629 1025 3701 μηδένα
1052 3627 1192 3683 κατὰ
1215 3624 1307 3680 τοῦ
1343 3626 1510 3687 πέλας
1550 3622 1897 3695 ἐργάζεσθαι.

343 3727 418 3778 Ἐν
452 3727 508 3780 δὲ
539 3728 661 3788 τοῖς
690 3722 816 3778 καθ’
839 3721 1088 3782 ἕκαστον,
1120 3719 1155 3789 ἦ
1176 3734 1233 3771 τε
1265 3715 1394 3789 περὶ
1420 3716 1547 3777 τοὺς
1579 3713 1904 3784 γεγεννηκό-

333 3833 418 3880 τας
441 3818 577 3889 τιμὴ
602 3816 977 3887 διηγόρευται,
1005 3812 1102 3866 καὶ
1140 3813 1169 3863 ὁ
1208 3808 1506 3876 κατάλογος
1542 3805 1650 3858 τῶν
1695 3808 1906 3876 ἀπηγο-

2002 3075 2244 3130 inaudita
2270 3071 2503 3142 quadam
2519 3069 2784 3121 varietate
2812 3064 3264 3134 pulcherrimum,
3288 3057 3579 3127 propylma,

2001 3167 2287 3228 columnae,
2323 3164 2568 3225 cortinae,
2592 3173 2781 3214 mensa
2805 3166 2857 3212 et
2886 3153 3294 3212 candelabrum,
3325 3158 3379 3204 et
3411 3147 3583 3201 thuri-

2001 3259 2209 3323 bulum,
2241 3257 2411 3309 altare
2435 3269 2497 3306 ac
2535 3250 2994 3322 propitiatorium,
3018 3255 3071 3299 et
3104 3243 3247 3314 quod
3287 3244 3426 3295 intra
3457 3255 3586 3294 san-

2001 3354 2148 3402 etum
2203 3353 2284 3400 est
2345 3343 2565 3413 adytum
2638 3336 3047 3408 impenetrabile
3106 3343 3158 3388 et
3224 3334 3584 3386 inaccessum.

2003 3439 2245 3504 Quorum
2296 3434 2539 3488 omnium
2571 3430 2956 3500 dipositionem
3002 3441 3064 3480 ac
3106 3422 3585 3495 pulchritudinem,

2004 3529 2198 3600 partim
2264 3540 2334 3580 ne
2381 3524 2698 3578 memoriam
2758 3519 2970 3590 fugiat,
3038 3517 3233 3586 partim
3298 3514 3458 3567 etiam
3532 3518 3589 3564 ut

2004 3620 2239 3692 posteris
2291 3616 2616 3670 miraculum
2665 3612 3008 3681 subaperiat,
3052 3625 3158 3662 non
3208 3606 3432 3674 picturae
3479 3611 3590 3656 tra-

2006 3711 2156 3770 dere,
2187 3705 2281 3760 sed
2325 3703 2606 3757 materiale
2634 3700 2764 3754 illud
2799 3699 3076 3767 exemplar
3124 3697 3310 3748 divino
3360 3692 3583 3747 consilio
3628 3723 3631 3727 -

2009 3797 2310 3872 splendidis
2344 3794 2593 3865 jacceptis
2638 3791 2882 3845 materiis
2917 3788 3115 3843 imitari
3157 3783 3520 3854 compellitur.

623 3874 1117 3978 πλημμελημάτων
1151 3874 1473 3972 ἠρίθμηται.
1506 3897 1726 3960 Τούτοις
1769 3874 1824 3950 δὲ
1874 3899 1988 3960 τοῖς
2025 3893 2210 3962 νόμοις
2241 3887 2400 3941 οἱονεὶ
2431 3881 2828 3955 προκαθαρθεὶς
2864 3881 2959 3952 τὴν
2988 3880 3239 3943 διάνοιαν,
3271 3878 3362 3930 ἐπὶ
3391 3874 3486 3945 τὴν
3506 3888 3590 3925 τε-

329 3967 591 4074 λεωτέραν
626 3967 1019 4075 μυσταγωγίαν
1050 3967 1384 4068 παράγεται·
1409 3995 1612 4064 σκηνῆς
1631 3991 1779 4062 αὐτῷ
1799 4009 1939 4056 τινος
1965 3989 2182 4062 ,ἀθρόως
2212 3987 2275 4037 ὲκ
2304 3981 2451 4045 θείας
2466 3980 2743 4050 δυνάμεως
2765 3974 3188 4048 προδειχθείσης.
3217 3973 3282 4024 Ἠ
3315 3971 3371 4023 δὲ
3399 3967 3590 4038 σκηνὴ,

326 4058 439 4161 ναὸς
475 4058 582 4168 τήν,
620 4058 682 4150 ὲν
708 4058 1259 4164 δυσερμηνεύτῳυτινὶ
1285 4058 1526 4157 ποικιλία
1555 4058 1615 4137 τὸ
1647 4058 1839 4147 κάλλος
1868 4085 2027 4158 ἔχων.
2048 4058 2396 4151 Προπύλαια,
2439 4073 2532 4127 καὶ
2568 4071 2766 4135 στύλοι,
2804 4068 2897 4121 καὶ
2935 4063 3428 4137 παραπετάσματα.
3461 4058 3592 4128 τράο

330 4153 458 4256 πεζά
485 4153 584 4244 καί
616 4153 968 4259 britanni.
1000 4153 1376 4253 θυμιατήριον,
1408 4153 1794 4247 θυσιαστήριόν
1820 4153 2008 4228 τεκαὶ
2052 4173 2358 4242 ἱλαστήριον
2378 4208 2392 4232 ,
2425 4166 2518 4219 καὶ
2558 4163 2618 4216 τὸ
2664 4162 2812 4223 ὲντὸς
2845 4159 2951 4213 τῶν
2986 4157 3154 4225 ἁγίων
3183 4153 3370 4208 ἄδυτόν
3412 4169 3470 4204 τε
3497 4156 3592 4209 καὶ

325 4283 673 4337 ἀνεπίϐατον.
711 4275 812 4334 Ὧν
842 4277 1094 4332 ἁπάντων
1135 4273 1195 4326 τό
1225 4290 1284 4326 τε
1325 4270 1518 4333 κάλλος
1555 4269 1647 4322 καὶ
1695 4268 1793 4340 τὴν
1833 4267 2089 4333 διάθεσιν,
2121 4267 2195 4328 ὡς
2228 4264 2294 4316 ἂν
2322 4264 2454 4333 μήτε
2483 4257 2731 4326 διαφύγοι
2760 4254 2856 4324 τὴν
2888 4248 3139 4322 μνήμηνζ,
3180 4246 3272 4300 καὶ
3299 4246 3408 4306 τοῖς
3448 4243 3594 4296 κάτω

329 4379 725 4450 παραδειχθείη
760 4377 822 4429 τὸ
854 4374 1060 4444 θαῦμα,
1089 4371 1149 4425 οὑ
1171 4347 1356 4439 γραφῇ
1381 4364 1716 4436 παραδοῦναι
1745 4364 1874 4435 ψιλῇ
1903 4359 2346 4434 συμϐουλεύεται,
2371 4354 2507 4410 ἀλλὰ
2540 4348 2882 4423 μιμήσασθαι
2919 4345 3008 4399 διὰ
3053 4344 3148 4413 τῆς
3187 4340 3383 4409 ὑλικῆς
3421 4356 3591 4392 κατα-

329 4434 524 4546 σκευῆς
553 4434 662 4545 τὴν
698 4434 859 4528 άῦλον
891 4434 1104 4538 ἐκείνην
1131 4434 1513 4536 δημιουργίαν,
1548 4461 1645 4524 τὰς
1673 4459 2055 4530 λαμπροτέρας
2081 4473 2141 4508 τε
2171 4454 2264 4508 καὶ
2296 4448 2612 4521 φανωτέρας
2639 4444 2768 4507 ὕλας
2793 4441 2900 4494 τῶν
2926 4438 3066 4494 κατά
3090 4436 3186 4507 τὴν
3215 4435 3316 4506 γῆν
3346 4434 3585 4503 εὑρισκο-

332 4567 503 4634 μένων
537 4582 623 4616 πα
632 4561 952 4634 ραλαδόντα.

403 4653 496 4708 Ἔν
534 4600 874 4718 οἷςγπλείων
905 4653 1002 4721 μὲν
1041 4646 1110 4722 ἦν
1153 4649 1182 4701 ὁ
1219 4647 1419 4718 χρυσὸς
1451 4647 1509 4699 ὲν
1553 4649 1737 4716 κύκλῳ
1769 4659 1896 4714 περι

2001 4657 2006 4687 ›
2106 4637 2230 4691 Fuit
2259 4636 2422 4707 igitur
2449 4631 2745 4703 plurimum
2770 4640 2965 4682 aurum
2993 4623 3048 4677 in
3073 4619 3342 4676 columnis
3374 4617 3606 4672 circum-

331 4749 639 4818 κεχυμὲνος
701 4749 812 4809 τοῖς
868 4744 1107 4806 στύλοις’
1162 4735 1598 4810 συμπαρελήφθη
1664 4735 1722 4788 δὲ
1769 4732 1925 4804 Ιμετὰ

329 4839 422 4893 τοῦ
466 4837 682 4912 χρυσοῦ
731 4837 825 4891 καὶ
862 4839 893 4889 ὁ
936 4837 1206 4906 ἄργυρος,
1257 4830 1356 4894 τὰς
1400 4827 1642 4899 κορυφὰς
1683 4827 1778 4880 καὶ
1827 4824 1926 4887 τὰς

334 4930 521 4998 βάσεις
582 4930 698 4983 τῶν
756 4928 964 4982 στύλων
1022 4926 1087 4980 δι’
1156 4922 1346 4976 ἑαυτοῦ
1409 4918 1796 4983 καλλωπίζων·
1851 4916 1926 4980 ὼς

336 5021 429 5084 ἀν,
469 5019 671 5091 οἶμαι,
705 5021 782 5091 τῷ
820 5018 1191 5072 διαλλάσσοντι
1233 5015 1333 5085 τῆς
1379 5012 1544 5084 χρόας
1586 5005 1925 5078 ἑκατέρωθεν

335 5111 396 5164 τδ
447 5111 683 5182 χρυσίον
725 5108 1185 5181 ὲκθεωρούμενον,
1221 5106 1378 5162 πλέον
1423 5101 1718 5170 ὲκλάμποι.
1771 5099 1927 5150 Ἔστι

339 5200 394 5254 δὲ
446 5204 592 5255 ὅπου
651 5202 740 5254 καὶ
783 5202 819 5271 ἡ
867 5198 961 5252 τοῦ
1009 5195 1207 5267 χαλκοῦ
1264 5198 1360 5276 ὕλη
1419 5195 1692 5270 χρήσιμος
1746 5187 1927 5257 ἐνομί-

348 5292 445 5363 σθη
468 5334 484 5356 ,
514 5291 731 5363 κεφαλὴ
771 5290 1031 5360 γινομένη
1065 5287 1156 5340 καὶ
1188 5286 1337 5365 βάσις
1377 5293 1492 5354 τοῖς
1521 5281 1783 5356 ἀργυροῖς
1816 5277 1925 5330 τῶν

349 5383 564 5435 κιόνων.
630 5382 1099 5449 Καταπετάσματα
1148 5378 1197 5432 δὲ
1254 5395 1344 5456 καὶ
1399 5375 1924 5460 παραπετάσματα,

356 5475 445 5528 καὶ
481 5477 512 5528 6
545 5473 648 5528 τοῦ
684 5473 810 5528 ναοῦ
841 5469 1132 5541 περίϐολος,
1167 5485 1248 5551 καὶ
1277 5504 1307 5562 ὁ
1336 5491 1454 5554 τῶν
1487 5472 1706 5536 στόλων
1746 5466 1920 5534 ὑπερ-

434 5652 476 5682 ⁸⁸
520 5648 689 5705 Exod.
731 5663 874 5712 xxiv,
912 5645 985 5698 l8.
1047 5677 1068 5687 -

2038 4726 2244 4790 fusum,
2277 4735 2330 4780 et
2358 4740 2479 4778 eum
2511 4737 2647 4776 auro
2689 4728 2970 4788 argentum
3022 4711 3309 4766 cacumina
3357 4717 3409 4762 et
3442 4708 3598 4760 bases

2031 4832 2222 4874 eorum
2256 4823 2506 4876 exornat,
2540 4820 2599 4866 ut
2621 4810 2883 4864 varietate
2905 4803 3126 4866 coloris,
3154 4799 3314 4855 sicuti
3339 4797 3598 4882 arbitror,

2032 4911 2206 4981 magis
2235 4907 2523 4978 fulgerent.
2555 4901 2660 4956 Sed
2690 4900 2814 4953 aeris
2837 4908 3054 4966 quoque
3082 4890 3310 4944 materia
3343 4899 3452 4939 non
3478 4885 3591 4937 inu-

2033 4979 2148 5058 tilis
2196 5002 2308 5056 visa
2359 5005 2442 5052 est
2484 4993 2708 5063 :capita
2738 4989 2883 5044 enim
2917 4993 2970 5040 et
3017 4984 3174 5038 bases
3223 4979 3599 5034 columnarum

2032 5114 2099 5152 ex
2135 5111 2242 5151 tere
2275 5094 2432 5148 iactae
2459 5097 2608 5145 sunt.
2639 5085 2876 5140 Cortinm
2929 5092 3092 5150 porro
3143 5082 3306 5144 atque
3344 5069 3598 5131 tentoria,

2034 5189 2313 5256 totiusque
2345 5181 2528 5252 templi
2566 5187 2804 5249 septum,
2837 5182 2890 5228 et
2916 5184 3079 5240 super
3107 5167 3389 5222 columnas
3413 5170 3600 5215 exten-

2033 5294 2156 5334 sum
2188 5284 2410 5338 tectum,
2440 5271 2622 5327 omnia
2677 5282 2775 5339 per
2834 5262 3121 5319 textoriam
3163 5265 3335 5310 artem
3393 5263 3597 5306 conve-

2037 5369 2220 5424 niente
2276 5362 2511 5434 singulis
2573 5358 2833 5412 attributa
2863 5348 3112 5410 .materia
3142 5340 3593 5426 conﬁciebantur.

2037 5460 2171 5514 Aliis
2210 5472 2276 5513 ex
2335 5428 2630 5525 hyacintho
2686 5453 2740 5504 et
2773 5457 3016 5515 purpura
3065 5446 3182 5495 erat
3239 5435 3491 5491 tinctura,
3540 5428 3594 5473 cl
