4088 6210
241 173 310 228 521
1480 160 1566 216 DE
1611 161 1776 216 VITA
1828 160 2108 219 MOYSIS.
2303 187 2308 194 ~
3308 169 3414 226 ὅτε

239 283 374 345 αὐτοῖς
409 275 500 332 τῶν
530 279 590 331 ἐν
634 278 702 348 τῇ
733 275 1016 347 θεοφανείᾳ
1050 273 1518 345 παραδειχθέντων
1551 275 1698 345 αὐτῷ
1749 275 2073 347 θαυμάτων,
2123 274 2222 329 καὶ
2256 279 2382 342 τοὺς
2425 279 2615 349 νόμους
2665 281 3109 352 παραθησόμενος
3129 324 3144 342 .
3192 282 3286 337 καὶ
3321 282 3415 337 τὸν

238 377 351 436 ναὸν,
400 370 474 426 καὶ
511 369 608 440 τὴν
655 367 980 438 ἱερωσύνην,
1034 366 1174 420 κατὰ
1231 367 1289 418 τὸ
1342 367 1656 437 πῳδειχθέν
1701 367 1849 438 αύτῷ
1890 370 1981 422 ἐπὶ
2017 368 2110 422 τοῦ
2160 369 2317 439 ὅρους
2365 371 2693 440 ὑπόδειγμα,
2743 372 2821 442 τῷ
2876 373 2988 443 λαῷ
3037 375 3413 444 καταστήσων.

237 465 388 532 Ἔφερε
416 462 463 513 δὲ
490 461 582 513 καὶ
611 459 710 522 τὰς
739 458 889 529 ἱερὰς
918 458 1130 519 πλάκας
1165 456 1253 510 δια
1285 457 1497 529 χειρὸς,
1543 458 1600 510 αἳ
1647 457 1788 511 θεῖον
1831 458 2048 530 εὕρημα
2081 461 2174 513 καὶ
2219 461 2386 531 δῶρον
2428 456 2599 530 ἦσαν,
2634 462 2884 530 οὐδεμιᾶς
2927 464 3212 535 συνεργίας
3253 466 3330 526 είς
3353 462 3416 517 τὸ

235 553 422 622 γενέσθαι
454 549 829 620 προδεηθεῖσαι
851 563 864 578 ·
892 546 1006 627 ἀλλ’
1049 547 1207 618 ἔργον
1237 545 1370 598 Θεοῦ
1401 547 1595 616 ἐπίσης
1639 548 1874 619 ἑκάτερα
1907 545 1997 620 ἦν,
2023 551 2058 619 ή
2088 567 2146 602 τε
2177 550 2275 619 ὕλη
2301 552 2395 604 καὶ
2424 551 2492 603 τὰ
2533 552 2624 603 ἐπὶ
2661 553 2830 622 ταύτῃ
2868 555 3212 624 χαράγματα.
3272 548 3410 608 Ἀλλ’

233 645 412 698 ἐκώλυσε
447 643 540 709 τὴν
572 642 732 710 χάριν
765 641 794 692 ὁ
825 639 970 703 λαὸς,
1006 639 1134 708 πρὶν
1167 639 1450 709 ἐπιστῆναι
1479 639 1568 692 τὸν
1602 640 1920 712 νομοθέτην,
1949 643 2027 704 εἱς
2054 641 2491 712 εἱδωλολατρείαν
2528 643 2851 712 ἀφηνιάσας.
2897 702 2905 720 ἱ

292 735 464 804 Ἐπειδὴ
491 733 600 804 γὰρ
635 733 820 802 χρόνος
861 730 937 800 τῷ
979 730 1145 800 Μωσῇ
1188 748 1271 794 τις
1308 732 1368 782 οὐ
1412 731 1612 802 βραχὺς
1641 731 1746 784 διε-

1919 732 2051 786 Nam
2077 749 2198 787 cum
2231 735 2588 804 quadraginta
2611 734 2802 791 diebus
2833 750 2895 788 ac
2925 735 3176 792 noctibus
3210 739 3413 795 nullius

232 829 385 896 γένετο,
411 826 467 892 τῇ
516 823 650 892 πρὸς
684 821 817 874 Θεὸν
854 819 1037 890 ὁμιλίᾳ
1076 819 1165 871 διά
1195 820 1293 889 τῆς
1336 819 1485 882 θείας
1535 820 1748 890 ἐκείνης

234 913 560 986 μυσταγωγίας
607 911 1068 980 ἀπασχολάζοντι·
1118 911 1212 963 καὶ
1263 906 1332 979 ῆν
1377 911 1434 963 ἐν
1478 912 1748 981 τεσσαρά-

229 1024 348 1061 κοντα
377 1004 600 1073 ἡμέραις
630 1003 722 1054 καὶ
748 1001 1033 1063 τοσαύταις
1058 1001 1176 1067 νυξὶ
1195 1001 1292 1070 τῆς
1319 1001 1488 1053 ἀϊδίου
1521 1001 1734 1071 ἐκείνης

229 1097 338 1164 ζωῆς
373 1094 463 1146 ὑπὸ
504 1094 597 1145 τὸν
643 1092 840 1162 γνόφον
878 1091 1146 1161 μετέχων,
1183 1092 1276 1144 καὶ
1307 1093 1478 1161 αὐτῆς
1509 1091 1610 1161 τῆς
1641 1090 1744 1159 φύ-

229 1204 328 1250 σεως
367 1187 455 1252 ἔξω
486 1185 780 1254 γενόμενος
832 1183 929 1253 (ού
986 1183 1094 1253 γὰρ
1150 1182 1415 1253 ἐπεδεήθη
1463 1181 1604 1234 κατὰ
1650 1182 1744 1234 τὸν

223 1277 368 1348 χρόνον
419 1277 622 1328 ἐκεῖνον
664 1275 742 1336 είς
767 1273 828 1326 τὸ
852 1273 1010 1341 σῶμα
1044 1272 1314 1343 τροφῆς)·
1355 1273 1507 1336 τότε,
1555 1269 1665 1326 οἷόν
1693 1291 1744 1326 τι

226 1366 469 1436 μειράκιον,
509 1367 541 1416 ὁ
586 1363 715 1425 λαὸς
757 1361 864 1414 τῶν
913 1361 1006 1414 τοῦ
1059 1361 1524 1428 παιδαγωγοῦντος
1569 1361 1744 1430 ὄψεων

219 1452 300 1517 ἐξω
327 1453 630 1521 γενόμενος,
672 1451 920 1518 ἀνοήτοις
946 1451 1144 1519 ὁρμαῖς
1185 1451 1262 1511 εἱς
1309 1448 1547 1517 ἀταξίανξ
1583 1449 1744 1517 ἐκφέ-

221 1558 352 1610 ρεται,
386 1542 469 1593 καὶ
511 1538 714 1602 συστάς
756 1539 848 1591 ἐπὶ
877 1537 968 1590 τὸν
1015 1536 1242 1607 Ἀαρὼν,
1275 1537 1517 1608 ἀνάγκην
1548 1539 1742 1607 ἐπάγει

217 1631 275 1700 τῷ
298 1633 434 1701 ἱερεῖ,
470 1632 573 1700 τῆς
601 1628 1039 1698 εἱδωλολατρείας
1086 1629 1269 1690 αὐτοῖς
1299 1627 1740 1698 καθηγήσασθαι.

220 1723 302 1776 Καὶ
338 1723 609 1790 γεγονότος
659 1720 752 1772 τοῦ
799 1718 1015 1772 είδώλου
1065 1719 1128 1771 ἐκ
1171 1717 1392 1787 χρυσίου
1442 1717 1543 1786 τῆς
1610 1717 1742 1786 ὕλης

218 1809 406 1879 (Malo;
437 1811 487 1862 δὲ
550 1809 610 1860 τὸ
659 1806 876 1860 εἱδωλον
899 1802 1024 1876 ἦν),
1056 1806 1103 1858 οἱ
1138 1806 1234 1875 μὲν
1273 1804 1640 1874 ἐπηγάλλοντο
1665 1805 1740 1875 τῷ

217 1901 463 1969 ἀπδήματι
481 1917 494 1931 ’
534 1902 565 1952 ὁ
588 1900 644 1952 δέ
673 1898 878 1968 Μωσῆς
914 1898 1035 1951 κατ’
1067 1897 1261 1958 αὐτοὺς
1283 1896 1383 1966 ήδη
1410 1896 1700 1966 γενόμενος
1721 1937 1737 1964 ,

218 1989 434 2060 συντρίϐει
462 1990 570 2050 τὰς
620 1988 830 2049 πλάκας
850 2026 864 2049 ,
896 1986 980 2050 ίάς
1022 1985 1204 2038 Θεόθεν
1237 1983 1488 2054 ἐκόμιζεν
1508 2001 1521 2014 ·
1559 1985 1635 2048 ὼς
1672 1985 1737 2038 ἂν

1850 823 2098 893 indigens
2133 824 2232 888 rei,
2269 825 2469 893 quibus
2507 825 2609 878 hoc
2659 839 2859 893 corpus
2907 834 3266 891 sustentatur,
3317 829 3414 880 im-

1848 913 2065 965 mortali
2098 913 2206 964 vita
2236 913 2338 966 sub
2371 913 2459 965 illa
2488 913 2718 983 caligine
2750 913 2960 982 Moyses
2999 915 3223 976 viveret,
3255 917 3412 984 quasi

1846 1005 2021 1072 pueri,
2055 1019 2178 1057 cum
2213 1005 2485 1091 paedagogi
2519 1020 2625 1057 non
2675 1003 2894 1068 adsrmt,
2927 1005 3005 1058 sic
3053 1007 3286 1074 populus
3320 1007 3414 1060 ad-

1847 1107 2038 1145 versus
2072 1091 2253 1144 Aaron
2277 1093 2606 1155 concitatus,
2633 1092 2846 1161 impulit
2872 1108 3018 1154 eum,
3049 1104 3106 1146 ut
3139 1095 3205 1147 ad
3243 1095 3412 1148 simu-

1847 1181 2055 1235 lacrum
2093 1197 2319 1236 aureum
2356 1183 2689 1240 adorandum
2722 1183 2829 1237 dux
2869 1185 2949 1238 eis
2981 1183 3161 1251 ﬁeret;
3187 1186 3413 1239 simula-

1845 1287 1998 1326 crum
2027 1282 2205 1327 autem
2232 1274 2435 1328 vitulus
2467 1281 2604 1328 erat.
2667 1276 2847 1338 Quare
2909 1275 3148 1330 oll‘ensus
3195 1277 3410 1346 Moyses

1845 1361 2092 1430 perrupit
2122 1362 2361 1425 tabulas,
2390 1376 2457 1414 ne
2487 1362 2538 1413 in
2571 1362 2818 1416 homines
2849 1361 3102 1432 indignos
3143 1372 3290 1416 tanta
3322 1379 3410 1418 res

1844 1449 2164 1515 deveniret;
2201 1450 2394 1504 deinde
2443 1451 2644 1507 Levitis
2697 1452 3238 1514 administrantibus,
3308 1452 3409 1506 tri-

1844 1540 2052 1594 bulium
2081 1543 2344 1610 sanguine
2378 1543 2557 1596 scelus
2588 1543 2843 1610 expiavit,
2891 1543 3247 1596 simulacrum
3277 1557 3410 1596 con-

1843 1631 2014 1704 trivit,
2043 1646 2279 1701 cumque
2310 1647 2407 1686 sua
2441 1631 2742 1695 iracundia,
2773 1648 2880 1700 qua
2922 1633 2976 1685 in
3005 1647 3100 1688 eos
3147 1635 3240 1703 qui
3288 1649 3411 1704 pec-

1842 1729 2053 1785 carant,
2093 1730 2392 1787 exarserat,
2423 1721 2590 1775 Deum
2622 1723 2911 1791 propitium
2952 1721 3295 1782 reddidisset.
3334 1726 3408 1778 ita

1843 1820 2033 1860 rursus
2064 1790 2419 1876 quadraginta
2482 1806 2691 1860 dierum
2727 1790 2921 1877 ispatio
2973 1808 3186 1864 tabulas
3228 1825 3258 1862 a
3299 1808 3409 1864 Deo
3483 1821 3510 1844 λ

1843 1895 2186 1964 impetravit:
2241 1910 2379 1964 quas
2432 1895 2548 1964 ipse
2606 1896 2822 1964 quidem
2886 1900 3220 1966 composuit,
3267 1898 3408 1954 Deus

1841 1994 2017 2040 autem
2054 1987 2391 2056 perscripsit.
2429 1985 2538 2041 Has
2568 2002 2761 2043 rursus
2789 1989 2984 2058 accipit
3003 2005 3124 2043 cum
3152 1997 3404 2043 naturam

214 2079 282 2130 τού
310 2079 764 2150 πλημμελήματος
795 2077 950 2143 ἀξίαν
984 2077 1082 2146 τὴν
1109 2075 1374 2146 τιμωρίαν
1413 2075 1696 2145 ὑπόσχοιεν
1717 2115 1731 2140 ,

1844 2076 1890 2130 in
1927 2084 2077 2131 tanto
2107 2077 2315 2131 dierum
2349 2092 2576 2133 numero
2617 2078 2961 2142 excessisset,
3014 2080 3118 2133 alia
3171 2081 3403 2150 quadam

215 2171 288 2240 τῆς
309 2171 532 2241 θεοδόχου
577 2170 797 2240 χάριτος
826 2169 1244 2238 ἁμοιρήσαντες.
1284 2163 1420 2219 Εἶτα
1450 2166 1526 2236 τῷ
1561 2168 1739 2236 ἐμφυ-

1839 2167 2051 2222 ratione
2103 2169 2370 2238 nobisque
2425 2169 2642 2224 insolita
2702 2171 2866 2224 vitam
2917 2171 3232 2236 traducens,
3277 2173 3406 2227 dum

215 2258 288 2328 λίῳ
313 2261 479 2329 αἵματι
507 2259 608 2312 διὰ
639 2258 748 2311 τῶν
779 2257 1016 2310 Λευῖτῶν
1047 2255 1347 2326 καθαρίσας
1375 2256 1435 2308 τὸ
1465 2257 1616 2323 ἄγος,
1648 2256 1742 2340 καῖ

1844 2257 1973 2310 nihil
2001 2273 2209 2324 eorum,
2231 2274 2352 2328 quae
2380 2266 2630 2312 naturam
2655 2259 3154 2317 deﬁcientem~cibo
3193 2271 3410 2319 sustené

214 2349 271 2417 τῷ
303 2351 398 2420 ἰδίῳ
435 2349 623 2420 θυμῷ,
657 2347 735 2418 τῷ
773 2346 915 2400 κατά
939 2345 1047 2399 τῶν
1082 2343 1647 2415 πεπλημμεληκότων,
1681 2346 1742 2399 τὸ

1844 2356 1977 2411 tant,
2009 2349 2064 2402 in
2092 2364 2194 2404 suo
2227 2365 2455 2420 corpore
2477 2345 2736 2406 admisit.‘

210 2440 322 2492 Θείον
342 2441 518 2494 ἱλεωσά
532 2456 696 2509 μενος
716 2479 732 2501 ,
772 2438 891 2491 τότε
924 2437 1137 2489 εἴδωλον
1169 2435 1528 2505 ἐξαφανίσας·
1573 2434 1715 2489 οὕτω
1747 2437 1906 2490 πάλιν
1943 2441 1999 2492 ἐν
2033 2441 2440 2511 τεσσαράκοντα
2465 2443 2686 2512 ήμερῶν
2714 2441 3036 2512 προσεδρείᾳ
3063 2442 3162 2506 τὰς
3199 2442 3408 2506 πλάκας
3479 2513 3481 2516 ρ

212 2530 460 2597 κομίζεται,
487 2526 575 2585 ὧν
614 2532 648 2602 ἡ
682 2530 869 2602 Γραφὴ
910 2530 1024 2601 μὲν,
1061 2529 1125 2581 ἐκ
1154 2528 1300 2590 θείας
1329 2527 1610 2597 δυνάμεως
1649 2524 1749 2598 ἦν,
1794 2531 1827 2599 ή
1872 2529 1928 2582 δὲ
1961 2529 2058 2600 ὕλη
2104 2531 2193 2584 διὰ
2224 2531 2326 2600 τῆς
2373 2530 2607 2594 Μωσέως
2646 2530 2922 2602 ἐξησκήθη
2961 2531 3161 2602 χειρός.
3197 2531 3410 2596 Ταύτας

208 2626 440 2691 κομίζεται
467 2624 672 2685 πάλιν,
700 2622 868 2685 ἐκϐὰς
908 2621 1004 2691 τὴν
1042 2620 1202 2688 φύσιν
1250 2620 1308 2670 ἐν
1346 2619 1421 2689 τῷ
1469 2619 1709 2690 τοσούτῳ
1739 2621 1846 2673 τῶν
1873 2622 2093 2692 ἡμερῶν
2130 2621 2378 2692 ἀριθμῷ,
2415 2621 2569 2675 ἄλλον
2613 2621 2733 2674 τινά
2775 2622 3004 2691 τρόπον,
3034 2622 3128 2674 καὶ
3156 2623 3215 2674 ού
3269 2621 3410 2676 κατά

207 2715 277 2765 τὸν
311 2715 688 2787 νενομισμένον
735 2715 893 2784 ἡμῖν,
930 2712 1217 2783 βιοτεύωνο
1273 2711 1424 2764 οὐδὲν
1451 2711 1558 2765 τῶν
1589 2712 2052 2784 ὕποστηριζόντων
2093 2715 2181 2768 διὰ
2215 2715 2316 2785 τῆς
2352 2715 2556 2785 τροφῆς
2589 2714 2648 2766 τὸ
2680 2713 2780 2784 τῆς
2805 2715 3017 2782 φύσεως
3046 2714 3200 2784 ήμῶν
3233 2713 3409 2777 ἐνδεὲς

203 2805 262 2874 τῷ
291 2807 386 2878 ἰδίῳ
423 2807 645 2878 σώματι
690 2806 1138 2877 προσδεξάμενος.

256 2898 345 2948 Καὶ
368 2896 532 2960 οὕτως
587 2897 768 2959 αὐτοῖς
801 2898 898 2968 τήν
934 2913 992 2949 τε
1030 2898 1234 2968 σκηνὴν
1265 2898 1521 2970 ἐπήξατο,
1557 2899 1652 2953 καὶ
1680 2901 1758 2963 τά,

202 2985 368 3056 νόμιμα
393 2988 779 3059 παρατίθεται,
817 2988 913 3058 τὴν
949 2989 1245 3060 ἱερωσύνην
1263 3031 1276 3054 ,
1305 2991 1446 3043 κατά
1468 2992 1567 3062 τὴν
1596 3008 1747 3060 γενο-

203 3077 335 3144 μένην
355 3065 492 3148 αὐτῷ
516 3077 716 3131 θεόθεν
737 3077 1076 3130 διδασκαλίαν
1110 3081 1610 3151 καταστησάμενος.
1635 3083 1746 3135 Καὶ

196 3165 349 3237 ἐπειδὴ
371 3170 584 3229 πάντα,
617 3168 758 3222 κατὰ
788 3168 888 3238 τὴν
909 3167 1057 3222 Θείαν
1081 3170 1373 3240 ὑφήγησιν,
1405 3170 1491 3223 διὰ
1511 3171 1609 3240 τῆς
1634 3171 1746 3224 ὕλι-

198 3258 278 3326 κῆς
315 3260 677 3332 δημιουργίας
727 3261 1196 3314 κατεσκευάσατο·
1237 3261 1336 3332 τὴν
1385 3262 1619 3333 σκηνὴν,
1673 3261 1746 3316 τὰ

199 3350 497 3418 προπύλαια,
531 3352 603 3404 τά
638 3350 790 3412 ἐντὸς
835 3349 1029 3412 πάντα,
1063 3350 1130 3402 τά
1169 3349 1520 3421 θυμιατήρια,
1555 3350 1742 3405 θυσια-

199 3439 410 3507 στήριον,
453 3439 719 3510 λυχνίαν,
765 3439 1261 3509 παραπετάσματα,
1295 3440 1356 3492 τὸ
1392 3440 1500 3492 τῶν
1532 3440 1741 3494 ἀδύτων

196 3524 318 3588 ἐντὸς
349 3530 685 3601 ἱλαστήριον,
721 3528 811 3581 τὸν
836 3528 933 3598 τῆς
967 3528 1264 3600 ἱερωσύνης
1296 3529 1519 3598 κόσμον,
1544 3528 1604 3580 τὸ
1636 3524 1740 3598 pi)-

195 3632 293 3684 ρον,
331 3619 424 3683 τὰς
459 3621 757 3690 διαφόρους
813 3620 1146 3689 ἱερουργίας,
1203 3620 1271 3672 τά
1317 3619 1646 3688 καθάρσια,-
1673 3618 1741 3672 τὰ

193 3713 520 3781 χαριστήρια,
567 3713 643 3764 τὰ
677 3710 785 3763 τῶν
826 3710 1012 3764 κακῶν
1053 3712 1414 3781 ἀποτρόπαια,
1447 3711 1515 3764 τὰ
1540 3713 1598 3765 ἐν
1632 3713 1742 3774 τοῖς
1768 3698 1812 3756 C

190 3798 636 3872 πλημμεληθεῖσιν
687 3802 1004 3872 ἱλεωτήρια,
1044 3803 1221 3856 πάντα
1255 3801 1392 3857 κατὰ
1436 3801 1525 3855 τὸν
1556 3801 1744 3855 δέοντα

187 3890 385 3957 τρόπον,
423 3897 482 3946 ἐν
527 3894 721 3956 αὐτοῖς
749 3893 1033 3958 διατάξαςο
1078 3893 1326 3962 ἐκίνησεν
1377 3893 1434 3944 ἐν
1485 3895 1597 3956 τοῖς
1625 3894 1746 3946 ἐπι-

182 3980 382 4047 meum;
405 3985 502 4037 τὸν
539 3983 742 4052 φθόνον
772 3983 890 4036 καθ’
913 3981 1126 4045 ἑαυτοῦ,
1161 3982 1223 4034 τὸ
1255 3983 1513 4050 συγγενὲς
1545 3985 1611 4054 τῇ
1643 3982 1744 4052 φύ-

186 4084 250 4122 σει
277 4073 378 4124 τῶν
414 4075 518 4127 ἀνθ
530 4073 739 4146 ρώπων
768 4073 1108 4145 ἀρρώστημα
1126 4086 1140 4101 ⁶
1173 4073 1249 4134 ὡς
1277 4073 1371 4126 καὶ
1401 4071 1492 4125 τὸν
1535 4072 1744 4144 Ἀαρὼν

178 4165 276 4226 ταῖς
298 4169 485 4234 τιμαῖς
518 4167 626 4237 τῆς
664 4165 963 4236 ἱερωσύνης
989 4164 1317 4235 τιμώμενον,
1350 4164 1445 4217 καὶ
1467 4164 1563 4234 τὴν
1592 4164 1745 4217 ἀδελ-

183 4254 268 4321 φὴν
290 4258 450 4309 αὑτοῦ
498 4257 775 4328 Μαριὰμ,
807 4258 1105 4328 ζηλοτυπία
1140 4257 1246 4310 τινὶ
1276 4255 1744 4327 γυναικωδεστέρᾳ

178 4346 291 4413 πρὸς
315 4348 411 4418 τὴν
446 4351 766 4420 γενομένην
795 4349 942 4419 αύτῷ
986 4349 1167 4403 θεόθεν
1205 4349 1368 4420 τιμὴν
1399 4347 1744 4418 ύποκινηθεί-

179 4447 287 4496 ην,
330 4437 682 4504 φθέγξασθαί
722 4455 776 4490 τι
823 4437 1081 4500 τοιοῦτον,
1115 4436 1200 4505 ἐφ’
1239 4431 1282 4504 ᾧ
1309 4436 1648 4508 παρεκινήθη
1681 4434 1744 4489 τὸ

172 4518 302 4575 Θεῖον
336 4529 418 4590 είς
466 4529 576 4598 τὴν
633 4527 726 4580 τοῦ
761 4527 1226 4598 πλημμελήματος
1272 4526 1512 4590 κόλασιν.
1575 4525 1756 4590 Ἔνθα,

173 4610 225 4678 δὴ
249 4619 334 4668 καὶ
369 4619 544 4671 πλέον
573 4636 631 4670 τι
664 4617 961 4688 θαυμάζειν
988 4619 1134 4683 ἀξιον
1163 4618 1261 4684 τῆς
1282 4615 1632 4680 ἀνεξικακίας
1653 4617 1743 4670 τὸν

172 4701 370 4770 Μωσέα,
404 4709 494 4760 δτι
539 4708 642 4760 τοῦ
677 4705 809 4761 Θεοῦ
836 4710 937 4778 τὴν
959 4709 1150 4776 ἄλογον
1182 4707 1474 4776 βασκανίαν
1501 4708 1594 4761 τοῦ
1643 4726 1742 4776 γυ-

171 4795 302 4846 ναίου
345 4799 718 4862 κολάζοντος,
750 4799 1101 4869 ἰσχυροτέραν
1131 4798 1228 4869 τὴν
1264 4798 1422 4868 φύσιν
1448 4799 1546 4868 τῆς
1576 4799 1745 4870 ὀργῆς

172 4886 564 4956 ποιησάμενος,
608 4887 699 4939 τὸν
734 4886 864 4939 Θεὸν
905 4887 1046 4957 ὑπὲρ
1077 4887 1176 4956 τῆς
1201 4887 1433 4956 ἀδελφῆς
1463 4887 1738 4942 ἱλεώσατο.

171 4970 260 5023 τοῦ
289 4975 344 5026 δὲ
373 4977 634 5046 πλήθους
655 4977 812 5031 πάλιν
845 4978 925 5040 είς
951 4977 1174 5040 ἀταξίαν
1204 4977 1500 5048 τραπέντος
1523 4977 1540 5046 (
1561 4979 1746 5047 ήγεῖτο

2777 2829 2784 2838 ν

1922 2899 2011 2956 Sic
2041 2901 2206 2973 igitur
2233 2903 2340 2956 illis
2374 2901 2784 2956 tabernaculum
2830 2899 3137 2964 aediﬁcavit,
3167 2909 3223 2956 et
3271 2902 3407 2972 legis

1842 3000 2108 3062 praecepta
2140 2992 2384 3055 tradidit,
2420 2993 2717 3046 constituto
2749 3005 2848 3060 pro
2890 2989 3154 3058 inspirata
3187 2991 3288 3045 sibi
3325 2992 3408 3046 di-
3485 3037 3487 3040 ι

1842 3084 2048 3138 vinitus
2093 3083 2344 3137 doctrina
2402 3081 2736 3141 sacerdotio;
2780 3087 2835 3134 et
2891 3070 3174 3149 postquam
3223 3083 3408 3136 omnia

1842 3183 2003 3244 prout
2042 3189 2072 3228 a
2108 3173 2218 3228 Deo
2241 3173 2477 3227 monitus
2504 3179 2641 3236 erat,
2688 3170 2950 3224 materiali
2983 3169 3199 3238 opiﬁcio
3231 3170 3408 3240 perfe-

1845 3266 1940 3328 cit,
1971 3264 2401 3326 tabernaculum,
2430 3262 2692 3317 vestibula
2721 3267 2916 3314 cuncta
2960 3259 3239 3324 interiora,
3276 3260 3405 3314 thu-
3463 3263 3466 3266 ’

1844 3356 2040 3421 ribula,
2089 3357 2282 3418 altare,
2339 3352 2746 3417 candelabrum,
2783 3351 2935 3414 vela,
2973 3350 3406 3420 propitiatorium

1845 3446 1899 3500 in
1935 3446 2133 3516 adytis,
2164 3445 2451 3500 sacerdotii
2483 3450 2754 3507 ornatum,
2783 3442 2989 3496 varium
3014 3441 3404 3495 sacriﬁciorum

1844 3536 2084 3601 modum,
2112 3536 2276 3589 alium
2310 3535 2364 3588 in
2397 3533 2796 3604 purgationem,
2853 3532 3014 3584 alium
3071 3531 3126 3584 in
3183 3527 3407 3600 agendis

1842 3625 2052 3694 gratiis,
2083 3625 2247 3677 alium
2277 3623 2342 3675 ad
2367 3621 2659 3676 avertenda
2686 3621 2825 3674 mala
2855 3619 3211 3683 imminentia,
3239 3620 3406 3674 alium

1843 3712 1911 3765 ad
1943 3711 2211 3780 expianda
2237 3718 2494 3779 peccata;
2530 3710 2643 3762 Iaec
2676 3709 2858 3763 omnia
2889 3717 3171 3778 postquam
3203 3709 3406 3777 Optime

1845 3800 2072 3872 perfecit
2117 3810 2278 3870 atque
2332 3799 2634 3862 constituit,
2669 3813 2891 3852 suorum
2929 3812 3216 3866 perpessus
3267 3797 3408 3874 invi-

1844 3890 1987 3944 diam
2017 3898 2128 3952 est,
2179 3887 2323 3958 quod
2363 3888 2551 3943 vitium
2610 3887 2860 3942 humanae
2914 3899 3122 3942 natura:
3160 3889 3404 3944 innatum

1843 3992 1946 4045 est,
1993 3981 2133 4036 sicut
2163 3991 2216 4035 et
2247 3983 2448 4045 Aaron,
2493 3980 2584 4049 qui
2625 3980 2943 4046 sacerdotali
2989 3979 3163 4035 fuerat
3201 3980 3405 4034 honore

1843 4071 2224 4139 decoratus,et
2273 4085 2430 4125 soror
2481 4070 2600 4140 ejus
2645 4069 2810 4124 Maria
2856 4070 3118 4140 zelotypia
3171 4069 3402 4139 quadam

1845 4162 2400 4222 muliebri,commota
2427 4161 2498 4214 ob
2536 4160 2772 4214 delatum
2805 4160 2880 4213 illi
2939 4161 3196 4216 honorem
3231 4174 3261 4212 a
3293 4158 3405 4213 Deo

1845 4251 2120 4322 quidpiam
2152 4253 2418 4321 prolocuti
2453 4251 2671 4313 fuerint,
2701 4266 2809 4320 quo
2841 4250 3021 4304 divina
3051 4250 3130 4304 ira
3161 4264 3404 4304 commo-

1844 4352 1904 4411 ta
1928 4344 2169 4412 velocem
2199 4343 2382 4398 intulit
2414 4342 2748 4411 punitionem
2778 4360 2790 4395 :
2830 4355 2935 4411 qua
2967 4341 3021 4394 in
3085 4356 3144 4394 re
3181 4339 3404 4394 mirabi-

1845 4434 1914 4489 lis
1947 4434 2252 4497 clementia,
2301 4432 2650 4502 inauditaque
2677 4432 3034 4487 mansuetudo
3090 4430 3260 4501 Moysi
3291 4431 3403 4485 visa

1844 4537 1949 4580 est.
1985 4523 2102 4578 Non
2139 4525 2284 4579 enim
2305 4524 2479 4578 solum
2501 4525 2691 4577 iratus
2723 4522 2980 4577 invidenti
3014 4538 3120 4577 non
3156 4522 3273 4586 fuit,
3310 4523 3405 4577 sed

1849 4615 2014 4670 Deum
2052 4617 2216 4670 etiam
2246 4615 2590 4670 orationibus
2619 4615 2794 4670 sorori
2827 4615 3118 4684 propitium
3151 4613 3404 4669 reddidit.

1846 4705 1980 4759 Cum
2005 4721 2135 4759 vero
2162 4706 2455 4761 multitudo
2484 4707 2760 4776 voluptate
2812 4709 2950 4760 victa
3004 4721 3195 4760 carnes
3247 4705 3408 4760 edere

1847 4790 2203 4861 desideraret,
2235 4799 2535 4868 meliusque
2566 4813 2625 4854 se
2669 4799 2724 4852 in
2769 4797 3004 4867 IEgypto
3035 4797 3261 4858 vixisse,
3314 4795 3406 4849 ubi

1847 4891 2105 4946 carnibus
2134 4890 2464 4955 abundabat,
2499 4904 2661 4959 quam
2692 4890 2898 4963 cmlesti
2928 4889 3047 4943 cibo
3091 4888 3152 4940 in
3192 4886 3409 4941 deserto

1847 4982 2188 5050 praedicaret,
2224 4989 2353 5035 tunc
2382 4981 2492 5036 Deo
2521 4979 2734 5051 Moyses
2758 4995 2868 5034 rem
2907 4977 3221 5042 commisit;
3267 4975 3410 5030 Deus

173 5058 217 5112 δὶ
261 5065 357 5135 τῆς
388 5066 789 5136 πλημμελείας
831 5069 863 5137 ή
901 5066 1009 5119 τῶν
1057 5066 1200 5120 κατά
1245 5066 1489 5136 γαστέρα
1541 5066 1746 5137 ἡδονῶν

1851 5086 1979 5127 vero
2004 5069 2140 5124 mira
2170 5069 2516 5124 multitudine
2554 5083 2682 5124 aves
2710 5083 2807 5137 per
2848 5067 3046 5123 stativa
3099 5064 3408 5120 Iudaeorum

172 5154 411 5225 ἀμετρία,
451 5153 546 5220 οἷς
595 5157 694 5210 οὐκ
739 5147 900 5228 ήρκέι
921 5157 983 5211 τὸ
1007 5156 1106 5229 ζῇν
1133 5158 1382 5226 ὑγιεινῶς
1405 5175 1469 5229 ,τε
1493 5158 1585 5211 καὶ
1610 5158 1741 5211 ἁλύ-

175 5258 271 5307 τυς
293 5249 358 5298 ἐκ
386 5250 492 5318 τῆς
527 5248 744 5302 ἀνωθεν
777 5228 1137 5319 ἐπιρρεούσης
1155 5251 1358 5322 τροφῆς
1377 5228 1411 5279 'I
1425 5248 1540 5304 ἀλλ’
1573 5251 1606 5320 ή
1635 5250 1742 5304 τῶν

177 5337 374 5403 σαρκῶν
403 5338 705 5406 ἐπιθυμία,
730 5340 824 5391 καὶ
856 5341 884 5392 ὁ
904 5339 1004 5408 τῆς
1027 5339 1355 5414 κρεωόορίας
1381 5341 1548 5406 πόθος,
1595 5357 1744 5411 προ-

183 5428 452 5497 σιμοτέραν
491 5427 676 5481 ἐποίει
704 5429 812 5482 τῶν
857 5428 1140 5498 παρόντων
1175 5433 1354 5500 αὐτοῖς
1387 5430 1613 5503 ἀγαθῶν
1643 5429 1741 5500 τὴν

185 5514 292 5571 τδρ·
329 5520 664 5586 Αἰγυπτίοις
699 5519 1002 5587 δουλείαν),
1032 5520 1061 5572 ὁ
1087 5521 1178 5589 μὲν
1204 5529 1479 5591 κοινοῦται
1509 5522 1587 5594 τῷ
1620 5520 1741 5592 Θεῷ

1845 5161 2304 5217 circumvolantes
2330 5162 2591 5232 gregatim
2626 5160 2707 5217 sic
2740 5161 2985 5224 immisit,
3019 5165 3079 5212 ut
3118 5159 3408 5227 aucupium

1845 5259 1989 5306 esset
2021 5251 2360 5306 facillimum.
2386 5251 2626 5316 Quarum
2663 5249 2910 5304 carnium
2941 5248 3166 5302 nimium
3199 5245 3408 5316 repleti,

1848 5341 1901 5395 in
1936 5343 2158 5400 morbos
2192 5341 2533 5405 deciderunt,
2599 5341 2906 5410 mortuique
2938 5354 3046 5394 non
3081 5338 3238 5406 pauci
3289 5335 3409 5388 fuc-

1846 5439 1974 5486 runt
1999 5450 2012 5486 :
2048 5449 2169 5502 qua:
2204 5447 2293 5486 res
2324 5431 2560 5486 residuis
2587 5431 2834 5498 exemplo
2857 5429 2924 5484 ad
2948 5427 3265 5506 modestiam
3287 5423 3410 5476 fuit.

1847 5520 2237 5591 Exploratores
2267 5520 2462 5578 deinde
2501 5520 2568 5575 ad
2603 5517 2983 5589 promissionis
3036 5525 3232 5570 terram
3287 5510 3412 5566 mite

3933 1606 3937 1685 ι

3933 1702 3939 1830 μ

3933 1836 3939 1908 ι

3935 1932 3939 2009 l

3935 2030 3941 2146 ;ι

3936 2162 3941 2240 l

3937 2260 3941 2331 l

3939 2396 3943 2439 Ι

3939 2490 3943 2545 l

3959 4654 3967 4812 ς

3961 4813 3969 5006 l
