  <div class='ocr_page' id='page_1' title='image "/cluster/home/n/w/nwhite01/storage/ocr_20150623/44/hvd.32044052767431/170.png"; bbox 0 0 2044 3105; ppageno 0'>
   <div class='ocr_carea' id='block_1_1' title="bbox 136 30 1716 64">
    <p class='ocr_par' dir='ltr' id='par_1_1' title="bbox 136 30 1716 64">
     <span class='ocr_line' id='line_1_1' title="bbox 136 30 1716 64; baseline 0.001 -6"><span class='ocrx_word' id='word_1_1' title='bbox 136 36 177 64; x_wconf 63' lang='lat'>325</span> <span class='ocrx_word' id='word_1_2' title='bbox 762 31 806 58; x_wconf 74' lang='lat' dir='ltr'>DE</span> <span class='ocrx_word' id='word_1_3' title='bbox 820 30 900 58; x_wconf 76' lang='lat' dir='ltr'>VITA</span> <span class='ocrx_word' id='word_1_4' title='bbox 919 30 1055 58; x_wconf 78' lang='lat' dir='ltr'>MOYSIS.</span> <span class='ocrx_word' id='word_1_5' title='bbox 1665 33 1716 59; x_wconf 69' lang='lat'>5&#39;26</span> 
     </span>
    </p>
   </div>
   <div class='ocr_carea' id='block_1_2' title="bbox 135 88 883 125">
    <p class='ocr_par' dir='ltr' id='par_1_2' title="bbox 135 88 882 125">
     <span class='ocr_line' id='line_1_2' title="bbox 135 88 882 125; baseline 0.011 -10"><span class='ocrx_word' id='word_1_6' title='bbox 135 92 169 124; x_wconf 82' lang='grc' dir='ltr'>ζον</span> <span class='ocrx_word' id='word_1_7' title='bbox 180 89 269 125; x_wconf 68' lang='grc' dir='ltr'>ἁθρόας</span> <span class='ocrx_word' id='word_1_8' title='bbox 289 89 408 123; x_wconf 77' lang='grc' dir='ltr'>πιανθὲν,</span> <span class='ocrx_word' id='word_1_9' title='bbox 427 90 463 118; x_wconf 75' lang='grc' dir='ltr'>τὰ</span> <span class='ocrx_word' id='word_1_10' title='bbox 482 89 537 117; x_wconf 79' lang='grc' dir='ltr'>τῶν</span> <span class='ocrx_word' id='word_1_11' title='bbox 554 88 747 124; x_wconf 78' lang='grc' dir='ltr'>ὲῤῥιζωμένων</span> <span class='ocrx_word' id='word_1_12' title='bbox 766 89 882 124; x_wconf 72' lang='grc' dir='ltr'>ἐνήργη-</span> 
     </span>
    </p>
   </div>
   <div class='ocr_carea' id='block_1_3' title="bbox 934 88 1718 125">
    <p class='ocr_par' dir='ltr' id='par_1_3' title="bbox 934 89 1718 120">
     <span class='ocr_line' id='line_1_3' title="bbox 934 89 1718 120; baseline 0.006 -7"><span class='ocrx_word' id='word_1_13' title='bbox 934 89 1003 114; x_wconf 88' lang='lat' dir='ltr'>viam</span> <span class='ocrx_word' id='word_1_14' title='bbox 1019 96 1078 116; x_wconf 89' lang='lat' dir='ltr'>esse</span> <span class='ocrx_word' id='word_1_15' title='bbox 1103 89 1320 120; x_wconf 77' lang='lat' dir='ltr'>custodiendam,</span> <span class='ocrx_word' id='word_1_16' title='bbox 1338 97 1371 116; x_wconf 90' lang='lat' dir='ltr'>ne</span> <span class='ocrx_word' id='word_1_17' title='bbox 1386 89 1512 117; x_wconf 84' lang='lat' dir='ltr'>videlicet</span> <span class='ocrx_word' id='word_1_18' title='bbox 1529 89 1562 117; x_wconf 85' lang='lat' dir='ltr'>ad</span> <span class='ocrx_word' id='word_1_19' title='bbox 1580 90 1718 118; x_wconf 79' lang='lat' dir='ltr'>dexteram</span> 
     </span>
    </p>
   </div>
   <div class='ocr_carea' id='block_1_4' title="bbox 135 134 884 169">
    <p class='ocr_par' dir='ltr' id='par_1_4' title="bbox 135 134 884 169">
     <span class='ocr_line' id='line_1_4' title="bbox 135 134 884 169; baseline -0.004 -7"><span class='ocrx_word' id='word_1_20' title='bbox 135 144 178 168; x_wconf 72' lang='grc' dir='ltr'>σει,</span> <span class='ocrx_word' id='word_1_21' title='bbox 192 135 243 161; x_wconf 75' lang='grc' dir='ltr'>ἀντὶ</span> <span class='ocrx_word' id='word_1_22' title='bbox 255 134 301 169; x_wconf 85' lang='grc' dir='ltr'>γῆς</span> <span class='ocrx_word' id='word_1_23' title='bbox 315 134 362 161; x_wconf 76' lang='grc' dir='ltr'>καὶ</span> <span class='ocrx_word' id='word_1_24' title='bbox 377 134 471 168; x_wconf 81' lang='grc' dir='ltr'>φλοιοῦ</span> <span class='ocrx_word' id='word_1_25' title='bbox 486 135 533 162; x_wconf 81' lang='grc' dir='ltr'>καὶ</span> <span class='ocrx_word' id='word_1_26' title='bbox 547 134 660 169; x_wconf 75' lang='grc' dir='ltr'>ἰκμάδος</span> <span class='ocrx_word' id='word_1_27' title='bbox 679 134 725 160; x_wconf 69' lang='grc' dir='ltr'>καὶ</span> <span class='ocrx_word' id='word_1_28' title='bbox 742 134 820 168; x_wconf 75' lang='grc' dir='ltr'>ῥίζης</span> <span class='ocrx_word' id='word_1_29' title='bbox 837 134 884 160; x_wconf 71' lang='grc' dir='ltr'>καὶ</span> 
     </span>
    </p>
   </div>
   <div class='ocr_carea' id='block_1_5' title="bbox 132 178 881 214">
    <p class='ocr_par' dir='ltr' id='par_1_5' title="bbox 132 178 881 214">
     <span class='ocr_line' id='line_1_5' title="bbox 132 178 881 214; baseline -0.003 -9"><span class='ocrx_word' id='word_1_30' title='bbox 132 179 220 206; x_wconf 73' lang='grc' dir='ltr'>κλὼνων</span> <span class='ocrx_word' id='word_1_31' title='bbox 237 179 280 214; x_wconf 86' lang='grc' dir='ltr'>τῆς</span> <span class='ocrx_word' id='word_1_32' title='bbox 302 178 377 210; x_wconf 87' lang='grc' dir='ltr'>θείας</span> <span class='ocrx_word' id='word_1_33' title='bbox 399 178 542 214; x_wconf 81' lang='grc' dir='ltr'>δυνάμεως</span> <span class='ocrx_word' id='word_1_34' title='bbox 563 179 712 213; x_wconf 77' lang='grc' dir='ltr'>γενομένης</span> <span class='ocrx_word' id='word_1_35' title='bbox 736 178 773 212; x_wconf 75' lang='grc' dir='ltr'>τῷ</span> <span class='ocrx_word' id='word_1_36' title='bbox 801 178 881 213; x_wconf 82' lang='grc' dir='ltr'>ξύλῳ.</span> 
     </span>
    </p>
   </div>
   <div class='ocr_carea' id='block_1_6' title="bbox 138 223 884 258">
    <p class='ocr_par' dir='ltr' id='par_1_6' title="bbox 138 223 884 258">
     <span class='ocr_line' id='line_1_6' title="bbox 138 223 884 258; baseline -0.003 -7"><span class='ocrx_word' id='word_1_37' title='bbox 138 225 185 251; x_wconf 77' lang='grc' dir='ltr'>Ἐπὶ</span> <span class='ocrx_word' id='word_1_38' title='bbox 195 223 286 255; x_wconf 82' lang='grc' dir='ltr'>τούτοις</span> <span class='ocrx_word' id='word_1_39' title='bbox 297 223 329 250; x_wconf 82' lang='grc' dir='ltr'>δι’</span> <span class='ocrx_word' id='word_1_40' title='bbox 343 224 502 258; x_wconf 78' lang='grc' dir='ltr'>ἀλλοφύλων</span> <span class='ocrx_word' id='word_1_41' title='bbox 516 224 600 250; x_wconf 82' lang='grc' dir='ltr'>ἐθνῶν</span> <span class='ocrx_word' id='word_1_42' title='bbox 613 225 658 249; x_wconf 65' lang='grc' dir='ltr'>τὸν</span> <span class='ocrx_word' id='word_1_43' title='bbox 670 224 783 258; x_wconf 69' lang='grc' dir='ltr'>στρατὸν</span> <span class='ocrx_word' id='word_1_44' title='bbox 799 225 884 257; x_wconf 77' lang='grc' dir='ltr'>ἄγων,</span> 
     </span>
    </p>
   </div>
   <div class='ocr_carea' id='block_1_7' title="bbox 132 269 884 305">
    <p class='ocr_par' dir='ltr' id='par_1_7' title="bbox 132 269 884 305">
     <span class='ocr_line' id='line_1_7' title="bbox 132 269 884 305; baseline -0.003 -8"><span class='ocrx_word' id='word_1_45' title='bbox 132 270 248 305; x_wconf 65' lang='grc' dir='ltr'>ἀπώμοτον</span> <span class='ocrx_word' id='word_1_46' title='bbox 268 270 383 296; x_wconf 84' lang='grc' dir='ltr'>ποιεῖται</span> <span class='ocrx_word' id='word_1_47' title='bbox 409 271 468 301; x_wconf 82' lang='grc' dir='ltr'>ταῖς</span> <span class='ocrx_word' id='word_1_48' title='bbox 494 269 626 304; x_wconf 79' lang='grc' dir='ltr'>ἀρούραις</span> <span class='ocrx_word' id='word_1_49' title='bbox 653 269 741 295; x_wconf 76' lang='grc' dir='ltr'>αὐτῶν</span> <span class='ocrx_word' id='word_1_50' title='bbox 761 270 806 295; x_wconf 73' lang='grc' dir='ltr'>καὶ</span> <span class='ocrx_word' id='word_1_51' title='bbox 825 271 884 301; x_wconf 84' lang='grc' dir='ltr'>ταῖς</span> 
     </span>
    </p>
   </div>
   <div class='ocr_carea' id='block_1_8' title="bbox 131 314 882 350">
    <p class='ocr_par' dir='ltr' id='par_1_8' title="bbox 131 314 882 350">
     <span class='ocr_line' id='line_1_8' title="bbox 131 314 882 350; baseline -0.001 -9"><span class='ocrx_word' id='word_1_52' title='bbox 131 315 234 350; x_wconf 79' lang='grc' dir='ltr'>ἀμπέλοις</span> <span class='ocrx_word' id='word_1_53' title='bbox 249 314 286 349; x_wconf 86' lang='grc' dir='ltr'>τῷ</span> <span class='ocrx_word' id='word_1_54' title='bbox 301 314 357 349; x_wconf 85' lang='grc' dir='ltr'>λαῷ</span> <span class='ocrx_word' id='word_1_55' title='bbox 375 316 551 350; x_wconf 84' lang='grc' dir='ltr'>συγχωρῆσαι</span> <span class='ocrx_word' id='word_1_56' title='bbox 570 315 619 350; x_wconf 81' lang='grc' dir='ltr'>τὴν</span> <span class='ocrx_word' id='word_1_57' title='bbox 634 314 727 345; x_wconf 76' lang='grc' dir='ltr'>δίοδον,</span> <span class='ocrx_word' id='word_1_58' title='bbox 749 314 815 341; x_wconf 73' lang='grc' dir='ltr'>ἀλλὰ</span> <span class='ocrx_word' id='word_1_59' title='bbox 832 323 882 348; x_wconf 75' lang='grc' dir='ltr'>φυ-</span> 
     </span>
    </p>
   </div>
   <div class='ocr_carea' id='block_1_9' title="bbox 129 360 884 396">
    <p class='ocr_par' dir='ltr' id='par_1_9' title="bbox 129 360 884 396">
     <span class='ocr_line' id='line_1_9' title="bbox 129 360 884 396; baseline -0.003 -8"><span class='ocrx_word' id='word_1_60' title='bbox 129 361 189 393; x_wconf 69' lang='grc' dir='ltr'>λάξαι</span> <span class='ocrx_word' id='word_1_61' title='bbox 201 360 243 396; x_wconf 83' lang='grc' dir='ltr'>τὴν</span> <span class='ocrx_word' id='word_1_62' title='bbox 256 360 397 396; x_wconf 85' lang='grc' dir='ltr'>βασιλικὴν</span> <span class='ocrx_word' id='word_1_63' title='bbox 410 361 479 392; x_wconf 74' lang='grc' dir='ltr'>ὁδὸν,</span> <span class='ocrx_word' id='word_1_64' title='bbox 496 361 566 395; x_wconf 84' lang='grc' dir='ltr'>μήτε</span> <span class='ocrx_word' id='word_1_65' title='bbox 591 361 630 391; x_wconf 81' lang='grc' dir='ltr'>είς</span> <span class='ocrx_word' id='word_1_66' title='bbox 649 360 723 392; x_wconf 78' lang='grc' dir='ltr'>δεξιὰ</span> <span class='ocrx_word' id='word_1_67' title='bbox 734 380 740 392; x_wconf 85' lang='grc'>,</span> <span class='ocrx_word' id='word_1_68' title='bbox 762 361 829 395; x_wconf 82' lang='grc' dir='ltr'>μήτε</span> <span class='ocrx_word' id='word_1_69' title='bbox 845 362 884 391; x_wconf 81' lang='grc' dir='ltr'>εἰς</span> 
     </span>
    </p>
   </div>
   <div class='ocr_carea' id='block_1_10' title="bbox 129 406 884 442">
    <p class='ocr_par' dir='ltr' id='par_1_10' title="bbox 129 406 884 442">
     <span class='ocr_line' id='line_1_10' title="bbox 129 406 884 442; baseline -0.001 -9"><span class='ocrx_word' id='word_1_70' title='bbox 129 407 234 442; x_wconf 72' lang='grc' dir='ltr'>ἀριστερὰ</span> <span class='ocrx_word' id='word_1_71' title='bbox 254 406 445 433; x_wconf 76' lang='grc' dir='ltr'>ἀποκλίναντα.</span> <span class='ocrx_word' id='word_1_72' title='bbox 470 406 530 432; x_wconf 82' lang='grc' dir='ltr'>Τῶν</span> <span class='ocrx_word' id='word_1_73' title='bbox 553 406 582 432; x_wconf 79' lang='grc' dir='ltr'>δὲ</span> <span class='ocrx_word' id='word_1_74' title='bbox 603 407 739 441; x_wconf 80' lang='grc' dir='ltr'>πολεμίων</span> <span class='ocrx_word' id='word_1_75' title='bbox 763 407 821 432; x_wconf 69' lang='grc' dir='ltr'>οὐδὲ</span> <span class='ocrx_word' id='word_1_76' title='bbox 838 406 884 432; x_wconf 71' lang='grc' dir='ltr'>ἐπὶ</span> 
     </span>
    </p>
   </div>
   <div class='ocr_carea' id='block_1_11' title="bbox 127 451 884 487">
    <p class='ocr_par' dir='ltr' id='par_1_11' title="bbox 127 451 884 487">
     <span class='ocr_line' id='line_1_11' title="bbox 127 451 884 487; baseline 0 -9"><span class='ocrx_word' id='word_1_77' title='bbox 127 451 209 483; x_wconf 77' lang='grc' dir='ltr'>τούτοις</span> <span class='ocrx_word' id='word_1_78' title='bbox 218 452 418 486; x_wconf 86' lang='grc' dir='ltr'>είρηνευόντων,</span> <span class='ocrx_word' id='word_1_79' title='bbox 433 452 507 487; x_wconf 80' lang='grc' dir='ltr'>μάχῃ</span> <span class='ocrx_word' id='word_1_80' title='bbox 518 452 776 486; x_wconf 75' lang='grc' dir='ltr'>καταγωνισάμενος</span> <span class='ocrx_word' id='word_1_81' title='bbox 784 452 828 478; x_wconf 75' lang='grc' dir='ltr'>τὸν</span> <span class='ocrx_word' id='word_1_82' title='bbox 841 453 884 478; x_wconf 82' lang='grc' dir='ltr'>ἀν-</span> 
     </span>
    </p>
   </div>
   <div class='ocr_carea' id='block_1_12' title="bbox 126 494 884 532">
    <p class='ocr_par' dir='ltr' id='par_1_12' title="bbox 126 494 884 532">
     <span class='ocr_line' id='line_1_12' title="bbox 126 494 884 532; baseline 0.001 -11"><span class='ocrx_word' id='word_1_83' title='bbox 126 496 226 529; x_wconf 71' lang='grc' dir='ltr'>τίπαλον,</span> <span class='ocrx_word' id='word_1_84' title='bbox 241 497 376 532; x_wconf 73' lang='grc' dir='ltr'>ἐγκρατὴς</span> <span class='ocrx_word' id='word_1_85' title='bbox 394 496 499 530; x_wconf 86' lang='grc' dir='ltr'>γίνεται</span> <span class='ocrx_word' id='word_1_86' title='bbox 522 497 570 531; x_wconf 83' lang='grc' dir='ltr'>τῆς</span> <span class='ocrx_word' id='word_1_87' title='bbox 602 497 729 531; x_wconf 74' lang='grc' dir='ltr'>παρόδου.</span> <span class='ocrx_word' id='word_1_88' title='bbox 755 494 821 523; x_wconf 77' lang='grc' dir='ltr'>Εἶτά</span> <span class='ocrx_word' id='word_1_89' title='bbox 842 505 884 528; x_wconf 84' lang='grc' dir='ltr'>τις</span> 
     </span>
    </p>
   </div>
   <div class='ocr_carea' id='block_1_13' title="bbox 125 540 883 576">
    <p class='ocr_par' dir='ltr' id='par_1_13' title="bbox 125 540 883 576">
     <span class='ocr_line' id='line_1_13' title="bbox 125 540 883 576; baseline 0.001 -10"><span class='ocrx_word' id='word_1_90' title='bbox 125 540 196 566; x_wconf 70' lang='grc' dir='ltr'>Βαλὰκ</span> <span class='ocrx_word' id='word_1_91' title='bbox 213 540 331 574; x_wconf 76' lang='grc' dir='ltr'>μείζονος</span> <span class='ocrx_word' id='word_1_92' title='bbox 342 540 435 573; x_wconf 71' lang='grc' dir='ltr'>ἔθνους</span> <span class='ocrx_word' id='word_1_93' title='bbox 450 540 500 576; x_wconf 84' lang='grc' dir='ltr'>τὴν</span> <span class='ocrx_word' id='word_1_94' title='bbox 512 542 663 576; x_wconf 82' lang='grc' dir='ltr'>ἡγεμονίαν</span> <span class='ocrx_word' id='word_1_95' title='bbox 677 540 746 575; x_wconf 78' lang='grc' dir='ltr'>ἔχων</span> <span class='ocrx_word' id='word_1_96' title='bbox 760 543 767 574; x_wconf 94' lang='grc'>(</span> <span class='ocrx_word' id='word_1_97' title='bbox 779 541 883 567; x_wconf 76' lang='grc' dir='ltr'>Μαδια-</span> 
     </span>
    </p>
   </div>
   <div class='ocr_carea' id='block_1_14' title="bbox 125 586 884 623">
    <p class='ocr_par' dir='ltr' id='par_1_14' title="bbox 125 586 884 623">
     <span class='ocr_line' id='line_1_14' title="bbox 125 586 884 623; baseline 0.004 -12"><span class='ocrx_word' id='word_1_98' title='bbox 125 587 178 612; x_wconf 74' lang='lat' dir='ltr'>vim</span> <span class='ocrx_word' id='word_1_99' title='bbox 188 586 213 612; x_wconf 69' lang='grc' dir='ltr'>δὲ</span> <span class='ocrx_word' id='word_1_100' title='bbox 227 586 263 621; x_wconf 80' lang='grc' dir='ltr'>τῷ</span> <span class='ocrx_word' id='word_1_101' title='bbox 276 586 498 623; x_wconf 70' lang='grc' dir='ltr'>ἐθνει’τοῦνομα)</span> <span class='ocrx_word' id='word_1_102' title='bbox 512 588 580 623; x_wconf 80' lang='grc' dir='ltr'>πρὸς</span> <span class='ocrx_word' id='word_1_103' title='bbox 595 588 625 613; x_wconf 78' lang='grc' dir='ltr'>τὸ</span> <span class='ocrx_word' id='word_1_104' title='bbox 641 588 725 619; x_wconf 80' lang='grc' dir='ltr'>πάθος</span> <span class='ocrx_word' id='word_1_105' title='bbox 737 588 790 613; x_wconf 80' lang='grc' dir='ltr'>τῶν</span> <span class='ocrx_word' id='word_1_106' title='bbox 802 597 884 622; x_wconf 75' lang='grc' dir='ltr'>προο-</span> 
     </span>
    </p>
   </div>
   <div class='ocr_carea' id='block_1_15' title="bbox 124 629 884 668">
    <p class='ocr_par' dir='ltr' id='par_1_15' title="bbox 124 629 884 668">
     <span class='ocr_line' id='line_1_15' title="bbox 124 629 884 668; baseline 0.003 -11"><span class='ocrx_word' id='word_1_107' title='bbox 124 631 222 658; x_wconf 74' lang='grc' dir='ltr'>λωλότων</span> <span class='ocrx_word' id='word_1_108' title='bbox 235 632 428 667; x_wconf 77' lang='grc' dir='ltr'>καταπλαγεὶς,</span> <span class='ocrx_word' id='word_1_109' title='bbox 444 633 489 660; x_wconf 78' lang='grc' dir='ltr'>καὶ</span> <span class='ocrx_word' id='word_1_110' title='bbox 503 633 564 662; x_wconf 84' lang='grc' dir='ltr'>ὅσον</span> <span class='ocrx_word' id='word_1_111' title='bbox 578 633 684 659; x_wconf 65' lang='grc' dir='ltr'>οὐδέπω</span> <span class='ocrx_word' id='word_1_112' title='bbox 696 633 730 659; x_wconf 79' lang='grc' dir='ltr'>τὰ</span> <span class='ocrx_word' id='word_1_113' title='bbox 746 630 792 659; x_wconf 83' lang='grc' dir='ltr'>ἶσα</span> <span class='ocrx_word' id='word_1_114' title='bbox 810 629 884 668; x_wconf 81' lang='grc' dir='ltr'>παρὰ</span> 
     </span>
    </p>
   </div>
   <div class='ocr_carea' id='block_1_16' title="bbox 122 676 883 712">
    <p class='ocr_par' dir='ltr' id='par_1_16' title="bbox 122 676 883 712">
     <span class='ocr_line' id='line_1_16' title="bbox 122 676 883 712; baseline 0.001 -10"><span class='ocrx_word' id='word_1_115' title='bbox 122 676 163 702; x_wconf 80' lang='grc' dir='ltr'>τῶν</span> <span class='ocrx_word' id='word_1_116' title='bbox 180 676 345 712; x_wconf 77' lang='grc' dir='ltr'>Ἰσραηλιτῶν</span> <span class='ocrx_word' id='word_1_117' title='bbox 362 677 506 704; x_wconf 83' lang='grc' dir='ltr'>πείσεσθαι</span> <span class='ocrx_word' id='word_1_118' title='bbox 530 677 734 712; x_wconf 80' lang='grc' dir='ltr'>προσδοκήσας,</span> <span class='ocrx_word' id='word_1_119' title='bbox 751 678 883 711; x_wconf 82' lang='grc' dir='ltr'>ἐπάγεται</span> 
     </span>
    </p>
   </div>
   <div class='ocr_carea' id='block_1_17' title="bbox 122 720 883 757">
    <p class='ocr_par' dir='ltr' id='par_1_17' title="bbox 122 720 883 757">
     <span class='ocr_line' id='line_1_17' title="bbox 122 720 883 757; baseline 0.001 -10"><span class='ocrx_word' id='word_1_120' title='bbox 122 720 174 755; x_wconf 68' lang='grc' dir='ltr'>πρὸς</span> <span class='ocrx_word' id='word_1_121' title='bbox 187 721 340 756; x_wconf 72' lang='grc' dir='ltr'>συμμαχίαν</span> <span class='ocrx_word' id='word_1_122' title='bbox 359 721 450 748; x_wconf 82' lang='grc' dir='ltr'>ὃπλων</span> <span class='ocrx_word' id='word_1_123' title='bbox 470 721 519 757; x_wconf 79' lang='grc' dir='ltr'>μὲν</span> <span class='ocrx_word' id='word_1_124' title='bbox 542 722 588 748; x_wconf 78' lang='grc' dir='ltr'>καὶ</span> <span class='ocrx_word' id='word_1_125' title='bbox 605 722 739 757; x_wconf 83' lang='grc' dir='ltr'>σωμάτων</span> <span class='ocrx_word' id='word_1_126' title='bbox 759 722 883 756; x_wconf 77' lang='grc' dir='ltr'>βοήθειαν</span> 
     </span>
    </p>
   </div>
   <div class='ocr_carea' id='block_1_18' title="bbox 121 766 881 802">
    <p class='ocr_par' dir='ltr' id='par_1_18' title="bbox 121 766 881 802">
     <span class='ocr_line' id='line_1_18' title="bbox 121 766 881 802; baseline 0.004 -11"><span class='ocrx_word' id='word_1_127' title='bbox 121 766 242 800; x_wconf 69' lang='grc' dir='ltr'>οὐδεμίαν,</span> <span class='ocrx_word' id='word_1_128' title='bbox 262 767 410 802; x_wconf 85' lang='grc' dir='ltr'>περίεργον</span> <span class='ocrx_word' id='word_1_129' title='bbox 423 767 452 794; x_wconf 80' lang='grc' dir='ltr'>δὲ</span> <span class='ocrx_word' id='word_1_130' title='bbox 469 767 649 802; x_wconf 79' lang='grc' dir='ltr'>μαγγανείαν,</span> <span class='ocrx_word' id='word_1_131' title='bbox 675 767 718 794; x_wconf 83' lang='grc' dir='ltr'>διά</span> <span class='ocrx_word' id='word_1_132' title='bbox 737 776 810 798; x_wconf 84' lang='grc' dir='ltr'>τινος</span> <span class='ocrx_word' id='word_1_133' title='bbox 827 767 881 794; x_wconf 78' lang='grc' dir='ltr'>Βα-</span> 
     </span>
    </p>
   </div>
   <div class='ocr_carea' id='block_1_19' title="bbox 122 811 881 848">
    <p class='ocr_par' dir='ltr' id='par_1_19' title="bbox 122 811 881 848">
     <span class='ocr_line' id='line_1_19' title="bbox 122 811 881 848; baseline 0.003 -11"><span class='ocrx_word' id='word_1_134' title='bbox 122 811 186 845; x_wconf 70' lang='grc' dir='ltr'>λαὰμ,</span> <span class='ocrx_word' id='word_1_135' title='bbox 198 811 224 843; x_wconf 79' lang='grc' dir='ltr'>ὃς</span> <span class='ocrx_word' id='word_1_136' title='bbox 236 812 322 839; x_wconf 82' lang='grc' dir='ltr'>ταῦτα</span> <span class='ocrx_word' id='word_1_137' title='bbox 337 812 424 844; x_wconf 79' lang='grc' dir='ltr'>δεινὸς</span> <span class='ocrx_word' id='word_1_138' title='bbox 438 813 556 839; x_wconf 76' lang='grc' dir='ltr'>ἐποιεῖτο</span> <span class='ocrx_word' id='word_1_139' title='bbox 574 812 643 839; x_wconf 74' lang='grc' dir='ltr'>εἶναι</span> <span class='ocrx_word' id='word_1_140' title='bbox 653 834 660 846; x_wconf 89' lang='grc'>,</span> <span class='ocrx_word' id='word_1_141' title='bbox 675 814 721 839; x_wconf 75' lang='grc' dir='ltr'>καὶ</span> <span class='ocrx_word' id='word_1_142' title='bbox 736 813 812 848; x_wconf 79' lang='grc' dir='ltr'>παρὰ</span> <span class='ocrx_word' id='word_1_143' title='bbox 828 813 881 839; x_wconf 81' lang='grc' dir='ltr'>τῶν</span> 
     </span>
    </p>
   </div>
   <div class='ocr_carea' id='block_1_20' title="bbox 121 858 881 894">
    <p class='ocr_par' dir='ltr' id='par_1_20' title="bbox 121 858 881 894">
     <span class='ocr_line' id='line_1_20' title="bbox 121 858 881 894; baseline 0 -10"><span class='ocrx_word' id='word_1_144' title='bbox 121 858 268 892; x_wconf 70' lang='grc' dir='ltr'>κεχρημένων</span> <span class='ocrx_word' id='word_1_145' title='bbox 291 858 372 894; x_wconf 79' lang='grc' dir='ltr'>αὐτῴ</span> <span class='ocrx_word' id='word_1_146' title='bbox 397 858 468 893; x_wconf 72' lang='grc' dir='ltr'>ἔχειν</span> <span class='ocrx_word' id='word_1_147' title='bbox 495 858 557 885; x_wconf 84' lang='grc' dir='ltr'>τινὰ</span> <span class='ocrx_word' id='word_1_148' title='bbox 583 859 651 894; x_wconf 73' lang='grc' dir='ltr'>πρὸς</span> <span class='ocrx_word' id='word_1_149' title='bbox 675 858 724 890; x_wconf 81' lang='grc' dir='ltr'>τὰς</span> <span class='ocrx_word' id='word_1_150' title='bbox 755 859 881 890; x_wconf 84' lang='grc' dir='ltr'>τοιαύτας</span> 
     </span>
    </p>
   </div>
   <div class='ocr_carea' id='block_1_21' title="bbox 122 901 882 940">
    <p class='ocr_par' dir='ltr' id='par_1_21' title="bbox 122 901 882 940">
     <span class='ocr_line' id='line_1_21' title="bbox 122 901 882 940; baseline 0 -10"><span class='ocrx_word' id='word_1_151' title='bbox 122 903 215 935; x_wconf 72' lang='grc' dir='ltr'>σπουδὰς</span> <span class='ocrx_word' id='word_1_152' title='bbox 224 904 338 939; x_wconf 78' lang='grc' dir='ltr'>δύναμιν</span> <span class='ocrx_word' id='word_1_153' title='bbox 354 903 526 932; x_wconf 81' lang='grc' dir='ltr'>ἐπιστεύετο·</span> <span class='ocrx_word' id='word_1_154' title='bbox 541 901 564 939; x_wconf 81' lang='grc' dir='ltr'><strong>ᾧ</strong></span> <span class='ocrx_word' id='word_1_155' title='bbox 580 905 660 939; x_wconf 77' lang='grc' dir='ltr'>τέχνη</span> <span class='ocrx_word' id='word_1_156' title='bbox 682 905 731 939; x_wconf 79' lang='grc' dir='ltr'>μὲν</span> <span class='ocrx_word' id='word_1_157' title='bbox 743 902 776 940; x_wconf 83' lang='grc' dir='ltr'>ἦν</span> <span class='ocrx_word' id='word_1_158' title='bbox 793 906 882 930; x_wconf 80' lang='grc' dir='ltr'>οίωνι-</span> 
     </span>
    </p>
   </div>
   <div class='ocr_carea' id='block_1_22' title="bbox 122 948 879 985">
    <p class='ocr_par' dir='ltr' id='par_1_22' title="bbox 122 948 879 985">
     <span class='ocr_line' id='line_1_22' title="bbox 122 948 879 985; baseline -0.001 -10"><span class='ocrx_word' id='word_1_159' title='bbox 122 949 191 984; x_wconf 64' lang='lat' dir='ltr'>null.</span> <span class='ocrx_word' id='word_1_160' title='bbox 214 950 348 985; x_wconf 77' lang='grc' dir='ltr'>δαιμόνων</span> <span class='ocrx_word' id='word_1_161' title='bbox 369 949 398 976; x_wconf 78' lang='grc' dir='ltr'>δέ</span> <span class='ocrx_word' id='word_1_162' title='bbox 430 958 484 977; x_wconf 83' lang='grc' dir='ltr'>τινι</span> <span class='ocrx_word' id='word_1_163' title='bbox 506 950 652 985; x_wconf 76' lang='grc' dir='ltr'>συνεργείᾳ</span> <span class='ocrx_word' id='word_1_164' title='bbox 681 949 797 984; x_wconf 74' lang='grc' dir='ltr'>χαλεπὸς</span> <span class='ocrx_word' id='word_1_165' title='bbox 827 948 879 984; x_wconf 80' lang='grc' dir='ltr'>ἦν,</span> 
     </span>
    </p>
   </div>
   <div class='ocr_carea' id='block_1_23' title="bbox 121 994 881 1031">
    <p class='ocr_par' dir='ltr' id='par_1_23' title="bbox 121 994 881 1031">
     <span class='ocr_line' id='line_1_23' title="bbox 121 994 881 1031; baseline 0 -11"><span class='ocrx_word' id='word_1_166' title='bbox 121 994 208 1028; x_wconf 65' lang='grc' dir='ltr'>ἐπάγων</span> <span class='ocrx_word' id='word_1_167' title='bbox 222 996 275 1027; x_wconf 71' lang='grc' dir='ltr'>τοῖς</span> <span class='ocrx_word' id='word_1_168' title='bbox 292 994 453 1031; x_wconf 80' lang='grc' dir='ltr'>ἀνθρώποις</span> <span class='ocrx_word' id='word_1_169' title='bbox 472 995 674 1030; x_wconf 62' lang='grc' dir='ltr'>περιεργοτέρα⁴</span> <span class='ocrx_word' id='word_1_170' title='bbox 697 995 751 1020; x_wconf 76' lang='grc' dir='ltr'>τινὶ</span> <span class='ocrx_word' id='word_1_171' title='bbox 767 994 881 1030; x_wconf 68' lang='grc' dir='ltr'>δυνάμει</span> 
     </span>
    </p>
   </div>
   <div class='ocr_carea' id='block_1_24' title="bbox 121 1040 882 1075">
    <p class='ocr_par' dir='ltr' id='par_1_24' title="bbox 121 1040 882 1075">
     <span class='ocr_line' id='line_1_24' title="bbox 121 1040 882 1075; baseline -0.001 -9"><span class='ocrx_word' id='word_1_172' title='bbox 121 1040 147 1066; x_wconf 74' lang='grc' dir='ltr'>τὰ</span> <span class='ocrx_word' id='word_1_173' title='bbox 156 1040 275 1074; x_wconf 75' lang='grc' dir='ltr'>ἀνήκεστα</span> <span class='ocrx_word' id='word_1_174' title='bbox 285 1048 292 1056; x_wconf 91' lang='grc'><strong>·</strong></span> <span class='ocrx_word' id='word_1_175' title='bbox 307 1040 411 1073; x_wconf 67' lang='grc' dir='ltr'>δςηοῖς</span> <span class='ocrx_word' id='word_1_176' title='bbox 423 1040 574 1075; x_wconf 76' lang='grc' dir='ltr'>ἀπάγουσιν</span> <span class='ocrx_word' id='word_1_177' title='bbox 591 1040 671 1066; x_wconf 72' lang='grc' dir='ltr'>αὐτὸν</span> <span class='ocrx_word' id='word_1_178' title='bbox 687 1040 733 1066; x_wconf 71' lang='grc' dir='ltr'>ἐπὶ</span> <span class='ocrx_word' id='word_1_179' title='bbox 748 1040 793 1066; x_wconf 80' lang='grc' dir='ltr'>τὸν</span> <span class='ocrx_word' id='word_1_180' title='bbox 807 1040 882 1074; x_wconf 84' lang='grc' dir='ltr'>βασι-</span> 
     </span>
    </p>
   </div>
   <div class='ocr_carea' id='block_1_25' title="bbox 122 1085 880 1122">
    <p class='ocr_par' dir='ltr' id='par_1_25' title="bbox 122 1085 880 1122">
     <span class='ocr_line' id='line_1_25' title="bbox 122 1085 880 1122; baseline 0 -11"><span class='ocrx_word' id='word_1_181' title='bbox 122 1085 157 1111; x_wconf 74' lang='grc' dir='ltr'>λέα</span> <span class='ocrx_word' id='word_1_182' title='bbox 170 1086 208 1112; x_wconf 79' lang='grc' dir='ltr'>τοῦ</span> <span class='ocrx_word' id='word_1_183' title='bbox 230 1086 324 1117; x_wconf 75' lang='grc' dir='ltr'>ἔθνους</span> <span class='ocrx_word' id='word_1_184' title='bbox 346 1086 496 1122; x_wconf 70' lang='grc' dir='ltr'>ἑπόμενος,</span> <span class='ocrx_word' id='word_1_185' title='bbox 510 1087 543 1121; x_wconf 81' lang='grc' dir='ltr'>τῇ</span> <span class='ocrx_word' id='word_1_186' title='bbox 559 1087 634 1121; x_wconf 80' lang='grc' dir='ltr'>φωνῇ</span> <span class='ocrx_word' id='word_1_187' title='bbox 649 1086 698 1120; x_wconf 83' lang='grc' dir='ltr'>τῆς</span> <span class='ocrx_word' id='word_1_188' title='bbox 717 1085 776 1111; x_wconf 74' lang='grc' dir='ltr'>ὄνου</span> <span class='ocrx_word' id='word_1_189' title='bbox 794 1085 825 1111; x_wconf 82' lang='grc' dir='ltr'>τὸ</span> <span class='ocrx_word' id='word_1_190' title='bbox 844 1085 880 1120; x_wconf 80' lang='grc' dir='ltr'>μὴ</span> 
     </span>
    </p>
   </div>
   <div class='ocr_carea' id='block_1_26' title="bbox 122 1129 882 1169">
    <p class='ocr_par' dir='ltr' id='par_1_26' title="bbox 122 1129 882 1169">
     <span class='ocr_line' id='line_1_26' title="bbox 122 1129 882 1169; baseline -0.003 -11"><span class='ocrx_word' id='word_1_191' title='bbox 122 1132 187 1158; x_wconf 70' lang='grc' dir='ltr'>αἶσιον</span> <span class='ocrx_word' id='word_1_192' title='bbox 195 1132 262 1168; x_wconf 78' lang='grc' dir='ltr'>αὑτῷ</span> <span class='ocrx_word' id='word_1_193' title='bbox 273 1132 327 1169; x_wconf 77' lang='grc' dir='ltr'>τὴν</span> <span class='ocrx_word' id='word_1_194' title='bbox 338 1132 397 1169; x_wconf 55' lang='lat' dir='ltr'>my</span> <span class='ocrx_word' id='word_1_195' title='bbox 413 1129 483 1159; x_wconf 79' lang='grc' dir='ltr'>εἶναι</span> <span class='ocrx_word' id='word_1_196' title='bbox 499 1132 664 1159; x_wconf 81' lang='grc' dir='ltr'>διδάσκεται.</span> <span class='ocrx_word' id='word_1_197' title='bbox 677 1130 742 1158; x_wconf 86' lang='grc' dir='ltr'>Εἶτα</span> <span class='ocrx_word' id='word_1_198' title='bbox 753 1131 797 1157; x_wconf 83' lang='grc' dir='ltr'>διά</span> <span class='ocrx_word' id='word_1_199' title='bbox 809 1139 882 1162; x_wconf 83' lang='grc' dir='ltr'>τινος</span> 
     </span>
    </p>
   </div>
   <div class='ocr_carea' id='block_1_27' title="bbox 122 1173 881 1214">
    <p class='ocr_par' dir='ltr' id='par_1_27' title="bbox 122 1173 881 1214">
     <span class='ocr_line' id='line_1_27' title="bbox 122 1173 881 1214; baseline -0.003 -9"><span class='ocrx_word' id='word_1_200' title='bbox 122 1176 241 1210; x_wconf 56' lang='grc' dir='ltr'>ἐμφανείας</span> <span class='ocrx_word' id='word_1_201' title='bbox 257 1177 288 1204; x_wconf 75' lang='grc' dir='ltr'>τὸ</span> <span class='ocrx_word' id='word_1_202' title='bbox 311 1178 453 1214; x_wconf 76' lang='grc' dir='ltr'>πρακτέον</span> <span class='ocrx_word' id='word_1_203' title='bbox 475 1177 586 1213; x_wconf 89' lang='grc' dir='ltr'>μαθὼν,</span> <span class='ocrx_word' id='word_1_204' title='bbox 604 1177 804 1212; x_wconf 75' lang='grc' dir='ltr'>ἀσθενεστέραν</span> <span class='ocrx_word' id='word_1_205' title='bbox 819 1173 881 1211; x_wconf 72' lang='grc' dir='ltr'>εὗρε</span> 
     </span>
    </p>
   </div>
   <div class='ocr_carea' id='block_1_28' title="bbox 121 1220 881 1257">
    <p class='ocr_par' dir='ltr' id='par_1_28' title="bbox 121 1220 881 1257">
     <span class='ocr_line' id='line_1_28' title="bbox 121 1220 881 1257; baseline -0.003 -8"><span class='ocrx_word' id='word_1_206' title='bbox 121 1220 156 1255; x_wconf 73' lang='grc' dir='ltr'>τὴν</span> <span class='ocrx_word' id='word_1_207' title='bbox 165 1223 297 1249; x_wconf 69' lang='grc' dir='ltr'>κακοποιὸν</span> <span class='ocrx_word' id='word_1_208' title='bbox 309 1222 481 1257; x_wconf 78' lang='grc' dir='ltr'>μαγγανείαν</span> <span class='ocrx_word' id='word_1_209' title='bbox 490 1220 537 1248; x_wconf 80' lang='grc' dir='ltr'>τοῦ</span> <span class='ocrx_word' id='word_1_210' title='bbox 551 1221 652 1256; x_wconf 72' lang='grc' dir='ltr'>βλάϐην</span> <span class='ocrx_word' id='word_1_211' title='bbox 662 1221 722 1247; x_wconf 79' lang='grc' dir='ltr'>τινὰ</span> <span class='ocrx_word' id='word_1_212' title='bbox 737 1222 793 1253; x_wconf 88' lang='grc' dir='ltr'>τοῖς</span> <span class='ocrx_word' id='word_1_213' title='bbox 807 1221 881 1255; x_wconf 78' lang='grc' dir='ltr'>παρὰ</span> 
     </span>
    </p>
   </div>
   <div class='ocr_carea' id='block_1_29' title="bbox 120 1266 880 1304">
    <p class='ocr_par' dir='ltr' id='par_1_29' title="bbox 120 1266 880 1304">
     <span class='ocr_line' id='line_1_29' title="bbox 120 1266 880 1304; baseline 0.001 -13"><span class='ocrx_word' id='word_1_214' title='bbox 120 1266 155 1292; x_wconf 74' lang='grc' dir='ltr'>τού</span> <span class='ocrx_word' id='word_1_215' title='bbox 166 1266 224 1293; x_wconf 77' lang='grc' dir='ltr'>Θεοῦ</span> <span class='ocrx_word' id='word_1_216' title='bbox 239 1268 483 1304; x_wconf 81' lang='grc' dir='ltr'>συμμαχουμένοις</span> <span class='ocrx_word' id='word_1_217' title='bbox 501 1267 730 1303; x_wconf 71' lang='grc' dir='ltr'>προστρίψασθαι.</span> <span class='ocrx_word' id='word_1_218' title='bbox 762 1267 835 1293; x_wconf 80' lang='grc' dir='ltr'>’Λντὶ</span> <span class='ocrx_word' id='word_1_219' title='bbox 852 1266 880 1292; x_wconf 82' lang='grc' dir='ltr'>δὲ</span> 
     </span>
    </p>
   </div>
   <div class='ocr_carea' id='block_1_30' title="bbox 119 1311 881 1349">
    <p class='ocr_par' dir='ltr' id='par_1_30' title="bbox 119 1311 881 1349">
     <span class='ocr_line' id='line_1_30' title="bbox 119 1311 881 1349; baseline -0.007 -7"><span class='ocrx_word' id='word_1_220' title='bbox 119 1311 157 1347; x_wconf 71' lang='grc' dir='ltr'>τῆς</span> <span class='ocrx_word' id='word_1_221' title='bbox 174 1312 221 1340; x_wconf 73' lang='grc' dir='ltr'>τῶν</span> <span class='ocrx_word' id='word_1_222' title='bbox 243 1313 385 1349; x_wconf 81' lang='grc' dir='ltr'>δαιμόνων</span> <span class='ocrx_word' id='word_1_223' title='bbox 407 1313 549 1349; x_wconf 72' lang='grc' dir='ltr'>ἐνεργείας</span> <span class='ocrx_word' id='word_1_224' title='bbox 578 1314 610 1339; x_wconf 86' lang='grc' dir='ltr'>ἐκ</span> <span class='ocrx_word' id='word_1_225' title='bbox 633 1313 708 1344; x_wconf 82' lang='grc' dir='ltr'>θείας</span> <span class='ocrx_word' id='word_1_226' title='bbox 738 1312 881 1342; x_wconf 74' lang='grc' dir='ltr'>ἐπιπνοίας</span> 
     </span>
    </p>
   </div>
   <div class='ocr_carea' id='block_1_31' title="bbox 119 1358 881 1395">
    <p class='ocr_par' dir='ltr' id='par_1_31' title="bbox 119 1358 881 1395">
     <span class='ocr_line' id='line_1_31' title="bbox 119 1358 881 1395; baseline -0.003 -9"><span class='ocrx_word' id='word_1_227' title='bbox 119 1358 190 1389; x_wconf 68' lang='lat' dir='ltr'>Mm;</span> <span class='ocrx_word' id='word_1_228' title='bbox 208 1359 364 1395; x_wconf 81' lang='grc' dir='ltr'>γενόμενος,</span> <span class='ocrx_word' id='word_1_229' title='bbox 389 1358 539 1394; x_wconf 83' lang='grc' dir='ltr'>ἐφθέγξατο</span> <span class='ocrx_word' id='word_1_230' title='bbox 563 1359 654 1393; x_wconf 76' lang='grc' dir='ltr'>φωνὰς</span> <span class='ocrx_word' id='word_1_231' title='bbox 676 1358 819 1390; x_wconf 81' lang='grc' dir='ltr'>τοιαύτας,</span> <span class='ocrx_word' id='word_1_232' title='bbox 843 1359 881 1390; x_wconf 84' lang='grc' dir='ltr'>ὼς</span> 
     </span>
    </p>
   </div>
   <div class='ocr_carea' id='block_1_32' title="bbox 120 1402 916 1455">
    <p class='ocr_par' dir='ltr' id='par_1_32' title="bbox 120 1402 916 1455">
     <span class='ocr_line' id='line_1_32' title="bbox 120 1402 916 1455; baseline 0 -25"><span class='ocrx_word' id='word_1_233' title='bbox 120 1405 260 1438; x_wconf 71' lang='grc' dir='ltr'>προφητείαν</span> <span class='ocrx_word' id='word_1_234' title='bbox 273 1405 408 1441; x_wconf 70' lang='grc' dir='ltr'>ἄντικρυς</span> <span class='ocrx_word' id='word_1_235' title='bbox 426 1402 496 1432; x_wconf 77' lang='grc' dir='ltr'>εἶναι</span> <span class='ocrx_word' id='word_1_236' title='bbox 511 1405 566 1431; x_wconf 80' lang='grc' dir='ltr'>τῶν</span> <span class='ocrx_word' id='word_1_237' title='bbox 585 1406 624 1436; x_wconf 85' lang='grc' dir='ltr'>είς</span> <span class='ocrx_word' id='word_1_238' title='bbox 640 1404 754 1439; x_wconf 80' lang='grc' dir='ltr'>ὕστερον</span> <span class='ocrx_word' id='word_1_239' title='bbox 770 1404 837 1439; x_wconf 81' lang='grc' dir='ltr'>πρὸς</span> <span class='ocrx_word' id='word_1_240' title='bbox 850 1405 881 1430; x_wconf 81' lang='grc' dir='ltr'>τὸ</span> <span class='ocrx_word' id='word_1_241' title='bbox 895 1427 916 1455; x_wconf 73' lang='lat' dir='ltr'><strong>c</strong></span> 
     </span>
    </p>
   </div>
   <div class='ocr_carea' id='block_1_33' title="bbox 117 1447 882 1487">
    <p class='ocr_par' dir='ltr' id='par_1_33' title="bbox 117 1447 882 1487">
     <span class='ocr_line' id='line_1_33' title="bbox 117 1447 882 1487; baseline 0.005 -13"><span class='ocrx_word' id='word_1_242' title='bbox 117 1451 220 1483; x_wconf 70' lang='grc' dir='ltr'>κρεῖσσον</span> <span class='ocrx_word' id='word_1_243' title='bbox 233 1451 442 1487; x_wconf 77' lang='grc' dir='ltr'>ὲκόησομένων.</span> <span class='ocrx_word' id='word_1_244' title='bbox 456 1451 495 1478; x_wconf 77' lang='grc' dir='ltr'>Δι’</span> <span class='ocrx_word' id='word_1_245' title='bbox 508 1447 545 1477; x_wconf 82' lang='grc' dir='ltr'>ὧν</span> <span class='ocrx_word' id='word_1_246' title='bbox 560 1450 614 1485; x_wconf 71' lang='grc' dir='ltr'>γὰρ</span> <span class='ocrx_word' id='word_1_247' title='bbox 628 1451 751 1485; x_wconf 79' lang='grc' dir='ltr'>ἐκωλύθη</span> <span class='ocrx_word' id='word_1_248' title='bbox 767 1451 835 1486; x_wconf 83' lang='grc' dir='ltr'>πρὸς</span> <span class='ocrx_word' id='word_1_249' title='bbox 851 1451 882 1478; x_wconf 79' lang='grc' dir='ltr'>τὸ</span> 
     </span>
    </p>
   </div>
   <div class='ocr_carea' id='block_1_34' title="bbox 116 1495 882 1533">
    <p class='ocr_par' dir='ltr' id='par_1_34' title="bbox 116 1495 882 1533">
     <span class='ocr_line' id='line_1_34' title="bbox 116 1495 882 1533; baseline 0.003 -12"><span class='ocrx_word' id='word_1_250' title='bbox 116 1495 182 1521; x_wconf 74' lang='grc' dir='ltr'>κακὸν</span> <span class='ocrx_word' id='word_1_251' title='bbox 192 1496 337 1532; x_wconf 78' lang='grc' dir='ltr'>ἐνεργῆσαι</span> <span class='ocrx_word' id='word_1_252' title='bbox 351 1497 384 1532; x_wconf 84' lang='grc' dir='ltr'>τῇ</span> <span class='ocrx_word' id='word_1_253' title='bbox 399 1496 493 1533; x_wconf 81' lang='grc' dir='ltr'>τέχνῃ.</span> <span class='ocrx_word' id='word_1_254' title='bbox 508 1496 551 1523; x_wconf 81' lang='grc' dir='ltr'>διὰ</span> <span class='ocrx_word' id='word_1_255' title='bbox 565 1497 666 1523; x_wconf 84' lang='grc' dir='ltr'>τούτων</span> <span class='ocrx_word' id='word_1_256' title='bbox 681 1497 731 1531; x_wconf 82' lang='grc' dir='ltr'>τῆς</span> <span class='ocrx_word' id='word_1_257' title='bbox 750 1497 823 1528; x_wconf 79' lang='grc' dir='ltr'>θείας</span> <span class='ocrx_word' id='word_1_258' title='bbox 838 1497 882 1523; x_wconf 75' lang='grc' dir='ltr'>δυ-</span> 
     </span>
    </p>
   </div>
   <div class='ocr_carea' id='block_1_35' title="bbox 114 1540 882 1578">
    <p class='ocr_par' dir='ltr' id='par_1_35' title="bbox 114 1540 882 1578">
     <span class='ocr_line' id='line_1_35' title="bbox 114 1540 882 1578; baseline 0.003 -12"><span class='ocrx_word' id='word_1_259' title='bbox 114 1540 201 1575; x_wconf 69' lang='grc' dir='ltr'>νάμεως</span> <span class='ocrx_word' id='word_1_260' title='bbox 218 1543 245 1568; x_wconf 81' lang='grc' dir='ltr'>ὲν</span> <span class='ocrx_word' id='word_1_261' title='bbox 265 1542 395 1577; x_wconf 73' lang='grc' dir='ltr'>αἰσθήσει</span> <span class='ocrx_word' id='word_1_262' title='bbox 418 1542 583 1578; x_wconf 79' lang='grc' dir='ltr'>γενόμενος,</span> <span class='ocrx_word' id='word_1_263' title='bbox 601 1543 708 1578; x_wconf 83' lang='grc' dir='ltr'>χαίρειν</span> <span class='ocrx_word' id='word_1_264' title='bbox 731 1543 815 1574; x_wconf 76' lang='grc' dir='ltr'>ἐάσας</span> <span class='ocrx_word' id='word_1_265' title='bbox 834 1543 882 1578; x_wconf 79' lang='grc' dir='ltr'>τὴν</span> 
     </span>
    </p>
   </div>
   <div class='ocr_carea' id='block_1_36' title="bbox 114 1586 882 1623">
    <p class='ocr_par' dir='ltr' id='par_1_36' title="bbox 114 1586 882 1623">
     <span class='ocr_line' id='line_1_36' title="bbox 114 1586 882 1623; baseline 0.004 -12"><span class='ocrx_word' id='word_1_266' title='bbox 114 1586 241 1621; x_wconf 64' lang='grc' dir='ltr'>μαντικὴν,</span> <span class='ocrx_word' id='word_1_267' title='bbox 256 1587 429 1622; x_wconf 73' lang='grc' dir='ltr'>ὑποφητεύει</span> <span class='ocrx_word' id='word_1_268' title='bbox 453 1587 491 1622; x_wconf 81' lang='grc' dir='ltr'>τῷ</span> <span class='ocrx_word' id='word_1_269' title='bbox 511 1587 575 1622; x_wconf 88' lang='grc' dir='ltr'>θείῳ</span> <span class='ocrx_word' id='word_1_270' title='bbox 601 1588 745 1623; x_wconf 78' lang='grc' dir='ltr'>Θελήματι.</span> <span class='ocrx_word' id='word_1_271' title='bbox 763 1589 818 1615; x_wconf 61' lang='grc' dir='ltr'>Καὶ</span> <span class='ocrx_word' id='word_1_272' title='bbox 834 1589 882 1615; x_wconf 69' lang='grc' dir='ltr'>ἐπὶ</span> 
     </span>
    </p>
   </div>
   <div class='ocr_carea' id='block_1_37' title="bbox 111 1629 880 1670">
    <p class='ocr_par' dir='ltr' id='par_1_37' title="bbox 111 1629 880 1670">
     <span class='ocr_line' id='line_1_37' title="bbox 111 1629 880 1670; baseline 0.005 -13"><span class='ocrx_word' id='word_1_273' title='bbox 111 1629 197 1663; x_wconf 72' lang='grc' dir='ltr'>τούτοις</span> <span class='ocrx_word' id='word_1_274' title='bbox 210 1632 240 1658; x_wconf 69' lang='grc' dir='ltr'>τὸ</span> <span class='ocrx_word' id='word_1_275' title='bbox 263 1633 316 1668; x_wconf 75' lang='grc' dir='ltr'>μὲν</span> <span class='ocrx_word' id='word_1_276' title='bbox 346 1632 422 1663; x_wconf 76' lang='grc' dir='ltr'>ἔθνος</span> <span class='ocrx_word' id='word_1_277' title='bbox 447 1634 502 1660; x_wconf 83' lang='grc' dir='ltr'>τῶν</span> <span class='ocrx_word' id='word_1_278' title='bbox 525 1634 683 1668; x_wconf 74' lang='grc' dir='ltr'>ἀλλοφύλων</span> <span class='ocrx_word' id='word_1_279' title='bbox 704 1635 858 1670; x_wconf 78' lang='grc' dir='ltr'>ἐντρίϐεται</span> <span class='ocrx_word' id='word_1_280' title='bbox 873 1656 880 1667; x_wconf 85' lang='grc'>,</span> 
     </span>
    </p>
   </div>
   <div class='ocr_carea' id='block_1_38' title="bbox 112 1673 881 1715">
    <p class='ocr_par' dir='ltr' id='par_1_38' title="bbox 112 1673 881 1715">
     <span class='ocr_line' id='line_1_38' title="bbox 112 1673 881 1715; baseline 0.005 -13"><span class='ocrx_word' id='word_1_281' title='bbox 112 1673 325 1713; x_wconf 69' lang='grc' dir='ltr'>ὶτιιρατεστέρου</span> <span class='ocrx_word' id='word_1_282' title='bbox 343 1677 390 1704; x_wconf 74' lang='grc' dir='ltr'>τοῦ</span> <span class='ocrx_word' id='word_1_283' title='bbox 404 1678 470 1705; x_wconf 88' lang='grc' dir='ltr'>λαοῦ</span> <span class='ocrx_word' id='word_1_284' title='bbox 490 1679 559 1706; x_wconf 77' lang='grc' dir='ltr'>κατὰ</span> <span class='ocrx_word' id='word_1_285' title='bbox 575 1679 620 1706; x_wconf 80' lang='grc' dir='ltr'>τὸν</span> <span class='ocrx_word' id='word_1_286' title='bbox 636 1680 753 1715; x_wconf 79' lang='grc' dir='ltr'>πόλεμον</span> <span class='ocrx_word' id='word_1_287' title='bbox 770 1680 881 1714; x_wconf 84' lang='grc' dir='ltr'>γεγονό-</span> 
     </span>
    </p>
   </div>
   <div class='ocr_carea' id='block_1_39' title="bbox 107 1723 883 1761">
    <p class='ocr_par' dir='ltr' id='par_1_39' title="bbox 107 1723 883 1761">
     <span class='ocr_line' id='line_1_39' title="bbox 107 1723 883 1761; baseline 0.003 -10"><span class='ocrx_word' id='word_1_288' title='bbox 107 1727 151 1752; x_wconf 66' lang='grc' dir='ltr'>τος,</span> <span class='ocrx_word' id='word_1_289' title='bbox 165 1723 328 1758; x_wconf 75' lang='grc' dir='ltr'>ἡττηθέντος</span> <span class='ocrx_word' id='word_1_290' title='bbox 352 1724 382 1750; x_wconf 75' lang='grc' dir='ltr'>δὲ</span> <span class='ocrx_word' id='word_1_291' title='bbox 399 1725 469 1759; x_wconf 83' lang='grc' dir='ltr'>μετὰ</span> <span class='ocrx_word' id='word_1_292' title='bbox 491 1724 577 1751; x_wconf 78' lang='grc' dir='ltr'>ταῦτα</span> <span class='ocrx_word' id='word_1_293' title='bbox 593 1724 639 1751; x_wconf 79' lang='grc' dir='ltr'>τοῦ</span> <span class='ocrx_word' id='word_1_294' title='bbox 663 1726 711 1761; x_wconf 80' lang='grc' dir='ltr'>τῆς</span> <span class='ocrx_word' id='word_1_295' title='bbox 734 1726 883 1758; x_wconf 82' lang='grc' dir='ltr'>ἀκολασίας</span> 
     </span>
    </p>
   </div>
   <div class='ocr_carea' id='block_1_40' title="bbox 109 1766 882 1805">
    <p class='ocr_par' dir='ltr' id='par_1_40' title="bbox 109 1766 882 1805">
     <span class='ocr_line' id='line_1_40' title="bbox 109 1766 882 1805; baseline 0.008 -12"><span class='ocrx_word' id='word_1_296' title='bbox 109 1766 192 1799; x_wconf 70' lang='grc' dir='ltr'>πάθους</span> <span class='ocrx_word' id='word_1_297' title='bbox 210 1769 238 1795; x_wconf 76' lang='grc' dir='ltr'>ἐν</span> <span class='ocrx_word' id='word_1_298' title='bbox 250 1771 315 1801; x_wconf 77' lang='grc' dir='ltr'>ταῖς</span> <span class='ocrx_word' id='word_1_299' title='bbox 335 1770 529 1805; x_wconf 81' lang='grc' dir='ltr'>αίχμαλὼτοις,</span> <span class='ocrx_word' id='word_1_300' title='bbox 545 1772 590 1798; x_wconf 83' lang='grc' dir='ltr'>ὅτε</span> <span class='ocrx_word' id='word_1_301' title='bbox 605 1772 652 1798; x_wconf 78' lang='grc' dir='ltr'>τοῦ</span> <span class='ocrx_word' id='word_1_302' title='bbox 667 1772 759 1803; x_wconf 77' lang='grc' dir='ltr'>Φινεὲς</span> <span class='ocrx_word' id='word_1_303' title='bbox 773 1772 836 1803; x_wconf 75' lang='grc' dir='ltr'>τοὺς</span> <span class='ocrx_word' id='word_1_304' title='bbox 852 1773 882 1798; x_wconf 83' lang='grc' dir='ltr'>ἐν</span> 
     </span>
    </p>
   </div>
   <div class='ocr_carea' id='block_1_41' title="bbox 104 1810 882 1853">
    <p class='ocr_par' dir='ltr' id='par_1_41' title="bbox 104 1810 882 1853">
     <span class='ocr_line' id='line_1_41' title="bbox 104 1810 882 1853; baseline 0.006 -14"><span class='ocrx_word' id='word_1_305' title='bbox 104 1810 185 1849; x_wconf 73' lang='grc' dir='ltr'>ἀτιμίᾳ</span> <span class='ocrx_word' id='word_1_306' title='bbox 198 1815 417 1850; x_wconf 76' lang='grc' dir='ltr'>συμπλακέντας</span> <span class='ocrx_word' id='word_1_307' title='bbox 432 1818 482 1853; x_wconf 81' lang='grc' dir='ltr'>μιᾷ</span> <span class='ocrx_word' id='word_1_308' title='bbox 495 1817 587 1853; x_wconf 86' lang='grc' dir='ltr'>πληγῇ</span> <span class='ocrx_word' id='word_1_309' title='bbox 604 1818 785 1850; x_wconf 76' lang='grc' dir='ltr'>διελάσαντος,</span> <span class='ocrx_word' id='word_1_310' title='bbox 812 1818 882 1844; x_wconf 82' lang='grc' dir='ltr'>παῦ-</span> 
     </span>
    </p>
   </div>
   <div class='ocr_carea' id='block_1_42' title="bbox 106 1859 880 1898">
    <p class='ocr_par' dir='ltr' id='par_1_42' title="bbox 106 1859 880 1898">
     <span class='ocr_line' id='line_1_42' title="bbox 106 1859 880 1898; baseline 0.008 -15"><span class='ocrx_word' id='word_1_311' title='bbox 106 1864 145 1884; x_wconf 64' lang='lat' dir='ltr'>cro</span> <span class='ocrx_word' id='word_1_312' title='bbox 156 1859 214 1894; x_wconf 70' lang='grc' dir='ltr'>ἔσχε</span> <span class='ocrx_word' id='word_1_313' title='bbox 237 1862 288 1888; x_wconf 80' lang='grc' dir='ltr'>τοῦ</span> <span class='ocrx_word' id='word_1_314' title='bbox 305 1861 378 1888; x_wconf 80' lang='grc' dir='ltr'>θεοῦ</span> <span class='ocrx_word' id='word_1_315' title='bbox 395 1863 411 1898; x_wconf 79' lang='grc' dir='ltr'><strong>ἡ</strong></span> <span class='ocrx_word' id='word_1_316' title='bbox 428 1863 498 1890; x_wconf 84' lang='grc' dir='ltr'>κατὰ</span> <span class='ocrx_word' id='word_1_317' title='bbox 518 1863 571 1890; x_wconf 81' lang='grc' dir='ltr'>τῶν</span> <span class='ocrx_word' id='word_1_318' title='bbox 586 1863 792 1898; x_wconf 76' lang='grc' dir='ltr'>λελυσσηκότων</span> <span class='ocrx_word' id='word_1_319' title='bbox 814 1864 880 1898; x_wconf 71' lang='grc' dir='ltr'>πρὸς</span> 
     </span>
    </p>
   </div>
   <div class='ocr_carea' id='block_1_43' title="bbox 99 1902 881 1944">
    <p class='ocr_par' dir='ltr' id='par_1_43' title="bbox 99 1902 881 1944">
     <span class='ocr_line' id='line_1_43' title="bbox 99 1902 881 1944; baseline 0.004 -13"><span class='ocrx_word' id='word_1_320' title='bbox 99 1902 140 1935; x_wconf 61' lang='grc' dir='ltr'>τάς</span> <span class='ocrx_word' id='word_1_321' title='bbox 152 1905 290 1942; x_wconf 74' lang='grc' dir='ltr'>ἀθέσμους</span> <span class='ocrx_word' id='word_1_322' title='bbox 309 1907 399 1943; x_wconf 78' lang='grc' dir='ltr'>μίξεις</span> <span class='ocrx_word' id='word_1_323' title='bbox 411 1908 480 1944; x_wconf 81' lang='grc' dir='ltr'>ὀργή</span> <span class='ocrx_word' id='word_1_324' title='bbox 492 1917 500 1925; x_wconf 75' lang='grc' dir='ltr'>ο</span> <span class='ocrx_word' id='word_1_325' title='bbox 511 1908 573 1935; x_wconf 79' lang='grc' dir='ltr'>τότε</span> <span class='ocrx_word' id='word_1_326' title='bbox 589 1908 692 1940; x_wconf 76' lang='grc' dir='ltr'>ἁναῦὰς</span> <span class='ocrx_word' id='word_1_327' title='bbox 711 1908 756 1934; x_wconf 85' lang='grc' dir='ltr'>ἐπί</span> <span class='ocrx_word' id='word_1_328' title='bbox 775 1917 800 1935; x_wconf 87' lang='grc' dir='ltr'>τι</span> <span class='ocrx_word' id='word_1_329' title='bbox 819 1902 881 1944; x_wconf 63' lang='grc' dir='ltr'>ὄρος</span> 
     </span>
    </p>
   </div>
   <div class='ocr_carea' id='block_1_44' title="bbox 101 1947 882 1990">
    <p class='ocr_par' dir='ltr' id='par_1_44' title="bbox 101 1947 882 1990">
     <span class='ocr_line' id='line_1_44' title="bbox 101 1947 882 1990; baseline 0.004 -13"><span class='ocrx_word' id='word_1_330' title='bbox 101 1947 189 1984; x_wconf 41' lang='lat' dir='ltr'>Vm»!</span> <span class='ocrx_word' id='word_1_331' title='bbox 203 1953 218 1978; x_wconf 85' lang='grc' dir='ltr'>ό</span> <span class='ocrx_word' id='word_1_332' title='bbox 231 1952 390 1989; x_wconf 78' lang='grc' dir='ltr'>νομοθέτης</span> <span class='ocrx_word' id='word_1_333' title='bbox 402 1974 410 1985; x_wconf 83' lang='grc'>,</span> <span class='ocrx_word' id='word_1_334' title='bbox 432 1954 480 1980; x_wconf 80' lang='grc' dir='ltr'>καὶ</span> <span class='ocrx_word' id='word_1_335' title='bbox 499 1953 642 1990; x_wconf 75' lang='grc' dir='ltr'>πόρρωθεν</span> <span class='ocrx_word' id='word_1_336' title='bbox 662 1953 710 1988; x_wconf 85' lang='grc' dir='ltr'>τὴν</span> <span class='ocrx_word' id='word_1_337' title='bbox 727 1953 819 1989; x_wconf 84' lang='grc' dir='ltr'>χώραν</span> <span class='ocrx_word' id='word_1_338' title='bbox 833 1950 882 1980; x_wconf 59' lang='grc' dir='ltr'>καὶ</span> 
     </span>
    </p>
   </div>
   <div class='ocr_carea' id='block_1_45' title="bbox 98 1996 883 2034">
    <p class='ocr_par' dir='ltr' id='par_1_45' title="bbox 98 1996 883 2034">
     <span class='ocr_line' id='line_1_45' title="bbox 98 1996 883 2034; baseline 0.003 -11"><span class='ocrx_word' id='word_1_339' title='bbox 98 1996 310 2034; x_wconf 64' lang='grc' dir='ltr'>τισκεψάμενος,</span> <span class='ocrx_word' id='word_1_340' title='bbox 325 1999 344 2034; x_wconf 79' lang='grc' dir='ltr'>ἢ</span> <span class='ocrx_word' id='word_1_341' title='bbox 359 1999 404 2026; x_wconf 77' lang='grc' dir='ltr'>διὰ</span> <span class='ocrx_word' id='word_1_342' title='bbox 418 1999 467 2034; x_wconf 80' lang='grc' dir='ltr'>τῆς</span> <span class='ocrx_word' id='word_1_343' title='bbox 482 1998 558 2031; x_wconf 86' lang='grc' dir='ltr'>θείας</span> <span class='ocrx_word' id='word_1_344' title='bbox 573 1999 740 2033; x_wconf 74' lang='grc' dir='ltr'>ἐπαγγελίας</span> <span class='ocrx_word' id='word_1_345' title='bbox 752 1999 802 2034; x_wconf 80' lang='grc' dir='ltr'>τῆς</span> <span class='ocrx_word' id='word_1_346' title='bbox 815 1999 883 2034; x_wconf 81' lang='grc' dir='ltr'>πρὸς</span> 
     </span>
    </p>
   </div>
   <div class='ocr_carea' id='block_1_46' title="bbox 97 2040 881 2080">
    <p class='ocr_par' dir='ltr' id='par_1_46' title="bbox 97 2040 881 2080">
     <span class='ocr_line' id='line_1_46' title="bbox 97 2040 881 2080; baseline 0.001 -11"><span class='ocrx_word' id='word_1_347' title='bbox 97 2040 150 2073; x_wconf 49' lang='grc' dir='ltr'>ὣς</span> <span class='ocrx_word' id='word_1_348' title='bbox 157 2044 282 2080; x_wconf 77' lang='grc' dir='ltr'>πατέρας</span> <span class='ocrx_word' id='word_1_349' title='bbox 290 2045 482 2080; x_wconf 61' lang='grc' dir='ltr'>γεγενημένης</span> <span class='ocrx_word' id='word_1_350' title='bbox 489 2044 529 2080; x_wconf 80' lang='grc' dir='ltr'>τῷ</span> <span class='ocrx_word' id='word_1_351' title='bbox 547 2041 655 2079; x_wconf 74' lang='grc' dir='ltr'>Ἰσραὴλ</span> <span class='ocrx_word' id='word_1_352' title='bbox 666 2044 881 2079; x_wconf 79' lang='grc' dir='ltr'>παρεσκεύαστο,</span> 
     </span>
    </p>
   </div>
   <div class='ocr_carea' id='block_1_47' title="bbox 95 2084 881 2125">
    <p class='ocr_par' dir='ltr' id='par_1_47' title="bbox 95 2084 881 2125">
     <span class='ocr_line' id='line_1_47' title="bbox 95 2084 881 2125; baseline -0.004 -8"><span class='ocrx_word' id='word_1_353' title='bbox 95 2084 255 2124; x_wconf 52' lang='grc' dir='ltr'>μεθίσταται</span> <span class='ocrx_word' id='word_1_354' title='bbox 266 2089 320 2116; x_wconf 82' lang='grc' dir='ltr'>τοῦ</span> <span class='ocrx_word' id='word_1_355' title='bbox 336 2089 507 2124; x_wconf 85' lang='grc' dir='ltr'>ἀνθρωπίνου</span> <span class='ocrx_word' id='word_1_356' title='bbox 522 2089 592 2125; x_wconf 79' lang='grc' dir='ltr'>βίου,</span> <span class='ocrx_word' id='word_1_357' title='bbox 608 2089 683 2115; x_wconf 76' lang='grc' dir='ltr'>οὐδὲν</span> <span class='ocrx_word' id='word_1_358' title='bbox 696 2090 724 2114; x_wconf 87' lang='grc' dir='ltr'>ὲν</span> <span class='ocrx_word' id='word_1_359' title='bbox 739 2090 771 2124; x_wconf 81' lang='grc' dir='ltr'>τῇ</span> <span class='ocrx_word' id='word_1_360' title='bbox 781 2090 816 2125; x_wconf 83' lang='grc' dir='ltr'>γῇ</span> <span class='ocrx_word' id='word_1_361' title='bbox 832 2098 881 2124; x_wconf 88' lang='grc' dir='ltr'>ση-</span> 
     </span>
    </p>
   </div>
   <div class='ocr_carea' id='block_1_48' title="bbox 96 2132 882 2170">
    <p class='ocr_par' dir='ltr' id='par_1_48' title="bbox 96 2132 882 2170">
     <span class='ocr_line' id='line_1_48' title="bbox 96 2132 882 2170; baseline 0.004 -13"><span class='ocrx_word' id='word_1_362' title='bbox 96 2132 174 2163; x_wconf 71' lang='grc' dir='ltr'>μεῖον,</span> <span class='ocrx_word' id='word_1_363' title='bbox 200 2134 266 2161; x_wconf 76' lang='grc' dir='ltr'><strong>οὐδὲ</strong></span> <span class='ocrx_word' id='word_1_364' title='bbox 287 2134 464 2170; x_wconf 80' lang='grc' dir='ltr'>μνημόσυνον</span> <span class='ocrx_word' id='word_1_365' title='bbox 487 2134 538 2169; x_wconf 82' lang='grc' dir='ltr'>τῆς</span> <span class='ocrx_word' id='word_1_366' title='bbox 560 2133 659 2161; x_wconf 78' lang='grc' dir='ltr'>ἑαυτοῦ</span> <span class='ocrx_word' id='word_1_367' title='bbox 687 2134 882 2169; x_wconf 84' lang='grc' dir='ltr'>μεταστάσεως</span> 
     </span>
    </p>
   </div>
   <div class='ocr_carea' id='block_1_49' title="bbox 899 753 919 779">
    <p class='ocr_par' dir='ltr' id='par_1_49' title="bbox 899 753 919 779">
     <span class='ocr_line' id='line_1_49' title="bbox 899 753 919 779; baseline 0 0"><span class='ocrx_word' id='word_1_368' title='bbox 899 753 919 779; x_wconf 84' lang='grc' dir='ltr'><strong>Β</strong></span> 
     </span>
    </p>
   </div>
   <div class='ocr_carea' id='block_1_50' title="bbox 935 135 1720 170">
    <p class='ocr_par' dir='ltr' id='par_1_50' title="bbox 935 135 1720 170">
     <span class='ocr_line' id='line_1_50' title="bbox 935 135 1720 170; baseline 0.005 -10"><span class='ocrx_word' id='word_1_369' title='bbox 935 135 975 161; x_wconf 89' lang='lat' dir='ltr'>vel</span> <span class='ocrx_word' id='word_1_370' title='bbox 991 135 1128 161; x_wconf 85' lang='lat' dir='ltr'>sinistram</span> <span class='ocrx_word' id='word_1_371' title='bbox 1140 135 1318 166; x_wconf 83' lang='lat' dir='ltr'>declinarent,</span> <span class='ocrx_word' id='word_1_372' title='bbox 1338 144 1404 162; x_wconf 87' lang='lat' dir='ltr'>neve</span> <span class='ocrx_word' id='word_1_373' title='bbox 1421 137 1568 170; x_wconf 80' lang='lat' dir='ltr'>quidquam</span> <span class='ocrx_word' id='word_1_374' title='bbox 1594 137 1720 164; x_wconf 84' lang='lat' dir='ltr'>habitan-</span> 
     </span>
    </p>
   </div>
   <div class='ocr_carea' id='block_1_51' title="bbox 936 180 1718 215">
    <p class='ocr_par' dir='ltr' id='par_1_51' title="bbox 936 180 1718 215">
     <span class='ocr_line' id='line_1_51' title="bbox 936 180 1718 215; baseline 0.003 -9"><span class='ocrx_word' id='word_1_375' title='bbox 936 180 1004 206; x_wconf 90' lang='lat' dir='ltr'><strong>tium</strong></span> <span class='ocrx_word' id='word_1_376' title='bbox 1024 187 1054 206; x_wconf 89' lang='lat' dir='ltr'>ea</span> <span class='ocrx_word' id='word_1_377' title='bbox 1076 181 1134 206; x_wconf 79' lang='lat' dir='ltr'>loca</span> <span class='ocrx_word' id='word_1_378' title='bbox 1160 181 1322 215; x_wconf 71' lang='lat' dir='ltr'>arriperent.</span> <span class='ocrx_word' id='word_1_379' title='bbox 1350 180 1444 207; x_wconf 81' lang='lat' dir='ltr'>Coloni</span> <span class='ocrx_word' id='word_1_380' title='bbox 1478 186 1567 209; x_wconf 86' lang='lat' dir='ltr'>autem</span> <span class='ocrx_word' id='word_1_381' title='bbox 1599 182 1718 209; x_wconf 75' lang='lat' dir='ltr'>locorum</span> 
     </span>
    </p>
   </div>
   <div class='ocr_carea' id='block_1_52' title="bbox 935 226 1719 262">
    <p class='ocr_par' dir='ltr' id='par_1_52' title="bbox 935 226 1719 262">
     <span class='ocr_line' id='line_1_52' title="bbox 935 226 1719 262; baseline 0.004 -11"><span class='ocrx_word' id='word_1_382' title='bbox 935 233 1031 259; x_wconf 87' lang='lat' dir='ltr'>parum</span> <span class='ocrx_word' id='word_1_383' title='bbox 1048 226 1091 252; x_wconf 88' lang='lat' dir='ltr'>his</span> <span class='ocrx_word' id='word_1_384' title='bbox 1103 228 1222 253; x_wconf 83' lang='lat' dir='ltr'>contenti</span> <span class='ocrx_word' id='word_1_385' title='bbox 1238 235 1251 252; x_wconf 92' lang='lat' dir='ltr'>a</span> <span class='ocrx_word' id='word_1_386' title='bbox 1270 227 1386 253; x_wconf 88' lang='lat' dir='ltr'>transitu</span> <span class='ocrx_word' id='word_1_387' title='bbox 1404 227 1594 261; x_wconf 80' lang='lat' dir='ltr'>prohibebant,</span> <span class='ocrx_word' id='word_1_388' title='bbox 1612 228 1657 254; x_wconf 85' lang='lat' dir='ltr'>scd</span> <span class='ocrx_word' id='word_1_389' title='bbox 1673 236 1719 262; x_wconf 83' lang='lat' dir='ltr'>pu-</span> 
     </span>
    </p>
   </div>
   <div class='ocr_carea' id='block_1_53' title="bbox 936 271 1722 306">
    <p class='ocr_par' dir='ltr' id='par_1_53' title="bbox 936 271 1722 306">
     <span class='ocr_line' id='line_1_53' title="bbox 936 271 1722 306; baseline 0.004 -9"><span class='ocrx_word' id='word_1_390' title='bbox 936 279 987 305; x_wconf 80' lang='lat' dir='ltr'>gna</span> <span class='ocrx_word' id='word_1_391' title='bbox 1003 271 1068 297; x_wconf 85' lang='lat' dir='ltr'>victi</span> <span class='ocrx_word' id='word_1_392' title='bbox 1084 276 1225 298; x_wconf 85' lang='lat' dir='ltr'>cesserunt</span> <span class='ocrx_word' id='word_1_393' title='bbox 1241 272 1329 303; x_wconf 85' lang='lat' dir='ltr'>inviti,</span> <span class='ocrx_word' id='word_1_394' title='bbox 1347 272 1417 306; x_wconf 85' lang='lat' dir='ltr'>quod</span> <span class='ocrx_word' id='word_1_395' title='bbox 1440 276 1537 306; x_wconf 87' lang='lat' dir='ltr'>sponte</span> <span class='ocrx_word' id='word_1_396' title='bbox 1552 273 1615 299; x_wconf 82' lang='lat' dir='ltr'>dare</span> <span class='ocrx_word' id='word_1_397' title='bbox 1631 274 1722 300; x_wconf 86' lang='lat' dir='ltr'>nolue-</span> 
     </span>
    </p>
   </div>
   <div class='ocr_carea' id='block_1_54' title="bbox 935 316 1721 352">
    <p class='ocr_par' dir='ltr' id='par_1_54' title="bbox 935 316 1721 352">
     <span class='ocr_line' id='line_1_54' title="bbox 935 316 1721 352; baseline 0.001 -9"><span class='ocrx_word' id='word_1_398' title='bbox 935 320 1005 343; x_wconf 91' lang='lat' dir='ltr'>rant.</span> <span class='ocrx_word' id='word_1_399' title='bbox 1024 316 1145 343; x_wconf 66' lang='lat' dir='ltr'>Postlme</span> <span class='ocrx_word' id='word_1_400' title='bbox 1170 317 1266 342; x_wconf 79' lang='lat' dir='ltr'>Balach</span> <span class='ocrx_word' id='word_1_401' title='bbox 1281 317 1490 344; x_wconf 83' lang='lat' dir='ltr'>Madianitarum</span> <span class='ocrx_word' id='word_1_402' title='bbox 1512 318 1600 351; x_wconf 67' lang='lat' dir='ltr'>gentis</span> <span class='ocrx_word' id='word_1_403' title='bbox 1618 326 1721 352; x_wconf 65' lang='lat' dir='ltr'>magna:</span> 
     </span>
    </p>
   </div>
   <div class='ocr_carea' id='block_1_55' title="bbox 935 361 1721 397">
    <p class='ocr_par' dir='ltr' id='par_1_55' title="bbox 935 361 1721 397">
     <span class='ocr_line' id='line_1_55' title="bbox 935 361 1721 397; baseline 0.005 -11"><span class='ocrx_word' id='word_1_404' title='bbox 935 361 1073 395; x_wconf 73' lang='lat' dir='ltr'>princeps,</span> <span class='ocrx_word' id='word_1_405' title='bbox 1088 369 1183 388; x_wconf 87' lang='lat' dir='ltr'>eorum</span> <span class='ocrx_word' id='word_1_406' title='bbox 1201 362 1246 396; x_wconf 87' lang='lat' dir='ltr'>qui</span> <span class='ocrx_word' id='word_1_407' title='bbox 1272 367 1335 388; x_wconf 85' lang='lat' dir='ltr'>ante</span> <span class='ocrx_word' id='word_1_408' title='bbox 1351 362 1432 388; x_wconf 83' lang='lat' dir='ltr'>deleti</span> <span class='ocrx_word' id='word_1_409' title='bbox 1468 362 1574 390; x_wconf 76' lang='lat' dir='ltr'>fuerant</span> <span class='ocrx_word' id='word_1_410' title='bbox 1598 364 1721 397; x_wconf 79' lang='lat' dir='ltr'>exemplo</span> 
     </span>
    </p>
   </div>
   <div class='ocr_carea' id='block_1_56' title="bbox 935 407 1720 442">
    <p class='ocr_par' dir='ltr' id='par_1_56' title="bbox 935 407 1720 442">
     <span class='ocr_line' id='line_1_56' title="bbox 935 407 1720 442; baseline 0.003 -9"><span class='ocrx_word' id='word_1_411' title='bbox 935 407 1108 440; x_wconf 81' lang='lat' dir='ltr'>perterritus,</span> <span class='ocrx_word' id='word_1_412' title='bbox 1126 407 1273 442; x_wconf 72' lang='lat' dir='ltr'>etiamjam</span> <span class='ocrx_word' id='word_1_413' title='bbox 1290 416 1319 434; x_wconf 87' lang='lat' dir='ltr'>se</span> <span class='ocrx_word' id='word_1_414' title='bbox 1331 408 1443 441; x_wconf 86' lang='lat' dir='ltr'>paribus</span> <span class='ocrx_word' id='word_1_415' title='bbox 1460 408 1567 435; x_wconf 91' lang='lat' dir='ltr'>damnis</span> <span class='ocrx_word' id='word_1_416' title='bbox 1583 408 1616 435; x_wconf 83' lang='lat' dir='ltr'>ab</span> <span class='ocrx_word' id='word_1_417' title='bbox 1634 408 1720 435; x_wconf 85' lang='lat' dir='ltr'>Israe-</span> 
     </span>
    </p>
   </div>
   <div class='ocr_carea' id='block_1_57' title="bbox 935 450 1719 487">
    <p class='ocr_par' dir='ltr' id='par_1_57' title="bbox 935 450 1719 487">
     <span class='ocr_line' id='line_1_57' title="bbox 935 450 1719 487; baseline 0.003 -9"><span class='ocrx_word' id='word_1_418' title='bbox 935 452 989 479; x_wconf 90' lang='lat' dir='ltr'>lilis</span> <span class='ocrx_word' id='word_1_419' title='bbox 1003 452 1127 479; x_wconf 62' lang='lat' dir='ltr'>ain-ctum</span> <span class='ocrx_word' id='word_1_420' title='bbox 1147 453 1178 479; x_wconf 89' lang='lat' dir='ltr'>iri</span> <span class='ocrx_word' id='word_1_421' title='bbox 1193 457 1364 487; x_wconf 76' lang='lat' dir='ltr'>exspectans,</span> <span class='ocrx_word' id='word_1_422' title='bbox 1382 461 1435 479; x_wconf 91' lang='lat' dir='ltr'><strong>non</strong></span> <span class='ocrx_word' id='word_1_423' title='bbox 1451 454 1484 479; x_wconf 89' lang='lat' dir='ltr'>ab</span> <span class='ocrx_word' id='word_1_424' title='bbox 1497 454 1556 480; x_wconf 85' lang='lat' dir='ltr'>aliis</span> <span class='ocrx_word' id='word_1_425' title='bbox 1572 450 1719 485; x_wconf 82' lang='lat' dir='ltr'>armorum,</span> 
     </span>
    </p>
   </div>
   <div class='ocr_carea' id='block_1_58' title="bbox 935 498 1722 533">
    <p class='ocr_par' dir='ltr' id='par_1_58' title="bbox 935 498 1722 533">
     <span class='ocr_line' id='line_1_58' title="bbox 935 498 1722 533; baseline 0.003 -9"><span class='ocrx_word' id='word_1_426' title='bbox 935 498 976 524; x_wconf 87' lang='lat' dir='ltr'>vel</span> <span class='ocrx_word' id='word_1_427' title='bbox 993 498 1130 532; x_wconf 78' lang='lat' dir='ltr'>copiarum</span> <span class='ocrx_word' id='word_1_428' title='bbox 1161 498 1339 532; x_wconf 74' lang='lat' dir='ltr'>principibus,</span> <span class='ocrx_word' id='word_1_429' title='bbox 1363 498 1410 526; x_wconf 86' lang='lat' dir='ltr'>sed</span> <span class='ocrx_word' id='word_1_430' title='bbox 1443 507 1457 524; x_wconf 85' lang='lat' dir='ltr'>a</span> <span class='ocrx_word' id='word_1_431' title='bbox 1485 499 1593 525; x_wconf 82' lang='lat' dir='ltr'>Balaam</span> <span class='ocrx_word' id='word_1_432' title='bbox 1620 506 1722 533; x_wconf 83' lang='lat' dir='ltr'>auguro</span> 
     </span>
    </p>
   </div>
   <div class='ocr_carea' id='block_1_59' title="bbox 935 543 1720 577">
    <p class='ocr_par' dir='ltr' id='par_1_59' title="bbox 935 543 1720 577">
     <span class='ocr_line' id='line_1_59' title="bbox 935 543 1720 577; baseline 0.004 -11"><span class='ocrx_word' id='word_1_433' title='bbox 935 543 1061 576; x_wconf 85' lang='lat' dir='ltr'>quodam,</span> <span class='ocrx_word' id='word_1_434' title='bbox 1076 543 1121 577; x_wconf 90' lang='lat' dir='ltr'>qui</span> <span class='ocrx_word' id='word_1_435' title='bbox 1138 543 1249 576; x_wconf 74' lang='lat' dir='ltr'>magicis</span> <span class='ocrx_word' id='word_1_436' title='bbox 1266 543 1369 569; x_wconf 80' lang='lat' dir='ltr'>artibus</span> <span class='ocrx_word' id='word_1_437' title='bbox 1392 550 1423 569; x_wconf 86' lang='lat' dir='ltr'>ac</span> <span class='ocrx_word' id='word_1_438' title='bbox 1437 543 1590 570; x_wconf 62' lang='lat' dir='ltr'>daemonum</span> <span class='ocrx_word' id='word_1_439' title='bbox 1609 544 1720 570; x_wconf 85' lang='lat' dir='ltr'>invoca-</span> 
     </span>
    </p>
   </div>
   <div class='ocr_carea' id='block_1_60' title="bbox 934 587 1722 623">
    <p class='ocr_par' dir='ltr' id='par_1_60' title="bbox 934 587 1722 623">
     <span class='ocr_line' id='line_1_60' title="bbox 934 587 1722 623; baseline 0.001 -9"><span class='ocrx_word' id='word_1_440' title='bbox 934 588 1008 614; x_wconf 91' lang='lat' dir='ltr'>tioue</span> <span class='ocrx_word' id='word_1_441' title='bbox 1023 587 1173 618; x_wconf 83' lang='lat' dir='ltr'>claruerat,</span> <span class='ocrx_word' id='word_1_442' title='bbox 1189 588 1314 623; x_wconf 79' lang='lat' dir='ltr'>famaque</span> <span class='ocrx_word' id='word_1_443' title='bbox 1328 588 1361 615; x_wconf 91' lang='lat' dir='ltr'>de</span> <span class='ocrx_word' id='word_1_444' title='bbox 1379 589 1437 623; x_wconf 90' lang='lat' dir='ltr'>ipso</span> <span class='ocrx_word' id='word_1_445' title='bbox 1457 594 1525 621; x_wconf 84' lang='lat' dir='ltr'>crat,</span> <span class='ocrx_word' id='word_1_446' title='bbox 1545 589 1645 623; x_wconf 67' lang='lat' dir='ltr'>smpius</span> <span class='ocrx_word' id='word_1_447' title='bbox 1658 589 1722 615; x_wconf 85' lang='lat' dir='ltr'>civi-</span> 
     </span>
    </p>
   </div>
   <div class='ocr_carea' id='block_1_61' title="bbox 933 633 1720 667">
    <p class='ocr_par' dir='ltr' id='par_1_61' title="bbox 933 633 1720 667">
     <span class='ocr_line' id='line_1_61' title="bbox 933 633 1720 667; baseline 0.003 -9"><span class='ocrx_word' id='word_1_448' title='bbox 933 633 1035 659; x_wconf 87' lang='lat' dir='ltr'>tatibus</span> <span class='ocrx_word' id='word_1_449' title='bbox 1052 633 1131 659; x_wconf 85' lang='lat' dir='ltr'>etiam</span> <span class='ocrx_word' id='word_1_450' title='bbox 1147 633 1301 667; x_wconf 76' lang='lat' dir='ltr'>ingentibus</span> <span class='ocrx_word' id='word_1_451' title='bbox 1318 634 1375 660; x_wconf 85' lang='lat' dir='ltr'>suis</span> <span class='ocrx_word' id='word_1_452' title='bbox 1393 634 1498 660; x_wconf 85' lang='lat' dir='ltr'>artibus</span> <span class='ocrx_word' id='word_1_453' title='bbox 1514 634 1650 665; x_wconf 78' lang='lat' dir='ltr'>nocuisse,</span> <span class='ocrx_word' id='word_1_454' title='bbox 1671 641 1720 660; x_wconf 81' lang='lat' dir='ltr'>au-</span> 
     </span>
    </p>
   </div>
   <div class='ocr_carea' id='block_1_62' title="bbox 934 677 1718 713">
    <p class='ocr_par' dir='ltr' id='par_1_62' title="bbox 934 677 1718 713">
     <span class='ocr_line' id='line_1_62' title="bbox 934 677 1718 713; baseline 0.003 -10"><span class='ocrx_word' id='word_1_455' title='bbox 934 677 1027 703; x_wconf 76' lang='lat' dir='ltr'>xilium</span> <span class='ocrx_word' id='word_1_456' title='bbox 1042 677 1129 711; x_wconf 82' lang='lat' dir='ltr'>petiit.</span> <span class='ocrx_word' id='word_1_457' title='bbox 1147 677 1170 705; x_wconf 90' lang='lat' dir='ltr'>ls</span> <span class='ocrx_word' id='word_1_458' title='bbox 1183 686 1244 704; x_wconf 85' lang='lat' dir='ltr'>cum</span> <span class='ocrx_word' id='word_1_459' title='bbox 1261 679 1293 705; x_wconf 89' lang='lat' dir='ltr'>ad</span> <span class='ocrx_word' id='word_1_460' title='bbox 1309 686 1398 713; x_wconf 79' lang='lat' dir='ltr'>regem</span> <span class='ocrx_word' id='word_1_461' title='bbox 1422 678 1522 705; x_wconf 87' lang='lat' dir='ltr'>Balach</span> <span class='ocrx_word' id='word_1_462' title='bbox 1540 680 1590 706; x_wconf 80' lang='lat' dir='ltr'>iter</span> <span class='ocrx_word' id='word_1_463' title='bbox 1606 678 1718 709; x_wconf 76' lang='lat' dir='ltr'>faceret,</span> 
     </span>
    </p>
   </div>
   <div class='ocr_carea' id='block_1_63' title="bbox 934 723 1720 758">
    <p class='ocr_par' dir='ltr' id='par_1_63' title="bbox 934 723 1720 758">
     <span class='ocr_line' id='line_1_63' title="bbox 934 723 1720 758; baseline 0.003 -10"><span class='ocrx_word' id='word_1_464' title='bbox 934 723 1018 750; x_wconf 72' lang='lat' dir='ltr'>asina:</span> <span class='ocrx_word' id='word_1_465' title='bbox 1033 730 1098 749; x_wconf 85' lang='lat' dir='ltr'>voce</span> <span class='ocrx_word' id='word_1_466' title='bbox 1112 731 1164 749; x_wconf 91' lang='lat' dir='ltr'><strong>non</strong></span> <span class='ocrx_word' id='word_1_467' title='bbox 1180 731 1337 758; x_wconf 83' lang='lat' dir='ltr'>prosperam</span> <span class='ocrx_word' id='word_1_468' title='bbox 1357 731 1416 750; x_wconf 86' lang='lat' dir='ltr'>eam</span> <span class='ocrx_word' id='word_1_469' title='bbox 1441 725 1493 751; x_wconf 84' lang='lat' dir='ltr'>sibi</span> <span class='ocrx_word' id='word_1_470' title='bbox 1509 724 1580 751; x_wconf 91' lang='lat' dir='ltr'>viam</span> <span class='ocrx_word' id='word_1_471' title='bbox 1600 724 1657 751; x_wconf 80' lang='lat' dir='ltr'>fore</span> <span class='ocrx_word' id='word_1_472' title='bbox 1678 725 1720 750; x_wconf 90' lang='lat' dir='ltr'>in-</span> 
     </span>
    </p>
   </div>
   <div class='ocr_carea' id='block_1_64' title="bbox 935 767 1715 804">
    <p class='ocr_par' dir='ltr' id='par_1_64' title="bbox 935 767 1715 804">
     <span class='ocr_line' id='line_1_64' title="bbox 935 767 1715 804; baseline 0.001 -10"><span class='ocrx_word' id='word_1_473' title='bbox 935 768 1067 799; x_wconf 82' lang='lat' dir='ltr'>stituitur,</span> <span class='ocrx_word' id='word_1_474' title='bbox 1084 773 1109 795; x_wconf 81' lang='lat' dir='ltr'>et</span> <span class='ocrx_word' id='word_1_475' title='bbox 1124 769 1230 796; x_wconf 88' lang='lat' dir='ltr'>visione</span> <span class='ocrx_word' id='word_1_476' title='bbox 1246 770 1363 803; x_wconf 84' lang='lat' dir='ltr'>quadam</span> <span class='ocrx_word' id='word_1_477' title='bbox 1380 770 1445 804; x_wconf 86' lang='lat' dir='ltr'>quid</span> <span class='ocrx_word' id='word_1_478' title='bbox 1462 770 1614 797; x_wconf 80' lang='lat' dir='ltr'>faciendum</span> <span class='ocrx_word' id='word_1_479' title='bbox 1632 767 1715 800; x_wconf 80' lang='lat' dir='ltr'>esset,</span> 
     </span>
    </p>
   </div>
   <div class='ocr_carea' id='block_1_65' title="bbox 935 814 1719 846">
    <p class='ocr_par' dir='ltr' id='par_1_65' title="bbox 935 814 1719 846">
     <span class='ocr_line' id='line_1_65' title="bbox 935 814 1719 846; baseline 0.001 -6"><span class='ocrx_word' id='word_1_480' title='bbox 935 814 1041 846; x_wconf 73' lang='lat' dir='ltr'>didicit,</span> <span class='ocrx_word' id='word_1_481' title='bbox 1062 822 1093 841; x_wconf 83' lang='lat' dir='ltr'>ac</span> <span class='ocrx_word' id='word_1_482' title='bbox 1109 815 1216 841; x_wconf 88' lang='lat' dir='ltr'>demum</span> <span class='ocrx_word' id='word_1_483' title='bbox 1232 815 1394 842; x_wconf 83' lang='lat' dir='ltr'>inﬁrmiores</span> <span class='ocrx_word' id='word_1_484' title='bbox 1408 815 1493 843; x_wconf 86' lang='lat' dir='ltr'>sensit</span> <span class='ocrx_word' id='word_1_485' title='bbox 1507 823 1568 843; x_wconf 82' lang='lat' dir='ltr'>esse</span> <span class='ocrx_word' id='word_1_486' title='bbox 1582 815 1719 842; x_wconf 81' lang='lat' dir='ltr'>maleﬁcas</span> 
     </span>
    </p>
   </div>
   <div class='ocr_carea' id='block_1_66' title="bbox 935 860 1718 896">
    <p class='ocr_par' dir='ltr' id='par_1_66' title="bbox 935 860 1718 896">
     <span class='ocr_line' id='line_1_66' title="bbox 935 860 1718 896; baseline 0.001 -10"><span class='ocrx_word' id='word_1_487' title='bbox 935 860 995 887; x_wconf 89' lang='lat' dir='ltr'>illas</span> <span class='ocrx_word' id='word_1_488' title='bbox 1007 861 1167 895; x_wconf 69' lang='lat' dir='ltr'>prmstigias,</span> <span class='ocrx_word' id='word_1_489' title='bbox 1180 868 1261 895; x_wconf 86' lang='lat' dir='ltr'>quam</span> <span class='ocrx_word' id='word_1_490' title='bbox 1277 866 1304 887; x_wconf 87' lang='lat' dir='ltr'>ut</span> <span class='ocrx_word' id='word_1_491' title='bbox 1319 866 1429 895; x_wconf 83' lang='lat' dir='ltr'>possent</span> <span class='ocrx_word' id='word_1_492' title='bbox 1446 861 1509 893; x_wconf 88' lang='lat' dir='ltr'>illis,</span> <span class='ocrx_word' id='word_1_493' title='bbox 1526 861 1624 896; x_wconf 88' lang='lat' dir='ltr'>quibus</span> <span class='ocrx_word' id='word_1_494' title='bbox 1640 861 1718 887; x_wconf 75' lang='lat' dir='ltr'>auxi-</span> 
     </span>
    </p>
   </div>
   <div class='ocr_carea' id='block_1_67' title="bbox 935 906 1718 940">
    <p class='ocr_par' dir='ltr' id='par_1_67' title="bbox 935 906 1718 940">
     <span class='ocr_line' id='line_1_67' title="bbox 935 906 1718 940; baseline 0.001 -8"><span class='ocrx_word' id='word_1_495' title='bbox 935 907 999 933; x_wconf 87' lang='lat' dir='ltr'>lium</span> <span class='ocrx_word' id='word_1_496' title='bbox 1016 906 1119 933; x_wconf 82' lang='lat' dir='ltr'>fcrebat</span> <span class='ocrx_word' id='word_1_497' title='bbox 1139 906 1222 938; x_wconf 91' lang='lat' dir='ltr'>Deus,</span> <span class='ocrx_word' id='word_1_498' title='bbox 1239 907 1348 940; x_wconf 78' lang='lat' dir='ltr'>aliquod</span> <span class='ocrx_word' id='word_1_499' title='bbox 1365 907 1493 933; x_wconf 83' lang='lat' dir='ltr'>damnum</span> <span class='ocrx_word' id='word_1_500' title='bbox 1522 906 1643 938; x_wconf 74' lang='lat' dir='ltr'>inferre;</span> <span class='ocrx_word' id='word_1_501' title='bbox 1672 907 1718 934; x_wconf 85' lang='lat' dir='ltr'>sed</span> 
     </span>
    </p>
   </div>
   <div class='ocr_carea' id='block_1_68' title="bbox 934 951 1719 988">
    <p class='ocr_par' dir='ltr' id='par_1_68' title="bbox 934 951 1719 988">
     <span class='ocr_line' id='line_1_68' title="bbox 934 951 1719 988; baseline 0.004 -11"><span class='ocrx_word' id='word_1_502' title='bbox 934 959 984 986; x_wconf 88' lang='lat' dir='ltr'>pro</span> <span class='ocrx_word' id='word_1_503' title='bbox 995 951 1148 978; x_wconf 80' lang='lat' dir='ltr'>dzemonum</span> <span class='ocrx_word' id='word_1_504' title='bbox 1168 951 1260 978; x_wconf 84' lang='lat' dir='ltr'>furore</span> <span class='ocrx_word' id='word_1_505' title='bbox 1279 953 1371 979; x_wconf 89' lang='lat' dir='ltr'>divino</span> <span class='ocrx_word' id='word_1_506' title='bbox 1386 953 1476 979; x_wconf 85' lang='lat' dir='ltr'>alllatu</span> <span class='ocrx_word' id='word_1_507' title='bbox 1493 953 1625 988; x_wconf 86' lang='lat' dir='ltr'>impulsus</span> <span class='ocrx_word' id='word_1_508' title='bbox 1651 953 1719 980; x_wconf 83' lang='lat' dir='ltr'>tales</span> 
     </span>
    </p>
   </div>
   <div class='ocr_carea' id='block_1_69' title="bbox 934 997 1720 1033">
    <p class='ocr_par' dir='ltr' id='par_1_69' title="bbox 934 997 1720 1033">
     <span class='ocr_line' id='line_1_69' title="bbox 934 997 1720 1033; baseline 0.004 -10"><span class='ocrx_word' id='word_1_509' title='bbox 934 997 1026 1024; x_wconf 86' lang='lat' dir='ltr'>emisit</span> <span class='ocrx_word' id='word_1_510' title='bbox 1039 1004 1132 1029; x_wconf 88' lang='lat' dir='ltr'>voces,</span> <span class='ocrx_word' id='word_1_511' title='bbox 1148 1001 1177 1024; x_wconf 92' lang='lat' dir='ltr'>ut</span> <span class='ocrx_word' id='word_1_512' title='bbox 1195 1005 1209 1024; x_wconf 95' lang='lat' dir='ltr'>c</span> <span class='ocrx_word' id='word_1_513' title='bbox 1226 1001 1322 1024; x_wconf 80' lang='lat' dir='ltr'>contra</span> <span class='ocrx_word' id='word_1_514' title='bbox 1337 998 1506 1025; x_wconf 83' lang='lat' dir='ltr'>imminentis</span> <span class='ocrx_word' id='word_1_515' title='bbox 1521 999 1643 1033; x_wconf 81' lang='lat' dir='ltr'>prosperi</span> <span class='ocrx_word' id='word_1_516' title='bbox 1660 1007 1720 1026; x_wconf 52' lang='lat' dir='ltr'>suc‘</span> 
     </span>
    </p>
   </div>
   <div class='ocr_carea' id='block_1_70' title="bbox 935 1042 1718 1078">
    <p class='ocr_par' dir='ltr' id='par_1_70' title="bbox 935 1042 1718 1078">
     <span class='ocr_line' id='line_1_70' title="bbox 935 1042 1718 1078; baseline 0.003 -10"><span class='ocrx_word' id='word_1_517' title='bbox 935 1050 1029 1069; x_wconf 88' lang='lat' dir='ltr'>cessus</span> <span class='ocrx_word' id='word_1_518' title='bbox 1043 1042 1115 1069; x_wconf 91' lang='lat' dir='ltr'>illius</span> <span class='ocrx_word' id='word_1_519' title='bbox 1130 1043 1222 1077; x_wconf 89' lang='lat' dir='ltr'><strong>populi</strong></span> <span class='ocrx_word' id='word_1_520' title='bbox 1235 1047 1329 1070; x_wconf 83' lang='lat' dir='ltr'>essent</span> <span class='ocrx_word' id='word_1_521' title='bbox 1344 1043 1503 1077; x_wconf 67' lang='lat' dir='ltr'>prophetiae.</span> <span class='ocrx_word' id='word_1_522' title='bbox 1522 1044 1560 1070; x_wconf 82' lang='lat' dir='ltr'>Ex</span> <span class='ocrx_word' id='word_1_523' title='bbox 1576 1051 1631 1078; x_wconf 91' lang='lat' dir='ltr'>quo</span> <span class='ocrx_word' id='word_1_524' title='bbox 1647 1044 1718 1070; x_wconf 86' lang='lat' dir='ltr'>enim</span> 
     </span>
    </p>
   </div>
   <div class='ocr_carea' id='block_1_71' title="bbox 935 1088 1720 1123">
    <p class='ocr_par' dir='ltr' id='par_1_71' title="bbox 935 1088 1720 1123">
     <span class='ocr_line' id='line_1_71' title="bbox 935 1088 1720 1123; baseline 0.003 -9"><span class='ocrx_word' id='word_1_525' title='bbox 935 1088 993 1115; x_wconf 88' lang='lat' dir='ltr'>suis</span> <span class='ocrx_word' id='word_1_526' title='bbox 1013 1088 1119 1115; x_wconf 85' lang='lat' dir='ltr'>artibus</span> <span class='ocrx_word' id='word_1_527' title='bbox 1134 1096 1168 1116; x_wconf 90' lang='lat' dir='ltr'>ne</span> <span class='ocrx_word' id='word_1_528' title='bbox 1184 1093 1304 1122; x_wconf 82' lang='lat' dir='ltr'>noceret,</span> <span class='ocrx_word' id='word_1_529' title='bbox 1320 1089 1466 1123; x_wconf 86' lang='lat' dir='ltr'>impeditus</span> <span class='ocrx_word' id='word_1_530' title='bbox 1493 1094 1546 1121; x_wconf 80' lang='lat' dir='ltr'>est,</span> <span class='ocrx_word' id='word_1_531' title='bbox 1561 1089 1658 1116; x_wconf 70' lang='lat' dir='ltr'>divinae</span> <span class='ocrx_word' id='word_1_532' title='bbox 1670 1090 1720 1116; x_wconf 82' lang='lat' dir='ltr'>vir-</span> 
     </span>
    </p>
   </div>
   <div class='ocr_carea' id='block_1_72' title="bbox 935 1134 1717 1169">
    <p class='ocr_par' dir='ltr' id='par_1_72' title="bbox 935 1134 1717 1169">
     <span class='ocr_line' id='line_1_72' title="bbox 935 1134 1717 1169; baseline 0.001 -9"><span class='ocrx_word' id='word_1_533' title='bbox 935 1134 1002 1161; x_wconf 87' lang='lat' dir='ltr'>tutis</span> <span class='ocrx_word' id='word_1_534' title='bbox 1024 1142 1138 1161; x_wconf 80' lang='lat' dir='ltr'>sensum</span> <span class='ocrx_word' id='word_1_535' title='bbox 1150 1135 1265 1169; x_wconf 82' lang='lat' dir='ltr'>accepit,</span> <span class='ocrx_word' id='word_1_536' title='bbox 1281 1138 1307 1161; x_wconf 82' lang='lat' dir='ltr'>et</span> <span class='ocrx_word' id='word_1_537' title='bbox 1325 1135 1491 1161; x_wconf 85' lang='lat' dir='ltr'>vaticinandi</span> <span class='ocrx_word' id='word_1_538' title='bbox 1513 1139 1571 1162; x_wconf 89' lang='lat' dir='ltr'>arte</span> <span class='ocrx_word' id='word_1_539' title='bbox 1586 1135 1717 1169; x_wconf 81' lang='lat' dir='ltr'>neglecta,</span> 
     </span>
    </p>
   </div>
   <div class='ocr_carea' id='block_1_73' title="bbox 935 1181 1719 1216">
    <p class='ocr_par' dir='ltr' id='par_1_73' title="bbox 935 1181 1719 1216">
     <span class='ocr_line' id='line_1_73' title="bbox 935 1181 1719 1216; baseline 0.001 -10"><span class='ocrx_word' id='word_1_540' title='bbox 935 1181 1034 1207; x_wconf 70' lang='lat' dir='ltr'>divina:</span> <span class='ocrx_word' id='word_1_541' title='bbox 1051 1181 1198 1208; x_wconf 82' lang='lat' dir='ltr'>voluntatis</span> <span class='ocrx_word' id='word_1_542' title='bbox 1224 1189 1252 1208; x_wconf 89' lang='lat' dir='ltr'>se</span> <span class='ocrx_word' id='word_1_543' title='bbox 1271 1182 1447 1216; x_wconf 82' lang='lat' dir='ltr'>interpretem</span> <span class='ocrx_word' id='word_1_544' title='bbox 1466 1188 1493 1209; x_wconf 86' lang='lat' dir='ltr'>et</span> <span class='ocrx_word' id='word_1_545' title='bbox 1522 1181 1719 1207; x_wconf 80' lang='lat' dir='ltr'>internuntium</span> 
     </span>
    </p>
   </div>
   <div class='ocr_carea' id='block_1_74' title="bbox 935 1226 1719 1261">
    <p class='ocr_par' dir='ltr' id='par_1_74' title="bbox 935 1226 1719 1261">
     <span class='ocr_line' id='line_1_74' title="bbox 935 1226 1719 1261; baseline -0.001 -8"><span class='ocrx_word' id='word_1_546' title='bbox 935 1226 1055 1253; x_wconf 80' lang='lat' dir='ltr'>exhibet.</span> <span class='ocrx_word' id='word_1_547' title='bbox 1073 1226 1112 1252; x_wconf 86' lang='lat' dir='ltr'>lla</span> <span class='ocrx_word' id='word_1_548' title='bbox 1130 1227 1204 1253; x_wconf 86' lang='lat' dir='ltr'>natio</span> <span class='ocrx_word' id='word_1_549' title='bbox 1220 1227 1340 1253; x_wconf 82' lang='lat' dir='ltr'>vincitur</span> <span class='ocrx_word' id='word_1_550' title='bbox 1354 1227 1580 1261; x_wconf 78' lang='lat' dir='ltr'>alienigenarum.</span> <span class='ocrx_word' id='word_1_551' title='bbox 1608 1226 1655 1253; x_wconf 88' lang='lat' dir='ltr'>sed</span> <span class='ocrx_word' id='word_1_552' title='bbox 1672 1234 1719 1260; x_wconf 90' lang='lat' dir='ltr'>po-</span> 
     </span>
    </p>
   </div>
   <div class='ocr_carea' id='block_1_75' title="bbox 935 1271 1718 1306">
    <p class='ocr_par' dir='ltr' id='par_1_75' title="bbox 935 1271 1718 1306">
     <span class='ocr_line' id='line_1_75' title="bbox 935 1271 1718 1306; baseline 0 -8"><span class='ocrx_word' id='word_1_553' title='bbox 935 1272 1015 1306; x_wconf 90' lang='lat' dir='ltr'>pulus</span> <span class='ocrx_word' id='word_1_554' title='bbox 1032 1272 1058 1298; x_wconf 94' lang='lat' dir='ltr'>in</span> <span class='ocrx_word' id='word_1_555' title='bbox 1075 1272 1145 1298; x_wconf 87' lang='lat' dir='ltr'>bello</span> <span class='ocrx_word' id='word_1_556' title='bbox 1162 1272 1258 1303; x_wconf 84' lang='lat' dir='ltr'>victor,</span> <span class='ocrx_word' id='word_1_557' title='bbox 1272 1279 1326 1298; x_wconf 91' lang='lat' dir='ltr'><strong>non</strong></span> <span class='ocrx_word' id='word_1_558' title='bbox 1345 1279 1427 1305; x_wconf 82' lang='lat' dir='ltr'>parva</span> <span class='ocrx_word' id='word_1_559' title='bbox 1445 1279 1477 1298; x_wconf 79' lang='lat' dir='ltr'>cx</span> <span class='ocrx_word' id='word_1_560' title='bbox 1507 1275 1583 1305; x_wconf 81' lang='lat' dir='ltr'>parte</span> <span class='ocrx_word' id='word_1_561' title='bbox 1610 1271 1718 1298; x_wconf 82' lang='lat' dir='ltr'>luxuria</span> 
     </span>
    </p>
   </div>
   <div class='ocr_carea' id='block_1_76' title="bbox 934 1315 1717 1344">
    <p class='ocr_par' dir='ltr' id='par_1_76' title="bbox 934 1315 1717 1344">
     <span class='ocr_line' id='line_1_76' title="bbox 934 1315 1717 1344; baseline -0.003 -1"><span class='ocrx_word' id='word_1_562' title='bbox 934 1317 1063 1344; x_wconf 85' lang='lat' dir='ltr'>vincitur.</span> <span class='ocrx_word' id='word_1_563' title='bbox 1081 1317 1156 1343; x_wconf 87' lang='lat' dir='ltr'>Tunc</span> <span class='ocrx_word' id='word_1_564' title='bbox 1171 1316 1286 1343; x_wconf 87' lang='lat' dir='ltr'>Phinees</span> <span class='ocrx_word' id='word_1_565' title='bbox 1300 1316 1358 1342; x_wconf 83' lang='lat' dir='ltr'><strong>zelo</strong></span> <span class='ocrx_word' id='word_1_566' title='bbox 1378 1315 1487 1342; x_wconf 85' lang='lat' dir='ltr'>virtutis</span> <span class='ocrx_word' id='word_1_567' title='bbox 1505 1322 1558 1341; x_wconf 92' lang='lat' dir='ltr'>uno</span> <span class='ocrx_word' id='word_1_568' title='bbox 1580 1315 1635 1341; x_wconf 91' lang='lat' dir='ltr'>ictu</span> <span class='ocrx_word' id='word_1_569' title='bbox 1663 1319 1717 1341; x_wconf 87' lang='lat' dir='ltr'>tam</span> 
     </span>
    </p>
   </div>
   <div class='ocr_carea' id='block_1_77' title="bbox 933 1358 1718 1396">
    <p class='ocr_par' dir='ltr' id='par_1_77' title="bbox 933 1358 1718 1396">
     <span class='ocr_line' id='line_1_77' title="bbox 933 1358 1718 1396; baseline -0.008 -7"><span class='ocrx_word' id='word_1_570' title='bbox 933 1361 1068 1393; x_wconf 73' lang='lat' dir='ltr'>Judamm,</span> <span class='ocrx_word' id='word_1_571' title='bbox 1085 1368 1165 1396; x_wconf 89' lang='lat' dir='ltr'>quam</span> <span class='ocrx_word' id='word_1_572' title='bbox 1185 1360 1363 1395; x_wconf 72' lang='lat' dir='ltr'>alienigenam</span> <span class='ocrx_word' id='word_1_573' title='bbox 1379 1359 1519 1386; x_wconf 84' lang='lat' dir='ltr'>mulierem</span> <span class='ocrx_word' id='word_1_574' title='bbox 1542 1358 1569 1384; x_wconf 93' lang='lat' dir='ltr'>in</span> <span class='ocrx_word' id='word_1_575' title='bbox 1585 1358 1645 1392; x_wconf 91' lang='lat' dir='ltr'>ipso</span> <span class='ocrx_word' id='word_1_576' title='bbox 1669 1358 1718 1384; x_wconf 90' lang='lat' dir='ltr'>im-</span> 
     </span>
    </p>
   </div>
   <div class='ocr_carea' id='block_1_78' title="bbox 934 1404 1718 1443">
    <p class='ocr_par' dir='ltr' id='par_1_78' title="bbox 934 1404 1718 1443">
     <span class='ocr_line' id='line_1_78' title="bbox 934 1404 1718 1443; baseline -0.008 -8"><span class='ocrx_word' id='word_1_577' title='bbox 934 1408 1032 1443; x_wconf 89' lang='lat' dir='ltr'>pudico</span> <span class='ocrx_word' id='word_1_578' title='bbox 1045 1412 1107 1434; x_wconf 85' lang='lat' dir='ltr'>actu</span> <span class='ocrx_word' id='word_1_579' title='bbox 1122 1406 1243 1434; x_wconf 76' lang='lat' dir='ltr'>confodit</span> <span class='ocrx_word' id='word_1_580' title='bbox 1257 1415 1263 1433; x_wconf 87' lang='lat'><strong>:</strong></span> <span class='ocrx_word' id='word_1_581' title='bbox 1281 1413 1336 1440; x_wconf 89' lang='lat' dir='ltr'>quo</span> <span class='ocrx_word' id='word_1_582' title='bbox 1352 1405 1423 1432; x_wconf 82' lang='lat' dir='ltr'>facto</span> <span class='ocrx_word' id='word_1_583' title='bbox 1449 1404 1541 1431; x_wconf 87' lang='lat' dir='ltr'>divina</span> <span class='ocrx_word' id='word_1_584' title='bbox 1559 1404 1586 1430; x_wconf 96' lang='lat' dir='ltr'>in</span> <span class='ocrx_word' id='word_1_585' title='bbox 1609 1411 1656 1430; x_wconf 83' lang='lat' dir='ltr'>eos</span> <span class='ocrx_word' id='word_1_586' title='bbox 1671 1404 1718 1438; x_wconf 87' lang='lat' dir='ltr'>qui</span> 
     </span>
    </p>
   </div>
   <div class='ocr_carea' id='block_1_79' title="bbox 934 1450 1718 1488">
    <p class='ocr_par' dir='ltr' id='par_1_79' title="bbox 934 1450 1718 1488">
     <span class='ocr_line' id='line_1_79' title="bbox 934 1450 1718 1488; baseline -0.008 -7"><span class='ocrx_word' id='word_1_587' title='bbox 934 1459 1124 1488; x_wconf 82' lang='lat' dir='ltr'>peccaverunt,</span> <span class='ocrx_word' id='word_1_588' title='bbox 1140 1453 1179 1479; x_wconf 87' lang='lat' dir='ltr'>ira</span> <span class='ocrx_word' id='word_1_589' title='bbox 1199 1453 1324 1479; x_wconf 88' lang='lat' dir='ltr'>cessavit.</span> <span class='ocrx_word' id='word_1_590' title='bbox 1356 1450 1403 1477; x_wconf 82' lang='lat' dir='ltr'><strong>llis</strong></span> <span class='ocrx_word' id='word_1_591' title='bbox 1420 1450 1456 1477; x_wconf 88' lang='lat' dir='ltr'>ita</span> <span class='ocrx_word' id='word_1_592' title='bbox 1487 1450 1570 1484; x_wconf 74' lang='lat' dir='ltr'>gestis</span> <span class='ocrx_word' id='word_1_593' title='bbox 1595 1450 1718 1476; x_wconf 87' lang='lat' dir='ltr'>ascendit</span> 
     </span>
    </p>
   </div>
   <div class='ocr_carea' id='block_1_80' title="bbox 934 1495 1717 1532">
    <p class='ocr_par' dir='ltr' id='par_1_80' title="bbox 934 1495 1717 1532">
     <span class='ocr_line' id='line_1_80' title="bbox 934 1495 1717 1532; baseline -0.005 -7"><span class='ocrx_word' id='word_1_594' title='bbox 934 1499 961 1525; x_wconf 90' lang='lat' dir='ltr'>in</span> <span class='ocrx_word' id='word_1_595' title='bbox 982 1499 1066 1525; x_wconf 90' lang='lat' dir='ltr'>altum</span> <span class='ocrx_word' id='word_1_596' title='bbox 1085 1497 1190 1532; x_wconf 79' lang='lat' dir='ltr'>Moyses</span> <span class='ocrx_word' id='word_1_597' title='bbox 1202 1500 1332 1528; x_wconf 90' lang='lat' dir='ltr'>montem,</span> <span class='ocrx_word' id='word_1_598' title='bbox 1348 1501 1373 1523; x_wconf 86' lang='lat' dir='ltr'>et</span> <span class='ocrx_word' id='word_1_599' title='bbox 1399 1495 1494 1530; x_wconf 87' lang='lat' dir='ltr'>procul</span> <span class='ocrx_word' id='word_1_600' title='bbox 1521 1495 1717 1529; x_wconf 73' lang='lat' dir='ltr'>repromissum</span> 
     </span>
    </p>
   </div>
   <div class='ocr_carea' id='block_1_81' title="bbox 933 1540 1716 1577">
    <p class='ocr_par' dir='ltr' id='par_1_81' title="bbox 933 1540 1716 1577">
     <span class='ocr_line' id='line_1_81' title="bbox 933 1540 1716 1577; baseline -0.004 -8"><span class='ocrx_word' id='word_1_601' title='bbox 933 1543 1085 1577; x_wconf 87' lang='lat' dir='ltr'>majoribus</span> <span class='ocrx_word' id='word_1_602' title='bbox 1102 1542 1159 1569; x_wconf 90' lang='lat' dir='ltr'>suis</span> <span class='ocrx_word' id='word_1_603' title='bbox 1177 1547 1276 1569; x_wconf 86' lang='lat' dir='ltr'>terram</span> <span class='ocrx_word' id='word_1_604' title='bbox 1293 1541 1458 1575; x_wconf 80' lang='lat' dir='ltr'>speculatus,</span> <span class='ocrx_word' id='word_1_605' title='bbox 1473 1540 1620 1566; x_wconf 87' lang='lat' dir='ltr'>humanam</span> <span class='ocrx_word' id='word_1_606' title='bbox 1633 1540 1716 1566; x_wconf 86' lang='lat' dir='ltr'>vitam</span> 
     </span>
    </p>
   </div>
   <div class='ocr_carea' id='block_1_82' title="bbox 933 1586 1718 1621">
    <p class='ocr_par' dir='ltr' id='par_1_82' title="bbox 933 1586 1718 1621">
     <span class='ocr_line' id='line_1_82' title="bbox 933 1586 1718 1621; baseline -0.003 -6"><span class='ocrx_word' id='word_1_607' title='bbox 933 1589 1016 1621; x_wconf 83' lang='lat' dir='ltr'>exuit,</span> <span class='ocrx_word' id='word_1_608' title='bbox 1033 1589 1068 1615; x_wconf 88' lang='lat' dir='ltr'>ita</span> <span class='ocrx_word' id='word_1_609' title='bbox 1084 1592 1114 1615; x_wconf 90' lang='lat' dir='ltr'>ut</span> <span class='ocrx_word' id='word_1_610' title='bbox 1131 1588 1197 1614; x_wconf 92' lang='lat' dir='ltr'>nihil</span> <span class='ocrx_word' id='word_1_611' title='bbox 1219 1588 1246 1614; x_wconf 95' lang='lat' dir='ltr'>in</span> <span class='ocrx_word' id='word_1_612' title='bbox 1266 1587 1347 1614; x_wconf 88' lang='lat' dir='ltr'>terris</span> <span class='ocrx_word' id='word_1_613' title='bbox 1367 1586 1449 1621; x_wconf 87' lang='lat' dir='ltr'>hujus</span> <span class='ocrx_word' id='word_1_614' title='bbox 1471 1586 1644 1621; x_wconf 81' lang='lat' dir='ltr'>migrationis</span> <span class='ocrx_word' id='word_1_615' title='bbox 1663 1593 1718 1613; x_wconf 73' lang='lat' dir='ltr'>sua:</span> 
     </span>
    </p>
   </div>
   <div class='ocr_carea' id='block_1_83' title="bbox 933 1630 1717 1668">
    <p class='ocr_par' dir='ltr' id='par_1_83' title="bbox 933 1630 1717 1668">
     <span class='ocr_line' id='line_1_83' title="bbox 933 1630 1717 1668; baseline -0.004 -9"><span class='ocrx_word' id='word_1_616' title='bbox 933 1634 1041 1668; x_wconf 78' lang='lat' dir='ltr'>signum</span> <span class='ocrx_word' id='word_1_617' title='bbox 1059 1636 1104 1659; x_wconf 86' lang='lat' dir='ltr'>aut</span> <span class='ocrx_word' id='word_1_618' title='bbox 1116 1637 1321 1659; x_wconf 85' lang='lat' dir='ltr'>monumentum</span> <span class='ocrx_word' id='word_1_619' title='bbox 1335 1632 1361 1657; x_wconf 92' lang='lat' dir='ltr'><strong>in</strong></span> <span class='ocrx_word' id='word_1_620' title='bbox 1375 1631 1527 1666; x_wconf 84' lang='lat' dir='ltr'>sepulchris</span> <span class='ocrx_word' id='word_1_621' title='bbox 1542 1630 1717 1665; x_wconf 81' lang='lat' dir='ltr'>relinqueret.</span> 
     </span>
    </p>
   </div>
   <div class='ocr_carea' id='block_1_84' title="bbox 933 1674 1719 1711">
    <p class='ocr_par' dir='ltr' id='par_1_84' title="bbox 933 1674 1719 1711">
     <span class='ocr_line' id='line_1_84' title="bbox 933 1674 1719 1711; baseline -0.005 -6"><span class='ocrx_word' id='word_1_622' title='bbox 933 1679 1030 1706; x_wconf 79' lang='lat' dir='ltr'>Mirum</span> <span class='ocrx_word' id='word_1_623' title='bbox 1046 1682 1137 1704; x_wconf 88' lang='lat' dir='ltr'>autem</span> <span class='ocrx_word' id='word_1_624' title='bbox 1152 1682 1202 1709; x_wconf 88' lang='lat' dir='ltr'>est,</span> <span class='ocrx_word' id='word_1_625' title='bbox 1217 1674 1289 1711; x_wconf 85' lang='lat' dir='ltr'>quod</span> <span class='ocrx_word' id='word_1_626' title='bbox 1306 1684 1355 1704; x_wconf 90' lang='lat' dir='ltr'>nec</span> <span class='ocrx_word' id='word_1_627' title='bbox 1371 1676 1473 1708; x_wconf 76' lang='lat' dir='ltr'>fornue,</span> <span class='ocrx_word' id='word_1_628' title='bbox 1499 1684 1548 1703; x_wconf 88' lang='lat' dir='ltr'>nec</span> <span class='ocrx_word' id='word_1_629' title='bbox 1566 1676 1719 1710; x_wconf 82' lang='lat' dir='ltr'>pulchritu-</span> 
     </span>
    </p>
   </div>
   <div class='ocr_carea' id='block_1_85' title="bbox 933 1720 1716 1757">
    <p class='ocr_par' dir='ltr' id='par_1_85' title="bbox 933 1720 1716 1757">
     <span class='ocr_line' id='line_1_85' title="bbox 933 1720 1716 1757; baseline -0.004 -7"><span class='ocrx_word' id='word_1_630' title='bbox 933 1723 1006 1750; x_wconf 89' lang='lat' dir='ltr'>dinis</span> <span class='ocrx_word' id='word_1_631' title='bbox 1019 1730 1075 1750; x_wconf 71' lang='lat' dir='ltr'>suae</span> <span class='ocrx_word' id='word_1_632' title='bbox 1089 1722 1250 1757; x_wconf 87' lang='lat' dir='ltr'>quidquam,</span> <span class='ocrx_word' id='word_1_633' title='bbox 1264 1729 1313 1748; x_wconf 87' lang='lat' dir='ltr'>nec</span> <span class='ocrx_word' id='word_1_634' title='bbox 1326 1729 1359 1747; x_wconf 84' lang='lat' dir='ltr'>ex</span> <span class='ocrx_word' id='word_1_635' title='bbox 1380 1720 1448 1748; x_wconf 82' lang='lat' dir='ltr'>facie</span> <span class='ocrx_word' id='word_1_636' title='bbox 1467 1728 1515 1747; x_wconf 88' lang='lat' dir='ltr'>sua</span> <span class='ocrx_word' id='word_1_637' title='bbox 1540 1720 1716 1755; x_wconf 86' lang='lat' dir='ltr'>resplenden-</span> 
     </span>
    </p>
   </div>
   <div class='ocr_carea' id='block_1_86' title="bbox 933 1766 1717 1802">
    <p class='ocr_par' dir='ltr' id='par_1_86' title="bbox 933 1766 1717 1802">
     <span class='ocr_line' id='line_1_86' title="bbox 933 1766 1717 1802; baseline -0.006 -7"><span class='ocrx_word' id='word_1_638' title='bbox 933 1767 1042 1795; x_wconf 86' lang='lat' dir='ltr'>dentem</span> <span class='ocrx_word' id='word_1_639' title='bbox 1057 1768 1183 1802; x_wconf 81' lang='lat' dir='ltr'>gratiam,</span> <span class='ocrx_word' id='word_1_640' title='bbox 1201 1774 1250 1793; x_wconf 87' lang='lat' dir='ltr'>nec</span> <span class='ocrx_word' id='word_1_641' title='bbox 1267 1766 1409 1793; x_wconf 90' lang='lat' dir='ltr'>oculorum</span> <span class='ocrx_word' id='word_1_642' title='bbox 1431 1766 1527 1796; x_wconf 76' lang='lat' dir='ltr'>aciem,</span> <span class='ocrx_word' id='word_1_643' title='bbox 1553 1766 1595 1792; x_wconf 84' lang='lat' dir='ltr'>vel</span> <span class='ocrx_word' id='word_1_644' title='bbox 1617 1772 1717 1800; x_wconf 84' lang='lat' dir='ltr'>lcmpo-</span> 
     </span>
    </p>
   </div>
   <div class='ocr_carea' id='block_1_87' title="bbox 933 1811 1717 1847">
    <p class='ocr_par' dir='ltr' id='par_1_87' title="bbox 933 1811 1717 1847">
     <span class='ocr_line' id='line_1_87' title="bbox 933 1811 1717 1847; baseline -0.004 -7"><span class='ocrx_word' id='word_1_645' title='bbox 933 1821 1005 1845; x_wconf 88' lang='lat' dir='ltr'>rum,</span> <span class='ocrx_word' id='word_1_646' title='bbox 1017 1813 1117 1847; x_wconf 87' lang='lat' dir='ltr'>quibus</span> <span class='ocrx_word' id='word_1_647' title='bbox 1134 1819 1194 1838; x_wconf 88' lang='lat' dir='ltr'>cum</span> <span class='ocrx_word' id='word_1_648' title='bbox 1213 1811 1370 1838; x_wconf 89' lang='lat' dir='ltr'>hominibus</span> <span class='ocrx_word' id='word_1_649' title='bbox 1394 1815 1463 1840; x_wconf 79' lang='lat' dir='ltr'>erat,</span> <span class='ocrx_word' id='word_1_650' title='bbox 1482 1811 1568 1846; x_wconf 89' lang='lat' dir='ltr'>spatia</span> <span class='ocrx_word' id='word_1_651' title='bbox 1586 1811 1625 1837; x_wconf 89' lang='lat' dir='ltr'>vel</span> <span class='ocrx_word' id='word_1_652' title='bbox 1642 1811 1717 1837; x_wconf 78' lang='lat' dir='ltr'>labo-</span> 
     </span>
    </p>
   </div>
   <div class='ocr_carea' id='block_1_88' title="bbox 933 1856 1718 1891">
    <p class='ocr_par' dir='ltr' id='par_1_88' title="bbox 933 1856 1718 1891">
     <span class='ocr_line' id='line_1_88' title="bbox 933 1856 1718 1891; baseline -0.004 -5"><span class='ocrx_word' id='word_1_653' title='bbox 933 1866 977 1886; x_wconf 82' lang='lat' dir='ltr'>res</span> <span class='ocrx_word' id='word_1_654' title='bbox 988 1858 1217 1888; x_wconf 86' lang='lat' dir='ltr'>comminueraut,</span> <span class='ocrx_word' id='word_1_655' title='bbox 1235 1856 1282 1884; x_wconf 85' lang='lat' dir='ltr'>sed</span> <span class='ocrx_word' id='word_1_656' title='bbox 1298 1864 1354 1883; x_wconf 91' lang='lat' dir='ltr'>uno</span> <span class='ocrx_word' id='word_1_657' title='bbox 1367 1856 1516 1891; x_wconf 83' lang='lat' dir='ltr'>eodemque</span> <span class='ocrx_word' id='word_1_658' title='bbox 1534 1857 1613 1884; x_wconf 86' lang='lat' dir='ltr'>modo</span> <span class='ocrx_word' id='word_1_659' title='bbox 1633 1857 1718 1884; x_wconf 76' lang='lat' dir='ltr'>virtu-</span> 
     </span>
    </p>
   </div>
   <div class='ocr_carea' id='block_1_89' title="bbox 934 1902 1719 1938">
    <p class='ocr_par' dir='ltr' id='par_1_89' title="bbox 934 1902 1719 1938">
     <span class='ocr_line' id='line_1_89' title="bbox 934 1902 1719 1938; baseline 0 -8"><span class='ocrx_word' id='word_1_660' title='bbox 934 1908 975 1930; x_wconf 87' lang='lat' dir='ltr'>tes</span> <span class='ocrx_word' id='word_1_661' title='bbox 993 1903 1116 1937; x_wconf 87' lang='lat' dir='ltr'>corporis</span> <span class='ocrx_word' id='word_1_662' title='bbox 1139 1906 1220 1937; x_wconf 87' lang='lat' dir='ltr'>atque</span> <span class='ocrx_word' id='word_1_663' title='bbox 1240 1909 1371 1929; x_wconf 87' lang='lat' dir='ltr'>sensuum</span> <span class='ocrx_word' id='word_1_664' title='bbox 1396 1902 1422 1929; x_wconf 92' lang='lat' dir='ltr'><strong>in</strong></span> <span class='ocrx_word' id='word_1_665' title='bbox 1439 1911 1471 1929; x_wconf 93' lang='lat' dir='ltr'>co</span> <span class='ocrx_word' id='word_1_666' title='bbox 1496 1910 1604 1938; x_wconf 88' lang='lat' dir='ltr'>semper</span> <span class='ocrx_word' id='word_1_667' title='bbox 1627 1903 1719 1937; x_wconf 77' lang='lat' dir='ltr'>vigue-</span> 
     </span>
    </p>
   </div>
   <div class='ocr_carea' id='block_1_90' title="bbox 933 1947 1718 1983">
    <p class='ocr_par' dir='ltr' id='par_1_90' title="bbox 933 1947 1718 1983">
     <span class='ocr_line' id='line_1_90' title="bbox 933 1947 1718 1983; baseline -0.003 -7"><span class='ocrx_word' id='word_1_668' title='bbox 933 1953 1008 1976; x_wconf 84' lang='lat' dir='ltr'>runt.</span> <span class='ocrx_word' id='word_1_669' title='bbox 1023 1948 1083 1975; x_wconf 60' lang='lat' dir='ltr'>Haec</span> <span class='ocrx_word' id='word_1_670' title='bbox 1094 1948 1204 1983; x_wconf 90' lang='lat' dir='ltr'>quidem</span> <span class='ocrx_word' id='word_1_671' title='bbox 1219 1952 1293 1980; x_wconf 86' lang='lat' dir='ltr'>sunt,</span> <span class='ocrx_word' id='word_1_672' title='bbox 1308 1956 1367 1982; x_wconf 72' lang='lat' dir='ltr'>qua:</span> <span class='ocrx_word' id='word_1_673' title='bbox 1382 1947 1414 1975; x_wconf 88' lang='lat' dir='ltr'>de</span> <span class='ocrx_word' id='word_1_674' title='bbox 1426 1948 1471 1974; x_wconf 91' lang='lat' dir='ltr'>illo</span> <span class='ocrx_word' id='word_1_675' title='bbox 1483 1948 1541 1974; x_wconf 88' lang='lat' dir='ltr'>viro</span> <span class='ocrx_word' id='word_1_676' title='bbox 1557 1948 1589 1974; x_wconf 89' lang='lat' dir='ltr'>ab</span> <span class='ocrx_word' id='word_1_677' title='bbox 1605 1948 1718 1974; x_wconf 82' lang='lat' dir='ltr'>historia</span> 
     </span>
    </p>
   </div>
   <div class='ocr_carea' id='block_1_91' title="bbox 934 1994 1719 2030">
    <p class='ocr_par' dir='ltr' id='par_1_91' title="bbox 934 1994 1719 2030">
     <span class='ocr_line' id='line_1_91' title="bbox 934 1994 1719 2030; baseline -0.005 -7"><span class='ocrx_word' id='word_1_678' title='bbox 934 1995 1024 2023; x_wconf 83' lang='lat' dir='ltr'>divina</span> <span class='ocrx_word' id='word_1_679' title='bbox 1041 1994 1216 2030; x_wconf 88' lang='lat' dir='ltr'>percipimus,</span> <span class='ocrx_word' id='word_1_680' title='bbox 1228 2002 1286 2028; x_wconf 66' lang='lat' dir='ltr'>quae</span> <span class='ocrx_word' id='word_1_681' title='bbox 1304 1994 1406 2021; x_wconf 88' lang='lat' dir='ltr'>cursim</span> <span class='ocrx_word' id='word_1_682' title='bbox 1422 1994 1595 2027; x_wconf 87' lang='lat' dir='ltr'>narratajam</span> <span class='ocrx_word' id='word_1_683' title='bbox 1611 1997 1719 2027; x_wconf 88' lang='lat' dir='ltr'>tempus</span> 
     </span>
    </p>
   </div>
   <div class='ocr_carea' id='block_1_92' title="bbox 935 2038 1719 2075">
    <p class='ocr_par' dir='ltr' id='par_1_92' title="bbox 935 2038 1719 2075">
     <span class='ocr_line' id='line_1_92' title="bbox 935 2038 1719 2075; baseline -0.004 -7"><span class='ocrx_word' id='word_1_684' title='bbox 935 2045 977 2068; x_wconf 86' lang='lat' dir='ltr'>est</span> <span class='ocrx_word' id='word_1_685' title='bbox 1002 2041 1142 2075; x_wconf 86' lang='lat' dir='ltr'>proposito</span> <span class='ocrx_word' id='word_1_686' title='bbox 1159 2043 1254 2067; x_wconf 89' lang='lat' dir='ltr'>nostro</span> <span class='ocrx_word' id='word_1_687' title='bbox 1282 2038 1503 2070; x_wconf 86' lang='lat' dir='ltr'>accommodare,</span> <span class='ocrx_word' id='word_1_688' title='bbox 1523 2042 1552 2064; x_wconf 88' lang='lat' dir='ltr'>ut</span> <span class='ocrx_word' id='word_1_689' title='bbox 1578 2038 1719 2065; x_wconf 86' lang='lat' dir='ltr'>videamus</span> 
     </span>
    </p>
   </div>
   <div class='ocr_carea' id='block_1_93' title="bbox 935 2086 1719 2124">
    <p class='ocr_par' dir='ltr' id='par_1_93' title="bbox 935 2086 1719 2124">
     <span class='ocr_line' id='line_1_93' title="bbox 935 2086 1719 2124; baseline -0.003 -9"><span class='ocrx_word' id='word_1_690' title='bbox 935 2088 1034 2116; x_wconf 77' lang='lat' dir='ltr'>veteris</span> <span class='ocrx_word' id='word_1_691' title='bbox 1059 2088 1207 2124; x_wconf 82' lang='lat' dir='ltr'>Scripturae</span> <span class='ocrx_word' id='word_1_692' title='bbox 1232 2087 1373 2115; x_wconf 83' lang='lat' dir='ltr'>historiam</span> <span class='ocrx_word' id='word_1_693' title='bbox 1403 2087 1435 2114; x_wconf 87' lang='lat' dir='ltr'>ad</span> <span class='ocrx_word' id='word_1_694' title='bbox 1460 2087 1604 2122; x_wconf 82' lang='lat' dir='ltr'>perlectam</span> <span class='ocrx_word' id='word_1_695' title='bbox 1636 2086 1719 2113; x_wconf 87' lang='lat' dir='ltr'>vitam</span> 
     </span>
    </p>
   </div>
   <div class='ocr_carea' id='block_1_94' title="bbox 935 2133 1228 2161">
    <p class='ocr_par' dir='ltr' id='par_1_94' title="bbox 935 2133 1228 2161">
     <span class='ocr_line' id='line_1_94' title="bbox 935 2133 1228 2161; baseline -0.007 0"><span class='ocrx_word' id='word_1_696' title='bbox 935 2134 1049 2161; x_wconf 89' lang='lat' dir='ltr'>multum</span> <span class='ocrx_word' id='word_1_697' title='bbox 1066 2133 1228 2160; x_wconf 80' lang='lat' dir='ltr'>conducere.</span> 
     </span>
    </p>
   </div>
   <div class='ocr_carea' id='block_1_95' title="bbox 93 2176 1720 2216">
    <p class='ocr_par' dir='ltr' id='par_1_95' title="bbox 93 2176 1720 2216">
     <span class='ocr_line' id='line_1_95' title="bbox 93 2176 1720 2216; baseline -0.003 -8"><span class='ocrx_word' id='word_1_698' title='bbox 93 2176 223 2213; x_wconf 72' lang='grc' dir='ltr'>ὶντάφοις</span> <span class='ocrx_word' id='word_1_699' title='bbox 248 2180 476 2216; x_wconf 73' lang='grc' dir='ltr'>ὑπολειπόμενος.</span> <span class='ocrx_word' id='word_1_700' title='bbox 496 2176 535 2207; x_wconf 79' lang='grc' dir='ltr'>Οὗ</span> <span class='ocrx_word' id='word_1_701' title='bbox 550 2180 590 2215; x_wconf 83' lang='grc' dir='ltr'>τῷ</span> <span class='ocrx_word' id='word_1_702' title='bbox 607 2179 699 2206; x_wconf 85' lang='grc' dir='ltr'>κάλλει</span> <span class='ocrx_word' id='word_1_703' title='bbox 716 2180 810 2215; x_wconf 88' lang='grc' dir='ltr'>χρόνος</span> <span class='ocrx_word' id='word_1_704' title='bbox 822 2180 872 2206; x_wconf 83' lang='grc' dir='ltr'>οὐκ</span> <span class='ocrx_word' id='word_1_705' title='bbox 889 2180 1050 2215; x_wconf 78' lang='grc' dir='ltr'>ἐλυμήνατο,</span> <span class='ocrx_word' id='word_1_706' title='bbox 1074 2178 1134 2204; x_wconf 79' lang='grc' dir='ltr'>οὕτε</span> <span class='ocrx_word' id='word_1_707' title='bbox 1148 2178 1201 2204; x_wconf 84' lang='grc' dir='ltr'>τῶν</span> <span class='ocrx_word' id='word_1_708' title='bbox 1216 2178 1361 2213; x_wconf 74' lang='grc' dir='ltr'>ὀφθαλμῶν</span> <span class='ocrx_word' id='word_1_709' title='bbox 1385 2178 1434 2213; x_wconf 78' lang='grc' dir='ltr'>τὴν</span> <span class='ocrx_word' id='word_1_710' title='bbox 1453 2177 1611 2213; x_wconf 79' lang='grc' dir='ltr'>λαμπηδόνα</span> <span class='ocrx_word' id='word_1_711' title='bbox 1624 2177 1720 2212; x_wconf 25' lang='grc' dir='ltr'>ηὴμαύ-</span> 
     </span>
    </p>
   </div>
   <div class='ocr_carea' id='block_1_96' title="bbox 94 2222 1721 2262">
    <p class='ocr_par' dir='ltr' id='par_1_96' title="bbox 94 2222 1721 2262">
     <span class='ocr_line' id='line_1_96' title="bbox 94 2222 1721 2262; baseline 0 -13"><span class='ocrx_word' id='word_1_712' title='bbox 94 2229 183 2257; x_wconf 75' lang='grc' dir='ltr'>ρωσεν,</span> <span class='ocrx_word' id='word_1_713' title='bbox 208 2225 278 2252; x_wconf 69' lang='grc' dir='ltr'>οὔτε</span> <span class='ocrx_word' id='word_1_714' title='bbox 294 2226 348 2262; x_wconf 79' lang='grc' dir='ltr'>τὴν</span> <span class='ocrx_word' id='word_1_715' title='bbox 370 2226 583 2262; x_wconf 78' lang='grc' dir='ltr'>ἁπολάμπουσαν</span> <span class='ocrx_word' id='word_1_716' title='bbox 604 2225 652 2252; x_wconf 81' lang='grc' dir='ltr'>τοῦ</span> <span class='ocrx_word' id='word_1_717' title='bbox 674 2226 819 2261; x_wconf 81' lang='grc' dir='ltr'>προσώπου</span> <span class='ocrx_word' id='word_1_718' title='bbox 838 2226 918 2261; x_wconf 84' lang='grc' dir='ltr'>χάριν</span> <span class='ocrx_word' id='word_1_719' title='bbox 940 2225 1132 2260; x_wconf 80' lang='grc' dir='ltr'>ἀπήμϐλυνεν·</span> <span class='ocrx_word' id='word_1_720' title='bbox 1155 2224 1211 2250; x_wconf 84' lang='grc' dir='ltr'>ἀλλ’</span> <span class='ocrx_word' id='word_1_721' title='bbox 1228 2222 1261 2259; x_wconf 82' lang='grc' dir='ltr'>ἦν</span> <span class='ocrx_word' id='word_1_722' title='bbox 1278 2225 1320 2250; x_wconf 77' lang='grc' dir='ltr'>ἀεὶ</span> <span class='ocrx_word' id='word_1_723' title='bbox 1342 2224 1471 2256; x_wconf 83' lang='grc' dir='ltr'>ὡσαύτως</span> <span class='ocrx_word' id='word_1_724' title='bbox 1489 2223 1571 2259; x_wconf 73' lang='grc' dir='ltr'>ἔχων,</span> <span class='ocrx_word' id='word_1_725' title='bbox 1588 2223 1634 2249; x_wconf 76' lang='grc' dir='ltr'>καὶ</span> <span class='ocrx_word' id='word_1_726' title='bbox 1650 2223 1721 2249; x_wconf 80' lang='grc' dir='ltr'>κατὰ</span> 
     </span>
    </p>
   </div>
   <div class='ocr_carea' id='block_1_97' title="bbox 91 2269 1721 2309">
    <p class='ocr_par' dir='ltr' id='par_1_97' title="bbox 91 2269 1721 2309">
     <span class='ocr_line' id='line_1_97' title="bbox 91 2269 1721 2309; baseline 0.001 -12"><span class='ocrx_word' id='word_1_727' title='bbox 91 2269 182 2298; x_wconf 61' lang='grc' dir='ltr'>*αὑτὸν</span> <span class='ocrx_word' id='word_1_728' title='bbox 192 2273 225 2299; x_wconf 75' lang='grc' dir='ltr'>ἐν</span> <span class='ocrx_word' id='word_1_729' title='bbox 236 2273 283 2308; x_wconf 79' lang='grc' dir='ltr'>τῷ</span> <span class='ocrx_word' id='word_1_730' title='bbox 298 2273 408 2309; x_wconf 80' lang='grc' dir='ltr'>τρεπτῷ</span> <span class='ocrx_word' id='word_1_731' title='bbox 420 2273 470 2309; x_wconf 85' lang='grc' dir='ltr'>τῆς</span> <span class='ocrx_word' id='word_1_732' title='bbox 486 2273 593 2309; x_wconf 80' lang='grc' dir='ltr'>φύσεως</span> <span class='ocrx_word' id='word_1_733' title='bbox 602 2273 737 2305; x_wconf 80' lang='grc' dir='ltr'>διασώσας</span> <span class='ocrx_word' id='word_1_734' title='bbox 757 2273 787 2300; x_wconf 83' lang='grc' dir='ltr'>τὸ</span> <span class='ocrx_word' id='word_1_735' title='bbox 803 2274 830 2300; x_wconf 86' lang='grc' dir='ltr'>ὲν</span> <span class='ocrx_word' id='word_1_736' title='bbox 846 2274 883 2309; x_wconf 84' lang='grc' dir='ltr'>τῷ</span> <span class='ocrx_word' id='word_1_737' title='bbox 898 2273 990 2300; x_wconf 78' lang='grc' dir='ltr'>κάλλει</span> <span class='ocrx_word' id='word_1_738' title='bbox 998 2272 1202 2307; x_wconf 76' lang='grc' dir='ltr'>ἀμετάπτωτον.</span> <span class='ocrx_word' id='word_1_739' title='bbox 1221 2272 1313 2299; x_wconf 84' lang='grc' dir='ltr'>Ταῦτα</span> <span class='ocrx_word' id='word_1_740' title='bbox 1328 2273 1377 2307; x_wconf 85' lang='grc' dir='ltr'>μὲν</span> <span class='ocrx_word' id='word_1_741' title='bbox 1397 2270 1453 2306; x_wconf 74' lang='grc' dir='ltr'>οὖν,</span> <span class='ocrx_word' id='word_1_742' title='bbox 1469 2272 1518 2299; x_wconf 82' lang='grc' dir='ltr'>ὅσα</span> <span class='ocrx_word' id='word_1_743' title='bbox 1539 2273 1570 2298; x_wconf 83' lang='grc' dir='ltr'>ὲκ</span> <span class='ocrx_word' id='word_1_744' title='bbox 1583 2271 1632 2306; x_wconf 83' lang='grc' dir='ltr'>τῆς</span> <span class='ocrx_word' id='word_1_745' title='bbox 1648 2279 1721 2307; x_wconf 85' lang='grc' dir='ltr'>προ-</span> 
     </span>
    </p>
   </div>
   <div class='ocr_carea' id='block_1_98' title="bbox 92 2314 1720 2357">
    <p class='ocr_par' dir='ltr' id='par_1_98' title="bbox 92 2314 1720 2357">
     <span class='ocr_line' id='line_1_98' title="bbox 92 2314 1720 2357; baseline -0.004 -8"><span class='ocrx_word' id='word_1_746' title='bbox 92 2316 176 2351; x_wconf 67' lang='grc' dir='ltr'>χεῖρον</span> <span class='ocrx_word' id='word_1_747' title='bbox 186 2319 237 2346; x_wconf 71' lang='grc' dir='ltr'>τοῦ</span> <span class='ocrx_word' id='word_1_748' title='bbox 250 2321 353 2357; x_wconf 70' lang='grc' dir='ltr'>ἀνδρὸς</span> <span class='ocrx_word' id='word_1_749' title='bbox 366 2321 485 2357; x_wconf 75' lang='grc' dir='ltr'>ῑστορίας</span> <span class='ocrx_word' id='word_1_750' title='bbox 504 2320 652 2357; x_wconf 77' lang='grc' dir='ltr'>ἐμάθομεν,</span> <span class='ocrx_word' id='word_1_751' title='bbox 675 2321 705 2348; x_wconf 83' lang='grc' dir='ltr'>ἐν</span> <span class='ocrx_word' id='word_1_752' title='bbox 727 2321 858 2356; x_wconf 78' lang='grc' dir='ltr'>ἐπιδρομῇ</span> <span class='ocrx_word' id='word_1_753' title='bbox 879 2329 919 2347; x_wconf 79' lang='grc' dir='ltr'>σοι</span> <span class='ocrx_word' id='word_1_754' title='bbox 933 2319 1136 2356; x_wconf 71' lang='grc' dir='ltr'>διηγησάμεθα·</span> <span class='ocrx_word' id='word_1_755' title='bbox 1151 2320 1175 2345; x_wconf 89' lang='grc' dir='ltr'>εἰ</span> <span class='ocrx_word' id='word_1_756' title='bbox 1188 2319 1233 2345; x_wconf 87' lang='grc' dir='ltr'>καί</span> <span class='ocrx_word' id='word_1_757' title='bbox 1249 2328 1306 2350; x_wconf 84' lang='grc' dir='ltr'>πως</span> <span class='ocrx_word' id='word_1_758' title='bbox 1320 2321 1336 2354; x_wconf 81' lang='grc' dir='ltr'>ἡ</span> <span class='ocrx_word' id='word_1_759' title='bbox 1351 2318 1479 2350; x_wconf 76' lang='grc' dir='ltr'>ὑπόθεσίς</span> <span class='ocrx_word' id='word_1_760' title='bbox 1491 2319 1564 2345; x_wconf 79' lang='grc' dir='ltr'>ἐστιν</span> <span class='ocrx_word' id='word_1_761' title='bbox 1578 2318 1605 2344; x_wconf 75' lang='grc' dir='ltr'>ἐν</span> <span class='ocrx_word' id='word_1_762' title='bbox 1620 2314 1659 2349; x_wconf 72' lang='grc' dir='ltr'>οἷς</span> <span class='ocrx_word' id='word_1_763' title='bbox 1674 2317 1720 2343; x_wconf 75' lang='grc' dir='ltr'>τὸν</span> 
     </span>
    </p>
   </div>
   <div class='ocr_carea' id='block_1_99' title="bbox 91 2360 1719 2403">
    <p class='ocr_par' dir='ltr' id='par_1_99' title="bbox 91 2360 1719 2403">
     <span class='ocr_line' id='line_1_99' title="bbox 91 2360 1719 2403; baseline -0.004 -7"><span class='ocrx_word' id='word_1_764' title='bbox 91 2360 163 2396; x_wconf 54' lang='lat' dir='ltr'>MT”</span> <span class='ocrx_word' id='word_1_765' title='bbox 181 2365 349 2400; x_wconf 73' lang='grc' dir='ltr'>ἀναγκαίως</span> <span class='ocrx_word' id='word_1_766' title='bbox 369 2367 510 2394; x_wconf 69' lang='grc' dir='ltr'>ἑπλάτυνε.</span> <span class='ocrx_word' id='word_1_767' title='bbox 528 2368 631 2403; x_wconf 83' lang='grc' dir='ltr'>Καιρδς</span> <span class='ocrx_word' id='word_1_768' title='bbox 645 2368 667 2396; x_wconf 81' lang='grc' dir='ltr'>δ’</span> <span class='ocrx_word' id='word_1_769' title='bbox 687 2367 721 2395; x_wconf 83' lang='grc' dir='ltr'>ἂν</span> <span class='ocrx_word' id='word_1_770' title='bbox 745 2367 786 2402; x_wconf 79' lang='grc' dir='ltr'>εἴη</span> <span class='ocrx_word' id='word_1_771' title='bbox 803 2366 869 2402; x_wconf 73' lang='grc' dir='ltr'>πρὸς</span> <span class='ocrx_word' id='word_1_772' title='bbox 884 2366 929 2392; x_wconf 79' lang='grc' dir='ltr'>τὸν</span> <span class='ocrx_word' id='word_1_773' title='bbox 950 2365 1128 2401; x_wconf 77' lang='grc' dir='ltr'>προκείμενον</span> <span class='ocrx_word' id='word_1_774' title='bbox 1149 2365 1214 2400; x_wconf 79' lang='grc' dir='ltr'>ἡμῖν</span> <span class='ocrx_word' id='word_1_775' title='bbox 1228 2364 1274 2391; x_wconf 84' lang='grc' dir='ltr'>τοῦ</span> <span class='ocrx_word' id='word_1_776' title='bbox 1289 2364 1367 2399; x_wconf 74' lang='grc' dir='ltr'>λόγου</span> <span class='ocrx_word' id='word_1_777' title='bbox 1388 2365 1487 2391; x_wconf 76' lang='grc' dir='ltr'>σκοπὸν</span> <span class='ocrx_word' id='word_1_778' title='bbox 1506 2363 1659 2400; x_wconf 84' lang='grc' dir='ltr'>ἐφαρμόσαι</span> <span class='ocrx_word' id='word_1_779' title='bbox 1674 2363 1719 2389; x_wconf 79' lang='grc' dir='ltr'>τὸν</span> 
     </span>
    </p>
   </div>
   <div class='ocr_carea' id='block_1_100' title="bbox 95 2406 1716 2452">
    <p class='ocr_par' dir='ltr' id='par_1_100' title="bbox 95 2406 1716 2452">
     <span class='ocr_line' id='line_1_100' title="bbox 95 2406 1716 2452; baseline -0.002 -14"><span class='ocrx_word' id='word_1_780' title='bbox 95 2411 322 2452; x_wconf 48' lang='grc' dir='ltr'>μνημονευθέντα</span> <span class='ocrx_word' id='word_1_781' title='bbox 344 2413 400 2449; x_wconf 85' lang='grc' dir='ltr'>βίον</span> <span class='ocrx_word' id='word_1_782' title='bbox 412 2423 420 2430; x_wconf 88' lang='grc'><strong>·</strong></span> <span class='ocrx_word' id='word_1_783' title='bbox 441 2414 480 2445; x_wconf 86' lang='grc' dir='ltr'>ὼς</span> <span class='ocrx_word' id='word_1_784' title='bbox 490 2413 522 2441; x_wconf 79' lang='grc' dir='ltr'>ἄν</span> <span class='ocrx_word' id='word_1_785' title='bbox 529 2421 569 2445; x_wconf 89' lang='grc' dir='ltr'>τις</span> <span class='ocrx_word' id='word_1_786' title='bbox 578 2415 682 2450; x_wconf 78' lang='grc' dir='ltr'>γένοιτο</span> <span class='ocrx_word' id='word_1_787' title='bbox 696 2416 764 2452; x_wconf 72' lang='grc' dir='ltr'>ἡμῖν</span> <span class='ocrx_word' id='word_1_788' title='bbox 778 2415 810 2440; x_wconf 84' lang='grc' dir='ltr'><strong>ὲκ</strong></span> <span class='ocrx_word' id='word_1_789' title='bbox 823 2413 878 2439; x_wconf 83' lang='grc' dir='ltr'>τῶν</span> <span class='ocrx_word' id='word_1_790' title='bbox 900 2406 1106 2449; x_wconf 73' lang='grc' dir='ltr'>προειρημένων</span> <span class='ocrx_word' id='word_1_791' title='bbox 1132 2413 1199 2449; x_wconf 75' lang='grc' dir='ltr'>πρὸς</span> <span class='ocrx_word' id='word_1_792' title='bbox 1222 2413 1267 2439; x_wconf 67' lang='grc' dir='ltr'>τὸν</span> <span class='ocrx_word' id='word_1_793' title='bbox 1285 2413 1344 2439; x_wconf 75' lang='grc' dir='ltr'>κατ’</span> <span class='ocrx_word' id='word_1_794' title='bbox 1358 2412 1457 2449; x_wconf 83' lang='grc' dir='ltr'>ἀρετὴν</span> <span class='ocrx_word' id='word_1_795' title='bbox 1471 2412 1528 2447; x_wconf 86' lang='grc' dir='ltr'>βίον</span> <span class='ocrx_word' id='word_1_796' title='bbox 1547 2410 1716 2447; x_wconf 68' lang='grc' dir='ltr'>σννεισφορά.</span> 
     </span>
    </p>
   </div>
   <div class='ocr_carea' id='block_1_101' title="bbox 100 2451 999 2504">
    <p class='ocr_par' dir='ltr' id='par_1_101' title="bbox 100 2451 999 2504">
     <span class='ocr_line' id='line_1_101' title="bbox 100 2451 999 2504; baseline 0 -20"><span class='ocrx_word' id='word_1_797' title='bbox 100 2451 296 2493; x_wconf 71' lang='grc' dir='ltr'>Ἀναλάὃωμεν</span> <span class='ocrx_word' id='word_1_798' title='bbox 311 2458 398 2486; x_wconf 80' lang='grc' dir='ltr'>τοίνυν</span> <span class='ocrx_word' id='word_1_799' title='bbox 412 2458 461 2496; x_wconf 84' lang='grc' dir='ltr'>τὴν</span> <span class='ocrx_word' id='word_1_800' title='bbox 475 2459 558 2495; x_wconf 79' lang='grc' dir='ltr'>ἀρχὴν</span> <span class='ocrx_word' id='word_1_801' title='bbox 571 2463 616 2493; x_wconf 82' lang='grc' dir='ltr'>τοῦ</span> <span class='ocrx_word' id='word_1_802' title='bbox 635 2451 805 2504; x_wconf 51' lang='grc' dir='ltr'>περὶαύτοῦ</span> <span class='ocrx_word' id='word_1_803' title='bbox 822 2459 999 2494; x_wconf 80' lang='grc' dir='ltr'>διηγήματος.</span> 
     </span>
    </p>
   </div>
   <div class='ocr_carea' id='block_1_102' title="bbox 161 3027 261 3034">
    <p class='ocr_par' dir='ltr' id='par_1_102' title="bbox 161 3027 261 3034">
     <span class='ocr_line' id='line_1_102' title="bbox 161 3027 261 3034; baseline 0.02 -2"><span class='ocrx_word' id='word_1_804' title='bbox 161 3027 226 3034; x_wconf 64' lang='grc' dir='ltr'>νν.</span> <span class='ocrx_word' id='word_1_805' title='bbox 258 3033 261 3034; x_wconf 65' lang='lat'>,</span> 
     </span>
    </p>
   </div>
  </div>
