4088 6210
463 185 470 198 ’
562 221 668 280 327

1787 201 1847 258 S.
1877 196 2205 258 GREGORII
2241 193 2540 251 NYSSENI

3697 175 3804 229 328

588 343 3769 392 Μ

1129 542 1538 632 ΘΕΩΡΙΑ
1601 538 1773 624 ΕΙΣ
1832 535 2058 620 TON
2135 529 2362 616 ΤΟΥ
2431 526 2876 617 ΜΩΣΕΩΣ
2949 525 3236 609 ΒΙΟΝ.

891 925 898 938 ’
963 886 1470 980 MYSTICA
1527 873 2510 970 INTERPRETATIO
2559 873 2886 966 VITJE
2941 867 3418 961 MOYSlS.

647 1262 780 1316 Cum
810 1257 1168 1314 masculinam
1196 1252 1507 1308 Iudaeorum
1547 1251 1754 1322 prolem
1791 1248 2009 1321 tyranni
2046 1249 2134 1304 lex
2161 1251 2207 1307 Δ

577 1351 928 1406 occidendam
977 1349 1186 1409 statuit,
1242 1353 1373 1399 tunc
1413 1343 1623 1414 Moyses
1670 1342 1934 1396 nascitur.
1986 1339 2136 1405 Quo-

579 1460 702 1496 nam
740 1443 903 1511 igitur
927 1447 1104 1508 pacto,
1152 1439 1296 1492 dicet
1325 1436 1619 1506 quispiam,
1656 1435 1734 1488 sic
1768 1440 1898 1486 tunc
1932 1431 2071 1485 forte
2106 1444 2138 1482 a

579 1543 810 1604 tyranno
837 1533 919 1585 lex
945 1531 1206 1584 adversus
1239 1527 1473 1581 infantes
1502 1526 1611 1578 lata
1636 1530 1741 1588 est,
1771 1537 1895 1576 cum
1929 1520 2139 1591 Moyses

578 1623 632 1676 in
675 1625 866 1676 matris
902 1629 1090 1675 ventre
1125 1619 1422 1682 ferebatur,
1456 1613 1768 1684 hujusmodi
1796 1628 1896 1681 ego
1921 1620 2137 1682 partum

579 1710 779 1764 imitari
814 1709 1038 1778 potero?
1072 1706 1182 1761 Nec
1212 1707 1356 1760 enim
1389 1705 1443 1758 in
1474 1709 1740 1773 potestate
1779 1701 2016 1754 hominis
2037 1707 2139 1763 est,

577 1814 700 1852 cum
745 1800 998 1860 voluerit,
1032 1796 1204 1850 nasci.
1241 1792 1346 1848 Sed
1396 1794 1498 1847 hoc
1538 1791 1789 1846 litteralis
1825 1789 2140 1866 sensushi-

577 1889 760 1942 storia:
786 1896 888 1952 est,
921 1903 1042 1956 quae
1074 1893 1133 1939 ut
1165 1883 1232 1938 ad
1269 1895 1449 1938 mores
1487 1879 1945 1945 accommodetur,
1979 1878 2140 1932 altius

578 1975 945 2045 intelligenda.
971 1974 1176 2028 Cuncta
1199 1987 1327 2042 ergo
1349 1986 1469 2040 qua:
1498 1971 1550 2022 in
1575 1969 1873 2024 mutatione
1905 1983 1967 2021 ac
1992 1966 2139 2020 fluxu

579 2069 754 2136 posita
794 2075 942 2130 sunt,
987 2079 1265 2134 nunquam
1307 2063 1460 2116 firma
1493 2070 1731 2126 manent,
1774 2060 1868 2113 sed
1908 2060 2137 2114 alterum

579 2173 644 2210 ex
672 2159 846 2210 altero
889 2155 1144 2224 gignitur,
1200 2159 1253 2208 et
1278 2160 1372 2206 aut
1409 2151 1474 2204 ad
1516 2151 1732 2214 melius,
1770 2158 1862 2202 aut
1885 2149 1950 2202 ad
1985 2149 2139 2217 pejus

579 2262 794 2317 scmper
822 2247 998 2300 exitus
1022 2247 1100 2298 (it.
1132 2245 1189 2298 In
1220 2242 1530 2297 hominibus
1563 2250 1742 2295 autem
1765 2240 2000 2294 carnalis
2025 2240 2140 2293 hzec

578 2345 631 2391 et
657 2335 1123 2407 perturbationum
1173 2335 1332 2404 plena
1378 2331 1687 2402 dispositio,
1737 2345 1858 2399 qua:
1909 2337 2138 2400 tyranno

579 2443 643 2482 ac
678 2428 820 2482 hosti
846 2428 1068 2480 humani
1097 2425 1313 2498 generis
1352 2424 1546 2494 placet,
1586 2437 1649 2477 ac
1678 2421 1800 2477 ideo
1839 2435 1958 2475 eam
1995 2419 2138 2473 fovet

579 2521 798 2589 vitaque
835 2518 1022 2583 donat,
1071 2533 1168 2588 per
1215 2517 1533 2572 muliebrem
1577 2528 1766 2569 sexum
1809 2511 2134 2566 ostenditur.

585 2609 765 2664 Virilis
798 2623 926 2664 vero
966 2618 1156 2680 partus
1187 2615 1417 2679 tyranno
1452 2603 1700 2658 infensus
1739 2611 1792 2656 et
1827 2608 2136 2671 suspectus,
2169 2578 2214 2640 Β

579 2718 649 2757 ne
681 2702 817 2756 forte
858 2701 1154 2756 seditiones
1207 2700 1260 2754 in
1297 2711 1464 2768 regno
1513 2701 1750 2759 moveat,
1800 2692 2030 2764 rigidam
2083 2700 2140 2748 et

581 2795 778 2848 fortem
818 2794 1071 2847 virtutem
1099 2790 1390 2861 significat.
1425 2787 1519 2843 Est
1547 2797 1731 2842 autem
1760 2786 1869 2840 vita
1901 2785 2138 2840 humana

581 2879 868 2944 mutationi
908 2893 1122 2948 semper
1156 2877 1482 2948 supposita:
1529 2889 1700 2944 quare
1743 2880 1978 2944 oportet,
2015 2889 2141 2928 cum

582 2989 690 3027 non
719 2972 791 3027 sit
824 2979 1024 3026 aeterna
1059 2978 1114 3025 et
1159 2967 1536 3030 immutabilis,
1580 2980 1795 3036 semper
1833 2965 2006 3020 nasci.
2049 2963 2142 3019 Sic

580 3071 759 3118 autem
787 3061 936 3118 nasci
969 3076 1076 3115 non
1109 3059 1284 3114 aliena
1316 3058 1373 3112 tit
1406 3057 1757 3128 appetitione,
1803 3070 1912 3110 non
1933 3055 2140 3110 extrin-

582 3168 764 3217 secus,
797 3159 856 3207 ut
886 3152 940 3205 in
973 3148 1245 3222 corporali
1278 3148 1576 3208 nativitate,
1605 3145 1699 3200 sed
1727 3144 1992 3199 electione
2021 3157 2145 3213 pro.

584 3245 702 3314 pria
750 3242 1129 3310 unusquisque
1165 3237 1412 3293 nascitur
1443 3255 1456 3290 :
1495 3235 1638 3291 unde
1677 3235 1756 3300 fit,
1806 3243 1868 3288 ut
1905 3249 2009 3288 nos
2039 3233 2144 3303 ipsi

587 3339 766 3402 patres
814 3327 1215 3398 quodammodo
1265 3325 1438 3381 simus
1489 3325 1685 3390 nostri,
1742 3325 2146 3395 qualescunque

584 3438 685 3477 nos
714 3421 964 3476 volumus
991 3418 1256 3474 electione
1283 3417 1586 3487 gignentes,
1615 3426 1668 3472 et
1705 3425 1798 3470 aut
1822 3431 2026 3472 marem
2054 3424 2146 3470 aut

584 3510 862 3573 feminam,
896 3508 1010 3562 vitii
1049 3522 1113 3561 ac
1139 3508 1356 3562 virtutis
1383 3506 1597 3560 ratione
1640 3505 1926 3576 fingentes.
1961 3504 2147 3575 Itaque

584 3600 712 3656 licet
751 3600 908 3654 nobis
940 3597 1204 3668 profecto,
1237 3611 1360 3652 cum
1399 3595 1686 3652 audiamus
1725 3603 1930 3666 quanta
1975 3595 2146 3650 hostis

587 3699 771 3744 noster
799 3688 1035 3743 afﬁcitur
1074 3687 1335 3743 maestitia
1373 3687 1688 3743 masculina
1719 3687 1910 3757 prolis,
1950 3686 2004 3740 id
2039 3694 2146 3750 est,

587 3783 786 3836 virtute
815 3779 1025 3850 prmditi
1051 3779 1154 3832 viri
1185 3777 1506 3854 nativitaqte:
1539 3777 1686 3854 licet,
1719 3777 1962 3847 inquam,
1991 3777 2148 3831 nobis

588 3887 768 3926 mares
799 3887 896 3927 nos
929 3873 1077 3940 ipsos
1107 3871 1328 3941 gignere
1354 3851 1418 3926 ac
1450 3851 1767 3940 parentibus
1800 3869 2024 3930 nostris,
2055 3883 2148 3923 co-

589 3961 944 4031 gitationibus
981 3961 1191 4016 scilicet
1230 3961 1389 4016 bonis
1435 3977 1556 4031 quae
1597 3961 1854 4016 virtutem
1908 3959 2142 4030 pariunt,

589 4052 922 4118 voluptatem
955 4050 1146 4104 afferre
1172 4067 1185 4103 :
1210 4049 1453 4118 jucunda
1480 4051 1624 4104 enim
1654 4061 1738 4105 est
1760 4051 2015 4120 cogitatio
2039 4049 2148 4104 vir-

589 4140 743 4194 tutis.
780 4137 911 4205 Quaa
935 4141 1186 4210 voluptas
1219 4138 1377 4195 facile
1403 4139 1554 4205 facit.
1583 4147 1641 4192 ut
1666 4140 1720 4192 in
1750 4139 1948 4193 virtute
1969 4153 2151 4209 perse-

593 4242 857 4290 veremus,
900 4235 960 4280 ut
1005 4237 1195 4282 contra
1234 4227 1548 4298 tyrannicas
1593 4228 1756 4282 etiam
1804 4227 1948 4296 leges
1988 4236 2151 4296 atque

593 4317 843 4372 instituta
874 4321 1143 4374 vivamus.
1185 4319 1240 4373 id
1271 4319 1437 4388 igitur
1468 4319 1750 4388 :cnigmate
1782 4317 2022 4371 historia:
2058 4331 2152 4372 ve-

593 4409 728 4462 ritas
771 4424 871 4464 nos
905 4410 1082 4471 docet,
1130 4416 1186 4461 nt
1215 4409 1361 4461 omni
1408 4407 1687 4477 diligentia
1733 4407 2050 4463 studeamus
2095 4407 2151 4462 in

593 4501 696 4554 hoc
721 4507 897 4568 partu,
922 4501 1012 4567 qui
1053 4501 1106 4553 in
1138 4500 1292 4554 nobis
1326 4507 1430 4567 est,
1482 4500 1554 4553 ita
1581 4500 1755 4565 nasci,
1787 4507 1844 4553 ut
1873 4499 2014 4554 hosti
2053 4514 2153 4552 no-

594 4599 710 4644 stro
744 4598 930 4658 partus
963 4599 1150 4645 noster
1185 4592 1444 4644 molestus
1484 4592 1590 4657 sit;
1638 4606 1796 4646 nemo
1833 4593 1975 4645 enim
2009 4590 2152 4644 hosti

597 4679 910 4732 maestitiam
951 4679 1126 4742 affert,
1165 4681 1270 4734 nisi
1321 4697 1383 4736 ea
1433 4683 1586 4752 signa
1629 4683 1900 4743 ostendat,
1954 4682 2151 4750 quibus
2187 4669 2190 4672 ’

595 4769 685 4823 ille
718 4770 916 4824 victum
956 4785 1014 4824 se
1053 4771 1226 4838 possit
1269 4786 1615 4842 cognoscere.
1659 4772 1752 4826 Est
1789 4781 1968 4825 autem
2007 4771 2154 4842 ejus-

596 4860 718 4915 dem
766 4861 1060 4915 voluntatis
1103 4861 1400 4930 mascnlam
1448 4863 1608 4915 edere
1651 4862 1879 4930 prolem,
1921 4876 1985 4915 ac
2032 4877 2152 4916 eam

598 4951 988 5005 convenienter
1018 4952 1251 5016 nutrire,
1283 4960 1336 5005 et
1371 4951 1646 5020 quomodo
1680 4951 1736 5004 in
1767 4952 1923 5020 aquis
1954 4951 2152 5004 salvari

599 5040 790 5110 possit,
823 5039 1124 5112 providere.
1157 5039 1291 5094 Nam
1315 5040 1407 5110 qui
1436 5039 1576 5093 hosti
1600 5047 1790 5108 partus
1823 5053 1952 5093 suos
1987 5039 2154 5092 inter-

601 5130 856 5186 ficiendos
892 5130 1228 5194 condonant,
1261 5131 1315 5186 hi
1346 5129 1522 5185 nudos
1552 5130 1689 5184 filios
1715 5129 1969 5185 fluctibus
1995 5145 2156 5200 expo-

598 5231 754 5276 nunt.
797 5220 1046 5275 Fluctum
1096 5232 1272 5276 autem
1305 5235 1570 5290 aquarum
1619 5221 1760 5274 banc
1800 5221 1968 5274 vitam
2007 5221 2152 5286 dico,

505 5335 512 5342 ’
598 5313 655 5368 in
686 5327 791 5382 qua
823 5311 1323 5382 perturbationibus
1355 5311 1581 5366 alternis
1619 5311 1775 5364 multi
1820 5311 2150 5364 obruuntur.

596 5403 664 5462 At
694 5418 820 5458 vero
843 5402 1200 5470 cogitationes
1229 5410 1393 5456 casta:
1417 5416 1481 5456 ac
1513 5400 1749 5471 providae
1765 5401 1940 5456 virilis
1967 5410 2156 5470 partus

601 5503 869 5563 parentes.
906 5492 950 5546 si
987 5491 1204 5561 quando
1235 5493 1356 5546 vitae
1399 5491 1723 5546 necessitate
1757 5489 1894 5544 bona
1932 5492 2157 5560 pignora

597 5593 865 5654 cogantur
897 5582 1154 5638 fluctibus
1197 5583 1320 5638 vita!
1356 5581 1519 5648 hujus
1565 5595 1860 5650 exponere,
1907 5581 1997 5635 illa
2040 5595 2159 5634 mu-

2182 5271 2231 5330 Ι)

2166 1105 2172 1114 ι
2209 1105 2230 1113 —

2165 1121 2232 1136 ..ο

2304 1242 2435 1295 Ὅτε
2460 1233 2913 1307 καταφθείρεσθαι
2946 1231 3008 1285 τὸ
3031 1231 3198 1302 άρῤεν
3226 1231 3256 1282 ό
3285 1225 3597 1300 τυραννικὸς
3626 1226 3806 1280 διεκε-

2240 1333 2423 1386 λεύετο
2453 1333 2612 1401 νόμος
2634 1344 2648 1358 ο
2686 1328 2807 1380 τότε
2841 1325 3092 1394 γεννᾶται
3121 1325 3149 1374 ό
3176 1322 3398 1391 Μωσῆς.
3432 1321 3553 1382 Πῶς
3583 1315 3676 1373 οὖν
3703 1321 3806 1390 τὴν

2241 1421 2562 1493 συντυχικὴν
2613 1419 2708 1472 τοῦ
2769 1417 2960 1486 ἀνδρὸς
3015 1414 3264 1483 γέννησιν
3316 1413 3380 1465 ὲκ
3438 1411 3807 1482 προαιρέσεως

2237 1517 2398 1586 ἡμεῖς
2451 1509 2824 1584 μιμησόμεθα;
2861 1507 2934 1560 υῦ
2990 1505 3099 1577 γὰρ
3146 1504 3334 1575 δήκαὶ
3380 1503 3537 1557 τοῦτο
3569 1503 3677 1554 τῶν
3717 1507 3806 1577 ἐφ’

2238 1613 2369 1682 ήμῖν
2402 1605 2534 1662 εἶναι
2599 1607 2812 1668 πάντως
2854 1605 2970 1674 ἐρεῖ
2996 1619 3108 1665 τις,
3141 1600 3282 1653 ὥστε
3311 1601 3648 1671 μιμήσασθαί
3685 1620 3810 1656 τινα

2239 1706 2305 1773 τῇ
2346 1701 2466 1755 καθ’
2494 1699 2684 1754 ἑαυτὸν
2711 1697 2958 1766 γεννήσει
3001 1695 3090 1747 τὸν
3128 1694 3410 1764 εὐδόκιμον
3441 1695 3620 1748 τόκον.
3666 1698 3809 1750 Ἀλλ’

2241 1793 2390 1847 οὐδὲν
2413 1790 2643 1862 χαλεπὸν
2667 1827 2682 1852 ,
2711 1790 2774 1842 ὲκ
2816 1785 2910 1840 τοῦ
2943 1785 3223 1848 δοκοῦντος
3254 1785 3674 1858 δυσχερεστέρου
3705 1789 3810 1856 τῆς

2245 1885 2526 1955 μιμήσεως
2553 1877 2820 1951 ἄρξασθαι
2844 1893 2858 1907 ⁸
2896 1876 2977 1939 τίς
3016 1875 3123 1946 γὰρ
3159 1876 3259 1928 οὐκ
3287 1870 3426 1928 οἶδεν
3445 1915 3459 1938 ,
3490 1877 3570 1930 ὅτι
3615 1881 3721 1930 πᾶν
3747 1878 3812 1930 τὸ

2241 1978 2298 2028 ὲν
2331 1973 2606 2028 ἀλλοιώσει
2638 1969 2884 2043 κείμενον
2909 2007 2923 2029 ,
2948 1966 3199 2020 οὐδέποτε
3227 1966 3355 2018 αὐτὸ
3378 1967 3462 2034 ἐφ’
3485 1966 3675 2019 ἑαυτοῦ
3711 1967 3813 2036 μέ-

2241 2081 2320 2116 νει
2343 2079 2356 2094 ·
2393 2061 2505 2115 ἀλλ’
2535 2061 2719 2129 ἓτερον
2752 2057 2811 2123 ἐξ
2834 2056 3018 2125 ἑτέρου
3052 2055 3276 2108 πάντοτε
3305 2053 3544 2121 γίνεται,
3580 2055 3713 2124 πρὸς
3749 2055 3814 2109 τὸ

2240 2156 2504 2224 κρεῖττον,
2546 2151 2578 2222 ἢ
2606 2149 2741 2220 πρὸς
2772 2148 2832 2201 τὸ
2857 2150 3034 2217 χεῖρον
3064 2148 3150 2200 ἀεὶ
3179 2147 3278 2216 τῆς
3309 2146 3642 2210 ἀλλοιώσεως
3663 2149 3814 2218 ἐνερ-

2240 2244 2544 2314 γουμένης;
2589 2241 2831 2294 Νοείσθω
2881 2240 2938 2292 δὲ
2981 2239 3104 2292 καθ’
3136 2237 3510 2292 ὑπόθεσιν.”Ἥ
3564 2239 3660 2308 μὲν
3698 2239 3814 2310 γὰρ

2240 2334 2398 2404 ὑλική
2429 2349 2489 2386 τε
2525 2333 2615 2385 καὶ
2657 2329 3040 2401 ὲμπαθεστέρα
3072 2328 3308 2392 διάθεσις
3330 2369 3344 2392 ,
3381 2327 3514 2399 πρὸς
3548 2327 3613 2398 ήν
3655 2329 3689 2398 ή
3716 2331 3812 2381 ἁν-

2241 2421 2484 2493 θρωπίνη
2531 2419 2691 2489 φύσις
2742 2417 3220 2471 κατολισθαίνουσα
3278 2416 3537 2485 φέρεται,
3578 2416 3640 2468 τὸ
3672 2417 3811 2485 θῆλυ

2239 2513 2338 2584 τῆς
2372 2511 2516 2582 ζωῆς
2541 2550 2555 2574 ,
2586 2509 2614 2562 ὃ
2649 2507 2726 2578 τῷ
2755 2507 2998 2578 τυράννῳ
3028 2505 3176 2574 φίλον
3205 2506 3321 2557 ἐστὶ
3345 2503 3808 2574 ζωογονούμενονσ

2239 2603 2300 2657 τὸ
2321 2603 2376 2656 δὲ
2399 2600 2764 2671 κατεσκληκός
2788 2616 2845 2652 τε
2877 2601 2972 2652 καὶ
3003 2598 3250 2651 σύντονον
3269 2597 3367 2666 τῆς
3401 2595 3602 2667 ἀρετῆς
3621 2635 3636 2659 ,
3666 2596 3694 2647 ό
3720 2596 3814 2648 άνο

2239 2691 2445 2764 δρώδης
2486 2692 2676 2755 τόκος,
2721 2692 2748 2743 ὁ
2787 2689 3042 2760 πολέμιος
3085 2689 3162 2760 τῷ
3199 2689 3442 2760 τυράννῳ
3465 2728 3480 2751 ,
3531 2689 3624 2741 καὶ
3670 2689 3813 2759 πρὸς

2240 2785 2604 2840 ἐπανάστασιν
2654 2783 2752 2854 τῆς
2781 2785 2954 2854 ἀρχῆς
2997 2780 3160 2835 αὐτοῦ
3196 2779 3450 2842 ὕποπτος.
3495 2782 3585 2833 Δεῖ
3621 2775 3714 2832 οὖν
3750 2779 3815 2833 τὸ

2241 2874 2618 2945 άλλοιούμενόν
2649 2891 2770 2938 που,
2807 2874 2892 2926 ἀεὶ
2922 2873 3139 2935 πάντως
3164 2870 3471 2940 γεννᾶσθαι.
3505 2869 3578 2924 Οὐ
3611 2869 3721 2942 γάρ
3743 2870 3817 2924 ἄν

2240 2981 2295 3016 τι
2315 2962 2423 3017 τῶν
2451 2963 2678 3017 πάντοτε
2707 2959 2964 3022 ὡσαύτως
2989 2961 3216 3030 ἐχόντων
3233 2998 3247 3024 ,
3282 2961 3339 3012 ὲν
3368 2962 3433 3031 τῇ
3469 2961 3673 3030 τρεπτῇ
3704 2957 3816 3027 φύ-

2244 3071 2328 3108 σει
2368 3052 2694 3125 θεωρηθείη.
2724 3053 2798 3106 Τὸ
2840 3051 2896 3106 δὲ
2925 3051 3066 3105 οὕτω
3097 3049 3386 3120 γεννᾶσθαι
3418 3051 3518 3104 οὐκ
3561 3051 3620 3118 ἐξ
3653 3051 3818 3106 ἁλλο-

2243 3145 2398 3217 τρίας
2427 3145 2573 3197 ἐστὶν
2610 3144 2785 3215 ὁρμῆς
2805 3187 2820 3208 ,
2850 3143 2971 3197 καθ’
3005 3143 3294 3214 ὁμοιότητα
3335 3141 3440 3196 τῶν
3484 3143 3817 3212 σωματικῶς

2244 3236 2304 3289 τὸ
2353 3235 2564 3306 συμϐὰν
2596 3233 3050 3302 άπογεννὼντων·
3102 3233 3215 3286 ἀλλ’
3260 3235 3324 3286 ὲκ
3362 3232 3733 3304 προαιρέσεως
3786 3233 3816 3283 ὁ

2243 3324 2482 3390 τοιοῦτος
2521 3324 2728 3393 γίνεται
2779 3324 2956 3387 τόκος.
3003 3323 3110 3376 Καί
3163 3326 3326 3394 ἐσμεν
3370 3323 3574 3376 ἑαυτῶν
3611 3323 3818 3394 τρόπον

2214 3482 2226 3492 ι
2245 3415 2364 3470 τινὰ
2384 3416 2617 3486 πατέρες
2636 3456 2650 3480 ,
2677 3417 2901 3478 ἑαυτοὺς
2930 3415 3071 3478 οἵους
3099 3414 3163 3468 ἂν
3190 3415 3478 3484 ἐθέλωμεν,
3515 3414 3816 3477 τίκτοντες,
3903 3416 3914 3426 ’

2247 3508 2341 3564 καὶ
2376 3507 2484 3562 άπὸ
2509 3507 2608 3578 τῆς
2651 3508 2784 3572 ἰδίας
2817 3506 3187 3578 προαιρέσεως
3218 3508 3296 3569 είς
3333 3507 3469 3577 ὅπερ
3507 3504 3567 3558 iv
3613 3505 3817 3558 ἐθέλω-

2251 3617 2350 3670 μεν
2379 3596 2548 3664 εῐδος,
2580 3599 2613 3670 ἦ
2641 3600 2806 3670 ἄρρεν
2835 3599 2868 3670 ἢ
2903 3597 3035 3666 θῆλυ
3053 3639 3068 3663 ,
3095 3597 3173 3667 τῷ
3191 3598 3288 3668 τῆς
3321 3597 3522 3668 άρετῆς
3546 3597 3578 3668 ἣ
3615 3597 3818 3660 κακίας

2247 3690 2390 3760 λόγῳ
2427 3689 2898 3760 διαπλασσόμενοι.
2941 3690 3050 3743 Καὶ
3079 3688 3252 3756 ἔξεστι
3281 3688 3374 3741 καὶ
3403 3689 3536 3757 ἡμῖν
3574 3687 3817 3750 πάντως,

2248 3780 2471 3842 ἄκοντος
2535 3779 2630 3832 τοῦ
2686 3780 2950 3850 τυράννου
3009 3779 3103 3832 καὶ
3161 3776 3496 3848 λυπουμένου
3521 3817 3538 3843 ,
3590 3776 3684 3829 ἐπὶ
3747 3779 3818 3847 τῇ

2248 3870 2566 3942 άστειοτέρᾳ
2597 3871 2846 3940 γεννήσει
2872 3869 3158 3940 παρελθεῖν
3187 3885 3247 3921 τε
3285 3869 3363 3932 είς
3395 3867 3539 3936 φῶς,
3577 3867 3670 3919 καὶ
3702 3869 3822 3928 τοῖς

2249 3962 2462 4034 γονεῦσι
2494 3962 2586 4016 τοῦ
2625 3963 2787 4018 καλοῦ
2823 3962 3011 4015 τούτου
3045 3963 3323 4031 κυήματος
3375 3959 3644 4032 (λογισμοὶ
3679 3957 3725 4010 δ’
3753 3955 3822 4009 ἂν

2249 4047 2358 4105 εἷεν
2392 4046 2536 4106 οὗτοι
2569 4053 2618 4104 oi
2652 4053 2750 4122 τῆς
2773 4050 2973 4122 ἀρετῆς
3001 4049 3272 4120 γινόμενοι
3301 4049 3567 4120 πατέρες)
3587 4045 3822 4116 ὀφθῆναι

2249 4158 2308 4194 τε
2354 4139 2473 4210 μεθ’
2512 4140 2705 4210 ήδονῆς
2726 4177 2743 4203 ,
2779 4140 2874 4193 καὶ
2908 4137 3334 4208 ζωογοηθῆναι·
3365 4137 3468 4190 κᾶν
3501 4135 3820 4188 ὑπεναντίον

2247 4226 2282 4301 ᾖ
2308 4230 2385 4300 τῷ
2409 4230 2503 4284 τοῦ
2533 4231 2792 4301 τυράννου
2821 4231 3144 4301 φρονήματι.
3177 4229 3382 4283 υὺκοῦν
3405 4269 3420 4295 ,
3448 4228 3522 4291 ὡς
3550 4227 3614 4280 ἄν
3641 4243 3725 4290 τις
3752 4228 3822 4280 ὲκ

2249 4322 2350 4392 τῆς
2383 4321 2620 4392 ἱστορίας
2648 4322 2746 4385 τὰς
2773 4320 3027 4394 ἀφορμὰς
3054 4321 3254 4383 λαϐὼν,
3282 4322 3373 4372 ἐπὶ
3401 4319 3460 4372 τὸ
3485 4319 3822 4390 γυμνάτερον

2250 4412 2598 4466 διακαλύπτοι
2643 4413 2703 4464 τὸ
2751 4411 2978 4484 αἴνιγμα
3005 4429 3020 4444 ο
3063 4411 3222 4464 τοῦτο
3273 4411 3509 4464 διδάσκει
3564 4411 3593 4462 ό
3639 4406 3816 4475 λόγος,

2253 4499 2424 4569 ἀρχὴν
2449 4499 2540 4552 τοῦ
2574 4499 2694 4551 κατ’
2728 4499 2927 4570 ἀρετὴν
2963 4500 3236 4553 ποιεῖσθαι
3271 4499 3419 4569 βίου,
3463 4499 3520 4552 τὸ
3550 4499 3642 4552 ἐπὶ
3671 4497 3820 4568 λύπῃ

2250 4589 2344 4642 τοῦ
2377 4589 2567 4660 ἐχθροῦ
2588 4589 2926 4660 γεννηθῆναι,
2957 4591 3016 4643 ὲν
3048 4589 3125 4660 τῷ
3148 4589 3370 4658 τοιούτῳ
3404 4588 3544 4659 φημὶ
3575 4587 3674 4657 τῆς
3695 4604 3819 4655 γενο

2253 4683 2458 4752 νήσεως
2484 4681 2643 4746 εῖδει,
2675 4677 2743 4753 ἦς
2775 4683 2808 4752 ή
2850 4683 3165 4753 προαίρεσις
3197 4683 3292 4752 τὴν
3323 4682 3484 4734 ὠδῖνα
3512 4680 3816 4750 μαιεύεται.

2253 4773 2327 4824 Ού
2353 4771 2460 4843 γὰρ
2490 4773 2554 4826 άν
2588 4790 2671 4836 τις
2701 4772 2960 4843 λυπήσειε
2985 4773 3075 4825 τὸν
3119 4773 3406 4825 ἀντίπαλον
3426 4811 3440 4833 ,
3485 4771 3558 4841 μὴ
3593 4770 3820 4822 τοιαῦτα

2236 4862 2462 4924 ’δεικνὺς
2490 4862 2572 4930 ἐφ’
2605 4864 2794 4916 ἑαυτοῦ
2819 4865 3200 4934 γνωρίσματα,
3239 4859 3326 4916 οἷα
3347 4865 3445 4932 τῆς
3470 4861 3817 4914 κατ’ὲκείνου

2254 4952 2408 5022 νίκης
2438 4955 2712 5025 τεκμήρια
2734 4954 2997 5022 γίνεσθαι.
3017 4957 3125 5025 Τῆς
3147 4956 3202 5007 δὲ
3238 4954 3406 5023 αὐτῆς
3453 4951 3822 5022 προαιρέσεως

2254 5042 2470 5105 πάντως
2502 5044 2653 5106 ἐστὶ,
2703 5044 2958 5113 γεννῆσαί
3002 5061 3062 5096 τε
3118 5045 3179 5097 τὸ
3230 5044 3470 5113 ἀνδρεῖον
3517 5039 3673 5091 τοῦτο
3725 5039 3822 5091 καὶ

2255 5131 2506 5202 ἐνάρετον
2535 5133 2798 5202 γέννημα·
2824 5135 2919 5188 καὶ
2943 5137 3060 5198 ταῖς
3082 5133 3447 5203 καθηκούσαις
3474 5131 3696 5200 τροφαῖς
3735 5145 3820 5181 τι-

2257 5219 2593 5290 θηνήσασθαι
2616 5237 2632 5253 ·
2669 5224 2761 5276 καὶ
2788 5226 2936 5287 ὅπως
2971 5225 3036 5277 ἂν
3080 5227 3144 5277 ὲκ
3182 5222 3276 5275 τοῦ
3317 5223 3504 5285 ὓδατος
3531 5219 3821 5289 διασωθείη

2255 5311 2481 5375 ἀπαθῶς
2510 5315 2928 5384 προνοήσασθαι.
2964 5317 3025 5368 Οἱ
3053 5316 3149 5384 μὲν
3182 5314 3287 5384 γάρ
3311 5313 3388 5383 τῷ
3422 5314 3667 5382 τυράννῳ
3695 5313 3824 5372 τοὺς

2255 5402 2448 5465 τόκους
2477 5403 2654 5456 αὐτῶν
2686 5405 3050 5475 χαριζόμενοι,
3088 5405 3269 5474 γυμνά
3298 5423 3355 5458 τε
3389 5403 3482 5458 καὶ
3511 5404 3828 5472 ἀπρονόητα

2257 5489 2336 5559 τῷ
2371 5491 2570 5562 ῥείθρῳ
2593 5493 2663 5545 τὰ
2691 5493 2854 5546 τέκνα
2884 5493 3193 5547 διαδιδόασι.
3240 5493 3479 5564 Ῥεῖθρον
3504 5493 3560 5544 δὲ
3579 5491 3672 5544 τοῦ
3705 5491 3829 5559 βίου

2261 5583 2425 5651 φημὶ,
2450 5582 2540 5636 τὸν
2563 5586 2672 5647 τοῖς
2699 5583 3016 5656 ἐπαλλήλοις
3040 5585 3235 5640 πάθεσι
3260 5582 3669 5654 κυματούμενον
3687 5597 3703 5614 ⁶
3734 5583 3829 5650 ὑφ
