4088 6210
321 216 413 270 329

1622 201 1705 255 DE
1747 199 1907 254 Vl'l'A
1948 199 2224 257 MOYSIS.

3420 204 3526 259 5'50

318 327 373 388 οὑ
409 331 463 384 τὸ
492 330 546 382 ἐν
594 327 666 397 τῷ
709 326 911 398 ῥείθρῳ
958 325 1272 397 γινόμενον,
1307 322 1632 395 ὑποϐρύχιον
1686 338 1851 375 κατα-

1974 321 2114 375 ιίιιηι
2140 321 2350 385 arcula,
2367 335 2436 376 ne
2466 321 2734 375 undarum
2755 320 2960 393 impetu
2975 323 3413 392 submerguntur.
3432 322 3527 380 Est

316 422 475 478 δύεταί
500 438 556 474 τε
587 420 676 472 καὶ
704 418 1122 487 καταπνίγεται.
1167 419 1231 470 Οί
1264 416 1321 468 δὲ
1361 414 1636 485 σώφρονές
1667 431 1727 466 τε
1759 414 1856 467 καὶ

317 510 625 583 προνοητικοὶ
652 508 924 579 λογισμοὶ,
938 510 986 560 οἱ
1011 508 1105 578 τῆς
1128 506 1379 577 ἀνδρείας
1408 505 1570 575 γονῆς
1601 503 1852 575 πατέρες,

312 606 423 657 ὅταν
449 601 698 669 κατάγειν
727 601 863 670 πρὸς
895 600 965 653 τὰ
996 599 1094 669 τῆς
1131 597 1274 667 ζωῆς
1309 595 1528 664 κύματα
1566 595 1625 648 τὸ
1652 593 1856 662 ἀγαθὸν

309 697 505 762 ἔκγονον
531 694 563 763 ἡ
591 691 684 745 τοῦ
727 691 844 762 βίου
876 690 1089 760 ἀνάγκη
1140 688 1393 759 βιάσηται
1418 728 1431 748 ,
1463 686 1680 756 κιϐωτῷ
1721 685 1857 757 πρὸς

311 784 360 837 τὸ
384 783 452 853 μὴ
483 781 732 850 γενέσθαι
783 780 966 851 βύθιον
1011 779 1102 832 τὸν
1145 777 1224 847 τῷ
1262 776 1462 849 ῥείθρῳ
1505 776 1724 830 δοθέντα
1754 793 1855 830 κα-

308 873 715 943 ττσφαλίςονται.
751 871 999 932 Κιὸωτδς
1032 871 1076 923 δ’
1110 869 1177 923 ἂν
1218 870 1303 941 εἴη
1344 870 1408 922 ὲκ
1436 868 1709 937 διαφόρων
1763 885 1858 920 σα-

307 963 441 1015 νίδων
472 962 886 1031 συμπεπηγυῖα,
917 962 951 1030 ἡ
980 962 1043 1012 ὲκ
1074 959 1335 1012 ποικίλων
1361 956 1698 1027 μαθημάτων
1728 974 1859 1028 συμ·

304 1053 604 1123 πηγνυμένη
632 1052 951 1116 παίδευσις,
996 1053 1029 1120 ἡ
1060 1050 1173 1105 ἄνω
1222 1049 1332 1103 τῶν
1379 1049 1635 1120 κυμάτων
1670 1048 1761 1102 τὸν
1789 1049 1856 1102 δι’

303 1144 449 1213 αὐτῆς
477 1142 875 1214 ἐπιφερόμενον
922 1140 1015 1193 τοῦ
1069 1140 1184 1211 βίου
1237 1140 1531 1209 ἀνέχουσαο
1572 1134 1639 1211 ἧς
1684 1139 1859 1210 ὑπαρ⁴

300 1234 480 1305 χούσης
498 1274 512 1296 ,
539 1234 663 1286 οὑδὲ
692 1234 783 1286 ἐπὶ
811 1233 946 1286 πολὺ
984 1231 1062 1302 τῷ
1093 1232 1240 1303 σάλῳ
1273 1231 1382 1283 τῶν
1413 1231 1617 1284 ὑδάτων
1646 1231 1856 1301 ἐμπλα-

300 1325 592 1396 νηθήσεται,
628 1328 749 1388 ταῖς
778 1325 886 1377 τῶν
918 1324 1174 1394 κυμάτων
1199 1325 1395 1392 ὁρμαῖς
1427 1324 1855 1393 συμφερόμενος⁹

298 1417 399 1470 ἀλλ’
436 1418 527 1470 ἐπὶ
553 1417 650 1470 τοῦ
697 1415 962 1487 σταθεροῦ
1000 1418 1098 1485 τῆς
1125 1414 1324 1485 ὄχθης,
1359 1414 1504 1467 τοῦτ’
1540 1414 1685 1467 ἔστιν
1707 1454 1721 1474 ,
1755 1414 1860 1480 ἔξω

297 1512 375 1561 τοῖ
406 1507 661 1578 βιωτικοῦ
699 1507 860 1561 σάλου
898 1507 1179 1574 γινόμενος
1203 1547 1217 1569 ,
1257 1505 1576 1574 αὐτομάτως
1618 1504 1721 1558 ὑπὸ
1762 1506 1859 1575 τῆς

300 1600 451 1669 φορᾶς
475 1599 580 1653 τῶν
614 1598 823 1652 ὑδάτων
876 1597 1010 1668 πρὸς
1040 1596 1101 1649 τὸ
1137 1595 1404 1666 σταθηρδν
1453 1596 1856 1665 ἀπωσθὴσεται.

1961 419 2143 464 autem
2177 410 2361 463 arcula
2399 410 2561 465 veluti
2591 410 2823 465 diversis
2849 428 2913 465 ex
2943 411 3219 466 asseribus
3245 424 3525 482 compacta

1961 500 2234 563 doctrina,
2278 509 2336 553 ut
2372 501 2627 566 arbitror,
2669 516 2732 555 ea
2781 516 2903 569 quae
2938 503 3121 557 multis
3158 513 3318 571 atque
3359 507 3528 559 variis

1961 609 2023 647 ex
2043 593 2348 661 disciplinis
2380 594 2433 646 in
2467 608 2632 646 unum
2665 594 2913 656 collecta,
2943 608 3106 662 super
3136 594 3332 651 ﬁuctus
3365 597 3527 666 hujus

1962 686 2086 739 vita:
2138 684 2330 748 fertur,
2379 700 2556 754 neque
2607 685 2853 753 immergi
2908 686 3130 752 patitur,
3181 687 3272 740 sed
3323 689 3524 756 impetu

1961 776 2251 845 exagitata,
2296 774 2510 831 tandem
2562 775 2627 828 ad
2668 775 2918 829 stabilem
2963 774 3134 844 ripam
3180 788 3331 829 extra
3365 777 3528 846 hujus

1963 868 2086 921 vitae
2144 867 2485 921 turbationes
2536 866 2777 919 animum
2821 866 3026 921 educit.
3072 866 3276 921 Natura
3311 870 3526 938 quidem

1963 959 2206 1029 ipsarum
2243 974 2421 1013 rerum
2468 959 2539 1012 ita
2572 958 2683 1012 ﬁeri
2715 958 3057 1014 crediderim.
3091 958 3350 1016 Videmus
3386 961 3529 1015 enim

1964 1050 2165 1119 reipsa,
2205 1049 2250 1103 si
2298 1048 2422 1119 quis
2457 1048 2662 1102 turbini
2697 1063 2763 1102 ac
2811 1050 3065 1118 procellis
3107 1050 3360 1105 humanae
3410 1052 3532 1106 vita:

1964 1140 2192 1203 resistit,
2239 1133 2349 1194 nec'
2370 1154 2431 1195 se
2468 1139 2626 1194 obrui
2674 1140 2897 1209 patitur,
2924 1156 3046 1195 eum
3078 1156 3108 1194 a
3142 1152 3398 1211 corrupta
3432 1142 3539 1195 lio:

1964 1233 2173 1286 minum
2210 1232 2470 1288 societate
2521 1246 2584 1285 ac
2618 1232 2749 1297 vita,
2787 1240 3046 1301 tanquam
3078 1248 3219 1287 onus
3251 1250 3413 1304 grave
3447 1249 3532 1288 rc-

1958 1324 2054 1394 jici
2085 1333 2248 1392 atque
2285 1321 2471 1392 repelli
2501 1338 2516 1375 :
2548 1337 2709 1391 quam
2741 1322 2833 1392 qui
2864 1322 3325 1394 eﬁ‘ugit,vagitum
3358 1325 3535 1379 imite—

1966 1421 2057 1467 tur
2085 1412 2304 1484 Moysis,
2354 1427 2454 1467 nec
2487 1413 2743 1484 lacrymis
2786 1425 2996 1484 parcat,
3030 1415 3155 1469 licet
3185 1416 3383 1469 arcula:
3413 1431 3533 1469 mu-

1967 1504 2209 1557 nimento
2237 1503 2308 1557 sit
2350 1511 2545 1557 tectus.
2590 1502 2852 1573 Lacryma
2891 1504 3034 1558 enim
3080 1504 3252 1559 ﬁdelis
3284 1507 3531 1574 quaadam

1966 1605 2152 1648 custos
2197 1608 2387 1647 eorum
2418 1601 2520 1658 est,
2555 1593 2649 1662 qui
2691 1608 2721 1646 a
2752 1594 2948 1648 virtute
2989 1596 3122 1648 salvi
3168 1594 3324 1649 ﬁunt.
3378 1594 3532 1660 Quod

304 1692 358 1743 Ὀ
384 1691 445 1760 δὴ
489 1690 585 1741 καὶ
634 1693 704 1760 τῇ
738 1688 903 1758 πείρα
938 1686 1277 1757 μανθάνομεν
1302 1704 1313 1715 ’
1363 1687 1443 1738 ὅτι
1491 1686 1585 1741 κα)⁸
1630 1687 1755 1749 τοὺς
1788 1686 1863 1756 μὴ

1974 1686 2007 1739 si
2053 1686 2197 1754 regis
2241 1684 2447 1738 sterilis
2497 1684 2629 1744 lilia,
2677 1684 2926 1738 doctrina
2974 1685 3227 1740 videlicet
3273 1687 3529 1746 exterior,

300 1781 901 1850 συνδιαϐαπτιζομένους
928 1778 1007 1831 ἔτι
1043 1780 1162 1840 ταῖς
1209 1778 1575 1847 ἀνθρωπίναις
1605 1779 1861 1843 ἀπάταις,

299 1874 458 1925 αὐτῶν
478 1872 587 1924 τῶν
620 1870 966 1942 πραγμάτιον
996 1870 1027 1939 ἡ
1051 1868 1280 1930 ἄστατός
1307 1885 1365 1920 τε
1387 1867 1482 1921 καὶ
1510 1867 1862 1938 πεφορημένη

300 1965 491 2036 κίνησις
520 1966 615 2031 ἀφ’
647 1965 850 2033 ἑαυτῆς
883 1961 1218 2021 ἀπωθεῖται,
1253 1959 1441 2031 ὥσπερ
1474 1977 1526 2012 τι
1565 1959 1730 2028 βάρος
1762 1960 1866 2031 μά·-

297 2074 458 2113 ταιον.
494 2058 621 2122 τοὺς
648 2056 742 2111 διὰ
766 2055 869 2124 τῆς
893 2050 1089 2121 ἀρετῆς
1129 2048 1476 2120 ἐνοχλοῦντας
1522 2049 1862 2119 λογιζομένη.

308 2145 358 2195 '0
403 2143 457 2195 δὲ
489 2144 597 2195 τῶν
651 2140 912 2193 τοιούτων
944 2140 1047 2203 ἔξω
1092 2139 1381 2209 γενόμενος
1408 2180 1422 2203 ,
1461 2138 1732 2210 μιμείσθω
1775 2140 1866 2192 τὸν

300 2236 502 2294 Μωσέα,
526 2235 624 2288 καὶ
655 2234 736 2303 μὴ
766 2230 1028 2301 φειδέσθω
1052 2231 1159 2283 τῶν
1186 2230 1457 2301 δακρύων,
1483 2230 1585 2284 κᾶν
1612 2233 1670 2283 ὲν
1698 2229 1867 2283 κιόω-

300 2326 365 2395 τῷ
397 2325 915 2396 κατησιραλισμένος
945 2326 1099 2396 τύχῃ.
1145 2326 1404 2395 Ἀκριδὴς
1433 2326 1539 2394 γὰρ
1561 2326 1736 2396 φύλαξ
1761 2326 1868 2381 τῶν

298 2417 354 2469 δι’
378 2419 574 2488 ἀρετῆς
604 2417 957 2487 σωζομένων,
981 2417 1041 2470 τὸ
1064 2416 1315 2486 δάκρυον.
1340 2418 1404 2469 Ei
1435 2416 1492 2469 δὲ
1527 2418 1558 2485 ἡ
1591 2418 1781 2486 ἄγονός
1808 2435 1866 2470 τε

300 2511 381 2560 καὶ
426 2513 619 2581 στεῖρα
659 2509 927 2580 βασιλέως
969 2505 1102 2561 οὖσα
1139 2508 1381 2578 θυγάτηρ
1433 2508 1540 2578 (ἦν
1584 2504 1736 2577 οἶμαι
1769 2509 1867 2578 τὴν

298 2600 476 2663 ἔξωθεν
527 2601 747 2673 κυρίως
779 2600 1011 2654 νοεῖσθαι
1057 2599 1373 2667 φιλοσοφίαν
1394 2597 1866 2670 ),ὑπο6αλλομένη

299 2692 376 2743 τδν
399 2692 512 2745 νέον
532 2734 548 2753 ,
588 2694 784 2763 μήτηρ
816 2690 910 2744 τοῦ
959 2690 1198 2744 τοιούτου
1234 2689 1497 2760 κληθῆναι
1524 2689 1865 2743 κατασκευά-

300 2797 449 2834 σειεν⁸
476 2782 584 2844 ἕως
616 2782 745 2834 τότε
780 2782 1050 2850 συγχωρεῖ
1074 2780 1102 2830 6
1127 2771 1283 2847 λόγος
1310 2777 1385 2848 μὴ
1409 2778 1740 2831 ἀπωθεῖσθαι
1772 2778 1868 2849 τὴν

1960 1792 2081 1847 quae
2123 1791 2339 1847 semper
2392 1776 2647 1845 parturit,
2690 1785 2743 1830 et
2786 1790 3066 1845 nunquam
3126 1778 3305 1830 vivum
3352 1776 3532 1831 educit

1963 1876 2199 1939 partum,
2236 1881 2358 1936 quae
2384 1850 2591 1920 nullum
2623 1881 2859 1936 unquam
2897 1867 3061 1921 tantis
3089 1868 3365 1923 laboribus
3398 1883 3531 1922 con-

1964 1959 2187 2028 dignunt
2220 1957 2456 2011 fructum
2483 1957 2757 2027 produxit.
2784 1974 2904 2028 qua:
2933 1969 3142 2013 uterum
3175 1958 3343 2023 inﬂat,
3375 1961 3531 2029 quasi

1965 2051 2185 2119 aliquod
2215 2051 2395 2103 vivum
2430 2050 2724 2119 prolatura,
2752 2060 2805 2104 et
2835 2050 3051 2105 tandem
3098 2051 3416 2121 imperfecta
3448 2061 3533 2104 at-

1965 2156 2071 2209 que
2100 2141 2334 2202 inutilia,
2393 2142 2708 2211 priusquam
2738 2141 2807 2194 ad
2851 2142 3028 2196 lucem
3076 2142 3400 2211 cognitionis
3442 2141 3534 2197 Dei

1966 2232 2303 2302 perveniant,
2341 2231 2536 2284 abortu
2566 2231 2698 2296 edit,
2729 2230 2782 2285 in
2826 2232 2994 2284 tilium
3038 2231 3213 2302 ipsum
3246 2233 3537 2301 adoptave-

1965 2322 2059 2385 rit,
2094 2337 2338 2392 eousque
2371 2337 2428 2376 se
2469 2321 2617 2376 falsae
2660 2323 2850 2376 matris
2881 2323 3048 2376 ﬁlium
3090 2324 3172 2376 vir
3199 2322 3373 2377 bonus
3413 2337 3538 2392 pro-

1970 2415 2248 2477 ﬁtebitur,
2301 2430 2587 2485 quousque
2656 2416 3024 2485 itnperfectior
3076 2426 3239 2486 atque
3299 2419 3579 2472 tenerior.

1975 2517 2107 2563 aetas
2132 2509 2224 2562 sit.
2266 2507 2368 2572 Qui
2403 2522 2531 2561 vero
2562 2506 2628 2560 ad
2659 2509 2916 2576 majorem
2954 2510 3064 2579 jam
3109 2519 3318 2564 aetatem
3348 2524 3538 2579 perve-

1977 2599 2140 2662 nerit,
2178 2607 2237 2652 ut
2264 2599 2332 2652 de
2368 2597 2551 2669 Moyse
2580 2600 2966 2676 intelleximus,
3009 2616 3131 2655 eum
3163 2601 3385 2671 pudebit
3420 2600 3539 2668 ejus

1978 2705 2036 2743 se
2063 2688 2202 2744 falso
2229 2688 2399 2742 ﬁlium
2425 2690 2706 2758 appellari,
2741 2706 2862 2759 quae
2884 2692 3205 2745 naturaliter
3227 2693 3428 2746 sterilis
3458 2700 3542 2745 at-

1976 2794 2082 2848 que
2117 2779 2294 2833 inanis
2327 2786 2430 2844 est,
2466 2778 2570 2833 nisi
2602 2780 2817 2833 tandem
2847 2794 2972 2833 vera
2999 2779 3246 2835 foveatur
3271 2781 3538 2836 doctrina.

297 2874 380 2942 τῆς
406 2874 773 2945 ψευδωνύμου
811 2874 1014 2943 μητρὸς
1041 2873 1364 2942 οἰκειότητα,
1412 2873 1516 2936 ἓως
1547 2873 1611 2926 ἄν
1639 2890 1722 2935 τις
1760 2874 1821 2925 τὸ
1849 2872 2036 2936 ἀτελὲς
2064 2873 2164 2943 τῆς
2189 2873 2407 2944 ἡλικίας
2435 2875 2493 2927 ὲν
2514 2874 2691 2944 ἐαυτῷ
2722 2873 2912 2946 βλέπῃ.
2954 2874 3011 2928 '0
3043 2876 3099 2929 δὲ
3125 2877 3256 2947 πρὸς
3289 2875 3420 2944 ὕψος
3440 2875 3540 2946 ἤδη

295 2968 636 3039 ἀναδραμὼν,
671 2966 751 3027 ὡς
780 2967 906 3035 περὶ
934 2964 1026 3017 τοῦ
1058 2964 1301 3027 Μωσέως
1323 2962 1621 3034 ἐμάθομεν,
1649 2963 1909 3033 αἰσχύνην
1940 2965 2203 3036 ἡγήσεται
2246 2965 2345 3034 τῆς
2386 2964 2528 3018 κατὰ
2576 2964 2736 3033 φύσιν
2774 2964 2968 3033 άγόνου
3004 2969 3131 3029 παῖς
3164 2967 3537 3034 ὀνομάζεσθαι.

298 3060 505 3129 Ἀγονος
542 3058 662 3127 γὰρ
697 3057 775 3119 ὡς
816 3054 1026 3124 άληθῶς
1051 3055 1083 3123 ή
1109 3051 1306 3119 ἔξωθεν
1354 3052 1635 3116 παίδευσις
1658 3095 1670 3117 ,
1699 3054 1786 3107 ἀεὶ
1817 3054 2099 3117 ὠδίνουσα,
2138 3055 2234 3107 κα)⁸
2276 3054 2542 3125 μηδέποτε
2582 3053 2919 3121 ζωογονοῦσα
2952 3055 3029 3125 τῷ
3070 3056 3229 3129 τόκῳ.
3268 3060 3398 3113 Τίνα
3437 3061 3543 3131 γὰρ

290 3152 440 3217 ἔδειξε
475 3149 702 3222 καρπὸν
746 3146 853 3198 τῶν
890 3144 1113 3215 μακρῶν
1145 3143 1347 3195 ὠδίνων
1382 3144 1415 3211 ἡ
1451 3141 1765 3211 φιλοσοφία,
1820 3142 1930 3195 τῶν
1978 3142 2248 3196 τοσούτων
2290 3160 2346 3196 τε
2398 3144 2490 3196 καὶ
2527 3142 2780 3196 τοιούτων
2817 3143 2965 3210 ἄξιον
3010 3146 3185 3199 πόνων
3212 3168 3226 3214 ;
3257 3149 3317 3201 οὑ
3347 3152 3547 3209 πάντες

292 3245 573 3317 ὑπηνέμιοί
622 3261 684 3297 τε
726 3244 820 3295 καὶ
869 3239 1308 3310 άτελεσφόρητοι,
1361 3240 1488 3308 πρὶν
1529 3239 1607 3300 είς
1646 3238 1707 3290 τὸ
1750 3237 1865 3305 φῶς
1899 3237 2072 3291 ἐλθεῖν
2110 3241 2209 3308 τῆς
2240 3238 2568 3307 θεογνωσίας
2593 3279 2608 3301 ,
2644 3238 3070 3309 ἀμϐλίσκονταις
3101 3242 3380 3316 δυνάμενοι
3419 3249 3547 3312 ἴσως

290 3342 528 3411 γενέσθαι
570 3339 861 3408 ἄνθρωποι
884 3376 898 3397 ,
926 3337 973 3411 εί
1005 3335 1079 3406 μὴ
1109 3334 1281 3388 διόλου
1311 3336 1421 3397 τοῖς
1445 3334 1665 3396 κόλποις
1692 3334 1788 3403 τῆς
1817 3334 2009 3401 άγόνου
2040 3334 2232 3403 σοφίας
2270 3335 2716 3389 ὲνεκαλύπτοντο.

342 3432 549 3485 Οὑκοῦν
587 3429 850 3482 τοσοῦτόν
875 3445 957 3490 τις
976 3431 1043 3498 τῇ
1065 3425 1492 3493 τῶνΑίγυπτ-ίων
1514 3423 1742 3494 βασιλίδι
1775 3442 1870 3477 συ-

2046 3424 2227 3491 Quare
2284 3435 2493 3481 tantmn
2552 3427 2931 3498 .IEgyptiorum
2994 3431 3255 3487 assidebit
3312 3437 3545 3504 reginte,

291 3520 451 3592 ζήσας
474 3563 490 3583 ,
519 3523 653 3574 ὅσον
702 3519 777 3589 μὴ
810 3518 987 3570 δοκεῖν
1024 3517 1250 3586 ἄμοιρος
1276 3511 1414 3568 εἶναι
1443 3514 1552 3567 τῶν
1577 3516 1707 3585 παρ’
1737 3514 1878 3565 ὲκεί-

288 3632 392 3677 νοις
420 3611 675 3683 σεμνῶν,
711 3608 1092 3681 άναδραμείτω
1132 3608 1264 3678 πρδς
1298 3607 1394 3677 τὴν
1426 3605 1564 3660 κατὰ
1591 3606 1751 3674 φύσιν
1783 3622 1880 3675 μη-

291 3704 413 3775 τέρα
435 3745 451 3765 ,
478 3700 550 3774 ἧς
579 3702 710 3755 οὐδὲ
746 3700 894 3771 παρὰ
929 3703 993 3771 τῇ
1030 3699 1260 3770 βασιλίδι
1292 3700 1621 3769 τρεφόμενος
1655 3696 1880 3765 ἀπεσχί-

292 3796 417 3865 σθη,
457 3795 539 3866 τῷ
580 3791 835 3864 μητρώῳ
874 3791 1144 3859 γάλακτι,
1177 3788 1357 3850 καθὼς
1396 3790 1429 3857 ή
1468 3786 1673 3857 ἱστορία
1723 3786 1878 3856 φησι,

290 3887 705 3957 τιθηνούμενος.
734 3884 912 3953 Ὅπερ
963 3899 1051 3951 μοι
1082 3881 1227 3934 δοκεῖ
1256 3879 1527 3932 διδάσκειν
1552 3916 1567 3935 ,
1599 3876 1664 3928 ἶν’
1692 3878 1740 3928 εἱ
1768 3877 1880 3937 τοῖς

286 3977 480 4041 ιξωθεν
511 3977 710 4045 λόγοις
745 3973 1168 4043 καθομιλοίημεν
1198 3973 1259 4023 ἐν
1292 3970 1368 4039 τῷ
1418 3967 1593 4039 καιρῷ
1621 3970 1720 4037 τῆς
1753 3984 1880 4019 παι-

285 4068 515 4131 δεύσεως
534 4109 551 4131 ,
587 4068 670 4139 μὴ
706 4063 1033 4137 χωρίζεσθαι
1060 4063 1152 4115 τοῦ
1182 4061 1579 4132 ὑποστρέφοντος
1608 4059 1755 4128 ἡμᾶς
1784 4059 1881 4128 τῆς

293 4159 636 4230 Ἕκκλησίας
670 4155 963 4224 γάλακτος.
998 4152 1169 4205 Τοῦτο
1213 4151 1271 4203 δ’
1315 4149 1381 4204 ἂν
1412 4149 1496 4220 εἴη
1527 4190 1540 4212 ,
1577 4150 1645 4201 τὰ
1673 4148 1881 4219 νόμιμά

286 4266 339 4300 τε
368 4252 465 4304 και,
494 4251 570 4303 τά
600 4247 714 4319 ηθη
746 4249 846 4315 τῆς
896 4242 1249 4314 Ἐκκλησία,
1280 4238 1360 4303 οἷς
1388 4242 1645 4310 τρέφεται
1674 4244 1707 4305 ἢ
1737 4240 1881 4309 ψυχὴ

284 4345 372 4395 καὶ
398 4343 732 4415 ἁδρύνεται,
771 4336 1017 4391 ἐντεῦθεν
1043 4336 1139 4404 τῆς
1172 4335 1248 4397 εἰς
1274 4333 1405 4401 ὕψος
1441 4331 1750 4402 ἀναδρομῆς
1781 4331 1883 4392 τὰς

285 4435 540 4504 ἀφορμὰς
590 4430 886 4500 δεχομένη.
931 4425 1161 4495 ’Δληθὴς
1187 4424 1242 4477 δὲ
1276 4423 1303 4474 6
1334 4423 1521 4491 λόγος,
1552 4423 1632 4474 ὅτι
1666 4421 1758 4474 δύο
1786 4438 1882 4473 πο-

286 4525 485 4594 λεμίων
520 4524 703 4594 μέσος
729 4521 1036 4589 γενήσεται,
1070 4516 1098 4567 6
1129 4515 1265 4585 πρὸς
1298 4514 1366 4565 τά
1391 4512 1588 4576 ἔξωθεν
1612 4512 1877 4581 δόγματα,

286 4615 375 4664 καὶ
404 4614 486 4681 μὴ
525 4613 604 4663 τὰ
638 4611 864 4678 πάτρια,
902 4606 1133 4676 βλέπων.
1179 4602 1519 4655 ’Λνθίσταται
1546 4601 1653 4672 γάρ
1680 4604 1708 4654 6
1742 4601 1881 4654 κατὰ

284 4699 378 4771 τὴν
402 4700 729 4772 Θρησκείαν
762 4694 1054 4763 ἀλλόφυλος
1081 4693 1160 4761 τῷ
1191 4690 1422 4759 Ἑϐραίῳ
1450 4690 1590 4758 λόγῳ
1612 4731 1625 4746 .
1669 4689 1883 4759 ἰσχυρά.

1979 3525 2243 3585 quantum
2289 3533 2427 3589 opus
2459 3519 2563 3573 erit
2610 3520 2676 3574 ad
2712 3521 2853 3577 hanc
2900 3521 3211 3577 inferiorem
3243 3525 3545 3581 doctrinam

1980 3609 2404 3678 percipiendam,
2438 3626 2505 3664 ne
2535 3612 2758 3666 omnino
2790 3629 2983 3682 expers
3017 3614 3374 3672 humanorum
3406 3637 3547 3689 prae-

1979 3706 2261 3766 ceptorum
2301 3714 2426 3753 esse
2468 3700 2749 3766 videatur;
2788 3703 2983 3758 deinde
3013 3705 3077 3757 ad
3122 3708 3393 3775 prepriam
3428 3726 3547 3764 ma-

1981 3796 2116 3840 trem
2154 3797 2299 3844 totus
2344 3799 2608 3853 recurret,
2651 3810 2812 3864 quam
2849 3796 2929 3848 vel
2964 3798 3181 3866 quando
3226 3800 3427 3855 sterilis
3461 3818 3549 3857 re-

1978 3879 2115 3947 ginae
2158 3878 2302 3934 ﬁlius
2351 3881 2663 3949 putabatur,
2699 3900 2807 3938 non
2858 3887 3080 3940 omnino
3133 3890 3444 3959 reliquerat.
3495 3893 3549 3945 Ιιι

1981 3969 2126 4022 enim
2173 3970 2305 4023 mihi
2339 3971 2554 4026 videtur
2595 3974 2824 4028 historia
2867 3977 3026 4032 nobis
3063 3978 3389 4049 signiﬁcare,
3424 3998 3547 4036 cum

1983 4060 2181 4114 asserit
2213 4064 2405 4117 matris
2436 4067 2671 4133 propria:
2716 4067 2854 4120 lacte
2885 4066 3101 4139 Moysen
3131 4071 3269 4139 apud
3305 4074 3544 4141 reginam

1984 4151 2155 4205 luisse
2189 4157 2476 4219 nutritum,
2530 4166 2782 4225 oportere
2808 4172 2930 4218 nos,
2965 4176 3086 4212 rum
3118 4161 3464 4229 profanorum
3492 4164 3551 4216 li-

1985 4241 2112 4295 bros
2141 4252 2382 4312 tempore
2408 4244 2767 4300 institutionis
2792 4256 2989 4301 nostrae
3016 4266 3314 4315 versamus,
3348 4267 3376 4305 a
3412 4254 3552 4308 laete

1986 4334 2216 4389 nutricis
2251 4343 2451 4389 nostra:
2485 4336 2736 4392 Ecclesiae
2767 4339 2986 4394 minime
3013 4342 3275 4408 separari,
3309 4342 3410 4398 hoc
3443 4353 3548 4407 est,

1987 4420 2260 4481 instituta.
2304 4439 2484 4478 mores
2520 4436 2572 4479 et
2601 4429 3026 4486 consoctudines
3056 4429 3328 4490 Ecclesiae.
3349 4436 3549 4503 quibus

1986 4511 2151 4563 alitur
2184 4512 2399 4564 animus
2427 4521 2477 4565 et
2495 4517 2903 4579 corroboratur,
2924 4516 3155 4587 indeque
3184 4521 3345 4575 altius
3370 4538 3552 4577 ascen-

1984 4600 2143 4655 dendi
2185 4609 2364 4670 captat
2405 4605 2770 4671 occasionem,
2817 4607 3126 4678 perdiscere
3166 4621 3329 4682 atque
3366 4614 3553 4669 obser-

1986 4705 2134 4745 vare.
2178 4690 2386 4747 Inimici
2437 4693 2546 4748 duo
2589 4696 2728 4751 inter
2779 4714 2838 4753 se
2870 4701 3249 4767 eolluctantes,
3297 4703 3554 4763 Hebraeus

282 4755 722 4859 τέροςφινῆναι
750 4786 843 4839 τοῦ
880 4755 1211 4855 ’ίσραηλίτου
1244 4755 1571 4847 φίλονεικῶν⁷
1620 4755 1870 4832 Καὶνπολ-

1987 4789 2151 4851 atque
2185 4781 2492 4853 Egyptius,
2534 4788 2677 4840 inter
2699 4805 2836 4857 quos
2877 4793 3088 4847 medius
3118 4755 3552 4867 factuswhlovs‘e‘s:

286 4879 396 4944 λοῖς
438 4898 507 4949 γε
536 4880 660 4932 τῶν
688 4873 1145 4943 ὲπιπολαιοτέρων
1170 4870 1409 4931 τοιοῦτος
1440 4868 1614 4934 ἔδοξεν
1637 4910 1651 4932 ,
1687 4869 1735 4921 οἳ
1780 4887 1879 4922 κα-

286 4971 625 5031 ταλιπόντες
661 4968 759 5039 τὴν
790 4963 1050 5036 πατρῴαν
1080 4962 1261 5015 πίστιν
1281 5001 1297 5025 ,
1328 4958 1404 5029 τῷ
1433 4958 1610 5030 ἐχθρῷ
1648 4960 1881 5029 συνεμά-

286 5075 485 5129 χησαν,
531 5058 856 5128 παραῦάται
884 5056 982 5125 τῆς
1012 5052 1242 5123 πατρίου
1277 5050 1623 5112 διδασκαλίας
1656 5051 1881 5118 γενόμε-

301 5169 387 5202 nt.
406 5151 472 5203 Ὀ
503 5149 702 5219 μέντοι
723 5146 863 5199 κατὰ
880 5144 971 5196 τὸν
1005 5141 1211 5196 Μωσέα
1239 5140 1408 5210 μέγας
1434 5156 1491 5191 τε
1521 5139 1614 5191 καὶ
1643 5140 1886 5207 γενναῖος

294 5240 388 5311 τὴν
416 5239 643 5307 ιιωχὴν,
665 5235 851 5303 νεκρὸν
883 5232 1229 5286 ἀποδείκνυσι
1255 5232 1320 5301 τῇ
1352 5232 1479 5301 παρ’
1512 5227 1677 5283 αὑτοῦ
1703 5229 1884 5300 πληγῇ

293 5329 381 5380 ’ὢν
410 5327 492 5395 τῷ
522 5326 682 5393 λόγῳ
708 5326 804 5393 τῆς
848 5321 1125 5382 εὐσεϐείας
1164 5320 1629 5394 ἀντεγειρόμενον.
1662 5320 1771 5372 Καὶ
1798 5321 1889 5373 ἀλ-

298 5419 402 5479 ὶεθς
436 5416 678 5472 δ’ἇντις
706 5413 854 5484 εὖροι
896 5412 995 5482 τὴν
1021 5411 1269 5482 τοιαύτην
1291 5416 1347 5471 ἐν
1376 5417 1508 5491 ήμῖν
1532 5411 1734 5484 μάχην.
1770 5413 1887 5466 Μέ-

308 5525 392 5569 σος
422 5510 539 5575 γὰρ
566 5504 602 5555 6
640 5505 911 5574 ἄνθρωπος
949 5497 1059 5555 οἶόν
1088 5519 1140 5554 τι
1174 5502 1394 5572 ἔπαθλον
1422 5509 1641 5582 ἀγῶνος
1680 5508 1792 5568 τοῖς
1825 5508 1889 5559 ὲκ

308 5600 395 5653 τοῦ
426 5599 687 5653 ἐναντίου
736 5593 1204 5665 μεταποιουμένοις
1244 5613 1528 5689 πρόκειται
1553 5619 1567 5633 .
1612 5600 1706 5653 καὶ
1737 5591 1888 5668 ᾧπερ

596 5692 639 5750 Ρ
655 5707 863 5748 nunc.
908 5690 1021 5745 (in.
1052 5687 1238 5763 Χιλγ,

1988 4889 2113 4927 cum
2146 4889 2243 4929 eos
2289 4876 2586 4933 conciliare
2633 4894 2742 4933 non
2779 4884 3066 4950 potuisset,
3116 4884 3429 4957 [Egyptitlln
3466 4891 3553 4944 in-

1991 4964 2204 5020 terfecit
2234 4984 2247 5017 :
2275 4966 2446 5034 pietas
2478 4980 2606 5023 sunt
2644 4980 2808 5038 atque
2835 4974 3105 5043 impietas.
3130 4975 3367 5033 Primam
3405 4979 3556 5035 Scri-

1992 5060 2164 5123 pturze
2208 5069 2382 5124 sacra:
2416 5072 2513 5125 per
2552 5055 2835 5115 llebrznum
2877 5063 3193 5133 signiﬁcata:
3223 5068 3554 5138 instituunt;

1984 5146 2211 5201 alteram
2245 5149 2525 5204 saecularis
2563 5165 2627 5204 ac
2670 5155 2909 5206 exterior
2952 5155 3200 5210 doctrina
3242 5162 3401 5230 nugis
3441 5175 3556 5216 sms

1987 5233 2248 5302 insinuat,
2297 5255 2417 5307 qua:
2451 5240 2676 5296 Judaica
2719 5244 2993 5299 robustior
3027 5263 3287 5317 apparere
3332 5262 3556 5305 conten-

1986 5326 2082 5381 dit.
2116 5327 2180 5382 Et
2205 5346 2335 5385 vero
2358 5334 2544 5387 multis
2580 5334 2873 5389 levioribus
2898 5337 3209 5395 hominibus
3245 5343 3363 5395 talis
3407 5344 3554 5394 vidi-—

1988 5427 2100 5479 tur.
2153 5422 2247 5490 qui
2298 5430 2515 5492 patrum
2554 5423 2656 5479 ﬁde
2705 5427 2947 5497 neglecta
2989 5429 3224 5484 hostium
3277 5447 3334 5482 se
3384 5434 3555 5499 copiis

1994 5514 2354 5569 auxiliaribus
2399 5516 2790 5583 adiunxerunt,
2836 5524 2999 5587 atque
3044 5536 3073 5572 a
3108 5521 3371 5587 majorum
3424 5537 3555 5576 suo-

1998 5617 2116 5654 rum
2152 5603 2401 5657 doctrina
2442 5604 2755 5660 defecerunt
2790 5623 2801 5654 :
2841 5607 2935 5659 sed
2966 5607 3056 5675 qui
3091 5623 3285 5675 magno
3318 5618 3370 5661 ct
3400 5626 3564 5680 gene-

3132 5696 3191 5755 fl
