4088 6210
512 264 610 321 331

1738 261 1793 315 S.
1824 258 2148 317 GREGORII
2191 259 2477 315 NYSSENI

3641 268 3749 322 55"!

516 392 645 432 roso
682 383 766 431 est
797 374 999 438 animo,
1043 382 1204 445 atque
1229 374 1448 447 Moysen
1486 375 1751 438 imitatur,
1790 376 1932 429 illam
1970 392 2080 429 uno

2194 378 2248 429 iv
2299 376 2597 448 προστεθῇ,
2649 375 2833 429 τοῦτον
2880 377 3101 447 νικητὴν
3156 374 3249 431 τοῦ
3296 378 3535 432 ἐναντίου
3585 384 3751 441 ποιεῖ,

516 467 626 519 ictu
666 465 1020 520 reluctantem
1062 464 1278 528 occidit,
1328 479 1428 520 nec
1465 466 1727 520 adversus
1780 466 2077 535 piissimam

519 554 677 610 [idem
711 555 994 624 insurgere
1019 556 1192 625 ipsam
1220 557 1443 625 patitur,
1477 570 1787 625 quanquam
1814 556 1981 610 etiam
2010 556 2081 608 la-

517 645 627 701 tius
666 645 718 700 id
763 647 1011 717 accipere
1037 661 1138 717 pro
1179 647 1329 701 omni
1374 648 1574 700 virtute
1613 662 1677 699 ac
1722 647 1851 699 vitio
1904 647 2078 715 possi-

516 750 664 792 mus.
695 740 787 793 Est
827 736 974 790 enim
1004 737 1158 805 quasi
1190 737 1403 792 medius
1437 738 1579 791 inter
1601 737 1869 805 justitiam
1903 751 1966 790 ac
1999 738 2081 788 in-

454 890 458 897 .
512 824 807 893 justitiam,
850 826 1118 880 luxuriam
1148 834 1311 896 atque
1340 827 1680 890 modestiam,
1722 826 2077 881 humilitatem

450 904 458 934 ’
520 920 682 983 atque
708 914 1040 981 superbiam,
1078 925 1379 983 cazleraquc
1407 916 1743 985 hujusmodi,
1774 916 2081 985 propositus

519 1003 701 1058 homo.
737 1003 899 1059 Docet
926 1005 1093 1075 igitur
1124 1021 1224 1060 nos
1259 1007 1509 1076 exemplo
1539 1022 1638 1061 suo
1678 1005 1910 1074 Moyses,
1941 1005 2082 1058 radi-

522 1096 662 1150 citus
701 1096 935 1151 tollenda
976 1111 1096 1150 esse
1125 1097 1273 1160 vitia,
1313 1112 1431 1166 qua:
1465 1098 1647 1152 virtuti
1678 1097 2036 1151 adversantur
2067 1139 2079 1148 .

491 1188 775 1243 .virtutem
811 1195 991 1243 autem
1033 1196 1292 1259 tanquam
1324 1196 1531 1242 naturae
1566 1193 1765 1242 nostra:
1795 1195 2082 1243 consenta-

522 1293 677 1334 neam
705 1279 1135 1348 amplectendam
1179 1295 1301 1335 esse
1330 1288 1492 1349 atque
1535 1278 1838 1333 fovendam.
1878 1276 2082 1331 Revera

518 1370 667 1426 enim
707 1369 925 1440 pietatis
952 1369 1179 1425 victoria
1207 1380 1439 1426 mortem
1467 1380 1519 1425 et
1543 1372 1820 1425 interitqu
1852 1369 2083 1424 idolola-

523 1459 642 1514 trite
673 1473 859 1514 secum
895 1460 1081 1513 trahit.
1120 1458 1209 1513 Sic
1240 1468 1292 1513 et
1326 1460 1593 1529 iniustitia
1630 1475 1724 1528 per
1749 1460 2015 1528 justitiam
2055 1472 2085 1511 e

522 1551 702 1606 medio
737 1550 968 1615 tollitur,
996 1558 1050 1605 et
1082 1566 1175 1620 per
1204 1552 1527 1607 modestiam
1579 1552 1750 1605 fastus
1795 1551 2082 1604 occiditur.

524 1640 658 1695 llixa
689 1653 817 1694 vero
841 1653 963 1708 qua:
1001 1638 1141 1693 inter
1170 1638 1388 1695 Iudaeos
1429 1640 1496 1693 ΐιιι
1518 1646 1570 1692 ta
1628 1639 1803 1694 sedari
1841 1656 1869 1690 a
1906 1638 2086 1709 Moyse

2182 464 2292 522 οἷον
2322 468 2731 538 είδωλολατρεία
2761 469 2853 521 καὶ
2887 468 3160 522 θεοσέϐεια
3185 506 3199 532 ,
3230 470 3491 524 ἀκολασία
3529 473 3623 524 καλ⁵
3651 489 3755 526 σω-

2186 559 2422 629 φροσύνη
2444 600 2457 622 ,
2486 557 2796 628 δικαιοσύνη
2834 559 2927 611 καὶ
2961 559 3143 612 ἀδικία
3166 599 3181 623 ,
3212 559 3378 628 τύφος
3403 562 3498 614 καὶ
3538 563 3757 633 μετριό-

2183 668 2280 719 της
2304 691 2317 712 ,
2352 652 2442 704 καὶ⁵
2480 649 2653 703 πάντα
2680 650 2745 701 τά
2773 649 2830 716 ἐξ
2850 650 3129 704 ἀντιθέτου
3152 652 3437 721 νοούμενα,
3456 654 3754 722 Αἰγυπτίου

2182 742 2325 803 τινὸς
2359 742 2615 812 ἄντικρύς
2660 744 2775 795 ἐστι
2824 741 2960 812 πρὸς
3001 742 3279 812 Ἑϐραῖον·
3303 744 3470 812 μάχη.
3502 744 3756 798 Παιδεύει

2180 834 2360 887 τοίνυν
2394 835 2541 903 ἡμᾶς
2583 836 2611 887 ὁ
2640 836 2843 903 Μωσῆς
2871 833 2949 902 τῷ
2987 832 3108 887 καθ’
3154 833 3341 888 ἑαυτὸν
3375 835 3754 904 ὑποδείγματι,

2185 923 2533 976 συνίστασθαι
2570 925 2665 994 μὲν
2694 925 2769 987 ὡς
2796 924 3052 994 ὁμοφύλῳ
3080 927 3144 995 τῇ
3181 925 3385 995 ἀρετῇ,
3419 925 3661 995 ἀναιρεῖν
3698 927 3757 980 δὲ

2183 1016 2272 1067 τὸν
2300 1017 2361 1068 ἐκ
2382 1014 2473 1069 τοῦ
2506 1016 2746 1067 ἐναντίου
2771 1017 2835 1085 τῇ
2866 1010 3032 1086 ἀρετῇ
3074 1014 3489 1084 ὲπεμόαίνοντα.
3522 1016 3611 1086 Τῷ
3643 1015 3758 1068 ὄντι

2185 1106 2289 1178 γὰρ
2316 1109 2348 1175 ὴ
2376 1110 2473 1175 τῆς
2503 1106 2783 1168 εὐσεϐείας
2824 1105 3182 1176 ἐπικράτησις
3207 1145 3220 1167 ,
3266 1105 3493 1168 Θάνατος
3523 1108 3614 1169 καὶ
3650 1108 3764 1160 δια-

2186 1199 2361 1269 φθορά
2388 1202 2486 1268 τῆς
2510 1197 2945 1268 είδωλολατρείας
2974 1196 3199 1265 γίνεται.
3236 1196 3392 1250 Οὕτω
3416 1198 3509 1251 καὶ
3537 1199 3626 1251 διά
3658 1202 3762 1271 τῆς

2182 1290 2524 1361 δικαιοσύνης
2550 1290 2851 1360 ἀναιρεῖται
2885 1288 3094 1342 ἀδικία*
3140 1288 3234 1342 καὶ
3267 1291 3330 1359 τῇ
3369 1289 3683 1361 μετριότητι
3733 1295 3763 1344 ὁ

2184 1383 2348 1449 τύφος
2378 1380 2822 1450 καταφονεύεται.
2856 1378 3018 1432 Ἀλλά
3046 1380 3139 1433 καὶ
3171 1380 3333 1450 ἡτῶν
3365 1381 3643 1449 ἐμφυλίων
3671 1383 3763 1434 καί

2186 1474 2322 1545 πρὸς
2349 1473 2606 1543 ἀλλήλους
2647 1472 2835 1535 στάσις
2862 1512 2875 1536 ,
2913 1471 3006 1524 καὶ
3040 1473 3096 1524 ἐν
3132 1474 3262 1541 ἡμῖν
3290 1472 3513 1539 γίνεται.
3548 1474 3622 1525 υύ
3653 1472 3763 1541 γὰρ

2187 1566 2252 1618 ἂν
2281 1566 2336 1617 αἱ
2384 1563 2491 1616 τῶν
2539 1562 2790 1633 πονηρῶν
2842 1563 3105 1633 αἱρέσεων
3136 1562 3545 1632 δογματοποιῒαι
3579 1563 3765 1635 χώραν

2189 1653 2380 1723 ἔσχον,
2417 1653 2493 1723 μὴ
2533 1656 2609 1715 εἰς
2652 1652 2946 1706 ἀντίπαλον
2993 1649 3144 1715 τάξιν
3189 1652 3297 1703 τῶν
3343 1653 3618 1723 λογισμῶν
3649 1658 3767 1717 τοῖς

523 1746 631 1786 non
662 1732 860 1802 potuit,
910 1738 1220 1785 nostrorum
1262 1738 1392 1786 sunt
1427 1732 1492 1785 de
1525 1732 1869 1802 dogmatibus
1899 1731 2085 1785 Eccle-

2194 1744 2569 1815 ἀληθεστέρως
2607 1744 3041 1796 άντιϐαινόντων.
3083 1743 3209 1796 Ἐὰν
3248 1741 3342 1798 οῦν
3388 1746 3767 1817 ἀσθενέστεροι

523 1825 617 1881 sire
648 1823 1080 1879 colluctationes.
1118 1821 1235 1877 Non
1264 1823 1405 1877 enim
1442 1824 1624 1893 pravis
1670 1824 1953 1887 haeresium
1988 1824 2088 1877 do-

523 1916 797 1986 gmatibus
830 1914 983 1969 locus
1027 1922 1194 1989 esset,
1241 1914 1345 1970 nisi
1390 1915 1533 1970 inter
1568 1931 1663 1970 eos
1697 1917 1789 1985 qui
1823 1915 2087 1970 veriorem

522 2007 837 2078 religionem
886 2004 1231 2076 proﬁtentur,
1291 2005 1577 2074 opiniones
1623 2006 1767 2059 inter
1822 2021 1881 2059 se
1940 2005 2091 2057 velut

525 2099 641 2155 acie
664 2100 921 2168 utrinque
948 2104 1154 2153 structa
1188 2097 1600 2151 contenderent.
1633 2096 1689 2149 Si
1722 2098 1887 2167 igitur
1923 2096 2087 2150 imbe-

524 2192 764 2247 cilliores
793 2189 1078 2252 fuerimus,
1111 2203 1271 2257 quam
1324 2195 1383 2241 ut
1417 2187 1700 2256 justiorem
1739 2202 1960 2242 causam
2008 2188 2089 2240 vi—

524 2282 745 2340 ctricem
783 2280 1014 2336 reddere
1044 2278 1341 2350 possimus,
1369 2278 1511 2347 quod
1540 2279 1775 2333 deterior
1803 2293 2090 2349 argumen-

528 2379 600 2431 tis
634 2373 887 2444 superior
932 2372 1024 2433 sit,
1073 2377 1127 2424 et
1178 2370 1427 2425 veritatis
1467 2370 1753 2439 imperium
1803 2370 2087 2433 detrectet,

527 2465 840 2535 fugiendum
887 2461 1138 2533 protinus
1196 2459 1263 2514 ad
1299 2460 1678 2515 sublimiorem
1724 2467 2092 2517 sacramenta-

464 2538 476 2549 ’
529 2558 744 2625 lemque
777 2553 1105 2617 doctrinam,
1135 2568 1199 2609 ac
1225 2554 1541 2624 alienigenae
1566 2568 1778 2617 rursus,
1819 2553 1863 2609 si
1893 2568 1982 2608 res
2019 2555 2092 2606 ita

530 2647 695 2716 cogit,
730 2645 784 2700 id
811 2652 916 2710 est,
944 2646 1191 2700 saeculari
1218 2644 1502 2707 doctrinae,
1549 2658 1841 2715 parumper
1873 2644 2092 2699 cohabi-

529 2739 774 2802 tandum,
805 2745 865 2792 ut
913 2751 1109 2806 pravos
1157 2729 1407 2806 pastores
1437 2751 1465 2789 a
1505 2735 1686 2805 puteis
1729 2736 2090 2805 expellamus,

528 2836 777 2884 versutos
808 2823 1058 2879 videlicet
1099 2824 1199 2879 hos
1239 2823 1615 2894 malignosque
1662 2823 1925 2879 doctrinm
1970 2839 2095 2894 pro-

532 2919 789 2981 fessores,
816 2916 906 2987 qui
939 2931 1120 2972 rerum
1153 2916 1381 2971 scientia
1409 2916 1474 2969 ad
1507 2915 1903 2986 ignorationem
1939 2916 2097 2971 Crea-

2189 1831 2338 1907 ὦμεν
2362 1877 2374 1900 ,
2415 1835 2553 1888 ὥστε
2582 1836 2646 1888 δι’
2679 1835 2887 1888 ἑαυτῶν
2911 1834 3093 1888 δοῦναι
3119 1835 3196 1906 τῷ
3235 1836 3429 1907 δικαίῳ
3454 1837 3515 1889 τὸ
3543 1838 3764 1907 κράτος,

2192 1926 2611 1999 ύπερισχύοντος
2644 1928 2732 1980 διὰ
2769 1926 2876 1980 τῶν
2908 1928 3350 1999 ἐπιχειρημάτων
3377 1927 3468 1981 τοῦ
3500 1929 3765 1999 χείρονος,

2192 2021 2284 2072 καὶ
2308 2020 2402 2090 τὴν
2429 2020 2602 2090 ἀρχὴν
2633 2022 2729 2088 τῆς
2755 2018 3007 2088 ἀληθείας
3047 2019 3434 2090 άπωθουμένου
3454 2036 3469 2050 ·
3503 2019 3769 2088 φευκτέον

2194 2109 2439 2163 ἐντεῦθεν
2468 2110 2543 2172 ὡς
2587 2110 2819 2179 τάχιστα
2839 2152 2851 2173 ,
2884 2111 3004 2164 καθ’
3028 2110 3319 2180 ὁμοιότητα
3359 2110 3453 2162 τοῦ
3491 2110 3768 2181 ἱστορικοῦ

2195 2201 2617 2270 ὑπσδείγματος,
2647 2203 2783 2272 πρὸς
2819 2201 3037 2271 μείζονά
3070 2219 3125 2254 τε
3160 2196 3252 2255 καὶ
3296 2201 3630 2271 ὑψηλοτέραν
3657 2201 3768 2253 τῶν

2197 2294 2512 2363 μυστηρίων
2542 2293 2909 2347 διδασκαλίαν.
2956 2294 3075 2346 Κάν
3119 2293 3400 2364 ἀλλοφύλῳ
3431 2294 3590 2346 πάλιν
3633 2310 3768 2361 συγο

2193 2380 2444 2448 γενέσθαι
2467 2380 2561 2451 δέῃ
2589 2423 2600 2438 ,
2633 2380 2775 2434 τοῦτ’
2809 2381 2921 2435 ἔστι
2951 2422 2963 2441 ,
2992 2382 3094 2435 κᾶν
3139 2386 3203 2453 τῇ
3260 2383 3362 2448 ἔξω
3411 2383 3769 2451 συγγενέσθαι

2194 2471 2481 2542 φιλοσοφίᾳ
2510 2473 2948 2547 καταναγκάζῃὴ
2986 2473 3139 2544 χρεία
3158 2490 3172 2504 ο
3204 2475 3471 2528 καὶτοῦτο
3493 2475 3767 2545 ἑλώμεθα,

2194 2563 2318 2624 τοὺς
2355 2565 2621 2632 πονηροὺς
2655 2564 2918 2632 ποιμένας
2968 2566 3067 2635 τῆς
3122 2564 3307 2617 ἀδίκου
3363 2564 3468 2617 τῶν
3515 2565 3768 2636 φρεάτων

2193 2655 2437 2723 χρήσεως
2467 2654 2963 2717 ἀποσκεδάσαντες·
2985 2655 3120 2726 ὅπερ
3153 2656 3268 2709 ἐστὶ
3296 2657 3422 2718 τοὺς
3451 2656 3560 2709 τῶν
3580 2656 3767 2709 κακῶν

2192 2743 2546 2807 διδασκάλους
2572 2745 2663 2796 ἐπὶ
2708 2746 2773 2815 τῇ
2812 2747 3021 2816 πονηρᾷ
3052 2747 3245 2818 χρήσει
3281 2749 3381 2817 τῆς
3432 2746 3768 2810 παιδεύσεως

2195 2834 2564 2902 διελέγξαντες
2589 2877 2602 2898 ,
2631 2834 2802 2895 οὕτως
2836 2836 2919 2903 ἐφ’
2966 2838 3190 2901 ἑαυτοὺς
3222 2837 3494 2908 ίδιάσομεν
3521 2877 3535 2901 ,
3581 2837 3769 2891 οὐκέτι

2200 2926 2524 2995 μαχομένοις
2553 2928 2659 2978 τισὶ
2692 2925 3128 2998 συμπλεκόμενοί
3166 2945 3223 2981 τε
3251 2929 3344 2982 καὶ
3372 2929 3769 2997 μεσιτεύοντες,

531 3011 668 3065 toris
698 3008 999 3062 abutuntur
1034 3024 1048 3059 :
1080 3006 1280 3077 quibus
1327 3008 1562 3077 repulsis
1591 3006 1671 3062 sic
1720 3007 1987 3074 vivemus,
2036 3016 2089 3061 ut

2197 3016 2306 3067 ἀλλ’
2348 3017 2404 3067 ὲν
2427 3016 2782 3086 ὁμοφρονοῦσί
2817 3035 2876 3070 τε
2910 3020 3004 3071 καὶ
3034 3018 3471 3089 ὁμογνωμονοῦσι
3502 3008 3614 3082 τοῖς
3636 3019 3769 3091 παρ’

532 3096 905 3169 pugnantibus
938 3110 1049 3150 non
1078 3095 1425 3161 misceamur,
1462 3110 1563 3150 nec
1594 3095 1975 3164 perturbemur
2004 3110 2089 3149 re-

2197 3106 2352 3176 ὴμῶν
2400 3106 2840 3179 βουκολουμένοις
2893 3109 3195 3181 συζήσομεν
3220 3149 3236 3173 ,
3284 3110 3499 3164 πάντων
3549 3096 3657 3163 τῶν
3707 3113 3771 3165 ὲν

532 3186 829 3242 luctatione
861 3184 1150 3237 multorum
1179 3200 1192 3234 :
1224 3180 1318 3235 sed
1354 3188 1534 3236 motus
1558 3180 1723 3235 animi
1754 3194 1944 3234 omnes
1977 3189 2093 3232 tan-

532 3293 694 3349 quam
731 3290 861 3331 oves
896 3273 1124 3343 pastori,
1170 3273 1249 3327 sic
1294 3272 1487 3326 rationi
1528 3272 1963 3340 obtemperantes
1995 3286 2094 3339 gu-

531 3367 911 3430 bernabimus,
942 3378 1049 3435 qua
1083 3363 1299 3433 quidem
1331 3364 1386 3417 in
1430 3378 1620 3418 norma
1651 3362 1867 3417 vivendi
1906 3376 2092 3431 perse-

530 3459 879 3521 verantibus,
917 3455 1153 3511 mirabili
1200 3470 1301 3511 suo
1348 3455 1547 3509 veritas
1596 3453 1886 3524 splendore
1939 3454 2095 3508 nobis

533 3550 834 3622 apparebit,
863 3548 1138 3618 animique
1162 3547 1351 3602 oculos
1379 3545 1690 3616 subaperiet
1709 3552 1871 3614 atque
1892 3544 2095 3599 illumi-

532 3643 701 3697 nabit.
745 3640 886 3696 Deus
918 3648 1097 3695 autem
1130 3647 1214 3695 est
1244 3638 1462 3701 veritas,
1496 3653 1617 3708 quae
1655 3645 1784 3693 tunc
1825 3654 1919 3710 per
1952 3638 2093 3693 inef-

533 3732 750 3790 fabilem
804 3730 1259 3786 illuminationem
1320 3730 1466 3783 illam
1522 3730 1690 3800 Moysi
1748 3730 2094 3787 manifestata

531 3832 635 3881 εει.

601 3914 756 3981 Quod
791 3914 835 3967 si
870 3911 1151 3984 spinosum
1179 3912 1341 3966 etiam
1378 3912 1583 3970 rubum
1613 3913 1791 3967 lumen
1830 3914 2091 3981 incendit,

535 4021 644 4076 quo
681 4005 956 4076 prophetae
986 4005 1202 4059 animus
1246 4004 1571 4069 illustratur,
1608 4020 1674 4059 ne
1727 4006 1830 4058 hoc
1878 4006 2094 4074 quidem

536 4098 602 4152 ad
638 4096 990 4167 quaestionem
1022 4094 1335 4149 solvendam
1362 4105 1445 4150 est
1474 4095 1681 4148 inutile.
1712 4094 1842 4148 Nam
1876 4096 1920 4149 si
1957 4095 2097 4150 Deus

533 4189 749 4258 quidem
794 4196 876 4242 est
917 4187 1137 4250 veritas,
1200 4187 1287 4239 lux
1340 4193 1516 4240 autem
1563 4186 1762 4240 veritas
1800 4195 1883 4240 est
1924 4205 1935 4239 :
1987 4187 2100 4240 hzt'c

535 4281 649 4351 ipsa
684 4294 844 4349 porro
894 4278 1146 4334 sublimia
1183 4260 1475 4347 divinaque
1506 4278 1729 4330 nomina
1767 4277 1873 4332 Deo
1916 4280 2005 4346 qui
2044 4278 2096 4331 in

532 4388 698 4427 carne
727 4372 885 4427 nobis
915 4371 1165 4441 apparuit
1210 4371 1521 4434 convenire,
1556 4385 1718 4425 voces
1764 4369 2099 4440 Evangelica:

2199 3197 2329 3264 ἡμῖν
2356 3195 2456 3264 τῆς
2478 3196 2654 3267 ψυχῆς
2678 3197 3015 3268 κινημάτων,
3046 3198 3330 3269 προϐάτων
3352 3199 3528 3269 δίκην,
3548 3198 3627 3269 τῷ
3651 3199 3768 3269 βου-

2200 3288 2401 3357 λήματι
2423 3287 2515 3340 τοῦ
2552 3286 2966 3351 ἐπιστατοῦντος
2996 3288 3153 3356 λόγου
3184 3289 3636 3360 ποιμαινομένων.
3658 3291 3770 3343 Καὶ

2200 3378 2342 3430 οὕτω
2376 3376 2825 3449 προσεδρεύουσιν
2869 3379 3000 3447 ημῖν
3040 3382 3106 3450 τῇ
3155 3381 3402 3451 εἰρηνικῇ
3452 3378 3623 3453 ταύτῃ
3670 3381 3770 3432 καὶ

2201 3464 2457 3535 ἀπολέμῳ
2486 3465 2726 3535 διαγωγῇ
2749 3504 2763 3528 ,
2798 3467 3094 3536 ὲπιλάμψει
3132 3468 3253 3521 τότε
3284 3470 3318 3538 ἡ
3351 3468 3608 3540 ἀλήθεια,
3648 3471 3769 3532 ταῖς

2203 3557 2358 3621 ἰδίαις
2387 3562 2776 3630 μαρμαρυγαῖς
2815 3560 2912 3622 τὰς
2940 3562 3040 3630 τῆς
3076 3559 3252 3631 ψυχῆς
3287 3559 3437 3629 δψεις
3471 3561 3768 3631 περιαυγά-

2202 3649 2387 3712 ζουσα.
2410 3648 2540 3712 Θεὸς
2562 3649 2617 3702 δέ
2641 3651 2785 3704 ἐστιν
2813 3653 2844 3720 ἡ
2872 3650 3118 3721 ἀλήθεια,
3153 3654 3186 3723 ἡ
3216 3653 3607 3722 ὲμφανισθεῑσα
3646 3655 3771 3706 τότε

2203 3741 2292 3794 διὰ
2322 3742 2416 3810 τῆς
2446 3742 2687 3812 ἀρρήτου
2731 3742 2945 3812 ἐκείνης
2976 3744 3334 3813 φωταγωγίας
3367 3744 3447 3814 τῷ
3487 3746 3683 3817 Μωσῇ.

2270 3921 2332 3972 El
2361 3920 2416 3972 δὲ
2445 3920 2538 3973 καὶ
2567 3920 2772 3990 θάμνου
2803 3922 2944 3984 τινὸς
2972 3921 3312 3985 ἀκανθώδους
3340 3922 3399 3974 τὸ
3422 3921 3621 3991 φέγγος
3647 3921 3770 3988 ἐξάο

2202 4026 2410 4073 πτεται,
2431 4002 2476 4076 ᾧ
2503 4011 2536 4080 ἡ
2561 4009 2705 4081 ψυχὴ
2730 4011 2822 4063 τοῦ
2853 4012 3130 4080 προφήτου
3160 4011 3590 4078 καταφωτίζεται
3610 4029 3625 4043 ·
3648 4012 3771 4066 οὑδὲ

2200 4101 2357 4153 τοῦτο
2390 4102 2676 4164 ἀσυντελὲς
2705 4102 2834 4172 ἡμῖν
2864 4101 3015 4153 ἔσται
3057 4102 3191 4172 πρὸς
3224 4102 3283 4155 τὸ
3324 4100 3673 4173 ζητούμενον.
3706 4104 3772 4156 Ei

2202 4193 2309 4262 γὰρ
2342 4192 2472 4256 Θεὸς
2512 4192 2608 4261 μὲν
2656 4194 2688 4260 ἡ
2723 4191 2976 4265 ἀλήθεια,
3008 4195 3041 4263 ἠ
3086 4193 3142 4246 δὲ
3193 4193 3417 4262 ἀλήθεια
3466 4194 3580 4260 φῶς
3610 4196 3771 4247 ἐστι·

2202 4282 2374 4335 ταῦτα
2401 4283 2455 4335 δὲ
2480 4282 2547 4335 τά
2580 4281 2755 4351 ὑψηλά
2778 4298 2838 4335 τε
2874 4282 2968 4335 καὶ
3000 4281 3120 4335 θεῖα
3145 4282 3252 4335 τῶν
3284 4282 3578 4351 ὀνομάτων,
3610 4283 3707 4335 καὶ⁸
3736 4281 3769 4349 ὴ

2204 4373 2296 4426 τοῦ
2327 4373 2655 4441 Εὐαγγελίου
2688 4372 2836 4444 φωνὴ
2882 4374 3298 4443 προσμαρτυρεί
3336 4370 3412 4441 τῷ
3443 4370 3531 4424 διὰ
3567 4372 3775 4442 σαρκὸς

535 4471 885 4525 attestantur,
919 4464 1307 4517 convenienter
1353 4463 1465 4515 hare
1508 4462 1808 4516 secundum
1841 4462 2089 4517 virtutem

2204 4467 2334 4535 ἡμῖν
2375 4463 2590 4532 ὀφθέντι
2630 4462 2784 4532 Θεῷ’
2825 4461 3132 4526 ἀκολούθως
3175 4464 3208 4531 ἡ
3257 4461 3476 4531 τοιαύτη
3509 4463 3606 4531 τῆς
3635 4463 3774 4531 άρε-

533 4553 748 4607 viveudi
791 4552 927 4606 ratio
965 4552 1030 4606 ad
1070 4554 1209 4608 lucis
1238 4553 1382 4607 illius
1422 4552 1788 4619 cognitionem
1827 4566 1928 4606 nos
1969 4567 2097 4621 pro-

531 4643 700 4704 vehit,
737 4656 856 4711 quae
885 4641 952 4696 ad
989 4643 1279 4697 humanam
1302 4658 1475 4712 usque
1495 4650 1745 4696 naturam
1779 4640 2094 4707 descendit;

533 4748 654 4803 quae
680 4733 898 4802 quidem
931 4747 1041 4786 non
1074 4733 1139 4787 de
1169 4735 1308 4786 coelo
1340 4733 1626 4795 illucescit,
1660 4748 1728 4787 ne
1749 4748 1781 4787 a
1809 4734 1983 4789 stellis
2008 4734 2095 4788 de-

532 4824 675 4879 ﬂuxa
708 4824 799 4878 lux
833 4823 1119 4878 videatur:
1163 4823 1256 4878 sed
1286 4824 1356 4877 ab
1391 4823 1545 4889 rubo,
1583 4824 1809 4894 ipsoque
1845 4824 2089 4894 spinoso,

532 4917 601 4971 ab
634 4915 969 4970 humanitate
1004 4915 1251 4969 videlicet
1274 4913 1571 4971 Salvatoris
1594 4915 1877 4987 ell‘ulgens,
1904 4918 1970 4970 ad
1999 4932 2094 4971 co-

532 5007 830 5078 gnitionem
862 5006 946 5061 sui
984 5022 1077 5075 per
1108 5006 1478 5077 Evangelicam
1513 5023 1612 5062 nos
1635 5007 1820 5061 tubam
1853 5015 2092 5061 revocat.

535 5098 670 5153 Hinc
702 5099 866 5154 etiam
897 5101 1212 5167 mysterium
1251 5097 1381 5151 illud
1411 5095 1645 5170 Virginis
1683 5098 1970 5179 ﬁguratum
2006 5113 2095 5151 es-

2206 4558 2302 4623 τῆς
2348 4554 2538 4624 ἀγωγὴ
2584 4553 2848 4624 προσάγει
2888 4556 3034 4624 ἡμᾶς
3086 4556 3151 4624 τῇ
3197 4552 3393 4620 γνώσει
3446 4552 3537 4605 τοῦ
3590 4553 3774 4623 φωτὸς

2204 4646 2432 4708 ἐκείνου,
2457 4645 2486 4698 ὃ
2521 4645 2679 4717 μέχρι
2728 4648 2829 4715 τῆς
2860 4646 3203 4716 ἀνθρωπίνης
3247 4645 3454 4698 κάτεισι
3504 4645 3723 4712 φύσεως
3758 4664 3771 4678 ο

2201 4736 2299 4788 οὐκ
2328 4737 2434 4789 ἀπό
2471 4753 2615 4798 τινος
2656 4735 2766 4788 τῶν
2812 4738 2939 4806 περὶ
2978 4736 3044 4788 τὰ
3089 4735 3261 4805 ἄστρα
3289 4736 3589 4806 φωστήρων
3631 4734 3778 4805 λαμ-

2203 4830 2434 4901 πόμενον
2458 4869 2472 4891 ,
2513 4830 2588 4892 ὡς
2617 4829 2682 4883 ἂν
2729 4829 2803 4900 μὴ
2836 4833 2933 4901 τῆς
2985 4828 3345 4900 ὑποκειμένης
3388 4828 3520 4899 ὕλης
3548 4830 3581 4897 ἠ
3624 4817 3777 4900 αὐγὴ

2203 4920 2482 4992 νομισθείη
2504 4959 2517 4980 ,
2549 4919 2660 4973 ἀλλ’
2700 4921 2807 4974 ἀπὸ
2834 4922 3028 4991 γηῖνης
3057 4919 3260 4990 θάμνου
3299 4922 3425 4984 τοὺς
3453 4920 3572 4973 κατ’
3602 4920 3779 4990 ούρα-

2204 5012 2294 5064 νὸν
2317 5013 2605 5082 φωστῆρας
2630 5014 2750 5075 ταῖς
2772 5013 2980 5064 ἀκτῖσιν
3001 5012 3487 5083 ὑπερϐαλλόμενον.
3511 5013 3588 5064 Δι’
3608 5005 3670 5063 οὗ
3691 5011 3781 5064 δι-

2202 5101 2509 5171 δασκόμεθα
2541 5102 2635 5155 καὶ
2659 5102 2720 5153 τὸ
2746 5101 2887 5155 κατά
2918 5101 3015 5172 τὴν
3038 5101 3310 5172 Παρθένον
3334 5102 3651 5172 μυστήριον,
3672 5101 3778 5169 ἀφ’

530 5206 609 5256 se,
658 5191 780 5261 quis
819 5206 930 5245 non
968 5190 1202 5245 viderit?
1248 5190 1328 5243 Ab
1376 5205 1439 5245 ea
1479 5204 1711 5260 namque
1759 5189 1976 5245 deitatis
2008 5189 2089 5243 lux

2196 5187 2262 5263 ἧς
2299 5193 2359 5245 τὸ
2395 5193 2492 5261 τῆς
2530 5192 2784 5262 θεότητος
2823 5192 2937 5261 φῶς
2976 5193 3291 5262 ὲπιλάμψαν
3335 5192 3412 5262 τῷ
3438 5190 3786 5263 ἀνθρωπίνῳ

478 5326 481 5327 ν
528 5288 810 5350 assumpta
852 5295 1014 5336 carne
1068 5280 1243 5334 illuxit
1289 5279 1637 5344 hominibus,
1682 5294 1910 5348 eamque
1951 5281 2089 5334 omni

2198 5282 2296 5352 βίῳ
2341 5283 2425 5335 διά
2472 5286 2806 5352 γεννήσεως,
2863 5283 3188 5355 ἀδιάφθορον
3237 5283 3468 5354 ἐφύλαξε
3504 5282 3601 5354 τὴν
3647 5280 3787 5348 ἑξά-

531 5373 692 5427 modo
730 5374 1101 5442 incorruptam
1150 5372 1408 5435 servavit,
1453 5372 1784 5443 virginitatis
1824 5372 2089 5427 viriditate

2194 5375 2370 5443 ψασαν
2400 5374 2619 5444 θάμνον,
2648 5373 2742 5427 τοῦ
2774 5374 3001 5444 βλαστοῦ
3031 5375 3130 5445 τῆς
3163 5375 3456 5447 παρθενίας
3502 5374 3576 5445 μὴ
3605 5390 3786 5441 μετοι-

528 5465 677 5519 nullo
712 5481 778 5534 pa
819 5473 873 5517 to
912 5472 1262 5517 commutata.
1298 5464 1429 5530 Qua)
1456 5465 1674 5533 quidem
1714 5464 1800 5516 lux
1836 5478 1959 5517 cum
1997 5480 2096 5516 no-

528 5556 607 5608 bis
638 5555 899 5613 illuxcrit,
939 5554 1111 5621 primo
1149 5552 1367 5606 docebit
1402 5552 1530 5620 quid
1563 5550 1867 5605 faciendum
1901 5560 1992 5613 st,
2033 5563 2090 5604 ut

531 5647 801 5717 possimus
836 5647 899 5699 ad
947 5646 1186 5700 veritatis
1221 5644 1400 5699 radios
1436 5642 1694 5698 accedere
1735 5660 1746 5695 :
1785 5643 1942 5697 nobis
1981 5645 2089 5698 sci-

2198 5465 2558 5534 μαρανθὲντός
2590 5465 2666 5536 τῷ
2713 5467 2872 5536 τόκῳ.
2914 5467 3049 5537 Παρ*
3086 5466 3291 5519 ἐκείνου
3340 5464 3435 5518 τοῦ
3479 5463 3658 5535 φωτὸς
3689 5463 3785 5517 δι-

2195 5557 2523 5625 δασκόμεθα,
2572 5558 2622 5608 τί
2669 5558 3008 5627 ποιήσαντες,
3044 5558 3192 5619 ἐντὸς
3240 5557 3347 5609 τῶν
3397 5557 3630 5609 ἀκτίνων
3675 5558 3787 5626 τῆς

2200 5649 2454 5718 ἀληθείας
2488 5650 2793 5718 στησόμεθα
2816 5666 2827 5678 ⁸
2875 5649 2953 5701 ὅτι
2988 5650 3085 5701 ούκ
3128 5649 3239 5699 ἐστι
3271 5647 3575 5716 δεδεμένοις
3618 5652 3788 5702 ποσὶν
