4054 6436
434 247 540 304 555

1657 246 1713 301 S.
1757 241 2082 300 GllEGORll
2110 244 2398 301 NYSSEM

3580 253 3689 309 33‘}

440 392 687 438 naturam
735 396 890 439 suam
931 382 1159 438 reducta
1202 392 1327 445 est;
1371 383 1534 439 simili
1580 398 1794 452 quoque
1841 381 2001 435 modo

2110 380 2507 458 ἀλλοιωθεὶσης.
2544 386 2656 440 Καὶ
2704 386 2814 459 γὰρ
2857 388 2975 441 ἐκεῖ
3018 392 3113 446 τοῦ
3156 389 3441 461 νομοθέτου
3483 392 3517 462 ἡ
3569 392 3690 458 χεὶρ

437 475 753 544 unigenitus
785 473 877 529 Dei
900 473 1074 530 Filius
1094 516 1108 541 ,
1139 491 1262 530 cum
1292 475 1346 529 in
1374 476 1497 529 sinu
1533 475 1707 529 Patris
1736 482 1818 528 est
1839 514 1854 537 ,
1880 473 2005 527 dex-

438 576 553 620 tera
598 564 811 620 Excelsi
838 575 920 620 est
949 583 963 620 :
997 580 1119 619 cum
1163 582 1292 620 vero
1335 581 1366 621 e
1408 568 1532 621 sinu
1580 565 1759 619 Patris
1798 564 1865 618 ad
1904 579 2003 618 nos

441 655 742 711 visitandos
768 655 1088 721 descendit,
1117 657 1419 711 secundum
1448 672 1547 712 nos
1579 659 1788 717 factus.
1815 669 2006 724 quam-

437 753 518 803 vis
570 747 929 803 immutabilis
976 748 1047 803 sit
1096 748 1212 816 ipse
1247 755 1480 812 natura,
1510 756 1875 801 commutatus
1924 754 2005 798 ta-

437 857 557 895 men
606 840 827 894 dicitur.
876 841 945 891 At
992 851 1121 893 vero
1167 846 1455 907 postquam
1514 838 1736 891 morbos
1786 843 2004 889 nostros

435 930 675 995 sanavit,
708 939 1071 999 naturamque
1106 937 1349 985 nostram
1398 930 1453 982 in
1504 929 1685 983 sinum
1726 941 1885 980 suum
1915 939 2003 980 re-

434 1021 589 1075 duxit
630 1021 821 1090 (sinus
848 1029 1026 1075 autem
1048 1020 1169 1078 Filii
1189 1019 1347 1074 Pater
1383 1020 1540 1089 est),
1573 1028 1700 1073 tunc
1737 1018 1853 1087 ipse
1893 1031 2005 1070 non

436 1122 713 1178 mutatus,
767 1113 968 1183 quippe
1015 1113 1109 1182 qui
1168 1112 1529 1182 impassibilis
1583 1121 1747 1180 atque
1799 1111 2006 1163 incom—

430 1206 710 1259 mutabilis
740 1215 825 1259 cst
846 1246 861 1271 ,
894 1204 1178 1259 mortalem
1215 1204 1356 1258 hanc
1383 1212 1436 1258 et
1466 1202 1874 1272 corruptibilem
1907 1215 2005 1253 na-

434 1307 609 1351 turam
640 1298 693 1351 in
728 1299 1085 1352 immortalem
1112 1307 1275 1367 atque
1297 1296 1686 1351 immutabilem
1714 1293 2001 1347 convertit.

439 1392 611 1461 Virgze
662 1399 841 1445 autem
892 1391 948 1444 in
994 1399 1301 1460 serpentem
1353 1388 1677 1452 conversio,
1729 1386 2002 1440 neminem

434 1482 867 1537 Christianorum
904 1482 1229 1545 conturbet,
1263 1480 1522 1549 quoniam
1558 1478 1626 1532 ad
1673 1476 2005 1532 incarnatio-

434 1588 554 1627 nem
572 1571 735 1627 Verbi
762 1587 790 1625 a
812 1572 968 1626 nobis
987 1571 1450 1625 accommodatur.
1471 1567 1604 1621 Nam
1624 1577 1676 1621 et
1697 1567 1896 1620 animal
1927 1565 2002 1628 id,

433 1665 681 1732 quamvis
705 1679 894 1732 parum
920 1663 1320 1717 accommodari
1347 1662 1523 1717 sacris
1550 1659 1824 1730 mysteriis
1843 1670 2006 1726 posse

433 1755 701 1819 videatur,
738 1755 854 1823 ipsa
887 1763 1066 1807 tamen
1098 1752 1422 1822 Evangeliea
1454 1752 1656 1806 veritas
1688 1750 1831 1803 hanc
1864 1748 2003 1801 ima-

433 1846 609 1909 ginem
643 1859 753 1899 non
786 1844 1010 1898 omnino
1037 1844 1381 1907 contemnit,
1417 1858 1543 1899 cum
1575 1842 1724 1897 dicat
1752 1859 1765 1895 :
1799 1859 1817 1892 ι
1849 1838 2003 1895 Sicut

440 1937 647 2008 Moyses
689 1936 945 1990 exaltavit
972 1942 1278 2004 serpentem
1315 1935 1368 1987 in
1400 1933 1619 1989 deserto
1640 1972 1655 1999 ,
1691 1932 1773 1987 sic
1803 1929 2001 1984 Filium

437 2029 673 2083 hominis
723 2026 951 2082 exaltari
1002 2034 1215 2095 Oportet
1260 2027 1327 2077 ει.
1364 2045 1382 2077 ι
1415 2024 1587 2092 Cujus
1629 2023 1771 2078 ratio
1820 2028 2001 2091 patet:

437 2135 559 2173 nam
590 2134 714 2173 cum
746 2119 942 2173 divinas
972 2118 1189 2171 Littera:
1220 2116 1427 2187 peccati
1454 2123 1660 2185 patrem
1694 2120 2001 2183 serpentem

435 2210 753 2272 nominent,
805 2207 1048 2278 perfecto
1094 2207 1237 2277 quod
1282 2222 1311 2261 a
1363 2212 1617 2276 serpente
1660 2214 1845 2258 natum
1880 2211 2001 2266 est,

435 2318 659 2372 serpens
686 2310 788 2357 est.
817 2300 1179 2368 Quamobrem
1208 2306 1492 2370 peccatum
1522 2296 1766 2368 parentis
1794 2295 1877 2350 sui
1904 2310 2004 2349 no-

435 2410 559 2450 men
603 2395 797 2448 merito
841 2392 1115 2463 suscepit,
1145 2404 1481 2460 serpensque
1518 2388 1642 2457 jure
1679 2385 2002 2458 appellatur.

437 2489 502 2539 At
531 2500 660 2540 vero
692 2483 1016 2548 Dominum,
1048 2490 1269 2551 propter
1303 2496 1404 2535 nos
1433 2488 1711 2549 peccatum
1757 2492 1881 2532 esse
1922 2473 2003 2529 fa-

433 2588 582 2631 ctum
606 2616 620 2637 ,
660 2574 988 2643 apostolicus
1028 2587 1210 2629 sermo
1249 2579 1521 2626 testatur:
1576 2571 1819 2638 suscepit
1856 2567 2002 2621 enim

438 2666 825 2721 mortalitatem
859 2671 1100 2718 nostram
1123 2703 1138 2724 ,
1163 2663 1255 2732 qui
1284 2659 1561 2732 peccando
1592 2658 1851 2712 mortales
1874 2653 2002 2710 facti

440 2772 652 2811 sumus.
682 2754 741 2809 Si
775 2764 1052 2823 peccatum
1086 2751 1264 2808 factus
1303 2759 1422 2814 est,
1455 2756 1605 2820 patet
1637 2745 1783 2817 quod
1815 2745 2004 2815 sequi-

440 2862 525 2904 tur
553 2868 567 2916 ;
597 2864 720 2903 nam
749 2848 839 2918 qui
873 2854 1154 2917 peccatum
1195 2847 1369 2899 factus
1398 2852 1483 2898 est
1510 2883 1525 2907 ,
1561 2856 1786 2911 serpens
1829 2837 2005 2892 factus

438 2951 555 3005 cst,
586 2950 638 2997 et
670 2941 719 2995 id
748 2949 964 3010 propter
989 2955 1090 2993 nos
1112 2979 1126 3001 ,
1156 2946 1215 2991 ut
1248 2936 1532 3008 [Egyptios
1561 2941 1875 3001 serpentes,
1909 2929 2003 2999 qui

2106 475 2471 546 προϐληθεῶα
2499 477 2593 531 τοῦ
2644 478 2866 545 κόλπου,
2906 480 3041 549 πρὸς
3078 485 3141 537 τὸ
3186 481 3337 552 παρά
3378 481 3541 548 φύσιν
3594 482 3689 551 ὴλ-

2104 570 2301 641 λοιώθη
2330 570 2528 640 χρῶμα
2551 586 2565 600 ’
2597 571 2691 623 καὶ
2715 571 2877 625 πάλιν
2901 573 2960 624 ὲν
2998 571 3218 633 κόλποις
3238 554 3524 644 γενομένη⁹
3553 574 3689 644 πρὸς

2104 660 2203 731 τὴν
2236 662 2370 714 ίδίαν
2408 661 2576 725 αὐτῆς
2605 659 2699 712 καὶ
2725 658 2864 713 κατά
2886 659 3046 728 φύσιν
3074 660 3341 731 ἐπανῆλθε
3370 662 3551 732 χάριν.
3577 664 3689 717 Καὶ
3752 728 3757 731 _

2104 754 2132 805 6
2179 753 2469 824 μονογενὴς
2500 753 2652 815 Θεὸς.
2684 754 2712 805 6
2741 751 2816 805 ὢν
2853 754 2911 805 ὲν
2940 752 3160 816 κόλποις
3196 751 3291 806 τοῦ
3332 754 3565 825 Πατρός,
3599 751 3688 809 οὗ·

2104 846 2193 908 τός
2217 847 2363 899 ἐστιν
2389 847 2422 915 ὴ
2461 842 2611 910 δεξιὰ
2634 843 2726 896 τοῦ
2770 843 3046 912 Ὑψίστου.
3083 845 3212 897 Ὅτε
3249 844 3305 897 δὲ
3337 846 3468 916 ἡμῖν
3492 847 3555 899 ἐκ
3578 846 3687 900 τῶν

2105 938 2320 991 κόλπων
2366 936 2557 1006 ἐφάνη,
2609 934 2731 989 καθ’
2763 936 2910 1007 ἡμᾶς
2954 933 3255 1006 ἠλλοιώθη·
3311 935 3436 988 ἐπεὶ
3484 935 3541 989 δὲ
3586 935 3685 997 τὰς

2105 1029 2379 1100 ἡμετέρας
2408 1027 2692 1091 ἀσθενείας
2731 1025 2992 1098 ὲκμάξας,
3029 1026 3191 1080 πάλιν
3241 1029 3558 1097 ἐπανήγαγε
3587 1028 3687 1098 τὴν

2105 1123 2164 1176 ὲν
2193 1124 2324 1192 ἡμῖν
2354 1119 2652 1190 γενομένην
2689 1121 2867 1189 χεῖρα,
2896 1119 2990 1172 καὶ
3018 1118 3136 1171 καθ’
3177 1120 3324 1189 ἡμᾶς
3346 1118 3687 1189 χρωσθεῖσαν

2105 1212 2198 1266 ἐπὶ
2225 1212 2317 1264 τὸν
2345 1210 2473 1263 ἴδιον
2496 1208 2695 1262 κόλπον
2720 1207 2938 1278 (κόλπος
2960 1207 3016 1260 δὲ
3046 1208 3143 1276 τῆς
3178 1206 3358 1271 δεξιᾶς
3385 1208 3412 1259 6
3448 1208 3687 1278 Πατὴρ).

2104 1304 2224 1356 τότε
2262 1303 2323 1354 οὑ
2357 1300 2416 1354 τὸ
2447 1299 2654 1362 ἀπαθὲς
2678 1298 2779 1369 τῆς
2818 1298 3030 1367 φύσεως
3064 1299 3141 1360 εἰς
3167 1296 3337 1359 πάθος
3364 1296 3682 1365 ῆλλοίωσεν,

2104 1392 2243 1447 ἀλλὰ
2289 1391 2351 1444 τὸ
2390 1389 2619 1462 τρεπτόν
2667 1405 2728 1441 τε
2771 1388 2864 1442 καὶ
2909 1386 3154 1453 ἐμπαθὲς
3181 1387 3270 1440 διὰ
3307 1387 3406 1457 τῆς
3459 1388 3596 1458 πρὸς
3625 1388 3687 1440 τὸ

2104 1486 2371 1556 ἄτρεπτον
2420 1481 2702 1545 κοινωνίας
2749 1483 2830 1544 είς
2867 1479 3134 1533 ἀπάθειαν
3189 1478 3682 1549 μετεστοιχείωσεν.

2118 1577 2182 1629 Ἦ
2211 1576 2268 1629 δὲ
2300 1577 2380 1638 εἰς
2407 1576 2528 1644 ὅφιν
2557 1572 2824 1646 μεταϐολὴ
2870 1572 2969 1642 τῆς
3012 1569 3331 1641 βακτηρίας,
3371 1570 3445 1641 μὴ
3480 1586 3686 1640 ταρασ-

2108 1669 2281 1721 σέσθω
2296 1668 2418 1732 τοὺς
2441 1667 2837 1738 φιλοχρίστους,
2866 1666 2943 1727 ὼς
2966 1664 3360 1735 ἀπεμφαίνοντι
3377 1662 3499 1736 ζώῳ
3516 1680 3681 1735 προσ-

2109 1760 2452 1832 αρμοζόντων
2495 1759 2650 1830 ἡμῶν
2697 1758 2787 1811 τὸν
2825 1756 2921 1811 τοῦ
2978 1759 3274 1830 μυστηρίου
3318 1759 3496 1826 λόγον.
3534 1756 3683 1827 Αὐτὴ

2109 1852 2217 1923 γὰρ
2260 1852 2293 1922 ἡ
2327 1849 2578 1923 Ἀλήθεια
2600 1849 2687 1904 διά
2734 1849 2835 1919 τῆς
2867 1849 3230 1918 εὑαγγελικῆς
3262 1848 3448 1918 φωνῆς
3479 1848 3538 1900 οὑ
3580 1865 3680 1900 πα-

2111 1944 2379 2016 ραιτεῖται
2404 1940 2502 2011 τὴν
2529 1939 2783 2010 τοιαύτην
2806 1942 3002 1999 εἰκόνα,
3020 1935 3098 1990 δι’
3118 1931 3192 1991 ὧν
3212 1953 3375 2009 φησιν
3391 1955 3406 1968 ⁸
3436 1960 3454 1991 ι
3472 1938 3684 2005 Ὥσπερ

2110 2032 2219 2103 γάρ
2248 2031 2486 2100 Μωῦσῆς
2524 2028 2704 2099 ὑψωσε
2749 2030 2839 2083 τὸν
2887 2030 3007 2097 ὅφιν
3056 2031 3113 2081 ὲν
3152 2030 3218 2098 τῇ
3264 2028 3473 2097 ἐρήμῳ,
3507 2029 3683 2089 οὕτως

2109 2123 2388 2195 ὑψωθῆναι
2415 2121 2495 2175 δεῖ
2523 2121 2613 2173 τὸν
2656 2120 2781 2173 Υίὸν
2810 2119 2904 2173 τοῦ
2952 2118 3257 2189 ἀνθρώπου.
3289 2133 3308 2166 ι
3337 2116 3444 2168 Καὶ
3464 2117 3683 2188 σαφὴςό

2108 2218 2283 2285 λόγος.
2313 2214 2376 2267 Ei
2403 2213 2512 2282 γὰρ
2531 2215 2559 2265 6
2583 2214 2685 2283 τῆς
2710 2210 2984 2282 ἁμαρτίας
3018 2210 3215 2281 πατὴρ,
3238 2209 3359 2277 ὄφις
3390 2207 3680 2276 ὠνομάσθη

2112 2303 2215 2357 ὑπὸ
2240 2302 2337 2371 τῆς
2376 2300 2527 2362 θείας
2550 2298 2774 2371 Γραφῆς
2793 2316 2808 2330 ·
2843 2299 2937 2351 καὶ
2962 2298 3023 2351 τὸ
3055 2300 3118 2351 ὲκ
3151 2297 3243 2351 τοῦ
3286 2298 3462 2367 ὄφεως
3490 2313 3684 2365 γεννη-

2112 2391 2221 2455 θὲν,
2255 2391 2467 2452 πάντως
2490 2389 2611 2459 ὄφις
2634 2387 2799 2441 ἐστίν.
2828 2388 3035 2439 Οὐκοῦν
3053 2387 3361 2450 ἀκολούθως
3385 2388 3417 2457 ἠ
3442 2385 3684 2456 ἁμαρτία

2108 2482 2203 2537 τοῦ
2234 2471 2622 2552 γεγεννηκότος
2656 2480 2828 2552 αὑτήν
2857 2479 2972 2532 ἐστι
2999 2479 3327 2549 συνώνυμος.
3373 2476 3531 2530 ’Λλλά
3576 2475 3685 2546 μὴν

2111 2573 2384 2646 ἁμαρτίαν
2430 2573 2496 2626 δι’
2526 2574 2673 2644 ἡμᾶς
2711 2571 2961 2640 γενέσθαι
2999 2571 3089 2624 τὸν
3127 2572 3347 2642 Κύριον,
3381 2572 3409 2623 6
3452 2571 3686 2622 ἀποστο-

2109 2667 2258 2731 λικδς
2302 2666 2735 2739 διαμαρτύρεται
2786 2666 2968 2735 λόγος,
3011 2665 3102 2718 τὸν
3148 2665 3245 2736 τὴν
3296 2662 3683 2736 ἀμαρτητικὴν

2111 2759 2267 2830 ἡμῶν
2315 2758 2474 2829 φύσιν
2521 2757 2997 2832 περιϐαλλόμενον.
3045 2758 3202 2809 Κατὰ
3249 2756 3403 2823 λόγον
3448 2756 3551 2827 ἄρα
3606 2754 3688 2822 τῷ

2113 2850 2298 2920 Κυρίῳ
2337 2848 2709 2921 προσαρμόζει
2739 2848 2799 2901 τὸ
2834 2850 3079 2917 αἴνιγμα.
3120 2848 3181 2899 Εἰ
3208 2847 3315 2919 γὰρ
3350 2847 3472 2913 ὄφις
3514 2844 3612 2915 μὲν
3647 2847 3682 2914 ἡ

2114 2942 2376 3011 ἁμαρτία,
2410 2943 2438 2994 6
2458 2940 2514 2993 δὲ
2542 2940 2743 3011 Κύριος
2767 2939 3010 3009 ἁμαρτία
3030 2938 3263 3007 ἐγένετο,
3294 2937 3353 3001 ὃς
3378 2936 3531 2989 οὐδὲν
3558 2936 3688 2990 ἄλλο

439 3050 537 3104 per
586 3049 772 3103 magos
824 3031 1088 3086 viviﬁcari
1131 3031 1406 3091 videntur,
1454 3033 1772 3086 consumat,
1816 3032 1870 3077 et
1908 3023 2005 3075 dc—

2113 3035 2145 3101 ἣ
2198 3032 2438 3105 ἁμαρτία
2470 3032 2638 3095 ἐστὶν,
2684 3031 2820 3085 ἀλλά
2869 3032 2935 3084 δι’
2976 3032 3121 3102 ἡμᾶς
3171 3031 3382 3099 γίνεται
3414 3030 3555 3097 ὄφις.
3596 3030 3685 3097 ἐφ’

442 3135 794 3195 struatzquo
827 3123 975 3180 facto
1014 3139 1208 3177 rursus
1247 3122 1304 3175 in
1347 3121 1553 3187 virgam
1597 3117 1848 3179 vertitur,
1896 3130 2002 3184 qua

2110 3120 2154 3194 ᾧ
2180 3143 2239 3178 τε
2269 3126 2393 3189 τοὺς
2414 3126 2740 3193 Αἰγυπτίους
2792 3125 2944 3194 ὄφεις
2990 3125 3114 3186 τοὺς
3139 3124 3287 3193 παρά
3335 3123 3444 3174 τῶν
3471 3123 3688 3191 γοήτων

441 3220 819 3288 delinquentes
867 3215 1224 3283 castigantur,
1278 3219 1333 3265 et
1378 3208 1732 3264 consolantur
1775 3206 1868 3275 qui
1918 3220 2005 3257 ar-

443 3312 605 3364 duam
640 3323 704 3361 ac
732 3305 1001 3359 dillicilem
1048 3304 1266 3356 virtutis
1313 3300 1545 3370 pergunt
1588 3299 1765 3363 viam,
1810 3296 2006 3351 baculo

446 3401 566 3455 tidei
618 3397 823 3467 optima
871 3411 967 3466 spe
1014 3393 1264 3448 innixi.4
1298 3393 1393 3446 Est
1439 3392 1582 3447 enim
1641 3390 1775 3445 fides
1824 3403 2004 3443 rerum

443 3508 578 3562 cpias
623 3503 907 3560 speramus
957 3484 1309 3543 subsistentia
1362 3485 1432 3546 ²³;
1463 3504 1482 3537 ι
1515 3498 1653 3554 quas
1696 3482 2009 3552 quicunque

445 3596 624 3638 mente
651 3580 930 3650 concepit,
961 3579 1118 3649 quasi
1150 3575 1294 3633 Deus
1321 3590 1509 3631 eorum
1544 3575 1640 3637 fit;
1673 3573 1765 3643 qui
1794 3570 2006 3626 veritati

445 3675 766 3728 resistentes
793 3670 942 3724 carni
977 3684 1040 3723 ac
1072 3668 1223 3724 falsis
1257 3667 1417 3723 rebus
1446 3666 1765 3730 attendunt,
1806 3663 2008 3734 quibus

447 3767 607 3819 inane
633 3748 1065 3833 quoddam‘esse
1096 3759 1367 3820 videntur,
1401 3773 1525 3813 eum
1561 3756 1749 3811 audire
1777 3754 1871 3825 qui
1901 3760 2004 3808 est.

447 3856 533 3907 Ait
555 3854 701 3907 enim
734 3850 944 3904 Pharao
975 3868 989 3904 :
1018 3868 1035 3900 ι
1067 3847 1202 3915 Quis
1229 3858 1313 3904 est
1348 3845 1608 3902 Dominus
1630 3845 1796 3915 cujus
1821 3859 2009 3899 vocem

444 3943 776 4000 exaudiam?
824 3956 931 3995 non
979 3955 1247 4011 cognosco
1297 3939 1584 3993 Dominum
1632 3938 1719 3992 "z
1757 3956 1776 3988 ι
1831 3936 2008 3991 solum

446 4042 625 4089 autem
656 4038 880 4102 putatur
913 4028 1227 4083 honorabile
1259 4041 1323 4080 ac
1352 4024 1655 4095 jucundum
1677 4064 1690 4086 ,
1723 4023 1866 4091 quod
1896 4029 2011 4075 ter-

448 4129 620 4175 restre
659 4127 819 4187 atque
846 4117 1066 4171 carnale
1092 4126 1210 4191 est,
1238 4113 1495 4183 quodque
1523 4110 1773 4181 corporis
1814 4124 2010 4164 sensus

449 4209 616 4263 nimia
657 4207 933 4275 voluptate
981 4205 1179 4259 titillat.
1220 4204 1324 4270 Qui
1371 4219 1500 4259 vero
1544 4203 1682 4257 lucis
1722 4199 2011 4271 splendore

446 4300 833 4356 corroboratus
864 4309 943 4353 est
964 4338 978 4362 ,
1008 4299 1361 4369 ingentesque
1402 4295 1530 4350 hinc
1556 4294 1702 4348 vires
1726 4300 1779 4348 et
1820 4301 2011 4347 aucto-

2111 3215 2579 3286 ζωογονουμένους
2630 3216 2913 3284 διαφαγεῖν
2949 3233 3008 3269 τε
3056 3217 3150 3269 καὶ
3188 3216 3584 3285 ἐνδαπανῆσαι·
3619 3208 3684 3266 οὗ

2105 3308 2418 3377 γενομένου,
2459 3306 2621 3358 πάλιν
2669 3307 2749 3369 εἰς
2781 3306 2877 3376 τὴν
2920 3306 3217 3377 βακτηρίαν
3260 3305 3577 3377 μεθίσταται
3606 3303 3681 3356 δι’

2106 3392 2175 3469 ἦς
2205 3394 2626 3464 σωφρονίζονται
2657 3397 2753 3466 μὲν
2781 3398 2830 3449 οἱ
2856 3397 3278 3467 ἁμαρτάνοντες.
3313 3395 3682 3450 ἀναπαύονται

2106 3490 2162 3543 δὲ
2180 3492 2227 3542 οἱ
2244 3489 2342 3558 τὴν
2361 3489 2613 3559 ἀνωφερῆ
2643 3489 3105 3562 καὶδυσπόρευτον
3121 3490 3218 3560 τῆς
3242 3491 3439 3561 ἀρετῆς
3459 3490 3686 3560 πορείαν

2108 3581 2371 3644 ἀνιόντες.
2402 3581 2491 3635 διά
2522 3580 2633 3635 τῶν
2673 3581 2892 3649 ἀγαθῶν
2926 3582 3150 3637 ἐλπίδων
3188 3586 3253 3654 τῇ
3288 3583 3555 3654 βακτηρίᾳ
3581 3582 3687 3649 τῆς

2109 3673 2347 3736 πίστεως
2379 3672 2797 3743 ὲπερειδόμενοι.
2823 3691 2841 3723 ι
2868 3670 3024 3723 Ἔστι
3067 3668 3177 3739 γάρ
3196 3668 3376 3733 πίστις
3394 3672 3686 3741 ἐλπιζομέ-

2109 3780 2214 3815 νων
2248 3762 2559 3825 ὑπόστασις.
2589 3780 2608 3812 ι
2647 3761 2705 3816 '0
2724 3761 2901 3815 τοίνυν
2915 3764 2971 3817 ὲν
3003 3761 3247 3831 περινοίᾳ
3292 3760 3494 3813 τούτων
3526 3760 3684 3828 γενό-

2113 3870 2292 3924 μενος,
2322 3852 2453 3916 Θεὸς
2473 3854 2730 3925 ἄντικρυς
2754 3855 2981 3921 γίνεται,
3006 3852 3114 3904 τῶν
3136 3852 3544 3920 ἀνθεστηκότων
3580 3851 3686 3919 μὲν

2109 3944 2173 4013 τῇ
2202 3941 2446 4013 ἀληθείᾳ,
2496 3943 2628 4014 πρὸς
2672 3942 2853 4011 δὲτὴν
2886 3940 3058 4013 ὑλώδη
3093 3942 3297 4012 ταύτην
3343 3942 3437 3995 καὶ
3478 3941 3683 3994 ἀνυπύο

2112 4050 2303 4086 στατον
2329 4034 2541 4102 ἀπάτην
2566 4033 2934 4101 ἐπτοημένων,
2955 4026 3036 4095 οἷς
3059 4032 3118 4084 τὸ
3141 4031 3369 4085 ἀκοῦσαι
3392 4032 3484 4084 τοῦ
3507 4033 3683 4094 ὄντος.

2108 4123 2298 4195 ὥσπερ
2323 4141 2375 4177 τι
2400 4123 2507 4177 τῶν
2538 4124 2780 4193 ματαίων
2814 4124 3309 4193 καταπεφρόνηται.
3342 4123 3478 4193 Φησὶ
3516 4123 3626 4192 γάρ
3656 4127 3685 4176 ὁ

2109 4212 2329 4284 Φαραὼ,
2371 4229 2388 4261 ι
2413 4210 2508 4274 Τίς
2525 4212 2693 4279 ἐστιν,
2716 4207 2777 4267 οὗ
2798 4212 3183 4282 είσακούσομαι
3233 4212 3334 4281 τῆς
3365 4212 3547 4280 φωνῆς
3588 4212 3689 4263 αύ-

2111 4303 2205 4355 τοῦ
2229 4318 2243 4366 ;
2271 4301 2370 4352 οὑκ
2391 4295 2504 4352 οἶδα
2520 4299 2611 4353 τὸν
2626 4298 2846 4370 Κύριον.
2872 4322 2890 4354 ι
2910 4302 3085 4356 Μόνον
3099 4302 3155 4356 δὲ
3180 4303 3453 4372 νομίζεται
3477 4303 3681 4371 τίμιον,

450 4392 663 4445 ritatem
698 4390 752 4444 in
785 4388 1129 4443 adversarios
1164 4387 1336 4456 cepit,
1372 4386 1418 4441 is
1449 4385 1611 4440 sicuti
1642 4383 1845 4438 athleta
1875 4383 2006 4438 satis

2114 4396 2234 4447 ὅσον
2262 4393 2460 4455 ὑλῶδες
2489 4393 2581 4444 καὶ
2611 4392 2863 4462 σάρκινον
2893 4393 2997 4446 τῶν
3037 4394 3165 4463 περὶ
3201 4395 3300 4457 τάς
3340 4392 3686 4463 ἀλογωτέρας

446 4482 774 4537 exercitatus
798 4479 1132 4533 conﬁdenter
1175 4493 1237 4533 ac
1272 4492 1468 4548 magno
1498 4477 1677 4531 animo
1710 4476 1764 4529 in
1797 4475 2007 4530 hostem

448 4571 730 4628 descendit
757 4588 768 4623 :
799 4571 1005 4640 virgam
1034 4570 1179 4623 illam
1208 4569 1262 4621 in
1293 4583 1457 4622 manu
1489 4569 1759 4632 retinens,
1793 4567 1897 4621 hoc
1926 4573 2011 4621 est

450 4664 675 4718 verbum
724 4660 881 4723 ﬁdei,
923 4676 1033 4731 quo
1074 4668 1353 4729 serpentes
1394 4658 1774 4730 Egyptiorum
1817 4660 2007 4715 confo-

449 4754 594 4814 diet,
625 4756 790 4821 atque
820 4751 1017 4805 vincet.
1063 4748 1333 4819 Sequetur
1360 4758 1537 4804 autem
1583 4750 1759 4819 ipsum
1809 4752 2007 4819 conjux

451 4841 789 4912 alienigena,
824 4841 1057 4896 humana
1099 4839 1348 4895 videlicet
1388 4840 1502 4894 haec
1539 4842 1809 4906 eruditio,
1857 4843 2016 4913 cujus

453 4941 582 4986 sunt
608 4932 868 4985 nonnulla
912 4929 979 4983 ad
1023 4930 1318 4984 liberorum
1361 4931 1793 4999 procreationem
1840 4935 2014 4988 utilia.

456 5023 674 5079 Moralis
725 5024 873 5079 enim
935 5023 1309 5091 naturalisque
1363 5021 1704 5094 philusOphia
1758 5026 2018 5098 conjungi

455 5121 633 5182 potest
673 5112 843 5183 protei
860 5121 918 5166 to
949 5110 1252 5167 sublimiori
1284 5110 1407 5165 vitae
1435 5112 1851 5185 clarissimaque
1883 5132 2018 5171 con-

452 5204 546 5271 jux
573 5202 692 5272 ejus
721 5217 785 5258 ac
813 5202 960 5258 socia
996 5202 1105 5255 ﬁeri
1135 5200 1325 5264 debet,
1352 5202 1481 5256 dum
1511 5202 1633 5272 ejus
1662 5218 1850 5275 partus
1881 5209 2017 5264 nihil

454 5294 739 5365 alienigeni
771 5293 995 5349 sceleris
1025 5308 1211 5347 secum
1255 5294 1509 5350 adducat.
1555 5295 1709 5363 Quod
1755 5300 1863 5355 nisi
1892 5304 2015 5370 quis

455 5384 808 5439 circumcidat
841 5394 1002 5454 atque
1030 5384 1266 5450 auferat,
1292 5388 1484 5443 mortis
1517 5388 1817 5458 periculum
1850 5407 2016 5463 ange-

454 5474 538 5529 lus
571 5475 783 5528 obviam
820 5472 996 5530 l‘actus
1026 5476 1285 5541 incutiet,
1314 5493 1476 5548 quem
1509 5494 1647 5535 uxor
1682 5479 1849 5552 Moysi
1886 5492 2014 5540 tunc

526 5658 561 5687 "
596 5656 751 5711 .lnan.
783 5674 865 5723 tu,
904 5658 987 5711 Μ.
1066 5662 1106 5690 η
1138 5657 1299 5715 llebr.
1335 5677 1407 5727 XI,
1448 5662 1496 5717 ί.
1576 5664 1620 5695 ³³
1655 5663 1823 5718 Exod.
1866 5682 1913 5731 ν,
1946 5666 1998 5720 2.

2116 4483 2394 4552 αἰσθήσεις
2438 4482 2942 4552 ἀναστρεφομένων.
2976 4484 3037 4535 El
3088 4484 3267 4536 τοίνυν
3298 4483 3390 4536 ἐπὶ
3432 4482 3691 4536 τοσοῦτον

2115 4577 2203 4630 διὰ
2242 4577 2338 4646 τῆς
2366 4574 2460 4627 τοῦ
2504 4574 2678 4644 φωτὸς
2712 4574 3032 4644 ὲκλάμψεως
3054 4575 3412 4646 δυναμωθείη,
3438 4575 3530 4628 καὶ
3558 4592 3688 4628 τοσ-

2117 4669 2286 4736 αύτην
2320 4665 2469 4736 ἰσχύν
2494 4682 2554 4717 τε
2588 4665 2680 4717 καὶ
2722 4662 2966 4726 ἐξουσίαν
2992 4666 3129 4719 κατὰ
3160 4667 3266 4718 τῶν
3294 4665 3691 4735 ἀντιτεταγμέ-

2118 4775 2222 4811 νων
2267 4758 2440 4829 λάϐῃ·
2482 4757 2623 4820 τότε,
2681 4756 2927 4829 καθάπερ
2959 4774 3042 4820 τις
3089 4757 3343 4828 ἀθλητὴς,
3382 4756 3581 4817 ἱκανῶς
3630 4759 3693 4809 ἐν

2113 4848 2456 4919 παιδοτρίϐου
2502 4845 2600 4917 τὴν
2646 4846 2942 4915 ἀθλητικὴν
2992 4846 3241 4917 ἀνδρείαν
3293 4845 3691 4916 ἐκμελετήσας.

2116 4938 2328 5007 θαρσῶν
2378 4936 2478 5007 ῆδη
2536 4938 2631 4990 καὶ
2681 4937 2971 5013 πεπριθὼς,
3022 4938 3156 5008 πρὸς
3207 4938 3298 4990 τὸν
3345 4937 3531 5006 ἀγῶνα
3577 4938 3696 4991 τῶν

2116 5026 2323 5098 ἐχθρῶν
2368 5025 2680 5086 ἀποδύεται,
2722 5026 2811 5078 διά
2843 5027 3026 5095 χειρὸς
3063 5028 3159 5097 τὴν
3206 5027 3503 5098 βακτηρίαν
3549 5027 3699 5098 ἔχων

2124 5124 2357 5191 ἐκείνην,
2390 5119 2534 5172 τοῦτ’
2567 5118 2701 5179 ἔστι,
2732 5119 2822 5171 τὸν
2845 5119 3000 5187 λόγον
3028 5122 3124 5190 τῆς
3151 5120 3403 5183 πίστεως,
3504 5120 3699 5190 μέλλει

2123 5217 2248 5279 τοὺς
2292 5212 2616 5281 Αἰγυπτίους
2660 5211 2811 5277 ὄφεις
2850 5212 3330 5278 καταγωνίζεσθαι.
3366 5213 3696 5283 Ἀκολουθή-

2127 5328 2208 5362 σει
2243 5308 2299 5361 δὲ
2325 5304 2472 5375 αὐτῷ
2498 5304 2591 5356 καὶ
2617 5305 2648 5372 ἡ
2681 5302 2736 5368 ἐξ
2764 5303 3074 5367 ἀλλοφύλων
3105 5305 3364 5373 ὀμόζυγος
3390 5323 3404 5336 ’
3441 5306 3553 5357 ἔστι
3581 5306 3703 5376 γάρ

2124 5419 2175 5454 τι
2202 5400 2294 5452 καὶ
2336 5398 2433 5467 τῆς
2465 5395 2569 5462 ἔξω
2602 5392 2931 5457 παιδεύσεως
2960 5395 3091 5465 πρὸς
3130 5395 3388 5463 συζυγίαν
3431 5396 3587 5467 ἡμῶν
3616 5400 3705 5459 εἰς

2084 5514 2091 5523 ~
2122 5485 2460 5553 τεκνογονίαν
2486 5485 2688 5553 ἀρετῆς
2716 5484 2815 5537 οὑκ
2847 5484 3170 5553 ἀπόϐλητον.
3206 5487 3311 5539 Καὶ
3339 5486 3445 5561 γὰρ
3466 5488 3500 5558 ἡ
3527 5488 3702 5563 ἠθικὴ
