4054 6436
293 311 371 363 ὖὸἶ
1555 311 1641 365 DE
1684 310 1841 365 VITA
1885 309 2022 365 MOY
2035 309 2154 365 SlS.

3384 307 3493 362 538

296 445 343 481 τε
371 427 447 480 καί
470 425 655 495 φυσικὴ
688 424 976 495 φιλοσοφία
1003 425 1213 494 γένοιτο
1244 424 1308 478 ἄν
1356 443 1484 478 ποτε
1509 423 1587 494 τῷ
1620 423 1817 493 ὑψηλο-

1922 421 2183 490 placavit,
2217 436 2341 475 eum
2373 421 2648 477 ablatione
2692 421 2977 492 praeputii,
3021 435 3129 490 quo
3168 419 3487 488 alienigena:

293 520 408 588 τέρῳ
424 518 509 587 βίῳ
532 517 755 585 σύζυγός
775 534 835 569 τε
860 516 953 570 καὶ
975 516 1102 587 φίλη
1126 517 1218 570 καὶ
1243 516 1497 578 κοινωνὸς
1525 514 1624 583 τῆς
1644 511 1811 581 ζωῆςο

291 609 421 678 μόνον
443 610 485 660 εἰ
521 608 584 660 τά
611 610 674 660 ὲκ
704 608 909 677 ταύτης
934 609 1188 678 κυήματα
1229 606 1392 677 μηδὲν
1422 606 1678 672 ἐπάγοιτο
1718 600 1813 654 τοῦ

288 698 532 767 ἀλλοφύλου
560 698 884 768 μιάσματος.
910 698 1111 752 Τούτου
1146 697 1255 766 γάρ
1286 697 1361 768 μὴ
1388 693 1813 766 περιτμηθέντος

285 793 359 843 καί
398 788 837 860 περιαιρεθέντος,
866 788 1007 842 ὥστε
1056 789 1166 841 πᾶν
1210 785 1500 847 ὲπιόλαόὲς
1549 782 1639 835 καὶ
1676 778 1813 832 ἀκά-

1921 520 2327 583 cognoscuntur
2351 525 2515 582 atque
2544 513 3006 575 contaminantur,
3031 510 3293 565 mundum
3316 509 3483 564 tilium

1922 615 2081 654 suum
2105 601 2362 657 effecerit.
2389 602 2541 668 Quod
2564 603 2779 672 quidem
2803 602 3038 670 aenigma
3057 600 3300 654 historiae
3332 599 3487 653 facile

1919 690 2043 759 quis
2072 707 2166 761 per
2195 706 2258 746 ea
2288 708 2410 761 quae
2453 693 2597 747 dicta
2636 701 2766 747 sunt
2809 692 2876 745 ad
2914 691 3243 746 Christianae
3269 690 3486 745 virtutis

1918 780 2247 851 pietatisque
2276 782 2672 838 incrementum
2709 782 2968 852 adaptare
2998 784 3216 852 poterit.

284 883 441 951 θαρτον
476 881 861 951 ἀφαιρεθῆναιο
906 883 934 934 6
978 880 1252 934 συναντῶν
1298 879 1525 948 ἄγγελος
1556 875 1647 928 τὸν
1679 871 1807 943 περί
1844 869 2072 925 Θανάτου
2101 875 2260 942 φόϐον
2300 878 2517 946 ἐπάγει,
2546 876 2605 929 ὃν
2648 876 2877 929 ίλεοῦται
2909 878 2941 946 ή
2976 876 3223 945 σύμϐιος,
3254 877 3287 947 ἡ
3321 876 3487 929 καθαα

283 976 356 1043 ρον
385 972 792 1026 ἁποδεικνύουσα
814 973 875 1025 τὸ
897 972 1093 1041 ἑαυτῆς
1117 970 1358 1038 ἔγγονον,
1386 971 1452 1038 τῇ
1481 962 1818 1037 περιαιρέσει
1847 959 1941 1012 τοῦ
1979 961 2283 1034 ἰδιώματος,
2320 968 2404 1036 ἐφ’
2435 961 2480 1036 ᾧ
2518 968 2838 1038 γνωρίζεται
2876 969 2935 1019 τὸ
2976 967 3287 1036 ἀλλόφυλον.
3322 964 3487 1037 Οἶμαι

278 1063 319 1117 δὲ
352 1063 421 1133 τῷ
462 1062 797 1133 μεμυημένῳ
836 1062 935 1132 τῆς
969 1060 1247 1131 ἱστορικῆς
1282 1058 1611 1127 ἀφηγήσεως
1646 1048 1912 1123 πρόδηλον
1947 1046 2086 1104 εἶναι
2129 1053 2216 1108 διὰ
2259 1055 2365 1108 τῶν
2396 1056 2723 1127 εἰρημένων,
2770 1057 2867 1127 τὴν
2901 1056 3223 1110 ἀκολουθίαν
3252 1054 3348 1127 τῆς
3370 1062 3488 1112 κατ’

277 1158 441 1228 ἀρετὴν
468 1157 781 1220 ἐπιδόσεως,
828 1158 895 1227 ἢν
938 1156 1310 1211 ὑποδείκνυσιν
1343 1154 1371 1205 6
1403 1152 1578 1220 λόγος,
1611 1147 1687 1218 τῷ
1713 1143 1890 1215 εἱρμῷ
1937 1144 2044 1199 τῶν
2068 1150 2354 1219 ἱστορικῶν
2382 1153 2716 1222 αἰνιγμάτων
2755 1152 3059 1215 ἀκολούθως
3085 1153 3367 1224 ἑπόμενος.

330 1256 467 1307 Ἐστι
516 1254 627 1322 γάρ
663 1269 718 1305 τι
757 1252 855 1323 τῆς
893 1252 1177 1322 φιλοσόφου
1223 1250 1389 1319 γονῆς
1434 1251 1491 1301 ἐν
1535 1245 1819 1317 μαθήμασι

274 1345 511 1417 ωρκῶδές
568 1362 631 1398 τε
697 1346 792 1398 καὶ
855 1342 1212 1413 ἀκρόδυστον,
1252 1336 1313 1395 οὗ
1361 1337 1817 1411 περιαιρεθέντος,

273 1440 349 1510 τῆς
412 1436 805 1507 Ἰσραηλιτικῆς
866 1433 1142 1502 εὐγενείας
1201 1433 1319 1486 ἐστί
1369 1432 1430 1483 τὸ
1482 1428 1818 1497 λειπόμενον,

269 1525 377 1592 οἷον,
416 1527 683 1581 ἀθάνατον
734 1520 872 1577 εἶναι
901 1523 998 1594 τὴν
1020 1522 1216 1593 ψυχὴν,
1252 1523 1345 1574 καί
1366 1524 1399 1592 ὴ
1439 1518 1637 1583 ἔξωθεν
1675 1514 1821 1585 φιλο-

1990 1242 2167 1300 llahet
2195 1248 2341 1301 enim
2376 1248 2687 1318 philosophi
2707 1249 2893 1303 s-‘eculi
2924 1260 3118 1318 partus
3137 1249 3490 1320 humanaque

1919 1334 2211 1404 disciplina
2236 1340 2462 1394 carnale
2508 1342 2779 1411 quoddam
2835 1343 3183 1410 praeputium,
3236 1356 3344 1410 quo
3379 1344 3489 1395 cir-

1920 1428 2183 1482 cumciso
2213 1430 2359 1499 quod
2422 1432 2777 1501 relinquitur,
2837 1432 3155 1487 Israeliticae
3214 1431 3491 1486 invenitur

1922 1533 2045 1573 esse
2085 1519 2409 1586 nobilitatis,
2466 1523 2829 1592 ut,;exempli
2883 1538 3073 1586 causa,
3123 1523 3488 1577 immortalem

269 1618 404 1687 σοφία
459 1616 640 1686 φησίν.
698 1608 869 1678 Οὗτος
918 1617 947 1668 6
993 1615 1225 1684 εὐσεϐής
1263 1614 1380 1665 ἐστι
1424 1611 1601 1671 τόκος.
1662 1605 1823 1659 Ἀλλά

1922 1625 2044 1665 esse
2074 1612 2317 1665 animum
2358 1614 2670 1683 phil050phi
2709 1614 3023 1684 perhibent,
3091 1615 3145 1667 id
3182 1615 3329 1683 pitnn
3383 1623 3483 1669 est.

270 1708 581 1775 μεταϐαίνειν
607 1707 719 1759 ἀπὸ
761 1708 1026 1776 σωμάτων
1062 1707 1139 1767 εἰς
1179 1704 1403 1775 σώματα
1425 1742 1439 1765 ,
1471 1701 1562 1754 καί
1589 1701 1652 1751 ἐκ
1675 1697 1819 1764 λογι-

268 1800 353 1870 κῆς
376 1799 582 1868 φύσεως
619 1800 702 1862 εἰς
730 1798 925 1864 ἄλογον
960 1798 1127 1867 αὐτὴν
1164 1793 1532 1864 μεταφύεσθαι
1553 1810 1565 1822 ο
1598 1788 1756 1843 τοῦτο
1783 1790 1816 1857 ἡ

269 1888 521 1959 σαρκώδης
549 1904 612 1939 τε
658 1887 753 1939 καὶ
792 1885 1085 1953 ἀλλόφυλός
1128 1885 1275 1937 ἐστιν
1319 1880 1670 1954 ἀκροὸυστία.
1709 1879 1821 1932 Καὶ

265 1978 377 2034 ἄλλα
405 1978 628 2032 τοιαῦτα
663 1977 854 2030 πολλὰ..
883 1975 1013 2029 Θεὸν
1043 1970 1182 2027 εἷναί
1208 1990 1395 2041 φησιν,
1424 1972 1559 2026 ἀλλά
1591 1971 1685 2024 καὶ
1708 1970 1821 2021 ὑλι-

265 2070 339 2123 κὸν
362 2071 515 2123 αὑτὸν
557 2070 772 2124 οῐεταιο
812 2066 1140 2138 δημιουργὸν
1179 2064 1340 2119 αὑτὸν
1384 2062 1655 2133 ὁμολογεῖ,
1685 2060 1820 2114 ἀλλά

265 2160 373 2232 ὕλης
402 2162 533 2234 πρὸς
565 2160 935 2231 δημιουργίαν
973 2158 1253 2228 δεόμενον·
1281 2154 1484 2223 ἀγαθόν
1518 2171 1574 2207 τε
1609 2153 1700 2206 καί
1728 2152 1820 2205 δυ-

264 2254 395 2307 νατὸν
422 2248 559 2308 εἶναι
607 2253 853 2315 δίδωσιν,
887 2249 1024 2304 ἀλλά
1068 2250 1416 2319 παραχωρεῖν
1457 2249 1514 2300 ὲν
1556 2249 1668 2308 τοῖς
1695 2245 1823 2298 πολ-

262 2343 352 2409 λοίς
391 2350 454 2419 τῇ
486 2346 714 2417 ἀνάγκῃ
758 2345 857 2413 τῆς
895 2340 1253 2413 εἱμαρμένης,
1297 2340 1392 2392 καί
1420 2338 1476 2404 ,τί
1521 2337 1586 2391 ἄν
1632 2353 1718 2399 τις
1754 2335 1822 2388 τὰ

260 2440 361 2492 καθ’
389 2441 622 2493 ἕκαστον
662 2439 923 2509 διηγοῖτο,
949 2437 1099 2499 ὅπως
1135 2437 1205 2489 τά
1235 2432 1376 2487 καλά
1403 2431 1511 2484 τῶν
1537 2431 1850 2506 δογμάτων,

260 2530 387 2600 παρὰ
405 2535 470 2602 τῇ
496 2532 607 2597 ἔξω
633 2527 926 2599 φιλοσοφίᾳ
952 2529 1072 2589 ταῖς
1098 2525 1321 2587 ἀτόποις
1349 2521 1692 2593 προσθήκαις
1720 2535 1822 2574 κα-

258 2619 622 2689 ταμολύνεται,
668 2612 744 2671 ὧν
786 2614 1245 2688 περιαιρεθέντων
1292 2612 1448 2675 ἵλεως
1480 2612 1613 2681 ἡμῖν
1654 2612 1683 2663 6
1727 2607 1820 2661 τοῦ

258 2710 372 2763 θεοῦ
397 2710 635 2779 ἄγγελος
660 2709 894 2778 γίνεται,
924 2707 999 2771 ὼς
1028 2705 1235 2775 γνησίῳ
1259 2704 1409 2773 τόκῳ.
1428 2702 1536 2755 τῶν
1567 2699 1822 2754 τοιούτων

254 2801 514 2871 δογμάτων
553 2798 1025 2869 ἐπαγαλλόμενος.
1072 2796 1210 2849 Ἀλλ’
1240 2794 1524 2849 ἐπανιτέον
1566 2793 1701 2864 πρὸς
1722 2792 1823 2864 τὴν

257 2893 550 2947 ἀκολουθίαν
592 2891 695 2946 τοῦ
738 2891 918 2959 λόγου,
964 2890 1040 2952 ὡς
1078 2888 1145 2942 ἂν
1174 2889 1268 2942 καὶ
1311 2889 1443 2957 ἡμῖν
1491 2885 1821 2953 ἀπαντήσειέ

255 3003 383 3051 ποτε,
419 2986 659 3055 πλησίον
690 2982 999 3054 γενομένοις
1025 2980 1132 3033 τῶν
1158 2977 1469 3047 Αἰγυπτίων
1502 2976 1748 3045 ἀγώνων.
1785 2977 1820 3047 ἡ
1853 2962 1895 3019 C

251 3077 495 3149 ἁδελφικὴ
524 3095 589 3130 συ
601 3073 850 3146 μμαχία·
889 3070 1214 3143 μεμυήμεθα
1253 3068 1385 3140 γὰρ,
1408 3067 1482 3132 ὡς
1510 3070 1629 3121 κατ’
1655 3066 1826 3137 ἀρχὰς

247 3166 338 3236 μὲν
360 3167 455 3221 τοῦ
486 3168 613 3220 κατ’
639 3162 844 3234 ἀρετὴν
872 3161 1007 3232 βίου,
1037 3159 1294 3229 συντυχία
1317 3160 1526 3227 γίνεται
1551 3156 1630 3227 τῷ
1661 3158 1826 3210 Matii-

247 3258 345 3321 πῖ,
381 3257 670 3328 πολεμικὴ
717 3270 777 3307 τε
832 3254 927 3306 καὶ
968 3249 1319 3322 πρατιώδης,
1357 3249 1611 3318 Ἐΰραῖον
1654 3264 1825 3301 κατα-

245 3348 520 3412 πονοῦν-ξος
550 3347 655 3401 τοῦ
706 3343 1004 3413 Αἰγυπτίου
1026 3358 1042 3374 ·
1083 3343 1177 3397 καὶ
1211 3342 1370 3396 πάλιν
1407 3340 1659 3412 Ἐὁραίου
1691 3340 1826 3413 πρὸς

241 3442 320 3493 τον
349 3442 634 3511 ὁμόφυλον
690 3437 1087 3502 στασιάζοντος.

301 3532 361 3587 ΕΞ
375 3534 431 3587 δὲ
458 3536 605 3601 πρὸς
625 3532 693 3585 τὸ
712 3531 894 3601 μεῖζον
916 3530 1023 3583 τῶν
1050 3528 1149 3599 τῆς
1167 3526 1345 3597 ψυχῆς
1362 3524 1823 3595 κατορθωμάτων.

233 3624 312 3676 διά
330 3641 386 3676 τε
409 3624 515 3694 τῆς
551 3623 780 3694 μακρᾶς
809 3618 1144 3689 ἐπιμελείας,
1169 3619 1264 3671 καὶ
1284 3616 1371 3670 διὰ
1393 3616 1488 3686 τῆς
1509 3616 1566 3667 ὲν
1593 3614 1670 3684 τῷ
1703 3612 1827 3682 ὕψει

236 3716 527 3785 γενομένης
554 3710 929 3782 φωταγωγίας
956 3709 1264 3781 ἐπαρθέντιν
1290 3707 1461 3776 φίλιδε
1482 3724 1541 3759 τε
1564 3704 1659 3760 καὶ
1678 3707 1826 3775 είρη’

227 3803 338 3873 vati;
366 3805 597 3873 γίνεται
625 3805 661 3873 ἡ
718 3800 993 3870 συντυχία.
1018 3799 1199 3854 θεόθεν
1218 3798 1312 3852 τοῦ
1327 3797 1554 3867 ἀδελφοῦ
1578 3798 1711 3868 πρὸς
1728 3796 1827 3867 τὴν

230 3894 535 3965 ἀπάντησιν
577 3893 755 3948 αὐτοῦ
798 3891 1258 3964 παρορμηθέντος.
1305 3892 1369 3943 Εἰ
1412 3890 1522 3960 γὰρ
1558 3888 1693 3961 πρὸς
1727 3889 1825 3959 τὴν

220 3989 657 4057 τροπικωτέριαν
677 3983 1053 4054 μεταληφθείη
1086 3982 1316 4053 θεωρίαν
1342 3981 1405 4035 τὸ
1429 3981 1549 4035 καθ’
1581 3981 1825 4051 ἱστορίαν

222 4094 415 4146 γεγενη
424 4079 629 4147 μένον·
662 4075 818 4128 οὐδὲν
839 4066 982 4145 ἡμῖν’
996 4075 1267 4144 ἄχρηστον
1289 4074 1426 4145 πρὸς
1443 4071 1534 4125 τὸν
1556 4070 1824 4143 ἡμέτερον

216 4167 467 4238 εὑρεθείη
489 4166 734 4221 σκοπόν.
753 4164 844 4235 Τῷ
865 4165 976 4218 ὄντι
991 4165 1099 4236 γὰρ
1114 4167 1226 4227 τοῖς
1243 4166 1299 4217 ὲν
1317 4165 1484 4234 ἀρετῇ
1500 4162 1824 4234 κατορθοῦσι

218 4259 355 4327 καἰὴ
378 4260 549 4328 παρὰ
573 4258 678 4311 τοῦ
694 4255 830 4309 Θεοῦ
848 4255 1064 4309 δοθεῖσα
1085 4257 1150 4325 τῇ
1174 4253 1335 4322 φύσει
1360 4254 1518 4324 ἡμῶν
1540 4252 1824 4322 συμμαχία

216 4347 578 4414 συνίσταται,
605 4348 641 4418 η
674 4345 1076 4417 προγενεστέρα
1103 4345 1201 4415 μέν
1241 4346 1356 4397 ἐστι
1385 4342 1525 4397 κατά
1552 4344 1651 4415 τὴν
1674 4342 1822 4415 1rpr-

212 4453 307 4507 την
330 4439 598 4505 γένεσιν,
633 4439 756 4491 τότε
797 4437 854 4490 δὲ
896 4438 1141 4506 φαίνεται
1186 4435 1281 4489 καὶ
1314 4434 1659 4505 γνωρίζεται,
1697 4436 1823 4489 ὅταν

209 4528 415 4595 ἱκανῶς
443 4530 534 4602 τῷ
573 4530 898 4600 ὑψηλοτέρῳ
929 4527 1029 4599 βίῳ
1064 4528 1154 4582 διά
1186 4527 1459 4596 προσοχῆς
1497 4544 1556 4580 τε
1590 4528 1680 4580 καὶ
1703 4529 1814 4579 ὲπι-

209 4619 435 4686 μελείας
462 4621 689 4681 αὐτοὺς
717 4616 1117 4680 οἰκειώσαντες,
1145 4616 1280 4687 πρὸς
1298 4616 1422 4677 τοὺς
1448 4614 1823 4686 ἰσχυροτέρους

204 4694 312 4763 τῶν
341 4711 545 4764 ἄθλων
575 4707 966 4777 ἀποδυὼμεθα.
1011 4707 1097 4769 Ὠς
1125 4707 1170 4760 δ’
1205 4707 1272 4760 ἂν
1321 4705 1394 4777 μὴ
1415 4706 1481 4760 δι’
1506 4706 1825 4776 αἰνίγματος

202 4803 333 4871 ἡμῖν
386 4802 470 4856 τὰ
526 4802 845 4871 αἰνίγματα
897 4799 1186 4863 διαλύοιτο,
1228 4799 1556 4868 γυμνότερον
1596 4798 1823 4868 ἐκθήσο-

203 4910 302 4962 μαι
336 4896 451 4967 τὴν
497 4911 577 4946 πε
591 4894 650 4964 pi.
700 4893 888 4946 τούτου
935 4892 1190 4946 διάνοιαν.
1224 4890 1399 4959 Λόγος
1441 4891 1533 4955 τίς.
1574 4894 1719 4944 ἐστιν
1759 4892 1824 4943 ἐκ

204 4987 497 5056 πατρικῆς
547 4983 907 5054 παραδόσεως
931 4984 992 5035 τὸ
1026 4983 1215 5035 πιστὸν
1243 4981 1381 5053 ἔχων
1400 5023 1415 5047 ,
1440 4983 1498 5045 ὃς
1532 4999 1682 5052 φησι,
1721 4998 1822 5033 πε-

205 5076 411 5145 πύσης
471 5074 660 5145 ἡμῶν
686 5076 764 5137 εἰς
810 5074 1085 5145 ἁμαρτίαν
1131 5075 1231 5144 τῆς
1255 5074 1489 5144 φύσεως,
1539 5074 1612 5144 μὴ
1656 5091 1821 5144 παρι-

202 5166 307 5218 Ξεῖν
381 5169 493 5221 τὸν
575 5165 716 5217 Θεὸν
774 5166 873 5236 τὴν
941 5167 1148 5219 πτῶσιν
1218 5168 1376 5239 ἡμῶν
1450 5166 1818 5236 ἀπρονόητον·

354 5257 633 5326 ἄγγελόν
658 5273 774 5309 τινα
804 5257 911 5309 τῶν
946 5257 1047 5327 τὴν
1079 5257 1366 5329 ἀσώματον
1392 5258 1690 5331 εἰληχότων
1722 5258 1825 5327 φύ-

208 5366 308 5411 ειν,
345 5347 801 5422 παρακαθιστᾷν
829 5350 908 5411 είς
948 5350 1252 5418 συμμαχίαν
1284 5365 1351 5436 τῇ
1403 5353 1641 5410 ἑκάστου
1684 5349 1820 5420 ζωῇ,

209 5442 269 5494 ἑκ
288 5444 350 5496 δὲ
381 5442 490 5496 τοῦ
528 5442 786 5538 ἐναντίου
806 5481 823 5503 ,
867 5441 959 5493 τὸν
990 5440 1177 5538 φθορέα
1202 5454 1295 5538 τῆς
1321 5421 1556 5537 :Pgaaw;
1589 5443 1822 5513 ἀντιμη-

671 5530 691 5545 ν

212 5534 489 5602 “nico”
546 5531 621 5584 τὸ
670 5531 780 5584 En"
809 5532 898 5586 διὰ
931 5531 1149 5600 πονηροῦ
1184 5531 1343 5641 τινος
1374 5576 1412 5616 κ

1417 5553 1480 5612 αὶ
1517 5536 1821 5597 κακοποιού
1852 5576 1861 5595 ι

1921 1700 1998 1756 De
2027 1703 2356 1771 corporibus
2397 1703 2453 1757 in
2507 1719 2741 1774 corpora
2792 1704 3034 1759 transire
3075 1706 3289 1764 volunt.
3336 1713 3393 1759 et
3422 1705 3489 1759 de

1920 1793 2173 1847 rationali
2215 1803 2410 1848 natura
2446 1795 2609 1850 etiam
2643 1794 2695 1848 in
2730 1796 2960 1849 rationis
2993 1803 3275 1863 expertem
3311 1806 3493 1848 trans—

1921 1883 2073 1939 silire
2130 1886 2377 1939 nonnulli
2436 1892 2723 1949 asserunt,
2780 1885 2893 1939 haec
2953 1886 3111 1954 quasi
3162 1886 3487 1954 prmputium

1920 1973 2367 2030 circumcidenda
2405 1985 2555 2039 sunt,
2591 1976 2892 2045 proculque
2908 1975 3130 2029 omnino
3156 1974 3483 2043 abiicienda.

1920 2066 2090 2122 Deum
2140 2082 2265 2122 esse
2321 2082 2430 2122 non
2477 2076 2699 2139 negant,
2736 2067 2832 2122 sed
2891 2076 2945 2121 et
2984 2066 3320 2120 materialem
3363 2080 3487 2122 eum

1921 2157 2294 2223 arbitrantur;
2360 2168 2669 2214 creatorem
2734 2158 2911 2227 ipsum
2972 2155 3240 2219 fatentur,
3296 2154 3391 2210 sed
3438 2166 3491 2208 et

1920 2249 2148 2303 materia
2174 2249 2242 2304 ad
2297 2249 2597 2304 creandum
2659 2248 2966 2318 indiguisse
3020 2248 3197 2318 ipsum
3254 2247 3489 2307 volunt;

1921 2339 2126 2394 bonum
2157 2348 2211 2395 et
2242 2348 2516 2410 potentem
2542 2356 2668 2395 eum
2704 2340 3033 2403 concedunt,
3083 2338 3176 2395 sed
3212 2340 3265 2392 in
3306 2339 3494 2392 multis

1921 2428 2017 2484 fati
2046 2433 2364 2487 necessitati
2417 2432 2614 2488 cedere
2647 2452 2660 2488 :
2700 2434 2982 2504 multaque
3015 2435 3120 2488 alia
3175 2434 3491 2502 hujusmotli

1921 2530 2052 2578 sunt
2086 2522 2230 2579 veris
2252 2527 2561 2594 excogitata
2597 2526 2927 2590 rationibus,
2979 2528 3074 2581 sed
3116 2526 3374 2580 absurdis
3411 2533 3494 2579 at—

1898 2630 2027 2684 que
2057 2614 2211 2671 falsis
2250 2616 2694 2686 oppositionibus
2745 2620 3052 2684 maculata;
3096 2635 3217 2689 qua:
3240 2619 3284 2672 si
3330 2618 3495 2672 tolla-

1922 2721 2065 2770 mus,
2094 2706 2364 2776 propitius
2398 2708 2557 2762 nobis
2586 2706 2682 2762 Dei
2711 2710 2935 2778 angelus
2954 2711 3047 2773 sit,
3073 2720 3262 2778 utpote
3296 2710 3490 2763 horum

1921 2795 2235 2866 dogmatum
2272 2806 2430 2867 partu
2465 2798 2710 2868 legitimo
2759 2800 3117 2856 exhilaratus.
3158 2799 3262 2856 Sed
3295 2803 3365 2855 ad
3396 2802 3495 2855 iu-

1923 2888 2169 2942 stitutam
2202 2890 2622 2959 explicationem
2660 2892 2968 2953 redeamus,
2995 2901 3051 2946 ut
3076 2894 3356 2947 videamus
3382 2909 3493 2961 quo

1928 2984 2090 3048 pacto
2124 2978 2366 3034 fraterna
2395 2980 2557 3035 nobis
2585 2980 2843 3052 suffragia
2867 2982 3216 3037 subveniaut.
3244 2983 3489 3037 Primum

1928 3070 2096 3140 igitur
2144 3072 2202 3139 in
2259 3071 2416 3126 initio
2454 3072 2629 3142 ipsius
2675 3074 2821 3138 vitae,
2869 3089 2994 3129 eum
3024 3075 3270 3130 virtuose
3306 3076 3495 3129 vivere

1926 3160 2141 3233 Moyses
2173 3163 2386 3225 maluit,
2414 3178 2575 3233 quam
2615 3163 2817 3234 reginae
2852 3164 3001 3219 ﬁlius
3038 3165 3246 3234 absque
3291 3166 3494 3219 virtute

1928 3252 2255 3322 nuncupari,
2295 3253 2595 3309 bellicosus
2647 3255 2869 3324 quidam
2911 3270 3079 3312 casus
3127 3271 3191 3312 ac
3238 3256 3496 3311 militaris

1925 3344 1975 3399 ei
2011 3346 2276 3409 occurrit,
2324 3344 2581 3417 Egyptio
2612 3347 2679 3401 ad
2713 3346 3026 3413 Hebraeum,
3072 3364 3137 3404 ac
3176 3365 3368 3405 rursus
3396 3349 3497 3405 lle-

1926 3436 2073 3491 brazo
2102 3436 2168 3491 ad
2199 3437 2365 3490 alium
2405 3439 2490 3492 sui
2529 3439 2746 3508 generis
2803 3440 3239 3512 insurgentibus.

1998 3528 2201 3585 Deinde
2232 3545 2357 3584 cum
2390 3530 2501 3600 jam
2538 3530 2686 3585 omni
2715 3547 2945 3587 numero
2970 3533 3494 3605 virtutis,longaque

1928 3619 2391 3690 praameditatione
2424 3621 2950 3692 exercitationeque,
2972 3639 3035 3676 ac
3058 3623 3272 3678 demum
3295 3623 3495 3678 divina:

1927 3713 2066 3768 lucis
2081 3713 2292 3769 visione
2311 3729 2342 3767 a
2362 3712 2591 3769 terrenis
2605 3713 2660 3767 in
2676 3713 2867 3768 altiora
2886 3712 2988 3767 fuit
3014 3714 3277 3781 elevatus,
3313 3717 3494 3787 placa-

1926 3806 2051 3861 bilis
2094 3815 2148 3861 et
2181 3812 2365 3875 optata
2399 3804 2584 3861 fratris
2618 3804 2722 3860 sibi
2748 3808 3061 3859 occursatio
3090 3806 3231 3860 facta
3269 3814 3371 3870 est,
3405 3808 3491 3861 di-

1926 3888 2220 3952 vinitus‘ut
2254 3896 2302 3952 ei
2343 3896 2559 3950 obviam
2589 3896 2800 3951 veniret
2832 3897 3073 3951 excitati.
3093 3898 3228 3951 Nam
3248 3898 3492 3968 profecto

1926 3990 1972 4045 si
2001 3989 2333 4059 tropologice
2361 3989 2508 4059 quod
2532 3990 2835 4044 secundum
2866 3989 3154 4043 historiam
3185 3990 3369 4044 evenit
3398 4006 3493 4042 ae-

1927 4082 2182 4152 cipimus,
2223 4090 2356 4136 tunc
2402 4080 2695 4136 manifeste
2728 4079 2972 4135 divinum
3013 4082 3079 4135 ad
3112 4082 3364 4136 virtutem
3394 4098 3491 4134 nos

1928 4174 2010 4228 bis
2039 4173 2401 4244 patrocinium
2429 4171 2655 4227 concedi
2685 4171 3046 4241 reperiemus,
3093 4186 3216 4224 cum
3253 4187 3317 4225 ex
3354 4187 3493 4239 pra:-

1928 4266 2136 4335 scripto
2168 4265 2382 4318 virtutis
2407 4263 2519 4333 jam
2561 4278 2623 4317 ac
2660 4263 2746 4332 pie
2800 4261 3132 4327 vixerimus;
3170 4263 3313 4331 quod
3354 4263 3491 4331 qui-

1926 4360 2047 4414 dem
2081 4356 2445 4428 patrocinium
2488 4355 2661 4424 prima
2706 4354 3057 4425 generatione
3109 4360 3165 4408 et
3215 4353 3495 4407 creatimio

1925 4458 2110 4504 nostra
2183 4445 2464 4515 antiquius
2514 4453 2644 4499 est:
2680 4445 2831 4515 prius
2876 4445 3021 4499 enim
3080 4452 3345 4507 creatum,
3393 4444 3490 4498 sed

1922 4550 2055 4597 tunc
2076 4539 2418 4610 apertissime
2448 4544 2694 4607 apparet,
2715 4551 2839 4591 cum
2872 4552 2973 4591 nos
3006 4538 3154 4608 ipsos
3188 4536 3491 4590 attentione

1923 4647 1986 4686 ac
2016 4645 2148 4684 cura
2189 4628 2398 4683 meliori
2432 4627 2557 4681 vita:
2597 4625 3012 4691 tradiderimus,
3045 4641 3109 4681 ac
3145 4642 3242 4697 pro
3276 4628 3392 4681 zelo
3426 4628 3489 4680 li-

1922 4724 2011 4779 dei
2048 4729 2103 4778 et
2161 4721 2381 4775 virtutis
2433 4718 2732 4772 certamina
2764 4717 3171 4788 susceperimus
3216 4717 3487 4789 graviora.

1925 4814 2124 4869 Verum
2156 4827 2225 4866 ne
2276 4811 2504 4881 aanigma
2553 4808 2796 4864 historia:
2825 4823 2923 4877 per
2968 4809 3254 4879 aenigmata
3291 4807 3495 4876 exponi

1924 4908 2192 4970 videatur,
2239 4904 2403 4958 latius
2430 4902 2575 4973 quod
2610 4902 2787 4957 sentio
2812 4900 3218 4971 explanandqu
3248 4907 3331 4954 est
3354 4919 3377 4953 :-
3398 4914 3493 4953 oc-

1924 4998 2122 5053 cultior
2169 4995 2413 5067 quredant
2464 4992 2710 5052 traditio.
2762 4999 2816 5045 ct
2851 5006 3010 5044 verus
3067 5004 3250 5044 sermo
3289 4989 3354 5041 ad
3391 5005 3494 5042 nos

1924 5106 2099 5161 usque
2122 5085 2431 5151 descendit,
2463 5099 2572 5154 quo
2601 5083 2867 5144 creditur,
2890 5090 3244 5151 posteaquam
3271 5080 3325 5133 in
3364 5096 3491 5150 pee-

1924 5187 2103 5231 eatum
2138 5183 2330 5227 natura
2364 5180 2551 5226 nostra
2597 5172 2745 5239 lapsa
2774 5179 2880 5233 cst,
2927 5184 3034 5222 non
3065 5168 3288 5223 omnino
3316 5183 3348 5221 a
3375 5169 3487 5221 cle-

1924 5262 2124 5317 mentia
2150 5262 2333 5316 divina
2366 5262 2689 5330 neglectam,
2741 5274 2913 5327 neque
2935 5259 3142 5327 absque
3175 5272 3276 5313 suo
3304 5264 3483 5326 patro-

1923 5355 2069 5411 cinio
2098 5353 2401 5413 dimissam.
2425 5351 2519 5406 sed
2553 5351 2894 5421 angelorum,
2943 5350 3035 5419 qui
3069 5358 3261 5402 natura
3302 5348 3482 5400 incor-

1924 5447 2075 5518 porei
2109 5452 2257 5507 sunt,
2301 5444 2535 5512 aliquem
2582 5443 2636 5496 in
2676 5441 3070 5495 adminiculum
3115 5440 3314 5509 cuique
3350 5453 3483 5491 con-

1922 5541 2168 5597 stitutum
2205 5537 2394 5605 fuisse,
2427 5544 2753 5604 naturaeque
2784 5543 2987 5588 nostra:
3025 5539 3402 5601 corruptorem
3430 5531 3495 5581 iu
