4054 6436
493 362 594 418 ’559

1601 383 1611 393 ‘
1682 370 1739 422 S.
1818 366 2477 425 GRECORIINYSSENI

3630 369 3729 426 5ίο

492 478 746 533 onitiibus
771 486 963 531 contra
980 477 1333 541 annitentem,
1372 495 1595 548 pravum
1624 481 1865 550 aliquem
1887 492 2049 553 atque

2171 485 2425 553 ἱαίμονος,
2472 488 2536 553 τῇ
2571 484 2663 535 τοῦ
2699 480 2987 551 ἀνθρώπου
3020 478 3131 549 ζωῇ
3175 478 3596 549 λυμαινόμενον,
3646 479 3733 535 Ἐν

492 568 799 622 maleficum
827 570 1074 624 damnent!
1112 569 1180 623 ad
1201 571 1341 625 male
1367 571 1655 626 vivendum
1678 573 1926 631 homines
1956 577 2058 631 im.

493 658 801 727 pellentem,
860 657 927 711 ad
961 658 1206 728 singulos
1255 658 1581 715 destinasse.
1630 660 1835 716 Horum
1878 674 2060 718 autem

492 747 731 800 medium
769 747 974 801 factum
1022 750 1318 811 hominem,
1377 764 1613 818 quorum
1672 754 1809 809 alter
1856 754 2057 815 bonus,

492 838 713 894 virtutis
736 838 878 894 bona
923 841 1349 910 cogitationibus
1374 842 1550 905 olIert,
1572 859 1693 913 quae
1722 846 1791 899 ab
1828 846 1937 902 illis
1965 847 2058 916 qui

493 941 643 988 recte
666 949 727 989 se
770 937 1060 1005 gesserint,
1103 952 1199 1006 per
1243 951 1393 1006 spem
1438 936 1719 1001 videntur;
1762 937 1897 992 alter
1932 953 2060 992 vero

494 1022 833 1078 titillationes
864 1031 919 1078 et
940 1024 1243 1093 voluptates
1270 1023 1453 1076 carnis
1471 1022 1733 1092 suggerit,
1756 1037 1821 1075 ex
1860 1023 2058 1091 quibus

495 1111 639 1164 nulla
673 1111 939 1165 bonorum
984 1125 1108 1179 spes
1147 1111 1342 1179 surgit,
1395 1110 1489 1163 sed
1523 1126 1609 1164 res
1652 1119 1965 1179 praesentes,
2004 1119 2060 1164 et

493 1203 694 1269 quibus
733 1203 989 1266 fruimur,
1016 1213 1068 1257 et
1094 1218 1232 1272 quas
1254 1203 1553 1265 cernimus,
1602 1202 1883 1256 hominum
1922 1203 2057 1257 insi-

495 1296 756 1362 pientium
785 1310 983 1351 sensus
1030 1296 1085 1348 in
1126 1294 1443 1348 servitutem
1504 1294 1771 1364 redigunt.
1830 1292 1886 1347 Si
1928 1310 2058 1363 ergo

494 1386 796 1454 sejunxerit
828 1403 885 1441 se
914 1390 983 1441 ab
1014 1387 1080 1441 iis
1106 1387 1305 1454 quibus
1327 1386 1390 1440 ad
1419 1386 1620 1440 malum
1658 1386 2055 1455 pelliciehatur,

494 1479 914 1547 cogitationibus
938 1479 1051 1532 suis
1104 1478 1157 1531 in
1208 1478 1403 1533 melius
1460 1477 1772 1541 conversis,
1811 1489 1866 1532 et
1912 1480 2060 1534 velut

498 1565 702 1633 reiecto
735 1565 788 1617 in
826 1574 1033 1634 tergum
1068 1565 1220 1629 vitio,
1272 1572 1533 1634 tanquam
1566 1568 1851 1637 speculum
1885 1569 2060 1634 quod-

494 1654 619 1706 dam
658 1654 897 1706 animum
932 1670 1088 1707 suum
1115 1668 1182 1706 ex
1211 1652 1442 1705 adverso
1472 1652 1587 1721 spei
1616 1650 1930 1705 futurorum
1965 1654 2060 1707 bo-

497 1760 689 1797 norum
722 1745 1025 1806 collocarit,
1050 1744 1130 1797 sic
1162 1751 1219 1796 ut
1244 1750 1479 1796 ostensa:
1507 1742 1772 1797 divinitus
1807 1744 1912 1797 sibi
1950 1745 2059 1796 vir.

2170 576 2319 646 μέσῳ
2358 575 2413 627 δὲ
2448 576 2577 627 ὄντα
2620 575 2725 627 τῶν
2763 572 2857 625 δύο
2895 571 2987 624 τὸν
3013 569 3317 640 ἄνθρωπον,
3348 568 3439 622 τὸν
3471 570 3731 641 ἑκατέρου

2165 662 2276 715 τῶν
2301 664 2697 732 παρεπομένων
2725 662 2923 714 σκοπὸν
2952 658 3289 721 ὑπεναντίως
3334 660 3468 731 πρὸς
3511 660 3602 713 τὸν
3630 661 3737 714 ξτε-

2170 770 2265 823 ρον
2288 753 2498 822 ἔχοντα,
2525 754 2591 806 δι’
2636 751 2827 806 ἑαυτοῦ
2865 752 3036 805 ποιεῖν
3078 750 3221 803 κατά
3265 751 3361 803 τοῦ
3405 751 3563 805 ἄλλου
3613 753 3732 808 ἐπι·

2167 846 2549 915 κρατέστερον.
2587 842 3039 913 Προδεικνύοντος
3065 844 3176 904 τοῖς
3200 842 3480 912 λογισμοῖς
3510 841 3606 894 τοῦ
3639 841 3736 912 μὲν

2165 937 2372 1005 ἀγαθοῦ
2414 936 2482 990 τὰ
2524 936 2622 1006 τῆς
2665 935 2864 1006 ἀρετῆς
2894 935 3093 1002 ἀγαθά,
3143 935 3245 988 ὃσα
3281 935 3349 987 δι’
3392 933 3603 997 ἐλπίδος
3627 936 3736 996 τοῖς

2166 1026 2518 1095 κατορθοῦσιν
2561 1029 2753 1098 ὁρᾶται
2784 1043 2797 1054 ’
2846 1026 2938 1079 τοῦ
2981 1026 3037 1079 δὲ
3080 1026 3269 1097 ἑτέρου
3295 1068 3309 1090 ,
3362 1026 3460 1088 τάς
3516 1025 3735 1088 ὑλώδεις

2165 1118 2377 1187 ἡδονὰς,
2412 1118 2501 1185 ἀφ’
2532 1110 2605 1169 ὧν
2633 1116 2786 1177 ἐλπὶς
2815 1115 2914 1184 μὲν
2945 1114 3165 1182 ἀγαθῶν
3188 1114 3432 1183 οὐδεμία,
3462 1113 3523 1165 τὸ
3546 1113 3601 1165 δὲ
3634 1129 3737 1164 πα·-

2168 1209 2278 1279 ρὸν,
2310 1210 2400 1262 καὶ
2431 1208 2808 1278 μετεχόμενον,
2842 1208 2934 1259 καὶ
2964 1205 3259 1275 ὁρώμενον,
3326 1205 3425 1268 τὰς
3458 1204 3735 1273 αἰσθήσεις

2163 1300 2269 1354 τῶν
2313 1299 2680 1370 ἀνοητοτέρων
2731 1297 3195 1367 ἀνδραποδίζεται.
3251 1294 3422 1366 Εἴπερ
3454 1290 3549 1348 οὖν
3577 1295 3732 1347 ἀλλο-

2163 1391 2419 1464 τριωθείη
2448 1390 2555 1443 τῶν
2583 1390 2675 1443 ἐπὶ
2715 1388 2868 1459 κακῷ
2896 1384 3274 1451 δελεαζόντων,
3308 1386 3443 1455 πρὸς
3468 1384 3530 1439 τὸ
3555 1386 3735 1455 κρεῖτ-

2164 1500 2256 1536 τον
2279 1484 2388 1545 τοῖς
2415 1482 2692 1550 λογισμοῖς
2723 1478 3040 1550 ἐπιτρέψας,
3069 1478 3164 1530 καὶ
3188 1476 3350 1529 οἱονεὶ
3388 1474 3526 1527 κατά
3565 1472 3735 1527 νώτου

2162 1574 2260 1645 τὴν
2299 1574 2494 1627 κακίαν
2527 1573 2778 1643 ἐποίησεν
2799 1588 2816 1604 °
2854 1570 3264 1640 ἀντιπρόσωπον
3290 1568 3387 1638 τὴν
3416 1565 3606 1619 ἑαυτοῦ
3634 1566 3735 1633 ψυ-

2163 1664 2285 1735 χὴν,
2314 1658 2425 1717 οἷόν
2454 1680 2507 1715 τι
2533 1662 2857 1733 κάτοπτρον,
2888 1660 3022 1731 πρὸς
3044 1660 3145 1729 τὴν
3172 1658 3358 1711 ἐλπίδα
3385 1656 3489 1710 τῶν
3514 1656 3736 1724 ἀγαθῶν

2176 1756 2394 1825 στήσας,
2427 1754 2502 1817 ὼς
2528 1753 2628 1822 τῆς
2655 1750 3111 1823 προδεικνυμένης
3136 1748 3283 1818 αὑτῷ
3313 1747 3495 1801 θεόθεν
3536 1742 3730 1818 ἀρετῆς

497 1836 628 1889 tutis
656 1836 869 1904 species
885 1844 938 1889 et
978 1835 1243 1904 imagines
1273 1834 1469 1888 anima:
1499 1849 1612 1888 sua:
1648 1835 1884 1903 puritate
1930 1850 2057 1903 pos-

2171 1845 2265 1908 τάς
2298 1845 2511 1907 εἰκόνας
2554 1861 2612 1896 τε
2659 1845 2750 1896 καὶ
2795 1842 2892 1905 τὰς
2938 1842 3200 1911 ἐμφάσεις
3246 1838 3323 1908 τῷ
3370 1838 3593 1907 καθαρῷ
3636 1837 3734 1906 τῆς

497 1927 568 1980 sit
598 1927 926 1997 exprimere,
968 1935 1096 1979 tunc
1134 1927 1183 1979 ei
1240 1926 1583 1982 manifestius
1626 1927 1812 1981 fratris
1858 1929 2060 1981 auxilia

499 2019 737 2087 undique
761 2029 1046 2088 apparent,
1073 2035 1259 2073 secum
1300 2019 1564 2074 adversus
1595 2020 1781 2074 hostes
1816 2021 2009 2073 armati
2044 2038 2059 2087 ;

498 2109 666 2163 frater
700 2109 844 2163 enim
879 2110 1282 2178 quodammodo
1323 2110 1559 2165 hominis
1600 2111 1786 2164 animo
1837 2113 2062 2181 angelus

496 2210 579 2255 est
613 2200 888 2267 (rationali
950 2200 1150 2269 quippe
1204 2214 1268 2253 ac
1330 2201 1682 2255 intellectuali
1728 2211 1922 2255 natura
1972 2218 2060 2258 se-

498 2307 621 2344 cum
645 2292 1162 2361 anuectunlur),qui
1182 2300 1312 2345 tunc
1343 2294 1578 2346 maxime
1615 2294 1777 2349 nobis
1800 2294 2063 2350 assistere

498 2382 727 2444 videtur,
767 2393 827 2436 ut
871 2383 1074 2436 dictum
1114 2390 1218 2447 est,
1267 2398 1390 2436 cum
1440 2382 1711 2436 Pharaoni
1769 2386 2063 2455 appropin-

498 2489 749 2541 quamus.
789 2472 956 2526 Nemo
979 2481 1161 2527 autem
1200 2474 1441 2528 historiae
1460 2475 1738 2530 veritatem
1766 2491 1861 2543 per
1882 2479 2062 2531 ornnia

499 2580 600 2619 nos
630 2574 787 2634 cogat
823 2564 889 2617 ad
943 2564 1280 2632 prepositum
1346 2563 1803 2630 accommodare;
1866 2580 1963 2619 nec
2014 2566 2061 2621 si

497 2655 626 2726 quid
656 2671 765 2710 non
794 2662 1222 2710 consentaneum
1249 2655 1376 2708 huic
1432 2655 1753 2724 tropologiaa
1806 2656 1861 2709 in
1894 2657 2065 2711 histo-

498 2750 583 2803 ria
639 2748 838 2814 veniat,
889 2748 1095 2802 idcireo
1150 2747 1461 2802 universam
1512 2748 1651 2802 hanc
1697 2749 2065 2819 intelligenda:

500 2839 796 2911 Scriptum
816 2843 958 2895 viam
999 2847 1319 2910 aspernetur
1372 2848 1536 2909 atque
1574 2849 1931 2906 contemnat;
1969 2840 2065 2895 sed

502 2930 835 2997 recordetur,
862 2932 931 2987 ab
956 2932 1109 2985 initio
1140 2933 1325 2987 statim
1358 2946 1458 2985 nos
1490 2930 1719 2995 dixisse,
1742 2944 2062 2999 magnorum

503 3022 743 3077 virorum
779 3024 920 3078 vitas
971 3021 1040 3076 ad
1069 3023 1376 3092 exemplum
1431 3029 1484 3077 et
1529 3022 1890 3078 imitationem
1929 3023 2065 3078 divi-

501 3115 649 3169 nitus
674 3114 832 3168 nobis
863 3130 985 3169 esse
1016 3114 1339 3184 propositas.

576 3204 756 3273 Itaque
813 3220 937 3257 eum
987 3220 1081 3272 per
1125 3202 1443 3257 earumdem
1492 3218 1668 3256 rerum
1702 3203 1919 3266 seriem,
1970 3191 2135 3271 perc

501 3297 719 3351 eosdem
756 3298 877 3348 vitae
916 3310 1099 3357 casus,
1126 3308 1218 3347 aut
1246 3294 1523 3347 materiem
1559 3294 1777 3348 minime
1796 3296 2066 3363 poesituus

501 3402 601 3442 vos
630 3388 861 3449 illlllilri;
895 3386 1171 3451 quomodo
1199 3386 1344 3439 enim
1384 3400 1575 3440 rursus
1606 3401 1671 3439 ex
1724 3388 2067 3457 transmigra-

503 3480 649 3532 tione
681 3479 949 3546 reperitur
993 3476 1386 3545 multiplicatus
1438 3477 1491 3528 in
1533 3476 1768 3545 Aigypto
1813 3478 2064 3546 populus,

506 3580 597 3624 aut
629 3570 901 3639 quomodo
945 3583 1138 3622 rursus
1187 3569 1240 3621 in
1302 3568 1618 3621 servitutem
1653 3568 1858 3636 redigat
1915 3568 2065 3620 illum

507 3676 771 3734 tyrannus
829 3676 958 3730 erga
1000 3659 1295 3713 masculaui
1345 3660 1552 3727 prolem
1611 3659 1883 3713 hostiliter
1938 3658 2068 3712 alie-

505 3769 648 3817 eius,
683 3754 888 3821 quique
934 3752 1222 3805 femineam
1266 3751 1567 3803 molliorem
1607 3758 1772 3819 atque
1808 3750 2071 3803 inﬁrmio-

509 3860 620 3897 rem
649 3861 877 3898 uumero
910 3843 1093 3913 augeri
1117 3844 1374 3911 patiatur,
1397 3854 1697 3912 ceteraque
1723 3844 1928 3901 munia,
1951 3858 2071 3912 quae

507 3936 734 3991 historia
783 3936 1201 4003 complestitur,
1260 3935 1349 3987 ubi
1407 3936 1530 4004 quis
1567 3935 1841 3989 inveniet?
1878 3934 2071 3988 nullibi

450 4084 457 4099 η
509 4029 773 4098 profecto.
806 4027 983 4093 Quare
1030 4028 1287 4096 quoniam
1327 4028 1531 4081 eisdem
1579 4029 1631 4081 in
1666 4029 1830 4082 rebus
1877 4028 2070 4082 beatos

508 4122 654 4176 viros
676 4120 880 4173 imitari
931 4134 1030 4173 nos
1083 4120 1305 4175 minime
1357 4132 1539 4190 posset
1578 4122 1675 4175 fuit
1721 4123 2069 4180 demonstra~

510 4226 646 4278 tum,
669 4212 736 4266 ad
772 4212 1030 4265 moralem
1068 4210 1229 4263 vitam
1266 4209 1332 4262 ab
1369 4210 1630 4263 historica
1674 4214 1836 4275 serie,
1890 4220 2071 4272 omnia

509 4304 882 4366 traducamus,
945 4316 1066 4370 qum
1123 4301 1257 4354 bene
1306 4300 1521 4353 vivendi
1583 4304 1889 4359 rationibus
1935 4322 2071 4361 eon-

506 4401 729 4463 gruuut.
758 4391 939 4445 Potuit
968 4393 1113 4446 enim
1143 4392 1574 4463 profectoﬁeus
1604 4395 1669 4448 ad
1707 4398 2070 4465 posteriorum

2171 1937 2305 2000 ἰδίας
2336 1936 2513 2007 ψυχῆς
2541 1935 2949 1989 ὲντυπώσασθαι
2969 1951 2984 1964 ·
3015 1933 3135 1986 τότε
3161 1933 3307 2002 αὐτῷ
3331 1934 3362 2002 ἡ
3386 1930 3477 1983 τοῦ
3504 1928 3734 1998 ἀδελφοῦ

2170 2030 2454 2099 συμμαχία
2511 2030 2740 2098 συναντᾷ
2784 2028 2877 2081 καὶ
2933 2025 3261 2079 συνίσταται.
3332 2022 3581 2090 Ἀδελιεοδς
3624 2021 3736 2091 γὰρ

2166 2123 2365 2192 τρόπον
2394 2120 2512 2174 τινὰ
2543 2119 2684 2173 κατά
2728 2119 2788 2171 τὸ
2830 2117 3043 2186 λογικόν
3071 2134 3130 2169 τε
3165 2118 3256 2169 καὶ
3282 2114 3465 2185 νοερὸν
3497 2114 3596 2183 τῆς
3629 2113 3736 2182 dru-

2166 2214 2267 2284 χῆς
2292 2212 2383 2265 τοῦ
2414 2211 2721 2282 ἀνθρώπου,
2746 2213 2773 2264 6
2799 2210 3045 2278 ἄγγελος,
3070 2210 3097 2260 6
3125 2208 3243 2260 τότε
3272 2205 3476 2276 (καθὼς
3497 2203 3734 2274 εἴρηται)

2166 2303 2487 2373 φαινόμενος
2532 2319 2591 2354 τε
2637 2304 2731 2354 καὶ
2775 2301 3215 2369 παριστάμενος,
3258 2298 3387 2351 ὅταν
3429 2295 3504 2365 τῷ
3535 2293 3738 2365 Φαραὼ

2168 2394 2632 2467 προσεγγίζωμεν.
2682 2392 2884 2463 Μηδεὶς
2924 2392 2981 2444 δὲ
3023 2380 3331 2460 διόλουλτὴν
3364 2389 3461 2457 τῆς
3493 2387 3737 2457 ἱστορίας

2166 2486 2381 2539 ἔκθεσιν
2412 2482 2831 2555 παρατεθεῖσθαι
2873 2481 2950 2550 τῷ
2983 2480 3157 2550 εἱρμῷ
3207 2483 3305 2551 τῆς
3353 2478 3608 2547 τοιαύτης
3639 2476 3737 2529 τοῦ

2166 2578 2255 2630 νοῦ
2304 2577 2534 2647 θεωρίας
2577 2575 2833 2645 νομίζων,
2877 2573 2929 2625 εἴ
2973 2572 3074 2625 πού
3103 2589 3155 2624 τι
3193 2571 3299 2625 τῶν
3330 2568 3737 2641 γεγραμμένων

2168 2670 2271 2735 ἔξω
2299 2668 2500 2736 ταύτης
2528 2666 2634 2736 τῆς
2666 2663 2903 2726 διανοίας
2947 2662 3278 2733 εὑρίσκοιτο,
3310 2660 3372 2713 δι’
3402 2659 3610 2712 ἐκείνου
3641 2660 3738 2710 καὶ

2164 2762 2228 2813 τὸ
2256 2763 2360 2814 πᾶν
2389 2759 2648 2812 ἀθετείτω
2665 2774 2679 2787 ⁶
2711 2755 2827 2809 ἀλλ’
2856 2756 2940 2807 ἀεὶ
2964 2754 3259 2824 μεμνήσθω
3286 2752 3381 2805 τοῦ
3406 2750 3607 2805 σκοποῦ
3627 2750 3738 2803 τῶν

2167 2854 2359 2921 λόγων,
2395 2852 2527 2924 πρδς
2554 2850 2610 2901 ὃν
2637 2850 2918 2919 βλέποντες
2944 2846 3116 2900 ταῦτα
3144 2842 3546 2916 διεξερχόμεθα,
3574 2842 3741 2905 εὐθὺς

2168 2948 2224 2998 ὲν
2274 2943 2573 3016 προοιμίοις
2625 2942 2979 3005 ὲπειπόντες,
3024 2939 3134 2992 τῶν
3183 2936 3481 3007 εὐδοκίμων
3530 2934 3742 3005 ἀνδρῶν

2170 3039 2293 3099 τοὺς
2339 3035 2486 3105 βίους
2523 3036 2602 3097 εἰς
2635 3034 2831 3104 ἀρετῆς
2866 3032 3169 3101 ὑπόδειγμα
3210 3031 3320 3092 τοῖς
3359 3025 3556 3098 ἑφεξῆς
3605 3041 3743 3095 προ-

2171 3128 2406 3181 κεῖσθαι.

2251 3218 2400 3269 Ἐπεὶ
2447 3211 2538 3269 οὖν
2579 3215 2643 3267 δι’
2691 3215 2860 3284 αὐτῆς
2921 3212 3029 3266 τῶν
3075 3213 3411 3284 πραγμάτων
3457 3210 3557 3279 τῆς
3605 3208 3740 3280 ὕλης

2167 3311 2340 3364 ἐλθεῖν
2360 3310 2483 3370 τοὺς
2514 3306 2810 3376 ζηλοῦντας
2833 3304 2899 3357 τὰ
2924 3305 3165 3370 ἐκείνων,
3200 3305 3299 3374 οὐχ
3326 3298 3439 3356 οἷόν
3462 3320 3523 3355 τε
3542 3320 3555 3334 ·
3597 3302 3742 3373 (πῶς

2168 3402 2276 3472 γὰρ
2318 3399 2383 3453 ἂν
2424 3399 2668 3469 εὑρεθείη
2702 3398 2863 3450 πάλιν
2886 3401 2915 3450 6
2943 3401 3006 3450 ὲκ
3034 3396 3373 3467 μετοικεσίας
3401 3398 3456 3448 ἐν
3479 3393 3743 3463 Αἰγύπτῳ

2168 3495 2293 3556 λαδς
2328 3491 2772 3561 πληθυνόμενος;
2826 3491 2859 3559 ἢ
2912 3488 3071 3541 πάλιν
3113 3487 3597 3557 καταδουλούμενος
3643 3486 3744 3539 τύ-

2174 3604 2379 3657 ραννος,
2410 3587 2437 3637 ὁ
2468 3585 2603 3655 πρὸς
2626 3582 2723 3652 τὴν
2755 3581 2956 3652 ἄρρενα
2990 3581 3152 3651 γονὴν
3189 3578 3465 3650 δυσμενῶς
3493 3578 3653 3649 ἔχων,
3679 3580 3744 3632 τὸ

2169 3678 2225 3731 δὲ
2278 3673 2661 3745 μαλακώτερόν
2719 3690 2778 3724 τε
2833 3673 2926 3725 καὶ
2976 3671 3358 3739 ἀσθενέστερον
3405 3670 3483 3732 είς
3538 3668 3745 3738 πλῆθος

2171 3768 2367 3834 αῦξων,
2410 3768 2501 3819 καὶ
2543 3764 2708 3820 τᾶλλα
2750 3765 2948 3827 πάντα,
2998 3766 3099 3816 ὅσα
3141 3762 3379 3833 περιέχει
3423 3764 3451 3815 6
3500 3761 3655 3830 λόγος
3683 3762 3745 3825 ;)

2172 3861 2291 3913 ἐπεὶ
2326 3856 2420 3913 οὖν
2452 3858 2706 3911 ἀδύνατον
2738 3855 3026 3925 ἀπεδείχθη
3049 3855 3114 3907 δι’
3144 3854 3318 3907 αὐτῶν
3348 3854 3453 3905 τῶν
3484 3852 3748 3923 πραγμά-

2172 3970 2278 4006 των
2312 3950 2380 4004 τὰ
2417 3949 2523 4003 τῶν
2558 3949 2836 4019 μακαρίων
2872 3945 3208 4019 μιμήσασθαι
3246 3943 3527 4014 θαύματα,
3575 3959 3747 4012 μεταο

2173 4044 2404 4117 ληπτέον
2435 4044 2499 4097 ἂν
2541 4042 2647 4110 εἴη,
2683 4042 2816 4112 πρός
2865 4057 2986 4093 τινα
3039 4038 3231 4109 ἠθικὴν
3278 4034 3640 4099 διδασκαλίαν,
3677 4035 3748 4087 ὲκ

2172 4136 2272 4205 τῆς
2303 4134 2489 4201 ὑλικῆς
2524 4130 2842 4194 ἀκολουθίας
2870 4130 2937 4183 τὰ
2966 4130 3283 4198 ἐνδεχόμενα
3306 4145 3318 4159 ο
3360 4125 3425 4179 δι’
3457 4120 3530 4179 ὧν
3559 4124 3624 4177 ἄν
3656 4142 3748 4187 τις

2175 4226 2379 4293 γένοιτο
2404 4226 2517 4285 τοῖς
2547 4222 2681 4292 πρὸς
2706 4221 2904 4291 ἀρετὴν
2936 4217 3291 4271 ἐσπουδακόσι
3333 4217 3468 4286 πρὸς
3501 4213 3750 4267 τοιοῦτον

2177 4317 2289 4386 βίον
2317 4314 2591 4385 συνεργία.
2622 4313 2685 4365 El
2715 4313 2772 4365 δέ
2795 4328 2849 4363 τι
2877 4311 2983 4363 τῶν
3012 4312 3068 4362 ὲν
3093 4310 3155 4379 τῇ
3187 4309 3393 4379 ἱστορία
3419 4306 3749 4375 γεγονότων,

2176 4409 2279 4474 ἔξω
2310 4408 2402 4460 τοῦ
2432 4406 2624 4477 εἱρμοῦ
2656 4406 2754 4474 τῆς
2783 4404 3070 4473 ἀνειμένης
3094 4402 3349 4463 διανοίας.
3376 4402 3409 4470 ὴ
3452 4398 3560 4450 τῶν
3598 4414 3753 4467 πρα-

512 4485 895 4555 perfectionem
939 4485 1243 4553 priscorum
1276 4487 1439 4541 vitam
1467 4487 1518 4540 iu
1558 4490 1865 4557 exemplum
1904 4493 2068 4548 altius

2176 4502 2401 4571 γμάτων
2425 4499 2635 4568 ἀνάγκη
2668 4499 2850 4550 πεσεῖν
2882 4495 3166 4548 ὲδιάσατο’
3203 4491 3542 4562 ὑπερϐάντας
3561 4488 3755 4550 τοῦτο,

512 4576 839 4631 intellectam
875 4575 1306 4631 accommodare.
1341 4578 1520 4643 Quare
1564 4579 1610 4631 si
1654 4580 1799 4647 quod
1833 4580 2074 4638 historia;

510 4668 713 4722 dictum
772 4681 881 4721 non
928 4671 1152 4722 omnino
1197 4669 1474 4737 proposito
1514 4672 1788 4735 convenit,
1836 4672 1887 4728 id
1940 4690 2075 4743 prie-

514 4759 898 4820 termittentes,
953 4774 1021 4813 ne
1072 4760 1243 4813 series
1281 4761 1642 4828 expositionis
1688 4765 2072 4830 intercidatur,

511 4865 633 4919 qua:
661 4848 851 4903 idonea
884 4858 1012 4903 sunt
1060 4849 1475 4919 conjungemus.
1502 4850 1624 4906 Haec
1664 4854 1798 4917 dixi,
1838 4873 1904 4912 ne
1951 4861 2075 4928 quis

514 4942 647 4995 mihi
707 4940 951 5010 objiciat,
1002 4956 1244 5011 congrue
1295 4942 1512 5009 quidem
1567 4945 1674 5007 hic,
1727 4964 1823 5015 pro
1871 4953 2073 5013 Aaron,

514 5034 684 5088 fratre
719 5032 891 5103 Moysi
915 5033 1142 5102 majore,
1182 5038 1435 5105 angelum
1475 5040 1758 5094 custodem
1794 5042 1955 5097 nobis
1993 5045 2078 5097 di-

510 5125 718 5179 vinitus
748 5124 960 5189 datum,
1009 5141 1112 5181 nos
1148 5128 1590 5186 subintellexisse
1619 5149 1635 5197 ;
1684 5147 1808 5185 nam
1840 5142 1893 5186 et
1927 5136 2077 5202 prior

515 5223 706 5270 natura
746 5217 991 5286 angelica
1022 5228 1126 5281 est,
1162 5231 1216 5274 et
1246 5222 1598 5277 intellectuali
1648 5238 1712 5278 ac
1749 5225 2076 5294 incorporali

513 5322 637 5361 cum
674 5307 914 5360 humano
940 5308 1217 5364 videretur
1255 5313 1438 5367 animo
1467 5315 1776 5379 convenire,
1797 5332 1895 5369 nec
1924 5318 2082 5370 dubi-

514 5407 633 5453 tare
666 5415 725 5454 se
776 5400 982 5453 auxilio
1002 5402 1174 5456 nobis
1210 5404 1447 5460 maxime
1485 5413 1616 5460 tunc
1653 5422 1795 5472 esse,
1820 5423 1944 5461 cum
1986 5409 2081 5461 ad-

516 5508 710 5547 versus
734 5494 1109 5562 incorporaies
1143 5494 1330 5551 hostes
1355 5498 1710 5565 insurgimus,
1753 5514 1863 5553 non
1898 5506 2082 5555 tamen

515 5593 663 5638 recte
699 5598 797 5652 pro
831 5583 952 5649 hoc,
992 5585 1149 5654 quasi
1189 5586 1358 5641 fratre
1411 5589 1568 5642 nobis
1623 5588 1817 5657 angelo
1866 5604 2084 5660 semper

516 5675 697 5727 Aaron
738 5676 857 5744 capi
901 5691 1077 5744 posse.
1098 5674 1229 5730 Nam
1279 5694 1401 5732 cum
1454 5678 1633 5733 Aaron
1682 5681 1791 5733 dux
1842 5680 2083 5736 Hebrmis

518 5764 585 5818 ad
641 5766 1001 5821 idololatriam
1058 5769 1223 5824 fuisse
1263 5769 1529 5835 videatur,
1592 5781 1645 5825 ut
1695 5770 1918 5826 historia
1965 5781 2076 5826 tra-

2178 4591 2251 4652 ὼς
2292 4589 2426 4658 πρὸς
2473 4586 2562 4638 τὸν
2606 4584 2871 4655 ἡμέτερον
2921 4582 3118 4636 σκοπὸν
3163 4580 3470 4642 ἀλυσιτελὲς
3512 4578 3606 4632 καὶ
3651 4579 3749 4631 ἀνι

2176 4681 2382 4749 ὁνητον,
2420 4677 2494 4746 μὴ
2538 4676 2847 4728 διακόπτειν
2884 4675 2942 4726 ὲν
2978 4667 3059 4734 οἷς
3089 4670 3261 4735 ἔξεστι
3288 4673 3387 4740 τῆς
3415 4669 3614 4740 ἀρετῆς
3643 4669 3761 4739 τὴν

2176 4770 2466 4840 ὑφήγησιν.
2496 4765 2680 4819 Ταῦτα
2709 4764 2765 4816 δέ
2791 4781 2932 4833 φημι
2959 4765 3082 4832 περὶ
3105 4762 3213 4816 τῶν
3238 4762 3378 4814 κατά
3406 4761 3498 4813 τὸν
3535 4759 3761 4830 ’Δαρὼν

2176 4862 2494 4931 νοηθέντων,
2537 4857 2597 4909 τὸ
2638 4856 2955 4910 ἀντιπίπτον
3003 4852 3065 4906 ἐκ
3108 4853 3202 4905 τοῦ
3243 4851 3534 4906 ἀκολούθου
3585 4850 3764 4921 θερα-

2179 4952 2377 5005 πεύων.
2428 4950 2572 5021 Ἑρεῖ
2622 4948 2729 5017 γάρ
2761 4964 2865 5011 τις,
2895 4948 2954 4999 τὸ
2996 4946 3093 5016 μὲν
3124 4943 3399 5011 συγγενῶς
3430 4943 3572 5012 ἔχειν
3608 4944 3762 5013 πρὸς

2177 5044 2275 5110 τὴν
2301 5041 2473 5110 ψυχὴν
2500 5042 2555 5091 ἐν
2581 5037 2657 5106 τῷ
2683 5037 2856 5105 νοητῷ
2878 5053 2937 5088 τε
2965 5035 3059 5088 καὶ
3082 5034 3357 5104 ἀσωμάτῳ
3383 5034 3473 5087 τὸν
3493 5032 3769 5100 ἄγγελον,

2180 5132 2351 5185 καὶτὸ
2373 5130 2792 5200 προγενέστερον
2814 5129 2911 5198 τῆς
2930 5127 3203 5198 ἡμετέρας
3225 5125 3565 5195 κατασκευῆς
3583 5121 3767 5190 εἶναι,

2180 5225 2274 5276 καὶ
2313 5223 2375 5275 τὸ
2418 5219 2761 5273 συνίστασθαι
2794 5221 2905 5281 τοῖς
2941 5219 3075 5288 πρὸς
3100 5221 3226 5280 τοὺς
3254 5216 3577 5278 ἀντιπάλους
3608 5223 3773 5287 cuit-

2182 5314 2555 5385 πλεκομένοις,
2594 5312 2668 5382 μὴ
2715 5311 3117 5381 ἀμφισάλλειν’
3169 5311 3244 5382 μὴ
3297 5311 3394 5382 μέν
3438 5326 3522 5363 τοι
3568 5309 3771 5374 καλῶς

2182 5407 2343 5476 ἔχειν,
2374 5406 2453 5467 εἰς
2485 5403 2691 5456 ἐκείνου
2718 5402 2905 5467 τύπον,
2944 5402 3035 5454 τὸν
3084 5400 3293 5471 Ἀαρὼν
3331 5402 3492 5462 νοεῖν,
3524 5399 3615 5451 τὸν
3649 5399 3773 5471 τῆς

2183 5496 2621 5567 εῖδωλολατρείας
2676 5496 2790 5557 τοῖς
2853 5494 3209 5567 Ἰσραηλίταις
3270 5493 3775 5565 καθηγησάμενον-

2184 5591 2326 5663 Πρὸς
2357 5592 2416 5644 ὃν
2454 5589 2702 5663 ἐροῦμεν,
2734 5590 2827 5641 τὸν
2857 5589 3045 5657 εἱρμὸν
3074 5587 3427 5657 ὑπερϐάντες,
3462 5583 3640 5639 ταῦτά
3672 5601 3775 5646 τε,

2186 5681 2221 5735 ἃ
2248 5682 2569 5751 εἰρήκαμεν,
2602 5678 2768 5731 ὅτιτὸ
2794 5678 2898 5741 ἔξω
2927 5676 3019 5729 τοῦ
3060 5675 3259 5728 σκοποῦ
3294 5674 3369 5747 μὴ
3400 5675 3580 5741 λόγοις
3619 5676 3785 5728 ἁνα-

2185 5773 2432 5844 τρεπέτω
2488 5770 2585 5843 τὴν
2650 5772 2706 5824 ὲν
2747 5774 2855 5833 τοῖς
2905 5769 3106 5831 λοιποῖς
3151 5767 3441 5838 ἁρμονίαν,
3493 5767 3622 5833 καὶ,
3676 5767 3785 5824 ὅτι,
