4054 6436
220 222 229 228 ’
283 246 354 301 3h
1544 258 1629 311 DE
1669 258 1785 314 Vir

1887 261 2132 318 IOYSIS.
3349 277 3465 331 διο·

281 362 502 435 ὁμώνυμόν
524 380 571 416 τι
599 362 786 434 χρῆμα
830 351 926 421 καὶ
958 366 1018 421 τό
1048 369 1140 422 τοῦ
1177 369 1404 439 ἀδελφοῦ
1449 375 1542 426 καὶ
1583 376 1643 428 τὸ
1686 377 1777 430 τοῦ

1887 377 2043 445 dit“,
2078 381 2348 449 quomodo
2392 397 2515 436 eum
2550 398 2649 453 pro
2681 383 2819 439 duce
2867 386 3084 458 pictatis
3115 391 3309 459 angelo
3345 407 3447 462 po-

277 460 452 530 ἁγγέλου
476 458 633 523 ἐστὶν,
678 460 808 525 ίσως
845 463 929 531 ἐφ’
960 462 1202 536 ἑκατέρῳ
1240 467 1351 519 τῶν
1396 469 1783 539 ἀντικειμένων

277 555 363 615 ταῖς
386 551 652 621 σημασίαις
684 553 1152 625 ὲιραρμοζόμενον.
1198 557 1273 609 υύ
1299 559 1408 629 γὰρ
1440 561 1503 630 δὴ
1530 561 1623 614 τοῦ
1649 561 1781 615 Θεοῦ

275 644 422 713 μόνον,
453 641 575 696 ἀλλὰ
618 644 713 697 καὶ
755 645 850 698 τοῦ
890 646 1104 701 Σατανᾶ
1141 648 1370 716 ἄγγελος
1419 651 1739 721 ὀνομάζεται
1768 671 1780 684 ·

270 736 340 787 ut
370 734 420 787 ού
454 734 533 787 τὸν
572 736 807 806 χρηστὸν
851 737 1032 803 μόνον,
1063 738 1198 793 ἀλλά
1246 742 1338 793 καὶ
1391 743 1480 795 τὸν
1526 745 1778 813 πονηρὸν,

271 824 445 892 uaga;
498 824 785 895 καλοῦμεν.
822 827 978 881 Οὕτω
1020 829 1129 901 γάρ
1172 847 1335 900 φησιν
1382 834 1413 902 ἡ
1448 833 1659 905 Γραφὴ,
1692 836 1784 888 ὲπί

366 915 455 969 τῶν
474 918 870 989 χρηστοτέρων·
915 920 1157 990 Ἀδελφοί
1189 924 1246 974 ὲν
1282 924 1545 993 ἀνάγκαις
1586 929 1781 995 χρήσι-

269 1020 335 1074 μοι
358 1004 569 1058 ἔστωσαν
588 1021 601 1033 ⁸
650 1007 745 1058 ἐπὶ
776 1006 835 1059 δὲ
862 1007 969 1061 τῶν
996 1008 1272 1077 ἐναντίων,
1305 1012 1385 1067 ὅτι
1422 1014 1535 1077 Πᾶς
1559 1015 1781 1083 ἀδελφὸς

268 1096 425 1167 πτέρνῃ
454 1100 706 1166 πτερνιεῖ.
735 1097 920 1152 Ταῦτα
946 1099 1004 1153 δὲ
1031 1103 1096 1171 τῇ
1127 1102 1418 1174 ἀκολουθίᾳ
1445 1106 1782 1176 παραθέντες

265 1187 506 1256 τοῦλόγου,
529 1190 624 1241 καὶ
644 1190 743 1262 τὴν
768 1191 1161 1262 ἀκριϐεστέραν
1192 1195 1320 1265 περὶ
1345 1197 1522 1250 αὐτῶν
1552 1198 1781 1269 θεωρίαν

262 1280 321 1334 si;
344 1277 419 1330 τὸν
441 1278 560 1331 [διον
586 1278 950 1350 ὑπερθέμενοι
982 1283 1165 1347 τόπον,
1206 1285 1301 1338 νῦν
1340 1286 1447 1340 τῶν
1484 1290 1780 1359 προκειμέ-

262 1386 341 1421 νων
383 1369 650 1440 ἀξιώμεθα.
708 1372 766 1425 ’0
810 1373 989 1427 τοίνυν
1018 1375 1208 1429 ἑαυτόν
1242 1394 1301 1430 τε
1348 1378 1427 1448 τῷ
1470 1379 1780 1447 ἐπιφανέντι

258 1462 366 1526 φωτὶ
399 1460 732 1532 δυναμιὶισας,
776 1464 870 1516 καὶ
908 1464 998 1518 τὸν
1026 1465 1265 1520 τοιοῦτον
1294 1467 1517 1538 ἀδελφὸν
1559 1470 1780 1541 σύμμακ

258 1552 328 1620 τόν
352 1570 402 1605 τε
430 1554 513 1606 καὶ
543 1554 905 1625 παραστάτην
934 1556 1291 1628 κτησάμενος,
1321 1560 1534 1631 θαρσῶν
1564 1562 1640 1631 τῷ
1668 1563 1781 1633 λαῷ

254 1645 352 1707 τοὺς
380 1646 502 1716 ὑπὲρ
553 1647 655 1717 τῆς
699 1647 960 1716 ἀληθείας
1004 1650 1269 1721 προσάγει
1301 1651 1508 1722 λόγους,
1551 1656 1643 1707 καὶ
1684 1656 1780 1724 τῆς

257 1737 482 1807 πατρικῆς
504 1738 786 1806 εὐγενείας
817 1740 1244 1812 ὑπομιμνήσκει,
1275 1745 1367 1796 καὶ
1397 1745 1544 1808 ὅπως
1575 1746 1641 1799 ἂν
1676 1722 1782 1811 ἔξω
1818 1722 1855 1775 Β

252 1830 447 1892 γένοιντο
471 1832 564 1902 τῆς
595 1832 752 1902 παρά
780 1832 872 1885 τὸν
904 1832 1069 1903 πηλὸν
1103 1835 1196 1887 καὶ
1222 1836 1319 1905 τὴν
1345 1836 1565 1890 πλίνθον
1591 1840 1749 1892 ταλαι

255 1924 441 1993 πωρίας,
483 1925 670 1979 δίδωσι
712 1926 957 1997 γνώμην.
1013 1927 1078 1980 Τί
1127 1924 1218 1981 οὖν
1264 1932 1410 1999 ἡμᾶς
1446 1930 1534 1983 διὰ
1581 1932 1780 1985 τούτων

255 2015 450 2071 παιδεύει
476 2020 507 2088 ἡ
536 2018 753 2088 ἱστορία
780 2036 794 2083 ;
845 2020 907 2072 τὸ
943 2019 1075 2091 μηδὲ
1105 2024 1451 2092 κατατολμᾷν
1493 2025 1591 2093 τῆς
1621 2026 1678 2075 ὲν
1705 2024 1782 2094 τῷ

253 2103 339 2174 λαῷ
361 2107 543 2176 φωνῆς,
585 2108 684 2160 τὸν
728 2110 802 2179 μὴ
839 2110 926 2162 διὰ
961 2111 1054 2180 τῆς
1094 2113 1344 2183 τοιαύτης
1389 2116 1611 2185 ἀγωγῆς
1648 2117 1783 2185 πρὸς

252 2194 325 2265 τὴν
345 2196 438 2250 τῶν
466 2198 680 2251 πολλῶν
711 2200 929 2269 ὁμιλίαν
956 2201 1047 2254 τὸν
1079 2203 1234 2271 λόγον
1266 2207 1778 2274 παρασκευάσαντα.

258 2285 388 2357 Ὁρᾷς
410 2289 529 2361 γὰρ,
563 2290 646 2352 ὡς
680 2290 799 2352 νέος
826 2290 901 2343 ὢν
928 2290 1026 2357 ἔτι,
1059 2294 1188 2362 πρὶν
1222 2295 1301 2355 εἰς
1329 2294 1581 2348 τοσοῦτον
1616 2296 1781 2366 αὐξη-

252 2374 373 2444 υῆναι
401 2381 459 2449 τῇ
486 2381 683 2451 ἀρετῇ,
718 2382 811 2433 ἐπὶ
852 2382 943 2435 δύο
975 2384 1135 2437 τινῶν
1168 2385 1469 2456 ἀνθρώπων
1508 2387 1608 2441 οὐκ
1632 2387 1779 2453 ἀξιό-

250 2482 399 2531 πιστος
440 2472 702 2542 ἐνομίσθη
755 2472 1059 2541 σύμϐουλος
1108 2476 1331 2546 είρήνης
1380 2477 1627 2544 γενέσθαι
1670 2483 1780 2542 τοῖς

249 2558 545 2625 στασιάζουσι
569 2580 582 2592 σ
636 2563 733 2615 νῦν
764 2563 822 2617 δὲ
849 2565 1134 2628 τοσαύταις
1168 2568 1393 2636 μυριάσι
1423 2570 1561 2623 κατὰ
1588 2571 1781 2623 ταύτὸν

245 2649 523 2720 διαλέγεται,
574 2658 865 2727 μονονουχὶ
917 2656 1127 2728 βοὼσης
1176 2676 1256 2713 σοι
1302 2663 1473 2715 τοῦτο
1502 2663 1600 2732 τῆς
1643 2666 1782 2716 ἱστο-

244 2742 360 2809 ρίας,
391 2747 459 2817 μὴ
490 2748 796 2818 ὲπιτολμᾷν
838 2751 895 2800 ὲν
920 2748 1241 2822 διδασκαλίᾳ
1274 2756 1336 2822 τῇ
1374 2743 1646 2825 συμϐουλῇ
1674 2754 1782 2806 τῶν

242 2832 521 2896 ἀκουόντων,
550 2838 600 2889 εἰ
632 2837 711 2907 μὴ
738 2836 825 2889 διὰ
860 2839 1113 2908 τοιαύτης
1153 2843 1245 2893 καὶ
1290 2843 1557 2913 τοσαύτης
1585 2845 1782 2913 ἐπιμε-

180 2974 183 2975 ,
244 2923 360 2987 λείας
383 2928 415 2995 ἡ
439 2930 564 2999 περὶ
586 2927 787 2982 τούτου
817 2930 1185 3001 κατορθωθείη
1219 2951 1300 2986 σοι
1330 2933 1577 3004 δύναμις.
1624 2937 1781 2990 Ἀλλά

240 3021 505 3088 γενομένων
540 3022 655 3075 τῶν
689 3024 1068 3094 χρηστοτέρων
1095 3023 1296 3091 λόγων,
1350 3029 1441 3080 καὶ
1484 3031 1582 3097 τῆς
1628 3029 1779 3080 ἐλευ-

239 3106 391 3178 θερίας
428 3113 866 3183 ὑποδειχθείσης,
913 3115 1003 3169 κα)⁸
1035 3116 1138 3167 τῶν
1179 3118 1485 3169 ἀκουόντων
1518 3119 1654 3188 πρὸς
1682 3119 1782 3189 τὴν

236 3199 490 3272 ἐπιθυμίαν
544 3205 760 3275 ταύτην
813 3204 1259 3277 ἑπιρῤωσθέντων
1285 3247 1299 3269 ,
1357 3208 1711 3278 παροξύνεται
1755 3212 1785 3263 ὁ

238 3298 475 3369 πολέμιος,
509 3305 608 3357 καὶ
640 3302 902 3356 ἐπιτείνει
947 3300 1046 3369 τὴν
1080 3304 1345 3374 ἀλγηδόνα
1385 3307 1496 3369 τοῖς
1526 3307 1784 3376 ὑπηκόοις

230 3389 303 3443 τοῦ
328 3392 497 3460 λόγου.
533 3395 681 3448 Οὐδὲ
709 3395 865 3447 τοῦτο
892 3395 995 3458 ἔξω
1036 3396 1141 3447 τῶν
1186 3394 1280 3449 νῦν
1315 3397 1614 3466 γινομένων
1645 3398 1780 3450 ἐστί.

271 3574 447 3630 Πολλοὶ
460 3577 573 3648 γὰρ
590 3577 705 3631 τῶν
721 3577 1180 3647 παραδεξαμένων
1196 3580 1286 3631 τὸν
1304 3579 1670 3652 ὲλευθερωτὴν
1689 3581 1784 3650 τῆς

227 3668 507 3733 τυραννίδος
536 3668 726 3736 λόγον,
774 3667 867 3720 καὶ
896 3667 1305 3738 προστιθέμενοι
1336 3669 1415 3738 τῷ
1449 3671 1783 3741 κηρύγματι,

224 3756 359 3827 μέχρι
403 3758 499 3812 τοῦ
553 3759 659 3812 νῦν
699 3761 819 3820 ταῖς
848 3759 954 3810 τῶν
1006 3759 1323 3829 πειρασμῶν
1364 3759 1653 3829 προϐολαῖς
1683 3762 1787 3815 ὑπὸ

224 3846 299 3898 τοῦ
337 3850 729 3921 ἀντικειμένου
761 3848 1194 3919 ὲπηρεάζονται·
1248 3850 1308 3915 ἐξ
1354 3845 1428 3903 ὧν
1462 3850 1645 3904 πολλοὶ
1688 3853 1787 3921 μὲν

217 3936 555 4013 δοκιμώτεροι
591 3942 694 3995 καὶ
726 3939 1061 4011 βεϐαιότεροι
1093 3942 1220 4011 περὶ
1263 3941 1365 4011 τὴν
1400 3942 1583 3994 πίστιν
1630 3942 1784 3996 καθί-

219 4045 437 4094 στανται,
490 4037 563 4104 τῇ
602 4031 848 4104 προδολῇ
895 4031 1003 4085 τῶν
1053 4030 1362 4086 λυπούντων
1406 4033 1784 4105 στομούμενοι.

219 4120 317 4175 Τῶν
359 4124 415 4178 δὲ
464 4123 886 4194 ἀσθενεστέρων
937 4123 1080 4185 τινὲς
1127 4126 1219 4177 καὶ
1267 4124 1624 4190 ὲποκλάζουσι
1677 4128 1787 4187 τοῖς

215 4218 451 4281 τοιούτοις
500 4216 920 4289 συμπτώμασιν
945 4257 959 4280 ,
1015 4216 1272 4287 ἄντικρυς
1334 4218 1513 4270 ἐκεῖνα
1560 4217 1787 4285 φθεγγό-

214 4323 366 4374 μενοι.
405 4311 470 4363 τὺ
503 4308 818 4363 λυσιτελεῖν
858 4307 1040 4370 αὐτοῖς
1086 4305 1284 4377 μᾶλλον
1323 4308 1574 4378 ἀνηκόοις
1610 4311 1786 4377 μεῖναι

1888 471 2051 525 situm
2086 472 2157 526 ab
2178 473 2404 528 historia
2438 474 2767 528 credendum
2812 478 2931 532 est?
2960 477 3072 534 lloe
3119 481 3287 552 igitur
3320 500 3452 553 pra:-

1886 565 2291 620 termittendum
2327 566 2509 622 forsan
2541 567 2664 631 erit,
2692 568 2737 622 si
2777 570 3005 624 omnino
3036 575 3447 630 accommodari

1886 672 1993 709 non
2031 657 2243 726 possit:
2283 659 2529 727 quamvis
2565 660 2742 730 angeli
2776 677 2994 731 quoque
3035 678 3259 729 nomen,
3307 675 3364 720 ut
3397 675 3453 723 et

1887 743 2070 800 fratris
2104 746 2168 800 ad
2205 756 2492 818 utramque
2529 756 2739 819 partem
2780 765 2809 802 a
2860 748 3147 821 Scriptura
3199 755 3442 823 positum

1886 833 2229 891 inveniamus
2266 854 2279 901 ;
2318 852 2425 891 non
2468 839 2610 891 enim
2674 836 2763 891 Dei
2796 838 2994 904 solum,
3048 855 3238 893 verum
3284 843 3449 895 etiam

1887 923 2102 981 Satanae
2130 927 2379 995 angelum
2399 927 2631 983 dicimus
2672 948 2683 983 :
2717 944 2817 984 nec
2861 930 3063 984 bonum
3092 938 3326 993 tantum,
3353 930 3452 985 sed

1883 1016 2045 1069 etiam
2073 1031 2322 1086 pravum,
2358 1016 2575 1073 fratrem
2610 1021 2976 1076 nominamus.
3007 1019 3229 1077 Fratres
3279 1022 3450 1086 enim,

1883 1111 2055 1178 inquit
2084 1110 2364 1179 Scriptura
2388 1112 2454 1174 ’⁵,
2481 1112 2589 1165 sint
2638 1112 2690 1164 in
2725 1113 3146 1167 necessitatibus
3193 1112 3376 1177 utiles,
3395 1112 3453 1167 in

1882 1202 2157 1255 meliorem
2184 1202 2274 1255 hic
2306 1211 2517 1270 partem
2570 1201 2756 1258 fratris
2792 1217 2990 1257 nonien
3048 1204 3362 1273 accipiens;
3396 1203 3451 1258 in

1884 1292 2120 1360 pejorem
2166 1301 2344 1347 autem
2394 1293 2611 1361 accipit,
2663 1310 2787 1347 cum
2826 1294 3007 1348 dicit:
3042 1291 3234 1349 Omnis
3285 1293 3455 1349 frater

1883 1385 2137 1438 calcaneo
2182 1385 2553 1454 supplantaliit
2596 1404 2609 1439 :
2648 1400 2834 1439 verum
2870 1386 3199 1454 exquisitius
3241 1386 3355 1440 haec
3393 1386 3451 1438 in

1883 1476 2001 1530 loco
2035 1490 2135 1529 suo
2175 1475 2668 1531 considerabimus.
2738 1475 2843 1541 Qui
2901 1484 3081 1531 autem
3120 1476 3327 1532 visione
3368 1475 3453 1530 di-

1883 1566 2019 1620 vina:
2053 1566 2189 1621 lucis
2221 1568 2455 1635 seipsum
2489 1568 2888 1629 corroboravit,
2936 1584 2999 1623 ac
3040 1570 3202 1623 talem
3226 1568 3451 1623 fratrem

1883 1655 2109 1725 adeptus
2161 1659 2252 1718 sit,
2305 1660 2395 1727 qui
2437 1658 2539 1713 sibi
2597 1659 2789 1713 adesse
2829 1661 2882 1712 in
2927 1660 3184 1728 periculis
3227 1675 3334 1713 non
3380 1660 3451 1712 ti-

1884 1759 2046 1809 meat,
2106 1749 2151 1803 is
2175 1749 2287 1818 jam
2336 1749 2673 1805 confidenter
2721 1751 2979 1820 populum
3019 1736 3352 1821 alloquatur,
3396 1759 3452 1804 ct

1885 1841 1939 1895 in
1971 1832 2286 1894 meinbriam
2320 1852 2556 1910 paterna:
2584 1842 2883 1897 nobilitatis
2913 1842 3173 1907 adducat,
3224 1851 3450 1899 senten-

1886 1934 2125 2004 tiamque
2155 1933 2323 1996 dicat,
2351 1933 2623 2003 quomodo
2657 1934 2843 1987 limum
2878 1949 2939 1988 ac
2971 1935 3169 1991 lateres
3202 1935 3451 2004 aliosque

1883 2024 2107 2078 serviles
2134 2022 2349 2078 labores
2377 2022 2614 2093 ell‘ogere
2645 2024 2863 2092 poterit.
2903 2021 3007 2077 Sed
3039 2023 3328 2094 diligenter
3352 2023 3450 2077 ad.

1884 2114 2204 2169 vertendum
2262 2128 2381 2177 oro,
2429 2130 2497 2167 ne
2535 2129 2636 2168 nos
2683 2114 2872 2180 fugiat,
2920 2114 3064 2183 quod
3105 2115 3453 2183 apertissime

1884 2207 2110 2261 historia
2147 2206 2262 2276 ipsa
2300 2205 2576 2275 praedicat.
2610 2203 2871 2259 Videmus
2909 2206 3056 2259 enim
3104 2204 3322 2276 Moysen
3355 2221 3453 2259 an—

1882 2308 1969 2352 tea
2010 2312 2173 2368 quam
2205 2296 2537 2367 perfectiore
2581 2312 2640 2351 se
2673 2296 2877 2350 virtute
2932 2295 3252 2357 tirmaverit,
3309 2296 3452 2351 duos

1882 2391 2023 2443 inter
2048 2406 2107 2444 se
2158 2388 2551 2443 contendentes
2613 2387 2863 2442 homines
2904 2389 3203 2443 conciliare
3251 2389 3450 2458 nequi-

1881 2480 2088 2535 visse"
2116 2498 2129 2546 ;
2163 2476 2347 2549 postea
2390 2493 2519 2533 vero
2559 2493 2683 2532 cum
2717 2478 2927 2547 sibiipsi
2961 2480 3120 2549 longo
3138 2488 3450 2548 temporum

1883 2572 2060 2640 spatio
2093 2572 2385 2637 vacaverit,
2422 2586 2451 2624 a
2487 2569 2673 2624 multis
2706 2569 2987 2622 hominum
3017 2570 3454 2626 millibusefacile

1884 2664 1937 2717 in
1969 2669 2331 2733 protectorem
2373 2662 2563 2731 recipi.
2605 2659 2795 2731 Magna
2831 2661 2997 2732 igitur
3039 2676 3171 2716 voce
3194 2659 3451 2730 Scriptu-

1883 2767 1955 2804 ra:
1989 2752 2285 2807 auctoritas
2305 2750 2541 2804 clamare
2572 2748 2805 2813 videtur,
2825 2763 2930 2803 non
2957 2748 3308 2803 insiliendum
3329 2764 3453 2804 esse

1884 2842 1950 2897 ad
1983 2841 2282 2897 docendam
2322 2839 2821 2912 instituendamque
2870 2838 3301 2905 multitudinem,
3345 2839 3451 2892 nisi

1883 2935 2037 3005 prius
2080 2947 2274 3003 magna
2309 2930 2588 3001 diligentia
2634 2932 2956 3001 magnisque
3008 2928 3285 2983 laboribus
3333 2944 3451 2984 eam

1886 3026 2056 3082 fueris
2104 3024 2482 3078 auctoritatem
2530 3024 2779 3092 adeptus,
2831 3033 2891 3074 ut
2945 3019 3222 3075 auditores
3275 3020 3455 3075 verbis

1885 3120 1993 3175 tuis
2021 3118 2178 3173 facile
2198 3116 2567 3187 acquiescant.
2593 3113 2729 3169 Cum
2750 3114 2915 3185 igitur
2932 3107 3258 3170 sententiam
3284 3112 3455 3183 Moysi

1885 3212 2116 3282 pepulus
2139 3208 2570 3279 eomprobasset,
2623 3207 2999 3276 libertatisque
3053 3206 3330 3262 desiderio
3359 3220 3454 3261 cx-

1887 3302 2132 3365 arsisset,
2178 3298 2441 3353 incitatur
2485 3309 2615 3352 tunc
2666 3297 2864 3363 hostis,
2908 3306 2964 3352 et
3016 3296 3225 3367 majore
3268 3296 3457 3350 labore

1885 3395 2064 3465 ipsum
2127 3392 2485 3461 comprimere
2533 3398 2783 3446 conatur.
2831 3388 2985 3456 Quod
3033 3404 3091 3446 re
3130 3390 3247 3459 ipsa
3295 3389 3458 3445 hodie

1886 3500 2104 3556 quoque
2132 3484 2247 3538 fieri
2282 3482 2548 3538 videmus.

1958 3576 2091 3629 Nam
2119 3576 2292 3635 multi,
2319 3589 2387 3627 ne
2414 3589 2606 3629 omnes
2632 3575 2831 3636 dicam,
2870 3589 3056 3629 eorum
3101 3575 3196 3643 qui
3246 3589 3456 3630 sermo-

1888 3683 2009 3721 nem
2036 3666 2103 3721 de
2133 3665 2380 3719 libertate
2406 3670 2746 3731 receperunt,
2773 3676 2835 3717 ac
2859 3664 3226 3733 praedicationi
3278 3664 3457 3717 Evan-

1886 3761 2070 3831 gelica:
2097 3764 2413 3827 paruerunt,
2447 3753 2514 3807 ad
2559 3754 2703 3807 hunc
2744 3769 2915 3822 usque
2955 3753 3097 3809 diem
3147 3770 3177 3808 a
3224 3762 3457 3825 tyranno

1888 3865 1950 3905 ac
1980 3850 2137 3903 hoste
2161 3847 2384 3901 humani
2409 3846 2624 3915 generis
2662 3844 2846 3901 multis
2877 3859 2941 3898 ac
2980 3845 3236 3914 gravibus
3276 3852 3455 3900 tenta-

1888 3940 2127 3995 tionibus
2156 3938 2610 4009 comprimuntur,
2641 3935 2842 4005 quibus
2881 3937 3038 3990 multi
3073 3938 3329 3993 meliores
3361 3938 3456 3991 fir-

1890 4036 2198 4102 mioresque
2226 4031 2279 4085 in
2301 4030 2404 4084 fide
2423 4028 2547 4084 facti
2581 4036 2729 4091 sunt,
2752 4027 3119 4084 inmolestiarum
3145 4030 3460 4084 incursione

1890 4138 2146 4195 tanquam
2195 4123 2310 4177 acie
2352 4121 2612 4192 chalybea
2650 4120 2909 4183 roborati,
2947 4121 3028 4174 vel
3064 4121 3311 4174 dolorum
3359 4120 3460 4172 im-

1892 4214 2321 4289 petu.obdurati.
2380 4210 2636 4266 Nonnulli
2685 4226 2812 4265 vero
2863 4211 3030 4280 (piget
3058 4211 3263 4277 dicere)
3308 4209 3459 4264 fran-

1891 4317 2090 4382 guntur
2119 4305 2383 4368 adversis,
2418 4303 2783 4371 maluisseque
2824 4301 3013 4355 dicunt
3070 4316 3178 4355 non
3240 4300 3461 4357 audisse

210 4400 289 4451 τοῦ
314 4404 410 4472 τῆς
436 4402 770 4472 ἐλευθερίας
799 4398 1174 4471 κηρύγματος,
1197 4400 1231 4471 ἢ
1264 4402 1375 4463 τοῖς
1402 4400 1679 4466 τοιούτοις,
1702 4402 1785 4455 διὰ

1891 4400 2137 4460 veritatis
2175 4410 2228 4454 et
2258 4396 2527 4452 libertatis
2556 4409 2882 4457 sermonem,
2912 4409 3073 4461 quam
3108 4409 3172 4451 ea
3199 4393 3267 4451 de
3294 4410 3460 4451 causa

212 4490 297 4563 τὴν
334 4496 515 4549 αἰτίαν
560 4495 795 4564 ταύτην,
851 4490 1249 4562 συνενεχθῆναι.
1305 4490 1373 4547 '0
1416 4492 1481 4563 δὴ
1529 4496 1621 4548 καὶ
1666 4496 1786 4547 τότε

214 4587 509 4640 συνέϐαινεν
539 4629 558 4653 ,
616 4587 725 4640 ὑπὸ
780 4583 1142 4656 μικροψυχίας
1187 4584 1295 4636 τῶν
1351 4584 1698 4655 Ἰσραηλιτῶν
1730 4589 1786 4640 ὲν

210 4676 394 4742 sitiat;
425 4678 784 4750 ποιουμένων
815 4679 942 4740 τοὺς
982 4677 1081 4746 τὴν
1120 4675 1439 4747 ἀπαλλαγὴν
1480 4677 1662 4740 αὐτοῖς
1691 4678 1787 4747 τῆς

202 4764 432 4833 δουλείας
479 4770 957 4838 ἀπαγγείλαντας.
1000 4768 1138 4821 Ἀλλ’
1172 4768 1324 4821 οὐδὲν
1376 4767 1571 4836 μᾶλλον
1599 4769 1787 4839 ἀνήσει

205 4857 404 4927 δλόγος
436 4862 588 4933 πρὸς
628 4861 693 4914 τὸ
734 4860 897 4914 καλὸν
942 4859 1330 4930 ἐφελκόμενος,
1383 4858 1484 4911 κᾶν
1524 4859 1786 4924 παιδικῶς

204 4950 556 5022 ἀποδειλιάσῃ
606 4951 745 5021 πρὸς
775 4950 875 5013 τὰς
903 4948 1010 5002 τῶν
1052 4948 1373 5020 πειρασμῶν
1407 4948 1600 5018 ἀηθίας
1637 4952 1665 5002 ὀ
1697 4951 1789 5019 νή-

208 5056 314 5104 πιος
347 5042 432 5097 ἔτι
460 5044 568 5097 καὶ
615 5042 811 5114 ἀτελὴς
846 5042 946 5111 τὴν
973 5041 1223 5094 διάνοιαν.
1272 5040 1362 5109 Τῷ
1393 5042 1490 5109 μὲν
1519 5045 1625 5111 γὰρ
1664 5042 1788 5111 βλα-

416 5134 524 5188 ita!
557 5130 875 5203 φθοροποιῷ
914 5131 1126 5202 δαίμονι
1175 5130 1333 5184 τοῦτο
1374 5131 1512 5183 κατά
1546 5131 1654 5184 τῶν
1698 5133 1788 5184 ἀν-

208 5219 429 5291 θρώπων
456 5222 855 5288 ἐσπουδάζετο,
887 5223 950 5276 τὸ
981 5223 1053 5294 μὴ
1085 5223 1163 5286 είς
1196 5223 1286 5275 τὸν
1311 5223 1535 5295 οὐρανὸν
1572 5221 1785 5292 βλέπειν

211 5311 263 5366 ὦ
290 5314 649 5390 ὑποχείρια),
680 5315 811 5370 ἀλλά
839 5315 900 5368 τὸ
930 5317 1009 5378 είς
1037 5313 1141 5383 γῆν
1171 5314 1413 5381 κύπτειν,
1452 5316 1546 5370 καὶ
1576 5318 1634 5367 ὲν
1662 5317 1782 5367 tau.

213 5406 385 5474 τῷτδν
413 5410 604 5479 πηλὸν
642 5408 958 5462 πλινθεύειν.
1002 5408 1069 5460 Ὅ
1093 5424 1145 5459 τι
1173 5409 1275 5483 γὰρ
1300 5412 1365 5468 ἂν
1462 5411 1562 5480 τῆς
1598 5408 1787 5477 ὑλικῆς

220 5500 583 5564 ἀπολαύσεως,
646 5499 705 5551 ix
734 5500 835 5569 γῆς
883 5500 998 5551 ἐστι
1031 5500 1236 5568 πάντως
1281 5510 1311 5583 ἦ
1364 5509 1580 5565 ὕδατος,
1628 5500 1788 5552 παντί

1892 4509 2001 4552 tam
2034 4492 2215 4546 multis
2246 4486 2526 4542 laboribus
2573 4486 2849 4541 incidisse.
2893 4486 3129 4557 ldipsum
3171 4497 3284 4541 tum
3327 4504 3462 4558 quo-

1893 4603 1997 4660 que
2029 4585 2188 4640 fiebat
2216 4579 2455 4636 Hebraeis
2480 4593 2544 4632 ex
2577 4578 3044 4649 pusillanimitate,
3072 4578 3335 4635 libertatis
3361 4582 3462 4634 mi-

1897 4682 2098 4735 nistros
2132 4671 2541 4734 accusantibus,
2577 4669 2670 4724 sed
2704 4686 2810 4725 non
2847 4673 3087 4726 cessabit
3111 4672 3235 4727 idco
3263 4674 3461 4743 praedi-

1896 4773 2036 4827 catio
2094 4767 2159 4820 ad
2224 4767 2526 4820 libertatem
2585 4771 2637 4817 et
2684 4764 2965 4818 veritatem
3031 4780 3132 4818 nos
3178 4781 3463 4829 revocans,

1893 4860 2106 4917 etiamsi
2134 4858 2310 4921 multi,
2341 4854 2498 4925 quasi
2529 4855 2680 4923 pueri
2712 4864 2876 4925 atque
2906 4855 3164 4918 infantes,
3211 4858 3465 4912 tentatio-

1894 4969 1993 5009 nes
2020 4951 2423 5023 pertimescant.
2458 4944 2749 5016 Tyrannus
2784 4947 2928 5002 enim
2966 4962 3031 5001 ac
3072 4946 3249 5004 hostis
3278 4958 3465 5005 noster

1895 5045 2143 5098 humanae
2171 5045 2382 5093 natura:
2410 5038 2734 5108 depravator
2778 5054 2993 5109 semper
3032 5039 3234 5104 studet,
3283 5057 3353 5095 ne
3398 5041 3463 5094 ad

1892 5135 2089 5189 caelum
2136 5132 2323 5186 oculos
2364 5130 2575 5183 elevare
2629 5130 2934 5198 pessimus,
2987 5129 3081 5186 sed
3149 5130 3204 5185 in
3265 5138 3463 5185 terram

1893 5228 2154 5283 continuo
2183 5223 2448 5289 inclinati,
2480 5222 2679 5277 lateres
2711 5222 2766 5275 in
2808 5238 2871 5276 ea
2916 5237 2979 5276 ex
3014 5224 3128 5277 luto
3176 5222 3460 5279 faciamus.

1894 5317 2027 5373 Nam
2061 5316 2321 5388 quidquid
2354 5316 2409 5370 in
2436 5315 2538 5370 hac
2562 5314 2669 5368 vita
2702 5315 2997 5377 invenitur,
3026 5330 3134 5384 quo
3177 5316 3303 5384 quis
3348 5331 3463 5368 ma-

1896 5409 2156 5463 terialiter
2180 5422 2243 5461 ac
2272 5404 2597 5460 sensualiter
2623 5403 2855 5467 fruatur,
2900 5405 2949 5457 id
2973 5413 3064 5457 aut
3088 5420 3152 5456 ex
3177 5413 3322 5457 terra
3356 5411 3462 5461 cst,

1898 5508 1988 5552 aut
2019 5514 2083 5552 cx
2111 5512 2269 5566 aqua,
2304 5496 2417 5551 sive
2444 5494 2507 5548 ad
2532 5505 2794 5557 ventrem,
2843 5494 2957 5549 sive
2977 5494 3042 5548 ad
3075 5493 3299 5549 divitias
3345 5506 3467 5564 pcn-

290 5683 335 5717 ιι
364 5682 544 5742 Exod.
583 5699 758 5754 xxxii,
797 5689 820 5742 ι
866 5700 985 5757 sqq.
1056 5685 1304 5779 silerem.
1344 5690 1488 5777 ιίβ,
1580 5692 1624 5722 ’δ
1651 5686 1822 5743 Exod.
1857 5702 1915 5755 ιι,
1946 5684 2029 5737 l3.
