4054 6436
560 318 661 373 545

1734 326 1790 381 S.
1834 325 2155 383 GREGOBII
2196 326 2487 387 NYSSENI
3112 356 3215 375 Mc..-

3683 336 3782 393 iiii

557 439 753 492 tinens.
782 435 985 491 llorum
1020 448 1197 494 autem
1241 440 1633 496 elementorum
1673 444 1906 498 mistura
1950 444 2117 497 lutum

2227 464 2327 499 που
2360 448 2516 516 δῆλον
2540 466 2553 480 ·
2608 451 2674 520 ἦν
2701 451 2760 501 τέ
2789 467 2840 502 τι
2876 449 2986 502 τῶν
3036 451 3164 519 περὶ
3200 445 3441 521 γαστέρα
3486 448 3580 504 καὶ
3613 450 3786 524 θοίνην

558 533 634 595 tit,
662 546 773 601 quo
804 532 1014 601 repleti,
1046 533 1138 601 qui
1174 533 1241 587 ad
1270 534 1473 589 lutosas
1502 535 1599 590 has
1622 536 1837 589 inhiant
1866 536 2118 605 volupta-

554 632 655 686 tes,
682 638 959 690 nunquam
985 639 1044 678 se
1074 612 1261 693 plenos
1284 625 1519 679 retinere
1549 634 1798 695 possunt,
1818 624 1911 680 sed
1934 640 2128 695 quam—

554 713 634 767 vis
693 731 908 784 semper
979 732 1037 770 se
1103 718 1395 786 impleant,
1470 734 1681 784 semper
1748 727 1926 771 tamen
1971 716 2127 770 vacui

552 817 698 858 s'mt.
723 805 858 858 Nam
890 806 1345 874 quemadmodum
1395 808 1627 861 laterum
1666 809 1819 861 lictor
1863 808 2009 862 aliud
2044 815 2126 859 at-

553 911 657 963 que
682 896 828 950 aliud
856 897 1026 950 lutum
1069 896 1259 952 forma:
1289 913 1397 968 qua
1431 899 1629 954 lateres
1680 899 1895 969 ﬁgurat,
1948 899 2126 967 impo-

552 985 649 1048 nit,
686 985 820 1039 adeo
852 995 910 1041 ut
942 987 1112 1041 forma
1156 988 1311 1057 plena
1357 1003 1571 1057 semper
1601 998 1655 1042 et
1693 1004 1862 1042 vacua
1912 1002 2127 1056 semper

554 1079 649 1132 luti
677 1079 784 1134 diei
814 1081 1017 1149 possit,
1059 1080 1319 1149 quoniam
1364 1096 1489 1134 cum
1527 1081 1630 1135 hoc
1664 1082 1931 1151 receperit
1960 1090 2125 1152 atque

553 1168 893 1233 lormaverit,
929 1172 1113 1226 nullus
1151 1171 1386 1240 amplius
1421 1187 1555 1226 usus
1580 1170 1754 1240 ipsius
1781 1172 1847 1225 ad
1877 1173 1980 1227 hoc
2016 1185 2121 1239 est,

551 1260 644 1314 sed
677 1262 741 1314 ad
769 1262 913 1315 aliud
934 1262 998 1314 ad
1028 1261 1171 1332 quod
1198 1277 1365 1316 vacua
1391 1274 1472 1316 est
1496 1282 1508 1316 :
1530 1264 1612 1318 sic
1635 1264 1922 1333 appetendi
1948 1267 2052 1330 vis,
2076 1266 2122 1320 si

551 1353 675 1420 quis
701 1369 819 1407 eam
853 1354 937 1408 his
968 1355 1201 1409 terrenis
1224 1354 1617 1423 cupiditatibus
1644 1356 1855 1424 replere
1882 1356 2119 1433 studeat,

551 1455 603 1499 et
637 1447 679 1499 si
713 1448 856 1515 quod
892 1448 945 1500 in
978 1447 1097 1501 dies
1125 1448 1288 1518 capit,
1322 1456 1680 1516 assequatur,
1724 1464 1897 1518 eoque
1939 1464 1997 1504 se
2036 1466 2123 1504 re-

551 1540 715 1607 pleat,
744 1554 913 1592 vacua
942 1546 1120 1591 tamen
1157 1554 1369 1607 semper
1394 1547 1499 1603 est,
1523 1555 1644 1592 cum
1675 1555 1737 1594 ea
1764 1556 1884 1608 quae
1910 1540 2121 1603 habuit,

551 1637 793 1698 respuat,
822 1631 951 1684 etin
984 1630 1129 1683 aliud
1178 1638 1342 1697 atque
1388 1628 1533 1681 aliud
1594 1629 1852 1684 continue
1894 1629 2120 1694 feratur,

550 1736 651 1774 nec
686 1720 812 1773 linis
831 1719 1123 1774 miserrimi
1154 1719 1367 1773 ardoris
1391 1719 1751 1787 cupiditatum
1779 1735 1900 1793 esse
1920 1729 2116 1789 potest,

550 1811 657 1865 nisi
691 1811 819 1880 quis
858 1795 1134 1865 carnalem
1160 1810 1324 1865 vitam
1358 1810 1604 1879 repellat.
1630 1809 1804 1864 Paleac
1826 1825 1955 1866 vero
1980 1826 2117 1881 quas

550 1904 814 1959 lateribus
871 1904 1177 1959 immiscere
1224 1910 1498 1972 coguntur
1540 1900 1744 1972 ",jatu
1789 1917 1818 1955 a
1855 1889 2117 1957 sacratis-

550 1997 689 2049 simo
717 1994 1010 2064 Evangelio
1036 2002 1087 2046 et
1113 1992 1298 2048 divina
1327 1993 1569 2061 Apostoli
1597 1995 1726 2047 tuba
1764 1993 1896 2063 quid
1943 1995 2145 2064 signiv

553 2090 738 2143 licent.
785 2087 1092 2155 expositum
1148 2095 1251 2139 est.
1303 2084 1581 2137 Materiam
1625 2085 1770 2139 enim
1827 2086 1967 2154 ignis
2022 2101 2119 2155 per

548 2178 762 2230 Culmos
797 2183 849 2228 et
878 2176 1062 2243 paleas
1105 2175 1317 2229 ostendi
1372 2174 1697 2228 conﬁrmant
1734 2174 1932 2244 (quam
1993 2177 2117 2245 qui-

548 2268 670 2321 dem
704 2266 990 2320 materiam
1015 2266 1158 2335 ignis
1194 2267 1238 2318 is
1282 2265 1383 2320 sibi
1418 2272 1706 2335 praeparat,
1758 2266 1850 2334 qui
1884 2267 2118 2320 terrenis

547 2356 800 2411 obruitur
830 2353 1246 2423 voluptatibus).
1284 2351 1480 2407 Verum
1518 2354 1737 2421 quando
1770 2354 1970 2423 aliquis
2020 2370 2116 2409 eo-

548 2463 690 2509 rum,
721 2445 813 2513 qui
849 2444 1070 2499 virtutis
1096 2446 1409 2514 prmstantia
1437 2446 1734 2507 excellunt,
1771 2461 1801 2499 a
1846 2446 2117 2501 servitute

548 2536 614 2590 ad
645 2537 950 2590 libertatem
999 2535 1317 2591 submersos
1365 2538 1418 2588 in
1446 2536 1591 2591 vitiis
1644 2536 1892 2592 homines
1924 2537 2115 2592 vendi-

546 2643 674 2681 care
703 2634 952 2685 conatur.
991 2635 1117 2679 tunc
1150 2626 1616 2695 eavillatoris,qui
1641 2628 1827 2685 variis.
1869 2637 1926 2681 ut
1964 2627 2110 2698 Apo-

548 2719 723 2772 stolus
750 2718 825 2770 ait
858 2717 923 2782 ³⁸,
974 2717 1240 2772 adversus
1282 2718 1493 2772 animas
1532 2726 1749 2772 nostras
1783 2719 1952 2773 utitur
1990 2721 2118 2775 insi-

547 2807 687 2865 diis,
747 2817 936 2861 contra
993 2805 1231 2861 divinam
1291 2808 1690 2861 institutionem
1741 2809 2116 2866 cavillationes

2232 538 2675 609 σπουδαζομένων
2698 579 2713 603 ,
2768 542 2832 612 ἥν
2883 558 2941 594 τε
2991 542 3083 594 καὶ
3131 544 3231 594 ὅσα
3277 541 3403 611 περὶ
3449 541 3539 594 τὸν
3571 542 3783 599 πλοῦτον

2226 628 2438 698 ὁρᾶται.
2503 631 2566 682 Ἡ
2596 631 2653 683 δὲ
2699 632 2806 683 τῶν
2857 631 3130 701 στοιχείων
3173 631 3376 684 τούτων
3430 632 3575 702 μίξις
3627 634 3784 703 πηλὸς

2227 718 2433 786 γίνεται
2462 720 2555 773 καὶ
2593 721 2911 790 ὀνομάζεται
2948 738 2963 752 ’
3012 717 3073 775 οὗ
3119 721 3448 792 πληροῦντες
3492 723 3712 786 ἑαυτοὺς
3741 727 3785 778 οἱ

2218 807 2363 876 πρὸς
2390 808 2489 872 τὰς
2528 808 2789 879 πηλώδεις
2821 809 3010 880 ἡδονὰς
3060 811 3367 879 κεχηνότες,
3401 809 3652 863 οὐδέποτε
3695 812 3787 882 τὴν

2225 896 2475 970 δεκτικὴν
2528 899 2635 953 τῶν
2686 901 2887 971 ἡδονῶν
2950 901 3292 973 εὐρυχωρίαν
3342 901 3523 973 πλήρη
3580 903 3782 971 φυλάσ-

2228 1002 2318 1040 σου
2326 1005 2426 1041 σιν·
2447 987 2582 1065 ἀλλά
2593 990 2652 1044 τὸ
2660 991 2748 1045 ἀεὶ
2760 991 2866 1061 πλη
2873 985 2966 1062 ρού
2974 1005 3132 1061 μενον
3142 992 3350 1058 γίνεται
3363 991 3522 1045 πάλιν
3535 995 3690 1049 κενὸν
3713 995 3784 1065 τῷ

2224 1058 2570 1149 ἐπιρρέοντι.¹
2601 1077 2756 1131 Οὕτω
2782 1058 2890 1149 γὰρ
2922 1080 2951 1131 6
2977 1058 3362 1149 ⁷πλινθουργῶν
3408 1081 3592 1135 ἄλλοτε
3627 1058 3785 1153 ἄλλην

2227 1169 2434 1240 βλέπων
2466 1162 2720 1231 διάθεσιν,
2749 1170 2982 1232 εὐκόλως
3022 1168 3086 1222 ἂν
3123 1172 3311 1239 νοήσας.
3344 1170 3402 1224 τὸ
3433 1171 3679 1242 αἴνιγμα.
3728 1172 3785 1227 Ὃ

2223 1263 2332 1333 γὰρ
2378 1261 2667 1332 πληρώσας
2712 1261 2902 1315 ἑαυτοῦ
2946 1263 3043 1332 τὴν
3097 1262 3391 1333 ἐπιθυμίαν
3452 1264 3508 1317 έν
3560 1283 3665 1317 τινι
3714 1258 3784 1319 ὧν

2223 1352 2573 1416 ἐσπούδασεν,
2609 1353 2657 1405 εί
2704 1352 2838 1422 πρὸς
2886 1352 3071 1423 ἕτερόν
3098 1370 3150 1406 τι
3178 1356 3245 1423 τῇ
3293 1355 3557 1427 ἐπιθυμίᾳ
3586 1356 3782 1426 ῥέψειε,

2223 1444 2377 1506 κενὸς
2421 1443 2555 1514 πρὸς
2602 1445 2775 1496 ἐκεῖνο
2829 1442 2989 1496 πάλιν
3023 1444 3371 1514 εὑρίσκεται·
3428 1445 3530 1498 κᾶν
3567 1446 3783 1514 γένηται

2224 1534 2394 1605 τούτῳ
2441 1534 2673 1605 πλήρης,
2718 1532 2795 1602 τῷ
2836 1533 3005 1603 ἑτέρῳ
3034 1532 3197 1585 πάλιν
3231 1534 3384 1596 κενός
3416 1551 3473 1586 τε
3501 1535 3593 1587 καὶ
3626 1535 3784 1606 εὐρύσ-

2224 1642 2397 1695 χωρος
2423 1624 2650 1693 γίνεται.
2686 1623 2789 1677 Καὶ
2832 1622 2986 1675 τοῦτο
3030 1623 3091 1675 οὐ
3126 1623 3354 1675 παύεται
3387 1624 3473 1676 διά
3500 1625 3700 1688 παντὸς
3730 1627 3785 1679 έν

2224 1718 2353 1787 ἡμῖν
2388 1716 2794 1788 ἐνεργούμενον,
2824 1713 2928 1776 ἕως
2960 1713 3024 1766 ἄν
3064 1730 3149 1776 τις
3191 1713 3473 1778 ὑπεξέλθοι
3514 1714 3607 1767 τοῦ
3653 1715 3785 1768 ὑλώο

2219 1807 2340 1871 δους
2382 1807 2519 1877 βίου.
2565 1807 2625 1858 Ἡ
2650 1806 2706 1859 δὲ
2741 1805 2979 1875 καλάμη,
3013 1806 3107 1859 καὶ
3139 1805 3197 1859 τὸ
3244 1808 3309 1858 ἐκ
3336 1805 3537 1876 ταύτης
3567 1807 3783 1879 ἄχυρον,

2216 1900 2244 1953 ὃ
2269 1899 2655 1970 καταμιγνύειν
2686 1900 2750 1969 τῇ
2780 1898 2981 1969 πλίνθῳ
3010 1899 3482 1966 καταναγκάξεται
3504 1902 3531 1953 6
3555 1903 3667 1964 τοῖς
3698 1919 3787 1954 τυ·

2218 1993 2486 2061 ραννικοίς
2511 1988 2796 2042 ὑπακούων
2818 1989 3200 2059 προστάγμασι
3218 2004 3234 2020 ⁸
3275 1989 3428 2058 παρά
3447 2006 3504 2042 τε
3525 1989 3617 2043 τοῦ
3644 1989 3783 2045 θείου

2217 2082 2565 2151 Εὑαγγελίου,
2614 2082 2706 2133 καὶ
2752 2080 2900 2153 παρά
2934 2080 3032 2150 τῆς
3076 2080 3282 2149 ὑψηλῆς
3328 2079 3419 2133 τοῦ
3465 2081 3785 2133 Ἀποστολου

2217 2171 2422 2241 φωνῆς,
2448 2170 2768 2240 ἀμφοτέρων
2798 2167 2997 2238 ὁμοίως
3032 2169 3205 2240 πυρὸς
3228 2169 3381 2239 ὓλην,
3408 2171 3467 2222 τό
3495 2187 3554 2223 τε
3586 2171 3788 2240 ἄχυρον

2217 2263 2310 2316 καὶ
2342 2262 2441 2332 τὴν
2475 2259 2726 2331 καλάμην
2756 2261 3226 2331 ὲρμηνευσάντων.
3281 2261 3449 2314 Ὅταν
3491 2260 3667 2314 τοίνυν
3703 2278 3787 2324 τις

2215 2354 2324 2407 τῶν
2373 2356 2431 2406 ὲν
2476 2355 2643 2422 ἀρετῇ
2688 2351 3043 2421 προεχόντων,
3090 2351 3342 2420 ἀποσπᾷν
3371 2351 3529 2423 ἐθέλῃ
3556 2352 3681 2415 τοὺς
3718 2356 3785 2423 τῇ

2215 2443 2395 2513 ἀπάτῃ
2445 2441 2870 2512 δεδουλωμένους
2913 2443 2994 2504 είς
3040 2442 3153 2511 βίον
3210 2441 3569 2511 ὲμφιλόσιοφόν
3598 2459 3657 2494 τε
3693 2442 3788 2495 καὶ

2216 2534 2495 2605 ἐλεύθερον
2530 2551 2542 2563 ·
2596 2529 2733 2586 οἶδεν
2778 2535 2806 2585 6
2838 2536 2954 2596 ταῖς
2987 2533 3255 2595 ποικίλαις
3280 2570 3294 2596 ,
3343 2532 3524 2595 καθώς
3570 2549 3735 2603 φησιν
3760 2535 3790 2586 6

2228 2625 2564 2687 Ἀπόστολος,
2609 2624 2908 2696 μεθοδείαις
2937 2624 3076 2677 κατά
3100 2624 3207 2677 τῶν
3237 2623 3422 2694 ψυχῶν
3454 2624 3609 2695 ἡμῶν
3637 2641 3792 2692 σοφι-

2217 2718 2440 2782 στεύων,
2474 2717 2935 2787 ἀντιπαραγαγεῖν
2977 2714 3056 2785 τῷ
3084 2714 3213 2786 θείῳ
3237 2715 3387 2785 νόμῳ
3421 2714 3489 2768 τά
3515 2716 3610 2785 τῆς
3643 2716 3791 2769 ἀπά-

2215 2827 2314 2879 της
2357 2810 2680 2879 σοφίσματα.
2733 2808 2919 2861 Ταῦτα
2957 2807 3015 2860 δὲ
3044 2806 3217 2874 λέγω,
3269 2805 3406 2876 πρὸς
3452 2807 3576 2868 τοὺς
3618 2806 3794 2873 Λίγυ-

550 2898 924 2953 l'raudulcntas
956 2897 1180 2952 inducit.
1207 2897 1333 2952 Haec
1363 2897 1488 2951 dico
1526 2898 1593 2952 ad
1623 2899 1908 2970 zEgyptios
1930 2901 2117 2956 draco.

2220 2902 2403 2964 πτίους
2439 2901 2734 2969 δράκοντας
2764 2899 2974 2970 βλέπων
3013 2898 3089 2968 τῷ
3119 2897 3280 2967 λόγῳ,
3312 2898 3458 2950 τοῦτ’
3485 2897 3619 2960 ἐστι,
3650 2897 3793 2967 πρὸς

548 3007 646 3043 nes
676 2991 999 3058 respiciens,
1053 2990 1144 3059 qui
1174 2992 1356 3045 varias
1390 2990 1610 3046 fraudes
1650 2993 1784 3047 artis
1829 2992 2115 3048 diabolica:

2220 2994 2310 3056 τὰς
2342 2993 2591 3056 ποικίλας
2619 2993 2717 3062 τῆς
2760 2993 2974 3061 ἀπάτης
3012 2989 3223 3053 κακίας,
3258 2982 3334 3042 ὧν
3363 2989 3451 3041 τὸν
3478 2988 3795 3056 ἀφανισμὸν

548 3082 615 3135 ad
671 3082 965 3152 perniciem
1032 3081 1311 3135 hominum
1360 3082 1702 3150 excogitatas
1750 3084 2109 3153 significant,

2220 3087 2249 3155 ἡ
2276 3085 2369 3138 τοῦ
2421 3085 2663 3148 Μωσέως
2694 3083 2884 3155 ῥάϐδος
2919 3081 3229 3154 ἐργάζεται,
3275 3081 3402 3150 περὶ⁵
3445 3076 3512 3151 ἦς
3553 3079 3795 3149 μετρίως

547 3190 687 3243 quas
720 3175 869 3244 virga
902 3166 1072 3243 Moysi
1104 3173 1336 3227 destruit
1387 3180 1550 3240 atque
1593 3176 1870 3228 consumit
1912 3177 2115 3244 (incar-

548 3265 699 3317 natio
737 3265 991 3317 videlicet
1013 3261 1222 3332 Verbi),
1261 3263 1422 3316 sicuti
1456 3263 1567 3331 jam
1606 3263 1989 3331 diximusQui
2020 3283 2117 3320 au-

2213 3177 2312 3249 ἥδη
2345 3177 2414 3256 τὰ
2445 3177 2629 3230 είκότα
2674 3174 3110 3247 προτεθειῖῳηται
3181 3167 3350 3231 Οὗτος
3394 3172 3591 3232 τοίνυν,
3631 3172 3660 3223 6
3687 3171 3794 3241 τὴν

2212 3270 2422 3340 ἄμαχον
2450 3270 2665 3339 ἐκείνην
2710 3267 3046 3339 κεκτημένος
3084 3267 3180 3336 τῆς
3210 3265 3408 3337 ἀρετῆς
3439 3262 3653 3335 ῥάϐδον,
3684 3263 3797 3332 τὴν

549 3366 655 3409 tem
716 3356 855 3408 bane
894 3354 1112 3409 virtutis
1162 3354 1248 3423 (ae
1283 3353 1426 3423 lidei)
1487 3356 1694 3423 virgam
1749 3358 1929 3419 habet,
1992 3375 2114 3428 qua:

2220 3362 2308 3425 τὰς
2346 3361 2737 3433 σεσοφισμένας
2782 3360 3203 3428 ἐξαφανίζουσαν
3246 3357 3495 3427 ῥάϐδους.
3541 3354 3647 3426 ὁδῷ
3676 3372 3794 3408 τινι

566 3450 709 3512 (cum
747 3446 898 3515 virga
924 3445 1276 3514 vcritatissit)
1328 3445 1532 3500 diaboli
1580 3446 1954 3504 fraudulentas
2004 3452 2114 3504 vir-

547 3554 643 3606 gas
694 3536 988 3598 consumit,
1022 3537 1107 3589 via
1136 3546 1297 3614 .recta
1347 3546 1747 3607 consequenter
1789 3539 1856 3593 ad
1907 3541 2112 3610 majora

547 3625 791 3694 procedit
818 3614 1081 3679 miracula
1116 3646 1127 3679 :
1175 3641 1295 3695 quae
1326 3626 1545 3695 quidem
1580 3628 1865 3693 miracula,
1908 3644 2015 3683 non
2054 3638 2114 3684 ut

547 3721 789 3768 terreant
844 3714 1158 3777 audientes,
1219 3715 1314 3769 sed
1372 3723 1432 3769 ut
1472 3716 1684 3784 prosint
1744 3717 2114 3784 credentibus,

549 3807 704 3861 ﬁunt.
747 3806 882 3860 Nam
923 3806 1127 3862 eisdem
1176 3807 1456 3860 miraculis
1499 3807 1685 3862 hostes
1735 3818 2118 3879 expugnantur

549 3896 759 3965 (tideles
805 3895 1147 3961 muniuntur,
1201 3893 1534 3964 dejiciuutur
1578 3896 1776 3961 alieni,
1830 3898 2118 3968 eriguntur

548 3988 723 4042 nostri
754 4005 766 4042 :
805 3987 882 4041 illi
911 3984 1824 4055 communiuntur).nosaugemur.
1864 3988 1968 4043 Sed
2001 3990 2113 4059 pri-

550 4088 697 4127 mum
720 4072 1047 4142 generaliter
1066 4072 1196 4141 quid
1221 4071 1335 4125 haec
1356 4072 1621 4126 miracula
1654 4075 1960 4140 intendant,
1985 4094 2116 4147 quo-

550 4161 817 4233 modoque
836 4164 987 4229 liaut,
1016 4164 1465 4234 perstringamus,
1493 4163 1689 4220 deinde
1719 4165 1875 4221 facile
1902 4170 2114 4240 singula

547 4254 976 4324 speculabimur.
1963 4328 1966 4332 Δ

621 4344 877 4401 Veritatis
904 4346 1067 4417 igitur
1097 4346 1211 4401 haec
1256 4361 1466 4401 summa
1503 4345 1750 4402 doctrina
1780 4348 1846 4403 ad
1878 4349 2114 4421 disposi-

2218 3454 2313 3505 καὶ
2338 3451 2624 3522 ἀκολουθίᾳ
2648 3452 2782 3524 πρὸς
2808 3450 2877 3503 τὰ
2908 3449 3073 3519 μείζω
3102 3449 3314 3520 πρόεισι
3343 3448 3448 3500 τῶν
3471 3447 3793 3517 θαυμάτων.

2229 3543 2292 3596 ἸΙ
2337 3542 2394 3595 δὲ
2442 3540 2839 3613 θαυματοποιῐα
2885 3542 2944 3593 οὐ
2994 3540 3072 3611 τῷ
3114 3538 3299 3609 σκοπῷ
3330 3539 3427 3610 τῆς
3477 3536 3800 3608 ἐκπλήξεως

2217 3632 2330 3686 τῶν
2378 3632 2810 3702 ἐντυγχανόντων
2833 3631 3059 3700 γίνεται,
3100 3629 3233 3682 ἀλλά
3270 3628 3405 3700 πρὸς
3431 3627 3491 3681 τὸ
3519 3630 3798 3698 χρήσιμον

2219 3722 2325 3774 τῶν
2356 3721 2675 3791 σωζομένων
2716 3720 2918 3790 βλέπει.
2967 3718 3090 3782 Τοῖς
3117 3719 3224 3789 γὰρ
3253 3717 3435 3780 αὐτοῖς
3461 3718 3557 3786 τῆς
3584 3716 3801 3787 ἀρετῆς

2219 3812 2459 3882 θαύμασι
2489 3811 2828 3882 καθαιρεῖται
2862 3810 2960 3880 μὲν
2999 3809 3061 3862 τὸ
3087 3808 3360 3879 πολέμιον,
3390 3805 3610 3870 αὔξεται
3638 3805 3696 3858 δὲ
3728 3805 3803 3860 τὸ

2218 3902 2506 3974 ὁμόφυλον.
2559 3900 2780 3973 Πρῶτον
2824 3900 2881 3952 δὲ
2924 3898 3285 3967 γενικώτατον
3314 3897 3419 3950 τῶν
3460 3896 3553 3948 ἐπὶ
3586 3894 3804 3966 μέρους

2220 3992 2532 4063 θαυμάτων,
2558 3990 2648 4044 τὸν
2681 3988 2823 4043 κατά
2851 3988 2950 4058 τὴν
2977 3987 3197 4059 ἀγωγὴν
3229 3986 3634 4056 καταμάθωμεν
3660 4002 3803 4038 σκο-

2223 4085 2323 4138 πόν
2356 4099 2370 4112 ·
2427 4080 2526 4136 εἷθ’
2567 4081 2738 4144 οὕτως
2771 4079 2991 4133 δυνατὴν
3025 4080 3091 4132 ἂν
3122 4079 3331 4147 γένοιτο
3359 4078 3508 4147 ἡμῖν,
3547 4076 3642 4129 καὶ
3673 4077 3805 4140 τοῖς

2223 4174 2341 4230 καθ’
2370 4176 2596 4228 ἕκαστον
2625 4172 2931 4244 ἐφαρμόσαι
2956 4171 3016 4224 τὸ
3043 4171 3240 4240 νόημα.

2300 4267 2363 4318 Ἠ
2415 4266 2522 4334 γὰρ
2572 4261 2891 4317 διδασκαλία
2930 4262 3028 4331 τῆς
3056 4259 3309 4331 ἀληθείας
3358 4258 3492 4331 πρὸς
3536 4257 3630 4320 τὰς
3673 4258 3807 4312 δια-

2219 4356 2394 4418 θέσεις
2453 4355 2560 4407 τῶν
2618 4353 2920 4424 δεχομένων
2972 4354 3065 4405 τὸν
3121 4351 3280 4420 λόγον
3338 4349 3806 4421 συμμεταϐάλλε-

549 4437 725 4492 tiones
750 4438 1055 4501 hominum,
1083 4438 1174 4507 qui
1212 4437 1324 4506 jam
1348 4438 1598 4506 audiunt,
1618 4444 1939 4495 commutari
1968 4444 2112 4499 vide-

2220 4466 2327 4503 ται.
2381 4446 2607 4517 Ἐπίσης
2652 4445 2760 4516 γὰρ
2810 4446 2942 4498 πᾶσι
2983 4442 3075 4496 τοῦ
3112 4443 3269 4511 λόγου
3316 4442 3377 4496 τὸ
3426 4442 3592 4495 κακὸν
3639 4442 3675 4510 ἢ
3732 4442 3808 4495 τὸ

550 4538 683 4580 tur:
723 4544 844 4581 nam
885 4544 1010 4582 cum
1057 4529 1337 4599 mqualiter
1373 4530 1627 4585 omnibus
1670 4532 1800 4600 quid
1854 4543 2115 4603 appeten-

547 4619 678 4672 dum
701 4626 753 4673 et
790 4620 921 4688 quid
951 4620 1265 4690 fugiendum
1300 4619 1391 4682 sit,
1421 4620 1654 4690 benigne
1673 4623 1944 4691 ostendat,
1979 4626 2025 4681 is
2060 4627 2114 4682 in

552 4709 670 4763 luce
694 4709 954 4775 ambulat,
989 4719 1330 4779 mentemque
1378 4711 1733 4767 illuminatam
1784 4714 1966 4780 habet,
2021 4719 2114 4790 qui

551 4799 822 4856 auscultat
851 4812 904 4855 et
933 4809 1121 4871 paret;
1153 4802 1247 4870 qui
1276 4817 1404 4855 vero
1426 4804 1633 4858 resistit
1663 4811 1717 4858 et
1741 4808 1987 4863 veritatis
2025 4824 2114 4861 ra—

549 4891 670 4948 dios
703 4890 767 4945 ad
802 4892 1037 4945 animam
1074 4907 1229 4945 suam
1274 4908 1383 4946 non
1411 4893 1743 4961 intromittit,
1776 4898 1823 4953 is
1865 4899 1918 4952 in
1965 4908 2111 4955 tene-

551 4985 664 5038 bris
697 4984 1016 5052 ignorantia:
1037 4983 1510 5052 permanet.Quod
1545 4987 1590 5040 si
1617 4986 1813 5042 falsum
1876 5007 1984 5045 non
2032 5001 2115 5048 est

550 5074 693 5142 quod
722 5075 794 5127 ita
819 5076 1113 5143 generatim
1158 5075 1209 5128 in
1244 5075 1445 5131 talibus
1481 5076 1852 5149 intelligimus,
1893 5083 2116 5137 omnino

550 5165 693 5219 haud
724 5167 881 5220 aliter
912 5181 972 5221 se
999 5167 1198 5222 habere
1227 5168 1557 5222 censendum
1581 5179 1666 5225 est
1707 5171 1852 5241 quod
1904 5174 1970 5228 ad
2001 5175 2117 5228 sin-

550 5258 706 5326 gulos
753 5257 1025 5325 pertinet,
1073 5272 1196 5310 cum
1245 5272 1310 5311 ex
1363 5257 1481 5326 ipsa
1520 5261 1834 5315 narratione
1885 5263 2114 5331 quodin

551 5358 702 5418 parte
730 5347 1112 5418 inquirendum
1146 5356 1284 5412 erat,
1314 5349 1477 5402 simul
1510 5351 1829 5406 innotuerit.
1866 5353 2111 5425 Quapro-

552 5447 669 5510 pter
696 5454 804 5494 non
823 5437 1280 5500 estincrcdibile,
1299 5439 1433 5493 nihil
1462 5442 1587 5495 mali
1607 5442 1847 5499 sensisse
1871 5442 2109 5510 Iudaeos,

547 5531 797 5602 quamvis
839 5546 944 5583 una
987 5546 1112 5583 cum
1146 5527 1413 5601 :Egyptiis
1444 5531 1537 5601 qui
1569 5533 1923 5597 vexabantur,
1961 5534 2107 5590 habi-

626 5712 666 5743 ¹⁷
700 5708 867 5766 Exod.
901 5727 951 5778 ν,
984 5710 1031 5764 7.
1113 5711 1156 5742 "
1186 5709 1382 5781 Ephcs.
1412 5726 1482 5779 tv,
1513 5710 1565 5766 6.

2221 4539 2383 4595 καλὸν
2448 4535 2886 4607 προδεικνύντος,
2960 4537 2988 4588 6
3057 4533 3153 4604 μὲν
3218 4532 3482 4595 εὐπειθῶς
3544 4531 3682 4602 πρὸς
3730 4534 3809 4585 τὸ

2220 4626 2564 4696 δεικνύμενον
2610 4623 2745 4694 ἔχων
2789 4624 2846 4675 ὲν
2896 4624 3035 4690 φωτὶ
3082 4620 3176 4691 τὴν
3219 4620 3455 4674 διάνοιαν
3506 4620 3655 4689 ἔχει’
3711 4619 3807 4690 τῷ

2220 4717 2276 4770 δὲ
2327 4715 2632 4778 ἀντιτύπως
2694 4714 3049 4783 διακειμένῳ,
3098 4712 3191 4765 καὶ
3249 4713 3321 4781 μὴ
3374 4711 3806 4781 καταδεχομένῳ

2223 4808 2358 4880 πρὸς
2400 4807 2499 4878 τὴν
2560 4807 2754 4860 ἀκτῖνα
2819 4806 2915 4875 τῆς
2977 4803 3232 4873 ἀληθείας
3293 4803 3389 4874 τὴν
3440 4802 3615 4874 ψυχὴν
3668 4803 3807 4856 δια-

2220 4899 2437 4968 6λέψαι,
2482 4897 2786 4966 παραμένει
2826 4895 2925 4965 τῆς
2967 4895 3186 4963 ἀγνοίας
3228 4896 3256 4947 6
3301 4894 3480 4964 ζόφος.
3523 4895 3583 4946 Εἰ
3620 4894 3689 4964 δὴ
3734 4896 3813 4949 τὸ

2219 4988 2448 5043 καθόλου
2498 4986 2684 5056 νοηθὲν
2729 4987 2859 5056 ἡμῖν
2895 4986 2950 5037 ὲν
2993 4987 3099 5048 τοῖς
3138 4983 3395 5046 τοιούτοις
3443 4983 3636 5053 ψεῦδος
3693 4986 3816 5041 οὐκ

2214 5080 2358 5133 ἔστιν
2386 5096 2398 5110 ’
2448 5078 2555 5131 οὐδ’
2613 5077 2679 5131 ἂν
2728 5076 2796 5130 τὰ
2848 5075 2966 5128 καθ’
3015 5077 3242 5128 ἕκαστον
3306 5075 3522 5138 πάντως
3582 5075 3815 5146 ἑτέρως

2212 5173 2351 5242 ἔχοι,
2399 5172 2495 5240 τῆς
2540 5169 2631 5221 ἐπὶ
2677 5168 2872 5239 μέρους
2923 5167 3220 5237 ἐξετάσεως
3280 5166 3814 5239 συναποδειχθείσης

2214 5262 2289 5332 τῷ
2353 5261 2514 5330 λόγῳ.
2586 5259 2793 5312 Οὐκοῦν
2852 5257 2998 5310 οὐδὲν
3054 5256 3395 5326 θαυμαστὸν,
3467 5257 3647 5327 ἀπαθῆ
3704 5259 3816 5314 τὸν

2228 5352 2475 5425 Ἐδραῖον
2522 5350 2702 5422 μένειν
2746 5350 2853 5403 τῶν
2888 5350 3200 5418 Αἰγυπτίων
3242 5348 3456 5411 κακῶν,
3497 5348 3554 5400 ἐν
3601 5349 3815 5419 μέσοις

2217 5449 2327 5509 τοῖς
2352 5443 2666 5513 ἀλλοφύλοις
2690 5442 3180 5513 ἀναστρεφόμενον,
3208 5442 3328 5495 ἐπεὶ
3357 5441 3449 5494 καὶ
3475 5439 3566 5492 νῦν
3588 5439 3647 5491 τὸ
3676 5440 3815 5496 [seu

2217 5537 2329 5590 ἔστι
2360 5535 2639 5606 γινόμενον
2682 5534 2828 5591 ίδείν.
2874 5534 2993 5587 Τῶν
3037 5534 3145 5605 γὰρ
3192 5535 3249 5585 ἐν
3279 5534 3396 5595 ταῖς
3437 5530 3816 5604 πολυανθρω-
