4054 6436
556 216 659 270 547

1806 210 1860 265 S.
1895 211 2219 269 GREGORII
2256 212 2551 268 NYSSENI
2636 271 2643 278 ,

3697 211 3810 265 διε

557 344 749 402 magna
772 329 1019 384 carnium
1040 337 1133 383 aut
1156 328 1381 398 piscium
1411 335 1634 382 onerata
1665 329 1938 400 congerie.
1969 330 2122 395 Quod

2231 330 2539 398 ἐπιγνώσει,
2586 330 2900 401 παρέδωκεν
2942 326 3135 388 αὐτοὺς
3164 326 3193 378 6
3228 324 3359 387 Θεὸς
3393 326 3470 388 είς
3509 325 3659 395 πάθη
3685 328 3811 379 ἀτι-

556 430 742 475 autem
788 420 894 474 ista
930 418 1149 473 virtutis
1194 418 1401 489 virgam
1450 417 1647 474 fecisse
1694 418 1828 473 dicit
1868 420 2119 482 historia.

559 508 783 562 minime
812 506 1136 576 perturbare
1168 522 1268 562 nos
1301 507 1495 571 debet;
1529 522 1652 560 nam
1693 516 1748 562 et
1796 506 2122 563 obduratqu

536 614 588 653 .a
620 598 730 653 Deo
753 597 924 652 fuisse
946 606 1236 668 tyrannum
1268 606 1473 652 narrat.
1501 598 1621 664 Quo
1640 614 1771 654 vero
1790 608 1950 669 pacto
1973 601 2128 656 dam-

558 691 776 745 nandus
808 690 1024 758 fuisset,
1057 690 1104 745 si
1147 689 1236 744 Dei
1262 691 1590 746 necessitate
1610 700 1836 747 coactus
1859 693 2128 748 obdurato

559 779 747 833 animo
781 779 1118 836 restitisset?
1170 777 1361 835 Simile
1398 795 1632 850 namque
1664 781 1717 836 id
1743 782 1791 836 ei
1832 793 1933 846 est,
1982 784 2127 852 quod

558 871 777 927 divinus
810 872 1106 941 Apostolus
1135 874 1202 926 de
1231 872 1300 926 iis
1347 873 1439 941 qui
1480 875 1883 935 convolvuntur
1916 876 1968 927 in
2014 884 2125 928 tur-

558 964 802 1031 pissimis
854 962 1369 1030 nefandissimisque
1413 963 1638 1017 luxuria:
1668 965 1834 1023 vitiis.
1881 965 2016 1019 dicit
2052 965 2128 1016 ‘9:

560 1053 708 1124 quod
750 1073 769 1106 ι
804 1057 946 1110 sicut
980 1071 1091 1109 non
1126 1055 1491 1124 probaverunt
1530 1055 1677 1124 impii
1717 1054 1882 1109 Deum
1928 1055 2129 1110 habere

558 1146 614 1198 in
666 1146 935 1212 notitiam,
972 1147 1195 1200 tradidit
1241 1161 1336 1200 eos
1379 1147 1518 1202 Deus
1552 1148 1605 1201 in
1655 1148 1938 1217 passiones
1978 1148 2129 1218 igno-

559 1235 794 1290 miniae.»
813 1236 945 1289 Nam
964 1246 1015 1291 et
1043 1237 1206 1291 verba
1222 1236 1535 1305 Scripturze,
1563 1238 1719 1307 quasi
1750 1237 2012 1292 divinitus
2033 1252 2127 1291 vos

560 1327 823 1396 impulsos
884 1328 951 1380 ad
1009 1327 1306 1391 libidinem,
1337 1342 1400 1381 ac
1440 1328 1751 1393 ignominiaa
1780 1328 2127 1397 passionihus

561 1418 809 1480 traditos,
861 1433 1058 1479 sonare
1090 1419 1362 1473 videntur.
1399 1418 1507 1472 Nec
1562 1428 1742 1472 tamen
1802 1416 2127 1486 turpitudini

562 1506 703 1561 Deus
737 1522 1064 1577 quemquam
1096 1507 1281 1570 tradit,
1316 1522 1414 1560 nec
1446 1506 1659 1560 Pharao
1689 1507 1890 1561 nolens,
1920 1507 1988 1560 ab
2012 1507 2128 1575 ipsi)

559 1596 670 1652 Deo
714 1598 768 1651 in
799 1597 1062 1651 duritiem
1113 1599 1436 1667 impellitur,
1487 1614 1587 1652 nec
1639 1600 1746 1652 vita
1809 1614 2063 1653 ranarum
2097 1612 2127 1652 a

2230 424 2385 491 μίας,
2406 443 2424 476 ι
2447 423 2691 494 περὶτῶν
2721 418 3266 491 ἀρρενοφθορούντων
3305 417 3500 484 λέγων.
3533 418 3629 470 καὶ
3674 420 3811 487 περὶ

2226 511 2333 563 τῶν
2364 513 2423 563 ἐν
2458 511 2569 572 τοῖς
2613 510 2827 579 ἀτίμοις
2873 525 2932 562 τε
2974 508 3069 562 καὶ
3104 509 3370 579 ἀρρήτοις
3420 508 3521 577 τῆς
3566 509 3812 571 ἀσωτίας

2226 600 2446 672 τρόποις
2487 600 2955 671 ἁσχημονούντων.
3006 600 3145 653 Ἀλλ’
3176 600 3223 652 εί
3267 599 3362 653 καὶ
3392 598 3536 653 οὕτω
3583 599 3816 666 λέγεται

2229 692 2376 761 παρὰ
2405 694 2502 762 τῆς
2531 691 2679 754 θείας
2709 689 2928 760 Γραφῆς
2959 690 3029 742 τὰ
3060 687 3346 759 εἰρημένα·
3384 685 3508 740 οὕτε
3537 686 3615 758 τῷ
3642 685 3815 739 πάθει

2225 782 2323 851 τῆς
2348 782 2569 851 ἀτιμίας
2602 784 2631 834 6
2669 780 2802 844 Θεὸς
2850 780 3066 834 ἔκδοτον
3106 778 3289 833 δίδωσι
3343 778 3435 831 τὸν
3480 778 3615 849 πρὸς
3645 777 3817 832 τοῦτο

2228 873 2545 944 φερόμενον.
2573 871 2699 926 οὔτε
2725 870 2926 943 Φαραὼ
2954 872 3082 941 θείᾳ
3117 868 3368 941 βουλήσει
3420 867 3810 940 σκληρύνεται,

2227 963 2348 1017 οὔτε
2378 965 2406 1017 6
2435 963 2782 1034 βατραχώδης
2833 962 2944 1032 βίος
2984 963 3091 1015 ὑπὸ
3125 964 3223 1031 τῆς
3251 960 3452 1029 ἀρετῆς
3479 960 3811 1013 πλάσσεται.

2227 1055 2291 1107 Et
2323 1054 2428 1124 γὰρ
2468 1053 2722 1125 βουλητὸν
2768 1049 2836 1123 ἦν
2865 1055 2929 1123 τῇ
2971 1052 3091 1123 θείᾳ
3126 1051 3307 1121 φύσει,
3354 1052 3571 1113 πάντως
3609 1051 3676 1104 ἂν
3710 1052 3815 1104 ἐπὶ

2229 1146 2445 1198 πάντων
2470 1145 2611 1198 κατὰ
2642 1144 2700 1198 τὸ
2726 1146 2838 1198 ἴσον
2868 1146 2900 1214 ἡ
2938 1143 3165 1212 τοιαύτη
3209 1142 3527 1213 προαίρεσις
3561 1141 3810 1210 ἴσχυσεν.

2227 1237 2302 1300 ὼς
2336 1236 2601 1307 μηδεμιᾶς
2630 1236 2831 1307 ἀρετῆς
2862 1235 2957 1288 καὶ
2983 1233 3180 1297 κακίας
3224 1233 3374 1305 παρᾶ
3413 1233 3503 1287 τὸν
3537 1232 3651 1303 βίον
3691 1232 3815 1286 δια-

2229 1329 2399 1399 φορὰν
2427 1327 2766 1397 θεωρεῖσθαι.
2808 1326 3016 1379 ’Δλλων
3044 1325 3101 1378 δὲ
3130 1323 3303 1387 ἄλλως
3338 1323 3669 1394 μετεχόντων
3708 1322 3814 1376 τοῦ

2230 1419 2344 1489 βίου
2366 1459 2380 1481 ,
2408 1419 2499 1472 καὶ
2522 1418 2630 1472 τῶν
2658 1418 2848 1488 μὲν¹δι’
2878 1416 3076 1488 ἀρετῆς
3106 1415 3580 1486 κατορθουμένων,
3605 1414 3717 1466 τῶν
3745 1414 3814 1467 δὲ

2229 1511 2306 1573 είς
2335 1510 2526 1564 κακίαν
2558 1508 2955 1582 ἀπορρεόντωνσ
2999 1509 3097 1560 οὐκ
3140 1507 3203 1562 ἄν
3247 1523 3329 1569 τις
3367 1506 3600 1574 εὐλόγως
3634 1506 3817 1576 ὑπερ·
3840 1538 3857 1543 -

2229 1600 2507 1670 κειμέναις
2524 1600 2664 1652 τισὶν
2691 1599 2976 1668 ἀνάγκαις,
3004 1598 3122 1659 ταῖς
3145 1596 3286 1649 κατά
3301 1595 3360 1648 τὸ
3377 1596 3519 1648 θεῖον
3558 1594 3818 1665 βούλημα

560 1689 758 1743 vlrtute
800 1692 1197 1745 conformatur.
1237 1688 1370 1743 Nam
1418 1690 1461 1744 si
1509 1689 1600 1743 Dei
1644 1691 1920 1744 voluntate
1968 1697 2128 1758 atque

2231 1692 2679 1762 συνισταμέναις,
2724 1690 2821 1754 τὰς
2866 1692 3126 1763 διαφορὰς
3174 1688 3280 1741 τῶν
3328 1688 3456 1758 βίων
3496 1688 3813 1755 λογίσαιτο,

560 1779 796 1849 Impulsu
820 1780 895 1834 ita
929 1781 1102 1844 fieret,
1134 1797 1235 1836 nec
1257 1781 1611 1850 turpitudinis
1638 1790 1691 1834 et
1715 1780 2130 1850 vituperationis

2236 1775 2309 1834 ὧν
2340 1783 2371 1850 ἠ
2415 1781 2730 1851 προαίρεσις
2760 1781 2842 1849 ἐφ’
2872 1781 3104 1834 ἑκάστου
3145 1778 3204 1832 τὸ
3234 1778 3431 1849 κράτος
3457 1777 3588 1847 ἔχει.

561 1884 645 1928 uae
714 1875 1001 1944 passiones
1068 1876 1514 1944 appellarentur,
1565 1892 1664 1929 nec
1708 1877 1818 1929 ulla
1850 1884 1998 1930 esset
2037 1877 2178 1930 inter
2218 1874 2472 1929 virtutem
2517 1884 2571 1929 et
2615 1875 2805 1928 vitium
2854 1874 3181 1930 differentia.
3234 1871 3430 1927 Verum
3489 1886 3612 1926 cum
3663 1872 3818 1929 alius

560 1968 723 2028 hanc,
762 1967 913 2021 alius
948 1966 1095 2018 illam
1126 1965 1290 2036 eligat
1332 1968 1520 2026 vitam,
1576 1975 1629 2019 et
1664 1966 1748 2020 hic
1782 1966 2049 2029 virtuose,
2100 1965 2190 2020 ille
2228 1966 2444 2028 vitiose,
2482 1965 2662 2021 vivere
2697 1964 2870 2029 malit,
2918 1979 3026 2020 non
3064 1964 3187 2033 jure
3230 1962 3408 2021 altiori
3454 1961 3675 2019 cuidam
3707 1976 3819 2018 ne-

563 2055 839 2118 cessitati,
888 2055 980 2109 sed
1017 2056 1285 2108 voluntati
1328 2056 1664 2123 singulorum
1723 2055 1938 2110 vivendi
1982 2069 2230 2109 normam
2266 2055 2634 2109 attribuimus.

632 2143 915 2207 Quomodo
969 2144 1135 2212 igitur
1187 2144 1603 2213 vituperationis
1650 2146 1939 2214 quisquam
1995 2161 2124 2215 pas-

560 2234 809 2289 sionibus
842 2249 871 2286 a
898 2233 1006 2288 Deo
1031 2234 1299 2300 tradatur,
1336 2236 1451 2303 ipse
1483 2236 1777 2304 Apostolus
1813 2221 1995 2306 aperte
2025 2252 2125 2293 nos

561 2326 723 2380 docet
751 2343 764 2379 :
790 2327 885 2395 qui
921 2342 1028 2380 non
1060 2325 1307 2396 probavit
1339 2326 1503 2381 Deum
1537 2328 1738 2382 habere
1798 2324 1855 2378 in
1906 2323 2122 2390 notitia,

561 2418 609 2471 is
654 2433 779 2472 cum
828 2433 860 2471 a
908 2417 1018 2473 Deo
1063 2433 1172 2472 non
1224 2416 1568 2477 defendatur.
1616 2434 1717 2474 nec
1766 2421 1940 2490 gratia
1981 2419 2123 2488 ejus,

564 2510 707 2564 unde
741 2525 903 2564 omne
934 2512 1132 2565 bonum
1162 2521 1266 2576 est,
1306 2520 1645 2566 sustentetur
1691 2510 1812 2581 (nec
1842 2512 1986 2565 enim
2034 2513 2126 2567 de-

563 2600 732 2657 tendit
767 2601 908 2658 Deus
948 2603 1218 2657 nolentem
1249 2603 1622 2672 cognoscere),
1664 2604 1735 2667 is,
1775 2604 2020 2672 inquam,
2061 2606 2131 2659 ab

562 2707 629 2746 eo
675 2694 1001 2762 turpitudini
1038 2696 1177 2749 tradi
1223 2696 1446 2750 dicitur.
1488 2694 1624 2749 Nam
1674 2696 2128 2766 quemadmodum

565 2786 612 2840 si
655 2787 781 2856 quis
812 2788 880 2843 de
908 2788 1127 2842 homine
1153 2790 1244 2857 qui
1278 2789 1332 2842 in
1376 2788 1582 2844 foveam
1613 2790 1839 2852 decidit,
1866 2792 2125 2859 quoniam

563 2878 731 2933 solem
780 2893 886 2931 non
930 2879 1086 2942 vidit,
1134 2879 1342 2934 ideirco
1380 2881 1434 2933 in
1477 2880 1685 2934 foveam
1733 2882 1992 2936 incidisse
2042 2897 2127 2936 as-

564 2974 861 3027 severaret,
912 2968 1061 3021 nullo
1110 2969 1269 3022 nobis
1317 2969 1481 3023 iuodo
1514 2970 1567 3022 in
1627 2979 1858 3025 mentem
1900 2973 2125 3037 veniret,

564 3056 631 3109 ab
667 3056 804 3109 irato
834 3058 950 3112 sele
980 3058 1034 3111 in
1069 3057 1278 3112 foveam
1311 3059 1488 3130 ipsum
1530 3061 1854 3129 depulsum;
1903 3064 1997 3118 sed
2026 3074 2129 3118 sta-

566 3142 661 3195 tim
698 3142 1146 3212 intelligeremus,
1200 3146 1322 3199 ideo
1368 3149 1421 3200 in
1471 3146 1678 3201 foveam
1727 3149 1956 3218 lapsum.
1988 3168 2127 3221 quo-

565 3233 708 3286 niam
738 3235 980 3289 ca-citate
1008 3250 1104 3289 sua
1139 3238 1271 3292 solis
1303 3239 1475 3293 lucem
1512 3241 1754 3308 aspicere
1785 3257 1891 3297 non
1919 3246 2124 3313 potuit:

565 3324 645 3377 sic
692 3333 905 3392 oportet
945 3326 1077 3379 illud
1116 3326 1356 3397 Apostoli
1405 3332 1608 3384 dictum
1659 3333 1975 3404 intelligere,
2034 3353 2129 3393 eos

568 3413 824 3468 nimirum
868 3416 959 3484 qui
1009 3416 1176 3471 Deum
1223 3435 1332 3473 non
1380 3433 1768 3491 cognoverant,
1820 3427 2131 3495 ignominiaa

567 3506 913 3573 passionibus
938 3509 1167 3563 traditos
1190 3527 1331 3575 esse,
1351 3520 1404 3565 et
1432 3512 1740 3568 induratum
1772 3532 1799 3570 a
1824 3516 1932 3572 Deo
1960 3519 2130 3576 fuisse

568 3605 855 3668 tyrannuin
900 3599 1234 3670 Egyptium,
1294 3619 1402 3658 non
1460 3606 1589 3674 quia
1637 3608 1820 3661 divina
1874 3612 2128 3667 voluntas

566 3687 822 3743 duritiem
866 3690 918 3743 in
953 3692 1193 3745 aninnun
1224 3694 1342 3761 ejus
1392 3696 1691 3761 induxerit,
1731 3701 1823 3754 sed
1855 3702 1982 3770 quia
2005 3719 2127 3757 cum

568 3779 682 3847 ipse
704 3780 895 3835 vitiose
916 3782 1093 3835 vivere
1117 3785 1393 3849 maluerit,
1447 3802 1552 3840 non
1588 3791 1829 3860 suscepit
1861 3794 2127 3848 rationein

566 3884 673 3937 qua
715 3870 1028 3924 induratum
1069 3874 1122 3926 in
1162 3875 1291 3927 vitio
1329 3890 1426 3928 cor
1462 3880 1823 3945 permollitur.
1862 3876 2128 3953 Sic‘virga

566 3976 785 4030 quoque
834 3960 1004 4032 Moysi
1055 3980 1325 4033 apparens
1374 3968 1426 4019 in
1479 3967 1744 4038 1Egypto,
1799 3971 2055 4029 Hebraeos
2099 3991 2129 4030 υ

567 4049 715 4103 ranis
759 4051 1004 4116 mundat,
1039 4051 1323 4123 [Egyptios
1368 4055 1516 4110 ranis
1554 4059 1747 4126 replet.
1783 4058 1981 4115 Verum
2006 4080 2127 4118 cum

564 4143 726 4196 etiam
762 4159 860 4211 pro
886 4142 1153 4214 A‘Igyptiis
1181 4163 1374 4201 manus
1399 4147 1611 4219 Moyses
1645 4153 1973 4218 extenderit,
2001 4166 2129 4212 tunc

564 4238 618 4283 et
644 4230 748 4299 ipsi
786 4231 852 4286 ab
900 4232 1277 4298 hujuscemodi
1313 4238 1619 4293 ahominalo
1652 4256 1904 4295 ranarum
1937 4245 2126 4301 morbo
2158 4275 2202 4330 ι)

569 4316 887 4374 liberantur.
923 4319 1078 4385 Quod
1114 4321 1186 4376 ita
1230 4324 1343 4377 fieri
1386 4326 1630 4383 videmus
1660 4328 1711 4381 in
1745 4330 1846 4384 hac
1887 4334 2127 4389 universi

567 4410 780 4476 generis
824 4410 1103 4465 hominum
1149 4429 1179 4466 a
1224 4416 1442 4471 diabolo
1483 4418 1839 4488 liberatione;
1876 4438 1999 4477 nam
2033 4426 2129 4493 qui

571 4503 750 4567 pravis
783 4503 1194 4570 cupiditatibus,
1246 4511 1402 4577 quasi
1448 4510 1596 4563 ranis
1644 4512 1941 4569 immundis
1973 4516 2127 4572 tabe-

492 4598 497 4604 ‘
567 4598 747 4652 scunt.
767 4593 811 4646 si
845 4593 910 4646 ad
937 4609 1121 4648 verum
1148 4596 1506 4666 legislaturem
1526 4601 1796 4657 Christum
1820 4608 2131 4674 aspexerint

566 4688 622 4734 et
651 4698 774 4735 eum
799 4699 991 4738 iuanus
1018 4686 1069 4738 in
1100 4702 1263 4741 cruce
1285 4691 1593 4747 extendisse
1618 4709 1746 4749 vere
1777 4697 2128 4761 crediderint,

569 4770 726 4825 facile
756 4788 785 4824 a
826 4774 1228 4831 cohabitatEone
1262 4794 1514 4834 ranarum
1546 4783 1867 4850 liberantur,
1903 4793 2130 4846 mortifi-

526 4861 531 4867 ’
567 4868 693 4916 cato
731 4864 919 4917 morbo
955 4865 1266 4934 hujusmodi
1311 4885 1374 4924 ac
1406 4873 1729 4941 putrefacto.
1761 4880 1972 4951 Quippe
2003 4898 2125 4938 cum

570 4954 830 5011 liberatus
878 4956 947 5009 ab
993 4958 1078 5011 his
1134 4963 1314 5027 parvis
1358 4964 1752 5033 cupiditatibus
1806 4971 1969 5027 homo
2036 4976 2129 5039 sit,

567 5051 731 5113 atque
755 5044 853 5100 hos
875 5050 1221 5117 serpentinos
1246 5054 1412 5106 animi
1439 5068 1616 5112 motus
1637 5060 1861 5116 omnino
1888 5062 2130 5132 ejeeerit,

569 5142 700 5188 tunc
736 5135 1083 5203 delictorum,
1124 5156 1245 5210 qua:
1298 5144 1555 5212 pestifera
1607 5149 1908 5216 cupiditate
1952 5153 2131 5210 victus

568 5226 941 5290 commiserat,
975 5232 1172 5285 acerba
1201 5234 1430 5289 nimium
1466 5252 1529 5291 ac
1561 5236 1727 5293 fetida
1768 5241 1840 5294 sit
1878 5246 2133 5299 recorda-

570 5315 667 5381 tio,
722 5320 1144 5378 amaritudinem
1178 5340 1245 5379 ex
1290 5328 1493 5397 pudore
1539 5330 1807 5401 ingentem
1859 5335 2120 5401 inferens,

570 5416 630 5462 ut
651 5410 718 5464 ad
736 5427 831 5468 eos
854 5414 1147 5484 Apostolus
1183 5421 1276 5485 ait,
1302 5422 1393 5491 qui
1427 5424 1706 5494 repudiata
1737 5429 1876 5484 male
1909 5428 2120 5484 vivendi

645 5615 686 5645 ³⁸
716 5611 868 5673 Rom.
904 5631 939 5679 ι.
971 5616 1032 5670 21
1063 5633 1180 5688 sqq.

2297 2144 2391 2208 Τίς
2425 2141 2514 2199 οὖν
2548 2145 2900 2217 παραδίδοται
2929 2146 3008 2216 τῷ
3027 2145 3189 2199 πάθει
3217 2145 3319 2214 τῆς
3343 2142 3587 2215 ἀτιμίας,
3618 2144 3817 2213 σαφῶς

2225 2233 2339 2287 ἐστι
2374 2234 2524 2309 παρά
2550 2237 2642 2290 τοῦ
2685 2237 3008 2290 ’Δποστόλου
3047 2236 3271 2307 μαθεῖν’
3311 2239 3340 2289 6
3385 2237 3459 2306 μὴ
3498 2236 3816 2306 δοκιμάσας

2223 2323 2314 2377 τὸν
2337 2324 2469 2379 Θεὸν
2500 2326 2643 2395 ἔχειν
2686 2328 2743 2379 ἐν
2777 2325 3111 2394 ἐπιγνώσει,
3169 2326 3228 2379 ὃν
3257 2327 3359 2379 οὐκ
3393 2326 3740 2396 ἀμυνόμενος
3784 2330 3817 2379 ὁ

2224 2414 2356 2477 Θεὸς
2383 2415 2471 2468 διὰ
2499 2416 2560 2468 τὸ
2600 2417 2675 2487 μὴ
2701 2415 3103 2485 ἐπιγνωσθῆναι
3123 2414 3255 2468 Θεὸν
3279 2410 3417 2468 εἶναι
3448 2413 3581 2484 παρ’
3610 2414 3813 2479 αὐτοῦ,

2229 2511 2556 2581 παραδίδωσι
2593 2512 2669 2582 τῷ
2697 2510 2880 2564 πάθει.
2922 2511 3080 2565 Ἀλλά
3108 2509 3172 2581 δὴ
3193 2510 3255 2562 τὸ
3287 2509 3361 2579 μὴ
3385 2507 3683 2576 ἐπιγνῶναι
3714 2513 3815 2562 τὸν·

2225 2602 2376 2666 Θεὸν,
2405 2604 2575 2655 αἴτιον
2625 2602 2771 2672 αὐτῷ
2814 2602 3023 2670 γίνεται
3067 2600 3160 2654 τοῦ
3206 2603 3288 2664 είς
3327 2600 3418 2654 τὸν
3459 2599 3683 2670 ἐμπαθῆ
3715 2600 3820 2653 καὶ

2226 2695 2418 2763 ἄτιμον
2450 2693 2564 2763 βίον
2589 2696 2982 2764 καταπρῆναι.
3011 2693 3221 2763 Ὥσπερ
3246 2692 3356 2762 γάρ
3378 2691 3431 2744 εί
3454 2708 3599 2753 τινος
3626 2691 3818 2745 εἰπόν-

2224 2803 2331 2847 τος,
2368 2785 2449 2837 ὅτι
2480 2784 2555 2856 μὴ
2594 2785 2779 2854 ὀφθεὶς
2806 2788 2835 2838 6
2858 2786 3009 2855 ἣλιος
3028 2784 3121 2838 τὸν
3146 2785 3295 2838 δεῖνα
3324 2782 3402 2853 τῷ
3436 2782 3614 2855 βόθρῳ
3650 2783 3818 2857 me-

2231 2878 2405 2948 ριψεν,
2454 2878 2514 2930 οὐ
2566 2877 2721 2930 τοῦτο
2765 2875 3111 2948 λογιζόμεθα,
3153 2877 3235 2928 ὅτι
3278 2876 3415 2946 ὀργῇ
3461 2876 3750 2944 χρώμενος
3786 2878 3820 2928 6

2232 2969 2454 3038 φωστὴρ
2481 2969 2571 3021 τὸν
2600 2970 2673 3039 μὴ
2704 2968 3034 3037 βουληθέντα
3065 2967 3200 3036 πρὸς
3222 2966 3384 3019 αὐτὸν
3417 2966 3563 3032 ἰδεῖν,
3595 2967 3691 3018 ἐπὶ
3714 2966 3819 3020 τὸν

2233 3059 2421 3131 βόθρον
2477 3059 2764 3123 ἀπώσατο,
2810 3059 2925 3113 ἀλλ’
2967 3059 3140 3121 οὕτως
3183 3058 3248 3112 ἂν
3292 3057 3354 3111 τὸ
3394 3057 3555 3128 ῥηθὲν
3587 3058 3819 3130 νοηθείη

2231 3149 2369 3202 κατά
2401 3149 2462 3201 τὸ
2484 3148 2722 3215 εὔλογον,
2754 3150 2834 3202 ὅτι
2866 3148 2927 3200 τὸ
2958 3148 3032 3217 μὴ
3081 3146 3327 3217 μετέχειν
3353 3145 3446 3198 τοῦ
3475 3146 3675 3215 φωτὸς,
3712 3149 3812 3200 σί-

2227 3261 2340 3297 τιον
2365 3244 2442 3313 τῷ
2476 3243 2548 3314 μὴ
2580 3243 2829 3311 βλέποντι
2872 3242 2972 3311 τῆς
3005 3242 3083 3303 είς
3112 3240 3202 3293 τὸν
3250 3240 3441 3311 βόθρον
3479 3239 3596 3292 ἐστὶ
3634 3255 3825 3295 κατα-

2229 3334 2504 3398 πτὼσεως·
2529 3333 2701 3397 οὕτως
2741 3334 2934 3401 εὐαγὲς
2967 3332 3032 3385 ἂν
3074 3332 3158 3401 εἴη
3192 3333 3285 3384 καὶ
3313 3332 3373 3384 τὸ
3403 3330 3497 3383 τοῦ
3548 3332 3826 3385 ’Δποστόσ

2229 3425 2320 3479 λου
2351 3429 2507 3491 νοεῖν,
2543 3425 2603 3478 τὸ
2631 3426 2756 3488 τοὺς
2802 3424 2876 3494 μὴ
2912 3423 3233 3490 ἐπιγνόντας
3266 3422 3356 3475 τὸν
3387 3422 3517 3475 Θεὸν
3556 3424 3670 3484 τοῖς
3710 3426 3824 3493 τῆς

2230 3518 2450 3587 ἀτιμίας
2475 3516 2770 3570 ἐκδίδοσθαι
2802 3515 3018 3579 πάθεσι,
3044 3514 3137 3567 καὶ⁹
3170 3514 3229 3566 τὸ
3257 3513 3616 3584 ἐσκληρύνθαι
3650 3515 3824 3584 παρὰ

2228 3608 2321 3662 τοῦ
2351 3607 2483 3661 Θεοῦ
2515 3607 2606 3661 τὸν
2652 3608 2947 3675 Αίγύπτιον
2980 3605 3245 3675 τύραννον
3292 3605 3391 3673 οὐχ
3419 3605 3495 3667 ὼς
3532 3604 3629 3673 τὴν
3657 3606 3826 3658 ἀντι-

2228 3699 2425 3751 τυπίαν
2472 3700 2529 3751 ἐν
2560 3700 2626 3767 τῇ
2660 3696 2802 3766 ψυχῇ
2840 3695 2931 3748 τοῦ
2965 3695 3162 3765 Φαραὼ
3196 3694 3294 3764 τῆς
3325 3694 3475 3753 θείας
3497 3694 3824 3764 βουλήσεως

2228 3784 2562 3860 ἐντιθείσης,
2599 3789 2711 3842 ἀλλ’
2738 3788 2813 3851 ὡς
2845 3788 2945 3857 τῆς
2983 3787 3353 3857 προαιρέσεως
3402 3786 3491 3839 διὰ
3532 3787 3628 3856 τῆς
3670 3787 3823 3856 πρὸς

2229 3884 2326 3953 τὴν
2361 3881 2553 3935 κακίαν
2592 3880 2961 3949 προσκλίσεως
2995 3880 3085 3932 τὸν
3119 3878 3529 3948 ἐκμαλάσσοντα
3578 3880 3678 3947 τὴν
3715 3880 3825 3932 ἀν-

2228 3974 2481 4027 τιτυπίαν
2506 3973 2663 4040 λόγον
2695 3972 2755 4026 οὐ
2781 3971 3096 4041 δεχομένης.
3127 3971 3281 4024 Οὕτω
3307 3972 3453 4041 καὶὴ
3481 3972 3576 4041 τῆς
3600 3971 3822 4041 ἀρετῆς

2231 4064 2421 4135 ῥάϐδος
2443 4066 2498 4116 ἐν
2524 4065 2636 4126 τοῖς
2663 4062 2995 4130 Αἰγυπτίοις
3020 4064 3269 4130 φανεῖσα,
3297 4061 3387 4114 τὸν
3419 4062 3517 4131 μὲν
3554 4063 3823 4131 Ἐϐραῖον

2230 4152 2466 4222 καθαρὸν
2492 4151 2591 4220 τῆς
2618 4149 2996 4220 βατραχώδους
3032 4148 3177 4218 ζωῆς
3204 4146 3591 4216 ἀπεργάζεται’
3623 4147 3720 4199 τὸν
3753 4149 3823 4203 δὲ

2230 4244 2526 4312 Αίγύπτιον
2561 4242 2674 4311 βίον
2723 4240 2904 4311 πλήρη
2945 4240 3045 4309 τῆς
3077 4238 3329 4307 τοιαύτης
3362 4238 3595 4291 δείκνυσι
3622 4238 3816 4293 νόσου.

2244 4336 2381 4389 Ἀλλ’
2408 4334 2516 4390 ἐσθ’
2537 4336 2626 4388 ὅτε
2659 4333 2752 4386 τοῦ
2777 4332 3018 4394 Μωσέως
3047 4332 3140 4385 καὶ
3170 4332 3308 4400 ὑπὲρ
3341 4330 3542 4382 τούτων
3566 4333 3665 4390 τὰς
3695 4334 3823 4399 χεῖ-

2235 4445 2332 4498 ρας
2359 4426 2715 4488 ἐκτείναντος,
2763 4420 3070 4492 ἀφανισμὸς
3108 4420 3218 4476 τῶν
3265 4420 3548 4494 βατράχων
3571 4421 3816 4488 γίνεται.

2238 4516 2306 4572 Ὃ
2331 4516 2395 4585 δὴ
2439 4515 2531 4569 καὶ
2566 4514 2660 4567 νῦν
2702 4514 2818 4566 ἐστι
2858 4512 3063 4580 γνῶναι
3104 4510 3409 4580 γινόμενον.
3459 4510 3523 4562 Οί
3557 4509 3667 4579 γὰρ
3709 4511 3821 4583 τὴν

2235 4609 2455 4664 ἔκτασιν
2495 4607 2603 4658 τῶν
2650 4605 2847 4676 χειρῶν
2888 4601 2984 4656 τοῦ
3038 4601 3326 4672 νομοθέτου
3371 4603 3819 4671 κατανοήσαντες

2237 4701 2253 4769 (
2279 4701 2525 4769 συνήσεις
2545 4699 2604 4752 δέ
2634 4697 2870 4760 πάντως,
2893 4698 2974 4749 ὅτι
3004 4696 3086 4748 σοὶ
3113 4695 3259 4762 λέγει
3289 4694 3349 4746 τὸ
3385 4693 3632 4764 αἴνιγμα·
3662 4694 3817 4750 ὥστε

2235 4790 2423 4860 νοῆσαι
2458 4789 2547 4843 διὰ
2592 4789 2688 4857 μὲν
2717 4786 2812 4840 τοῦ
2857 4785 3149 4856 νομοθέτου
3177 4784 3266 4836 τὸν
3296 4783 3545 4861 ἀληθινὸν
3582 4785 3822 4853 νομοθέ..

2233 4900 2351 4952 την,
2398 4882 2485 4935 διὰ
2522 4881 2580 4934 δὲ
2613 4881 2712 4950 τῆς
2745 4879 2852 4933 τῶν
2894 4878 3091 4948 χειρῶν
3133 4878 3430 4940 ἐκτάσεως,
3461 4876 3548 4929 τὸν
3586 4878 3679 4931 ἐπὶ
3713 4879 3818 4931 τοῦ

2231 4973 2466 5043 σταυροῦ
2509 4972 2611 5035 τὰς
2670 4974 2856 5041 χεῖρας
2914 4968 3301 5033 ἐκτείναντα),
3350 4968 3400 5021 oi
3443 4967 3621 5019 τοίνυν
3671 4970 3818 5037 πρὸς

2228 5065 2406 5132 ὀλίγον
2436 5067 2546 5126 τοῖς
2592 5065 2855 5133 ῥυπαροῖς
2887 5060 3095 5123 τούτοις
3132 5060 3227 5113 καὶ
3256 5057 3622 5130 βατραχώδεσι
3658 5058 3818 5126 λογι-

2230 5158 2387 5226 σμοῖς
2431 5155 2716 5219 συςῶντες,
2745 5157 2794 5206 εί
2819 5153 2953 5224 πρὸς
2974 5152 3066 5205 τὸν
3109 5152 3248 5220 ὑπὲρ
3279 5150 3436 5222 ἡμῶν
3460 5149 3555 5213 τὰς
3590 5153 3810 5220 χεῖρας,

2226 5244 2541 5298 ἐκτείναντα
2566 5243 2745 5296 ῐδοιεψ
2779 5241 3214 5296 ἀπαλλάσσονται
3240 5240 3335 5310 τῆς
3357 5240 3597 5309 πονηρᾶς
3622 5241 3815 5295 αὐτῶν

2232 5334 2981 5406 συνοικήσεως,νεκρωθέντος
2989 5333 3082 5386 τοῦ
3100 5332 3301 5395 πάθους
3317 5333 3409 5386 καὶ
3419 5329 3808 5399 ἀποζέσαντος,

2244 5425 2479 5497 Ἀληθῶς
2506 5427 2613 5496 γὰρ
2640 5429 2752 5489 τοῖς
2770 5424 3207 5498 ἀπηλλαγμένοις
3235 5424 3333 5493 τῆς
3355 5420 3608 5492 τοιαύτης
3632 5422 3811 5493 νόσου,
