4054 6436
594 215 689 268 351

1783 233 1839 288 S.
1883 236 2208 293 GREGORII
2249 239 2538 298 NYSSENI

3726 249 3824 302 332

591 333 1031 402 dere.debemus,
1081 348 1140 393 ut
1179 343 1340 397 etiam
1386 348 1678 414 Apostolus
1724 355 1788 408 ad
1851 357 2139 427 hujusmod

2269 365 2418 428 κείας
2471 371 2839 440 προαιρέσεως
2885 373 2984 442 τὴν
3017 373 3123 425 τῶν
3166 371 3431 438 ἀλγεινῶν
3483 373 3823 442 παρασκευὴν

591 422 862 478 hominem
907 427 1059 494 dicit,
1108 433 1250 500 quod
1302 453 1319 485 ι
1355 435 1661 497 Secundum
1697 444 1949 500 duritiem
1990 457 2159 513 tuam,

590 508 716 576 quia
744 525 840 563 cor
865 519 1015 568 tuum
1043 533 1146 570 non
1182 522 1425 588 paznitet,
1455 527 1587 578 iram
1619 529 1714 583 tibi
1749 533 1799 585 in
1835 534 1922 589 die
1954 536 2048 592 im
2097 554 2161 592 ac

589 599 932 655 revelationis
961 612 1012 657 et
1039 605 1171 672 justi
1195 608 1385 676 judicii
1433 610 1526 665 Dei
1556 629 1878 688 congregas,
1913 624 2004 690 qui
2039 626 2162 678 uni-

588 688 782 757 cuique
827 693 1016 748 tribuit
1053 697 1209 763 juxta
1246 716 1468 755 suorum
1512 719 1735 774 Operum
1788 716 1978 767 merita
2028 716 2094 768 "°.
2138 739 2156 766 ι

587 775 719 831 Nam
765 785 1219 848 quemadmodmn
1271 794 1314 846 si
1358 798 1507 864 pravi
1540 813 1603 852 ac
1636 802 1924 868 perniciosi
1969 805 2162 860 humo-

588 882 676 921 res
705 871 757 923 in
791 878 1101 941 praecordiis
1131 897 1193 936 ac
1224 884 1496 945 intestinis
1527 892 1748 957 lateant,
1784 911 1888 948 non
1923 912 2160 952 accusa-

587 966 675 1012 tur
720 964 982 1030 medicus,
1029 973 1171 1039 quod
1221 991 1316 1031 eos
1353 980 1467 1048 ipse
1498 982 1710 1047 fecerit,
1745 986 1790 1039 si
1842 995 1958 1041 arte
2008 993 2158 1058 ipsos

586 1051 788 1106 vomitu
813 1056 937 1122 ejici
963 1064 1188 1125 curarit,
1224 1068 1316 1120 sed
1346 1071 1522 1125 effecit
1549 1076 1766 1143 quidem
1807 1078 1930 1133 illos
1952 1080 2158 1134 inordi-

584 1152 710 1195 nata
747 1145 926 1209 dimta,
967 1154 1129 1206 traxit
1165 1165 1343 1211 autem
1382 1162 1433 1215 in
1470 1166 1814 1221 manifestius
1848 1185 1955 1222 non
1989 1171 2160 1240 impc-

589 1231 723 1286 litus
757 1236 997 1295 medicus
1029 1260 1042 1294 :
1069 1245 1150 1298 sic
1176 1263 1298 1300 cum
1329 1251 1546 1308 dolores
1576 1271 1639 1309 ac
1681 1259 1954 1314 cruciatus
1985 1260 2159 1314 homi-

586 1321 745 1375 nibus
801 1341 832 1378 a
887 1327 994 1383 Dea
1049 1332 1220 1391 fat-tos
1261 1342 1535 1407 audimus,
1576 1347 1876 1418 intelligere
1927 1352 2156 1405 decet‘a

585 1414 742 1468 nobis
765 1417 894 1485 ipsis
917 1422 1069 1477 initia
1097 1437 1148 1481 et
1170 1445 1364 1488 causas
1385 1451 1571 1491 earnm
1601 1443 1939 1494 vexationum
1967 1443 2151 1498 fuisse.

584 1504 686 1570 Qui
718 1510 860 1562 enim
914 1513 1048 1570 bene
1078 1520 1228 1584 vixit,
1279 1525 1404 1579 huic
1436 1545 1542 1581 non
1590 1533 1845 1596 tenebrae,
1894 1549 2001 1587 non
2039 1551 2157 1587 vcr-

584 1595 706 1658 miS.
748 1615 852 1653 non
893 1605 1161 1672 gehenna,
1200 1627 1306 1667 non
1351 1616 1513 1684 ignis,
1561 1636 1670 1674 non
1705 1624 1849 1676 aliud
1896 1601 2066 1677 ulluni
2100 1637 2153 1680 et

2265 455 2582 526 ἐτοιμάζων,
2601 461 2782 524 καθώς
2805 480 2966 532 φησιν
2992 467 3019 516 ό
3053 463 3371 524 Ἀπόστολος
3399 462 3531 532 πρὸς
3555 461 3644 514 τὸν
3664 464 3824 515 τοιοῦ-

2262 561 2352 597 τον
2383 545 2574 614 λέγων,
2604 550 2686 601 ὃτι
2709 567 2728 598 ι
2755 551 2910 608 Κατὰ
2931 554 3026 624 τὴν
3053 553 3398 623 σκληρότητά
3441 570 3535 605 σου
3576 553 3667 604 καὶ
3697 554 3827 623 ἀμε-

2261 637 2517 707 τανόητον
2539 641 2761 710 καρδίαν
2778 642 3123 714 θησαυρίζεις
3148 645 3358 714 σεαυτῷ
3378 644 3544 715 ὀργὴν
3567 648 3622 698 ἐν
3643 645 3828 714 ἡμέρᾳ

2261 726 2430 795 ὀργῆς
2456 729 2547 780 καὶ
2573 730 2964 800 ἀποκαλύψεως
2995 735 3086 786 καὶ
3118 735 3516 806 δικαιοκρισίας
3549 735 3642 787 τοῦ
3666 735 3825 798 Θεοῦ,

2260 815 2318 878 ὃς
2339 817 2602 871 ἀποδώσει
2623 818 2838 891 ἑκάστῳ
2859 822 2998 874 κατὰ
3015 822 3081 876 τά
3096 822 3232 895 ἔργα
3243 825 3427 882 αὑτοῦ.
3445 845 3467 877 ι
3489 829 3694 898 Ὥσπερ
3716 827 3826 897 γάρ

2259 907 2345 960 διὰ
2387 909 2484 978 τῆς
2525 911 2887 981 ἀτακτοτέρας
2928 912 3136 982 διαίτης
3178 915 3497 986 φθοροποιός
3527 935 3610 980 τις
3655 919 3828 988 χυμὸς

2258 999 2352 1050 καὶ
2401 998 2640 1070 χολώδης
2687 1002 2743 1052 ἐν
2785 1003 2897 1062 τοῖς
2945 1003 3269 1071 σπλάγχνοις
3321 1006 3666 1059 συνίσταται·
3708 1007 3765 1059 ὃν
3801 1009 3830 1059 ό

2261 1087 2439 1155 ἰατρὸς
2485 1089 2572 1142 διὰ
2620 1089 2719 1159 τῆς
2763 1089 2961 1160 τέχνης
3005 1092 3083 1153 εἰς
3127 1091 3322 1160 ἔμετον
3367 1093 3824 1161 ἐφελκυσάμενος,

2256 1178 2355 1230 ούκ
2381 1177 2448 1231 ἂν
2479 1181 2535 1231 ἐν
2568 1179 2714 1249 αἰτία
2741 1180 2952 1246 γένοιτο
2981 1181 3072 1232 τοῦ
3100 1180 3259 1244 αὐτὸς
3291 1184 3586 1252 ἐμποιῆσαι
3614 1181 3691 1251 τῷ
3721 1181 3830 1233 σώο

2259 1286 2387 1337 ματι
2412 1269 2500 1322 τὸν
2527 1267 2730 1340 νοσώδη
2771 1271 2966 1340 χυμὸν,
2999 1270 3112 1323 ἀλλ’
3141 1272 3360 1341 ἐποίησε
3395 1273 3491 1341 μὲν
3515 1275 3545 1342 ἡ
3578 1273 3675 1342 τῆς
3698 1289 3826 1343 τρο-

2257 1361 2360 1430 φῆς
2388 1359 2599 1423 ἀταξία,
2629 1361 2706 1422 εἰς
2731 1361 2785 1413 δέ
2811 1361 2872 1412 τὸ
2898 1361 3134 1430 ἐμφανὲς
3163 1362 3366 1431 ἤγαγεν
3395 1364 3428 1432 ἡ
3462 1363 3675 1431 ἰατρικὴ
3707 1364 3826 1412 ἐπι-

2257 1453 2434 1520 στήμη
2458 1468 2469 1480 ·
2502 1451 2672 1513 οὕτως
2717 1452 2819 1504 κᾶν
2850 1452 2996 1524 παρὰ
3031 1452 3123 1505 τοῦ
3153 1452 3288 1504 Θεοῦ
3322 1451 3564 1519 γίνεσθαι
3597 1452 3825 1519 λέγηται

2254 1541 2366 1601 τοῖς
2414 1541 2703 1610 μοχθηροῖς
2739 1542 2835 1610 τὴν
2869 1544 3180 1614 προαίρεσιν
3217 1545 3248 1613 ἡ
3278 1542 3500 1612 ἀλγεινὴ
3531 1544 3824 1596 ἀνταπόδο-

2257 1646 2358 1694 σις,
2388 1629 2606 1699 εὔλογον
2635 1631 2700 1684 ἂν
2733 1633 2815 1703 εἴη
2849 1636 3006 1695 νοεῖν,
3037 1634 3094 1698 ἐξ
3120 1633 3274 1703 ἡμῶν
3309 1635 3486 1686 αὐτῶν
3519 1633 3616 1696 τὰς
3652 1635 3824 1702 ἀρχάς

582 1687 800 1742 nomine
836 1704 888 1745 et
935 1711 988 1748 re
1021 1701 1262 1756 terribile
1307 1704 1568 1773 imminet,
1612 1713 1754 1766 sicut
1800 1714 1911 1783 ipsa
1939 1731 2139 1784 quoqnt

2256 1687 2357 1772 atavi,
2383 1721 2478 1784 τὰς
2511 1687 2688 1784 αἰτίας
2718 1724 2784 1775 τὰ
2805 1687 3042 1777 ¹τοιαῦτα
3070 1724 3364 1793 λαμϐάνειν
3395 1724 3559 1793 πάθη.
3597 1724 3685 1794 Τῷ
3711 1725 3825 1795 γὰρ

583 1781 810 1830 testatur
845 1781 1088 1840 historia.
1127 1789 1259 1844 Nam
1290 1810 1411 1848 cum
1445 1799 1498 1852 in
1529 1803 1717 1855 eodem
1755 1781 1913 1858 simul
1946 1807 2150 1861 llebrazi

581 1881 704 1920 cun.
732 1870 1000 1942 AEgypIEis
1045 1894 1228 1937 essent
1273 1886 1411 1949 loco,
1463 1894 1850 1952 crnciabantur
1887 1897 2147 1969 Egyptii,

584 1953 820 2016 Hebr-reis
862 1966 996 2020 nihil
1029 1974 1410 2032 sentientibus.
1449 1980 1626 2046 Quare
1667 1988 2012 2042 manifestum
2043 1999 2146 2054 est,

579 2050 712 2102 nihil
747 2052 935 2108 harum
975 2075 1253 2126 pcenarum
1305 2069 1513 2139 absque
1553 2083 1738 2128 nostra
1782 2079 2048 2134 electione
2085 2096 2148 2135 ac

578 2141 854 2198 voluntate
881 2164 1040 2216 posse
1083 2157 1403 2214 consistere.

576 2231 675 2299 τῆς
719 2235 825 2287 τῶν

2255 1811 2652 1883 ἀναμαρτήτως
2681 1814 2961 1882 βεϐιωκότι
2988 1815 3048 1866 οὐ
3079 1816 3265 1879 σκότος
3293 1815 3458 1877 ἐστὶν,
3485 1815 3544 1867 οὐ
3583 1815 3822 1885 σκώληξ,

2253 1903 2313 1954 οὐ
2346 1903 2564 1970 γέεννα,
2609 1905 2669 1956 ού
2710 1905 2848 1975 πῦρ,
2883 1906 2980 1958 οὐκ
3025 1905 3153 1959 ἄλλο
3188 1923 3240 1957 τι
3273 1905 3378 1958 τῶν
3404 1906 3646 1976 φοϐερῶν
3698 1909 3821 1960 ὀνο·

2255 1992 2440 2061 μάτων
2468 2010 2526 2044 τε
2557 1994 2650 2046 καὶ
2683 1995 3040 2064 πραγμάτων,
3064 1992 3138 2056 ὡς
3164 1994 3226 2063 δὴ
3253 1994 3345 2046 καὶ
3371 1995 3402 2064 ἡ
3435 1994 3639 2065 ἱστορία
3665 1997 3822 2064 φησὶ,

2250 2084 2363 2144 τοῖς
2415 2082 2682 2153 Ἑϐραίοις
2737 2084 2810 2154 μὴ
2845 2081 2982 2137 εἶναι
3014 2084 3113 2146 τὰς
3143 2085 3442 2151 Αἰγυπτίας
3487 2085 3715 2154 πληγάς.
3757 2087 3823 2140 Εἰ

2255 2171 2346 2225 οῦν
2374 2174 2432 2224 ἐν
2470 2174 2543 2243 τῷ
2570 2175 2738 2242 αὐτῷ,
2775 2175 2852 2245 τῷ
2877 2175 2974 2246 μὲν
2996 2177 3075 2237 είς
3108 2175 3274 2228 κακὸν
3295 2215 3308 2236 ,
3345 2175 3422 2245 τῷ
3451 2174 3506 2226 δέ
3543 2177 3640 2228 οὐκ
3667 2175 3785 2228 ἔστι
3806 2219 3822 2238 ,

872 2245 1240 2313 προαιρέσεων
1277 2249 1537 2324 διαφορᾶς
1588 2258 1644 2308 ἐν
1683 2262 1792 2322 τοῖς
1836 2263 2186 2334 καταλλήλοις
2236 2263 2585 2338 δεικνυούσης
2623 2267 2911 2337 ἐκάτερον’
2961 2266 3119 2336 δῆλον
3165 2268 3230 2319 ἂν
3276 2268 3359 2338 εἴη
3400 2266 3458 2319 τὸ
3506 2266 3667 2336 μηδὲν
3708 2284 3822 2320 των

577 2322 756 2374 κακῶν
793 2327 911 2397 δίχα
945 2333 1041 2402 τῆς
1075 2337 1343 2408 ἡμετέρας
1372 2348 1736 2417 προαιρέσεως
1759 2352 2017 2407 δύνασθαι
2054 2355 2333 2424 συστῆναι-

648 2411 750 2516 ﬁed
775 2434 1060 2489 pergamus
1083 2429 1146 2481 ad
1169 2433 1395 2501 reliqua,
1416 2411 1464 2491 tsi
1497 2411 1643 2508 prius
1672 2411 1727 2495 id
1754 2445 2142 2516 praedictistad-

576 2496 927 2561 didicerimus
945 2529 956 2562 :
971 2515 1116 2582 quod
1132 2516 1271 2573 sicut
1288 2518 1513 2592 Moyses,
1532 2527 1608 2580 sic
1624 2528 1937 2602 quicunque
1992 2536 2144 2591 illum

579 2587 694 2639 zelo
725 2591 940 2649 virtutis
973 2599 1236 2670 imitatur,
1267 2623 1390 2663 cum
1435 2612 1610 2685 longis
1657 2625 1975 2693 magnisque
2011 2627 2148 2684 bene

576 2678 790 2735 vivendi
837 2694 1321 2754 exercitationibus
1359 2704 1596 2772 seipsum
1634 2714 2057 2779 confirmaverit,
2094 2729 2147 2772 ct

575 2773 854 2839 superiore
898 2781 1106 2839 visione
1157 2791 1395 2847 animum
1444 2813 1601 2851 suum
1655 2804 1933 2858 vallaverit
1986 2818 2146 2878 atque

574 2869 862 2919 muniverit
894 2887 905 2921 :
937 2881 1065 2926 tunc
1095 2893 1177 2930 ma

1374 2949 1386 2952 -
1667 2949 1680 2960 ι
1886 2949 1896 2960 ι
1931 2949 1959 2950 "
2004 2949 2111 2967 "3""

574 2949 694 3005 dein
721 2967 927 3015 natura:
950 2964 1195 3024 homines
1222 2985 1441 3040 peccato
1458 2981 1718 3045 serviant,
1738 2986 1993 3055 dabitque
2015 3007 2141 3059 ope-

574 3054 689 3095 ram
721 3046 828 3101 dux
869 3052 948 3106 eis
987 3057 1051 3107 ad
1091 3059 1391 3117 libertatem
1429 3068 1543 3120 fieri
1581 3089 1592 3123 :
1632 3087 1865 3143 cumque
1891 3079 1954 3130 ad
1993 3080 2140 3148 ipsos

571 3141 886 3202 necesserit,
928 3153 1328 3215 ('ouiparatione
1361 3171 1422 3209 ac
1463 3163 1830 3230 pmpositione
1869 3170 2136 3239 pejormu,

571 3241 760 3293 .ngens
786 3233 1051 3292 libertatis
1072 3239 1400 3300 desiderimn
1434 3251 1486 3303 in
1521 3255 1732 3310 animos
1762 3257 1998 3326 ipsorum
2039 3264 2138 3318 im-

569 3320 768 3383 mittet,
791 3340 850 3378 ac
870 3325 988 3380 dem
1000 3347 1086 3384 um
1111 3333 1222 3400 jam
1245 3353 1272 3388 a
1297 3342 1452 3396 malis
1475 3345 1790 3413 educturus,
1812 3353 2137 3424 primogeni-

569 3408 638 3460 tis
668 3409 1044 3482 Egyptiorum
1098 3427 1353 3482 omnibus
1408 3443 1634 3488 mortem
1687 3408 1910 3508 inferet;
1960 3408 2135 3516 neque

567 3500 707 3552 enim
728 3505 832 3557 alia
858 3511 1063 3564 ratione
1093 3528 1155 3565 ac
1187 3517 1268 3568 via
1300 3521 1538 3592 Aigyptii
1568 3527 1804 3596 effugere
1827 3535 1988 3589 vitam
2015 3555 2135 3607 pos-

567 3589 722 3644 sibile
750 3603 854 3649 est.
883 3597 985 3652 Sed
1019 3600 1105 3656 hic
1129 3607 1315 3661 multis
1342 3589 1610 3669 dubitatio
1639 3589 1866 3690 accidit,
1894 3589 2129 3694 quonam

569 3689 725 3745 pacto
759 3682 981 3740 historia
1007 3691 1342 3765 defendetur,
1379 3717 1446 3755 ne
1476 3704 1678 3773 injusta
1709 3712 1790 3780 (ut
1814 3682 2024 3789 dicunt)
2051 3721 2130 3774 di-

1531 3768 1546 3773 -
1714 3768 1725 3780 ς
1889 3768 2022 3789 """l
2053 3768 2104 3774 ““

564 3768 686 3823 vina
729 3779 997 3832 sententia
1043 3781 1290 3838 videatur
1323 3790 1700 3860 :lujuriantur
1741 3805 1908 3870 enim,
1954 3810 2126 3874 aiunt,

557 3858 818 3931 IEgyplii,
851 3877 902 3920 et
931 3885 1028 3936 pro
1060 3874 1164 3928 illis
1199 3879 1358 3932 modo
1384 3858 1492 3935 nati
1523 3890 1672 3952 pueri
1705 3895 2011 3960 puniuntur
2037 3919 2049 3954 :
2075 3911 2128 3956 et

557 3954 827 4018 quomodo
850 3956 1164 4026 imperfecta
1187 3976 1320 4022 artas
1337 3979 1430 4022 aut
1454 3972 1578 4028 boni
1608 3954 1852 4037 aut-mali
1874 3986 2128 4046 differen-

557 4039 683 4093 tiam
719 4047 903 4100 novit?
939 4065 1120 4107 nonne
1162 4057 1271 4110 vita
1317 4059 1604 4118 infantium
1649 4079 1801 4124 extra
1836 4077 2123 4147 malignam

552 4142 764 4186 omnem
814 4140 1275 4204 perturbationem
1315 4150 1437 4203 est?
1474 4153 1710 4212 dexterae
1759 4164 1837 4216 vel
1887 4140 2124 4226 sinistra:

550 4221 842 4280 diSCl‘illlen
890 4229 1162 4297 ignorant,
1196 4237 1262 4292 ad
1293 4241 1464 4294 solam
1499 4248 1764 4304 nutricem
1800 4259 2124 4325 respiciunt;
2157 4237 2199 4290 θ

550 4313 596 4366 si
645 4318 938 4389 quidquam
1000 4320 1250 4382 dolorem'
1299 4334 1482 4398 infert,
1543 4355 1650 4394 non
1709 4359 1768 4398 se
1817 4313 2009 4416 parant
2055 4357 2120 4410 ad

547 4402 937 4477 defensionem,
969 4416 1063 4468 sed
1107 4419 1316 4485 ploratu
1362 4429 1537 4481 solum
1573 4447 1637 4485 ac
1686 4435 1940 4508 lacrymis
1970 4446 2122 4503 dolo-

546 4508 660 4548 rem
687 4498 1030 4571 significant;
1075 4508 1121 4560 si
1157 4511 1454 4582 quidquam
1492 4521 1634 4587 quod
1669 4498 1861 4582 natura
1892 4498 2116 4604 appetit,

545 4589 982 4664 nanciscuntur,
1037 4600 1372 4660 subridendo
1424 4611 1747 4681 voluptatem
1799 4629 2112 4685 ostendunt.

543 4679 652 4732 Cur
677 4680 841 4751 igitur
863 4693 1100 4752 paternae
1124 4694 1404 4759 pravitatis
1432 4679 1660 4758 subeunt
1691 4679 1994 4781 supplicia'i
2024 4724 2114 4780 ubi

2331 2451 2490 2504 Ἀλλά
2521 2453 2655 2522 πρὸς
2686 2453 2746 2506 τὸ
2778 2454 2901 2522 ἑξῆς
2939 2454 3031 2507 τοῦ
3058 2453 3215 2522 λόγου
3234 2454 3528 2524 προΐωμεν,
3561 2453 3822 2508 τοσοῦτον

2250 2542 2628 2606 παιδευθέντες
2658 2544 2742 2596 διά
2774 2545 2879 2596 τῶν
2914 2544 3292 2614 ἐξητασμένων
3315 2586 3328 2606 ,
3379 2546 3458 2597 ὅτι
3504 2545 3706 2613 Μωσῆς
3756 2563 3822 2598 τε

2245 2632 2481 2696 ἐκεῖνος,
2529 2635 2622 2686 καὶ
2672 2635 2700 2685 ό
2737 2636 2854 2686 κατ’
2889 2636 3094 2688 ἐκεῖνον
3123 2635 3209 2686 διὰ
3237 2636 3334 2702 τῆς
3371 2635 3569 2704 ἀρετῆς
3620 2634 3822 2686 ἐαυτὸν

2245 2721 2502 2793 ἐπαίρων,
2536 2724 2752 2776 ἐπειδὰν
2789 2725 2875 2777 διά
2911 2742 2968 2777 τε
2996 2727 3096 2795 τῆς
3148 2726 3365 2795 χρονίας
3417 2724 3687 2794 προσοχῆς
3717 2725 3818 2777 τοῦ

2243 2811 2423 2880 ὀρθίου
2452 2831 2512 2866 τε
2547 2818 2639 2868 καὶ
2663 2815 2863 2885 ὑψηλοῦ
2898 2816 3033 2884 βίου,
3068 2817 3162 2871 καὶ
3195 2817 3282 2869 διὰ
3301 2817 3398 2885 τῆς
3431 2815 3633 2870 ἄνωθεν
3665 2833 3822 2884 γινο-

1183 2895 1342 2949 gnam
1372 2887 1642 2952 jacturam
1667 2895 1896 2960 putabit,
1921 2898 1963 2950 si
1995 2900 2139 2967 ejus-

2248 2904 2414 2972 μένης
2460 2908 2816 2974 φωταγωγίας
2865 2907 3148 2978 δυναμωθῇ
3207 2908 3304 2978 τὴν
3347 2906 3553 2978 ψυχὴν.
3606 2908 3820 2976 ζημίαν

2243 2994 2454 3062 ἡγεῖται
2488 2996 2549 3046 τὸ
2584 2996 2657 3065 μὴ
2705 2998 2797 3048 καὶ
2839 3001 2950 3060 τοῖς
2991 2999 3272 3068 όμογενέσι
3314 2999 3447 3069 πρὸς
3477 2999 3566 3050 τὸν
3593 2999 3821 3051 ἐλεύθε-

2245 3102 2334 3153 ρον
2363 3086 2778 3156 καθηγήσασθαι
2809 3088 2940 3158 βίον.
2967 3091 3074 3143 Καὶ
3099 3091 3234 3161 πρὸς
3273 3091 3467 3155 αὐτοὺς
3495 3092 3814 3160 γενόμενος,

2238 3181 2302 3246 τῇ
2371 3178 2664 3248 παραθέσει
2715 3178 2822 3232 τῶν
2875 3181 3133 3251 χειρόνων
3187 3182 3373 3235 παθῶν
3439 3183 3808 3254 σφοδροτέραν

2239 3269 2416 3330 αὐτοῖς
2459 3269 2557 3337 τῆς
2599 3269 2905 3341 ἐλευθερίας
2937 3273 3034 3343 τὴν
3065 3273 3357 3344 ἐπιθυμίαν
3386 3269 3660 3344 ἐντίθησι·
3707 3277 3816 3328 καὶ

2239 3358 2446 3426 μέλλων
2473 3360 2801 3432 ἐξαιρεῖσθαι
2832 3362 2924 3415 τοῦ
2959 3364 3130 3416 κακοῦ
3158 3365 3220 3416 τὸ
3247 3364 3542 3434 ὁμόφυλον,
3572 3365 3812 3418 θάνατον

2235 3450 2430 3518 ἐπάγει
2475 3453 2634 3505 παντὶ
2690 3455 3016 3524 πρωτοτόκῳ
3065 3456 3364 3526 Αἰγυπτίῳ.
3415 3457 3584 3510 Τοῦτο
3624 3458 3691 3510 δι’
3723 3453 3810 3510 ὧν

2235 3541 2486 3610 ἐποίησεν
2530 3545 2658 3612 ἡμῖν
2691 3545 3025 3613 νομοθετῶν,
3076 3547 3136 3599 τὸ
3165 3546 3273 3598 δεῖν
3302 3548 3402 3617 τὴν
3449 3547 3672 3618 πρώτην
3701 3551 3809 3603 τοῦ

2233 3630 2403 3682 κακοῦ
2442 3633 2650 3699 γένεσιν
2695 3633 3063 3702 ἐξαφανίζειψ
3100 3636 3174 3706 μὴ
3205 3639 3313 3706 γὰρ
3335 3637 3506 3700 ἄλλως
3538 3634 3674 3690 εἶναι
3705 3639 3807 3691 δυ-

2232 3724 2388 3774 νατὸν
2437 3724 2716 3793 διαφυγεῖν
2761 3727 2850 3778 τὸν
2897 3726 3190 3795 Αἰγύπτιον
3227 3728 3357 3797 βίον.
3391 3729 3499 3781 Καί
3532 3747 3621 3799 μοι
3652 3730 3808 3784 δοκεῖ

2231 3817 2408 3880 καλῶς
2450 3817 2621 3887 ἔχειν,
2672 3819 2769 3890 τὴν
2821 3820 3057 3872 διάνοιαν
3087 3821 3287 3892 ταύτην
3320 3821 3392 3892 μὴ
3423 3822 3806 3892 παραδραμεῖν

2229 3906 2555 3979 ἀθεώρητον.
2609 3911 2668 3961 Ei
2710 3910 2818 3981 γάρ
2855 3928 2939 3972 τις
2973 3911 3130 3980 μόνον
3162 3913 3240 3974 εἰς
3269 3913 3367 3981 τὴν
3402 3913 3638 3982 ἱστορίαν
3677 3913 3806 3982 βλέ-

2229 4014 2341 4059 ποι,
2363 3997 2478 4061 πῶς
2508 3999 2538 4068 ἡ
2588 3999 2894 4070 θεοπρεπὴς
2942 4002 3118 4054 ἔννοια
3146 4005 3256 4065 τοῖς
3293 4003 3617 4074 γεγενῆσθαι
3641 4003 3805 4072 λεγο-

2229 4091 2405 4158 μένοις
2443 4091 2868 4160 διασωθήσεται;
2916 4093 3116 4147 ’Λδικεῖ
3145 4095 3173 4147 ὁ
3203 4095 3515 4162 Αἰγύπτιος,
3548 4097 3642 4150 καὶ
3674 4098 3801 4150 ἀντ’

2228 4181 2434 4233 ἐκείνου
2477 4181 2760 4245 κολάζεται
2796 4183 2856 4236 τὸ
2895 4185 3172 4254 ἀρτιγενές
3210 4186 3372 4238 αὑτοῦ
3400 4189 3608 4257 νήπιον,
3640 4181 3805 4254 ᾧδιὰ
3893 4183 3907 4198 ’

2226 4271 2286 4323 τὸ
2319 4273 2415 4342 τῆς
2457 4271 2670 4341 ἡλικίας
2695 4273 2880 4335 ἀτελὲς
2913 4275 3135 4341 οὐδεμία
3162 4277 3246 4339 τίς
3275 4279 3388 4328 ἐστι
3417 4277 3579 4330 καλοῦ
3605 4295 3664 4330 τε
3698 4279 3805 4330 καὶ

2229 4363 2302 4434 μὴ
2325 4364 2562 4417 τοιούτου
2589 4364 2882 4435 διάκρισις’
2916 4365 3019 4429 ἔξω
3061 4367 3153 4419 τοῦ
3185 4368 3324 4420 κατά
3357 4369 3556 4422 κακίαν
3585 4368 3800 4433 πάθους

2223 4456 2255 4523 ἡ
2296 4455 2407 4526 ζωὴ
2453 4455 2638 4508 αὑτοῦ.
2684 4456 2757 4508 Οὐ
2787 4457 2897 4524 γὰρ
2940 4459 3105 4526 χωρεῖ
3130 4458 3387 4520 τὸπάθος
3425 4460 3456 4526 ἡ
3492 4459 3757 4528 νηπιότης
3781 4502 3798 4518 ,

2221 4544 2399 4609 δεξιᾶς
2446 4545 2478 4614 ῆ
2519 4546 2810 4615 ἀριστερᾶς
2851 4545 3110 4617 διαφοράν
3138 4547 3238 4599 οὐκ
3285 4548 3596 4612 ἐπίσταται,
3653 4550 3800 4617 πρὸς

2224 4638 2391 4707 μόνην
2419 4637 2711 4690 ἀναϐλέπει
2738 4638 2835 4705 τὴν
2863 4636 3049 4707 θηλὴν,
3088 4638 3215 4707 μίαν
3245 4638 3338 4691 τοῦ
3367 4639 3656 4703 λυποῦντος
3690 4658 3764 4708 an
3783 4673 3796 4680 ο

2227 4730 2491 4798 μαντικὴν
2515 4727 2766 4795 αἴσθησιν
2786 4726 2897 4796 ἕχει
2928 4727 2986 4779 τὸ
3018 4727 3249 4797 δάκρυον
3270 4767 3284 4790 ,
3319 4729 3413 4782 καὶ
3441 4731 3488 4780 εί
3523 4729 3674 4798 τύχοι
3707 4749 3795 4784 τι-

538 4767 781 4836 justitia?
811 4775 898 4829 ubi
925 4779 1135 4846 pietas?
1162 4784 1251 4837 ubi
1290 4785 1534 4845 Ezechiel
1573 4767 1836 4868 clamans,
1875 4826 1894 4860 α
1925 4767 2116 4872 Ani.qu

2227 4823 2336 4884 νὸς,
2360 4818 2419 4876 οῦ
2444 4824 2474 4891 ή
2503 4821 2661 4890 φύσις
2690 4821 2921 4888 ἐφίεται,
2957 4821 3268 4891 μειδιάματι
3294 4823 3390 4894 τὴν
3415 4825 3605 4894 ἡδονὴν
3651 4827 3791 4878 ἐπε-

540 4880 659 4933 qua:
691 4873 1016 4935 peccaverit,
1059 4875 1172 4943 ipsa
1226 4882 1505 4949 morietur,
1554 4905 1652 4945 nec
1699 4902 1866 4965 patris
1909 4906 2102 4966 deum]

2214 4918 2444 4987 σήμανε,
2463 4916 2632 4969 Τοῦτο
2653 4915 2748 4986 τῆς
2771 4917 3036 4986 πατρικῆς
3057 4919 3251 4980 κακίας
3276 4918 3472 4972 ἐκτίνει
3488 4919 3585 4987 τὴν
3601 4918 3788 4988 δίκην.

539 4959 798 5027 suscipiet
827 4974 987 5020 natus
1011 4968 1091 5020 a'?
1121 4990 1137 5020 ι

548 5051 688 5074 ’1-ν-.
740 5053 792 5074 ιη
857 5057 882 5074 Π
928 5059 952 5070 ⁸⁸
1074 5064 1096 5074 ’-
1235 5068 1291 5074 ·“⁸
1368 5071 1376 5074 ³

2254 4959 2444 4986 πη.-.
2476 4959 2565 4969 υ.-
2585 4959 2631 4968 ,ν
2663 4959 2746 4986 ..ις
2777 4959 3032 4986 ...ηπνηις
3059 4959 3251 4980 .........,
3276 4959 3472 4972 -,...,-,
3499 4959 3582 4987 ..μ
3603 4959 3788 4988 mm.-.

2241 4959 2325 5062 Ιθῦ
2359 5011 2418 5063 τὸ
2457 5010 2693 5073 δίκαιον;
2732 5011 2832 5061 ποῦ
2867 5009 2928 5061 τὸ
2959 5009 3211 5074 εὐσεϐἐς;
3243 5011 3346 5062 ποῦ
3377 5011 3436 5062 τὸ
3463 5013 3641 5074 ὃσιον;
3674 5014 3789 5065 ποῦ

2215 5051 2324 5062 --νη
2370 5051 2417 5063 ,ν
2458 5051 2656 5064 ww.-.
2681 5052 2693 5073 ,
2739 5051 2830 5061 ..η
2878 5051 2927 5061 ..-
2959 5051 3211 5074 ..-ν-.--υ
3249 5051 3345 5062 η.-
3387 5051 3436 5062 .-
3464 5051 3641 5074 νην,
3679 5051 3786 5065 ..τη

548 5051 801 5123 Ἰεζεχίὴλ
854 5057 1014 5127 βοῶν’
1070 5064 1148 5116 δτι
1185 5084 1201 5115 ⁴
1235 5068 1392 5140 Ψυχὴ
1442 5076 1473 5143 ἡ
1534 5076 1948 5155 ἁμαρτάνουσα,
1990 5096 2124 5168 αὑτὴ
2157 5100 2504 5156 ἀποθανεῖται
2527 5121 2540 5136 ο
2582 5124 2599 5154 ι
2638 5104 2750 5166 καὶ,
2784 5103 2864 5155 ὅτι
2893 5123 2910 5154 ι
2950 5103 3022 5155 Οὐ
3056 5102 3282 5171 λήψεται
3313 5104 3412 5174 τὴν
3445 5105 3534 5157 τοῦ
3571 5108 3786 5175 πατρδς

548 5146 806 5175 ι..---ι-..
848 5153 867 5175 ,ι
911 5152 966 5175 ιε
1009 5155 1120 5175 μην
1234 5174 1260 5175 ,,
1373 5163 1383 5175 .

536 5146 806 5216 ἁμαρτίαν
843 5153 871 5204 ὁ
909 5152 967 5217 ἐξ
1005 5155 1214 5212 ἐκείνου
1230 5163 1559 5236 γεννώμενος
1576 5146 1592 5233 7;
1633 5193 1650 5222 ι

604 5238 886 5304 Quomodo
911 5245 1072 5314 igitur
1099 5249 1325 5307 historia
1354 5259 1548 5314 rationi
1585 5264 1813 5324 adversa
1843 5276 1960 5328 est?
1992 5279 2098 5333 Sed

532 5331 660 5402 quid
710 5337 832 5389 mali
875 5339 955 5393 eis
1003 5343 1251 5410 contigit,
1301 5348 1345 5401 si
1377 5350 1539 5405 vitam
1593 5367 1805 5422 patrum
1853 5363 2096 5436 iniquam

533 5425 682 5494 pueri
707 5425 1028 5498 effugerunt,
1059 5441 1112 5487 et
1145 5445 1324 5503 patres
1349 5438 1535 5496 dolore
1574 5448 1875 5508 immatura:
1909 5461 2099 5515 mortis

2273 5280 2395 5343 Πῶς
2420 5282 2820 5353 ἀντινομοθετεὶ¹
2845 5286 2875 5354 ἡ
2909 5287 3116 5354 ἱστορία
3135 5285 3210 5354 τῷ
3232 5284 3406 5356 λόγῳ;
3436 5286 3642 5340 Οὐκοῦν
3680 5289 3789 5343 οὐκ

2201 5371 2564 5444 εὐλογώτερον
2599 5373 2663 5426 ἂν
2689 5374 2794 5444 εἴη,
2820 5374 2953 5444 πρὸς
2980 5376 3077 5444 τὴν
3095 5375 3381 5445 ἀναγωγὴν
3397 5375 3488 5428 τοῦ
3507 5379 3732 5447 νοήματι
3754 5400 3786 5444 ς

2201 5461 2458 5532 όρῶντας,
2482 5465 2528 5516 εξ
2558 5466 2650 5517 καί
2673 5483 2723 5518 τι
2743 5465 2931 5534 γέγονε
2961 5466 3221 5529 τυπικῶς,
3244 5467 3415 5535 δόγμα
3436 5467 3524 5520 διὰ
3553 5469 3663 5521 τῶν
3686 5487 3789 5539 γε-

599 5605 645 5636 ³η
677 5609 827 5660 Itoni.
867 5625 925 5674 ιι,
952 5611 1001 5664 5.
1083 5614 1122 5642 ³¹
1156 5611 1344 5670 Ezech.
1378 5631 1532 5683 xvnt,
1567 5619 1657 5674 20.
