4054 6436
231 200 300 253 333

1463 203 1550 256 DE
1588 204 1748 260 VITA
1788 208 2056 266 MOYSIS.

3286 216 3390 273 551:

229 309 400 378 νομένων
430 307 671 361 πιστεύειν
714 309 804 361 τὸν
838 311 1134 382 νομοθέτην
1173 314 1502 372 ἐκτίθεσθαι.
1548 319 1661 372 Τδε

1809 339 1921 378 sua:
1959 326 2401 383 admonuerunt?
2443 330 2691 400 quamvis
2732 334 2898 388 multa
2937 347 3153 405 quoque
3187 338 3384 405 priscis

222 403 343 469 ίάγμα
375 398 585 451 τοιοῦτόν
615 401 724 453 ἐστι
749 419 764 431 ο
816 402 879 455 τὸ
917 402 1026 456 δεῖν
1065 405 1202 474 πρὸς
1232 405 1329 476 τὴν
1361 408 1560 461 κακίαν
1587 414 1706 462 τινὰ

221 492 263 542 δι’
284 489 445 558 ἀρετῆς
485 490 954 561 συμπλεκόμενον,
987 493 1087 554 τὰς
1123 494 1345 564 πρώτας
1380 497 1489 549 τῶν
1519 499 1706 553 κακῶν

220 580 342 649 ἀρχὰς
382 581 450 641 είς
478 580 770 650 ἀφανισμὸν
815 582 980 652 ἔχειν.
1030 585 1106 653 Τῇ
1137 585 1245 655 γὰρ
1292 588 1570 658 ἀναιρέσει
1605 591 1705 660 τῆς

218 669 335 737 ipp];
389 669 470 720 καὶ
515 669 571 721 ἰδ
616 671 732 739 μετ’
779 673 996 742 ἐκείνην
1036 677 1484 742 συναφανίξεται,
1522 679 1703 743 καθὼς

214 759 383 810 διδάσκει
409 757 486 810 διὰ
538 759 630 811 τοῦ
683 761 1018 830 Εὐαγγελίου
1069 766 1097 816 6
1135 764 1369 836 Κύριος,
1422 772 1702 840 μονονουχὶ

211 849 426 920 διαρρήδην
471 849 600 918 βοῶν
646 853 891 922 ἀναιρεῖν
918 855 1027 906 τῶν
1070 855 1382 923 Αἰγυπτίων
1414 859 1597 912 κακῶν
1632 859 1700 913 τὰ

213 940 470 1008 πρωτότοκα,
501 941 566 992 δι’
593 935 668 994 ὧν
696 942 910 995 κελεύει
941 945 1037 1014 τὴν
1067 945 1360 1016 ἐπιθυμίαν
1390 949 1695 1014 ἀνελόντας,

208 1029 365 1097 καὶτὴν
395 1029 583 1100 ὀργὴν,
634 1032 835 1102 μηκέτι
885 1033 1216 1099 δεδοικέναι,
1255 1039 1392 1107 μήτε
1431 1041 1528 1109 τῆς
1579 1058 1698 1110 μοι·

206 1118 305 1185 λείας
328 1119 376 1170 τὸ
401 1120 632 1190 μίασμα,
671 1124 808 1193 μήτε
849 1123 942 1176 τοῦ
991 1124 1150 1192 φόνου
1186 1127 1245 1178 τὸ
1294 1126 1444 1195 ἄγος.
1479 1130 1551 1182 Ού
1589 1131 1696 1202 γάρ

207 1211 244 1257 iv
270 1208 332 1274 ἐφ’
358 1209 531 1262 ἑαυτοῦ
575 1212 806 1283 συσταίη
846 1214 1050 1267 τούτων
1091 1215 1380 1286 ἐκάτερον,
1414 1220 1462 1271 εἰ
1497 1219 1570 1290 μὴ
1601 1221 1695 1288 φό-

208 1313 256 1346 υιιν
277 1296 353 1363 μὲν
378 1298 406 1366 ἡ
438 1299 565 1369 ὀργὴ
587 1339 602 1358 ,
651 1303 900 1371 μοιχείαν
933 1304 989 1356 δὲ
1015 1305 1047 1373 ἡ
1069 1304 1333 1376 ἐπιθυμία
1361 1308 1686 1381 τελεσφορή-

205 1402 310 1438 τειεν.
352 1388 486 1441 Ἐπεὶ
504 1386 592 1442 οὖν
643 1393 674 1442 6
718 1395 798 1455 εἰς
842 1394 1037 1446 κακίαν
1064 1397 1426 1464 τεκνογονῶν,
1465 1400 1567 1468 πρὸ
1595 1401 1692 1470 τῆς

201 1478 370 1545 μοιχείας
409 1480 578 1533 τίκτει
614 1481 718 1552 τὴν
761 1485 1083 1555 ἐπιθυμίαν,
1121 1489 1215 1540 καὶ
1252 1488 1350 1560 τὴν
1382 1491 1552 1562 ὀργὴν
1585 1496 1691 1564 πρὸ

197 1567 250 1620 τοῦ
285 1570 444 1637 φόνου·
499 1574 527 1625 6
575 1574 786 1628 ἀνελὼν
835 1577 927 1630 τὸν
980 1581 1320 1648 πρωτότοκον
1348 1623 1363 1646 ,
1418 1587 1687 1638 συνανεῖλε

1812 412 1918 465 illis
1948 416 2304 484 temporibus,
2329 434 2448 486 quae
2479 435 2584 472 non
2621 422 2791 490 magis
2823 434 3038 492 pr0ptcr
3066 439 3378 493 praesentes,

1809 503 1911 556 sub
1937 505 2135 572 quibus
2163 506 2380 572 ﬁebant,
2415 525 2574 576 quam
2611 520 2831 579 propter
2869 513 3099 577 futuros,
3137 519 3200 570 ad
3238 535 3379 586 quo-

1807 610 1927 650 rum
1976 598 2266 653 utilitatem
2294 603 2456 657 altius
2483 603 2762 658 reductam
2812 605 3206 675 intelliguntur,
3238 611 3377 665 facta

1808 685 1996 751 fuisse,
2038 705 2143 742 non
2193 691 2573 747 dubitaverim.
2625 694 2766 759 Quid
2817 712 2946 765 ergo
2991 697 3089 749 hac
3139 699 3377 756 historia

1806 774 1970 845 ﬁgura
2001 779 2298 834 docemur?
2331 782 2474 851 quod
2511 792 2758 852 oporteat
2794 787 2998 853 primas
3021 789 3376 857 cogitationes

1801 872 1859 918 et
1892 867 2063 934 prima
2101 872 2362 938 peccandi
2412 872 2585 932 initia.
2637 882 2688 927 et
2715 875 2834 930 vias
2877 877 3081 944 primas
3118 880 3376 935 radicitus

1803 955 2012 1010 tollere.
2050 958 2182 1011 Nam
2215 961 2306 1028 qui
2345 961 2612 1030 principia
2643 961 2928 1024 destruxit,
2960 964 3006 1017 is
3034 966 3177 1033 quod
3209 981 3274 1020 ex
3309 968 3377 1022 iis

1801 1047 2068 1114 sequitur,
2103 1047 2264 1102 simul
2291 1048 2506 1114 delevit,
2542 1051 2685 1105 sicut
2718 1052 2980 1107 Dominus
3005 1069 3099 1122 per
3129 1054 3376 1128 Evange«

1797 1135 1930 1190 lium
1980 1153 2078 1193 nos
2111 1138 2289 1203 docet,
2338 1144 2727 1209 propemodum
2779 1144 2927 1196 clara
2971 1159 3103 1198 voce
3145 1162 3245 1200 nos
3279 1147 3372 1201 ad-

1795 1242 2057 1293 monens,
2135 1240 2196 1284 ut
2244 1231 2625 1302 z’Egyptiorum
2690 1235 2958 1288 malorum
3015 1238 3374 1309 primogenita

1795 1315 2206 1382 interimamus,
2273 1319 2400 1373 dum
2439 1321 2626 1389 jubet,
2690 1330 2748 1376 ut
2800 1324 3149 1391 cupiditatem
3211 1336 3374 1394 atque

1793 1403 1928 1456 iram
1962 1407 2178 1473 penitus
2210 1408 2648 1478 exstinguamus,
2695 1425 2793 1464 nec
2835 1411 3090 1481 deinceps
3123 1413 3370 1467 adulterii

1791 1495 2146 1563 pollutionem
2203 1509 2297 1552 aut
2344 1499 2624 1555 homicidii
2674 1503 2857 1556 scelus
2904 1503 3366 1572 reformidemus;

1790 1597 2070 1651 nunquam
2118 1587 2260 1639 enim
2319 1587 2525 1656 aliquid
2574 1588 2766 1642 horum
2815 1590 2948 1643 oriri
3001 1599 3213 1660 potest,
3264 1595 3366 1650 nisi

195 1662 343 1724 πάντως
370 1664 452 1716 καὶ
477 1666 572 1734 τὴν
604 1667 1006 1722 ἀκολουθοῦσαν
1036 1670 1111 1741 τῷ
1142 1674 1469 1744 πρωτοτόκῳ
1499 1677 1658 1748 γονὴν

1785 1673 2014 1727 alterum
2069 1691 2133 1729 ex
2199 1676 2299 1740 ira,
2351 1679 2582 1730 alterum
2627 1693 2694 1732 ex
2744 1680 3039 1746 CUpiditate
3084 1691 3364 1737 nascatur.

191 1751 321 1821 ᾧπερ
364 1756 443 1808 καὶ
486 1757 574 1808 ἐπὶ
618 1757 718 1810 τοῦ
769 1760 944 1828 ὄφεως
973 1763 1000 1814 6
1031 1763 1128 1832 τὴν
1167 1765 1406 1836 κεφαλὴν
1446 1768 1678 1839 πλήξας,

189 1841 268 1891 ελον
297 1847 710 1917 τυναπενέκρωςε
755 1849 846 1902 τὸν
889 1852 1116 1906 κατόπιν
1153 1855 1310 1908 ὁλκὸν
1360 1857 1419 1911 ὂν
1454 1859 1679 1927 ἐφέλκε-

189 1951 260 1986 τιι.
282 1935 420 1990 Τοῦτο
443 1939 493 1991 δὲ
523 1942 621 1993 οὐκ
668 1941 736 1994 ἀν
765 1943 1002 2009 γένοιτο,
1034 1946 1107 2016 μὴ
1140 1949 1492 2018 προχεθέντος
1525 1952 1682 2022 ἡμῶν

187 2028 265 2087 ταῖς
293 2029 478 2092 εἰσόδοις
518 2031 734 2084 ἐκείνου
764 2033 857 2085 τοῦ
895 2035 1142 2105 αἵματος,
1181 2038 1208 2090 ὃ
1237 2039 1326 2090 τὸν
1359 2040 1681 2113 ὸλοθρευτὴν

189 2118 454 2188 ito-3:93:79.
504 2124 610 2176 Καὶ
667 2125 719 2176 εἰ
774 2125 878 2196 χρὴ
907 2127 1004 2197 τὴν
1051 2129 1402 2183 ἀποδοθεῖσαν
1443 2131 1680 2185 διάνοιαν

187 2209 486 2281 ἀκριεέστερον
519 2215 573 2266 ἐν
602 2217 724 2278 τοῖς
758 2219 1071 2287 εἰρημένοις
1107 2221 1436 2290 κατανοῆσαι
1463 2240 1476 2253 ·
1523 2221 1680 2276 τοῦτο

186 2296 229 2347 δι’
253 2301 472 2374 ἑκατέρων
509 2307 732 2361 δίδωσιν
761 2310 793 2377 ἡ
828 2311 1036 2379 ἱστορία
1065 2316 1224 2375 νοεῖν,
1249 2313 1311 2365 ἐκ
1344 2332 1402 2367 τε
1429 2317 1522 2368 τοῦ
1551 2318 1677 2369 ἀνε-

185 2388 258 2438 λεῖν
289 2395 338 2444 τὰ
372 2398 714 2465 πρωτότοκα,
762 2399 855 2451 καὶ
903 2402 965 2452 ἐκ
1008 2401 1098 2454 τοῦ
1146 2402 1212 2454 δι’
1236 2405 1465 2472 αἵματος
1511 2423 1677 2458 καταο

190 2480 456 2552 εταλιτθῆναι
504 2487 603 2558 τὴν
665 2488 891 2543 εἴσοδον.
963 2490 1108 2544 Ἐκεῖ
1159 2510 1218 2545 τε
1269 2494 1442 2565 γὰρὴ
1485 2496 1674 2568 πρώτη

185 2569 280 2638 ὁρμὴ
313 2573 388 2624 τοῦ
421 2577 582 2628 κακοῦ
626 2579 985 2646 ἀφανίζεται,
1024 2585 1117 2636 καλ⁵
1154 2585 1388 2640 ἐνταῦθα
1419 2589 1451 2656 ἡ
1485 2588 1674 2660 πρώτη

185 2659 248 2724 τῇς
290 2666 453 2727 κακίας
511 2670 724 2732 εἴσοδος
787 2673 908 2725 καθ’
962 2675 1116 2744 ἡμῶν
1143 2675 1230 2728 διά
1278 2677 1370 2731 τοῦ
1423 2679 1675 2750 ἀληθινοῦ

185 2752 297 2815 ἀμνοῦ
331 2757 722 2828 ἐπιστρέφεται.
777 2764 852 2816 Ού
902 2765 1011 2835 γὰρ
1062 2768 1211 2832 ἐντὸς
1255 2770 1540 2838 γενόμενον
1587 2773 1676 2824 τὸν

184 2840 419 2916 ίλνθρεντὴν
453 2849 516 2901 δι’
555 2853 811 2916 ἐπινοίας
843 2856 1176 2927 ἐκϐάλλομεν
1200 2899 1214 2920 ,
1265 2860 1380 2912 ἀλλ’
1415 2863 1559 2924 ὅπως
1609 2864 1676 2916 ἂν

181 2928 267 2993 ξιξδὲ
392 2936 557 3008 ἀρχὴν
603 2944 746 3010 ἡμῖν
777 2944 1112 3016 παρεισδύσῃ
1135 2988 1150 3009 ,
1187 2947 1431 3019 φυλακὴν
1461 2950 1548 3002 διὰ
1578 2951 1672 3004 τοῦ

179 3023 286 3090 νόμον
325 3032 622 3101 ποιούμεθα.
663 3037 884 3110 Φυλακὴ
931 3039 989 3093 δέ
1038 3044 1154 3094 ἐστι
1197 3045 1290 3096 καὶ
1320 3046 1586 3113 ἀσφάλεια
1611 3048 1671 3100 τὸ

181 3109 396 3183 linitur:
437 3121 526 3174 τοῦ
577 3124 764 3194 ἀμνοῦ
801 3127 899 3197 τήν
947 3145 1004 3180 τε
1041 3129 1200 3197 φλιάν
1250 3133 1495 3196 καὶτοὺς
1541 3151 1669 3186 στα-

181 3200 287 3267 is»);
316 3211 399 3276 τῆς
423 3213 624 3266 είσῶου
654 3220 1184 3287 κατασημήνασθαι·
1216 3221 1388 3278 ταῦτα
1418 3227 1543 3297 περὶ
1567 3226 1669 3296 ψυ-

259 3295 363 3362 ῐξμῐν
393 3303 840 3371 φυσιολογοῦντος
865 3307 932 3359 δι’
977 3310 1314 3378 αἰνιγμάτων
1357 3315 1450 3367 τοῦ
1485 3289 1665 3385 λόγου,

171 3375 313 3451 inii,
354 3385 540 3450 ἔξωθεν
572 3391 863 3456 παίδευσις
898 3397 1228 3468 ἐφαντάσθη,
1264 3399 1546 3471 διαιροῦσα
1573 3403 1668 3475 τὴν

169 3466 287 3538 ’ἒυχήν
320 3478 386 3538 εἰς
428 3479 486 3531 τὸ
529 3481 846 3548 λογιστικὸν
885 3487 978 3538 καὶ
1012 3489 1406 3561 ἐπιθυμητικὸν
1432 3495 1522 3546 καὶ
1571 3494 1666 3547 θυ-

164 3562 323 3623 μοειδὲς.
357 3568 571 3634 Τούτοις
597 3573 658 3624 δὲ
699 3576 790 3625 καὶ
819 3574 914 3646 τὴν
945 3577 1236 3649 ἐπιθυμίαν
1271 3581 1667 3653 ὑποϐεϐηκέναι

164 3652 299 3714 ςιεὶν.
322 3658 652 3731 ἑκατέρωθεν
679 3665 740 3716 τὸ
767 3665 1098 3736 διανοητικὸν
1126 3671 1224 3741 τῆς
1251 3671 1427 3742 ψυχῆς
1453 3675 1669 3746 ὑπερεί-

153 3737 310 3835 ἕωεαν·
334 3749 416 3800 τὸν
447 3751 503 3804 δὲ
546 3754 818 3824 λργισμὸν
857 3737 1189 3830 ἀμφοτέροις
1235 3737 1665 3835 ἐττε-ξευγμένον,

157 3833 331 3901 πήχει-ν
373 3856 427 3892 τε
481 3844 724 3906 αὐτοὺς,
781 3849 874 3900 καὶ
929 3849 1033 3902 ὑπὸ
1073 3852 1294 3904 ἐκείνων
1346 3855 1662 3925 ἀνέχεσθαι·

151 3925 236 3986 πῐλις
263 3931 348 3995 μὲν
391 3935 650 4006 ἀνδρείαν
686 3938 765 4008 τῷ
812 3939 966 4010 θυμῴ
1002 3945 1395 4014 στομούμενον,
1448 3950 1582 4019 πρὸς
1611 3951 1667 4004 δὲ

151 4014 211 4077 ﬁt
233 4019 306 4069 τοῦ
337 4025 537 4089 ἀγαθοῦ
589 4031 886 4098 μετουσίαν
924 4032 990 4083 δι’
1023 4033 1312 4105 ἐπιθυμίας
1343 4038 1664 4109 ύψούμενον.

163 4100 240 4165 [ως
274 4110 330 4162 ἂν
367 4110 457 4166 οὖν
513 4119 547 4187 ἡ
586 4119 746 4190 ψυχὴ
782 4119 858 4189 τῷ
892 4123 1130 4191 σχήματι
1163 4125 1335 4197 τούτῳ
1381 4146 1664 4198 κατησφα-

145 4198 310 4268 *ίτξιέτη
331 4204 483 4276 τύχη,
509 4209 775 4281 καθάπερ
801 4212 911 4263 τισὶ
937 4213 1168 4282 γόμφοις
1191 4218 1301 4279 τοῖς
1322 4219 1440 4271 κατ’
1469 4220 1667 4290 ἀρετὴν

1701 2988 1744 3049 C

1787 1756 1891 1822 Qui
1930 1761 2351 1831 primogenitum
2385 1765 2668 1831 interimit,
2697 1767 2743 1821 is
2784 1776 2999 1836 partum
3029 1786 3247 1840 quoque
3271 1773 3363 1842 qui

1784 1867 1848 1905 ex
1892 1853 2253 1924 primogenito
2286 1860 2549 1920 nascitur,
2587 1858 2751 1912 simul
2792 1859 3074 1914 interimit.
3124 1862 3277 1917 Sicut
3308 1864 3362 1918 in

1783 1940 2084 1996 occidendo
2117 1953 2389 2013 serpente,
2415 1949 2505 2016 qui
2540 1957 2702 2016 caput
2738 1951 3011 2018 oppressit
3046 1959 3208 2020 atque
3247 1969 3366 2022 per-

1783 2032 1976 2096 cussit,
2039 2032 2084 2087 is
2145 2041 2318 2088 totum
2377 2037 2522 2105 quod
2572 2052 2602 2090 a
2654 2039 2830 2108 capite
2877 2041 3112 2094 trahitur
3159 2056 3362 2111 corpus

1781 2119 2149 2186 mortiﬁcavit,
2199 2123 2344 2193 quod
2400 2125 2624 2179 minime
2673 2143 2910 2197 unquam
2975 2129 3088 2183 lieri
3137 2133 3359 2199 poterit,

1781 2212 1888 2266 nisi
1933 2215 2158 2283 sanguis
2191 2218 2243 2269 in
2283 2218 2439 2271 ostiis
2481 2217 2818 2280 infundatur,
2858 2219 2950 2288 qui
2981 2236 3356 2289 percussorem

1781 2304 1939 2359 facile
1969 2307 2196 2375 repellit.
2235 2308 2291 2360 Id
2325 2324 2454 2379 ergo
2481 2317 2774 2380 utrumque
2804 2311 2857 2364 in
2910 2327 3076 2365 unum
3120 2328 3358 2383 compre-

1779 2403 2033 2450 ctamur:
2071 2400 2151 2453 sic
2199 2401 2341 2454 enim
2394 2403 2600 2456 rectius
2639 2418 2703 2456 ac
2747 2404 3076 2472 exquisitius
3118 2420 3359 2474 expone-

1779 2492 1886 2540 tur.
1916 2485 2408 2556 Primogenitorum
2453 2507 2584 2546 nece
2611 2502 2684 2546 ‘et
2724 2494 2960 2561 postium
3003 2511 3100 2563 per
3135 2498 3353 2566 sangui-

1779 2590 1901 2629 nem
1950 2579 2193 2631 custodia
2230 2580 2514 2644 discimus,
2555 2591 2608 2637 et
2655 2583 2805 2637 illinc
2846 2585 3050 2651 primas
3092 2589 3353 2643 vitiorum

1779 2667 2137 2735 appetitiones
2183 2672 2478 2735 tollendas,
2523 2681 2576 2725 et
2629 2674 2754 2728 hinc
2807 2676 3044 2744 primum
3095 2679 3351 2734 vitiorum

1778 2757 2040 2813 adversus
2073 2775 2170 2814 nos
2194 2762 2396 2816 aditum
2418 2780 2514 2833 per
2537 2781 2723 2819 verum
2751 2781 2947 2834 agnum
2981 2770 3351 2836 repellendum

1776 2863 1896 2902 esse
1940 2850 2331 2920 intelligimus;
2368 2869 2475 2906 non
2515 2856 2658 2908 enim
2709 2856 3013 2923 ingressum
3061 2872 3350 2925 percusso-

1777 2953 1890 2993 rem
1931 2940 2152 3008 ejicere,
2181 2943 2273 2996 sed
2308 2960 2375 2999 ne
2404 2945 2628 2999 omnino
2664 2946 3128 3016 subingrediatur,
3158 2965 3352 3005 cavere

1775 3027 1858 3080 lex
1885 3028 2058 3096 jubet.
2111 3029 2302 3083 Cautio
2351 3041 2527 3085 autem
2569 3042 2622 3086 et
2674 3034 2919 3087 cusmdia
2966 3043 3081 3088 tuta
3133 3045 3236 3100 est,
3290 3046 3351 3091 ut

1772 3120 1894 3187 agni
1940 3120 2205 3190 sanguine
2248 3122 2666 3190 superliminare
2705 3123 2866 3177 simul
2913 3132 2967 3178 et
3002 3134 3186 3193 postes
3224 3142 3349 3196 per-

1772 3210 2182 3277 ungamuszita
2227 3226 2323 3281 per
2373 3215 2660 3282 aenigmata
2702 3229 2802 3268 nos
2855 3230 2920 3268 ea
2979 3217 3064 3269 lex
3104 3217 3346 3282 instruit,

1771 3300 1955 3354 saeculi
2007 3316 2221 3370 quoque
2271 3303 2518 3357 doctrina
2568 3305 2999 3375 philosophatur.
3052 3305 3186 3362 Nam
3227 3310 3348 3362 aui-

1771 3405 1913 3442 mam
1953 3391 2004 3443 in
2048 3392 2331 3456 rationale,
2363 3393 2795 3462 concupiscibile
2831 3410 2896 3448 ac
2921 3396 3193 3451 irascibile
3224 3400 3347 3468 phi-

1770 3478 1982 3549 losophi
2017 3481 2330 3550 partiuntur
2363 3500 2374 3534 :
2402 3496 2636 3550 quorum
2680 3483 2789 3537 duo
2819 3492 3116 3552 postrema,
3149 3487 3346 3542 irasci-

1769 3569 1877 3625 bile
1945 3573 2068 3626 dico
2123 3583 2181 3627 et
2250 3574 2711 3642 concupisribile,
2767 3578 2995 3630 subesse
3050 3577 3222 3639 aiunt,
3283 3593 3347 3632 ac

1771 3670 2065 3733 utrumque
2091 3665 2359 3719 rationale
2388 3666 2666 3719 sustinere
2693 3684 2706 3720 :
2729 3667 2997 3720 rationale
3020 3682 3148 3721 vero
3178 3669 3346 3722 utris-

1769 3769 1875 3823 que
1921 3755 2164 3808 innixum
2207 3766 2438 3824 utraque
2495 3757 2814 3819 continere,
2873 3767 2926 3812 et
2978 3759 3046 3813 ab
3095 3761 3344 3829 utrisque

1772 3846 2058 3908 sustineri,
2100 3851 2159 3898 ut
2179 3847 2244 3899 ad
2277 3845 2493 3899 fortiter
2519 3847 2739 3916 quidem
2775 3849 3042 3918 agendum
3081 3865 3177 3919 per
3202 3852 3341 3905 iram

1779 3938 2049 3993 excitetur
2083 3952 2146 3990 ac
2192 3938 2500 4001 roboretur,
2537 3937 2604 3990 ad
2643 3939 2768 3992 boni
2803 3948 2982 3994 autem
3026 3941 3338 3996 lruitiouem
3420 3980 3426 3987 -

1769 4029 2214 4098 concupiscentia
2263 4028 2545 4084 etfcratur.
2598 4030 2898 4101 Quousque
2952 4033 3118 4101 igitur
3161 4035 3340 4089 anima

1767 4120 1874 4175 hoc
1913 4122 2106 4176 ordine
2140 4123 2374 4192 scipsam
2422 4129 2651 4188 tutatur,
2702 4124 2867 4177 rectis
2914 4126 3340 4195 cogitationibus

1769 4211 1929 4280 quasi
1959 4211 2284 4279 quibusdam
2316 4213 2508 4274 clavis,
2545 4213 2693 4266 hunc
2724 4214 2952 4268 istorum
2985 4217 3149 4269 trium
3188 4216 3338 4270 ordi-

142 4289 312 4354 νοήματι
354 4297 412 4348 τδ
454 4299 688 4366 βέϐαιον
721 4299 949 4369 ἔχουσα,
1000 4305 1058 4355 ἐν
1107 4305 1254 4376 πάσῃ
1309 4307 1373 4359 δι’
1426 4307 1661 4379 ἀλλήλων

1778 4319 1894 4357 nem
1920 4318 2251 4358 conservans
2275 4344 2288 4367 ,
2321 4305 2552 4358 alterum
2583 4307 2651 4360 ab
2681 4308 2853 4362 altero
2886 4309 3063 4377 quoad
3119 4310 3337 4365 virtutis

137 4375 373 4468 Iusta-.71}
410 4387 552 4454 πρὸς
588 4389 653 4439 τὸ
684 4389 844 4441 καλὸν
879 4393 1136 4462 συνεργίᾳ
1160 4410 1172 4422 °
1209 4375 1662 4469 ’παρέχοντος-ήδη

133 4459 176 4508 ἔτ’
198 4465 364 4524 ἑαυτοῦ
387 4480 502 4539 τοῖς
537 4479 912 4546 ὑποδεδηκόσι
941 4480 1032 4533 τοῦ
1075 4483 1336 4554 λογισμοῦ
1371 4486 1467 4557 τὴν
1490 4489 1666 4557 ἀσφά·

131 4568 250 4614 λιι-ε.
275 4565 357 4613 καὶ
401 4568 459 4616 ἐν
497 4569 582 4636 τῷ
625 4568 781 4637 μέρει
817 4572 945 4638 παρ’
977 4573 1198 4624 ἐκείνων
1221 4574 1320 4642 τὴν
1355 4574 1472 4643 ἴσην
1504 4577 1663 4648 χάριν

129 4647 584 4720 είτιλαμὸἀνοντος.
645 4661 705 4710 Εἰ
736 4660 791 4712 δὲ
824 4663 1194 4733 ἀναστραφείη
1226 4665 1286 4717 τὸ
1320 4666 1504 4736 σκῆμα
1525 4709 1538 4730 ’
1570 4669 1661 4721 καὶ

127 4737 168 4780 71
203 4738 297 4789 ἅνω
343 4746 561 4808 γένοιτο
611 4750 798 4813 κάτω,
850 4751 988 4804 ὥστε
1036 4755 1178 4806 κατά
1222 4755 1284 4806 τὸ
1329 4756 1662 4826 πατούμενον

135 4839 246 4890 -ερες
268 4831 350 4883 τὸν
378 4835 656 4908 λογισμὸν
681 4844 912 4896 πεσόντα
944 4843 1055 4896 ἀνω
1083 4845 1281 4897 ἐαυτοῦ
1314 4847 1534 4915 ποιῆσαι
1563 4848 1659 4919 τὴν

127 4915 472 4994 ῖῖ-ί)·σρ.τ,τικῄν
518 4944 583 4978 τε
639 4933 728 4982 καὶ
755 4930 972 5002 θυμώδη
1012 4932 1281 4986 διάθεσινο
1335 4935 1451 4986 τότε
1486 4937 1514 4987 6
1543 4936 1659 4991 ὀλο-

153 5006 280 5059 33;”:
325 5016 400 5077 εἰς
435 5019 505 5070 τά
541 5021 699 5083 ἐντὸς
746 5023 1109 5092 παραδύεται,
1149 5025 1417 5096 μηδεμιᾶς
1463 5027 1562 5096 τῆς
1592 5029 1654 5081 ἐκ

133 5108 190 5142 τ)
227 5101 437 5168 αἵματος
493 5110 854 5174 ἀντιπαθείας
887 5113 1296 5188 ἀντιϐαινούσης
1329 5117 1478 5187 αὐτῷ
1521 5118 1656 5188 πρὸς

133 5194 150 5224 τ
175 5202 194 5230 ‘a
233 5193 448 5259 227.521,
510 5202 799 5265 τουτὲςτι,
824 5207 935 5266 τοῖς
969 5204 1111 5256 οὕτω
1160 5208 1524 5285 διακειμένοις
1559 5211 1656 5280 τῆς

142 5275 186 5332 ³ὶέ
210 5279 409 5348 ἱμστδν
456 5293 701 5354 πίστεως
746 5295 1153 5366 συμμαχούσης.
1199 5303 1282 5380 Τῷ
1318 5307 1433 5378 γὰρ
1461 5302 1656 5372 αἵματι

143 5368 289 5421 τνὶτοιι
315 5378 635 5446 ὲπαλείξειν
666 5383 866 5435 κελεύει
887 5385 985 5453 τὴν
1015 5386 1120 5438 ἀνω
1146 5368 1314 5474 om.“
1347 5395 1454 5457 εἷθ’
1479 5393 1656 5454 οὕτως

151 5459 442 5528 ετθιγγᾶιιειν
488 5470 604 5522 τῶν
639 5472 885 5542 σταθμῶν
917 5475 1228 5554 ἑκατέρωθεν
1281 5459 1414 5564 ita);
1447 5491 1519 5548 ἂν
1555 5481 1652 5538 οὖν

153 5556 197 5596 t;
221 5552 490 5626 ἐπιλείιξειε
526 5562 588 5612 τὸ
637 5560 741 5614 ἅνω
771 5561 1007 5632 πρῶτον,
1049 5567 1097 5618 τὸ
1129 5587 1198 5648 μὶ,
1228 5552 1648 5670 ὲὺὀ,ἷέί,;μεςκοςί

1183 5647 1193 5674 Ι
1225 5659 1246 5672 υ
1288 5666 1297 5674 .
1333 5647 1346 5658 ⁵

1225 5659 1298 5688 ’ἰ

1772 4397 1974 4450 cultum
2031 4397 2597 4465 coadjuvaturzratio
2637 4401 2781 4454 enim
2833 4401 3105 4456 irascendi
3135 4411 3189 4458 et
3239 4419 3337 4457 cu-

1772 4490 1951 4559 piendi
1985 4491 2093 4543 vim
2140 4491 2204 4543 ad
2245 4491 2445 4544 bonum
2478 4492 2686 4561 dirigit,
2722 4501 2776 4546 et
2822 4494 2890 4548 ab
2941 4496 3071 4558 illis,
3102 4505 3162 4550 ut
3192 4496 3336 4552 dixi-

1770 4593 1912 4638 mus,
1944 4578 2351 4632 corroboratur.
2390 4578 2446 4632 Si
2483 4596 2608 4634 vero
2638 4583 2685 4636 is
2721 4585 2855 4636 ordo
2885 4599 3186 4640 conversus
3215 4586 3335 4642 fue—

1768 4668 1860 4732 rit,
1892 4669 2116 4737 etquod
2163 4685 2326 4738 supra
2368 4686 2491 4725 esse
2527 4667 2714 4734 debet,
2762 4675 3104 4743 subjiciatur,
3147 4687 3200 4732 et
3234 4694 3335 4732 cn-

1767 4761 1947 4827 piendi
1994 4775 2057 4812 ac
2103 4759 2372 4815 irascendi
2411 4762 2493 4816 vis
2544 4765 2808 4818 rationem
2855 4766 2922 4820 de
2963 4768 3078 4821 loco
3112 4783 3212 4822 suo
3241 4771 3335 4824 de-

1760 4851 1960 4919 jcctam
2001 4853 2304 4916 conculcet,
2340 4861 2472 4906 tunc
2513 4870 2804 4922 percussor
2849 4859 3173 4927 ingreditur,
3203 4870 3333 4916 tunc

1763 4941 1911 4992 nulla
1942 4941 2224 5010 sanguinis
2255 4943 2335 4996 vis
2361 4943 2460 5011 ipsi
2494 4946 2731 5010 resistit;
2766 4948 2901 5000 nihil
2931 4949 3074 5001 enim
3102 4949 3233 5004 ﬁdes
3276 4953 3331 5006 iu

1760 5032 2034 5085 Christum
2069 5033 2152 5086 his
2192 5034 2439 5101 prodest,
2480 5035 2573 5104 qui
2613 5041 2958 5104 perversione
2991 5039 3154 5108 hujus
3183 5043 3332 5096 Ordi-

1757 5120 1843 5173 nis
1873 5134 2320 5190 corrmnpuntur.
2348 5123 2530 5177 Primo
2550 5127 2694 5180 enim
2721 5130 3140 5196 superliminarc
3171 5132 3334 5188 inun-

1759 5213 2014 5281 gendum,
2043 5214 2239 5269 deinde
2270 5226 2560 5286 utrumque
2606 5229 2814 5288 postem
2848 5221 3163 5291 tingendum
3205 5240 3331 5280 san-

1757 5306 1921 5375 guine
1981 5307 2156 5376 jubet.
2217 5308 2500 5374 Quomodo
2555 5312 2718 5378 igitur
2786 5315 2993 5383 poteris
3063 5315 3329 5369 rationem

1761 5395 1995 5464 primum
2047 5397 2248 5452 Christi
2288 5399 2390 5454 [ide
2421 5403 2779 5462 communire,
2826 5417 2948 5455 cum
2992 5418 3111 5459 eam
3165 5417 3327 5471 supra

1759 5502 2001 5554 quaarcrc
2042 5487 2330 5556 juhearis?
2375 5491 2420 5542 si
2453 5505 2617 5558 supra
2669 5506 2786 5544 eam
2832 5492 2882 5544 in
2916 5492 3035 5546 loco
3069 5507 3170 5544 suo
3221 5504 3326 5542 non

1761 5579 2219 5645 invenies,.nullo
2265 5591 2416 5638 certe
2469 5584 2650 5639 modo.
2711 5581 2816 5637 Nec
2857 5592 2909 5638 te
2937 5584 3136 5640 turbet,
3184 5577 3327 5649 quod
