4054 6436
661 273 767 329 559

1849 270 1908 326 S.
1952 269 2241 327 GREGOR]

2342 265 2602 325 WSSENI
3598 313 3613 327 κ
3786 263 3868 319 ῖδο

663 403 765 444 nec
792 385 1022 442 omnino
1045 402 1312 459 pauperes
1340 403 1485 453 esse,
1544 404 1649 444 nec
1686 387 2002 444 divitiarum
2061 387 2228 458 .Egy—

2342 385 2527 456 μένους
2561 381 2640 451 τῷ
2670 378 2804 452 πρὸς
2832 378 3030 450 ἀρετὴν
3057 377 3362 451 ἡγουμένῳ,
3395 375 3470 446 μὴ
3505 376 3728 445 πένητας
3755 373 3872 430 εἶναι

662 478 741 549 ι)ιὶ
763 487 1015 547 expertes
1039 519 1055 544 ,
1100 495 1200 534 nec
1238 481 1519 550 penuriam
1548 495 1739 534 eorum
1771 480 1904 549 pati,
1946 494 2067 549 quae
2103 480 2238 533 alie-

662 572 876 640 nigenis
906 570 959 623 in
1002 572 1177 639 pretio
1211 580 1362 636 sunt,
1419 571 1514 627 sed
1546 580 1738 625 mutuo
1766 572 1835 625 ab
1857 571 1990 641 ipsis
2026 572 2239 640 accipe-

662 676 742 725 re,
805 675 869 714 ac
911 662 1055 729 apud
1088 677 1187 716 nos
1222 663 1474 716 retinere.
1523 662 1681 725 Quod
1729 670 2001 731 praecepto
2034 661 2237 734 Moysis

663 760 794 805 tunc
816 754 871 805 in
899 751 1133 822 Egypto
1159 752 1392 822 populus
1447 753 1629 807 facere
1654 754 1898 822 jubetur.
1942 752 2142 808 Verum
2184 754 2240 808 id

663 860 770 897 non
809 853 916 897 tam
968 844 1125 899 facile
1158 845 1467 915 percipiens
1522 846 1839 915 quisquam,
1889 854 2126 900 mentem
2166 845 2241 900 le-

662 936 938 998 gislatoris
965 935 1039 989 ita
1074 936 1424 1000 intellexerit,
1454 951 1518 990 ac
1542 940 1586 990 si
1620 936 1711 991 ille
1739 934 2065 991 defraudare
2094 950 2242 989 man-

662 1026 805 1079 darit
830 1026 1287 1089 commodantem,
1319 1035 1372 1080 et
1393 1026 1460 1079 ad
1508 1024 1837 1094 injustitiam
1877 1025 1989 1079 dux
2017 1024 2242 1079 exstite-

662 1117 753 1169 rit.
798 1116 955 1180 Quod
988 1124 1171 1170 tamen
1205 1116 1344 1171 velle
1371 1115 1556 1172 Mosen
1590 1132 1750 1172 nemo
1776 1124 1925 1171 recte
1942 1116 2106 1179 dicet,
2143 1115 2239 1186 qui

661 1208 1007 1276 sequentium
1042 1208 1221 1277 legum
1256 1208 1509 1276 respiciet
1538 1207 1798 1272 indolem,
1839 1208 2061 1278 quibus,
2097 1207 2242 1276 inju-

661 1299 742 1351 ria
795 1299 849 1351 ln
883 1302 1186 1367 proximum
1236 1300 1440 1369 passim
1473 1307 1689 1354 vetatur
1728 1319 1742 1354 :
1775 1300 1901 1355 licet
1945 1309 2239 1355 consenta-

661 1402 820 1441 neum
856 1389 1051 1441 rationi
1076 1389 1324 1443 videatur
1361 1390 1714 1459 quibusdam,
1745 1398 1807 1445 ut
1833 1392 1937 1445 hac
1968 1391 2241 1445 industria

657 1479 828 1534 Judaei
864 1480 1035 1549 pretia
1074 1495 1174 1534 sua
1200 1482 1269 1536 ab
1296 1480 1570 1552 Egyptiis
1605 1483 1910 1552 exigerent.
1941 1480 2062 1536 Non
2094 1481 2241 1536 enim

588 1602 595 1620 ρ
661 1571 842 1626 minus
888 1572 1291 1628 eommittemus
1325 1574 1556 1638 crimen,
1622 1574 1668 1629 si
1711 1574 1819 1629 tale
1849 1582 2176 1645 praeceptum
2210 1588 2242 1627 a

661 1662 942 1715 mendacio
973 1672 1027 1716 et
1064 1661 1255 1717 fraude
1286 1679 1395 1718 non
1428 1663 1788 1719 defendamus
1815 1679 1879 1719 ac
1923 1665 2238 1720 liberemus.

661 1750 795 1804 Nam
824 1753 916 1821 qui
946 1755 1293 1807 commodato
1326 1755 1603 1825 quidpiam
1628 1757 1860 1826 accepit,
1879 1770 2054 1826 neque
2086 1766 2238 1809 com-

662 1845 902 1897 tnodanti
950 1860 1145 1900 rursus
1198 1847 1397 1911 reddit,
1452 1847 1498 1901 si
1547 1848 1767 1916 quidem
1817 1847 2054 1902 alienum
2107 1845 2240 1900 illud

663 1936 845 2000 fuerit,
883 1946 939 1989 ιιι
987 1938 1251 2005 spoliator
1298 1938 1553 2006 injuriam
1621 1938 1846 1991 intulit:
1897 1937 1983 1992 sin
2014 1938 2067 1991 id
2096 1937 2241 2006 quod

662 2039 820 2079 suum
850 2036 968 2079 erat
995 2025 1297 2085 retinuerit,
1324 2036 1379 2079 ut
1409 2024 1502 2096 qui
1545 2041 1681 2091 eum,
1716 2024 1993 2085 fefellerit,
2024 2027 2115 2095 qui
2146 2041 2243 2095 spe

664 2115 956 2184 recipiendi
992 2116 1380 2177 commodavit,
1444 2116 1668 2170 omnino
1706 2117 1962 2186 deceptor
2009 2118 2242 2187 appella-

662 2217 769 2259 tur.
804 2206 1230 2260 Convenientior
1257 2216 1340 2264 est
1375 2207 1662 2261 sublimior
1702 2222 1896 2263 sensus
1945 2222 2013 2261 eo
2054 2208 2147 2277 qui
2174 2208 2241 2263 ad

664 2298 893 2351 litteram
939 2299 1225 2367 exponenti
1280 2299 1543 2360 occurrit,
1602 2299 1761 2368 quasi
1793 2299 2049 2353 nimirum
2094 2298 2244 2354 Scrie

663 2398 819 2458 ptura
878 2389 1086 2459 jubeat,
1120 2400 1177 2444 ut
1228 2392 1261 2444 ii
1295 2392 1387 2460 qui
1443 2392 1669 2445 honeste
1712 2405 1776 2445 ac
1828 2391 2125 2446 liberaliter
2176 2408 2243 2447 ex

662 2480 865 2534 virtute
896 2481 1061 2533 vitam
1117 2481 1433 2543 instituunt,
1474 2481 1803 2535 eruditionis
1853 2482 2132 2551 gentilium
2161 2482 2245 2536 di-

660 2571 822 2625 vitias
863 2572 965 2625 sibi
993 2585 1327 2642 comparent,
1366 2573 1566 2643 quibus
1588 2572 1751 2626 alieni
1787 2587 1818 2625 a
1855 2572 1958 2627 lide
1990 2574 2243 2630 homines

656 2669 1030 2717 exornantur:
1064 2665 1348 2728 moralem,
1372 2665 1786 2733 naturalemque
1818 2664 2241 2735 philosophiam,

657 2753 1067 2817 astronomiam,
1130 2754 1505 2822 geometriam,
1567 2754 1852 2817 musicam,
1881 2756 2244 2829 dialecticam,

661 2852 1003 2913 exterasque
1059 2844 1346 2907 scientias,
1408 2845 1613 2915 quibus
1664 2847 1828 2902 alieni
1882 2847 1950 2901 ab
1998 2847 2244 2903 Ecclesia

658 2932 875 2999 florent,
918 2936 1166 3005 accipere
1196 2937 1265 2991 ab
1292 2937 1421 3000 illis,
1453 2952 1518 2992 ac
1552 2938 1675 2993 illos
1701 2941 1990 2994 abutentes
2034 2941 2247 3009 privare

2336 476 2429 529 τοῦ
2455 473 2751 543 Αἰγυπτίου
2779 471 3030 535 πλούτου,
3070 470 3203 540 μηδὲ
3239 469 3348 522 τῶν
3379 466 3685 536 ἀλλοφύλων
3716 484 3873 538 κειμη-

2336 565 2463 618 λίων
2501 565 2812 632 ἀκτήμονας
2837 602 2851 625 ,
2888 562 3023 615 ἀλλὰ
3065 562 3134 616 τά
3181 561 3449 631 προσόντα
3495 562 3607 622 τοῖς
3652 559 3873 622 ἐναντίοις

2339 656 2515 709 πάντα
2539 654 2822 716 λαϐόντας,
2850 654 2912 704 ἑν
2940 653 3134 724 χρήσει
3171 652 3299 722 παρ’
3334 650 3544 712 ἑαυτοῖς
3581 650 3876 721 ἔχειν’ὄπερ

2336 747 2459 799 τότε
2490 746 2712 816 ποιῆσαι
2742 745 2891 815 παρά
2912 744 3005 797 τοῦ
3036 744 3313 806 Μωῦσέως
3337 742 3366 793 0
3394 742 3519 805 λαὸς
3542 742 3878 811 παραγγέλλε-

2338 856 2446 894 ται.
2477 836 2647 891 Τοῦτο
2670 836 2726 889 δὲ
2754 838 2854 889 οὐκ
2894 835 2958 887 ἄν
2999 852 3084 899 τις
3119 836 3183 888 ἑκ
3229 834 3322 887 τοῦ
3369 834 3657 905 προχείρου
3685 835 3878 904 νοήσας.

2340 929 2662 996 ἀποδέξαιτο
2692 927 2783 980 τοῦ
2812 926 3100 996 νομοθέτου
3130 926 3229 997 τὴν
3253 924 3496 996 γνώμην,
3515 927 3563 978 εί
3596 927 3883 994 ἀποστερεῖν

2338 1024 2465 1085 τοὺς
2510 1021 2820 1093 χρήσαντας
2870 1017 3236 1087 ἑγκελεύεται,
3264 1017 3357 1070 καὶ
3384 1017 3665 1086 ὑφηγητὴς
3697 1015 3885 1075 ἀδικίας

2340 1115 2570 1184 γίνεται.
2614 1112 2754 1165 Ἀλλ’
2798 1111 2904 1164 οὐδ’
2935 1110 2999 1164 ἂν
3025 1109 3143 1164 κατ’
3178 1107 3436 1177 ἀλήθειάν
3460 1124 3542 1169 τις
3575 1108 3709 1159 εῖποι
3733 1105 3887 1158 ταῦτα

2341 1207 2652 1263 διατάσσειν
2698 1205 2789 1258 τὸν
2834 1202 3165 1274 νομοθέτην,
3203 1200 3339 1271 πρὸς
3379 1201 3502 1262 τοὺς
3544 1196 3733 1267 ἑφεξῆς
3775 1197 3887 1267 βλέ-

2341 1315 2457 1350 πων
2496 1296 2713 1366 νόμους,
2744 1293 2868 1356 τοὺς
2897 1292 3008 1346 ἀνω
3032 1292 3127 1344 καὶ
3149 1291 3300 1344 κάτω
3328 1289 3425 1361 τὴν
3457 1288 3598 1342 κατά
3626 1287 3711 1343 τοῦ
3739 1289 3889 1350 πέλας

2340 1388 2554 1442 ἀδικίαν
2595 1385 2921 1448 κωλύοντας,
2949 1383 3051 1437 κάν
3092 1400 3204 1436 τισι
3249 1382 3380 1453 δοκῇ
3410 1381 3627 1449 εὔλογον
3666 1377 3794 1433 εἶναι
3834 1381 3892 1432 τὸ

2340 1480 2520 1550 ἔργον,
2569 1479 2639 1531 τὰ
2696 1476 3022 1546 μισθώματα
3071 1475 3221 1546 παρά
3267 1474 3375 1526 τῶν
3432 1474 3734 1539 Αἰγυπτίων
3777 1475 3892 1535 τοὺς

2354 1568 2688 1640 Ἰσραηλίτας
2725 1567 2812 1622 διά
2839 1568 2936 1638 τῆς
2970 1566 3211 1628 ἐπινοίας
3232 1564 3435 1636 ταύτης
3469 1565 3891 1636 εἰσπράττεσθαι.

2344 1663 2478 1716 Οὐδὲ
2527 1662 2638 1732 γὰρ
2683 1655 2845 1732 ἦττον
2899 1659 3149 1730 ἔγκλημά
3188 1658 3241 1711 τί
3292 1659 3438 1720 ἑστι,
3477 1657 3549 1728 μὴ
3591 1656 3896 1727 καθαρεύειν

2341 1754 2567 1821 ψεύδους
2586 1754 2785 1815 τεκκαὶ
2814 1752 3028 1821 ἀπάτης
3054 1749 3113 1803 τὸ
3147 1749 3385 1804 τοιοῦτον
3433 1749 3799 1820 παράγγελμα.
3842 1749 3896 1800 Ὀ

2343 1847 2452 1918 γάρ
2482 1847 2538 1897 ὲν
2570 1845 2764 1916 χρήσει
2798 1841 2974 1896 λαὸὠν
3005 1860 3079 1906 τι,
3111 1843 3204 1895 καὶ
3246 1842 3320 1911 μὴ
3347 1840 3628 1903 ἀποδιδοὺς
3653 1839 3803 1893 πάλιν
3824 1839 3897 1908 τῷ

2342 1939 2627 2009 χρήσαντι,
2670 1937 2718 1988 εἰ
2766 1934 2865 2005 μὲν
2917 1933 3193 2002 ἀλλότριον
3252 1936 3357 2002 εἴη,
3412 1930 3488 1993 ὡς
3536 1931 3899 2000 ἀποστερήσας

2342 2030 2593 2101 ¹Ιγδίκησεν
2613 2046 2629 2061 ·
2660 2028 2706 2081 εἰ
2751 2028 2805 2080 δὲ
2839 2027 2897 2079 τὸ
2930 2025 3121 2079 ἑαυτοῦ
3154 2025 3404 2095 κρατοίη,
3446 2023 3520 2087 ὡς
3549 2022 3903 2093 παραλογισά-

2347 2138 2505 2192 μενος
2542 2121 2632 2173 τὸν
2671 2119 2843 2173 ἑλπίδι
2871 2118 2962 2172 τοῦ
2992 2117 3175 2170 λαϐεῖν
3208 2118 3503 2187 χρήσαντα,
3542 2115 3749 2177 πάντως
3774 2117 3907 2167 ἀπα-

2343 2210 2479 2263 τεὼν
2532 2209 2873 2279 ὠνόμασται..
2922 2207 3128 2261 Οὐκοῦν
3166 2208 3193 2260 0
3231 2207 3556 2276 ὑψηλότερος
3616 2206 3765 2272 λόγος
3808 2206 3903 2275 τῆς

2344 2302 2635 2373 προχείρου
2660 2300 2893 2363 διανοίας
2920 2298 3337 2369 ἁρμοδιώτερος,
3356 2298 3385 2348 0
3413 2297 3648 2351 κελεύων
3672 2298 3791 2357 τοὺς
3816 2296 3903 2348 τὸν

2343 2393 2626 2465 ἐλεύθερον
2670 2392 2779 2462 βίον
2816 2390 3095 2461 μετιόντας
3123 2389 3189 2441 δι’
3220 2389 3441 2460 ἀρετῆς,
3473 2388 3567 2441 καὶ
3598 2387 3687 2440 τὸν
3712 2386 3904 2451 ἔξωθεν

2343 2488 2443 2556 τῆς
2473 2482 2801 2544 παιδεύσεως
2827 2480 3052 2535 πλοῦτον
3086 2478 3616 2550 παρασκευάζεσθαι,
3637 2471 3680 2544 ᾧ
3697 2481 3744 2530 οί
3768 2478 3905 2532 κατά

2343 2574 2442 2643 τὴν
2485 2572 2664 2624 πίστιν
2706 2570 2992 2639 ἀλλόφυλοι
3045 2568 3490 2632 καλλωπίζονται.
3525 2568 3637 2638 Τήν
3691 2585 3749 2619 τε
3799 2567 3908 2637 γὰρ

2344 2663 2538 2734 ἠθικὴν
2570 2664 2664 2716 καὶ
2710 2661 2943 2731 φυσικὴν
2981 2660 3318 2729 φιλοσοφίαν,
3354 2660 3692 2729 γεωμετρίαν
3727 2675 3783 2711 τε
3815 2658 3909 2710 καὶ

2345 2754 2739 2824 ἀστρονομίαν,
2795 2753 2889 2805 καί
2937 2752 3034 2821 τὴν
3089 2750 3312 2820 λογικὴν
3364 2750 3773 2820 πραγματείαν.
3816 2752 3912 2803 καὶ

2347 2847 2524 2898 πάντα
2556 2846 2654 2897 ὃσα
2692 2844 2840 2911 παρά
2872 2845 2983 2905 τοῖς
3011 2842 3114 2908 ἔξω
3134 2843 3231 2913 τῆς
3265 2843 3589 2914 Ἑκκλησίας
3621 2842 3915 2905 σπουδάζε-

2345 2954 2455 2997 ται,
2487 2934 2693 2987 κελεύει
2729 2937 2756 2987 ό
2778 2934 2878 3003 τῆς
2910 2935 3110 3005 ἀρετῆς
3158 2933 3564 3005 καθηγούμενος
3611 2933 3759 3005 παρὰ
3804 2935 3916 2986 τῶν

658 3024 705 3079 si
746 3026 1005 3096 possibile
1048 3034 1155 3092 est,
1199 3036 1253 3082 et
1288 3028 1343 3082 in
1384 3029 1639 3084 meliores
1669 3046 1804 3085 usus
1834 3032 2241 3100 transl'erreju-

2345 3028 2415 3081 τὰ
2444 3027 2670 3080 τοιαῦτα
2718 3026 3088 3079 πλουτούντων
3117 3029 3174 3078 ὲν
3202 3026 3461 3096 Αίγύπτῳ
3497 3025 3726 3079 λαϐόντα
3771 3025 3918 3096 λόγῳ

660 3116 871 3179 Ιιθιηυν,
918 3126 978 3171 ut
1005 3133 1127 3188 quae
1176 3120 1337 3174 nobis
1381 3122 1507 3175 usui
1541 3119 1738 3175 futura:
1775 3122 1906 3186 sint,
1953 3137 2075 3176 cum
2103 3139 2242 3193 opus

660 3205 825 3260 fuerit
846 3207 1282 3278 divinimysterii
1318 3210 1581 3279 templum
1605 3212 1690 3265 his
1720 3213 2101 3281 spiritualibus
2132 3215 2245 3284 opi-

658 3297 766 3352 bus
788 3313 1078 3354 exornare.
1103 3299 1206 3365 Qui
1237 3302 1385 3355 enim
1411 3303 1548 3357 tales
1575 3317 1710 3372 opes
1741 3303 1848 3359 sibi
1881 3306 2241 3375 collegerunt,

658 3387 829 3460 Moysi
852 3390 1002 3444 circa
1026 3391 1443 3447 tabernaculum
1492 3394 1798 3449 testimonii
1860 3396 2133 3451 laboranti
2175 3396 2244 3453 de

659 3487 824 3535 rebus
855 3482 971 3537 suis
993 3484 1059 3537 ad
1085 3492 1403 3539 sanctorum
1432 3487 1902 3543 constructionem
1930 3486 2241 3554 conferunt,

657 3574 803 3641 quod
838 3574 1135 3628 etiamnum
1167 3576 1282 3630 fieri
1311 3576 1581 3633 videmus.
1626 3577 1782 3632 Multi
1815 3578 2095 3648 gentilium
2116 3594 2242 3634 eru-

659 3662 923 3717 ditionem
974 3674 1231 3733 tanquam
1261 3668 1464 3722 donum
1513 3668 1789 3739 quoddam
1821 3668 2082 3725 Ecclesiae
2108 3670 2241 3725 offe-

659 3761 791 3807 runt
838 3755 1199 3824 :cujusmodi
1254 3774 1484 3830 magnus
1542 3760 1634 3815 ille
1684 3760 1786 3815 fuit
1836 3761 2091 3828 Basilius,
2143 3763 2237 3833 qui

656 3858 781 3897 cum
825 3844 1113 3916 Egyptias
1138 3864 1271 3918 opes
1313 3851 1368 3904 in
1421 3851 1649 3921 juvenili
1692 3860 1848 3907 aetate
1894 3855 1996 3909 sibi
2025 3855 2240 3925 egregie

657 3947 1053 4005 comparasset,
1090 3939 1309 4008 Deoque
1335 3952 1736 4008 consecrasset,
1758 3959 1948 3999 verum
1978 3945 2239 4001 Ecclesia:

659 4027 1073 4085 tabernaculum
1096 4032 1364 4102 ejusmodi
1392 4036 1589 4106 opibus
1615 4039 1920 4094 exornavit.

728 4307 833 4362 Sed
893 4312 1179 4367 redeamus
1223 4312 1383 4373 illuc.
1428 4314 1573 4369 unde
1624 4316 1855 4386 digressi
1903 4333 2111 4374 sumus.
2157 4320 2236 4374 Illi
2274 4345 2317 4398 ο

654 4414 807 4468 ergo,
846 4402 939 4470 qui
969 4404 1227 4458 virtutem
1272 4405 1484 4468 colunt,
1535 4414 1600 4483 et.
1642 4408 2009 4479 legislatorem
2042 4411 2095 4464 in
2130 4413 2241 4465 vita

655 4501 979 4560 sequuntur,
1009 4511 1135 4550 cum
1161 4494 1428 4566 Egyptize
1450 4497 1679 4554 ditionis
1707 4499 1847 4555 ﬁnes
1876 4500 2236 4567 excesserint,

655 4583 843 4638 multis
896 4587 1253 4639 tentationum
1310 4588 1627 4644 incursibus
1683 4590 2035 4654 infestantur,
2091 4593 2240 4646 unde

656 4677 839 4730 multa:
875 4677 1217 4739 amictiones,
1269 4689 1508 4736 terrores
1554 4690 1608 4736 et
1664 4682 1731 4736 de
1783 4684 1891 4737 vita
1956 4685 2237 4753 periclita-

656 4769 836 4821 tiones
916 4768 1193 4828 oriuntur,
1250 4771 1448 4831 quibus
1536 4772 1713 4826 territi
1769 4789 1958 4828 eorum
2045 4775 2237 4839 animi,

656 4852 749 4925 q'ui
806 4871 982 4924 nuper
1048 4858 1104 4910 in
1192 4857 1295 4913 [ide
1348 4859 1561 4915 fundati
1627 4870 1776 4927 sunt,
1850 4865 1902 4918 in
1981 4864 2242 4933 despera-

656 4949 859 5000 tionem
890 4947 1133 5001 omnium
1189 4950 1455 5005 bonorum
1486 4965 1742 5024 aguntur.
1803 4954 1907 5011 Sed
1950 4957 1994 5012 si
2024 4957 2239 5029 Moyses

656 5048 750 5091 aut
781 5039 975 5102 similis
1014 5041 1281 5109 quispiam
1328 5045 1510 5112 pepuli
1564 5055 1745 5101 rector
1803 5048 1992 5114 fuerit,
2040 5049 2241 5104 terrori

655 5126 947 5181 consilium
1007 5139 1265 5198 opponet,
1301 5147 1602 5204 eorumque
1641 5138 1859 5192 animos
1896 5139 2091 5193 timore
2113 5154 2239 5193 eor-

656 5225 844 5285 rcptos
884 5217 1055 5272 divini
1107 5221 1295 5274 auxilii
1342 5238 1438 5291 spe
1469 5227 1837 5282 confirmabit.
1866 5227 1922 5281 ld
1953 5244 2082 5282 vero
2116 5227 2233 5281 fieri

656 5308 863 5376 nequit,
906 5309 1011 5364 nisi
1043 5325 1139 5364 cor
1191 5313 1333 5380 ejus.
1360 5315 1452 5383 qui
1503 5318 1704 5387 populo
1762 5325 1980 5387 praeest,
2022 5317 2132 5372 Deo
2157 5319 2236 5371 lo-

653 5411 872 5470 quatur.
895 5400 1103 5456 Etenim
1130 5404 1407 5476 plerisque
1433 5412 1525 5478 qui
1552 5411 1821 5477 ejusmodi
1853 5412 2233 5481 magistratum

651 5504 866 5563 gerunt,
927 5494 980 5549 id
1028 5505 1238 5550 tantum
1295 5515 1440 5555 curae
1492 5510 1596 5563 est,
1632 5514 1690 5557 ut
1723 5503 1866 5572 quod
1891 5504 2236 5559 extrinsecus

651 5593 895 5655 apparet,
919 5589 1057 5641 bene
1081 5591 1348 5644 seliabeat
1377 5609 1391 5646 :
1422 5608 1610 5647 eorum
1631 5609 1757 5647 vero
1775 5610 1896 5665 quae
1912 5595 2229 5650 abscondita

649 5685 798 5736 sunt,
849 5692 970 5747 qua
1006 5687 1039 5727 λ
1070 5678 1176 5735 Deo
1211 5682 1329 5735 solo
1381 5693 1702 5751 cernuntur,
1739 5686 2087 5756 perexiguam
2145 5700 2230 5739 ra-

2348 3121 2595 3192 χρήσεως
2626 3118 2998 3182 ὑποδέξασθαι,
3033 3118 3108 3181 ὡς
3154 3119 3212 3170 ἑν
3247 3117 3424 3188 καιρῴ
3453 3120 3916 3189 χρησιμευόντων,

2344 3212 2473 3264 ὅταν
2504 3211 2598 3283 δέῃ
2643 3210 2734 3263 τὸν
2779 3209 2921 3262 θεῖον
2951 3208 3041 3262 τοῦ
3078 3209 3376 3280 μυστηρίου
3417 3207 3542 3261 ναὸν
3569 3207 3657 3260 διά
3694 3207 3790 3260 τοῦ
3827 3207 3921 3259 λο-

2347 3302 2503 3371 γικοῦ
2532 3301 2761 3355 πλούτου
2805 3300 3264 3369 καλλωπισθῆναι.
3307 3300 3369 3353 Oi
3414 3300 3523 3369 γάρ
3560 3299 3648 3351 τὸν
3676 3297 3921 3351 τοιοῦτον

2349 3396 2560 3458 ἑαυτοῖς
2579 3390 2993 3463 θησαυρίζοντες
3013 3390 3259 3455 πλοῦτον,
3284 3389 3615 3460 προσάγουσι
3646 3388 3725 3460 τῷ
3752 3390 3925 3443 Muli}-

2351 3491 2434 3540 σεῖ
2450 3487 2578 3557 περὶ
2610 3485 2707 3556 τὴν
2735 3486 2937 3554 σκηνὴν
2956 3482 3051 3535 τοῦ
3084 3483 3380 3555 μαρτυρίου
3403 3483 3650 3536 πονοῦντι
3676 3481 3737 3535 τὸ
3786 3482 3923 3552 παρ’

2348 3577 2540 3631 ἑαυτοῦ
2592 3577 2840 3638 ἕκαστος,
2883 3574 3018 3646 πρὸς
3041 3575 3142 3643 τὴν
3195 3574 3302 3626 τῶν
3356 3575 3525 3642 ἁγίων
3569 3573 3923 3644 κατασκευὴν

2347 3669 2711 3739 συνεισφέρων
2745 3684 2758 3697 ’
2803 3666 2831 3719 0
2865 3666 2928 3736 δὴ
2975 3665 3066 3718 καὶ
3114 3666 3207 3719 νῦν
3241 3666 3387 3719 ἔστιν
3444 3666 3571 3719 ἰδεῖν
3611 3667 3925 3737 γινόμενον.

2346 3757 2534 3812 Πολλοὶ
2579 3759 2676 3827 τὴν
2706 3757 2809 3823 ἔξω
2852 3757 3129 3810 παίδευσιν
3154 3760 3220 3827 τῇ
3268 3758 3403 3811 Θεοῦ
3452 3758 3752 3829 Ἐκκλησία
3790 3758 3931 3812 καθα

2346 3851 2488 3921 άπερ
2519 3867 2572 3902 τι
2603 3848 2771 3919 δῶρον
2813 3848 3196 3919 προσάγουσιν,
3244 3846 3353 3913 οἷος
3376 3846 3443 3921 ἦν
3466 3852 3496 3905 0
3541 3850 3716 3921 μέγας
3756 3851 3933 3904 Βασίο

2343 3940 2504 4005 λειος,
2533 3942 2561 3993 0
2580 3938 2759 4001 καλῶς
2785 3937 2874 3991 τὸν
2904 3939 3196 4006 Αίγύπτιον
3236 3939 3459 3993 πλοῦτον
3502 3941 3933 4011 ἐμπορευσάμε-

2343 4051 2450 4098 νος,
2484 4031 2626 4085 κατά
2667 4032 2756 4084 τὸν
2788 4031 2886 4100 τῆς
2935 4032 3184 4101 νεότητος
3222 4032 3430 4103 χρόνον,
3457 4033 3548 4085 καὶ
3588 4032 3815 4096 ἀναθεὶς
3848 4034 3936 4103 τῷ

2341 4124 2480 4193 Θεῷ.
2529 4124 2623 4177 καὶ
2667 4123 2745 4193 τῷ
2794 4123 3021 4194 τοιούτῳ
3074 4124 3287 4195 πλούτῳ
3339 4124 3770 4195 κατακοσμήσας
3822 4126 3935 4195 τὴν

2343 4214 2519 4284 ἀληθῆ
2557 4215 2656 4284 τῆς
2702 4213 3027 4284 Ἐκκλησίας
3050 4216 3274 4284 σκηνήν.

2431 4305 2567 4358 Ἀλλ’
2603 4305 2882 4357 ἐπανιτέον
2917 4304 3037 4358 ὅθεν
3065 4305 3348 4376 ἐξέϐημεν,
3370 4307 3449 4359 ὅτι
3482 4309 3592 4371 τοῖς
3619 4308 3762 4376 πρὸς
3798 4310 3943 4379 ἀρε-

2346 4398 2443 4468 τὴν
2486 4398 2586 4468 ἤδη
2622 4397 2898 4467 βλέπουσι,
2937 4397 3031 4450 καὶ
3068 4398 3145 4468 τῷ
3174 4398 3434 4469 νομοθέτῃ
3465 4399 3602 4453 κατά
3644 4401 3748 4471 τὴν
3781 4401 3946 4469 ζωὴν

2346 4489 2671 4558 ἑπομένοις,
2714 4489 2842 4541 ὅταν
2892 4487 3231 4542 καταλίπωσι
3279 4489 3378 4557 τῆς
3433 4488 3539 4540 τῶν
3600 4490 3947 4557 Αἰγυπτίων

2343 4577 2656 4641 δυναστείας
2683 4578 2809 4641 τοὺς
2858 4580 3035 4649 ὄρους,
3086 4578 3505 4631 ἐπακολουθοῦσί
3549 4596 3666 4640 πως
3708 4580 3771 4631 αἱ
3824 4580 3950 4632 τῶν

2345 4669 2662 4741 πειρασμῶν
2683 4669 2994 4741 προσῦολαὶ,
3020 4671 3373 4739 στενοχωρίας
3393 4687 3447 4721 τε
3478 4669 3570 4722 καὶ
3594 4669 3808 4737 φόϐους
3839 4672 3953 4722 καὶ

2340 4764 2467 4826 τοὺς
2488 4764 2614 4833 περὶ
2643 4763 2750 4815 τῶν
2776 4762 3015 4832 ἐσχάτων
3048 4763 3324 4826 κινδύνους
3363 4764 3668 4831 ἑπάγουσαι
3689 4781 3703 4794 ·
3744 4763 3824 4817 δι’
3859 4759 3951 4816 ὧν

2343 4855 2778 4924 καταπτοηθεῖσα
2823 4856 2929 4908 τῶν
2981 4856 3119 4909 κατά
3164 4856 3262 4927 τὴν
3317 4857 3497 4910 πίστιν
3548 4858 3859 4925 νεοπαγῶν
3914 4862 3954 4927 ἡ

2341 4948 2565 5012 διάνοια,
2597 4949 2676 5011 εἰς
2710 4948 2946 5017 παντελῆ
2997 4946 3104 5000 τῶν
3156 4948 3377 5016 ἀγαθῶν
3424 4949 3790 5002 ἀνελπιστίαυ
3848 4951 3963 5000 ὲκ-

2343 5042 2550 5094 πίπτει.
2591 5040 2730 5092 Ἀλλ’
2757 5042 2803 5093 εί
2833 5039 3149 5109 Μωῦσῆς,ή
3183 5057 3268 5103 τις
3291 5040 3399 5093 τῶν
3443 5042 3563 5093 κατ’
3591 5039 3768 5092 αὑτὸν
3818 5042 3963 5094 ἐστι·

2342 5132 2550 5185 στατῶν
2591 5131 2685 5184 τοῦ
2730 5131 2858 5185 λαοῦ
2891 5131 3079 5201 τύχοι,
3124 5134 3429 5204 ἀντιστήσει
3476 5130 3554 5201 τῷ
3609 5132 3777 5202 φόϐῳ
3838 5132 3960 5203 τὴν

2341 5224 2666 5296 συμὸουλὴν,
2699 5227 2764 5293 τῇ
2794 5224 2895 5292 τῆς
2934 5224 3082 5287 θείας
3119 5225 3434 5295 συμμαχίας
3463 5221 3637 5276 ἑλπίδι
3670 5221 3738 5275 τὸ
3794 5240 3959 5275 κατ-

2339 5317 2570 5387 επτηχδς
2614 5317 2713 5384 τῆς
2744 5315 2979 5379 διανοίας
3029 5317 3495 5389 παραθαρσύνων,
3525 5317 3665 5387 ὅπερ
3698 5316 3821 5368 οὐκ
3881 5314 3965 5367 ἂν

2338 5408 2565 5474 γένοιτο,
2618 5406 2689 5476 μὴ
2722 5407 2821 5476 τῆς
2856 5406 3080 5476 καρδίας
3118 5408 3208 5460 τοῦ
3245 5409 3645 5478 προεστηκότος
3674 5407 3765 5478 τῷ
3813 5406 3964 5480 Θεῷ

2336 5498 2619 5567 λαλούσης.
2658 5498 2780 5560 Τοῖς
2813 5498 2921 5569 γὰρ
2954 5498 3167 5557 πολλοῖς
3202 5498 3310 5549 τῶν
3358 5500 3413 5551 ἑν
3461 5498 3787 5570 προστασίᾳ
3826 5516 3964 5551 τοι-

2337 5590 2474 5661 αύτῃ
2496 5590 2967 5659 προτεταγμένων.
2996 5591 3054 5643 τὸ
3085 5590 3424 5660 φαινόμενον,
3450 5591 3631 5658 μόνον,
3668 5593 3842 5654 ὅπως
3884 5591 3965 5644 ἂν

2338 5680 2394 5735 εὖ
2444 5680 2733 5751 διατεθείη,
2766 5678 3147 5742 σπουδάζεταν
3178 5680 3285 5734 τῶν
3328 5681 3382 5733 δὲ
3425 5683 3881 5753 κεκρυμμένων,
3923 5682 3969 5737 ἃ
