4054 6436
86 6179 150 6200 μ,

260 229 351 281 561

259 435 312 486 δὲ
342 432 437 484 τοῦ
486 433 766 496 Μωῦσέως
799 434 896 502 οὐχ
945 431 1117 495 οὕτως
1153 427 1222 502 ἦν
1255 448 1268 462 ·
1301 432 1414 484 ἀλλ’
1445 434 1501 484 ἐν
1531 427 1576 500 ᾧ
1617 433 1838 504 θαρσεῖν

260 528 368 586 τοῖς
427 524 794 593 Ἰσραηλίταις
843 523 1234 585 διακελεύεται,
1287 523 1555 594 μηδεμίαν
1601 525 1742 578 κατά
1777 525 1837 578 τὸ

259 614 583 682 φαινόμενον
631 615 816 684 φωνὴν
856 614 990 682 πρὸς
1026 613 1114 664 τὸν
1141 611 1272 664 Θεὸν
1302 613 1683 683 ποιησάμενος,
1709 614 1837 685 βοᾷν

259 702 384 772 παρ’
415 701 583 753 αὐτοῦ
626 702 720 753 τοῦ
755 701 888 754 Θεοῦ
943 703 1328 772 μαρτυρεῖταιο
1363 701 1723 765 διδάσκοντος,
1755 700 1834 756 οἷ-

258 811 375 862 μαι,
409 792 504 843 τοῦ
536 791 717 859 λόγου,
747 792 827 843 ὅτι
854 790 1046 861 561316;
1081 792 1226 842 ἐστιν
1253 791 1435 860 ἐκείνη
1467 793 1499 861 ἡ
1533 794 1705 862 φωνὴ,
1741 793 1835 845 καὶ

257 885 416 954 μέχρι
449 884 554 952 τῆς
586 884 737 946 θείας
775 884 1138 936 ἀναϐαίνουσα
1171 883 1360 950 ἀκοῆς,
1390 885 1485 952 οὐχ
1517 886 1542 953 ἡ
1583 885 1721 954 μετά
1756 901 1832 936 1:-

254 994 335 1036 νος
354 976 663 1052 διατάσεως
692 976 947 1045 γινομένη
995 975 1227 1046 κραυγὴ,
1257 975 1420 1045 ἀλλ’ἢ
1443 975 1550 1027 ἀπὸ
1589 976 1834 1046 καθαρᾶς

253 1066 615 1135 συνειδήσεως
669 1066 1100 1134 ἀναπεμπομένη
1147 1064 1460 1135 ἐνθύμησις.
1495 1066 1584 1134 Τῷ
1639 1067 1694 1119 δὲ
1739 1067 1832 1120 οὖ-

248 1175 350 1219 τως
391 1158 574 1226 ἔχοντι
622 1157 818 1227 μικρὸς
848 1157 947 1227 ἤδη
980 1157 1110 1227 πρὸς
1143 1157 1453 1226 συμμαχίαν
1476 1157 1582 1209 τῶν
1616 1158 1832 1228 νομιζο-

252 1249 429 1316 μένων
477 1247 708 1314 ἀγώνων
759 1250 787 1300 6
830 1247 1052 1316 ἀδελφὸς
1101 1249 1493 1317 καταφαίνεται
1518 1289 1531 1309 ,
1573 1250 1775 1318 ἐκεῖνος
1805 1254 1832 1304 6

248 1337 498 1404 ἁδελφὸς,
521 1340 549 1389 6
580 1336 820 1388 κατιόντι
845 1336 978 1406 πρὸς
1003 1337 1345 1405 Αἰγυπτίους,
1371 1338 1508 1391 κατά
1545 1338 1683 1392 θεῖον
1711 1338 1832 1408 βού-

247 1427 418 1494 λημα,
453 1426 531 1496 τῷ
565 1427 791 1479 Μωῦσεῖ
834 1429 1190 1494 συναντήσας,
1219 1427 1275 1478 ὃν
1307 1430 1384 1490 εἰς
1418 1428 1649 1496 ἀγγέλου
1679 1429 1829 1494 τάξιν

247 1521 274 1570 ὁ
304 1519 462 1585 λόγος
492 1519 738 1588 ἐνόησεν.
779 1518 938 1570 Ἀλλά
967 1519 1084 1570 τότε
1133 1519 1338 1586 γίνεται
1376 1519 1474 1589 τῆς
1498 1522 1828 1591 ὑπερκειμέ-

249 1627 341 1678 νης
387 1610 458 1677 φὺ
472 1626 609 1672 σειυς
644 1611 676 1679 ἡ
710 1610 993 1679 ἐμφάνεια,
1025 1609 1198 1672 οὕτως
1230 1611 1622 1682 ἐμφαινομένη,
1646 1613 1825 1677 καθὼς

1627 225 1716 282 DE
1751 225 1906 280 VITA
1931 225 2180 283 MOYSIS

264 343 411 413 μόνῳ
434 339 512 409 τῷ
541 339 660 410 Θεῷ
708 339 1025 412 καθορᾶται,
1049 341 1224 408 ὀλίγος
1267 339 1474 408 γίνεται
1510 339 1684 408 λόγος.
1716 340 1818 394 Ἐπ’

1945 341 2146 397 tionem
2180 342 2401 397 habent.
2437 343 2506 396 At
2553 343 2768 414 Moyses
2808 358 2913 397 non
2952 343 3022 397 ita

3407 233 3513 288 369

3085 363 3096 398 :
3142 343 3236 399 sed
3265 342 3392 398 dum
3434 345 3513 399 ls-

1941 432 2166 486 raelitas
2254 433 2397 487 bono
2450 437 2634 486 animo
2688 433 3015 500 essejubet,
3055 432 3272 487 tametsi
3303 434 3506 487 nullam

1937 520 2181 574 exterius
2215 535 2401 574 vocem
2435 521 2572 589 apud
2605 519 2771 574 Deum
2821 521 3088 590 proferat,
3115 523 3377 580 divinitus
3403 525 3507 580 sibi

1935 609 2139 664 dictum
2167 609 2415 672 aﬁirmat,
2451 630 2468 661 ι
2498 610 2635 677 Quid
2667 621 2722 664 tu
2757 613 2820 664 ad
2849 627 2933 665 me
2968 614 3210 668 clamas?
3249 634 3266 666 ι
3303 615 3506 680 Quam-

1940 700 2122 753 obrem
2161 710 2360 765 manet,
2397 710 2454 755 ut
2492 719 2592 771 ego
2632 704 2890 764 arbitror,
2933 718 3187 757 sonoram
3211 721 3330 760 esse
3358 707 3504 760 illam

1935 807 2146 851 vocem,
2180 800 2234 846 et
2266 809 2437 863 usque
2466 795 2530 847 ad
2567 794 2778 847 divinas
2806 810 2968 849 aures
2995 795 3368 864 magnitudine
3403 813 3502 850 sua

1936 883 2234 950 pervenire,
2277 899 2397 951 qua:
2437 899 2548 937 non
2583 885 2928 937 contentione
2957 883 3243 947 clamoris,
3276 887 3367 939 sed
3403 901 3505 956 pu-

1936 971 2099 1024 ritate
2126 975 2308 1028 cordis
2335 990 2432 1029 sua
2483 975 2837 1028 meditatione
2882 976 3209 1043 concipitur.
3234 974 3292 1028 Ei
3324 985 3502 1030 autem

1935 1066 2024 1134 qui
2063 1067 2141 1119 sic
2167 1067 2230 1119 ad
2262 1066 2545 1120 Dominum
2575 1077 2715 1128 orat,
2744 1083 2968 1136 parvum
2989 1067 3099 1134 jam
3122 1065 3287 1120 frater
3312 1062 3505 1120 aﬁ'erre

1935 1158 2193 1211 auxilium
2228 1174 2384 1228 posse
2414 1158 2648 1212 videtur.
2673 1157 2862 1213 Frater
2891 1159 3016 1212 dico
3041 1157 3128 1212 ille
3152 1158 3243 1227 qui
3275 1158 3505 1212 descen-

1933 1248 2080 1302 denti
2114 1263 2142 1300 a
2176 1260 2352 1302 monte
2403 1248 2594 1318 Muysi,
2660 1248 2769 1303 Dec
2809 1250 2878 1301 ita
2915 1249 3258 1318 disponente,
3289 1249 3500 1302 obviam

1935 1340 2112 1392 fuerat
2161 1355 2501 1409 progressus,
2545 1357 2705 1407 quem
2751 1340 3012 1396 divinitus
3059 1341 3244 1394 datum
3295 1340 3498 1394 homini

1933 1433 2181 1501 angelum
2222 1431 2479 1486 diximus.
2520 1430 2622 1487 Sed
2667 1433 2735 1487 ab
2785 1434 2902 1502 ipso
2937 1432 3046 1487 Deo
3077 1434 3303 1488 miriﬁce
3345 1450 3374 1486 a
3413 1442 3499 1504 ty-

1933 1523 2120 1575 rannis
2150 1537 2211 1575 ac
2252 1523 2426 1575 hostis
2472 1524 2692 1576 humani
2723 1526 2936 1592 generis
3002 1524 3215 1580 insidiis
3250 1525 3500 1578 homines

1933 1621 2216 1665 eruuntur.
2245 1611 2381 1666 Tum
2410 1630 2534 1668 vero
2554 1614 2749 1667 divinae
2780 1624 2986 1668 natura:
3009 1630 3128 1669 sese
3154 1615 3331 1684 prodit
3355 1631 3495 1683 prae-

254 1700 317 1750 ᾶν
367 1705 522 1771 χωρῇ
559 1701 620 1753 τὸ
668 1702 990 1772 δεχόμενον·
1035 1701 1061 1753 ὃ
1093 1703 1154 1772 δὴ
1213 1703 1306 1754 καὶ
1340 1703 1459 1755 τότε
1505 1704 1818 1775 γεγενῆσθαι

1930 1703 2124 1765 scntia,
2156 1718 2276 1772 qua:
2316 1703 2396 1756 sic
2419 1711 2661 1772 apparet,
2718 1712 2773 1756 ιιι
2798 1720 2988 1773 capere
3039 1714 3216 1774 potest
3260 1705 3310 1757 id
3351 1707 3495 1774 quod

251 1790 398 1860 παρά
439 1792 540 1860 τῆς
597 1792 834 1862 ἱστορίας
881 1793 1168 1862 ἀκούομεν,
1211 1795 1305 1846 καὶ
1341 1795 1513 1847 εἰσαεὶ
1563 1796 1824 1863 γίνεσθαι,

253 1882 397 1951 παρᾶ
432 1882 535 1951 τῆς
563 1883 657 1934 τοῦ
682 1883 839 1950 λόγου
865 1883 1094 1954 θεωρίας
1131 1886 1490 1955 μανθάνομεν.
1532 1887 1697 1940 Ὅταν
1722 1889 1830 1958 γὰρ

253 1974 426 2042 φεύγῃ
449 1991 533 2036 τις
567 1974 658 2025 τὸν
711 1975 1018 2041 Αίγύπτιον,
1046 1977 1137 2028 καὶ
1167 1975 1270 2040 ἔξω
1300 1978 1407 2029 τῶν
1433 1978 1573 2047 ὅρων
1605 1978 1830 2048 γενόμεο

251 2081 353 2125 νος,
395 2065 533 2134 πρὶς
582 2065 681 2126 τὰς
731 2066 1028 2136 προσὸολάς
1055 2068 1160 2119 τῶν
1204 2070 1519 2138 πειρασμῶν
1551 2069 1825 2141 δειλιάσῃ⁶

252 2155 451 2208 ἄνωθεν
483 2157 584 2224 τὴν
617 2159 682 2208 ἐκ
714 2157 1024 2226 παραλόγου
1055 2159 1324 2229 σωτηρίαν
1350 2163 1377 2212 6
1399 2162 1588 2228 όδηγὸς
1618 2162 1827 2214 ὑποδεί-

252 2263 434 2301 κνυσιν
496 2250 628 2300 Ξταν
663 2246 1202 2320 περιστοιχισάμενος
1239 2255 1266 2303 6
1297 2251 1483 2321 ἐχθρὸς
1529 2255 1598 2322 τῇ
1634 2254 1824 2306 ἑαυτοῦ

250 2336 469 2405 δυνάμει
530 2338 620 2388 τὸν
661 2339 1023 2406 διωκόμενον,
1072 2339 1239 2409 βατὴν
1279 2341 1367 2392 ὑπ’
1395 2341 1637 2412 ἀνάγκης
1681 2343 1827 2414 αὐτῷ

249 2429 634 2498 κατασκευάσῃ
665 2429 761 2498 τὴν
788 2429 1081 2493 θάλασσαν,
1109 2433 1189 2494 είς
1217 2433 1284 2502 ἣν
1307 2432 1626 2502 καθηγεῖται
1655 2435 1683 2485 6
1713 2436 1827 2506 ὁδη-

243 2520 335 2583 γο;
363 2522 388 2588 ἡ
420 2521 623 2589 νεφέλη
675 2522 854 2573 (τοῦτο
881 2521 987 2591 γὰρ
1033 2523 1202 2592 ὄνομα
1245 2523 1320 2592 τῷ
1354 2525 1656 2594 ὁδηγοῦντι,
1690 2528 1826 2597 ὅπερ

243 2612 419 2675 καλῶς
467 2617 583 2674 τοῖς
629 2613 734 2683 πρὸ
783 2615 940 2684 ἡμῶν
972 2616 1049 2677 είς
1083 2617 1180 2685 τὴν
1205 2617 1296 2668 τοῦ
1323 2618 1476 2684 ἁγίου
1515 2619 1825 2689 Πνεύματος

246 2704 563 2773 μετελήφθη
623 2705 840 2774 χάριν)’
875 2708 1002 2774 παρ’
1047 2700 1107 2757 οὗ
1163 2708 1368 2774 γίνεται
1422 2712 1534 2768 τοῖς
1585 2709 1823 2778 ἀξίοιςή

243 2795 380 2864 πρὸς
432 2795 495 2846 τὸ
553 2796 758 2862 ἀγαθὸν
795 2797 1013 2866 όδηγία·
1045 2791 1089 2864 ᾧ
1137 2815 1219 2860 τις
1261 2799 1626 2868 ἐπόμενος,τὸ
1681 2800 1823 2871 ὕδωρ

241 2884 533 2948 διέξεισιν,
569 2886 940 2950 ὁδοποιοῦντος
992 2887 1094 2956 τὴν
1138 2887 1203 2938 δι’
1239 2887 1401 2940 αὐτοῦ
1457 2889 1678 2958 πορείαν
1729 2889 1820 2941 τοῦ

241 2976 549 3044 ἡγουμένου
578 2993 591 3006 ·
623 2975 688 3027 δι’
717 2971 775 3029 οὗ
806 2976 1014 3044 γίνεται
1049 2977 1108 3029 τὸ
1135 2977 1374 3045 ἀσφαλὲς
1405 2981 1470 3049 τῇ
1518 2979 1817 3053 ἐλευθερία,

237 3063 334 3115 τοῦ
386 3065 480 3117 ἐπὶ
513 3065 728 3134 δουλεία
773 3065 1220 3130 καταδιώκοντος,
1258 3069 1713 3138 ἐναφανιζομένου
1743 3071 1820 3139 τῷ

238 3154 417 3208 ὖδ-ατι.
451 3155 547 3217 Τίς
597 3155 704 3224 γὰρ
762 3157 860 3208 οὐκ
905 3152 1073 3220 οἶδεν,
1118 3158 1199 3210 ὃτι
1251 3158 1478 3228 στρατὸς
1522 3161 1819 3228 Αίγύπτιός

235 3247 358 3297 ἐστι
391 3247 458 3298 τα
492 3248 709 3300 ποικίλα
746 3247 846 3316 τῆς
872 3247 1046 3318 ψυχῆς
1087 3249 1254 3320 πάθη,
1292 3245 1371 3314 οἷς
1398 3251 1818 3306 καταδουλοῦται

234 3339 264 3387 6
297 3336 620 3404 ἄνθρωπος;
651 3340 874 3390 Ἐκεῖνοι
902 3341 952 3392 οἱ
985 3342 1348 3400 ἴπποι,ἐκεῖνα
1369 3341 1434 3394 τὰ
1461 3343 1699 3413 ἅρματα.
1723 3345 1818 3396 καὶ

233 3430 285 3478 σί
321 3430 405 3479 ἐπ’
429 3429 608 3481 αὐτῶν
636 3431 915 3490 ἀναϐάται,
945 3433 1174 3498 τοξόται,
1213 3434 1306 3487 καὶ
1341 3435 1815 3504 σφενδονῆται,καὶ

232 3522 581 3590 ὁπλομάχω,
617 3523 708 3575 καὶ
759 3525 787 3575 6
833 3523 1016 3587 λοιπὸς
1049 3525 1232 3594 ὅμιλος
1285 3525 1384 3596 τῆς
1444 3525 1553 3578 τῶν
1604 3526 1816 3597 ἐχθρῶν

235 3615 620 3682 παρατάξεως.
655 3616 719 3667 Τί
749 3615 856 3686 γάρ
890 3619 953 3670 ἄν
981 3634 1062 3680 τις
1087 3617 1357 3687 διαφέρειν
1391 3617 1534 3670 εἴποι
1568 3618 1693 3682 τοὺς
1719 3619 1812 3670 00-

235 3705 439 3772 μάλ-δεις
471 3706 578 3757 τῶν
623 3707 915 3775 λογισμῶν,
941 3706 972 3777 ἢ
998 3709 1093 3770 τὰς
1133 3709 1268 3777 πρὸς
1289 3708 1482 3778 ἡδονήν
1507 3726 1564 3761 τε
1589 3709 1684 3762 καὶ
1719 3710 1812 3764 λύ-

232 3813 312 3864 πη
319 3816 349 3844 ν
368 3799 457 3848 καὶ
490 3797 796 3861 πλεονεξίαν
817 3799 1012 3868 ὁρμὰς.
1039 3802 1136 3869 τῆς
1167 3803 1628 3870 μνημονευθείσης
1652 3818 1813 3874 στρα-

227 3890 360 3948 τιᾶς
383 3931 396 3950 ,
431 3888 592 3950 ΛίΘος
642 3890 898 3959 ἄντικρυς
946 3890 1052 3942 ἀπὸ
1084 3891 1369 3960 σφενδόνης
1399 3893 1544 3945 ἐστὶν
1639 3893 1810 3946 λοιδοο

229 3979 353 4047 ρία,
388 3979 484 4030 καί
535 3978 704 4047 λόγχη
750 3980 848 4050 τὴν
895 3982 1095 4050 αἰχμὴν
1147 3981 1459 4036 ἐπισείουσα
1492 3985 1524 4054 ἡ
1556 3984 1808 4056 θυμώδης

226 4070 378 4138 ὁρμή
401 4085 413 4096 ο
430 4069 491 4119 τὸ
518 4068 573 4121 δὲ
604 4069 732 4138 περί⁵
761 4068 857 4131 τὰς
880 4070 1070 4141 ἡδονὰς
1097 4072 1286 4134 πάθος,
1305 4075 1352 4124 οί
1385 4074 1537 4127 ἵπποι
1558 4076 1808 4130 νοείσθω·

229 4175 358 4220 σαν,
388 4159 600 4228 ἀσχέτῳ
640 4162 744 4212 τινὶ
785 4162 926 4231 ὁρμῇ
959 4161 1016 4214 τὸ
1055 4163 1205 4233 ἅρμα
1253 4163 1320 4216 δι’
1345 4164 1548 4218 ἑαυτῶν
1581 4167 1806 4236 ἐφελκό-

229 4265 385 4315 μενοι
413 4287 426 4308 ,
458 4249 515 4298 ἐν
544 4241 589 4311 ᾧ
612 4250 660 4300 οί
689 4252 833 4318 τρεῖς
856 4250 1132 4311 ἐπιϐάται,
1163 4251 1256 4314 οὓς
1281 4255 1573 4323 τριστάτας
1602 4257 1804 4327 ὀνομά-

1929 1809 2047 1846 eam
2080 1794 2289 1862 recipit.
2322 1793 2434 1848 lloc
2489 1797 2671 1864 utique
2708 1803 2819 1848 tmn
2863 1796 3126 1850 accidisse
3170 1812 3233 1850 ex
3269 1796 3496 1851 historia

1930 1881 2205 1945 audimus,
2241 1891 2289 1935 et
2356 1893 2614 1951 perpetuo
2652 1883 2764 1936 ﬁeri
2794 1900 2858 1937 ex
2886 1885 3154 1953 spirituali
3210 1899 3373 1939 sensu
3414 1885 3497 1938 di-

1930 1974 2156 2028 scimus.
2188 1972 2318 2026 Nam
2349 1976 2441 2044 qui
2483 1975 2778 2046 {Egyptum
2813 1975 3043 2045 fugiens,
3082 1974 3494 2046 Egyptiosjam

1929 2068 2064 2120 lines
2093 2066 2194 2120 ﬁde
2221 2067 2490 2130 transivit,
2522 2068 2568 2121 si
2592 2071 2949 2120 tentationum
2991 2075 3181 2120 aestum
3227 2067 3495 2122 extimue—

1930 2159 2020 2221 rit,
2044 2159 2111 2210 ab
2141 2159 2258 2227 ipso
2289 2158 2394 2212 Deo
2418 2159 2702 2228 petendam
2732 2174 2854 2213 esse
2887 2159 2990 2214 sibi
3017 2161 3268 2222 salutem,
3298 2176 3326 2212 a
3358 2159 3497 2216 duce

1931 2247 2237 2302 instruitur.
2262 2249 2394 2302 Cum
2426 2255 2569 2304 enim
2618 2249 2858 2320 undique
2888 2252 3258 2305 circumdatus
3289 2252 3494 2304 inimici

1927 2340 2134 2394 viribus
2161 2340 2251 2402 sit,
2309 2350 2438 2394 tunc
2479 2343 2790 2396 necessario
2820 2346 2951 2413 (non
2981 2343 3128 2398 enim
3159 2343 3320 2397 datur
3353 2345 3495 2400 alius

1925 2433 2126 2498 exitus)
2189 2448 2336 2486 mare
2367 2433 2626 2487 divinitus
2679 2434 2750 2486 ita
2807 2435 3094 2496 scinditur,
3126 2444 3185 2488 ut
3221 2452 3313 2504 per
3364 2436 3492 2490 illud

1927 2523 2206 2576 ambulare
2239 2524 2411 2591 possit
2442 2524 2508 2583 ³⁸,
2564 2524 2629 2576 ad
2671 2524 2814 2594 quod
2849 2525 3019 2578 nubes
3049 2527 3065 2594 (
3094 2527 3144 2578 id
3193 2528 3336 2580 enim
3368 2529 3491 2583 duci

1926 2615 2144 2681 nomen)
2171 2613 2335 2665 ductu
2352 2628 2451 2667 suo
2471 2613 2706 2678 deducit,
2734 2630 2838 2684 qua
2854 2615 3071 2684 quidem
3096 2617 3238 2671 nube
3257 2616 3493 2686 Spiritus

1925 2707 2097 2755 sancti
2121 2704 2349 2772 gratiam
2387 2703 2540 2756 multi
2573 2704 2735 2757 etiam
2761 2713 2884 2758 ante
2907 2720 3004 2760 nos
3035 2706 3327 2776 signiﬁcari
3349 2719 3494 2764 recte

1924 2804 2307 2849 asseveraruut
2343 2813 2355 2847 :
2393 2809 2423 2847 a
2448 2794 2645 2862 spiritu
2675 2795 2819 2848 enim
2837 2795 2903 2850 ad
2931 2796 3126 2850 bonum
3150 2799 3493 2868 reducimur;

1924 2885 2174 2953 spiritum
2203 2885 2296 2954 qui
2357 2886 2655 2953 sequimur,
2682 2900 2879 2954 aquam
2916 2887 3334 2955 pertransimus.
3370 2892 3492 2958 Spi-

1925 2979 2066 3028 ritus
2095 2975 2196 3029 iter
2219 2975 2283 3028 ad
2315 2991 2373 3029 se
2400 2991 2496 3045 per
2520 2990 2714 3044 aquam
2737 2986 3029 3046 przeparat;
3048 2979 3239 3045 spiritu
3270 2979 3492 3035 libertas

1924 3071 2297 3129 conﬁrmatur,
2352 3069 2576 3138 spiritus
2604 3068 2670 3129 is.
2705 3069 2798 3137 qui
2826 3084 2926 3122 nos
2959 3069 3012 3122 in
3037 3069 3350 3123 servitutem
3381 3079 3491 3125 tra-

1924 3158 2050 3212 here
2100 3168 2350 3224 conatur,
2410 3173 2550 3230 aqua
2606 3158 2924 3213 conteritur.
2983 3160 3110 3213 Haec
3171 3161 3261 3230 qui
3313 3162 3485 3221 audit.

1920 3262 2072 3317 aqua:
2101 3256 2504 3302 sacramentum
2551 3263 2658 3302 non
2719 3248 3006 3318 ignorabit,
3036 3250 3088 3302 in
3124 3267 3284 3321 quam
3313 3253 3489 3308 ﬁdelis

1919 3355 2042 3393 cum
2095 3341 2348 3394 universo
2391 3340 2565 3394 nostri
2618 3340 2794 3395 hostis
2837 3341 3174 3396 descendens
3218 3345 3486 3412 exercitu,

1917 3435 2067 3486 solus
2100 3433 2326 3503 emergit
2356 3431 2500 3492 inde,
2534 3432 2784 3486 hostibus
2821 3433 3058 3487 detentis
3080 3443 3240 3503 atque
3263 3450 3490 3505 oppres-

1916 3524 1994 3577 sis
2025 3538 2184 3592 aqua.
2222 3522 2356 3587 Quis
2390 3523 2534 3577 enim
2575 3537 2682 3576 non
2710 3523 2862 3576 novit
2888 3540 3057 3593 equos
3087 3523 3485 3596 Egyptiorum,

1915 3614 2252 3684 sagittarios,
2287 3613 2610 3675 funditores,
2641 3621 2903 3675 armatos,
2929 3615 3141 3683 equites
3166 3630 3230 3668 ac
3253 3617 3484 3686 pedites,

1913 3720 2134 3766 currus,
2189 3705 2614 3772 universamque
2672 3703 2914 3772 ipsorum
2952 3705 3272 3772 potentiam,
3303 3709 3484 3760 varias

1911 3811 2033 3850 esse
2059 3796 2224 3848 animi
2275 3795 2578 3864 passiones,
2619 3793 2820 3862 quibus
2845 3795 3094 3848 servituti
3121 3795 3284 3848 homo
3312 3798 3484 3868 subji-

1909 3885 2090 3939 citur?
2117 3883 2257 3950 Quid
2311 3884 2456 3938 enim
2493 3884 2562 3938 ab
2590 3882 3090 3960 illolegyptiorum
3139 3889 3378 3942 exercitu
3406 3890 3481 3943 ita

1907 3977 2073 4032 eﬁ‘usa
2102 3977 2352 4046 voluptas
2400 3976 2678 4041 effrenata,
2710 3977 2867 4032 dolor
2915 3978 3325 4050 immoderatus,
3353 3997 3482 4036 ava-

1905 4067 2054 4133 ritia,
2087 4067 2301 4122 fmditas
2328 4067 2542 4123 diﬂ‘ert?
2589 4067 2748 4138 Lapis
2775 4076 2858 4124 est
2901 4069 3046 4123 haud
3075 4070 3236 4124 dubie
3275 4074 3479 4129 missus

1906 4157 2070 4212 blnda
2099 4157 2448 4218 contumelia,
2480 4165 2535 4211 et
2598 4156 2752 4210 hasta
2799 4157 3078 4226 cuspidem
3127 4158 3347 4214 vibrans
3392 4169 3480 4215 est

1907 4249 2140 4318 impetus
2167 4249 2460 4304 iracundia:
2493 4267 2506 4302 :
2540 4248 2706 4302 libido
2728 4257 2905 4303 autem
2933 4259 2985 4303 et
3029 4250 3300 4318 cupiditas
3323 4253 3478 4306 volu-

227 4340 314 4402 ζει
359 4341 389 4405 ἠ
429 4339 664 4408 ἱστορία.
704 4339 936 4408 Νοήσεις
975 4340 1031 4392 δὲ
1074 4342 1201 4404 τοὺς
1235 4345 1383 4412 τρεῖς
1416 4344 1638 4409 τούτους
1669 4348 1800 4400 πάνι

1921 4349 2112 4410 )tatum
2151 4341 2522 4410 intelligantur
2549 4340 2674 4408 equi
2723 4339 2987 4394 eﬂ‘renato
3009 4342 3243 4409 quodam
3272 4344 3474 4416 impetu

221 4447 357 4491 τως,
387 4432 514 4489 τοὺς
538 4431 870 4500 φερομένους
891 4432 996 4484 ὑπὸ
1021 4433 1112 4485 τοῦ
1142 4434 1406 4504 ἅρματος,
1432 4437 1803 4508 προδιδαχθεὶς

224 4526 284 4574 ἐν
311 4522 390 4592 τῷ
427 4525 568 4576 κατὰ
599 4525 726 4586 τοὺς
763 4525 1036 4592 σταθμοὺς
1063 4527 1154 4579 καὶ
1177 4526 1275 4597 τὴν
1307 4527 1466 4596 φλιὰν
1497 4533 1798 4603 μυστηρίῳ,

221 4617 325 4682 τὴν
353 4616 587 4685 τριμερῆ
614 4615 712 4682 τῆς
733 4616 908 4686 ψυχῆς
933 4617 1220 4687 διαίρεσιν,
1249 4620 1331 4681 εἰς
1359 4619 1420 4671 τὸ
1441 4619 1676 4689 λογικὸν,
1707 4625 1800 4678 καὶ

221 4705 642 4775 ἐπιθυμητικὸν,
673 4707 768 4757 καὶ
816 4705 1092 4774 θυμοειδὲς
1128 4708 1469 4779 ἀναπέμπων
1508 4712 1568 4765 τὸ
1599 4714 1795 4785 νόημα.

293 4886 482 4938 Ταῦτα
501 4881 596 4938 οὖν
628 4886 822 4946 πάντα,
848 4889 940 4940 καὶ
957 4889 1056 4941 ὅσα
1081 4889 1291 4954 τούτοις
1319 4893 1583 4965 ὁμόφυλα.
1602 4894 1679 4964 τῷ
1705 4912 1802 4948 κα-

220 4978 550 5049 θτςῖυυμένῳ
607 4980 704 5049 τῆς
766 4985 1006 5052 πονηρᾶς
1065 4984 1256 5050 ἐφόδου
1321 4986 1702 5042 συνεισπίπτει
1726 4987 1801 5059 τῷ

235 5069 541 5139 Ἰσραηλίτῃ
575 5071 666 5120 ἐπὶ
694 5068 752 5120 το
778 5068 946 5139 ὕδωρ·
990 5071 1073 5139 ἐφ’
1100 5066 1175 5122 ὧν
1203 5073 1233 5138 ἡ
1265 5077 1352 5135 τοῦ
1379 5081 1574 5139 ὓδατος
1602 5073 1764 5142 φύσις
1784 5114 1798 5133 .

223 5161 531 5229 ξοτῇυμένης
570 5159 668 5229 τῆς
709 5160 846 5212 κατά
894 5165 992 5231 τὴν
1033 5161 1327 5233 βακτηρίαν
1372 5179 1624 5236 πίστεως
1651 5204 1666 5228 ν
1707 5167 1800 5218 καὶ

221 5248 318 5314 τῆς
361 5249 707 5316 φσυτιζούσης
737 5251 961 5316 νεφέλης
981 5291 995 5314 ,
1028 5252 1270 5330 ζωοποιὸς
1298 5283 1396 5362 μὲν
1428 5269 1662 5350 γίνεται
1689 5256 1796 5310 τῶν

225 5341 302 5362 ρῗ-
348 5342 515 5362 -κο-ιμ
559 5341 1006 5362 ..............Ι.,...ΑΔ
1084 5341 1180 5362 3.-._,
1565 5352 1590 5362 ιρ
1679 5345 1702 5362 .h

225 5341 302 5390 ei:
344 5342 516 5406 αὐτὴν
559 5341 1035 5407 καταφευγόντων,
1078 5341 1359 5443 ἀναιρετῷξί
1391 5341 1455 5436 δὲ
1511 5352 1637 5414 τῶν
1674 5345 1797 5398 διω-

235 5389 246 5390 ,
348 5389 399 5392 ηκ
587 5389 611 5390 η
1081 5389 1182 5394 ww-
1219 5389 1272 5411 επ
1431 5389 1454 5413 ρ
1511 5389 1633 5414 των
1676 5389 1769 5398 w-

225 5429 444 5482 πάντων.
481 5429 624 5499 Πρὸς
650 5428 686 5481 ἃ
707 5429 940 5482 παιδεύει
961 5430 1044 5482 διὰ
1069 5389 1359 5545 τούξ-(ἔνΐκᾲ
1391 5389 1569 5545 δὲρία
1590 5491 1609 5517 ν
1647 5440 1795 5503 οἵους

1275 5531 1285 5544 .
1319 5500 1413 5545 ιστ

1261 5495 1285 5594 ἦ
1318 5497 1404 5558 ἱστ

285 5614 328 5642 ⁸⁸
367 5609 533 5664 Exod.
579 5622 694 5666 xm,
732 5607 812 5660 Η.

528 5705 791 5763 Par-uos.
819 5699 927 5758 Gs.
965 5694 1104 5786 XLIV.

1905 4448 2004 4501 per
2041 4447 2099 4487 se
2163 4447 2384 4486 currum
2437 4431 2738 4491 trahentes,
2791 4430 2843 4483 in
2871 4445 2980 4499 quo
3025 4441 3136 4488 tres
3180 4435 3390 4503 equites
3411 4452 3477 4491 ae

1902 4521 2213 4585 bellatores,
2257 4537 2394 4591 quos
2429 4520 2670 4575 tristatas
2708 4524 2942 4592 appellat
2984 4525 3230 4589 historia,
3277 4528 3475 4596 quibus

1901 4615 2226 4682 tripertitam
2249 4612 2416 4666 animi
2448 4621 2768 4682 potestatem
2801 4613 3026 4686 intelligi
3053 4616 3347 4680 credimus,
3373 4635 3476 4671 ra—

1900 4703 2154 4757 tionalem
2185 4702 2413 4766 scilicet,
2449 4702 2950 4770 concupiscibilem,
2987 4705 3338 4768 irascibilem,
3374 4708 3472 4762 has

1900 4803 2012 4850 tres
2052 4794 2320 4864 potentias
2349 4793 2692 4863 de-pravatas.

1977 4886 2106 4958 Qua:
2138 4886 2318 4940 omnia
2349 4900 2644 4954 eorumque
2674 4886 2848 4941 aﬁinia
2889 4902 3012 4942 cum
3042 4887 3181 4943 duce
3210 4904 3311 4943 suo
3340 4907 3469 4954 una,

1905 4959 2113 5032 scilicet
2143 4994 2264 5030 cum
2300 4977 2464 5038 ﬁdeli,
2501 4977 2552 5030 in
2586 4994 2780 5042 aquam
2828 4978 3166 5047 baptismatis
3204 4981 3472 5046 incidunt;

1904 5079 2095 5121 natura
2127 5084 2255 5122 vero
2305 5083 2477 5137 aqua},
2515 5069 2852 5133 praecedente
2900 5069 3047 5138 virga
3084 5069 3204 5123 ﬁdei
3237 5083 3290 5120 et
3321 5079 3471 5137 pote-

1902 5170 2045 5213 state
2102 5162 2458 5214 illmninantis
2524 5159 2884 5228 ducentisque
2953 5161 3182 5219 nebulai,
3242 5161 3470 5230 spiritus

1905 5252 2154 5306 videlicet
2185 5253 2381 5315 sancti,
2425 5251 2673 5306 ﬁdelibus
2701 5252 2918 5320 quidem
2946 5252 3038 5320 qui
3072 5252 3138 5306 ad
3167 5268 3284 5306 eam
3317 5251 3468 5304 retu.

1903 5348 2077 5414 giunt.
2106 5347 2269 5397 vitam
2296 5351 2534 5413 pra-stat,
2568 5342 3012 5413 persecutoribus
3036 5350 3214 5398 autem
3239 5348 3466 5396 mortem

1903 5437 2088 5492 infert.
2137 5437 2317 5504 Quare
2355 5436 2484 5490 illud
2531 5449 2748 5506 quoque
2799 5433 2868 5487 ab
2904 5434 3131 5488 historia
3179 5431 3470 5493 discimus,

3135 5700 3209 5761 13
