4054 6436
500 266 602 320 563

1765 259 1820 314 S.
1854 257 2174 314 GREGORII
2201 257 2492 314 NYS‘ile

3634 256 3736 309 σοι

498 383 820 450 quales-nos
880 385 1000 446 post
1043 391 1194 446 aqua:
1243 377 1530 432 transitum
1580 391 1699 432 csse
1743 377 2061 440 debeamus;

2172 379 2431 449 προσήκει
2480 372 2617 431 εἶναι
2664 377 2785 436 τοὺς
2823 373 3054 434 διῖόντας
3094 372 3153 423 τὸ
3203 371 3365 441 ὕδωρ,
3423 373 3589 442 μηδὲν
3638 374 3735 440 τῆς

498 470 631 525 nihil
653 470 796 523 enim
814 469 880 522 ab
895 469 1138 522 exercitu
1157 469 1351 530 hostis,
1370 469 1466 538 qui
1485 469 1764 523 nobiscum
1791 471 1845 523 in
1867 484 2061 538 aquam

499 559 709 623 incidit,
758 558 1040 613 nobiscum
1079 557 1482 622 attrahendum,
1536 573 1658 610 cum
1709 559 2059 626 emergimus,

497 659 597 705 est.
635 649 764 702 Nam
792 649 1011 719 quicum
1039 648 1211 703 hostis
1237 663 1489 716 egressus
1516 649 1584 702 ab
1609 663 1748 717 aqua
1771 647 1929 702 simul
1957 621 2080 708 est,‘

497 743 543 794 is
596 742 850 809 quoniam
905 740 957 793 in
996 753 1135 808 aqua
1188 739 1397 794 hostem
1433 754 1540 792 non
1594 739 1908 803 submersit,
1969 738 2061 792 sed

498 834 678 885 vivum
709 832 830 887 inde
855 846 1038 887 secum
1067 830 1270 893 eduxit,
1299 831 1456 883 etiam
1490 838 1612 901 post
1639 846 1833 900 aquam
1870 830 1922 882 in
1948 845 2064 884 ser-

495 926 668 978 vitulo
707 923 990 979 remansit.
1038 921 1114 976 Ita
1149 923 1253 974 tale
1287 922 1415 990 quid
1445 930 1548 987 est,
1605 930 1659 977 ut
1692 922 1856 975 latius
1888 921 2061 987 expli-

498 1024 671 1078 cetur,
704 1015 845 1083 quod
878 1019 1126 1084 Oporteat
1151 1027 1340 1068 omnes
1362 1015 1455 1082 qui
1488 1015 1936 1068 saeramentalem
1969 1015 2064 1068 ba-

496 1106 767 1174 ptismatis
825 1118 1017 1172 aquam
1076 1110 1382 1167 transerunt,
1439 1105 1753 1158 universum
1806 1104 2061 1158 vitiorum

497 1195 794 1252 exercitum
828 1195 878 1248 in
910 1211 1048 1263 aqua
1080 1194 1351 1259 occidere,
1383 1202 1439 1247 ut
1467 1195 1770 1257 avaritiam,
1810 1209 2062 1264 rapacem

498 1298 752 1345 mentem.
776 1287 1067 1348 luxuriam,
1091 1285 1393 1350 libidinem,
1421 1288 1754 1355 superbiam,
1773 1287 2062 1341 elationem

492 1389 680 1449 animi,
707 1388 841 1441 iram
867 1426 879 1449 ,
920 1384 1203 1447 invidiam,
1243 1390 1440 1438 cunt-ta
1476 1377 1590 1430 haec
1625 1387 1677 1430 et
1717 1377 1803 1430 bis
1837 1378 2055 1432 similia.

492 1481 600 1533 Nec
625 1479 797 1532 solum
822 1477 1047 1531 allectus
1074 1475 1358 1533 vitiorum,
1379 1470 1470 1527 sed
1497 1466 1663 1522 animi
1689 1477 1866 1521 motus
1897 1476 2061 1534 atque

495 1557 957 1627 perturbationes,
1009 1573 1128 1626 qua}
1183 1558 1462 1610 hominum
1511 1567 1759 1610 naturam
1806 1557 2064 1625 quodam-

497 1645 658 1700 modo
693 1655 1122 1714 consequuntur,
1172 1645 1223 1697 in
1265 1653 1526 1714 quantum
1565 1646 1823 1714 possibile
1856 1653 1957 1709 est,
2007 1643 2061 1697 in

2172 469 2418 532 ἐναντίας
2475 467 2733 538 στρατιᾶς
2791 463 2930 534 μετὰ
2980 465 3040 517 τὸ
3090 462 3350 516 ἀναδῦναι
3397 463 3488 516 τοῦ
3551 464 3734 527 ὓδατος

2172 558 2588 628 ἐφελκομένους.
2631 558 2695 609 Εἰ
2720 556 2828 626 γὰρ
2874 553 3148 623 συναναὸᾕ
3185 553 3332 623 αὐτῷ
3377 555 3406 606 ὁ
3449 554 3734 623 πολέμιος,

2173 652 2323 721 μένει
2356 651 2450 704 καὶ
2491 648 2628 719 μετά
2657 648 2717 700 τὸ
2749 646 2893 716 ὕδωρ
2920 646 2977 698 ἐν
3005 648 3070 714 τῇ
3111 644 3350 714 δουλείᾳ,
3394 644 3736 698 συνεκϐαλὼν

2170 742 2346 812 ἐαυτῷ
2378 741 2554 806 ζῶντα
2593 739 2684 792 τὸν
2712 738 2992 808 τύραννον,
3043 736 3102 788 ὃν
3143 739 3200 788 ἐν
3235 736 3313 806 τῷ
3345 736 3488 807 βυθῷ
3520 737 3579 789 οὺ
3611 755 3740 790 κατ-

2171 834 2344 887 έδυσε.
2386 829 2556 885 Τοῦτο
2598 831 2655 882 δὲ
2700 828 2936 881 τοιοῦτόν
2979 830 3148 887 ἐστιν,
3185 827 3260 891 ὡς
3297 829 3360 881 ἄν
3388 846 3473 891 τις
3517 829 3652 899 πρὸς
3678 828 3739 882 τὸ

2170 923 2499 995 γυμνότερον
2549 921 2608 973 τὸ
2660 917 2888 986 αἴνιγμα
2935 916 3258 986 μεταϐαλὼν
3300 918 3634 985 σαφηνίσειε,
3677 922 3739 970 τδ

2169 1015 2277 1067 δεῖν
2307 1013 2518 1075 πάντας
2547 1011 2673 1074 τοὺς
2704 1009 3091 1081 διερχομένους
3137 1008 3194 1060 τὸ
3227 1007 3486 1077 μυστικὸν
3514 1007 3655 1078 ὕδωρ
3679 1009 3734 1060 ἐν

2168 1106 2247 1176 τῷ
2281 1104 2646 1174 βαπτίσματι,
2694 1103 2874 1154 πᾶσαν
2905 1101 3004 1170 τὴν
3031 1099 3130 1169 τῆς
3159 1098 3359 1160 κακίας
3393 1097 3740 1168 παρεμϐολὴν

2169 1196 2368 1267 νεκράν
2402 1197 2570 1247 ποιεῖν
2603 1195 2659 1245 ἐν
2689 1192 2766 1262 τῷ
2783 1192 2935 1244 ὖδατι
2956 1207 2968 1220 ·
3011 1185 3122 1241 οἷον
3151 1188 3248 1259 τὴν
3279 1187 3620 1254 πλεονεξίαν,
3642 1186 3742 1257 τὴν

2171 1288 2467 1342 ἀκόλαστον
2513 1284 2835 1354 ἐπιθυμίαν,
2881 1282 2977 1352 τὴν
3006 1279 3351 1351 ἀρπακτικὴν
3395 1279 3650 1339 διάνοιαν,
3680 1277 3744 1330 τὸ

2171 1379 2311 1433 κατά
2331 1377 2422 1430 τὸν
2443 1375 2607 1446 τύφον
2631 1376 2724 1428 καὶ
2752 1372 3132 1445 ὑπερηφανίαν
3163 1370 3356 1434 πάθος,
3392 1369 3490 1438 τὴν
3519 1366 3741 1440 θυμὼδη

2169 1467 2366 1539 ὁρμὴν,
2413 1468 2511 1537 τὴν
2546 1466 2736 1538 ὀργὴν,
2776 1465 2874 1536 τὴν
2926 1464 3106 1534 μῆνιν,
3151 1461 3248 1531 τὴν
3293 1460 3611 1530 βασκανίαν,
3650 1461 3744 1513 τὸν

2170 1558 2381 1627 φθόνον,
2413 1557 2581 1610 ταῦτα
2616 1557 2813 1618 πάντα,
2850 1555 2944 1606 καὶ
2998 1551 3068 1605 τὰ
3112 1550 3357 1613 τοιαῦτα,
3403 1550 3586 1619 ἐπειδή
3625 1567 3745 1612 πως
3819 1601 3828 1607 ,

2171 1651 2410 1716 πέφυκεν
2449 1649 2674 1702 ἕπεσθαι
2721 1653 2783 1721 τῇ
2837 1645 2997 1715 φύσει
3032 1644 3102 1697 τά
3136 1643 3319 1713 πάθη,
3362 1643 3531 1712 νεκρά
3569 1643 3743 1704 ποιεῖν

493 1750 634 1805 aqua
685 1737 1001 1791 submersas
1042 1737 1350 1805 relinquere
1397 1735 1678 1790 debemus.
1741 1734 1872 1788 Nam
1928 1736 2061 1789 sicut

2174 1747 2231 1797 ἐν
2259 1743 2337 1814 τῷ
2365 1742 2514 1794 ὕδατι
2537 1758 2549 1771 ·
2583 1739 2723 1793 αύτά
2750 1757 2808 1791 τε
2837 1742 2905 1791 τά
2938 1735 3149 1807 πονηρά
3176 1735 3274 1805 τῆς
3318 1735 3552 1795 διανοίας
3585 1732 3745 1804 xwsz-

494 1829 657 1882 etiam
690 1827 742 1880 in
785 1826 987 1896 pascha
1023 1825 1161 1880 dixit
1195 1825 1280 1897 (id
1312 1826 1456 1881 enim
1489 1834 1571 1881 est
1620 1841 1816 1880 nomen
1851 1825 2059 1890 hostire,

493 1918 651 1986 cujus
693 1917 918 1986 sanguis
956 1925 1179 1971 mortem
1218 1917 1286 1971 ab
1324 1923 1508 1970 utente
1549 1915 1796 1984 repellit)
1841 1929 2062 1984 azymos

493 2025 659 2080 panes
682 2007 1014 2077 ederejubet
1039 2009 1104 2062 ³⁸.
1142 2008 1408 2079 Azymum
1441 2015 1618 2060 autem
1653 2015 1754 2070 est,
1789 2005 1931 2075 quod
1957 2005 2064 2059 fer—

493 2107 758 2164 mentum,
791 2115 902 2154 rem
933 2108 1174 2169 tempore
1198 2099 1501 2157 rancidam.
1547 2112 1732 2151 secum
1760 2096 2059 2151 immislum

492 2206 601 2244 non
638 2190 816 2242 habet.
848 2187 968 2253 Quo
1001 2199 1159 2257 pacto
1189 2189 1395 2250 docuit,
1419 2203 1486 2242 ne
1516 2187 1769 2242 vitiorum
1803 2186 2062 2256 reliquias

494 2281 738 2350 sequenti
775 2287 896 2348 post
933 2277 1089 2331 (idem
1130 2279 1255 2332 vitae
1295 2277 1726 2341 immisceamus,
1779 2277 1875 2332 sed
1905 2276 2060 2345 quasi

495 2373 562 2425 ab
590 2371 696 2426 alio
732 2371 890 2425 initio
934 2370 1114 2424 vivere
1153 2368 1502 2438 incipiamus,
1557 2367 1817 2438 peccandi
1864 2369 2060 2421 seriem

493 2463 560 2516 ad
589 2462 747 2516 tidem
785 2475 958 2529 usque
985 2459 1356 2514 continuatam
1387 2457 1794 2528 dirumpentes:
1850 2459 1923 2512 ita
1958 2458 2062 2513 hoc

495 2553 549 2606 in
582 2553 700 2606 loco
729 2549 1022 2622 Egyptum
1057 2565 1295 2613 omnem,
1325 2548 1376 2602 id
1403 2557 1508 2610 est,
1557 2564 1772 2603 omnem
1800 2549 2061 2619 peccandi

495 2642 728 2711 speciem
771 2643 825 2694 in
860 2656 997 2708 aqua
1039 2641 1490 2708 submergendam
1538 2654 1597 2692 re
1625 2639 1741 2708 ipsa
1778 2639 2059 2703 instruxit,

495 2742 554 2788 ut
585 2735 708 2787 inde
739 2733 838 2787 soli
884 2733 1090 2801 absque
1134 2739 1358 2800 peccatg
1393 2744 1757 2798 emergamus.
1794 2727 1949 2794 Quod
1979 2728 2061 2782 hi-

493 2825 676 2880 storia:
733 2823 930 2877 factum
983 2832 1110 2877 tunc
1167 2822 1416 2891 legimus,
1469 2829 1692 2876 enectos
1749 2821 1957 2875 scilicet
2009 2821 2062 2874 in

495 2916 651 2986 aquis
697 2915 900 2976 hostes,
956 2920 1009 2967 et
1049 2910 1266 2967 Iudaeos
1315 2913 1438 2967 inde
1471 2913 1620 2968 solos
1653 2915 1916 2968 evasisse.
1957 2913 2060 2968 Sed

495 3006 648 3060 multi
680 3007 760 3058 vel
789 3005 1096 3074 ignorantia
1128 3013 1518 3075 praeceptorum
1549 3005 1704 3075 legis,
1731 3006 1815 3059 vel
1848 3005 2065 3059 temeri-

493 3109 601 3154 tate
651 3114 713 3152 ac
756 3097 1142 3157 inconstantia,
1207 3097 1488 3151 sordidum
1536 3098 1737 3166 prioris
1778 3099 1901 3151 vitae
1954 3097 2062 3152 fer-

494 3200 736 3244 mentum
774 3188 827 3242 in
875 3188 1226 3257 posteriorem
1265 3187 1431 3240 vitam
1486 3187 1797 3249 traducunt,
1830 3195 1883 3242 et
1919 3187 2062 3244 feros

498 3280 709 3351 [Egypti
751 3279 951 3333 milites
995 3285 1118 3347 post
1157 3277 1486 3347 baptismum
1536 3294 1723 3332 secum
1763 3278 2056 3333 adducunt.

496 3369 624 3423 Nam
664 3369 754 3437 qui
791 3367 979 3436 rapina
1007 3366 1162 3419 ditati
1212 3372 1360 3427 sunt,
1404 3372 1497 3418 aut
1541 3365 1779 3435 perjurio
1824 3365 2060 3435 praedam

495 3460 791 3530 possident,
824 3467 916 3510 aut
947 3456 1218 3511 adulterio
1247 3471 1448 3510 uxores
1483 3455 1776 3518 duxerunt,
1829 3465 1924 3509 aut
1965 3457 2063 3510 ali-

495 3551 622 3622 quid
650 3551 869 3604 vetitum
896 3557 1020 3603 ante
1049 3548 1300 3618 baptismi
1332 3547 1532 3602 donum
1568 3548 1980 3610 commiserunt,
2016 3549 2059 3602 si

496 3640 694 3698 lavacri
738 3641 908 3711 gratia
940 3639 1007 3693 ab
1053 3639 1137 3693 his
1188 3654 1246 3694 se
1297 3639 1535 3708 peccatis
1569 3639 1823 3694 liberatos
1853 3649 2060 3708 putant,

496 3737 551 3791 in
601 3731 798 3801 injuria
851 3739 1250 3801 permanentes,
1295 3730 1641 3786 vehementer
1691 3739 1903 3794 errant,
1964 3747 2063 3786 nec

496 3832 721 3894 possunt
755 3823 1078 3891 intelligere,
1112 3821 1263 3876 duris
1289 3822 1515 3876 nimium
1551 3838 1610 3878 se
1639 3823 1875 3878 dominis
1907 3824 2061 3893 quasi

497 3931 665 3970 nexos
709 3914 996 3970 inservire.
1029 3913 1278 3968 Crudelis
1311 3913 1456 3970 enim
1501 3913 1718 3970 domina
1753 3932 1815 3971 ac
1849 3918 2063 3972 rabiosa

498 4009 711 4062 luxuria
734 4013 840 4069 est,
870 4004 1093 4058 libidine
1115 4004 1269 4074 quasi
1296 4005 1532 4060 stimulis
1558 4007 1806 4060 servilem
1829 4017 2060 4061 utentem

487 4098 798 4169 exagitans.
847 4096 963 4148 Alia
1002 4109 1108 4149 non
1143 4095 1322 4150 minus
1366 4093 1605 4150 crudelis
1635 4096 1853 4152 domina
1886 4099 2064 4151 avari-

497 4192 602 4242 tia:
635 4188 835 4258 quippe
881 4185 1084 4242 nullam
1117 4199 1356 4255 unquam
1405 4187 1646 4255 requiem
1698 4188 2062 4244 servientibus

498 4281 539 4335 ei
574 4280 810 4348 praebere
852 4279 1008 4342 solet,
1067 4277 1161 4332 sed
1206 4286 1412 4348 quanto
1457 4280 1610 4348 plura
1642 4278 1748 4334 diei
1789 4295 1851 4334 ac
1885 4282 2063 4336 noctis

2169 1851 2332 1903 ματα.
2369 1831 2463 1886 καὶ
2486 1832 2553 1884 τὰ
2592 1833 2654 1883 ἐκ
2683 1830 2887 1883 τούτων
2922 1827 3333 1896 ἀποτελέσματα
3358 1865 3372 1884 ,
3402 1824 3652 1894 καθάπερ
3683 1824 3744 1874 ἐν

2163 1923 2239 1990 τῷ
2268 1921 2546 1990 μυστηρίῳ
2571 1919 2662 1972 τοῦ
2688 1919 2867 1988 πάσχα
2886 1933 2901 1948 ⁸
2925 1916 3082 1969 τοῦτο
3110 1915 3217 1984 γάρ
3239 1914 3408 1983 ὄνομα
3431 1912 3508 1982 τῷ
3536 1913 3738 1982 ἱερείῳ,

2162 2005 2222 2064 οὗ
2261 2011 2321 2063 τὸ
2353 2005 2488 2078 αἷμα
2526 2008 2828 2062 κωλυτικὸν
2872 2007 3102 2061 θανάτου
3137 2005 3212 2076 τῷ
3251 2005 3578 2076 χρησαμένῳ
3606 2003 3746 2070 γίνε-

2163 2119 2272 2154 ται.
2317 2102 2524 2172 Ὥσπερ
2563 2099 2742 2153 τοίνυν
2781 2101 2898 2151 ἐκεῖ
2935 2098 3024 2150 τὸν
3074 2097 3235 2167 ἄρτον
3278 2097 3484 2166 ἄζυμον
3530 2094 3745 2147 κελεύει

2163 2191 2432 2246 ἐπεσθίειν
2459 2191 2520 2244 τὸ
2550 2191 2733 2261 πάσχα
2769 2192 2785 2260 (
2809 2189 3015 2253 ἄζυμος
3037 2189 3080 2241 δ’
3118 2188 3183 2241 ἂν
3213 2186 3298 2258 εἴη
3327 2190 3354 2241 ὁ
3383 2187 3481 2256 τῆς
3510 2186 3744 2239 ἑωλοτέ-

2167 2301 2264 2355 ρας
2291 2282 2646 2352 ἀνεπίμικτος
2677 2281 2855 2351 ζύμης
2876 2281 2919 2351 ),
2939 2283 3080 2333 νοεῖν
3119 2297 3178 2332 τε
3209 2279 3388 2331 δίδωσι
3427 2278 3512 2330 διὰ
3539 2276 3745 2330 τούτων

2163 2378 2190 2429 ὁ
2223 2374 2406 2444 νόμος,
2453 2373 2512 2425 τὸ
2551 2373 2716 2442 μηδὲν
2756 2371 2871 2437 τῆς·
2900 2369 3096 2430 κακίας
3139 2367 3391 2437 λείψανον
3424 2366 3499 2436 τῷ
3545 2368 3746 2437 ἐφεξῆς

2164 2464 2552 2534 καταμιγνύειν
2586 2462 2684 2533 βίῳ
2710 2502 2723 2526 ,
2755 2461 2867 2515 ἀλλ’
2914 2461 3022 2514 ἀπὸ
3069 2461 3203 2521 ἰδίας
3244 2460 3417 2528 ἀρχῆς
3459 2457 3557 2526 τῆς
3605 2457 3747 2527 μετά

2161 2557 2332 2610 ταῦτα
2370 2555 2513 2626 ζωῆς
2545 2553 2830 2624 ἄρξασθαι,
2871 2553 2962 2605 τὸν
2996 2551 3055 2605 τὸ
3095 2550 3316 2620 συνεχὲς
3352 2550 3450 2619 τῆς
3475 2549 3582 2601 τῶν
3619 2565 3744 2600 και-

2168 2648 2272 2719 ρῶν
2305 2647 2622 2711 ἀκολουθίας
2665 2649 2730 2717 τῇ
2764 2644 2900 2717 πρὸς
2942 2644 3001 2697 τὸ
3039 2646 3283 2714 κρεῖττον
3314 2639 3582 2712 μεταϐολῇ
3623 2638 3744 2692 δια-

2169 2741 2425 2810 κόψαντα·
2457 2737 2599 2792 οὕτω
2630 2739 2721 2790 καὶ
2754 2736 2985 2788 ἐνταῦθα
3033 2734 3278 2804 βούλεται
3305 2734 3412 2786 πᾶν
3444 2731 3746 2799 Αἰγύπτιον

2165 2832 2473 2903 πρόσωπον,
2500 2829 2765 2892 τουτέστι,
2797 2829 2904 2880 πᾶν
2935 2827 3210 2896 ἁμαρτίας
3233 2821 3392 2886 εἶδος,
3415 2823 3602 2892 ὥσπερ
3628 2822 3739 2874 τινὶ

2169 2922 2314 2994 βυθῷ
2341 2921 2416 2992 τῷ
2429 2919 2679 2991 σωτηρίῳ
2700 2918 3033 2989 βαπτίσματι
3058 2914 3513 2980 καταπνίξαντας,
3543 2912 3746 2980 μόνους

2165 2993 2454 3077 ἀναδῦναι,
2485 3014 2650 3085 μηδὲν
2683 3012 2824 3065 κατά
2854 3012 2944 3064 τὸ)
2975 3011 3086 3080 βίον
3111 2993 3539 3079 ἐπισυρομένους
3578 3004 3744 3058 ἀλλό-

2165 3107 2348 3174 φυλον.
2372 3105 2540 3170 Τοῦτο
2564 3105 2668 3174 γάρ
2694 3104 2839 3156 ἐστιν
2859 3101 2887 3153 ὃ
2916 3101 3004 3154 διὰ
3033 3100 3131 3169 τῆς
3169 3099 3407 3170 ἱστορίας
3441 3095 3743 3166 ἀκιύομεν,

2162 3196 2195 3264 ἦ
2224 3211 2406 3264 φησιν,
2442 3195 2501 3245 ἐν
2540 3191 2617 3262 τῷ
2660 3190 2808 3260 αὐτῷ
2858 3189 3033 3253 ὕδατι,
3076 3187 3290 3258 θανάτῳ
3332 3188 3426 3240 καὶ
3474 3187 3586 3258 ζωῇ
3621 3186 3747 3239 δια-

2163 3287 2439 3358 κρίνεσθαι
2465 3285 2523 3337 τὸ
2537 3283 2728 3354 ἐχθρὸν
2751 3282 2918 3336 καὶτὸ
2947 3281 3117 3350 φίλον·
3141 3280 3232 3333 τοῦ
3257 3279 3354 3350 μὲν
3381 3277 3574 3349 ἐχθροῦ
3589 3277 3748 3346 φθει-

2165 3377 2414 3450 ρομένου,
2449 3375 2542 3428 τοῦ
2573 3376 2626 3427 δὲ
2657 3375 2811 3444 φίλου
2845 3371 3300 3442 ζωογονουμένου.
3333 3369 3407 3430 ὡς
3430 3369 3484 3421 οἵ
3512 3385 3574 3436 γε
3612 3367 3743 3420 πολ-

2162 3469 2244 3522 λοὶ
2269 3467 2377 3522 τῶν
2413 3467 2473 3520 τὸ
2503 3465 2758 3536 μυστικὸν
2794 3463 3076 3534 βάπτισμα
3115 3459 3583 3532 προσδεξαμένων,
3635 3459 3744 3526 ἀγ-

2163 3562 2279 3633 νοία
2310 3561 2416 3614 τῶν
2454 3559 2546 3613 τοῦ
2581 3559 2745 3630 νόμου
2777 3555 3268 3628 παραγγελμάτων,
3304 3554 3401 3624 τὴν
3436 3551 3743 3623 παρελθοῦο

2165 3672 2264 3708 σαν
2299 3655 2398 3725 τῆς
2424 3653 2620 3716 κακίας
2643 3651 2842 3722 ζύμην,
2869 3653 2935 3722 τῇ
2971 3650 3082 3721 ζωῇ
3115 3647 3209 3701 τοῦ
3248 3646 3387 3719 μετὰ
3419 3645 3587 3699 ταῦτα
3623 3644 3743 3715 βίου

2165 3746 2592 3816 καταμιγνύουσι
2613 3785 2626 3808 ,
2655 3745 2750 3796 καὶ
2791 3743 2882 3796 τὸν
2921 3741 3148 3815 στρατὸν
3170 3741 3260 3793 τὸν
3293 3738 3608 3807 Αίγύπτιον.
3648 3743 3743 3793 καὶ

2169 3837 2305 3909 μετὰ
2349 3836 2428 3889 τὸ.
2457 3837 2692 3907 περᾶσαι
2737 3833 2796 3886 τὸ
2829 3833 2993 3902 ὕδωρ,
3031 3833 3210 3897 ζῶντα
3254 3831 3370 3902 μεθ’
3415 3828 3621 3882 ἑαυτῶν
3653 3829 3744 3882 διὸ

2163 3928 2269 3981 τῶν
2311 3924 2754 3996 ἐπιτηδευμάτων
2797 3924 3113 3991 ἐπάγονται.
3167 3924 3225 3976 Ὀ
3252 3923 3359 3993 γάρ
3384 3921 3448 3974 δι’
3487 3922 3745 3990 ἁρπαγῆς

2163 4020 2197 4091 ἢ
2243 4019 2454 4082 ἀδικίας
2508 4018 2852 4088 πλουτήσας,
2907 4018 2940 4086 ἥ
2983 4034 3105 4070 τινα
3143 4014 3318 4086 χῶρον
3367 4013 3426 4078 ἐξ
3456 4013 3745 4084 ἐπιορκίας

2165 4110 2536 4182 κτησάμενος,
2571 4110 2603 4180 ἢ
2649 4108 2739 4162 διὰ
2780 4107 3026 4179 μοιχείας
3055 4105 3268 4176 γυναικὶ
3310 4106 3634 4174 συνοικήσας
3658 4145 3672 4168 ,
3705 4104 3743 4174 ἦ

2165 4201 2292 4256 ἄλλο
2327 4221 2378 4255 τι
2411 4203 2516 4254 τῶν
2551 4201 2940 4273 ἀπειρημένων
2968 4199 3074 4269 πρὸ
3110 4199 3208 4268 τῆς
3240 4196 3332 4250 τοῦ
3365 4195 3747 4266 βαπτίσματος

2165 4295 2370 4363 δωρεᾶς
2399 4294 2547 4365 παρὰ
2571 4293 2662 4346 τὸν
2693 4292 2805 4362 βίον
2828 4291 3130 4361 τολμήσας,
3158 4289 3330 4342 οἴεται
3355 4291 3420 4359 τῇ
3444 4286 3744 4340 ἀπολαύσει

499 4371 775 4425 laboribus
805 4378 858 4424 ct
883 4371 1218 4424 cruciatibus
1243 4371 1470 4439 imperio
1493 4370 1725 4424 dominae
1747 4372 2059 4441 qureritant,

2167 4385 2275 4438 τῶν
2305 4385 2490 4448 κακῶς
2516 4382 2663 4453 αύτῷ
2686 4381 3132 4455 προσγενομένων
3153 4383 3246 4433 καὶ
3265 4379 3400 4450 μετὰ
3426 4377 3487 4432 τὸ
3515 4377 3748 4446 λουτρὸν

499 4459 958 4531 cupiditatemque
1001 4476 1154 4516 suam
1181 4461 1400 4530 explere
1426 4471 1712 4527 conantur,
1762 4472 1914 4519 tanto
1943 4481 2062 4520 nta-

499 4552 577 4620 gis
606 4563 896 4620 anguntur,
930 4553 1086 4620 quasi
1115 4553 1248 4606 nihil
1274 4553 1521 4618 fecerint,
1559 4555 1839 4625 magisque
1872 4557 2062 4612 inanes

493 4655 559 4692 ac
587 4640 944 4696 famescentcs
967 4643 1331 4711 reperiuntur.
1358 4644 1669 4714 Eodemque
1693 4647 1850 4701 modo
1867 4658 2060 4703 caetera

501 4732 624 4785 vitia
670 4730 1050 4786 dominantur:
1109 4734 1307 4803 quibus
1351 4736 1442 4806 qui
1482 4737 1668 4801 servit,
1714 4740 1961 4808 quamvis
2007 4741 2060 4795 in

497 4825 690 4892 aqua'm
741 4822 1100 4887 descenderit,
1155 4825 1394 4879 nondum
1431 4836 1631 4890 tamen.
1683 4845 1798 4884 mea
1844 4831 2059 4900 quidem

499 4915 786 4976 sententia,
851 4915 1300 4969 sacramentalem
1370 4918 1545 4986 tetigit
1624 4934 1841 4988 aquam,
1905 4921 2062 4992 cujus

500 5001 774 5070 pmprium
835 5011 918 5058 est
949 5003 1241 5076 perniciosi
1289 5007 1502 5077 tyranni
1545 5021 1607 5062 ac
1650 5013 1923 5068 exercitus
1977 5013 2060 5069 sui

485 5093 812 5146 ‘dcstructio.

2169 4473 2547 4543 παραμείνας,
2587 4469 2991 4540 ἠλευθερῶσθαι
3031 4471 3128 4539 τῆς
3169 4468 3276 4520 τῶν
3318 4466 3747 4536 ἁμαρτημάτων

2167 4563 2427 4625 δουλείας,
2461 4561 2648 4632 ῶσπερ
2676 4561 2772 4631 οὐχ
2796 4560 2934 4631 ὁρῶν
2962 4559 3150 4611 ἐαυτὸν
3175 4560 3286 4621 τοῖς
3319 4560 3574 4626 πονηροῖς
3606 4557 3741 4607 ὐπο-

2170 4656 2443 4724 κεκυφότα
2475 4653 2782 4716 δεσπόταις.
2827 4652 3101 4722 Δεσπότης
3129 4653 3235 4720 γάρ
3261 4649 3343 4711 τίς
3374 4651 3517 4700 ἐστιν
3548 4648 3746 4716 ἄγριος

2170 4746 2264 4799 καὶ
2297 4744 2590 4814 λυσσώδης,
2626 4742 2686 4796 τὸ
2723 4742 3014 4796 ἀκόλαστον
3050 4739 3239 4800 πάθος,
3275 4736 3353 4807 τῷ
3392 4735 3748 4808 ἀνδραποδώ-

2168 4837 2246 4890 δει
2290 4835 2551 4905 λογισμῷ,
2587 4830 2699 4887 οἷόν
2726 4850 2836 4885 τισι
2881 4831 3096 4901 μάστιξι
3123 4832 3242 4892 ταῖς
3271 4829 3485 4898 ἡδοναῖς
3527 4824 3750 4888 αἰκιζόο

2173 4943 2349 4998 μενος.
2385 4925 2576 4988 Ἀλλος
2605 4921 2843 4985 τοιοῦτος
2869 4920 3132 4990 δεσπότης
3153 4921 3186 4989 ἡ
3217 4917 3498 4981 πλεονεξία
3519 4956 3533 4977 .
3567 4917 3738 4984 μηδε-

2171 5019 2299 5089 μίαν
2335 5017 2516 5071 άνεσιν
2555 5015 2633 5085 τῷ
2673 5013 2978 5068 δουλεύοντι
3023 5011 3430 5082 παρεχόμενος,
3471 5007 3604 5061 ἀλλὰ
3637 5006 3751 5060 κᾶν

2171 5107 2340 5162 πολλὰ
2395 5108 2732 5179 ἐργάσηται,
2764 5107 2872 5167 τοῖς
2907 5103 3271 5173 ἐπιτάγμασιν
3310 5101 3596 5172 ὑπηρετῶν
3643 5099 3750 5152 τοῦ

493 5180 774 5247 δεσπότου,
807 5183 899 5235 καὶ
934 5184 996 5236 τδ
1023 5186 1158 5255 πρὸς
1193 5186 1487 5257 ἐπιθυμίαν
1530 5189 1678 5261 αὑτῷ
1728 5193 2166 5264 κατακτώμενος,
2219 5200 2355 5271 πρὸς
2397 5199 2457 5252 τὸ
2494 5197 2677 5250 πλεῖον
2745 5195 2833 5250 ἀεὶ
2873 5193 3267 5247 συνελαύνεται.
3322 5194 3430 5245 Καὶ
3486 5191 3555 5243 τὰ
3604 5190 3752 5243 ἄλλα

501 5273 690 5336 πάνταν
713 5275 813 5327 6“-
845 5274 931 5328 διὰ
954 5276 1147 5366 κακίαν
1176 5279 1496 5350 ἐνεργεῖται,
1525 5283 1803 5352 τυράννων
1833 5285 1926 5337 καὶ
1987 5285 2260 5344 δεσποτῶν
2312 5294 2457 5345 ἐστιν
2501 5287 2893 5356 ἀπαρίθμησις,
2927 5280 3008 5349 οἷς
3036 5284 3297 5338 δουλεύων
3328 5301 3431 5346 τις,
3461 5282 3561 5335 κᾶν
3601 5280 3748 5345 διεξ-

495 5365 764 5435 εληλυθὼς
796 5368 932 5440 τύχῃ
968 5369 1029 5421 τδ
1069 5365 1229 5441 ὕδωρ,
1276 5371 1463 5437 οὔπω,
1500 5376 1638 5429 κατά
1685 5393 1747 5445 γε
1799 5377 1890 5431 τὸν
1947 5380 2076 5450 ἐμὸν
2125 5383 2300 5453 λόγον,
2336 5383 2426 5438 τοῦ
2456 5381 2716 5455 μυστικοῦ
2753 5379 2941 5443 ὓδατος
3014 5379 3212 5448 ἔθιγεν,
3240 5370 3301 5432 οὗ
3342 5378 3499 5448 ἔργον
3526 5373 3678 5427 ἐστὶν
3708 5374 3756 5448 ἡ

497 5460 608 5516 τῶν
642 5461 888 5530 πονηρῶν
921 5463 1193 5534 τυράννων
1222 5465 1484 5523 ἀπώλεια.

579 5624 620 5658 ³⁸
653 5633 820 5688 Exod.
851 5649 947 5702 xu,
976 5633 1066 5700 27,
