4054 6436
284 267 392 324 365

1673 263 1760 318 DE
1803 262 1966 318 VITA
2003 260 2278 318 MOYSIS.

3435 252 3539 306 36G

367 382 533 437 ’Δλλὲ
569 382 707 455 πρὸς
727 383 795 436 τὰ
825 383 1029 453 ἑφεξῆς
1065 381 1160 437 τοῦ
1188 382 1348 451 λόγου
1385 381 1738 454 προέλθωμεν
1770 381 1872 434 7rd-

2048 376 2154 432 Sed
2211 389 2606 445 prosequamur
2648 370 2836 426 ordine
2881 378 3078 426 caetera
3117 376 3175 422 ut
3212 365 3536 434 incepimus.

286 471 390 526 λιν.
453 473 512 525 ’0
541 471 652 542 γὰρ
682 472 908 525 διελθὼν
937 473 997 526 τὸ
1033 473 1222 542 νοηθὲν
1269 474 1404 541 ἡμῖν
1449 471 1684 538 πέλαγος
1711 508 1725 531 ,

289 560 414 614 ίδὼν
452 563 512 614 ὲν
544 561 696 631 αὐτῷ
735 561 930 632 νεκρὸν
959 561 1049 614 τὸν
1085 558 1431 631 θεωρηθέντα
1467 558 1658 611 τοῦτον
1703 555 1865 624 Αίγύ-
1901 603 1911 613 .

290 670 462 710 πτιον.
501 653 692 706 οὐκέτι
716 653 855 723 πρὸς
883 651 1122 706 Μωῠσέα
1161 651 1322 722 μόνον
1357 651 1457 720 ὁρᾷ
1492 649 1582 701 τὸν
1609 651 1709 718 τῆς
1736 649 1863 718 ἀρε-

287 745 383 812 τῆς
409 743 728 815 ραὗδοῦχον,
751 742 886 797 ἀλλὰ
914 743 1156 795 πιστεύει
1193 742 1312 811 μὲν,
1345 740 1487 794 κατὰ
1512 739 1574 792 τὸ
1594 736 1867 807 προηγού-

294 852 473 905 μενον,
513 835 594 905 τῷ
630 834 751 905 Θεῷ
773 875 788 897 ,
826 833 1009 898 καθὼς
1051 837 1079 887 ό
1110 835 1212 904 τῆς
1243 832 1484 904 ἱστορίας
1522 831 1678 899 λόγος
1713 828 1867 900 φησὶ,

291 925 535 978 mem;
559 925 617 978 δὲ
644 925 722 995 τῷ
769 925 1061 996 θεράποντι
1091 924 1255 978 αὐτοῦ
1295 925 1548 977 Μωῦσεῖ”
1592 922 1619 974 ὃ
1652 921 1746 974 καὶ
1775 919 1868 973 νῦν

291 1016 567 1087 βλέπομεν
608 1016 762 1086 παρὰ
794 1015 904 1068 τῶν
932 1013 1148 1084 ἀληθῶς
1188 1013 1250 1066 τὸ
1279 1013 1422 1083 ὕδωρ
1460 1011 1870 1082 περαιουμένων

289 1105 606 1174 γινόμενον,
635 1104 686 1157 οἳ
715 1103 796 1174 τῷ
844 1104 962 1174 Θεῷ
1007 1105 1229 1167 ἑαυτοὺς
1267 1104 1556 1166 ἀναθέντες
1577 1143 1592 1167 ,
1624 1106 1720 1155 καὶ
1757 1103 1870 1164 τοῖς

290 1196 660 1268 θεραπεύουσι
688 1197 778 1249 διὰ
805 1197 905 1266 τῆς
945 1195 1246 1267 ἱερωσύνης
1273 1195 1334 1248 τὸ
1372 1194 1546 1256 Θεῖον,
1597 1192 1870 1245 πείθονται

289 1287 382 1341 καὶ
427 1286 754 1346 ὑπείκουσι,
805 1285 988 1348 καθώς
1027 1303 1190 1357 φησιν
1234 1289 1261 1340 ό
1317 1284 1661 1346 Ἀπόστολος.
1724 1281 1871 1344 Ὁδὸς

293 1375 434 1448 μετὰ
459 1376 622 1429 τοῦτο
662 1375 758 1446 τὴν
785 1376 1056 1430 θάλασσαν
1097 1375 1262 1446 τριῶν
1301 1374 1522 1445 ἡμερῶν
1546 1372 1868 1442 διαδέχεται,

288 1472 350 1524 ὲν
437 1469 585 1521 κατά
605 1486 729 1521 τινα
749 1468 914 1521 τόπον
933 1466 1472 1539 στρατοπεδεύσασιν,
1502 1465 1698 1518 ἄποτον
1721 1461 1873 1532 παρὰ

291 1562 389 1631 τὴν
430 1560 666 1631 πρώτην
708 1559 770 1612 τὸ
807 1559 1027 1629 εὑρεθὲν
1066 1556 1210 1628 ὕδωρ
1243 1557 1348 1609 ὑπὸ
1391 1556 1616 1626 πικρίας
1657 1553 1829 1623 ἐφάνη
1854 1569 1869 1583 ο

294 1652 430 1706 ἀλλὰ
465 1651 529 1704 τὸ
561 1650 717 1715 ξύλον
751 1649 984 1713 ὲντεθὲν,
1020 1648 1287 1719 προσηνὲς
1318 1649 1430 1710 τοῖς
1460 1643 1654 1714 διψῶσι
1677 1643 1738 1696 τὸ
1777 1661 1872 1696 πο-

1770 469 1863 521 καὶ
1964 467 2098 522 Nam
2131 467 2221 537 qui
2256 481 2403 521 mare
2433 466 2507 528 id,
2539 463 2684 535 quod
2707 463 3093 522 intelleximus,
3119 459 3231 529 jam
3259 466 3536 529 pertrans-

1963 559 2081 623 ivit,
2119 565 2174 612 et
2206 557 2514 627 Egyptium
2553 555 2688 609 vidit
2744 555 2797 608 in
2827 554 2983 622 aquis
3028 551 3358 606 exsﬁnctum
3380 591 3394 611 ,
3429 565 3541 604 non

1967 651 2142 704 Solum
2169 651 2235 703 ad
2264 649 2486 718 Moysen
2517 646 2737 701 virtutis
2762 646 2970 714 virgam
3001 649 3276 712 gerentem
3295 642 3550 709 respicit,

1971 740 2066 794 sed
2127 739 2499 808 principaliter
2539 735 2756 806 quidem
2795 734 2906 789 Deo
2953 733 3148 796 credit,
3203 739 3262 786 ut
3310 733 3539 787 historia

1967 831 2178 886 tradit:
2230 829 2566 900 obtemperat
2597 829 2760 883 etiam
2811 826 2981 898 Moysi
3015 841 3175 881 servo
3214 825 3363 892 ejus:
3395 823 3540 895 quod

1970 937 2116 976 nunc
2147 937 2363 992 quoque
2402 922 2470 976 ab
2497 921 2582 976 his
2615 920 2693 986 ﬁt,
2726 920 2817 990 qui
2858 935 2951 988 per
2980 933 3175 988 aquam
3205 932 3332 972 vere
3365 925 3536 970 trans-

1969 1012 2169 1075 ierunt,
2203 1014 2293 1082 qui
2319 1015 2532 1083 seipsos
2571 1012 2681 1067 Deo
2720 1012 3065 1074 dediderunt,
3093 1007 3546 1065 etsaccrdotibus

1971 1103 2086 1157 suis
2115 1103 2512 1172 obtemperant.
2551 1102 2655 1158 lter
2689 1113 2813 1174 post
2844 1103 2957 1156 haec
3001 1100 3170 1155 Judaei
3201 1100 3375 1156 tribus
3417 1114 3541 1170 per-

1969 1201 2199 1263 egerunt
2231 1193 2460 1259 diebns;
2503 1202 2684 1249 castra
2732 1192 3030 1262 metatique
3067 1190 3125 1246 in
3154 1189 3390 1261 quodam
3427 1191 3548 1244 loco

1971 1282 2212 1345 fuerunt,
2247 1283 2336 1337 ubi
2376 1299 2573 1353 aquam
2609 1291 2932 1354 repererunt
2969 1281 3332 1337 amaritudine
3378 1281 3546 1335 nimia

1972 1390 2315 1444 nequaquam
2373 1375 2663 1444 potabilem
2703 1393 2716 1429 :
2776 1375 2871 1429 sed
2930 1373 3133 1444 lignum
3179 1389 3209 1428 a
3257 1373 3442 1444 Moyse
3490 1372 3546 1426 in

1974 1481 2168 1534 aquam
2230 1465 2535 1520 immissum
2602 1467 2657 1520 in
2721 1465 3063 1520 dulcedinem
3127 1465 3546 1520 amaritudinem

1973 1557 2094 1625 ejus
2128 1559 2416 1611 convertit.
2453 1555 2592 1612 Huic
2616 1556 2858 1611 historia:
2886 1573 2973 1612 res
3009 1557 3148 1627 ipsa,
3180 1573 3341 1628 quam
3378 1555 3549 1627 spiri-

1979 1649 2218 1704 tualibus
2247 1648 2498 1704 accidere
2516 1646 2720 1703 Iudaeis
2741 1648 3012 1711 videmus,
3041 1647 3248 1718 optime
3269 1648 3546 1718 congruit.

294 1742 384 1794 τὸν
418 1740 817 1808 ἀπειργάσατο.
862 1718 1156 1809 Συμὸαίνει
1186 1718 1296 1799 τοῖς
1325 1734 1633 1805 γινομένοις
1660 1735 1695 1803 ἡ
1730 1735 1874 1785 ίστο-

1980 1738 2107 1793 Nam
2143 1739 2233 1809 qui
2259 1738 2632 1808 voluptatibus
2663 1738 2716 1792 in
2741 1738 3014 1808 baptismo
3041 1737 3392 1804 renuntiavit,
3427 1738 3552 1808 qui-

299 1830 422 1899 ρίαο
472 1829 552 1899 τῷ
587 1830 697 1899 γὰρ
734 1827 1145 1884 καταλελοιπότι
1178 1825 1278 1889 τὰς
1309 1823 1612 1894 Αἰγυπτίας
1646 1822 1837 1894 ἡδονὰς
1859 1863 1874 1888 ,

296 1915 386 1983 αἷς
409 1919 658 1973 ἐδούλευε
693 1919 823 1989 πρὶν
852 1917 1102 1988 διαϐῆναι
1127 1917 1228 1987 τὴν
1253 1916 1548 1979 θάλασσαν,
1577 1913 1879 1984 δύσληπτος

299 2012 391 2064 καὶ
423 2011 598 2082 ἀηδὴς
627 2013 656 2064 ό
691 2009 803 2080 βίος
834 2012 862 2063 ὁ
898 2010 1006 2062 τῶν
1043 2008 1244 2080 ἡδονῶν
1289 2007 1691 2079 κεχωρισμένος
1730 2006 1880 2076 παρὰ

299 2102 396 2170 τὴν
436 2101 667 2171 πρώτην
697 2099 865 2154 δοκεῖ.
914 2099 1052 2153 Ἀλλ’
1084 2101 1132 2152 εί
1165 2100 1227 2152 τὸ
1274 2099 1426 2164 ξύλον
1465 2099 1760 2170 ἐμϐληθείη
1802 2099 1880 2168 τῷ

303 2191 478 2253 ὕδατι,
512 2191 814 2255 τουτέστιν,
853 2189 980 2244 είτδ
1005 2191 1104 2259 τῆς
1134 2190 1484 2255 ἁναστάσεὼς
1519 2208 1607 2255 τις
1639 2190 1884 2262 παραλά-

303 2283 385 2335 ϐοι
418 2283 738 2353 μυστήριον,
771 2282 800 2335 ὅ
825 2281 911 2336 διὰ
935 2282 1028 2335 τοῦ
1061 2281 1216 2346 ξύλου
1249 2282 1346 2353 τὴν
1385 2283 1558 2354 ἀρχὴν
1587 2283 1712 2356 ἔσχε
1748 2285 1766 2353 (
1792 2283 1883 2348 ξύ-

302 2369 388 2422 λον
414 2371 475 2423 δὲ
505 2370 748 2432 ἀκούσας
774 2410 789 2435 ,
820 2371 911 2423 τὸν
949 2369 1182 2443 σταυρὸν
1215 2371 1429 2435 πάντως
1458 2372 1741 2442 ἐνόησας),
1763 2373 1882 2426 τότε

301 2462 506 2524 παντὸς
542 2460 964 2531 γλυκύσματος,
996 2459 1088 2513 τοῦ
1133 2461 1231 2529 τὴν
1279 2460 1532 2532 αἴσθησιν
1577 2462 1646 2515 δι’
1690 2462 1884 2534 ἡδονῆς

301 2553 763 2626 γαργαλίζοντος,
817 2551 1149 2623 γλυκύτερός
1185 2569 1245 2605 τε
1290 2553 1385 2605 καὶ⁸
1440 2554 1813 2624 ποτιμώτερος
1855 2557 1884 2608 ό

304 2647 425 2700 κατ’
473 2645 676 2716 ἀρετὴν
707 2645 918 2712 γίνεται
949 2643 1060 2713 βίος
1081 2683 1095 2707 ,
1127 2646 1191 2714 τῇ
1214 2643 1398 2697 ἐλπίδι
1430 2645 1539 2698 τῶν
1585 2644 1884 2714 μελλόντων

302 2737 723 2808 ὲφηδυνόμενος.
769 2735 835 2789 Ἡ
873 2735 930 2789 δὲ
960 2734 1160 2805 ἐφεξῆς
1205 2735 1306 2804 τῆς
1363 2722 1671 2806 ὁδοιπορίας
1719 2753 1886 2790 κατα-

302 2827 483 2899 mi},
533 2825 732 2896 φοίνιξι
778 2826 873 2879 καὶ
916 2826 1121 2897 πηγαῖς
1150 2823 1490 2894 ἁϐρυνομένη
1513 2863 1529 2886 ,
1568 2823 1886 2877 διαναπαύει

301 2919 412 2973 τῶν
443 2916 868 2987 ὁδοιπορούντων
926 2915 1018 2969 τδν
1063 2914 1250 2968 κόπον.
1299 2914 1418 2967 Εἰσὶ
1462 2913 1520 2966 δὲ
1565 2913 1886 2967 δυοκαίδεκα

303 3009 409 3079 μὲν
440 3009 552 3062 τῶν
598 3008 807 3062 ὑδάτων
840 3009 896 3060 αἱ
927 3009 1131 3079 πηγαὶ,
1169 3005 1409 3076 καθαροῦ
1439 3023 1499 3058 τε
1549 3005 1642 3059 καὶ
1670 3006 1884 3077 ἡδίστου

1978 1831 2079 1886 bus
2108 1832 2161 1885 in
2194 1830 2377 1900 priore
2404 1830 2511 1884 vita
2541 1829 2830 1892 serviebat,
2856 1844 3102 1883 amarum
3131 1837 3293 1899 atque
3317 1829 3548 1884 arduum

1977 1920 2183 1977 Christi
2219 1923 2407 1991 jugum
2438 1922 2486 1976 ei
2515 1921 2693 1991 primo
2727 1920 2963 1985 videtur,
3006 1919 3102 1976 sed
3128 1921 3333 1991 lignum
3372 1919 3549 1990 quod-

1977 2013 2101 2066 dam
2145 2013 2474 2077 immissum,
2529 2012 2582 2067 id
2615 2019 2700 2068 est
2741 2011 3160 2068 resurrectionis
3209 2012 3552 2082 mysterium,

1979 2105 2122 2174 quod
2155 2119 2252 2174 per
2277 2105 2484 2176 lignum
2524 2103 2839 2158 inchoatum
2867 2111 2972 2166 est,
3026 2118 3122 2173 per
3149 2118 3370 2158 crucem
3404 2103 3554 2158 vide-

1983 2194 2104 2248 licet
2131 2192 2356 2258 Christi,
2390 2191 2481 2262 qui
2512 2191 2565 2246 in
2593 2205 2758 2247 cruce
2781 2198 3028 2247 mortuus
3057 2199 3162 2257 est,
3200 2191 3275 2254 id,
3306 2192 3551 2262 inquam,

1981 2282 2404 2338 resurrectionis
2463 2283 2782 2353 mysterium
2847 2290 2964 2337 toto
3028 2281 3193 2338 corde
3250 2283 3550 2339 admissum

1982 2381 2146 2443 atque
2183 2371 2470 2436 creditum,
2506 2370 2815 2425 suaviorem
2867 2369 3044 2424 reddit
3083 2371 3270 2432 vitam,
3318 2385 3441 2440 qua:
3468 2387 3557 2426 εε-

1982 2463 2223 2519 cundum
2250 2443 2529 2518 Christum
2559 2469 2664 2525 est,
2688 2460 2946 2517 omnibus
2971 2477 3093 2530 qua:
3121 2461 3408 2518 dulcedine
3433 2478 3556 2517 sen-

1983 2567 2102 2607 sum
2135 2550 2491 2621 perl'undunt,
2527 2565 2623 2619 spe
2655 2549 2964 2602 futurorum
2992 2549 3393 2618 iucundissime
3423 2565 3555 2605 con-

1983 2643 2175 2697 ditam.
2211 2641 2443 2696 Deduxit
2472 2655 2566 2695 eos
2596 2650 2784 2709 postea
2816 2639 2947 2694 illud
2979 2641 3082 2695 iter
3120 2639 3186 2694 ad
3214 2641 3330 2694 loca
3361 2642 3555 2710 palmis

1985 2731 2195 2787 consita
2239 2741 2292 2787 et
2322 2731 2563 2787 fontibus
2597 2744 2836 2796 amoena,
2893 2731 3094 2800 quibus
3139 2731 3191 2783 in
3241 2730 3376 2786 locis
3425 2731 3554 2788 fessi

1986 2824 2392 2894 requieverunt.
2417 2822 2586 2877 Erant
2611 2829 2790 2877 autem
2812 2822 3097 2876 duodecim
3129 2822 3348 2893 quidem
3383 2822 3558 2879 fontes

1988 2931 2141 2985 aquae
2185 2915 2424 2985 limpida:
2481 2922 2645 2984 atque
2690 2912 2888 2970 dulcis.
2923 2912 3122 2968 Palma?
3157 2929 3284 2968 vero
3340 2922 3558 2984 septua-

1987 3007 2156 3077 ginta,
2206 3005 2582 3077 magnitudine
2612 3006 2908 3070 mirabiles,
2941 3006 3122 3074 specie
3155 3005 3556 3076 pulcherrimae,

302 3101 549 3170 νάματος
572 3115 585 3126 ο
609 3099 975 3169 ἑϐδομήκοντα
1006 3099 1062 3151 δὲ
1087 3098 1137 3150 οἱ
1167 3097 1425 3166 φοίνικες,
1459 3096 1774 3166 εὐμεγέθεις
1792 3098 1879 3150 καὶ

1988 3096 2168 3152 fructu
2197 3096 2479 3166 perutiles.
2521 3095 2659 3162 Quid
2698 3096 2865 3167 igitur
2893 3095 2995 3150 hoc
3028 3096 3266 3151 historiae
3291 3096 3559 3152 discimus

303 3192 567 3261 ὑψίκομοι
590 3231 608 3255 ,
634 3189 730 3242 τοῦ
758 3190 951 3260 χρόνου
977 3190 1045 3243 τὰ
1069 3189 1261 3260 δένδρα
1291 3187 1427 3256 πρὸς
1463 3186 1597 3256 ’ὕψος
1627 3187 1878 3258 ἄραντος,

304 3284 377 3337 τί
401 3279 498 3336 οὖν
525 3285 582 3336 ὲν
611 3281 822 3344 τούτοις
853 3281 1202 3350 εὑρίσκομεν,
1236 3279 1303 3332 δι’
1332 3277 1627 3332 ἀκολούθου
1664 3278 1882 3349 προϊού-

303 3390 412 3441 σης
440 3373 542 3442 τῆς
573 3369 812 3442 ἱστορίας
837 3387 851 3434 ;
880 3370 960 3422 ὅτι
985 3369 1046 3422 τὸ
1076 3367 1169 3421 τοῦ
1203 3367 1358 3432 ξύλου
1389 3367 1708 3437 μυστήριον,
1737 3366 1802 3419 δι’
1822 3360 1883 3420 οὗ

303 3463 541 3532 πότιμον
575 3462 674 3533 τῆς
720 3461 920 3531 ἀρετῆς
952 3460 1014 3512 τὸ
1060 3459 1204 3531 ὓδωρ
1253 3461 1364 3522 τοῖς
1411 3457 1604 3527 διψῶσι
1655 3457 1882 3526 γίνεται,

302 3549 580 3619 προσάγει
621 3549 769 3617 ἡμᾶς
820 3550 938 3610 ταῖς
963 3546 1294 3614 ⁴δυοκαίδεκα
1347 3547 1574 3616 πηγαῖς,
1622 3546 1716 3598 καὶ
1769 3549 1882 3611 τοῖς

301 3637 685 3706 ἑϐδομήκοντα
727 3636 942 3705 φοίνιξι,
985 3635 1265 3700 τουτέστι,
1305 3637 1371 3705 τῇ
1414 3633 1511 3688 τοῦ
1550 3634 1885 3703 Εύαγγελίου

298 3727 660 3798 διδασκαλίᾳ,
692 3729 750 3778 ἐν
841 3725 1017 3797 πηγαί⁸
1049 3725 1147 3795 μέν
1185 3727 1291 3778 είσι
1321 3725 1641 3778 δυοκαίδεκα
1679 3726 1728 3778 οἱ
1753 3725 1888 3778 ἀπό-

302 3815 489 3868 στολοι
509 3854 524 3876 ,
558 3816 846 3878 τοσούτους
875 3812 970 3867 τοῦ
1006 3815 1209 3884 Κυρίου
1242 3814 1377 3885 πρὸς
1405 3815 1504 3886 τὴν
1529 3815 1722 3885 χρείαν
1758 3815 1890 3868 ταύ-

295 3923 415 3974 την
439 3907 826 3976 ὲκλεξαμένου,
875 3906 969 3958 καὶ
1000 3904 1269 3975 πηγάζειν
1311 3905 1376 3958 δι’
1403 3906 1584 3959 αὐτῶν
1622 3906 1713 3960 τὸν
1735 3906 1890 3975 λόγον

303 4000 643 4070 attigeram;
662 4015 676 4028 ·
705 3998 782 4061 ῶς
815 3997 909 4052 καί
937 4014 1059 4051 τινα
1101 3997 1210 4050 τῶν
1248 3997 1543 4069 προφητῶν
1575 4015 1892 4068 προαναφω-

296 4090 474 4162 νῆσαι
503 4091 605 4160 τὴν
636 4092 702 4143 ἐκ
737 4087 846 4142 τῶν
874 4088 1189 4142 ἀποστόλων
1215 4087 1485 4160 βρύουσαν
1509 4089 1691 4159 χάριν,
1722 4090 1780 4141 ὲν
1811 4081 1892 4150 οἷς

296 4198 500 4254 ςησιν,
519 4197 537 4228 ι
555 4181 642 4232 ἐν
676 4178 994 4248 ἐκκλησίαις
1017 4179 1286 4248 εὐλογεῖτε
1317 4179 1408 4232 τὸν
1445 4177 1578 4232 Θεὸν
1600 4179 1801 4250 Κύριον
1831 4181 1895 4232 ὲκ

299 4272 511 4342 πηγῶν
552 4270 784 4342 Ἰσραήλ.
800 4287 820 4322 ι
839 4269 1232 4342 Ἑὸδομήκοντα
1253 4270 1282 4324 δ
1301 4267 1393 4322 ’ἂν
1405 4263 1515 4324 εἷεν
1549 4271 1812 4339 φοίνικες,
1844 4273 1892 4324 oi

295 4363 451 4417 κατὰ
487 4363 670 4414 πᾶσαν
685 4360 784 4429 τὴν
803 4359 1122 4431 οἰκουμένην
1148 4359 1251 4426 ἔξω
1273 4359 1383 4412 τῶν
1407 4359 1613 4414 δώδεκα
1637 4360 1894 4432 μαθητῶν

299 4452 881 4523 ἐπιχειροτονηθέντες
909 4450 1230 4516 ἀπόστολοι,
1265 4449 1504 4504 τοσοῦτοι
1542 4451 1632 4504 τὸν
1665 4453 1896 4523 ἀριθμὸν

290 4545 487 4604 ὅντες,
525 4544 682 4603 ὅσους
718 4537 860 4594 εἷναί
899 4557 1062 4609 φησιν
1089 4541 1120 4610 ἡ
1150 4540 1357 4611 ἱστορία
1385 4540 1511 4603 τοὺς
1542 4543 1810 4609 φοίνικας.

395 4633 540 4686 Ἀλλ’
569 4633 924 4686 ἐπισπεύδειν
953 4628 1106 4702 οἶμαι
1140 4633 1438 4702 προσήκειν
1461 4632 1561 4703 τὴν
1585 4633 1893 4705 ὁδοιπορίαν

1983 3188 2217 3244 ordine?
2254 3187 2399 3258 quod
2425 3188 2637 3243 scilicet
2670 3189 2852 3242 crucis
2889 3188 3234 3258 mysterium,
3271 3203 3380 3259 quo
3409 3196 3562 3259 pota-

1983 3280 2108 3334 bilis
2138 3280 2358 3335 virtutis
2391 3295 2531 3350 aqua
2565 3279 2879 3335 sitientibus
2917 3279 2994 3344 lit,
3023 3279 3088 3333 ad
3121 3280 3411 3336 duodecim
3442 3280 3562 3334 ion-

1985 3377 2067 3426 tes
2099 3385 2162 3425 ac
2193 3370 2538 3440 septuaginta
2563 3371 2796 3440 palmas,
2829 3369 2931 3424 hoc
2952 3377 3058 3434 est,
3091 3371 3157 3424 ad
3181 3369 3560 3442 Evangelicam

1986 3476 2086 3514 nos
2115 3459 2336 3516 adducit
2371 3460 2696 3526 doctrinam,
2737 3460 2793 3514 in
2829 3474 2936 3529 qua
2960 3458 3141 3516 fontes
3175 3461 3394 3531 quidem
3422 3461 3562 3517 duo-

1987 3552 2157 3606 decim
2180 3562 2310 3606 sunt
2339 3551 2442 3621 ipsi
2475 3551 2710 3620 apostoli
2740 3565 2756 3602 :
2791 3549 3077 3605 duodecim
3103 3551 3246 3605 enim
3276 3552 3342 3606 ad
3373 3553 3563 3622 praedi-

1987 3643 2223 3697 candum
2284 3642 2636 3712 Evangelium
2696 3639 2965 3696 Dominus
3015 3641 3214 3713 elegit,
3276 3658 3370 3712 per
3421 3659 3562 3714 quos

1989 3732 2262 3803 Evangelii
2302 3733 2543 3787 sonitum
2578 3747 2837 3787 emanare
2887 3729 3077 3786 voluit.
3118 3726 3366 3799 Namque
3432 3748 3564 3801 apo-

1991 3820 2145 3877 Stolis
2175 3835 2492 3875 concessam
2523 3819 2790 3876 divinitus
2816 3820 3046 3892 gloriam
3074 3817 3364 3875 Psalmista
3393 3821 3565 3874 multo

1991 3920 2118 3967 ante
2144 3911 2364 3977 cecinit,
2414 3909 2508 3966 ubi
2534 3910 2669 3966 dicit
2704 3912 2759 3966 in
2794 3911 3179 3966 cantionibus:
3216 3909 3566 3966 «Benedicile

1995 4001 2281 4057 Dominum
2312 4001 2482 4058 Deum
2511 4017 2578 4058 ex
2608 4001 2850 4059 fontibus
2880 4001 3047 4058 Israel
3069 4003 3165 4056 ".i
3213 4000 3565 4074 Septuaginta

1993 4109 2124 4149 vero
2153 4096 2342 4165 palma:
2379 4103 2501 4166 post
2526 4095 2814 4150 duodecim
2845 4095 3142 4164 diScipulos
3167 4095 3402 4150 ordinati
3434 4111 3566 4166 apo-

1996 4188 2120 4242 stoli
2171 4197 2335 4252 sunt,
2392 4187 2484 4257 qui
2549 4187 2603 4240 in
2662 4189 2975 4241 universum
3041 4194 3309 4240 terrarum
3379 4187 3564 4241 orbem

1996 4277 2211 4342 emissi,
2278 4286 2357 4331 tot
2408 4291 2634 4331 numero
2682 4275 2904 4329 fuerunt
2952 4286 3084 4348 quot
3135 4276 3341 4346 palmas
3400 4276 3569 4332 fuisse

2002 4377 2189 4423 narrat
2229 4368 2476 4422 historia.

2076 4640 2274 4696 Verum
2321 4641 2579 4710 quoniam
2613 4651 2732 4706 qua:
2780 4635 3039 4704 deinceps
3076 4640 3372 4689 narrantur
3417 4650 3573 4690 man-

284 4728 394 4781 ea
436 4727 536 4780 τοῦ
575 4727 736 4795 λόγου
761 4766 776 4789 ,
817 4727 884 4779 δι’
913 4726 1128 4794 ὀλίγων,
1169 4719 1243 4779 ὧν
1292 4725 1661 4796 παρεθέμεθα,
1707 4726 1879 4797 ρᾳδίαπ

2000 4734 2208 4796 siones,
2241 4748 2336 4804 per
2358 4748 2419 4786 ea
2455 4747 2577 4801 quae
2614 4731 2854 4786 diximus
2881 4730 3066 4784 faciles
3097 4736 3226 4785 sunt
3260 4729 3570 4785 intellectu:

279 4821 420 4881 τοῖς
457 4817 912 4888 φιλοπονωτέροις
937 4818 1036 4888 τὴν
1057 4817 1290 4887 θεωρίαν
1317 4819 1638 4886 ποιήσαντες
1661 4817 1768 4870 τῶν
1793 4816 1879 4870 λοι

2008 4825 2239 4880 virtutes
2269 4826 2414 4879 enim
2449 4823 2580 4876 mihi
2625 4821 2933 4892 signiﬁcare
2959 4821 3236 4886 videntur,
3272 4819 3326 4873 in
3372 4822 3574 4889 quibus

281 4911 428 4962 τῶν
461 4908 846 4979 παρεμϐολῶν.
895 4908 1112 4979 Ἀρεταὶ
1129 4908 1174 4960 δ’
1204 4907 1270 4960 ἂν
1303 4902 1411 4961 εἶεν
1438 4908 1494 4960 αί
1530 4907 1870 4978 παρεμϐολαί

2004 4913 2096 4983 qui
2134 4913 2330 4968 nubem
2375 4911 2646 4982 sequitur,
2672 4919 2854 4965 castra
2882 4918 3118 4964 metatur
3146 4918 3199 4964 et
3244 4910 3571 4980 requiescit:

279 4997 388 5062 αἷς
415 5003 451 5054 ὁ
467 4998 550 5069 τῷ
571 4998 749 5067 στύλῳ
768 4998 863 5068 τῆς
884 4997 1107 5066 νεφέλης
1127 4997 1410 5068 ἑπόμενος,
1433 4995 1670 5066 καθεξῆς
1701 4996 1879 5066 προῖὼ·

2003 5018 2098 5058 eas
2129 5002 2408 5057 brevitatis
2440 5016 2606 5056 causa
2657 5007 2850 5070 sponte
2890 5007 3288 5070 transgressu,
3321 5000 3571 5053 miraculi

277 5087 800 5161 ἑνττρατοπεδεύει
847 5088 944 5140 καὶ
994 5087 1353 5143 ἀναπαύεται.
1418 5089 1532 5152 Τὰς
1582 5083 1676 5140 οὖν
1724 5090 1782 5141 ὲν
1825 5089 1879 5159 τᾷ

2004 5109 2115 5148 non
2161 5093 2456 5148 obliviscar
2500 5093 2680 5155 illius,
2734 5107 2844 5161 quo
2892 5090 3026 5144 dura
3066 5099 3120 5144 et
3156 5091 3330 5144 solida
3378 5090 3575 5159 lapidis

282 5185 465 5253 μέσῳ
507 5181 837 5250 καταγωγὰς
880 5180 1126 5251 ὑπερϐὰς
1168 5181 1244 5253 τῷ
1277 5182 1437 5260 λόγῳ,
1485 5182 1588 5256 τῆς
1627 5180 1768 5235 κατὰ
1799 5181 1879 5253 τὴε

2003 5195 2199 5240 natura
2262 5186 2318 5240 in
2391 5198 2655 5253 aquarum
2726 5197 2992 5236 conversa
3051 5181 3354 5244 mollitiem,
3415 5188 3574 5250 potus

279 5278 524 5345 πέτραν
553 5273 986 5342 θαυματοποιῖας
1030 5275 1532 5361 ἐπιμνησθήσομαι,
1576 5271 1647 5350 ἧς
1676 5275 1711 5345 ή
1739 5273 1879 5342 φύσις

2006 5276 2318 5331 sitientibus
2348 5274 2488 5328 facta
2519 5282 2623 5329 est.
2652 5273 2913 5339 Quamvis
2936 5289 3044 5327 non
3085 5274 3156 5328 sit
3186 5271 3402 5326 diliicile
3441 5285 3574 5322 ana-

283 5369 320 5435 ἡ
353 5365 674 5433 ἁντιτυπὴς
703 5365 795 5416 καὶ
820 5364 1153 5435 στερέμνιος,
1182 5373 1334 5438 ποτὸν
1361 5385 1476 5452 τοῖς
1505 5369 1742 5448 διψῶσιν
1775 5368 1879 5436 ἐιγέ¹

2005 5367 2208 5439 gogicze
2239 5366 2599 5438 speculationi
2628 5366 2825 5420 seriem
2858 5365 3101 5419 historia:
3130 5364 3385 5435 adaptare
3409 5367 3574 5428 atque

285 5475 446 5520 κτο,
495 5458 574 5518 εἰς
603 5454 794 5518 ὓδατος
837 5454 1176 5526 μαλακότητα
1199 5460 1291 5540 τῆς
1330 5451 1671 5550 ﬁrmant?“
1702 5459 1879 5516 ἀναλυ·

2006 5467 2349 5517 connectere.
2384 5456 2516 5512 Nam
2553 5458 2648 5528 qui
2681 5455 2995 5528 )Egyptium
3027 5457 3080 5510 in
3111 5455 3267 5525 aquis
3297 5458 3572 5508 mortuum

365 5636 412 5666 ’τ
455 5631 611 5686 Psal.
649 5646 819 5696 uvn,
847 5628 921 5682 27
