4054 6436
525 307 629 363 36'!

1789 295 1845 348 S.
1888 292 2216 348 (lREGORII
2256 289 2342 344 ΝΥ
2357 287 2551 343 SSENI

3679 284 3780 339 568

523 415 834 484 dereliquit,
885 422 937 467 et
980 426 1166 465 amara
1222 410 1368 480 ligno
1395 407 1574 461 crucis
1603 405 1784 460 dulcia
1838 407 1941 461 sibi
1975 420 2096 459 con-

2210 403 2413 472 θείσης.
2483 398 2620 452 Ἀλλ’
2672 397 2846 460 οὐδεὶς
2884 396 3041 459 πόνος
3100 397 3481 468 προσαρμόσαι
3528 401 3592 468 τῇ
3640 398 3780 452 κατὰ

529 509 676 571 fecit,
703 515 758 560 et
787 503 1132 559 abundanter
1161 517 1227 555 ex
1263 500 1506 555 fontibus
1548 498 1864 568 apostolicis
1898 512 1960 552 ac
2000 498 2102 551 sub

526 599 720 654 umbra
746 597 1047 665 palmarum
1073 591 1360 662 requievit,
1393 591 1438 644 is
1460 590 1571 660 jam
1601 589 1665 643 ad
1695 586 2100 657 suscipiendum

531 690 696 744 Deum
724 691 778 742 tit
811 687 1059 741 idoneus.
1083 684 1245 753 Lapis
1268 683 1438 745 enim,
1474 691 1530 734 ut
1554 681 1820 750 Apostolo
1837 681 2014 748 placet
2035 677 2101 741 ³⁸,

526 779 780 834 Christus
807 785 910 839 est,
969 776 1151 830 siccus
1191 784 1244 828 et
1292 775 1463 827 durus
1502 774 1728 827 nimium
1772 770 2100 828 inﬁdelibus,

527 871 615 923 cui
642 850 690 924 si
728 872 819 938 qui
854 869 1058 938 virgam
1091 865 1211 920 ﬁdei
1254 866 1548 926 adducant,
1579 872 1739 934 potus
1781 864 1835 916 tit
1865 862 2102 917 sitienti-

527 963 630 1017 bus
663 961 804 1013 intro
829 960 882 1012 in
913 959 1060 1028 ipsos
1091 956 1266 1010 [luens
1295 963 1456 1025 atque
1488 971 1737 1008 manans.
1777 975 1791 1003 ι
1819 955 1927 1022 Ego
1958 954 2100 1006 enim

527 1063 580 1107 et
605 1052 764 1106 Pater
797 1067 1009 1113 meus,»
1051 1049 1249 1118 inquit,
1290 1048 1634 1110 «veniemus,
1678 1055 1729 1099 et
1770 1045 2100 1098 mansionem

528 1145 583 1198 in
632 1145 750 1213 ipso
803 1141 1069 1196 faciemus
1094 1141 1194 1192 ".i
1246 1139 1384 1192 Illud
1412 1154 1538 1192 vero
1583 1134 2100 1207 praetermittendum

526 1233 675 1288 nullo
701 1242 856 1303 pacto
876 1240 980 1296 est,
1010 1231 1155 1300 quod
1190 1241 1540 1299 posteaquam
1573 1244 1718 1282 mare
1742 1227 2099 1287 transierunt,

527 1334 878 1394 posteaquam
939 1321 1245 1374 amaritudo
1300 1336 1564 1390 aquarum
1637 1319 1840 1374 sitienti
1905 1319 2103 1371 virtute

527 1415 654 1482 ligni
703 1415 754 1467 in
803 1412 1145 1466 dulcedinem
1193 1427 1456 1465 conversa
1487 1419 1589 1472 est,
1628 1417 1980 1478 posteaquam
2011 1407 2106 1461 de-

526 1506 712 1560 liciose
749 1501 888 1573 apud
927 1502 1102 1556 fontes
1133 1512 1185 1556 et
1219 1502 1430 1570 palmas
1460 1500 1698 1560 fuerunt,
1744 1509 1928 1568 postea
1959 1497 2104 1552 deni-

523 1612 627 1664 que
661 1609 824 1664 quam
859 1610 922 1648 ex
959 1593 1136 1663 lapide
1163 1594 1440 1651 biberunt,
1476 1603 1605 1644 tunc
1632 1607 1751 1661 qua:
1773 1592 1840 1645 ab
1870 1590 2102 1660 [Egypto

522 1685 717 1737 viatica
753 1691 806 1737 et
839 1684 992 1737 cibos
1021 1682 1126 1737 sibi
1172 1691 1588 1750 assunipscrunt
1637 1681 1853 1749 penitus
1886 1695 1981 1734 eos
2009 1681 2100 1733 de-

523 1774 785 1838 fecerunt,
844 1783 972 1827 tunc
1004 1774 1148 1826 omni
1200 1774 1533 1826 nutrimento
1579 1771 1724 1840 quod
1763 1772 1830 1823 ab
1865 1769 2102 1840 [Egypto

522 1866 771 1920 ferebant
799 1865 1108 1934 absumpto,
1140 1863 1375 1933 desuper
1401 1864 1502 1916 sibi
1531 1862 1717 1916 deﬂuit
1743 1861 1896 1914 cibus
1920 1862 2102 1915 varius

520 1958 680 2011 simul
711 1967 764 2011 et
801 1957 1048 2024 simplex.
1092 1953 1330 2022 Simplex
1368 1956 1483 2008 visn
1514 1964 1675 2021 atque
1720 1953 1934 2012 unicus,
1968 1969 2103 2020 qua-

521 2049 671 2102 litate
710 2048 914 2109 varius,
953 2048 1017 2098 ad
1051 2047 1388 2114 singulorum
1424 2045 1750 2112 cupiditates
1773 2060 1830 2099 se
1863 2054 2098 2098 vertens.

521 2137 662 2202 Quid
705 2138 869 2204 igitur
899 2137 1022 2189 hinc
1058 2136 1354 2189 discimus?
1388 2136 1530 2204 quod
1564 2151 1612 2202 ολ
1637 2147 1810 2190 orteat
1854 2137 2102 2190 vidt'licet

521 2230 644 2292 ﬁde,
679 2230 1029 2298 baptismate,
1072 2229 1279 2289 labore,
1313 2229 1458 2280 omni
1491 2229 1710 2289 virtute,
1744 2230 1890 2282 omni
1928 2228 2104 2282 Evan-

519 2321 689 2389 gelica
721 2318 989 2378 doctrina,
1026 2317 1258 2371 mundos
1299 2332 1574 2386 purosque
1615 2318 1829 2372 animos
1884 2328 2101 2372 nostros

521 2412 719 2472 facere,
745 2410 814 2462 ita
841 2417 899 2461 ut
917 2409 1139 2460 omnino
1159 2407 1446 2476 alienigeui
1475 2421 1673 2471 mores,
1709 2415 1761 2460 et
1783 2407 2098 2476 {Egyptiaca

519 2504 650 2563 vita,
697 2502 948 2555 vitiorum
984 2501 1193 2554 srilicet
1224 2501 1466 2552 omnium
1514 2501 1694 2562 tu‘rba,
1739 2515 1840 2553 nos
1865 2499 2098 2564 deﬁciat,

519 2605 568 2646 et
603 2592 821 2647 demum
858 2590 1124 2660 depurato
1161 2589 1533 2660 defaecatoquc
1580 2589 1784 2653 animo,
1819 2591 2098 2644 caelestem

518 2683 698 2736 cibum
740 2697 862 2735 esse
895 2680 1326 2748 suscipiendum,
1367 2695 1526 2748 quem
1566 2680 1714 2732 nulla
1763 2680 1920 2734 nobis
1960 2680 2102 2733 satio

519 2774 863 2843 agricultura:
900 2771 1111 2824 artibus
1137 2771 1413 2839 produxit.
1450 2770 1555 2824 Sed
1590 2772 1745 2840 panis
1774 2779 1858 2825 est
1893 2773 2101 2840 absque

519 2867 750 2930 semine,
774 2866 980 2934 absque
1011 2864 1275 2928 aratione,
1308 2865 1514 2932 absque
1539 2863 1646 2915 alio
1671 2863 1910 2916 humano
1936 2879 2100 2932 opere

520 2957 673 3011 nobis
733 2965 976 3026 paratus.
1031 2954 1078 3008 Is
1130 2957 1367 3022 desuper
1424 2953 1668 3008 deﬂuens
1699 2956 1752 3008 in
1803 2955 1966 3008 terris
2019 2956 2101 3008 in-

2205 491 2494 561 άναγωγὴν
2536 489 2736 561 θεωρίᾳ
2783 489 2876 559 τὴν
2911 490 3007 558 τῆς
3054 489 3295 560 ἱστορίας
3327 489 3664 544 ἀκολουθίαν.
3723 492 3778 543 Ὁ

2205 585 2314 656 γάρ
2355 587 2411 637 ὲν
2454 583 2532 653 τῷ
2566 583 2717 634 ὕδατι
2765 578 3078 634 καταλιπὼν
3115 580 3306 651 νεκρὸν
3334 581 3424 634 τὸν
3457 581 3778 648 Αίγύπτιον,

2206 678 2299 730 καὶ
2321 676 2397 746 τῷ
2429 675 2569 745 ξύλῳ
2598 673 2918 742 γλυκανθεὶς
2941 715 2953 734 ,
2993 673 3087 725 καὶ
3133 675 3252 734 ταῖς
3281 673 3666 736 ἀποστολικαῖς
3695 675 3781 726 ὲν-

2203 770 2482 839 τρυφήσας
2512 770 2733 836 πηγαῖς.
2762 765 2866 818 ὑπό
2890 783 2947 816 τε
2981 767 3045 834 τῇ
3077 765 3204 834 σκιᾷ
3229 764 3337 817 τῶν
3365 765 3621 832 φοινίκων
3658 766 3783 818 ἀνα·

2206 859 2570 929 παυσάμενος,
2597 853 2748 920 οὗτος
2779 858 2878 926 ἤδη
2897 855 3095 908 καὶτοῦ
3111 855 3252 908 Θεοῦ
3275 855 3519 918 δεκτικὸς
3551 855 3780 923 γίνεται.

2215 952 2278 1002 'H
2313 951 2420 1020 γὰρ
2443 949 2636 1019 πέτρα,
2663 947 2840 1010 καθώς
2877 965 3036 1015 φησιν
3058 949 3086 1000 6
3128 946 3466 1010 Ἀπόστολος,
3495 948 3523 998 6
3549 947 3785 1018 Χριστός

2206 1042 2351 1092 ἐστιν
2375 1080 2390 1103 ,
2429 1039 2656 1108 άνικμός
2697 1055 2778 1100 τις
2819 1038 2913 1090 καὶ
2944 1039 3239 1108 ἀντιτυπης
3268 1040 3378 1100 τοῖς
3421 1038 3700 1099 ἀπίστοις·
3733 1039 3784 1090 εί

2201 1124 2257 1184 δέ
2298 1149 2377 1194 τις
2415 1131 2680 1201 προσάγοι
2712 1131 2808 1199 τὴν
2835 1129 3029 1197 ῥάϐδον
3054 1129 3153 1199 τῆς
3189 1130 3442 1192 πίστεως.
3479 1129 3639 1192 ποτὸς
3667 1130 3784 1187 τοῖς

2203 1222 2396 1291 διψῶσι
2425 1222 2728 1291 γινόμενος,
2760 1223 2852 1274 καὶ
2889 1221 3036 1284 ἐντος
3069 1220 3176 1274 τῶν
3206 1214 3592 1290 εἰσδεχομένων
3618 1221 3784 1273 αὑτὸν

2210 1315 2488 1386 είσρέων.«
2511 1313 2651 1381 Ἐγὼ
2680 1314 2807 1384 γάρ,
2854 1314 3004 1382 φησὶ,
3039 1313 3131 1365 καὶ
3159 1315 3188 1366 6
3219 1313 3405 1384 Πατήρ
3437 1330 3537 1381 μου
3567 1313 3784 1365 ἐλευσό-

2207 1408 2345 1478 μεθα
2367 1449 2380 1472 ,
2416 1410 2508 1461 καὶ
2543 1407 2706 1477 μονὴν
2738 1409 2864 1479 παρ’
2899 1405 3049 1475 αὑτῷ
3100 1407 3453 1477 ποιησόμεθα.
3477 1405 3688 1471 »Ἄξιον
3721 1408 3783 1460 δὲ

2207 1500 2339 1568 μηδὲ
2381 1499 2537 1552 τοῦτο
2595 1499 2970 1568 παραδραμεῖν
3014 1495 3323 1567 ἀθεώρητον
3349 1537 3364 1562 ,
3407 1498 3488 1549 ὅτι
3534 1497 3669 1567 μετά
3719 1498 3783 1550 τὸ

2202 1591 2450 1661 διαϐῆναι
2495 1592 2592 1662 τὴν
2639 1591 2933 1652 Θάλασσαν,
2983 1591 3076 1643 καὶ
3118 1587 3484 1658 γλυκανθῆναι
3532 1592 3640 1652 τοῖς
3679 1590 3782 1658 τῆς

2207 1682 2406 1752 ἀρετῆς
2435 1682 2733 1753 ὁδοιπόροις
2756 1683 2817 1734 τὸ
2842 1681 3005 1749 ὕδωρ,
3029 1682 3121 1733 καὶ
3146 1681 3282 1750 μετά
3303 1681 3400 1750 τὴν
3425 1681 3600 1751 άόράν
3631 1681 3781 1733 ὲκεί-

2205 1793 2300 1843 νην
2331 1773 2604 1842 διαγωγὴν
2628 1813 2641 1832 ,
2680 1773 2777 1842 τὴν
2809 1772 2950 1825 κατὰ
2986 1773 3082 1835 τὰς
3115 1772 3294 1842 πηγὰς
3324 1773 3420 1824 καὶ
3450 1773 3575 1834 τοὺς
3604 1772 3782 1839 φοίνιαι

2207 1883 2327 1928 κας,
2363 1867 2456 1917 καὶ
2482 1863 2618 1934 μετά
2645 1863 2704 1915 τὸ
2732 1869 2874 1918 πιεῖν
2891 1867 2951 1917 ὲκ
2967 1865 3064 1933 τῆς
3085 1865 3285 1935 πέτρας
3297 1863 3418 1917 τότε
3443 1861 3716 1923 παντελῶς
3741 1863 3779 1931 ἡ

2204 1957 2311 2008 τῶν
2341 1955 2653 2021 Αἰγυπτίων
2683 1953 2911 2021 ἐφοδίων
2933 1953 3203 2022 ἐπίλειψις
3235 1953 3461 2020 γίνεται.
3500 1955 3606 2006 Καὶ
3637 1953 3784 2006 οὕτω

2208 2046 2474 2116 μηδεμιᾶς
2522 2046 2698 2106 αὐτοῖς
2744 2043 3162 2114 ὑπολειφθείσης
3206 2044 3501 2112 ἀλλοφύλου
3539 2045 3782 2116 τροφῆς,

2204 2139 2268 2206 ἣν
2297 2135 2354 2200 ἐξ
2387 2136 2656 2203 Αἰγύπτου
2695 2137 3090 2197 ἐπεσιτίσαντο.
3124 2136 3328 2189 ἀνωθεν
3354 2137 3624 2207 ὲπιρῤεῖὴ
3653 2153 3786 2208 τρο-

2205 2227 2298 2295 φὴ,
2335 2227 2549 2295 ποικίλη
2584 2244 2662 2288 τις
2695 2228 2809 2294 ἃμα
2841 2227 2934 2278 καὶ
2962 2227 3237 2298 μονοειδὴς
3267 2222 3418 2282 οὖσα.
3445 2227 3516 2280 Τὸ
3544 2227 3642 2298 μὲν
3669 2229 3780 2298 γάρ

2206 2317 2524 2386 φαινόμενον
2573 2317 2840 2385 μονοειδὲς
2884 2313 2971 2387 ῆν,
3017 2317 3136 2385 ἠδὲ
3185 2319 3404 2388 ποιότης
3445 2317 3506 2369 τὸ
3538 2319 3782 2371 ποικίλον

2204 2404 2368 2478 εἶχεν,
2423 2409 2638 2477 ἑκάστῳ
2674 2409 2994 2477 προσφόρως
3031 2408 3168 2461 κατὰ
3202 2409 3259 2460 τὺ
3289 2405 3428 2471 εἶδος
3459 2410 3556 2479 τῆς
3590 2409 3782 2462 ἐπιθυ-

2207 2499 2330 2568 μίας
2363 2498 2706 2567 ἐγγινομένη.
2735 2498 2797 2550 Τί
2819 2493 2911 2550 οὖν
2933 2499 3078 2550 ἐστιν
3100 2498 3126 2549 ὂ
3151 2497 3490 2566 μανθάνομεν
3509 2515 3523 2562 ;
3545 2497 3610 2550 δι’
3638 2499 3782 2551 ὅσων

2204 2591 2470 2659 προσήκει
2504 2589 2817 2658 καθαρσίων
2852 2589 3040 2642 ἑαυτὸν
3066 2589 3368 2658 ἐκκαθᾶραι
3407 2606 3527 2641 τινα
3559 2588 3659 2658 τῆς
3681 2591 3780 2642 Αἰ-

2203 2679 2436 2747 γυπτίας
2477 2696 2532 2730 τε
2576 2679 2666 2730 καὶ
2697 2677 2996 2745 ἀλλοφύλου
3023 2676 3167 2746 ζωῆς
3191 2695 3203 2708 ·
3240 2677 3379 2731 ὥστε
3413 2679 3642 2732 κενῶσαι
3689 2679 3782 2732 τὸν

2202 2771 2301 2840 τῆς
2348 2769 2525 2838 ψυχῆς
2570 2769 2734 2821 αὑτοῦ
2773 2769 3005 2821 θύλακον
3046 2769 3224 2838 πάσης
3266 2769 3365 2838 τῆς
3404 2770 3543 2823 κατά
3576 2770 3778 2825 κακίαν

2201 2862 2440 2932 τροφῆς,
2487 2862 2552 2930 ἣν
2595 2861 2956 2914 σιτοποιοῦσιν
3003 2862 3052 2912 οἱ
3101 2861 3421 2929 Αἰγύπτιοιο
3465 2863 3556 2916 καὶ
3604 2862 3782 2923 οὕτως

2203 2955 2298 3025 τὴν
2329 2955 2532 3008 ἄνωθεν
2566 2954 2854 3007 κατιοῦσαν
2901 2953 3105 3021 τροφὴν
3135 2955 3189 3005 ἐν
3235 2953 3412 3022 ἑαυτῷ
3457 2956 3668 3026 καθαρᾷ
3711 2957 3779 3025 τῇ

519 3052 757 3115 venitur;
811 3050 966 3118 panis
1017 3049 1163 3102 enim
1222 3049 1316 3117 qui
1366 3047 1433 3100 de
1481 3048 1620 3100 cmlo
1663 3047 1963 3112 descendit,
2003 3047 2093 3115 qui

2201 3047 2343 3117 ψυχῇ
2374 3045 2623 3109 δέξασθαι
2653 3061 2664 3072 ·
2699 3047 2762 3112 ἣν
2790 3045 2849 3095 οὐ
2881 3044 3058 3113 σπορὰ
3087 3047 3216 3112 ἡμῖν
3239 3048 3352 3106 τοῖς
3380 3047 3441 3096 ὲκ
3476 3047 3782 3112 γεωπονίας

520 3158 679 3195 verus
707 3141 861 3194 cibus
894 3147 997 3203 est,
1030 3140 1122 3206 qui
1158 3138 1501 3208 aenigmatice
1535 3138 1635 3190 hac
1664 3138 1894 3190 historia
1925 3138 2096 3206 signi-

519 3232 732 3290 licatur,
773 3246 880 3282 non
914 3230 1236 3296 incorporea
1265 3227 1512 3294 quazdam
1548 3242 1636 3279 res
1667 3237 1770 3279 est.
1809 3225 1927 3291 Quo
1953 3227 2096 3280 enim

518 3334 676 3392 pacto
711 3337 798 3374 res
841 3320 1163 3388 incorporea
1207 3318 1422 3386 corpori
1472 3317 1628 3371 cibus
1674 3317 1805 3371 ﬁet?
1851 3334 1937 3373 res
1972 3333 2099 3372 vero

519 3425 638 3478 qua:
667 3408 989 3474 incorporea
1029 3420 1134 3458 non
1169 3413 1274 3464 est,
1300 3420 1502 3474 corpus
1542 3405 1765 3459 omnino
1787 3415 1891 3460 est.
1922 3405 2098 3476 Hujus

519 3498 767 3569 corporis
798 3513 988 3567 panem
1034 3512 1139 3550 non
1169 3497 1366 3557 aratio,
1412 3513 1517 3549 non
1551 3497 1711 3559 satio,
1746 3513 1852 3550 non
1881 3501 2092 3568 agrico-

519 3592 692 3643 larum
722 3605 859 3658 opus
905 3588 1088 3649 eﬂicit,
1145 3587 1239 3642 scd
1272 3595 1416 3641 terra
1451 3589 1652 3642 intacta
1684 3592 2003 3659 permansit,
2038 3601 2093 3644 et

519 3690 697 3733 tamen
728 3696 864 3749 pane
902 3679 1057 3748 plena
1091 3678 1213 3742 fuit,
1252 3693 1360 3748 quo
1393 3678 1749 3734 famesceutcs
1776 3682 2088 3750 mysterium

521 3769 758 3840 Virginis
777 3770 1018 3839 perdocti
1048 3770 1203 3826 facile
1267 3778 1604 3823 saturantur.
1645 3769 1692 3825 Is
1728 3771 1891 3840 igitur
1929 3773 2094 3826 mira-

521 3861 641 3915 bilis
673 3863 791 3915 siue
812 3863 1148 3931 agricultura
1179 3863 1334 3931 panis
1357 3872 1409 3916 ct
1435 3864 1656 3916 verbum
1683 3872 1793 3917 est:
1833 3866 2094 3919 varietate

519 3949 796 4019 qualitatis
832 3950 895 4002 ad
945 3952 1360 4021 suscipienlium
1398 3952 1796 4015 habitudinem,
1837 3959 2090 4010 virtutem

516 4056 670 4094 Suam
707 4051 1028 4096 commutat.

2199 3141 2484 3208 ἀνέφυσεν,
2517 3138 2630 3190 ἀλλ’
2662 3138 2874 3206 ἕτοιμος
2905 3139 3069 3206 ἄρτος
3108 3137 3346 3207 άσπορός
3370 3155 3426 3190 τε
3462 3139 3554 3190 καὶ
3577 3141 3781 3209 ἀνήρο-

2198 3250 2314 3294 τος,
2347 3231 2550 3285 ἄνωθεν
2582 3231 2680 3298 μὲν
2711 3229 2912 3281 κατιὼν
2935 3268 2947 3288 ,
2991 3229 3082 3281 ἐπὶ
3125 3229 3182 3282 δὲ
3225 3231 3325 3298 γῆς
3357 3231 3775 3299 εὑρισκόμενος.

2199 3325 2352 3386 Νοεῖς
2383 3324 2437 3376 δὲ
2473 3323 2692 3384 πάντως
2739 3321 2835 3390 τὴν
2870 3319 3042 3390 ἀληθῆ
3072 3319 3275 3390 ταύτην
3322 3321 3524 3391 βρῶσιν
3561 3322 3649 3375 διὰ
3677 3321 3778 3374 τοῦ

2197 3414 2336 3467 κατὰ
2378 3414 2474 3483 τῆν
2518 3413 2756 3482 ἱστορίαν
2787 3412 3128 3480 αἰνίγματος,
3163 3412 3245 3464 ὅτι
3283 3413 3311 3464 ὁ
3349 3412 3510 3482 ἄρτος
3540 3414 3568 3464 6
3593 3415 3656 3465 ὲκ
3681 3413 3781 3465 τοῦ

2199 3504 2427 3574 οὐρανοῦ
2464 3504 2727 3568 καταϐάς,
2750 3505 2848 3555 οὐκ
2879 3501 3170 3572 ἀσώματόν
3195 3520 3245 3554 τι
3271 3503 3458 3573 χρῆμά
3481 3505 3615 3557 ἐστι.
3648 3505 3780 3569 Πῶς

2199 3598 2304 3666 γάρ
2341 3596 2405 3648 ἂν
2459 3596 2668 3665 σώματι
2702 3594 2872 3664 τροφὴ
2911 3593 3117 3660 γένοιτο
3159 3593 3219 3646 τὸ
3249 3593 3573 3664 άσώματον;
3605 3597 3679 3648 Τὸ
3718 3597 3781 3649 δὲ

2205 3686 2276 3755 μὴ
2302 3685 2590 3755 ἀσώματον
2611 3727 2623 3747 ,
2660 3685 2817 3753 σῶμα
2864 3685 3081 3746 πάντως
3120 3685 3256 3738 ἐστί.
3290 3686 3362 3738 Τὸ
3385 3686 3440 3738 δὲ
3474 3687 3631 3758 σῶμα
3661 3688 3784 3740 τού-ι

2199 3795 2290 3830 του
2313 3777 2404 3830 τοῦ
2432 3777 2596 3847 ἄρτου
2628 3776 2749 3829 οὔτε
2786 3777 2977 3846 ἄροσις
3023 3776 3146 3828 οὔτε
3177 3777 3350 3848 σπορὰ
3383 3779 3733 3850 ἐγεώργησεν
3761 3795 3776 3808 ·

2201 3868 2312 3921 ἀλλ’
2362 3869 2394 3931 ἡ
2428 3868 2496 3936 γῆ
2523 3867 2610 3919 οἶα
2644 3868 2759 3918 ἐστὶ
2797 3866 3045 3935 μείνασα,
3083 3867 3296 3938 πλήρης
3334 3868 3646 3938 εὑρίσκεται
3675 3869 3780 3940 τῆς

2202 3957 2347 4017 θείας
2383 3957 2582 4026 ταύτης
2610 3956 2834 4025 τροφῆς,
2874 3950 2941 4024 ἧς
2979 3955 3027 4007 οί
3056 3956 3344 4020 πεινῶντες
3375 3958 3680 4027 μετέχουσι,
3713 3959 3781 4011 τὸ

2203 4048 2342 4099 κατὰ
2373 4049 2468 4117 τὴν
2491 4046 2765 4117 Παρθένον
2794 4048 3092 4115 μυστήριον
3113 4048 3199 4099 διὰ
3223 4049 3318 4116 τῆς
3343 4049 3779 4118 θαυματοποιῖας

515 4133 717 4202 ταύτης
750 4135 1249 4204 προπαιδευόμενοι.
1277 4125 1443 4196 υῦτος
1461 4134 1635 4186 τοίνυν
1661 4137 1686 4186 6
1716 4135 2068 4205 ἀγεώργητος
2089 4138 2246 4208 ἄρτος
2268 4142 2361 4192 καὶ
2391 4140 2558 4206 Λόγος
2578 4141 2713 4201 ἐστὶ,
2730 4137 2808 4207 τῷ
2827 4137 3208 4208 πολυειδεῖτῆς
3228 4141 3507 4210 ποιότητος
3520 4141 3654 4194 κατά
3671 4141 3778 4202 τὰς

515 4227 620 4280 τῶν
659 4227 943 4280 ἐσθιόντων
990 4223 1423 4297 ἐπιτηδειότητας
1469 4225 1903 4290 συνεξαλλάσσων
1940 4229 2038 4298 τὴν
2078 4231 2324 4301 δύναμιν.

590 4321 751 4374 Novit
787 4321 930 4374 enim
972 4335 1077 4373 non
1114 4317 1290 4375 solum
1328 4321 1483 4389 panis
1523 4335 1662 4381 esse,
1703 4337 1884 4374 verum
1917 4328 1970 4375 et
2004 4321 2087 4375 lac

519 4411 631 4465 ﬁeri
680 4422 894 4473 etcaro,
935 4421 987 4464 et
1023 4413 1166 4471 olus,
1205 4411 1467 4481 quidquid
1513 4413 1744 4480 denique
1784 4415 2086 4468 assumenti

2270 4323 2388 4378 Οἵδε
2442 4326 2546 4395 γάρ
2585 4327 2645 4377 οὐ
2700 4325 2858 4394 μόνον
2913 4327 3074 4394 ἄρτος
3117 4321 3276 4387 εἶναι,
3325 4326 3457 4378 ἀλλα
3503 4329 3594 4378 καὶ
3627 4327 3778 4393 γάλα

2198 4417 2461 4483 γίνεσθαι,
2523 4418 2616 4468 καὶ
2678 4416 2864 4486 κρέας.
2894 4417 2988 4467 καὶ
3027 4416 3279 4485 λάχανον,
3320 4419 3412 4469 καὶ
3436 4418 3623 4487 ὅτιπερ
3643 4415 3777 4489 ἃ.νῇ

516 4505 849 4557 conveniens
879 4510 932 4556 et
957 4504 1254 4570 expetitum
1285 4505 1375 4568 sit,
1403 4512 1460 4557 ut
1495 4503 1795 4573 Apostolus
1829 4505 1961 4563 vult.
1994 4504 2087 4572 qui

2201 4507 2299 4557 τῶν
2324 4506 2780 4575 προσφερομένων
2829 4505 3160 4574 κατάλληλόν
3190 4523 3247 4557 τε
3277 4506 3366 4557 καὶ
3401 4508 3736 4577 καταθύμιον
3756 4527 3774 4539 ι

517 4596 658 4648 hanc
691 4595 846 4648 nobis
878 4610 1122 4648 mensam
1153 4596 1500 4663 praeparavit,
1543 4595 1594 4648 in
1627 4595 1677 4647 id
1700 4603 2088 4650 commutatur.

519 4688 609 4742 Sic
641 4687 783 4742 enim
809 4686 1029 4740 divinus
1079 4686 1166 4740 ille
1191 4687 1272 4738 vir
1298 4685 1716 4755 perfectioribus
1743 4688 2086 4754 solidiorem,

517 4787 570 4830 et
629 4778 682 4830 in
729 4778 913 4831 carnis
959 4777 1196 4845 speciem
1235 4777 1457 4830 verbum
1501 4777 1682 4830 cibum
1735 4779 1848 4831 ﬁeri
1906 4779 2086 4840 docet.

519 4861 918 4921 infirmioribus
977 4867 1141 4927 olus,
1201 4865 1500 4920 infantibus
1567 4867 1670 4922 lac.
1737 4869 2090 4939 Quaecunque

518 4963 697 5010 autem
751 4957 815 5010 de
845 4955 970 5010 cibo
1031 4956 1125 5010 illo
1187 4964 1372 5008 narrat
1437 4956 1704 5021 historia,
1774 4970 2090 5029 praecepta,

518 5053 832 5114 statutaque
903 5053 1033 5098 sunt
1107 5045 1172 5098 ad
1241 5045 1376 5100 bene
1435 5054 1690 5116 recteque
1750 5049 2088 5103 vivendum:

515 5136 798 5206 aequaliter
847 5137 992 5190 enim
1029 5137 1285 5190 omnibus
1315 5139 1656 5206 propositum
1704 5139 1872 5196 fuisse
1907 5142 2089 5195 cibum

517 5238 834 5295 asseverat;
874 5243 970 5282 nec
1014 5230 1135 5298 plus
1166 5237 1261 5282 aut
1313 5229 1515 5294 minus,
1576 5247 1740 5300 quam
1797 5232 2091 5302 indigentia

514 5320 782 5391 exigebat,
817 5336 845 5373 a
880 5320 1236 5375 validioribus
1291 5331 1384 5375 aut
1423 5321 1880 5378 imbecillioribus
1932 5325 2089 5378 colli-

512 5411 760 5478 gebatur.
796 5409 950 5477 Quod
987 5425 1106 5464 meo
1131 5393 1342 5480 judicio
1371 5413 1666 5483 prmeeptio
1697 5411 1940 5482 quaedam
1977 5423 2082 5478 est,

513 5514 706 5556 omnes
762 5499 1129 5574 communiter
1184 5501 1502 5564 instruens,
1582 5517 1650 5557 ne
1704 5502 1859 5570 plura
1917 5517 2083 5572 quam

583 5674 626 5703 “
671 5672 685 5724 I
726 5674 851 5728 Cor.
889 5693 942 5738 α,
977 5677 1028 5732 4.
1108 5677 1150 5708 ³³
1177 5675 1329 5731 Joan.
1363 5693 1475 5744 xiv,
1505 5676 1596 5731 ‘25.

2189 4597 2263 4659 ώς
2289 4597 2529 4649 διδάσκει
2581 4599 2609 4647 ό
2646 4597 2743 4666 τὴν
2785 4596 3044 4666 τοιαύτην
3095 4599 3206 4658 τοῖς
3238 4597 3403 4649 αὐτοῦ
3445 4599 3778 4666 παρατιθεὶς

2191 4687 2322 4755 ἡμῖν
2378 4683 2673 4755 τράπεζαν,
2715 4685 2922 4750 Παῦλος
2960 4689 2988 4739 6
3039 4686 3178 4750 θεῖος
3231 4688 3540 4750 ἀπόστολος,
3590 4690 3618 4740 ό
3655 4693 3778 4752 τοῖς

2189 4777 2541 4846 τελειοτέροις
2573 4777 2932 4846 στερροτέραν
2962 4795 3018 4830 τε
3065 4778 3157 4830 καὶ
3193 4777 3402 4848 κρεώδη
3436 4778 3634 4848 βρῶσιν
3678 4781 3779 4832 τον

2189 4865 2342 4932 λόγον
2400 4865 2587 4924 ποιῶν,
2641 4867 2734 4917 καὶ
2783 4866 3014 4935 λάχανον
3045 4871 3156 4930 τοῖς
3213 4868 3636 4939 ἀσθενεστέροις.
3675 4875 3782 4925 καὶ

2195 4959 2335 5024 γάλα
2390 4959 2501 5018 τοῖς
2547 4956 2890 5026 νηπιάζουσι.
2934 4958 3013 5008 Τὰ
3058 4957 3102 5009 δ’
3141 4960 3238 5010 ὅσα
3270 4960 3394 5030 περὶ⁹
3425 4962 3521 5031 τὴν
3563 4964 3784 5032 τροφὴν

2195 5047 2404 5115 ἐκείνην
2449 5049 2481 5112 ἡ
2542 5046 2748 5114 ἱστορία
2796 5047 3014 5112 διέξεισι
3046 5047 3319 5118 θαύματα,
3362 5051 3604 5120 δόγματα
3630 5055 3782 5124 πρὸς

2192 5138 2284 5189 τὸν
2309 5137 2426 5189 κατ’
2456 5137 2656 5206 ἀρετὴν
2685 5137 2796 5206 βίον
2831 5138 2964 5189 ἐστί.
2988 5139 3125 5208 Φησὶ
3160 5140 3288 5210 γάρ,
3317 5142 3436 5211 ἴσην
3473 5147 3602 5197 πᾶσι
3628 5161 3780 5216 προ..

2195 5230 2404 5282 κεῖσθαι
2451 5229 2550 5300 τὴν
2582 5228 2680 5297 τῆς
2713 5229 2915 5298 τροφῆς
2952 5231 3263 5299 μετουσίαν,
3295 5233 3448 5286 οὐδὲν
3482 5235 3621 5287 κατά
3651 5235 3783 5289 δια-

2195 5320 2364 5391 φοράν
2395 5322 2495 5390 τῆς
2515 5320 2623 5372 τῶν
2657 5319 3019 5386 συλλεγόντων
3048 5321 3352 5392 δυνάμεως,
3387 5325 3507 5378 οὔτε
3544 5326 3784 5382 πλεονά-

2200 5413 2397 5476 ζουσαν
2425 5413 2566 5465 κατὰ
2589 5411 2793 5482 χρείαν,
2823 5410 2943 5464 οὔτε
2967 5411 3336 5470 ἐλλείπουσαν.
3355 5417 3523 5471 Τοῦτο
3545 5417 3599 5470 δέ
3627 5418 3779 5482 ἐστι,

2192 5506 2333 5559 κατά
2367 5521 2427 5572 γε
2450 5505 2536 5557 τὸν
2557 5504 2687 5572 ἐμὸν
2710 5502 2885 5573 λόγον,
2915 5521 2978 5556 συ
2990 5505 3192 5578 μϐουλή
3232 5526 3313 5572 τις
3335 5508 3409 5580 τῷ
3441 5510 3604 5580 κοινῷ
3635 5528 3785 5582 προ-
