4054 6436
325 237 407 294 569
1592 240 1678 309 DE
1708 239 1840 296 vn.

1940 242 2175 300 lt’T-YSIS.

3413 257 3517 313 570

324 349 527 420 κειμένη,
580 349 652 418 μὴ
699 334 954 417 παριέναι
985 349 1109 413 τοὺς
1138 350 1293 421 ὄρους
1335 349 1433 420 τῆς
1480 352 1689 421 χρείας,
1718 356 1840 416 τοὺς

1944 367 2150 410 naturze
2180 356 2469 423 sumi-iam,
2506 374 2669 414 Causa
2698 361 2913 417 vivendi
2938 380 2999 418 ex
3022 363 3107 423 his
3140 369 3514 429 materialibus

318 438 399 499 τὰς
424 435 657 506 ἀφορμὰς
686 435 783 488 τοῦ
812 436 912 506 ζῇν
938 438 1001 489 ἐκ
1028 436 1134 490 τῶν
1168 438 1368 491 ὑλικῶν
1398 439 1602 494 τούτων
1630 441 1847 513 ποριζο-

321 528 497 597 μένους,
532 525 642 579 ἀλλ’
677 521 735 579 εὖ
779 526 998 591 είδέναι,
1030 529 1113 581 ὅτι
1156 528 1215 580 ἓν
1251 530 1445 600 μέτρον
1473 533 1536 601 τῇ
1564 532 1722 600 φύσει
1747 533 1846 603 τῆς

316 617 483 687 ἐδωδῆς
510 618 595 669 ἐπὶ
630 618 846 672 πάντων
872 619 1017 671 ἐστὶν
1040 621 1073 689 ἡ
1104 620 1240 690 πρὸς
1272 620 1482 691 ἡμέραν
1511 623 1811 686 ἀπόλαυσις
1830 642 1843 653 ·

315 706 408 783 ὶνῇ
434 711 527 763 κᾶν
575 709 950 764 πολλαπλάσια
990 713 1414 784 παρασκευασθῇ
1445 713 1543 784 τῆς
1577 716 1841 787 χρείας,ή

315 804 490 873 γαστὴρ
513 803 580 856 τὰ
611 803 716 856 ἴδια
748 803 923 874 μέτρα
968 803 1216 872 διαϐῆναι
1244 803 1405 872 φύσιν
1427 807 1528 859 οὐκ
1562 805 1695 876 ἔχει,
1724 809 1846 861 οὐδὲ

313 896 363 964 τῇ
388 895 646 965 ἀπληστία
693 895 791 965 τῆς
819 894 1173 965 παρασκευῆς
1200 896 1618 951 συνεκτείνεται.
1663 897 1843 963 Ἀλλὰ,

311 985 461 1049 καθὼς
520 1003 686 1056 φησιν
716 990 748 1056 ἡ
792 986 1035 1057 ἱστορία.
1084 985 1207 1038 οὔτε
1273 988 1301 1039 6
1353 985 1415 1039 τὸ
1468 987 1602 1041 πολὺ
1643 987 1842 1055 λαϐὼν,

308 1077 565 1130 ἐπλεόνασε
588 1094 603 1108 ·
641 1075 743 1129 ποῦ
774 1075 883 1146 γὰρ
928 1076 1195 1147 ἀπόθηται
1225 1077 1284 1130 τὸ
1330 1077 1511 1144 πλέον,
1554 1079 1653 1133 οὐκ
1700 1080 1842 1149 ἔχει’

308 1168 407 1220 οὔτε
427 1171 453 1220 6
487 1168 543 1220 τὸ
568 1167 766 1236 ὀλίγον,
803 1170 1130 1240 ἠλαττόνησε
1156 1186 1168 1199 ·
1204 1169 1337 1240 πρὸς
1385 1171 1492 1239 γὰρ
1526 1169 1587 1223 τὸ
1626 1171 1845 1243 εὑρεθὲν

260 1250 267 1275 δ
306 1263 600 1317 συσταλεῖσα
647 1265 680 1334 ἡ
728 1265 888 1335 χρεία
941 1264 1337 1335 συνεμετρηθη.
1404 1265 1477 1317 '1‘6
1536 1264 1590 1317 δὲ
1633 1268 1744 1329 τοῖς
1784 1265 1846 1319 τὸ

308 1355 524 1425 περιττὸν
565 1356 950 1425 ταμιεύουσιν,
986 1359 1064 1421 εἰς
1099 1357 1395 1426 σκωλήκων
1428 1357 1641 1424 γένεσιν
1677 1374 1843 1426 μετα-

303 1443 538 1497 ποιεῖσθαι
566 1444 670 1512 τὴν
702 1444 1027 1514 ἀπληστίαν,
1058 1446 1152 1515 βοᾷ
1167 1445 1369 1517 τρόπον
1394 1445 1516 1498 τινὰ
1547 1448 1658 1508 τοῖς
1688 1446 1844 1499 πλεο-

302 1530 491 1592 νέκταις
543 1530 638 1583 διὰ
690 1531 895 1585 τούτων
939 1536 966 1587 ὁ
1022 1532 1197 1602 λόγος,
1246 1536 1327 1588 ὃτι
1361 1537 1465 1588 πᾶν
1517 1534 1578 1588 τδ
1617 1534 1720 1599 ἔξω
1748 1535 1845 1605 τῆς

303 1619 490 1688 χρείας,
544 1621 656 1674 ὑπὸ
706 1623 807 1695 τῆς
856 1624 1240 1694 πλεονεκτικῆς
1295 1626 1497 1696 ταύτης
1551 1626 1842 1696 ἐπιθυμίας

1950 455 2290 513 appetamus,
2322 450 2417 503 sed
2453 450 2620 517 probe
2656 460 2939 508 teneamus
2988 471 3150 509 unam
3206 474 3329 514 esse
3361 476 3513 516 com-

1950 552 2167 591 munem
2231 540 2283 591 in
2342 539 2597 596 omnibus
2649 540 2841 596 edendi
2883 560 3219 611 mensuram,
3260 550 3510 605 diurnam

1949 625 2346 686 sumcientiam.
2390 628 2524 684 Nam
2555 631 2601 686 si
2628 632 2793 686 etiam
2827 632 2980 702 plura
3015 652 3177 705 quam
3212 639 3511 710 indigentia

1949 716 2189 787 ﬂagitat,
2238 731 2537 789 przeparata
2595 722 2820 791 fuerint,
2884 737 3072 782 venter
3127 736 3307 784 tamen
3366 733 3507 786 ultra

1947 814 2197 860 naturam
2232 825 2384 864 suam
2414 812 2694 881 suscipere
2724 828 2835 867 non
2876 821 3073 882 potest,
3099 831 3275 885 neque
3304 834 3509 889 praepa-

1947 893 2179 952 rationis
2208 901 2568 971 magnitudini
2604 905 3019 974 correspoudet.
3065 906 3170 961 Sed
3207 908 3353 963 sicut
3394 911 3508 964 his-

1947 988 2086 1041 toria
2125 990 2308 1056 tradit,
2338 1008 2439 1048 nec
2467 995 2558 1064 qui
2592 996 2820 1050 multum
2852 998 3143 1066 acceperit,
3167 1000 3506 1069 superabun-

1926 1078 2177 1141 .daverit,
2198 1092 2320 1130 cum
2342 1092 2447 1132 non
2475 1078 2725 1133 habuerit
2756 1082 2844 1134 ubi
2878 1088 3334 1151 superabundans
3360 1090 3509 1142 loca—

1944 1170 2115 1235 verit;
2139 1170 2344 1237 uecqui
2363 1184 2594 1239 paucum
2618 1171 3156 1245 collegit,indigueril
3190 1186 3508 1234 :contraeta

1944 1259 2088 1311 enim
2142 1258 2442 1328 indigentia
2492 1271 3043 1330 couuncnsurataqne
3092 1262 3157 1315 ad
3214 1273 3501 1333 acceptum

1946 1344 2068 1399 fuit.
2102 1345 2260 1412 Quod
2291 1362 2440 1409 vero,
2467 1347 2511 1402 si
2537 1349 2661 1417 quis
2687 1349 2852 1402 stulta
2875 1349 3172 1418 cupiditate
3199 1348 3502 1419 deponendi

1944 1435 2242 1505 quidquam
2276 1452 2342 1491 ex
2401 1437 2494 1491 illo
2525 1438 2651 1493 cibo
2697 1439 2750 1493 in
2806 1442 3109 1494 crastinum
3163 1440 3500 1511 deposuerit,

1945 1535 2116 1580 totum
2186 1527 2241 1580 in
2300 1543 2512 1585 vermes
2574 1540 2965 1585 commutatum
3028 1532 3198 1588 fuisse
3255 1533 3497 1588 dicitur:

1943 1616 2100 1686 quasi
2154 1618 2281 1671 tuba
2318 1617 2550 1687 quadam
2584 1634 2647 1674 ea
2689 1636 2747 1674 re
2784 1621 3012 1676 historia
3065 1623 3313 1685 intonuit,
3346 1638 3504 1677 omne

304 1709 684 1781 περιεχόμενον,
730 1713 787 1764 ἐν
818 1714 886 1784 τῇ
926 1712 1052 1784 ἑξῆς
1094 1713 1297 1784 ἡμέρα,
1340 1714 1640 1780 τουτέστιν,
1674 1716 1730 1767 ἐν
1764 1714 1840 1785 τῷ

1941 1708 2087 1777 quod
2119 1708 2259 1762 ultra
2290 1710 2644 1780 indigentiam
2696 1723 2875 1767 mente
2906 1727 3069 1769 avara
3121 1722 3499 1776 conservatur,

304 1797 712 1869 apoxdoxwpévqi
725 1800 845 1869 βίῳ,
859 1807 887 1857 6
906 1801 1205 1873 σκώληξτῷ
1222 1804 1576 1873 ταμιεύσαντι
1610 1805 1838 1873 γίνεται.

304 1887 409 1939 Nos!
431 1887 485 1940 δὲ
530 1888 757 1951 πάντως
786 1891 814 1942 6
843 1889 1053 1942 ἀκούων
1086 1891 1174 1943 διὰ
1214 1893 1307 1945 τοῦ
1349 1893 1626 1963 σκώληκος
1654 1895 1841 1946 τούτου

301 1978 375 2032 τὸν
412 1977 767 2049 ἀτελεύτητον
797 1978 1073 2051 σκώληκα,
1106 1981 1198 2035 τὸν
1250 1982 1339 2036 διὰ
1376 1984 1475 2054 τῆς
1534 1984 1843 2050 πλεονεξίας

302 2066 728 2139 ζὀηγονούμενον.
766 2069 840 2122 T6
875 2070 931 2123 δὲ
958 2074 1015 2125 ὲν
1050 2073 1194 2142 μόνῳ
1226 2072 1304 2142 τῷ
1329 2072 1581 2145 σαϐϐάτῳ
1603 2075 1841 2145 διαρκεῖν

302 2158 349 2209 e
372 2158 641 2218 ἀπόθετον.
671 2160 940 2231 μηδεμίαν
961 2161 1252 2232 διαφθορὰν
1287 2165 1844 2238 ὑπομένον.τοιαύτην

302 2249 402 2300 τινὰ
429 2250 739 2321 συμϐουλὴν
763 2253 1004 2323 περιέχει
1034 2271 1045 2283 ·
1080 2254 1160 2307 ῦτι
1180 2272 1261 2307 τοι
1286 2256 1406 2309 τότε
1436 2258 1703 2328 χρηστέον
1727 2259 1844 2312 ἐστὶ

300 2343 349 2411 1f,
372 2342 712 2415 πλεοίεκτικῇ
743 2348 1074 2417 προαιρέσει,
1101 2350 1156 2400 ὲν
1184 2344 1263 2411 οἷς
1277 2348 1338 2401 τὸ
1358 2351 1718 2419 συναγόμενον
1732 2350 1845 2405 δια-

299 2432 474 2503 φθορὰν
500 2437 559 2488 ού
593 2436 884 2506 προσίεται
905 2454 918 2468 ·
949 2438 1070 2490 τότε
1095 2439 1363 2509 χρήσιμον
1380 2441 1511 2509 ἡμῖν
1533 2442 1841 2509 γενόμενον,

297 2525 402 2577 ὅταν
444 2526 808 2597 παρελθόντες
833 2528 931 2597 τὴν
963 2527 1055 2581 τοῦ
1105 2529 1219 2599 βίου
1246 2529 1435 2583 τούτου
1469 2533 1840 2603 παρασκευὴν,

296 2615 343 2665 ἐν
369 2620 425 2686 τῇ
458 2619 593 2687 μετὰ
635 2617 866 2671 θάνατον
896 2620 1136 2691 ἀπραξίᾳ
1158 2619 1464 2690 γενώμεθα.
1506 2622 1569 2674 Ἦ
1601 2622 1707 2693 γὰρ
1738 2624 1843 2693 πρὸ

294 2704 372 2765 τοῦ
402 2709 674 2764 σαδΰὰτου
728 2711 928 2781 ἡμέρα,
962 2713 1279 2782 παρασκευὴ
1320 2712 1453 2783 πρὸς
1482 2712 1543 2764 τὸ
1576 2713 1841 2767 σάϐϐατον

294 2799 369 2850 καὶ
390 2799 497 2852 ἔστι
534 2801 637 2853 καὶ
672 2800 1013 2871 ὀνομάζεται.

349 2886 481 2957 Αὕτη
530 2889 577 2940 δ’
636 2889 724 2958 εἴη
754 2891 782 2942 6
817 2888 927 2959 βίος
958 2882 1129 2953 οὗτος,
1162 2891 1218 2942 ὲν
1241 2883 1283 2958 ᾧ
1323 2890 1386 2942 τὰ
1417 2893 1513 2961 τῆς
1536 2891 1836 2962 ἐρχομένης

288 2976 410 3048 ζωῆς
438 2982 653 3044 ἑαυτοῖς
679 2981 1067 3051 εύτρεπίζομεν
1084 2997 1098 3012 '
1128 2975 1228 3054 ὲνῇ
1253 2981 1410 3053 ἔργον
1430 2982 1581 3036 οὐδὲν
1602 2981 1710 3035 τῶν
1739 2983 1835 3035 νῦν

289 3071 400 3138 ἡμῖν
441 3074 957 3143 συγκεχωρημένων
986 3072 1329 3131 ἐπιτελεῖται,
1354 3073 1412 3124 ού
1445 3072 1703 3149 γεωργία,
1740 3074 1838 3125 οὐκ

283 3160 519 3232 ἐμπορία,
562 3163 631 3215 ού
669 3163 949 3233 στρατεία,
980 3164 1079 3215 οὐκ
1116 3163 1240 3216 ἄλλο
1263 3181 1314 3214 τι
1343 3162 1449 3215 τῶν
1473 3156 1572 3215 ὦδε
1612 3162 1871 3216 σπουδα-“

284 3249 501 3319 ζτιμένων
537 3253 672 3306 ούδέ
701 3271 752 3305 τι
768 3267 780 3280 ’
803 3252 916 3305 ἀλλ’
946 3254 1001 3304 ἐν
1026 3252 1263 3323 ἀπραξία
1286 3253 1434 3323 πάσῃ
1454 3254 1560 3304 τῶν
1588 3252 1840 3305 τοιούτων

279 3340 436 3409 ἔργων
459 3342 767 3412 διάγοντες,
816 3344 925 3397 τῶν
951 3343 1044 3397 νῦν
1080 3345 1209 3413 ἡμῖν
1245 3344 1392 3413 παρὰ
1415 3344 1503 3396 τὸν
1535 3342 1647 3413 βίον
1675 3359 1840 3394 κατα-

278 3431 612 3503 σεσλημένων
676 3434 1001 3504 σπερμάτων
1034 3436 1158 3497 τοὺς
1196 3436 1440 3503 καρποὺς
1470 3432 1800 3503 νομιζόμεθα
1821 3449 1835 3463 ·

276 3524 572 3597 ἀφθάρτους
621 3526 745 3595 μὲν,
788 3528 946 3596 εῖπερ
977 3525 1156 3591 ἀγαθὰ
1193 3527 1277 3595 εἴη
1306 3525 1399 3578 τοῦ
1433 3525 1546 3595 βίου
1577 3526 1644 3577 τά
1674 3525 1839 3595 σπέρ-

278 3632 406 3682 ματα
425 3633 440 3647 ’
482 3618 827 3688 φθαρτικοὺς
857 3618 913 3670 δὲ
941 3619 1034 3670 καὶ
1055 3617 1346 3688 ὀλεθρίους,
1384 3620 1432 3669 εἰ
1456 3616 1677 3669 τοιαῦτα
1706 3619 1837 3687 ἡμῖν

276 3705 332 3758 τὰ
360 3707 605 3780 γεώργια
624 3709 726 3778 τῆς
754 3709 900 3779 ζωῆς
929 3707 1129 3778 ταύτης
1150 3706 1454 3775 ὲκφύσειεν.
1488 3707 1546 3759 Ὀ
1567 3707 1673 3779 γὰρ
1694 3707 1839 3759 σπεί-

272 3814 367 3867 ρων
389 3802 468 3862 είς
496 3800 560 3852 τὸ
595 3799 840 3868 πνεῦμα,
866 3801 1048 3869 φησὶν,
1074 3804 1138 3852 ὲκ
1170 3798 1262 3851 τοῦ
1295 3798 1602 3868 πνεύματος
1635 3797 1837 3869 θερίσει

271 3884 400 3956 ζωὴν
453 3888 722 3940 αἰώνιον·
750 3889 778 3940 6
809 3886 866 3939 δὲ
899 3887 1134 3956 σπείρων
1169 3887 1248 3947 είς
1278 3885 1378 3956 τὴν
1414 3884 1611 3956 σάρκα,
1639 3886 1703 3937 ὲκ
1740 3886 1839 3955 τῆς

266 3980 452 4049 σαρκὸς
503 3980 725 4050 θερίσει
774 3978 997 4047 φθοράν.
1037 3977 1176 4030 Ἀλλ’
1215 3979 1247 4047 η
1308 3978 1444 4047 πρὸς
1486 3977 1549 4029 τὸ
1594 3979 1840 4046 κρεῖττον

264 4071 545 4141 ἑτοιμασία
599 4072 742 4143 μόνη
777 4071 978 4141 κυρίως
1010 4070 1327 4141 παρασκευὴ
1359 4068 1680 4140 ὀνομάζεται
1701 4086 1714 4100 ·
1745 4070 1838 4122 καὶ

259 4163 509 4231 κυροῦται
546 4164 621 4233 δή
654 4163 818 4215 ποθεν
845 4162 922 4232 τῷ
950 4162 1116 4233 νόμῳ,
1138 4156 1206 4233 ἦς
1227 4162 1288 4215 τὸ
1314 4162 1597 4224 ἀπόθετον,
1629 4161 1839 4231 ἀφθαρ-

264 4246 345 4297 sia
372 4250 510 4303 ἐστί.
548 4250 632 4303 T6
663 4249 719 4302 δὲ
744 4251 808 4303 ἐκ
831 4250 924 4302 τοῦ
958 4250 1198 4303 ἐναντίου
1230 4248 1540 4319 νοούμενον,
1576 4249 1636 4302 οὐ
1658 4266 1835 4319 παρα-

1940 1796 1995 1849 in
2056 1797 2305 1865 sequenti
2368 1798 2495 1861 die,
2528 1799 2582 1853 in
2636 1800 2822 1855 futuro
2877 1800 3130 1857 videlicet
3174 1803 3396 1866 saeculo,
3448 1803 3503 1855 in

1940 1901 2154 1941 vermes
2177 1887 2441 1943 adversus
2463 1905 2558 1945 eos
2586 1892 2677 1960 qui
2709 1904 3127 1959 conservarnnt,
3152 1897 3498 1950 commutari.

1942 1972 2019 2027 Ita
2054 1989 2150 2043 per
2179 1975 2326 2029 hunc
2362 1993 2597 2033 vermem
2635 1980 2786 2034 illum
2833 1996 2934 2051 ego
2982 1982 3342 2038 iurmortalem
3382 2000 3504 2037 ver-

1944 2079 2084 2117 mem
2119 2065 2381 2135 intelligo,
2415 2068 2505 2137 qui
2539 2069 2658 2138 plus
2693 2070 2925 2124 habendi
2978 2072 3279 2141 cupiditate
3331 2074 3507 2127 viviﬁ-

1944 2162 2121 2207 eatur.
2171 2154 2265 2210 Die
2321 2166 2501 2211 autem
2551 2160 2762 2213 sabbati
2812 2163 2988 2215 solum
3044 2162 3296 2231 illaesum,
3359 2165 3504 2241 quod

1944 2242 2343 2313 deponebatur,
2394 2249 2766 2318 permanebat.
2806 2250 2920 2316 Qua
2979 2268 3046 2307 ex
3111 2269 3171 2308 re
3214 2262 3347 2309 tunc
3404 2256 3504 2309 hac

1943 2332 2250 2404 deponendi
2303 2339 2675 2409 superﬂuitate
2727 2344 2953 2411 provida
3010 2354 3191 2400 mente
3245 2347 3502 2400 utendum

1943 2423 2225 2489 docemur,
2255 2430 2476 2496 quando
2514 2430 2691 2498 ipsum
2728 2432 3036 2501 depositum
3093 2449 3295 2504 corrup
3324 2436 3501 2489 ionem

1942 2516 2049 2584 pati
2082 2531 2188 2570 non
2221 2526 2418 2585 potest.
2456 2519 2510 2574 ld
2543 2523 2687 2576 enim
2719 2530 2842 2591 post
2876 2525 3040 2594 hujus
3095 2526 3217 2579 vita:
3253 2541 3506 2595 parasce-

1940 2621 2039 2660 ven
2072 2607 2127 2660 in
2161 2608 2363 2676 quiete,
2390 2626 2510 2679 qua:
2553 2622 2675 2682 post
2720 2624 2947 2668 tuortent
2995 2623 3098 2680 est,
3150 2617 3501 2669 utilissimum

1938 2697 2079 2750 erit:
2143 2699 2258 2754 dies
2293 2716 2526 2770 namque
2564 2712 2689 2758 ante
2746 2706 3055 2769 Sttbbaltlllt,
3089 2722 3399 2776 parasccve.
3451 2708 3505 2762 id

1936 2794 2041 2849 est,
2069 2792 2392 2859 praeparatio
2421 2793 2487 2846 ad
2522 2794 2840 2859 Sabbatum,
2871 2805 2923 2849 et
2970 2806 3054 2850 est
3086 2806 3138 2850 et
3171 2798 3492 2866 appellatur.

2015 2876 2139 2932 Haec
2188 2895 2316 2934 vero
2372 2885 2785 2951 prteparationis
2835 2887 2971 2947 dies,
3007 2886 3118 2940 lucc
3168 2887 3276 2940 vita
3307 2895 3410 2948 est,
3446 2888 3499 2939 in

1944 2983 2048 3039 qua
2104 2986 2474 3041 praeparantns
2526 2992 2646 3045 qua:
2697 2977 2762 3030 ad
2822 2976 3055 3030 luturam
3118 2979 3282 3031 vitam
3343 2978 3503 3030 nobis

1865 3041 1908 3097 Ct
1944 3073 2142 3129 prmsto
2189 3072 2368 3117 erunt.
2402 3062 2534 3119 Nam
2592 3066 2645 3119 in
2686 3066 2775 3119 illa
2822 3082 2928 3120 non
2986 3067 3341 3137 agricultura,
3393 3084 3501 3121 non

1941 3160 2271 3219 mercatura,
2310 3170 2417 3208 non
2461 3156 2672 3223 militia,
2705 3172 2811 3210 non
2840 3156 3133 3227 quidquam
3166 3157 3358 3212 horum
3383 3173 3503 3227 qua:

1942 3240 2031 3295 hic
2084 3240 2341 3309 facimus,
2392 3246 2552 3302 nobis
2609 3249 2989 3316 concedetur;
3054 3249 3147 3304 sed
3207 3250 3263 3304 in
3318 3250 3503 3321 quiete

1942 3333 2184 3387 omnium
2211 3349 2332 3405 quae
2355 3337 2442 3391 hic
2465 3339 2698 3407 agimus,
2724 3354 2786 3394 ac
2811 3341 3500 3402 cessationeversabimur,

1942 3422 2154 3480 fruetus
2210 3426 2479 3482 duntaxat
2531 3418 2758 3500 operum
2804 3448 2925 3501 qua:
2974 3432 3063 3487 hic
3112 3432 3503 3488 seminavimus

1941 3516 2305 3586 colligentes;
2345 3518 2556 3575 fructus
2595 3523 2930 3577 immortales
2968 3522 3220 3591 quidem,
3259 3523 3305 3579 si
3340 3522 3503 3591 hujus

1942 3606 2066 3660 vitae
2091 3608 2299 3662 semina
2333 3611 2472 3664 bona
2522 3620 2717 3666 erant:
2754 3613 2984 3668 lethalcs
3020 3621 3199 3666 autem
3234 3629 3294 3667 ac
3327 3614 3507 3682 perni-

1941 3698 2148 3763 ciosos,
2183 3700 2229 3755 si
2263 3700 2531 3770 ejusmodi
2565 3702 2773 3757 semina
2806 3704 2929 3757 vita:
2960 3703 3124 3772 hujus
3171 3704 3284 3771 agri
3317 3713 3503 3771 protu-

1943 3790 2126 3843 lerint.
2160 3790 2294 3844 Nam
2324 3793 2417 3860 qui
2461 3794 2515 3846 in
2554 3793 2748 3863 spiritu
2803 3795 3057 3857 seminat,
3107 3794 3301 3862 inquit,
3340 3794 3502 3846 vitam

1939 3890 2193 3935 a’ternam
2233 3898 2299 3936 ex
2339 3883 2534 3953 spiritu
2587 3893 2789 3949 metet;
2826 3885 2919 3955 qui
2966 3885 3018 3938 in
3052 3899 3215 3939 carne
3249 3884 3499 3948 seminat,

1940 3973 2349 4041 corruptionem
2396 3982 2561 4028 metet
2612 3991 2676 4029 ex
2722 3990 2906 4032 carne.
2954 3974 3289 4046 Praeparatio
3338 3974 3504 4044 igitur

1940 4078 2064 4134 qua:
2090 4064 2158 4119 ad
2189 4066 2384 4121 melius
2409 4074 2513 4133 est,
2539 4067 2654 4121 sola
2684 4067 2905 4137 proprie
2930 4081 3225 4137 parasceve
3256 4066 3504 4118 nomina-

1941 4162 2070 4208 tur:
2106 4164 2160 4209 et
2206 4157 2277 4209 ita
2314 4172 2509 4211 [nomen
2544 4159 2663 4227 ejus
2714 4173 2743 4211 a
2794 4160 2909 4228 lege
2942 4156 3313 4220 constituitur,
3344 4154 3504 4223 cujus

1939 4245 2244 4316 depositum
2284 4247 2624 4318 incorruptio
2662 4258 2767 4305 est.
2801 4248 2857 4303 Si
2889 4248 3012 4318 quis
3051 4254 3232 4301 autem
3262 4248 3314 4300 in
3348 4247 3503 4316 pejus

258 4340 473 4409 σκευὴν,
536 4340 665 4394 ἀλλ’
699 4339 972 4393 ἔκπτωσιν
1007 4341 1357 4411 παρασκευῆς
1393 4339 1696 4409 ὀνομάσειε.
1747 4339 1836 4391 Διὸ

1940 4335 2183 4405 deponit,
2216 4353 2316 4392 nec
2341 4348 2447 4401 est,
2480 4354 2580 4393 nec
2604 4337 2805 4394 dicitur
2832 4338 3158 4409 praeparatio
3187 4356 3200 4392 :
3233 4338 3500 4391 bonorum

260 4428 419 4496 μόνην
480 4430 589 4500 τὴν
636 4431 774 4500 πρὸς
811 4431 872 4483 τὸ
914 4433 1157 4501 κρεῖττον
1189 4428 1627 4500 κατορθουμένην
1662 4445 1839 4497 παρα·

256 4520 447 4590 σκεήν
471 4520 773 4591 νομοθετεῖ
798 4523 910 4585 τοῖς
956 4519 1260 4592 ἀνθρώποις
1278 4522 1311 4590 ὴ
1351 4519 1578 4588 ἱστορία,
1612 4518 1670 4571 τὸ
1698 4521 1842 4571 ἐναν-

253 4608 359 4661 τίον
384 4611 477 4664 διὰ
506 4613 620 4682 τῆς
654 4629 727 4665 πα
736 4612 1029 4683 ραλείψεως
1043 4615 1183 4665 νοεῖν
1201 4613 1310 4673 τοῖς
1331 4612 1567 4669 συνετοῖς
1588 4608 1839 4663 καταλεί-

253 4714 441 4756 ausa.
469 4702 754 4770 Καθάπερ
775 4701 829 4753 δὲ
856 4703 913 4753 ὲν
936 4703 1045 4764 τοῖς
1066 4700 1472 4770 στρατιωτικοῖς
1501 4698 1836 4765 καταλόγοις,

252 4793 517 4863 πρίτερον
536 4791 761 4863 πορίζει
780 4792 840 4845 τὸ
869 4791 1174 4862 σιτηρέσιον
1204 4791 1232 4842 ὁ
1254 4790 1354 4859 τῆς
1376 4790 1660 4861 στρατείας
1684 4788 1840 4859 ἡγού-

253 4899 429 4950 μενος,
497 4881 611 4937 εἶθ’
643 4882 786 4937 ούτω
828 4881 1009 4936 δίδωσι
1055 4882 1148 4935 τοῦ
1192 4881 1425 4951 πολέμου
1460 4880 1522 4932 τὸ
1547 4879 1795 4949 σύνθημα
1819 4895 1834 4910 ο

252 4968 522 5023 τὺναύτδν
556 4970 765 5040 τρόπον
801 4970 894 5022 καὶ
923 4971 972 5022 ot
1022 4971 1122 5039 τῆς
1152 4970 1350 5040 ἀρετῆς
1401 4966 1726 5038 στρατιῶται
1779 4966 1839 5019 τὸ

257 5060 517 5125 μυστικὸν
540 5059 831 5128 δεξάμενοι
868 5060 1191 5130 σιτηρέσιον,
1220 5058 1359 5113 οὕτω
1379 5059 1519 5114 κατὰ
1544 5059 1653 5111 τῶν
1688 5058 1838 5111 ἀλλο-

256 5150 429 5215 ςὺλων
477 5150 699 5204 κινοῦσι
746 5151 836 5204 τὸν
888 5151 1144 5221 πόλεμον,
1200 5152 1371 5224 Ἰησοῦ
1419 5151 1513 5205 τοῦ
1559 5150 1836 5212 Μωῦσέως

258 5237 496 5311 ειαῶχου
561 5242 976 5311 καθηγουμένου
1030 5244 1130 5312 τῆς
1180 5244 1374 5321 μάχης.
1429 5245 1597 5316 Ὁρᾷς
1623 5243 1689 5295 δι’
1719 5241 1836 5303 οἵας

262 5331 499 5394 πρόεισιν
521 5331 892 5395 άκολουθίαςό
908 5332 1093 5401 λόγο;;
1116 5334 1253 5404 Ἕως
1278 5333 1669 5406 ἀσθενέστερός
1690 5333 1836 5386 ἐστιν

262 5416 285 5465 5
328 5418 629 5490 ἄνθρωπος
662 5425 720 5492 τῇ
757 5424 965 5493 πονηρᾷ
1013 5430 1268 5497 τυραννὶδ⁵
1319 5426 1738 5498 κεκακωμένος,
1767 5423 1836 5476 δι’

270 5507 447 5562 ἑαυτοῦ
483 5512 578 5563 τὸν
616 5513 806 5581 ἐχθρὸν
838 5514 937 5566 οὐκ
966 5513 1241 5582 ἀμύνεται.
1279 5539 1399 5600 οὐδὲ
1446 5526 1563 5600 γὰρ
1589 5516 1832 5572 δύναται.

432 5601 633 5671 ἕτερός
664 5605 809 5657 ἐστιν
838 5605 866 5655 6
893 5603 996 5655 τῶν
1026 5598 1359 5707 6306,0ng);
1393 5598 1779 5692 ὐτέερμαχῶν,
1809 5610 1836 5661 6

1939 4428 2082 4479 enim
2117 4428 2473 4495 privationem
2507 4429 2690 4484 nullus
2733 4430 2858 4499 jure
2899 4430 3370 4500 praeparationem,
3404 4426 3500 4484 sed

1940 4519 2356 4586 praeparationis
2386 4520 2657 4585 jar-turam
2698 4523 3057 4593 nuncupabit.
3090 4523 3300 4577 Idcirco
3327 4524 3500 4577 solam

1940 4609 2006 4662 ad
2039 4610 2239 4665 melius
2272 4612 2722 4681 pratparationem
2752 4614 2980 4669 historia
3009 4615 3166 4669 nobis
3191 4615 3498 4685 proposuit,

1938 4699 2274 4751 contrarium
2323 4700 2443 4768 ejus
2497 4700 2793 4770 inquirenti
2833 4703 3129 4773 prudenter
3160 4704 3498 4773 relinquens.

1942 4785 2141 4841 Verum
2173 4792 2626 4858 quemadmodum
2673 4808 2798 4847 cum
2847 4795 3195 4865 conscriptus
3224 4796 3501 4850 exercitus

1941 4878 2120 4941 fuerit,
2177 4882 2411 4949 primum
2462 4895 2823 4939 commeatum
2867 4894 3023 4956 parat
3069 4886 3345 4942 esercitus
3366 4887 3500 4953 dux,

1937 4984 2000 5023 ac
2024 4971 2220 5027 deinde
2250 4972 2375 5028 belli
2406 4975 2499 5028 dat
2535 4982 2795 5031 tesseram
2826 4996 2838 5032 :
2869 4978 3061 5032 eodem
3094 4978 3256 5032 modo
3281 4992 3500 5047 quoque

1936 5062 2156 5117 virtutis
2213 5064 2412 5119 milites
2472 5069 2708 5135 primum
2777 5069 3066 5139 mystiettm
3129 5077 3496 5124 commeatum

1938 5152 2235 5220 accipiunt,
2251 5162 2305 5207 et
2329 5156 2407 5208 sic
2432 5157 2699 5211 adversus
2722 5158 3055 5228 alienigenas
3070 5168 3291 5218 exeunt.
3311 5157 3497 5211 Jesum

1937 5246 2028 5313 qui
2058 5244 2226 5317 Moysi
2255 5247 2524 5301 successit
2546 5248 2739 5302 ducem
2782 5249 3141 5317 possidentes.
3180 5249 3339 5305 Vides
3386 5262 3495 5317 qua

1936 5339 2079 5390 serie
2131 5338 2357 5391 historia
2412 5340 2699 5407 procedit?
2735 5341 2911 5419 “vides
2975 5343 3247 5410 quomodo
3308 5347 3501 5392 nostro

1937 5435 2134 5481 cuncta
2170 5430 2449 5496 proposito
2482 5431 2835 5499 congruunt?
2864 5430 3162 5498 Quousque
3212 5427 3498 5482 imbecillis

1940 5517 2103 5568 homo
2164 5517 2218 5568 in
2272 5515 2378 5568 title
2435 5523 2521 5570 est
2587 5517 2895 5585 perniciosa
2955 5516 3169 5585 tyranni
3235 5512 3501 5567 servitute

1938 5623 2253 5677 oppressus,
2288 5623 2393 5661 non
2428 5608 2541 5674 ipso
2566 5624 2624 5663 se
2653 5608 2721 5661 ab
2746 5608 2900 5660 hoste
2933 5615 3140 5660 tutatur
3171 5624 3184 5658 :
3221 5620 3319 5659 nec
3347 5603 3498 5660 enim
