4054 6436
472 272 576 334 3"!

1731 277 1791 332 S.
1833 269 2155 333 CRECORII
2195 276 2484 333 NYSSENI

3605 269 3710 327 37‘!

478 365 696 456 potest:
732 387 824 442 sed
859 389 950 458 qui
975 403 1191 459 semper
1225 389 1457 446 inﬁrmis
1482 389 1662 454 adest,
1697 391 1788 460 qui
1823 391 2032 446 crebris
2063 420 2076 454 λ

2179 394 2255 455 αἷς
2281 365 2598 462 ἐπαλλήλοις
2626 389 2861 462 πληγαῖς
2890 388 2979 443 τὸν
3009 387 3265 459 πολέμιον
3285 384 3523 440 τύπτων.
3543 385 3712 437 Ἐπάν

474 481 689 535 hostem
724 493 788 533 ac
819 479 1033 548 magnis
1089 479 1410 537 vulneribus
1470 488 1652 552 potest
1698 480 1943 545 fundere,
1994 481 2042 536 is

479 585 578 640 pro
639 571 756 624 suis
805 577 1030 640 pugnat,
1086 570 1132 626 is
1196 571 1408 626 hostem
1454 572 1776 642 submergit,
1813 573 1859 627 is
1914 585 2044 626 suos

479 659 741 715 defendit.
772 659 910 714 Cum
942 675 1072 716 vero
1121 661 1177 715 in
1231 661 1532 716 libertatem
1587 661 1701 731 jam
1743 662 2048 717 vindicatus

482 753 644 806 homo
687 751 780 816 sit,
814 765 939 805 cum
994 751 1141 821 ligno
1186 766 1372 805 amara
1411 752 1464 806 in
1503 751 1847 806 dulcedinem
1905 768 2046 821 aqua

483 857 642 897 versa
673 841 1013 896 refocillatus
1035 841 1218 906 fuerit,
1248 857 1372 896 cum
1396 843 1450 896 in
1484 842 1715 897 fontium
1755 850 1810 897 et
1839 844 2047 911 palma-

485 950 604 988 rum
641 935 954 989 amoenitate
1004 934 1358 1003 requieverit,
1395 949 1518 988 cum
1563 934 1758 1004 lapidis
1791 932 2049 1002 mysterio

485 1027 632 1081 sitim
682 1027 978 1096 expulerit,
1033 1041 1156 1081 cum
1209 1025 1444 1096 denique
1473 1026 1683 1080 emlesti
1731 1024 1855 1080 cibo
1887 1022 2051 1078 fuerit

486 1133 642 1183 usus,
678 1126 810 1172 tunc
843 1133 952 1172 non
983 1133 1080 1188 per
1114 1118 1281 1172 alium
1315 1117 1466 1186 fugat
1497 1118 1684 1174 hostes
1712 1133 1726 1170 :
1770 1117 1862 1170 sed
1891 1115 2049 1185 quasi

487 1214 580 1285 qui
605 1215 716 1284 jam
745 1228 1037 1284 puerorum
1066 1221 1277 1268 aetatem
1299 1215 1617 1279 excesserit,
1641 1221 1695 1266 et
1717 1213 1770 1266 in
1789 1212 2050 1282 juvenum

491 1306 660 1360 robur
686 1306 1012 1376 pervenerit,
1043 1305 1158 1374 ipse
1190 1319 1289 1375 pro
1321 1305 1503 1375 seipso
1543 1319 1736 1359 manus
1783 1319 1907 1357 cum
1953 1302 2050 1356 ad-

496 1399 741 1454 versario
762 1397 1022 1460 conserit,
1046 1398 1186 1453 duce
1201 1411 1334 1453 usus
1367 1411 1469 1452 non
1493 1396 1676 1467 Moyse
1700 1396 1791 1451 Dei
1819 1397 2052 1461 cultore,

493 1488 590 1548 sed
645 1489 765 1560 ipso
795 1489 926 1544 Deo.
980 1489 1088 1544 Lex
1137 1505 1257 1560 quae
1300 1489 1356 1543 in
1408 1490 1580 1558 ﬁgura
1628 1487 1941 1541 futurorum
2000 1492 2056 1540 et

493 1580 688 1636 umbra
713 1580 839 1636 data
871 1587 988 1644 est,
1013 1578 1447 1649 inexpugnabilis
1478 1578 1535 1631 in
1567 1577 1712 1632 veris
1741 1573 2057 1643 certamini-

2147 485 2203 538 δέ
2236 485 2334 554 τῆς
2365 483 2472 537 τῶν
2505 482 2848 553 κρατούντων
2897 478 3138 541 δουλείας
3193 473 3528 545 ἐλευθερωθῇ
3551 512 3566 537 ,
3621 473 3714 525 καὶ

2149 573 2562 643 καταγλυκανθῇ
2597 573 2677 644 τῷ
2708 572 2867 641 ξύλῳ,
2916 571 3010 624 καὶ
3041 570 3100 623 ἐν
3143 570 3209 638 τῇ
3254 565 3511 635 φοινίκων
3541 581 3712 617 κατα-

2148 666 2301 734 γωγῇ
2331 663 2422 716 τὸν
2459 661 2625 715 κόπον
2663 659 2971 730 ἀναπαύσῃ,
3010 657 3104 710 καὶ
3135 655 3195 708 τὸ
3227 656 3324 726 τῆς
3348 654 3554 723 πέτρας
3600 649 3713 720 γνῷ

2151 757 2469 828 μυστήριον,
2512 754 2606 807 καὶ
2631 753 2728 822 τῆς
2763 751 3011 822 οὐρανίου
3041 748 3287 820 μετάσχῃ
3315 745 3522 815 τροφῆς
3550 761 3564 775 ο
3594 744 3711 795 τότε

2150 845 2332 900 οὐκέτι
2357 845 2424 898 δι’
2446 843 2636 915 ἐτέρας
2669 842 2848 913 χειρὸς
2870 842 3132 912 ἀμύνεται
3159 839 3250 892 τὸν
3279 837 3536 906 πολέμιον
3556 851 3570 864 ·
3597 833 3713 886 ἀλλ’

2151 936 2226 1000 ὡς
2253 935 2420 997 ἐκϐὰς
2446 934 2546 1004 ἥδη
2561 932 2660 1002 τὴν
2674 929 2766 984 τοῦ
2796 928 2982 992 παιδὸς
3007 927 3240 999 ἡλικίαν,
3270 924 3363 978 καὶ
3390 921 3714 978 καταλαϐὼν

2150 1027 2250 1098 τὴν
2279 1026 2460 1097 ἀκμὴν
2497 1025 2597 1094 τῆς
2622 1022 2890 1092 νεότητος,
2913 1021 3071 1083 αὐτὸς
3098 1020 3162 1072 δι’
3194 1016 3388 1071 ἑαυτοῦ
3420 1017 3530 1077 τοῖς
3563 1015 3708 1066 ἐναν⁸

2153 1119 2290 1182 τίοις
2311 1115 2700 1186 συμπλέκεται,
2718 1111 3006 1184 στρατηγῷ
3029 1109 3327 1181 χρώμενος,
3350 1107 3532 1160 οὐκέτι
3554 1106 3717 1158 Monii-

2156 1213 2242 1262 σεῖ
2269 1207 2345 1278 τῷ
2383 1182 2685 1279 *θεράποντι
2709 1182 2802 1257 τού
2851 1202 3006 1267 Θεοῦ,
3057 1202 3170 1257 ἀλλ’
3205 1197 3351 1269 αὐτῷ
3379 1197 3458 1267 τῷ
3486 1182 3627 1264 Θεῷ,
3654 1187 3718 1247 οὗ

2155 1299 2393 1368 Μωῦσῆς
2441 1297 2694 1365 Θεράπων
2735 1294 2969 1362 ἐγένετο.
3014 1292 3070 1344 '0
3111 1290 3216 1360 γὰρ
3242 1289 3301 1353 ἐξ
3337 1287 3509 1358 ἀρχῆς
3541 1284 3718 1347 δοθεὶς

2156 1393 2213 1444 ἐν
2236 1389 2390 1460 τύπῳ
2419 1388 2513 1442 καὶ⁵
2548 1389 2673 1457 σκιᾷ
2687 1387 2794 1440 τῶν
2823 1384 3118 1456 μελλόντων
3141 1382 3322 1451 νόμος,
3353 1381 3408 1432 ἐν
3441 1380 3549 1440 τοῖς
3582 1375 3719 1445 ἀλη-

2158 1482 2321 1545 θινοῖς
2342 1481 2546 1549 ἀγῶσιν
2575 1479 2856 1549 ἀπόμαχος
2897 1476 3065 1548 μένει,
3102 1472 3395 1544 στρατηγεῖ
3437 1469 3494 1521 δέ
3522 1470 3550 1521 ὁ
3577 1467 3719 1536 πλη-

2162 1573 2335 1646 ρωτὴς
2383 1569 2474 1624 τοῦ
2507 1570 2693 1641 νόμου,
2728 1569 2819 1621 καὶ
2846 1565 3121 1626 Μωῦσέως
3165 1561 3424 1630 διάδοχος,
3453 1561 3480 1612 ό
3500 1558 3586 1611 διὰ
3617 1556 3723 1624 τῆς

493 1673 596 1728 bus
623 1680 729 1737 est,
767 1673 820 1727 in
845 1673 1047 1744 quibus
1078 1646 1185 1725 du—x
1208 1646 1313 1734 est,
1341 1670 1433 1740 qui
1461 1668 1629 1740 Moysi
1653 1667 1938 1734 successit,
1964 1667 2057 1735 qui

2179 1659 2479 1732 ὶμωνυμίας
2515 1657 2608 1711 τοῦ
2636 1656 2756 1710 τότε
2799 1652 3224 1726 στρατηγοῦντος
3273 1646 3723 1719 προκηρυσσόμεο

495 1765 667 1835 legem
705 1738 1037 1834 adimplevit,
1086 1763 1179 1833 qui
1212 1763 1294 1818 vel
1330 1738 1563 1816 nomine
1608 1761 1728 1829 ipso
1757 1757 1912 1812 duc‘is
1951 1756 2055 1811 lle-

2179 1770 2264 1817 ιος.
2315 1753 2374 1804 '0
2405 1750 2461 1802 δέ
2493 1749 2638 1814 λαὸς,
2672 1750 2720 1802 εί
2749 1748 2844 1818 μὲν
2883 1743 3192 1816 ἐπηρμένας
3221 1741 3402 1811 βλέποι
3438 1738 3530 1792 τοῦ
3567 1753 3725 1806 νομο-

498 1855 768 1910 bmorum
796 1825 969 1909 multo
993 1825 1121 1910 ante
1143 1853 1469 1924 praedicatus
1493 1861 1596 1908 est.
1622 1825 1862 1920 i’opulus
1879 1856 2058 1902 autem

2179 1845 2314 1896 Ιέτου
2353 1843 2452 1906 τὰς
2505 1842 2712 1910 χεῖρας,
2747 1837 3045 1908 ὑπέρτερος
3072 1831 3164 1885 τοῦ
3225 1828 3420 1902 ἐχθροῦ
3457 1826 3597 1880 κατὰ
3625 1825 3723 1896 τὴν

499 1946 766 2016 siquidem
791 1948 1029 2002 elevatas
1054 1944 1379 2016 legislatoris
1409 1958 1603 1998 manus
1627 1939 1870 2008 respicit,
1894 1938 2064 1992 vineit

2179 1931 2462 2008 ταράταξιν
2511 1931 2742 2000 γίνεται.
2767 1930 2828 1982 El
2868 1927 2923 1981 δὲ
2947 1919 3297 1994 καθειμένας,
3332 1919 3591 1973 ἐνδίδωσι.
3616 1915 3725 1987 Ση-

501 2035 662 2092 facile
689 2037 878 2092 hostes
905 2055 918 2092 :
951 2036 1036 2092 sin
1069 2051 1198 2091 vero
1231 2036 1541 2104 depressas,
1592 2031 1737 2086 cedit
1790 2030 2060 2085 hostibus.

2179 2023 2394 2080 ,αίνειδὲ
2425 2021 2488 2074 τὸ
2516 2021 2615 2091 μὲν
2643 2021 2700 2071 ἐν
2717 2016 2841 2086 ὕψει
2867 2016 2965 2078 τὰς
2988 2017 3174 2086 χεῖρας
3192 2012 3536 2083 ἐπαίρειντὸν
3550 2010 3723 2062 Matii-

504 2127 788 2199 Signiﬁcat
827 2138 1007 2182 autem
1036 2141 1294 2180 manuum
1320 2125 1492 2195 Moysi
1523 2124 1575 2177 in
1607 2123 1774 2176 altuut
1805 2120 2062 2184 sublatio,

2179 2116 2270 2182 ’έα,
2304 2111 2403 2183 τὴν
2427 2109 2516 2163 διὰ
2539 2107 2648 2160 τῶν
2675 2105 3021 2177 ὑψηλοτάτων
3052 2104 3339 2174 νοημάτων
3371 2099 3603 2172 Θεωρίαν
3628 2095 3728 2150 τοῦ

502 2216 638 2287 legis
678 2217 732 2270 in
763 2216 1062 2271 altissimos
1099 2229 1297 2270 sensus
1337 2212 1897 2267 accommodationem
1925 2225 1940 2265 :
1969 2209 2066 2263 de-

2179 2208 2313 2277 όμου
2337 2219 2351 2234 ⁸
2377 2204 2439 2256 τὸ
2461 2202 2518 2254 δὲ
2547 2202 2627 2264 εἰς
2647 2199 2746 2269 τὴν
2779 2199 2880 2268 γῆν
2913 2197 3228 2261 ἐπικλίνειν,
3251 2194 3350 2266 τὴν
3382 2191 3645 2260 ταπεινήν
3665 2205 3728 2241 τε

502 2306 714 2369 missio,
743 2305 1023 2369 humilem,
1048 2312 1342 2369 terrenam,
1367 2303 1762 2370 litlet‘alemque
1783 2299 1918 2367 legis
1941 2312 2064 2352 cum

2179 2298 2242 2352 μαὶ
2267 2292 2608 2368 χαμαίζηλον
2647 2290 2786 2344 κατὰ
2813 2289 2873 2341 τὸ
2899 2289 3130 2359 γράμμα
3150 2285 3244 2340 τοῦ
3277 2284 3441 2355 νόμου
3467 2279 3728 2352 ἐξήγησιν

502 2394 901 2464 expositionem
993 2402 1109 2447 tum
1188 2369 1689 2447 observationema
1736 2388 1890 2454 Quod
1941 2401 2067 2442 vero

2179 2407 2210 2442 ηε
2247 2387 2342 2442 καὶ
2373 2385 2777 2455 παρατήρησιν.
2817 2379 3118 2451 ’Υπερείδει
3146 2379 3203 2432 δέ
3251 2373 3608 2464 βαρυνθείσας
3632 2369 3729 2424 τοῦ

505 2485 762 2540 sacerdos
790 2500 983 2555 graves
1009 2484 1177 2556 Mnysi
1201 2499 1395 2539 manus
1427 2485 1686 2545 sustinet,
1709 2478 1914 2533 auxilio
1935 2493 2068 2532 usus

2179 2453 2811 2545 Μωΰσέωςήτὰςηχεῖρας
2848 2469 2877 2522 ό
2926 2466 3105 2538 ἱερεὺς
3154 2457 3401 2556 συνεργιῖι
3445 2453 3731 2555 χρωμενρς

506 2576 833 2644 cognatione
885 2575 988 2631 sibi
1028 2573 1351 2644 conjuncti,
1412 2587 1588 2641 neque
1643 2570 1877 2624 alienum
1927 2576 2068 2622 esta

2179 2571 2241 2642 τῷ
2263 2567 2590 2641 ᾠκειωμένῳ
2643 2562 2780 2617 κατὰ
2824 2560 2886 2614 τὸ
2942 2557 3108 2626 γένος.
3145 2552 3277 2607 Οὐδὲ
3310 2547 3468 2602 τοῦτο
3501 2544 3596 2613 τῆς
3619 2539 3732 2593 τῶν

507 2679 672 2719 sensu
702 2664 898 2719 altiore
929 2679 1091 2734 quem
1129 2661 1434 2732 sequimur.
1468 2659 1667 2715 Verum
1711 2659 1855 2711 enim
1887 2672 2070 2710 sacer-

2179 2633 2892 2734 θεωρηθέντων’ἀκολουθίας
2921 2650 3065 2702 ἐστὶν
3090 2646 3281 2734 ἐκτός(
3387 2638 3494 2734 γὰρ
3525 2633 3733 2734 dinei];

506 2753 712 2809 dotium
747 2769 842 2824 per
872 2722 1222 2825 conjunctuni
1255 2753 1358 2809 sibi
1411 2751 1502 2806 Dei
1549 2749 1799 2813 verbum,
1849 2762 2069 2802 sensum

2179 2722 2434 2825 ἱερωσύνη
2468 2749 2554 2803 διὰ
2580 2747 2671 2801 τοῦ
2727 2742 3066 2813 συνημμένου
3108 2737 3244 2804 αὐτῇ
3272 2732 3431 2799 λόγου
3463 2726 3607 2780 θείου
3632 2722 3735 2785 τὰς

511 2844 646 2915 legis
673 2843 876 2899 duritie
903 2842 1117 2898 Judaici
1148 2842 1333 2897 cordis
1383 2842 1437 2895 in
1469 2849 1671 2894 terram
1716 2838 1984 2906 dejectum
2017 2837 2071 2889 in

2179 2816 2516 2918 EV-gapﬁt'ﬁtt
2561 2840 2657 2910 τῆς
2711 2831 3006 2900 Ἰουδαϊκῆς
3053 2826 3286 2886 διανοίας
3311 2823 3386 2884 εἰς
3417 2819 3516 2918 γῇν
3538 2816 3737 2918 ἐρριμ-

510 2937 679 2989 altum
719 2951 910 2991 rursus
941 2935 1172 2998 reducit,
1207 2943 1262 2987 et
1306 2949 1373 2986 nc
1405 2930 1629 2985 omnino
1681 2905 1863 2989 cadat,
1900 2926 2074 2995 lapide

2179 2905 2343 3008 μένας
2365 2905 2642 3002 ἐνεργείας
2670 2926 2764 2979 τοῦ
2802 2925 2965 2992 νόμου
3002 2918 3161 2971 πάλιν
3191 2914 3374 2978 ἀνάγει
3415 2909 3493 2970 εἰς
3506 2907 3563 3007 'r-o
3580 2905 3736 3008 ϐιζος,

508 3034 802 3091 sustentat,
850 3034 908 3080 ut
974 3026 1175 3081 rectior
1229 3040 1322 3094 per
1369 3022 1744 3079 eXtensionem
1811 3033 2071 3072 manuum

2179 2993 2269 3082 καὶ
2288 2993 2550 3078 πίπτοντα
2575 3019 2663 3073 τὸν
2696 3017 2856 3086 νόμον
2878 3014 2956 3074 είς
2983 3010 3172 3076 ἔδαφος
3192 3000 3467 3094 ὑπερείδει
3485 2995 3563 3064 τῷ
3582 2993 3740 3094 λίθιρ,

510 3122 838 3186 consistens,
871 3134 1094 3176 sensum
1131 3115 1430 3186 spiritalem
1465 3126 1623 3166 suum
1655 3108 2073 3179 respicientibus

2181 3116 2319 3169 ὥστε
2378 3111 2538 3166 αὑτὸν
2587 3105 2864 3162 άνεστῶτα
2894 3099 2972 3171 τῷ
3016 3100 3252 3168 σχήματι
3276 3092 3374 3161 τῆς
3402 3087 3508 3140 τῶν
3540 3082 3742 3186 χείρων

511 3213 785 3269 ostendat.
843 3210 976 3265 Nam
1029 3223 1156 3264 vere
1200 3205 1410 3276 iis,qni
1461 3205 1517 3258 in
1571 3204 1742 3274 legem
1804 3201 2076 3270 respicere

2181 3204 2474 3264 ἐκτάσεως,
2507 3201 2598 3252 τὸν
2636 3194 2827 3250 ἐαυτοῦ
2861 3190 3057 3245 σκοπὸν
3089 3179 3456 3239 ὑποδεικνύειν
3486 3178 3597 3237 τοῖς
3622 3172 3746 3244 βλέ-

513 3313 762 3376 possunt,
816 3302 998 3357 crucis
1031 3299 1353 3370 mysterium
1385 3297 1623 3366 undique
1658 3294 1770 3348 fere
1817 3299 1986 3362 patet,
2021 3297 2076 3343 ut

2183 3309 2404 3350 πουσιν.’
2434 3289 2673 3361 Ἀληθῶς
2704 3287 2810 3357 γὰρ
2837 3285 2946 3346 τοῖς
2976 3278 3214 3348 καθορᾷν
3241 3271 3557 3342 δυναμένοις
3579 3268 3637 3318 ἐν
3663 3263 3745 3376 τλῷ

516 3357 863 3466 rEvangelium
901 3357 1119 3464 quoque
1171 3389 1303 3446 dicit
1323 3357 1515 3454 “,iota
1533 3357 1591 3444 et
1623 3357 1834 3457 apicem
1888 3398 1918 3437 a
1964 3385 2076 3454 lege

2183 3387 2332 3457 νόμῳ
2360 3357 2592 3455 μάλιστα
2609 3379 2670 3432 τὸ
2702 3375 2841 3430 κατὰ
2857 3375 2945 3428 τὸν
2972 3369 3200 3440 σταυρὸν
3226 3357 3749 3466 θεωρεῖταιρυρτή-

517 3501 625 3541 non
661 3487 956 3556 praeterire,
1013 3491 1383 3538 transversam
1441 3478 1638 3532 lineam
1694 3483 1748 3530 et
1788 3473 2079 3545 perpendi-

517 3579 757 3634 cularetn
784 3591 848 3631 ac
870 3584 1093 3638 rectam,
1123 3574 1323 3643 quibus
1338 3573 1507 3642 ﬁgura
1525 3569 1707 3624 crucis
1727 3565 2080 3629 deseribitur,

519 3685 615 3741 per
645 3669 752 3723 iota
798 3676 852 3723 et
884 3667 1090 3737 apicem
1149 3663 1464 3720 ostendens.
1523 3662 1653 3727 Quae
1683 3675 1772 3716 res
1804 3660 1860 3714 in
1903 3657 2086 3728 Moyse

521 3773 652 3816 tunc
701 3767 1021 3828 conspecta,
1048 3758 1140 3829 qui
1175 3772 1273 3826 pro
1320 3756 1437 3825 lege
1484 3753 1601 3825 ipsa
1637 3752 1878 3822 ponitur,
1911 3749 2088 3803 victo-

522 3854 657 3908 riam
687 3852 1102 3924 respicientibus
1133 3849 1382 3921 prxbuit.

597 4127 706 4186 Sed
760 4127 962 4183 iterum
1019 4123 1298 4180 continuis
1355 4116 1838 4191 progressionibus
1901 4123 2089 4168 nostra

2188 3447 2318 3549 ptov:
2350 3447 2440 3528 Ᾰιό
2471 3470 2602 3543 φησί
2630 3485 2732 3522 που
2778 3465 2838 3519 τὸ
2875 3461 3225 3531 Εὐαγγέλιον,
3251 3457 3332 3509 ὅτι
3361 3456 3425 3506 ἐκ
3453 3449 3546 3503 τοῦ
3576 3447 3748 3549 νόμου

2177 3570 2238 3624 τὸ
2279 3567 2410 3622 ἰῶτα
2460 3564 2554 3618 καὶ
2599 3557 2796 3631 κεραία
2846 3556 2907 3608 ού
2961 3551 3324 3624 παρέρχεταιο
3365 3542 3625 3613 σημαῖνον
3657 3534 3751 3588 διὰ

2179 3660 2286 3713 τῶν
2309 3654 2610 3729 εἰρημένων
2654 3627 2753 3720 τήν
2781 3665 2840 3701 τε
2885 3647 2948 3698 ἐκ
2993 3641 3220 3710 πλαγίου
3241 3632 3503 3707 γραμμὴν
3524 3630 3621 3729 καὶ
3647 3627 3752 3696 τὴν

2180 3721 2520 3804 κάθετονξ-δϋ
2539 3740 2614 3796 ὧν
2641 3742 2702 3794 τὸ
2728 3739 2909 3810 σχῆμα
2937 3734 3029 3788 τοῦ
3062 3728 3292 3800 σταυροῦ
3315 3721 3752 3810 καταγράφεται.

2186 3842 2362 3910 Ὅπερ
2391 3837 2484 3890 καὶ
2535 3836 2592 3887 ἐν
2639 3832 2716 3902 τῷ
2762 3808 2984 3885 Μωῦσεῖ
3009 3825 3128 3877 τότε
3170 3819 3517 3891 βλεπόμενον,
3551 3812 3609 3874 ὃς
3628 3808 3755 3910 ἀντὶ

2191 3929 2284 3984 τοῦ
2335 3929 2499 3998 νόμου
2541 3926 2756 3985 νοεῖται,
2787 3917 3046 3991 τροπαίου
3070 3915 3163 3968 καὶ
3211 3910 3366 3980 νίκης
3421 3906 3590 3959 αἴτιον
3635 3899 3757 3961 τοῖς

2193 4020 2361 4092 δρῶσι
2385 4017 2724 4071 καθίσταται.

2265 4112 2431 4165 Πάλιν
2465 4110 2611 4178 ἡμῖν,
2662 4105 2728 4158 δι’
2755 4097 3046 4156 ἀκολούθου
3083 4091 3223 4154 τινὸς
3257 4085 3591 4178 ἀναδόσεως,

597 4169 706 4186 νυ..
762 4169 962 4183 ..........
1021 4169 1298 4180 νν..-.-.-.-
1357 4169 1831 4191 r--,,--____--,_,,-

527 4236 683 4277 mens
709 4220 777 4274 ad
809 4218 1128 4277 sublimiora
1163 4214 1465 4272 extollitur.
1503 4210 1633 4263 Nam
1658 4209 1752 4278 qui
1782 4207 1908 4262 cibo
1947 4205 2076 4259 refe-

2197 4203 2266 4258 τὰ
2285 4169 2586 4294 ὑψηλότερα
2601 4198 2697 4266 τῆς
2720 4191 2921 4294 ᾴρξτῆς
2934 4192 2974 4289 ό
3003 4172 3620 4294 λόγος

527 4321 648 4369 ctus
680 4321 784 4376 est,
815 4317 869 4368 et
910 4311 964 4364 in
998 4309 1190 4380 proelio
1235 4305 1450 4361 fortiter
1477 4317 1536 4357 se
1569 4300 1760 4372 gessit,
1801 4299 2076 4365 hostesqut

2194 4260 2460 4349 νοιαν.”Ο
2507 4260 2614 4359 γὰρ
2648 4260 3001 4347 ﬁrmes;
3036 4273 3242 4346 τροφῆς
3269 4260 3766 4380 δυναμωθεξς,κκαὶ

527 4401 748 4471 dejecit,
782 4401 829 4455 is
850 4411 979 4454 tune
1004 4397 1074 4452 ad
1103 4395 1428 4452 ineﬁ‘abilem
1465 4392 1558 4447 Dei
1595 4389 1963 4460 cognitionem
1999 4384 2095 4438 ad-

437 4522 439 4524 ·
529 4493 773 4549 ducitur.
807 4491 972 4547 Docet
1002 4491 1168 4562 igitur
1187 4505 1290 4544 nos
1310 4488 1397 4543 his
1418 4481 1943 4543 omnibushistoria,
1964 4483 2095 4547 quot

530 4596 846 4658 quantaque
887 4586 941 4639 in
984 4585 1094 4639 vita
1145 4583 1384 4653 gessisse
1433 4580 1584 4633 illum
1627 4580 1898 4646 oporteat,
1943 4581 1998 4625 ut
2030 4568 2097 4622 ad

531 4677 868 4749 cognitionis
903 4676 997 4731 Dei
1039 4683 1276 4728 montem
1312 4669 1624 4725 ascendere
1654 4673 1836 4720 mente
1878 4661 2096 4722 audeat,

532 4779 586 4825 et
623 4769 875 4824 tubarum
925 4779 1112 4819 vocem
1159 4762 1460 4823 sustinere,
1510 4765 1670 4824 atque
1709 4755 1761 4808 in
1810 4752 2098 4820 caliginem

536 4857 772 4929 ingredi,
808 4857 901 4910 ubi
939 4854 1082 4909 Deus
1117 4861 1219 4912 est,
1260 4851 1553 4916 divinaque
1587 4851 1856 4915 przecepta
1902 4841 2102 4894 tabulis

537 4950 802 5018 impressa
853 4947 1178 5011 suscipere;
1220 4948 1274 4994 ct
1311 4939 1357 4994 si
1412 4936 1643 5004 alicujus
1703 4941 1925 5003 peccato
1969 4945 2102 4984 con-

540 5039 868 5108 fringantur,
907 5035 1040 5088 alias
1089 5047 1253 5085 manu
1301 5027 1580 5083 coniectas
1624 5025 1733 5080 Deo
1775 5021 1990 5083 aiferrc,
2040 5034 2103 5071 ac

539 5127 635 5184 Dei
678 5127 848 5198 digito
891 5140 1083 5180 rursus
1112 5140 1204 5179 cas
1247 5123 1300 5177 in
1351 5121 1498 5189 ipsas
1549 5118 1853 5171 litterarum
1903 5111 2105 5180 ﬁguras

543 5221 758 5284 caelare,
790 5234 911 5290 qnzc
936 5219 990 5271 in
1035 5217 1225 5286 primis
1251 5214 1488 5268 fuerant.
1528 5208 1634 5264 Sed
1687 5206 1884 5262 melius
1915 5213 1996 5257 est
2036 5199 2105 5254 ad

543 5310 786 5366 historia:
831 5310 1080 5364 ordinem
1121 5307 1479 5376 anagogicum
1521 5312 1743 5356 sensum
1792 5308 2106 5349 accommo-

543 5404 694 5457 dare.
727 5401 860 5455 Nam
886 5402 976 5472 qui
1007 5401 1072 5454 ad
1105 5400 1324 5472 Moysen
1353 5395 1664 5462 nubemque
1698 5386 1939 5456 respicit,
1987 5383 2109 5452 qui-

545 5494 646 5548 lius
677 5493 891 5547 duobus
919 5493 984 5548 ad
1015 5492 1268 5546 virtutem
1300 5485 1548 5542 homines
1571 5479 1936 5542 deducuntur,
1963 5474 2108 5530 utsit

622 5671 664 5703 ‘°
695 5671 882 5726 Matth.
910 5688 959 5736 v,
993 5669 1076 5724 l8.

2195 4389 2260 4456 τῇ
2296 4383 2426 4453 πρὸς
2449 4353 2864 4442 τοὺς-ἐναντίους
2883 4368 3164 4440 συμπλοκῇ
3178 4364 3273 4432 τὴν
3300 4359 3526 4427 δύναμιν
3553 4353 3762 4456 δείξας,

2198 4442 2293 4529 καὶ.
2341 4442 2568 4542 ⁸κινητὴς
2617 4467 2724 4520 τῶν
2781 4457 3246 4528 ἀντιτεταγμένων
3284 4450 3594 4519 γενόμενος,
3634 4442 3766 4542 τότε

2200 4533 2538 4636 προσάγεται.
2578 4562 2642 4630 τῇ
2702 4555 2998 4626 ἀπορρήτῳ
3047 4547 3228 4618 ἐκείνῃ
3256 4533 3770 4636 θεογνιυσίᾳοιδιοδάο

2203 4623 2418 4716 σκοντος
2455 4652 2602 4723 ἡμᾶς
2617 4623 2724 4702 ’διὰ
2756 4623 2957 4698 τούτων
3011 4637 3106 4691 τοῦ
3145 4637 3303 4702 λόγου
3328 4673 3344 4696 ,
3379 4625 3467 4682 οἶα
3515 4625 3610 4680 καὶ
3659 4623 3771 4675 ὅσα

2204 4749 2468 4819 προσήκει
2498 4735 2943 4813 προκατορθῶσαι
2963 4729 3104 4785 κατὰ
3124 4728 3212 4780 τὸν
3245 4721 3475 4794 βίον,ἴνα
3518 4716 3775 4786 τολμήσῃ

2203 4840 2330 4893 ποτὲ
2376 4839 2439 4907 τῇ
2479 4831 2684 4900 διανοίᾳ
2709 4825 3011 4898 προσϐῆναι
3039 4819 3114 4890 τῷ
3141 4819 3239 4886 τῆς
3272 4810 3597 4881 θεογνωςίας
3622 4809 3771 4876 ὄρει,

2204 4929 2296 4983 καὶ
2349 4897 2702 4988 ὑποδέξασθαι
2895 4912 3001 4965 τῶν
3054 4907 3367 4973 σαλπίγγων
3416 4903 3630 4969 φωνὴν,
3674 4897 3778 4988 καὶ

2205 5017 2468 5072 εἰσελθεῖν
2493 4985 2570 5074 είς
2597 5011 2685 5062 τὸν
2708 4985 2922 5075 γνόνφον,
2945 4997 3002 5054 οὗ
3020 4999 3163 5050 ἔστιν
3197 4998 3223 5048 ὁ
3253 4993 3403 5054 Θεὸς,
3444 4988 3536 5042 καὶ
3567 4985 3772 5075 ἐγγρά-

2203 5110 2300 5179 ψαι
2333 5109 2446 5168 ταῖς
2479 5101 2638 5165 πλαξὶ
2662 5098 2730 5150 τὰ
2762 5097 2876 5148 θεῖα
2898 5091 3246 5162 χαράγματα,
3272 5081 3373 5134 κᾶν
3412 5074 3780 5146 συντριϐὦσιν

2205 5166 2362 5255 άῖιται
2390 5166 2476 5250 δία
2499 5188 2868 5262 πλημμελείας
2884 5183 3048 5244 τινὸς,
3083 5178 3242 5232 πάλιν
3264 5173 3360 5234 τὰς
3379 5188 3459 5241 χει
3469 5166 3784 5262 ροτμήτους

2209 5290 2480 5345 ὑποθεῖναι
2509 5284 2585 5353 τῷ
2617 5280 2734 5350 Θεῴ
2773 5276 3004 5336 πλάκας,
3044 5270 3134 5323 καί
3167 5261 3498 5334 άναχαράξαι
3536 5256 3615 5325 τῷ
3645 5254 3790 5324 θείῳ

2208 5379 2450 5448 δακτύλῳ
2482 5348 2628 5430 τὰνὲν
2649 5348 2767 5432 ταῖς
2802 5366 3042 5439 πρώταις
3059 5355 3429 5448 ἁρχειωθέντα-
3446 5348 3788 5448 γράημμίατα.

2211 5436 2434 5522 Βέλτιον.
2459 5464 2501 5517 δ’
2537 5462 2602 5517 ἂν
2651 5459 2733 5517 εἴη
2764 5436 3176 5512 δι’άκολούθου,
3213 5440 3352 5498 κατὰ
3379 5439 3476 5509 τὴν
3507 5437 3606 5507 τῆς
3635 5436 3791 5490 Esto-
