4054 6436
281 297 359 352 373
1523 300 1609 355 DE
1651 300 1811 356 VITA
1851 297 2124 355 MOYSIS.
3365 300 3468 354 δτι

283 415 369 483 pia;
395 409 523 474 τάξιν
568 413 636 483 τῇ
682 414 1003 486 ἀναγωγικῇ
1057 407 1438 486 προσαρμόσαι
1484 417 1543 468 τὸ
1592 416 1792 486 νόημα.

1904 413 2116 484 Moyses
2145 411 2362 482 quidem
2394 428 2493 482 pro
2549 413 2664 482 lege
2707 413 2952 483 legisque
3011 414 3320 484 praeceptis,
3373 431 3478 467 nu-

286 502 480 556 Ἐπειδὰν
505 516 611 572 γαρ
636 505 663 555 ό
693 503 830 574 πρὸς
879 505 968 557 τὸν
1022 507 1256 558 Μωῦσέα
1305 506 1400 559 καὶ
1431 505 1528 574 τὴν
1570 506 1799 574 νεφέλην

277 595 451 665 βλέπων,
495 593 566 646 δι’
596 587 671 647 ὧν
699 595 1024 667 ἀμφοτέρων
1059 597 1267 664 γίνεται
1295 598 1407 659 τοῖς
1451 598 1571 650 κατ’
1599 595 1799 668 ἀρετὴν

272 686 496 757 προϊοῦσιν
546 689 579 757 ἠ
619 686 844 757 όδηγία’
900 688 984 756 εἴη
1031 687 1075 740 δ’
1128 687 1194 740 ἂν
1226 689 1282 740 ὲν
1316 687 1394 758 τῷ
1429 687 1584 758 μέρει
1626 687 1799 756 τούτῳ

271 779 456 846 Μωῦσῆς
497 776 617 848 μὲν,
667 778 738 831 τά
768 776 970 848 νομικά
1019 777 1472 849 παραγγέλματα,
1506 777 1702 848 νεφέλη
1743 779 1798 830 δὲ

268 867 706 937 πῳκαθηγουμένη
734 865 831 920 τοῦ
859 866 1023 935 νόμου
1049 882 1061 894 ’
1096 866 1154 928 ὃς
1177 865 1385 936 διανοίᾳ
1415 864 1800 936 κεκαθαρμένη

269 962 310 1012 ὲν
328 961 378 1028 τῇ
402 957 639 1011 διαϐάσει
663 957 756 1010 τοῦ
803 958 1016 1020 ὕδατος,
1050 956 1332 1026 νεκρώσας
1361 974 1419 1009 τε
1448 958 1542 1010 καὶ
1571 958 1801 1027 ἀποκρί-

265 1069 335 1114 νας
365 1048 542 1103 ἑαυτοῦ
588 1049 649 1102 τὸ
691 1049 1010 1124 ἀλλόφυλον,
1045 1049 1300 1117 γεύσεταί
1340 1065 1399 1101 τε
1427 1048 1528 1116 τῆς
1564 1051 1793 1119 μερρᾱς,

261 1140 477 1202 τουτέστι,
508 1139 606 1192 τοῦ
659 1140 1066 1211 κεχωρισμένον
1113 1139 1220 1194 τῶν
1249 1139 1452 1209 ἡδονῶν
1482 1138 1620 1208 βίου,
1657 1138 1684 1191 ὃ
1711 1156 1798 1192 πι-

262 1231 362 1301 κρόν
385 1248 434 1283 τε
469 1231 571 1284 καὶ
608 1231 774 1302 ἀηδὲς
809 1231 962 1302 παρά
989 1229 1086 1300 τὴν
1124 1230 1348 1301 πρώτην
1377 1232 1490 1293 τοῖς
1525 1230 1798 1299 γευσαμέ-

258 1338 344 1383 νοις
387 1322 733 1390 φαινόμενον,
793 1321 1054 1388 γλυκεῖαν
1093 1322 1323 1392 παρέχει
1367 1324 1481 1384 τοῖς
1536 1321 1597 1373 τὸ
1644 1320 1798 1385 ξύλον

261 1413 683 1484 παραδεξαμένοις
711 1413 811 1484 τὴν
832 1413 1084 1484 αἴσθησιν
1107 1429 1120 1444 ο
1156 1409 1276 1466 εἶτα
1300 1415 1412 1475 τοῖς
1438 1413 1659 1466 κάλλεσι
1689 1413 1798 1465 τῶν

256 1503 470 1568 φοινίκων
517 1502 629 1554 τῶν
693 1501 1069 1570 εὐαγγελικῶν
1112 1503 1202 1555 καὶ
1249 1501 1356 1555 τῶν
1393 1501 1585 1572 πηγῶν
1613 1504 1800 1572 ἐντρυ-

230 1598 417 1663 ποήσας,
445 1597 537 1648 καλ⁸
572 1594 666 1648 τοῦ
720 1594 925 1658 ζῶντος
953 1594 1166 1659 ὕδατος,
1188 1596 1326 1663 ὅπερ
1348 1595 1495 1647 ἐστὶν
1529 1597 1561 1664 ἡ
1600 1594 1796 1664 πέτρα,

255 1690 432 1756 πλήρης
457 1687 774 1758 γενόμενος,
833 1687 924 1740 τόν
951 1703 1010 1739 τε
1057 1687 1308 1758 οὐράνιον
1335 1687 1496 1758 ἄρτον
1529 1687 1585 1738 ἐν
1620 1684 1798 1755 ἑαυτῷ

257 1781 417 1844 λαϐὼν,
439 1783 528 1834 καὶ
552 1780 698 1834 κατά
711 1779 821 1832 τῶν
853 1779 1165 1848 ἀλλοφύλων
1190 1779 1602 1849 ἀνδρισάμενος,
1632 1770 1676 1844 ᾧ
1698 1777 1798 1846 τῆς

253 1871 377 1937 νίκης
418 1872 589 1936 αίτία,
622 1873 656 1941 ἡ
693 1870 915 1934 ἕκτασις
960 1870 1067 1922 τῶν
1122 1869 1320 1940 χειρῶν
1366 1867 1459 1922 τοῦ
1511 1868 1799 1939 νομοθέτου

254 1961 496 2031 γίνεται,ή
527 1960 595 2012 τὸ
638 1961 939 2029 μυστήριον
977 1959 1072 2013 τοῦ
1103 1959 1339 2031 σταυροῦ
1372 1958 1803 2030 προδεικνύουσα

252 2053 346 2104 τότε
371 2053 704 2122 προσάγεται
733 2054 798 2120 τῇ
847 2052 946 2122 τῆς
985 2050 1388 2121 ὑπερκειμένης
1419 2050 1632 2119 φύσεως
1671 2049 1803 2101 θεωο

257 2144 342 2213 ρία.
374 2145 510 2208 Ὁδὸς
540 2144 606 2197 δὲ
637 2143 789 2212 αὐτῷ
818 2143 954 2215 πρὸς
970 2143 1068 2212 τὴν
1100 2141 1356 2213 τοιαύτην
1385 2141 1605 2210 γνῶσιν,
1636 2141 1805 2194 καθα-

255 2236 384 2306 ρότης
396 2236 631 2305 γίνεται,
658 2236 721 2289 ού
735 2234 830 2288 τοῦ
848 2233 1098 2305 σώματος
1115 2234 1297 2304 μόνον,
1323 2252 1389 2286 πε
1397 2252 1448 2305 ρι
1455 2233 1804 2308 ῤῥαντηρίοις

252 2329 367 2380 τισὶν
394 2328 844 2399 ἀφαγνισθέντος,
871 2326 1008 2381 ἀλλά
1029 2325 1125 2378 καὶ
1152 2325 1260 2378 τῶν
1288 2326 1601 2396 ἐνδυμάτων
1623 2325 1805 2393 πάσης

252 2420 432 2488 κηλῖδος
483 2420 948 2476 ἀποκλυσθέντων
983 2420 1060 2490 τῷ
1097 2419 1269 2472 ὕδατι.
1294 2419 1465 2473 Τοῦτο
1486 2418 1542 2470 δέ
1573 2420 1709 2481 ἐστι,
1745 2417 1805 2470 τὸ

248 2510 320 2562 διὰ
356 2513 570 2566 πάντων
618 2511 957 2582 καθαρεῦσαι
989 2512 1099 2566 δεῖν
1120 2511 1209 2564 τὸν
1246 2511 1504 2582 μέλλοντα
1541 2508 1807 2580 προσϐαί-

251 2617 340 2654 νειν
362 2606 418 2672 τῇ
437 2604 543 2656 τῶν
601 2603 770 2656 ὄντων
813 2602 1038 2674 θεωρίᾳ,
1061 2603 1136 2667 ὼς
1163 2602 1258 2657 καὶ
1291 2602 1436 2674 ψυχῇ
1473 2601 1568 2655 καὶ
1592 2600 1805 2671 σώματι

247 2693 454 2765 καθαςὴν
476 2693 629 2749 εἶναι
654 2695 748 2747 καὶ
781 2694 1243 2765 ἀκηλίδωτον,τὸν
1275 2695 1332 2747 ὲν
1357 2693 1602 2765 ἑκατέρῳ
1634 2689 1805 2763 ῥύπον

249 2785 571 2858 καταλλήλως
629 2785 1076 2856 ἀποκλυσάμενον
1096 2801 1110 2816 ⁸
1146 2787 1222 2849 ὡς
1247 2785 1314 2840 ἂν
1341 2785 1574 2857 καθαροὶ
1609 2785 1701 2839 καὶ
1731 2785 1807 2855 τῷ

244 2876 292 2928 τὺ
316 2880 546 2949 κρυπτὸν
593 2878 795 2948 ὁρῶντι
834 2878 1156 2948 φανείημεν,
1189 2878 1338 2949 καὶὴ
1369 2877 1511 2932 κατὰ
1536 2877 1596 2931 τὺ
1621 2878 1808 2946 φαινό-

245 2983 384 3034 μενον
427 2970 818 3041 εὐσχημοσύνη
871 2972 939 3040 τῇ
994 2969 1204 3023 ἔνδοθεν
1228 2972 1328 3040 τῆς
1347 2969 1528 3040 ψυχῆς
1568 2969 1806 3022 διαθέσει

1903 507 2000 560 bes
2025 513 2207 558 autem
2234 502 2341 557 dux
2378 505 2550 573 legis;
2603 519 2726 557 cum
2779 504 2982 558 mundo
3017 505 3186 560 corde
3226 505 3277 557 in
3319 507 3476 573 aquis

1904 604 2196 666 tyrannum
2224 594 2582 657 interfecerit,
2620 609 2741 648 cum
2790 609 2959 662 aquas
2993 608 3207 648 amaras
3250 594 3471 656 biberit,

1903 689 2134 741 alienam
2172 702 2202 741 a
2252 688 2622 758 voluptatibus
2663 687 2828 739 vitam
2861 684 3079 748 vixerit,
3129 700 3250 753 qua:
3287 698 3472 737 amara

1900 791 1949 835 et
1987 780 2223 836 dillieilis
2253 781 2519 850 primum,
2559 780 2758 834 deinde
2787 778 2961 833 facilis
3007 776 3324 846 etjucunda
3375 793 3476 845 gn-

1904 868 2179 924 stantibus
2221 868 2566 922 immissione
2591 869 2719 938 ligni
2741 867 2976 921 videtur.
2997 867 3132 921 Cum
3168 866 3472 935 palmarum

1901 975 1964 1012 ac
2017 959 2246 1013 fontium
2317 960 2665 1020 ammnitate,
2731 958 3066 1029 Evangelicre
3125 957 3339 1012 scilicet
3387 955 3478 1011 do-

1901 1051 2094 1104 ctrinae
2125 1049 2348 1105 ﬂuentis
2377 1050 2588 1105 labores
2616 1051 2902 1120 depulerit,
2943 1050 2990 1105 si
3039 1063 3178 1118 aqua
3211 1049 3330 1102 viva
3359 1062 3478 1117 qua)

1901 1140 2039 1208 lapis
2088 1149 2193 1205 est,
2249 1141 2503 1195 videlicet
2554 1142 2828 1205 Christus,
2873 1142 3018 1196 sitim
3067 1139 3370 1203 sedaverit,
3428 1140 3474 1192 si

1901 1232 2108 1286 ccelesti
2139 1233 2262 1286 cibo
2279 1236 2516 1302 seipsnm
2537 1233 2840 1303 repleverit,
2861 1233 2907 1287 si
2933 1233 3207 1288 consertis
3225 1232 3476 1287 manibus

1901 1337 2025 1375 cum
2057 1324 2213 1378 hoste
2248 1325 2458 1378 vicerit.
2482 1323 2656 1389 Quam
2689 1323 2911 1393 quidem
2959 1323 3245 1378 victoriam
3277 1331 3474 1376 exten-

1902 1412 1984 1468 sio
2037 1429 2295 1468 manumn
2334 1415 2529 1485 Moysi,
2592 1431 2688 1484 per
2722 1430 2883 1484 quam
2921 1415 3240 1484 mysterium
3293 1413 3478 1467 crucis

1905 1506 2194 1576 ﬁguratur,
2246 1507 2530 1576 praestitit;
2577 1523 2686 1575 quo
2756 1509 3018 1576 mysterio
3086 1523 3250 1563 verus
3311 1508 3476 1561 Israel

1901 1614 2120 1669 quoque
2150 1602 2342 1661 vincit,
2397 1616 2522 1655 cum
2555 1601 2668 1656 haec
2694 1601 2876 1654 omnia
2921 1602 3212 1672 peregerit,
3247 1610 3362 1654 tum
3385 1599 3479 1653 de,-

1903 1694 2050 1744 mum
2077 1692 2142 1744 ad
2173 1692 2602 1760 speculationem
2632 1707 2902 1763 suprema:
2923 1701 3129 1746 natum
3165 1691 3476 1753 adducitur,

1904 1782 1969 1836 ad
2005 1798 2168 1852 quam
2194 1799 2298 1836 non
2329 1783 2494 1836 animi
2530 1792 2740 1836 tantum
2765 1791 2817 1836 et
2853 1783 3101 1852 corporis
3139 1782 3474 1852 aspersioni-

1903 1874 2004 1929 bus
2034 1874 2361 1943 quibusdam
2396 1874 2702 1947 depurgati,
2746 1877 2838 1930 sed
2867 1875 3098 1930 vestium
3121 1889 3338 1944 quoque
3383 1873 3480 1927 de-

1902 1968 2055 2023 ducit
2099 1968 2420 2028 mundities,
2481 1978 2540 2022 ut
2575 1969 2788 2023 scilicet
2839 1983 2946 2021 non
3003 1967 3218 2021 occulta
3270 1966 3474 2030 solum,

1906 2060 2264 2114 verumetiam
2324 2060 2613 2114 manifesta
2672 2067 2726 2113 et
2775 2059 3118 2128 apparentia
3157 2058 3355 2111 decora
3404 2059 3478 2110 ita

1906 2151 2060 2212 liant,
2111 2157 2172 2204 ut
2221 2149 2474 2204 interiori
2522 2149 2692 2204 animi
2731 2149 3083 2219 dispositioni
3121 2149 3473 2202 conveniant.

1904 2242 2020 2296 Non
2053 2244 2198 2298 enim
2233 2241 2468 2297 vestium
2507 2241 2750 2304 macula,
2795 2256 2866 2294 ne
2899 2240 2965 2294 ad
3007 2239 3174 2294 Deum
3214 2239 3480 2294 ascenda-

1905 2351 2049 2401 mus,
2084 2348 2322 2403 unquam
2349 2333 2574 2396 vetabit,
2612 2333 2705 2387 sed
2746 2332 2952 2397 studia,
2993 2347 3114 2401 qua:
3141 2332 3192 2384 in
3217 2331 3320 2384 hac
3369 2331 3477 2383 vita

1906 2425 2261 2492 suscipimus,
2293 2424 2448 2493 quasi
2477 2432 2656 2479 vestes
2685 2431 2833 2486 sunt,
2879 2423 3262 2494 quibushomo
3301 2423 3482 2476 indui-

1907 2524 2015 2570 tur.
2044 2514 2169 2571 Ilazc
2193 2515 2360 2585 igitur
2379 2515 2583 2577 studia,
2637 2522 2693 2570 et
2724 2515 2826 2569 hos
2855 2515 3093 2580 amictus
3120 2531 3226 2567 non
3269 2522 3478 2584 turpes,

1907 2609 2001 2663 sed
2033 2607 2361 2677 purissimos
2386 2621 2510 2662 esse
2538 2605 2713 2661 decet.
2749 2605 2862 2658 Ilac
2889 2621 2946 2659 re
2975 2605 3265 2675 diligenter
3307 2606 3472 2666 facta,

1908 2700 2280 2767 armentisque
2331 2699 2617 2752 brutorum
2679 2697 2837 2766 longe
2888 2711 2918 2749 a
2959 2705 3143 2748 monte
3170 2696 3360 2764 pulsis.
3403 2696 3482 2748 sic

1909 2789 1974 2844 ad
2006 2789 2304 2844 altissimas
2332 2787 2580 2842 ascendit
2613 2787 3036 2857 speculationes.
3063 2785 3177 2850 Qua
3204 2802 3268 2839 ex
3308 2803 3386 2848 re,
3425 2793 3483 2839 ut

1907 2895 2008 2951 ego
2038 2879 2299 2941 arbitror,
2333 2878 2466 2932 illud
2491 2878 2650 2933 nobis
2699 2877 3065 2947 signiﬁcatur,
3105 2877 3248 2945 quod
3281 2876 3484 2931 debea-

1911 2985 2033 3025 mus
2072 2969 2216 3023 hanc
2249 2984 2314 3023 ex
2341 2983 2507 3023 scnsu
2541 2967 2741 3023 factam
2783 2967 3180 3036 cognitionem,
3221 2982 3344 3019 cum
3375 2983 3482 3035 qua

243 3058 529 3126 συμϐαίνοι.
569 3059 676 3111 Διά
721 3058 875 3113 τοῦτο
930 3058 1037 3129 πρὸ
1070 3061 1170 3129 τῆς
1217 3058 1310 3111 ἐπὶ
1336 3059 1398 3111 τὸ
1439 3059 1564 3130 ὅρος
1588 3059 1801 3122 ἀνόδου,

1911 3061 2254 3130 intelligibile
2308 3061 2766 3130 contemplamur,
2821 3060 3047 3114 omnino
3094 3069 3482 3125 contemnere;

239 3146 304 3215 τῷ
321 3148 442 3219 θείῳ
461 3149 938 3220 προστάγματιτά
967 3149 1158 3218 ἱμάτια
1183 3148 1462 3214 πλύνεται,
1489 3150 1587 3219 τῆς
1616 3149 1801 3219 εὐσχή-

1915 3152 2197 3222 proprium
2250 3145 2407 3205 enim
2469 3160 2682 3205 natura
2724 3150 3012 3205 brutorum
3058 3157 3164 3214 cst,
3217 3166 3282 3204 ex
3319 3165 3484 3204 sensu

237 3257 377 3307 μόνος
404 3243 498 3295 τοῦ
523 3244 652 3312 βίου
699 3240 990 3311 περιϐολῆς
1036 3239 1521 3310 παραδηλουμένης
1552 3242 1686 3310 ἡμῖν
1735 3239 1801 3310 τᾷ

1913 3244 2033 3298 solo
2083 3243 2296 3312 absque
2338 3242 2652 3296 intellectus
2703 3242 3026 3312 operatione
3065 3241 3244 3310 aliqua
3290 3242 3488 3310 guber-

235 3328 329 3379 τῶν
363 3331 600 3398 ἱματίων
663 3331 964 3398 αἰνίγματι.
1012 3329 1086 3382 Ού
1116 3328 1224 3400 γάρ
1271 3329 1336 3382 ἀν
1385 3346 1468 3392 τις
1511 3330 1677 3394 εἴποι,
1723 3328 1801 3381 et»

1914 3334 2069 3401 nari;
2101 3349 2225 3388 nam
2248 3341 2343 3388 aut
2376 3335 2548 3394 visus,
2569 3343 2664 3387 aut
2698 3333 2938 3393 auditus,
2962 3340 3057 3386 aut
3075 3333 3307 3386 aliorum
3335 3332 3486 3402 quis-

229 3418 473 3490 αἰσθητὸν
528 3421 730 3474 τοῦτον
773 3420 942 3491 ῥύπον
977 3419 1084 3472 τῶν
1141 3420 1390 3490 ἱματίων,
1427 3420 1684 3490 ἐμπόδιον
1712 3419 1801 3488 τῆς

1915 3425 2059 3493 piam
2094 3438 2379 3484 sensuum,
2427 3439 2534 3477 non
2573 3423 2848 3485 voluntas,
2897 3437 3076 3491 neque
3106 3423 3246 3477 ratio
3282 3423 3490 3492 appeti-

230 3508 402 3561 ἁνόδου
443 3513 563 3574 τοῖς
628 3510 770 3580 πρὸς
807 3511 901 3562 τὸν
953 3507 1086 3561 Θεὸν
1133 3507 1342 3562 ἀνιοῦσι
1381 3509 1623 3577 γίνεσθαι
1654 3527 1666 3541 ⁸
1700 3510 1801 3563 ἀλλ

1917 3515 2096 3568 tiones
2119 3514 2408 3568 brutorum
2454 3520 2652 3566 movet.
2697 3511 2880 3577 Quare
2913 3520 3098 3565 motus
3142 3513 3225 3565 sui
3274 3527 3486 3578 omnes,

225 3592 364 3667 οἶμαι
398 3599 590 3662 καλῶς
623 3599 686 3651 τὸ
714 3599 927 3668 ἱμάτιον
954 3597 1053 3667 τὴν
1074 3597 1182 3649 τῶν
1200 3597 1339 3649 κατά
1359 3596 1448 3649 τὸν
1467 3585 1593 3666 ’βίον
1626 3597 1801 3650 τοῦτοί

1914 3614 1970 3660 et
1996 3619 2160 3672 opera
2213 3618 2472 3659 sensuum
2532 3609 2682 3656 sunt.
2749 3601 3066 3669 Speculatio
3120 3612 3324 3664 autem,
3381 3619 3487 3671 qua

229 3691 678 3760 ἐπιτηδευμάτων
735 3687 1023 3759 περιϐολὴν
1072 3687 1450 3760 ὀνομάζεσθαι.
1499 3688 1701 3741 Τούτου
1757 3690 1801 3743 δέ

1917 3694 2085 3750 Deum
2113 3695 2572 3764 contemplamur,
2607 3707 2706 3746 nec
2730 3694 2870 3755 visu,
2910 3709 3012 3746 nec
3042 3694 3255 3756 auditu,
3306 3709 3484 3762 quau-

223 3781 705 3851 κατορθωθέντος,
745 3781 840 3834 καὶ
892 3780 993 3850 τῆς
1031 3779 1138 3834 τῶν
1188 3780 1394 3848 ἀλόγων
1451 3779 1651 3851 ἀγέλης
1683 3783 1789 3853 ποῤ

1917 3794 2032 3840 tum
2065 3787 2118 3840 in
2159 3802 2219 3841 se
2275 3796 2380 3846 cst,
2437 3783 2678 3853 indiget;
2735 3799 2910 3852 neque
2950 3794 3216 3838 consueta
3253 3783 3486 3852 quadam

225 3875 444 3942 ῥωτάτω
499 3875 605 3928 τοῦ
667 3874 827 3946 ὅρους
876 3873 1262 3944 ἀπελαθείσης,
1311 3873 1454 3926 οὕτω
1500 3873 1801 3944 προσϐαίνεη

1917 3875 2409 3947 comprehensione
2431 3873 2910 3944 intellectioneque
2939 3874 3267 3942 percipitur;
3298 3874 3491 3926 oculus

219 3967 278 4034 τῇ
321 3967 607 4021 ἀναϐάσει
670 3965 779 4018 τῶν
833 3964 1052 4035 ὑψηλῶν
1103 3966 1407 4034 νοημάτων.
1455 3964 1527 4017 Τὸ
1564 3963 1620 4017 δὲ
1654 3964 1801 4036 μηδὲη

1916 3967 2060 4021 enim
2100 3979 2209 4018 non
2252 3964 2409 4026 vidit,
2454 3978 2555 4017 nec
2607 3963 2758 4016 auris
2780 3961 3209 4018 audivit":non
3231 3971 3315 4016 est
3345 3961 3488 4014 cnim

213 4057 315 4108 τῶν
354 4059 586 4126 ἀλόγων
641 4055 992 4127 συγχωρῆσαι
1039 4055 1131 4107 ἐπὶ
1181 4055 1275 4108 τοῦ
1313 4055 1472 4126 ὅρους
1507 4055 1801 4124 φαίνεσθαιἸ

1917 4058 2215 4128 quidquam
2247 4070 2459 4118 eorum,
2497 4069 2619 4124 qua:
2674 4054 2728 4108 in
2772 4069 2870 4108 cor
2913 4053 3152 4106 hominis
3196 4051 3493 4104 ascendere

217 4129 703 4216 σημαίνει,’κατά
752 4149 850 4218 τὴν
882 4147 1157 4218 ἡμετέραν
1197 4147 1486 4219 ὑπόληψιν,
1544 4147 1604 4201 τὸ
1647 4149 1801 4216 ὑπερι

1919 4157 2344 4206 consueverunt.
2387 4146 2567 4214 Quare
2593 4154 2828 4216 oportet.
2860 4147 2906 4200 si
2949 4145 3076 4214 quis
3125 4143 3190 4195 ad
3243 4149 3492 4195 contem-

210 4241 368 4308 εἶναι
417 4244 531 4311 τὴν
597 4242 660 4307 ἐξ
702 4241 1005 4310 αἰσθήσεως
1045 4241 1342 4309 γενομένην
1392 4240 1593 4307 γνῶσιν
1655 4240 1712 4291 έν
1749 4242 1801 4308 τῇ

1929 4243 2224 4312 plationem
2253 4241 2377 4310 ejus
2411 4238 2673 4293 accedere
2692 4237 2841 4300 velit,
2879 4238 2949 4290 ab
2970 4234 3117 4290 omni
3157 4232 3402 4287 sensuali
3440 4239 3492 4284 et

213 4332 313 4380 τῶν
369 4333 604 4403 νοητῶν
639 4331 872 4403 θεωρίᾳ·
909 4331 1037 4383 ίδιον
1064 4331 1174 4402 γὰρ
1212 4331 1310 4399 τῆς
1357 4330 1466 4384 τῶν
1491 4330 1698 4398 ἀλόγων
1720 4330 1801 4399 φύε

1921 4334 2225 4389 irrationali
2269 4339 2422 4386 motu
2470 4341 2703 4384 mentem
2763 4345 2919 4384 suam
2959 4325 3366 4396 permundare;
3429 4339 3493 4376 ac

207 4437 363 4483 σεως,
419 4426 490 4478 τὸ
552 4422 685 4476 κατ’
738 4421 992 4493 αἴσθησιν
1034 4421 1202 4492 μόνην
1229 4419 1352 4491 δίχα
1388 4420 1627 4486 διανοίας
1671 4423 1801 4474 οἱκο-

1923 4425 1995 4478 ita
2021 4439 2146 4478 cum
2183 4437 2399 4476 omnem
2433 4421 2749 4490 opinionem
2785 4434 2906 4488 quae
2937 4435 3001 4473 ex
3036 4417 3287 4472 sensibus
3328 4416 3494 4484 origi-

207 4513 524 4579 νομεῖσθαι.
581 4513 842 4566 Ἐκείνων
894 4513 1220 4582 καθηγεῖται
1281 4513 1316 4584 ὴ
1361 4513 1586 4584 ὅρασις,
1632 4515 1725 4567 καὶ
1783 4513 1801 4565 ί

1922 4533 2044 4572 nem
2070 4515 2283 4576 habeat,
2331 4527 2399 4566 ex
2440 4521 2623 4567 mente
2660 4511 3015 4572 abstruserit,
3061 4507 3494 4562 consuetudine-

203 4605 338 4674 ἀκοὴ
385 4607 684 4669 πολλάκις
749 4606 887 4677 πρός
950 4623 1004 4657 τι
1053 4606 1151 4677 τὴν
1213 4606 1390 4677 ὁρμὴν
1463 4607 1793 4678 παρεκίνησε

1920 4624 2027 4679 que
2061 4605 2314 4674 conjugis
2348 4619 2462 4659 sua:
2495 4604 2736 4659 caruerit
2792 4601 3018 4670 (conjux
3065 4615 3196 4655 vero
3238 4599 3326 4652 hic
3365 4615 3495 4653 scn-

207 4694 312 4746 Καὶ
341 4696 416 4748 τά
453 4698 615 4772 ἄλλα
636 4697 849 4757 .πάντα,
875 4694 941 4747 δι’
975 4689 1050 4748 ὧν
1081 4695 1302 4765 ἐνεργὸς
1325 4697 1358 4765 ἡ
1386 4695 1637 4766 αἴσθησις
1672 4697 1801 4765 γίνε-

1923 4719 2018 4757 sus
2053 4697 2400 4768 intelligitur.
2427 4696 2519 4766 qui
2550 4695 2881 4764 conjum-tus
2913 4701 3125 4746 naturae
3167 4699 3368 4745 nostra:
3398 4707 3496 4744 no-

199 4803 308 4850 ται,
361 4789 605 4859 πολλὴν
651 4791 708 4841 έν
737 4791 850 4851 τοῖς
883 4788 1095 4857 ἀλόγοις
1136 4787 1250 4857 ἔχει
1286 4787 1385 4857 τὴν
1414 4787 1614 4858 χώραν.
1656 4789 1718 4841 Ἦ
1762 4789 1801 4841 δὲ

1925 4792 2134 4846 hiscum
2163 4788 2372 4842 habitat
2417 4783 2460 4856 ),
2485 4791 2584 4840 hac
2622 4786 2788 4856 igitur
2809 4801 2933 4838 cum
2973 4785 3234 4843 caruerit,
3277 4783 3357 4836 sic
3398 4783 3496 4835 de-

199 4878 292 4930 τώ
317 4882 470 4935 θεοῦ
497 4881 742 4951 θεωρία,
768 4879 895 4932 οὔτε
921 4879 1063 4932 κατά
1080 4880 1141 4931 τὸ
1173 4881 1517 4948 φαινόμενον,
1533 4880 1655 4935 οὔτε
1681 4881 1801 4936 κατέ

1930 4883 2094 4951 nique
2120 4877 2318 4949 poterit
2346 4877 2413 4931 ad
2445 4884 2684 4930 montem
2716 4875 3000 4932 accedere.

195 4975 254 5027 τὸ
299 4977 680 5046 ἀκουόμενον
729 4976 1066 5046 ἐνεργεῖται,
1122 4972 1246 5026 οὔτε
1306 4975 1412 5027 τινὶ
1456 4975 1563 5028 τῶν
1619 4977 1861 5048 συνήθων
1903 4975 2189 5047 νοημάτων
2232 4970 2733 5039 καταλαμϐάνεται·
2791 4968 2912 5022 οὔτε
2962 4968 3068 5038 γὰρ
3099 4966 3372 5036 ὀφθαλμὸς
3425 4962 3501 5018 εἷ-

197 5069 302 5134 δεν,
341 5072 482 5124 οὔτε
541 5067 651 5133 οὖς
690 5072 956 5140 ἤκουσεν,
1005 5070 1128 5124 οὔτε
1184 5087 1235 5122 τι
1273 5070 1382 5124 τῶν
1415 5072 1507 5124 ἐπὶ
1555 5072 1782 5142 καρδίαν
1834 5070 2122 5142 ἀνθρώπου
2168 5066 2413 5137 συνήθως
2450 5064 2847 5118 ἀναϐαινόντων
2872 5063 3037 5114 ἐστίν.
3086 5061 3244 5114 ’Λλλά
3273 5057 3378 5128 χρὴ
3408 5057 3500 5109 τὸν

201 5169 483 5235 μέλλοντα.
542 5165 906 5236 ⁸προσϐαίνειν
946 5170 1014 5236 τῇ
1047 5165 1154 5218 τῶν
1195 5166 1412 5238 ὑψηλῶν
1460 5169 1806 5238 κατανοήσει,
1857 5169 2037 5236 πάσης
2087 5161 2408 5232 αἰσθητικῆς
2461 5177 2519 5212 τε
2560 5159 2654 5214 καὶ
2679 5158 2876 5226 ἀλόγου
2922 5157 3188 5227 κινήσεως
3226 5153 3502 5224 προκαθᾶ-

204 5276 288 5328 με
315 5258 415 5310 τδν
442 5257 698 5326 τρόπον’
735 5259 828 5310 καὶ
855 5259 1032 5310 πᾶσαν
1056 5257 1234 5324 δόξαν.
1280 5261 1375 5335 τὴν
1410 5263 1472 5315 ἐκ
1524 5259 1844 5330 προλήψεώς
1903 5274 2043 5320 τινος
2074 5253 2468 5324 γεγενημένην,
2519 5251 2619 5320 τῆς
2661 5250 2897 5312 διανοίας
2923 5249 3283 5306 ἐκπλύναντα,
3317 5249 3415 5314 τῆς
3447 5262 3499 5296 τε

210 5347 482 5417 ιυνήθσυς
531 5347 764 5416 ὁμιλίας
806 5346 1141 5418 χωρισθέντα
1181 5352 1273 5425 τῆς
1319 5357 1455 5431 πρὸς
1505 5351 1607 5422 τὴν
1647 5351 1782 5402 ἰδίαν
1827 5352 2091 5409 σύνοικον,
2141 5345 2404 5404 τουτέστι,
2449 5343 2546 5411 τὴν
2597 5342 2867 5410 αἴσθησιν,
2903 5343 2935 5409 ἡ
2986 5339 3191 5406 συζυγή
3232 5353 3345 5396 πως
3384 5335 3502 5386 ἐστὶ

209 5442 265 5508 τῇ
292 5443 575 5510 ἡμετέρᾳ
612 5439 771 5506 φύσει
801 5442 896 5494 καί
922 5441 1160 5504 σύνοικος
1179 5463 1190 5476 ⁸
1222 5458 1313 5516 καὶ
1341 5425 1554 5524 ταύτης
1586 5445 1822 5516 καθαρὸν
1862 5443 2172 5513 γενόμενον.
2211 5439 2351 5491 οὕτω
2386 5437 2791 5501 κατατολμῆσαι
2820 5434 2910 5486 τοῦ
2937 5436 3112 5501 ὅρους.

279 5538 458 5605 .Upo;
479 5533 611 5602 γάρ
636 5533 776 5585 ἐστιν
797 5536 1017 5594 ἄναντες
1031 5533 1101 5595 ὡς
1118 5537 1316 5633 ἀληθῶς
1335 5562 1428 5621 καὶ
1454 5541 1801 5616 δυσπρόσιτα

2007 5535 2160 5591 Mons
2206 5541 2380 5587 autem
2423 5531 2626 5586 arduus
2684 5545 2805 5583 vere
2860 5543 2920 5581 ac
2979 5540 3202 5580 accessu
3248 5519 3497 5582 dillicilis,

285 5719 325 5750 δ’
369 5718 485 5775 lsa.
532 5733 692 5780 uir,
719 5718 782 5780 4;
819 5713 834 5766 Ι
867 5714 986 5768 Cor.
1020 5728 1068 5774 ιι,
1094 5717 1131 5771 9.
