4054 6436
484 274 588 330 375

1713 260 1768 315 S.
1805 253 2132 314 GREGORII
2169 254 2463 312 NYSSENI

3624 254 3731 308 576

483 385 780 456 Theologia
831 393 951 452 est;
983 384 1146 453 cujus
1195 385 1284 439 vix
1331 383 1625 438 multitudo
1696 381 1766 436 ad
1832 379 2046 435 radices

2153 377 2182 444 ἡ
2208 374 2474 444 θεολογία,
2488 369 2555 447 ἦς
2574 375 2728 446 μόλις
2741 378 2770 428 6
2795 375 2959 438 πολὺς
2973 375 3106 438 λεὼς
3123 375 3222 445 τὴν
3244 373 3520 445 ὑπώρειαν
3539 374 3729 444 φθάνει

486 476 772 547 pervenire
804 484 1006 546 potest.
1035 475 1092 530 Si
1141 476 1265 545 quis
1306 489 1436 529 vero
1480 472 1658 527 Moses
1716 471 1900 535 fuerit,
1922 486 2048 526 cum

484 569 651 624 altius
701 568 1036 628 ascenderit.
1101 568 1299 638 poterit
1349 567 1562 622 sonitus
1610 566 1862 619 tubarum
1905 563 2048 617 auri-

483 661 588 715 bus
619 661 844 724 sentire,
867 677 1004 731 quas
1035 667 1225 714 narrat
1268 660 1498 714 historia
1539 655 1886 728 procedendo
1931 654 2046 709 ﬁeri

487 749 765 806 fortiores.
805 751 902 807 Est
945 762 1127 806 autem
1171 751 1322 812 tuba.
1362 767 1465 804 non
1518 764 1743 818 parvum
1770 757 2050 816 stuporem

486 858 582 911 per
627 843 870 897 auditum
923 843 1164 898 etliciens
1213 849 1422 896 natura:
1465 841 1664 894 divina:
1707 837 2041 908 praedicatio,

487 948 741 1004 magnum
769 935 985 1004 quidem
1009 935 1194 990 statim
1223 935 1290 987 ab
1315 933 1473 986 initio
1503 947 1728 994 sonans,
1749 930 1923 1000 magis
1950 945 2050 983 au-

486 1034 594 1080 tem
626 1034 791 1095 atque
815 1025 990 1097 magis
1025 1027 1078 1081 in
1108 1025 1316 1080 ultimis
1362 1025 1643 1087 intonans,
1683 1023 1928 1079 Insonuit
1958 1024 2048 1077 lr-x

484 1124 540 1171 et
590 1117 870 1186 prophetae
921 1118 1166 1172 divinum
1215 1117 1617 1172 incarnationis
1676 1116 2044 1187 mysterium;

486 1206 580 1261 sed
606 1207 990 1264 imbecilliores
1017 1215 1174 1263 erant
1206 1209 1310 1262 illa;
1339 1209 1528 1277 prima:
1555 1223 1738 1274 voces,
1790 1224 1953 1276 quam
1994 1218 2054 1261 ut

486 1306 712 1365 possent
743 1299 910 1354 duros
932 1314 1296 1354 commovere.
1329 1300 1560 1355 Auditus
1605 1299 1812 1354 idcirco
1837 1297 2054 1352 Iudaeo-

485 1406 608 1445 rum
665 1391 908 1448 surditas
967 1392 1220 1446 tubarum
1275 1407 1470 1446 sonum
1522 1391 1746 1446 minime
1788 1390 2052 1459 suscepit,
2096 1412 2104 1420 ·

487 1482 586 1538 sed
645 1483 1032 1553 prophetarum
1086 1484 1227 1537 tubae
1262 1483 1523 1553 paulatim
1572 1483 1931 1553 procedentes
1963 1497 2053 1535 so-

485 1574 713 1629 nantius
737 1575 1078 1629 cecinerunt.
1107 1571 1242 1627 Nam
1270 1574 1475 1628 ultimae
1505 1589 1672 1628 voces
1701 1586 1821 1643 qua;
1867 1572 2050 1626 Evan-

485 1664 660 1733 gelica
695 1665 1084 1733 praedicatione
1118 1663 1278 1718 facta:
1302 1672 1455 1725 sunt,
1504 1663 1758 1717 auditum
1801 1679 2050 1718 commn-

486 1762 704 1820 verunt,
741 1757 938 1826 spiritu
966 1757 1048 1811 sic
1072 1771 1166 1825 per
1199 1769 1407 1825 organa
1440 1755 1820 1810 vehementius
1867 1755 1922 1810 in
1957 1771 2054 1825 po-

487 1844 814 1900 sterioribus
848 1845 1155 1900 intonante.
1177 1845 1394 1916 Organa
1425 1859 1558 1899 vero
1580 1859 1643 1898 ac
1673 1845 2048 1899 instrumenta

488 1951 656 1989 unum
690 1951 883 1990 sonum
919 1936 1262 2006 spiritualem
1301 1935 1546 1997 edentia,
1582 1935 1863 2004 prophetae
1889 1943 2054 2002 atque

487 2027 725 2095 apostoli
770 2034 904 2082 sunt
961 2042 1246 2096 :quorum
1291 2041 1484 2088 sonus,
1529 2035 1588 2079 ut
1631 2025 1923 2080 Psalmista
1972 2025 2055 2079 di-

486 2113 583 2176 cit,
617 2114 671 2168 in
702 2128 918 2168 omnem
953 2124 1150 2167 terram
1166 2113 1356 2176 exivit,
1375 2121 1429 2167 et
1454 2113 1509 2165 in
1545 2113 1679 2167 lines
1707 2113 1858 2168 orbis
1893 2121 2053 2168 teme

486 2205 651 2260 verba
678 2221 870 2260 eorum
887 2205 952 2257 “.
990 2203 1146 2270 Quod
1173 2219 1304 2258 vero
1339 2204 1633 2258 multitudo
1665 2218 1854 2258 vocem
1892 2203 2039 2257 illam

486 2297 679 2352 audire
743 2311 850 2350 non
889 2297 1086 2366 potuit,
1151 2296 1250 2351 sed
1298 2296 1574 2350 commisit
1613 2294 1809 2366 Moysi,
1857 2303 1916 2348 ut
1939 2295 2056 2364 ipse

489 2401 585 2456 per
611 2401 670 2441 se
694 2385 871 2454 ipsum
925 2393 1136 2440 secreta
1180 2385 1271 2438 illa
1309 2385 1633 2454 perciperet,
1679 2384 2055 2454 pepulumque

489 2485 678 2548 postea
721 2477 967 2539 doreret,
1021 2491 1366 2546 quaecunque
1420 2476 1606 2530 divina
1666 2478 1917 2532 doctrina
1971 2476 2055 2531 di-

487 2569 709 2633 dicerit,
746 2568 800 2622 id
835 2584 1055 2639 quoque
1085 2569 1138 2623 in
1169 2568 1411 2624 Ecclesia
1437 2568 1550 2623 ﬁeri
1579 2578 1750 2623 totum
1774 2569 2052 2636 videmus;

489 2674 604 2713 non
656 2659 802 2715 enim
854 2661 1192 2731 permittitur
1250 2661 1508 2714 omnibus
1557 2661 1622 2714 ad
1665 2660 2054 2731 mysterioriun

486 2750 853 2822 cognitionem
884 2753 1104 2821 seipsos
1133 2753 1437 2815 intrudere,
1477 2751 1573 2807 sed
1609 2752 1830 2821 eligitur
1856 2767 1999 2806 unus
2026 2767 2057 2806 e

486 2841 676 2896 multis
722 2841 1035 2898 divinarum
1085 2859 1269 2897 rerum
1303 2859 1493 2914 capax,
1526 2845 1614 2897 cui
1652 2843 1839 2897 caeteri
1896 2843 2054 2896 audi-

487 2939 601 2985 tum
629 2947 754 2986 cum
787 2932 1100 2989 obedientia
1146 2935 1446 3004 praebeant,
1507 2935 1642 2988 illud
1685 2935 1789 2989 sibi
1831 2934 2057 2988 creden-

2157 466 2226 536 (εί
2247 465 2303 519 δέ
2331 484 2415 529 τις
2433 468 2671 537 Μωῦσῆς
2696 468 2803 536 εἴη,
2829 465 3039 534 γένοιτο
3062 466 3127 518 ἂν
3159 467 3254 518 καὶ
3274 467 3366 519 ἐπὶ
3393 466 3490 536 τῆς
3514 465 3728 530 ἀνόδου,

2156 557 2347 627 χωρῶν
2373 559 2439 628 τῇ
2468 559 2601 629 ἀκοῆ
2625 559 2724 620 τὰς
2756 558 2862 611 τῶν
2891 556 3206 626 σαλπίγγων
3240 555 3445 626 φωνὰς.
3473 557 3536 620 ἃς
3563 573 3730 627 φησιν

2153 652 2184 703 6
2201 651 2295 720 τῆς
2317 650 2553 721 ἱστορίας
2571 650 2749 718 λόγος,
2777 650 3126 721 ἰσχυροτέρας
3147 649 3203 702 ὲν
3218 648 3296 719 τῷ
3323 648 3635 719 προϐαίνειν
3655 648 3734 717 γίο

2154 741 2383 811 νεσθαι)’
2401 739 2614 812 ἀληθῶς
2633 739 3021 813 σάλπιγξὴτὴν
3049 741 3220 810 ἀκοὴν
3249 740 3729 809 καταπλήττουσα,

2151 833 2214 888 τὸ
2248 835 2375 904 περὶ
2415 836 2516 904 τῆς
2560 832 2708 898 θείας
2744 833 2957 902 φύσεως
3012 835 3292 903 κήρυγμα,
3328 833 3472 902 μέγα
3513 832 3610 902 μὲν
3634 831 3732 884 καὶ

2155 931 2305 998 παρά
2333 927 2428 998 τὴν
2463 927 2686 998 πρώτην
2719 927 3062 996 φαινόμενον,
3095 924 3278 995 μεῖζον
3305 926 3360 979 δὲ
3395 926 3488 978 καὶ
3526 925 3729 995 μᾶλλον

2153 1023 2253 1090 τῆς
2323 1019 2493 1088 ἀκοῆς
2551 1018 3010 1088 καθικνούμενον,
3089 1017 3147 1069 ὲν
3201 1021 3312 1079 τοῖς
3374 1017 3727 1080 τελευταίοις.

2155 1109 2476 1163 Ἐσάλπισεν
2496 1111 2524 1163 6
2551 1109 2713 1179 νόμος
2734 1109 2828 1161 καὶ
2845 1110 2893 1160 οί
2915 1107 3189 1178 προφῆται
3208 1107 3269 1158 τὸ
3297 1103 3434 1161 θεῖον
3462 1108 3559 1178 τῆς
3587 1108 3732 1160 κατά

2154 1201 2438 1271 ἄνθρωπον
2470 1201 2778 1272 οἰκονομίας
2821 1201 3146 1270 μυστήριον·
3188 1200 3302 1253 ἀλλ’
3342 1199 3730 1268 ἀσθενέστεραι

2151 1290 2292 1364 ἦσαν
2334 1295 2390 1346 αί
2430 1295 2642 1362 πρῶται
2685 1294 2883 1362 φωναὶ.
2927 1292 2960 1363 ἢ
3011 1290 3152 1345 ὥστε
3205 1290 3576 1345 καθικνεῖσθαι
3628 1291 3727 1360 τῆς

2152 1384 2409 1447 ἀπειθοῦς
2436 1387 2622 1454 ἀκοῆς.
2650 1385 2740 1437 Διὸ
2770 1387 2802 1455 ἡ
2838 1383 3137 1455 βαρυηκοΐα
3166 1383 3274 1435 τῶν
3302 1382 3594 1446 Ἰουδαίων,
3623 1382 3724 1452 τὴν

2155 1476 2337 1546 φωνὴν
2364 1475 2472 1528 τῶν
2506 1476 2820 1544 σαλπίγγων
2857 1476 2917 1529 οὐ
2947 1475 3301 1546 παρεδέξατο.
3328 1474 3726 1546 Προϐαίνουσαι

2153 1569 2248 1633 δὲ,
2293 1569 2472 1633 καθώς
2521 1586 2684 1638 φησιν
2716 1571 2744 1621 6
2792 1569 2969 1636 λόγος,
3015 1570 3072 1621 αἱ
3126 1569 3440 1636 σάλπιγγες,
3481 1567 3732 1635 ἐγένοντο

2159 1661 2515 1732 ἰσχυρότεραι.
2571 1661 2635 1713 Ai
2682 1659 2791 1731 γάρ
2837 1660 3139 1713 τελευταῖαι
3185 1659 3361 1727 φωναὶ
3399 1661 3458 1712 αἱ
3499 1659 3587 1711 διὰ
3620 1659 3731 1714 τῶν

2157 1753 2525 1820 εὐαγγελικῶν
2579 1753 2949 1824 κηρυγμάτων
3002 1753 3395 1822 γεγενημέναι,
3444 1753 3731 1806 καθίκοντο

2154 1846 2253 1915 τῆς
2285 1847 2453 1916 ἀκοῆς
2473 1862 2484 1873 ·
2515 1844 2655 1898 οῦτω
2683 1844 2776 1898 τοῦ
2810 1844 3119 1915 πνεύματος
3147 1843 3268 1915 ὶτῷ]
3302 1845 3389 1898 διὰ
3418 1845 3528 1897 τῶν
3559 1845 3730 1915 ὀργά-

2156 1955 2260 1990 νων
2293 1937 2550 2006 ὴχοῦντος
2575 1938 2944 2008 γενναιότερον
2986 1938 3041 1990 ὲν
3065 1940 3175 2000 τοῖς
3207 1937 3424 2006 ἐφεξῆς.
3458 1937 3548 1989 καὶ
3574 1937 3728 1988 εὐτο-

2155 2026 2388 2098 νώτερον
2421 2028 2736 2098 ποιουμένου
2767 2027 2856 2080 τὸν
2876 2023 3027 2097 ἦχον.
3057 2030 3302 2097 Ὄργανα
3331 2027 3374 2079 δ’
3403 2025 3468 2080 ἂν
3497 2021 3606 2079 εἷεν
3635 2027 3734 2079 ἕνα

2156 2119 2525 2185 πνευματικὸν
2561 2121 2794 2190 φθόγγον
2841 2120 3098 2191 ἠχοῦντα,
3143 2122 3416 2190 προφῆται
3461 2119 3556 2171 καὶ
3592 2120 3730 2171 ἀπό-

2157 2209 2362 2263 στολοιο
2406 2203 2502 2274 ὧν,
2531 2210 2710 2273 καθώς
2743 2227 2904 2281 φησιν
2929 2212 2961 2282 ἡ
2989 2209 3292 2280 ψαλμῳδία,
3319 2211 3398 2272 είς
3429 2210 3606 2262 πᾶσαν
3631 2207 3734 2278 τὴν

2156 2301 2256 2372 γῆν
2307 2300 2526 2373 ἐξῆλθεν
2559 2305 2587 2355 ὁ
2619 2301 2852 2372 φθόγγος
2899 2301 3095 2363 αὐτῶν,
3132 2301 3225 2353 καὶ
3274 2303 3354 2363 εἰς
3409 2301 3477 2354 τὰ
3517 2300 3733 2370 πέρατα

2154 2394 2253 2462 τῆς
2281 2393 2603 2463 οἰκουμένης
2629 2394 2697 2447 τὰ
2728 2395 2947 2464 ῥήματα
2971 2393 3166 2446 αὐτῶν.
3210 2395 3272 2446 Εἰ
3304 2393 3359 2445 δὲ
3391 2393 3449 2445 οὐ
3484 2396 3649 2464 χωρεῖ
3671 2394 3735 2446 τὸ

2157 2484 2360 2554 πλῆθος
2393 2485 2489 2559 τὴν
2517 2484 2722 2538 ἄνωθεν
2751 2485 3039 2555 γινομένην
3063 2486 3264 2556 φωνὴν,
3299 2484 3413 2537 ἀλλ’
3447 2485 3734 2555 ἐπιτρέπει

2155 2577 2232 2647 τῷ
2271 2579 2512 2642 Μωύσεϊ,
2541 2577 2745 2646 γνῶναι
2794 2578 2890 2649 μὲν
2920 2579 2984 2631 δι’
3021 2577 3182 2631 αὐτοῦ
3214 2577 3280 2630 τὰ
3317 2578 3623 2648 ἀπόρρητα.
3655 2577 3735 2630 δι-

2155 2671 2310 2735 δάξαι
2347 2671 2404 2723 δὲ
2450 2670 2539 2723 τὸν
2566 2671 2712 2732 λαὸν,
2759 2671 2896 2741 ὅπερ
2927 2669 2991 2722 ἂν
3020 2670 3106 2722 διὰ
3129 2672 3225 2740 τῆς
3251 2670 3453 2724 ἄνωθεν
3480 2669 3736 2722 διδασκα-

2155 2760 2274 2824 λίας
2296 2763 2432 2832 τύχῃ
2460 2760 2642 2830 μαθὼν
2672 2761 2864 2830 δόγμα,
2889 2762 2979 2813 καὶ
3005 2760 3162 2813 τοῦτο
3191 2758 3296 2812 τῶν
3329 2759 3468 2812 κατά
3492 2759 3734 2828 τὴνἙκ-

2155 2853 2380 2923 κλησίαν
2424 2853 2803 2923 διοικουμένων
2848 2851 3000 2906 ἐστί’
3050 2851 3110 2904 τὸ
3138 2851 3211 2921 μὴ
3263 2851 3468 2912 πάντας
3505 2851 3736 2912 ἑαυτοὺς

2157 2947 2400 2998 είσωθεῖν
2438 2944 2572 3016 πρὸς
2613 2946 2709 3014 τὴν
2753 2943 2861 2996 τῶν
2904 2945 3218 3012 μυστηρίων
3260 2941 3580 3011 κατάληψιν,
3615 2942 3734 2995 ἀλλ’

485 3024 614 3089 dum
647 3024 1070 3094 faciendumque
1102 3034 1380 3094 putantes.
1425 3025 1571 3094 quod
1605 3026 1784 3089 abeo,
1817 3026 1908 3094 qui
1943 3025 2048 3078 ini-

2158 3034 2508 3098 ἐπιλέξαντας
2539 3033 2595 3100 ἐξ
2626 3034 2832 3087 ἑαυτῶν
2862 3034 2952 3086 τὸν
2988 3034 3231 3103 χωρῆσαι
3259 3032 3326 3084 τὰ
3355 3031 3473 3084 θεῖα
3497 3032 3760 3100 δυνάμεσ-

487 3114 656 3168 tiatus
739 3125 825 3170 est
910 3115 1242 3171 audiverim.
1312 3115 1473 3168 «Non
1534 3131 1746 3174 omnes.
1785 3137 1801 3166 ι
1851 3117 2050 3185 inquit,

491 3218 510 3252 ι
562 3201 794 3270 apostoli
835 3210 996 3267 sunt,
1052 3218 1152 3257 nec
1199 3204 1478 3273 prophetae
1512 3221 1704 3259 omnes
1723 3206 1808 3260 ηε
1852 3226 1868 3258 ι
1908 3207 2054 3275 quod

488 3293 648 3348 hodie
701 3293 755 3346 in
814 3294 1000 3349 multis
1033 3293 1296 3350 Ecclesiis
1348 3312 1538 3365 parum
1599 3307 1871 3355 servatur.
1919 3300 2052 3354 Nam

484 3385 640 3439 multi
677 3399 802 3438 cum
836 3384 1018 3438 adhuc
1068 3385 1274 3455 prioris
1315 3387 1439 3441 vitae
1483 3390 1751 3444 maculam
1801 3407 1909 3445 non
1958 3393 2053 3446 ab-

486 3476 815 3535 sterserint.
881 3475 986 3545 ipsi
1045 3476 1220 3540 illoti,
1273 3494 1336 3531 ac
1389 3481 1593 3535 amictu
1651 3482 1773 3536 vita:
1828 3484 2052 3538 sordido

486 3575 728 3631 utentes,
770 3568 1139 3623 irrationalem
1188 3587 1412 3626 sensum
1475 3573 1527 3626 in
1569 3575 1824 3630 omnibus
1880 3577 2051 3645 pluris

484 3658 772 3722 facientes.
805 3659 1052 3714 divinum
1089 3660 1234 3715 hunc
1263 3676 1551 3717 ascensum
1586 3679 1780 3734 rapere
1823 3667 2049 3734 audent,

485 3749 630 3804 unde
675 3749 778 3820 ipsi
830 3750 948 3806 suis
979 3751 1406 3820 cogitationibus
1453 3752 1854 3822 lapidabuntur.
1915 3757 2046 3812 Nam

485 3843 867 3898 haereticorum
889 3844 1180 3914 Opiniones
1216 3845 1426 3914 lapides
1451 3845 1673 3915 quidem
1709 3857 1859 3910 sunt,
1925 3851 2051 3919 qui-

484 3936 590 3990 bus
628 3951 922 4005 pravorum
986 3936 1302 3992 inventores
1352 3936 1671 4008 dogmatum
1719 3940 2048 3998 obruuntur.

483 4026 626 4092 Quid
658 4037 836 4082 autem
866 4029 1160 4098 signiﬁcat,
1207 4030 1352 4099 quod
1390 4030 1444 4082 in
1481 4030 1771 4101 caliginem
1804 4035 2044 4103 seipsum

487 4119 640 4188 prius
671 4119 884 4190 Moyses
915 4106 1236 4184 intromisit,
1285 4121 1485 4175 c‘leinde
1517 4121 1570 4175 in
1606 4137 1668 4175 ea
1711 4121 1902 4178 Deum-
1932 4143 2051 4194 pru-

482 4211 700 4280 spexit?
733 4211 1078 4266 Contrarium
1120 4213 1264 4266 enim
1311 4214 1360 4266 id
1393 4215 1796 4282 quodammodo
1837 4219 2051 4273 videtur

481 4300 669 4368 prima:
700 4300 895 4354 visioni
931 4319 943 4355 :
980 4317 1102 4354 nam
1133 4309 1264 4355 tunc
1306 4303 1358 4356 in
1384 4305 1527 4366 luce,
1553 4321 1698 4359 nunc
1723 4307 1774 4360 iu
1812 4309 2047 4374 caligine

2156 3142 2275 3188 νον,
2310 3125 2503 3195 ἐκείνῳ
2540 3125 2636 3195 τὴν
2667 3124 2832 3195 ἀκοὴν
2865 3124 3219 3193 εὐγνωμόνως
3267 3124 3505 3192 ὑπέχειν,
3541 3123 3735 3175 πιστὸν

2154 3218 2485 3289 ἡγουμένους
2502 3219 2664 3279 ἆπαν,
2684 3220 2873 3289 ὅτιπερ
2893 3217 2957 3271 ἂν
2979 3217 3129 3288 παρά
3147 3216 3240 3270 τοῦ
3263 3216 3330 3269 τὰ
3353 3217 3468 3269 θεῖα
3493 3216 3733 3286 μυηθέν-

2153 3327 2244 3372 τος
2268 3310 2589 3364 ἀκούσωσιν.
2610 3328 2628 3360 ι
2652 3311 2727 3362 Οὐ
2750 3311 2946 3372 πάντες
2965 3310 3093 3380 γὰρ,
3123 3329 3140 3360 ι
3165 3309 3348 3378 φησὶν,
3376 3329 3393 3359 ι
3418 3308 3732 3371 ἀπόστολοι,

2153 3401 2271 3454 οὐδὲ
2299 3401 2495 3465 πάντες
2521 3403 2818 3474 προφῆται.
2843 3420 2861 3453 ι
2888 3401 3056 3454 Τοῦτο
3079 3400 3135 3454 δὲ
3159 3401 3258 3453 οὐκ
3278 3399 3392 3452 ἔστι
3413 3399 3505 3452 νῦν
3526 3401 3584 3451 ἐν
3608 3403 3736 3464 ταῖς

2155 3490 2370 3554 πολλαῖς
2403 3491 2510 3543 τῶν
2553 3491 2887 3562 Ἐκκλησιῶν
2927 3492 3350 3562 φυλασσόμενον.
3397 3490 3586 3544 Πολλοὶ
3617 3490 3734 3563 γὰρ

2154 3583 2465 3653 καθαρσίων
2505 3583 2582 3636 ἔτι
2613 3586 2676 3637 ὲκ
2710 3583 2819 3636 τῶν
2865 3582 3208 3652 βεϐιωμένων
3248 3582 3429 3643 αὐτοῖς
3458 3581 3730 3652 δεόμενοι,

2153 3673 2376 3726 ἄπλυτοι
2407 3690 2550 3736 τινες
2589 3675 2682 3727 καὶ
2716 3673 3178 3743 κατεσπιλωμένοι
3209 3676 3275 3744 τῇ
3303 3671 3397 3725 τοῦ
3421 3673 3537 3743 βίου
3564 3689 3730 3743 περι-ο

2153 3765 2304 3836 ϐολῇ,
2343 3765 2442 3835 τὴν
2475 3764 2666 3832 ἄλογον
2694 3765 2941 3836 αἴσθησιν
2967 3765 3142 3818 αὐτῶν
3181 3764 3593 3836 προϐαλόμενοι,
3625 3765 3732 3834 τῆς

2153 3854 2300 3917 θείας
2337 3854 2523 3908 ἀνόδου
2576 3855 3020 3926 κατατολμῶσιν,
3071 3855 3193 3909 ὅθεν
3238 3856 3390 3908 αὐτοὶ
3431 3857 3544 3918 τοῖς
3575 3855 3732 3920 ἰδίοις

2151 3945 2332 3999 αὐτῶν
2381 3946 2658 4016 λογισμοῖς
2695 3946 3171 4001 κατασαλεύονται.
3219 3948 3284 3999 Αἱ
3316 3947 3424 4018 γὰρ
3453 3948 3733 4020 αἱρετικαὶ

2153 4034 2469 4106 ὑπολήψεις,
2501 4035 2633 4088 λίθοι
2663 4035 2806 4098 τινὲς
2839 4035 3075 4105 ἀτεχνῶς
3098 4037 3234 4088 είσιν
3257 4036 3417 4090 αὐτὸν
3446 4036 3536 4088 τὸν
3570 4037 3732 4105 εὐρε-

2153 4127 2248 4196 τὴν
2283 4127 2390 4180 τῶν
2415 4127 2664 4197 πονηρῶν
2687 4127 2968 4196 δογμάτων
3003 4128 3460 4196 καταχωννύντες.
3491 4128 3555 4179 Τί
3584 4127 3637 4180 δὲ
3661 4129 3731 4198 δὴ

2156 4219 2401 4288 βούλεται
2426 4219 2486 4271 τὺ
2519 4220 2669 4281 ἐντὸς
2700 4218 2794 4271 τοῦ
2822 4220 3020 4287 γνόφου
3061 4220 3313 4287 γενέσθαι
3345 4220 3435 4271 τὸν
3462 4221 3729 4282 Μωῦσέα,

2153 4310 2247 4362 καὶ
2284 4309 2455 4372 οὕτως
2492 4313 2550 4363 ὲν
2586 4310 2733 4379 αὐτῷ
2771 4311 2861 4363 τὸν
2903 4311 3033 4364 Θεὸν
3076 4310 3240 4376 ίδεῖν;
3309 4311 3582 4364 Ἑναντίον
3617 4311 3733 4380 γὰρ

478 4389 648 4445 Deum
685 4390 849 4446 videt.
883 4390 988 4445 Sed
1026 4392 1078 4446 id
1112 4408 1333 4462 quoque
1368 4409 1396 4446 a
1425 4395 1568 4448 serie
1610 4398 1890 4467 auagogici
1919 4415 2046 4453 scn-

2153 4403 2298 4456 δοκεῖ
2332 4421 2447 4463 πως
2475 4399 2611 4456 εἶναι
2637 4405 2700 4473 τῇ
2735 4402 2924 4474 πρώτῃ
2949 4402 3234 4472 θεοφανείᾳ
3261 4403 3322 4455 τὸ
3356 4403 3450 4456 νῦν
3485 4405 3736 4474 ίστορούυ

480 4499 577 4538 sus
634 4484 933 4538 abhorrere
980 4499 1088 4537 non
1170 4493 1425 4553 putamus
1487 4504 1499 4539 :
1549 4501 1648 4556 per
1704 4488 1844 4544 hanc
1901 4491 2046 4544 enim

478 4574 856 4629 diversitatem
890 4574 1134 4630 historiae
1158 4576 1442 4639 docemur.
1462 4578 1609 4648 quod
1647 4580 1928 4648 religionis
1953 4597 2049 4636 co-

477 4664 654 4733 gnitio
699 4663 789 4716 lux
852 4674 938 4718 est
983 4663 1054 4718 ab
1111 4663 1268 4719 initio
1303 4667 1434 4732 illis.
1487 4684 1516 4722 a
1548 4669 1751 4738 quibus
1788 4683 2044 4743 percepta

476 4762 560 4809 est
593 4772 607 4808 ι
635 4755 989 4824 quamobrem
1032 4755 1174 4824 quod
1226 4758 1476 4827 religioni
1527 4763 1841 4830 Oppositum
1885 4765 2047 4820 intel-

473 4845 716 4917 ligimus,
743 4846 980 4901 tenebraa
1009 4855 1171 4911 sunt,
1199 4864 1433 4917 quarum
1482 4849 1737 4921 depulsio
1769 4871 1877 4909 non
1939 4857 2044 4912 nisi

475 4939 615 4994 lucis
653 4937 1079 5008 participatione
1133 4937 1210 4992 fit.
1266 4936 1470 4993 Verum
1513 4958 1665 4998 mens
1704 4945 1941 5003 hominis
1974 4953 2044 5004 ad

474 5035 681 5105 majora
725 5049 940 5102 semper
985 5041 1040 5088 et
1074 5032 1405 5101 perfectiora
1451 5039 1778 5105 procedens,
1835 5054 2045 5112 quanto

473 5127 648 5198 magis
679 5125 747 5180 ad
783 5125 875 5180 Ιὶεί
916 5126 1346 5195 speculationem
1394 5128 1628 5196 accedit,
1667 5139 1817 5186 tanto
1866 5136 2041 5205 magis

471 5216 759 5286 perspicit,
816 5214 961 5284 quod
1007 5214 1192 5269 divina
1265 5223 1464 5269 natura
1524 5216 1819 5272 invisibilis
1873 5233 2039 5291 atque

470 5305 1048 5376 incomprehensibilis
1095 5315 1199 5360 est.
1252 5304 1387 5359 Nam
1421 5321 1545 5361 cum
1595 5309 1882 5380 reliquerit
1929 5328 2038 5367 non

468 5400 646 5454 solum
676 5398 860 5454 omnia
889 5413 1012 5468 quae
1043 5413 1208 5453 sensu
1235 5399 1639 5468 percipiuntur,
1667 5417 1853 5457 verum
1875 5405 2040 5458 etiam

466 5499 663 5544 cuncta
698 5505 820 5561 qure
849 5497 1032 5545 mente
1071 5489 1466 5560 inspiciuntur,
1509 5506 1571 5546 ac
1621 5508 1837 5564 semper
1860 5497 1926 5552 ad
1958 5500 2040 5552 in-

544 5663 748 5721 "Psal.
791 5682 948 5731 xvm,
1105 5668 1146 5698 ⁸³
1182 5665 1350 5721 lCor.
1384 5683 1456 5734 xu,
1490 5666 1573 5720 ΞΟ.

2156 4511 2342 4565 μενον’
2378 4496 2498 4548 τότε
2535 4496 2631 4564 μὲν
2665 4494 2772 4564 γὰρ
2815 4496 2872 4547 ἐν
2915 4495 3087 4564 φωτὶ,
3132 4494 3225 4547 νῦν
3256 4494 3312 4548 δὲ
3355 4497 3411 4548 ἐν
3438 4495 3622 4563 γνόερῳ
3670 4495 3737 4546 τὸ

2153 4587 2321 4639 Θεῖον.
2350 4585 2498 4656 Μηδὲ
2545 4586 2698 4639 τοῦτο
2735 4587 2827 4640 τοῦ
2877 4585 3068 4658 είρμοῦ
3096 4587 3202 4639 τῶν
3249 4586 3389 4639 κατὰ
3436 4587 3734 4658 ἀναγωγὴν

2151 4680 2283 4748 ἡμῖν
2323 4676 2702 4748 θεωρηθέντων
2734 4679 2961 4750 ἀπᾴδειν
3009 4678 3338 4748 νομίσωμεν.
3395 4678 3644 4731 Διδάσκει
3671 4679 3733 4732 δὲ

2151 4768 2238 4821 διὰ
2265 4768 2468 4822 τούτων
2499 4769 2527 4820 6
2555 4768 2732 4837 λόγος,
2767 4770 2903 4838 ὄτιὴ
2937 4769 3138 4836 γνῶσις
3169 4770 3265 4838 τῆς
3299 4768 3580 4830 εὐσεϐείας
3609 4767 3732 4836 φῶς

2153 4859 2362 4927 γίνεται
2397 4861 2545 4932 παρὰ
2570 4861 2666 4932 τὴν
2695 4859 2916 4930 πρώτην
2942 4855 3022 4922 οἷς
3045 4858 3111 4913 ἂν
3144 4861 3442 4930 ἐγγίνηται.
3489 4861 3633 4914 Διότι
3668 4863 3732 4915 τὺ

2155 4953 2214 5017 ἐξ
2237 4954 2482 5016 ἐναντίας
2531 4956 2596 5024 τῇ
2628 4952 2877 5024 εὐσεϐείᾳ
2903 4952 3209 5023 νοούμενον,
3243 4953 3431 5017 σκότος
3473 4953 3652 5006 ἐστίν·
3692 4957 3728 5025 ή

2151 5043 2205 5096 δὲ
2247 5043 2562 5114 ἀποστροφὴ
2595 5043 2686 5096 106
2736 5043 2980 5105 σκότους,
3015 5043 3080 5110 τῇ
3125 5041 3382 5112 μετουσίᾳ
3414 5040 3507 5093 τοῦ
3547 5041 3732 5109 φωτὸς

2149 5135 2379 5202 γίνεται.
2411 5133 2620 5205 Προϊὼν
2665 5134 2720 5187 δὲ
2755 5137 2784 5188 6
2809 5134 2952 5200 νοῦς,
2987 5137 3079 5188 καὶ
3119 5136 3208 5188 διά
3248 5136 3493 5204 μείζονος
3522 5134 3610 5186 ἀεὶ
3631 5135 3734 5189 καὶ

2147 5225 2488 5297 τελειοτέρας
2511 5226 2780 5296 προσοχῆς
2797 5226 2853 5277 ὲν
2878 5226 3120 5296 περινοίᾳ
3139 5223 3418 5294 γινόμενος
3435 5222 3534 5290 τῆς
3555 5222 3734 5286 ὅντως

2149 5319 2557 5387 κατανοήσεως,
2611 5317 2720 5387 ὅσῳ
2748 5317 3096 5386 προσεγγίζει
3149 5315 3348 5386 μᾶλλον
3386 5317 3450 5385 τῇ
3495 5313 3730 5386 θεωρίᾳ,

2146 5407 2384 5477 τοσούτῳ
2419 5407 2578 5460 πλέον
2606 5409 2706 5478 ὁρᾷ
2730 5407 2790 5459 τὸ
2825 5406 2926 5476 τῆς
2966 5406 3114 5468 θεῖας
3142 5405 3354 5473 φύσεως
3387 5404 3730 5475 ἀθεώρητον.

2147 5500 2473 5555 Καταλιπὼν
2495 5501 2602 5572 γὰρ
2629 5502 2734 5554 πᾶν
2758 5499 2816 5553 16
2846 5499 3183 5569 φαινόμενον,
3213 5499 3274 5551 οὐ
3306 5497 3464 5568 μόνον
3497 5497 3596 5550 ὅσα
3621 5515 3732 5554 κα·-
