4054 6436
285 202 362 255 377
1533 201 1618 258 DE
1660 200 1812 257 VlTA
1842 201 2106 260 MOYSES.

3369 213 3473 271 578

283 312 563 382 ταλαμϐάνει
597 313 630 380 η
659 309 933 380 αἴσθησις,
958 310 1092 364 ἀλλὰ
1123 312 1214 364 καὶ
1245 313 1344 365 ὅσα
1373 315 1405 384 ὴ
1435 313 1640 368 διάνοια
1662 316 1808 368 δοκεῖ

1912 317 2110 370 teriora
2152 318 2555 388 progrediatur,
2621 325 2750 370 tunc
2796 319 3030 390 caligine
3082 320 3323 389 undique
3364 324 3471 377 cir-

281 406 485 475 βλέπειν’
535 403 620 456 ἀεὶ
667 402 802 473 πρὸς
840 403 901 456 τὸ
945 403 1215 474 ἐνδότερον
1256 404 1414 467 ἵεται,
1450 407 1554 467 ἓως
1593 407 1657 460 ἂν
1690 408 1803 460 δια-

279 497 354 566 δυῇ
389 497 444 564 τῇ
468 494 962 564 πολυπραγμοσύνῃ
989 497 1088 564 τῆς
1129 494 1362 559 διανοίας
1387 496 1522 568 πρὸς
1554 499 1612 550 τὸ
1641 499 1803 551 ἀθέα-

279 589 426 640 τόντε
465 587 554 638 καὶ
592 584 1009 654 ἀκατάληπτον,
1040 586 1204 639 κάκεί
1249 587 1340 639 τὸν
1385 586 1516 640 Θεὸν
1563 589 1664 660 ίδῃ.
1715 590 1802 642 Ἐν

275 675 414 744 τούτῳ
447 674 548 743 γάρ
587 677 620 742 ἡ
659 672 866 743 ἀληθής
907 675 1050 726 ἐστιν
1083 672 1286 742 είδησις
1321 675 1412 728 τοῦ
1449 675 1800 746 ζητουμένου,

275 768 320 820 τὸ
341 765 557 836 ἐντούτῳ
583 766 645 818 τὺ
672 767 821 828 ἰδεῖν,
852 766 909 816 ἐν
941 768 1016 838 τῷ
1050 763 1124 834 μὴ
1163 765 1290 818 ἰδεῖν
1318 781 1331 792 ·
1363 767 1442 819 ὅτι
1484 767 1800 837 ὑπέρκειται

273 854 416 920 ,τάπης
449 852 703 920 εξδήσεως
750 851 813 904 τὸ
843 851 1190 922 ζητούμενον,
1233 847 1343 906 οἷόν
1375 871 1479 907 τινι
1520 855 1702 926 γνόφῳ
1733 858 1800 926 τῇ

273 944 575 1012 ἀκαταληψία
610 943 946 1012 πανταχόθεν
984 941 1375 1013 διειλημμένον.
1420 946 1511 998 Διό
1541 964 1674 1016 φησι
1706 950 1802 1002 καὶ

269 1032 484 1101 όῦψηλδς
522 1033 797 1099 Ἰωάννης,
837 1034 866 1084 6
901 1035 958 1084 ὲν
1003 1032 1079 1101 τῷ
1129 1032 1365 1105 λαμπρῷ
1409 1035 1592 1106 γνόφῳ
1629 1037 1802 1110 τούτῳ

269 1123 530 1192 γενόμενος,
557 1125 641 1174 ὅτι
660 1147 680 1180 ι
699 1126 832 1178 Θεὸν
842 1123 1014 1189 οὐδεὶς
1029 1125 1240 1198 ἑώρακε
1257 1126 1492 1184 ταῦποτεο
1505 1149 1525 1185 ι
1549 1131 1606 1184 οὑ
1644 1129 1800 1198 μόνον

265 1216 350 1276 r05;
372 1213 686 1284 ἀνθρώποις,
715 1213 850 1265 ἀλλὰ
878 1213 971 1265 καὶ
988 1213 1134 1285 πάσῃ
1159 1219 1321 1287 νοητῇ
1344 1215 1503 1284 φύσει
1525 1219 1623 1288 τῆς
1653 1220 1801 1283 θείας

265 1308 416 1368 οὐσίας
462 1307 560 1375 τὴν
616 1306 817 1374 γνῶσιν
863 1308 1150 1374 ἀνέφικτον
1193 1303 1364 1374 εἶναι,
1426 1312 1492 1380 τῇ
1528 1311 1800 1381 ἀποφάσει

263 1397 404 1468 ταύτῃ
429 1397 811 1468 διοριζόμενος.

322 1493 430 1547 Ὅτε
455 1491 545 1548 οὖν
579 1493 781 1564 μείζων
815 1495 1029 1561 ἐγένετο
1070 1494 1208 1547 κατὰ
1232 1494 1329 1566 τὴν
1358 1494 1555 1563 γνῶσιν
1584 1497 1611 1548 6
1640 1497 1800 1548 Μωῡο

264 1584 360 1653 σῆς,
382 1585 488 1637 τότε
508 1583 765 1654 ὁμολογεῖ
790 1584 878 1635 τὸν
898 1583 1029 1636 Θεὸν
1057 1585 1115 1635 ὲν
1142 1584 1324 1654 γνόςρῳ
1351 1585 1496 1646 ἰδεῖν,
1532 1585 1794 1649 τουτέστι,

262 1675 358 1726 τότε
384 1673 604 1742 γνῶναι,
651 1675 731 1727 ὅτι
775 1673 950 1726 ἐκεῖνό
996 1675 1111 1726 ἐστι
1146 1677 1209 1744 τῇ
1255 1675 1413 1742 πύσει
1449 1676 1510 1728 τὸ
1546 1677 1718 1739 Θεῖον,

265 1766 410 1832 πάσης
435 1764 689 1833 γνώσεώς
727 1782 785 1817 τε
823 1765 914 1817 καὶ
947 1764 1299 1835 καταλήψεώς
1329 1767 1474 1819 ἐστιν
1505 1767 1792 1839 ἀνώτερον.

262 1855 452 1926 Είσῆλθε
476 1857 610 1927 γάρ,
649 1857 802 1926 φησι,
832 1857 1070 1926 Μωῦσῆς
1103 1859 1182 1919 είς
1210 1857 1299 1909 τὸν
1333 1858 1546 1926 γνόφον,
1587 1853 1646 1910 οὗ
1677 1855 1742 1929 ἦν
1768 1859 1797 1910 6

223 1967 230 1990 ι
261 1946 381 2009 Θεός.
409 1949 495 2010 Τίς
521 1951 552 2001 6
584 1947 740 2010 636;;
783 1948 841 2010 ὅς
869 1947 1020 2000 ἔθετο
1047 1949 1109 2001 τὸ
1139 1949 1327 2012 σκότος
1354 1939 1678 2022 ὰποκρυφὴν
1706 1951 1798 2004 αὑ-

260 2036 350 2098 τοῦ,
378 2037 546 2101 καθώς
596 2055 733 2108 φησι
765 2038 946 2100 Δαϐὶδ,
993 2041 1021 2092 6
1066 2040 1122 2091 ἐν
1150 2039 1232 2108 τῷ
1266 2041 1414 2110 αὐτῷ
1463 2041 1688 2111 μυηθεὶς
1730 2041 1798 2094 τὰ

264 2129 524 2198 ἀπόρρητα,
585 2130 647 2182 ’0
679 2129 736 2182 δὲ
776 2131 893 2181 ἐκεῖ
930 2129 1185 2197 γεγονὼς,
1212 2130 1247 2183 ἃ
1289 2131 1684 2203 προεπαιδεύθη
1712 2132 1798 2185 διά

261 2218 336 2270 τοῦ
362 2221 566 2288 γνόςςου,
600 2220 762 2272 πάλιν
787 2221 872 2272 διὰ
899 2220 991 2272 τοῦ
1009 2221 1205 2289 γνὸςου
1231 2221 1540 2274 διδάσκεται
1563 2237 1577 2251 θ
1609 2221 1684 2284 ὡς
1709 2222 1796 2287 ἂν,

261 2304 401 2379 οἶμαι,
415 2311 755 2381 παγιώτερον
771 2313 904 2381 ἡμῖν
932 2311 993 2363 τὸ
1018 2328 1082 2362 πε
1091 2316 1142 2383 ρί
1159 2310 1346 2364 τούτου
1363 2315 1585 2384 γένηται
1604 2312 1694 2379 δόγ
1703 2330 1798 2383 μα,

258 2403 309 2468 τῇ
341 2402 444 2471 θεία
487 2406 646 2472 φωνῇ
696 2401 1160 2472 μαρτυρούμενον.
1219 2403 1574 2472 Ἀπαγορεύει
1613 2403 1718 2472 γὰρ
1745 2405 1802 2456 ὲν

259 2494 456 2560 πρώτοις
483 2496 510 2546 6
541 2496 691 2556 θεῖος
717 2495 892 2561 λόγος,
917 2497 1050 2564 πρὸς
1075 2495 1239 2564 μηδὲν
1263 2495 1370 2547 τῶν
1391 2495 1803 2566 γινωσκομένων

255 2581 535 2647 ὁμοιοῦσθαι
565 2583 724 2650 παρὰ
750 2583 855 2633 τῶν
888 2581 1192 2652 ἀνθρώπων
1216 2582 1271 2636 τὸ
1287 2582 1438 2635 Θεῖον
1459 2599 1470 2609 ·
1500 2584 1573 2645 ὡς
1609 2581 1804 2644 παντὸς

257 2671 488 2738 νοήματος
519 2671 621 2723 τοῦ
657 2670 797 2722 κατά
835 2687 955 2722 τινα
997 2670 1718 2741 περιληπτικὴνφαντασίαν
1749 2672 1805 2723 ἐν

259 2763 469 2832 περινοίᾳ
519 2762 637 2814 τινὶ
663 2764 752 2812 καί
791 2759 1080 2830 στοχαπμῷ
1129 2761 1229 2831 τῆς
1259 2760 1471 2828 φύσεως
1497 2761 1802 2828 γινομένου,

257 2853 437 2905 είδωλον
457 2853 597 2906 Θεοῦ
633 2851 962 2914 πλάσσοντος
989 2854 1080 2904 καὶ
1101 2853 1159 2904 οὐ
1179 2851 1310 2904 Θεὸν
1331 2852 1802 2919 καταγγέλλοντος.

254 2945 360 3013 Διχῆ
388 2945 440 2997 δὲ
484 2947 586 3016 τῆς
628 2946 747 2996 κατ’
783 2944 1062 2997 εὐσέϐειαν
1094 2943 1296 3014 ἀρετῆς
1332 2943 1687 3016 διῃρημένης,
1725 2942 1806 3004 εἵς

252 3051 300 3086 τε
323 3037 374 3088 τὺ
394 3039 562 3100 Θείον,
594 3037 693 3089 καὶ
722 3037 800 3098 είς
815 3035 911 3103 τὴν
932 3033 1023 3086 τοῦ
1049 3034 1209 3104 ηθους
1233 3034 1564 3106 κατόρθωσιν
1589 3049 1603 3063 ο
1635 3033 1796 3102 μέρος

253 3125 342 3195 γὰρ
381 3129 694 3190 εὐσεϐείας,
747 3127 840 3179 καὶ
877 3129 910 3197 ἠ
958 3125 1050 3179 τοῦ
1090 3126 1253 3196 ἢθους
1297 3125 1604 3196 καθαρότης
1649 3125 1794 3177 ἐστί·

252 3217 412 3284 μαθὼν
443 3222 499 3271 ὲν
526 3218 793 3289 πρώτοις,
823 3217 858 3271 ἂ
888 3217 993 3288 χρὴ
1031 3220 1158 3288 περὶ
1195 3217 1326 3269 Θεοῦ
1367 3215 1652 3284 γινώσκειν
1673 3233 1686 3246 ·
1743 3215 1804 3268 τὸ

247 3307 294 3359 δέ
319 3325 374 3375 γε
401 3311 698 3378 γινώσκειν
728 3305 817 3379 ἦν,
847 3309 907 3362 τὸ
939 3309 1101 3379 μηδὲν
1141 3308 1269 3379 περὶ
1294 3307 1456 3361 αὑτοῦ
1489 3307 1596 3359 τῶν
1632 3305 1688 3370 ἐξ
1714 3309 1804 3359 άν-

244 3399 497 3473 θρωπίνης
523 3401 893 3472 καταλήψεως
927 3401 1342 3470 γινωσκομένων
1369 3399 1562 3452 εἰδέναι
1585 3416 1596 3428 ⁸
1633 3399 1803 3463 οὕτως

244 3496 293 3544 τὸ
320 3494 501 3564 ἕτερον
535 3495 647 3563 τῆς
670 3493 866 3563 ἀρετῆς
907 3489 1044 3554 εἶδος
1075 3491 1401 3554 διδάσκεται,
1436 3491 1718 3559 μανθάνων
1745 3495 1802 3543 ὲν

240 3586 350 3647 οὒδις
397 3584 840 3655 ἐπιτηδεύμασιν
883 3585 912 3636 6
973 3583 1224 3652 ἐνάρετος
1259 3581 1618 3646 κατορθοῦται
1667 3581 1799 3650 βίος.

241 3677 374 3731 Μετὰ
416 3678 580 3731 τοῦτο
633 3681 692 3729 ὲν
725 3679 792 3747 τῇ
824 3675 1218 3744 ἀχειροποιήτῳ
1249 3675 1418 3742 σκηνῇ
1451 3675 1674 3743 γίνεται.
1709 3673 1804 3735 Τίς

232 3768 575 3839 ἀκολουθήσει
614 3765 697 3836 τῷ
734 3766 819 3818 διὰ
855 3765 962 3816 τὼν
995 3763 1247 3816 τοιούτων
1281 3762 1539 3825 ὁδεύοντι,
1579 3763 1671 3816 καὶ
1712 3765 1804 3816 ἐπὶ

232 3859 462 3912 τοσοῦτον
488 3861 639 3928 ὕψου
648 3857 792 3926 μένῳ
821 3855 909 3907 τὸν
932 3855 1088 3918 νοῦν;
1133 3855 1191 3917 ὃς
1217 3853 1468 3924 καθάπερ
1492 3854 1614 3906 τινὰ
1639 3872 1770 3924 κορυ
1788 3883 1802 3892 -

229 3950 319 4019 τὴν
344 3953 405 4003 ἐκ
442 3948 706 4019 κορυφῆς
747 3945 1194 4016 μεταλαμϐάνων,
1225 3945 1310 3996 διὰ
1332 3946 1428 4014 τῆς
1456 3945 1562 3998 τῶν
1585 3945 1802 4015 ὑψηλῶν

229 4038 560 4102 ἀναϐάσεως,
586 4039 678 4091 ἀεὶ
711 4035 903 4088 ἑαυτοῦ
944 4036 1148 4101 γίνεται
1180 4034 1525 4104 ὑψηλότερος.
1582 4035 1800 4104 Πρῶτον

225 4130 469 4183 κατέλιπε
495 4131 608 4200 τὴν
641 4127 940 4196 ὑπώρειαν,
970 4125 1184 4178 πάντων
1200 4126 1306 4178 τῶν
1327 4126 1460 4195 πρὸς
1487 4126 1582 4196 τὴν
1615 4126 1798 4178 ἄνοδον

225 4223 600 4292 ἁτονησάντων
643 4217 977 4288 ἁποκριθείς.
1026 4213 1156 4269 Εἶτα
1193 4218 1404 4285 δέχεται
1438 4221 1500 4287 τῇ
1538 4219 1669 4286 ἁκοῇ
1701 4217 1798 4279 τας

1767 1647 1872 1729 δΒ

1904 417 2216 477 cumseptus
2265 409 2528 463 invisibili
2569 415 2623 462 et
2669 409 3247 477 incomprehensibili,
3298 411 3468 467 Deum

1904 500 2067 552 videt.
2111 499 2168 551 In
2209 500 2314 553 hoc
2351 502 2493 553 enim
2531 501 2790 552 consistit
2826 499 2916 553 Dei
2953 515 3078 554 vera
3106 503 3367 571 cognitio,
3415 504 3468 559 in

1904 587 2006 642 hoc
2031 597 2115 644 est
2143 590 2266 658 ejus
2291 591 2448 654 visio,
2498 599 2556 642 ιιι
2589 589 2777 643 videas
2809 591 2954 658 quod
2992 591 3161 645 videri
3210 609 3315 646 non
3344 609 3469 663 pos-

1902 681 1996 742 sit,
2037 681 2180 749 quod
2205 697 2418 734 onmem
2455 682 2823 750 cognitionem
2850 683 3090 749 cognitio
3137 684 3258 751 ejus
3303 700 3470 740 exce-

1901 772 2000 837 dit,
2021 775 2176 842 quasi
2197 775 2429 842 caligine
2459 773 2692 843 quadam
2734 775 2848 842 ipsa
2884 776 3462 842 incomprehensibili-

1905 869 2014 916 tate
2051 865 2292 932 undique
2322 872 2600 917 contenta.
2653 865 2996 932 Quapropter
3039 864 3260 920 divinus
3297 868 3462 920 etiam

1901 952 2163 1016 Joannes,
2201 956 2293 1024 qtti
2331 957 2382 1008 in
2445 956 2946 1024 splendidissimam
2984 955 3125 1009 hanc
3175 957 3466 1025 caliginem

1903 1056 2243 1114 pervenerat,
2271 1063 2372 1098 non
2405 1047 2675 1098 dubitavit
2699 1048 3004 1099 exclauare
3032 1066 3044 1099 :
3081 1065 3098 1097 ι
3125 1050 3294 1101 Deum
3329 1064 3470 1100 nun-

1901 1151 2063 1203 quam
2121 1138 2264 1190 ullus
2314 1137 2543 1190 vidit“:
2578 1157 2595 1188 ι
2630 1154 2737 1190 non
2782 1139 2957 1191 solum
3002 1138 3336 1202 hominibus,
3373 1139 3467 1191 sed

1901 1228 2252 1282 intellectuali
2287 1231 2432 1282 omni
2465 1241 2673 1284 natura:
2703 1232 3094 1300 impossibilcm
3124 1233 3320 1285 divin:e
3342 1234 3472 1286 sub—

1901 1321 2117 1374 stantiae
2148 1322 2513 1391 cognitionem
2553 1323 2652 1375 hac
2683 1323 2970 1390 negatione
3001 1324 3392 1377 determinatus.

1969 1496 2148 1564 Quare
2178 1498 2388 1569 Moyses
2415 1501 2574 1553 etiam
2606 1513 2728 1553 cum
2752 1501 3063 1570 cognitione
3092 1501 3266 1567 major
3295 1502 3469 1557 factus
3541 1510 3545 1514 '

1902 1589 2038 1654 l'ttit,
2079 1599 2207 1642 tunc
2236 1590 2548 1652 conlitetur,
2589 1590 2642 1642 in
2673 1591 2905 1659 caligine
2941 1590 3108 1644 Deum
3144 1592 3380 1651 vidisse.
3417 1593 3468 1644 id

1897 1688 2018 1742 est,
2055 1688 2183 1733 tunc
2214 1680 2429 1733 demum
2487 1684 2812 1750 cognovisse
2863 1683 3008 1733 illam
3060 1697 3183 1735 esse
3221 1682 3468 1735 divinam

1898 1781 2144 1824 naturam
2172 1788 2292 1840 quae
2317 1773 2679 1840 cOgnitionem
2707 1781 2758 1826 et
2790 1773 3332 1841 comprchensionem
3360 1789 3470 1825 om-

1897 1878 2016 1915 nem
2043 1861 2273 1914 excedit.
2307 1859 2530 1913 Intravit
2551 1862 2694 1914 enim
2727 1861 2936 1931 Moyses
2965 1862 3230 1929 (historia
3263 1863 3464 1930 inquit)

1897 1952 1950 2004 in
1981 1951 2301 2019 caliginem,
2331 1952 2418 2003 ubi
2455 1951 2594 2006 Deus
2623 1961 2738 2004 erat
2774 1953 2837 2004 ⁵⁵.
2870 1953 3130 2017 Quisnam
3165 1953 3340 2006 Deus?
3370 1954 3466 2021 qni

1899 2041 2078 2108 posuit
2107 2039 2358 2094 tenebras
2383 2042 2798 2095 occultationem
2833 2057 2986 2094 suam
3012 2081 3024 2103 ,
3053 2051 3109 2094 ut
3140 2043 3339 2094 Cecinit
3371 2041 3472 2095 Da-

1899 2132 1985 2185 vid
2009 2132 2096 2185 ille
2118 2131 2183 2196 “,
2211 2132 2300 2200 qui
2327 2132 2491 2185 etiam
2523 2132 2576 2184 in
2602 2131 2790 2184 eadem
2818 2131 3326 2200 caligine'initiatus
3351 2143 3468 2186 est:

1901 2224 1991 2290 qui
2022 2237 2153 2276 vero
2194 2222 2320 2274 illuc
2353 2223 2610 2284 intravit,
2645 2237 2704 2273 ea
2738 2221 2804 2274 de
2833 2209 3033 2290 quibus
3059 2231 3183 2275 ante
3215 2239 3306 2291 per
3338 2223 3473 2274 cali-

1901 2314 2078 2381 ginem
2117 2312 2292 2364 l'uerat
2325 2315 2608 2372 eruditus.
2647 2329 2837 2367 rursus
2873 2329 2966 2382 μοι·
3001 2314 3281 2382 caliginem
3315 2315 3474 2366 doce-

1904 2413 2009 2464 tur,
2061 2411 2118 2455 ut
2159 2402 2282 2465 ﬁat,
2323 2404 2537 2471 opinor,
2585 2404 2793 2456 ﬁrmius
2828 2404 2928 2455 hoc
2963 2405 3240 2457 decretum
3291 2405 3473 2457 divina

1905 2509 2034 2547 voce
2063 2505 2225 2562 atque
2275 2495 2604 2548 auctoritate
2638 2494 3075 2562 comprobatum.
3130 2493 3285 2547 Vetat
3328 2496 3471 2548 enim

1906 2583 1958 2636 in
2009 2583 2200 2652 primis
2230 2582 2474 2636 divinutn
2520 2593 2846 2652 praeceptum
2882 2584 2952 2645 ⁸⁷,
2999 2602 3066 2636 ne
3119 2585 3354 2651 alicujus
3393 2586 3473 2638 rei

1905 2689 2066 2741 quam
2091 2689 2394 2742 cognoscas
2417 2715 2430 2736 ,
2458 2674 2622 2727 Deum
2649 2675 2877 2727 similem
2907 2685 3061 2744 putes
3088 2693 3099 2727 :
3125 2677 3302 2728 onmis
3327 2677 3472 2728 enim

1908 2764 2254 2828 intellectus,
2298 2765 2391 2832 qui
2439 2764 2781 2833 phantastica
2821 2768 3055 2832 quadam
3107 2765 3469 2833 cogitatione,

1907 2857 2061 2924 quasi
2088 2855 2404 2921 conjectura
2427 2854 2667 2907 divinam
2702 2864 2952 2906 naturam
2982 2854 3365 2921 apprehendit,
3398 2855 3476 2906 si-

1908 2947 2210 2998 mulacrum
2238 2946 2453 3014 quidem
2493 2945 2581 2998 Dei
2611 2947 2764 2998 tinxit
2789 2948 2839 2996 in
2867 2959 3074 3006 mente,
3102 2945 3267 2998 Deum
3295 2956 3473 2998 autetn

1906 3051 2014 3089 non
2038 3036 2321 3090 intellexit.
2345 3034 2541 3089 Verum
2570 3052 2688 3089 cum
2713 3036 2906 3098 virtus,
2934 3052 3052 3104 quae
3071 3035 3367 3088 secundum
3395 3050 3476 3088 ve-

1905 3129 2118 3181 ritatem
2149 3139 2227 3181 est
2255 3167 2269 3192 ,
2305 3128 2557 3195 liipattita
2589 3127 2690 3187 sit,
2721 3127 3025 3197 partimque
3057 3125 3156 3178 ﬁde
3186 3126 3237 3177 in
3272 3125 3434 3177 Deum
3455 3166 3469 3186 ,

1905 3219 2102 3285 partim
2139 3227 2283 3272 recta
2321 3218 2537 3271 viventi
2571 3219 2782 3270 ratione
2815 3217 3184 3271 constituatur
3215 3215 3231 3284 (
3257 3216 3474 3284 pietatis

1904 3311 2048 3364 enim
2085 3310 2330 3379 profecto
2365 3325 2490 3380 pars
2528 3325 2634 3362 non
2673 3326 2835 3378 parva
2871 3317 2955 3363 est
2988 3308 3282 3360 mundities
3315 3308 3475 3375 vitaz)

1907 3401 2138 3469 primum
2171 3399 2394 3462 didicit,
2443 3399 2571 3468 quid
2606 3403 2852 3466 oporteat
2906 3396 2973 3450 de
3023 3395 3129 3449 Deo
3175 3411 3474 3465 cognosce-

1905 3506 1963 3545 re
1990 3509 2002 3543 :
2037 3490 2180 3559 quod
2207 3489 2423 3558 quidem
2454 3504 2783 3556 cognosvere
2811 3487 2946 3540 nihil
2980 3487 3127 3540 aliud
3159 3499 3243 3540 est
3263 3526 3277 3549 ,
3313 3502 3473 3556 quam

1906 3583 2038 3634 nihil
2079 3597 2266 3636 eorum
2302 3595 2423 3634 esse
2457 3578 2624 3632 Deum
2667 3593 3037 3647 cognoscere.
3081 3595 3201 3646 quw
3240 3579 3474 3630 humana

1906 3689 2058 3727 meus
2093 3679 2266 3742 potest
2295 3687 2648 3739 cognoscere.
2680 3669 2882 3722 Deinde
2910 3669 3070 3721 aliam
3103 3669 3318 3721 virtutis
3348 3685 3474 3736 par-

1906 3772 2010 3815 tem
2055 3763 2340 3831 diligenter
2387 3765 2586 3814 docet:
2631 3759 2858 3812 docetur
2903 3762 3045 3812 enim
3095 3759 3292 3827 quibus
3343 3775 3472 3827 ope-

1907 3853 2056 3905 ribus
2097 3855 2232 3904 bene
2275 3852 2488 3903 viven-li
2525 3853 2660 3902 ratio
2688 3851 3039 3918 perﬁciatur:
3075 3866 3136 3902 ac
3165 3851 3381 3902 deinum
3417 3849 3470 3902 in

1905 3943 2356 4003 tabernaculum,
2391 3942 2532 4010 quod
2571 3958 2765 3994 manus
2794 3941 2941 3994 nulla
2977 3941 3151 3992 fuerat
3187 3939 3471 4004 fabricata,

1907 4034 2229 4102 ingreditur.
2260 4031 2394 4097 Quis
2423 4041 2683 4102 sequetur
2717 4033 2857 4085 hunc
2879 4072 2893 4093 ,
2919 4033 3008 4101 qui
3050 4049 3142 4100 per
3175 4041 3252 4085 tot
3289 4039 3470 4082 tanta-

1903 4142 2008 4195 que
2043 4125 2290 4187 scmtdit,
2329 4141 2393 4178 ac
2430 4135 2661 4180 mentem
2699 4140 2912 4194 semper
2946 4124 2996 4176 in
3031 4123 3193 4176 altius
3221 4121 3474 4174 extollit?

1903 4216 1995 4285 qui
2025 4232 2147 4269 cum
2182 4217 2233 4269 in
2271 4231 2438 4269 unum
2473 4231 2734 4269 cacumen
2765 4214 3109 4278 ascenderit,
3139 4212 3204 4264 ad
3237 4212 3466 4270 alterum

221 4311 319 4364 τῶν
364 4314 702 4380 σαλπίγγων
738 4311 942 4378 φωνὰς,
978 4309 1055 4379 τῷ
1090 4309 1212 4377 ὕψει
1247 4310 1343 4378 τῆς
1379 4309 1564 4360 ἀνόδου
1606 4326 1800 4361 συνεπ-

1908 4307 2038 4360 illud
2060 4346 2074 4367 ,
2105 4312 2207 4367 sibi
2225 4311 2283 4364 fit
2302 4310 2522 4379 gradus,
2541 4316 2592 4361 ct
2609 4306 2673 4359 ad
2700 4305 2827 4359 illud
2845 4306 3060 4368 iterum,
3079 4310 3240 4371 atque
3272 4303 3467 4356 iterum

221 4407 523 4474 αιρύμενος.
576 4405 701 4456 Ἐπὶ
723 4403 953 4464 τούτοις,
992 4401 1070 4462 είς
1106 4401 1164 4452 τὸ
1195 4400 1421 4469 ἀόρατον
1449 4400 1544 4468 τῆς
1576 4401 1803 4466 θεογνωο

222 4498 333 4562 σίας
378 4501 588 4554 ἄδυτον
631 4497 997 4567 παραδύεται·
1064 4495 1158 4546 καὶ
1195 4493 1315 4546 οὐδὲ
1345 4494 1402 4544 ὲν
1431 4492 1603 4562 τούτῳ
1631 4494 1798 4562 μένει,

219 4589 320 4640 ἀλλ’
347 4593 443 4643 ἐπὶ
484 4592 600 4660 τὴν
642 4587 1052 4659 ἀχειροποίητον
1092 4582 1405 4654 μεταϐαίνει
1439 4585 1661 4653 σκηνήν.
1712 4583 1800 4651 Τῷ

218 4679 320 4732 ιντι
344 4683 456 4751 γὰρ
475 4682 580 4736 ἐπὶ
604 4680 761 4734 τοῦτο
782 4679 1021 4748 καταντᾷ
1044 4676 1102 4728 τὸ
1132 4675 1322 4746 πέρας,
1344 4675 1371 4725 6
1389 4673 1476 4727 διὰ
1501 4673 1605 4724 τῶν
1631 4672 1802 4725 τοιού-

215 4786 316 4820 των
336 4772 557 4824 ἀνόδων
577 4768 902 4838 ὑψούμενος.
933 4765 1090 4818 Δοκεί
1108 4763 1216 4832 γάρ
1244 4778 1331 4832 μοι
1354 4761 1445 4814 καὶ
1470 4761 1590 4814 καθ’
1619 4761 1802 4830 ἕτερον

218 4856 332 4909 νοῦν
356 4859 692 4922 διδάσκαλος
718 4859 751 4927 ἡ
776 4855 1002 4927 οὐρανία
1033 4851 1268 4919 σάλπιγξ
1281 4851 1376 4920 τῆς
1416 4853 1508 4903 ἐπὶ
1531 4851 1628 4920 τὴν
1663 4854 1807 4919 ἀχει-

220 4949 508 5017 ροποίητον
565 4947 802 5018 πάροδον
843 4944 920 5014 τῷ
954 4942 1232 4996 ἐπανιόντι
1269 4938 1530 5006 γίνεσθαι.
1585 4936 1646 4989 Ἥ
1691 4939 1800 5009 γὰρ

219 5038 315 5090 τῶν
348 5039 478 5092 κατ’
513 5038 750 5106 οὖρανὸν
782 5036 1073 5105 θαυμάτων
1111 5031 1392 5103 διασκευὴ,
1425 5030 1522 5100 τὴν
1558 5030 1804 5098 ἐκφαινο-

224 5133 382 5200 βὲιπει
416 5135 542 5193 τοῖς
595 5127 711 5182 οὖσι
743 5128 934 5195 σοφίαν
964 5124 1256 5187 διαϐοῶσα,
1300 5127 1390 5180 καί
1433 5124 1533 5193 τὴν
1563 5120 1803 5191 μεγάλην

221 5222 306 5274 τοῦ
344 5226 490 5278 Θεοῦ
556 5223 716 5288 ὤξαν
761 5221 870 5274 τῶν
908 5219 1242 5288 φαινομένων
1273 5215 1626 5295 διηγουμένη,
1662 5214 1802 5268 κατά

227 5317 278 5365 τι»
325 5317 658 5387 εἰρημένον,
714 5317 797 5366 ὅτι
856 5313 965 5366 «Oi
1013 5313 1225 5381 οὒρανοὶ
1278 5312 1598 5393 διηγοῦνται
1645 5305 1800 5371 δόξαν

230 5403 346 5455 θεοῦ
368 5421 384 5433 ο
412 5425 431 5454 ι
490 5403 640 5470 αὕτη
674 5403 751 5472 τῷ
783 5401 966 5474 τρανῴ
999 5417 1057 5452 τε
1096 5402 1176 5455 καὶ
1213 5410 1384 5491 eam”,
1427 5401 1530 5474 τῆς
1554 5395 1802 5449 διδασκα-

305 5575 341 5597 “⁶
365 5579 528 5634 Joan.
570 5595 612 5637 ι.
640 5582 686 5635 8.

1908 4398 1973 4450 ad
2019 4398 2164 4450 aliud
2189 4439 2202 4459 ,
2251 4399 2324 4448 ita
2360 4405 2418 4449 ut
2449 4398 2515 4449 de
2547 4396 2722 4448 altiori
2763 4395 2816 4447 in
2845 4395 3007 4448 altius
3037 4409 3251 4463 semper
3278 4409 3470 4447 ascen~

1901 4492 2029 4549 dat,
2065 4504 2389 4556 semperque
2431 4487 2611 4556 seipso
2663 4486 2754 4539 liat
2800 4486 3148 4556 praestantior
3170 4490 3191 4538 ἲ
3226 4485 3468 4537 l’rimum

1904 4595 2026 4632 cum
2069 4579 2248 4632 caeteri
2294 4595 2484 4632 omnes
2521 4578 2584 4631 ad
2617 4592 2907 4632 ascensum
2942 4577 3270 4640 deﬁcerent,
3324 4577 3470 4630 radio.

1905 4685 1996 4722 ees
2043 4669 2240 4721 montis
2289 4669 2439 4721 solus
2486 4667 2920 4737 supergreditur:
2960 4667 3162 4720 Deinde
3209 4667 3466 4720 tubarum

1905 4761 2119 4834 sonitus
2164 4759 2388 4812 auribus
2426 4761 2665 4828 percepit
2713 4760 3002 4814 altitudine
3056 4761 3256 4813 montis
3303 4758 3470 4811 mira-

1906 4855 1999 4908 bili
2027 4871 2040 4918 ;
2095 4853 2212 4922 ipse
2245 4868 2462 4922 quoque
2497 4852 2720 4905 miriﬁce
2752 4854 2996 4905 elevatus
3021 4891 3034 4911 .
3074 4851 3138 4903 ad
3179 4851 3292 4902 haec
3325 4849 3468 4901 invi-

1907 4943 2084 4997 sibilia
2107 4943 2304 4996 divina:
2334 4941 2665 5011 cognitionis
2690 4942 2984 5010 penetralia
3009 4940 3330 5006 ingreditur.
3363 4937 3470 4992 Nec

1905 5035 1976 5088 ibi
2012 5034 2340 5103 permansit,
2370 5033 2460 5085 sed
2497 5034 2548 5084 in
2583 5033 2992 5085 tabernaculum
3028 5031 3174 5083 nulla
3207 5046 3367 5082 manu
3395 5028 3472 5081 la-

1903 5135 2049 5177 etum
2089 5124 2425 5192 pertransit:
2469 5131 2618 5176 certe
2661 5139 2894 5192 namque
2943 5123 3007 5176 ad
3058 5122 3203 5175 hunc
3254 5119 3471 5173 tandem

1903 5213 1991 5266 ille
2023 5214 2180 5266 tinem
2211 5212 2487 5281 pervenit.
2519 5211 2612 5278 qui
2641 5209 2952 5278 hujusmodi
2981 5209 3303 5264 ascensibus
3331 5207 3474 5260 exal-

1902 5313 2067 5358 tatur.
2104 5302 2207 5358 Sed
2243 5305 2331 5356 illa
2360 5318 2576 5370 quoque
2605 5302 2872 5356 sententia
2903 5302 2969 5354 de
2997 5299 3202 5353 cmlesti
3241 5298 3366 5350 tuba
3404 5297 3471 5350 ad

1901 5395 2139 5450 divinam
2179 5393 2508 5464 pcrduccnte
2541 5394 2938 5464 cognitionem,
2983 5408 3089 5445 non
3139 5399 3220 5444 cst
3268 5389 3469 5456 impro-

804 5579 846 5612 ι’
870 5577 1034 5631 Exod.
1067 5593 1109 5639 κ,
1135 5583 1215 5661 2p
1287 5613 1326 5649 ,.-,
1355 5589 1522 5663 p53],
1565 5595 1698 5641 xvn.
1735 5577 1816 5633 l0.
1875 5576 1915 5608 ³⁷
1951 5574 2117 5627 Exod.
2152 5589 2238 5634 xx,
2280 5573 2332 5626 4.
