4054 6436
497 221 599 278 379

1722 221 1780 275 S.
1823 219 2149 276 GREGORII
2180 219 2466 274 NYSSENI

3639 221 3735 276 380

499 335 696 400 bancia,
719 333 916 388 emtum
937 331 1081 387 enim
1106 344 1155 388 et
1181 333 1362 387 omnia
1386 349 1507 404 qua:
1530 333 1582 386 in
1607 335 1747 389 etelo
1770 343 1920 395 sunt,
1947 335 2062 387 sire

2177 328 2278 392 ιίας
2304 327 2538 396 σάλπιγξ
2559 327 2938 398 μεγαλόφωνος
2953 328 3188 396 γίνεται,
3208 331 3348 387 καθά
3372 337 3504 405 φησί
3529 351 3612 396 τις
3635 335 3735 388 τῶν

497 425 632 479 varii
659 432 861 487 motus,
884 425 1000 477 sive
1020 423 1248 479 diversa}
1281 424 1707 495 magnitudines,
1736 426 1851 480 sive
1880 427 2062 492 splen~

496 515 658 570 dores
688 514 828 568 alius
859 514 1024 567 alium
1062 513 1271 584 fulgore
1300 516 1730 585 perstringentes
1750 557 1762 576 ,
1797 515 2064 568 mirabilis

498 605 707 661 fabrica
763 608 1082 676 sapientiam
1102 605 1336 661 Deivoce
1352 619 1542 674 magna
1563 604 1854 666 exclamat,
1887 604 2062 658 maxi—

498 711 754 766 mamque
783 696 956 766 ipsius
989 696 1327 760 maiestatem
1380 711 1443 747 ac
1495 702 1816 763 potestatem
1863 711 1958 764 per
2002 707 2064 746 ca

499 805 618 856 quae
671 789 946 849 videnlur,
993 797 1235 841 enarrat.
1293 785 1447 840 Unde
1487 787 1690 840 dictum
1723 797 1844 840 est:
1880 804 1896 835 ι
1931 786 2064 838 lei

498 890 756 935 euarrant
782 881 1009 947 gloriam
1044 878 1136 932 Dei
1169 879 1233 933 ⁸⁸.
1270 899 1286 928 ι
1317 879 1438 932 llaec
1474 880 1640 948 igitur
1669 887 1750 932 est
1787 879 1876 931 illa
1905 877 2066 942 tuba,

497 990 618 1042 qum
650 988 847 1026 sonora
867 1015 880 1030 .
919 973 1100 1035 clara,
1132 987 1437 1040 magnaque
1469 986 1600 1024 voce
1631 969 1892 1023 continue
1922 969 2063 1022 veri-

499 1070 626 1119 tatis
655 1066 958 1118 doctrinam
997 1063 1292 1133 praedicat,
1328 1072 1386 1117 ut
1435 1064 1698 1134 prepheta
1738 1063 1900 1115 etiam
1945 1059 2070 1131 qui-

497 1160 621 1212 dam
656 1160 730 1211 ait
757 1177 768 1212 :
802 1176 820 1208 ι
855 1158 994 1212 licus
1025 1158 1154 1212 tuba
1188 1156 1424 1225 desuper
1457 1169 1652 1209 sonum
1683 1152 1887 1206 dedit.»
1908 1149 2065 1204 lluuc

497 1263 691 1303 sonum
733 1265 794 1300 ex
841 1248 1183 1315 inspectione
1229 1259 1410 1299 rerum
1456 1243 1702 1296 omnium
1740 1241 1978 1302 factum,
2011 1236 2057 1290 si

2166 411 2481 490 προφητῶν,
2513 419 2594 471 ὅτι
2638 437 2655 466 ι
2691 419 3013 471 Ἐσάλπισεν
3041 421 3068 472 ὁ
3101 420 3230 484 Θεὸς
3265 423 3488 476 ἄνωθεν.
3520 443 3535 472 ι
3599 425 3654 475 'tt
3683 425 3737 477 δὲ

2165 509 2572 580 κεκαθαρμένος
2610 527 2669 562 τε
2710 511 2807 563 καὶ
2842 511 2966 576 ὀξὺς
3011 511 3106 582 τὴν
3144 515 3312 586 ἀκοὴν
3356 516 3455 584 τῆς
3493 517 3736 601 καρδίας,

2165 602 2261 668 τὴν
2287 601 2425 670 ἠχὴν
2472 599 2673 670 ταύτην
2714 599 3027 671 δεξάμενος,
3080 603 3222 671 λέγω
3275 605 3338 675 δὴ
3390 607 3488 677 τὴν
3532 599 3595 659 ἐκ
3644 609 3738 678 τῆς

2166 689 2398 759 θεωρίας
2435 689 2543 741 τῶν
2589 690 2760 743 ὄντων
2791 692 3080 761 γινομένην
3121 694 3255 762 πρὸς
3302 695 3399 765 τὴν
3447 697 3540 766 τῆς
3592 698 3737 762 Θείας

2170 779 2449 848 δυνάμεως
2487 779 2704 846 γνῶσιν,
2743 781 3014 852 ὁδηγεῖται
3062 783 3128 834 δι’
3159 783 3327 852 αὑτῆς
3366 786 3503 856 πρὸς
3534 786 3592 838 τὸ
3627 789 3740 840 ἐκεῖ

2171 870 2411 924 διαδῦναι
2437 875 2503 942 τῇ
2524 871 2752 944 διανοίᾳ,
2784 875 2917 926 ὅπου
2947 875 3093 927 ἐστὶν
3119 877 3145 927 ὁ
3171 877 3320 939 Θεὸς.
3353 877 3521 931 Τοῦτο
3535 879 3589 931 δὲ
3617 881 3741 946 γνό-

2175 979 2272 1030 φος
2307 963 2410 1016 ὑπὸ
2451 965 2548 1033 τῆς
2579 965 2802 1034 Γραφῆς
2835 967 3179 1036 ὀνομάζεται,
3213 969 3240 1020 ὃ
3267 969 3330 1038 δὴ
3360 971 3736 1040 ἑρμηνεύεται,

2177 1053 2358 1119 καθὼς
2388 1054 2626 1125 εἴρηται.
2655 1057 2714 1109 τὸ
2744 1057 3015 1124 ἄγνωστόν
3041 1076 3098 1112 τε
3133 1061 3226 1112 καὶ
3260 1059 3589 1132 ἀθεώρητον.
3616 1065 3672 1115 ὲν
3699 1057 3744 1130 ᾧ

2170 1146 2451 1216 γινόμενος
2477 1149 2573 1218 τὴν
2619 1149 3032 1219 ἀχειροποίητον
3065 1151 3279 1220 ἐκείνην
3308 1153 3743 1224 σκηνὴ-[βλέπῃ

2168 1237 2234 1305 ἢν
2256 1236 2342 1288 διὰ
2379 1239 2474 1308 τῆς
2513 1239 2704 1309 ὑλικῆς
2739 1243 3024 1311 μιμήσεως
3057 1246 3169 1306 τοῖς
3201 1245 3351 1297 κάτω
3377 1245 3634 1299 δείκνυσι.

496 1341 621 1410 quis
655 1339 836 1392 cordis
872 1339 1112 1392 auditum
1145 1353 1208 1391 ac
1246 1339 1440 1390 ductus
1469 1335 1642 1404 ipsius
1676 1350 1782 1390 non
1811 1331 1992 1400 segnis
2029 1335 2173 1383 recte
2202 1330 2463 1398 suscipit,
2499 1333 2714 1386 tandem
2751 1351 2816 1388 eo
2852 1336 3049 1388 mentis
3081 1335 3433 1403 inquisitione
3467 1339 3744 1406 pervenit,

499 1432 588 1484 ubi
627 1430 764 1484 Deus
793 1440 894 1483 est.
931 1429 984 1481 Id
1023 1444 1147 1483 vero
1176 1429 1352 1496 caligo
1383 1444 1410 1479 a
1447 1425 1728 1495 Scriptura
1769 1432 2128 1490 nuncupatur,
2161 1436 2269 1489 quo
2302 1423 2727 1493 incoguoscibile
2766 1441 2827 1480 ac
2867 1429 3415 1496 incomprelteusibile
3449 1433 3656 1501 ipsius.
3687 1440 3748 1485 ut

438 1513 440 1515 I
499 1525 771 1583 diximus,
818 1523 1175 1588 signiﬁcatur.
1221 1521 1357 1576 llluc
1407 1530 1589 1575 autem
1636 1535 1760 1574 eum
1801 1514 2146 1588 pervenerit,
2178 1515 2592 1572 tabernaculum
2628 1521 2774 1573 nulla
2811 1536 2973 1574 manu
3012 1521 3333 1576 fabricatum
3374 1527 3663 1594 perspicit,
3692 1536 3748 1579 ct

498 1619 802 1673 imitatione
834 1616 1186 1670 inferioribus
1217 1616 1497 1669 materiale
1525 1614 1783 1668 ostendit.

568 1707 723 1774 Quod
780 1715 960 1760 autem
1017 1706 1288 1775 qualeque
1342 1717 1427 1760 est
1475 1705 1888 1759 tabernaculum
1938 1699 2068 1754 illud

2245 1701 2309 1753 Τί
2348 1699 2440 1756 οὖν
2485 1707 2516 1774 ἡ
2550 1707 2959 1777 ἀχειροποίητος
2988 1711 3169 1781 ἐκείνη
3200 1713 3406 1783 σκηνή;
3481 1719 3510 1788 ἡ
3572 1731 3751 1784 παρα-

504 1799 706 1868 absque
743 1814 905 1850 manu
944 1797 1314 1851 fabricatum?
1347 1797 1488 1866 quod
1523 1796 1678 1865 quasi
1712 1794 1986 1863 exemplar
2019 1792 2070 1844 in

501 1900 686 1944 monte
741 1888 912 1960 Moysi
971 1889 1321 1959 proponitur,
1367 1895 1426 1940 ut
1477 1886 1543 1940 ad
1592 1885 1727 1939 illud
1774 1883 2074 1952 respiciens

507 1997 673 2036 manu
707 1989 980 2051 przeparel
1001 2021 1016 2040 ,
1049 1981 1355 2049 efﬁciatque
1385 1979 1700 2032 hominibus
1735 1985 1945 2030 tantum
1977 1974 2076 2028 mi-

498 2075 771 2127 raculum.
804 2092 821 2123 ι
852 2071 984 2126 Vide
1015 2070 1498 2141 na:uque,:inquit
1519 2109 1532 2130 ,
1559 2089 1574 2120 ι
1604 2079 1660 2121 ιιι
1692 2067 1874 2120 omnia
1905 2065 2076 2119 facias

500 2162 802 2217 secundum
839 2161 1255 2216 similitudinem
1282 2201 1296 2223 ,
1330 2176 1453 2230 quae
1503 2160 1598 2213 tibi
1647 2166 1949 2212 monstrata
1992 2165 2078 2210 est

500 2256 554 2310 lu
612 2267 793 2310 tuente
821 2254 887 2308 ".
924 2274 940 2304 ι
971 2254 1254 2308 Columnae
1307 2267 1488 2306 aureae
1535 2251 1757 2305 basibus
1806 2247 2076 2317 argenteis

501 2347 862 2410 inhaerentes,
899 2347 1178 2416 argenteis
1213 2349 1417 2416 pariter
1453 2344 1764 2413 capitibus:
1802 2341 1923 2394 alia:
1954 2355 2077 2391 rur-

499 2453 597 2493 sus
652 2439 955 2501 columua',
1011 2453 1242 2507 quarum
1297 2437 1480 2506 capita
1522 2444 1575 2490 et
1629 2435 1784 2488 bases
1821 2449 1886 2487 ex
1930 2447 2074 2486 tere:

500 2528 648 2599 quod
684 2545 818 2584 vero
866 2534 1012 2584 inter
1057 2540 1299 2584 extrema
1345 2540 1492 2591 erat,
1542 2543 1606 2581 ex
1656 2537 1879 2596 argento
1922 2534 2076 2589 erat,

504 2621 699 2697 quibus
752 2622 1009 2677 outuibus
1062 2621 1220 2690 quasi
1274 2619 1584 2690 subjectum
1637 2634 1702 2672 ex
1763 2617 1910 2687 ligno
1964 2623 2080 2668 erat

501 2711 938 2782 incorruptibili,
988 2712 1348 2766 circumcirca
1401 2727 1530 2765 vero
1597 2725 1689 2780 per
1737 2707 2077 2777 superﬁciem

503 2800 764 2868 Splendor
813 2799 1055 2869 prarditze
1105 2801 1349 2853 materiei
1406 2797 1973 2854 circumfundebatur.
2027 2803 2080 2850 et

503 2904 629 2943 arca
660 2890 909 2944 similiter
942 2890 1242 2960 purissimo
1272 2906 1405 2942 auro
1441 2889 1693 2958 fulgens:
1724 2887 1869 2957 quod
1900 2896 2079 2938 autem

502 2998 695 3036 aurum
733 2983 838 3037 hoc
872 2982 1218 3044 sustinebat,
1257 2982 1432 3050 ipsmu
1465 2996 1685 3050 quoque
1720 2981 1925 3049 lignum
1959 2987 2074 3032 erat

507 3075 951 3144 incorruptibilc.
984 3074 1384 3128 Candelabrum
1420 3073 1676 3140 deinceps
1708 3073 1821 3124 basi
1856 3069 2072 3139 quidem

505 3167 762 3228 unicum,
797 3165 848 3218 in
880 3171 1083 3231 septem
1117 3172 1296 3214 autem
1328 3177 1510 3214 ramos
1542 3163 1594 3214 in
1627 3161 1910 3213 cacumine
1938 3159 2078 3212 divi.

505 3271 625 3310 sum
646 3294 662 3319 ,
686 3262 892 3324 septem
927 3254 1178 3306 lucernas
1211 3266 1305 3322 per
1335 3267 1516 3306 ramos
1545 3253 1870 3307 sustinebat.
1903 3250 2075 3320 llujus

505 3345 817 3402 candelabri
861 3344 1086 3398 materia
1133 3343 1488 3413 purissimum
1526 3350 1644 3397 erat
1679 3358 1909 3406 aurum,
1968 3357 2074 3396 non

505 3451 829 3498 concavum,
847 3451 947 3489 nec
969 3435 1113 3504 ligno
1131 3442 1518 3498 sustentatum,
1535 3435 1627 3489 sed
1651 3434 1907 3490 solidum.
1930 3433 2072 3488 Prae-

507 3539 590 3580 ter
641 3527 754 3580 luee
801 3526 1243 3596 propitiatorium
1294 3535 1444 3588 erat,
1496 3533 1550 3579 et
1602 3526 1802 3589 altare,
1852 3536 1904 3578 et
1957 3543 2079 3596 qua:

506 3618 770 3672 dicuntur
801 3617 1066 3671 cherubin
1088 3657 1102 3681 ,
1145 3632 1377 3687 quorum
1410 3616 1512 3670 alis
1547 3632 1672 3669 arca
1715 3617 2080 3669 adumbraba-

509 3722 618 3763 tur.
653 3707 777 3763 Haec
805 3707 984 3761 omnia
1020 3722 1083 3759 et:
1115 3721 1251 3758 auro
1280 3713 1438 3759 erant
1473 3722 1577 3758 non
1607 3706 1892 3775 superlicie
1923 3717 2079 3762 tenus

509 3803 798 3872 pulchrum
832 3800 1070 3852 colorem
1105 3797 1434 3860 exhibeam,
1485 3798 1577 3851 sed
1623 3799 1692 3850 ita
1743 3807 1800 3849 ut
1845 3798 2077 3851 solidum

507 3899 688 3953 esset,
727 3899 781 3945 et
829 3889 896 3943 ad
955 3887 1180 3941 fundum
1254 3904 1427 3958 usque
1477 3889 1704 3941 materia
1753 3898 2077 3957 permearct.

509 3982 773 4037 Pra'tcrca
799 3981 1022 4036 cortinae
1050 3983 1186 4033 mira
1213 3980 1477 4033 varietate
1503 3979 1774 4034 distincta:
1791 4019 1804 4041 ,
1830 3996 1892 4032 ac
1920 3981 2079 4033 inau-

508 4076 623 4130 dito
647 4083 916 4128 contexta:
942 4070 1196 4133 artificio,
1223 4069 1455 4124 diversis
1479 4060 1756 4125 coloribus
1783 4072 1889 4123 alio
1913 4072 2079 4124 alium

508 4167 939 4238 suscipientibus
961 4205 975 4230 ,
1005 4164 1069 4217 ad
1107 4163 1564 4232 pulchritudinem
1594 4166 1931 4216 cortiuarum
1959 4165 2082 4232 qui-

509 4259 611 4313 bus
655 4258 706 4309 in
753 4255 862 4308 duo
905 4251 1250 4307 dividebatur
1283 4251 1726 4316 tabernaculum,
1765 4252 1818 4304 in
1872 4262 2077 4320 partem

2173 1793 2494 1865 δεικνυμένη
2517 1799 2593 1866 τῷ
2614 1801 2836 1852 Μωῦσεί
2864 1801 3006 1854 κατὰ
3033 1802 3092 1854 τὸ
3121 1803 3266 1872 ὅρος,
3295 1804 3429 1873 πρὸς
3451 1805 3517 1875 ἣν
3540 1806 3749 1858 κελεύε-

2172 1901 2261 1936 ται
2291 1883 2527 1954 βλέπειν,
2554 1887 2628 1950 ὡς
2660 1891 2738 1952 είς
2779 1891 3107 1960 ἀρχέτυπον,
3139 1892 3227 1946 διὰ
3256 1893 3356 1961 τῆς
3387 1896 3749 1966 χειροτμὴτου

2175 1979 2520 2048 κατασκευῆς
2557 1979 2725 2044 δεῖξαι
2781 1980 2841 2034 τὸ
2893 1983 3302 2054 ἀχειροποίητον
3347 1984 3753 2057 θαῦμα.ι”()ριι

2173 2067 2304 2138 γὰρ,
2335 2069 2487 2138 φησὶ,
2522 2072 2769 2141 ποιήσεις
2799 2073 2976 2126 πάντα
3031 2075 3169 2128 κατὰ
3203 2077 3294 2129 τὸν
3332 2077 3499 2130 τύπον
3521 2077 3610 2130 τὸν
3635 2079 3749 2130 δει-

2175 2156 2369 2226 χθέντα
2395 2174 2476 2211 σοι
2505 2159 2562 2212 έν
2591 2159 3047 2231 τῷδρει.ιΣτύλοι
3074 2163 3292 2234 χρύσεοι
3324 2164 3545 2234 βάσεσιν
3573 2166 3751 2235 ἀργυ-

2179 2248 2296 2318 ραῖς
2319 2247 2718 2319 ὲρηρεισμένοι,
2750 2251 2844 2303 καὶ
2869 2251 3129 2321 κεφαλαῖς
3154 2253 3414 2316 ὡσαύτως
3443 2255 3709 2324 ἀργυραῖς
3731 2272 3744 2284 ·

2177 2339 2574 2409 ὲπιπρέποντες
2612 2340 2772 2393 πάλιν
2815 2342 2991 2413 ἕτεροι
3027 2344 3228 2406 στύλοι,
3271 2337 3346 2398 ὧν
3385 2345 3616 2414 κεφαλαὶ
3650 2345 3753 2414 μὲν

2179 2431 2272 2482 καὶ
2308 2430 2490 2500 βάσεις
2516 2433 2578 2483 ἐκ
2610 2431 2810 2502 χαλκοῦ
2847 2435 2945 2504 τῆς
2973 2434 3132 2505 ὕλης·
3167 2435 3228 2489 τὸ
3251 2436 3305 2488 δὲ
3333 2437 3422 2490 διά
3447 2437 3608 2507 μέσου
3639 2437 3753 2494 τῶν

2179 2520 2382 2593 ἄκρων,
2417 2521 2676 2592 ἄργυρος.
2719 2524 2858 2576 Ilia:
2890 2524 2945 2576 δὲ
2976 2525 3184 2590 τούτοις
3213 2527 3441 2597 ἔρεισμα
3483 2529 3578 2597 μὲν
3603 2527 3752 2592 ξύλι-

2179 2633 2268 2667 νον
2317 2609 2413 2684 ἦν,
2473 2615 2740 2684 σηπεδόνα
2791 2617 2865 2687 μὴ
2913 2618 3362 2690 προσδεχόμενον.
3431 2622 3518 2673 Ἐν
3564 2621 3752 2688 κύκλῳ

2179 2707 2267 2765 δὲ,
2321 2706 2460 2760 κατὰ
2489 2707 2548 2759 τὸ
2571 2709 2911 2779 φαινόμενον,
2948 2710 3148 2781 ἡαὺγὴ
3180 2711 3287 2765 τῶν
3321 2711 3574 2764 τοιούτων
3607 2711 3754 2764 ὑλῶν

2181 2795 2554 2864 περιεκέχυτο,
2587 2796 2682 2849 καὶ
2729 2797 2956 2860 κιϐωτός
2990 2815 3072 2861 τις
3104 2798 3364 2862 ὡσαύτως
3397 2801 3454 2852 ὲν
3487 2801 3752 2870 ἀκηράτῳ

2183 2884 2468 2938 στίλϐουσα
2507 2886 2585 2957 τῷ
2618 2886 2802 2958 χρυσῷ
2822 2906 2836 2918 ι
2880 2887 2941 2941 τὸ
2977 2889 3033 2941 δὲ
3073 2889 3330 2959 διερεῖδον
3362 2890 3461 2959 τὴν
3494 2888 3587 2940 τοῦ
3619 2907 3754 2960 χρυ-

2183 2977 2296 3030 σίου
2325 2977 2644 3049 περιϐολὴν,
2701 2978 2796 3031 καὶ
2836 2979 2967 3032 αὑτὸ
3006 2978 3160 3046 ξύλον
3188 2976 3255 3051 ἦν
3286 2981 3447 3050 σῆψιν
3482 2981 3542 3034 οὑ
3582 2998 3754 3050 προσ-

2175 3067 2480 3146 δεχόμενον.
2535 3070 2738 3139 Λυχνία
2788 3087 2871 3134 τις
2913 3071 3008 3124 ἐπὶ
3051 3070 3281 3135 τούτοις,
3321 3071 3418 3141 μία
3465 3071 3563 3142 μὲν
3609 3073 3754 3126 κατὰ

2175 3161 2266 3214 τὸν
2315 3160 2565 3232 πυθμένα
2614 3163 2713 3232 τῆς
2767 3161 3000 3231 βάσεως,
3063 3163 3205 3215 ἑπτὰ
3258 3162 3315 3215 δὲ
3358 3162 3571 3225 κλάδοις
3612 3164 3754 3216 κατὰ

2177 3251 2236 3302 τὸ
2272 3250 2438 3322 ἄκρον
2481 3251 2811 3322 διῃρημένη,
2878 3252 3195 3324 ἰσαρίθμους
3234 3253 3464 3317 κύκλους
3501 3254 3595 3308 ἐπὶ
3641 3254 3754 3306 τῶν

2178 3339 2388 3394 κλάδων
2443 3341 2729 3410 ἀνέχουσα.
2795 3342 3010 3412 Χρυσὺς
3059 3342 3118 3395 δὲ
3180 3339 3248 3414 ἦν
3296 3344 3393 3414 τῆς
3447 3343 3666 3414 λυχνίας
3718 3345 3754 3413 ἡ

2180 3430 2315 3502 ὕλη,
2374 3432 2526 3486 οὐδὲν
2594 3433 2696 3502 τῆς
2765 3435 3106 3503 κατασκευῆς
3177 3435 3354 3487 κοῖλον
3405 3434 3580 3504 ἔχων,
3664 3436 3752 3486 οὑ-

2178 3521 2234 3574 δὲ
2273 3520 2412 3592 ξύλῳ
2448 3521 2857 3592 διερειδόμενον.
2911 3523 3303 3594 Θυσιαστήριον
3353 3524 3410 3577 δὲ
3458 3524 3589 3594 πρὸς
3627 3525 3755 3577 τού-

2179 3627 2289 3672 τοις
2338 3611 2429 3662 καὶ
2476 3609 2825 3682 ίλαστήριον’
2875 3612 2970 3664 καὶ
3012 3613 3080 3665 τὰ
3143 3611 3410 3682 λεγόμενα
3462 3613 3754 3682 χερουϐὶμ,

2179 3693 2252 3754 ὧν
2308 3705 2428 3765 ταῖς
2485 3703 2741 3775 πτέρυξιν
2800 3706 2832 3775 ἠ
2905 3704 3134 3768 κιϐωτὸς
3209 3704 3508 3768 ὲσκιάζετο.
3567 3705 3757 3759 Πάντα

2179 3793 2350 3846 ταῦτα
2387 3795 2587 3864 χρυσὸς
2625 3791 2711 3866 ἦν,
2745 3797 2843 3848 οὑκ
2887 3795 3199 3850 ἐπιπόλαιον
3248 3800 3498 3866 παρέχων
3532 3799 3596 3866 τῇ
3629 3799 3754 3849 ἐπι-

2182 3884 2376 3955 φανείᾳ
2424 3885 2520 3957 τὴν
2574 3886 2846 3957 εὔχροιαν,
2901 3888 3036 3941 ἀλλὰ
3083 3888 3148 3941 δι’
3179 3887 3300 3940 ὅλου
3352 3889 3380 3940 ὁ
3438 3888 3600 3950 αὑτὸς
3661 3884 3754 3958 ἦν,

2185 3975 2346 4046 μέχρι
2379 3977 2472 4030 τοῦ
2506 3976 2702 4046 βάθους
2749 3979 3040 4049 διηκούσης
3083 3980 3179 4050 τῆς
3238 3979 3386 4048 ὕλης.
3433 3980 3654 4033 Ποικίλα
3699 3997 3758 4032 τε

2183 4067 2321 4136 πρὸς
2383 4067 2593 4132 τούτοις
2667 4069 2725 4135 ἐξ
2786 4069 3086 4140 ὑφαντικῆς
3162 4069 3494 4139 φιλοτεχνίας
3581 4087 3758 4122 κατα-

2183 4159 2526 4229 πετάσματα,
2569 4158 2838 4230 διαφόρων
2888 4160 3064 4213 ἀνθῶν
3105 4161 3426 4232 ἐπαλλήλοις
3477 4163 3611 4232 πρὸς
3655 4163 3758 4231 τὴν

2183 4248 2275 4301 τοῦ
2302 4247 2622 4318 ὑφάσματος
2649 4249 2800 4321 ὥραν
2833 4251 3290 4322 συμπλεκομένων
3310 4268 3324 4282 ·
3354 4247 3434 4314 οἷς
3458 4251 3758 4320 διεκρίνετο

508 4349 718 4403 scilicet
761 4346 1030 4401 visibilem
1059 4382 1074 4405 ,
1115 4344 1169 4396 in
1203 4357 1364 4412 quam
1399 4343 1602 4395 aditum
1635 4345 1948 4398 sacerdotes
1986 4317 2074 4395 lia-

2183 4339 2282 4410 τῆς
2321 4317 2524 4410 σκηνῆς
2559 4317 2714 4394 εὸσονν
2738 4317 2930 4411 ὁρατόν
2976 4358 3036 4394 τε
3084 4317 3178 4394 καὶ
3227 4341 3455 4412 βάσιμόν
3495 4317 3603 4395 τισι
3643 4343 3760 4398 τῶν

515 4442 746 4501 hebant,
778 4444 830 4490 et
861 4437 914 4490 in
947 4445 1151 4505 partem
1182 4435 1528 4488 secretiorem
1583 4443 1745 4498 atque
1792 4435 2030 4488 abditam
2062 4452 2076 4488 :

511 4542 709 4582 nomen
740 4535 920 4578 autem
966 4523 1130 4592 priori
1181 4523 1321 4592 parti
1352 4522 1611 4577 Sanctum
1649 4532 1808 4589 erat;
1851 4521 2079 4579 occulta:

510 4631 638 4670 vero
671 4614 809 4685 parti
840 4622 1002 4682 atque
1050 4612 1346 4666 reetmditze
1375 4651 1386 4670 .
1431 4612 1692 4666 Sanctum
1738 4624 2076 4669 sanctorum.

511 4707 737 4762 Luteres
771 4713 1064 4773 pra’terea,
1096 4713 1146 4755 et
1189 4702 1433 4760 foculos.
1491 4713 1544 4756 et
1584 4713 1870 4758 externum
1916 4707 2082 4760 corti-

511 4812 703 4852 narum
735 4795 1028 4855 amictum,
1061 4804 1114 4847 et
1141 4793 1257 4846 vela
1290 4807 1352 4845 ex
1395 4793 1549 4861 pilis,
1583 4795 1839 4864 coriaque
1872 4812 2077 4866 purpu-

511 4905 604 4944 reo
633 4888 821 4943 colore
857 4886 1172 4940 rubricata:
1203 4895 1256 4938 et
1289 4900 1627 4954 quaatunque
1655 4889 1760 4940 alia
1791 4897 2040 4943 τροοιιενι
2065 4927 2081 4952 ,

508 4981 636 5052 quis
667 4977 943 5049 exquisita
979 4977 1189 5030 ratione
1228 4977 1429 5046 poterit
1467 4977 1834 5046 spiritualiter
1880 4981 2083 5034 intelli-

509 5087 674 5143 gere,
725 5086 844 5140 quae
898 5069 953 5123 in
1011 5069 1104 5122 illo
1155 5068 1511 5122 tabernaculo
1565 5067 1766 5123 fuerint
1820 5070 2082 5127 divinitus

509 5161 821 5217 fabricata?
868 5158 1004 5226 Quis
1052 5159 1201 5219 hzec,
1249 5174 1482 5228 quorum
1536 5166 1664 5212 sunt
1715 5159 1981 5227 imagines
2019 5176 2084 5215 ac

511 5255 870 5318 imitationcs,
926 5253 1203 5322 exponet?
1255 5253 1510 5321 quisnam
1572 5268 1734 5321 quam
1790 5254 2078 5307 utilitatem

512 5344 758 5400 videntes
795 5343 922 5397 hinc
954 5353 1381 5412 consequamur,
1433 5339 1634 5408 quidve
1682 5341 1965 5395 lucrentur
2016 5358 2078 5396 ex

515 5436 776 5492 tuateriali
837 5435 1271 5491 immaterialium
1323 5433 1527 5502 ﬁgura,
1585 5434 1925 5503 explicabit?
1974 5433 2080 5490 Rc-

617 5617 662 5650 “
691 5615 830 5672 Psal.
867 5632 1018 5680 xvtu,
1061 5619 1115 5670 2.
1192 5617 1236 5649 ἠ
1259 5616 1427 5672 Exod.
1468 5631 1593 5675 xxv.
1637 5616 1723 5671 40.

2184 4429 2607 4500 ἱερουργούντων
2643 4425 2731 4500 ἢν,
2777 4431 2869 4483 καὶ
2899 4432 3022 4484 ὅσον
3063 4432 3252 4487 ἄδυτόν
3282 4450 3340 4485 τε
3379 4434 3471 4486 καὶ
3493 4434 3762 4486 ἀνεπίϐαο

2181 4537 2300 4573 τον·
2338 4521 2502 4590 ὄνομα
2543 4521 2620 4585 δὲ,
2653 4521 2713 4573 τὸ
2750 4523 2846 4592 μὲν
2897 4523 3352 4592 προτεταγμένον,
3383 4523 3536 4591 ἅγιον
3564 4520 3651 4592 ἦν,
3692 4525 3763 4577 τὺ

2180 4611 2237 4664 δὲ
2298 4611 2822 4682 ἀποκεκρυμμένον,
2879 4613 3032 4680 ἅγιον
3095 4614 3285 4681 ἁγίων.
3340 4615 3612 4686 Λουτῆρες
3661 4617 3763 4669 ἐπὶ

2181 4703 2410 4768 τούτοις,
2438 4703 2532 4755 xal.
2558 4705 2777 4773 πυρεῖα.
2803 4703 2897 4757 καὶ
2923 4705 2956 4773 ὴ
2985 4703 3180 4770 ἔξωθεν
3200 4704 3308 4758 τῶν
3336 4705 3573 4758 αὑλαίων
3599 4723 3664 4758 πε
3676 4723 3764 4776 ρι-

2181 4793 2332 4864 ϐολὴ,
2364 4795 2457 4847 καὶ
2487 4794 2699 4865 δέρρεις
2742 4798 2805 4847 ὲκ
2845 4796 3068 4866 τριχῶν,
3104 4796 3198 4850 καὶ
3241 4797 3482 4867 δέρματα
3515 4815 3766 4866 πεφοινι-

2180 4885 2360 4954 γμένα
2391 4883 2470 4954 τῷ
2498 4884 2803 4956 ἐρυθήματι
2822 4903 2835 4916 ·
2872 4887 2967 4940 καὶ
2995 4889 3095 4939 ὅσα
3122 4887 3256 4940 ἄλλα
3290 4888 3636 4952 διασκευάζει
3676 4891 3767 4961 τῷ

2181 4975 2342 5047 λόγῳ,
2374 4975 2456 5039 τίς
2484 4976 2548 5029 ἂν
2579 4976 2646 5029 δι’
2671 4978 2954 5047 ἀκριϐείας
2980 4978 3135 5047 λόγος
3173 4981 3554 5050 κατανοήσειεε
3587 4982 3767 5033 ποίων

2179 5067 2604 5138 ἀχειροποιήτων
2646 5069 2762 5120 ἐστὶ
2803 5069 2973 5122 ταῦτα
3013 5072 3336 5141 μιμήματας
3379 5071 3471 5123 καὶ
3512 5070 3564 5122 τί
3601 5071 3769 5141 φέρει

2182 5161 2292 5223 τοῖς
2319 5159 2487 5230 ὁρῶσι
2515 5161 2723 5230 κέρδος,
2753 5161 2862 5214 τῶν
2897 5164 3013 5215 ἐκεῖ
3042 5162 3311 5231 ὀφθέντων
3339 5162 3442 5215 ὑπὸ
3469 5161 3562 5214 τοῦ
3593 5163 3770 5216 Maii)-

2187 5253 2344 5316 σέως,
2378 5255 2411 5323 ἠ
2442 5255 2532 5306 ἐπὶ
2566 5254 2661 5323 τῆς
2694 5253 2825 5324 ὕλης
2857 5254 3114 5324 μίμησις;
3159 5255 3317 5308 Ἀλλά
3347 5272 3435 5324 μοι
3484 5254 3630 5309 δοκεί
3662 5272 3770 5306 κα-

2185 5342 2291 5406 λῶς
2321 5343 2482 5412 ἔχειν,
2518 5343 2607 5396 τὸν
2635 5345 2731 5413 μὲν
2772 5345 2970 5414 ἀκριϐῆ
3006 5347 3129 5416 περὶ
3173 5346 3375 5398 τούτων
3400 5346 3556 5414 λόγον
3587 5364 3768 5399 κοιτα-

2190 5435 2363 5488 λιπείν
2397 5436 2638 5497 ἐκείνοις,
2691 5435 2740 5486 οἳ
2778 5435 2861 5487 διὰ
2906 5435 2996 5486 τοῦ
3038 5436 3345 5504 Πνεύματος
3389 5437 3453 5489 τὰ
3494 5437 3632 5506 βάθη
3669 5437 3772 5493 τοῦ
