4054 6436
238 213 319 270 381
437 254 451 266 κ
1422 215 1511 272 DE
1549 214 1706 270 VITA
1746 211 2022 275 MOYSIS.
3329 215 3432 268 582

237 328 345 378 6εοί
387 327 596 398 ἐρευνᾷν
647 323 875 397 δύναμιν
920 325 1162 396 ἔχουσιν·
1205 329 1254 382 εί
1298 327 1361 400 δή
1405 346 1489 392 τις
1525 329 1742 382 τοιοῦτόι

1864 329 2007 384 ctius
2035 337 2183 385 certe
2209 337 2323 396 est,
2367 329 2852 399 exquisitissimam
2894 335 3059 398 atque
3103 327 3430 380 altissimam

235 423 374 476 ἑστιν.
404 419 469 480 ὡς
495 415 768 490 Πνεῦματι
794 417 974 472 λαλεῖν
1013 421 1308 490 μυστήρια,
1337 420 1519 484 καθώς
1551 438 1715 492 φησιν
1743 425 1772 476 6

1870 418 2060 474 horum
2091 420 2359 475 rationem
2391 422 2460 474 ab
2489 421 2597 474 illis
2627 429 2812 489 petere
2834 459 2850 484 ,
2894 419 2987 488 qui
3009 421 3178 488 gratia
3197 416 3432 484 Spiritus

246 505 540 568 ’Δπόστολος.
569 509 634 559 Ὃ
655 507 712 560 δὲ
744 508 872 578 παρ’
900 508 1056 578 ἡμῶν
1088 509 1458 578 ποχαστικῶς
1485 511 1742 564 ὑπονοούν

1867 508 2136 580 profunda
2168 510 2256 565 Dei
2287 521 2491 581 queant
2516 511 2831 580 perquirere
2858 526 2872 561 :
2906 508 2954 561 si
2987 508 3110 576 quis
3135 519 3280 559 nunc
3308 507 3432 557 talis

234 611 321 649 των
351 597 464 664 περὶ
491 595 587 648 τοῦ
619 595 980 668 προκειμένου
1008 599 1279 668 νοήματος
1323 599 1537 669 λέγεται
1557 641 1572 664 ,
1612 602 1770 655 τοῦτο

233 685 304 737 ἐπὶ
340 689 398 755 τῇ
444 686 618 759 κρίσει
666 687 776 740 τῶν
820 689 1252 757 ἐντυγχανόντων
1294 691 1592 760 ποιήσομεν
1628 691 1764 762 ὼςῆ

231 775 511 846 ἀπόϐλητον,
538 777 572 846 ἢ
599 779 894 832 ἀπόδεκτον
924 780 1264 849 νομισθῆναι,
1297 781 1444 844 ὅπως
1480 782 1545 834 ἂν
1576 783 1609 852 ὴ
1647 783 1762 836 6:6:-

229 884 320 919 νοια
344 869 428 921 τοῦ
463 870 668 939 κρίνειν
701 871 1110 941 ἐπεσκεμμένον
1145 870 1445 942 λογίσηται.

274 1137 432 1206 Φαμὲν
453 1137 652 1200 τοίνυν,
678 1139 735 1191 ὲν
767 1139 920 1209 μέρει
942 1139 1002 1192 τὸ
1029 1143 1086 1193 ὲν
1110 1139 1315 1204 τούτοις
1349 1143 1640 1213 μυστήριον
1660 1141 1754 1195 τοῦ

222 1228 397 1282 Παύλου
419 1246 638 1300 παραγυ
647 1229 976 1299 μνώσαντος,
994 1231 1250 1302 βραχεῖαν
1261 1234 1324 1284 ὲκ
1333 1232 1441 1285 τῶν
1453 1235 1571 1303 είρη
1580 1235 1754 1303 μένων

219 1318 433 1388 ἀφορμὴν
453 1318 729 1382 λαΰόντες,
751 1321 832 1373 ὅτι
853 1322 910 1373 ὲν
929 1321 1083 1391 τύπῳ
1099 1322 1496 1393 προεπαιδεύϐη
1515 1325 1648 1376 Maii)
1659 1325 1753 1395 σῆς

216 1409 263 1457 τὸ
289 1408 515 1477 περὶτῆς
553 1408 758 1477 σκηνῆς
799 1409 896 1478 τῆς
920 1410 981 1462 τὸ
1007 1412 1115 1463 πᾶν
1157 1411 1513 1482 περιεχούσης
1547 1415 1749 1482 μυστή-

216 1513 321 1564 ριον.
351 1496 486 1568 Αὕτη
517 1498 565 1551 δ’
592 1498 659 1551 ἂν
695 1500 780 1566 εἴη
835 1502 1086 1571 Χριστὸς,
1141 1505 1174 1574 ἡ
1216 1502 1311 1555 τοῦ
1344 1503 1477 1556 Θεοῦ
1518 1505 1747 1575 δύναμις

213 1585 345 1656 καὶὴ
384 1587 471 1640 τοῦ
500 1587 641 1641 Θεοῦ
686 1590 864 1659 σοφία,
905 1592 938 1661 ἠ
987 1593 1394 1664 ἀχειροποίητος
1439 1591 1574 1649 οὖσα
1611 1596 1750 1650 κατὰ

213 1677 293 1745 τὴν
309 1677 429 1731 ἰδίαν
455 1678 640 1747 φύσιν,
661 1680 875 1752 δέχεται
901 1682 962 1734 τὸ
987 1685 1516 1753 κατασκευασθῆναι,
1542 1687 1668 1739 ὅταν
1693 1687 1751 1739 ἐν

212 1767 321 1836 ἡμῖν
351 1768 436 1840 δέῃ
460 1769 561 1839 τὴν
602 1771 806 1841 σκηνὴν
835 1772 1036 1844 ταύτην
1063 1774 1336 1844 παγῆναι·
1363 1775 1500 1828 ὥστε
1529 1776 1626 1847 τὴν
1656 1777 1751 1831 αὑ-

213 1857 304 1928 τὴν,
319 1859 501 1929 τρόπον
521 1861 671 1926 τινὰ,
690 1863 785 1915 καὶ
806 1863 1178 1918 ἀκατάσκευον
1201 1867 1295 1920 καὶ
1320 1868 1751 1938 κατεσκευασμέ-

211 1967 287 2019 νην
303 1946 456 2006 εῐνιι·
485 1953 569 2024 τῷ
605 1956 703 2024 μὲν
731 1957 1124 2029 προῦπάρχειν,
1149 1961 1418 2024 ἄκτιστον,
1449 1963 1525 2032 τῷ
1555 1963 1611 2016 δὲ
1636 1964 1749 2017 ὑλι-

209 2042 290 2112 ripe
320 2043 508 2097 ταύτην
553 2045 812 2112 δέξασθαι
864 2048 1139 2116 σύστασιν,
1175 2052 1394 2124 κτιστὴν
1427 2055 1741 2125 γενομένην.

261 2223 389 2293 Τάχα
411 2225 505 2278 οὐκ
530 2226 748 2296 ἀσαφὲς
788 2227 848 2281 τὸ
894 2227 1182 2298 λεγόμενον
1215 2233 1323 2295 τοῖς
1362 2233 1744 2305 παραδοξαμέ-

207 2329 294 2376 νοις
315 2316 540 2386 ἀκριϐῶς
589 2318 649 2370 τὸ
680 2319 778 2390 τῆς
819 2319 1048 2383 πίστεως
1094 2321 1252 2390 ἡμῶν
1300 2327 1612 2393 μυστήριον.
1649 2327 1744 2377 Ἓν

205 2405 289 2473 γάρ
327 2409 460 2460 ἐστιν
503 2411 575 2462 ὲκ
625 2411 861 2469 πάντων.
904 2411 932 2463 ὃ
984 2412 1076 2464 καὶ
1123 2413 1232 2482 πρὸ
1278 2412 1486 2465 αἰώνων
1527 2411 1614 2484 ἦν,
1652 2415 1744 2467 καὶ

206 2495 271 2546 ἐπ’
294 2497 513 2566 ἐσχάτων
547 2499 661 2552 τῶν
690 2501 897 2554 αἰώνων
929 2503 1160 2570 ἐγένετο,
1189 2503 1216 2556 ὃ
1243 2503 1338 2555 τοῦ
1374 2504 1470 2572 μὲν
1495 2505 1743 2574 γενέσθαι

203 2586 424 2653 χῳνικῶς
453 2589 555 2641 οὐκ
597 2589 802 2642 ὲδέετο’
837 2589 953 2653 πῶς
1003 2592 1113 2662 γὰρ
1162 2591 1221 2645 τὸ
1268 2593 1376 2660 πρὸ
1407 2595 1613 2664 χρόνων
1652 2597 1744 2647 καὶ

203 2675 373 2730 αἰώνων
412 2679 636 2750 δεηθείη
711 2681 968 2752 χρονικῆς
1025 2683 1316 2751 γενέσεως;
1367 2685 1434 2738 δι’
1491 2688 1636 2755 ἡμᾶς
1687 2688 1744 2739 δὲ

201 2769 296 2830 τοὺς,
319 2767 371 2832 ἐξ
393 2770 654 2834 ἀϐουλίας
680 2771 741 2823 τι
766 2767 902 2824 εἶναι
933 2773 1431 2842 παραφθείραντας,
1460 2777 1745 2840 ἀνεδέξατο

201 2855 247 2906 τὸ
272 2858 374 2910 καθ’
400 2863 547 2929 ἡμᾶς
585 2861 858 2928 γενέσθαι,
911 2863 996 2915 ἵνα
1039 2864 1100 2916 τὸ
1137 2865 1242 2930 ἔξω
1274 2865 1368 2918 τοῦ
1414 2866 1564 2932 ὄντος
1595 2871 1745 2935 γενό-

199 2960 346 3012 μενον,
384 2950 460 3011 είς
511 2949 577 3002 τὸ
625 2949 685 3001 ὃν
732 2950 890 3003 πᾶλιν
935 2953 1277 3025 ὲπαναγάγῃ.
1310 2954 1479 3008 Τοῦτο
1514 2957 1568 3009 δέ
1599 2960 1744 3011 ἐστιν

196 3034 221 3086 tl
243 3038 508 3109 μονογενὴς
535 3040 697 3102 Θεὸς.
736 3042 765 3093 6
810 3043 867 3093 ὲν
909 3042 1054 3112 αὐτῷ
1097 3043 1196 3113 μὲν
1225 3046 1492 3116 περιέχων
1521 3047 1581 3098 τὸ
1616 3051 1740 3114 πᾶν,

1864 609 1982 662 est,
2019 610 2078 655 ut
2106 595 2308 668 Spiritu
2343 603 2600 672 mysteria
2636 601 2914 670 loquatur,
2949 596 3091 651 sicut
3139 597 3212 649 ait
3254 597 3426 665 Apos-

1865 691 2008 746 tolus
2043 682 2110 744 ⁸ο.
2141 689 2295 757 Quod
2329 699 2506 746 autem
2553 706 2582 744 a
2621 690 2780 745 nobis
2811 686 3151 756 conjectioue
3195 686 3429 754 quadam

1868 781 1982 833 hzec
2030 778 2097 832 ad
2152 779 2488 848 propositum
2538 776 3083 832 accommodautibus
3125 776 3340 840 dicitur,
3378 775 3428 830 id

1868 870 2069 939 iudicio
2110 871 2402 940 legentium
2440 878 2613 924 totum
2659 869 3021 937 relinquimus
3047 908 3061 930 ,
3111 884 3210 922 nec
3259 869 3430 921 recla-

1867 962 2136 1015 mabimus
2179 962 2223 1017 si
2270 961 2587 1030 rejecerint,
2637 974 2738 1014 nec
2786 959 3095 1014 iactabimur
3144 959 3191 1014 si
3242 974 3430 1014 susce-

1863 1052 2058 1118 perint.

1933 1140 2172 1195 Dicimus
2202 1157 2331 1211 ergo
2366 1140 2609 1194 nonnihil
2642 1156 2707 1195 ex
2739 1139 2930 1201 Paulo,
2973 1139 3067 1210 qui
3104 1139 3426 1210 mysterium

1865 1227 2100 1284 breviter
2133 1231 2350 1299 tetigit,
2387 1231 2580 1298 adjnti,
2621 1229 2765 1298 quod
2812 1230 2866 1282 in
2909 1227 3078 1298 ﬁgura
3124 1226 3428 1296 praedoctus

1863 1318 1965 1373 luit
1995 1319 2210 1391 Moyses
2241 1321 2684 1384 tabernaculum,
2721 1334 2831 1388 quo
2867 1321 3114 1372 universa
3140 1317 3427 1371 continen-

1861 1419 1972 1472 tur,
2010 1410 2064 1464 id
2101 1426 2229 1465 vero
2259 1410 2513 1466 Christus
2544 1410 2636 1464 Dei
2683 1411 2856 1464 virtus
2883 1416 2938 1464 et
2975 1407 3066 1463 Dei
3115 1409 3420 1477 sapientia:

1858 1514 1979 1568 qua:
2015 1487 2236 1570 quidem
2266 1501 2530 1569 sapientia
2565 1499 2658 1554 Dei
2693 1515 2800 1554 non
2832 1515 2991 1553 manu
3025 1497 3189 1562 facta,
3225 1498 3316 1552 sed
3350 1499 3424 1552 in-

1858 1598 2038 1644 creata
2090 1606 2213 1644 cum
2255 1591 2324 1645 sit
2354 1591 2653 1645 secundum
2699 1599 2949 1644 naturam
2986 1606 3172 1653 suam,
3204 1598 3416 1644 creatu-

1861 1696 1977 1735 ram
2009 1681 2274 1750 suscepit,
2315 1681 2536 1748 quando
2566 1680 2865 1736 secundum
2923 1696 3022 1735 nos
3056 1697 3220 1734 carne
3259 1694 3422 1748 opor-

1857 1769 1960 1823 tuit
2006 1771 2417 1824 tabernaculum
2460 1771 2562 1824 hoc
2619 1769 2897 1824 fabricari.
2951 1772 3081 1823 item
3129 1767 3270 1822 idem
3315 1768 3422 1820 alio

1858 1857 2020 1912 modo
2055 1857 2257 1910 factum
2288 1865 2343 1911 et
2372 1872 2478 1909 non
2513 1857 2716 1909 factum
2749 1865 2870 1910 est:
2914 1865 3129 1916 natura,
3161 1854 3214 1906 in
3247 1867 3421 1922 quan-

1857 1953 1969 2000 tum
2006 1955 2131 2001 ante
2164 1947 2362 2000 saecula
2401 1945 2522 2010 fuit,
2566 1946 2867 1999 increatutu
2901 1954 2983 1998 est
3017 1961 3030 1996 :
3069 1944 3121 1996 in
3153 1951 3419 2012 quantum

1852 2039 2190 2106 corporalem
2244 2037 2387 2092 hanc
2438 2035 2840 2091 concretionem
2895 2033 3158 2103 suscepit,
3179 2040 3416 2086 creatmn

1853 2129 2164 2197 factumque
2195 2133 2302 2182 est.

1920 2218 2031 2272 Nec
2077 2218 2376 2272 obscurum
2413 2225 2498 2272 est
2547 2215 2694 2286 quod
2734 2214 2994 2280 dicimus,
3048 2213 3118 2268 iis
3160 2212 3254 2282 qui
3307 2210 3412 2265 (ide

1851 2317 2054 2364 nostra:
2087 2309 2406 2378 mysterium
2432 2307 2911 2376 complectuntur:
2949 2319 3114 2357 unum
3146 2301 3289 2355 enim
3337 2306 3421 2354 cst

1847 2415 1911 2453 ex
1956 2399 2212 2452 omnibus
2269 2395 2700 2460 tabernaculum,
2748 2395 2893 2464 quod
2939 2401 2992 2448 et
3053 2401 3178 2446 ante
3223 2389 3424 2446 szecula

1850 2489 1970 2547 fuit.
2003 2498 2056 2543 et
2083 2488 2397 2544 n0vissimis
2419 2488 2756 2558 temporibus
2779 2487 2980 2540 factum
3003 2493 3105 2539 est.
3131 2483 3185 2537 ld
3211 2492 3421 2552 tempo-

1849 2581 2034 2634 raliter
2063 2582 2136 2633 ita
2165 2579 2278 2634 ﬁeri
2307 2594 2414 2633 non
2447 2579 2723 2648 indigebat
2752 2595 2765 2631 :
2793 2575 3070 2646 quomodo
3099 2576 3241 2628 enim
3272 2573 3416 2642 quod

1849 2679 1973 2726 ante
2006 2671 2188 2723 omnia
2219 2677 2335 2724 erat
2368 2677 2632 2738 tempora,
2656 2667 2890 2721 factione
2921 2666 3178 2733 indigebit
3213 2674 3419 2732 tempo-

1843 2759 2203 2814 rali?Verum
2237 2768 2456 2827 propter
2488 2773 2588 2812 nos
2617 2756 2709 2826 qui
2743 2772 2837 2826 per
2871 2754 3288 2824 imprudentiam
3318 2769 3418 2806 no-

1841 2861 2011 2908 stram
2035 2860 2281 2906 naturam
2299 2864 2744 2918 corruperamus,
2764 2846 2958 2901 similis
2981 2847 3138 2900 nobis
3160 2845 3417 2914 dignatus

1841 2951 1924 2996 est
1960 2942 2094 3006 ﬁeri,
2131 2949 2187 2994 ut
2223 2941 2272 2993 id
2307 2941 2447 3010 quod
2481 2947 2632 2992 extra
2663 2948 2910 2990 naturam
2948 2945 3083 3000 erat,
3129 2951 3319 2988 rursus
3349 2936 3413 2988 ad

1845 3041 2094 3084 naturam
2125 3045 2225 3085 nos
2262 3031 2561 3083 reduceret.
2604 3027 2660 3080 Id
2690 3041 2817 3080 vero
2847 3036 2924 3080 est
2961 3026 3273 3093 uuigenitus
3304 3025 3417 3094 ipse

196 3125 464 3196 πηξάμενος
509 3129 570 3182 δὲ
617 3131 708 3183 καὶ
759 3131 816 3182 ὲν
857 3133 985 3202 ἡμῖν
1027 3133 1124 3204 τὴν
1161 3115 1304 3188 ἰδίαν
1327 3115 1550 3208 σκηνήν.
1592 3138 1654 3190 Εἰ
1687 3139 1742 3192 δὲ

1848 3123 2008 3186 Deus,
2038 3123 2127 3191 qui
2153 3121 2402 3174 universa
2424 3118 2640 3188 quidem
2677 3119 2918 3171 continet
2945 3118 2994 3169 in
3019 3117 3218 3184 seipso.
3246 3115 3339 3168 scd
3363 3123 3416 3169 ct

195 3216 338 3284 σκηνὴ
392 3217 648 3270 τοσοῦτον
711 3219 914 3287 ἀγαθὸν
971 3222 1329 3292 ὀνομάζεται,
1386 3228 1741 3297 ταρασσέσθω

193 3302 331 3369 μηδὲν
354 3307 380 3357 6
408 3306 777 3378 φιλόχριστος,
805 3310 880 3372 ὡς
913 3315 1456 3385 κατασμικρυνούσης
1483 3317 1544 3368 τὸ
1574 3335 1741 3386 μεγα-

190 3391 302 3445 λεῖον
328 3397 420 3467 τῆς
452 3399 672 3466 φύσεως
696 3401 788 3452 τοῦ
814 3401 968 3463 Θεοῦ,
1003 3403 1102 3466 τῆς
1129 3407 1451 3476 ἐγκειμένης
1491 3411 1557 3479 τῇ
1599 3409 1741 3473 λέξει

191 3481 461 3571 ἐμφάσεως.
494 3487 638 3540 οὐδὲ
668 3488 775 3557 γὰρ
802 3490 927 3543 ἄλλο
949 3509 1000 3544 τι
1021 3493 1128 3546 τῶν
1157 3495 1433 3565 ὀνομάτων
1465 3498 1612 3564 ἄξιον
1642 3500 1742 3571 τῆς

188 3570 367 3636 pasam;
388 3574 481 3627 τοῦ
517 3579 924 3648 σημαινομένου
960 3581 1104 3634 ἐστίν
1125 3601 1136 3612 ο
1167 3583 1300 3638 ἀλλὰ
1332 3586 1507 3639 πάντα
1540 3570 1741 3658 ὁμοίως

189 3661 517 3720 ἁποπέπτωκε
569 3667 675 3736 τῆς
707 3669 966 3740 ἀκριϐοῦς
1017 3675 1308 3742 σημασίας,
1351 3676 1422 3729 τά
1464 3695 1522 3730 τε
1569 3679 1740 3750 μικρὰ

182 3755 494 3826 νομιζόμενα,
527 3757 631 3809 καὶ
674 3753 754 3820 οἷς
800 3775 851 3810 τι
907 3759 1133 3828 μέγεθος
1176 3763 1462 3832 νοημάτων
1509 3765 1567 3830 ἐξ
1605 3767 1739 3818 ὐπο-

182 3839 362 3910 ὶὴψεως
385 3848 672 3917 ἐνορᾶται.
711 3847 851 3900 Ἀλλ’
883 3848 1071 3921 ὥσπερ
1107 3851 1174 3904 τὰ
1203 3851 1334 3905 ἄλλα
1368 3855 1563 3918 πάντα,
1599 3857 1740 3910 κατά

177 3947 218 3982 τι
244 3936 659 4009 σημαινόμενον,
690 3937 917 3992 ἕκαστον
945 3940 1184 4004 εὐσεϐῶς
1223 3943 1354 4012 πρδς
1394 3943 1616 4011 ἔνδειξιν
1641 3948 1739 4018 τῆς

179 4019 301 4085 Beia;
326 4025 617 4096 δυνάμεως
645 4027 881 4094 λέγεται,
919 4023 1029 4082 οἷον
1072 4033 1099 4083 ὀ
1144 4031 1341 4102 ἰατρὸς,
1379 4035 1407 4086 ό
1461 4037 1683 4107 ποιμὴν,
1709 4039 1738 4090 ό

176 4108 586 4187 ὑπρασπιστὴς,
622 4119 651 4170 6
701 4118 883 4190 ἄρτος,
937 4121 964 4173 6
1010 4120 1258 4189 ἄγγελος,
1317 4125 1349 4194 ὴ
1397 4125 1658 4194 ἄμπελος,
1702 4129 1736 4197 ἡ

175 4201 288 4266 Ws-
319 4207 352 4275 ἡ
386 4207 552 4279 θύρα.
595 4211 628 4279 ἡ
673 4211 827 4281 μονὴ.
873 4210 932 4262 τδ
961 4210 1124 4283 ὕδωρ,
1166 4214 1200 4283 ἡ
1246 4216 1439 4286 πέτραν
1477 4219 1509 4288 ἡ
1561 4219 1732 4290 πηγὴ.

175 4294 363 4351 uiris:
401 4300 546 4354 ἄλλα
589 4302 717 4371 περὶ
758 4301 922 4354 αὑτοῦ
973 4301 1183 4371 λέγεται
1205 4321 1216 4332 ⁸
1253 4305 1413 4370 οὓτω,
1445 4309 1585 4361 κατὰ
1614 4327 1734 4364 τινα

173 4381 425 4458 Θεοπρεπῆ
471 4393 777 4459 σημασίαν,
827 4392 920 4444 καὶ
949 4391 1025 4462 τῷ
1058 4393 1156 4462 τῆς
1203 4396 1404 4466 σκηνῆς
1436 4402 1736 4470 κατονομά-

1843 3213 1896 3265 ἰη
1939 3212 2096 3265 nobis
2133 3209 2545 3263 tabernaculqu
2582 3222 2740 3261 suum
2769 3205 3069 3259 fabricatus
3099 3215 3203 3258 est.
3245 3203 3416 3257 Nemo

1844 3313 2022 3356 autem
2068 3316 2132 3354 ex
2184 3300 2514 3354 zelatorihus
2551 3296 2756 3351 Christi
2791 3295 3172 3358 contui-betur,
3208 3295 3252 3348 si
3295 3304 3415 3348 tan-

1843 3401 1951 3444 tam
1995 3406 2134 3457 rem,
2185 3389 2598 3444 tabernaculum
2635 3387 3009 3456 appellamus,
3063 3389 3219 3456 quasi
3253 3388 3412 3454 quid-

1843 3497 2004 3552 quam
2051 3467 2369 3536 detrahatur
2398 3480 2596 3533 divinae
2643 3489 2852 3534 naturtc
2906 3491 3123 3548 propter
3165 3479 3412 3532 vocabuli

1841 3575 2154 3629 vilitatem:
2192 3589 2291 3628 nec
2320 3573 2464 3626 enim
2517 3587 2754 3641 unquam
2805 3572 3030 3640 dignum
3081 3572 3171 3624 illa
3215 3581 3410 3626 natura

1840 3668 2064 3721 verbum
2103 3667 2427 3720 invenietur.
2458 3663 2588 3716 Nam
2624 3679 2744 3732 quae
2782 3664 2849 3716 ab
2876 3664 3188 3717 hominibus
3230 3666 3413 3733 profe-

1840 3769 2057 3824 runtur,
2093 3759 2379 3828 :equaliter
2417 3774 2446 3812 a
2478 3759 2836 3828 signiﬁcanda
2871 3760 2958 3811 illa
3003 3771 3196 3812 natura
3227 3761 3410 3812 innuia

1841 3850 2067 3904 distant.
2104 3850 2207 3902 Sed
2239 3857 2434 3902 caztcra
2476 3865 2596 3919 quae
2641 3849 2709 3904 de
2753 3848 2862 3903 Deo
2901 3850 3178 3907 dicuntur.
3214 3851 3299 3919 pie
3344 3850 3410 3903 ad

1839 3936 2214 3998 ostentandam
2239 3943 2475 3997 divinam
2501 3944 2792 4012 quamdam
2815 3945 3066 3998 virtutem
3096 3945 3412 4012 capiuntur,

1841 4046 1897 4087 ut
1928 4032 2191 4095 medicus,
2229 4042 2434 4102 pastor,
2478 4040 2772 4102 protector,
2819 4033 2997 4101 panis,
3056 4035 3300 4101 angelus,
3331 4030 3412 4082 vi-

1838 4124 1931 4188 tis,
1967 4124 2072 4185 via,
2096 4124 2286 4192 janua,
2341 4125 2576 4189 mansio,
2613 4140 2776 4194 aqua,
2809 4123 2967 4191 lapis,
3008 4123 3149 4182 fons,
3195 4123 3410 4188 aliaque

1838 4216 2148 4286 hujusmodi
2183 4234 2195 4268 :
2228 4216 2308 4270 sic
2340 4224 2708 4270 consentanea
2738 4215 2970 4284 quadam
3007 4211 3408 4281 signiﬁcatione

1837 4309 2247 4363 tabernaculum
2287 4322 2507 4377 quoque
2549 4306 2804 4361 dicimus.
2836 4303 3023 4360 Virtus
3069 4304 3238 4362 enirn,
3284 4319 3406 4371 qua:

1839 4405 2022 4455 omnia
2062 4402 2330 4464 continet,
2369 4401 2422 4454 in
2475 4415 2580 4468 qua
2616 4400 2869 4452 universa
2915 4397 3136 4452 deitatis
3175 4397 3405 4466 plenitu-

173 4471 296 4534 ζεται
332 4481 568 4550 ῥήματι.
613 4481 676 4533 Ἦ
709 4481 816 4551 γὰρ
862 4460 1179 4555 περιεκτικὴ
1221 4460 1326 4537 τῶν
1360 4460 1536 4540 όντων
1575 4460 1733 4546 δύνα-

1846 4491 1908 4546 do
1947 4493 2232 4555 inhabitat,
2269 4505 2390 4544 cum
2419 4505 2708 4545 commune
2735 4490 2784 4544 id
2809 4489 3050 4542 etunium
3076 4496 3275 4542 tectum
3309 4488 3402 4550 sit,

174 4579 265 4629 μις.
294 4569 348 4620 ἑν
437 4575 692 4625 κατοικεῖ
732 4574 839 4625 πᾶν
863 4573 922 4625 τὸ
951 4574 1220 4644 πλήρωμα
1255 4578 1351 4646 τῆς
1389 4577 1656 4650 θεότητος,

171 4658 300 4729 κοινὴ
342 4662 435 4715 τοῦ
488 4664 696 4727 παντὸς
735 4665 930 4736 σκέπη,
976 4668 1004 4718 6
1050 4669 1107 4718 ὲν
1151 4667 1298 4738 αὐτῷ
1339 4668 1400 4722 τὸ
1443 4673 1547 4725 πᾶν
1585 4691 1732 4746 περι-

168 4744 318 4810 έχων,
372 4753 552 4823 σκηνὴ
608 4753 805 4825 κυρίως
869 4755 1318 4826 κατονομάζεται.
1381 4759 1616 4831 ’Λνάγκη
1658 4744 1728 4816 ἠδὲ

168 4838 452 4912 πρόσφορον
497 4841 640 4896 εἶναι
676 4845 754 4916 τῷ
796 4847 1019 4915 ὀνόματι
1060 4849 1158 4918 τὴν
1190 4848 1472 4914 ὀπτασίαν,
1501 4853 1729 4906 ἑκάστου

168 4926 255 4977 τιῖιν
277 4931 553 4998 όφοέντων
580 4936 712 5004 πρός
745 4953 864 4989 τινα
891 4937 1224 5006 θεοπρεποῦς
1248 4940 1562 5010 ὑπολήψεως
1593 4945 1727 4997 Θεω-

169 5017 269 5083 ρίαν
296 5026 782 5094 χειραγωγοῦντος.
829 5029 978 5082 Ἐπεὶ
1020 5025 1111 5081 οὖν
1143 5031 1172 5082 6
1202 5029 1373 5098 μέγας
1414 5033 1729 5099 ’Δπόστολος

171 5117 552 5196 καταπέτασμα
598 5117 692 5186 τῆς
741 5121 890 5172 κάτω
948 5120 1152 5190 σκηνῆς
1202 5121 1294 5192 τὴν
1341 5123 1516 5194 σάρκα
1564 5127 1728 5196 φησὶν

171 5195 287 5253 εἶναι
305 5221 318 5234 ·
348 5205 438 5257 διὰ
457 5208 522 5258 τὸ
551 5209 618 5260 ὲκ
646 5210 919 5271 ποικίλων,
944 5206 1117 5279 οἶμαι,
1141 5211 1248 5263 τῶν
1275 5215 1556 5286 τεσσάρων
1585 5195 1728 5270 στοι-

175 5290 307 5355 χείων
330 5297 476 5365 ἔχειν
502 5300 606 5366 τὴν
642 5300 892 5352 σύστασιν
913 5317 926 5329 ·
982 5301 1122 5368 τάχα
1159 5304 1250 5357 καὶ
1282 5307 1442 5369 αὐτὸς
1475 5308 1532 5358 ὲν
1559 5307 1725 5361 ὀπτα-

180 5395 250 5448 c'}
290 5387 381 5454 τῆς
426 5388 636 5459 σκηνῆς
677 5391 993 5460 γενόμενος,
1047 5394 1103 5444 ἐν
1154 5400 1259 5464 τοῖς
1314 5399 1726 5475 ὑπερουρανίοις

1837 4599 2070 4653 cumque
2101 4584 2353 4637 universa
2387 4583 2437 4635 iu
2471 4584 2590 4651 ipso
2620 4582 2913 4643 contineat,
2943 4597 3051 4634 non
3084 4579 3280 4649 injuria
3329 4589 3406 4633 ta-

1837 4675 2189 4730 bernaculum
2219 4682 2586 4742 nuncupatur.
2612 4673 2838 4742 Oportet
2867 4681 3046 4725 autem
3076 4682 3132 4724 ut
3158 4673 3395 4723 taberna-

1835 4767 1942 4822 culi
2006 4767 2144 4820 visio
2192 4766 2421 4836 mystico
2465 4765 2817 4819 tabernaculo
2855 4765 2934 4818 sic
2975 4765 3296 4827 conveniat,
3347 4777 3396 4815 Ill

1830 4859 2042 4926 singula
2090 4859 2261 4926 ipsius
2293 4857 2358 4908 ad
2411 4857 2618 4924 aliquid
2667 4871 2774 4909 non
2819 4856 3098 4924 indignum
3147 4855 3402 4927 mysterio

1829 4965 1929 5003 nos
1978 4949 2250 5001 deducant
2299 4947 2344 4978 “
2418 4948 2488 5000 Ac
2541 4947 2796 5016 quoniam
2849 4947 3067 5000 divinus
3109 4948 3402 5016 Apostolus

1832 5042 2094 5094 visionem
2133 5040 2245 5107 ipse
2281 5053 2497 5108 quoque
2541 5039 2708 5090 totius
2742 5037 3076 5091 tabernaculi
3131 5053 3395 5092 conseru-

1834 5139 1944 5193 tus,
1986 5146 2109 5183 cum
2160 5131 2211 5181 in
2263 5128 2574 5182 cmlestihus
2609 5126 2786 5196 adytis
2842 5143 2937 5196 per
2991 5128 3240 5196 spiritum
3296 5128 3395 5182 sibi

1833 5224 2088 5294 mysteria
2125 5221 2359 5292 paradisi
2404 5219 2638 5273 revelata
2689 5219 2915 5280 sint"‘,
2963 5220 3226 5271 cortinam
3262 5217 3396 5270 infe-

1832 5315 1993 5369 rioris
2022 5311 2355 5368 tabernaculi
2386 5325 2606 5363 carnem
2633 5308 2837 5365 Christi
2863 5324 2986 5363 esse
3013 5309 3087 5360 ait
3118 5327 3130 5362 ε
3155 5317 3394 5377 propter-

1828 5423 1890 5461 ca
1931 5403 2073 5476 quod
2126 5417 2190 5458 cx
2240 5399 2495 5462 diversis,
2567 5397 2780 5467 opinor,
2840 5406 3067 5466 quatuor
3112 5395 3387 5452 clementis

272 5591 308 5619 "
332 5591 351 5646 ι
375 5593 502 5650 Cor.
539 5613 652 5662 xiv,
681 5601 734 5655 ‘3.
812 5601 852 5633 "
891 5600 1044 5659 llebr.
1075 5623 1139 5680 ix,
1169 5621 1199 5681 ε
1222 5647 1340 5714 sqq.
1467 5618 1535 5650 ⁸⁸⁸
1564 5613 1605 5668 ΙΙ
1634 5613 1755 5670 Cor.
1786 5629 1880 5676 xu,
1906 5611 1956 5665 ό.
