4054 6436
569 267 674 326 385

1811 276 1866 331 S.
1913 275 2238 332 GBECORII
2282 278 2572 335 NYSSENI

3735 287 3838 341 556

567 385 870 454 composita
900 398 1018 443 est:
1055 403 1162 443 non
1199 389 1304 445 erit
1338 391 1576 448 alienum
1607 392 1674 448 ad
1704 393 1844 449 hanc
1889 395 2135 464 apostoli-

2252 397 2483 463 ἀδύτοις,
2515 392 2560 466 ᾧ
2595 397 2688 451 διὰ
2729 400 2821 453 τοῦ
2875 402 3182 472 πνεύματος
3233 402 3586 473 ἀπεκαλὶφθη
3637 403 3702 455 τὰ
3743 404 3838 455 τοῦ

565 491 686 531 cam
725 479 886 534 unius
919 481 1090 550 partis
1119 483 1513 552 expositionem
1556 485 1933 555 respicientes,
1973 494 2141 540 totam

563 567 633 622 de
663 569 1017 624 tabernaculo
1048 580 1292 626 nostram
1331 575 1656 630 sententiam
1700 576 1993 644 explicare.
2029 575 2144 631 Fiet

564 669 745 714 autem
773 661 930 720 nobis
961 679 1056 732 per
1077 663 1250 733 ipsius
1279 665 1526 734 Apostoli
1553 666 1717 721 verba
1750 667 1804 720 in
1841 667 2144 737 intelligen-

565 754 639 806 tia
669 755 1016 824 aeriigmatum
1045 756 1381 811 tabernaculi
1403 756 1614 812 facilior
1637 759 1818 815 aditus
1849 778 1862 814 :
1898 760 1972 814 ait
1995 762 2139 814 enim

563 844 632 898 de
663 844 970 917 Unigenito,
1013 861 1176 916 quem
1210 849 1432 904 nomine
1463 850 1801 904 tabernaculi
1837 853 2139 922 nuncupari

562 936 822 998 diximus,
853 941 980 1008 quia
1014 939 1068 992 in
1100 955 1166 994 eo
1197 951 1378 995 creata
1420 951 1547 996 sunt
1577 944 1782 1008 omnia,
1822 945 2056 999 visibilia
2089 956 2140 998 ct

561 1027 878 1091 invisibilia,
932 1029 1049 1085 sive
1091 1030 1300 1094 throni,
1346 1034 1463 1087 sive
1489 1041 1812 1102 potestates,
1844 1037 1959 1090 sive
1988 1038 2140 1105 prin-

560 1119 801 1190 cipatus,
833 1123 948 1178 sive
979 1122 1400 1191 dominationes,
1431 1125 1544 1180 sive
1575 1126 1807 1182 virtutes
1830 1128 1899 1180 ".

630 1304 779 1370 Quas
809 1305 880 1360 ob
919 1319 1008 1360 res
1040 1308 1307 1363 columna:
1344 1319 1571 1380 argento
1605 1321 1767 1380 atque
1797 1326 1932 1378 auro
1972 1312 2140 1366 reful-

561 1407 770 1467 gentes,
807 1405 861 1451 et
899 1409 1100 1463 vectes,
1144 1415 1208 1453 ac
1232 1403 1442 1460 annuli.
1484 1403 1748 1458 cherubin
1781 1421 1997 1474 quoque
2026 1407 2137 1469 illa,

559 1503 681 1556 quae
721 1488 838 1542 suis
875 1502 1056 1542 aream
1086 1497 1386 1560 contegunt
1429 1493 1553 1553 alis,
1599 1500 1900 1562 cmteraque
1931 1495 2136 1559 omnia,

557 1594 681 1648 qua:
729 1578 795 1631 ad
840 1579 1220 1634 sustinendum
1255 1582 1768 1652 contegendumque
1816 1584 2140 1638 tabernacu-

558 1670 670 1724 lum
699 1671 1111 1734 describuntur,
1143 1673 1187 1726 si
1221 1673 1345 1740 quis
1373 1673 1439 1727 ad
1473 1677 1730 1743 superius
1762 1676 2006 1745 respicit,
2039 1692 2138 1730 an-

2248 489 2575 558 παραδείσου
2635 492 2943 562 μυστήριαο
3000 493 3181 556 καλῶς
3231 493 3296 545 ἂν
3351 494 3464 562 ἒχοι
3509 497 3574 564 τῇ
3637 498 3834 565 μερικῇ

2246 581 2609 650 προσέχοντας
2647 584 2936 656 ἑρμηνείᾳ,
2975 588 3155 638 πᾶσαν
3189 585 3284 656 τὴν
3331 587 3428 656 τῆς
3469 586 3675 655 σκηνῆς
3704 587 3838 640 θεω-

2248 673 2368 742 ρίαν
2429 675 2789 744 συναρμόζειν
2845 676 2922 744 τῷ
2985 676 3162 746 μέρει,
3223 677 3435 729 Γένοιτο
3485 678 3529 730 δ’
3574 678 3640 731 ἂν
3681 681 3834 749 ημῖν,

2241 763 2307 815 δι’
2355 764 2536 818 αὑτῶν
2581 765 2690 818 τῶν
2736 766 2832 819 τοῦ
2888 767 3212 820 Ἀποστόλου
3259 767 3454 834 λόγων,
3503 769 3536 837 ή
3585 768 3692 820 τῶν
3734 769 3837 838 τῆς

2244 857 2450 926 σκηνῆς
2493 857 2832 926 αἰνιγμάτων
2882 863 3167 929 σαφήνεια.
3216 859 3352 928 Φησὶ¹
3398 861 3506 930 γάρ
3559 877 3660 912 που
3702 867 3835 930 περὶ

2241 945 2334 998 τοῦ
2365 947 2724 1015 Μονογενοῦς,
2754 948 2815 1001 ὃν
2842 949 2962 1002 ἀντὶ
2991 949 3089 1018 τῆς
3119 950 3323 1018 σκηνῆς
3373 950 3718 1018 νενοήκαμεν,
3749 950 3835 1002 ὅτι

2243 1041 2301 1091 ἐν
2341 1038 2488 1110 αὐτῷ
2524 1039 2745 1110 ἐκτίσθη
2799 1041 2868 1094 τὰ
2913 1041 3127 1104 πάντα,
3183 1041 3251 1092 τὰ
3297 1042 3470 1110 ὁρατά.
3511 1057 3571 1091 τε
3625 1040 3716 1092 καὶ
3763 1041 3838 1092 τὰ

2245 1130 2469 1199 ἀόρατα,
2515 1131 2623 1183 εἴτε
2667 1131 2866 1202 θρόνοι,
2902 1131 3010 1184 εἴτε
3051 1130 3310 1197 ἐξουσίαι,
3348 1131 3456 1183 εἴτε
3503 1132 3687 1202 ἀρχαὶ,
3721 1130 3836 1182 εἴτε

2248 1222 2579 1291 κυριότητες,
2630 1221 2738 1274 εἴτε
2783 1222 3059 1292 δυνάμεις.

2314 1314 2522 1365 Οὐκοῦν
2574 1313 2755 1366 στύλοι
2797 1313 3269 1384 ἀργυρολαμπεῖς,
3325 1315 3419 1367 καὶ
3467 1316 3832 1385 χρυσήλατοι,

2243 1405 2336 1456 καὶ
2385 1405 2711 1474 ἀναφορεῖς,
2781 1406 2876 1459 καὶ
2931 1405 3244 1467 δακτύλιοι,
3307 1407 3400 1458 καὶ
3454 1408 3521 1459 τὰ
3570 1408 3838 1477 χερουϐὶμ

2242 1497 2452 1556 ἐκεῖνα,
2497 1497 2566 1548 τὰ
2610 1499 2727 1559 ταῖς
2759 1495 2984 1566 πτέρυξι
3016 1497 3112 1567 τὴν
3143 1496 3372 1550 κιϐωτὸν
3405 1499 3832 1568 ἐπικρύπτοντα,

2243 1587 2333 1640 καὶ
2365 1587 2532 1640 τᾶλλα
2570 1587 2768 1648 πάντα,
2801 1589 2900 1641 ὅσα
2930 1591 2961 1659 ἡ
3003 1589 3106 1658 τῆς
3136 1590 3510 1658 σκηνοπηγίας
3541 1591 3834 1662 ὑπογραφὴ

2243 1679 2504 1747 περιέχει,
2543 1680 2589 1730 εί
2627 1679 2725 1746 μέν
2756 1696 2839 1742 τις
2876 1679 3009 1750 πρὸς
3041 1679 3108 1731 τὰ
3143 1680 3254 1732 ἂνω
3289 1680 3471 1749 βλέποι
3499 1681 3735 1742 σκοπῶν,
3774 1683 3834 1732 αἱ

557 1764 802 1831 gelorum
835 1772 918 1817 est
951 1764 1247 1818 multitudo
1280 1765 1333 1818 in
1368 1767 1722 1822 tabernaculo
1749 1769 1870 1838 ipso
1903 1785 2135 1840 conspe-

2243 1771 2603 1842 ὐπερκόσμιοι
2656 1771 2913 1841 δυνάμεις
2954 1771 3108 1835 είσὶν,
3154 1773 3208 1823 αἱ
3263 1771 3319 1823 ἐν
3368 1773 3434 1841 τῇ
3492 1774 3660 1840 σκηνῇ
3696 1771 3836 1822 θεω-

555 1861 795 1920 cta,qua
837 1867 1100 1921 corporea
1153 1854 1266 1908 inec
1315 1858 1615 1912 secundum
1660 1858 1752 1914 Dei
1805 1862 2136 1917 voluntatem

557 1945 907 1998 sustinentur
940 1955 1102 2015 atque
1138 1956 1416 2016 teguntur.
1454 1951 1508 2003 In
1561 1951 1651 2004 illo
1689 1952 1835 2006 enim
1889 1955 2139 2008 taberna-

555 2037 684 2089 culo
713 2037 828 2088 veri
861 2046 1044 2091 vectes
1079 2039 1255 2091 nostri
1305 2050 1357 2092 et
1392 2040 1638 2094 habitant
1671 2051 1720 2096 et
1771 2051 1918 2108 sunt,
1947 2045 2038 2112 qui
2069 2044 2136 2097 ad

557 2125 925 2181 ministerium
975 2127 1272 2181 mittuntur
1301 2140 1523 2199 propter
1557 2131 1767 2186 futuros
1802 2135 1994 2190 salutis
2030 2136 2138 2190 ha:-

558 2217 738 2277 redcs,
773 2217 864 2284 qui
897 2217 1060 2270 sicuti
1107 2218 1330 2286 quidam
1363 2219 1549 2274 annuli
1591 2221 1644 2274 in
1679 2223 1893 2276 animos
1923 2225 2136 2278 salvan-

556 2306 752 2360 dorum
803 2307 1194 2372 immittuntur,
1249 2311 1316 2364 ad
1364 2311 1756 2366 sublimitatem
1801 2315 2018 2370 virtutis
2069 2318 2136 2370 ad

558 2408 759 2454 terram
805 2399 1048 2470 dejectos
1096 2403 1392 2458 elevautes.
1453 2403 1607 2457 lluuc
1658 2413 1838 2460 autem
1888 2409 2134 2462 altiorem

556 2506 677 2545 esse
699 2507 917 2546 sensum
941 2492 1238 2564 Scriptura:
1266 2496 1319 2548 in
1352 2495 1452 2549 hoc
1486 2496 1625 2562 loco,
1651 2498 1774 2552 inde
1797 2509 1962 2568 patet.
1991 2504 2134 2570 quod

556 2584 822 2638 cherubin
867 2586 955 2638 illa
995 2588 1301 2641 materialia
1349 2589 1468 2644 suis
1501 2591 1606 2646 alis
1652 2593 1906 2662 tegebant
1936 2603 2136 2664 my~tc-

558 2675 661 2737 ria,
700 2691 820 2745 qua:
852 2676 904 2729 in
937 2693 1064 2731 arca
1089 2688 1266 2742 erant,
1305 2688 1364 2734 ut
1400 2681 1578 2737 littera
1604 2683 1758 2737 dicit.
1785 2683 1918 2738 Nam
1954 2687 2004 2740 id
2039 2703 2137 2739 no.

557 2783 680 2820 nzen
723 2768 786 2822 iis
842 2770 1051 2839 angelis
1091 2772 1434 2836 attribuitur,
1486 2783 1544 2829 ut
1580 2775 1747 2831 Isaias
1791 2785 1844 2830 et
1888 2777 2134 2833 Ezechicl

556 2860 732 2923 aiunt,
773 2863 866 2930 qui
916 2865 1060 2918 circa
1100 2865 1340 2920 divinam
1370 2868 1707 2937 majestatem
1745 2874 2132 2943 inspiciuntur.

557 2951 694 3004 Area
731 2967 860 3006 vero
893 2955 1116 3011 fmderis
1147 2958 1249 3010 alis
1283 2959 1524 3028 ipsorum
1566 2963 1831 3017 cherubin
1863 2974 2131 3030 contecta,

2246 1863 2531 1932 ρούμεναι,
2589 1866 2643 1916 αἱ
2692 1863 2831 1915 κατΞι
2870 1862 3020 1915 Θείαν
3057 1863 3308 1934 βούλησιν
3345 1861 3406 1913 τὸ
3452 1863 3557 1914 πᾶν
3610 1863 3834 1931 ὑπερεί-

2239 1955 2442 2007 δουσαι.
2505 1955 2733 2006 Ἐκεῖνοι
2781 1954 3023 2024 ἀληθινοὶ
3079 1955 3369 2023 ἀναφορεῖς
3417 1953 3591 2021 ἡμῶν,
3648 1954 3696 2003 οἱ
3747 1955 3832 2013 είς

2238 2047 2514 2100 διακονίαν
2556 2047 3007 2116 ἀναστελλόμενοι
3051 2045 3155 2116 διὰι
3181 2046 3305 2107 τοὺς
3352 2044 3642 2114 μέλλοντας
3696 2045 3831 2113 κλη-

2241 2145 2487 2212 ρονομεῖν
2530 2140 2818 2211 σωτηρίαν,
2871 2143 2918 2192 οἱ
2957 2139 3205 2210 καθάπερ
3231 2137 3532 2200 δακτυλίοις
3563 2137 3672 2189 τισὶ
3706 2141 3833 2199 ταῖς

2237 2233 2431 2304 ψυχαῖς
2463 2234 2617 2304 ἡμῶν
2665 2233 2996 2302 ἐνειρόμενοι
3050 2231 3159 2282 τῶν
3213 2231 3554 2300 σωζομένων,
3591 2229 3656 2280 δι’
3701 2231 3831 2281 ἐαυο

2236 2325 2344 2378 τῶν
2377 2325 2508 2396 πρὸς
2538 2325 2599 2376 τὸ
2630 2324 2761 2393 ὕψος
2793 2324 2890 2394 τῆς
2921 2325 3121 2393 ἀρετῆς
3149 2323 3272 2396 τοὺς
3302 2322 3584 2392 κειμένους
3611 2324 3701 2374 ἐπὶ
3729 2322 3832 2392 τῆς

2238 2417 2340 2486 γῆς
2387 2416 2768 2487 ἀναφέροντες.
2803 2414 3083 2484 Χερουϐὶμ
3125 2414 3182 2466 δὲ
3216 2413 3383 2466 είπὼν
3409 2416 3437 2466 ὁ
3469 2413 3622 2482 λόγος
3655 2431 3828 2469 καταο

2239 2507 2578 2560 καλύπτοντα
2613 2507 2731 2568 ταῖς
2782 2502 3006 2574 πτέρυξι
3055 2503 3123 2556 τὰ
3170 2503 3463 2571 ὲγκείμενα
3500 2506 3564 2573 τῇ
3609 2502 3830 2572 κιϐωτῷ

2237 2603 2332 2670 τῆς
2393 2598 2656 2669 διαθήκης
2711 2599 3004 2667 μυστήρια,
3061 2597 3265 2666 βεϐαιοῖ
3314 2595 3408 2666 τὴν
3473 2595 3830 2650 ἀποδοθεῖσαν

2239 2689 2366 2756 ἡμῖν
2394 2686 2544 2757 παρὰ
2577 2687 2673 2756 τῆς
2707 2685 2910 2756 σκηνῆς
2941 2686 3190 2755 θεωρίαν.
3225 2685 3296 2737 Τὸ
3329 2685 3435 2755 γὰρ
3464 2685 3632 2754 ὄνομα
3666 2685 3830 2737 τοῦτο

2237 2778 2344 2829 τῶν
2384 2779 2512 2848 περὶ
2559 2779 2658 2847 τήν
2709 2777 2857 2830 Θείαν
2911 2776 3072 2842 φύσιν
3123 2776 3508 2846 θεωρουμένων
3545 2776 3828 2844 δυνάμεων

2241 2871 2658 2942 μεμαθήκαμεν,
2686 2871 2747 2933 ἃς
2778 2872 2806 2922 ὁ
2846 2870 3071 2931 Ἡσαΐας
3103 2871 3195 2921 καὶ
3228 2871 3255 2920 ὁ
3285 2868 3539 2939 Ἰεζέκιὴλ
3567 2871 3829 2938 κατενόη-

2241 2978 2360 3014 σαν.
2403 2963 2464 3013 Ἡ
2498 2961 2553 3013 δὲ
2583 2961 2811 3022 κιϐωτὸς
2839 2961 2936 3030 τῆς
2971 2959 3252 3029 διαθήκης,
3286 2959 3672 3028 κεκαλυμμένη
3703 2961 3826 3020 ταῖς

556 3041 646 3093 hic
678 3041 805 3096 illud
837 3044 1058 3111 dicitur,
1096 3049 1240 3116 quod
1285 3051 1426 3116 apud
1467 3053 1662 3105 lsaiam
1696 3054 1830 3106 faeie
1857 3055 2130 3124 significa-

2241 3052 2485 3124 πτέρυξι,
2535 3054 2608 3122 μὴ
2656 3052 2906 3116 ξενιξέτω
2958 3054 3053 3122 τὴν
3103 3051 3301 3122 ἀκοήνο
3359 3051 3452 3103 καὶ
3500 3051 3604 3120 γὰρ
3651 3052 3708 3102 ἐν
3745 3053 3828 3121 τῷ

557 3141 666 3187 tur.
702 3134 834 3187 Nam
879 3147 935 3191 ut
967 3153 1093 3191 arca
1127 3139 1234 3201 hic,
1270 3141 1342 3194 ita
1377 3143 1447 3196 ibi
1487 3142 1656 3197 facies
1691 3146 2001 3201 CIICI'Ubit'lS
2030 3149 2133 3203 alis

555 3227 768 3296 contegi
795 3226 1115 3280 allii-matur.
1152 3228 1328 3282 Unum
1362 3234 1526 3301 igitur
1558 3237 1624 3290 ab
1658 3239 1904 3306 utrisque
1929 3241 2133 3308 signiti-

555 3318 668 3370 cari
717 3333 823 3372 non
868 3319 1209 3376 dubitamus.
1248 3323 1472 3378 Videtur
1521 3337 1700 3381 autem
1745 3331 1874 3383 mihi
1930 3332 2136 3385 incom-

555 3408 919 3476 prehensibile
948 3410 1111 3479 hujus
1141 3416 1553 3483 speculatiouis,
1596 3436 1716 3488 qua)
1745 3420 1813 3475 de
1849 3423 2135 3476 ineffabili-

556 3501 658 3554 bus
687 3510 792 3563 est,
825 3503 1169 3572 amigmatice
1198 3507 1520 3576 significari.
1561 3511 1696 3565 Cum
1728 3528 1858 3567 vero
1891 3514 1958 3568 de
1989 3515 2136 3585 lych-

554 3591 663 3652 nis,
697 3591 748 3644 id
782 3600 886 3660 est,
910 3593 1150 3650 lucernis
1169 3597 1347 3660 audis,
1369 3598 1512 3668 quod
1547 3609 1754 3670 septem
1784 3603 2045 3672 partito"
2069 3622 2132 3658 ex

555 3699 662 3735 una
688 3683 804 3737 basi
833 3700 897 3738 ac
925 3685 1108 3739 radice
1137 3687 1449 3742 candelabri
1474 3692 1945 3756 sustentabantur,
1970 3704 2025 3747 ut
2048 3695 2136 3748 lux

555 3776 900 3830 abundanter
948 3777 1189 3847 undique
1241 3779 1566 3848 perluceret,
1607 3782 1732 3850 jure
1777 3783 2136 3840 multiformes

553 3869 782 3938 spiritus
809 3869 1047 3940 fulgores
1077 3872 1131 3925 in
1158 3873 1259 3926 hoc
1291 3874 1644 3930 tabernaculo
1662 3876 2137 3947 perfulgereiuiel-

553 3961 726 4030 ligcs;
763 3971 969 4031 septem
1007 3964 1208 4032 partito
1229 3965 1277 3995 ⁸³
1313 3967 1458 4019 enim
1500 3967 1728 4036 spiritus
1765 3970 1945 4023 radios
1973 3972 2133 4024 etiam

556 4051 725 4106 Isaias
765 4055 996 4122 partitus
1041 4066 1143 4111 cst.
1191 4055 1636 4126 Propitiatorium
1669 4069 1848 4113 autem
1882 4062 2009 4130 quid
2043 4063 2132 4123 sit,

553 4161 662 4200 nou
695 4162 835 4217 opus
864 4150 1207 4218 expositione
1237 4149 1347 4203 ulla
1381 4162 1436 4205 ut
1468 4151 1823 4220 intelligatur,
1848 4169 1970 4205 cum
1997 4154 2138 4220 Apo-

553 4237 727 4292 stolus
753 4237 804 4290 id
833 4241 1167 4303 enodaverit,
1200 4241 1291 4309 qui
1325 4240 1396 4292 ait
1428 4259 1440 4293 :
1476 4260 1493 4291 ι
1516 4257 1674 4310 quem
1705 4242 2008 4294 animarmu
2040 4260 2136 4295 uo-

552 4340 812 4384 su'arum.
836 4331 1269 4400 propitiatorium
1309 4334 1612 4402 proposuit.
1655 4353 1672 4384 ι
1710 4333 1894 4385 Altare
1925 4350 2050 4387 vero
2083 4344 2134 4386 et

2251 3146 2447 3216 Ἡσαΐᾳ
2478 3144 2538 3197 τὸ
2576 3145 2758 3214 ὅμοιον
2810 3143 2922 3196 ἐστι
2977 3143 3188 3213 μαθεῖν,
3241 3145 3297 3194 ἐν
3344 3143 3620 3211 αἰνίγματι
3672 3142 3826 3210 παρὰ

2237 3235 2328 3288 τοῦ
2380 3237 2660 3306 προφήτου
2714 3234 2841 3304 περὶ
2888 3233 2997 3285 τῶν
3043 3233 3328 3304 πτερύγων
3373 3234 3689 3302 λεγόμενον⁸
3719 3226 3827 3284 ᾆδε

2240 3328 2336 3396 μὲν
2363 3329 2394 3396 ὴ
2423 3327 2672 3389 κιϐωτὸς,
2708 3328 2823 3379 ἐκεῖ
2860 3325 2914 3378 δέ
2952 3326 3260 3396 πρόσωπον,
3292 3326 3366 3389 ὡς
3396 3327 3512 3388 ἐνὸς
3540 3325 3689 3388 ὗντος
3729 3325 3826 3376 τοῦ

2237 3420 2293 3469 ἐν
2327 3419 2654 3488 ἀμφοτέροις
2685 3417 2993 3486 νοουμένου,
3031 3418 3168 3487 ὅπερ
3219 3435 3307 3486 μοι
3351 3416 3582 3469 δοκεῖτὸ
3615 3416 3828 3468 ἀκατά-

2237 3508 2439 3577 ληπτον
2488 3508 2586 3577 τῆς
2632 3507 2740 3559 τῶν
2798 3509 3122 3579 ἀπορρήτων
3176 3507 3403 3577 θεωρίας
3460 3507 3821 3559 αἰνίσσεσθαι.

2237 3601 2355 3655 Κᾶν
2396 3601 2522 3670 περὶ
2567 3600 2773 3669 λύχνων
2812 3599 3048 3669 ἀκούσης
3099 3597 3430 3666 πολυσχιδῶς
3473 3601 3536 3649 ἐκ
3569 3599 3697 3665 μιᾶς
3727 3596 3827 3648 λυ-

2236 3693 2386 3763 χνίας
2418 3693 2788 3763 ἀνεχομένων,
2837 3691 2975 3744 ὥστε
3023 3692 3249 3759 ᾶςθονον
3288 3688 3425 3742 εἶναι
3464 3690 3556 3742 καὶ
3599 3690 3824 3759 δαψιλὲς

2235 3785 2295 3836 τὸ
2326 3785 2438 3854 φῶς
2471 3783 2805 3852 πανταχόθεν
2859 3783 3236 3853 λαμπόμενον·
3289 3782 3388 3834 οὑκ
3426 3780 3490 3833 ἂν
3531 3781 3819 3850 ἁμάρτοις,

2235 3877 2333 3940 τὰς
2376 3877 2674 3940 πολυειδεῖς
2711 3875 2803 3927 τοῦ
2849 3875 3154 3944 πνεύματος
3199 3874 3563 3944 μαρμαρυγὰς
3595 3873 3822 3941 διαπρέ-

2237 3987 2356 4020 πειν
2404 3969 2577 4041 ταύτῃ
2631 3969 2695 4037 τῇ
2740 3969 2909 4036 σκηνῇ
2949 3965 3316 4036 λογιζόμενος,
3369 3964 3548 4027 καθὼς
3591 3964 3824 4028 Ἠσαῖας

2239 4060 2421 4126 μησὶν,
2464 4057 2671 4125 ἐπταχῆ
2715 4055 2936 4126 διαιρῶν
2989 4055 3087 4116 τὰς
3135 4055 3484 4124 λαμπηξόνας
3531 4051 3622 4104 τοῦ
3659 4053 3826 4105 πλεύ-

2239 4167 2424 4219 ματος.
2455 4149 2526 4200 Τὸ
2557 4149 2614 4201 δὲ
2643 4148 2948 4216 ἱλαστήριον
2981 4147 3100 4198 οὐδὲ
3141 4147 3433 4216 ἑρμηνείας
3461 4142 3607 4216 οἶμαι
3652 4163 3826 4216 προσ·

2234 4242 2470 4303 δέεσθαι,
2501 4240 2592 4292 τοῦ
2621 4235 2944 4291 Ἀποστόλου
2978 4239 3034 4290 τὸ
3084 4238 3460 4308 κεκρυμμένον
3495 4239 3826 4307 γυμνώσαν-

2235 4350 2344 4395 τος,
2367 4334 2420 4394 ὃς
2445 4345 2632 4399 φησιν’
2649 4333 2754 4384 ὄτιι
2789 4330 2846 4382 ὃν
2873 4329 3131 4398 προέθετο
3156 4330 3182 4380 ὁ
3214 4329 3344 4391 Θεὸς
3383 4330 3690 4398 ἱλαστήριον
3711 4328 3828 4379 τῶν

553 4420 892 4473 thurihnlum
917 4440 1037 4474 cum
1068 4424 1250 4485 audio,
1283 4426 1656 4477 adoratiouem
1679 4426 1939 4494 intelligo,
1967 4442 2126 4494 quam

2240 4424 2420 4494 ψυχῶν
2491 4420 3124 4493 ἡμῶν·ιθυσιαστήριον
3189 4419 3245 4470 δὲ
3316 4421 3407 4471 καὶ
3467 4421 3830 4490 θυμιατήριον

554 4512 681 4568 huic
699 4515 1049 4567 tabernaculo
1066 4517 1319 4570 ccclestes
1337 4518 1565 4571 virtutes
1585 4518 1832 4571 allia-unt.
1855 4519 1969 4570 Non
1989 4522 2130 4571 enim

553 4603 730 4654 solum
758 4603 1076 4656 inferiorum
1107 4614 1268 4674 atque
1296 4610 1658 4672 terrestrium,
1695 4611 1786 4663 sed
1824 4611 2130 4664 coalestium

552 4708 773 4762 quoque
813 4695 1052 4763 linguam
1087 4697 1160 4748 ait
1205 4699 1416 4752 laudem
1451 4711 1613 4770 atque
1662 4701 1911 4770 gloriam,
1957 4711 2011 4755 ut
2051 4719 2134 4754 re-

553 4800 678 4844 rum
717 4787 960 4839 omnittm
1009 4788 1299 4858 principio,
1335 4793 1560 4847 reddere
1601 4813 1614 4846 :
1659 4793 1708 4846 id
1740 4795 1884 4848 enim
1921 4806 2135 4864 gratum

551 4888 640 4931 est
671 4878 770 4947 ipsi
809 4880 1164 4946 sacrificium,
1210 4883 1478 4938 labiorum
1509 4885 1740 4944 fructus.
1784 4896 1838 4940 ul
1888 4890 1962 4942 ait
1993 4889 2138 4958 Apo-

552 4969 730 5024 stolus
754 4970 822 5034 ⁵⁸,
869 4979 931 5028 _et
977 4971 1114 5024 odor
1155 4974 1440 5029 orationis.
1496 4975 1650 5040 Quod
1703 4977 1747 5031 si
1797 4980 2004 5033 ('Ol‘illlll
2054 4981 2138 5035 his

553 5060 715 5114 etiam
755 5060 898 5116 inest
922 5063 1107 5118 colore
1135 5080 1428 5135 purpureo,
1458 5076 1510 5119 et
1545 5070 1635 5136 pili
1671 5070 1880 5132 intexti,
1913 5087 2019 5124 non
2055 5081 2132 5125 ta-

555 5163 677 5204 tneu
711 5152 1106 5220 speculationis
1136 5153 1300 5222 hujus
1337 5156 1509 5210 series
1540 5159 1968 5226 perturbabitur.
2001 5159 2132 5213 Nam

553 5242 749 5296 oculus
786 5242 874 5297 ille
907 5244 1256 5314 propheticus
1293 5247 1346 5299 in
1394 5248 1783 5302 altissimarum
1819 5251 1917 5304 hac
1951 5267 2132 5305 rerum

557 5334 790 5398 visione,
834 5338 1128 5390 salutarem
1162 5354 1380 5408 quoque
1418 5339 1630 5395 Domini
1670 5343 1976 5411 passiooem
2009 5352 2134 5397 tau-

554 5443 719 5496 quam
750 5443 780 5482 e
807 5429 1025 5494 specula
1059 5432 1356 5500 prospexit,
1390 5449 1551 5503 quam
1583 5450 1646 5488 ex
1697 5443 1928 5504 utroque
1953 5435 2130 5490 dicto-

550 5536 676 5576 rum
713 5523 1072 5594 siguiFwatam
1108 5523 1276 5578 fuisse
1306 5541 1410 5578 non
1444 5526 1680 5596 ambigo.
1728 5525 1954 5582 [iubch
1986 5530 2129 5582 enim

642 5702 687 5732 "
716 5701 923 5758 Coloss.
959 5719 992 5767 ι,
1035 5702 1115 5756 l6.

1207 5704 1249 5733 ⁸³
1284 5701 1386 5759 lsa.
1421 5709 1567 5768 x1,2.
1646 5706 1690 5737 “
1735 5704 1895 5760 llebr.
1936 5724 2009 5763 IV.
2042 5707 2088 5760 5.

2241 4518 2472 4580 ἀκούων,
2504 4518 2610 4571 νοῶ
2652 4516 2745 4586 τήν
2785 4512 3046 4584 διηνεκῶς
3089 4512 3505 4581 ἐπιτελουμένην
3545 4514 3608 4580 τῇ
3647 4513 3826 4580 σκηνῇ

2238 4610 2413 4680 ταύτῃ
2457 4609 2564 4661 τῶν
2610 4607 2942 4677 ἐπουρανίων
2984 4604 3368 4674 προσκύνησιν.
3403 4603 3475 4654 Οὐ
3521 4602 3628 4672 γὰρ
3663 4601 3829 4672 μόνον

2240 4702 2497 4768 ἐπιγείων
2548 4698 2642 4750 καὶ
2693 4693 3077 4766 ὑπερχθονίων,
3111 4692 3242 4745 ἀλλὰ
3293 4693 3386 4745 καὶ
3444 4693 3552 4744 τῶν
3595 4693 3829 4761 ἐπουρα-

2234 4792 2361 4843 νίων
2404 4789 2503 4860 τὴν
2543 4786 2790 4856 γλῶσσάν
2832 4802 2994 4854 φησιν
3030 4784 3375 4853 ἀναπέμπειν
3423 4783 3515 4835 τὸν
3557 4777 3702 4834 αἶνον
3752 4784 3826 4852 τῇ

2233 4883 2341 4934 τῶν
2374 4882 2589 4935 πάντων
2621 4880 2780 4949 ἀρχῇ.
2814 4875 2982 4928 Τοῦτο
3012 4874 3069 4927 δέ
3108 4877 3253 4927 ἐστιν
3279 4877 3310 4944 ἠ
3346 4875 3711 4944 κεχαρισμένη
3740 4873 3832 4942 τῷ

2237 4974 2356 5044 Θεῷ
2379 4973 2556 5038 θυσία,
2589 4972 2646 5023 τὸ
2679 4969 2954 5040 κὰρπωμα
2980 4965 3087 5019 τῶν
3117 4965 3360 5035 χειλέων,
3393 4963 3571 5026 καθώς
3601 4969 3769 5032 φησιν
3802 4967 3832 5016 ὁ

2255 5065 2596 5128 ’Λπόστολος,
2649 5062 2741 5114 καὶ
2791 5059 2900 5112 τῶν
2951 5057 3266 5128 προσευχῶν
3317 5059 3349 5127 ἡ
3411 5055 3619 5108 εὐωδία.
3657 5054 3718 5107 Εἰ
3769 5054 3834 5106 δὲ

2244 5160 2339 5213 καὶ
2382 5157 2557 5227 δέρμα
2599 5156 2655 5206 ἐν
2706 5152 2914 5214 τούτοις
2961 5151 3152 5220 ὁρᾶται
3201 5145 3616 5216 πεφοινιγμένον
3651 5144 3831 5214 βαφῇ,

2245 5269 2337 5305 και
2373 5248 2554 5319 τρίχες
2601 5242 3009 5311 ὲξυφανθεῖσαισ
3051 5239 3170 5292 οὐδὲ
3199 5233 3352 5301 οὗτος
3413 5239 3439 5288 ὁ
3489 5236 3676 5307 είρμὸς
3713 5235 3836 5306 ’τῆς

2245 5342 2475 5414 θεωρίας
2526 5338 2932 5405 διακοπήσεται.
2991 5333 3048 5384 Ὀ
3095 5333 3202 5403 γὰρ
3250 5327 3584 5398 προφητικὸς
3629 5325 3838 5394 ὀφθαλ-

2247 5437 2366 5507 μὸς,
2402 5436 2457 5486 ἐν
2485 5436 2550 5502 τῇ
2577 5429 2682 5482 τῶν
2725 5427 2882 5480 θείων
2920 5424 3152 5492 ὀπτασίᾳ
3192 5425 3488 5491 γινόμενος,
3525 5419 3642 5470 ἐκεῖ
3692 5416 3838 5468 καθ-

2242 5527 2476 5595 εώραται
2527 5518 2969 5594 προσωρισμένον
3019 5517 3075 5568 τὸ
3129 5515 3391 5583 σωτήριον
3436 5510 3631 5573 πάθος·
3691 5509 3839 5578 ὅπερ

2204 5707 2248 5737 ⁸³
2283 5703 2446 5758 Ilcbr.
2478 5716 2594 5764 xm,
