4054 6436
257 243 338 298 535
1534 240 1620 294 os
1654 234 1810 291 ma
1841 233 2113 289 Movsls.
3349 236 3452 294 386

256 357 298 404 ἐν
319 348 529 418 ἐκατέρῳ
551 343 652 397 τῶν
679 341 982 413 εἰρημένων
1016 339 1338 410 σημαίνεται
1358 355 1370 370 ⁸
1398 338 1490 391 τοῦ
1531 341 1626 408 μὲν
1657 340 1774 408 ἐρυ-

1885 354 2224 420 sanguinem,
2256 351 2346 420 pili
2371 359 2550 406 autem
2580 361 2804 407 mortem
2831 356 3145 410 ostendunt.
3167 353 3300 410 Nam
3327 369 3450 410 eum

255 444 452 511 ϐήματος
482 438 540 489 τὸ
573 430 734 505 αἷμα,
771 434 869 504 τῆς
911 432 968 485 δὲ
1018 431 1199 501 τριχὸς
1231 429 1635 501 ἑρμηνευούσης
1673 428 1772 498 τὴν

256 539 491 605 νέκρωσιν.
524 531 782 597 ’Δμοιρος
816 527 924 595 γὰρ
969 523 1274 592 αἰσθήσεως
1304 524 1338 592 ἡ
1384 521 1506 592 τρ¹ιξ
1549 520 1626 589 τῷ
1663 519 1770 572 σά)-

257 642 361 695 ματι
385 639 397 652 ο
425 621 496 673 διὸ
525 617 730 688 κυρίως
762 614 1084 686 νεκρὸτητος
1101 614 1309 682 γίνεται
1343 612 1625 681 σύμϐολον.

304 716 451 768 ὀταν
487 712 586 781 μὲν
615 705 708 762 οὖν
738 709 836 777 τὴν
870 707 982 760 ἄνω
1021 706 1223 776 σκηνὴν
1254 705 1454 776 βλέπτγ
1487 702 1655 755 ταῦτα
1684 700 1773 754 διὰ

245 811 413 865 τούτων
440 809 466 860 ὀ
516 803 803 872 προφήτης
833 802 950 869 ὁρᾷ.
1008 799 1068 850 Ei
1111 797 1166 850 δέ
1206 814 1290 859 τις
1317 797 1414 866 τὴν
1455 795 1605 848 κάτω
1641 809 1773 862 σκη-

246 905 318 971 νὴν
342 897 549 966 θεωροίη
575 913 590 927 ο
637 893 826 964 ἐπειδὴ
860 891 1098 961 πολλαχῆ
1145 889 1377 959 Χριστὸς
1409 891 1442 958 ἡ
1482 886 1774 956 Ἐκκλησία

247 995 363 1062 παρὰ
404 990 488 1041 τοῦ
541 987 756 1041 Παύλου
813 983 1242 1053 κατονομάζεται
1271 999 1283 1011 ·
1335 980 1514 1042 καλῶς
1547 980 1612 1033 ἂν
1658 979 1772 1050 ἔχοι

245 1085 342 1144 τοὺς
369 1082 640 1152 ὑπηρέτας
668 1079 764 1132 τοῦ
796 1079 940 1131 θείου
966 1077 1286 1149 μυστηρίου,
1313 1077 1406 1139 οὓς
1431 1077 1526 1128 καὶ
1549 1075 1773 1136 στύλους

242 1177 317 1243 τῆς
370 1171 685 1242 Ἐκκλησίας
743 1170 1100 1240 κατονομάζει
1147 1172 1175 1222 6
1215 1168 1389 1236 λόγος,
1447 1167 1773 1230 ἀποστόλους

241 1284 284 1319 τε
307 1264 386 1334 καὶ
413 1262 758 1323 διδασκάλους
790 1260 882 1312 καὶ
911 1260 1215 1330 προφήτας.
1247 1258 1314 1310 τὰ
1334 1258 1570 1327 ὀνόματα
1601 1255 1773 1310 ταῦτα

239 1355 486 1423 ὀνομάζειν
517 1347 682 1404 εἶναι.
715 1352 790 1402 Ού
830 1349 938 1419 γὰρ
968 1350 1127 1417 μόνον
1156 1349 1357 1419 Πέτρος
1391 1351 1483 1402 καὶ
1523 1347 1773 1418 Ἰωάννης

239 1450 313 1501 καὶ
367 1443 654 1507 Ἰάκωϐος,
702 1441 885 1495 στύλοι
927 1442 1026 1510 τῆς
1070 1439 1392 1509 Ἑκκλησίας
1442 1440 1613 1492 εἰσίν·
1655 1439 1774 1491 οὐδὲ

240 1542 370 1608 μόνος
411 1541 436 1589 6
486 1533 804 1604 Βαπτιστὴς
867 1532 1116 1600 Ἰωάννης
1163 1533 1191 1584 ὀ
1241 1531 1429 1601 λύχνος
1457 1526 1525 1601 ἦν
1555 1529 1774 1600 καιόμε-

239 1649 332 1694 vo,"
377 1629 500 1684 ἀλλὰ
553 1629 758 1686 πάντες
806 1627 854 1677 οἱ
907 1625 972 1677 δι’
1029 1622 1236 1677 ἑαυτῶν
1282 1625 1380 1694 τὴν
1448 1623 1777 1690 Ἐκκλησίαν

239 1723 514 1792 ἐρείδοντες,
561 1719 656 1772 καὶ
705 1719 755 1770 οἱ
805 1717 892 1770 διὰ
940 1715 1047 1768 τῶν
1094 1716 1238 1770 ἰδίων
1262 1715 1436 1786 ἔργων
1491 1714 1773 1784 φωστῆρες

239 1814 488 1882 τινόμνοι,
534 1811 636 1864 καὶ
665 1809 847 1862 στύλοι
881 1808 973 1861 κα)⁵
1006 1807 1184 1876 λύχνοι
1213 1806 1482 1873 λέγονται.
1521 1825 1538 1856 ι
1588 1805 1775 1874 Ὑμεῖς

239 1908 335 1957 ἐστε
357 1905 410 1956 τὸ
447 1904 562 1972 φῶς
594 1901 690 1956 τοῦ
722 1901 949 1970 κόσμου,
994 1921 1013 1951 ι
1055 1899 1188 1968 φησὶ
1218 1898 1354 1967 πρὸς
1390 1897 1516 1959 τοὺς
1544 1894 1774 1947 ἀποστό-

240 1997 335 2057 λους
367 1998 393 2047 ὁ
433 1995 658 2064 Κύριος.
691 1993 803 2045 Καὶ
830 1992 991 2044 πάλιν
1031 1990 1251 2058 ἐτέρους
1278 1991 1307 2042 6
1337 1988 1490 2050 Θεῖος
1529 1986 1780 2040 ’Δπόστο-

239 2091 305 2145 is;
330 2087 529 2148 στύλους
561 2082 1110 2145 εἷναιδιακελεύεται,
1130 2081 1302 2149 λέγων
1323 2098 1336 2111 ·
1371 2101 1390 2132 ι
1431 2081 1666 2152 Ἑδραῖοι
1687 2079 1775 2148 γίυ

239 2167 358 2219 vasae
397 2170 480 2220 καὶ
523 2169 1105 2237 ἁμετακίνητοι.ιΚαὶ
1158 2168 1249 2221 τὸν
1298 2168 1559 2238 Τιμόθεον
1616 2167 1778 2219 καλὸν

238 2258 390 2310 στύλον
433 2261 784 2328 ἐτεκτήνατο,
835 2260 1062 2330 ποιήσας
1108 2260 1267 2313 αὑτὸν
1308 2259 1508 2327 (καθὼς
1542 2275 1674 2327 φησι
1710 2260 1775 2327 τῇ

239 2350 319 2421 ἰδία
373 2355 533 2422 gravii)
588 2352 781 2404 στύλον
837 2352 931 2404 καὶ
981 2350 1260 2420 ἑδραίωμα
1305 2352 1402 2420 τῆς
1457 2348 1780 2416 Ἐκκλησίας

241 2442 468 2509 ἀληθείας.
515 2441 611 2494 Ἐν
650 2440 822 2514 ταύτῃ
858 2443 924 2509 τῇ
973 2442 1143 2509 σκηνῇ
1179 2439 1272 2491 καὶ
1308 2438 1467 2490 θυσία
1500 2437 1598 2506 τῆς
1637 2436 1778 2489 αἰνέ-

246 2548 365 2594 τεως,
401 2536 485 2586 καὶ
517 2533 776 2602 θυμίαμα
819 2532 918 2600 τῆς
950 2531 1268 2601 προσευχῆς.
1304 2531 1336 2598 ἡ
1379 2528 1458 2599 τῷ
1484 2527 1662 2598 δρθρῳ
1691 2528 1780 2578 καὶ

236 2622 286 2688 τῇ
314 2621 500 2691 ἑσττέρᾳ
537 2620 911 2690 ἐνεργουμένη
941 2619 1028 2671 διὰ
1057 2618 1252 2680 παντὸς
1284 2619 1612 2687 καθορᾶται·
1641 2617 1780 2667 νοεῖν

233 2707 275 2758 ἰὲ
314 2710 474 2762 δίδωσι
530 2710 712 2764 ταῦτα
751 2712 780 2762 6
827 2710 999 2778 μέγας
1059 2708 1245 2774 Δαυῖδ,
1305 2707 1646 2760 κατευθύνων
1700 2708 1778 2770 εἰς

230 2801 372 2869 ὀσμὴν
403 2803 637 2864 εὐωδίας
675 2800 751 2871 τῷ
788 2800 907 2871 Θεῷ
939 2801 1037 2872 τῆς
1065 2800 1371 2872 προσευχῆς
1411 2798 1470 2850 τὸ
1510 2797 1775 2866 θυμίαμα*

233 2893 304 2942 καί
329 2893 406 2944 διὰ
439 2894 537 2962 τῆς
603 2894 884 2955 ἐκτάσεως
921 2891 1028 2946 τῶν
1077 2891 1296 2960 χειρῶν,
1345 2888 1641 2960 ἱερουργῶν
1683 2887 1780 2958 τὴν

1809 1685 1853 1740 Β

1885 443 1937 495 in
1969 457 2195 511 corpore
2227 444 2368 511 pilus
2392 443 2596 512 absque
2630 460 2792 498 sensu
2825 446 2916 510 sit,
2950 460 3057 500 non
3085 446 3281 516 injuria
3307 461 3454 500 ιιιοιο

1885 536 1953 589 tis
1992 535 2296 606 symbolum
2330 534 2552 590 dicitur.

1953 718 2076 772 iiarc
2110 719 2270 787 igitur
2300 720 2352 772 in
2383 720 2667 790 superiore
2699 719 3050 773 tabernaculo
3078 721 3452 777 matcrialilws

1883 808 1991 862 illis
2016 809 2321 878 signiﬁcata
2354 821 2628 877 putamus.
2658 809 2712 860 ln
2738 807 2994 862 inferiore
3018 823 3164 871 vero,
3195 811 3451 878 quoniam

1884 901 2078 968 saepius
2102 916 2130 952 a
2166 901 2334 953 Paulo
2364 900 2604 955 Ecclesia
2656 898 2907 954 Christus
2949 900 3272 968 appellatur,
3298 900 3452 952 Chri-

1882 1001 2000 1046 stus
2031 1003 2234 1056 autem,
2264 1001 2321 1046 ut
2346 994 2604 1051 diximus,
2635 993 2888 1061 superius
2911 991 3318 1046 tabernaculum
3347 1000 3453 1055 est,

1885 1099 1990 1137 non
2021 1093 2105 1138 est
2153 1084 2414 1149 alienum,
2440 1086 2485 1138 si
2528 1085 2651 1152 quis
2682 1084 2982 1137 Ecclesiam
3027 1098 3179 1137 suam
3225 1083 3453 1137 inferius

1883 1191 2003 1229 esse
2033 1177 2443 1229 tabernaculum
2473 1177 2790 1236 arbitretur,
2825 1177 2874 1228 in
2901 1190 3007 1243 quo
3037 1176 3301 1227 columna:
3327 1183 3455 1228 sunt

1883 1264 2265 1333 mysteriorum
2300 1264 2556 1318 Ecclesia:
2591 1264 2850 1328 ministri,
2891 1279 3032 1332 quos
3067 1264 3169 1316 hoc
3209 1265 3329 1332 ipso
3359 1278 3456 1317 uo-

1885 1356 2030 1408 mine
2079 1371 2470 1425 nonnunquam
2519 1356 2858 1424 appellamus
2901 1355 3230 1409 :ministros
3275 1364 3453 1408 autem

1882 1449 2178 1517 apostolos.
2211 1449 2519 1518 prephetas,
2548 1447 2818 1501 doctores.
2847 1445 2956 1500 Nec
2984 1446 3126 1500 enim
3157 1447 3332 1500 solum
3356 1442 3456 1497 Pe-

1883 1548 2002 1590 trus
2029 1547 2082 1589 et
2105 1536 2344 1591 Joannes
2374 1546 2426 1590 et
2455 1536 2690 1591 Jacobus
2712 1539 2979 1592 columnre
3013 1536 3270 1591 Ecclesia:
3297 1544 3450 1596 sunt,

1883 1643 1982 1680 nec
2011 1626 2253 1680 Joannes
2288 1625 2526 1694 Baptista
2561 1635 2773 1678 tantum
2820 1627 3020 1680 ardens
3049 1635 3165 1680 erat
3199 1625 3450 1695 lychnus,

1883 1718 1975 1772 sed
2017 1731 2207 1770 omnes
2245 1719 2444 1785 quibus
2493 1717 2733 1769 Ecclesia
2785 1723 3146 1777 sustentatur,
3192 1717 3284 1784 qui
3336 1717 3452 1768 suis

1881 1809 2138 1877 operibus
2161 1809 2452 1861 luminaria
2480 1808 2605 1860 lacti
2640 1817 2791 1866 sunt,
2816 1807 2866 1860 hi
2891 1808 3158 1861 columna:
3186 1815 3239 1861 et
3270 1807 3449 1876 lychni

1879 1907 2284 1966 nuncupantur.
2351 1916 2369 1948 ι
2411 1895 2521 1952 Vos
2573 1899 2707 1952 estis
2761 1897 2848 1950 lux
2903 1897 3124 1961 mundi,
3175 1916 3194 1949 ι
3241 1894 3451 1952 Veritas

1881 1989 2144 2058 apostolis
2184 1990 2257 2042 ait
2282 1989 2328 2020 ⁵³
2357 1985 2374 2042 ἐ
2412 2003 2473 2042 ac
2515 2003 2735 2042 rursum
2787 1989 2928 2044 alios
2955 1989 3116 2043 divus
3159 1988 3454 2058 Apostolus

1880 2079 2034 2148 quasi
2065 2079 2348 2133 columnas
2373 2079 2644 2140 hortatur,
2672 2095 2795 2132 cum
2822 2079 2958 2132 dicit
2988 2097 3000 2131 :
3039 2097 3056 2128 ι
3087 2078 3252 2133 Firmi
3281 2087 3455 2135 estote

1881 2179 2042 2240 atque
2077 2172 2382 2225 immobiles
2413 2172 2478 2224 ".
2523 2189 2540 2220 ι
2584 2173 2653 2224 At
2683 2187 2815 2225 vero
2855 2171 3200 2226 Timotheum
3248 2174 3455 2226 colum-

1881 2277 2003 2320 nam
2037 2262 2458 2330 pulcherrimam
2507 2261 2806 2316 l‘abricatus
2849 2272 2953 2326 est,
2994 2278 3117 2316 cum
3159 2263 3337 2332 ipsum
3371 2263 3455 2317 lir-

1882 2353 2119 2405 mitatem
2155 2351 2399 2405 veritatis
2421 2367 2532 2406 sua:
2552 2355 2698 2407 vocis
2729 2354 2977 2407 doctrina
3000 2353 3320 2408 olfecerit”.
3341 2353 3453 2408 [loc

1882 2445 1934 2497 in
1962 2445 2310 2498 tabernaculo
2338 2451 2390 2495 ct
2426 2444 2758 2497 sacriﬁcium
2793 2444 2990 2509 laudis,
3025 2453 3076 2498 et
3106 2447 3232 2499 thus
3261 2445 3454 2499 oratio-

1880 2535 1967 2586 nis
1999 2535 2050 2585 in
2087 2549 2246 2586 mane
2267 2548 2331 2586 ac
2357 2547 2638 2602 vesperum
2671 2534 2916 2588 adhiberi
2944 2551 3158 2603 semper
3184 2536 3449 2591 videmus.

1882 2622 1995 2676 Hoc
2023 2624 2101 2676 sic
2133 2623 2436 2691 intelligere
2468 2621 2633 2674 David
2680 2622 2770 2675 ille
2814 2637 2914 2675 nos
2960 2623 3190 2689 inducit,
3241 2625 3332 2693 qui
3369 2628 3453 2678 in-

1881 2728 2106 2766 censum
2155 2712 2422 2764 orationis
2461 2713 2511 2763 in
2547 2714 2766 2764 odorem
2815 2713 3104 2767 suavitatis
3152 2715 3355 2784 dirigit,
3399 2723 3455 2770 et

1883 2817 2143 2856 manuum
2193 2804 2568 2857 extensionem
2600 2804 2930 2857 sacriﬁcium
2971 2821 3093 2859 esse
3138 2806 3332 2860 asserit
3365 2821 3456 2860 ve.

1884 2894 2187 2961 spei-tinum
2221 2895 2287 2947 δ’.
2327 2893 2504 2948 Urnas
2551 2910 2698 2956 vero,
2750 2895 2802 2947 id
2852 2906 2958 2961 est,
2991 2911 3120 2950 vasa
3157 2897 3221 2949 ad
3272 2897 3457 2949 lavan-

229 2981 402 3034 θυσίαν.
462 2985 757 3055 Λουτῆρας
810 2983 866 3036 δέ
917 3000 999 3044 τις
1043 2984 1275 3042 ἁκούων,
1334 2984 1532 3050 νοήσειι
1563 2980 1776 3041 πάντως

1885 2982 2035 3046 dum,
2057 2985 2182 3054 quis
2208 2986 2446 3054 ambiget
2476 3001 2572 3040 eos
2595 3001 2739 3049 esse,
2768 2987 2857 3056 qui
2879 3002 2974 3056 per
3009 2988 3454 3041 sacramentalem

227 3076 326 3134 τοὺς
375 3075 456 3128 διὰ
501 3075 601 3128 τοῦ
651 3075 915 3144 μυστικοῦ
961 3073 1151 3134 ὓδατος
1199 3073 1288 3124 τὸν
1347 3072 1618 3142 μολυσμὸν
1655 3071 1783 3123 ἀπο-

225 3164 480 3230 κλύζοντας
512 3168 630 3220 τῶν
668 3165 971 3236 ἁμαρτιῶν.
1013 3165 1224 3236 Λουτὴρ
1253 3162 1318 3235 ἦν
1347 3167 1376 3216 6
1425 3163 1690 3230 Ἰωάννης.
1726 3162 1784 3214 ἐν

224 3256 286 3325 τῷ
319 3259 544 3333 Ἰορδάνῃ
600 3259 808 3320 λούων,
864 3260 922 3310 ὲν
975 3258 1054 3326 τῷ
1122 3259 1221 3326 τῆς
1271 3257 1557 3327 μετανοίας
1602 3253 1786 3324 βαπτί-

223 3363 394 3415 σματι·
432 3351 640 3421 λουτὴρ
685 3345 752 3420 ἦν
788 3349 817 3400 6
855 3349 1077 3418 Πέτρος,
1131 3348 1455 3418 τρισχιλίους
1487 3349 1627 3400 κατὰ
1652 3346 1785 3400 ταύ-

220 3440 292 3489 τὸν
344 3441 598 3508 καθάπαξ
652 3441 905 3508 κατάγων
955 3440 1048 3492 ἐπὶ
1095 3439 1156 3491 τὸ
1203 3439 1365 3509 ὕδωρ.
1420 3438 1632 3508 Λουτὴρ
1688 3435 1782 3489 τοῦ

219 3529 473 3584 Κανδάκου
538 3535 569 3584 6
633 3531 937 3594 Φίλιππος,
994 3530 1087 3584 καὶ
1143 3531 1360 3584 πάντων
1416 3529 1616 3591 πάντες
1673 3525 1784 3579 τῶν

219 3623 523 3692 μετεχόντων
575 3624 686 3692 τῆς
732 3623 958 3691 δωρεᾶς,
987 3625 1036 3676 οί
1079 3622 1428 3693 ἐνεργοῦντες
1473 3621 1570 3690 τὴν
1600 3621 1779 3689 χάριν.

217 3713 306 3776 Τὰς
351 3715 403 3767 δὲ
454 3715 728 3778 αὐλαίας,
779 3715 836 3767 αἳ
885 3713 973 3767 διά
1027 3713 1126 3783 τῆς
1179 3714 1294 3782 μετ’
1341 3711 1584 3781 ἀλλήλων
1631 3726 1783 3779 συμ-

210 3803 347 3873 ὕολῆς
394 3809 495 3876 τὴν
546 3807 766 3875 σκηνὴν
817 3807 872 3858 ὲν
929 3804 1112 3874 κύκλῳ
1175 3803 1633 3874 διαλαμϐάνουσι,
1684 3802 1782 3872 τὴν

213 3894 543 3966 ἀγαπητικήν
576 3914 645 3949 τε
682 3899 775 3949 καὶ
797 3895 1079 3967 εἰρηνικὴν
1123 3896 1231 3948 τῶν
1267 3895 1629 3947 πιστευόντων
1654 3894 1784 3964 ὁμό-

205 4001 330 4037 νοιαν
375 3985 518 4041 εἷναί
567 4005 661 4050 τις
707 3988 970 4049 ὑπονοῶν,
1017 3988 1117 4040 οὐκ
1147 3988 1211 4040 ἂν
1242 3987 1475 4058 ἁμάρτοι
1511 3986 1601 4039 τοῦ
1651 3987 1783 4056 πρέ-

209 4091 410 4140 πονπο
455 4080 609 4132 οὓτω
663 4079 756 4131 τοῦ
805 4078 966 4130 Δαϐὶδ
1010 4077 1464 4148 ὲρμηνεύσαντος,
1505 4077 1564 4139 ὃς
1597 4092 1776 4143 φησιν,

197 4167 404 4234 δεηθεὶς
449 4171 524 4222 τά
567 4169 704 4239 Epid
731 4185 822 4220 σου
854 4170 1097 4239 εἰρήνην.
1127 4169 1313 4238 Δέρμα
1340 4168 1395 4220 δὲ
1426 4167 1781 4236 πεφοινιγμέ-

202 4273 294 4320 νον,
324 4261 415 4310 καὶ
455 4261 690 4331 δέρρεις
723 4260 831 4312 ἀπὸ
870 4261 1091 4329 τριχῶν,
1122 4261 1254 4329 πρὸς
1284 4260 1488 4329 κόσμον
1524 4259 1622 4328 τῆς
1649 4275 1779 4327 σκηο

1888 3089 2080 3143 aquam
2138 3084 2484 3143 peccatorum
2544 3077 2739 3131 sordes
2797 3078 3072 3130 auferunt.
3124 3076 3292 3130 Luter
3339 3085 3458 3130 erat

1884 3162 2142 3225 Joannes,
2182 3165 2372 3219 lavans
2415 3165 2470 3218 in
2519 3164 2782 3232 «Iordane,
2826 3167 2880 3221 in
2924 3159 3248 3236 baptismate
3295 3174 3460 3237 pccni-

1886 3255 2067 3310 tentia:
2091 3257 2154 3308 ⁶⁰.
2190 3256 2340 3310 Talis
2383 3268 2498 3311 erat
2545 3260 2767 3322 Petrus,
2814 3259 2917 3312 tria
2970 3259 3135 3312 millia
3179 3260 3457 3314 hominum

1884 3347 2046 3401 simul
2073 3346 2138 3399 ad
2177 3348 2429 3416 baptismi
2461 3349 2736 3403 lavacrum
2768 3350 3044 3404 deducens
3073 3350 3138 3402 ⁶¹.
3176 3350 3460 3420 Philippus

1849 3453 2100 3513 [quoque
2127 3453 2260 3491 urna
2301 3439 2570 3494 Candacis
2612 3440 2734 3494 fuit.
2775 3441 2914 3506 Quid
2962 3444 3168 3496 multa?
3203 3445 3459 3498 omnibus

1852 3523 1974 3599 ‘qui
2001 3531 2066 3583 ad
2099 3531 2355 3600 baptismi
2383 3531 2586 3584 donum
2622 3535 2868 3596 veniunt,
2908 3534 2942 3586 ii
2980 3535 3044 3586 ad
3076 3536 3273 3588 lotoria
3309 3548 3456 3598 sunt,

1882 3623 1974 3689 qui
2022 3622 2330 3675 ministerio
2378 3637 2480 3675 suo
2518 3623 2746 3690 gratiam
2804 3625 3062 3691 prarbcnt.
3099 3625 3278 3678 Aulaeo
3330 3644 3460 3681 vero

1882 3729 2003 3782 qua:
2040 3714 2180 3768 inter
2201 3727 2260 3766 se
2291 3727 2539 3765 connexa
2577 3713 2990 3766 tabernaculum
3017 3714 3070 3766 in
3094 3715 3281 3768 orbem
3317 3733 3460 3769 corn-

1884 3803 2223 3872 plectuntur,
2261 3802 2548 3855 amabilem
2581 3803 2971 3872 parilicamque
3000 3804 3340 3858 credentium
3371 3824 3450 3860 es-

1881 3909 1942 3948 se
1968 3892 2322 3945 concordiam
2378 3907 2483 3946 non
2521 3892 2756 3947 absurde
2800 3895 3074 3963 quispiam
3111 3895 3328 3950 dixerit.
3367 3895 3458 3951 SIC

1880 3985 2026 4036 enim
2077 3981 2244 4035 David
2290 3982 2435 4035 hunc
2471 3983 2647 4035 locum
2684 3985 3005 4052 exposuisse
3049 3985 3288 4049 videtur,
3335 4002 3457 4041 cum

1880 4074 2072 4128 dicat:
2119 4075 2220 4139 Qui
2271 4074 2426 4143 ponis
2479 4076 2743 4128 terminos
2800 4085 2924 4128 tuos
2972 4092 3181 4144 pacem.
3235 4077 3456 4131 Corium

1881 4176 2012 4214 vero
2054 4175 2417 4229 purpureum,
2450 4168 2503 4213 ct
2537 4175 2666 4228 saga
2705 4177 2766 4214 cx
2803 4161 2949 4229 pilis,
2987 4162 3052 4214 ad
3087 4171 3340 4214 ornatum
3374 4169 3457 4212 ta-

1881 4253 2168 4306 bernaculi
2207 4251 2561 4321 pertinentia,
2597 4251 3012 4304 accommodate
3060 4252 3454 4321 intelligentur,

198 4347 278 4414 λιῆς
310 4351 705 4406 συντελοῦσαι.
762 4351 1107 4419 καταλλήλως
1155 4351 1220 4403 ἂν
1255 4349 1495 4419 νοηθεῖεν
1537 4349 1570 4418 ἦ
1604 4365 1662 4400 τε
1693 4349 1778 4399 νέ-

1886 4346 1932 4399 si
1967 4361 2063 4415 pro
2096 4345 2248 4398 corio
2278 4343 2628 4397 mortificatio
2660 4358 2842 4411 prome
2872 4342 2936 4394 ad
2977 4343 3313 4411 peccandum
3337 4357 3460 4394 car-

199 4454 384 4504 κρωσις
433 4443 542 4510 τῆς
599 4443 984 4512 ἁμρτητικῆς
1040 4441 1274 4513 σαρκὸς,
1331 4437 1398 4512 ἦς
1447 4443 1672 4510 αἴνιγμα
1724 4439 1783 4490 τὸ

198 4534 621 4602 πειροτνιγμὲνον
667 4535 843 4604 δέρμα
881 4534 1016 4596 ἐστὶ,
1068 4534 1164 4586 καὶ
1201 4536 1234 4602 ἡ
1263 4535 1489 4602 τραχεῖα
1540 4531 1781 4600 διαγωγὴ

197 4624 299 4669 κατ’
325 4625 701 4693 ἐγκράτειαν,
734 4619 813 4686 οἷς
852 4624 1144 4693 ὡραῖζεται
1178 4624 1409 4693 μάλιστα
1455 4624 1486 4691 ἡ
1520 4625 1617 4692 τῆς
1663 4623 1783 4674 Ἐκ-

196 4711 409 4780 rans-31;
444 4717 664 4785 σκηνή.
709 4715 788 4768 Τὰ
817 4715 924 4784 γάρ
956 4715 1199 4785 δέρματα
1229 4714 1464 4784 ζωτικὴν
1488 4716 1544 4765 ἐν
1577 4715 1784 4775 ἑαυτοῖς

194 4802 282 4851 οἰκ
331 4806 531 4871 ἔχοντα.
582 4807 818 4875 δύναμιν
862 4809 960 4876 τὴν
1011 4808 1076 4859 ἐκ
1121 4807 1354 4873 φύσεως,
1397 4808 1463 4875 τῇ
1505 4805 1656 4878 ,βαφῇ
1688 4804 1782 4857 τοῦ

197 4892 543 4964 ipa-6mm“;
576 4899 781 4968 εὐανθῆ
826 4900 1059 4966 γίνεται,
1113 4899 1249 4968 ὅπερ
1275 4897 1539 4959 διδάσκει,
1567 4897 1664 4965 τὴν
1694 4895 1782 4948 διὰ

198 4982 278 5034 τοῦ
312 4985 654 5055 Πνεύματος
700 4986 1033 5039 ἐπανθοῦσαν
1063 4986 1220 5056 χάριν
1265 4987 1340 5058 μὴ
1374 4987 1431 5038 ὲν
1465 4983 1670 5055 ἑτέροις
1699 4982 1783 5050 Ὑί·-

203 5074 394 5132 νετθαι.
422 5081 474 5130 εἰ
517 5083 599 5147 μή
637 5096 774 5139 τινες
804 5081 1027 5142 ἑαυτοὺς
1061 5083 1123 5150 τῇ
1157 5083 1404 5158 ἁμαρτίᾳ
1437 5077 1780 5150 νεκρὼσαιεν.

207 5163 331 5219 Ego}
361 5172 458 5220 καὶ
572 5171 808 5240 σώᾳρων
837 5171 996 5233 αἰδὼς
1031 5170 1133 5244 ιού]
1163 5180 1222 5250 τῇ
1271 5175 1424 5252 βαφῇ
1457 5170 1550 5225 τοῦ
1589 5169 1785 5240 ἐρυθή-

213 5271 364 5320 ματος
395 5261 504 5312 ὑπὸ
535 5260 640 5312 τοῦ
680 5261 830 5328 λόγου
859 5263 1186 5338 σημαίνεται,
1218 5276 1306 5336 ἐπὶ
1350 5268 1435 5342 τῷ
1470 5261 1786 5336 βουλομένῳ

221 5349 454 5416 malum
505 5352 612 5419 τὴν
651 5352 841 5421 κρίσιν.
884 5355 946 5405 Ἠ
988 5353 1041 5405 δὲ
1081 5358 1175 5424 τῶν
1200 5370 1415 5451 τριχῶν
1468 5351 1782 5425 συμπλοκὴν

221 5440 366 5505 τραχύ
393 5459 452 5492 τε
499 5445 598 5494 καὶ
630 5442 858 5505 sums;
897 5440 1660 5550 cnspra,“g#év'n"é5gagaapa,
1690 5444 1786 5511 τὴν

289 5616 320 5642 ⁸·
353 5619 542 5676 Matth.
586 5636 643 5683 τ,
685 5621 759 5674 ιι.
832 5620 873 5649 ⁵⁷
899 5617 913 5669 Ι
942 5617 1116 5713 δοίην
1153 5694 1226 5774 53

1891 4438 1998 4497 nis,
2038 4451 2134 4506 pro
2181 4437 2364 4505 sagis,
2395 4435 2638 4488 strictior
2674 4434 2888 4487 vivendi
2945 4450 3158 4499 norma,
3203 4443 3256 4488 ct
3301 4435 3458 4504 quasi

1889 4529 2083 4582 durior
2118 4528 2481 4594 intelligitur:
2525 4526 2611 4578 bis
2642 4526 2786 4579 enim
2823 4526 3057 4578 maxime
3093 4525 3350 4580 Ecclesizc
3386 4537 3463 4578 ta-

1889 4621 2246 4673 bernaculum
2280 4625 2596 4671 exornatur.
2633 4615 2793 4669 Curia
2825 4615 2968 4668 enim
3004 4631 3126 4669 cum
3159 4616 3363 4668 nullam
3405 4615 3460 4670 in

1886 4725 1945 4763 se
1977 4709 2188 4761 vivendi
2225 4710 2477 4759 virtutem
2511 4721 2538 4756 a
2587 4713 2786 4758 natura
2818 4703 3112 4766 retineant,
3155 4705 3340 4758 colore
3372 4720 3456 4759 ru-

1892 4801 2107 4855 bmlinis
2159 4797 2350 4851 ﬂorere
2390 4798 2640 4850 videntur
2688 4815 2700 4850 :
2750 4795 2894 4865 quod
2927 4795 3166 4850 ostendit
3214 4794 3461 4850 ﬂoridam

1906 4886 2142 4957 Spiritus
2159 4888 2387 4958 gratiam
2415 4905 2523 4941 non
2554 4888 2800 4942 habitare
2837 4888 2888 4940 in
2929 4887 3166 4951 homine,
3207 4887 3308 4941 nisi
3346 4887 3462 4956 pri-

1891 4995 1979 5032 mo
2027 4981 2232 5048 peccati
2267 4979 2370 5030 vim
2420 4978 2472 5031 in
2523 4980 2704 5047 seipso
2751 4979 3181 5033 mortiﬁcaverit.
3238 4976 3292 5030 Si
3330 4993 3462 5032 vero

1890 5070 2148 5138 pudorem
2193 5071 2355 5122 etiam
2394 5068 2698 5123 modestum
2733 5068 2936 5123 coloris
2988 5068 3252 5123 rubedine
3291 5067 3462 5136 signi-

1889 5163 2037 5215 ticari
2087 5161 2356 5229 quispiam
2407 5161 2722 5222 contendat,
2771 5176 2878 5214 non
2927 5172 3076 5215 certe.
3129 5160 3458 5215 reluctabor.

1888 5253 2128 5306 Pilorum
2155 5264 2334 5306 autem
2380 5253 2652 5306 intricatiu
2683 5267 2934 5322 asperam
2983 5253 3149 5306 lactni
3184 5259 3458 5306 texturam

1886 5347 2150 5407 cilicicns.
2196 5361 2444 5414 asperam
2499 5353 2552 5398 et
2589 5345 2902 5412 passionum
2951 5345 3108 5398 nobis
3169 5344 3455 5397 insitarqu

1889 5440 2231 5494 domitricem
2281 5439 2673 5492 continentiam
2718 5437 3046 5491 subiudicat.
3100 5436 3230 5499 Qua:
3276 5447 3457 5486 oniima

1348 5654 1402 5694 ,ε
1437 5638 1461 5697 ι
1494 5615 1754 5689 'fimoth.

1894 5614 1976 5666 l5.
2053 5611 2098 5644 ⁶⁹
2125 5612 2265 5667 Psal.
2300 5627 2406 5674 xiv,
2441 5611 2494 5664 θ.
2558 5611 2600 5641 ⁶⁰
2625 5608 2755 5662 Luc.
2793 5623 2875 5672 Ill,
2906 5608 2957 5662 5.
3037 5606 3076 5637 ⁶¹
3107 5607 3231 5660 Act.
3258 5622 3316 5671 ιι,
3368 5605 3456 5658 Η.

3947 653 3955 889 1

3949 898 3955 1058 1

3950 128 3953 195 1

3950 225 3954 291 1

3950 308 3953 375 1

3950 484 3953 543 1

3950 570 3953 627 1

3950 654 3953 711 1

3950 736 3954 807 1

3950 818 3954 1086 1

3954 1591 3959 1657 1

3955 1680 3959 1741 1

3955 1752 3957 1784 1

3955 1793 3959 1823 1

3957 1868 3961 1919 1

3957 1938 3963 2087 1

3959 2112 3963 2171 1

3960 2183 3963 2255 1

3961 2288 3965 2380 1

3963 2396 3965 2433 Ι

3963 2462 3965 2492 l

3965 2568 3967 2601 |

3965 2632 3967 2666 1

3967 2818 3969 2850 l

3969 2992 3971 3031 |

3969 3064 3971 3096 1

3970 3318 3974 3451 1

3971 3460 3973 3499 |
