4054 6436
501 284 606 342 581

1731 278 1786 332 S.
1829 277 2158 333 GREGORII
2191 277 2479 334 NYSSENI

3656 281 3761 336 5'88

499 399 576 450 ita
605 410 666 451 se
696 394 898 448 habere
935 391 1226 446 conﬁrmat
1263 405 1452 445 eorum
1485 390 1618 453 vita,
1658 390 1751 459 qui
1791 391 1844 444 in
1880 405 2068 460 perpe-

2176 391 2435 458 τραχεῖαν
2455 388 2661 460 ταύτην
2682 389 2773 441 καὶ
2793 387 3168 460 δαπανητικὴν
3196 390 3304 442 τῶν
3326 390 3762 462 καθομιλούντων

499 501 590 540 tua
629 484 836 553 degunt
866 484 1196 554 virginitate,
1228 498 1349 552 qua:
1394 497 1614 537 carnem
1664 483 1736 535 ita
1777 482 2070 536 viventium

498 578 753 648 castigat.
791 576 921 644 Quae
953 591 1082 632 vero
1121 576 1268 629 intus
1311 583 1487 638 erant,
1514 573 1711 629 Sancta
1759 579 2073 628 sanctorum

501 668 953 731 nominabantur,
988 667 1055 721 ad
1083 681 1205 735 qua:
1231 662 1519 718 multitudo
1540 664 1820 732 pervenire
1847 678 1954 716 non
1979 679 2077 732 po-

495 767 659 822 terat,
697 759 811 813 baec
841 773 1022 813 rerum
1070 756 1348 811 veritatem
1391 754 1721 825 signiﬁcant.
1776 751 2071 808 Veritatem

498 851 639 904 hanc
671 850 914 921 mysterii
936 849 1110 904 nostri
1133 848 1257 902 dico
1287 861 1399 900 rem
1433 855 1701 910 sanctam,
1735 853 1788 900 et
1818 853 2069 900 sanctum

496 950 836 1005 sanctorum,
869 949 923 995 et
951 941 1136 995 multis
1162 937 1786 1010 incomprehensibilem.
1821 935 1946 991 Hac
1975 952 2071 992 ve-

501 1028 634 1082 ritas
661 1029 716 1082 in
743 1028 922 1099 adytis
966 1027 1308 1082 tabernaculi
1353 1026 1674 1089 constituta,
1727 1025 1934 1095 absque
1973 1040 2074 1080 cu-

497 1119 745 1174 riositate
793 1119 976 1188 aliqua
1026 1118 1254 1189 intelligi
1291 1133 1356 1173 ac
1392 1117 1561 1186 recipi
1607 1116 1788 1171 debet.
1829 1115 2074 1171 Creden-

493 1209 626 1264 dum
655 1201 800 1265 enim
845 1217 950 1277 est,
984 1209 1058 1264 ita
1097 1224 1220 1265 esse
1253 1220 1310 1263 ut
1355 1207 1599 1263 Ecclesia
1650 1207 1925 1278 praedicat,
1961 1221 2066 1263 non

493 1309 676 1356 tamen
719 1302 896 1356 oculis
938 1300 1182 1354 omnium
1233 1300 1382 1354 cerni
1418 1314 1599 1369 posse.
1647 1298 1743 1353 sed
1784 1297 1840 1352 in
1875 1299 2074 1353 mentis

497 1394 672 1463 ipsius
694 1391 1070 1464 penetralibus
1100 1389 1516 1445 indubitabilem
1544 1388 1829 1444 veritatem
1857 1400 2069 1456 perma-

493 1501 643 1541 nere.

2182 478 2372 533 παθῶν
2436 479 2764 549 ἐγκράτειαν
2819 479 3232 533 ὑπαινίσσεται·
3291 481 3361 535 τά
3411 482 3470 534 δὲ
3536 485 3762 540 τοιαῦτα

2181 568 2359 622 πάντα
2382 567 2653 621 δείκνυσιν
2693 569 2780 638 ἐφ’
2813 570 3014 640 ἑαυτῆς
3058 570 3090 640 η
3145 571 3203 621 ὲν
3250 560 3694 644 παρθενίαζωὴ,
3728 577 3763 644 ἡ

2179 656 2278 726 τὴν
2311 657 2489 728 σάρκα
2515 656 2624 709 τῶν
2656 654 2800 710 οὕτω
2828 657 3086 726 βιούντων
3115 659 3500 724 ὐποπιέζουσα.
3545 662 3608 714 Εἰ
3628 661 3684 714 δὲ
3703 664 3765 716 τὸ

2179 747 2345 814 ἕρδον,
2369 749 2502 820 ὅπερ
2523 747 2706 815 Ἀγιον
2731 749 2901 816 ἁγίων
2934 749 3167 817 λέγεται,
3205 751 3318 812 τοῖς
3365 750 3575 814 πολλοῖς
3616 752 3766 806 ἐστιν

2178 839 2526 908 ἀνεπίϐατον,
2557 839 2692 911 μηδὲ·⁹
2744 840 2900 893 τοῦτο
2938 840 3163 911 ἀπᾴδειν
3187 842 3287 910 τῆς
3306 840 3415 894 τῶν
3458 841 3764 913 νοηθέντων

2176 930 2499 991 ἀκολουθίας
2533 930 2861 1000 νομίσωμεν.
2891 929 3138 1001 Ἀληθῶς
3167 929 3276 1002 γὰρ
3309 931 3466 998 ἅγιόν
3493 949 3546 985 τι
3571 933 3766 1004 χρῆμά

2179 1024 2316 1088 ἐστι,
2356 1024 2449 1076 καὶ
2476 1023 2648 1090 ἁγίων
2683 1022 2859 1092 ἀγιον,
2890 1024 2983 1076 καὶ
3025 1025 3140 1086 τοῖς
3176 1022 3391 1087 πολλοῖς
3432 1023 3670 1095 ἄληπτόν
3699 1041 3764 1079 τι

2178 1115 2273 1168 καὶ
2322 1115 2636 1185 ἀπρόσιτον,
2687 1117 2721 1186 η
2771 1114 2881 1167 τῶν
2931 1113 3100 1167 ὄντων
3146 1113 3391 1186 ἀλήθεια,
3433 1109 3503 1186 ἦς
3547 1117 3604 1170 ὲν
3649 1119 3766 1180 τοῖς

2179 1206 2396 1270 ἀδύτοις
2420 1224 2479 1259 τε
2507 1207 2600 1258 καὶ
2629 1205 2960 1278 ἀπορρήτοις
2981 1207 3081 1276 τῆς
3106 1205 3202 1258 τοῦ
3231 1206 3530 1278 μυστηρίου
3557 1210 3764 1278 σκηνῆς

2181 1297 2621 1368 καθιδρυμένης,
2673 1296 3240 1367 ἀπολυπραγμόνητον
3304 1293 3441 1350 εἶναι
3494 1297 3600 1370 χρὴ
3649 1299 3763 1352 τῶν

2179 1390 2318 1461 ὑπὲρ
2349 1388 2656 1460 κατάληψιν
2684 1389 2854 1442 ὄντων
2881 1388 2979 1459 τὴν
3007 1388 3334 1458 κατανόησιν
3356 1405 3372 1420 ⁸
3406 1390 3762 1455 πιστεύοντας

2176 1479 2314 1535 εἶναι
2376 1481 2474 1552 μὲν
2525 1481 2586 1534 τὸ
2623 1480 2975 1552 ζητούμενον,
3027 1481 3089 1533 ού
3142 1481 3248 1552 μὴν
3298 1483 3412 1544 τοῖς
3463 1481 3763 1553 ὀφθαλμοῖς

2178 1573 2395 1626 πάντων
2421 1571 2762 1642 προκεῖσθαι,
2789 1571 2902 1626 ἀλλ’
2936 1574 2994 1627 ὲν
3018 1575 3131 1637 τοῖς
3157 1571 3374 1635 ἀδύτοις
3399 1573 3499 1643 τῆς
3523 1572 3764 1638 διανοίας

2180 1661 2362 1732 μένειν
2396 1661 2728 1733 ἀπόρρητον.

563 1756 688 1810 llaec
719 1755 933 1826 aliaque
966 1754 1132 1824 hujus
1189 1752 1528 1810 tabernaculi
1559 1751 1771 1807 visione
1808 1749 1878 1804 ab
1923 1748 2068 1804 omni

2185 1730 2192 1732 ⁷
2251 1751 2437 1806 Ταῦτα
2463 1730 2522 1806 δέ
2549 1730 2646 1806 καὶ
2673 1752 2744 1806 τά
2768 1751 2993 1806 τοιαῦτα
3029 1751 3338 1816 παιδευθεὶς
3359 1752 3448 1807 διὰ
3486 1755 3582 1824 τῆς
3616 1745 3761 1808 κατά

491 1850 657 1905 sorde
689 1849 982 1902 mundatus
1004 1848 1197 1902 oculus
1229 1846 1320 1900 ille
1351 1846 1548 1900 mentis
1578 1841 1832 1898 Mosaiea:
1851 1842 2069 1905 doctus,

487 1941 906 2009 visionibusque
929 1940 1018 1994 his
1038 1939 1204 1993 altius
1218 1937 1488 2002 elevatus,
1513 1950 1705 1989 rursus
1721 1932 1788 1987 ad
1812 1948 2072 1988 cacumen

488 2034 715 2088 alterius
761 2030 975 2086 scandit
1029 2029 1443 2098 speculationis,
1511 2024 1909 2080 sacerdotalem
1945 2040 2070 2093 per-

487 2125 710 2180 discens
745 2124 1025 2184 vestitum,
1078 2121 1133 2174 in
1163 2135 1271 2189 quo
1299 2126 1383 2173 est
1433 2117 1697 2172 subucula
1725 2124 1780 2170 et
1822 2117 2072 2184 superior

488 2217 695 2278 tunica,
714 2225 766 2270 et
791 2214 1084 2284 peetorale,
1113 2211 1255 2281 quod
1281 2209 1446 2265 variis
1469 2224 1531 2262 ac
1560 2207 1794 2262 diversis
1830 2206 2069 2276 lapidum

489 2306 792 2377 fulguribus
837 2303 1240 2374 resplendebat,
1292 2301 1421 2353 vitta
1463 2298 1672 2353 circum
1723 2304 1908 2367 caput,
1945 2311 2069 2351 cum

488 2399 690 2452 lamina
710 2414 875 2467 super
891 2412 1034 2461 eam,
1065 2394 1476 2463 l‘eminaliaque,
1502 2397 1556 2444 et
1587 2405 1743 2460 poma
1776 2408 1789 2444 :
1821 2399 1876 2444 et
1903 2404 2070 2458 supra

486 2489 603 2543 haec
633 2488 817 2542 omnia
861 2487 1146 2550 rationale,
1184 2499 1249 2538 ac
1287 2483 1409 2552 ejus
1453 2479 1744 2549 judicium,
1779 2487 1834 2534 et
1861 2494 1982 2549 qua:
2016 2479 2070 2532 in

488 2582 734 2646 utiisque
773 2577 1058 2645 inspithur
1105 2576 1306 2628 veritas
1362 2571 1428 2635 ",
1479 2579 1532 2622 et
1567 2569 1761 2623 horum
1816 2570 2072 2638 utrinque

485 2667 807 2723 connective
855 2667 1324 2737 superhumeralia
1381 2664 1816 2734 patriarcharum
1871 2662 2071 2716 inscul-

485 2767 578 2830 pta
591 2758 926 2823 nominibus,
953 2773 1185 2828 quorum
1211 2759 1454 2812 omnium
1480 2756 1702 2812 nomina
1720 2752 2070 2809 multitudine

484 2851 603 2921 ipsa
630 2850 948 2914 ostendunt,
995 2866 1104 2903 non
1129 2850 1410 2904 sensualia
1435 2849 1686 2919 quaedam
1717 2845 2012 2916 signiﬁcari
2050 2863 2065 2899 :

484 2943 685 3014 quibus
713 2943 859 2997 enim
889 2942 1136 3011 corporis
1182 2942 1424 2996 vestibus
1471 2942 1589 2994 haec
1630 2939 1876 3000 nomina,
1926 2935 2071 3006 judi-

2171 1841 2272 1913 τὴν
2305 1841 2510 1913 σκηνὴν
2555 1843 2842 1907 ὀπτασίας,
2882 1845 2911 1897 ὁ
2954 1841 3364 1913 κεκαθαρμένος
3415 1844 3620 1908 ἐκεῖνος
3661 1845 3761 1912 ὀφ-

2175 1934 2378 2006 θαλμὸς
2427 1935 2525 2005 τῆς
2571 1935 2850 1999 Μωῦσέως
2899 1934 3115 2006 ἐκείνης
3161 1933 3360 2007 ψυχῆς,
3403 1937 3498 1990 καὶ
3530 1937 3617 1990 διὰ
3647 1936 3760 1990 τῶν

2172 2026 2426 2079 τοιούτων
2475 2025 2712 2095 ὑψωθεὶς
2762 2027 3068 2096 θεαμάτων,
3112 2027 3276 2081 πάλιν
3328 2027 3465 2098 πρὸς
3513 2029 3762 2098 κορυφὴν

2173 2119 2347 2172 ἄλλων
2395 2119 2682 2188 νοημάτων
2735 2118 3147 2182 ἀναϐιϐάζεται,
3183 2118 3274 2173 τὸν
3323 2119 3611 2190 στολισμὸν
3655 2123 3762 2192 τῆς

2176 2211 2472 2282 ἱερωσύνης
2503 2211 2989 2282 ὲκπαιδευόμενοςο
3044 2213 3102 2264 ὲν
3135 2205 3213 2274 οἷς
3249 2212 3397 2264 ἐστιν
3439 2213 3467 2264 ὃ
3514 2229 3574 2264 τε
3621 2213 3759 2264 ὑπο·

2171 2303 2355 2374 δύτης,
2407 2305 2502 2356 καὶ
2550 2306 2579 2358 ὁ
2623 2303 2937 2374 ὲπενδύτης,
2969 2303 3063 2357 καὶ
3099 2303 3161 2356 τὸ
3206 2303 3535 2374 προστήθιον
3577 2305 3756 2358 ἐκεῖνο

2172 2397 2291 2458 ταῖς
2338 2395 2611 2459 ποικίλαις
2657 2395 2768 2449 τῶν
2806 2395 2970 2449 λίθων
3007 2395 3223 2463 αῐγλαις
3255 2395 3758 2466 περιλαμπόμενον,

2173 2487 2266 2538 καὶ
2308 2488 2342 2558 ὴ
2379 2488 2508 2557 περὶ
2549 2486 2647 2558 τὴν
2685 2486 2927 2558 κεφαλὴν
2959 2486 3159 2550 ταινία,
3211 2486 3396 2539 καὶτὸ
3447 2488 3531 2539 ἐπ’
3587 2487 3761 2557 αὐτῆς

2173 2578 2422 2642 πέταλον,
2470 2581 2502 2650 ἡ
2533 2578 2870 2650 περισκελὶς,
2907 2579 2957 2630 οί
2995 2579 3220 2649 ῥοΐσκοι,
3263 2579 3311 2630 οἱ
3351 2576 3615 2642 κώδωνες,
3637 2571 3762 2631 εἶτα

2173 2669 2432 2740 ὑπεράνω
2494 2669 2735 2732 πάντων,
2765 2669 2827 2721 τὸ
2875 2668 3055 2736 λόγιόν
3091 2685 3150 2721 τε
3177 2669 3267 2722 καὶ
3311 2671 3345 2736 ἠ
3377 2668 3626 2738 δήλωσις,
3660 2669 3760 2721 καὶ

2172 2762 2205 2830 ἡ
2236 2762 2322 2813 ἐπ’
2357 2762 2561 2832 ἀμφοῖν
2590 2760 2939 2832 θεωρουμένη
2980 2760 3226 2831 ἀλήθεια,
3263 2759 3323 2814 αἶ
3355 2775 3415 2812 τε
3444 2760 3758 2813 συνδετικαὶ

2169 2851 2374 2905 τούτων
2415 2852 2755 2922 ἑκατέρωθεν
2797 2851 3088 2922 ὲπωμίδες,
3120 2851 3596 2922 ὲγκεκολαμμέναι
3645 2853 3759 2905 τῶν

2171 2960 2372 3013 πατρια
2383 2943 2526 3014 ρχῶν
2552 2943 2619 2996 τά
2652 2942 2892 3012 ὀνόματα
2912 2957 2926 2970 '
2968 2936 3044 2995 ὧν
3077 2943 3441 3013 ὑποτέμνεται
3466 2942 3526 2994 τὸ
3556 2942 3761 3012 πλῆθος

484 3034 658 3099 cium,
696 3033 986 3097 rationale,
1022 3032 1226 3086 veritas
1280 3028 1657 3085 conveniunt?
1707 3027 1888 3094 Quare
1916 3035 2064 3097 patet

2173 3037 2268 3106 τῆς
2301 3035 2420 3088 καθ’
2453 3035 2682 3088 ἕκαστον
2724 3033 2984 3105 ἀκριϐοῦς
3006 3033 3258 3105 θεωρίας,
3289 3034 3431 3088 αύτά
3461 3037 3560 3105 τῆς
3594 3052 3757 3106 περι-

483 3139 596 3178 non
623 3123 745 3192 ejus
796 3121 1077 3178 sensibilis
1122 3120 1360 3176 amictus
1389 3120 1567 3190 gratia
1601 3118 1885 3173 historiam
1944 3132 2068 3173 esse

483 3215 844 3284 descriptam,
902 3213 998 3267 sed
1055 3220 1116 3265 ut
1163 3211 1306 3266 alius
1328 3209 1550 3281 quidatn
1594 3217 1824 3265 ornatus
1875 3209 2070 3263 animae

483 3307 754 3362 virtuosis
776 3307 1037 3375 operibus
1072 3304 1416 3360 ostendatur.
1458 3301 1592 3356 Nam
1621 3301 1750 3372 quid
1778 3301 1882 3356 sibi
1919 3301 2069 3355 aliud

483 3400 778 3448 voluerunt
810 3395 924 3448 haec
963 3393 1185 3448 nomina
1215 3393 1321 3446 tria
1371 3393 1479 3447 illis
1507 3407 1535 3446 a
1572 3391 1757 3463 Moyse
1792 3391 2067 3462 imposita,

481 3486 773 3557 judicium,
825 3487 1113 3550 rationale,
1153 3485 1381 3540 veritas?
1430 3492 1523 3538 aut
1550 3484 1639 3538 cui
1669 3498 1908 3553 unquam
1943 3498 2068 3538 cor-

485 3578 660 3648 porali
684 3578 818 3632 vesti
854 3578 969 3631 haec
997 3578 1168 3631 indita
1203 3576 1464 3631 fuerunt?
1487 3576 1618 3630 nulli
1652 3575 1933 3646 profecto:
1971 3591 2069 3630 nec

483 3669 628 3722 enim
666 3669 1020 3732 conveniunt,
1065 3667 1158 3723 sed
1192 3669 1412 3722 nomina
1456 3667 1572 3736 ipsa
1599 3667 1728 3736 quid
1755 3669 2070 3736 prazﬁgura-

485 3758 681 3822 verint,
698 3759 973 3828 aperiunt,
995 3765 1049 3813 et
1074 3757 1313 3814 laborem
1337 3757 1704 3827 expositionis
1727 3756 2065 3810 diminuunt.

486 3849 793 3920 llyacintho
821 3859 906 3906 est
965 3850 1155 3905 talaris
1204 3850 1376 3905 vestis
1409 3849 1600 3911 tincta,
1632 3864 1739 3918 qua
1775 3849 1867 3919 qui
1921 3848 2070 3902 hunc

485 3943 666 3996 locum
697 3951 824 3998 ante
849 3957 948 3997 nos
978 3944 1242 4013 speculati
1273 3951 1422 4005 sunt,
1441 3957 1567 3997 aera
1595 3941 1891 4012 signiﬁcari
1925 3941 2069 3995 al'ﬁr-

483 4041 660 4086 mant.
701 4031 813 4102 Ego
839 4040 1022 4086 autem
1057 4045 1235 4086 utrum
1270 4033 1463 4086 habeat
1489 4032 1556 4086 ad
1581 4048 1802 4086 aereum
1825 4033 2064 4086 colorem

485 4121 586 4178 llos
649 4123 1042 4194 hyacinthinus
1073 4122 1411 4186 aliinitatem,
1454 4139 1524 4177 an
1573 4138 1708 4188 non,
1749 4124 1876 4177 nolo
1937 4137 2070 4177 con-

485 4213 730 4270 tendere.
791 4214 1080 4268 Rationem
1139 4229 1272 4269 vero
1321 4215 1463 4269 hanc
1513 4230 1625 4268 non
1693 4214 1904 4284 rejicio,
1958 4228 2067 4267 non

485 4308 630 4361 enim
666 4321 859 4378 parum
891 4307 956 4362 ad
997 4309 1254 4362 virtutem
1287 4307 1595 4361 conducere
1648 4306 1863 4361 videtur
1893 4325 1906 4358 :
1936 4306 2068 4359 hor-

2170 3126 2334 3199 ϐολῆς
2359 3127 2427 3180 τά
2477 3126 2738 3196 ὀνόματα.
2783 3126 2940 3178 Ποῖον
2985 3125 3096 3196 γὰρ
3132 3125 3457 3195 σωματικῶν
3512 3125 3760 3195 ἐσθημά.

2169 3234 2278 3270 των
2323 3216 2512 3286 ὄνομα,
2561 3215 2812 3286 δήλωσις,
2853 3215 2886 3286 ἢ
2920 3213 3119 3282 λόγιον,
3155 3214 3188 3285 ἤ
3227 3215 3492 3286 ἀλήθεια;
3531 3211 3566 3287 ἦ
3600 3215 3760 3286 δηλο-

2170 3307 2284 3360 νότι
2354 3307 2625 3361 δείκνυται
2697 3306 2785 3358 διὰ
2863 3305 3086 3372 τούτων,
3139 3305 3200 3359 τὸ
3269 3306 3344 3377 μὴ
3401 3307 3602 3378 ταύτην
3657 3310 3763 3380 τὴν

2170 3395 2432 3467 αἰσθητὴν
2500 3394 2786 3466 περιϐολὴν
2837 3394 2924 3449 διὰ
2991 3399 3091 3466 τῆς
3155 3395 3394 3466 ἱστορίας
3453 3397 3581 3467 ἡμῖν
3621 3396 3759 3450 ὑπο-

2171 3487 2498 3558 γράφεσθαι,
2545 3487 2680 3541 ἀλλά
2728 3503 2851 3540 τινα
2885 3486 3088 3556 κόσμον
3115 3485 3314 3558 ψυχῆς,
3366 3485 3454 3540 διὰ
3481 3485 3591 3540 τῶν
3632 3487 3758 3539 κατ’

2170 3578 2372 3650 ἀρετὴν
2440 3578 2884 3649 ἐπιτηδευμάτων
2959 3577 3397 3648 ἐξυφαινόμενον.
3476 3578 3762 3642 Ὑάκινθός

2172 3674 2319 3725 ἐστιν
2348 3673 2381 3741 ἡ
2414 3671 2507 3724 τοῦ
2539 3671 2809 3742 ποδὴρους
2841 3669 2984 3741 βαφή
3010 3685 3024 3700 °
3063 3670 3195 3740 φασὶ
3222 3670 3280 3724 δέ
3323 3687 3470 3732 τινες
3497 3669 3604 3722 τῶν
3647 3670 3763 3738 πρὸ

2171 3761 2326 3832 ἡμῶν
2352 3761 2774 3833 τεθεωρηκότων
2799 3761 2890 3812 τὸν
2916 3759 3094 3827 λόγον,
3122 3759 3213 3812 τὸν
3233 3760 3370 3830 ἀέρα
3395 3756 3762 3829 σημαίνεσθαι

2170 3856 2237 3924 τῇ
2284 3852 2448 3924 βαφῇ.
2493 3852 2634 3922 Ἐγὼ
2660 3853 2720 3914 ⁹δὲ
2757 3855 2804 3905 εί
2834 3852 2932 3922 μέν
2959 3869 3011 3904 τι
3041 3850 3101 3904 τὸ
3127 3850 3367 3904 τοιοῦτον
3405 3848 3499 3902 τοῦ
3534 3847 3762 3919 χρώμα-

2170 3961 2262 4006 τος
2307 3943 2466 4006 ἄνθος
2511 3943 2648 4014 πρὸς
2694 3942 2756 3996 τὸ
2809 3941 2993 4012 ἀέριον
3042 3939 3242 4011 χρῶμα
3288 3939 3565 4008 συγγενῶς
3614 3938 3757 4008 ἔχει,

2172 4033 2415 4105 ἀκριϐῶς
2440 4035 2538 4086 οὐκ
2567 4033 2674 4103 ἔχω
2711 4031 3156 4103 διῖσχυρίζεσθαι.
3208 4030 3309 4084 Τὸν
3357 4031 3452 4101 μέν
3483 4047 3564 4082 τοι
3595 4029 3758 4096 λόγον

2170 4124 2273 4176 οὐκ
2312 4122 2599 4176 ἀποϐάλλω
2623 4138 2637 4151 ⁸
2675 4123 2940 4176 συντείνει
2969 4121 3078 4192 γὰρ
3107 4121 3242 4193 πρὸς
3267 4121 3364 4192 τὴν
3403 4122 3523 4174 κατ’
3551 4121 3760 4192 ἀρετὴν

2173 4215 2404 4285 θεωρίαν
2451 4213 2647 4284 νόημα,
2685 4215 2768 4267 ὅτι
2811 4214 3079 4284 βούλεται,
3111 4213 3200 4268 τὸν
3233 4214 3492 4284 μέλλοντα
3514 4213 3593 4284 τῷ
3631 4213 3760 4284 Θεῷ

2178 4307 2448 4379 ἱερᾶσθαι,
2480 4307 2574 4360 καὶ
2602 4306 2662 4360 τὸ
2693 4306 2887 4360 ἑαυτοῦ
2931 4306 3226 4378 προσάγειν
3255 4305 3412 4376 σῶμα
3445 4309 3509 4377 τῇ
3542 4308 3749 4377 ἱερουρο

487 4405 634 4452 tatur
661 4399 806 4453 enim
837 4399 941 4454 hoc
956 4400 1243 4469 aenigmate
1281 4414 1521 4460 omnem,
1550 4399 1644 4469 qui
1683 4397 1779 4454 Dei
1807 4398 2067 4453 sacerdos

2173 4399 2268 4470 γίᾳ
2328 4400 2423 4453 καὶ
2461 4399 2689 4466 σφάγιον
2743 4396 2979 4466 γίνεσθαι
3040 4398 3116 4469 μὴ
3163 4396 3628 4468 νεκρούμενον,ὲν
3684 4401 3756 4468 τῇ

485 4486 622 4540 tium
673 4503 954 4542 assumere
1006 4487 1210 4553 studet,
1262 4490 1503 4559 seipsum
1569 4504 1632 4542 ac
1661 4503 1860 4558 corpus
1901 4503 2063 4544 suum

388 4645 394 4650 Ι
483 4574 598 4631 Deo
659 4576 856 4632 oﬁerre
910 4579 1165 4643 hostiam,
1197 4594 1303 4633 non
1334 4587 1644 4644 enecatum,
1700 4589 1796 4636 aut
1837 4591 2064 4647 caesum,

486 4670 699 4737 tvivum
740 4668 886 4723 enim
923 4670 1023 4724 hoc
1077 4670 1431 4734 sacriﬁcium,
1464 4671 1860 4742 rationalisquc
1883 4673 2066 4726 cultus

485 4761 575 4815 hic
624 4759 730 4828 est)
759 4775 860 4814 nec
898 4761 1082 4828 pingui
1121 4761 1354 4828 quodam
1387 4776 1450 4814 ac
1480 4777 1717 4818 carnoso
1753 4763 1916 4832 hujus
1946 4761 2069 4816 vita:

485 4857 712 4910 amictu,
730 4849 824 4903 sed
846 4850 1182 4909 tenue,sicut
1203 4851 1361 4903 telam
1382 4864 1598 4904 aranea:
1625 4853 1830 4908 munda
1849 4853 2068 4906 vivendi

485 4941 701 4993 ratione
727 4940 1058 5004 conlectum,
1089 4948 1149 4993 ut
1175 4940 1389 4994 vivendi
1430 4941 1694 4999 tenuitate
1738 4943 1874 5006 leve,
1902 4950 2068 5012 atque

484 5046 706 5085 aereum
735 5029 961 5094 factum,
1014 5047 1234 5086 sursum
1272 5048 1436 5102 posse
1491 5033 1620 5088 ferri
1651 5035 1919 5090 videatur.
1955 5035 2068 5090 Hoc

483 5124 630 5177 enim
669 5123 831 5177 modo
848 5139 972 5177 cum
998 5124 1352 5179 novissimam
1389 5126 1572 5180 tubam
1590 5126 1738 5180 illam
1756 5126 2038 5182 audiemu.

485 5217 630 5270 omni
669 5230 836 5272 onere
865 5217 1102 5281 liberati,
1144 5219 1293 5275 leves
1323 5221 1389 5275 ad
1418 5220 1664 5290 jubentis
1694 5235 1882 5276 vocem
1917 5221 2065 5276 exsi-

487 5305 685 5360 liemns
714 5323 727 5360 :
754 5321 856 5361 nec
882 5307 1122 5375 pondere
1151 5308 1262 5362 ullo
1317 5309 1383 5364 ad
1419 5316 1624 5364 terram
1669 5309 2062 5380 deprimemnr,

489 5396 583 5454 sed
609 5411 734 5451 cum
787 5395 1017 5452 Domino
1065 5413 1162 5468 per
1195 5414 1320 5455 aera
1354 5401 1616 5456 sublimes
1658 5397 1915 5456 feremur.
1959 5398 2063 5466 Qui

485 5501 640 5558 ergo,
679 5497 735 5542 ut
791 5489 1079 5545 Psalmista
1112 5491 1267 5559 dicit,
1312 5492 1470 5564 quasi
1521 5507 1777 5550 araneam
1823 5493 2062 5548 animam

457 5687 465 5694 ·
567 5667 610 5700 “
632 5670 797 5726 Exod.
822 5687 1011 5739 xxviii,
1045 5671 1131 5726 30.

2171 4489 2319 4561 ζώσῃ
2353 4489 2513 4560 θυσίᾳ
2553 4490 2646 4542 καὶ
2677 4489 2863 4561 λογικῇ
2902 4489 3149 4559 λατρεία,
3183 4487 3256 4558 μὴ
3280 4487 3480 4557 παχείᾳ
3513 4488 3619 4540 τινὶ
3654 4490 3759 4542 καὶ

2170 4582 2499 4654 πολυσάρκῳ
2513 4581 2603 4635 τοῦ
2622 4581 2738 4651 βίου
2753 4580 3008 4652 περιϐολῇ
3024 4581 3422 4634 καταϐλάπτειν
3433 4581 3530 4650 τὴν
3547 4580 3755 4652 ψυχὴν,

2169 4674 2283 4727 ἀλλ’
2316 4674 2710 4728 ἀπολεπτύνειν
2740 4667 2850 4726 οἷόν
2877 4689 2929 4725 τι
2959 4673 3216 4741 ἀράχνιον
3245 4673 3393 4742 νῆμα
3420 4675 3485 4742 τῇ
3517 4672 3756 4742 καθαρό-

2169 4781 2294 4834 τητι
2318 4764 2418 4833 τῆς
2439 4765 2584 4834 ζωῆς
2613 4765 2788 4818 πάντα
2818 4764 2884 4817 τά
2919 4763 3012 4816 τοῦ
3041 4763 3156 4832 βίου
3200 4763 3622 4833 ἐπιτηδεύματα,
3653 4767 3756 4818 καὶ

2172 4856 2338 4924 ἐγγὺς
2356 4851 2493 4908 εἶναι
2523 4855 2662 4925 πρὸς
2682 4855 2742 4906 τὸ
2759 4853 3039 4924 ἀνωφερὲς
3070 4871 3130 4907 τε
3178 4855 3273 4907 καὶ
3305 4855 3505 4922 κοῦφον
3546 4853 3640 4906 καὶ
3675 4855 3759 4906 ὲν-

2171 4943 2495 5017 αέριον,”τὴν
2525 4943 2828 5015 σωματώδη
2858 4945 3061 5015 ταύτην
3085 4944 3245 5014 φύσιν
3270 4944 3599 5016 μετακλάσαι
3617 4961 3632 4976 ·
3663 4945 3759 5000 ἵνα

2167 5037 2296 5090 ὅταν
2326 5036 2424 5104 τῆς
2463 5037 2698 5106 ἐσχάτης
2734 5035 3057 5106 ἀκούσωμεν
3088 5035 3401 5106 σάλπιγγος,
3424 5037 3642 5108 ἀϐαρεῖς
3687 5055 3758 5092 τε

2170 5128 2265 5180 καὶ
2287 5125 2477 5195 κοῦφοι
2496 5126 2631 5198 πρὸς
2649 5125 2748 5196 τὴν
2768 5126 2951 5195 φωνὴν
2966 5125 3059 5178 τοῦ
3078 5125 3389 5191 κελεύοντος
3413 5126 3755 5198 εὑρεθέντες,

2171 5217 2450 5288 μετάρσιοι
2496 5216 2565 5271 δι’
2598 5216 2761 5286 ἀέρος
2807 5215 2924 5287 ἅμα
2967 5215 3045 5287 τῷ
3079 5217 3266 5288 Κυρίῳ
3304 5217 3614 5289 φερώμεθα,
3642 5219 3756 5274 ὑπὸ

2172 5311 2398 5382 μηδενὸς
2431 5310 2632 5382 βάρους
2657 5311 2751 5364 ἐπὶ
2789 5312 2888 5381 τὴν
2913 5311 3017 5381 γῆν
3051 5298 3452 5382 καθελκόμενοι.
3487 5310 3700 5363 Οὐκοῦν
3725 5315 3758 5366 ὁ

2169 5401 2312 5454 κατά
2359 5398 2457 5470 τὴν
2506 5394 2602 5452 τοῦ
2637 5396 2946 5468 Ψαλμῳδοῦ
2997 5397 3317 5468 ὑποθήκην,
3387 5395 3619 5466 ὲκτήξας
3673 5396 3758 5461 ὼς

2169 5490 2411 5562 ἀράχνην
2449 5488 2548 5560 τὴν
2565 5487 2788 5547 ,ἑαυτοῦ
2816 5487 3014 5560 ψυχὴν,
3048 5488 3138 5542 τὸν
3169 5487 3382 5558 ἀερώδη
3421 5489 3625 5540 ἐκεῖνον
3663 5503 3758 5557 χι-
