  <div class='ocr_page' id='page_1' title='image "/cluster/home/n/w/nwhite01/storage/ocr_20150623/44/hvd.32044052767431/202.png"; bbox 0 0 4054 6436; ppageno 0'>
   <div class='ocr_carea' id='block_1_1' title="bbox 275 207 2093 277">
    <p class='ocr_par' dir='ltr' id='par_1_1' title="bbox 275 207 2093 277">
     <span class='ocr_line' id='line_1_1' title="bbox 275 207 2093 277; baseline -0.008 -1"><span class='ocrx_word' id='word_1_1' title='bbox 275 221 356 277; x_wconf 72' lang='lat'><strong>339</strong></span> <span class='ocrx_word' id='word_1_2' title='bbox 1501 207 1588 263; x_wconf 84' lang='lat' dir='ltr'><strong>DE</strong></span> <span class='ocrx_word' id='word_1_3' title='bbox 1627 207 1786 264; x_wconf 76' lang='lat' dir='ltr'><strong>VITA</strong></span> <span class='ocrx_word' id='word_1_4' title='bbox 1819 207 2093 265; x_wconf 80' lang='lat' dir='ltr'><strong>MOYSIS.</strong></span> 
     </span>
    </p>
   </div>
   <div class='ocr_carea' id='block_1_2' title="bbox 3342 211 3446 267">
    <p class='ocr_par' dir='ltr' id='par_1_2' title="bbox 3342 211 3446 267">
     <span class='ocr_line' id='line_1_2' title="bbox 3342 211 3446 267; baseline 0 -1"><span class='ocrx_word' id='word_1_5' title='bbox 3342 211 3446 267; x_wconf 80' lang='grc'><strong>590</strong></span> 
     </span>
    </p>
   </div>
   <div class='ocr_carea' id='block_1_3' title="bbox 274 320 1783 402">
    <p class='ocr_par' dir='ltr' id='par_1_3' title="bbox 274 325 1773 402">
     <span class='ocr_line' id='line_1_3' title="bbox 274 325 1773 402; baseline -0.009 -12"><span class='ocrx_word' id='word_1_6' title='bbox 274 337 382 390; x_wconf 76' lang='grc' dir='ltr'><strong>τῶνα</strong></span> <span class='ocrx_word' id='word_1_7' title='bbox 408 330 723 402; x_wconf 76' lang='grc' dir='ltr'><strong>περιε6ἀλετο</strong></span> <span class='ocrx_word' id='word_1_8' title='bbox 755 331 820 383; x_wconf 85' lang='grc' dir='ltr'><strong>ὲκ</strong></span> <span class='ocrx_word' id='word_1_9' title='bbox 860 327 1098 399; x_wconf 80' lang='grc' dir='ltr'><strong>κεφαλῆς</strong></span> <span class='ocrx_word' id='word_1_10' title='bbox 1139 329 1218 390; x_wconf 86' lang='grc' dir='ltr'><strong>είς</strong></span> <span class='ocrx_word' id='word_1_11' title='bbox 1263 325 1464 397; x_wconf 81' lang='grc' dir='ltr'>ἄκρους</span> <span class='ocrx_word' id='word_1_12' title='bbox 1499 325 1664 388; x_wconf 83' lang='grc' dir='ltr'>πόδας</span> <span class='ocrx_word' id='word_1_13' title='bbox 1695 325 1773 378; x_wconf 85' lang='grc' dir='ltr'><strong>δι-</strong></span> 
     </span>
    </p>
   </div>
   <div class='ocr_carea' id='block_1_4' title="bbox 1882 320 3443 402">
    <p class='ocr_par' dir='ltr' id='par_1_4' title="bbox 1882 320 3443 392">
     <span class='ocr_line' id='line_1_4' title="bbox 1882 320 3443 392; baseline -0.001 -14"><span class='ocrx_word' id='word_1_14' title='bbox 1882 338 2029 378; x_wconf 90' lang='lat' dir='ltr'><strong>suam</strong></span> <span class='ocrx_word' id='word_1_15' title='bbox 2064 322 2346 378; x_wconf 74' lang='lat' dir='ltr'><strong>tabescere</strong></span> <span class='ocrx_word' id='word_1_16' title='bbox 2375 320 2522 386; x_wconf 80' lang='lat' dir='ltr'><strong>fecit,</strong></span> <span class='ocrx_word' id='word_1_17' title='bbox 2546 321 2592 376; x_wconf 89' lang='lat' dir='ltr'><strong>is</strong></span> <span class='ocrx_word' id='word_1_18' title='bbox 2618 322 2778 376; x_wconf 88' lang='lat' dir='ltr'><strong>etiam</strong></span> <span class='ocrx_word' id='word_1_19' title='bbox 2807 321 2950 376; x_wconf 85' lang='lat' dir='ltr'><strong>illam</strong></span> <span class='ocrx_word' id='word_1_20' title='bbox 2975 331 3176 377; x_wconf 87' lang='lat' dir='ltr'><strong>vestem</strong></span> <span class='ocrx_word' id='word_1_21' title='bbox 3205 323 3443 392; x_wconf 87' lang='lat' dir='ltr'><strong>seipsmu</strong></span> 
     </span>
    </p>
   </div>
   <div class='ocr_carea' id='block_1_5' title="bbox 271 411 1772 495">
    <p class='ocr_par' dir='ltr' id='par_1_5' title="bbox 271 411 1772 495">
     <span class='ocr_line' id='line_1_5' title="bbox 271 411 1772 495; baseline -0.008 -17"><span class='ocrx_word' id='word_1_22' title='bbox 271 427 440 495; x_wconf 72' lang='grc' dir='ltr'><strong>ήκοντα.</strong></span> <span class='ocrx_word' id='word_1_23' title='bbox 472 421 535 473; x_wconf 87' lang='grc' dir='ltr'><strong>Ού</strong></span> <span class='ocrx_word' id='word_1_24' title='bbox 567 411 666 489; x_wconf 77' lang='grc' dir='ltr'><strong>γὰρ</strong></span> <span class='ocrx_word' id='word_1_25' title='bbox 695 418 943 487; x_wconf 86' lang='grc' dir='ltr'><strong>βούλεται</strong></span> <span class='ocrx_word' id='word_1_26' title='bbox 982 415 1334 470; x_wconf 75' lang='grc' dir='ltr'><strong>κολοϐοῦσθαι</strong></span> <span class='ocrx_word' id='word_1_27' title='bbox 1374 415 1470 484; x_wconf 81' lang='grc' dir='ltr'><strong>τὴν</strong></span> <span class='ocrx_word' id='word_1_28' title='bbox 1509 413 1706 484; x_wconf 80' lang='grc' dir='ltr'><strong>ἀρετὴν</strong></span> <span class='ocrx_word' id='word_1_29' title='bbox 1743 414 1772 466; x_wconf 99' lang='lat'><strong>6</strong></span> 
     </span>
    </p>
   </div>
   <div class='ocr_carea' id='block_1_6' title="bbox 270 505 1771 583">
    <p class='ocr_par' dir='ltr' id='par_1_6' title="bbox 270 505 1771 583">
     <span class='ocr_line' id='line_1_6' title="bbox 270 505 1771 583; baseline -0.007 -15"><span class='ocrx_word' id='word_1_30' title='bbox 270 516 408 583; x_wconf 79' lang='grc' dir='ltr'><strong>νόμος.</strong></span> <span class='ocrx_word' id='word_1_31' title='bbox 447 511 498 564; x_wconf 84' lang='lat' dir='ltr'><strong>&#39;H</strong></span> <span class='ocrx_word' id='word_1_32' title='bbox 523 507 606 564; x_wconf 80' lang='grc' dir='ltr'><strong>οὖν</strong></span> <span class='ocrx_word' id='word_1_33' title='bbox 649 509 950 580; x_wconf 81' lang='grc' dir='ltr'><strong>λαμπηδὼν</strong></span> <span class='ocrx_word' id='word_1_34' title='bbox 979 508 1087 561; x_wconf 89' lang='grc' dir='ltr'><strong>τῶν</strong></span> <span class='ocrx_word' id='word_1_35' title='bbox 1118 506 1298 561; x_wconf 90' lang='grc' dir='ltr'><strong>καλῶν</strong></span> <span class='ocrx_word' id='word_1_36' title='bbox 1334 505 1530 578; x_wconf 78' lang='grc' dir='ltr'><strong>ἔργων,</strong></span> <span class='ocrx_word' id='word_1_37' title='bbox 1559 507 1607 559; x_wconf 82' lang='grc' dir='ltr'><strong>οί</strong></span> <span class='ocrx_word' id='word_1_38' title='bbox 1641 523 1771 579; x_wconf 81' lang='grc' dir='ltr'><strong>χρυ-</strong></span> 
     </span>
    </p>
   </div>
   <div class='ocr_carea' id='block_1_7' title="bbox 270 595 1771 670">
    <p class='ocr_par' dir='ltr' id='par_1_7' title="bbox 270 595 1771 670">
     <span class='ocr_line' id='line_1_7' title="bbox 270 595 1771 670; baseline -0.007 -11"><span class='ocrx_word' id='word_1_39' title='bbox 270 608 332 659; x_wconf 77' lang='grc' dir='ltr'><strong>σοί</strong></span> <span class='ocrx_word' id='word_1_40' title='bbox 350 602 557 663; x_wconf 72' lang='grc' dir='ltr'><strong>κώδωνές</strong></span> <span class='ocrx_word' id='word_1_41' title='bbox 592 602 716 664; x_wconf 83' lang='grc' dir='ltr'><strong>εἰσι,</strong></span> <span class='ocrx_word' id='word_1_42' title='bbox 750 603 864 663; x_wconf 82' lang='grc' dir='ltr'><strong>τοῖς</strong></span> <span class='ocrx_word' id='word_1_43' title='bbox 899 600 1138 670; x_wconf 74' lang='grc' dir='ltr'><strong>ῥοΐσκοις</strong></span> <span class='ocrx_word' id='word_1_44' title='bbox 1178 598 1635 669; x_wconf 86' lang='grc' dir='ltr'><strong>περιδονούμενοι.</strong></span> <span class='ocrx_word' id='word_1_45' title='bbox 1667 595 1771 649; x_wconf 91' lang='grc' dir='ltr'><strong>Δύο</strong></span> 
     </span>
    </p>
   </div>
   <div class='ocr_carea' id='block_1_8' title="bbox 267 684 1772 766">
    <p class='ocr_par' dir='ltr' id='par_1_8' title="bbox 267 684 1772 766">
     <span class='ocr_line' id='line_1_8' title="bbox 267 684 1772 766; baseline -0.003 -18"><span class='ocrx_word' id='word_1_46' title='bbox 267 696 345 766; x_wconf 78' lang='grc' dir='ltr'><strong>γάρ</strong></span> <span class='ocrx_word' id='word_1_47' title='bbox 371 697 467 747; x_wconf 81' lang='grc' dir='ltr'><strong>ἐστι</strong></span> <span class='ocrx_word' id='word_1_48' title='bbox 491 691 650 746; x_wconf 76' lang='grc' dir='ltr'><strong>ταῦτα</strong></span> <span class='ocrx_word' id='word_1_49' title='bbox 692 691 1117 762; x_wconf 76' lang='grc' dir='ltr'><strong>ἐπιτηδεύματα,</strong></span> <span class='ocrx_word' id='word_1_50' title='bbox 1167 692 1233 744; x_wconf 79' lang='grc' dir='ltr'><strong>δι’</strong></span> <span class='ocrx_word' id='word_1_51' title='bbox 1265 684 1339 745; x_wconf 85' lang='grc' dir='ltr'><strong>ὧν</strong></span> <span class='ocrx_word' id='word_1_52' title='bbox 1369 692 1402 760; x_wconf 83' lang='grc' dir='ltr'><strong>ἡ</strong></span> <span class='ocrx_word' id='word_1_53' title='bbox 1435 690 1601 760; x_wconf 85' lang='grc' dir='ltr'><strong>ἀρετὴ</strong></span> <span class='ocrx_word' id='word_1_54' title='bbox 1648 707 1772 744; x_wconf 89' lang='grc' dir='ltr'><strong>συν-</strong></span> 
     </span>
    </p>
   </div>
   <div class='ocr_carea' id='block_1_9' title="bbox 264 781 1770 856">
    <p class='ocr_par' dir='ltr' id='par_1_9' title="bbox 264 781 1770 856">
     <span class='ocr_line' id='line_1_9' title="bbox 264 781 1770 856; baseline -0.005 -16"><span class='ocrx_word' id='word_1_55' title='bbox 264 787 502 856; x_wconf 74' lang='grc' dir='ltr'><strong>αγείρεται·</strong></span> <span class='ocrx_word' id='word_1_56' title='bbox 531 786 561 855; x_wconf 76' lang='grc' dir='ltr'>ἡ</span> <span class='ocrx_word' id='word_1_57' title='bbox 585 786 666 846; x_wconf 84' lang='grc' dir='ltr'><strong>είς</strong></span> <span class='ocrx_word' id='word_1_58' title='bbox 698 784 788 836; x_wconf 80' lang='grc' dir='ltr'><strong>τὸν</strong></span> <span class='ocrx_word' id='word_1_59' title='bbox 809 783 942 837; x_wconf 79' lang='grc' dir='ltr'><strong>Θεὸν</strong></span> <span class='ocrx_word' id='word_1_60' title='bbox 973 783 1178 846; x_wconf 82' lang='grc' dir='ltr'><strong>πίστις,</strong></span> <span class='ocrx_word' id='word_1_61' title='bbox 1198 783 1232 852; x_wconf 82' lang='grc' dir='ltr'>ἦ</span> <span class='ocrx_word' id='word_1_62' title='bbox 1263 799 1323 834; x_wconf 84' lang='grc' dir='ltr'><strong>τε</strong></span> <span class='ocrx_word' id='word_1_63' title='bbox 1363 781 1512 852; x_wconf 82' lang='grc' dir='ltr'><strong>παρὰ</strong></span> <span class='ocrx_word' id='word_1_64' title='bbox 1539 781 1630 834; x_wconf 84' lang='grc' dir='ltr'><strong>τὸν</strong></span> <span class='ocrx_word' id='word_1_65' title='bbox 1657 781 1770 851; x_wconf 86' lang='grc' dir='ltr'><strong>βίον</strong></span> 
     </span>
    </p>
   </div>
   <div class='ocr_carea' id='block_1_10' title="bbox 264 873 1766 948">
    <p class='ocr_par' dir='ltr' id='par_1_10' title="bbox 264 873 1766 948">
     <span class='ocr_line' id='line_1_10' title="bbox 264 873 1766 948; baseline -0.003 -17"><span class='ocrx_word' id='word_1_66' title='bbox 264 877 523 948; x_wconf 80' lang='grc' dir='ltr'><strong>συνείδησις.</strong></span> <span class='ocrx_word' id='word_1_67' title='bbox 553 876 784 938; x_wconf 77' lang='grc' dir='ltr'><strong>Τούτους</strong></span> <span class='ocrx_word' id='word_1_68' title='bbox 804 874 1129 946; x_wconf 86' lang='grc' dir='ltr'><strong>προστίθησι</strong></span> <span class='ocrx_word' id='word_1_69' title='bbox 1155 874 1231 942; x_wconf 81' lang='grc' dir='ltr'><strong>τῷ</strong></span> <span class='ocrx_word' id='word_1_70' title='bbox 1257 874 1515 944; x_wconf 81' lang='grc' dir='ltr'><strong>ἐνδύματι</strong></span> <span class='ocrx_word' id='word_1_71' title='bbox 1546 873 1639 927; x_wconf 89' lang='grc' dir='ltr'><strong>τοῦ</strong></span> <span class='ocrx_word' id='word_1_72' title='bbox 1673 875 1766 926; x_wconf 86' lang='grc' dir='ltr'><strong>Τι-</strong></span> 
     </span>
    </p>
   </div>
   <div class='ocr_carea' id='block_1_11' title="bbox 263 965 1770 1040">
    <p class='ocr_par' dir='ltr' id='par_1_11' title="bbox 263 965 1770 1040">
     <span class='ocr_line' id='line_1_11' title="bbox 263 965 1770 1040; baseline -0.003 -19"><span class='ocrx_word' id='word_1_73' title='bbox 263 968 410 1040; x_wconf 65' lang='grc' dir='ltr'><strong>μοθέου</strong></span> <span class='ocrx_word' id='word_1_74' title='bbox 432 968 545 1030; x_wconf 75' lang='grc' dir='ltr'><strong>τοὺς</strong></span> <span class='ocrx_word' id='word_1_75' title='bbox 576 968 823 1036; x_wconf 79' lang='grc' dir='ltr'><strong>ῥοΐσκους</strong></span> <span class='ocrx_word' id='word_1_76' title='bbox 856 983 916 1018; x_wconf 89' lang='grc' dir='ltr'><strong>τε</strong></span> <span class='ocrx_word' id='word_1_77' title='bbox 947 965 1042 1019; x_wconf 76' lang='grc' dir='ltr'><strong>καὶ</strong></span> <span class='ocrx_word' id='word_1_78' title='bbox 1071 967 1196 1028; x_wconf 74' lang='grc' dir='ltr'><strong>τοὺς</strong></span> <span class='ocrx_word' id='word_1_79' title='bbox 1242 965 1498 1028; x_wconf 83' lang='grc' dir='ltr'><strong>κώδωνας</strong></span> <span class='ocrx_word' id='word_1_80' title='bbox 1538 968 1566 1018; x_wconf 92' lang='lat'><strong>6</strong></span> <span class='ocrx_word' id='word_1_81' title='bbox 1597 965 1770 1036; x_wconf 80' lang='grc' dir='ltr'>μέγας</span> 
     </span>
    </p>
   </div>
   <div class='ocr_carea' id='block_1_12' title="bbox 261 1056 1770 1127">
    <p class='ocr_par' dir='ltr' id='par_1_12' title="bbox 261 1056 1770 1127">
     <span class='ocr_line' id='line_1_12' title="bbox 261 1056 1770 1127; baseline -0.001 -16"><span class='ocrx_word' id='word_1_82' title='bbox 261 1058 440 1120; x_wconf 74' lang='grc' dir='ltr'><strong>Παῦλος,</strong></span> <span class='ocrx_word' id='word_1_83' title='bbox 472 1057 632 1110; x_wconf 81' lang='grc' dir='ltr'><strong>εἰπὼν</strong></span> <span class='ocrx_word' id='word_1_84' title='bbox 673 1056 836 1110; x_wconf 79' lang='grc' dir='ltr'><strong>αὑτὸν</strong></span> <span class='ocrx_word' id='word_1_85' title='bbox 868 1056 1012 1127; x_wconf 77' lang='grc' dir='ltr'><strong>ἔχειν</strong></span> <span class='ocrx_word' id='word_1_86' title='bbox 1056 1056 1166 1110; x_wconf 80' lang='grc' dir='ltr'><strong>δεῖν</strong></span> <span class='ocrx_word' id='word_1_87' title='bbox 1209 1056 1386 1110; x_wconf 85' lang='grc' dir='ltr'><strong>πίστιν</strong></span> <span class='ocrx_word' id='word_1_88' title='bbox 1427 1057 1520 1110; x_wconf 75' lang='grc' dir='ltr'><strong>καὶ</strong></span> <span class='ocrx_word' id='word_1_89' title='bbox 1559 1056 1770 1127; x_wconf 86' lang='grc' dir='ltr'><strong>ἀγαθὴν</strong></span> 
     </span>
    </p>
   </div>
   <div class='ocr_carea' id='block_1_13' title="bbox 261 1149 521 1219">
    <p class='ocr_par' dir='ltr' id='par_1_13' title="bbox 261 1149 521 1219">
     <span class='ocr_line' id='line_1_13' title="bbox 261 1149 521 1219; baseline 0.004 -18"><span class='ocrx_word' id='word_1_90' title='bbox 261 1149 521 1219; x_wconf 74' lang='grc' dir='ltr'><strong>συνείδησιν.</strong></span> 
     </span>
    </p>
   </div>
   <div class='ocr_carea' id='block_1_14' title="bbox 303 1370 1774 1443">
    <p class='ocr_par' dir='ltr' id='par_1_14' title="bbox 303 1370 1774 1443">
     <span class='ocr_line' id='line_1_14' title="bbox 303 1370 1774 1443; baseline -0.001 -18"><span class='ocrx_word' id='word_1_91' title='bbox 303 1371 476 1426; x_wconf 69' lang='grc' dir='ltr'><strong>ὒὸκοῦν</strong></span> <span class='ocrx_word' id='word_1_92' title='bbox 504 1373 535 1443; x_wconf 79' lang='grc' dir='ltr'>ἠ</span> <span class='ocrx_word' id='word_1_93' title='bbox 568 1371 671 1442; x_wconf 83' lang='grc' dir='ltr'><strong>μὲν</strong></span> <span class='ocrx_word' id='word_1_94' title='bbox 698 1371 880 1436; x_wconf 78' lang='grc' dir='ltr'><strong>πίστις</strong></span> <span class='ocrx_word' id='word_1_95' title='bbox 915 1371 1150 1442; x_wconf 84' lang='grc' dir='ltr'><strong>καθαρὸν</strong></span> <span class='ocrx_word' id='word_1_96' title='bbox 1175 1371 1375 1442; x_wconf 80' lang='grc' dir='ltr'><strong>ηχείτω</strong></span> <span class='ocrx_word' id='word_1_97' title='bbox 1407 1372 1500 1424; x_wconf 76' lang='grc' dir='ltr'><strong>καὶ</strong></span> <span class='ocrx_word' id='word_1_98' title='bbox 1542 1370 1774 1441; x_wconf 87' lang='grc' dir='ltr'><strong>μεγαλό-</strong></span> 
     </span>
    </p>
   </div>
   <div class='ocr_carea' id='block_1_15' title="bbox 252 1461 1772 1532">
    <p class='ocr_par' dir='ltr' id='par_1_15' title="bbox 252 1461 1772 1532">
     <span class='ocr_line' id='line_1_15' title="bbox 252 1461 1772 1532; baseline 0.002 -20"><span class='ocrx_word' id='word_1_99' title='bbox 252 1479 386 1530; x_wconf 59' lang='grc' dir='ltr'><strong>ῳνον</strong></span> <span class='ocrx_word' id='word_1_100' title='bbox 417 1465 469 1515; x_wconf 81' lang='grc' dir='ltr'><strong>ὲν</strong></span> <span class='ocrx_word' id='word_1_101' title='bbox 503 1462 578 1532; x_wconf 82' lang='grc' dir='ltr'><strong>τῷ</strong></span> <span class='ocrx_word' id='word_1_102' title='bbox 609 1461 710 1532; x_wconf 83' lang='grc' dir='ltr'><strong>τῆς</strong></span> <span class='ocrx_word' id='word_1_103' title='bbox 755 1462 918 1530; x_wconf 78' lang='grc' dir='ltr'><strong>ἁγίας</strong></span> <span class='ocrx_word' id='word_1_104' title='bbox 947 1461 1175 1532; x_wconf 84' lang='grc' dir='ltr'><strong>Τριάδος</strong></span> <span class='ocrx_word' id='word_1_105' title='bbox 1221 1461 1556 1531; x_wconf 83' lang='grc' dir='ltr'><strong>κηρύγματι.</strong></span> <span class='ocrx_word' id='word_1_106' title='bbox 1613 1463 1671 1515; x_wconf 90' lang='lat'><strong>&#39;0</strong></span> <span class='ocrx_word' id='word_1_107' title='bbox 1712 1463 1772 1516; x_wconf 83' lang='grc' dir='ltr'><strong>δὲ</strong></span> 
     </span>
    </p>
   </div>
   <div class='ocr_carea' id='block_1_16' title="bbox 249 1549 1768 1622">
    <p class='ocr_par' dir='ltr' id='par_1_16' title="bbox 249 1549 1768 1622">
     <span class='ocr_line' id='line_1_16' title="bbox 249 1549 1768 1622; baseline 0.001 -20"><span class='ocrx_word' id='word_1_108' title='bbox 249 1552 337 1621; x_wconf 75' lang='grc' dir='ltr'><strong>βίος</strong></span> <span class='ocrx_word' id='word_1_109' title='bbox 381 1549 637 1620; x_wconf 80' lang='grc' dir='ltr'><strong>μιμείσθω</strong></span> <span class='ocrx_word' id='word_1_110' title='bbox 682 1550 776 1603; x_wconf 87' lang='grc' dir='ltr'><strong>τοῦ</strong></span> <span class='ocrx_word' id='word_1_111' title='bbox 830 1551 1042 1620; x_wconf 83' lang='grc' dir='ltr'><strong>καρποῦ</strong></span> <span class='ocrx_word' id='word_1_112' title='bbox 1097 1551 1196 1622; x_wconf 82' lang='grc' dir='ltr'><strong>τῆς</strong></span> <span class='ocrx_word' id='word_1_113' title='bbox 1227 1552 1378 1621; x_wconf 81' lang='grc' dir='ltr'><strong>ῥοιᾶς</strong></span> <span class='ocrx_word' id='word_1_114' title='bbox 1425 1551 1524 1622; x_wconf 81' lang='grc' dir='ltr'><strong>τὴν</strong></span> <span class='ocrx_word' id='word_1_115' title='bbox 1577 1551 1768 1620; x_wconf 74' lang='grc' dir='ltr'><strong>φύσιψ</strong></span> 
     </span>
    </p>
   </div>
   <div class='ocr_carea' id='block_1_17' title="bbox 1876 413 3444 484">
    <p class='ocr_par' dir='ltr' id='par_1_17' title="bbox 1876 413 3444 484">
     <span class='ocr_line' id='line_1_17' title="bbox 1876 413 3444 484; baseline -0.001 -18"><span class='ocrx_word' id='word_1_116' title='bbox 1876 413 2073 477; x_wconf 86' lang='lat' dir='ltr'><strong>induit,</strong></span> <span class='ocrx_word' id='word_1_117' title='bbox 2105 428 2228 484; x_wconf 74' lang='lat' dir='ltr'><strong>qua:</strong></span> <span class='ocrx_word' id='word_1_118' title='bbox 2279 428 2310 466; x_wconf 87' lang='lat' dir='ltr'><strong>a</strong></span> <span class='ocrx_word' id='word_1_119' title='bbox 2339 413 2514 482; x_wconf 89' lang='lat' dir='ltr'><strong>capite</strong></span> <span class='ocrx_word' id='word_1_120' title='bbox 2549 413 2613 466; x_wconf 90' lang='lat' dir='ltr'><strong>ad</strong></span> <span class='ocrx_word' id='word_1_121' title='bbox 2645 413 2808 481; x_wconf 91' lang='lat' dir='ltr'><strong>pedes</strong></span> <span class='ocrx_word' id='word_1_122' title='bbox 2840 427 3013 481; x_wconf 84' lang='lat' dir='ltr'><strong>usque</strong></span> <span class='ocrx_word' id='word_1_123' title='bbox 3045 413 3444 466; x_wconf 80' lang='lat' dir='ltr'><strong>circumfundi-</strong></span> 
     </span>
    </p>
   </div>
   <div class='ocr_carea' id='block_1_18' title="bbox 1872 503 3444 565">
    <p class='ocr_par' dir='ltr' id='par_1_18' title="bbox 1872 503 3444 565">
     <span class='ocr_line' id='line_1_18' title="bbox 1872 503 3444 565; baseline -0.003 -5"><span class='ocrx_word' id='word_1_124' title='bbox 1872 513 1962 560; x_wconf 98' lang='lat' dir='ltr'><strong>tur</strong></span> <span class='ocrx_word' id='word_1_125' title='bbox 1991 524 2003 559; x_wconf 92' lang='lat'>:</span> <span class='ocrx_word' id='word_1_126' title='bbox 2041 520 2139 560; x_wconf 83' lang='lat' dir='ltr'><strong>nee</strong></span> <span class='ocrx_word' id='word_1_127' title='bbox 2162 505 2307 560; x_wconf 88' lang='lat' dir='ltr'><strong>enim</strong></span> <span class='ocrx_word' id='word_1_128' title='bbox 2338 520 2586 559; x_wconf 89' lang='lat' dir='ltr'><strong>mancam</strong></span> <span class='ocrx_word' id='word_1_129' title='bbox 2618 511 2713 557; x_wconf 89' lang='lat' dir='ltr'><strong>aut</strong></span> <span class='ocrx_word' id='word_1_130' title='bbox 2756 511 3008 557; x_wconf 76' lang='lat' dir='ltr'><strong>truncam</strong></span> <span class='ocrx_word' id='word_1_131' title='bbox 3031 519 3151 558; x_wconf 90' lang='lat' dir='ltr'><strong>esse</strong></span> <span class='ocrx_word' id='word_1_132' title='bbox 3168 503 3444 565; x_wconf 80' lang='lat' dir='ltr'><strong>virtutem,</strong></span> 
     </span>
    </p>
   </div>
   <div class='ocr_carea' id='block_1_19' title="bbox 1872 587 3442 664">
    <p class='ocr_par' dir='ltr' id='par_1_19' title="bbox 1872 587 3442 664">
     <span class='ocr_line' id='line_1_19' title="bbox 1872 587 3442 664; baseline -0.004 -13"><span class='ocrx_word' id='word_1_133' title='bbox 1872 595 1966 651; x_wconf 89' lang='lat' dir='ltr'><strong>sed</strong></span> <span class='ocrx_word' id='word_1_134' title='bbox 1994 595 2258 664; x_wconf 85' lang='lat' dir='ltr'><strong>integram</strong></span> <span class='ocrx_word' id='word_1_135' title='bbox 2293 601 2456 662; x_wconf 86' lang='lat' dir='ltr'><strong>atque</strong></span> <span class='ocrx_word' id='word_1_136' title='bbox 2509 607 2603 661; x_wconf 89' lang='lat' dir='ltr'><strong>per</strong></span> <span class='ocrx_word' id='word_1_137' title='bbox 2627 587 2817 646; x_wconf 81' lang='lat' dir='ltr'><strong>omnes</strong></span> <span class='ocrx_word' id='word_1_138' title='bbox 2858 606 3118 645; x_wconf 87' lang='lat' dir='ltr'><strong>numeros</strong></span> <span class='ocrx_word' id='word_1_139' title='bbox 3148 591 3442 661; x_wconf 75' lang='lat' dir='ltr'><strong>perfectam</strong></span> 
     </span>
    </p>
   </div>
   <div class='ocr_carea' id='block_1_20' title="bbox 1871 667 3441 751">
    <p class='ocr_par' dir='ltr' id='par_1_20' title="bbox 1871 667 3441 751">
     <span class='ocr_line' id='line_1_20' title="bbox 1871 667 3441 751; baseline -0.004 -12"><span class='ocrx_word' id='word_1_140' title='bbox 1871 667 1954 740; x_wconf 81' lang='lat' dir='ltr'><strong>lex</strong></span> <span class='ocrx_word' id='word_1_141' title='bbox 1992 686 2131 744; x_wconf 85' lang='lat' dir='ltr'><strong>vult.</strong></span> <span class='ocrx_word' id='word_1_142' title='bbox 2159 684 2335 740; x_wconf 89' lang='lat' dir='ltr'><strong>Aurea</strong></span> <span class='ocrx_word' id='word_1_143' title='bbox 2363 699 2490 738; x_wconf 87' lang='lat' dir='ltr'><strong>vero</strong></span> <span class='ocrx_word' id='word_1_144' title='bbox 2513 682 2897 745; x_wconf 91' lang='lat' dir='ltr'><strong>tintinnabula,</strong></span> <span class='ocrx_word' id='word_1_145' title='bbox 2925 683 3192 736; x_wconf 86' lang='lat' dir='ltr'><strong>bonorum</strong></span> <span class='ocrx_word' id='word_1_146' title='bbox 3221 697 3441 751; x_wconf 84' lang='lat' dir='ltr'><strong>operum</strong></span> 
     </span>
    </p>
   </div>
   <div class='ocr_carea' id='block_1_21' title="bbox 1872 773 3443 844">
    <p class='ocr_par' dir='ltr' id='par_1_21' title="bbox 1872 773 3443 844">
     <span class='ocr_line' id='line_1_21' title="bbox 1872 773 3443 844; baseline -0.005 -14"><span class='ocrx_word' id='word_1_147' title='bbox 1872 777 2131 844; x_wconf 86' lang='lat' dir='ltr'><strong>splendor</strong></span> <span class='ocrx_word' id='word_1_148' title='bbox 2159 783 2311 837; x_wconf 88' lang='lat' dir='ltr'><strong>sunt,</strong></span> <span class='ocrx_word' id='word_1_149' title='bbox 2349 775 2508 830; x_wconf 90' lang='lat' dir='ltr'><strong>malis</strong></span> <span class='ocrx_word' id='word_1_150' title='bbox 2540 774 2758 844; x_wconf 84' lang='lat' dir='ltr'><strong>punieis</strong></span> <span class='ocrx_word' id='word_1_151' title='bbox 2807 774 3124 842; x_wconf 86' lang='lat' dir='ltr'><strong>intercepta.</strong></span> <span class='ocrx_word' id='word_1_152' title='bbox 3158 773 3268 826; x_wconf 85' lang='lat' dir='ltr'><strong>Duo</strong></span> <span class='ocrx_word' id='word_1_153' title='bbox 3301 773 3443 826; x_wconf 85' lang='lat' dir='ltr'><strong>enim</strong></span> 
     </span>
    </p>
   </div>
   <div class='ocr_carea' id='block_1_22' title="bbox 1871 862 3447 936">
    <p class='ocr_par' dir='ltr' id='par_1_22' title="bbox 1871 862 3447 936">
     <span class='ocr_line' id='line_1_22' title="bbox 1871 862 3447 936; baseline -0.003 -16"><span class='ocrx_word' id='word_1_154' title='bbox 1871 866 1986 921; x_wconf 70' lang='lat' dir='ltr'><strong>haec</strong></span> <span class='ocrx_word' id='word_1_155' title='bbox 2024 877 2154 921; x_wconf 88' lang='lat' dir='ltr'><strong>sunt</strong></span> <span class='ocrx_word' id='word_1_156' title='bbox 2183 867 2383 930; x_wconf 88' lang='lat' dir='ltr'><strong>studia,</strong></span> <span class='ocrx_word' id='word_1_157' title='bbox 2420 865 2622 936; x_wconf 79' lang='lat' dir='ltr'><strong>quibus</strong></span> <span class='ocrx_word' id='word_1_158' title='bbox 2661 865 2836 919; x_wconf 92' lang='lat' dir='ltr'><strong>virtus</strong></span> <span class='ocrx_word' id='word_1_159' title='bbox 2867 873 2977 918; x_wconf 87' lang='lat' dir='ltr'><strong>tota</strong></span> <span class='ocrx_word' id='word_1_160' title='bbox 3012 862 3278 917; x_wconf 84' lang='lat' dir='ltr'><strong>conﬂatur</strong></span> <span class='ocrx_word' id='word_1_161' title='bbox 3301 872 3447 918; x_wconf 87' lang='lat' dir='ltr'><strong>recta</strong></span> 
     </span>
    </p>
   </div>
   <div class='ocr_carea' id='block_1_23' title="bbox 1872 954 3446 1025">
    <p class='ocr_par' dir='ltr' id='par_1_23' title="bbox 1872 954 3446 1025">
     <span class='ocr_line' id='line_1_23' title="bbox 1872 954 3446 1025; baseline -0.002 -14"><span class='ocrx_word' id='word_1_162' title='bbox 1872 958 1925 1011; x_wconf 89' lang='lat' dir='ltr'><strong>in</strong></span> <span class='ocrx_word' id='word_1_163' title='bbox 1961 956 2126 1010; x_wconf 84' lang='lat' dir='ltr'><strong>Deum</strong></span> <span class='ocrx_word' id='word_1_164' title='bbox 2164 956 2317 1020; x_wconf 86' lang='lat' dir='ltr'><strong>ﬁdes,</strong></span> <span class='ocrx_word' id='word_1_165' title='bbox 2345 964 2398 1010; x_wconf 89' lang='lat' dir='ltr'><strong>et</strong></span> <span class='ocrx_word' id='word_1_166' title='bbox 2427 956 2654 1025; x_wconf 87' lang='lat' dir='ltr'><strong>probata</strong></span> <span class='ocrx_word' id='word_1_167' title='bbox 2710 955 2764 1008; x_wconf 92' lang='lat' dir='ltr'><strong>in</strong></span> <span class='ocrx_word' id='word_1_168' title='bbox 2807 955 2906 1008; x_wconf 88' lang='lat' dir='ltr'><strong>hac</strong></span> <span class='ocrx_word' id='word_1_169' title='bbox 2941 955 3046 1007; x_wconf 90' lang='lat' dir='ltr'><strong>vita</strong></span> <span class='ocrx_word' id='word_1_170' title='bbox 3091 954 3446 1008; x_wconf 85' lang='lat' dir='ltr'><strong>conscientia.</strong></span> 
     </span>
    </p>
   </div>
   <div class='ocr_carea' id='block_1_24' title="bbox 1874 1044 3447 1116">
    <p class='ocr_par' dir='ltr' id='par_1_24' title="bbox 1874 1044 3447 1116">
     <span class='ocr_line' id='line_1_24' title="bbox 1874 1044 3447 1116; baseline -0.002 -15"><span class='ocrx_word' id='word_1_171' title='bbox 1874 1047 1995 1102; x_wconf 69' lang='lat' dir='ltr'><strong>llazc</strong></span> <span class='ocrx_word' id='word_1_172' title='bbox 2023 1048 2164 1101; x_wconf 87' lang='lat' dir='ltr'><strong>mala</strong></span> <span class='ocrx_word' id='word_1_173' title='bbox 2197 1048 2394 1116; x_wconf 90' lang='lat' dir='ltr'><strong>punica</strong></span> <span class='ocrx_word' id='word_1_174' title='bbox 2429 1062 2492 1101; x_wconf 91' lang='lat' dir='ltr'><strong>ac</strong></span> <span class='ocrx_word' id='word_1_175' title='bbox 2526 1046 2888 1100; x_wconf 80' lang='lat' dir='ltr'><strong>tintinnabula</strong></span> <span class='ocrx_word' id='word_1_176' title='bbox 2921 1045 3236 1100; x_wconf 89' lang='lat' dir='ltr'><strong>indumento</strong></span> <span class='ocrx_word' id='word_1_177' title='bbox 3261 1044 3447 1099; x_wconf 87' lang='lat' dir='ltr'><strong>Timo-</strong></span> 
     </span>
    </p>
   </div>
   <div class='ocr_carea' id='block_1_25' title="bbox 1871 1137 3450 1207">
    <p class='ocr_par' dir='ltr' id='par_1_25' title="bbox 1871 1137 3450 1207">
     <span class='ocr_line' id='line_1_25' title="bbox 1871 1137 3450 1207; baseline -0.002 -15"><span class='ocrx_word' id='word_1_178' title='bbox 1871 1140 1978 1194; x_wconf 90' lang='lat' dir='ltr'><strong>thei</strong></span> <span class='ocrx_word' id='word_1_179' title='bbox 2014 1139 2216 1196; x_wconf 87' lang='lat' dir='ltr'><strong>Paulus</strong></span> <span class='ocrx_word' id='word_1_180' title='bbox 2243 1141 2331 1194; x_wconf 86' lang='lat' dir='ltr'><strong>ille</strong></span> <span class='ocrx_word' id='word_1_181' title='bbox 2359 1140 2624 1204; x_wconf 79' lang='lat' dir='ltr'><strong>innexuit,</strong></span> <span class='ocrx_word' id='word_1_182' title='bbox 2651 1154 2774 1192; x_wconf 91' lang='lat' dir='ltr'><strong>cum</strong></span> <span class='ocrx_word' id='word_1_183' title='bbox 2798 1137 2967 1199; x_wconf 86' lang='lat' dir='ltr'><strong>dicat,</strong></span> <span class='ocrx_word' id='word_1_184' title='bbox 2999 1147 3251 1207; x_wconf 87' lang='lat' dir='ltr'><strong>oportere</strong></span> <span class='ocrx_word' id='word_1_185' title='bbox 3276 1145 3334 1191; x_wconf 89' lang='lat' dir='ltr'><strong>ut</strong></span> <span class='ocrx_word' id='word_1_186' title='bbox 3353 1137 3450 1190; x_wconf 86' lang='lat' dir='ltr'><strong>ha-</strong></span> 
     </span>
    </p>
   </div>
   <div class='ocr_carea' id='block_1_26' title="bbox 1871 1231 3058 1302">
    <p class='ocr_par' dir='ltr' id='par_1_26' title="bbox 1871 1231 3058 1302">
     <span class='ocr_line' id='line_1_26' title="bbox 1871 1231 3058 1302; baseline -0.003 -15"><span class='ocrx_word' id='word_1_187' title='bbox 1871 1232 1994 1287; x_wconf 88' lang='lat' dir='ltr'><strong>beat</strong></span> <span class='ocrx_word' id='word_1_188' title='bbox 2022 1232 2178 1286; x_wconf 90' lang='lat' dir='ltr'><strong>ﬁdem</strong></span> <span class='ocrx_word' id='word_1_189' title='bbox 2211 1239 2258 1287; x_wconf 86' lang='lat' dir='ltr'><strong>et</strong></span> <span class='ocrx_word' id='word_1_190' title='bbox 2300 1233 2522 1302; x_wconf 83' lang='lat' dir='ltr'><strong>probam</strong></span> <span class='ocrx_word' id='word_1_191' title='bbox 2565 1231 2958 1286; x_wconf 87' lang='lat' dir='ltr'><strong>conscientiam</strong></span> <span class='ocrx_word' id='word_1_192' title='bbox 2990 1231 3058 1284; x_wconf 76' lang='lat'><strong>&quot;.</strong></span> 
     </span>
    </p>
   </div>
   <div class='ocr_carea' id='block_1_27' title="bbox 1939 1365 3448 1442">
    <p class='ocr_par' dir='ltr' id='par_1_27' title="bbox 1939 1365 3448 1442">
     <span class='ocr_line' id='line_1_27' title="bbox 1939 1365 3448 1442; baseline -0.003 -18"><span class='ocrx_word' id='word_1_193' title='bbox 1939 1369 2102 1428; x_wconf 88' lang='lat' dir='ltr'><strong>Fides</strong></span> <span class='ocrx_word' id='word_1_194' title='bbox 2177 1371 2344 1442; x_wconf 85' lang='lat' dir='ltr'><strong>igitur</strong></span> <span class='ocrx_word' id='word_1_195' title='bbox 2409 1370 2750 1433; x_wconf 89' lang='lat' dir='ltr'><strong>sacerdotis,</strong></span> <span class='ocrx_word' id='word_1_196' title='bbox 2799 1368 2965 1422; x_wconf 73' lang='lat' dir='ltr'><strong>veluti</strong></span> <span class='ocrx_word' id='word_1_197' title='bbox 3024 1365 3448 1421; x_wconf 88' lang='lat' dir='ltr'><strong>tintinnabulum</strong></span> 
     </span>
    </p>
   </div>
   <div class='ocr_carea' id='block_1_28' title="bbox 1870 1459 3452 1534">
    <p class='ocr_par' dir='ltr' id='par_1_28' title="bbox 1870 1459 3452 1534">
     <span class='ocr_line' id='line_1_28' title="bbox 1870 1459 3452 1534; baseline -0.01 -8"><span class='ocrx_word' id='word_1_198' title='bbox 1870 1469 2018 1526; x_wconf 88' lang='lat' dir='ltr'><strong>clare</strong></span> <span class='ocrx_word' id='word_1_199' title='bbox 2039 1473 2200 1534; x_wconf 89' lang='lat' dir='ltr'><strong>atque</strong></span> <span class='ocrx_word' id='word_1_200' title='bbox 2227 1477 2427 1519; x_wconf 90' lang='lat' dir='ltr'><strong>sonore</strong></span> <span class='ocrx_word' id='word_1_201' title='bbox 2447 1462 2500 1515; x_wconf 93' lang='lat' dir='ltr'><strong>in</strong></span> <span class='ocrx_word' id='word_1_202' title='bbox 2527 1469 2730 1516; x_wconf 72' lang='lat' dir='ltr'><strong>sanetae</strong></span> <span class='ocrx_word' id='word_1_203' title='bbox 2755 1461 3042 1514; x_wconf 79' lang='lat' dir='ltr'><strong>Trinitatis</strong></span> <span class='ocrx_word' id='word_1_204' title='bbox 3069 1459 3452 1529; x_wconf 69' lang='lat' dir='ltr'><strong>praedicatione</strong></span> 
     </span>
    </p>
   </div>
   <div class='ocr_carea' id='block_1_29' title="bbox 1870 1550 3454 1621">
    <p class='ocr_par' dir='ltr' id='par_1_29' title="bbox 1870 1550 3454 1621">
     <span class='ocr_line' id='line_1_29' title="bbox 1870 1550 3454 1621; baseline -0.008 -8"><span class='ocrx_word' id='word_1_205' title='bbox 1870 1559 2161 1613; x_wconf 82' lang='lat' dir='ltr'><strong>exclamet.</strong></span> <span class='ocrx_word' id='word_1_206' title='bbox 2213 1552 2333 1608; x_wconf 88' lang='lat' dir='ltr'><strong>Vita</strong></span> <span class='ocrx_word' id='word_1_207' title='bbox 2361 1568 2492 1606; x_wconf 87' lang='lat' dir='ltr'><strong>vero</strong></span> <span class='ocrx_word' id='word_1_208' title='bbox 2531 1558 2782 1604; x_wconf 87' lang='lat' dir='ltr'><strong>naturam</strong></span> <span class='ocrx_word' id='word_1_209' title='bbox 2828 1552 3152 1621; x_wconf 90' lang='lat' dir='ltr'><strong>punicorum</strong></span> <span class='ocrx_word' id='word_1_210' title='bbox 3210 1550 3454 1604; x_wconf 88' lang='lat' dir='ltr'><strong>imitetur</strong></span> 
     </span>
    </p>
   </div>
   <div class='ocr_carea' id='block_1_30' title="bbox 246 1638 1783 1729">
    <p class='ocr_par' dir='ltr' id='par_1_30' title="bbox 246 1638 1772 1714">
     <span class='ocr_line' id='line_1_30' title="bbox 246 1638 1772 1714; baseline 0 -21"><span class='ocrx_word' id='word_1_211' title='bbox 246 1640 413 1708; x_wconf 67' lang='grc' dir='ltr'><strong>ἐκείνης</strong></span> <span class='ocrx_word' id='word_1_212' title='bbox 442 1657 496 1692; x_wconf 89' lang='grc' dir='ltr'><strong>τε</strong></span> <span class='ocrx_word' id='word_1_213' title='bbox 530 1639 643 1709; x_wconf 74' lang='grc' dir='ltr'><strong>γὰρ</strong></span> <span class='ocrx_word' id='word_1_214' title='bbox 671 1638 916 1708; x_wconf 76' lang='grc' dir='ltr'><strong>ἄϐρωτός</strong></span> <span class='ocrx_word' id='word_1_215' title='bbox 944 1641 1090 1692; x_wconf 77' lang='grc' dir='ltr'><strong>ἐστιν</strong></span> <span class='ocrx_word' id='word_1_216' title='bbox 1122 1642 1154 1709; x_wconf 83' lang='grc' dir='ltr'>ὴ</span> <span class='ocrx_word' id='word_1_217' title='bbox 1200 1641 1508 1708; x_wconf 73' lang='grc' dir='ltr'><strong>ἐπιφάνεια,</strong></span> <span class='ocrx_word' id='word_1_218' title='bbox 1558 1641 1772 1714; x_wconf 74' lang='grc' dir='ltr'><strong>στερρῷ</strong></span> 
     </span>
    </p>
   </div>
   <div class='ocr_carea' id='block_1_31' title="bbox 1882 1638 3449 1729">
    <p class='ocr_par' dir='ltr' id='par_1_31' title="bbox 1882 1639 3449 1719">
     <span class='ocr_line' id='line_1_31' title="bbox 1882 1639 3449 1719; baseline -0.007 -17"><span class='ocrx_word' id='word_1_219' title='bbox 1882 1662 2180 1719; x_wconf 86' lang='lat' dir='ltr'><strong>pomorum,</strong></span> <span class='ocrx_word' id='word_1_220' title='bbox 2209 1658 2442 1714; x_wconf 92' lang='lat' dir='ltr'><strong>quorum</strong></span> <span class='ocrx_word' id='word_1_221' title='bbox 2470 1641 2804 1695; x_wconf 80' lang='lat' dir='ltr'><strong>circumfusa</strong></span> <span class='ocrx_word' id='word_1_222' title='bbox 2835 1641 3079 1695; x_wconf 83' lang='lat' dir='ltr'><strong>exterius</strong></span> <span class='ocrx_word' id='word_1_223' title='bbox 3101 1639 3258 1709; x_wconf 88' lang='lat' dir='ltr'><strong>quasi</strong></span> <span class='ocrx_word' id='word_1_224' title='bbox 3290 1645 3449 1700; x_wconf 83' lang='lat' dir='ltr'><strong>testa,</strong></span> 
     </span>
    </p>
   </div>
   <div class='ocr_carea' id='block_1_32' title="bbox 247 1728 1773 1802">
    <p class='ocr_par' dir='ltr' id='par_1_32' title="bbox 247 1728 1773 1802">
     <span class='ocr_line' id='line_1_32' title="bbox 247 1728 1773 1802; baseline 0.003 -21"><span class='ocrx_word' id='word_1_225' title='bbox 247 1746 291 1781; x_wconf 80' lang='grc' dir='ltr'><strong>τε</strong></span> <span class='ocrx_word' id='word_1_226' title='bbox 325 1730 402 1783; x_wconf 80' lang='grc' dir='ltr'><strong>καί</strong></span> <span class='ocrx_word' id='word_1_227' title='bbox 437 1731 864 1800; x_wconf 84' lang='grc' dir='ltr'><strong>κατεστυμμένῳ</strong></span> <span class='ocrx_word' id='word_1_228' title='bbox 897 1729 976 1798; x_wconf 80' lang='grc' dir='ltr'><strong>τῷ</strong></span> <span class='ocrx_word' id='word_1_229' title='bbox 1026 1728 1236 1800; x_wconf 79' lang='grc' dir='ltr'><strong>ὲλύτρῳ</strong></span> <span class='ocrx_word' id='word_1_230' title='bbox 1275 1729 1654 1802; x_wconf 87' lang='grc' dir='ltr'><strong>διειλημμένη.</strong></span> <span class='ocrx_word' id='word_1_231' title='bbox 1699 1732 1773 1785; x_wconf 83' lang='lat' dir='ltr'><em>T6</em></span> 
     </span>
    </p>
   </div>
   <div class='ocr_carea' id='block_1_33' title="bbox 245 1819 1775 1892">
    <p class='ocr_par' dir='ltr' id='par_1_33' title="bbox 245 1819 1775 1892">
     <span class='ocr_line' id='line_1_33' title="bbox 245 1819 1775 1892; baseline 0.001 -20"><span class='ocrx_word' id='word_1_232' title='bbox 245 1819 608 1891; x_wconf 77' lang='grc' dir='ltr'><strong>δὲὲγκείμενον,</strong></span> <span class='ocrx_word' id='word_1_233' title='bbox 649 1821 746 1891; x_wconf 79' lang='grc' dir='ltr'><strong>ἡδὺ</strong></span> <span class='ocrx_word' id='word_1_234' title='bbox 795 1820 893 1892; x_wconf 81' lang='grc' dir='ltr'><strong>μὲν</strong></span> <span class='ocrx_word' id='word_1_235' title='bbox 929 1820 1154 1890; x_wconf 77' lang='grc' dir='ltr'><strong>ὀφθῆναι</strong></span> <span class='ocrx_word' id='word_1_236' title='bbox 1193 1820 1271 1890; x_wconf 87' lang='grc' dir='ltr'>τῷ</span> <span class='ocrx_word' id='word_1_237' title='bbox 1316 1821 1544 1892; x_wconf 82' lang='grc' dir='ltr'><strong>ποικίλῳ</strong></span> <span class='ocrx_word' id='word_1_238' title='bbox 1583 1840 1641 1876; x_wconf 85' lang='grc' dir='ltr'><strong>τε</strong></span> <span class='ocrx_word' id='word_1_239' title='bbox 1679 1823 1775 1875; x_wconf 74' lang='grc' dir='ltr'><strong>καὶ</strong></span> 
     </span>
    </p>
   </div>
   <div class='ocr_carea' id='block_1_34' title="bbox 247 1909 1772 1983">
    <p class='ocr_par' dir='ltr' id='par_1_34' title="bbox 247 1909 1772 1983">
     <span class='ocr_line' id='line_1_34' title="bbox 247 1909 1772 1983; baseline 0.003 -22"><span class='ocrx_word' id='word_1_240' title='bbox 247 1910 448 1980; x_wconf 75' lang='grc' dir='ltr'><strong>εὐκόσμῳ</strong></span> <span class='ocrx_word' id='word_1_241' title='bbox 487 1910 582 1980; x_wconf 83' lang='grc' dir='ltr'><strong>τῆς</strong></span> <span class='ocrx_word' id='word_1_242' title='bbox 631 1909 726 1962; x_wconf 89' lang='grc' dir='ltr'><strong>τοῦ</strong></span> <span class='ocrx_word' id='word_1_243' title='bbox 789 1909 1002 1980; x_wconf 80' lang='grc' dir='ltr'><strong>καρποῦ</strong></span> <span class='ocrx_word' id='word_1_244' title='bbox 1053 1909 1362 1973; x_wconf 83' lang='grc' dir='ltr'><strong>διαθέσεως.</strong></span> <span class='ocrx_word' id='word_1_245' title='bbox 1411 1911 1559 1981; x_wconf 78' lang='grc' dir='ltr'><strong>ἥδιον</strong></span> <span class='ocrx_word' id='word_1_246' title='bbox 1608 1912 1664 1965; x_wconf 86' lang='grc' dir='ltr'><strong>δὲ</strong></span> <span class='ocrx_word' id='word_1_247' title='bbox 1705 1914 1772 1983; x_wconf 78' lang='grc' dir='ltr'><strong>τῇ</strong></span> 
     </span>
    </p>
   </div>
   <div class='ocr_carea' id='block_1_35' title="bbox 245 1999 1774 2073">
    <p class='ocr_par' dir='ltr' id='par_1_35' title="bbox 245 1999 1774 2073">
     <span class='ocr_line' id='line_1_35' title="bbox 245 1999 1774 2073; baseline 0.003 -21"><span class='ocrx_word' id='word_1_248' title='bbox 245 1999 388 2068; x_wconf 88' lang='grc' dir='ltr'><strong>γεύσει</strong></span> <span class='ocrx_word' id='word_1_249' title='bbox 421 2001 650 2069; x_wconf 86' lang='grc' dir='ltr'><strong>γίνεται,</strong></span> <span class='ocrx_word' id='word_1_250' title='bbox 684 2001 1112 2070; x_wconf 86' lang='grc' dir='ltr'><strong>καταγλυκαῖνον</strong></span> <span class='ocrx_word' id='word_1_251' title='bbox 1141 2002 1241 2073; x_wconf 83' lang='grc' dir='ltr'><strong>τὴν</strong></span> <span class='ocrx_word' id='word_1_252' title='bbox 1269 2002 1538 2073; x_wconf 79' lang='grc' dir='ltr'><strong>αἴσθησιν.</strong></span> <span class='ocrx_word' id='word_1_253' title='bbox 1592 2005 1664 2057; x_wconf 86' lang='grc' dir='ltr'><strong>’Ἡ</strong></span> <span class='ocrx_word' id='word_1_254' title='bbox 1715 2022 1774 2057; x_wconf 83' lang='grc' dir='ltr'><strong>τε</strong></span> 
     </span>
    </p>
   </div>
   <div class='ocr_carea' id='block_1_36' title="bbox 247 2091 1776 2164">
    <p class='ocr_par' dir='ltr' id='par_1_36' title="bbox 247 2091 1776 2164">
     <span class='ocr_line' id='line_1_36' title="bbox 247 2091 1776 2164; baseline 0.003 -21"><span class='ocrx_word' id='word_1_255' title='bbox 247 2091 478 2160; x_wconf 70' lang='grc' dir='ltr'><strong>ςιλόσοφος</strong></span> <span class='ocrx_word' id='word_1_256' title='bbox 518 2094 612 2145; x_wconf 73' lang='grc' dir='ltr'><strong>καὶ</strong></span> <span class='ocrx_word' id='word_1_257' title='bbox 645 2092 1046 2163; x_wconf 86' lang='grc' dir='ltr'><strong>κατεσκληκυῖα</strong></span> <span class='ocrx_word' id='word_1_258' title='bbox 1077 2093 1319 2164; x_wconf 80' lang='grc' dir='ltr'><strong>διαγωγὴ</strong></span> <span class='ocrx_word' id='word_1_259' title='bbox 1351 2093 1655 2164; x_wconf 84' lang='grc' dir='ltr'><strong>’δύσληπτός</strong></span> <span class='ocrx_word' id='word_1_260' title='bbox 1692 2113 1776 2158; x_wconf 82' lang='grc' dir='ltr'><strong>τις</strong></span> 
     </span>
    </p>
   </div>
   <div class='ocr_carea' id='block_1_37' title="bbox 243 2177 1777 2255">
    <p class='ocr_par' dir='ltr' id='par_1_37' title="bbox 243 2177 1777 2255">
     <span class='ocr_line' id='line_1_37' title="bbox 243 2177 1777 2255; baseline 0.003 -21"><span class='ocrx_word' id='word_1_261' title='bbox 243 2177 345 2235; x_wconf 65' lang='grc' dir='ltr'><strong>αἶσα</strong></span> <span class='ocrx_word' id='word_1_262' title='bbox 385 2185 466 2236; x_wconf 80' lang='grc' dir='ltr'><strong>καὶ</strong></span> <span class='ocrx_word' id='word_1_263' title='bbox 492 2183 672 2254; x_wconf 75' lang='grc' dir='ltr'><strong>ἀηδὴς</strong></span> <span class='ocrx_word' id='word_1_264' title='bbox 707 2186 775 2254; x_wconf 78' lang='grc' dir='ltr'><strong>τῇ</strong></span> <span class='ocrx_word' id='word_1_265' title='bbox 804 2184 1076 2254; x_wconf 80' lang='grc' dir='ltr'><strong>αἰσθήσει,</strong></span> <span class='ocrx_word' id='word_1_266' title='bbox 1107 2184 1319 2255; x_wconf 82' lang='grc' dir='ltr'><strong>πλήρης</strong></span> <span class='ocrx_word' id='word_1_267' title='bbox 1362 2184 1580 2253; x_wconf 82' lang='grc' dir='ltr'>ἀγαθῶν</span> <span class='ocrx_word' id='word_1_268' title='bbox 1626 2185 1777 2238; x_wconf 81' lang='grc' dir='ltr'><strong>ἐλπί-</strong></span> 
     </span>
    </p>
   </div>
   <div class='ocr_carea' id='block_1_38' title="bbox 243 2272 1778 2344">
    <p class='ocr_par' dir='ltr' id='par_1_38' title="bbox 243 2272 1778 2344">
     <span class='ocr_line' id='line_1_38' title="bbox 243 2272 1778 2344; baseline 0.002 -20"><span class='ocrx_word' id='word_1_269' title='bbox 243 2272 322 2324; x_wconf 70' lang='grc' dir='ltr'><strong>δων</strong></span> <span class='ocrx_word' id='word_1_270' title='bbox 345 2275 463 2338; x_wconf 76' lang='grc' dir='ltr'><strong>ἐστὶ,</strong></span> <span class='ocrx_word' id='word_1_271' title='bbox 492 2275 645 2327; x_wconf 74' lang='grc' dir='ltr'><strong>κατὰ</strong></span> <span class='ocrx_word' id='word_1_272' title='bbox 675 2275 767 2327; x_wconf 77' lang='grc' dir='ltr'><strong>τὸν</strong></span> <span class='ocrx_word' id='word_1_273' title='bbox 798 2274 928 2326; x_wconf 84' lang='grc' dir='ltr'><strong>ίδιον</strong></span> <span class='ocrx_word' id='word_1_274' title='bbox 959 2274 1169 2344; x_wconf 76' lang='grc' dir='ltr'><strong>καρπὸν</strong></span> <span class='ocrx_word' id='word_1_275' title='bbox 1196 2274 1549 2328; x_wconf 86' lang='grc' dir='ltr'><strong>πεπανθείσα.</strong></span> <span class='ocrx_word' id='word_1_276' title='bbox 1595 2276 1778 2328; x_wconf 84' lang='grc' dir='ltr'><strong>Ἐπει-</strong></span> 
     </span>
    </p>
   </div>
   <div class='ocr_carea' id='block_1_39' title="bbox 242 2359 1777 2434">
    <p class='ocr_par' dir='ltr' id='par_1_39' title="bbox 242 2359 1777 2434">
     <span class='ocr_line' id='line_1_39' title="bbox 242 2359 1777 2434; baseline 0 -20"><span class='ocrx_word' id='word_1_277' title='bbox 242 2359 314 2414; x_wconf 72' lang='grc' dir='ltr'><strong>δὰν</strong></span> <span class='ocrx_word' id='word_1_278' title='bbox 357 2362 450 2432; x_wconf 72' lang='grc' dir='ltr'><strong>γὰρ</strong></span> <span class='ocrx_word' id='word_1_279' title='bbox 494 2365 522 2416; x_wconf 83' lang='lat'><strong>6</strong></span> <span class='ocrx_word' id='word_1_280' title='bbox 562 2362 820 2432; x_wconf 78' lang='grc' dir='ltr'><strong>γεωργὸς</strong></span> <span class='ocrx_word' id='word_1_281' title='bbox 865 2361 1021 2431; x_wconf 80' lang='grc' dir='ltr'><strong>ἡμῶν</strong></span> <span class='ocrx_word' id='word_1_282' title='bbox 1068 2361 1351 2434; x_wconf 82' lang='grc' dir='ltr'><strong>ἀναπτύξῃ</strong></span> <span class='ocrx_word' id='word_1_283' title='bbox 1375 2361 1470 2415; x_wconf 89' lang='grc' dir='ltr'><strong>τοῦ</strong></span> <span class='ocrx_word' id='word_1_284' title='bbox 1520 2361 1633 2431; x_wconf 84' lang='grc' dir='ltr'><strong>βίου</strong></span> <span class='ocrx_word' id='word_1_285' title='bbox 1677 2363 1777 2431; x_wconf 81' lang='grc' dir='ltr'><strong>τὴν</strong></span> 
     </span>
    </p>
   </div>
   <div class='ocr_carea' id='block_1_40' title="bbox 245 2451 1778 2524">
    <p class='ocr_par' dir='ltr' id='par_1_40' title="bbox 245 2451 1778 2524">
     <span class='ocr_line' id='line_1_40' title="bbox 245 2451 1778 2524; baseline 0 -19"><span class='ocrx_word' id='word_1_286' title='bbox 245 2454 450 2523; x_wconf 60' lang='grc' dir='ltr'><strong>ὼιάντῷ</strong></span> <span class='ocrx_word' id='word_1_287' title='bbox 479 2455 592 2524; x_wconf 83' lang='grc' dir='ltr'>ἰδίῳ</span> <span class='ocrx_word' id='word_1_288' title='bbox 652 2453 851 2523; x_wconf 80' lang='grc' dir='ltr'><strong>καιρῷ,</strong></span> <span class='ocrx_word' id='word_1_289' title='bbox 898 2454 994 2506; x_wconf 78' lang='grc' dir='ltr'><strong>καὶ</strong></span> <span class='ocrx_word' id='word_1_290' title='bbox 1042 2452 1190 2524; x_wconf 80' lang='grc' dir='ltr'><strong>δείξῃ</strong></span> <span class='ocrx_word' id='word_1_291' title='bbox 1235 2453 1343 2506; x_wconf 87' lang='grc' dir='ltr'><strong>τῶν</strong></span> <span class='ocrx_word' id='word_1_292' title='bbox 1385 2451 1666 2506; x_wconf 77' lang='grc' dir='ltr'><strong>ἀποθέτων</strong></span> <span class='ocrx_word' id='word_1_293' title='bbox 1718 2452 1778 2505; x_wconf 84' lang='grc' dir='ltr'><strong>τὸ</strong></span> 
     </span>
    </p>
   </div>
   <div class='ocr_carea' id='block_1_41' title="bbox 243 2543 1777 2613">
    <p class='ocr_par' dir='ltr' id='par_1_41' title="bbox 243 2543 1777 2613">
     <span class='ocr_line' id='line_1_41' title="bbox 243 2543 1777 2613; baseline 0.001 -19"><span class='ocrx_word' id='word_1_294' title='bbox 243 2543 426 2608; x_wconf 75' lang='grc' dir='ltr'><strong>κάλλοςο</strong></span> <span class='ocrx_word' id='word_1_295' title='bbox 467 2544 585 2597; x_wconf 78' lang='grc' dir='ltr'><strong>τότε</strong></span> <span class='ocrx_word' id='word_1_296' title='bbox 649 2544 874 2612; x_wconf 85' lang='grc' dir='ltr'><strong>γλυκεῖα</strong></span> <span class='ocrx_word' id='word_1_297' title='bbox 923 2543 1133 2613; x_wconf 89' lang='grc' dir='ltr'><strong>γίνεται</strong></span> <span class='ocrx_word' id='word_1_298' title='bbox 1173 2546 1287 2606; x_wconf 88' lang='grc' dir='ltr'><strong>τοῖς</strong></span> <span class='ocrx_word' id='word_1_299' title='bbox 1335 2544 1696 2596; x_wconf 83' lang='grc' dir='ltr'><strong>ἀπολαύουσιν</strong></span> <span class='ocrx_word' id='word_1_300' title='bbox 1744 2545 1777 2612; x_wconf 80' lang='grc' dir='ltr'>ἡ</span> 
     </span>
    </p>
   </div>
   <div class='ocr_carea' id='block_1_42' title="bbox 243 2632 1780 2705">
    <p class='ocr_par' dir='ltr' id='par_1_42' title="bbox 243 2632 1780 2705">
     <span class='ocr_line' id='line_1_42' title="bbox 243 2632 1780 2705; baseline 0.002 -21"><span class='ocrx_word' id='word_1_301' title='bbox 243 2635 454 2700; x_wconf 78' lang='grc' dir='ltr'><strong>μετουσία</strong></span> <span class='ocrx_word' id='word_1_302' title='bbox 495 2635 602 2688; x_wconf 88' lang='grc' dir='ltr'><strong>τῶν</strong></span> <span class='ocrx_word' id='word_1_303' title='bbox 661 2634 804 2688; x_wconf 76' lang='grc' dir='ltr'><strong>ἰδίων</strong></span> <span class='ocrx_word' id='word_1_304' title='bbox 844 2632 1092 2705; x_wconf 83' lang='grc' dir='ltr'><strong>καρπῶν.</strong></span> <span class='ocrx_word' id='word_1_305' title='bbox 1145 2634 1283 2704; x_wconf 70' lang='grc' dir='ltr'><strong>Φησὶ</strong></span> <span class='ocrx_word' id='word_1_306' title='bbox 1323 2634 1430 2703; x_wconf 88' lang='grc' dir='ltr'><strong>γάρ</strong></span> <span class='ocrx_word' id='word_1_307' title='bbox 1477 2650 1575 2685; x_wconf 88' lang='grc' dir='ltr'><strong>που</strong></span> <span class='ocrx_word' id='word_1_308' title='bbox 1617 2633 1712 2686; x_wconf 77' lang='grc' dir='ltr'><strong>καὶ</strong></span> <span class='ocrx_word' id='word_1_309' title='bbox 1751 2635 1780 2687; x_wconf 94' lang='lat'><strong>6</strong></span> 
     </span>
    </p>
   </div>
   <div class='ocr_carea' id='block_1_43' title="bbox 242 2719 1779 2795">
    <p class='ocr_par' dir='ltr' id='par_1_43' title="bbox 242 2719 1779 2795">
     <span class='ocr_line' id='line_1_43' title="bbox 242 2719 1779 2795; baseline 0.002 -22"><span class='ocrx_word' id='word_1_310' title='bbox 242 2724 346 2784; x_wconf 76' lang='grc' dir='ltr'><strong>θεῖος</strong></span> <span class='ocrx_word' id='word_1_311' title='bbox 372 2719 704 2786; x_wconf 78' lang='grc' dir='ltr'><strong>’Δπόστολος,</strong></span> <span class='ocrx_word' id='word_1_312' title='bbox 722 2721 802 2774; x_wconf 69' lang='grc' dir='ltr'><strong>ὅτι</strong></span> <span class='ocrx_word' id='word_1_313' title='bbox 819 2725 968 2777; x_wconf 83' lang='grc' dir='ltr'><strong>πᾶσα</strong></span> <span class='ocrx_word' id='word_1_314' title='bbox 993 2724 1210 2778; x_wconf 89' lang='grc' dir='ltr'><strong>παιδεία</strong></span> <span class='ocrx_word' id='word_1_315' title='bbox 1237 2723 1372 2795; x_wconf 78' lang='grc' dir='ltr'><strong>πρὸς</strong></span> <span class='ocrx_word' id='word_1_316' title='bbox 1405 2724 1502 2793; x_wconf 81' lang='grc' dir='ltr'><strong>μὲν</strong></span> <span class='ocrx_word' id='word_1_317' title='bbox 1527 2723 1588 2775; x_wconf 85' lang='grc' dir='ltr'><strong>τὸ</strong></span> <span class='ocrx_word' id='word_1_318' title='bbox 1609 2724 1779 2795; x_wconf 81' lang='grc' dir='ltr'><strong>παρὸν</strong></span> 
     </span>
    </p>
   </div>
   <div class='ocr_carea' id='block_1_44' title="bbox 236 2809 1781 2886">
    <p class='ocr_par' dir='ltr' id='par_1_44' title="bbox 236 2809 1781 2886">
     <span class='ocr_line' id='line_1_44' title="bbox 236 2809 1781 2886; baseline 0.004 -23"><span class='ocrx_word' id='word_1_319' title='bbox 236 2814 281 2863; x_wconf 70' lang='grc' dir='ltr'><strong>οὐ</strong></span> <span class='ocrx_word' id='word_1_320' title='bbox 305 2813 430 2866; x_wconf 83' lang='grc' dir='ltr'><strong>δοκεί</strong></span> <span class='ocrx_word' id='word_1_321' title='bbox 458 2816 638 2886; x_wconf 81' lang='grc' dir='ltr'>χαρᾶς</span> <span class='ocrx_word' id='word_1_322' title='bbox 679 2809 843 2876; x_wconf 68' lang='grc' dir='ltr'><strong>εἶναι,</strong></span> <span class='ocrx_word' id='word_1_323' title='bbox 889 2814 1026 2868; x_wconf 77' lang='grc' dir='ltr'><strong>ἀλλὰ</strong></span> <span class='ocrx_word' id='word_1_324' title='bbox 1069 2814 1280 2886; x_wconf 81' lang='grc' dir='ltr'><strong>λύπης’</strong></span> <span class='ocrx_word' id='word_1_325' title='bbox 1327 2815 1485 2869; x_wconf 86' lang='grc' dir='ltr'><strong>τοῦτό</strong></span> <span class='ocrx_word' id='word_1_326' title='bbox 1524 2817 1639 2869; x_wconf 80' lang='grc' dir='ltr'><strong>ἐστι</strong></span> <span class='ocrx_word' id='word_1_327' title='bbox 1682 2816 1781 2886; x_wconf 80' lang='grc' dir='ltr'><strong>τῆς</strong></span> 
     </span>
    </p>
   </div>
   <div class='ocr_carea' id='block_1_45' title="bbox 238 2905 1780 2980">
    <p class='ocr_par' dir='ltr' id='par_1_45' title="bbox 238 2905 1780 2980">
     <span class='ocr_line' id='line_1_45' title="bbox 238 2905 1780 2980; baseline 0.003 -22"><span class='ocrx_word' id='word_1_328' title='bbox 238 2905 354 2972; x_wconf 57' lang='grc' dir='ltr'><strong>ῥοιᾶς</strong></span> <span class='ocrx_word' id='word_1_329' title='bbox 373 2906 428 2958; x_wconf 84' lang='grc' dir='ltr'><strong>τὸ</strong></span> <span class='ocrx_word' id='word_1_330' title='bbox 458 2907 906 2978; x_wconf 63' lang='grc' dir='ltr'><strong>πριιενιτυγχάνον</strong></span> <span class='ocrx_word' id='word_1_331' title='bbox 939 2909 1050 2972; x_wconf 84' lang='grc' dir='ltr'><strong>τοῖς</strong></span> <span class='ocrx_word' id='word_1_332' title='bbox 1078 2909 1404 2979; x_wconf 81' lang='grc' dir='ltr'><strong>ἁπτομένοις</strong></span> <span class='ocrx_word' id='word_1_333' title='bbox 1424 2927 1438 2940; x_wconf 70' lang='grc'><strong><em>⁸</em></strong></span> <span class='ocrx_word' id='word_1_334' title='bbox 1469 2908 1693 2980; x_wconf 80' lang='grc' dir='ltr'><strong>ὕστερον</strong></span> <span class='ocrx_word' id='word_1_335' title='bbox 1723 2909 1780 2962; x_wconf 80' lang='grc' dir='ltr'><strong>δὲ</strong></span> 
     </span>
    </p>
   </div>
   <div class='ocr_carea' id='block_1_46' title="bbox 1874 1732 3452 1802">
    <p class='ocr_par' dir='ltr' id='par_1_46' title="bbox 1874 1732 3452 1802">
     <span class='ocr_line' id='line_1_46' title="bbox 1874 1732 3452 1802; baseline -0.007 -7"><span class='ocrx_word' id='word_1_336' title='bbox 1874 1737 2291 1795; x_wconf 88' lang='lat' dir='ltr'><strong>incomestibilis</strong></span> <span class='ocrx_word' id='word_1_337' title='bbox 2321 1736 2567 1802; x_wconf 85' lang='lat' dir='ltr'><strong>duraque</strong></span> <span class='ocrx_word' id='word_1_338' title='bbox 2597 1740 2700 1794; x_wconf 87' lang='lat' dir='ltr'><strong>est,</strong></span> <span class='ocrx_word' id='word_1_339' title='bbox 2738 1732 2882 1799; x_wconf 83' lang='lat' dir='ltr'><strong>quod</strong></span> <span class='ocrx_word' id='word_1_340' title='bbox 2938 1739 3117 1784; x_wconf 88' lang='lat' dir='ltr'><strong>autem</strong></span> <span class='ocrx_word' id='word_1_341' title='bbox 3165 1732 3312 1784; x_wconf 91' lang='lat' dir='ltr'><strong>intus</strong></span> <span class='ocrx_word' id='word_1_342' title='bbox 3351 1744 3452 1784; x_wconf 85' lang='lat' dir='ltr'><strong>re-</strong></span> 
     </span>
    </p>
   </div>
   <div class='ocr_carea' id='block_1_47' title="bbox 1873 1822 3453 1889">
    <p class='ocr_par' dir='ltr' id='par_1_47' title="bbox 1873 1822 3453 1889">
     <span class='ocr_line' id='line_1_47' title="bbox 1873 1822 3453 1889; baseline -0.008 -4"><span class='ocrx_word' id='word_1_343' title='bbox 1873 1831 2152 1887; x_wconf 90' lang='lat' dir='ltr'><strong>conditum</strong></span> <span class='ocrx_word' id='word_1_344' title='bbox 2195 1834 2300 1889; x_wconf 86' lang='lat' dir='ltr'><strong>est,</strong></span> <span class='ocrx_word' id='word_1_345' title='bbox 2355 1833 2408 1881; x_wconf 90' lang='lat' dir='ltr'><strong>et</strong></span> <span class='ocrx_word' id='word_1_346' title='bbox 2463 1825 2581 1878; x_wconf 88' lang='lat' dir='ltr'><strong>visu</strong></span> <span class='ocrx_word' id='word_1_347' title='bbox 2637 1839 2702 1878; x_wconf 86' lang='lat' dir='ltr'><strong>ex</strong></span> <span class='ocrx_word' id='word_1_348' title='bbox 2757 1823 3017 1878; x_wconf 81' lang='lat' dir='ltr'><strong>varietate</strong></span> <span class='ocrx_word' id='word_1_349' title='bbox 3063 1822 3265 1876; x_wconf 88' lang='lat' dir='ltr'><strong>coloris</strong></span> <span class='ocrx_word' id='word_1_350' title='bbox 3287 1829 3453 1888; x_wconf 82' lang='lat' dir='ltr'><strong>atque</strong></span> 
     </span>
    </p>
   </div>
   <div class='ocr_carea' id='block_1_48' title="bbox 1873 1908 3452 1986">
    <p class='ocr_par' dir='ltr' id='par_1_48' title="bbox 1873 1908 3452 1986">
     <span class='ocr_line' id='line_1_48' title="bbox 1873 1908 3452 1986; baseline -0.009 -9"><span class='ocrx_word' id='word_1_351' title='bbox 1873 1918 2250 1977; x_wconf 87' lang='lat' dir='ltr'><strong>collocationis</strong></span> <span class='ocrx_word' id='word_1_352' title='bbox 2280 1915 2790 1986; x_wconf 85' lang='lat' dir='ltr'><strong>ordinejucundum</strong></span> <span class='ocrx_word' id='word_1_353' title='bbox 2819 1924 2923 1979; x_wconf 89' lang='lat' dir='ltr'><strong>est,</strong></span> <span class='ocrx_word' id='word_1_354' title='bbox 2962 1920 3015 1968; x_wconf 86' lang='lat' dir='ltr'><strong>et</strong></span> <span class='ocrx_word' id='word_1_355' title='bbox 3061 1919 3221 1984; x_wconf 75' lang='lat' dir='ltr'><strong>gustu</strong></span> <span class='ocrx_word' id='word_1_356' title='bbox 3252 1908 3452 1976; x_wconf 57' lang='lat' dir='ltr'><strong>jucun4</strong></span> 
     </span>
    </p>
   </div>
   <div class='ocr_carea' id='block_1_49' title="bbox 1873 2001 3454 2079">
    <p class='ocr_par' dir='ltr' id='par_1_49' title="bbox 1873 2001 3454 2079">
     <span class='ocr_line' id='line_1_49' title="bbox 1873 2001 3454 2079; baseline -0.009 -10"><span class='ocrx_word' id='word_1_357' title='bbox 1873 2014 2020 2074; x_wconf 87' lang='lat' dir='ltr'><strong>dius,</strong></span> <span class='ocrx_word' id='word_1_358' title='bbox 2052 2027 2160 2065; x_wconf 89' lang='lat' dir='ltr'><strong>non</strong></span> <span class='ocrx_word' id='word_1_359' title='bbox 2192 2023 2358 2079; x_wconf 84' lang='lat' dir='ltr'><strong>parva</strong></span> <span class='ocrx_word' id='word_1_360' title='bbox 2388 2006 2674 2061; x_wconf 89' lang='lat' dir='ltr'><strong>dulcedine</strong></span> <span class='ocrx_word' id='word_1_361' title='bbox 2701 2021 2918 2060; x_wconf 84' lang='lat' dir='ltr'><strong>sensum</strong></span> <span class='ocrx_word' id='word_1_362' title='bbox 2969 2005 3227 2057; x_wconf 76' lang='lat' dir='ltr'><strong>alliciens.</strong></span> <span class='ocrx_word' id='word_1_363' title='bbox 3272 2001 3454 2055; x_wconf 59' lang='lat' dir='ltr'><strong>Philo-</strong></span> 
     </span>
    </p>
   </div>
   <div class='ocr_carea' id='block_1_50' title="bbox 1875 2093 3455 2171">
    <p class='ocr_par' dir='ltr' id='par_1_50' title="bbox 1875 2093 3455 2171">
     <span class='ocr_line' id='line_1_50' title="bbox 1875 2093 3455 2171; baseline -0.009 -14"><span class='ocrx_word' id='word_1_364' title='bbox 1875 2102 2100 2171; x_wconf 81' lang='lat' dir='ltr'><strong>50phica</strong></span> <span class='ocrx_word' id='word_1_365' title='bbox 2119 2107 2175 2154; x_wconf 86' lang='lat' dir='ltr'><strong>et</strong></span> <span class='ocrx_word' id='word_1_366' title='bbox 2192 2111 2409 2168; x_wconf 90' lang='lat' dir='ltr'><strong>quoque</strong></span> <span class='ocrx_word' id='word_1_367' title='bbox 2424 2095 2735 2149; x_wconf 83' lang='lat' dir='ltr'><strong>Christiana</strong></span> <span class='ocrx_word' id='word_1_368' title='bbox 2753 2095 2966 2148; x_wconf 80' lang='lat' dir='ltr'><strong>vivendi</strong></span> <span class='ocrx_word' id='word_1_369' title='bbox 2989 2094 3127 2146; x_wconf 88' lang='lat' dir='ltr'><strong>ratio</strong></span> <span class='ocrx_word' id='word_1_370' title='bbox 3149 2093 3284 2146; x_wconf 89' lang='lat' dir='ltr'><strong>dura</strong></span> <span class='ocrx_word' id='word_1_371' title='bbox 3302 2101 3455 2147; x_wconf 64' lang='lat' dir='ltr'><strong>exle»</strong></span> 
     </span>
    </p>
   </div>
   <div class='ocr_carea' id='block_1_51' title="bbox 1874 2183 3455 2260">
    <p class='ocr_par' dir='ltr' id='par_1_51' title="bbox 1874 2183 3455 2260">
     <span class='ocr_line' id='line_1_51' title="bbox 1874 2183 3455 2260; baseline -0.008 -13"><span class='ocrx_word' id='word_1_372' title='bbox 1874 2194 2015 2260; x_wconf 89' lang='lat' dir='ltr'><strong>rius,</strong></span> <span class='ocrx_word' id='word_1_373' title='bbox 2043 2199 2208 2259; x_wconf 85' lang='lat' dir='ltr'><strong>atque</strong></span> <span class='ocrx_word' id='word_1_374' title='bbox 2239 2201 2430 2258; x_wconf 89' lang='lat' dir='ltr'><strong>aspera</strong></span> <span class='ocrx_word' id='word_1_375' title='bbox 2466 2187 2650 2241; x_wconf 90' lang='lat' dir='ltr'><strong>sensui</strong></span> <span class='ocrx_word' id='word_1_376' title='bbox 2678 2192 2782 2246; x_wconf 89' lang='lat' dir='ltr'><strong>est,</strong></span> <span class='ocrx_word' id='word_1_377' title='bbox 2826 2185 2972 2239; x_wconf 91' lang='lat' dir='ltr'><strong>intus</strong></span> <span class='ocrx_word' id='word_1_378' title='bbox 3001 2184 3201 2253; x_wconf 57' lang='lat' dir='ltr'><strong>saepius</strong></span> <span class='ocrx_word' id='word_1_379' title='bbox 3223 2183 3455 2251; x_wconf 76' lang='lat' dir='ltr'><strong>Optima-</strong></span> 
     </span>
    </p>
   </div>
   <div class='ocr_carea' id='block_1_52' title="bbox 1876 2277 3456 2354">
    <p class='ocr_par' dir='ltr' id='par_1_52' title="bbox 1876 2277 3456 2354">
     <span class='ocr_line' id='line_1_52' title="bbox 1876 2277 3456 2354; baseline -0.008 -15"><span class='ocrx_word' id='word_1_380' title='bbox 1876 2301 1994 2339; x_wconf 90' lang='lat' dir='ltr'><strong>rum</strong></span> <span class='ocrx_word' id='word_1_381' title='bbox 2030 2282 2632 2354; x_wconf 84' lang='lat' dir='ltr'><strong>pulcherrimarumque</strong></span> <span class='ocrx_word' id='word_1_382' title='bbox 2653 2293 2833 2333; x_wconf 92' lang='lat' dir='ltr'><strong>rerum</strong></span> <span class='ocrx_word' id='word_1_383' title='bbox 2872 2277 3050 2345; x_wconf 89' lang='lat' dir='ltr'><strong>plena,</strong></span> <span class='ocrx_word' id='word_1_384' title='bbox 3081 2283 3325 2344; x_wconf 86' lang='lat' dir='ltr'><strong>tempore</strong></span> <span class='ocrx_word' id='word_1_385' title='bbox 3355 2291 3456 2330; x_wconf 88' lang='lat' dir='ltr'><strong>suo</strong></span> 
     </span>
    </p>
   </div>
   <div class='ocr_carea' id='block_1_53' title="bbox 1876 2366 3454 2437">
    <p class='ocr_par' dir='ltr' id='par_1_53' title="bbox 1876 2366 3454 2437">
     <span class='ocr_line' id='line_1_53' title="bbox 1876 2366 3454 2437; baseline -0.007 -9"><span class='ocrx_word' id='word_1_386' title='bbox 1876 2389 1999 2428; x_wconf 94' lang='lat' dir='ltr'><strong>cum</strong></span> <span class='ocrx_word' id='word_1_387' title='bbox 2030 2381 2242 2426; x_wconf 85' lang='lat' dir='ltr'><strong>matura</strong></span> <span class='ocrx_word' id='word_1_388' title='bbox 2275 2369 2460 2431; x_wconf 80' lang='lat' dir='ltr'><strong>fuerit,</strong></span> <span class='ocrx_word' id='word_1_389' title='bbox 2497 2383 2731 2436; x_wconf 86' lang='lat' dir='ltr'><strong>cumque</strong></span> <span class='ocrx_word' id='word_1_390' title='bbox 2780 2366 3019 2437; x_wconf 82' lang='lat' dir='ltr'><strong>agricola</strong></span> <span class='ocrx_word' id='word_1_391' title='bbox 3067 2373 3252 2420; x_wconf 88' lang='lat' dir='ltr'><strong>noster</strong></span> <span class='ocrx_word' id='word_1_392' title='bbox 3298 2379 3454 2435; x_wconf 89' lang='lat' dir='ltr'><strong>poma</strong></span> 
     </span>
    </p>
   </div>
   <div class='ocr_carea' id='block_1_54' title="bbox 1878 2459 3454 2536">
    <p class='ocr_par' dir='ltr' id='par_1_54' title="bbox 1878 2459 3454 2536">
     <span class='ocr_line' id='line_1_54' title="bbox 1878 2459 3454 2536; baseline -0.006 -17"><span class='ocrx_word' id='word_1_393' title='bbox 1878 2465 2078 2536; x_wconf 79' lang='lat' dir='ltr'><strong>punica</strong></span> <span class='ocrx_word' id='word_1_394' title='bbox 2125 2463 2289 2530; x_wconf 77' lang='lat' dir='ltr'><strong>hujus</strong></span> <span class='ocrx_word' id='word_1_395' title='bbox 2338 2461 2462 2514; x_wconf 67' lang='lat' dir='ltr'><strong>vitae</strong></span> <span class='ocrx_word' id='word_1_396' title='bbox 2515 2459 2742 2530; x_wconf 90' lang='lat' dir='ltr'><strong>aperiet,</strong></span> <span class='ocrx_word' id='word_1_397' title='bbox 2799 2459 3170 2514; x_wconf 88' lang='lat' dir='ltr'><strong>dulcissimam</strong></span> <span class='ocrx_word' id='word_1_398' title='bbox 3231 2472 3454 2512; x_wconf 88' lang='lat' dir='ltr'><strong>suorum</strong></span> 
     </span>
    </p>
   </div>
   <div class='ocr_carea' id='block_1_55' title="bbox 1878 2545 3455 2622">
    <p class='ocr_par' dir='ltr' id='par_1_55' title="bbox 1878 2545 3455 2622">
     <span class='ocr_line' id='line_1_55' title="bbox 1878 2545 3455 2622; baseline -0.005 -13"><span class='ocrx_word' id='word_1_399' title='bbox 1878 2555 2152 2609; x_wconf 80' lang='lat' dir='ltr'><strong>fructuum</strong></span> <span class='ocrx_word' id='word_1_400' title='bbox 2197 2551 2478 2622; x_wconf 64' lang='lat' dir='ltr'><strong>praestabit</strong></span> <span class='ocrx_word' id='word_1_401' title='bbox 2534 2545 2911 2620; x_wconf 73' lang='lat' dir='ltr'><strong>fragrantiam.</strong></span> <span class='ocrx_word' id='word_1_402' title='bbox 2944 2549 3238 2620; x_wconf 83' lang='lat' dir='ltr'><strong>Apostolus</strong></span> <span class='ocrx_word' id='word_1_403' title='bbox 3291 2550 3455 2603; x_wconf 88' lang='lat' dir='ltr'><strong>etiam</strong></span> 
     </span>
    </p>
   </div>
   <div class='ocr_carea' id='block_1_56' title="bbox 1877 2639 3456 2710">
    <p class='ocr_par' dir='ltr' id='par_1_56' title="bbox 1877 2639 3456 2710">
     <span class='ocr_line' id='line_1_56' title="bbox 1877 2639 3456 2710; baseline -0.004 -12"><span class='ocrx_word' id='word_1_404' title='bbox 1877 2644 2030 2706; x_wconf 89' lang='lat' dir='ltr'><strong>dicit,</strong></span> <span class='ocrx_word' id='word_1_405' title='bbox 2083 2643 2285 2696; x_wconf 89' lang='lat' dir='ltr'><strong>nullam</strong></span> <span class='ocrx_word' id='word_1_406' title='bbox 2317 2641 2664 2710; x_wconf 88' lang='lat' dir='ltr'><strong>disciplinam</strong></span> <span class='ocrx_word' id='word_1_407' title='bbox 2719 2642 2773 2694; x_wconf 88' lang='lat' dir='ltr'><strong>in</strong></span> <span class='ocrx_word' id='word_1_408' title='bbox 2829 2642 3080 2709; x_wconf 72' lang='lat' dir='ltr'><strong>prtesenti</strong></span> <span class='ocrx_word' id='word_1_409' title='bbox 3132 2641 3240 2694; x_wconf 91' lang='lat' dir='ltr'><strong>vita</strong></span> <span class='ocrx_word' id='word_1_410' title='bbox 3283 2639 3456 2694; x_wconf 85' lang='lat' dir='ltr'><strong>videri</strong></span> 
     </span>
    </p>
   </div>
   <div class='ocr_carea' id='block_1_57' title="bbox 1879 2731 3456 2800">
    <p class='ocr_par' dir='ltr' id='par_1_57' title="bbox 1879 2731 3456 2800">
     <span class='ocr_line' id='line_1_57' title="bbox 1879 2731 3456 2800; baseline -0.005 -8"><span class='ocrx_word' id='word_1_411' title='bbox 1879 2737 2118 2792; x_wconf 70' lang='lat' dir='ltr'><strong>laetitiam</strong></span> <span class='ocrx_word' id='word_1_412' title='bbox 2150 2734 2364 2795; x_wconf 81' lang='lat' dir='ltr'><strong>all&#39;erre.</strong></span> <span class='ocrx_word' id='word_1_413' title='bbox 2398 2733 2492 2788; x_wconf 91' lang='lat' dir='ltr'><strong>sed</strong></span> <span class='ocrx_word' id='word_1_414' title='bbox 2527 2732 2807 2787; x_wconf 84' lang='lat' dir='ltr'><strong>tristitiam</strong></span> <span class='ocrx_word' id='word_1_415' title='bbox 2839 2735 2925 2799; x_wconf 80' lang='lat'><strong>“;</strong></span> <span class='ocrx_word' id='word_1_416' title='bbox 2975 2740 3029 2786; x_wconf 91' lang='lat' dir='ltr'><strong>et</strong></span> <span class='ocrx_word' id='word_1_417' title='bbox 3084 2731 3136 2784; x_wconf 91' lang='lat' dir='ltr'><strong>id</strong></span> <span class='ocrx_word' id='word_1_418' title='bbox 3170 2742 3275 2795; x_wconf 90' lang='lat' dir='ltr'><strong>est,</strong></span> <span class='ocrx_word' id='word_1_419' title='bbox 3310 2731 3456 2800; x_wconf 89' lang='lat' dir='ltr'><strong>quod</strong></span> 
     </span>
    </p>
   </div>
   <div class='ocr_carea' id='block_1_58' title="bbox 1880 2819 3456 2897">
    <p class='ocr_par' dir='ltr' id='par_1_58' title="bbox 1880 2819 3456 2897">
     <span class='ocr_line' id='line_1_58' title="bbox 1880 2819 3456 2897; baseline -0.006 -17"><span class='ocrx_word' id='word_1_420' title='bbox 1880 2842 1976 2897; x_wconf 85' lang='lat' dir='ltr'><strong>per</strong></span> <span class='ocrx_word' id='word_1_421' title='bbox 2008 2824 2277 2879; x_wconf 81' lang='lat' dir='ltr'><strong>exteriora</strong></span> <span class='ocrx_word' id='word_1_422' title='bbox 2310 2822 2454 2892; x_wconf 74' lang='lat' dir='ltr'><strong>ponii</strong></span> <span class='ocrx_word' id='word_1_423' title='bbox 2492 2821 2675 2890; x_wconf 87' lang='lat' dir='ltr'><strong>punici</strong></span> <span class='ocrx_word' id='word_1_424' title='bbox 2711 2821 3005 2893; x_wconf 48' lang='lat' dir='ltr'><strong>ﬁguratur.</strong></span> <span class='ocrx_word' id='word_1_425' title='bbox 3051 2819 3181 2874; x_wconf 79' lang='lat' dir='ltr'><strong>Post</strong></span> <span class='ocrx_word' id='word_1_426' title='bbox 3213 2821 3327 2874; x_wconf 70' lang='lat' dir='ltr'><strong>haac</strong></span> <span class='ocrx_word' id='word_1_427' title='bbox 3356 2835 3456 2872; x_wconf 91' lang='lat' dir='ltr'><strong>au-</strong></span> 
     </span>
    </p>
   </div>
   <div class='ocr_carea' id='block_1_59' title="bbox 1882 2910 3459 2982">
    <p class='ocr_par' dir='ltr' id='par_1_59' title="bbox 1882 2910 3459 2982">
     <span class='ocr_line' id='line_1_59' title="bbox 1882 2910 3459 2982; baseline -0.005 -11"><span class='ocrx_word' id='word_1_428' title='bbox 1882 2926 1989 2972; x_wconf 91' lang='lat' dir='ltr'><strong>tem</strong></span> <span class='ocrx_word' id='word_1_429' title='bbox 2019 2916 2253 2970; x_wconf 77' lang='lat' dir='ltr'><strong>fructum</strong></span> <span class='ocrx_word' id='word_1_430' title='bbox 2275 2911 2557 2982; x_wconf 89' lang='lat' dir='ltr'><strong>paciﬁcum</strong></span> <span class='ocrx_word' id='word_1_431' title='bbox 2583 2911 2783 2977; x_wconf 89' lang='lat' dir='ltr'><strong>reddit,</strong></span> <span class='ocrx_word' id='word_1_432' title='bbox 2817 2919 2869 2964; x_wconf 89' lang='lat' dir='ltr'><strong>et</strong></span> <span class='ocrx_word' id='word_1_433' title='bbox 2923 2911 2973 2964; x_wconf 89' lang='lat' dir='ltr'><strong>id</strong></span> <span class='ocrx_word' id='word_1_434' title='bbox 3004 2919 3086 2965; x_wconf 91' lang='lat' dir='ltr'><strong>est</strong></span> <span class='ocrx_word' id='word_1_435' title='bbox 3113 2910 3343 2966; x_wconf 89' lang='lat' dir='ltr'><strong>dulcedo</strong></span> <span class='ocrx_word' id='word_1_436' title='bbox 3373 2911 3459 2964; x_wconf 89' lang='lat' dir='ltr'><strong>in-</strong></span> 
     </span>
    </p>
   </div>
   <div class='ocr_carea' id='block_1_60' title="bbox 232 2996 1783 3078">
    <p class='ocr_par' dir='ltr' id='par_1_60' title="bbox 232 2996 1780 3070">
     <span class='ocr_line' id='line_1_60' title="bbox 232 2996 1780 3070; baseline 0.003 -22"><span class='ocrx_word' id='word_1_437' title='bbox 232 2997 402 3063; x_wconf 69' lang='grc' dir='ltr'><strong>καρπὸν</strong></span> <span class='ocrx_word' id='word_1_438' title='bbox 447 2997 735 3069; x_wconf 67' lang='grc' dir='ltr'><strong>εἰρηνικὸν</strong></span> <span class='ocrx_word' id='word_1_439' title='bbox 766 2996 1076 3052; x_wconf 82' lang='grc' dir='ltr'><strong>ἀποδίδωσι.</strong></span> <span class='ocrx_word' id='word_1_440' title='bbox 1122 2997 1295 3052; x_wconf 86' lang='grc' dir='ltr'><strong>Τοῦτο</strong></span> <span class='ocrx_word' id='word_1_441' title='bbox 1341 3001 1376 3070; x_wconf 80' lang='grc' dir='ltr'>ὴ</span> <span class='ocrx_word' id='word_1_442' title='bbox 1417 2999 1524 3054; x_wconf 87' lang='grc' dir='ltr'><strong>τῶν</strong></span> <span class='ocrx_word' id='word_1_443' title='bbox 1571 3000 1780 3053; x_wconf 77' lang='grc' dir='ltr'><strong>ἔνδοθεν</strong></span> 
     </span>
    </p>
   </div>
   <div class='ocr_carea' id='block_1_61' title="bbox 1882 2996 3456 3078">
    <p class='ocr_par' dir='ltr' id='par_1_61' title="bbox 1885 3000 3456 3078">
     <span class='ocr_line' id='line_1_61' title="bbox 1885 3000 3456 3078; baseline -0.006 -17"><span class='ocrx_word' id='word_1_444' title='bbox 1885 3008 2051 3062; x_wconf 90' lang='lat' dir='ltr'><strong>terior</strong></span> <span class='ocrx_word' id='word_1_445' title='bbox 2085 3021 2149 3059; x_wconf 86' lang='lat' dir='ltr'><strong>ac</strong></span> <span class='ocrx_word' id='word_1_446' title='bbox 2182 3003 2550 3078; x_wconf 87' lang='lat' dir='ltr'><strong>pulchritudo.</strong></span> <span class='ocrx_word' id='word_1_447' title='bbox 2605 3000 2757 3056; x_wconf 81' lang='lat' dir='ltr'><strong>Hanc</strong></span> <span class='ocrx_word' id='word_1_448' title='bbox 2807 3010 3011 3056; x_wconf 76' lang='lat' dir='ltr'><strong>vestem</strong></span> <span class='ocrx_word' id='word_1_449' title='bbox 3055 3001 3456 3071; x_wconf 86' lang='lat' dir='ltr'><strong>cossymbotam</strong></span> 
     </span>
    </p>
   </div>
   <div class='ocr_carea' id='block_1_62' title="bbox 233 3084 1778 3159">
    <p class='ocr_par' dir='ltr' id='par_1_62' title="bbox 233 3084 1778 3159">
     <span class='ocr_line' id='line_1_62' title="bbox 233 3084 1778 3159; baseline 0.006 -23"><span class='ocrx_word' id='word_1_450' title='bbox 233 3084 463 3154; x_wconf 75' lang='grc' dir='ltr'><strong>ὲέιιιιδίμων</strong></span> <span class='ocrx_word' id='word_1_451' title='bbox 503 3087 812 3158; x_wconf 78' lang='grc' dir='ltr'><strong>γλυκύτης.</strong></span> <span class='ocrx_word' id='word_1_452' title='bbox 841 3087 944 3141; x_wconf 79' lang='grc' dir='ltr'><strong>Τὸν</strong></span> <span class='ocrx_word' id='word_1_453' title='bbox 988 3089 1045 3142; x_wconf 85' lang='grc' dir='ltr'><strong>δὲ</strong></span> <span class='ocrx_word' id='word_1_454' title='bbox 1089 3089 1294 3159; x_wconf 82' lang='grc' dir='ltr'><strong>χιτῶνα</strong></span> <span class='ocrx_word' id='word_1_455' title='bbox 1331 3090 1518 3144; x_wconf 86' lang='grc' dir='ltr'><strong>τοῦτον</strong></span> <span class='ocrx_word' id='word_1_456' title='bbox 1555 3092 1650 3145; x_wconf 78' lang='grc' dir='ltr'><strong>καὶ</strong></span> <span class='ocrx_word' id='word_1_457' title='bbox 1687 3108 1778 3144; x_wconf 90' lang='grc' dir='ltr'><strong>κο-</strong></span> 
     </span>
    </p>
   </div>
   <div class='ocr_carea' id='block_1_63' title="bbox 229 3175 1778 3254">
    <p class='ocr_par' dir='ltr' id='par_1_63' title="bbox 229 3175 1778 3254">
     <span class='ocr_line' id='line_1_63' title="bbox 229 3175 1778 3254; baseline 0.005 -24"><span class='ocrx_word' id='word_1_458' title='bbox 229 3177 472 3244; x_wconf 56' lang='lat' dir='ltr'><strong>mium-.6»;</strong></span> <span class='ocrx_word' id='word_1_459' title='bbox 515 3175 672 3235; x_wconf 73' lang='grc' dir='ltr'><strong>εῖναι</strong></span> <span class='ocrx_word' id='word_1_460' title='bbox 711 3183 741 3234; x_wconf 89' lang='lat'><strong>6</strong></span> <span class='ocrx_word' id='word_1_461' title='bbox 771 3180 928 3248; x_wconf 85' lang='grc' dir='ltr'><strong>λόγος</strong></span> <span class='ocrx_word' id='word_1_462' title='bbox 969 3181 1356 3236; x_wconf 81' lang='grc' dir='ltr'><strong>διακελεύεται.</strong></span> <span class='ocrx_word' id='word_1_463' title='bbox 1407 3183 1684 3254; x_wconf 81' lang='grc' dir='ltr'><strong>Κόσυμϐοι</strong></span> <span class='ocrx_word' id='word_1_464' title='bbox 1721 3185 1778 3237; x_wconf 85' lang='grc' dir='ltr'><strong>δέ</strong></span> 
     </span>
    </p>
   </div>
   <div class='ocr_carea' id='block_1_64' title="bbox 228 3268 1778 3346">
    <p class='ocr_par' dir='ltr' id='par_1_64' title="bbox 228 3268 1778 3346">
     <span class='ocr_line' id='line_1_64' title="bbox 228 3268 1778 3346; baseline 0.008 -30"><span class='ocrx_word' id='word_1_465' title='bbox 228 3268 330 3330; x_wconf 71' lang='grc' dir='ltr'><strong>εἰσι,</strong></span> <span class='ocrx_word' id='word_1_466' title='bbox 354 3271 416 3322; x_wconf 76' lang='grc' dir='ltr'><strong>τὰ</strong></span> <span class='ocrx_word' id='word_1_467' title='bbox 439 3271 542 3336; x_wconf 73' lang='grc' dir='ltr'><strong>ἔξω</strong></span> <span class='ocrx_word' id='word_1_468' title='bbox 568 3273 683 3343; x_wconf 80' lang='grc' dir='ltr'><strong>τῆς</strong></span> <span class='ocrx_word' id='word_1_469' title='bbox 720 3273 931 3343; x_wconf 77' lang='grc' dir='ltr'><strong>χρείας,</strong></span> <span class='ocrx_word' id='word_1_470' title='bbox 966 3273 1172 3343; x_wconf 89' lang='grc' dir='ltr'><strong>κόσμου</strong></span> <span class='ocrx_word' id='word_1_471' title='bbox 1203 3274 1384 3346; x_wconf 82' lang='grc' dir='ltr'><strong>χάριν,</strong></span> <span class='ocrx_word' id='word_1_472' title='bbox 1415 3275 1778 3346; x_wconf 80' lang='grc' dir='ltr'><strong>ἀπηρτημένα</strong></span> 
     </span>
    </p>
   </div>
   <div class='ocr_carea' id='block_1_65' title="bbox 224 3363 1775 3435">
    <p class='ocr_par' dir='ltr' id='par_1_65' title="bbox 224 3363 1775 3435">
     <span class='ocr_line' id='line_1_65' title="bbox 224 3363 1775 3435; baseline 0.003 -22"><span class='ocrx_word' id='word_1_473' title='bbox 224 3363 501 3433; x_wconf 59' lang='grc' dir='ltr'><strong>σφαιροειδῆ</strong></span> <span class='ocrx_word' id='word_1_474' title='bbox 523 3366 655 3418; x_wconf 82' lang='grc' dir='ltr'><strong>ἀπα.</strong></span> <span class='ocrx_word' id='word_1_475' title='bbox 664 3365 762 3434; x_wconf 81' lang='grc' dir='ltr'><strong>ρτή</strong></span> <span class='ocrx_word' id='word_1_476' title='bbox 771 3381 937 3434; x_wconf 85' lang='grc' dir='ltr'><strong>ματα.</strong></span> <span class='ocrx_word' id='word_1_477' title='bbox 967 3365 1331 3435; x_wconf 83' lang='grc' dir='ltr'><strong>Μανθάνομεν</strong></span> <span class='ocrx_word' id='word_1_478' title='bbox 1353 3366 1409 3419; x_wconf 83' lang='grc' dir='ltr'><strong>δὲ</strong></span> <span class='ocrx_word' id='word_1_479' title='bbox 1429 3367 1517 3420; x_wconf 84' lang='grc' dir='ltr'><strong>διὰ</strong></span> <span class='ocrx_word' id='word_1_480' title='bbox 1538 3365 1742 3419; x_wconf 85' lang='grc' dir='ltr'><strong>τούτων</strong></span> <span class='ocrx_word' id='word_1_481' title='bbox 1762 3382 1775 3396; x_wconf 90' lang='grc'>·</span> 
     </span>
    </p>
   </div>
   <div class='ocr_carea' id='block_1_66' title="bbox 222 3451 1776 3528">
    <p class='ocr_par' dir='ltr' id='par_1_66' title="bbox 222 3451 1776 3528">
     <span class='ocr_line' id='line_1_66' title="bbox 222 3451 1776 3528; baseline 0.005 -28"><span class='ocrx_word' id='word_1_482' title='bbox 222 3451 270 3501; x_wconf 72' lang='grc' dir='ltr'><strong>τὸ</strong></span> <span class='ocrx_word' id='word_1_483' title='bbox 289 3452 384 3505; x_wconf 80' lang='grc' dir='ltr'><strong>δεῖν</strong></span> <span class='ocrx_word' id='word_1_484' title='bbox 422 3457 497 3526; x_wconf 77' lang='grc' dir='ltr'><strong>μὴ</strong></span> <span class='ocrx_word' id='word_1_485' title='bbox 536 3459 607 3526; x_wconf 79' lang='grc' dir='ltr'><strong>τῇ</strong></span> <span class='ocrx_word' id='word_1_486' title='bbox 666 3454 852 3525; x_wconf 76' lang='grc' dir='ltr'><strong>ἐντολῇ</strong></span> <span class='ocrx_word' id='word_1_487' title='bbox 887 3456 1045 3526; x_wconf 86' lang='grc' dir='ltr'><strong>μόνον</strong></span> <span class='ocrx_word' id='word_1_488' title='bbox 1071 3455 1170 3526; x_wconf 84' lang='grc' dir='ltr'><strong>τὴν</strong></span> <span class='ocrx_word' id='word_1_489' title='bbox 1209 3457 1412 3527; x_wconf 73' lang='grc' dir='ltr'><strong>ἀρετὴν</strong></span> <span class='ocrx_word' id='word_1_490' title='bbox 1447 3456 1776 3528; x_wconf 86' lang='grc' dir='ltr'><strong>μετρεῖσθαι,</strong></span> 
     </span>
    </p>
   </div>
   <div class='ocr_carea' id='block_1_67' title="bbox 213 3545 1782 3620">
    <p class='ocr_par' dir='ltr' id='par_1_67' title="bbox 213 3545 1782 3620">
     <span class='ocr_line' id='line_1_67' title="bbox 213 3545 1782 3620; baseline 0.001 -21"><span class='ocrx_word' id='word_1_491' title='bbox 350 3565 398 3600; x_wconf 90' lang='grc' dir='ltr'><strong>τι</strong></span> <span class='ocrx_word' id='word_1_492' title='bbox 422 3549 516 3601; x_wconf 77' lang='grc' dir='ltr'><strong>καὶ</strong></span> <span class='ocrx_word' id='word_1_493' title='bbox 538 3549 684 3620; x_wconf 79' lang='grc' dir='ltr'><strong>παρ’</strong></span> <span class='ocrx_word' id='word_1_494' title='bbox 721 3546 874 3616; x_wconf 78' lang='grc' dir='ltr'><strong>ἡμῶν</strong></span> <span class='ocrx_word' id='word_1_495' title='bbox 905 3546 1310 3618; x_wconf 78' lang='grc' dir='ltr'><strong>ὲξευρίσκεσθαι</strong></span> <span class='ocrx_word' id='word_1_496' title='bbox 1340 3548 1428 3602; x_wconf 74' lang='grc' dir='ltr'><strong>διὰ</strong></span> <span class='ocrx_word' id='word_1_497' title='bbox 1455 3548 1562 3601; x_wconf 91' lang='grc' dir='ltr'><strong>τῶν</strong></span> <span class='ocrx_word' id='word_1_498' title='bbox 1587 3548 1782 3612; x_wconf 79' lang='grc' dir='ltr'><strong>ἔξωθεν</strong></span> 
     </span>
    </p>
   </div>
   <div class='ocr_carea' id='block_1_68' title="bbox 221 3638 1779 3710">
    <p class='ocr_par' dir='ltr' id='par_1_68' title="bbox 221 3638 1779 3710">
     <span class='ocr_line' id='line_1_68' title="bbox 221 3638 1779 3710; baseline 0.002 -22"><span class='ocrx_word' id='word_1_499' title='bbox 221 3640 738 3708; x_wconf 77' lang='grc' dir='ltr'><strong>παρεπινοουμένων.</strong></span> <span class='ocrx_word' id='word_1_500' title='bbox 785 3639 872 3700; x_wconf 83' lang='grc' dir='ltr'><strong>Ὠς</strong></span> <span class='ocrx_word' id='word_1_501' title='bbox 900 3638 966 3692; x_wconf 81' lang='grc' dir='ltr'>ἂν</span> <span class='ocrx_word' id='word_1_502' title='bbox 996 3640 1282 3710; x_wconf 85' lang='grc' dir='ltr'><strong>προσθήκη</strong></span> <span class='ocrx_word' id='word_1_503' title='bbox 1311 3656 1396 3702; x_wconf 92' lang='grc' dir='ltr'><strong>τις</strong></span> <span class='ocrx_word' id='word_1_504' title='bbox 1439 3639 1534 3692; x_wconf 91' lang='grc' dir='ltr'><strong>τοῦ</strong></span> <span class='ocrx_word' id='word_1_505' title='bbox 1574 3640 1779 3709; x_wconf 80' lang='grc' dir='ltr'><strong>κόσμου</strong></span> 
     </span>
    </p>
   </div>
   <div class='ocr_carea' id='block_1_69' title="bbox 218 3726 1782 3802">
    <p class='ocr_par' dir='ltr' id='par_1_69' title="bbox 218 3726 1782 3802">
     <span class='ocr_line' id='line_1_69' title="bbox 218 3726 1782 3802; baseline 0 -19"><span class='ocrx_word' id='word_1_506' title='bbox 218 3728 394 3793; x_wconf 58' lang='lat' dir='ltr'><strong>rita-:0</strong></span> <span class='ocrx_word' id='word_1_507' title='bbox 419 3729 498 3799; x_wconf 83' lang='grc' dir='ltr'><strong>τῷ</strong></span> <span class='ocrx_word' id='word_1_508' title='bbox 537 3731 833 3802; x_wconf 80' lang='grc' dir='ltr'><strong>ὲνδύματι,</strong></span> <span class='ocrx_word' id='word_1_509' title='bbox 863 3726 974 3796; x_wconf 75' lang='grc' dir='ltr'><strong>οἷος</strong></span> <span class='ocrx_word' id='word_1_510' title='bbox 1009 3733 1034 3784; x_wconf 86' lang='lat'><strong>6</strong></span> <span class='ocrx_word' id='word_1_511' title='bbox 1062 3732 1272 3796; x_wconf 81' lang='grc' dir='ltr'><strong>Παῦλος</strong></span> <span class='ocrx_word' id='word_1_512' title='bbox 1313 3728 1402 3802; x_wconf 81' lang='grc' dir='ltr'><strong>ἦν,</strong></span> <span class='ocrx_word' id='word_1_513' title='bbox 1428 3732 1554 3794; x_wconf 75' lang='grc' dir='ltr'><strong>τοὺς</strong></span> <span class='ocrx_word' id='word_1_514' title='bbox 1586 3731 1782 3795; x_wconf 76' lang='grc' dir='ltr'><strong>καλοὺς</strong></span> 
     </span>
    </p>
   </div>
   <div class='ocr_carea' id='block_1_70' title="bbox 215 3819 1778 3891">
    <p class='ocr_par' dir='ltr' id='par_1_70' title="bbox 215 3819 1778 3891">
     <span class='ocr_line' id='line_1_70' title="bbox 215 3819 1778 3891; baseline 0.003 -21"><span class='ocrx_word' id='word_1_515' title='bbox 215 3822 322 3888; x_wconf 72' lang='grc' dir='ltr'><strong>παρ’</strong></span> <span class='ocrx_word' id='word_1_516' title='bbox 357 3820 553 3873; x_wconf 75' lang='grc' dir='ltr'><strong>ἑαυτοῦ</strong></span> <span class='ocrx_word' id='word_1_517' title='bbox 609 3819 926 3890; x_wconf 74' lang='grc' dir='ltr'><strong>κοσύμὸους</strong></span> <span class='ocrx_word' id='word_1_518' title='bbox 975 3823 1095 3885; x_wconf 84' lang='grc' dir='ltr'><strong>ταῖς</strong></span> <span class='ocrx_word' id='word_1_519' title='bbox 1145 3822 1386 3885; x_wconf 76' lang='grc' dir='ltr'><strong>ἐντολαῖς</strong></span> <span class='ocrx_word' id='word_1_520' title='bbox 1437 3821 1778 3891; x_wconf 82' lang='grc' dir='ltr'><strong>συμπλέκων.</strong></span> 
     </span>
    </p>
   </div>
   <div class='ocr_carea' id='block_1_71' title="bbox 216 3909 1783 3984">
    <p class='ocr_par' dir='ltr' id='par_1_71' title="bbox 216 3909 1783 3984">
     <span class='ocr_line' id='line_1_71' title="bbox 216 3909 1783 3984; baseline 0.003 -24"><span class='ocrx_word' id='word_1_521' title='bbox 216 3909 299 3962; x_wconf 75' lang='grc' dir='ltr'><strong>τοῦ</strong></span> <span class='ocrx_word' id='word_1_522' title='bbox 347 3913 452 3983; x_wconf 67' lang='grc' dir='ltr'><strong>γὰρ</strong></span> <span class='ocrx_word' id='word_1_523' title='bbox 498 3913 682 3966; x_wconf 82' lang='grc' dir='ltr'><strong>νόιιου</strong></span> <span class='ocrx_word' id='word_1_524' title='bbox 741 3911 1052 3976; x_wconf 85' lang='grc' dir='ltr'><strong>κελεύοντος</strong></span> <span class='ocrx_word' id='word_1_525' title='bbox 1114 3914 1238 3977; x_wconf 81' lang='grc' dir='ltr'><strong>τοὺς</strong></span> <span class='ocrx_word' id='word_1_526' title='bbox 1295 3913 1371 3983; x_wconf 84' lang='grc' dir='ltr'><strong>τῷ</strong></span> <span class='ocrx_word' id='word_1_527' title='bbox 1415 3912 1783 3984; x_wconf 80' lang='grc' dir='ltr'><strong>θυσιαστηρίῳ</strong></span> 
     </span>
    </p>
   </div>
   <div class='ocr_carea' id='block_1_72' title="bbox 211 4001 1784 4075">
    <p class='ocr_par' dir='ltr' id='par_1_72' title="bbox 211 4001 1784 4075">
     <span class='ocr_line' id='line_1_72' title="bbox 211 4001 1784 4075; baseline 0.004 -25"><span class='ocrx_word' id='word_1_528' title='bbox 211 4004 687 4072; x_wconf 67' lang='grc' dir='ltr'><strong>προσεδρεύοντας,</strong></span> <span class='ocrx_word' id='word_1_529' title='bbox 708 4001 788 4071; x_wconf 84' lang='grc' dir='ltr'><strong>τῷ</strong></span> <span class='ocrx_word' id='word_1_530' title='bbox 803 4001 1173 4073; x_wconf 84' lang='grc' dir='ltr'><strong>θυσιαστηρίῳ</strong></span> <span class='ocrx_word' id='word_1_531' title='bbox 1199 4021 1260 4056; x_wconf 90' lang='grc' dir='ltr'><strong>συ</strong></span> <span class='ocrx_word' id='word_1_532' title='bbox 1270 4002 1654 4075; x_wconf 77' lang='grc' dir='ltr'><strong>μμερίζεσθαι·</strong></span> <span class='ocrx_word' id='word_1_533' title='bbox 1691 4004 1784 4056; x_wconf 76' lang='grc' dir='ltr'><strong>καὶ</strong></span> 
     </span>
    </p>
   </div>
   <div class='ocr_carea' id='block_1_73' title="bbox 208 4092 1785 4165">
    <p class='ocr_par' dir='ltr' id='par_1_73' title="bbox 208 4092 1785 4165">
     <span class='ocr_line' id='line_1_73' title="bbox 208 4092 1785 4165; baseline 0.003 -21"><span class='ocrx_word' id='word_1_534' title='bbox 208 4092 270 4160; x_wconf 68' lang='grc' dir='ltr'><strong>μὴ</strong></span> <span class='ocrx_word' id='word_1_535' title='bbox 305 4093 615 4157; x_wconf 84' lang='grc' dir='ltr'><strong>κωλύοντος</strong></span> <span class='ocrx_word' id='word_1_536' title='bbox 656 4092 894 4164; x_wconf 80' lang='grc' dir='ltr'><strong>ἀδελφὴν</strong></span> <span class='ocrx_word' id='word_1_537' title='bbox 933 4096 1168 4160; x_wconf 84' lang='grc' dir='ltr'><strong>γυναῖκα</strong></span> <span class='ocrx_word' id='word_1_538' title='bbox 1208 4096 1514 4165; x_wconf 80' lang='grc' dir='ltr'><strong>περιάγειν,</strong></span> <span class='ocrx_word' id='word_1_539' title='bbox 1542 4095 1785 4157; x_wconf 72' lang='grc' dir='ltr'><strong>καὶτοὺς</strong></span> 
     </span>
    </p>
   </div>
   <div class='ocr_carea' id='block_1_74' title="bbox 203 4181 1785 4256">
    <p class='ocr_par' dir='ltr' id='par_1_74' title="bbox 203 4181 1785 4256">
     <span class='ocr_line' id='line_1_74' title="bbox 203 4181 1785 4256; baseline 0.004 -24"><span class='ocrx_word' id='word_1_540' title='bbox 203 4182 252 4231; x_wconf 65' lang='grc' dir='ltr'><strong>τὸ</strong></span> <span class='ocrx_word' id='word_1_541' title='bbox 275 4185 618 4254; x_wconf 66' lang='grc' dir='ltr'><strong>Εὖαγγέλιον</strong></span> <span class='ocrx_word' id='word_1_542' title='bbox 672 4185 1165 4252; x_wconf 81' lang='grc' dir='ltr'><strong>καταγγέλλοντας,</strong></span> <span class='ocrx_word' id='word_1_543' title='bbox 1202 4186 1410 4250; x_wconf 78' lang='grc' dir='ltr'><strong>ἐκεῖθεν</strong></span> <span class='ocrx_word' id='word_1_544' title='bbox 1456 4185 1588 4256; x_wconf 74' lang='grc' dir='ltr'><strong>ζῇνο</strong></span> <span class='ocrx_word' id='word_1_545' title='bbox 1633 4181 1785 4250; x_wconf 75' lang='grc' dir='ltr'><strong>οὗτος</strong></span> 
     </span>
    </p>
   </div>
   <div class='ocr_carea' id='block_1_75' title="bbox 205 4271 1784 4347">
    <p class='ocr_par' dir='ltr' id='par_1_75' title="bbox 205 4271 1784 4347">
     <span class='ocr_line' id='line_1_75' title="bbox 205 4271 1784 4347; baseline 0.005 -23"><span class='ocrx_word' id='word_1_546' title='bbox 205 4271 454 4328; x_wconf 68' lang='grc' dir='ltr'><strong>ἀδάπανον</strong></span> <span class='ocrx_word' id='word_1_547' title='bbox 482 4279 737 4329; x_wconf 84' lang='grc' dir='ltr'><strong>ποιεῖται</strong></span> <span class='ocrx_word' id='word_1_548' title='bbox 776 4277 838 4328; x_wconf 77' lang='grc' dir='ltr'><strong>τὸ</strong></span> <span class='ocrx_word' id='word_1_549' title='bbox 876 4276 1228 4345; x_wconf 82' lang='grc' dir='ltr'><strong>Εὐαγγέλιον,</strong></span> <span class='ocrx_word' id='word_1_550' title='bbox 1259 4279 1456 4330; x_wconf 85' lang='grc' dir='ltr'><strong>πεινῶν</strong></span> <span class='ocrx_word' id='word_1_551' title='bbox 1497 4279 1590 4332; x_wconf 76' lang='grc' dir='ltr'><strong>καὶ</strong></span> <span class='ocrx_word' id='word_1_552' title='bbox 1617 4278 1784 4347; x_wconf 64' lang='grc' dir='ltr'><strong>διψῶν</strong></span> 
     </span>
    </p>
   </div>
   <div class='ocr_carea' id='block_1_76' title="bbox 199 4351 1864 4437">
    <p class='ocr_par' dir='ltr' id='par_1_76' title="bbox 199 4351 1864 4437">
     <span class='ocr_line' id='line_1_76' title="bbox 199 4351 1864 4437; baseline 0.004 -24"><span class='ocrx_word' id='word_1_553' title='bbox 199 4364 276 4414; x_wconf 72' lang='grc' dir='ltr'><strong>καὶ</strong></span> <span class='ocrx_word' id='word_1_554' title='bbox 311 4366 718 4436; x_wconf 60' lang='grc' dir='ltr'><strong>γυμητεὺων.</strong></span> <span class='ocrx_word' id='word_1_555' title='bbox 769 4357 926 4419; x_wconf 79' lang='grc' dir='ltr'><strong>Οῦτοί</strong></span> <span class='ocrx_word' id='word_1_556' title='bbox 954 4367 1093 4419; x_wconf 80' lang='grc' dir='ltr'><strong>εἰσιν</strong></span> <span class='ocrx_word' id='word_1_557' title='bbox 1135 4368 1186 4419; x_wconf 89' lang='grc' dir='ltr'><strong>οί</strong></span> <span class='ocrx_word' id='word_1_558' title='bbox 1228 4365 1384 4420; x_wconf 74' lang='grc' dir='ltr'><strong>καλοὶ</strong></span> <span class='ocrx_word' id='word_1_559' title='bbox 1418 4367 1704 4437; x_wconf 81' lang='grc' dir='ltr'><strong>κόσυμδοι,</strong></span> <span class='ocrx_word' id='word_1_560' title='bbox 1734 4369 1784 4420; x_wconf 85' lang='grc' dir='ltr'><strong>οί</strong></span> <span class='ocrx_word' id='word_1_561' title='bbox 1821 4351 1864 4406; x_wconf 80' lang='lat' dir='ltr'><strong>D</strong></span> 
     </span>
    </p>
   </div>
   <div class='ocr_carea' id='block_1_77' title="bbox 200 4455 1783 4529">
    <p class='ocr_par' dir='ltr' id='par_1_77' title="bbox 200 4455 1783 4529">
     <span class='ocr_line' id='line_1_77' title="bbox 200 4455 1783 4529; baseline 0.005 -26"><span class='ocrx_word' id='word_1_562' title='bbox 200 4455 277 4505; x_wconf 67' lang='grc' dir='ltr'><strong>τὸν</strong></span> <span class='ocrx_word' id='word_1_563' title='bbox 305 4459 513 4526; x_wconf 79' lang='grc' dir='ltr'><strong>χιτῶνα</strong></span> <span class='ocrx_word' id='word_1_564' title='bbox 555 4457 680 4511; x_wconf 83' lang='grc' dir='ltr'><strong>τῶν</strong></span> <span class='ocrx_word' id='word_1_565' title='bbox 721 4456 950 4510; x_wconf 81' lang='grc' dir='ltr'><strong>ἐντολῶν</strong></span> <span class='ocrx_word' id='word_1_566' title='bbox 978 4459 1045 4526; x_wconf 78' lang='grc' dir='ltr'><strong>τῇ</strong></span> <span class='ocrx_word' id='word_1_567' title='bbox 1084 4458 1214 4527; x_wconf 82' lang='grc' dir='ltr'><strong>παρ’</strong></span> <span class='ocrx_word' id='word_1_568' title='bbox 1257 4456 1462 4510; x_wconf 79' lang='grc' dir='ltr'><strong>ἑαυτῶν</strong></span> <span class='ocrx_word' id='word_1_569' title='bbox 1500 4458 1783 4529; x_wconf 82' lang='grc' dir='ltr'><strong>προσθήκῃ</strong></span> 
     </span>
    </p>
   </div>
   <div class='ocr_carea' id='block_1_78' title="bbox 195 4545 1786 4621">
    <p class='ocr_par' dir='ltr' id='par_1_78' title="bbox 195 4545 1786 4621">
     <span class='ocr_line' id='line_1_78' title="bbox 195 4545 1786 4621; baseline 0.004 -24"><span class='ocrx_word' id='word_1_570' title='bbox 195 4551 702 4621; x_wconf 73' lang='grc' dir='ltr'><strong>κατακοσμοῦντες.</strong></span> <span class='ocrx_word' id='word_1_571' title='bbox 746 4545 876 4603; x_wconf 76' lang='grc' dir='ltr'><strong>Εἶτα</strong></span> <span class='ocrx_word' id='word_1_572' title='bbox 905 4549 1000 4602; x_wconf 83' lang='grc' dir='ltr'><strong>δύο</strong></span> <span class='ocrx_word' id='word_1_573' title='bbox 1026 4549 1224 4603; x_wconf 83' lang='grc' dir='ltr'><strong>πέπλοι</strong></span> <span class='ocrx_word' id='word_1_574' title='bbox 1247 4550 1454 4605; x_wconf 82' lang='grc' dir='ltr'><strong>ἄνωθεν</strong></span> <span class='ocrx_word' id='word_1_575' title='bbox 1475 4550 1786 4604; x_wconf 79' lang='grc' dir='ltr'><strong>ἐπιϐάλλον-</strong></span> 
     </span>
    </p>
   </div>
   <div class='ocr_carea' id='block_1_79' title="bbox 194 4640 1787 4713">
    <p class='ocr_par' dir='ltr' id='par_1_79' title="bbox 194 4640 1787 4713">
     <span class='ocr_line' id='line_1_79' title="bbox 194 4640 1787 4713; baseline 0.005 -26"><span class='ocrx_word' id='word_1_576' title='bbox 194 4653 271 4689; x_wconf 76' lang='grc' dir='ltr'><strong>ται</strong></span> <span class='ocrx_word' id='word_1_577' title='bbox 295 4641 369 4711; x_wconf 75' lang='grc' dir='ltr'><strong>τῷ</strong></span> <span class='ocrx_word' id='word_1_578' title='bbox 397 4644 650 4713; x_wconf 74' lang='grc' dir='ltr'><strong>ποδήρει</strong></span> <span class='ocrx_word' id='word_1_579' title='bbox 685 4644 748 4695; x_wconf 82' lang='grc' dir='ltr'><strong>ὲκ</strong></span> <span class='ocrx_word' id='word_1_580' title='bbox 787 4641 895 4693; x_wconf 89' lang='grc' dir='ltr'><strong>τῶν</strong></span> <span class='ocrx_word' id='word_1_581' title='bbox 930 4640 1096 4710; x_wconf 89' lang='grc' dir='ltr'><strong>ῶμων</strong></span> <span class='ocrx_word' id='word_1_582' title='bbox 1129 4641 1290 4712; x_wconf 87' lang='grc' dir='ltr'><strong>μέχρι</strong></span> <span class='ocrx_word' id='word_1_583' title='bbox 1319 4640 1412 4695; x_wconf 86' lang='grc' dir='ltr'><strong>τοῦ</strong></span> <span class='ocrx_word' id='word_1_584' title='bbox 1445 4641 1670 4712; x_wconf 85' lang='grc' dir='ltr'><strong>στήθους</strong></span> <span class='ocrx_word' id='word_1_585' title='bbox 1697 4642 1787 4695; x_wconf 76' lang='grc' dir='ltr'><strong>καὶ</strong></span> 
     </span>
    </p>
   </div>
   <div class='ocr_carea' id='block_1_80' title="bbox 189 4727 1788 4802">
    <p class='ocr_par' dir='ltr' id='par_1_80' title="bbox 189 4727 1788 4802">
     <span class='ocr_line' id='line_1_80' title="bbox 189 4727 1788 4802; baseline 0.004 -24"><span class='ocrx_word' id='word_1_586' title='bbox 189 4727 284 4779; x_wconf 75' lang='grc' dir='ltr'><strong>τῶν</strong></span> <span class='ocrx_word' id='word_1_587' title='bbox 315 4732 706 4802; x_wconf 71' lang='grc' dir='ltr'><strong>μεταφρένων</strong></span> <span class='ocrx_word' id='word_1_588' title='bbox 730 4729 1079 4800; x_wconf 84' lang='grc' dir='ltr'><strong>καθήκοντες,</strong></span> <span class='ocrx_word' id='word_1_589' title='bbox 1110 4731 1202 4784; x_wconf 89' lang='grc' dir='ltr'><strong>δύο</strong></span> <span class='ocrx_word' id='word_1_590' title='bbox 1229 4730 1468 4801; x_wconf 79' lang='grc' dir='ltr'><strong>πόρπαις</strong></span> <span class='ocrx_word' id='word_1_591' title='bbox 1511 4731 1630 4784; x_wconf 84' lang='grc' dir='ltr'><strong>καθ’</strong></span> <span class='ocrx_word' id='word_1_592' title='bbox 1660 4733 1788 4786; x_wconf 81' lang='grc' dir='ltr'><strong>ἐκά-</strong></span> 
     </span>
    </p>
   </div>
   <div class='ocr_carea' id='block_1_81' title="bbox 190 4814 1785 4891">
    <p class='ocr_par' dir='ltr' id='par_1_81' title="bbox 190 4814 1785 4891">
     <span class='ocr_line' id='line_1_81' title="bbox 190 4814 1785 4891; baseline 0.006 -26"><span class='ocrx_word' id='word_1_593' title='bbox 190 4831 332 4885; x_wconf 57' lang='lat' dir='ltr'><strong>tego-1</strong></span> <span class='ocrx_word' id='word_1_594' title='bbox 369 4814 533 4886; x_wconf 71' lang='grc' dir='ltr'><strong>ὦμον</strong></span> <span class='ocrx_word' id='word_1_595' title='bbox 577 4820 841 4888; x_wconf 75' lang='grc' dir='ltr'><strong>ἀλλήλοις</strong></span> <span class='ocrx_word' id='word_1_596' title='bbox 890 4822 1186 4891; x_wconf 80' lang='grc' dir='ltr'><strong>ἑνούμενοι.</strong></span> <span class='ocrx_word' id='word_1_597' title='bbox 1225 4822 1289 4872; x_wconf 82' lang='grc' dir='ltr'><strong>Αἱ</strong></span> <span class='ocrx_word' id='word_1_598' title='bbox 1320 4821 1375 4873; x_wconf 86' lang='grc' dir='ltr'><strong>δὲ</strong></span> <span class='ocrx_word' id='word_1_599' title='bbox 1407 4821 1612 4891; x_wconf 88' lang='grc' dir='ltr'><strong>πόρπαι</strong></span> <span class='ocrx_word' id='word_1_600' title='bbox 1652 4821 1785 4874; x_wconf 82' lang='grc' dir='ltr'><strong>λίθοι</strong></span> 
     </span>
    </p>
   </div>
   <div class='ocr_carea' id='block_1_82' title="bbox 190 4907 1790 4983">
    <p class='ocr_par' dir='ltr' id='par_1_82' title="bbox 190 4907 1790 4983">
     <span class='ocr_line' id='line_1_82' title="bbox 190 4907 1790 4983; baseline 0.006 -27"><span class='ocrx_word' id='word_1_601' title='bbox 190 4907 282 4960; x_wconf 72' lang='grc' dir='ltr'><strong>εἰσὶ</strong></span> <span class='ocrx_word' id='word_1_602' title='bbox 319 4911 390 4963; x_wconf 69' lang='grc' dir='ltr'><strong>τὰ</strong></span> <span class='ocrx_word' id='word_1_603' title='bbox 429 4911 554 4962; x_wconf 78' lang='grc' dir='ltr'><strong>τῶν</strong></span> <span class='ocrx_word' id='word_1_604' title='bbox 607 4911 966 4983; x_wconf 77' lang='grc' dir='ltr'><strong>πατριαρχῶν</strong></span> <span class='ocrx_word' id='word_1_605' title='bbox 1004 4912 1244 4980; x_wconf 84' lang='grc' dir='ltr'><strong>ὀνόματα</strong></span> <span class='ocrx_word' id='word_1_606' title='bbox 1268 4909 1329 4974; x_wconf 82' lang='grc' dir='ltr'>ἒξ</span> <span class='ocrx_word' id='word_1_607' title='bbox 1367 4910 1486 4963; x_wconf 86' lang='grc' dir='ltr'><strong>καθ’</strong></span> <span class='ocrx_word' id='word_1_608' title='bbox 1530 4911 1790 4982; x_wconf 81' lang='grc' dir='ltr'><strong>ἑκάτερον</strong></span> 
     </span>
    </p>
   </div>
   <div class='ocr_carea' id='block_1_83' title="bbox 195 4999 1790 5070">
    <p class='ocr_par' dir='ltr' id='par_1_83' title="bbox 195 4999 1790 5070">
     <span class='ocr_line' id='line_1_83' title="bbox 195 4999 1790 5070; baseline 0.006 -24"><span class='ocrx_word' id='word_1_609' title='bbox 195 4999 381 5063; x_wconf 71' lang='grc' dir='ltr'><strong>ἐντοῖς</strong></span> <span class='ocrx_word' id='word_1_610' title='bbox 424 5003 775 5070; x_wconf 68' lang='grc' dir='ltr'><strong>χαράγμασι</strong></span> <span class='ocrx_word' id='word_1_611' title='bbox 814 5001 1091 5069; x_wconf 76' lang='grc' dir='ltr'><strong>φέρουσαι.</strong></span> <span class='ocrx_word' id='word_1_612' title='bbox 1146 5001 1372 5070; x_wconf 86' lang='grc' dir='ltr'><strong>Ποικίλη</strong></span> <span class='ocrx_word' id='word_1_613' title='bbox 1423 5001 1476 5054; x_wconf 81' lang='grc' dir='ltr'>δὲ</span> <span class='ocrx_word' id='word_1_614' title='bbox 1526 5003 1633 5055; x_wconf 87' lang='grc' dir='ltr'><strong>τῶν</strong></span> <span class='ocrx_word' id='word_1_615' title='bbox 1680 5005 1790 5066; x_wconf 80' lang='grc' dir='ltr'><strong>πέ-</strong></span> 
     </span>
    </p>
   </div>
   <div class='ocr_carea' id='block_1_84' title="bbox 197 5088 1793 5163">
    <p class='ocr_par' dir='ltr' id='par_1_84' title="bbox 197 5088 1793 5163">
     <span class='ocr_line' id='line_1_84' title="bbox 197 5088 1793 5163; baseline 0.005 -26"><span class='ocrx_word' id='word_1_616' title='bbox 197 5088 325 5142; x_wconf 61' lang='grc' dir='ltr'><strong>τὰων</strong></span> <span class='ocrx_word' id='word_1_617' title='bbox 358 5092 392 5160; x_wconf 76' lang='grc' dir='ltr'>ἡ</span> <span class='ocrx_word' id='word_1_618' title='bbox 431 5090 764 5161; x_wconf 75' lang='grc' dir='ltr'><strong>ίπουργία.</strong></span> <span class='ocrx_word' id='word_1_619' title='bbox 810 5091 1092 5149; x_wconf 81' lang='grc' dir='ltr'><strong>Ὑάκινθος</strong></span> <span class='ocrx_word' id='word_1_620' title='bbox 1135 5093 1232 5160; x_wconf 84' lang='grc' dir='ltr'><strong>μὲν</strong></span> <span class='ocrx_word' id='word_1_621' title='bbox 1259 5093 1520 5163; x_wconf 65' lang='grc' dir='ltr'><strong>πορφύρῳ</strong></span> <span class='ocrx_word' id='word_1_622' title='bbox 1552 5093 1793 5163; x_wconf 84' lang='grc' dir='ltr'><strong>συμπλέ-</strong></span> 
     </span>
    </p>
   </div>
   <div class='ocr_carea' id='block_1_85' title="bbox 201 5179 1796 5254">
    <p class='ocr_par' dir='ltr' id='par_1_85' title="bbox 201 5179 1796 5254">
     <span class='ocr_line' id='line_1_85' title="bbox 201 5179 1796 5254; baseline 0.005 -27"><span class='ocrx_word' id='word_1_623' title='bbox 201 5193 354 5231; x_wconf 68' lang='lat' dir='ltr'><strong>tam.</strong></span> <span class='ocrx_word' id='word_1_624' title='bbox 394 5181 474 5232; x_wconf 75' lang='grc' dir='ltr'><strong>Τὸ</strong></span> <span class='ocrx_word' id='word_1_625' title='bbox 509 5181 576 5232; x_wconf 82' lang='grc' dir='ltr'><strong>δὲ</strong></span> <span class='ocrx_word' id='word_1_626' title='bbox 613 5179 721 5247; x_wconf 79' lang='grc' dir='ltr'><strong>τῆς</strong></span> <span class='ocrx_word' id='word_1_627' title='bbox 754 5181 952 5234; x_wconf 87' lang='grc' dir='ltr'><strong>κόκκου</strong></span> <span class='ocrx_word' id='word_1_628' title='bbox 987 5179 1239 5249; x_wconf 80' lang='grc' dir='ltr'><strong>ἐρύθημα</strong></span> <span class='ocrx_word' id='word_1_629' title='bbox 1267 5183 1332 5252; x_wconf 81' lang='grc' dir='ltr'><strong>τῇ</strong></span> <span class='ocrx_word' id='word_1_630' title='bbox 1375 5181 1557 5254; x_wconf 85' lang='grc' dir='ltr'><strong>βύσσῳ</strong></span> <span class='ocrx_word' id='word_1_631' title='bbox 1603 5183 1796 5254; x_wconf 77' lang='grc' dir='ltr'><strong>μίγνυο</strong></span> 
     </span>
    </p>
   </div>
   <div class='ocr_carea' id='block_1_86' title="bbox 200 5270 1796 5352">
    <p class='ocr_par' dir='ltr' id='par_1_86' title="bbox 200 5270 1796 5352">
     <span class='ocr_line' id='line_1_86' title="bbox 200 5270 1796 5352; baseline 0.003 -30"><span class='ocrx_word' id='word_1_632' title='bbox 200 5283 292 5322; x_wconf 67' lang='grc' dir='ltr'><strong>ται.</strong></span> <span class='ocrx_word' id='word_1_633' title='bbox 331 5270 479 5324; x_wconf 67' lang='lat' dir='ltr'><strong>[list</strong></span> <span class='ocrx_word' id='word_1_634' title='bbox 516 5270 584 5324; x_wconf 77' lang='grc' dir='ltr'><strong>δὲ</strong></span> <span class='ocrx_word' id='word_1_635' title='bbox 625 5270 838 5334; x_wconf 78' lang='grc' dir='ltr'><strong>τούτοις</strong></span> <span class='ocrx_word' id='word_1_636' title='bbox 881 5271 976 5324; x_wconf 83' lang='grc' dir='ltr'><strong>τοῦ</strong></span> <span class='ocrx_word' id='word_1_637' title='bbox 1025 5273 1089 5324; x_wconf 79' lang='grc' dir='ltr'><strong>ἐκ</strong></span> <span class='ocrx_word' id='word_1_638' title='bbox 1137 5274 1356 5340; x_wconf 86' lang='grc' dir='ltr'><strong>χρυσίου</strong></span> <span class='ocrx_word' id='word_1_639' title='bbox 1403 5278 1546 5352; x_wconf 84' lang='grc' dir='ltr'><strong>νῆμα</strong></span> <span class='ocrx_word' id='word_1_640' title='bbox 1591 5291 1796 5343; x_wconf 75' lang='grc' dir='ltr'><strong>συγκα-</strong></span> 
     </span>
    </p>
   </div>
   <div class='ocr_carea' id='block_1_87' title="bbox 204 5358 1795 5438">
    <p class='ocr_par' dir='ltr' id='par_1_87' title="bbox 204 5358 1795 5438">
     <span class='ocr_line' id='line_1_87' title="bbox 204 5358 1795 5438; baseline 0.028 -46"><span class='ocrx_word' id='word_1_641' title='bbox 204 5360 555 5429; x_wconf 67' lang='grc' dir='ltr'><strong>τιπεξρεται</strong></span> <span class='ocrx_word' id='word_1_642' title='bbox 587 5376 602 5388; x_wconf 80' lang='grc' dir='ltr'><strong><em>ο</em></strong></span> <span class='ocrx_word' id='word_1_643' title='bbox 676 5358 746 5422; x_wconf 80' lang='grc' dir='ltr'><strong>ὡς</strong></span> <span class='ocrx_word' id='word_1_644' title='bbox 799 5362 864 5412; x_wconf 76' lang='grc' dir='ltr'><strong>ἐκ</strong></span> <span class='ocrx_word' id='word_1_645' title='bbox 910 5363 1009 5429; x_wconf 81' lang='grc' dir='ltr'><strong>τῆς</strong></span> <span class='ocrx_word' id='word_1_646' title='bbox 1072 5359 1377 5437; x_wconf 83' lang='grc' dir='ltr'><strong>πολυειδοῦς</strong></span> <span class='ocrx_word' id='word_1_647' title='bbox 1431 5368 1637 5438; x_wconf 77' lang='grc' dir='ltr'><strong>ταύτης</strong></span> <span class='ocrx_word' id='word_1_648' title='bbox 1697 5365 1795 5434; x_wconf 71' lang='grc' dir='ltr'><strong>τῆς</strong></span> 
     </span>
    </p>
   </div>
   <div class='ocr_carea' id='block_1_88' title="bbox 209 5438 1795 5536">
    <p class='ocr_par' dir='ltr' id='par_1_88' title="bbox 209 5438 1795 5536">
     <span class='ocr_line' id='line_1_88' title="bbox 209 5438 1795 5536; baseline -0.009 -28"><span class='ocrx_word' id='word_1_649' title='bbox 209 5438 387 5518; x_wconf 50' lang='lat' dir='ltr'><strong>ira-{55.</strong></span> <span class='ocrx_word' id='word_1_650' title='bbox 423 5452 568 5521; x_wconf 82' lang='grc' dir='ltr'><strong>μίαν</strong></span> <span class='ocrx_word' id='word_1_651' title='bbox 599 5450 733 5502; x_wconf 73' lang='grc' dir='ltr'><strong>τινὰ</strong></span> <span class='ocrx_word' id='word_1_652' title='bbox 767 5451 1208 5523; x_wconf 76' lang='grc' dir='ltr'><strong>συγκεκραμένην</strong></span> <span class='ocrx_word' id='word_1_653' title='bbox 1251 5457 1394 5536; x_wconf 68' lang='grc' dir='ltr'><strong>ὤραν</strong></span> <span class='ocrx_word' id='word_1_654' title='bbox 1422 5472 1487 5528; x_wconf 69' lang='grc' dir='ltr'><strong>ἐκ</strong></span> <span class='ocrx_word' id='word_1_655' title='bbox 1529 5464 1626 5522; x_wconf 64' lang='grc' dir='ltr'><strong>τοῦ</strong></span> <span class='ocrx_word' id='word_1_656' title='bbox 1656 5458 1795 5527; x_wconf 59' lang='grc' dir='ltr'><strong>ὑφά,</strong></span> 
     </span>
    </p>
   </div>
   <div class='ocr_carea' id='block_1_89' title="bbox 274 5616 1380 5735">
    <p class='ocr_par' dir='ltr' id='par_1_89' title="bbox 274 5616 1380 5735">
     <span class='ocr_line' id='line_1_89' title="bbox 274 5616 1380 5735; baseline -0.001 -59"><span class='ocrx_word' id='word_1_657' title='bbox 274 5616 314 5645; x_wconf 80' lang='grc'><strong>⁸³</strong></span> <span class='ocrx_word' id='word_1_658' title='bbox 350 5622 661 5678; x_wconf 76' lang='grc' dir='ltr'><strong>ιῒὶιηοιὶι.</strong></span> <span class='ocrx_word' id='word_1_659' title='bbox 701 5638 738 5689; x_wconf 89' lang='grc' dir='ltr'><strong>ι,</strong></span> <span class='ocrx_word' id='word_1_660' title='bbox 775 5627 861 5682; x_wconf 83' lang='lat' dir='ltr'><strong>l9.</strong></span> <span class='ocrx_word' id='word_1_661' title='bbox 923 5621 1148 5678; x_wconf 79' lang='lat' dir='ltr'><strong>“Hebr.</strong></span> <span class='ocrx_word' id='word_1_662' title='bbox 1186 5642 1270 5712; x_wconf 51' lang='grc' dir='ltr'><strong>ιη,</strong></span> <span class='ocrx_word' id='word_1_663' title='bbox 1306 5660 1380 5735; x_wconf 51' lang='grc' dir='ltr'><strong>Η.</strong></span> 
     </span>
    </p>
   </div>
   <div class='ocr_carea' id='block_1_90' title="bbox 1882 3091 3458 3166">
    <p class='ocr_par' dir='ltr' id='par_1_90' title="bbox 1882 3091 3458 3166">
     <span class='ocr_line' id='line_1_90' title="bbox 1882 3091 3458 3166; baseline -0.004 -15"><span class='ocrx_word' id='word_1_664' title='bbox 1882 3101 2046 3152; x_wconf 72' lang='lat' dir='ltr'><strong>etiam</strong></span> <span class='ocrx_word' id='word_1_665' title='bbox 2070 3097 2226 3166; x_wconf 86' lang='lat' dir='ltr'><strong>jubet</strong></span> <span class='ocrx_word' id='word_1_666' title='bbox 2253 3112 2396 3161; x_wconf 88' lang='lat' dir='ltr'><strong>esse,</strong></span> <span class='ocrx_word' id='word_1_667' title='bbox 2425 3103 2544 3148; x_wconf 91' lang='lat' dir='ltr'><strong>uta</strong></span> <span class='ocrx_word' id='word_1_668' title='bbox 2595 3096 2754 3149; x_wconf 88' lang='lat' dir='ltr'><strong>nobis</strong></span> <span class='ocrx_word' id='word_1_669' title='bbox 2786 3108 3002 3163; x_wconf 84' lang='lat' dir='ltr'><strong>quoque</strong></span> <span class='ocrx_word' id='word_1_670' title='bbox 3059 3092 3192 3162; x_wconf 93' lang='lat' dir='ltr'><strong>ipsis</strong></span> <span class='ocrx_word' id='word_1_671' title='bbox 3254 3091 3458 3162; x_wconf 83' lang='lat' dir='ltr'><strong>aliquid</strong></span> 
     </span>
    </p>
   </div>
   <div class='ocr_carea' id='block_1_91' title="bbox 1885 3184 3463 3244">
    <p class='ocr_par' dir='ltr' id='par_1_91' title="bbox 1885 3184 3463 3244">
     <span class='ocr_line' id='line_1_91' title="bbox 1885 3184 3463 3244; baseline -0.004 -1"><span class='ocrx_word' id='word_1_672' title='bbox 1885 3191 2115 3244; x_wconf 87' lang='lat' dir='ltr'><strong>ulterius</strong></span> <span class='ocrx_word' id='word_1_673' title='bbox 2145 3189 2211 3242; x_wconf 87' lang='lat' dir='ltr'><strong>ad</strong></span> <span class='ocrx_word' id='word_1_674' title='bbox 2249 3187 2470 3242; x_wconf 90' lang='lat' dir='ltr'><strong>virtutis</strong></span> <span class='ocrx_word' id='word_1_675' title='bbox 2520 3187 2916 3241; x_wconf 87' lang='lat' dir='ltr'><strong>incrementum</strong></span> <span class='ocrx_word' id='word_1_676' title='bbox 2948 3184 3265 3238; x_wconf 84' lang='lat' dir='ltr'><strong>adinvenire</strong></span> <span class='ocrx_word' id='word_1_677' title='bbox 3298 3197 3463 3237; x_wconf 86' lang='lat' dir='ltr'><strong>conc—</strong></span> 
     </span>
    </p>
   </div>
   <div class='ocr_carea' id='block_1_92' title="bbox 1885 3273 3462 3348">
    <p class='ocr_par' dir='ltr' id='par_1_92' title="bbox 1885 3273 3462 3348">
     <span class='ocr_line' id='line_1_92' title="bbox 1885 3273 3462 3348; baseline -0.003 -14"><span class='ocrx_word' id='word_1_678' title='bbox 1885 3296 2026 3344; x_wconf 82' lang='lat' dir='ltr'><strong>mur,</strong></span> <span class='ocrx_word' id='word_1_679' title='bbox 2059 3294 2164 3348; x_wconf 89' lang='lat' dir='ltr'><strong>quo</strong></span> <span class='ocrx_word' id='word_1_680' title='bbox 2197 3278 2574 3334; x_wconf 86' lang='lat' dir='ltr'><strong>indumentum</strong></span> <span class='ocrx_word' id='word_1_681' title='bbox 2616 3278 2864 3332; x_wconf 88' lang='lat' dir='ltr'><strong>ornatius</strong></span> <span class='ocrx_word' id='word_1_682' title='bbox 2905 3275 3017 3338; x_wconf 84' lang='lat' dir='ltr'><strong>ﬁat,</strong></span> <span class='ocrx_word' id='word_1_683' title='bbox 3047 3276 3207 3331; x_wconf 81' lang='lat' dir='ltr'><strong>sictIli</strong></span> <span class='ocrx_word' id='word_1_684' title='bbox 3261 3273 3462 3329; x_wconf 84' lang='lat' dir='ltr'><strong>Paulus</strong></span> 
     </span>
    </p>
   </div>
   <div class='ocr_carea' id='block_1_93' title="bbox 1887 3365 3461 3437">
    <p class='ocr_par' dir='ltr' id='par_1_93' title="bbox 1887 3365 3461 3437">
     <span class='ocr_line' id='line_1_93' title="bbox 1887 3365 3461 3437; baseline -0.003 -15"><span class='ocrx_word' id='word_1_685' title='bbox 1887 3369 2143 3431; x_wconf 80' lang='lat' dir='ltr'><strong>faciebat,</strong></span> <span class='ocrx_word' id='word_1_686' title='bbox 2167 3369 2259 3436; x_wconf 84' lang='lat' dir='ltr'><strong>qui</strong></span> <span class='ocrx_word' id='word_1_687' title='bbox 2292 3367 2678 3423; x_wconf 90' lang='lat' dir='ltr'><strong>ornatissimos</strong></span> <span class='ocrx_word' id='word_1_688' title='bbox 2710 3367 2763 3420; x_wconf 89' lang='lat' dir='ltr'><strong>in</strong></span> <span class='ocrx_word' id='word_1_689' title='bbox 2792 3366 2911 3421; x_wconf 90' lang='lat' dir='ltr'><strong>dies</strong></span> <span class='ocrx_word' id='word_1_690' title='bbox 2934 3366 3257 3437; x_wconf 77' lang='lat' dir='ltr'><strong>&#39;cossymhos</strong></span> <span class='ocrx_word' id='word_1_691' title='bbox 3273 3365 3461 3419; x_wconf 91' lang='lat' dir='ltr'><strong>virtuti</strong></span> 
     </span>
    </p>
   </div>
   <div class='ocr_carea' id='block_1_94' title="bbox 1885 3457 3463 3526">
    <p class='ocr_par' dir='ltr' id='par_1_94' title="bbox 1885 3457 3463 3526">
     <span class='ocr_line' id='line_1_94' title="bbox 1885 3457 3463 3526; baseline -0.002 -13"><span class='ocrx_word' id='word_1_692' title='bbox 1885 3457 2138 3513; x_wconf 89' lang='lat' dir='ltr'><strong>addebat.</strong></span> <span class='ocrx_word' id='word_1_693' title='bbox 2172 3457 2306 3510; x_wconf 83' lang='lat' dir='ltr'><strong>Nam</strong></span> <span class='ocrx_word' id='word_1_694' title='bbox 2341 3473 2466 3511; x_wconf 91' lang='lat' dir='ltr'><strong>eum</strong></span> <span class='ocrx_word' id='word_1_695' title='bbox 2500 3458 2584 3512; x_wconf 82' lang='lat' dir='ltr'><strong>lex</strong></span> <span class='ocrx_word' id='word_1_696' title='bbox 2617 3458 2896 3526; x_wconf 88' lang='lat' dir='ltr'><strong>permittat</strong></span> <span class='ocrx_word' id='word_1_697' title='bbox 2927 3457 3085 3510; x_wconf 89' lang='lat' dir='ltr'><strong>altari</strong></span> <span class='ocrx_word' id='word_1_698' title='bbox 3142 3457 3463 3511; x_wconf 88' lang='lat' dir='ltr'><strong>ministran-</strong></span> 
     </span>
    </p>
   </div>
   <div class='ocr_carea' id='block_1_95' title="bbox 1885 3549 3466 3620">
    <p class='ocr_par' dir='ltr' id='par_1_95' title="bbox 1885 3549 3466 3620">
     <span class='ocr_line' id='line_1_95' title="bbox 1885 3549 3466 3620; baseline -0.001 -16"><span class='ocrx_word' id='word_1_699' title='bbox 1885 3557 1968 3605; x_wconf 88' lang='lat' dir='ltr'><strong>tes</strong></span> <span class='ocrx_word' id='word_1_700' title='bbox 1990 3567 2052 3604; x_wconf 80' lang='lat' dir='ltr'><strong>ex</strong></span> <span class='ocrx_word' id='word_1_701' title='bbox 2083 3551 2263 3610; x_wconf 87' lang='lat' dir='ltr'><strong>altari.</strong></span> <span class='ocrx_word' id='word_1_702' title='bbox 2290 3559 2342 3605; x_wconf 86' lang='lat' dir='ltr'><strong>et</strong></span> <span class='ocrx_word' id='word_1_703' title='bbox 2373 3549 2650 3620; x_wconf 83' lang='lat' dir='ltr'><strong>Evangelii</strong></span> <span class='ocrx_word' id='word_1_704' title='bbox 2685 3551 2906 3604; x_wconf 86' lang='lat' dir='ltr'><strong>nuntios</strong></span> <span class='ocrx_word' id='word_1_705' title='bbox 2943 3560 3009 3600; x_wconf 73' lang='lat' dir='ltr'><strong>ex</strong></span> <span class='ocrx_word' id='word_1_706' title='bbox 3055 3549 3347 3618; x_wconf 80' lang='lat' dir='ltr'><strong>Evangelia</strong></span> <span class='ocrx_word' id='word_1_707' title='bbox 3386 3550 3466 3602; x_wconf 90' lang='lat' dir='ltr'><strong>vi-</strong></span> 
     </span>
    </p>
   </div>
   <div class='ocr_carea' id='block_1_96' title="bbox 1885 3640 3467 3699">
    <p class='ocr_par' dir='ltr' id='par_1_96' title="bbox 1885 3640 3467 3699">
     <span class='ocr_line' id='line_1_96' title="bbox 1885 3640 3467 3699; baseline 0.001 -7"><span class='ocrx_word' id='word_1_708' title='bbox 1885 3656 2032 3699; x_wconf 86' lang='lat' dir='ltr'><strong>vere.</strong></span> <span class='ocrx_word' id='word_1_709' title='bbox 2105 3640 2194 3693; x_wconf 85' lang='lat' dir='ltr'><strong>ille</strong></span> <span class='ocrx_word' id='word_1_710' title='bbox 2239 3640 2357 3695; x_wconf 90' lang='lat' dir='ltr'><strong>sine</strong></span> <span class='ocrx_word' id='word_1_711' title='bbox 2417 3640 2516 3692; x_wconf 89' lang='lat' dir='ltr'><strong>hac</strong></span> <span class='ocrx_word' id='word_1_712' title='bbox 2548 3641 2613 3694; x_wconf 79' lang='lat' dir='ltr'><strong>ad</strong></span> <span class='ocrx_word' id='word_1_713' title='bbox 2652 3641 2774 3693; x_wconf 83' lang='lat' dir='ltr'><strong>vitae</strong></span> <span class='ocrx_word' id='word_1_714' title='bbox 2803 3641 3182 3694; x_wconf 81' lang='lat' dir='ltr'><strong>necessitatem</strong></span> <span class='ocrx_word' id='word_1_715' title='bbox 3215 3641 3467 3695; x_wconf 87' lang='lat' dir='ltr'><strong>mercede</strong></span> 
     </span>
    </p>
   </div>
   <div class='ocr_carea' id='block_1_97' title="bbox 1891 3727 3462 3798">
    <p class='ocr_par' dir='ltr' id='par_1_97' title="bbox 1891 3727 3462 3798">
     <span class='ocr_line' id='line_1_97' title="bbox 1891 3727 3462 3798; baseline 0.001 -17"><span class='ocrx_word' id='word_1_716' title='bbox 1891 3729 2237 3788; x_wconf 62' lang='lat' dir='ltr'><strong>Evangelium</strong></span> <span class='ocrx_word' id='word_1_717' title='bbox 2268 3727 2830 3798; x_wconf 71' lang='lat' dir='ltr'><strong>prmdicavit,nutlus.</strong></span> <span class='ocrx_word' id='word_1_718' title='bbox 2876 3729 3200 3790; x_wconf 59' lang='lat' dir='ltr'><strong>famem-ens,</strong></span> <span class='ocrx_word' id='word_1_719' title='bbox 3248 3729 3462 3783; x_wconf 85' lang='lat' dir='ltr'><strong>sitiens.</strong></span> 
     </span>
    </p>
   </div>
   <div class='ocr_carea' id='block_1_98' title="bbox 1889 3816 3462 3886">
    <p class='ocr_par' dir='ltr' id='par_1_98' title="bbox 1889 3816 3462 3886">
     <span class='ocr_line' id='line_1_98' title="bbox 1889 3816 3462 3886; baseline 0.001 -16"><span class='ocrx_word' id='word_1_720' title='bbox 1889 3817 1981 3871; x_wconf 77' lang='lat' dir='ltr'><strong>lla:</strong></span> <span class='ocrx_word' id='word_1_721' title='bbox 2007 3818 2247 3886; x_wconf 79' lang='lat' dir='ltr'><strong>pulchra:</strong></span> <span class='ocrx_word' id='word_1_722' title='bbox 2294 3827 2424 3872; x_wconf 91' lang='lat' dir='ltr'><strong>sunt</strong></span> <span class='ocrx_word' id='word_1_723' title='bbox 2468 3816 2712 3882; x_wconf 66' lang='lat' dir='ltr'><strong>ﬁmbriae,</strong></span> <span class='ocrx_word' id='word_1_724' title='bbox 2766 3833 2887 3885; x_wconf 77' lang='lat' dir='ltr'><strong>qua:</strong></span> <span class='ocrx_word' id='word_1_725' title='bbox 2932 3827 3134 3870; x_wconf 84' lang='lat' dir='ltr'><strong>vestem</strong></span> <span class='ocrx_word' id='word_1_726' title='bbox 3186 3817 3462 3871; x_wconf 88' lang='lat' dir='ltr'><strong>mandato-</strong></span> 
     </span>
    </p>
   </div>
   <div class='ocr_carea' id='block_1_99' title="bbox 1888 3908 3468 3965">
    <p class='ocr_par' dir='ltr' id='par_1_99' title="bbox 1888 3908 3468 3965">
     <span class='ocr_line' id='line_1_99' title="bbox 1888 3908 3468 3965; baseline 0.002 -3"><span class='ocrx_word' id='word_1_727' title='bbox 1888 3924 2008 3962; x_wconf 88' lang='lat' dir='ltr'><strong>rum</strong></span> <span class='ocrx_word' id='word_1_728' title='bbox 2034 3911 2352 3964; x_wconf 84' lang='lat' dir='ltr'><strong>accessione</strong></span> <span class='ocrx_word' id='word_1_729' title='bbox 2376 3924 2474 3963; x_wconf 91' lang='lat' dir='ltr'><strong>sua</strong></span> <span class='ocrx_word' id='word_1_730' title='bbox 2500 3908 3100 3963; x_wconf 90' lang='lat' dir='ltr'><strong>redduntornatiorem.</strong></span> <span class='ocrx_word' id='word_1_731' title='bbox 3134 3908 3250 3964; x_wconf 83' lang='lat' dir='ltr'><strong>Duo</strong></span> <span class='ocrx_word' id='word_1_732' title='bbox 3271 3909 3468 3965; x_wconf 87' lang='lat' dir='ltr'><strong>deinde</strong></span> 
     </span>
    </p>
   </div>
   <div class='ocr_carea' id='block_1_100' title="bbox 1891 4001 3465 4072">
    <p class='ocr_par' dir='ltr' id='par_1_100' title="bbox 1891 4001 3465 4072">
     <span class='ocr_line' id='line_1_100' title="bbox 1891 4001 3465 4072; baseline -0.001 -18"><span class='ocrx_word' id='word_1_733' title='bbox 1891 4009 2200 4070; x_wconf 75' lang='lat' dir='ltr'><strong>tegumenta</strong></span> <span class='ocrx_word' id='word_1_734' title='bbox 2233 4003 2760 4072; x_wconf 89' lang='lat' dir='ltr'><strong>superimponumur</strong></span> <span class='ocrx_word' id='word_1_735' title='bbox 2795 4003 3114 4056; x_wconf 89' lang='lat' dir='ltr'><strong>indumento</strong></span> <span class='ocrx_word' id='word_1_736' title='bbox 3158 4002 3232 4056; x_wconf 94' lang='lat' dir='ltr'><strong>illi</strong></span> <span class='ocrx_word' id='word_1_737' title='bbox 3283 4001 3465 4062; x_wconf 88' lang='lat' dir='ltr'><strong>talari,</strong></span> 
     </span>
    </p>
   </div>
   <div class='ocr_carea' id='block_1_101' title="bbox 1892 4091 3464 4164">
    <p class='ocr_par' dir='ltr' id='par_1_101' title="bbox 1892 4091 3464 4164">
     <span class='ocr_line' id='line_1_101' title="bbox 1892 4091 3464 4164; baseline -0.003 -18"><span class='ocrx_word' id='word_1_738' title='bbox 1892 4106 2063 4161; x_wconf 84' lang='lat' dir='ltr'><strong>usque</strong></span> <span class='ocrx_word' id='word_1_739' title='bbox 2091 4092 2158 4146; x_wconf 92' lang='lat' dir='ltr'><strong>ad</strong></span> <span class='ocrx_word' id='word_1_740' title='bbox 2193 4101 2384 4164; x_wconf 88' lang='lat' dir='ltr'><strong>pectus</strong></span> <span class='ocrx_word' id='word_1_741' title='bbox 2412 4103 2464 4148; x_wconf 91' lang='lat' dir='ltr'><strong>et</strong></span> <span class='ocrx_word' id='word_1_742' title='bbox 2506 4109 2666 4148; x_wconf 87' lang='lat' dir='ltr'><strong>renes</strong></span> <span class='ocrx_word' id='word_1_743' title='bbox 2695 4094 2764 4147; x_wconf 88' lang='lat' dir='ltr'><strong>ah</strong></span> <span class='ocrx_word' id='word_1_744' title='bbox 2800 4093 3040 4146; x_wconf 83' lang='lat' dir='ltr'><strong>humeris</strong></span> <span class='ocrx_word' id='word_1_745' title='bbox 3090 4091 3464 4154; x_wconf 85' lang='lat' dir='ltr'><strong>descendenti,</strong></span> 
     </span>
    </p>
   </div>
   <div class='ocr_carea' id='block_1_102' title="bbox 1890 4183 3467 4254">
    <p class='ocr_par' dir='ltr' id='par_1_102' title="bbox 1890 4183 3467 4254">
     <span class='ocr_line' id='line_1_102' title="bbox 1890 4183 3467 4254; baseline -0.003 -15"><span class='ocrx_word' id='word_1_746' title='bbox 1890 4185 2102 4239; x_wconf 84' lang='lat' dir='ltr'><strong>duabus</strong></span> <span class='ocrx_word' id='word_1_747' title='bbox 2125 4185 2341 4239; x_wconf 90' lang='lat' dir='ltr'><strong>uncinis</strong></span> <span class='ocrx_word' id='word_1_748' title='bbox 2375 4185 2428 4237; x_wconf 93' lang='lat' dir='ltr'><strong>in</strong></span> <span class='ocrx_word' id='word_1_749' title='bbox 2463 4193 2695 4254; x_wconf 85' lang='lat' dir='ltr'><strong>utroque</strong></span> <span class='ocrx_word' id='word_1_750' title='bbox 2739 4184 2964 4237; x_wconf 88' lang='lat' dir='ltr'><strong>humero</strong></span> <span class='ocrx_word' id='word_1_751' title='bbox 2999 4183 3301 4237; x_wconf 86' lang='lat' dir='ltr'><strong>adinvicem</strong></span> <span class='ocrx_word' id='word_1_752' title='bbox 3337 4196 3467 4235; x_wconf 88' lang='lat' dir='ltr'><strong>con-</strong></span> 
     </span>
    </p>
   </div>
   <div class='ocr_carea' id='block_1_103' title="bbox 1888 4273 3467 4347">
    <p class='ocr_par' dir='ltr' id='par_1_103' title="bbox 1888 4273 3467 4347">
     <span class='ocr_line' id='line_1_103' title="bbox 1888 4273 3467 4347; baseline -0.004 -15"><span class='ocrx_word' id='word_1_753' title='bbox 1888 4278 2100 4347; x_wconf 82' lang='lat' dir='ltr'><strong>juncta.</strong></span> <span class='ocrx_word' id='word_1_754' title='bbox 2134 4275 2330 4330; x_wconf 90' lang='lat' dir='ltr'><strong>Uncini</strong></span> <span class='ocrx_word' id='word_1_755' title='bbox 2373 4285 2552 4331; x_wconf 88' lang='lat' dir='ltr'><strong>autem</strong></span> <span class='ocrx_word' id='word_1_756' title='bbox 2603 4285 2731 4330; x_wconf 90' lang='lat' dir='ltr'><strong>sunt</strong></span> <span class='ocrx_word' id='word_1_757' title='bbox 2779 4275 3006 4344; x_wconf 76' lang='lat' dir='ltr'><strong>lapides,</strong></span> <span class='ocrx_word' id='word_1_758' title='bbox 3038 4273 3467 4343; x_wconf 89' lang='lat' dir='ltr'><strong>patriarcharum</strong></span> 
     </span>
    </p>
   </div>
   <div class='ocr_carea' id='block_1_104' title="bbox 1890 4364 3468 4438">
    <p class='ocr_par' dir='ltr' id='par_1_104' title="bbox 1890 4364 3468 4438">
     <span class='ocr_line' id='line_1_104' title="bbox 1890 4364 3468 4438; baseline -0.005 -13"><span class='ocrx_word' id='word_1_759' title='bbox 1890 4371 2110 4425; x_wconf 90' lang='lat' dir='ltr'><strong>nomina</strong></span> <span class='ocrx_word' id='word_1_760' title='bbox 2160 4385 2252 4424; x_wconf 79' lang='lat' dir='ltr'><strong>sex</strong></span> <span class='ocrx_word' id='word_1_761' title='bbox 2305 4371 2684 4438; x_wconf 83' lang='lat' dir='ltr'><strong>unusquisque</strong></span> <span class='ocrx_word' id='word_1_762' title='bbox 2744 4369 2931 4421; x_wconf 58' lang='lat' dir='ltr'><strong>cretata</strong></span> <span class='ocrx_word' id='word_1_763' title='bbox 2971 4366 3228 4420; x_wconf 83' lang='lat' dir='ltr'><strong>ferentes.</strong></span> <span class='ocrx_word' id='word_1_764' title='bbox 3265 4364 3468 4419; x_wconf 88' lang='lat' dir='ltr'><strong>Horum</strong></span> 
     </span>
    </p>
   </div>
   <div class='ocr_carea' id='block_1_105' title="bbox 1890 4459 3472 4532">
    <p class='ocr_par' dir='ltr' id='par_1_105' title="bbox 1890 4459 3472 4532">
     <span class='ocr_line' id='line_1_105' title="bbox 1890 4459 3472 4532; baseline -0.003 -16"><span class='ocrx_word' id='word_1_765' title='bbox 1890 4461 2189 4532; x_wconf 83' lang='lat' dir='ltr'><strong>tegminum</strong></span> <span class='ocrx_word' id='word_1_766' title='bbox 2248 4475 2442 4529; x_wconf 80' lang='lat' dir='ltr'><strong>magna</strong></span> <span class='ocrx_word' id='word_1_767' title='bbox 2495 4460 2758 4513; x_wconf 85' lang='lat' dir='ltr'><strong>varietate</strong></span> <span class='ocrx_word' id='word_1_768' title='bbox 2805 4459 3049 4512; x_wconf 92' lang='lat' dir='ltr'><strong>colorum</strong></span> <span class='ocrx_word' id='word_1_769' title='bbox 3097 4464 3311 4512; x_wconf 85' lang='lat' dir='ltr'><strong>textura</strong></span> <span class='ocrx_word' id='word_1_770' title='bbox 3354 4467 3472 4512; x_wconf 86' lang='lat' dir='ltr'><strong>erat</strong></span> 
     </span>
    </p>
   </div>
   <div class='ocr_carea' id='block_1_106' title="bbox 1891 4548 3472 4622">
    <p class='ocr_par' dir='ltr' id='par_1_106' title="bbox 1891 4548 3472 4622">
     <span class='ocr_line' id='line_1_106' title="bbox 1891 4548 3472 4622; baseline -0.005 -14"><span class='ocrx_word' id='word_1_771' title='bbox 1891 4550 2175 4608; x_wconf 85' lang='lat' dir='ltr'><strong>confecta:</strong></span> <span class='ocrx_word' id='word_1_772' title='bbox 2221 4551 2546 4622; x_wconf 85' lang='lat' dir='ltr'><strong>hyacinthus</strong></span> <span class='ocrx_word' id='word_1_773' title='bbox 2618 4564 2852 4620; x_wconf 85' lang='lat' dir='ltr'><strong>purpura</strong></span> <span class='ocrx_word' id='word_1_774' title='bbox 2902 4548 3362 4609; x_wconf 86' lang='lat' dir='ltr'><strong>connectebatur&#39;,</strong></span> <span class='ocrx_word' id='word_1_775' title='bbox 3419 4556 3472 4602; x_wconf 88' lang='lat' dir='ltr'><strong>et</strong></span> 
     </span>
    </p>
   </div>
   <div class='ocr_carea' id='block_1_107' title="bbox 1892 4638 3474 4712">
    <p class='ocr_par' dir='ltr' id='par_1_107' title="bbox 1892 4638 3474 4712">
     <span class='ocr_line' id='line_1_107' title="bbox 1892 4638 3474 4712; baseline -0.003 -16"><span class='ocrx_word' id='word_1_776' title='bbox 1892 4641 2039 4696; x_wconf 83' lang='lat' dir='ltr'><strong>cocci</strong></span> <span class='ocrx_word' id='word_1_777' title='bbox 2096 4641 2304 4695; x_wconf 86' lang='lat' dir='ltr'><strong>rubedo</strong></span> <span class='ocrx_word' id='word_1_778' title='bbox 2359 4641 2526 4712; x_wconf 83' lang='lat' dir='ltr'><strong>bysso</strong></span> <span class='ocrx_word' id='word_1_779' title='bbox 2569 4640 2939 4710; x_wconf 72' lang='lat' dir='ltr'><strong>iungebatur:</strong></span> <span class='ocrx_word' id='word_1_780' title='bbox 2995 4647 3047 4693; x_wconf 87' lang='lat' dir='ltr'><strong>et</strong></span> <span class='ocrx_word' id='word_1_781' title='bbox 3091 4638 3180 4694; x_wconf 93' lang='lat' dir='ltr'><strong>his</strong></span> <span class='ocrx_word' id='word_1_782' title='bbox 3217 4638 3474 4692; x_wconf 76' lang='lat' dir='ltr'><strong>omnibus</strong></span> 
     </span>
    </p>
   </div>
   <div class='ocr_carea' id='block_1_108' title="bbox 1892 4731 3471 4802">
    <p class='ocr_par' dir='ltr' id='par_1_108' title="bbox 1892 4731 3471 4802">
     <span class='ocr_line' id='line_1_108' title="bbox 1892 4731 3471 4802; baseline -0.001 -16"><span class='ocrx_word' id='word_1_783' title='bbox 1892 4747 2054 4786; x_wconf 89' lang='lat' dir='ltr'><strong>aurea</strong></span> <span class='ocrx_word' id='word_1_784' title='bbox 2085 4733 2168 4786; x_wconf 87' lang='lat' dir='ltr'><strong>Illa</strong></span> <span class='ocrx_word' id='word_1_785' title='bbox 2192 4740 2348 4786; x_wconf 88' lang='lat' dir='ltr'><strong>erant</strong></span> <span class='ocrx_word' id='word_1_786' title='bbox 2371 4734 2641 4802; x_wconf 88' lang='lat' dir='ltr'><strong>inspersa,</strong></span> <span class='ocrx_word' id='word_1_787' title='bbox 2671 4733 2740 4786; x_wconf 90' lang='lat' dir='ltr'><strong>ita</strong></span> <span class='ocrx_word' id='word_1_788' title='bbox 2776 4743 2833 4786; x_wconf 90' lang='lat' dir='ltr'><strong>ut</strong></span> <span class='ocrx_word' id='word_1_789' title='bbox 2871 4747 2937 4786; x_wconf 83' lang='lat' dir='ltr'><strong>ex</strong></span> <span class='ocrx_word' id='word_1_790' title='bbox 2969 4731 3319 4788; x_wconf 90' lang='lat' dir='ltr'><strong>multicolore</strong></span> <span class='ocrx_word' id='word_1_791' title='bbox 3367 4731 3471 4785; x_wconf 90' lang='lat' dir='ltr'><strong>hac</strong></span> 
     </span>
    </p>
   </div>
   <div class='ocr_carea' id='block_1_109' title="bbox 1893 4823 3470 4893">
    <p class='ocr_par' dir='ltr' id='par_1_109' title="bbox 1893 4823 3470 4893">
     <span class='ocr_line' id='line_1_109' title="bbox 1893 4823 3470 4893; baseline -0.003 -15"><span class='ocrx_word' id='word_1_792' title='bbox 1893 4825 2127 4878; x_wconf 81' lang='lat' dir='ltr'><strong>tinctura</strong></span> <span class='ocrx_word' id='word_1_793' title='bbox 2163 4840 2306 4878; x_wconf 91' lang='lat' dir='ltr'><strong>unus</strong></span> <span class='ocrx_word' id='word_1_794' title='bbox 2328 4825 2548 4893; x_wconf 81' lang='lat' dir='ltr'><strong>quidem</strong></span> <span class='ocrx_word' id='word_1_795' title='bbox 2583 4824 2907 4879; x_wconf 86' lang='lat' dir='ltr'><strong>eonunistus</strong></span> <span class='ocrx_word' id='word_1_796' title='bbox 2933 4823 3192 4893; x_wconf 80' lang='lat' dir='ltr'><strong>Splendor</strong></span> <span class='ocrx_word' id='word_1_797' title='bbox 3220 4838 3284 4878; x_wconf 80' lang='lat' dir='ltr'><strong>ex</strong></span> <span class='ocrx_word' id='word_1_798' title='bbox 3317 4833 3470 4893; x_wconf 79' lang='lat' dir='ltr'><strong>tegu-</strong></span> 
     </span>
    </p>
   </div>
   <div class='ocr_carea' id='block_1_110' title="bbox 1894 4915 3472 4986">
    <p class='ocr_par' dir='ltr' id='par_1_110' title="bbox 1894 4915 3472 4986">
     <span class='ocr_line' id='line_1_110' title="bbox 1894 4915 3472 4986; baseline -0.002 -16"><span class='ocrx_word' id='word_1_799' title='bbox 1894 4917 2133 4970; x_wconf 89' lang='lat' dir='ltr'><strong>minibus</strong></span> <span class='ocrx_word' id='word_1_800' title='bbox 2166 4918 2481 4986; x_wconf 78' lang='lat' dir='ltr'><strong>ret&#39;ulgeret.</strong></span> <span class='ocrx_word' id='word_1_801' title='bbox 2535 4915 2606 4970; x_wconf 65' lang='lat' dir='ltr'><strong>Ex</strong></span> <span class='ocrx_word' id='word_1_802' title='bbox 2656 4917 2856 4984; x_wconf 76' lang='lat' dir='ltr'><strong>quibus</strong></span> <span class='ocrx_word' id='word_1_803' title='bbox 2909 4916 3120 4970; x_wconf 85' lang='lat' dir='ltr'><strong>discere</strong></span> <span class='ocrx_word' id='word_1_804' title='bbox 3178 4929 3472 4984; x_wconf 82' lang='lat' dir='ltr'><strong>possumus</strong></span> 
     </span>
    </p>
   </div>
   <div class='ocr_carea' id='block_1_111' title="bbox 1891 5007 3471 5076">
    <p class='ocr_par' dir='ltr' id='par_1_111' title="bbox 1891 5007 3471 5076">
     <span class='ocr_line' id='line_1_111' title="bbox 1891 5007 3471 5076; baseline -0.003 -18"><span class='ocrx_word' id='word_1_805' title='bbox 1891 5008 2034 5076; x_wconf 85' lang='lat' dir='ltr'><strong>quod</strong></span> <span class='ocrx_word' id='word_1_806' title='bbox 2093 5008 2405 5060; x_wconf 83' lang='lat' dir='ltr'><strong>indumenta</strong></span> <span class='ocrx_word' id='word_1_807' title='bbox 2466 5009 2745 5076; x_wconf 89' lang='lat' dir='ltr'><strong>superiora</strong></span> <span class='ocrx_word' id='word_1_808' title='bbox 2793 5023 2912 5076; x_wconf 50' lang='lat' dir='ltr'><strong>qua,</strong></span> <span class='ocrx_word' id='word_1_809' title='bbox 2963 5007 3143 5060; x_wconf 87' lang='lat' dir='ltr'><strong>cordis</strong></span> <span class='ocrx_word' id='word_1_810' title='bbox 3169 5012 3295 5058; x_wconf 89' lang='lat' dir='ltr'><strong>sunt</strong></span> <span class='ocrx_word' id='word_1_811' title='bbox 3315 5016 3471 5058; x_wconf 77' lang='lat' dir='ltr'><strong>orna-</strong></span> 
     </span>
    </p>
   </div>
   <div class='ocr_carea' id='block_1_112' title="bbox 1895 5093 3473 5166">
    <p class='ocr_par' dir='ltr' id='par_1_112' title="bbox 1895 5093 3473 5166">
     <span class='ocr_line' id='line_1_112' title="bbox 1895 5093 3473 5166; baseline -0.003 -16"><span class='ocrx_word' id='word_1_812' title='bbox 1895 5107 2096 5155; x_wconf 84' lang='lat' dir='ltr'><strong>menta.</strong></span> <span class='ocrx_word' id='word_1_813' title='bbox 2133 5099 2318 5153; x_wconf 89' lang='lat' dir='ltr'><strong>multis</strong></span> <span class='ocrx_word' id='word_1_814' title='bbox 2340 5099 2612 5166; x_wconf 83' lang='lat' dir='ltr'><strong>variisque</strong></span> <span class='ocrx_word' id='word_1_815' title='bbox 2648 5106 2904 5153; x_wconf 86' lang='lat' dir='ltr'><strong>constant</strong></span> <span class='ocrx_word' id='word_1_816' title='bbox 2949 5097 3262 5150; x_wconf 86' lang='lat' dir='ltr'><strong>virtutibus.</strong></span> <span class='ocrx_word' id='word_1_817' title='bbox 3332 5093 3473 5164; x_wconf 81' lang='lat' dir='ltr'><strong>Hya-</strong></span> 
     </span>
    </p>
   </div>
   <div class='ocr_carea' id='block_1_113' title="bbox 1896 5182 3470 5258">
    <p class='ocr_par' dir='ltr' id='par_1_113' title="bbox 1896 5182 3470 5258">
     <span class='ocr_line' id='line_1_113' title="bbox 1896 5182 3470 5258; baseline -0.003 -18"><span class='ocrx_word' id='word_1_818' title='bbox 1896 5187 2116 5242; x_wconf 88' lang='lat' dir='ltr'><strong>cinthus</strong></span> <span class='ocrx_word' id='word_1_819' title='bbox 2147 5191 2290 5242; x_wconf 88' lang='lat' dir='ltr'><strong>enim</strong></span> <span class='ocrx_word' id='word_1_820' title='bbox 2320 5203 2382 5242; x_wconf 75' lang='lat' dir='ltr'><strong>ex</strong></span> <span class='ocrx_word' id='word_1_821' title='bbox 2415 5203 2651 5258; x_wconf 88' lang='lat' dir='ltr'><strong>purpura</strong></span> <span class='ocrx_word' id='word_1_822' title='bbox 2678 5188 3035 5256; x_wconf 89' lang='lat' dir='ltr'><strong>complicatur</strong></span> <span class='ocrx_word' id='word_1_823' title='bbox 3064 5205 3074 5240; x_wconf 95' lang='lat'>:</span> <span class='ocrx_word' id='word_1_824' title='bbox 3109 5199 3231 5238; x_wconf 87' lang='lat' dir='ltr'><strong>nam</strong></span> <span class='ocrx_word' id='word_1_825' title='bbox 3255 5182 3470 5237; x_wconf 85' lang='lat' dir='ltr'><strong>vivendi</strong></span> 
     </span>
    </p>
   </div>
   <div class='ocr_carea' id='block_1_114' title="bbox 1896 5275 3471 5346">
    <p class='ocr_par' dir='ltr' id='par_1_114' title="bbox 1896 5275 3471 5346">
     <span class='ocr_line' id='line_1_114' title="bbox 1896 5275 3471 5346; baseline 0.001 -17"><span class='ocrx_word' id='word_1_826' title='bbox 1896 5278 2108 5345; x_wconf 87' lang='lat' dir='ltr'><strong>puritas</strong></span> <span class='ocrx_word' id='word_1_827' title='bbox 2139 5289 2300 5346; x_wconf 82' lang='lat' dir='ltr'><strong>atque</strong></span> <span class='ocrx_word' id='word_1_828' title='bbox 2327 5279 2622 5334; x_wconf 88' lang='lat' dir='ltr'><strong>mundities</strong></span> <span class='ocrx_word' id='word_1_829' title='bbox 2654 5287 2863 5332; x_wconf 70' lang='lat' dir='ltr'><strong>natura:</strong></span> <span class='ocrx_word' id='word_1_830' title='bbox 2895 5292 3065 5346; x_wconf 80' lang='lat' dir='ltr'><strong>regno</strong></span> <span class='ocrx_word' id='word_1_831' title='bbox 3098 5275 3471 5345; x_wconf 70' lang='lat' dir='ltr'><strong>coniungitur.</strong></span> 
     </span>
    </p>
   </div>
   <div class='ocr_carea' id='block_1_115' title="bbox 1897 5365 3477 5436">
    <p class='ocr_par' dir='ltr' id='par_1_115' title="bbox 1897 5365 3477 5436">
     <span class='ocr_line' id='line_1_115' title="bbox 1897 5365 3477 5436; baseline -0.002 -16"><span class='ocrx_word' id='word_1_832' title='bbox 1897 5365 2100 5420; x_wconf 86' lang='lat' dir='ltr'><strong>Natura</strong></span> <span class='ocrx_word' id='word_1_833' title='bbox 2129 5367 2272 5420; x_wconf 87' lang='lat' dir='ltr'><strong>enim</strong></span> <span class='ocrx_word' id='word_1_834' title='bbox 2306 5367 2714 5436; x_wconf 85' lang='lat' dir='ltr'><strong>quodammodo</strong></span> <span class='ocrx_word' id='word_1_835' title='bbox 2745 5367 2862 5436; x_wconf 86' lang='lat' dir='ltr'><strong>ipsa</strong></span> <span class='ocrx_word' id='word_1_836' title='bbox 2895 5367 3053 5428; x_wconf 83' lang='lat' dir='ltr'><strong>dure,</strong></span> <span class='ocrx_word' id='word_1_837' title='bbox 3088 5380 3193 5418; x_wconf 90' lang='lat' dir='ltr'><strong>una</strong></span> <span class='ocrx_word' id='word_1_838' title='bbox 3221 5379 3342 5416; x_wconf 70' lang='lat' dir='ltr'><strong>eum</strong></span> <span class='ocrx_word' id='word_1_839' title='bbox 3375 5377 3477 5430; x_wconf 85' lang='lat' dir='ltr'><strong>pu-</strong></span> 
     </span>
    </p>
   </div>
   <div class='ocr_carea' id='block_1_116' title="bbox 1899 5453 3480 5514">
    <p class='ocr_par' dir='ltr' id='par_1_116' title="bbox 1899 5453 3480 5514">
     <span class='ocr_line' id='line_1_116' title="bbox 1899 5453 3480 5514; baseline -0.003 -4"><span class='ocrx_word' id='word_1_840' title='bbox 1899 5457 2048 5512; x_wconf 88' lang='lat' dir='ltr'><strong>doris</strong></span> <span class='ocrx_word' id='word_1_841' title='bbox 2081 5459 2583 5514; x_wconf 86' lang='lat' dir='ltr'><strong>ruhorelaudabilis</strong></span> <span class='ocrx_word' id='word_1_842' title='bbox 2615 5457 2829 5514; x_wconf 87' lang='lat' dir='ltr'><strong>vivendi</strong></span> <span class='ocrx_word' id='word_1_843' title='bbox 2861 5459 3105 5514; x_wconf 90' lang='lat' dir='ltr'><strong>nascitur</strong></span> <span class='ocrx_word' id='word_1_844' title='bbox 3148 5455 3308 5510; x_wconf 88' lang='lat' dir='ltr'><strong>ratio.</strong></span> <span class='ocrx_word' id='word_1_845' title='bbox 3366 5453 3480 5506; x_wconf 83' lang='lat' dir='ltr'><strong>Au—</strong></span> 
     </span>
    </p>
   </div>
  </div>
