4054 6436
526 302 617 356 591
1753 282 1808 336 S.
1841 279 2106 336 GRICGOli

2214 273 2504 330 NYSSENI
3671 265 3778 320 59"!

529 432 647 468 tum
673 422 853 468 autem
881 411 968 464 his
993 410 1245 463 tinctura:
1282 402 1509 458 ﬂoribus
1534 399 2094 470 refulgens,rcserva-

2210 409 2403 464 σματος
2439 389 2852 459 ἀπαυγάζεσθαι
2872 408 2884 420 ι
2919 387 2952 442 ἃ
2983 387 3039 441 δέ
3069 380 3156 441 διά
3178 385 3380 438 τούτων
3413 379 3775 452 μανθάνομεν,

525 517 640 562 tum
693 507 818 561 huic
848 506 970 560 vitae
1001 505 1317 558 thesaurum
1346 493 1707 553 subostendit.

2210 485 2376 539 ταῦτά
2420 488 2597 539 ἐστιν⁸
2653 484 2735 536 ὅτι
2778 482 2844 534 τά
2894 482 3004 534 ἄνω
3048 479 3144 549 τῆς
3185 475 3498 547 περιϐολῆς,
3547 475 3648 526 ὅσα
3679 471 3779 540 τῆς

525 598 751 670 καρδίας
803 597 945 660 ἰδίως
1000 595 1210 664 γίνεται
1257 591 1477 660 κόσμος,
1523 588 1587 640 ἐκ
1630 582 1836 638 πολλῶν
1896 581 1990 632 καὶ
2045 577 2316 648 διαφόρων
2379 576 2589 647 ἀρετῶν
2651 573 3069 641 κατακίρναται.
3128 568 3194 619 Ἦ
3239 561 3330 619 οὖν
3407 561 3660 625 ὑάκινθος
3711 563 3780 631 τῇ

526 655 780 762 πορφύρᾳ
850 655 1250 760 συμπλέκεται⁹
1312 655 1378 755 “cf-ﬁ
1434 684 1539 752 γὰρ
1605 676 1934 748 καθαρότητι
1993 674 2110 742 τῆς.
2153 671 2298 740 ζωῆς
2355 673 2388 740 ἡ
2451 669 2694 740 βασιλεία
2731 667 3109 731 συνέζευκται.
3146 661 3362 722 Κόκκος
3395 659 3550 729 δέτῇ
3597 655 3783 726 βύσσῳ

528 784 931 853 συμπλέκεται·
980 781 1062 834 ὅτι
1120 775 1329 848 πέφυκέ
1381 793 1496 838 πως
1547 771 1624 842 τῷ
1656 771 1753 842 τῆς
1787 766 1964 829 αἰδοῦς
2006 763 2311 836 ἐρυθήματι
2358 764 2418 815 τὸ
2460 763 2708 832 λαμπρόν
2762 777 2822 812 τε
2865 761 2958 813 καὶ
2999 755 3236 826 καθαρρν
3275 751 3366 805 τοῦ
3411 751 3522 821 βίου
3568 748 3784 819 συμφύ-

525 877 716 930 εσθαι·
749 878 777 929 ό
831 876 887 928 δέ
923 872 1119 944 χρυσὸς
1173 871 1286 931 τοῖς
1341 865 1526 920 ἄνθεσι
1580 862 1788 921 τούτοις
1850 853 2343 926 συμπεριλάμπων,
2393 853 2483 904 τὸν
2535 850 2894 919 ἀποκείμενον
2944 846 3022 916 τῷ
3066 843 3289 914 τοιούτῳ
3354 841 3452 912 βίῳ
3507 839 3784 910 θησαυρὸν

525 969 923 1024 ὑπαινίσσεται.

594 1062 1032 1117 Patriarchariun
1053 1070 1264 1127 quoque
1280 1053 1493 1106 nomina
1511 1046 1780 1116 lapidibus
1803 1041 2093 1107 insculpta.
2133 1056 2142 1063 υ

528 1171 634 1210 non
665 1169 853 1223 parum
905 1152 1066 1205 nobis
1118 1149 1183 1201 ad
1239 1145 1455 1197 virtutis
1491 1151 1741 1195 ornatum
1787 1133 2092 1187 conferunt.

525 1245 927 1300 Praeteritorum
963 1241 1107 1294 enim
1144 1239 1404 1295 virorum,
1439 1233 1530 1300 qui
1573 1230 1776 1305 optime
1818 1224 2094 1278 vixerunt,

525 1335 788 1401 exemplis
809 1331 916 1383 vita
945 1340 1128 1381 nostra
1161 1324 1570 1379 corroboratur.
1609 1316 1712 1369 Sed
1739 1312 1867 1366 huic
1903 1307 2096 1377 tegmi-

528 1439 656 1477 num
689 1419 906 1475 ornatui
928 1419 1068 1470 alius
1109 1429 1324 1468 rursum
1352 1412 1586 1478 desuper
1608 1411 1838 1460 ornatus
1877 1399 2106 1466 conjun-

525 1518 672 1585 gitur
711 1518 903 1566 :scuta
935 1510 1082 1562 enim
1109 1519 1272 1558 aurea
1295 1519 1360 1557 ex
1391 1501 1637 1567 utrisque
1663 1490 1988 1562 tegminibus
2013 1488 2108 1540 de-

530 1582 764 1676 pendent
784 1601 939 1661 :Zhaze
966 1598 1240 1653 sustinent
1273 1590 1590 1648 fabricatum
1606 1582 1864 1657 quiddam
1881 1596 1947 1635 es
1971 1591 2107 1632 auro

529 1669 699 1762 ilgura
731 1691 1081 1760 quadratum,
1117 1684 1406 1739 duodecim
1433 1679 1708 1748 lapidibus
1752 1669 2104 1740 resplendens

2275 1053 2616 1124 Πατριάρχαι
2659 1050 2714 1102 δέ
2760 1050 2875 1110 ταῖς
2918 1045 3188 1115 ἐπωμίσιν
3223 1040 3681 1113 ἐγγεγραμμένοι,
3717 1038 3782 1091 οὗ

2208 1143 2379 1217 μικρὰ
2416 1143 2550 1214 πρὸς
2597 1141 2687 1193 τὸν
2725 1138 2960 1192 τοιοῦτον
2992 1134 3374 1203 καλλωπισμὸν
3406 1135 3535 1201 ἡμῖν
3565 1146 3782 1182 συνεισ-

2205 1237 2460 1305 φέρουσι·
2507 1233 2619 1293 τοῖς
2659 1231 2765 1300 γὰρ
2831 1225 3164 1297 προλαϐοῦσι
3227 1223 3335 1275 τῶν
3379 1221 3595 1289 ἀγαθῶν
3649 1223 3786 1274 ὑπο-

2203 1325 2459 1394 δείγμασι
2514 1321 2943 1388 κατακοσμεῖ-ται
2993 1316 3192 1387 μᾶλλον
3235 1319 3269 1385 ὴ
3321 1315 3428 1368 τῶν
3477 1313 3786 1382 ἀνθρώπων

2207 1413 2341 1483 ζωή.
2373 1411 2542 1466 Πάλιν
2565 1411 2620 1463 δὲ
2660 1409 2739 1479 τῷ
2779 1408 2970 1477 κόσμῳ
2997 1406 3105 1459 τῶν
3130 1407 3347 1459 πέπλων
3367 1405 3552 1475 ἕτερος
3575 1403 3786 1457 ἄνωθεν

2206 1503 2554 1556 ἐπιϐάλλεται
2588 1500 2790 1570 κόσμος
2809 1511 2822 1526 ⁸
2873 1495 3095 1560 ἀσπίδες
3119 1498 3180 1548 ἐκ
3201 1495 3403 1566 χρυσοῦ
3447 1494 3564 1548 καθ’
3593 1493 3790 1546 ἐκατέ-

2207 1612 2313 1666 ρων
2360 1593 2466 1646 τῶν
2506 1592 2792 1662 ἐπωμίδων
2826 1589 3166 1659 καθειμέναι,
3203 1588 3296 1640 καὶ
3335 1585 3402 1638 δι’
3437 1585 3644 1638 ἑαυτῶν
3687 1585 3790 1636 άν-

2206 1681 2425 1752 έχουσαί
2454 1699 2507 1733 τι
2553 1679 2944 1751 χρυσότευκτον
2979 1679 3034 1728 ἐν
3064 1675 3392 1746 τετραγώνῳ
3423 1673 3496 1742 τῷ
3519 1673 3783 1742 σχήματι,

526 1743 720 1836 οιῖιὶηο
745 1743 981 1849 quodam
1021 1773 1320 1844 dispesitis.
1377 1743 1625 1836 Qua-tuor
1655 1774 1832 1819 autem
1883 1762 2102 1816 ordines

2210 1771 2522 1825 δυοκαίδεκα
2558 1769 2725 1831 λίθοις
2759 1767 3265 1837 καταλαμπόμενον,
3299 1764 3546 1834 στιχηδὸν
3573 1764 3786 1819 διακει-

526 1882 724 1936 erant,
773 1886 1006 1942 quorum
1067 1867 1446 1936 unusquisque
1499 1861 1799 1916 trinitatem
1861 1855 2098 1925 lapidum

525 1964 862 2018 continebat.
900 1957 1135 2027 Lapides
1176 1964 1355 2010 autem
1390 1955 1462 2006 ita
1495 1961 1652 2006 erant
1678 1947 1834 2005 varii.
1890 1953 1948 1998 ut
1982 1944 2102 1997 nul—

526 2055 636 2108 lius
670 2052 738 2106 ad
778 2051 1008 2104 alterum
1041 2054 1185 2100 esset
1218 2041 1555 2098 similitudo:
1583 2038 1801 2107 proprio
1832 2037 1973 2089 enim
1997 2033 2105 2086 sin-

529 2145 637 2212 guli
677 2143 963 2210 splendore
1000 2137 1295 2204 fulgebant.
1328 2133 1428 2186 Sed
1469 2131 1637 2198 ﬁgura
1683 2127 1901 2196 quidem
1941 2138 2104 2176 orna-

529 2233 695 2288 menti
733 2233 868 2284 haec.
922 2227 1194 2297 Spiritalis
1225 2239 1355 2278 vero
1402 2236 1599 2275 sensus
1654 2227 1932 2271 scutorum
1981 2214 2104 2282 qui-

531 2327 649 2380 dem
716 2338 831 2390 quae
883 2321 950 2372 ab
1002 2317 1241 2372 humeris
1285 2311 1680 2382 dependebant,
1726 2314 1966 2361 armatos
2003 2320 2103 2359 nos

529 2429 649 2467 esse
673 2412 992 2465 adhortatur
1018 2407 1280 2458 adversus
1304 2411 1616 2470 tyrannum.
1644 2405 1697 2449 et
1728 2397 1938 2448 hostem
2005 2405 2104 2444 n0-

535 2515 731 2560 strum.
760 2501 948 2554 Virtus
977 2499 1144 2559 enim,
1176 2503 1234 2548 ut
1264 2509 1291 2545 a
1323 2490 1492 2544 Paulo
1521 2488 1724 2541 dictum
1756 2493 1860 2548 est,
1891 2483 1994 2537 {ide
2040 2496 2103 2533 ac

534 2596 673 2648 bona
702 2600 915 2648 constat
948 2587 1291 2642 conscient'a
1324 2601 1336 2637 :
1376 2582 1574 2651 quibus
1596 2580 1666 2630 ita
1691 2591 1812 2630 esse
1845 2574 2106 2627 adversus

530 2683 873 2738 inimicorum
931 2678 1033 2731 tela
1097 2675 1338 2728 munitos
1397 2677 1631 2739 oportet.
1669 2676 1726 2720 ut
1755 2666 1838 2718 his
1883 2663 2108 2731 justitiae

530 2773 698 2826 armis
731 2768 934 2822 dextris
953 2775 1116 2834 atque
1151 2761 1413 2822 sinistris,
1443 2753 1862 2811 invulnerabiles
1890 2765 2108 2805 manea-

531 2879 674 2916 mus.
706 2858 1020 2925 Quadratus
1049 2863 1229 2909 autem
1265 2853 1354 2905 ille
1385 2859 1632 2908 ornatus,
1653 2846 1743 2914 qui
1783 2845 2046 2911 utrinque
2076 2855 2106 2892 a

531 2956 703 3011 scutis
736 2953 1091 3023 dependebat,
1141 2951 1196 3032 ip
1245 2963 1354 3018 quo
1385 2946 1602 2999 nomina
1649 2941 2104 3011 patriarcharum,

2209 1867 2420 1933 μένοις·
2455 1864 2714 1933 τέτταρες
2751 1861 2807 1914 δὲ
2849 1861 2898 1913 οί
2943 1860 3102 1921 λίθοι,
3144 1860 3337 1930 τριάδα
3364 1857 3524 1911 λίθων
3551 1858 3790 1919 ἕκαστος

2205 1956 2575 2026 περιέχοντες.
2647 1953 2736 2006 Ἐν
2791 1947 2880 2015 αἷς
2932 1952 3031 2004 οὐκ
3062 1948 3129 2022 ἦν
3180 1952 3358 2020 εὑρεῖν
3400 1967 3519 2002 τινα
3561 1948 3787 2018 ὁμοειδῆ

2205 2047 2340 2117 προς
2381 2045 2478 2114 τὴν
2517 2044 2738 2114 ἑτέραν·
2788 2043 2902 2096 ἀλλ’
2943 2041 3273 2106 ἰδιαζούσαις
3319 2041 3516 2108 αὐγαῖς
3577 2040 3786 2108 ἑκάστη

2206 2135 2624 2198 ἐκαλλωπίζετο.
2659 2134 2732 2186 Τὸ
2763 2134 2860 2201 μὲν
2885 2133 2947 2202 δὴ
2977 2134 3158 2203 σχῆμα
3186 2132 3278 2185 τοῦ
3312 2133 3535 2198 κόσμου,
3579 2131 3739 2182 τοῦτο
3765 2146 3779 2158 ·

2205 2233 2237 2300 ἡ
2277 2229 2336 2280 δὲ
2376 2228 2603 2291 διάνοια,
2643 2229 2674 2298 ἡ
2723 2227 2820 2296 μὲν
2862 2225 2970 2277 τῶν
2994 2225 3231 2277 ἀσπίδιον
3277 2223 3384 2275 τῶν
3440 2222 3786 2290 καθειμένων

2207 2321 2314 2374 ἀπὸ
2343 2318 2447 2371 τῶν
2474 2319 2660 2387 ὤμων,
2690 2317 2750 2369 τὸ
2776 2317 3074 2385 περιδέξιον
3107 2315 3204 2384 τῆς
3243 2313 3383 2367 κατά
3417 2312 3508 2364 τοῦ
3547 2313 3786 2364 ἀντικει-

2213 2411 2372 2482 μένου
2421 2411 2687 2472 ὁπλίσεως
2735 2409 3132 2466 ύπαινίσσεται,
3185 2406 3260 2468 ὼς
3299 2405 3529 2472 ἐδείχθη.
3584 2402 3786 2463 Καθὼς

2213 2504 2392 2574 μικρῷ
2429 2503 2662 2572 πρόσθεν
2694 2503 2924 2572 εἴρηται,
2964 2501 3063 2570 τῆς
3111 2499 3310 2569 ἀρετῆς
3347 2496 3789 2565 κατορθουμένης

2206 2595 2294 2648 διά
2331 2611 2388 2646 τε
2439 2593 2693 2656 πίστεως,
2727 2594 2819 2645 καὶ
2855 2593 2954 2661 τῆς
2991 2589 3134 2643 κατὰ
3162 2589 3253 2640 τὸν
3287 2588 3399 2658 βίον
3431 2586 3617 2638 τοῦτον
3643 2586 3788 2651 ἀγα-

2209 2686 2307 2757 θῆς
2346 2686 2720 2755 συνειδήσεως,
2775 2683 2910 2754 πρὸς
2956 2682 3241 2752 ἀμφότερα
3289 2678 3620 2748 ὴσφαλίσθαι
3663 2680 3790 2739 ταῖς

2208 2779 2316 2830 τῶν
2343 2777 2583 2830 ἀσπίδων
2611 2774 2954 2846 προσϐολαῖς,
2991 2772 3230 2843 ἄτρωτον
3260 2771 3366 2822 τῶν
3404 2767 3657 2821 τοιούτων
3696 2768 3790 2836 βε-

2211 2869 2318 2921 λῶν
2364 2869 2706 2938 διαμένοντα,
2763 2864 2852 2918 διὰ
2905 2863 3012 2915 τῶν
3066 2862 3244 2915 ὅπλων
3294 2863 3392 2930 τῆς
3440 2857 3789 2925 δικαιοσύνης

2212 2960 2319 3012 τῶν
2353 2959 2542 3024 δεξιῶν
2574 2959 2666 3010 καὶ
2696 2955 2998 3026 ἀριστερῶν
3022 2969 3035 2983 ·
3081 2953 3140 3006 τὸ
3167 2952 3221 3003 δέ
3251 2951 3585 3021 τετράγωνον
3611 2950 3789 3000 ἐκεῖνο

531 3047 621 3115 qui
652 3046 902 3099 tribubus
927 3041 1252 3112 cognomina
1301 3039 1586 3096 dederunt,
1651 3035 1917 3102 impressa
1969 3030 2106 3098 lapi-

2212 3051 2456 3116 κότμιον,
2491 3048 2551 3099 τὸ
2588 3047 2694 3099 τῶν
2727 3045 2968 3099 ἀσπίδων
3016 3041 3353 3112 ἑκατέρωθεν
3396 3039 3787 3109 ἐξηρτημένον.

533 3139 694 3193 dibus
722 3135 962 3198 fuerunt,
991 3133 1174 3186 cordis
1204 3131 1337 3182 ﬁunt
1369 3136 1698 3197 tegumenta.
1755 3123 1934 3188 Quare
1989 3122 2110 3174 dili—

533 3236 719 3296 genter
752 3238 853 3278 nos
886 3223 1045 3276 docet
1076 3220 1334 3274 omnibus
1356 3216 1790 3287 patriarcharum
1815 3213 2110 3265 virtutibus

534 3319 772 3371 animum
804 3311 925 3386 ejus
951 3328 1074 3367 esse
1099 3319 1422 3365 exornatum
1455 3308 1547 3376 qui
1583 3305 1798 3359 duobus
1826 3305 1909 3357 his
1937 3305 2110 3357 scutis

534 3405 832 3459 adversarii
864 3403 968 3458 tela
1001 3401 1297 3472 rcpulerit.
1329 3398 1606 3464 Quadrata
1638 3413 1764 3451 vero
1795 3397 1962 3465 ligura
1995 3403 2110 3448 sta-

535 3497 797 3550 bilitatem
830 3495 1048 3549 virtutis
1075 3491 1336 3547 ostendit.
1368 3489 1501 3542 Nam
1539 3490 1649 3543 haec
1700 3488 1868 3557 figura
1930 3500 2113 3556 mqua-

536 3586 658 3640 Iiter
693 3586 928 3655 undique
984 3584 1199 3654 angulis
1243 3590 1296 3638 et
1349 3581 1610 3634 convexis
1641 3581 1763 3633 nixa
1823 3578 2108 3640 lateribus.

537 3696 642 3732 non
677 3678 831 3732 facile
867 3678 932 3732 dc
957 3678 1077 3730 loco
1101 3683 1367 3729 movetur.
1404 3673 1469 3725 At
1491 3688 1619 3725 vero
1650 3671 1938 3734 catcnnlze,
1997 3670 2112 3737 qui-

537 3773 640 3826 bus
673 3779 987 3825 oruamenta
1019 3770 1132 3821 haec
1163 3767 1227 3819 ad
1268 3764 1488 3818 brachia
1524 3770 1946 3826 connectuntur,
1983 3777 2112 3828 pia:-

536 3867 716 3932 cipere
750 3863 879 3914 mihi
905 3863 1180 3924 videntur,
1215 3867 1466 3928 oportere
1504 3858 1557 3910 in
1582 3857 1756 3910 altiori
1782 3856 1886 3909 vita
1916 3855 2110 3924 praxiu

537 3955 892 4023 speeulatioui
947 3953 1302 4020 conjungere.
1355 3951 1463 4004 Cor
1515 3949 1660 4002 enim
1725 3947 2110 4016 speculationis

539 4049 658 4101 loco
682 4047 806 4112 poni
841 4045 1078 4108 videtur,
1116 4041 1342 4096 brachia
1373 4055 1506 4093 vero
1543 4038 1901 4108 operationis.
1935 4036 2110 4102 Caput

537 4146 718 4192 autem
781 4136 1087 4190 diademate
1128 4142 1446 4188 coronatum
1473 4171 1489 4190 .
1541 4139 1870 4184 reservatam
1911 4131 2111 4181 virtute

536 4226 778 4294 praeditis
811 4239 1068 4278 coronam
1101 4223 1392 4292 signiﬁcat,
1425 4236 1590 4290 quam
1626 4220 1672 4272 is
1709 4224 1963 4278 exornat,
2014 4219 2107 4285 qui

537 4331 702 4368 aurea
735 4314 932 4366 lamina
965 4311 1333 4366 ineﬂ'abilibus
1367 4317 1487 4364 erat
1544 4310 1686 4363 notis
1724 4308 1967 4361 ca-latus.
2032 4306 2107 4359 lia

2213 3144 2268 3192 ἐν
2311 3135 2354 3206 ᾧ
2393 3142 2528 3191 εἰσιν
2570 3140 2618 3189 οἱ
2653 3139 2927 3204 ἐπώνυμοι
2955 3133 3062 3186 τῶν
3093 3133 3270 3200 φυλῶν
3311 3130 3639 3201 πατριάρχαι
3673 3131 3796 3193 τοῖς

2211 3228 2376 3287 λίθοις
2397 3229 2770 3296 κατάγραπτοι
2791 3243 2803 3254 ·
2833 3223 2990 3276 τούτο
3019 3226 3115 3292 τῆς
3159 3221 3385 3291 καρδίας
3413 3217 3790 3290 προκάλυμμα

2211 3319 2436 3386 γίνεται.
2473 3316 2824 3378 Παιδεύοντος
2854 3315 3001 3383 ἡμᾶς
3039 3312 3130 3365 τοῦ
3173 3311 3354 3378 λόγου,
3385 3311 3467 3362 δτι
3500 3310 3527 3360 ὁ
3552 3309 3667 3368 ταῖς
3692 3305 3791 3358 δύο

2210 3407 2432 3466 ταύταις
2464 3405 2655 3457 ἀσπίσι
2696 3404 2786 3455 τὸν
2830 3401 3063 3472 πονηρὸν
3100 3399 3319 3470 τοξότην
3360 3396 3784 3468 ἀποκρουσάμε-

2213 3514 2319 3560 νος,
2375 3497 2575 3558 πάσαις
2626 3496 2746 3557 ταῖς
2793 3493 2902 3544 τῶν
2949 3491 3302 3562 πατριαρχῶν
3351 3490 3570 3557 ἀρεταῖς
3615 3504 3794 3540 καταο

2213 3589 2477 3658 κοσμήσει
2503 3586 2598 3655 τὴν
2631 3585 2766 3636 ἰδίαν
2798 3584 2995 3654 ψυχὴν,
3022 3583 3180 3636 ἄλλου
3217 3581 3387 3643 ἄλλως
3407 3583 3464 3632 ἐν
3488 3579 3564 3649 τῷ
3596 3579 3796 3650 πέπλῳ

2211 3682 2306 3748 τῆς
2349 3679 2550 3749 ἀρετῆς
2593 3675 3015 3746 διαλάμποντος.
3049 3674 3122 3726 Τὸ
3153 3674 3208 3726 δὲ
3257 3675 3438 3742 σχῆμα
3474 3671 3565 3724 τοῦ
3603 3686 3797 3740 τετραο

2211 3771 2406 3840 γώνου,
2438 3769 2660 3833 ἔνδειξίς
2691 3786 2772 3821 σοι
2806 3768 2946 3821 ἔστω
2986 3770 3085 3838 τῆς
3123 3767 3178 3819 ἐν
3219 3765 3296 3836 τῷ
3325 3764 3476 3834 καλῷ
3524 3764 3793 3832 παγιότη-

2209 3880 2320 3926 τος.
2355 3860 2763 3931 Δυσμετάθετον
2805 3859 2912 3930 γὰρ
2949 3857 3010 3911 τὸ
3049 3857 3286 3910 τοιοῦτον
3325 3859 3529 3926 σχῆμα,
3573 3855 3638 3908 δι’
3671 3855 3796 3908 [σου

2210 3959 2327 4018 ταῖς
2343 3955 2564 4022 γωνίαις
2580 3953 2669 4006 ἐπὶ
2685 3954 2783 4022 τῆς
2800 3950 3015 4013 εὐθείας
3030 3949 3137 4002 τῶν
3152 3947 3398 4018 πλευρῶν
3416 3947 3755 4018 ἐρειδόμενον
3770 3962 3791 3978 ⁶

2210 4047 2259 4098 οἱ
2305 4046 2362 4098 δὲ
2407 4043 2746 4112 τελαμῶνες,
2782 4041 2849 4094 δι’
2887 4035 2962 4094 ὧν
3015 4041 3082 4093 τά
3132 4040 3568 4108 προκοσμήματα
3613 4036 3794 4088 ταῦτα

2213 4139 2589 4206 συνδεσμεῖται
2617 4135 2753 4205 πρὸς
2778 4136 2904 4196 τοὺς
2929 4133 3236 4205 βραχίονας,
3261 4131 3435 4200 δόγμα
3463 4147 3551 4200 μοι
3572 4127 3796 4184 δοκοῦσι

2213 4228 2349 4298 πρὸς
2401 4229 2492 4280 τὸν
2539 4226 2740 4296 ὑψηλὸν
2778 4226 2902 4296 ,βίον
2942 4224 3308 4294 παρέχεσθαι,
3353 4221 3446 4274 τοῦ
3495 4221 3603 4273 δεῖν
3653 4236 3795 4272 συν-

2211 4321 2400 4373 ἅπτειν
2431 4321 2528 4387 τὴν
2577 4317 2886 4388 πρακτικὴν
2935 4307 3249 4385 φιλοσοφίαν
3283 4316 3347 4384 τῇ
3388 4311 3528 4365 κατά
3553 4311 3799 4382 θεωρίαν

538 4405 726 4457 induto
757 4406 1061 4473 vestituque
1110 4401 1381 4457 sacerdoti
1432 4402 1638 4454 nullum
1679 4401 2106 4454 calceamentum

2215 4409 2579 4479 ἐνεργουμένη
2601 4429 2616 4442 ·
2660 4407 2801 4460 ῶστε
2830 4407 2929 4477 τὴν
2966 4405 3193 4476 καρδίαν
3234 4406 3350 4474 μὲν.
3388 4404 3487 4472 τῆς
3521 4402 3792 4471 θεωρίαςο

538 4497 854 4563 imponitur,
891 4511 956 4548 ne
997 4495 1206 4548 tardior
1241 4495 1309 4548 ad
1344 4493 1676 4547 currendum
1733 4493 1825 4552 sit,
1873 4499 1966 4543 aut
2019 4492 2106 4542 vix

539 4584 774 4644 mobilis,
808 4584 971 4651 pelles
999 4597 1182 4638 secum
1211 4583 1493 4635 attrahens
1528 4581 1838 4634 animalium
1868 4591 2109 4633 mortuo-

539 4688 683 4726 rum.
708 4672 842 4725 Nam
877 4673 1064 4741 utjam
1101 4673 1358 4734 diximus,
1392 4673 1773 4741 impedimento
1810 4673 1976 4726 calcei
1999 4672 2111 4724 fue-

538 4772 664 4816 rant
712 4762 904 4832 Moysi,
963 4778 1085 4816 cum
1135 4763 1200 4815 ad
1254 4763 1532 4817 ardentem
1579 4764 1769 4816 rubum
1805 4764 2107 4818 accederet.

539 4851 694 4916 Quod
720 4851 764 4903 si
800 4851 851 4902 in
881 4849 1056 4918 primo
1087 4851 1268 4903 statim
1305 4851 1455 4903 aditu
1503 4851 1882 4918 rcprohantur,
1939 4855 2109 4904 multo

541 4942 716 5009 magis
773 4956 802 4992 a
860 4940 1160 4993 sacerdotis
1219 4940 1355 5009 pede
1406 4941 1750 5006 rejiciuntur.
1787 4941 1888 5006 Qui
1929 4954 2106 4997 autem

542 5047 636 5099 per
666 5046 854 5084 omnes
876 5030 1098 5098 gradus.
1121 5046 1258 5099 quos
1277 5029 1386 5098 jam
1427 5031 1799 5099 exposuimus,
1849 5035 2109 5087 ascende-

540 5123 630 5184 rit,
651 5123 696 5174 is
721 5138 747 5172 a
778 5121 884 5172 Deo
908 5121 1008 5174 sibi
1035 5122 1261 5175 traditas
1289 5124 1502 5176 tabulas
1533 5123 1596 5176 ad
1631 5125 1885 5192 populum
1910 5126 2106 5190 defert,

541 5213 937 5282 quihusdivjua
969 5213 1052 5266 lex
1069 5216 1382 5266 continetur
1413 5232 1424 5265 :
1466 5213 1560 5267 sed
1592 5213 1725 5266 dura
1756 5223 2104 5282 pecratorum

541 5304 823 5359 collisione
843 5304 1072 5372 diruptre
1103 5313 1488 5358 conteruntur.
1541 5305 1829 5358 Peccatum
1867 5322 1994 5360 vero
2036 5308 2110 5360 si-

541 5397 765 5450 mulacri
801 5395 980 5448 cultus
1011 5406 1129 5450 erat
1165 5397 1217 5449 in
1242 5397 1393 5449 vituli
1425 5396 1779 5449 similitudine
1806 5399 2108 5456 constituti.

540 5487 683 5556 quod
702 5503 731 5540 a
763 5486 943 5556 Moyse
972 5489 1288 5551 contritum,
1316 5503 1566 5556 aquaque
1591 5487 1942 5549 dissolutum,
1979 5489 2106 5554 ipsis

542 5579 634 5648 qui
658 5584 952 5646 peccarunt
985 5576 1159 5632 factus
1185 5589 1266 5632 est
1296 5588 1487 5646 potus:
1521 5579 1595 5631 ila
1644 5579 1788 5630 omni
1836 5579 1996 5630 modo
2047 5587 2102 5632 et

544 5673 766 5726 materia
797 5687 918 5742 qua:
946 5672 1227 5726 hominum
1261 5683 1486 5741 peccato
1520 5671 1984 5735 ειὼιιιὶιιὶςιιοιινὶι,
2013 5672 2100 5723 de-

2215 4500 2340 4560 τοὺς
2385 4497 2441 4549 δὲ
2489 4496 2780 4567 βραχίονας
2831 4496 2940 4548 τῶν
2999 4494 3175 4564 ἔργων
3231 4492 3470 4562 σύμϐολα
3517 4491 3794 4558 γίνεσθαι.

2219 4587 2441 4657 Κεφαλὴ
2466 4587 2522 4640 δὲ
2551 4586 2898 4657 κοσμουμένη
2931 4586 3008 4655 τῷ
3044 4585 3353 4655 διαδήματι,
3381 4583 3472 4634 τὸν
3496 4581 3800 4649 ἀποκείμε-

2217 4694 2305 4729 νον
2328 4680 2440 4739 τοῖς
2468 4673 2525 4729 εὖ
2568 4676 2854 4746 βεϐιωκόσι
2888 4677 3148 4745 στέφανον
3197 4673 3580 4744 ἀποσημαίνει,
3606 4672 3661 4723 ὃν
3697 4687 3799 4724 κο-

2218 4773 2346 4836 σμεῖ
2383 4767 2410 4817 ό
2442 4767 2875 4836 ἐσφραγισμένος
2900 4766 2976 4836 τῶ
3011 4765 3194 4836 χρυσῷ
3229 4764 3443 4832 πετάλῳ
3464 4766 3574 4825 τοῖς
3611 4762 3796 4831 ἀρρή-

2215 4872 2327 4917 τοις
2366 4857 2739 4926 χαράγμασιν.
2771 4857 3053 4927 ’Υπόδημα
3088 4857 3144 4908 δὲ
3177 4857 3237 4908 οὐ
3263 4855 3567 4925 περιτίθησι
3595 4852 3667 4921 τῷ
3694 4854 3796 4906 τὸν

2217 4944 2453 4998 τοιοῦτον
2476 4948 2679 5017 κόσμον
2710 4948 3010 5000 ἐνδεδυκότι
3028 4964 3040 4976 ·
3065 4948 3141 5009 ὡς
3159 4949 3224 4999 ἂν
3248 4946 3320 5016 μὴ
3345 4945 3621 5016 βαρύνοιτο
3648 4945 3798 5014 πρὸς

2215 5038 2306 5090 τὸν
2335 5037 2555 5107 δρόμον,
2597 5041 2688 5092 καί
2714 5039 3028 5108 δυσκίνητος
3057 5041 3140 5107 εἴη
3177 5041 3240 5108 τῇ
3281 5039 3389 5089 τῶν
3437 5035 3635 5107 νεκρῶν
3658 5035 3796 5104 δερ-

2220 5128 2403 5195 μάτων
2451 5129 2729 5198 περιϐολῇ,
2763 5128 2901 5181 κατά
2947 5130 3044 5197 τὴν
3073 5129 3370 5196 γενομένην
3418 5128 3508 5178 ἐπὶ
3549 5125 3644 5194 τῆς
3687 5127 3791 5178 τοῦ

2213 5217 2371 5284 ὅρους
2396 5217 2623 5287 θεωρίας
2650 5218 2906 5270 διάνοιαν.
2934 5219 3055 5280 Πῶς
3079 5215 3169 5270 οὖν
3195 5216 3414 5286 ἔμελλεν
3435 5215 3551 5267 ἀντὶ
3577 5215 3792 5283 κόσμου

2212 5307 2288 5376 τῷ
2314 5308 2432 5360 ποδὶ
2469 5309 2529 5360 τὸ
2571 5309 2825 5378 ὑπόδημα
2858 5309 3123 5377 γίνεσθαι,
3153 5309 3214 5360 τὸ
3255 5309 3394 5362 κατὰ
3431 5307 3528 5377 τὴν
3559 5304 3797 5376 πρώτην

2215 5399 2600 5467 μυσταγωγίαν
2634 5399 2709 5462 ὡς
2750 5401 3002 5468 ἐμπόδιον
3041 5401 3142 5469 τῆς
3186 5402 3369 5454 ἀνόδου
3413 5399 3798 5470 ἀποϐαλλόμε-

2211 5507 2331 5554 νον;
2367 5490 2424 5542 Ὀ
2454 5491 2510 5542 δὲ
2540 5492 2791 5544 τοσοῦτον
2820 5493 3010 5554 διαϐὰς
3051 5492 3137 5546 διά
3177 5493 3282 5545 τῶν
3312 5490 3544 5560 καθεξῆς
3571 5491 3803 5563 θεωρη-

2211 5581 2402 5634 θεισῶν
2439 5583 2568 5651 ἡμῖν
2603 5583 2938 5644 ἀναϐάσεων,
2963 5584 3060 5648 τὰς
3092 5583 3438 5645 θεοτεύκτους
3463 5583 3671 5643 πλάκας
3700 5583 3804 5638 διὰ

2209 5672 2389 5742 χειρὸς
2421 5673 2678 5744 φέρει,ιαῖ
2727 5675 2868 5726 θεῖον
2898 5676 3060 5745 νόμον
3100 5677 3155 5728 ἐν
3195 5675 3388 5737 αὑταῖς
3416 5675 3802 5743 περιέχουσιν.
