4054 6436
317 230 400 285 595
1055 309 1057 314 Ι
1606 226 1692 283 DE
1734 226 1823 282 Vl']

1934 227 2210 283 MOYSIS.

3415 235 3522 294 ὅθί

325 351 455 404 ’Δὶλά
505 349 861 419 συντρίϐονται
913 345 1095 414 αὗται,
1138 353 1204 422 τῇ
1259 351 1558 423 τραχύτητι
1598 354 1699 424 τῆς
1735 353 1823 407 τῶι

1948 353 2053 408 leta
2085 361 2189 408 est.
2235 350 2558 421 Prophetice
2598 351 2764 420 igitur
2790 354 2901 409 habe
2929 354 3157 411 historia
3181 356 3249 413 de
3288 359 3374 424 iis.
3399 376 3520 432 qua:

310 443 659 512 ἡμαρτηκότων
700 442 1021 507 ἀντιτυπίας
1058 445 1477 515 περιτριϐεῖσαι.
1529 445 1602 498 Τὸ
1640 445 1696 498 δὲ
1737 447 1835 518 τῆς

1942 446 2148 501 nostris
2167 445 2504 514 temporibus
2539 443 2682 528 facta
2717 453 2864 512 sunt,
2894 449 3236 504 exclamavit.

312 539 544 608 ἁμαρτίας
563 534 714 601 εἶδος,
748 537 1094 593 είδωλοποιῖα
1115 535 1204 610 ἦν,
1230 542 1287 594 ὲν
1308 540 1614 612 ὁμοιώματι
1675 541 1875 611 μόσχου
1923 541 2219 610 γλυφέντος
2261 542 2373 604 τοῖς
2419 540 2830 613 είδωλολάτραις
2879 543 2974 596 τοῦ
3019 545 3406 617 ἀφιδρύματος.
3449 550 3518 600 Ὃ

307 632 427 701 παρά
469 631 555 684 τοῦ
604 628 880 695 Μωῦσέως
931 632 1238 698 ὲκλεανθὲν,
1283 633 1402 687 ὅλον
1447 634 1710 704 συνελύθη
1765 635 1843 704 τῷ
1900 632 2075 694 ὕδατι,
2116 633 2210 686 καὶ
2267 633 2428 686 ποτὸν
2455 633 2564 687 τῶν
2601 633 3060 712 ὲξημαρτηκότων
3090 637 3337 705 ἐγένετο·
3377 639 3517 694 ὥστε

305 727 438 778 παντὶ
497 723 677 795 τρόπῳ
718 724 799 787 είς
842 725 1149 796 ἀφανισμὸν
1193 727 1442 798 χωρῆσαι
1488 725 1589 796 τὴν
1625 724 1778 795 ὕλην,
1809 727 1874 794 τῇ
1900 723 2124 795 ἀσεϐείᾳ
2170 722 2278 776 τῶν
2312 723 2612 794 ἀνθρώπων
2635 707 3059 795 ὑπηρετήσασαν
3084 726 3258 780 ταῦτα
3283 729 3516 798 μάλιστα

303 822 375 871 καὶ
398 819 510 888 περὶ
548 817 654 870 τῶν
681 817 777 870 νῦν
807 819 865 870 ὲν
899 817 977 888 τῷ
1011 819 1132 872 καθ’
1158 820 1307 888 ἡμᾶς
1339 820 1514 890 χρόνῳ
1541 816 1945 886 γεγενημένων,
1979 817 2099 869 τότε
2130 818 2163 886 ή
2197 817 2403 888 ἱστορία
2434 816 2785 888 προφητικῶς
2821 816 3154 888 ἀνεφώνησε.

356 914 488 965 Πᾶσα
527 912 632 982 γὰρ
675 913 707 983 ἡ
744 915 872 984 περὶ
909 913 978 966 τὰ
1031 914 1224 968 εἴδωλα
1259 913 1432 984 πλάνη
1456 956 1470 979 ,
1519 913 1700 967 τέλεον
1745 913 1834 980 ἐξ·

298 1005 548 1075 ηςανίσθη.
569 1005 936 1060 καταποοεῖσα
967 1005 1116 1078 παρά
1131 1005 1240 1059 τῶν
1264 1005 1502 1059 εὐσεϐῶν
1530 1006 1832 1076 στομάτων,

300 1097 382 1149 τῶν
400 1099 478 1150 διὰ
497 1099 594 1166 τῆς
611 1098 822 1168 ἀγαθῆς
845 1098 1129 1169 ὁμολογίας
1142 1098 1234 1151 τὸν
1255 1098 1557 1169 ἀφανισμὸν
1581 1098 1680 1168 τῆς
1709 1099 1834 1151 ἀσε-

298 1189 398 1251 εοῦς
419 1189 542 1258 ὕλης
571 1191 630 1242 ὲν
665 1191 852 1253 αὐτοῖς
880 1191 1281 1260 ποιησαμένων.
1306 1190 1414 1243 Καὶ
1440 1189 1584 1260 ὕδωρ
1613 1191 1834 1259 γέγονεν

295 1280 496 1348 ἀτεχνῶς
526 1279 821 1350 παροδικόν
845 1299 902 1334 τε
931 1283 1022 1334 καὶ
1051 1281 1418 1334 ἀνυπόστατον
1444 1281 1510 1334 τά
1545 1280 1711 1335 πάλαι
1735 1299 1832 1334 πε-

296 1369 476 1440 πηγότα
509 1369 654 1440 παρά
671 1373 786 1434 τοῖς
810 1370 1223 1441 είδωλολάτραις
1255 1373 1548 1444 μυστήρια,
1576 1371 1717 1444 ὕδωρ
1743 1373 1834 1426 ὑπ’

291 1461 437 1514 αὐτῶν
464 1462 566 1514 τῶν
610 1479 744 1515 ποτε
792 1463 1294 1532 εἰδωλομανούντων
1343 1464 1835 1541 στομάτωνματα-

291 1554 556 1621 πινόμενον.
583 1554 756 1607 Ὅταν
789 1554 897 1626 γάρ
931 1557 1045 1627 ἴδῃς
1076 1557 1202 1620 τοῦς
1233 1557 1497 1628 πρότερον
1519 1560 1584 1628 τῇ
1611 1557 1832 1630 τοιαύτῃ

290 1643 652 1707 ὑποπίπτοντας
708 1645 1051 1716 ματαιότητι,
1103 1645 1198 1698 νῦν
1246 1647 1603 1718 ἀναιροῦντας
1649 1647 1831 1700 ἐκεῖνα

2013 908 2205 965 Omnis
2258 911 2401 964 enim
2441 912 2588 966 circa
2618 911 2912 966 simulacra
2943 928 3118 976 error,
3156 913 3403 970 funditus
3429 925 3515 972 est

1942 1001 2192 1056 sublatus
2225 1010 2389 1072 atque
2411 1018 2505 1058 ore
2532 1004 2742 1072 piorum
2767 1004 3078 1074 absorptus,
3105 1006 3197 1076 qui
3222 1007 3360 1061 bona
3383 1022 3516 1062 con-

1942 1092 2179 1150 fessione
2204 1095 2484 1148 materiam
2515 1095 2809 1163 impietatis
2850 1095 2902 1149 iu
2939 1097 3137 1167 seipsis
3171 1098 3511 1154 deleverunt.

1943 1184 2204 1243 Videmus
2234 1197 2494 1258 praeterea
2528 1204 2648 1258 quae
2675 1196 2866 1243 sancta
2903 1189 3122 1244 fuerunt
3151 1194 3292 1262 apud
3322 1193 3513 1262 impie-

1933 1267 2055 1322 tatis
2068 1267 2310 1325 fautores
2320 1272 2598 1343 mysteria;
2610 1272 2764 1342 quasi
2779 1285 2975 1340 aquam
2991 1271 3294 1330 instabilem
3308 1273 3524 1338 delapsa

1936 1363 2263 1427 deﬂuxisse;
2319 1380 2513 1433 aquam
2561 1367 2629 1421 ab
2679 1366 2898 1419 illorum
2951 1365 3193 1434 ipsorum
3251 1383 3364 1430 ore,
3413 1371 3510 1439 qui

1936 1460 2083 1514 cultu
2135 1459 2556 1515 simulacrorum
2601 1460 2970 1525 insaniebant,
3019 1460 3342 1517 imbibitam.
3375 1461 3508 1518 Nam

1935 1563 2059 1604 eum
2075 1566 2268 1608 cernas
2283 1550 2454 1607 oculis
2469 1563 2582 1617 eos,
2596 1552 2688 1619 qui
2705 1550 2830 1605 huic
2853 1550 3082 1620 vanitati
3111 1562 3267 1606 erant
3291 1553 3509 1622 penitus

1935 1639 2124 1704 dediti,
2180 1642 2284 1696 alia
2317 1641 2644 1711 templorum
2698 1657 2946 1705 suorum,
2981 1643 3035 1696 in
3087 1643 3288 1711 quibus
3319 1660 3508 1714 spera-

290 1735 361 1785 x1".
386 1735 753 1802 ἀφανίζοντας,
797 1739 855 1790 ὲν
881 1733 962 1799 οἷς
989 1736 1164 1790 αὐτῶν
1197 1733 1264 1808 ἦν
1295 1739 1327 1806 ὴ
1357 1738 1677 1810 πεποίθησις
1701 1757 1713 1770 ο
1743 1735 1823 1811 ἀρ’

1936 1741 2151 1794 verant,
2180 1733 2482 1794 diruentes,
2512 1733 2618 1786 alia
2662 1734 2716 1788 in
2767 1733 2904 1788 alios
2928 1749 3060 1788 usus
3085 1735 3502 1799 transferentes,

289 1827 384 1895 οὐχὶ
411 1826 527 1896 βοᾷν
551 1844 630 1880 σοι
658 1828 810 1880 δοκεῖ
842 1828 1091 1900 φανερῶς
1118 1831 1150 1898 ἡ
1178 1829 1402 1901 ἱστορία·
1436 1830 1828 1902 Καταποθήσε-

287 1915 356 1966 ταί
385 1934 497 1970 ποτε
538 1920 642 1970 πᾶν
688 1917 906 1970 εἴδωλον
939 1920 1048 1981 τοῖς
1084 1920 1312 1988 στόμασι
1340 1920 1448 1974 τῶν
1498 1920 1634 1991 πρὸς
1678 1921 1831 1974 εὐσέ·

286 2009 406 2061 εειαν
445 2012 544 2064 ἀπὸ
587 2012 699 2082 τῆς
741 2012 960 2081 ἀπάτης
1019 2011 1446 2082 μετατεθέντωνς
1505 2013 1740 2078 Ὀπλίζει
1773 2013 1830 2066 δὲ

288 2099 380 2160 τοὺς
400 2101 610 2164 Λευῖτας
641 2101 681 2152 ὁ
710 2101 954 2171 Μωῦσῆς
976 2101 1114 2153 κατὰ
1141 2102 1249 2153 τῶν
1271 2102 1577 2172 ὁμοφύλων,
1608 2104 1699 2156 καὶ
1723 2103 1828 2155 δια-

287 2194 576 2260 περάσαντες
605 2193 718 2262 τὴν
742 2192 1115 2263 παρεμϐολὴν,
1145 2194 1238 2246 ἀπ’
1272 2196 1440 2264 ἄκρου
1481 2196 1715 2266 πέρατος
1737 2196 1827 2247 ἐπὶ

283 2281 329 2332 τὸ
352 2283 512 2352 ἕτερον
537 2283 740 2358 ἀκρον,
767 2283 1118 2350 ἀνεξέταστον
1151 2285 1424 2338 ποιοῦνται
1450 2285 1555 2339 τῶν
1570 2288 1827 2356 ἐντυγχα-

282 2374 438 2426 νόντων
466 2375 549 2428 τὸν
574 2376 767 2444 φόνον,
802 2378 867 2446 τῇ
899 2377 1047 2447 ἀκμῇ
1075 2376 1168 2429 τοῦ
1203 2375 1388 2446 ξίφους
1415 2378 1512 2443 τὴν
1547 2379 1687 2431 κατά
1717 2377 1824 2430 τῶν

282 2465 638 2536 ἀναιρουμένων
682 2467 1073 2537 ἐπιτρέψαντες
1100 2468 1299 2537 ψῆφον.
1345 2470 1569 2537 Ἐπίσης
1593 2470 1648 2522 δὲ
1682 2470 1822 2523 κατά

281 2559 442 2620 παντὸς
478 2558 566 2612 τοῦ
617 2559 992 2630 προτυχόντος
1026 2561 1416 2631 ὲνεργουμένου
1445 2559 1538 2613 τοῦ
1565 2554 1747 2624 φόνου,
1762 2559 1823 2611 ού

278 2647 520 2720 διακρίνων
560 2652 616 2703 ὲν
645 2653 771 2713 τοῖς
813 2651 1226 2721 ἀναιρουμένοις
1269 2652 1377 2704 τῶν
1406 2650 1726 2723 ἀνθρώπων,
1760 2651 1820 2704 οὐ

280 2741 443 2802 συνιεὶς
468 2740 554 2794 τὸν
602 2739 809 2811 ἐχθρὸν
853 2740 884 2810 ἦ
917 2741 1006 2793 τὸν
1039 2739 1211 2809 φίλον,
1239 2741 1330 2794 τὸν
1370 2741 1516 2806 ξένον
1549 2741 1580 2810 ἦ
1626 2742 1715 2794 τὸν
1745 2743 1822 2794 oi-

279 2835 409 2896 zziov,
431 2833 488 2886 τὸ
520 2832 847 2902 συγγενὲςῆ
879 2833 940 2885 τὸ
969 2833 1247 2904 ἀλλότριον
1266 2850 1278 2862 ·
1311 2833 1448 2887 ἀλλὰ
1482 2834 1578 2904 μία
1607 2852 1686 2898 τις
1712 2853 1822 2905 χει-

277 2922 350 2988 ρὸς
375 2919 432 2992 ἦν
453 2926 612 2994 ὁρμὴ.
640 2923 795 2977 κατά
822 2924 1019 2986 παντὸς
1049 2924 1141 2976 τοῦ
1170 2925 1604 2994 προσπίπτοντος
1626 2927 1822 2995 ὁμοίως

274 3008 432 3080 ἐπίσης
453 3011 851 3082 ἐνεργουμένη.
893 3012 949 3063 Ὀ
986 3011 1042 3063 δὲ
1071 3015 1196 3084 περὶ
1225 3013 1414 3066 τούτου
1444 3013 1599 3082 λόγος
1619 3013 1820 3085 ταύτην

273 3096 324 3150 ιν
347 3103 458 3171 ἡμῖν
487 3105 832 3174 παράσχοιτθ
857 3103 959 3172 τὴν
1003 3103 1288 3172 ὠφέλειαν,
1325 3105 1511 3176 ἐπειδὴ
1554 3106 1820 3176 πανδημεὶ

271 3192 434 3256 παντες
468 3195 600 3264 πρὸς
632 3195 705 3248 τὸ
741 3195 911 3248 κακὸν
944 3197 1367 3268 συνεφρόνησαν,
1397 3199 1488 3250 καὶ
1521 3198 1710 3270 ὥσπερ
1741 3194 1821 3262 εἷς

270 3284 448 3349 ἐγένετο
473 3287 548 3356 τῷ
595 3287 750 3356 λόγῳ
778 3287 882 3356 τῆς
917 3288 1115 3350 κακίας
1147 3289 1209 3341 τὸ
1253 3290 1612 3360 στρατόπεδον
1641 3289 1786 3345 ἀπᾶν
1805 3308 1818 3320 ·

265 3377 534 3448 ἀδιάκριτος
571 3383 604 3450 ἡ
662 3379 793 3432 κατ’
840 3381 1019 3433 αὐτῶν
1069 3381 1274 3448 γίνεται
1327 3381 1541 3451 μάστιξ.
1583 3383 1670 3446 Ὠς
1713 3383 1821 3454 γάρ

265 3483 360 3519 τινα
388 3471 487 3522 τῶν
515 3473 608 3524 ἐπὶ
637 3471 814 3542 κακίᾳ
846 3473 1258 3543 πεφωραμένων
1287 3475 1316 3525 ό
1345 3473 1581 3541 πληγαῖς
1611 3475 1820 3539 αἰκιζό-

263 3577 407 3630 μενπ,
450 3566 498 3624 ὃ,
533 3565 586 3617 τί
639 3581 755 3635 περ
797 3563 863 3617 ἂν
909 3565 1046 3636 τύχῃ
1080 3565 1172 3618 τοῦ
1223 3565 1470 3636 σώματος
1509 3565 1822 3629 καταξαίνει

258 3649 326 3704 δή
345 3655 430 3722 τῆς
454 3657 751 3725 μάστιγος,
781 3655 940 3720 εἰδὼς
969 3656 1049 3709 ὃτι
1078 3658 1110 3726 ἡ
1153 3657 1244 3709 ἐπὶ
1272 3657 1470 3729 μέρους
1507 3655 1662 3726 ὀδύνη
1686 3657 1821 3726 πρὸς

253 3741 299 3794 τὸ
327 3749 421 3799 πᾶν
471 3750 798 3820 διέρχεται·
839 3749 1012 3812 οὕτως
1059 3749 1134 3813 ὼς
1170 3750 1370 3812 παντὸς
1413 3750 1614 3820 ὁμοίως
1661 3750 1822 3803 κολα-

256 3831 469 3903 ζομένου,
498 3841 598 3893 τοῦ
631 3843 720 3902 εἰς
750 3839 848 3909 τὴν
878 3839 1075 3893 κακίαν
1111 3841 1450 3911 πμφυέντος
1486 3839 1756 3911 σώματος,
1787 3842 1819 3914 ἡ

249 3926 324 3977 ἐπὶ
352 3931 546 4000 μέρους
581 3931 961 4002 ἐνεργουμένη
991 3932 1186 4002 μάστιξ
1211 3933 1271 3984 τὸ
1299 3934 1407 3986 πᾶν
1440 3933 1816 4004 ὲσωερρόνιζεν.

251 4016 430 4070 Ἧκοῦν
467 4020 519 4071 εἴ
553 4036 694 4072 ποτε
729 4019 832 4089 τῆς
882 4020 1002 4089 ἴσης
1033 4020 1228 4081 κακίας
1257 4022 1315 4073 ἐν
1357 4021 1568 4085 πολλοῖς
1595 4021 1823 4092 Θεώρου-

248 4106 408 4177 μένῃς,
448 4111 524 4182 μὴ
561 4112 712 4164 κατὰ
741 4110 984 4176 πάντων,
1017 4112 1152 4164 ἀλλά
1188 4113 1328 4166 κατά
1350 4130 1509 4165 τινων
1537 4114 1818 4185 ἐνεργήσει

242 4196 378 4264 ήτοῦ
409 4201 548 4254 Θεοῦ
601 4203 1028 4271 ἀγανάκτησιςο
1083 4206 1224 4256 νοεῖν
1280 4207 1547 4275 προσήκει
1597 4205 1696 4277 τὴν
1733 4206 1822 4259 διὰ

241 4289 642 4361 φιλανθρωπίας
675 4292 786 4346 τῶν
810 4295 1216 4365 ἐνεργουμένων
1251 4295 1567 4366 διόρθωσιν⁹
1595 4297 1654 4349 οὐ
1683 4296 1819 4350 πάν-

1936 1839 2117 1878 nonne
2157 1838 2352 1894 magna
2393 1840 2528 1880 voce
2567 1824 2803 1878 clamare
2852 1825 3075 1880 historia
3121 1827 3338 1884 videtur
3372 1849 3383 1884 :
3419 1830 3506 1884 fu-

1934 1923 2116 1968 turum
2157 1931 2278 1970 esse
2306 1923 2523 1984 tempus
2553 1915 2680 1969 olim
2714 1915 2766 1969 in
2798 1931 2906 1985 quo
2938 1917 3291 1974 simulacrum
3321 1937 3504 1987 omne,

1932 2022 2028 2061 ore
2071 2008 2315 2076 ipsorum
2347 2009 2437 2077 qui
2473 2007 2540 2061 ab
2575 2007 2882 2077 iniquitatis
2925 2023 3113 2064 errore
3143 2011 3208 2065 ad
3243 2001 3502 2082 pietatem

1934 2105 2386 2167 transponeutur,
2434 2096 2706 2151 delcbitur
2750 2107 2804 2151 et
2857 2098 3274 2156 ahsorbebitur?
3315 2104 3504 2158 Armat

1929 2189 2124 2244 deinde
2172 2188 2390 2244 Levitas
2430 2204 2538 2244 non
2594 2190 2648 2243 in
2716 2191 3071 2261 alienigenas,
3115 2194 3206 2248 sed
3264 2195 3318 2249 in
3373 2213 3504 2253 suos

1929 2281 2185 2336 ardenter
2217 2281 2450 2352 Moyses,
2487 2281 2578 2352 qui
2613 2281 2682 2335 ab
2715 2283 2881 2337 altera
2911 2286 3257 2341 extremitate
3289 2297 3501 2344 castro-

1930 2388 2052 2427 rum
2086 2373 2152 2427 ad
2185 2373 2410 2427 alteram
2442 2373 2692 2435 confuse,
2727 2381 2784 2426 ut
2817 2375 3053 2444 quisque
3081 2377 3294 2432 obviam
3327 2379 3498 2443 fleret,

1929 2476 2128 2517 omnes
2195 2462 2606 2517 interfecerunt.
2647 2461 2721 2515 lta
2771 2478 2893 2516 cum
2939 2466 3144 2534 pariter
3187 2469 3501 2540 quicunque

1930 2553 2180 2608 mucroni
2236 2553 2520 2615 incideret,
2567 2552 2929 2616 occideretur,
2979 2571 3139 2611 neruo
3169 2558 3500 2616 interficien—

1927 2644 2060 2698 tituu
2103 2645 2224 2714 quis
2269 2644 2479 2698 amicus
2520 2651 2611 2697 aut
2647 2643 2769 2713 quis
2820 2639 3075 2702 inimicus
3117 2647 3495 2718 discernebat;

1926 2736 2049 2806 quis
2093 2734 2448 2800 domesticus,
2495 2737 2619 2804 quis
2669 2734 2866 2803 allinis,
2909 2737 3033 2807 quis
3067 2750 3351 2809 cognatus,
3406 2753 3498 2798 aut

1926 2829 2159 2892 alienus,
2210 2843 2369 2884 nemo
2404 2828 2793 2898 prospiciebat;
2851 2829 2944 2884 sed
2987 2831 3182 2887 unicus
3211 2841 3372 2904 atque
3400 2852 3499 2906 par

1927 2924 2192 2977 adversus
2223 2937 2440 2986 omnes,
2471 2922 2522 2975 in
2555 2938 2693 2991 quos
2715 2923 3044 2989 inciderant,
3092 2935 3209 2980 erat
3241 2927 3493 2998 impetus.

1849 3053 1890 3110 Ο
1929 3012 2082 3067 Unde
2113 3015 2374 3069 discimus
2415 3013 2623 3069 idcirco
2663 3014 2865 3085 absque
2894 3015 3254 3085 dispositione
3279 3021 3498 3089 punitos

1927 3105 2115 3171 fuisse,
2165 3106 2422 3176 quoniam
2465 3123 2571 3161 una
2612 3122 2804 3164 omnes
2837 3107 2902 3161 ad
2943 3109 3141 3162 malum
3187 3111 3501 3182 conspiran-

1924 3205 2029 3263 tes,
2063 3197 2279 3252 ratione
2311 3197 2424 3252 vitii
2459 3198 2615 3268 quasi
2677 3215 2822 3256 unus
2861 3199 3039 3255 effecti
3074 3210 3224 3264 sunt,
3249 3211 3303 3257 et
3331 3204 3496 3258 veluti

1924 3303 2049 3340 cum
2087 3288 2359 3358 quispiam
2396 3305 2563 3343 unum
2604 3290 2876 3346 hominem
2914 3293 3156 3361 peccatis
3194 3305 3496 3351 commotus

1925 3378 2041 3432 suis
2093 3379 2253 3434 caedit
2295 3379 2663 3446 vehementer,
2720 3398 2829 3436 non
2878 3383 2980 3438 hoc
3023 3390 3114 3437 aut
3164 3385 3293 3440 illud
3338 3403 3496 3442 suum

1925 3468 2110 3538 affligit
2134 3470 2460 3534 membrum,
2489 3472 2580 3526 sed
2601 3489 2709 3542 quo
2730 3472 3000 3543 ﬂagellum
3023 3477 3304 3531 commode
3321 3486 3500 3548 potest

1926 3560 2142 3627 inferri,
2173 3560 2308 3614 illud
2355 3563 2626 3616 verberat:
2663 3563 2800 3619 bene
2833 3565 2977 3618 enim
3019 3568 3170 3621 novit
3198 3585 3502 3638 quamcun-

1923 3667 2031 3721 que
2088 3662 2292 3721 partem
2344 3655 2698 3722 percusserit,
2763 3655 2828 3709 ad
2896 3665 3065 3710 totum
3125 3674 3327 3729 corpus
3376 3661 3500 3717 inde

1925 3757 2144 3797 sensum
2179 3742 2385 3796 doloris
2419 3741 2821 3799 transiturum:
2867 3744 2946 3798 sic
2975 3761 3094 3815 quae
3121 3746 3238 3801 siue
3268 3747 3502 3817 disposi~

1925 3835 2072 3890 tione
2105 3843 2236 3888 tunc
2279 3834 2647 3889 adhibebatur
2668 3835 2899 3904 punitio,
2933 3849 3126 3890 omnes
3159 3835 3251 3906 qui
3285 3839 3502 3908 conspi-

1925 3929 2136 3982 ratione
2162 3927 2304 3993 vitii,
2338 3929 2494 3997 quasi
2534 3935 2688 3982 erant
2725 3927 2778 3981 in
2821 3943 2988 3982 unum
3028 3942 3227 3998 corpus
3259 3929 3496 3996 conflati,

1925 4019 2119 4073 mirum
2182 4021 2236 4074 in
2288 4021 2509 4074 modmu
2575 4020 2896 4091 castigabat.
2945 4019 3125 4086 Quare
3170 4023 3214 4075 si
3248 4037 3503 4077 nonnun-

1923 4127 2086 4179 quam
2125 4113 2365 4181 peccatis
2411 4111 2697 4166 hominum
2746 4111 2882 4165 iram
2918 4109 3009 4165 Dei
3042 4111 3357 4173 excitatam,
3388 4126 3496 4164 non

1925 4202 1978 4255 in
2020 4217 2232 4266 omnes,
2281 4203 2376 4256 sed
2425 4202 2478 4254 in
2532 4201 2747 4269 aliquos
2783 4198 2914 4254 ferri
2966 4199 3268 4260 videamus,
3303 4199 3500 4254 divina:

1924 4293 2228 4348 clementiae
2273 4291 2700 4364 magnitudinem
2750 4290 3009 4344 admirari
3057 4289 3356 4345 debemus:
3391 4305 3500 4360 qua

240 4394 325 4429 των
343 4383 437 4448 μὲν
457 4401 643 4437 τυπτο
652 4385 852 4454 μένων,
871 4388 1086 4440 πάντων
1100 4387 1155 4440 δὲ
1173 4391 1566 4466 ταῖςιμερικαῖς
1589 4389 1821 4460 πληγαῖς

1927 4386 2004 4446 fit,
2049 4394 2108 4439 ut
2155 4401 2262 4439 non
2296 4399 2490 4440 omnes
2531 4383 2693 4438 sicuti
2745 4392 3042 4446 merentur,
3098 4381 3497 4452 percutiautur,

239 4471 355 4538 πρὸς
395 4473 494 4543 τὴν
525 4476 634 4544 τῆς
678 4477 879 4540 κακίας
910 4478 1262 4549 ἀποστροφὴν
1315 4480 1818 4550 σωφρονιζομένων.

245 4554 385 4610 Ἀλλὰ
413 4560 581 4614 τοῦτο
610 4563 718 4631 μὲν
745 4563 824 4616 ἔτι
848 4565 957 4617 τῶν
987 4566 1112 4618 καθ’
1141 4567 1383 4638 ἱστορίαν
1421 4570 1820 4640 γεγραμμένων

234 4643 287 4696 τὸ
309 4648 500 4720 νόημα.
549 4652 622 4704 Ἡ
652 4653 713 4705 δὲ
737 4655 994 4726 ἀναγωγὴ
1024 4657 1210 4710 τοῦτον
1242 4658 1308 4710 ἂν
1333 4660 1482 4728 ἡμᾶς
1509 4659 1597 4712 τὸν
1622 4661 1820 4732 τρόπον

229 4735 574 4810 ὠφελήσειεν.
623 4745 842 4817 Ἐπειδὴ
864 4765 1026 4816 φησιν
1054 4750 1109 4801 ὲν
1141 4751 1305 4819 κοινῷ
1340 4752 1652 4822 κηρύγματι
1687 4756 1820 4825 πρὸς

234 4829 418 4896 πάντας
441 4836 470 4886 ό
492 4836 828 4907 νομοθέτης,
849 4841 930 4892 ὅτι
967 4861 983 4890 ι
1010 4841 1076 4894 Εῖ
1096 4860 1178 4905 τις
1202 4842 1337 4912 πρὸς
1359 4844 1448 4896 τὸν
1473 4845 1694 4916 Κύριον,
1722 4847 1818 4899 ἴτω

232 4921 350 4986 7.96;
371 4941 460 4989 με.
492 4946 512 4976 ι
542 4927 738 4998 ὐπερ
755 4929 952 4999 ἐστὶνὴ
979 4930 1072 4982 τοῦ
1090 4930 1257 5001 νόμου
1286 4932 1437 5002 φωνὴ
1467 4934 1634 4986 πᾶσιν
1658 4935 1819 5000 ἐγκε-⁴

233 5005 481 5085 λευομένη
515 5015 607 5078 τὸ,
658 5017 728 5068 Εί
753 5035 835 5082 τις
872 5019 1118 5088 βούλεται
1160 5020 1254 5074 τοῦ
1287 5021 1422 5076 θεοῦ
1463 5022 1613 5093 φίλος
1657 5019 1815 5087 εἶναι,

238 5100 340 5167 ἐμοὶ
366 5105 445 5172 τῷ
473 5106 643 5175 νόμῳ
674 5107 819 5173 φίλος
846 5109 1104 5176 γενέσθω.
1147 5111 1206 5164 '0
1235 5112 1343 5185 γάρ
1367 5115 1446 5186 τῷ
1473 5114 1625 5185 νόμῳ
1650 5113 1819 5182 φίλος»

238 5193 315 5281 καί
339 5197 413 5264 τῷ
439 5198 568 5267 θεῷ
596 5199 756 5267 φίλος
787 5204 901 5254 ἐστὶ
929 5203 1174 5267 πάντως·
1206 5207 1296 5261 καὶ
1341 5212 1452 5277 τοῖς
1493 5207 1633 5281 πρὸς
1659 5205 1819 5259 αὐτὸν

245 5279 316 5336 διὰ.
353 5290 608 5343 τπιούτου
663 5294 1014 5365 κηρύγματος
1066 5295 1422 5368 ἀθροισθεῖσιν
1462 5297 1820 5374 ἐγκελεύεται

247 5377 532 5474 χρίσασθαι
566 5381 652 5450 τῷ
685 5380 817 5452 ξίφει
857 5387 998 5438 κατά
1031 5386 1122 5439 τοῦ
1150 5388 1365 5474 ἀδελφοῦ
1392 5404 1488 5469 καὶ
1535 5393 1633 5453 τοῦ
1666 5389 1820 5461 φίλου

255 5470 330 5518 ul.
354 5472 443 5525 τοῦ
482 5474 737 5542 πλησίον.
771 5477 1013 5548 Νοοῦμεν
1043 5479 1096 5530 δὲ
1127 5483 1243 5555 πρὸς
1342 5470 1666 5580 ἀκόλουθον
1699 5482 1822 5555 βλέ-

315 5647 354 5678 “⁵
390 5652 563 5711 Exod.
609 5670 777 5716 um,
810 5655 899 5710 9.5.

517 5750 791 5808 Ρδτιιοι..
832 5751 918 5805 tiu
987 5743 1136 5813 Χιλιν,

1923 4491 2114 4532 onmes
2140 4481 2318 4530 tamen
2346 4475 2574 4546 flagellis
2595 4474 2954 4545 castigentur.
2978 4471 3178 4526 Verum
3210 4472 3261 4525 id
3291 4489 3354 4526 ex
3383 4472 3500 4543 ipsa

1925 4567 2150 4624 historia
2203 4582 2309 4621 non
2343 4567 2507 4620 altius
2552 4565 2826 4619 intellecta
2880 4563 3161 4619 discimus.
3204 4561 3282 4615 Ad
3321 4563 3497 4617 subli-

1924 4659 2068 4714 mius
2104 4666 2287 4712 autem
2320 4657 2585 4712 reducere
2627 4657 2900 4721 volentes,
2945 4654 3078 4708 illud
3119 4656 3270 4724 prius
3313 4656 3498 4709 cousi-

1924 4751 2278 4814 derabimus,
2336 4749 2480 4820 quod
2548 4750 2826 4803 coummni
2892 4749 3166 4817 pra‘couio
3221 4747 3498 4816 Iegislator

1922 4839 2282 4894 exclamavit:
2315 4859 2331 4889 ι
2362 4839 2417 4892 Si
2450 4839 2574 4910 quis
2598 4848 2678 4892 est
2711 4836 2945 4903 Domini,
2981 4837 3046 4891 ad
3077 4853 3162 4892 me
3184 4838 3450 4893 veniat“.
3476 4857 3494 4888 ι

1923 4932 2038 4999 Qua
2082 4948 2214 4988 voce
2255 4932 2338 4986 lex
2389 4933 2504 5001 ipsa
2552 4931 2808 4985 omnibus
2849 4931 3067 4986 edicere
3114 4931 3330 4986 videtur
3379 4949 3391 4985 :
3442 4928 3498 4983 Si

1923 5024 2046 5094 quis
2078 5023 2245 5077 Deum
2282 5036 2465 5076 amare
2503 5021 2638 5083 vult,
2689 5036 2773 5075 me
2821 5020 2992 5090 legem
3039 5029 3214 5087 amet;
3247 5035 3370 5074 nam
3405 5021 3499 5088 qui

1923 5115 2058 5184 legis
2089 5116 2302 5169 amicus
2335 5121 2439 5175 est,
2473 5124 2621 5166 certe
2654 5111 2747 5166 Dei
2784 5127 3001 5182 quoque
3040 5112 3252 5167 amicus
3280 5123 3380 5166 est.
3405 5109 3502 5164 Ju-

1922 5208 2014 5262 bet
2041 5206 2239 5262 deinde
2270 5220 2385 5264 eos.
2433 5205 2524 5274 qui
2552 5203 2644 5257 tali
2684 5204 2955 5272 pra'conio
2995 5203 3309 5273 congregati
3351 5210 3497 5265 sunt,

1924 5301 2133 5368 absque
2182 5298 2570 5368 disquisitione
2612 5309 2664 5350 ct
2711 5296 2764 5349 in
2819 5296 3040 5358 fratres,
3080 5304 3134 5351 et
3173 5297 3396 5356 amicos.
3446 5304 3498 5348 et

1925 5392 2205 5462 proximos
2235 5389 2413 5458 gladio
2447 5387 2700 5441 ferociter
2753 5386 2849 5438 uti.
2901 5385 3212 5456 Superioris
3253 5383 3498 5454 Specula~

1926 5483 2094 5538 tionis
2129 5483 2324 5536 seriem
2357 5486 2673 5550 sequentes,
2697 5478 2933 5533 dicimus
2967 5493 3182 5532 oumem
3205 5472 3497 5542 hominem,

3109 5744 3180 5805 13
