4054 6436
577 313 675 368 ξτες

1809 309 1866 364 S.
1901 307 2229 364 GBEGORII
2271 307 2565 363 NYSSENI
3727 303 3817 357 3'36

576 431 668 500 qui
699 428 764 482 ad
795 430 966 498 legem
995 441 1058 482 ac
1092 426 1257 482 Deum
1303 426 1550 498 respicit,
1583 426 1850 480 malorum
1891 427 2144 479 domesti-

2259 445 2446 492 ποντες
2469 429 2566 498 τῆς
2598 428 2849 498 θεωρίας,
2883 427 2964 478 ὅτι
2997 427 3101 487 πᾶς
3131 426 3158 477 ὁ
3189 424 3320 494 πρὸς
3349 423 3436 475 τὸν
3461 422 3592 474 θεὸν
3624 421 3716 474 καὶ
3742 420 3820 474 τὸν

577 537 766 575 eorum
810 520 956 575 caede
995 520 1236 590 purgari.
1275 518 1381 574 Nec
1421 521 1564 575 enim
1596 535 1810 589 semper
1835 517 2023 580 frater,
2056 525 2147 570 aut

577 614 812 678 amicus,
860 620 952 666 aut
996 612 1278 681 proximus
1335 612 1390 666 in
1441 613 1720 666 meliorem
1783 627 1810 663 a
1864 610 2147 679 Scriptura

577 712 788 771 partem
817 703 1106 772 accipitur,
1139 702 1235 756 sed
1268 710 1397 757 sunt
1428 702 1674 756 nonnulli
1707 701 1926 762 fratres,
1960 701 2146 764 amici,

581 794 832 864 proximi,
877 794 970 862 qui
1015 793 1168 863 quasi
1209 794 1371 848 alieni
1421 808 1486 847 ac
1531 793 1734 848 inimici
1782 793 1940 847 nobis
1967 793 2151 845 adver-

577 895 801 948 santur,
866 899 1003 951 quos
1054 899 1150 938 eas
1196 883 1529 938 arbitramur
1595 898 1717 938 esse
1766 883 2145 952 cogitationes,

576 991 806 1044 quarum
841 977 948 1028 vita
981 975 1137 1029 nobis
1180 982 1434 1041 mortem,
1471 991 1620 1030 mors
1661 991 1788 1030 vero
1817 975 1979 1028 vitam
2011 974 2150 1028 solet

577 1063 850 1120 inducere.

646 1247 772 1303 llaec
808 1249 1078 1318 expositio
1116 1248 1226 1304 illis
1258 1248 1422 1304 etiam
1457 1251 1749 1312 convenit,
1786 1265 1907 1320 quze
1944 1249 2010 1303 de
2041 1249 2147 1302 Aa-

576 1355 673 1393 ron
708 1341 968 1395 diximus.
997 1341 1069 1395 lbi
1095 1342 1237 1397 enim
1275 1357 1372 1411 pro
1407 1340 1575 1396 fratre
1608 1343 1817 1397 socium
1841 1351 2003 1411 atque
2026 1357 2151 1411 pro-

575 1442 830 1487 lectorem
867 1433 1130 1488 divinitus
1167 1434 1326 1488 nobis
1364 1433 1549 1488 datum
1590 1435 1842 1504 angelum
1867 1433 2151 1489 .intellexi-

576 1541 725 1588 ritus,
763 1526 854 1594 qui
892 1526 1154 1581 adversus
1198 1525 1485 1597 Egyptios
1531 1527 1685 1596 signa
1734 1534 2014 1594 operatur,
2056 1524 2149 1593 qui

571 1617 735 1670 etiam
793 1618 969 1684 major
998 1626 1155 1698 aetate
1183 1618 1307 1686 jure
1341 1618 1524 1674 dictus
1573 1626 1694 1682 est,
1738 1633 1862 1670 nam
1904 1617 2150 1688 angelica

573 1721 766 1763 natura
805 1709 1023 1763 homine
1063 1711 1213 1779 prius
1249 1718 1431 1764 creata
1459 1719 1543 1764 est
1575 1728 1588 1763 :
1643 1707 1810 1762 frater
1841 1723 1990 1774 vero,
2023 1707 2148 1777 quia

571 1810 656 1855 est
689 1800 935 1870 quadam
971 1800 1215 1870 profecto
1247 1801 1631 1856 intellectualis
1674 1809 1728 1854 et
1768 1800 2026 1869 angelicae
2057 1815 2150 1853 na-

571 1900 708 1946 tura:
736 1891 802 1944 ad
837 1891 1168 1946 intellectum
1195 1899 1247 1946 et
1272 1892 1509 1945 animam
1546 1893 1840 1944 humanam
1870 1888 2104 1945 afﬁnitas
2132 1908 2144 1943 :

572 1998 710 2052 quas
743 1982 814 2036 ob
856 1997 975 2043 res,
1028 1983 1130 2038 etsi
1166 1991 1396 2052 utroque
1442 1983 1496 2036 in
1549 1981 1670 2035 loco
1709 1980 1875 2036 frater
1926 1981 2146 2044 dicitur,

573 2091 680 2128 non
715 2074 879 2128 habet
909 2083 1087 2128 tamen
1112 2074 1290 2128 locum
1317 2073 1612 2142 oppusitio.
1640 2072 1918 2142 quomodo
1948 2073 2002 2125 in
2038 2088 2140 2126 mc-

574 2169 762 2222 linrem
818 2173 1026 2236 partem
1075 2166 1245 2236 accipi
1289 2167 1461 2234 possit
1511 2165 1850 2218 consortium
1883 2163 2146 2227 Aaronis,

571 2259 660 2326 qui
694 2259 948 2314 lsraelitis
979 2257 1044 2312 ad
1076 2257 1278 2312 idolum
1313 2256 1714 2311 conficiendum
1744 2257 2056 2311 ministrum
2091 2273 2148 2310 se

575 2351 840 2420 praebuit,
887 2365 1012 2404 cum
1055 2351 1332 2418 mquivoce
1373 2349 1560 2403 fratris
1610 2364 1840 2415 nomen,
1895 2363 2041 2403 nunc
2092 2357 2148 2403 ut

572 2443 831 2501 diximus.
864 2442 1182 2509 accipiatur.
1212 2440 1489 2495 Adversus
1512 2440 1677 2509 igitur
1701 2441 1803 2496 hos
1829 2441 2003 2496 malos
2039 2440 2149 2494 fra-

573 2543 685 2588 tres
724 2532 1025 2602 gladiorum
1059 2532 1284 2600 opponit
1321 2532 1492 2585 aciem
1520 2530 1754 2600 Moyses.
1794 2531 1952 2597 Quod
2001 2534 2145 2586 enim

573 2622 697 2676 aliis
735 2621 859 2690 quis
891 2622 1064 2690 jubet,
1107 2619 1211 2674 sibi
1263 2635 1480 2690 quoque
1530 2621 1633 2689 ipsi
1689 2623 1898 2676 sancit.
1940 2621 2144 2677 Horum

577 2714 806 2770 fratrum
853 2714 1047 2772 czedes.
1081 2720 1425 2782 peccatorum
1465 2714 1720 2769 interitus
1756 2725 1856 2768 est.
1889 2713 2022 2767 Nam
2054 2716 2146 2783 qui

570 2804 872 2860 adversarii
910 2804 1157 2859 consiliis
1193 2805 1356 2857 fixum
1390 2812 1554 2873 atque
1587 2814 1852 2858 statutum
1886 2806 1938 2858 in
1965 2807 2146 2860 animo

573 2893 774 2946 malum
816 2891 1047 2953 delevit,
1083 2892 1461 2947 adversarium
1516 2896 1566 2947 in
1617 2897 1800 2964 scipso
1852 2895 2141 2949 interfecit.

577 2983 697 3036 Ilurc
733 2991 910 3037 autem
948 2986 1215 3064 sententia
1249 2985 1554 3054 spiritualis
1587 2986 1794 3040 firmior
1823 3002 1945 3040 esse
1982 2995 2146 3056 atque

2249 524 2408 594 νόμον
2430 525 2659 594 βλέπων,
2683 523 2762 592 τῷ
2783 520 2926 589 φόνῳ
2941 518 3060 570 τῶν
3086 516 3269 579 κακῶς
3296 513 3656 586 ᾡκειωμένων
3681 512 3822 580 αὐτῷ

2250 613 2622 680 καθαρίζεται.
2660 613 2734 664 Οὐ
2763 611 2872 680 γὰρ
2917 611 3022 672 πᾶς
3056 607 3303 676 ἀδελφὸς,
3348 605 3467 658 οὐδὲ
3503 603 3675 672 φίλος,
3708 601 3822 655 οὐδὲ

2251 707 2496 772 πλησίον,
2527 705 2619 757 ἐπὶ
2653 705 2714 756 τὸ
2755 705 2999 773 κρεῖττον
3028 699 3178 770 παρά
3211 699 3310 765 τῆς
3347 695 3569 767 Γραφῆς
3596 695 3817 748 νοεῖται⁶

2251 797 2364 850 ἀλλ’
2388 796 2501 848 ἔστι
2526 812 2610 856 τις
2641 795 2734 847 καὶ
2755 790 2982 858 ἀδελφὸς
3007 789 3099 841 καλ⁵
3122 787 3418 856 ἀλλότριος,
3444 787 3538 839 καὶ
3563 781 3712 853 φίλος
3734 781 3825 836 καὶ

2251 886 2463 958 ἐχθρὸς,
2493 887 2586 938 καὶ
2615 884 2839 954 πλησίον
2871 882 2962 934 καὶ
2995 880 3053 945 ἐξ
3080 878 3328 939 ἐναντίας
3368 875 3673 945 ἱστάμενος.
3700 871 3829 927 Τοῦ·

2249 994 2375 1039 τους
2397 976 2620 1044 νοοῦμεν
2641 975 2765 1036 τοὺς
2797 971 3213 1042 συμφυομένους
3241 971 3373 1039 ἡμῖν
3396 965 3687 1034 λογισμούς
3710 982 3724 995 ⁸
3752 956 3826 1017 ὧν

2251 1070 2284 1140 ἡ
2312 1067 2424 1138 ζωὴ
2456 1067 2576 1138 μὲν,
2603 1065 2872 1137 ἡμέτερον
2916 1063 3142 1117 θάνατον
3162 1080 3173 1092 ·
3213 1063 3240 1114 6
3269 1061 3324 1114 δὲ
3360 1059 3586 1120 Θάνατος
3627 1057 3823 1117 αὐτῶν,

2251 1158 2525 1230 ἡμετέραν
2563 1156 2706 1227 ζωὴν
2737 1153 3156 1226 κατεργάζεται.

2321 1253 2612 1320 Συμφωνεῖ
2649 1249 2704 1301 δὲ
2734 1249 2794 1301 τὸ
2823 1246 3032 1301 τοιοῦτο
3076 1246 3256 1314 νόημα
3287 1247 3396 1307 τοῖς
3433 1243 3531 1313 ἤδη
3569 1242 3697 1312 περὶ
3737 1241 3827 1294 τὸν

2264 1340 2475 1413 Ἀαρὼν
2514 1338 2902 1404 ἐξετασθεῖσιν,
2938 1339 3025 1391 ὅτε
3066 1337 3156 1390 διὰ
3202 1336 3299 1406 τῆς
3338 1333 3626 1404 συντυχίας
3665 1330 3824 1385 αὑτοῦ

2250 1435 2341 1486 τὸν
2369 1432 2656 1503 σύμμαχόν
2683 1449 2744 1483 τε
2793 1430 2887 1483 καὶ
2935 1429 3291 1500 παραστάτην
3334 1427 3562 1494 ἄγγελον
3602 1426 3826 1493 ἐνοήσα-

2254 1543 2373 1596 μεν,
2411 1524 2501 1577 τὸν
2527 1523 2594 1577 τὰ
2627 1525 2832 1594 σημεῖα
2875 1521 3018 1576 κατὰ
3044 1522 3149 1574 τῶν
3187 1519 3500 1588 Αἰγυπτίων
3528 1515 3826 1587 ἐργαζόμε-

2250 1635 2358 1678 νον,
2399 1614 2826 1687 προγενέστερον
2860 1614 3087 1676 εἰκότως
3135 1611 3417 1680 νοούμενον
3438 1627 3450 1639 ·
3483 1609 3570 1662 διὰ
3604 1609 3662 1661 τὸ
3697 1624 3827 1678 προ-

2251 1707 2682 1762 κατεσκευάσθαι
2720 1708 2818 1777 τῆς
2849 1706 3062 1774 φύσεως
3093 1705 3247 1775 ἡμῶν
3279 1703 3375 1775 τὴν
3405 1701 3697 1770 ἀγγελικὴν
3735 1699 3827 1752 καὶ

2251 1800 2538 1868 ἀσώματον
2565 1798 2744 1868 φύσιν.
2783 1797 3030 1867 Ἀδελφὺν
3057 1796 3132 1858 δὲ,
3157 1796 3245 1848 διὰ
3266 1795 3365 1864 τὴν
3393 1792 3711 1862 συγγένειαν
3731 1788 3825 1842 τοῦ

2251 1892 2441 1963 νοητοῦ
2481 1891 2687 1944 ἐκείνου
2724 1890 2859 1961 πρὸς
2884 1889 2944 1942 τὸ
2973 1887 3160 1958 νοητὸν
3186 1887 3248 1940 τὸ
3277 1885 3561 1957 ἡμέτερον.
3591 1882 3701 1952 Τῆς
3733 1877 3828 1935 οὖν

2249 1981 2574 2046 ἀντιθέσεως
2597 1981 2784 2052 οὔσης,
2830 1982 2911 2035 ὅτι
2948 1981 3064 2042 πῶς
3093 1980 3228 2050 πρὸς
3252 1979 3314 2032 τὸ
3358 1981 3602 2048 κρεῖττον
3640 1974 3826 2028 λαϐεῖν

2249 2075 2363 2128 ἐστι
2410 2075 2509 2144 τὴν
2547 2074 2640 2127 τοῦ
2698 2073 2907 2140 Ἀαρὼν
2959 2072 3266 2142 συντυχίαν,
3303 2071 3360 2134 ὃς
3404 2068 3680 2142 ὑπηρέτης
3715 2067 3828 2128 τοῖς

2262 2166 2620 2235 Ἰσραηλίταις
2668 2166 2763 2234 τῆς
2813 2164 3186 2227 εἰδωλοποιίας
3235 2163 3480 2230 ἐγένετο·
3517 2162 3680 2213 κάκεῖ
3729 2176 3825 2228 με-

2248 2257 2414 2325 τρίως
2449 2255 2752 2327 παρεδήλου
2791 2255 2888 2324 τὴν
2934 2256 3030 2324 τῆς
3071 2255 3425 2324 ἀδελφότητος
3458 2251 3773 2322 ὁμωνυμίαν
3800 2250 3828 2302 6

2248 2347 2423 2414 λόγος.
2452 2349 2526 2410 ὡς
2558 2348 2678 2417 οὐχὶ
2705 2348 2932 2401 πάντοτε
2963 2346 3056 2399 τοῦ
3088 2345 3249 2398 αὑτοῦ
3293 2343 3689 2414 σημαινομένου
3717 2341 3826 2394 ἀπὸ

2248 2441 2346 2507 τῆς
2381 2439 2551 2508 αὐτῆς
2582 2439 2786 2508 φωνῆς,
2829 2439 2955 2491 ὅταν
2988 2436 3210 2490 ἐπὶτῶν
3253 2435 3507 2489 ἐναντίων
3540 2433 3825 2502 νοημάτων

2247 2533 2307 2586 τὸ
2351 2531 2479 2585 αὐτὸ
2521 2530 2865 2600 λαμϐάνηται
2894 2530 3088 2600 δνομα.
3132 2528 3269 2581 Ἀλλ’
3309 2528 3494 2597 ἕτερος
3541 2526 3642 2596 μὲν
3667 2525 3825 2578 ἀδελ-

2249 2625 2344 2692 φὸς
2371 2625 2400 2675 6
2447 2621 2725 2690 καθαιρῶν
2764 2621 2855 2674 τὸν
2900 2621 3194 2688 Αίγύπτιον
3223 2618 3515 2690 τύραννον·
3567 2617 3723 2680 ἄλλος
3767 2617 3826 2670 δὲ

2249 2716 2408 2770 πάλιν
2439 2718 2466 2768 ὁ
2497 2714 2790 2768 ἀποτυπῶν
2816 2717 2927 2776 τοῖς
2973 2713 3330 2784 Ἰσραηλίταις
3359 2711 3418 2763 τὸ
3450 2710 3686 2770 εἴδωλον,
3720 2709 3825 2762 κᾶν

2248 2807 2304 2858 ἓν
2410 2807 2496 2859 ἐπ’
2545 2805 2870 2876 ἀμφοτέρων
2898 2809 2957 2857 τὸ
2993 2805 3180 2874 ὄνομα.
3225 2804 3382 2858 Κατὰ
3422 2804 3528 2856 τῶν
3565 2802 3825 2855 τοιούτων

2247 2896 2339 2953 οὖν
2371 2896 2612 2967 ἀδελφῶν
2642 2899 2950 2968 ἀπογυμνοῖ
2977 2899 3003 2950 6
3035 2897 3272 2966 Μωῦσῆς
3297 2896 3358 2949 τδ
3386 2895 3552 2964 ξίφος.
3587 2897 3722 2966 Περὶ
3748 2888 3825 2946 ὧν

2247 2993 2354 3064 γὰρ
2383 2991 2562 3053 ἄλλοις
2592 2989 2982 3048 διακελεύεται,
3031 2989 3123 3041 καὶ
3153 2987 3327 3058 ἐαυτῷ
3357 2987 3556 3058 δηλαδὴ
3599 2986 3828 3055 νομοθεο

576 3077 752 3129 verior
784 3075 1074 3138 videbitur,
1121 3075 1166 3130 si
1201 3075 1444 3144 quwdam
1488 3077 1652 3131 etiam
1691 3078 1796 3130 alia
1830 3078 1884 3131 in
1919 3079 2144 3132 historia

2248 3089 2332 3138 τεῖ
2361 3084 2418 3137 τὸ
2445 3080 2581 3146 ἴσον.
2628 3083 2928 3153 Ἀναίρεσις
2958 3082 3014 3134 δέ
3045 3084 3161 3134 ἐστι
3182 3079 3275 3133 τοῦ
3301 3080 3542 3134 τοιούτου
3568 3078 3822 3146 ἀδελφοῦ,

575 3168 718 3219 dicta
750 3167 876 3221 huic
911 3167 1205 3222 convenire
1231 3168 1604 3222 ostendemus.
1641 3169 1967 3237 lmperatum
1997 3170 2142 3224 enim

577 3258 745 3312 fuisse
767 3257 836 3310 ab
860 3258 1042 3310 Aaron
1075 3257 1296 3318 dicitur,
1328 3267 1386 3311 ut
1418 3259 1636 3313 inaures
1661 3260 1728 3312 ab
1755 3260 1981 3313 auribus
2013 3275 2144 3313 uxo-

577 3363 694 3400 rum
734 3345 1134 3413 tollerent;h:e
1164 3345 1410 3400 conflata:
1445 3348 1722 3402 simulacri
1758 3349 1982 3402 materia
2026 3348 2144 3403 fue-

576 3444 702 3489 runt
729 3436 793 3489 ⁶⁶.
841 3435 1090 3490 Dicimus
1141 3436 1325 3506 igitur,
1360 3437 1504 3506 quod
1543 3437 1758 3513 Moyses
1788 3438 2142 3495 Hebraeorum

578 3530 828 3582 virtutem
856 3527 1143 3582 inauribus
1159 3543 1424 3583 exornare
1450 3530 1644 3593 voluit,
1664 3513 1714 3585 id
1739 3542 1822 3586 est
1847 3532 1954 3597 lex,
1980 3547 2141 3602 quam

575 3636 674 3688 pro
703 3620 886 3692 Moyse
909 3619 1282 3690 intelligimus,
1310 3621 1696 3686 obedientiam,
1717 3638 1838 3693 quae
1861 3641 1958 3695 per
1990 3626 2144 3678 inau-

578 3727 664 3766 rcs
693 3710 1050 3782 significatur,
1094 3709 1408 3766 Judzcorum
1458 3712 1713 3766 virtutem
1759 3716 2139 3770 confirmavit:

575 3816 738 3870 quam
768 3801 905 3855 tollit
939 3801 1152 3866 Aaron,
1184 3810 1242 3855 ut
1280 3801 1649 3857 inobcdicntia
1681 3805 1924 3874 ipsorum
1958 3817 2142 3862 osten-

574 3893 725 3948 deret
754 3892 819 3946 ad
848 3891 1054 3946 cultum
1090 3891 1360 3947 idolorum
1396 3909 1518 3950 esse
1549 3904 1890 3966 perventum.
1932 3897 2143 3953 Idcirco

575 3983 756 4036 statim
789 3983 854 4034 ad
883 3981 1119 4051 primum
1147 3983 1404 4053 peccandi
1441 3985 1648 4040 aditum
1685 3988 2143 4043 inaures‘aufere-

576 4073 794 4135 bantur,
825 4079 883 4125 ut
903 4070 1014 4139 jam
1037 4074 1500 4142 praevaricationis
1522 4086 1575 4132 et
1599 4077 1985 4135 inobedientize
2009 4097 2142 4136 con-

573 4162 692 4216 silia
740 4163 954 4233 cepisse
998 4165 1333 4227 viderentur,
1382 4168 1475 4236 qui
1523 4167 1770 4225 divinum
1813 4183 2140 4242 praeceptum

569 4251 953 4321 negligendum
986 4268 1108 4310 esse
1137 4256 1514 4312 hortabantur.
1550 4255 1651 4323 Qui
1685 4259 1900 4314 tandem
1937 4261 2140 4316 factum

565 4351 656 4396 est
686 4350 745 4395 ut
773 4343 983 4398 amicus
1003 4352 1056 4399 et
1091 4346 1431 4415 propinquus
1465 4346 1874 4402 existimaretur
1913 4365 2142 4420 serpens

2245 3180 2273 3230 6
2318 3177 2418 3245 τῆς
2452 3175 2728 3247 ἁμαρτίας
2771 3173 3098 3244 ἀφανισμός.
3145 3174 3260 3235 Πᾶς
3291 3172 3395 3243 γὰρ
3426 3173 3454 3224 6
3488 3171 3547 3224 τὸ
3593 3169 3679 3222 διὰ
3722 3171 3822 3239 τῆς

2248 3268 2552 3338 συμϐουλῆς
2594 3266 2687 3319 τοῦ
2750 3265 3122 3336 ἀντικειμένου
3177 3263 3478 3334 ὲνιδρυνθέν
3515 3281 3615 3315 τινι
3648 3263 3825 3314 κακὸν

2245 3360 2532 3429 ἀφανίσας,
2565 3362 2769 3412 ἐκεῖνον
2813 3358 3129 3411 ἀπέκτεινεν
3159 3359 3215 3409 ἐν
3248 3355 3424 3424 ἐαυτῷ
3455 3355 3546 3407 τόν
3576 3371 3702 3406 ποτε
3718 3353 3824 3406 -διά

2244 3452 2342 3520 τῆς
2373 3451 2644 3521 ἁμαρτίας
2675 3449 2869 3514 ζῶντα.
2900 3449 3114 3502 Μᾶλλον
3139 3447 3194 3500 δὲ
3224 3449 3354 3517 ἡμῖν
3381 3445 3440 3499 τὸ
3470 3445 3599 3515 περὶ
3624 3444 3823 3497 τούτου

2246 3541 2571 3612 κρατυνθείη
2603 3540 2803 3609 δόγμα,
2860 3539 2913 3591 εἴ
2950 3557 3072 3591 τινα
3116 3538 3209 3591 καὶ
3256 3537 3388 3592 ἄλλα
3425 3537 3524 3606 τῆς
3577 3534 3827 3605 ἱστορίας

2246 3630 2377 3701 πρὸς
2401 3631 2499 3699 τὴν
2531 3630 2760 3701 Θεωρίαν
2790 3629 2990 3698 ταύτην
3022 3627 3563 3698 συμπαραλάόοιμεν.
3590 3627 3828 3695 Εἴρηται

2245 3720 2372 3791 γὰρ,
2409 3720 2491 3772 ὅτι
2532 3718 2912 3789 προστάγματι
2947 3717 3154 3785 γίνεται
3190 3715 3284 3769 τοῦ
3327 3714 3537 3784 Ἀαρὼν
3585 3715 3827 3778 ἐκείνου,

2243 3811 2304 3864 τὸ
2345 3812 2454 3864 δεῖν
2498 3811 2695 3873 αὐτοὺς
2742 3808 3086 3880 περιελέσθαι
3117 3809 3209 3876 ἀφ’
3239 3806 3443 3860 ἑαυτῶν
3485 3806 3552 3860 τὰ
3599 3803 3825 3859 ἐνώτια.

2243 3903 2354 3957 Καὶ
2389 3905 2422 3973 ἡ
2452 3901 2657 3956 τούτων
2710 3899 3066 3971 περιαίρεσις,
3103 3899 3200 3970 ὕλη
3243 3899 3318 3970 τῷ
3347 3899 3542 3966 εἰδώλῳ
3579 3897 3826 3966 ἐγένετο.

2244 3993 2308 4046 Τί
2332 3991 2424 4047 οὖν
2452 4010 2630 4063 φαμεν
2651 4009 2664 4056 ;
2687 3993 2768 4044 ὅτι
2797 3991 3037 4060 Μωῦσῆς
3071 3990 3168 4060 μὲν
3191 3990 3249 4042 ὲν
3277 3989 3354 4060 τῷ
3374 3988 3576 4058 ὲνωτίῳ
3604 3989 3826 4058 κόσμῳ,

2241 4086 2299 4148 ὃς
2323 4087 2468 4138 ἐστιν
2491 4083 2518 4134 ὁ
2542 4083 2722 4153 νόμος,
2747 4083 2843 4151 τὴν
2871 4081 2978 4135 τῶν
3015 4080 3364 4151 Ἰσραηλιτῶν
3385 4080 3553 4150 ἀκοὴν
3579 4079 3831 4150 ἐκόσμη-

2244 4191 2334 4227 σεν
2357 4189 2369 4201 '
2405 4175 2433 4225 6
2459 4173 2514 4226 δὲ
2538 4170 2884 4242 ψευδώνυμος
2921 4170 3148 4239 ἀδελφὸς
3176 4171 3262 4224 διὰ
3293 4172 3389 4241 τῆς
3421 4169 3706 4241 παρακοῆς
3731 4187 3834 4222 πε-

2246 4265 2446 4336 ριαιρεῖ
2471 4265 2560 4317 τὸν
2593 4263 2880 4316 ἐντεθέντα
2909 4265 2974 4332 τῇ
3013 4262 3148 4332 ἀκοῇ
3181 4260 3403 4331 κόσμον,
3437 4261 3533 4313 καὶ
3575 4263 3722 4313 ποιεῖ
3751 4261 3830 4314 δι’

2242 4353 2405 4409 αὑτοῦ
2436 4352 2670 4408 εἴδωλον.
2707 4352 2817 4406 Καὶ
2855 4351 3006 4424 παρά
3040 4352 3136 4421 τὴν
3168 4351 3390 4422 πρώτην
3413 4351 3511 4421 τῆς
3545 4351 3830 4422 ἁμαρτίας

572 4434 641 4488 ab
667 4433 755 4496 iis,
782 4435 874 4505 qui
903 4436 1059 4504 primi
1087 4438 1254 4491 creati
1281 4437 1517 4502 fuerunt,
1540 4440 1696 4509 quasi
1719 4456 1829 4496 rem
1856 4441 2138 4498 honestam

2247 4446 2467 4511 εἴσοδον,
2503 4445 2722 4498 ὲνωτίου
2764 4461 2847 4507 τις
2873 4444 3156 4513 ὑφαίρεσις
3182 4438 3248 4514 ἦν
3282 4445 3314 4513 ἠ
3346 4442 3438 4495 τοῦ
3475 4442 3833 4512 παρακοῦσαι

575 4525 870 4594 utilemque
891 4529 1221 4589 consuleret,
1250 4537 1356 4584 uta
1388 4530 1574 4585 divino
1609 4532 1868 4587 mandato
1899 4533 2141 4589 declina-
2183 4587 2191 4593 .

573 4623 714 4669 rent.
770 4615 824 4668 Id
875 4632 1006 4687 ergo
1053 4627 1136 4672 est
1171 4621 1318 4688 quod
1358 4622 1596 4679 dicimus
1629 4623 1851 4679 auferre
1885 4625 1973 4680 abl
2008 4641 2141 4682 aure

572 4714 966 4774 praeceptorum
1001 4706 1272 4762 inaurem.
1306 4710 1485 4775 Quare
1518 4713 1609 4782 qui
1643 4713 1746 4770 hos
1778 4712 1995 4779 fratres,
2039 4717 2139 4770 hos

571 4796 802 4859 amicos,
840 4796 937 4852 hos
971 4799 1246 4866 proximos
1298 4801 1589 4866 interimet,
1637 4804 1819 4860 audiet
1860 4806 2003 4859 illam
2043 4821 2140 4861 vo-

573 4904 712 4953 cem,
746 4905 909 4959 quam
943 4905 970 4942 a
1002 4889 1183 4962 Moyse
1212 4893 1285 4945 illi
1319 4905 1701 4964 perceperunt,
1739 4896 1832 4965 qui
1869 4905 1998 4950 tunc
2022 4897 2141 4952 sine

571 4978 956 5047 disquisitione
993 4980 1194 5036 multos
1221 4997 1251 5035 c
1283 4983 1586 5039 cultoribus
1617 4985 1746 5038 idoli
1782 4985 2137 5041 occiderunt:

573 5070 933 5140 lznplevistis,
976 5071 1185 5141 inquit,
1219 5089 1409 5128 manus
1455 5083 1660 5130 vestras
1697 5077 1856 5130 hodie
1887 5077 2137 5143 Domino,

571 5164 624 5214 in
655 5177 755 5216 suo
788 5163 1165 5234 unusquisque
1201 5165 1311 5220 filio
1350 5169 1432 5223 vel
1467 5153 1657 5231 fratre,
1695 5177 1751 5222 ut
1782 5168 1940 5224 detur
1973 5185 2139 5238 super

569 5268 668 5308 vos
717 5253 1045 5309 benedictio.
1115 5256 1220 5312 Sed
1274 5267 1580 5328 opportune
1635 5259 1795 5314 modo
1827 5261 2135 5330 primorum

559 5355 855 5413 parentum
906 5346 1134 5404 fecimus
1172 5352 1528 5417 intentionem,
1567 5361 1623 5406 ut
1671 5353 1950 5409 discamus
1999 5371 2134 5424 quo-

569 5448 694 5487 nam
726 5444 888 5503 pacto
934 5436 1198 5493 divinitus
1247 5440 1525 5496 confectas
1570 5441 1804 5504 tabulas,
1856 5442 1907 5495 in
1937 5443 2136 5511 quibus

568 5519 652 5572 lcr.
682 5529 798 5574 erat
834 5519 1100 5592 impressa
1183 5527 1234 5580 in
1279 5539 1477 5583 terram
1516 5529 1768 5586 manibus
1798 5529 1967 5600 Moysi
2002 5546 2130 5600 pro-

632 5703 679 5734 “
708 5702 882 5757 Exod.
931 5719 1100 5769 χχχιι,
1135 5705 1224 5761 9.4.

2243 4540 2342 4610 τῆς
2368 4537 2584 4608 ὲντολῆς
2615 4537 2909 4608 συμϐουλή.
2949 4537 3072 4599 Πῶς
3102 4537 3361 4607 ἐνομίσθη
3391 4536 3542 4605 φίλος
3562 4537 3655 4589 καὶ
3684 4536 3834 4607 πλη-

2246 4631 2360 4683 σίον
2388 4633 2496 4692 τοῖς
2537 4628 2980 4699 πρωτοπλάστοις
3018 4631 3044 4680 6
3073 4627 3215 4696 ὄφις,
3241 4627 3316 4690 ὥς
3354 4645 3407 4680 τι
3434 4629 3702 4697 χρήσιμον
3725 4629 3834 4681 καὶ

2245 4720 2466 4789 ἀγαθὸν,
2496 4719 2556 4771 τὸ
2588 4721 2887 4790 ἀποστῆναι
2922 4719 3014 4773 τοῦ
3049 4719 3191 4772 θείου
3233 4720 3651 4790 προστάγματος
3688 4737 3832 4788 συμ-

2246 4808 2546 4873 ϐουλεύων;
2587 4808 2757 4862 Τοῦτὸ
2795 4811 2910 4862 ἐστι
2943 4809 3003 4861 τὸ
3045 4807 3390 4880 περιελέσθαι
3435 4809 3533 4877 τῆς
3561 4809 3727 4876 ἀκοῆς
3761 4808 3832 4862 τὸ

2244 4901 2344 4970 τῆς
2385 4899 2601 4970 ὲντολῆς
2637 4900 2876 4952 ἐνώτιον.
2907 4899 3113 4951 Οὐκοῦν
3160 4902 3187 4952 6
3226 4900 3333 4952 τῶν
3366 4899 3621 4952 τοιούτων
3665 4897 3835 4951 ἀδελ-

2248 4992 2362 5061 φῶν
2404 5009 2460 5044 τε
2495 4993 2588 5045 καὶ
2631 4993 2800 5060 φίλων
2846 4992 2938 5045 καὶ
2993 4992 3217 5063 πλησίον
3263 4996 3474 5062 φονεὺς,
3525 4990 3835 5046 ἀκούσεται

2248 5084 2396 5155 παρὰ
2434 5083 2526 5137 τοῦ
2569 5083 2732 5154 νόμου
2782 5083 2882 5152 τῆς
2924 5085 3104 5155 φωνῆς
3158 5085 3390 5156 ἐκείνης,
3420 5087 3484 5155 ἦν
3534 5083 3734 5151 ἔφησεν
3791 5085 3830 5155 ἠ

2249 5175 2458 5245 ἱστορία
2483 5174 2633 5244 παρά
2649 5174 2740 5226 τοῦ
2767 5173 3036 5237 Μωῦσέως
3066 5176 3387 5246 γεγενῆσθαι
3420 5178 3529 5236 τοῖς
3548 5173 3671 5234 τοὺς
3707 5189 3799 5227 τοι
3824 5209 3834 5218 -

2245 5264 2433 5326 οὐτους
2493 5265 2968 5334 φονοκτονήσασιν·
3031 5266 3410 5336 Ἐπληρώσατε
3473 5266 3570 5329 τὰς
3629 5268 3830 5336 χεῖρας

2243 5355 2394 5425 ὑμῶν
2421 5356 2657 5425 σήμερον
2687 5355 2763 5425 τῷ
2807 5357 2996 5427 Κυρίῳ
3038 5357 3264 5421 ἕκαστος
3298 5359 3352 5411 ἐν
3379 5357 3455 5426 τῷ
3509 5357 3619 5426 ἰδίῳ
3649 5358 3754 5427 υἱῷ

2239 5447 2316 5516 τῷ
2343 5446 2575 5516 ἀδελφῷ,
2601 5446 2818 5516 δοθῆναι
2843 5449 2926 5515 ἐφ’
2953 5449 3094 5518 ὑμᾶς
3124 5449 3387 5516 εὐλογίαν.
3418 5450 3575 5500 Δοκεῖ
3594 5449 3649 5501 δὲ
3675 5454 3829 5504 κατὰ

2241 5537 2428 5607 καιρὸν
2459 5537 2550 5590 καὶ
2577 5539 2609 5607 ὴ
2643 5538 2827 5606 μνήιιτλ
2863 5537 2970 5590 τῶν
3003 5539 3100 5594 τὴν
3136 5539 3407 5591 ἁμαρτίαν
3438 5539 3831 5610 παραδεξαμέ-
