4054 6436
354 168 449 228 397

338 298 427 335 νων
464 273 922 348 ἐπεισεληλυθέναι
968 270 1050 342 τῷ
1099 268 1274 339 λόγῳ·
1315 269 1454 319 ὥστε
1493 265 1705 336 μαθεῖν,
1759 265 1880 334 πῶς

337 369 421 432 τὰς
449 366 786 428 θεοτεύκτους
813 362 1052 425 πλάκας,
1077 361 1135 413 ὲν
1158 354 1247 420 αἷς
1270 359 1299 410 6
1327 355 1469 419 θεῖος
1501 354 1665 425 νόμος
1693 356 1877 408 ἐνεκε-

333 460 565 531 χάρακτο,
594 459 672 520 είς
705 456 804 527 τὴν
836 456 941 525 γῆν
987 454 1053 506 ὲκ
1093 450 1202 504 τῶν
1233 447 1328 502 τοῦ
1358 446 1640 509 Μωῦσέως
1679 445 1879 515 χειρῶν

334 550 593 613 πεσούσας,
626 547 719 601 καὶ
757 549 823 617 τῇ
867 542 1160 611 ἀντιτυπία
1199 539 1292 594 τοῦ
1332 536 1694 607 ὑποκειμένου
1722 552 1876 605 περι-

328 640 594 713 τριὸείσας,
639 638 799 692 πάλιν
829 639 858 690 6
892 636 1133 705 Μωῦσῆς
1162 629 1570 701 ἀνακομίζεται,
1592 629 1775 680 οὐκετι
1803 627 1879 679 δι-

327 732 429 784 όλου
454 731 546 793 τὰς
564 729 753 792 αὐτάς,
777 727 912 781 ἀλλά
936 726 1093 796 μόνον
1112 723 1174 777 τὸ
1197 721 1284 775 ἐπ’
1306 718 1486 775 αὐτῶν
1510 719 1765 790 γράμμα.
1785 719 1879 771 Ἐκ

326 826 415 896 γὰρ
442 827 536 894 τῆς
580 822 731 875 κάτω
774 820 908 891 ὕλης
952 816 1132 870 λαϐὼν
1177 814 1277 877 τὰς
1311 813 1544 875 πλάκας.
1593 809 1877 880 ὑποτίθησι

325 921 378 987 τῇ
402 915 615 985 δυνάμει
638 913 728 967 τοῦ
761 912 851 966 τὸν
882 911 1042 981 νόμον
1061 908 1250 971 αὐταῖς
1284 903 1731 975 ὲγχαράσσοντος.
1765 903 1878 954 Καὶ

262 1058 278 1069 ,
321 1008 472 1069 οὕτως
496 1006 851 1061 ἀνακαλεῖται
878 1004 978 1073 τὴν
1007 1001 1186 1072 χάριν,
1216 998 1397 1068 φέρων
1427 999 1485 1048 ἐν
1506 997 1621 1059 ταῖς
1648 993 1877 1057 λιθίναις

321 1098 500 1159 δέλτοις
525 1097 617 1149 τὸν
648 1097 837 1166 νόμον,
882 1093 1047 1146 αὑτοῦ
1091 1091 1185 1144 τοῦ
1231 1088 1367 1143 Θεοῦ
1413 1086 1491 1157 τῷ
1534 1086 1668 1157 λίθῳ
1696 1084 1879 1153 φωνὰς

319 1187 723 1248 ὲντυπὼσαντος.
763 1185 919 1254 Τάχα
956 1183 1065 1254 γάρ
1100 1181 1211 1234 ἔστι
1242 1179 1329 1232 διά
1356 1178 1559 1232 τούτων
1593 1174 1881 1246 ὢηγηθέν-

319 1298 419 1343 τας,
451 1279 545 1349 τῆς
592 1279 746 1341 θείας
781 1278 920 1346 ὑπὲρ
964 1274 1120 1345 ἡμῶν
1161 1272 1499 1344 προμηθείας
1532 1271 1590 1325 ὲν
1632 1268 1878 1341 περινοίᾳ

318 1369 562 1439 γενέσθαι.
596 1370 660 1422 Εἰ
687 1370 803 1440 γὰρ
842 1365 1096 1434 ἀληθεύει
1132 1366 1161 1417 6
1188 1364 1331 1427 θεῖος
1366 1362 1705 1425 Ἀπόστολος,
1738 1377 1877 1431 καρ-

317 1462 418 1523 δίας
441 1460 720 1530 ὀνομάζων
747 1459 850 1523 τὰς
893 1457 1126 1521 πλάκας,
1154 1456 1420 1517 τουτέστι,
1459 1455 1520 1507 τὸ
1553 1451 1879 1523 ἡγεμονικὸν

320 1553 401 1622 τῆς
422 1552 593 1621 ψυχῆς
632 1549 916 1622 (ἀληθεύει
961 1548 1018 1602 δὲ
1055 1547 1292 1609 πάντως,
1319 1548 1348 1598 6
1373 1545 1459 1599 διὰ
1496 1543 1590 1597 τοῦ
1627 1541 1878 1613 Πνεύμα-

313 1660 390 1706 τος
413 1645 476 1695 τὰ
512 1643 651 1713 βάθη
685 1641 784 1695 τοῦ
813 1640 948 1694 θεοῦ
976 1636 1452 1710 διερευνώμενος)·
1491 1635 1636 1689 ἐστιν
1664 1634 1729 1688 ἐκ
1757 1632 1879 1686 τού-

318 1751 395 1788 του
427 1734 489 1788 δι’
540 1733 845 1789 ἀκολούθου
904 1732 1118 1803 μαθεῖν,
1166 1732 1246 1785 ὅτι
1300 1729 1662 1799 ἀσύντριπτος
1706 1720 1774 1797 ἦν
1817 1723 1880 1778 "rb

320 1829 417 1879 κατ’
447 1827 617 1897 ἀρχάς
664 1826 763 1879 καὶ
806 1824 1071 1887 ἀθάνατος
1108 1824 1141 1892 ἠ
1183 1819 1494 1892 ἀνθρωπίνη
1540 1817 1722 1887 φύσις,
1756 1817 1878 1879 ταῖς

317 1913 463 1978 θείαις
484 1915 638 1985 χερσὶ
679 1913 1184 1983 κατεσκευασμένη,
1213 1909 1304 1963 καὶ
1346 1911 1458 1971 τοῖς
1486 1907 1755 1978 ἀγράφοις
1783 1904 1877 1959 τοῦ

318 2007 456 2076 νόμου
498 2005 997 2075 κεκαλλωπισμένη
1048 2004 1401 2074 χαράγμασι·
1460 1997 1703 2069 φυσικῶς
1747 1997 1879 2066 ἡμῖν

319 2099 603 2167 ἰγκειμένου
650 2097 754 2151 τοῦ
790 2097 930 2150 κατὰ
977 2096 1138 2163 νύμον
1183 2092 1518 2164 βουλήματος
1547 2092 1605 2142 ἐν
1644 2090 1711 2160 τῇ
1741 2089 1878 2142 ἀπο-

321 2194 496 2261 στροφῇ
532 2191 625 2244 τού
664 2187 863 2250 κακοῦ,
899 2189 992 2240 καὶ
1022 2189 1077 2239 ὲν
1104 2188 1170 2257 τῇ
1203 2184 1297 2238 τοῦ
1329 2184 1486 2237 Θείου
1516 2184 1670 2252 τιμῇ.

390 2286 527 2338 Ἐπεὶ
570 2286 630 2339 δὲ
683 2282 991 2355 προσέπεσε
1039 2280 1138 2350 τῆς
1182 2279 1455 2350 ἁμαρτίας
1494 2279 1523 2330 6
1561 2273 1713 2347 ἦχος,
1758 2275 1818 2329 ὃν
1847 2277 1882 2347 ὴ

320 2378 478 2449 πρώτη
508 2376 708 2448 Γραφὴ
738 2375 921 2446 φωνὴν
948 2375 1122 2443 ὄφεως
1150 2373 1424 2442 ὀνομάζει,
1462 2374 1494 2441 ὴ
1526 2369 1583 2423 δὲ
1611 2369 1753 2423 κατά
1785 2367 1883 2431 τὰς

321 2471 502 2532 πλάκας
550 2467 794 2539 ἱστορία,
829 2466 1012 2537 φωνὴν
1051 2465 1110 2529 ἐξ
1140 2464 1284 2519 οἴνου
1335 2463 1566 2532 ᾀδόντων
1587 2478 1601 2493 ·
1635 2462 1757 2515 τότε
1802 2460 1884 2523 είς

315 2561 404 2628 γῆν
424 2558 680 2613 πεσοῦσα-
707 2557 1143 2628 συντριϐήσεται.
1186 2555 1346 2608 Ἀλλά
1376 2554 1538 2608 πάλιν
1561 2555 1590 2607 6
1630 2552 1882 2623 ἀληθινὸς

320 2652 600 2721 νομοθέτης,
629 2643 705 2703 οὗ
745 2649 912 2712 τύπος
950 2645 1019 2720 ἦν
1039 2650 1068 2702 6
1091 2647 1344 2718 Μωῦσῆς,
1379 2647 1443 2699 ὲκ
1472 2644 1570 2718 τῆς
1596 2644 1700 2713 γῆς
1724 2645 1883 2715 ἡμῶν

319 2742 468 2813 ἐαυτῷ
498 2742 592 2805 τὰς
627 2741 737 2811 τῆς
785 2740 999 2809 φύσεως
1026 2739 1181 2810 ἡμῶν
1229 2738 1433 2803 πλάκας
1471 2738 1778 2803 ὲλάξευσεν.
1808 2737 1882 2789 Οὐ

319 2835 407 2903 γὰρ
427 2836 592 2904 γάμος
621 2833 784 2905 αὐτῷ
808 2834 909 2905 τὴν
938 2832 1087 2886 θείαν
1115 2832 1514 2904 ἐδημιούργησε
1546 2831 1745 2901 σάρκα,
1770 2829 1883 2883 ἀλλ’

318 2925 455 2988 ass;
483 2927 579 2996 τῆς
606 2926 755 2989 ἰδίας
796 2925 996 2998 σαρκὸς
1026 2924 1230 2992 γίνεται
1270 2924 1503 2994 λατόμος
1525 2925 1625 2995 τῆς
1654 2921 1732 2992 τῷ
1756 2921 1884 2991 θείῳ

1628 159 1717 215 DE
1758 159 1918 216 VlTA
1945 158 2218 218 MOYSIS.

3462 163 3567 219 333

1988 272 2180 339 rectas,
2214 286 2245 326 a
2277 270 2479 326 duritie
2514 271 2778 342 subjecta:
2807 281 2967 331 terra:
2992 275 3282 338 contritas,
3317 288 3347 328 a
3382 274 3567 346 Moyse

1986 378 2181 418 rursus
2212 360 2385 417 fuisse
2419 371 2708 434 susceptas
2731 406 2747 429 ,
2780 380 2891 420 non
2919 366 3144 421 omnino
3178 367 3434 433 easdem,
3466 369 3562 423 sed

2016 454 2313 525 cripturam
2360 454 2559 518 solum,
2593 469 2715 524 quae
2747 456 2801 509 in
2835 456 2946 513 illis
2974 465 3092 512 erat
3122 458 3409 528 impressa.
3450 459 3564 514 Ma-

1987 544 2183 598 teriam
2216 544 2362 599 enim
2384 559 2571 629 earum
2610 561 2677 600 ex
2713 545 2960 601 inferiori
3000 548 3102 603 hac
3131 550 3371 619 suscepit
3392 560 3564 604 mate-

1988 632 2067 686 ria
2118 632 2336 703 Moyses
2357 676 2374 701 ,
2408 634 2712 705 virtutique
2762 637 2937 707 ipsius
2966 637 3227 706 subjecit,
3262 640 3355 709 qui
3385 640 3559 711 legem

1988 739 2181 782 rursus
2213 725 2267 780 in
2296 727 2381 782 bis
2410 726 2669 783 secundis
2710 729 2913 782 tabulis
2943 730 3154 783 caelavit
3193 748 3206 783 :
3238 739 3293 785 et
3325 732 3405 787 sic
3432 747 3563 803 gra-

1987 817 2119 871 tiam
2151 819 2452 881 revocavit,
2491 834 2615 873 cum
2647 819 2702 872 in
2745 819 2978 889 lapideis
3020 821 3224 876 tabulis
3264 824 3434 892 legem
3475 840 3563 879 re-

1989 910 2313 975 portaverit,
2344 910 2399 964 in
2426 910 2628 980 quibus
2656 911 2774 981 ipse
2805 910 2951 967 Deus
2984 912 3118 982 legis
3143 912 3313 967 voces
3335 914 3565 969 caelave-

1988 1008 2090 1054 rat.
2137 1000 2276 1056 llinc
2313 1002 2458 1057 enim
2513 1003 2699 1058 induci
2747 1018 3043 1073 possumus
3067 1046 3082 1070 ,
3122 1012 3183 1058 ut
3217 1005 3458 1059 divinam
3497 1007 3565 1061 de

1987 1090 2149 1146 nobis
2178 1091 2522 1147 clementiam
2553 1091 2859 1163 intelligere
2900 1109 3187 1163 queamus.
3219 1093 3353 1148 Nam
3390 1097 3435 1151 si
3467 1112 3566 1151 vc-
3628 1112 3637 1117 “

1990 1196 2109 1235 rum
2153 1180 2287 1236 dicit
2319 1182 2640 1250 Apostolus,
2692 1197 2818 1237 cum
2847 1183 3064 1239 tabulas
3089 1184 3272 1239 cordis
3296 1187 3563 1246 nominat.

1989 1272 2204 1338 hocest,
2228 1270 2564 1329 intellectum
2582 1273 2750 1327 animi
2771 1272 2964 1328 ducem
2986 1289 3048 1328 ac
3068 1275 3393 1345 principem,
3415 1278 3566 1333 sicut

1987 1363 2233 1433 profecto
2261 1379 2448 1420 verum
2479 1364 2632 1431 dicit,
2660 1364 2753 1433 qui
2776 1378 2871 1434 per
2895 1364 3158 1435 Spiritum
3180 1366 3446 1436 profunda
3471 1369 3565 1423 Dei

1986 1465 2264 1513 scrutatus
2297 1465 2379 1515 est
2413 1476 2428 1512 :
2467 1458 2594 1513 inde
2631 1458 2849 1515 discere
2881 1459 3040 1525 licet,
3079 1460 3368 1516 infractam
3402 1474 3566 1533 atque

1986 1548 2346 1605 immortalem
2390 1551 2594 1606 divinis
2640 1549 2962 1605 fabricatam
3008 1552 3260 1608 manibus
3311 1561 3564 1608 naturam

1920 1642 1958 1694 Β
1986 1649 2231 1696 nostram
2263 1645 2319 1695 in
2343 1642 2616 1712 principio
2655 1640 2845 1706 fuisse,
2877 1657 3040 1712 quam
3074 1643 3159 1698 lex
3194 1659 3302 1698 non
3333 1645 3560 1715 scripta,

1992 1733 2087 1788 sed
2118 1732 2336 1796 innata,
2385 1747 2494 1785 non
2521 1732 2764 1787 exterius
2810 1733 3117 1802 acquisita,
3159 1734 3254 1789 sed
3295 1736 3564 1806 impressa

1984 1824 2306 1880 exornabat.
2348 1822 2688 1879 Naturaliter
2733 1825 2881 1879 enim
2915 1826 3076 1881 nobis
3122 1827 3379 1883 voluntas
3427 1829 3564 1898 legis

1986 1917 2181 1979 inerat,
2213 1931 2333 1984 qua:
2365 1916 2431 1969 ad
2467 1916 2736 1969 malerum
2766 1915 3255 1982 abominationem,
3298 1926 3353 1974 et
3386 1918 3564 1974 bono-

1988 2021 2109 2061 rum
2134 2006 2551 2076 expeditionem.
2566 2020 2668 2061 nos
2700 2005 3040 2061 institueret.

2054 2278 2258 2335 Verum
2303 2288 2659 2350 posteaquam
2713 2282 2921 2349 peccati
2974 2282 3307 2338 sonitum-in
3340 2286 3566 2342 auribus

1985 2371 2189 2425 nostris
2224 2370 2603 2440 suscepimus:
2651 2385 2812 2439 quem
2849 2371 3065 2441 quidem
3109 2374 3348 2429 sonitum
3391 2377 3566 2444 prima

1984 2460 2075 2515 illa
2106 2458 2392 2531 Scriptura
2425 2476 2612 2516 vocem
2646 2463 2943 2531 serpentis,
2972 2463 3087 2519 hac
3111 2481 3242 2520 vero
3264 2465 3332 2520 de
3365 2467 3567 2522 tabulis

1984 2551 2214 2607 historia
2240 2566 2431 2606 vocem
2455 2566 2521 2606 ex
2548 2552 2675 2607 vino
2694 2554 3036 2608 cantantium
3064 2558 3416 2626 nuncupavit:
3441 2568 3570 2614 tunc

1984 2650 2194 2697 natura:
2225 2643 2516 2724 integritas
2546 2644 2598 2696 in
2624 2651 2825 2697 terram
2858 2644 3084 2710 decidit,
3110 2655 3164 2700 et
3192 2632 3432 2702 contrita
3459 2657 3563 2704 est.

1983 2735 2087 2790 Sed
2123 2748 2340 2789 rursum
2372 2749 2534 2787 verus
2568 2735 2868 2803 legislator,
2897 2734 3058 2804 cujus
3081 2735 3310 2806 ﬁguram
3349 2737 3566 2809 Moyses

1980 2827 2227 2898 gerebat,
2259 2841 2326 2881 ex
2349 2834 2497 2880 terra
2529 2834 2720 2881 nostra
2750 2836 2959 2880 natura:
2984 2836 3189 2883 nostra:
3214 2828 3429 2886 tabulas
3459 2831 3565 2886 sibi

1982 2920 2258 2976 confecit:
2297 2934 2399 2974 nec
2436 2919 2582 2974 enim
2625 2920 2942 2989 nuptiarum
2985 2920 3309 2977 solemnitas
3342 2936 3564 2978 carnem

317 3014 536 3088 δακτύλῳ
586 2997 1071 3086 καταγραφείσης.
1108 3014 1333 3084 Πνεῦμα
1366 3013 1473 3086 γὰρ
1522 3014 1676 3082 ἅγιον
1721 3009 1880 3084 ἦλθεν

1983 3009 2313 3065 dominicam
2360 3008 2650 3079 produxit,
2697 3010 2792 3064 sed
2851 3010 2968 3081 ipse
3003 3025 3118 3065 sua:
3148 3012 3332 3068 carnis
3382 3012 3564 3070 factus

316 3106 394 3159 im
415 3106 503 3177 τὴν
523 3104 828 3178 Παρθένον,
854 3106 946 3160 καὶ
968 3108 1002 3177 ἡ
1024 3104 1118 3159 τοῦ
1151 3105 1372 3175 ὑψίστου
1407 3104 1697 3158 ὲπεσκίασε
1727 3104 1886 3159 δύνα-

318 3213 412 3267 μις.
446 3200 593 3252 Ἔτι-,εὶ
638 3200 707 3253 δὲ
751 3198 909 3251 τοῦτο
954 3197 1189 3267 ἐγένετο,
1242 3196 1404 3250 πάλιν
1436 3196 1497 3250 τὸ
1523 3195 1885 3267 ἀσύντριπτον

314 3287 450 3359 ἔσχεν
474 3293 505 3362 ἡ
534 3290 727 3360 φύσις,
757 3290 1023 3351 ἀθάνατος
1052 3288 1320 3359 γενομένη
1360 3290 1471 3351 τοῖς
1492 3286 1585 3341 τοῦ
1619 3288 1881 3341 δακτύλου

310 3382 624 3450 χαράτμασι.
659 3381 942 3445 Δάκτυλος
973 3380 1030 3433 δὲ
1078 3379 1307 3453 πολλαχῆ
1350 3378 1499 3450 παρὰ
1528 3379 1626 3449 τῆς
1662 3379 1884 3451 Γραφῆς

310 3470 609 3542 ὀνομάζεται
649 3473 721 3525 τὸ
771 3470 995 3542 Πνεῦμα
1027 3472 1089 3524 τὸ
1128 3471 1300 3539 ἅγιον.
1347 3472 1455 3524 Καὶ
1493 3468 1636 3523 οὔτω
1676 3468 1881 3538 γίνεται

304 3562 385 3615 τοῦ
430 3564 725 3627 Μωῦσέως
785 3565 819 3634 ή
873 3563 967 3615 ἐπὶ
1018 3562 1078 3615 τὺ
1134 3560 1469 3632 ἐνδοξότερον
1524 3559 1881 3631 μεταποίησις

306 3656 506 3727 τοιαύτη
554 3660 655 3712 καὶ
698 3656 963 3727 τοσαύτη,
992 3656 1068 3720 ὡς
1099 3654 1382 3727 ἁχὼρητον
1410 3649 1549 3707 εἶναι
1599 3651 1678 3722 τῷ
1728 3652 1881 3706 κάτω

300 3748 545 3821 ὸτρθαλμῷ
575 3752 684 3821 τὴν
722 3750 826 3819 τῆς
853 3749 1010 3819 δόξης
1050 3749 1265 3818 ἐκείνης
1304 3746 1624 3816 ἐμφάνειαν.
1659 3746 1880 3808 Πάντως

301 3837 348 3891 τῖε
365 3841 393 3891 6
414 3841 858 3911 πεπαιδευμένος
876 3839 937 3892 τὸ
958 3839 1099 3892 θεῖον
1120 3839 1219 3907 τῆς
1245 3836 1479 3899 πίστεως
1504 3835 1658 3906 ἡμῶν
1686 3836 1883 3906 μυστή-

297 3946 416 3996 ριον,
446 3934 548 3987 οὐκ
581 3934 802 4002 ἀγνοεῖ,
839 3930 956 3994 πῶς
999 3929 1287 3999 συμϐαίνει
1324 3932 1391 3999 τῇ
1434 3927 1704 3999 ίστορίᾳή
1741 3926 1879 3979 κατά

295 4025 576 4097 ἀναγωγὴν
616 4024 852 4095 θεωρία.
886 4024 946 4077 '0
974 4022 1081 4093 γάρ
1113 4021 1412 4093 διορθωτὴς
1431 4020 1530 4091 τῆς
1563 4036 1878 4090 συντετριμ-

293 4117 447 4188 μένης
488 4118 664 4189 ἡμῶν
708 4116 924 4185 φύσεως
976 4114 1182 4178 πλακὸς
1223 4117 1395 4181 (νοεῖς
1423 4112 1479 4165 δὲ
1522 4113 1759 4175 πάντως,
1796 4110 1880 4164 διὰ

288 4207 388 4261 τῶν
410 4209 763 4280 λεγομένων,
798 4210 1026 4269 ἐκεῖνον,
1067 4206 1159 4259 τὸν
1199 4205 1268 4259 τὰ
1307 4206 1687 4275 συντρίμματα
1722 4206 1754 4275 ἠ
1766 4203 1881 4275 μῶν

286 4296 750 4370 θεραπεύσαντα),
793 4297 980 4370 ἐπειδὴ
1030 4297 1191 4351 πάλιν
1235 4298 1314 4353 είς
1356 4295 1415 4349 τὸ
1450 4296 1673 4368 ἀρχαῖον
1715 4297 1880 4348 ὲπαν.

1982 3099 2219 3170 lapicida
2241 3139 2256 3164 ,
2303 3100 2476 3171 digito
2506 3098 2600 3155 Dei
2632 3115 2752 3154 eam
2791 3100 3092 3170 inscripsit.
3127 3100 3371 3171 Spiritus
3414 3105 3561 3159 enim

1982 3197 2208 3246 sanctus
2233 3190 2484 3261 pervenit
2507 3191 2562 3245 in
2592 3189 2898 3261 Virginem,
2918 3200 2966 3246 et
2999 3193 3216 3251 Excelsi
3243 3210 3359 3250 eam
3383 3197 3562 3253 virtus

1982 3279 2330 3336 obumbravit
2351 3280 2418 3336 ⁸⁷.
2452 3279 2573 3345 Quo
2601 3282 2766 3340 facto,
2797 3296 2996 3336 rursus
3026 3289 3224 3336 natura
3255 3282 3559 3350 confracta,

1984 3370 2134 3427 illius
2155 3372 2516 3441 impressione
2545 3371 2701 3442 digiti
2733 3372 3199 3429 immortalitatem
3221 3386 3518 3431 consecuta
3546 3396 3558 3431 :

1982 3459 2187 3530 digitus
2211 3460 2356 3515 enim
2402 3460 2602 3530 saepius
2640 3475 2671 3513 a
2707 3458 2994 3530 Scriptura
3049 3460 3291 3532 Spiritus
3335 3473 3563 3521 sanctus

1982 3552 2306 3622 appellatur.
2345 3550 2461 3606 Hoc
2511 3552 2678 3622 igitur
2704 3551 2869 3607 modo
2900 3552 2968 3607 ad
3015 3554 3311 3623 gloriosius
3345 3555 3561 3627 Moyses

1981 3652 2352 3699 commutatus
2400 3642 2532 3704 fuit,
2566 3643 2704 3698 adeo
2756 3651 2817 3697 ut
2848 3642 3206 3701 inferioribus
3251 3646 3337 3703 bis
3385 3648 3562 3703 oculis

1981 3740 2134 3789 tanta
2163 3735 2396 3805 talisque
2429 3735 2603 3803 gloria
2638 3735 2788 3788 cerni
2821 3736 3104 3800 nequiret:
3141 3752 3303 3806 quam
3339 3739 3558 3808 quidem

1982 3823 2419 3880 immutationem
2447 3824 2540 3893 qui
2577 3830 2778 3879 nostrae
2810 3823 2934 3880 ﬁdei
2963 3826 3219 3896 mysteria
3241 3827 3415 3891 novit,
3448 3844 3558 3883 non

1981 3916 2259 3990 ignorabit
2288 3916 2564 3985 quomodo
2591 3916 2922 3987 allegoricus
2962 3916 3052 3971 hic
3079 3932 3274 3973 sensus
3319 3918 3561 3974 historia:

1982 4015 2393 4065 consentaneus
2416 4014 2522 4064 est.
2554 4005 2690 4061 Nam
2713 4007 2808 4077 qui
2838 4008 3131 4063 contritam
3171 4017 3425 4063 naturam
3455 4026 3559 4066 no-

1982 4108 2150 4157 stram
2185 4101 2239 4155 in
2273 4099 2644 4169 integritatem
2672 4099 2916 4154 traduxit
2941 4140 2956 4163 ,
2984 4100 3112 4169 qui,
3141 4100 3430 4169 languores
3458 4117 3560 4167 no-

1983 4200 2131 4249 stros
2154 4192 2413 4262 portavit,
2445 4198 2499 4245 et
2544 4190 2759 4245 sanavit
2799 4197 3058 4264 aegrotos,
3106 4199 3463 4260 posteaquam
3499 4193 3555 4248 in

1984 4283 2269 4354 pristinam
2287 4281 2752 4352 pulchritudinem
2775 4279 2990 4336 dirutas
3016 4291 3225 4337 natura:
3254 4289 3457 4338 nostra:
3478 4290 3560 4338 ta-

283 4365 445 4459 ἠταγε
476 4394 585 4464 τὴν
619 4365 1093 4463 συντετριμμένην
1119 4388 1219 4458 τῆς
1252 4387 1464 4457 φύσεως
1493 4365 1651 4458 ημῶν
1676 4387 1880 4452 πλάκα,

1984 4376 2141 4431 bulas
2172 4373 2432 4437 restituit,
2461 4372 2576 4436 Dei,
2602 4380 2661 4426 ut
2690 4371 2954 4434 diximus,
2976 4372 3147 4443 digito
3174 4373 3417 4439 caelatas,
3446 4390 3558 4431 non

282 4482 352 4553 τῷ
376 4482 509 4556 θείῳ
538 4484 823 4554 δακτύλῳ,
872 4482 1052 4545 καθὼς
1093 4482 1330 4553 εἴρηται,
1378 4478 1873 4543 καλλωπισθεῖσαν,

282 4573 454 4628 οὐκέτι
498 4577 762 4647 χωρητὸς
796 4578 915 4639 ταῖς
939 4573 1094 4643 ὄψεσι
1128 4571 1239 4625 τῶν
1276 4570 1511 4635 ἀναξίων
1547 4570 1777 4638 γίνεται,
1802 4569 1880 4639 τῷ

284 4663 688 4737 ύπερῦάλλοντι
726 4668 826 4738 τῆς
863 4666 1026 4736 δόξης
1074 4662 1520 4736 ἀπροσπέλαστος
1570 4665 1681 4726 τοῖς
1741 4662 1876 4733 πρὸς

283 4759 440 4811 αὐτὴν
487 4760 676 4831 ὁρῶσι
723 4759 1025 4831 γινόμενος,
1097 4755 1340 4825 ’Δληθῶς
1388 4754 1517 4826 γάρ,
1574 4755 1702 4808 ὅταν
1752 4753 1883 4827 ἔλθῃ

286 4844 485 4913 (καθὼς
526 4867 679 4920 φησι
727 4850 791 4903 τὸ
833 4847 1191 4917 Εὑαγγέλιον)
1233 4847 1291 4899 ὲν
1320 4848 1386 4919 τῇ
1424 4846 1549 4918 δόξῃ
1576 4842 1760 4909 αὑτοῦ,
1786 4844 1882 4897 καὶ

286 4938 483 5003 πάντες
502 4942 554 4993 οἱ
586 4940 813 5009 ἄγγελοι
841 4942 959 5011 μετ’
983 4938 1173 5002 αὐτοῦ,
1213 4939 1367 5009 μόγις
1392 4938 1493 5012 μὲν
1517 4938 1630 5000 τοῖς
1655 4935 1882 5000 δικαίοις

288 5029 531 5099 χωρητὺς
583 5031 797 5098 γίνεται
828 5030 923 5085 καὶ
963 5030 1296 5101 καταφανής
1339 5034 1397 5092 ’0
1439 5018 1755 5099 δὲ’άσεόὴς,
1788 5028 1880 5082 καὶ

303 5116 614 5186 Ἰουδαῖζων
646 5121 743 5191 τὴν
774 5123 1004 5195 αἵρεσιν,
1039 5120 1217 5185 καθὼς
1249 5122 1473 5196 Ἡσαΐας
1508 5122 1681 5193 λέγει.
1711 5120 1883 5191 ἀμέτ-

294 5210 676 5299 ιξιοςῗὲκείνου
717 5212 807 5266 τοῦ
847 5213 1115 5283 θεάματος
1152 5213 1303 5289 μένει,
1348 5257 1370 5297 ι
1394 5221 1660 5299 *Αρθήτω
1702 5212 1810 5282 γὰρ
1854 5214 1883 5265 6

304 5296 553 5397 ﬁssam"
578 5303 765 5371 “iam
796 5304 910 5357 ’ἵνα
926 5302 999 5373 μὴ
1022 5302 1194 5402 ῖδῃξὴν
1209 5296 1628 5411 δόξανκυγρίου.
1667 5323 1687 5357 ι
1727 5300 1885 5355 Ἀλλά

303 5361 603 5462 ταῦτα
634 5361 703 5463 τῇ
746 5361 1024 5463 inmisi;
1612 5361 1882 5467 ἑπόμενοι

1985 4467 2215 4536 amplius
2243 4465 2591 4534 indignorum
2624 4463 2798 4518 oculis
2831 4464 2954 4533 capi
2993 4472 3192 4533 potest.
3235 4465 3370 4520 Nam
3407 4475 3558 4524 tanta

1982 4563 2068 4612 est
2093 4556 2397 4625 amplitudo
2439 4554 2627 4625 gloria:
2660 4560 2824 4623 atque
2860 4554 3165 4623 majestatis
3191 4555 3312 4625 ejus
3333 4594 3348 4619 ,
3384 4564 3444 4610 ut
3476 4559 3561 4610 vi-

1985 4664 2081 4704 sus
2127 4661 2314 4704 eorum
2357 4654 2595 4717 nequeat
2642 4646 2708 4700 ad
2752 4646 2932 4716 ipsum
2978 4646 3264 4703 accedere.
3309 4646 3563 4707 Profecto

1984 4738 2129 4793 enim
2158 4753 2282 4794 cum
2330 4739 2385 4793 in
2422 4737 2710 4806 majestate
2744 4751 2866 4800 sua,
2903 4743 2964 4791 ut
2995 4736 3129 4791 dicit
3162 4736 3520 4809 Evangelium
3543 4779 3561 4802 ,

1983 4830 2195 4895 veniet,
2248 4844 2310 4884 ac
2338 4843 2531 4889 omnes
2575 4827 2755 4898 angeli
2790 4842 3002 4893 secum,
3052 4827 3140 4883 vix
3186 4828 3320 4899 justi
3376 4830 3564 4901 gloriae

1983 4923 2156 4992 ipsius
2185 4928 2348 4976 erunt
2387 4933 2620 4989 capaces
2651 4936 2665 4972 :
2700 4918 2854 4989 impii
2888 4928 3071 4974 autem
3127 4927 3182 4975 et
3207 4917 3564 4979 Judaizantes

1985 5021 2148 5068 tanta:
2178 5012 2406 5068 visionis
2430 5019 2684 5081 expertes
2714 5018 2899 5074 erunt,
2933 5018 2991 5065 ut
3020 5010 3189 5067 Isaias
3216 5013 3294 5067 ait
3319 5032 3332 5067 :
3373 5033 3392 5065 ι
3432 5013 3566 5069 Τοι-

1984 5105 2124 5160 latur
2149 5104 2370 5173 impius,
2399 5118 2467 5158 ne
2495 5102 2675 5158 videat
2697 5102 2925 5171 gloriam
2951 5101 3249 5158 Domini“.
3281 5123 3298 5155 ι
3329 5104 3436 5159 Sed
3451 5104 3563 5174 jam

1984 5198 2151 5251 multa
2183 5196 2252 5251 de
2281 5197 2406 5258 hoc,
2434 5209 2603 5264 quare
2625 5193 2691 5247 ad
2720 5192 2929 5262 reliqua
2963 5201 3332 5250 transeamus.
3373 5194 3563 5248 Ambi-

1982 5303 2107 5357 gere
2141 5286 2386 5358 proferto
2430 5287 2701 5361 quispiam
2735 5286 2957 5355 poterit,
2980 5284 3276 5355 'quomodo
3322 5284 3555 5355 Moyses.

1986 5394 2147 5451 quem
2193 5389 2273 5435 tot
2308 5380 2585 5450 tantisque
2619 5378 2930 5435 visionibus
2968 5377 3135 5433 Deum
3177 5377 3382 5433 vidisse
3413 5374 3558 5432 8οτί-

2060 5556 2101 5589 "
2132 5553 2266 5613 Luc.
2298 5571 2351 5621 ν,
2390 5554 2480 5610 55.
2561 5555 2605 5587 ⁸⁸
2646 5554 2746 5609 lsa.
2774 5566 2923 5618 xxvi,
2965 5551 3050 5607 10.
