4054 6436
511 223 612 280 599

509 341 667 402 ptura
703 337 956 396 testatur,
1008 346 1244 402 quocum
1287 333 1433 390 Deus
1481 335 1551 390 ita
1595 336 1916 408 loquebatur
1947 351 2005 397 ut
2036 346 2079 399 si

516 424 898 493 quis-amicum
941 440 1102 480 suum
1132 427 1523 497 allaqueretur,
1559 439 1682 484 orat
1728 448 1896 500 nunc,
1941 450 2083 505 quas

517 530 795 584 nunquam
843 516 1101 583 vidisset,
1160 525 1217 572 ut
1246 519 1423 573 videat
1451 521 1517 572 ⁸³.
1577 519 1639 574 Et
1690 524 1963 592 quomodo
2008 527 2085 581 di-

515 604 642 658 vina
713 617 819 659 vox
887 604 1050 660 modo
1106 608 1300 662 annuit
1359 609 1538 662 oranti
1597 611 1742 678 quod
1798 614 1970 680 petit,
2031 625 2082 670 et

517 697 658 751 hanc
697 712 915 766 quoque
957 697 1186 767 gratiam
1220 698 1324 753 sibi
1363 699 1502 753 velle
1547 699 1800 756 conferre
1828 717 1939 757 non
1989 719 2086 758 ne-

516 797 606 858 gat
639 807 651 843 :
700 788 861 844 modo
911 790 966 842 in
1017 789 1454 860 desperationem
1495 789 1680 856 ducit,
1716 807 1838 847 cum
1875 803 2085 849 asserat

516 896 624 934 non
653 895 775 934 esse
807 881 950 935 hanc
986 882 1152 935 vitam
1184 881 1465 937 hominum
1499 883 1620 953 ejus
1663 885 1762 947 rei,
1799 901 1961 954 quam
1991 901 2086 955 po-

516 974 786 1038 stulabat,
814 989 1066 1044 capacem
1091 1015 1104 1037 ,
1134 984 1188 1030 et
1232 975 1298 1029 ad
1336 975 1478 1040 haec,
1533 991 1693 1046 quem
1747 979 1925 1032 locum
1963 993 2085 1034 esse

514 1063 657 1133 apud
690 1079 750 1118 se
796 1062 937 1119 Deus
966 1064 1128 1131 dicit,
1169 1073 1224 1120 et
1271 1081 1432 1136 quem
1465 1066 1519 1120 in
1569 1068 1690 1122 loco
1729 1068 1985 1137 lapidem,
2032 1078 2086 1124 et

514 1154 658 1222 quod
705 1154 758 1206 in
793 1153 973 1222 lapide
1009 1153 1276 1217 foramen,
1320 1155 1374 1208 in
1414 1156 1558 1225 quod
1598 1156 1754 1226 jubet
1800 1158 2086 1227 pervenire

517 1245 761 1314 Moysen,
782 1245 978 1301 deinde
1005 1245 1174 1301 Deum
1202 1263 1424 1301 manum
1448 1263 1603 1304 suam
1627 1249 1692 1304 ad
1717 1265 1779 1305 os
1803 1249 2086 1306 foraminis

514 1335 661 1390 illius
698 1335 1002 1405 positurum
1024 1374 1040 1399 ,
1073 1343 1127 1390 et
1164 1351 1287 1390 cum
1324 1339 1602 1393 transierit
1629 1379 1642 1400 ,
1677 1338 1898 1411 Moysen
1928 1340 2085 1394 invo-

513 1435 698 1480 catum
758 1441 789 1480 a
842 1425 1144 1494 foramine,
1182 1431 1487 1499 posteriora
1531 1430 1652 1500 ejus
1707 1432 1800 1501 qui
1831 1431 2082 1497 vocavit,

513 1517 888 1585 insperturum
938 1535 952 1571 :
1003 1518 1119 1574 haec
1163 1521 1308 1575 enim
1344 1519 1629 1590 Scriptura
1677 1530 1885 1587 narrat,
1919 1531 1974 1579 et
2006 1523 2087 1580 sic

515 1608 710 1661 asserit
731 1607 896 1662 Deum
924 1623 953 1662 a
981 1607 1164 1678 Moyse
1184 1620 1552 1681 perspectum,
1579 1613 1720 1668 sicut
1741 1614 1922 1668 divina
1955 1629 2086 1669 voce

508 1695 614 1749 sibi
647 1694 827 1750 fuerat
855 1696 1215 1765 promissum.

1732 224 1790 279 S.
1834 223 2160 282 GREGORII
2184 223 2474 282 NYSSENl

3651 223 3754 284 £00

2164 341 2300 412 πρὸς
2327 341 2422 410 τὴν
2452 338 2708 391 ὑπόνοιαν
2731 336 2828 406 τῆς
2851 353 2917 388 πε
2927 337 2979 406 ρὀ.
3002 335 3092 388 τὸν
3116 335 3277 388 τόπον
3298 334 3484 388 τοῦτον
3506 335 3741 407 Θεωρίας

2165 430 2492 502 ⁴Ιγνέχθημεν.
2533 428 2656 481 Ἐπὶ
2702 427 2759 480 δέ
2826 426 2887 478 τὸ
2943 427 3296 496 προκείμενον
3337 427 3739 497 ἐπανέλθωμεν.

2167 524 2293 587 Πῶς
2323 524 2352 576 6
2376 521 2666 582 τοσαύταις
2704 519 3040 587 θεοφανείαις
3075 519 3318 589 ἐναργῶς
3344 521 3475 589 δρᾷν
3498 519 3589 571 τὸν
3612 519 3744 572 Θεὸν

2172 612 2320 683 παρά
2353 613 2449 682 τῆς
2479 611 2628 672 Θείας
2661 609 2843 678 φωνῆς
2871 608 3311 680 μαρτυρούμενος
3335 611 3412 680 (ἐν
3441 605 3524 672 οἷς
3556 626 3739 679 φησιν,

2169 706 2250 758 ὅτι
2279 702 2506 765 ἐνώπιος
2536 700 2772 771 ἐνωπίῳ,
2804 701 2879 763 ὡς
2899 701 2963 755 ἀν
2987 717 3070 763 τις
3095 700 3300 773 λαλήσῃ
3327 701 3465 771 πρὸς
3501 701 3590 754 τὸν
3619 703 3747 754 tau.

2167 795 2263 849 τοῦ
2291 795 2486 864 φίλον),
2514 795 2571 846 ἐν
2604 793 2813 854 τούτοις
2839 790 3149 862 γενόμενος,
3176 791 3251 855 ὡς
3283 792 3445 861 μήπω
3469 790 3645 859 τυχὼν
3670 784 3746 844 ὧν

2169 884 2524 954 τετυχηκέναι
2552 881 2638 934 διὰ
2657 883 2755 953 τῆς
2781 882 3062 952 Γραφικῆς
3087 883 3390 953 μαρτυρίας
3411 882 3743 947 πιστεύεται,

2170 975 2340 1028 δεῖται
2378 974 2471 1027 τοῦ
2519 972 2651 1026 Θεοῦ
2690 973 2923 1042 φανῆναι
2970 974 3149 1044 αὐτῷ,
3193 974 3268 1037 ὡς
3304 974 3396 1028 τοῦ
3437 975 3523 1027 ἀεὶ
3559 991 3747 1043 φαινο-

2176 1067 2335 1137 μένου
2364 1063 2583 1135 μηδέπω
2607 1064 2892 1134 όφθέντος;
2917 1066 3025 1118 Καὶ
3049 1068 3081 1135 ὴ
3110 1065 3312 1119 ἄνωθεν
3340 1066 3509 1136 φωνὴ,
3531 1065 3627 1119 νῦν
3649 1066 3749 1136 μὲν

2174 1156 2240 1228 τῇ
2271 1155 2531 1226 ἐπιθυμίᾳ
2561 1155 2654 1208 τοῦ
2684 1156 2958 1219 αἰτοῦντος
2988 1157 3309 1216 συντίθεται,
3331 1157 3425 1210 καὶ
3453 1157 3550 1227 τὴν
3577 1174 3750 1228 προσ-

2174 1247 2349 1319 θήκην
2389 1247 2535 1317 αὐτῷ
2581 1251 2680 1317 τῆς
2726 1247 2944 1317 χάριτος
2997 1245 3200 1315 ταύτης
3237 1247 3334 1299 ούκ
3372 1246 3747 1301 ἀπαναίνεται.

2174 1339 2345 1393 Πάλιν
2371 1339 2426 1391 δὲ
2477 1341 2554 1402 εἰς
2598 1339 2940 1408 ἀπελπισμὸν
2967 1339 3108 1405 ἄγει,
3152 1338 3219 1390 δι’
3257 1330 3330 1391 ὧν
3368 1339 3749 1408 ἀποφαίνεται,

2175 1430 2456 1503 ἀχώρητον
2478 1426 2614 1484 εἶναι
2643 1434 2707 1500 τῇ
2730 1431 2836 1483 τῶν
2857 1430 3155 1500 ἀνθρώπων
3178 1431 3287 1502 ζωῇ
3308 1433 3368 1484 τὸ
3389 1432 3515 1500 παρ’
3545 1433 3750 1485 ἐκείνου

2175 1521 2522 1593 ζητούμενον.
2560 1522 2720 1576 Ἀλλά
2743 1540 2861 1575 τινα
2887 1523 3048 1576 τόπον
3068 1520 3210 1576 εἶναι
3237 1524 3363 1592 παρ’
3391 1523 3565 1594 ἐαυτῷ
3589 1540 3755 1593 φησιν

2175 1611 2204 1662 6
2235 1611 2386 1675 Θεὸς,
2425 1611 2519 1666 καὶ
2549 1611 2606 1664 ἐν
2633 1611 2711 1682 τῷ
2738 1611 2887 1680 τόπῳ
2910 1611 3133 1680 πέτραν,
3179 1611 3272 1664 καὶ
3305 1612 3442 1682 ὀπὴν
3470 1614 3525 1664 ἐν
3555 1615 3618 1682 τῇ
3650 1612 3754 1664 πέ-

2174 1715 2299 1772 τρᾳ,
2327 1703 2384 1754 ἐν
2485 1701 2691 1755 κελεύει
2718 1701 2961 1770 γίνεσθαι
2987 1702 3076 1754 τὸν
3117 1701 3369 1757 Μωῦσέα.
3404 1698 3532 1755 Εἶτα
3562 1701 3757 1756 ἐπιῦαο

503 1788 614 1839 λεῖν
645 1788 736 1840 τὸν
783 1787 914 1840 Θεὸν
961 1787 1058 1855 τὴν
1090 1791 1246 1861 χεῖρα
1287 1787 1366 1858 τῷ
1400 1789 1603 1859 στομίῳ
1649 1789 1748 1859 τῆς
1791 1789 1925 1860 ὀπῆς
1975 1787 2080 1853 ἔξω
2126 1792 2435 1861 γενόμενον,
2470 1789 2538 1842 τὰ
2581 1790 2804 1841 ὄπισθεν
2838 1789 2964 1842 [δεῖν
2991 1788 3086 1842 τοῦ
3133 1790 3481 1856 καλέσαντος,
3517 1795 3608 1846 καὶ
3653 1793 3752 1846 οὖ-

502 1895 610 1942 τως
636 1879 838 1932 ἐκεῖνον
859 1877 951 1932 τὸν
985 1879 1312 1950 ζητούμενον
1349 1881 1475 1933 ἰδεῖν
1507 1880 1676 1946 δόξαι,
1705 1881 1802 1949 τῆς
1832 1898 1893 1934 τε
1928 1876 2076 1943 θείας
2109 1881 2292 1951 φωνῆς
2315 1880 2524 1948 ἀψευδῆ
2552 1880 2650 1950 τὴν
2681 1879 3010 1948 ἐπαγγελίαν
3041 1882 3316 1951 γενέσθαι.

570 1983 698 2040 Haec
747 1982 929 2037 omnia
989 1980 1036 2036 si
1095 1978 1220 2048 quis
1269 1976 1569 2032 secundum
1622 1975 1858 2028 litteram
1901 1970 2077 2026 solum

504 2075 848 2137 consideret,
903 2087 1013 2125 non
1060 2071 1329 2126 obscurus
1381 2068 1649 2122 duntaxat
1711 2061 2080 2133 quaerentibus

503 2183 700 2222 sensus
727 2165 838 2228 flet,
869 2178 1060 2218 verum
1096 2162 1260 2217 etiam
1289 2174 1395 2214 non
1425 2165 1603 2212 rectas
1629 2155 1697 2209 de
1728 2153 1838 2208 Deo
1860 2165 2081 2225 genera-

505 2259 583 2312 bit
621 2257 950 2326 opiniones;
1002 2254 1118 2309 sola
1148 2252 1293 2308 enim
1344 2249 1576 2320 ﬁgurata
1624 2244 1869 2300 anterius
1918 2253 2079 2312 atque

506 2349 779 2420 posterius
811 2347 1034 2407 habent,
1062 2345 1242 2400 omnis
1275 2357 1407 2400 vero
1437 2341 1632 2409 ﬁgura,
1677 2337 1928 2408 corporis
1969 2343 2082 2390 ter-

506 2443 816 2494 minusest.
847 2437 1028 2503 Quare
1070 2436 1164 2505 qui
1204 2435 1430 2504 figuram
1474 2431 1586 2486 Deo
1623 2429 1837 2490 tribuit,
1879 2441 2080 2496 corpus

506 2529 684 2599 ipsum
738 2533 1139 2596 consequenter
1178 2523 1389 2594 putabit
1427 2541 1438 2576 :
1470 2535 1671 2590 corpus
1702 2525 1881 2574 autem
1923 2531 2083 2571 omne

507 2621 875 2691 compositum
908 2627 990 2673 est
1020 2637 1032 2672 :
1065 2617 1428 2686 compositum
1453 2630 1616 2685 porro
1641 2615 1980 2669 diversorum
2021 2624 2085 2665 ac

505 2712 873 2768 diﬂerentium
906 2725 1180 2766 concursu
1228 2708 1603 2764 constituitur.
1639 2706 1911 2777 Quidquid
1955 2719 2086 2761 vero

507 2806 586 2859 sic
627 2804 986 2859 constitutum
1019 2809 1124 2858 est.
1167 2801 1548 2856 indissolubile
1600 2813 1711 2854 non
1748 2806 1876 2854 est:
1910 2796 2086 2868 quod-

506 2907 614 2962 que
659 2892 1002 2952 dissolvitur.
1052 2890 1104 2945 id
1145 2890 1520 2960 corrumpitur
1550 2905 1564 2942 :
1594 2887 1887 2943 dissolutio
1939 2885 2082 2941 enim

509 2981 794 3048 corruptio
821 2980 1110 3048 compositi
1145 2988 1249 3034 est.
1282 2979 1430 3045 Quas
1459 2979 1529 3032 ob
1560 2994 1647 3032 rcs
1676 2979 1719 3032 si
1753 2979 1874 3046 quis
1902 2984 2087 3046 poste-

507 3077 625 3130 rius
661 3073 753 3128 Dei
784 3073 1084 3129 secundum
1118 3073 1354 3126 litteram
1396 3071 1596 3140 capiet,
1639 3071 1693 3124 in
1747 3071 1850 3124 hoc
1893 3070 2088 3124 incon-

506 3169 735 3224 veniens
767 3171 1166 3234 consequenter
1187 3163 1506 3217 deducetur.
1539 3159 1675 3214 Nam
1704 3167 1826 3214 ante
1858 3175 1920 3214 ac
1945 3170 2087 3214 retro

2243 1970 2430 2024 Ταῦτα
2457 1972 2562 2042 γὰρ
2595 1973 2648 2024 εί
2679 1989 2762 2035 τις
2793 1973 2932 2025 κατά
2958 1974 3019 2026 τὸ
3050 1974 3286 2045 γράμμα
3318 1973 3522 2044 βλέποι,
3553 1975 3614 2027 ού
3652 1976 3750 2044 μό-

2173 2078 2262 2115 νον
2284 2061 2497 2132 ἀσαφὴς
2540 2064 2652 2125 τοῖς
2681 2062 2931 2133 ζητοῦσίν
2965 2067 3108 2118 ἐστιν
3145 2066 3179 2136 ἡ
3209 2067 3432 2132 διάνοια,
3476 2067 3589 2120 ἀλλ’
3629 2066 3752 2120 οὐδὲ

2176 2150 2501 2220 καθαρεύσει
2552 2153 2648 2223 τῆς
2693 2152 3140 2222 ἀπεμφαινούσης
3191 2154 3318 2224 περὶ
3367 2155 3500 2208 Θεοῦ
3547 2153 3753 2225 ὑπολή-

2173 2240 2338 2309 ψεως.
2386 2241 2577 2294 Μόνων
2608 2240 2716 2312 γὰρ
2747 2241 2852 2294 τῶν
2901 2243 2958 2294 ἐν
2985 2243 3223 2312 σχήματι
3252 2242 3659 2313 θεωρουμένων,
3691 2243 3754 2296 τὸ

2179 2331 2276 2400 μὲν
2303 2330 2653 2401 ὲμπρόσθιον,
2683 2331 2743 2384 τὸ
2772 2333 2849 2391 δὲ.
2885 2331 3155 2385 ὀπίσθιον·
3187 2335 3293 2386 πᾶν
3322 2333 3378 2387 δὲ
3407 2338 3506 2404 σχῆ
3518 2352 3609 2404 μα,
3645 2334 3754 2388 σώ-

2179 2438 2347 2490 ματος
2392 2421 2566 2492 πέρας
2609 2422 2772 2477 ἐστίν.
2809 2424 2970 2476 Ὥστε
3008 2425 3036 2476 6
3085 2424 3272 2494 σχῆμα
3321 2426 3448 2496 περ)⁸
3493 2427 3582 2479 τὸν
3619 2425 3754 2481 Θεὸν

2175 2510 2390 2576 ἐννοῶν,
2425 2511 2546 2565 οὐδὲ
2574 2512 2673 2581 τῆς
2712 2512 3027 2582 σωματικῆς
3065 2512 3278 2582 φύσεως
3307 2515 3629 2585 καθαρεύειν
3655 2517 3754 2568 αύ-

2174 2604 2262 2656 τὸν
2292 2602 2623 2673 οίηθήσεται.
2659 2607 2772 2658 Πᾶν
2796 2605 2851 2658 δὲ
2880 2606 3039 2674 σῶμα
3088 2606 3338 2659 σύνθετόν
3371 2608 3485 2660 ἐστι
3512 2607 3755 2671 πάντως·

2173 2693 2234 2746 τὸ
2251 2695 2305 2747 δὲ
2339 2693 2589 2748 σύνθετον
2615 2696 2678 2748 ἐκ
2695 2696 2795 2765 τῆς
2819 2696 2928 2750 τῶν
2957 2697 3284 2767 ἑτερογενῶν
3311 2699 3611 2768 συνδρομῆς
3639 2699 3756 2768 ἔχει

2177 2786 2272 2857 τήν
2311 2786 2588 2840 σύστασιν.
2623 2787 2696 2840 Τὸ
2723 2788 2780 2841 δὲ
2826 2789 3222 2858 συντιθέμενον,
3249 2791 3349 2842 ούκ
3382 2791 3444 2844 ἄν
3473 2809 3554 2852 τις
3595 2791 3756 2845 ἀδιά-

2175 2878 2332 2930 λυτον
2365 2875 2502 2932 εἶναι
2537 2879 2700 2932 εἴποι.
2730 2880 2802 2931 Τὸ
2829 2880 2884 2933 δὲ
2917 2881 3285 2950 διαλυόμενον,
3316 2882 3586 2952 ἄφθαρτον
3611 2879 3758 2935 εῖναι

2174 2969 2232 3020 ού
2279 2967 2517 3023 δύναται.
2565 2969 2744 3043 Φθορὰ
2783 2971 2890 3040 γὰρ
2935 2974 2967 3042 ή
3005 2973 3246 3036 διάλυσις
3287 2974 3379 3027 τοῦ
3422 2974 3760 3038 συνεστῶτός

2176 3057 2342 3135 ἐστιν.
2366 3058 2426 3112 El
2448 3056 2540 3112 οὖν
2564 3078 2648 3123 τις
2666 3061 2724 3114 τὸ
2741 3061 2984 3114 ὀπίσθιον
3001 3061 3092 3114 τοῦ
3117 3063 3250 3114 Θεοῦ
3278 3065 3418 3117 κατὰ
3439 3065 3498 3117 τὸ
3519 3067 3760 3135 γράμμα

2176 3148 2444 3218 νοήσειεν,
2477 3151 2556 3212 είς
2585 3150 2789 3216 ταύτην
2819 3151 2916 3222 τὴν
2953 3152 3182 3205 ἀτοπίαν
3221 3157 3283 3206 ἐκ
3311 3154 3410 3222 τῆς
3436 3155 3760 3220 ἀκολουθίας

492 3263 566 3315 vin
619 3260 810 3328 ﬁgura,
851 3258 1020 3328 ﬁgura
1066 3269 1196 3308 vero
1243 3254 1298 3307 in
1351 3267 1602 3322 corpore,
1643 3266 1844 3321 corpus
1892 3259 2084 3305 natura

2177 3241 2292 3293 κατ’
2337 3240 2581 3311 ἀνάγκην
2619 3241 3014 3311 ἀπαχθήσεται.
3052 3243 3125 3294 Τὸ
3167 3244 3276 3314 γὰρ
3317 3245 3643 3315 ἐμπρόσθιόν
3692 3263 3756 3300 τε

510 3351 856 3412 dissolubile,
907 3345 1230 3402 dissolubile
1280 3353 1463 3399 autem
1510 3344 1925 3414 incorruptibile
1965 3359 2086 3402 esse

511 3457 619 3496 non
662 3449 861 3511 potest.
896 3438 986 3493 Sic
1030 3438 1122 3508 qui
1165 3437 1392 3491 omnino
1423 3437 1614 3491 litterae
1666 3438 1855 3503 servit,
1904 3452 2087 3492 rerum

510 3536 754 3604 ipsarum
807 3531 1201 3599 consequentia
1252 3528 1668 3598 corruptibilem
1730 3541 1851 3582 esse
1918 3527 2083 3582 Deum

511 3626 722 3697 opinari
753 3624 1124 3694 compellitur.
1161 3621 1257 3677 Est
1301 3628 1484 3675 autem
1521 3619 1661 3675 Deus
1690 3618 2086 3688 incorruptibi-

510 3720 578 3773 lis
631 3717 856 3772 omnino
909 3724 1074 3785 atque
1120 3712 1471 3768 immortalis.
1527 3709 1633 3766 Sed
1695 3711 1817 3781 quis
1869 3710 2084 3764 tandem

512 3811 596 3864 bis
629 3821 751 3878 qua;
791 3807 992 3876 scripta
1025 3813 1155 3861 sunt
1181 3805 1382 3873 poterit
1423 3803 1670 3873 adaptari
1708 3817 1925 3866 sensus,
1959 3814 2090 3871 prae-

509 3909 594 3953 ter
629 3915 753 3954 eum
798 3899 890 3968 qui
933 3897 1112 3967 prima
1171 3895 1351 3950 fronte
1386 3894 1451 3947 ad
1508 3894 1743 3948 litteram
1795 3890 2085 3957 exponenti

510 3990 790 4044 occurrit?
846 3988 1002 4054 Quod
1051 3989 1097 4043 si
1133 3987 1238 4042 hac
1283 3988 1338 4041 in
1385 3994 1540 4054 parte
1597 3985 1868 4050 altiorem,
1923 3997 2086 4054 quam

509 4081 688 4135 littera
747 4081 990 4151 patitur.
1045 4093 1267 4135 sensum
1329 4091 1573 4147 quaerere
1629 4076 1908 4144 cogimur,
1964 4074 2088 4142 quis

511 4171 747 4226 alienum
790 4186 913 4226 esse
954 4183 983 4224 a
1018 4169 1303 4240 Scriptura
1350 4167 1514 4229 dicet,
1566 4167 1610 4220 si
1647 4166 1714 4221 ad
1748 4164 2085 4236 spiritualem

508 4275 732 4318 sensum
769 4269 937 4315 totam
988 4259 1341 4315 reducimus?
1387 4272 1512 4312 nam
1559 4271 1682 4311 cum
1740 4270 1965 4311 necesse
2017 4255 2088 4310 sit

509 4361 698 4422 partes
733 4353 948 4422 aliquas
979 4351 1344 4422 spiritualiter
1369 4349 1705 4420 |intel|igere,
1739 4356 1913 4401 totum
1949 4361 2087 4418 quo-

511 4459 618 4514 que
658 4459 883 4500 necesse
930 4451 989 4497 ut
1028 4451 1080 4498 et
1134 4444 1308 4513 possit
1355 4451 1408 4497 et
1453 4442 1643 4496 debeat
1694 4439 1857 4496 sicuti
1905 4445 2086 4508 partes

513 4535 780 4606 intelligi:
819 4543 902 4591 est
929 4536 1074 4590 enim
1115 4543 1287 4589 totum
1332 4549 1398 4589 ex
1431 4533 1681 4603 partibus
1715 4550 1729 4586 :
1761 4545 1930 4600 quare
1965 4545 2088 4600 par-

2178 3329 2270 3381 καὶ
2313 3328 2576 3388 όπίσθιον,
2618 3331 2675 3382 ὲν
2707 3332 2946 3400 σχήματι
2993 3334 3239 3396 πάντως’
3276 3335 3336 3386 τὸ
3365 3336 3420 3387 δὲ
3461 3337 3662 3404 σχῆμα,
3697 3339 3761 3390 ὲν

2180 3419 2410 3490 σώματι.
2455 3421 2624 3474 Τοῦτο
2647 3423 2702 3474 δὲ
2745 3423 3010 3484 διαλυθὲν,
3046 3425 3291 3478 διαλυτὸν
3320 3427 3458 3479 κατὰ
3495 3427 3590 3497 τὴν
3615 3428 3763 3481 ἰδίαν

2180 3511 2339 3580 φύσιν
2366 3513 2499 3566 ἐστί.
2525 3514 2778 3568 Διαλυτὸν
2796 3515 2900 3584 γὰρ
2921 3516 3066 3568 ἅπαν
3089 3517 3147 3569 τὸ
3180 3517 3427 3570 σύνθετον
3447 3536 3457 3547 ’
3477 3518 3533 3571 τὸ
3556 3518 3611 3571 δὲ
3636 3518 3760 3572 δια-

2179 3602 2458 3672 λυόμενον,
2513 3604 2786 3674 ἄφθαρτον
2839 3602 2978 3659 εἶναι
3030 3607 3090 3659 οὐ
3143 3607 3384 3662 δύναται.
3423 3611 3562 3679 ’Λρα
3609 3611 3637 3662 6
3679 3611 3763 3680 τῷ

2181 3691 2474 3766 γράμματι
2496 3697 2780 3760 δουλεύων,
2817 3697 3022 3769 φθορὰν
3048 3698 3134 3752 διά
3164 3699 3263 3768 τῆς
3302 3701 3621 3762 ἀκολουθίας
3644 3703 3763 3755 τῶν

2188 3788 2460 3855 νοημάτων
2476 3788 2625 3859 παρὰ
2647 3789 2737 3842 τὸν
2757 3789 2887 3841 Θεὸν
2909 3789 3228 3857 ἐννοήσειεν.
3249 3791 3406 3843 Ἀλλὰ
3425 3791 3527 3861 μὴν
3545 3791 3764 3864 ἄφθαρ-

2178 3893 2267 3939 τος
2289 3878 2317 3930 ὁ
2345 3877 2474 3940 Θεὸς
2499 3879 2592 3931 καὶ
2613 3878 2922 3949 ἀσώματος.
2959 3879 3119 3932 Ἀλλά
3140 3881 3222 3943 τίς
3249 3877 3356 3952 ἆρα
3378 3885 3488 3944 τοῖς
3513 3900 3765 3954 γεγραμ.

2185 3969 2364 4038 μένοις
2415 3970 2713 4040 ἐφαρμόσει
2768 3972 2974 4027 διάνοια
3029 3973 3181 4043 παρὰ
3233 3974 3294 4026 τὸ
3349 3976 3413 4028 ἐκ
3462 3977 3761 4046 προχείρου

2179 4059 2498 4128 νοούμενον;
2535 4063 2582 4113 εί
2616 4061 2670 4115 δὲ
2703 4062 2859 4116 τοῦτο
2883 4064 2944 4117 τὸ
2980 4064 3143 4134 μέρος
3170 4065 3276 4118 τῶν
3310 4066 3367 4117 ἐν
3396 4068 3460 4136 τῇ
3510 4069 3766 4138 συμφρά-

2180 4167 2261 4202 σει
2296 4151 2389 4202 τοῦ
2421 4151 2580 4219 λόγου
2624 4155 3047 4223 γεγραμμένων,
3081 4157 3274 4227 ἑτέραν
3324 4158 3468 4227 ἡμᾶς
3511 4157 3766 4228 ἐξευρεῖν

2179 4241 2476 4308 ἀναγκάζει
2517 4242 2782 4295 διάνοιαν·
2820 4246 3087 4315 προσήκει
3126 4247 3341 4310 πάντως
3377 4247 3621 4319 καὶπερὶ
3658 4250 3763 4302 τοῦ

2177 4327 2296 4379 ὅλου
2327 4328 2387 4381 τὸ
2417 4326 2530 4382 ἴσον
2569 4329 2911 4386 διανοεῖσθαι.
2944 4331 3068 4385 Οίον
3104 4333 3215 4405 γὰρ
3245 4337 3302 4386 ἐν
3328 4335 3405 4404 τῷ
3442 4336 3593 4405 μέρει
3622 4338 3763 4408 νοή-

2179 4435 2364 4488 σομεν,
2417 4421 2656 4474 τοιοῦτον
2703 4423 2914 4495 ἀνάγκῃ
2971 4424 3064 4476 καὶ
3109 4424 3170 4476 τὸ
3219 4425 3336 4478 ὅλον
3379 4427 3761 4496 λαμϐάνομεν.

2179 4509 2384 4562 Οὐκοῦν
2413 4511 2504 4564 καὶ
2529 4514 2556 4565 6
2575 4514 2736 4576 τόπος
2758 4515 2785 4566 6
2813 4514 2959 4584 παρὰ
2982 4515 3058 4584 τῷ
3087 4514 3225 4585 Θεῷ,
3251 4517 3394 4587 καὶὴ
3419 4519 3474 4569 ἐν
3496 4517 3575 4586 τῷ
3600 4519 3765 4591 τόπῳ

512 4625 650 4679 tium
715 4632 967 4678 naturam
1023 4624 1200 4693 sapiat
1256 4638 1482 4679 necesse
1540 4631 1640 4678 est.
1701 4620 1876 4676 Locus
1923 4620 2084 4690 igitur

2178 4598 2372 4670 πέτρα,
2409 4602 2502 4654 καὶ
2537 4601 2598 4654 τὸ
2631 4603 2688 4655 ἐν
2729 4603 2900 4676 ταύτῃ
2940 4603 3192 4676 χώρημα,
3227 4607 3364 4677 ὅπερ
3406 4608 3511 4680 ὀπὴ
3553 4609 3761 4680 ὀνομά-

513 4711 658 4782 apud
685 4710 872 4776 Deum,
910 4721 960 4765 et
1003 4711 1143 4782 lapis
1176 4712 1231 4765 in
1271 4711 1412 4773 loco.
1454 4712 1584 4766 etin
1621 4711 1800 4780 lapide
1839 4709 2083 4780 quaedam

514 4802 813 4872 rapacitas,
851 4817 1010 4871 quam
1051 4801 1295 4857 foramen
1331 4803 1661 4872 appellavit:
1697 4802 2087 4872 ingressusque

516 4892 688 4964 Moysi
717 4892 783 4946 ad
810 4893 968 4957 illud,
1000 4893 1274 4962 impositio
1304 4909 1523 4964 quoque
1551 4909 1747 4950 manus
1785 4894 1874 4948 Dei
1903 4895 1958 4949 in
1993 4910 2087 4951 ore

517 4985 822 5049 foraminis,
868 4992 922 5038 et
954 4985 1324 5053 transgressio
1359 4985 1498 5055 ejus,
1533 4992 1587 5039 et
1615 4985 1850 5050 vocatio,
1891 5001 1955 5040 ac
1989 4986 2085 5039 de-

516 5077 683 5143 nique
711 5074 1073 5144 posteriorum
1125 5075 1355 5143 partium
1395 5075 1801 5144 aspectatio,ad
1828 5076 1994 5131 altius
2032 5083 2084 5129 et

514 5167 928 5222 convenientins
980 5180 1172 5220 norma
1223 5167 1516 5237 regulaque
1549 5166 1847 5239 anagogica
1897 5167 1978 5221 sic
2008 5183 2088 5220 re-

514 5257 765 5312 ducetur.
810 5255 1281 5323 Quemadmodum
1323 5258 1489 5328 igitur
1528 5259 1711 5328 gravia
1758 5265 1812 5312 et
1851 5257 2082 5312 rotunda

514 5361 769 5418 corpora,
799 5347 844 5402 si
882 5363 913 5403 e
943 5347 1329 5404 cacuminibus
1355 5349 1622 5402 montium
1647 5349 1799 5419 lapsa
1830 5347 2083 5402 deorsum

513 5437 751 5505 fuerint,
795 5439 898 5495 etsi
950 5439 1131 5496 nullus
1170 5448 1360 5510 postea
1404 5440 1680 5511 impellat,
1745 5439 1862 5508 ipsa
1902 5447 2083 5493 tamen

2179 4690 2346 4753 ζεται,
2381 4693 2474 4744 καί¹
2524 4695 2557 4763 ἡ
2595 4693 2710 4747 ἐκεῖ
2736 4695 2829 4747 τοῦ
2878 4694 3149 4759 Μωῦσέως
3201 4698 3423 4762 εἴσοδος,
3466 4701 3555 4752 καὶ
3597 4702 3762 4772 ήτῆς

2179 4781 2324 4844 θείας
2353 4782 2533 4853 χειρὸς
2557 4785 2778 4856 ἐπιϐολὴ
2806 4785 2897 4839 τοῦ
2925 4787 3165 4858 στομίου.
3196 4791 3287 4842 καὶ
3321 4793 3352 4860 ὴ
3385 4792 3632 4860 πάροδος,
3666 4795 3770 4846 καὶ

2178 4873 2210 4941 ή
2248 4872 2456 4941 κλῆσις,
2494 4874 2584 4928 καὶ
2603 4873 2919 4944 μετάταῦτα
2936 4877 2969 4949 ἡ
2989 4875 3366 4933 τῶνόπισθίων
3381 4878 3580 4952 θεωρία
3604 4882 3772 4935 εὐλο-

2178 4962 2416 5034 γώτερον
2451 4963 2528 5034 τῷ
2570 4964 2672 5034 τῆς
2715 4967 3006 5036 ἀναγωγῆς
3045 4969 3194 5040 νόμῳ
3231 4970 3655 5043 θεωρηθήσεται.
3693 4977 3771 5030 Τί

2177 5047 2270 5104 οὖν
2302 5054 2416 5106 ἐστι
2445 5053 2503 5106 τὸ
2545 5053 2927 5125 είκαζόμενον;
2955 5058 3036 5110 ὅτι
3071 5060 3320 5132 καθάπερ
3352 5061 3421 5115 τὰ
3458 5067 3764 5137 κατωφερῆ

2175 5144 2282 5198 τῶν
2313 5145 2598 5212 σωμάτων,
2634 5146 2688 5198 εί
2726 5163 2846 5200 τινα
2877 5149 3018 5202 κατὰ
3046 5150 3140 5204 τοῦ
3184 5153 3422 5224 πρανοῦς
3454 5155 3625 5226 ὁρμὴν
3655 5157 3766 5212 λά-

2176 5232 2282 5295 ϐοι,
2329 5233 2432 5287 κᾶν
2466 5235 2654 5306 μηδεὶς
2699 5236 2926 5291 ἑπωθῶν
2962 5240 3099 5309 μετά
3131 5241 3230 5311 τὴν
3277 5242 3495 5314 πρώτην
3536 5245 3767 5315 κίνησιν

2175 5321 2334 5395 τύχῃ,
2363 5323 2499 5377 αὐτὰ
2541 5323 2609 5377 δι’
2651 5326 2857 5378 ἑαυτῶν
2896 5328 2988 5381 ἐπὶ
3011 5329 3070 5382 τὸ
3125 5331 3386 5397 κάταντες
3431 5336 3488 5386 ἐν
3528 5335 3770 5407 σφοδρο-

2141 5465 2148 5471 ,
2175 5413 2310 5485 τέρᾳ
2339 5417 2404 5485 τῇ
2431 5417 2570 5487 φορᾷ
2599 5417 2998 5485 συνελαύνεται,
3036 5421 3139 5488 ἕως
3171 5423 3236 5479 ἂν
3261 5425 3532 5491 ἐπικλινὲς
3563 5422 3618 5502 ᾖ,
3659 5433 3770 5487 καὶ

2265 5592 2308 5624 ³³
2347 5593 2520 5648 Exod.
2559 5611 2748 5662 XXXIII,
2790 5595 2862 5651 20
2905 5613 3025 5668 sqq.
