4054 6436
258 364 327 418 ιιι
556 372 563 379 ”
1529 363 1614 416 ΒΕ
1659 362 1767 416 \‘lT

1869 362 2128 419 llOYSlS.
3339 360 3442 414 402

256 475 459 544 ὐπκατὶῃ
481 472 546 546 τῷ
575 474 832 544 σχήματι,
865 475 924 526 τὸ
956 478 1022 546 τῇ
1066 475 1207 546 φορᾷ
1236 474 1615 545 ὑποκείμενον,
1649 494 1755 546 μη-

1869 493 1955 546 per
1985 494 2045 534 se
2076 478 2480 532 vehementiore
2515 477 2741 547 impetu,
2792 477 2836 531 si
2870 477 3005 531 nihil
3053 475 3438 546 impedimento

252 563 362 624 δενὸς
378 563 732 632 εὑρισκομένου
754 563 848 615 τοῦ
871 563 929 629 ἐξ
955 563 1284 626 ἀντιϐάσεως
1311 562 1409 634 τὴν
1441 563 1613 634 ὁρμὴν
1639 565 1762 616 ἀνασ

251 656 476 720 κόπτοντος
494 670 505 684 ·
534 654 673 708 οὕτω
704 656 847 708 κατὰ
875 657 935 709 τὸ
958 656 1191 726 ἔμπαλιν
1219 656 1418 726 ἡψυχὴ
1446 656 1541 722 τῆς
1568 657 1762 726 γηῖνης

249 747 546 815 προεπαθείας
586 747 938 811 ἀπολυθεῖσα,
969 748 1254 818 ἀνωφερὴς
1281 764 1340 799 τε
1387 747 1478 799 καὶ
1505 746 1650 812 ὀξεῖα
1684 747 1761 814 γί-

249 853 356 889 νεται
383 837 496 907 πρὸς
537 837 635 906 τὴν
669 839 761 891 ἐπὶ
797 837 866 890 τὰ
915 839 1025 892 ἄνω
1055 838 1289 907 κίνησιν,
1327 838 1433 890 ἀπὸ
1466 839 1574 891 τῶν
1609 840 1760 892 κάτω

246 927 345 996 πρὸς
365 927 414 978 τὸ
442 926 564 995 ὕφος
595 929 958 999 ἀνιπταμένη.
1004 928 1245 997 Μηδενὸς
1273 928 1326 982 δέ
1371 929 1522 992 ὄντος
1557 928 1759 982 ἄνωθεν

245 1015 311 1068 τοῦ
334 1019 413 1087 τὴν
437 1017 598 1088 ὁρμὴν
629 1018 1017 1082 ἐπικόπτοντος
1051 1019 1296 1089 (ἑλκτικὴ
1326 1019 1433 1089 γὰρ
1465 1019 1598 1090 πρὸς
1635 1021 1761 1074 ἐαυ-

240 1109 310 1176 τὴν
343 1112 370 1176 ἡ
401 1109 482 1161 τοῦ
513 1109 677 1161 καλοῦ
711 1110 874 1178 φύσις
923 1111 1038 1164 ἐστὶ
1066 1111 1174 1164 τῶν
1205 1111 1340 1182 πρὸς
1371 1112 1585 1183 ἐκείνην
1629 1113 1760 1166 ἁνα-

240 1199 525 1266 σλεπόντων),
566 1201 654 1252 ἀεὶ
694 1201 912 1263 πάντως
955 1199 1261 1272 ὑψηλοτέρα
1302 1203 1500 1272 émii:
1526 1203 1755 1271 γίνεταιν

233 1293 282 1360 τῇ
315 1291 402 1342 τῶν
445 1292 706 1362 οὐρανίων
754 1293 1018 1363 ἐπιθυμίᾳ
1077 1295 1598 1363 συνεπεκτεινομένη
1647 1298 1759 1358 τοῖς

237 1380 504 1450 ῑμπροσθεν,
541 1382 724 1447 καθώς
755 1402 919 1454 φησιν
962 1388 990 1438 ὁ
1026 1385 1368 1448 ⁹Δπόστολος,
1406 1386 1499 1438 καὶ
1529 1386 1758 1439 πάντοτε

233 1472 335 1540 πρὸς
358 1473 407 1523 τὸ
441 1473 767 1544 ὑψηλότερον
804 1475 903 1543 τὴν
931 1475 1128 1545 πτῆσιν
1175 1475 1478 1545 ποιήσεται.
1513 1475 1759 1528 Ποθοῦσα

231 1562 311 1632 γὰρ
334 1562 406 1614 διὰ
434 1564 533 1615 τῶν
561 1565 668 1634 ἤδη
724 1565 1176 1636 κατειλημμένων
1209 1565 1285 1636 μὴ
1332 1567 1652 1620 καταλιπεῖν
1697 1565 1758 1619 τὸ

230 1651 331 1720 ὕψος
353 1654 402 1706 τὸ
432 1655 842 1726 ὑπερκείμενον,
872 1657 1152 1709 ἄπαυστον
1183 1657 1416 1710 ποιεῖται
1446 1658 1544 1727 τὴν
1569 1657 1660 1710 ἐπὶ
1689 1656 1759 1710 τὰ

229 1741 311 1793 ἅνω
335 1743 504 1813 φορὰν,
535 1745 626 1796 ἀεὶ
651 1743 739 1797 διὰ
767 1743 877 1798 τῶν
916 1744 1343 1816 προηνυσμένων
1377 1745 1468 1798 τὸν
1495 1745 1630 1814 πρὸς
1659 1743 1756 1814 τὴν

230 1830 381 1900 πτῆσιν
403 1834 538 1886 τόνον
579 1813 980 1898 ἀνανεάζουσαν.
1010 1813 1177 1906 Μόνη
1198 1834 1308 1906 γὰρ
1349 1836 1381 1906 ὴ
1407 1835 1524 1888 κατ’
1544 1813 1758 1907 Ϋάρετῆν
1793 1813 1834 1868 Β

228 1923 424 1990 ἐνέργεια
454 1926 688 1995 καμάτῳ
716 1926 904 1996 τρέφει
933 1926 1031 1997 τὴν
1074 1925 1322 1996 δύναμιν,
1349 1927 1449 1980 οὑκ
1483 1927 1760 1983 ἐνδιδοῦσα

227 2011 289 2064 διὰ
312 2013 582 2085 τοῦθέργου
629 2017 718 2069 τὸν
763 2017 936 2079 τόνον,
970 2017 1086 2070 ἀλλ’
1127 2016 1459 2082 ἐπαύξουσα.

275 2106 352 2155 Διὰ
369 2106 510 2159 τοῦτό
531 2125 741 2177 φαμεν,
759 2108 959 2160 καὶτὸν
986 2107 1158 2178 μέγαν
1184 2107 1423 2161 Μωὺσέα
1444 2108 1530 2160 ἀεὶ
1549 2109 1762 2180 γινόμε·

227 2210 307 2255 νον,
332 2198 558 2267 μηδαμοῦ
611 2200 862 2252 ἵστασθαι
908 2200 1006 2270 τῆς
1049 2199 1259 2265 ἀνόδου,
1308 2199 1441 2270 μηδέ
1480 2218 1599 2254 τινα
1638 2202 1761 2270 ὅρον

224 2287 361 2356 ἐαυτῷ
403 2291 669 2362 ποιεῖσθαι
695 2295 796 2361 τῆς
830 2291 921 2345 ἐπὶ
967 2291 1026 2344 τὸ
1071 2291 1183 2345 ἄνω
1215 2293 1386 2362 φορᾶς
1412 2309 1423 2322 ·
1476 2292 1589 2344 ἀλλ’
1618 2291 1764 2358 ἅπαξ

225 2377 434 2430 ὲπιόὼιτα
461 2357 554 2451 τῆς
588 2381 885 2451 κλίμακος,
971 2383 1332 2452 ἐπεστήρικτο
1351 2384 1378 2435 ό
1400 2381 1550 2445 Θεὸς,
1584 2381 1764 2446 καθώς

223 2483 346 2534 φησιν
375 2471 578 2536 Ἰακὼϐ,
603 2473 781 2525 εἰσαεὶ
803 2472 900 2542 τῆς
929 2472 1328 2542 ὑπερκειμένης
1350 2471 1607 2542 βαθμίδος
1639 2474 1760 2525 ἐπι-

1866 571 1956 632 sit,
2021 586 2236 640 semper
2289 569 2632 635 deferuntur,
2687 583 2978 639 quousque
3033 567 3100 622 ad
3158 567 3438 637 planitiem

1864 657 2248 712 descenderint
2305 677 2317 712 :
2370 658 2449 712 sic
2507 657 2688 711 anima
2735 656 2894 725 cujus
2951 665 3142 709 natura
3217 669 3435 708 sursum

1865 747 2058 808 fertur,
2090 748 2323 802 terrenis
2357 746 2604 801 absoluta
2631 745 3026 816 cupiditatibus
3063 747 3342 800 ardentior
3383 747 3436 799 iu

1861 838 1978 892 dies
2035 838 2120 902 fit,
2184 838 2536 906 velociusque
2601 837 2931 906 pertransit,
2985 836 3053 889 ad
3111 836 3438 891 sublimiora

1862 945 2077 998 semper
2110 930 2503 984 conscendens.
2536 928 2669 982 Nam
2699 943 2824 982 cum
2867 928 3000 981 nihil
3033 927 3134 984 sibi
3162 928 3232 981 sit
3269 927 3440 997 impe-

1861 1019 2124 1084 dimento,
2179 1036 2276 1092 per
2329 1023 2562 1090 seipsam
2624 1021 2689 1073 ad
2744 1029 2995 1074 naturam
3052 1019 3182 1074 boni
3239 1018 3437 1074 fertur.

1860 1110 2099 1163 Attrahit
2149 1112 2293 1164 enim
2347 1111 2412 1164 ad
2465 1126 2522 1164 se
2581 1118 2774 1164 natura
2829 1110 3000 1178 ipsius
3049 1108 3200 1172 boni,
3251 1121 3442 1160 omnes

1859 1201 1954 1268 qui
2014 1200 2080 1253 ad
2127 1200 2561 1270 pulchritudinis
2616 1200 2735 1268 ejus
2789 1199 2976 1254 radios
3031 1200 3183 1254 sanis
3228 1198 3441 1268 possint

1860 1291 2033 1344 oculis
2084 1291 2360 1360 respicere
2403 1309 2414 1344 :
2459 1290 2532 1343 ita
2587 1290 2664 1355 fit,
2702 1299 2761 1344 ut
2812 1290 3116 1344 ecelestium
3171 1287 3441 1354 desiderio

1861 1397 2074 1451 semper
2099 1381 2167 1434 ad
2203 1382 2410 1451 majora
2447 1383 2529 1452 (ut
2557 1382 2855 1451 Apostolus
2883 1382 2978 1451 ait)
3005 1387 3322 1449 consurgat,
3374 1393 3439 1432 ac

1859 1487 2070 1542 semper
2102 1473 2169 1526 ad
2201 1473 2394 1526 altiora
2441 1474 2706 1543 pervolet.
2756 1471 2889 1526 Nam
2929 1488 3052 1526 cum
3098 1487 3194 1542 per
3215 1487 3277 1526 ea
3316 1487 3441 1542 qua:

1820 1552 1824 1556 ’
1855 1563 1965 1633 jam
2003 1564 2262 1635 percepit.
2313 1565 2379 1618 ad
2424 1565 2629 1634 majora
2663 1572 2716 1617 et
2760 1565 3072 1634 perspicere
3103 1571 3157 1618 et
3195 1563 3440 1631 aspicere

1858 1655 2054 1724 possit,
2103 1655 2308 1724 majore
2353 1665 2514 1724 atque
2558 1654 2764 1723 majore
2802 1653 3072 1708 desiderio
3104 1669 3318 1722 semper
3353 1668 3441 1706 ar»

1862 1744 1973 1812 det,
2014 1758 2077 1798 ac
2122 1745 2202 1799 sic
2244 1745 2621 1798 indesinenter
2661 1759 2880 1798 sursum
2937 1743 3129 1808 fertur,
3175 1743 3262 1798 his
3316 1757 3439 1812 qua:

1862 1849 2082 1907 peraCta
2130 1844 2260 1890 sunt
2289 1835 2566 1890 robustior
2615 1833 2755 1888 facta
2788 1851 2801 1887 :
2836 1834 3011 1889 solum
3046 1833 3190 1888 enim
3216 1834 3438 1887 virtutis

1863 1927 2007 1982 actio
2042 1926 2214 1980 nutrit
2252 1926 2515 1985 laborem.
2553 1923 2805 1993 viresque
2841 1931 3025 1992 auget.

1934 2018 2280 2089 Quapropter
2320 2031 2551 2085 magnus
2581 2015 2671 2069 ille
2699 2014 2932 2086 Moyses,
2979 2029 3101 2068 cum
3142 2012 3307 2068 semel
3346 2026 3443 2081 per

1863 2110 2067 2166 scalam
2118 2109 2171 2162 in
2207 2121 2314 2178 qua
2346 2106 2488 2162 Deus
2534 2106 2756 2162 innixus
2801 2113 2940 2171 erat,
2978 2115 3038 2159 ut
3081 2104 3251 2158 Jaeob
3285 2103 3439 2168 dicit,

1865 2200 2162 2257 ascendere
2212 2197 2512 2268 coepisset,
2577 2213 2854 2267 nunquam
2913 2197 3094 2263 stetit,
3160 2208 3441 2264 nunquam

1865 2291 2158 2345 terminum
2209 2301 2385 2344 ntotus
2420 2291 2588 2352 novit,
2645 2289 2739 2344 sed
2791 2303 3008 2358 semper
3055 2287 3123 2341 de
3169 2285 3342 2356 gradu
3387 2284 3442 2339 in

1867 2380 2094 2451 gradum
2153 2379 2503 2444 ascendebat,
2566 2393 2666 2434 nec
2718 2378 2863 2432 enim
2918 2378 3150 2432 deficere
3205 2389 3441 2447 unquam

1871 2481 2048 2543 potest
2087 2473 2248 2526 altior
2275 2472 2498 2542 gradus.

222 2555 400 2624 ϐαίνειν,
436 2565 523 2616 καὶ
549 2564 828 2635 μηδέποτε
858 2564 1157 2635 ὑψούμενον
1186 2564 1454 2620 παύεσθαι
1481 2565 1567 2620 διὰ
1599 2566 1660 2618 τὸ
1689 2565 1916 2620 πάντοτε
1957 2564 2228 2636 εὑρίσκειν
2252 2565 2352 2632 τῆς
2371 2561 2810 2634 κατειλημμένης
2842 2565 2898 2616 ἐν
2929 2561 3005 2632 τῷ
3037 2562 3162 2632 ὕψει
3191 2560 3444 2630 βαθμίδος

219 2653 261 2703 τὸ
283 2654 680 2727 ὑπερκείμενον.

280 2749 515 2820 ’Δρ-νεῖται
558 2755 669 2825 τὴν
723 2753 856 2824 πρὸς
883 2754 979 2824 τὴν
1013 2754 1258 2825 βασιλίδα
1314 2756 1419 2810 τῶν
1449 2757 1762 2825 Αἰγυπτίων

218 2844 619 2916 κατεψευσμένης)
684 2846 1002 2914 συγγένειαν
1038 2864 1052 2878 ·
1114 2847 1324 2912 ἔκδικος
1392 2849 1600 2916 γίνεται
1667 2848 1762 2903 τοῦ

226 2933 433 3004 Ἐὁραίου
454 2956 465 2968 ·
503 2939 904 3008 μετανίσταται
940 2940 1077 3010 πρὸς
1106 2939 1202 3010 τὴν
1232 2941 1438 3011 ἔρημον
1469 2939 1761 3010 διαγωγὴν,

214 3024 664 3100 ἦνόάνθρὼπινος
697 3031 795 3083 οὑκ
822 3032 1047 3103 ἐτάραξε
1079 3032 1218 3101 βίος·
1252 3031 1528 3102 ποιμαίνει
1552 3033 1608 3084 ἐν
1639 3032 1766 3084 ἐαυ-

211 3114 270 3184 τῷ
294 3119 377 3188 τὴν
403 3120 508 3174 τῶν
559 3121 796 3192 ἡμέρων
833 3122 984 3184 ζώων
1035 3121 1234 3192 ἀγέλην
1256 3139 1270 3154 ο
1321 3123 1424 3194 ὁρᾷ
1454 3122 1545 3175 τοῦ
1589 3121 1764 3190 φωτὸς
1791 3167 1830 3194 ,η

209 3204 284 3276 τὴν
301 3208 608 3283 λαμπηδόνα
635 3229 654 3243 ·
685 3211 865 3284 ἀϐαρῆ
897 3216 1126 3265 ποιεῖται
1158 3213 1256 3284 τὴν
1300 3213 1434 3284 πρὸς
1459 3213 1516 3266 τὸ
1537 3212 1649 3281 φῶς
1678 3213 1764 3267 ἄν·

207 3297 317 3360 αὖον,
342 3306 402 3373 τῇ
431 3303 785 3375 περιαιρέσει
812 3302 902 3355 τοῦ
927 3303 1288 3374 ὑποδήματος·
1313 3303 1604 3374 ἐξαιρεῖται
1629 3302 1764 3373 πρὸς

204 3387 478 3462 ἐλευθερίαν
520 3395 582 3446 τὸ
624 3393 896 3460 συγγενὲς
940 3393 1033 3445 καὶ⁸
1079 3391 1381 3462 ὁμόφυλον·
1435 3390 1764 3462 ὑποϐρύχιον

205 3475 356 3544 βλέπει
375 3483 463 3535 τον
502 3483 712 3555 ἐχθρὸν
739 3483 880 3535 κατὰ
905 3483 1012 3535 τῶν
1043 3483 1297 3553 κυμάτων
1329 3482 1606 3552 δυόμενον.
1625 3481 1763 3534 Ὑπὸ

203 3569 281 3639 τὴν
298 3575 513 3644 νεφέλην
542 3573 838 3637 αὐλίζεται
857 3590 871 3603 ·
897 3576 962 3644 τῇ
990 3574 1164 3644 πέτρᾳ
1191 3572 1482 3645 θεραπεύει
1510 3573 1572 3624 τὸ
1593 3571 1761 3640 δίψος·

199 3661 260 3729 τῷ
284 3666 484 3736 οὖρανῷ
509 3668 767 3736 γεωργεῖ
792 3666 883 3718 τὸν
918 3666 1103 3735 ἄρτον.
1148 3661 1279 3718 Εἶτα
1317 3667 1382 3736 τῇ
1414 3665 1630 3718 ἐκτάσει
1659 3664 1766 3717 τῶν

200 3751 364 3818 χειρῶν
415 3754 868 3822 καταγωνίζεται
913 3753 1002 3806 τὸν
1057 3753 1352 3822 ἀλλόφυλον
1379 3769 1392 3782 ·
1428 3751 1615 3805 ἀκούει
1669 3753 1766 3822 τῆς

195 3839 461 3910 σάλπιγγος
484 3861 498 3874 ·
531 3845 634 3896 τὸν
664 3844 868 3912 γνόφον
895 3844 1227 3914 ὑπέρχεται·
1259 3843 1350 3896 ἐπὶ
1383 3842 1452 3894 τὰ
1480 3843 1644 3896 ἄδυτα
1670 3843 1767 3914 τῆς

199 3929 587 4006 ἀχειροποιήτου
652 3938 862 4006 σκηνῆς
913 3935 1298 4006 παραδύεται·
1355 3933 1614 4004 μανθάνει
1668 3933 1769 4004 τῆς

190 4020 315 4086 θείας
347 4027 668 4098 ἱερωσύνης
695 4027 774 4080 τὰ
803 4027 1106 4098 ἀπόρρητα.
1145 4025 1488 4094 Ἐξαφανίζει
1522 4025 1584 4077 τὸ
1615 4025 1769 4078 εἰδω-

194 4110 282 4175 ‘m,
310 4116 546 4171 ίλεοίται
583 4117 656 4170 τὸ
687 4118 868 4179 Θεῖον,
902 4115 1249 4170 ἀνακαλεῖται
1279 4115 1368 4168 τὸν
1402 4117 1460 4168 ἐν
1503 4117 1566 4185 τῇ
1604 4115 1771 4186 κακίᾳ

187 4200 273 4254 tu}:
309 4204 591 4259 Ἰουδαίων
633 4204 996 4276 συντριϐέντα
1027 4203 1222 4274 νόμον,
1257 4203 1464 4273 λάμπει
1505 4205 1572 4275 τῇ
1618 4203 1765 4273 δόξῃ,

190 4291 267 4343 καὶ
300 4293 386 4347 διὰ
423 4297 721 4350 τοσούτων
762 4295 1019 4366 ἐπαρθεὶς
1053 4295 1397 4366 ὑψωμάτων,
1442 4293 1522 4346 ἐτι
1567 4295 1769 4365 σφριγᾷ

185 4383 236 4451 τῆ
261 4386 533 4458 ἐπιθυμίᾳ
559 4427 576 4452 ,
606 4389 711 4440 καὶ
747 4387 1054 4458 ἁκορέστως
1089 4387 1203 4457 ἔχει
1237 4387 1330 4440 τοῦ
1369 4385 1645 4449 πλείονος,
1679 4386 1774 4438 καὶ

1936 2753 2161 2826 Negavit
2206 2753 2397 2810 falsam
2429 2752 2808 2825 ngyptiurum
2859 2748 3060 2820 reginae
3102 2748 3445 2818 conjunctio—

1865 2862 2010 2910 nem,
2056 2862 2163 2915 qua
2215 2846 2360 2900 titius
2408 2847 2525 2913 ejus
2578 2845 2904 2916 putabatur;
2969 2839 3252 2896 Hebraeum
3299 2841 3446 2896 ultus

1865 2944 1979 3003 est;
2011 2937 2077 2991 ad
2108 2936 2384 2993 desertam
2428 2946 2481 2992 et
2517 2935 2820 2992 solitariam
2851 2949 2910 2988 se
2951 2931 3228 2987 transtulit
3254 2931 3442 2990 vitam,

1867 3043 2030 3100 quam
2084 3027 2335 3082 humanae
2380 3027 2820 3097 perturbationes
2864 3039 2975 3079 non
3021 3032 3254 3088 vexant;
3300 3021 3447 3092 pavit

1866 3118 2135 3174 cieurium
2179 3119 2496 3173 animalium
2541 3133 2791 3190 gregem;
2825 3116 2959 3173 vidit
3004 3115 3444 3185 resplendentem

1867 3209 2043 3264 lucem
2095 3209 2367 3274 divinam;
2435 3209 2634 3278 abjeeit
2697 3209 2934 3271 calceos,
2990 3214 3050 3262 ut
3105 3206 3322 3260 facilius
3379 3204 3446 3258 ad

1867 3301 2044 3356 lucem
2099 3300 2420 3367 accederet;
2471 3301 2526 3354 in
2583 3301 2890 3354 libertatem
2946 3297 3248 3352 vindicavit
3279 3311 3445 3362 suos;

1867 3391 2079 3447 hostem
2113 3392 2276 3446 undis
2297 3391 2436 3446 vidit
2463 3391 2844 3455 submersum;
2874 3388 3054 3444 lucida
3086 3388 3230 3443 nube
3250 3387 3448 3443 ductus

1866 3490 1984 3548 est;
2025 3482 2172 3538 sicco
2201 3482 2381 3551 lapide
2411 3481 2621 3536 sedavit
2652 3482 2830 3548 sitim;
2868 3495 2897 3534 a
2929 3480 3069 3536 caelo
3097 3479 3322 3534 deduxit
3349 3493 3450 3548 pa-

1867 3587 2012 3626 nem.
2061 3570 2331 3627 Prmterea
2391 3571 2715 3626 extensione
2767 3585 3029 3624 manuum
3091 3569 3448 3638 alienigenam

1870 3665 2028 3726 fudit,
2079 3665 2322 3719 sonitum
2367 3665 2510 3718 tubae
2541 3663 2771 3727 audivit,
2825 3663 3109 3731 caliginem
3153 3661 3344 3724 subiit,
3381 3661 3449 3714 ad

1869 3755 2164 3828 penetralia
2195 3755 2364 3808 divini
2419 3754 2765 3809 tabernaculi
2803 3754 3086 3824 ingressus
3129 3761 3232 3815 est,
3267 3767 3451 3806 sacer-

1869 3845 2004 3898 dotii
2051 3843 2242 3898 didicit
2274 3845 2556 3914 mysteria,
2603 3843 2954 3898 simulacrum
2993 3841 3283 3908 destruxit,
3325 3855 3450 3910 pro-

1871 3937 2061 4006 pitium
2091 3935 2262 3990 Deum
2316 3936 2575 4000 reddidit,
2626 3938 2797 4007 legem
2830 3934 3140 3991 Judazorum
3182 3935 3450 4004 pravitate

1871 4028 2110 4082 dirutam
2147 4028 2412 4092 restituit,
2452 4028 2624 4098 gloria
2671 4027 2892 4082 effulsit.
2937 4028 3014 4080 Ac
3047 4035 3124 4081 tot
3174 4027 3449 4094 tantisque

1873 4120 2354 4178 sublimationibus
2379 4121 2556 4176 elatus
2577 4120 2756 4175 adhuc
2783 4119 2936 4175 ardet
2961 4118 3252 4179 desiderio,
3271 4118 3448 4170 adhuc

1872 4222 2133 4280 tauquam
2177 4209 2484 4265 famescens
2513 4225 2577 4264 ac
2625 4209 2839 4272 sitiens,
2870 4217 3126 4278 tanquam
3159 4221 3224 4260 eo
3253 4220 3448 4258 carens

1873 4318 1981 4370 quo
2013 4317 2229 4372 semper
2265 4300 2569 4365 fruebatur,
2619 4308 2739 4354 orat
2785 4309 2839 4353 ut
2875 4298 3044 4354 Deum
3093 4297 3293 4360 videat,
3342 4311 3450 4351 non

1877 4403 1933 4446 ut
1968 4394 2085 4465 ipse
2115 4409 2312 4464 capere
2360 4401 2558 4464 potest,
2601 4392 2694 4447 sed
2727 4401 2786 4446 ut
2823 4407 2882 4447 se
2912 4391 3071 4444 habet
3107 4390 3197 4460 qui
3233 4388 3450 4443 deside-

185 4467 329 4527 .)fqd
355 4480 568 4541 παντὸς
599 4480 732 4531 κατ’
756 4479 1003 4544 ἐξουσίαν
1033 4480 1359 4550 ἐνεφορεῖτο,
1384 4478 1464 4532 ἔτι
1488 4477 1613 4548 διψῇ
1643 4495 1654 4508 ·
1680 4477 1771 4530 καὶ

1879 4497 2049 4540 ratur.
2084 4484 2238 4540 Unde
2278 4483 2518 4538 arbitror
2565 4483 2836 4537 immenso
2868 4479 3141 4536 desiderio
3170 4487 3334 4549 atque
3363 4493 3449 4531 ar-

179 4562 240 4625 ὡς
266 4572 431 4637 μήπω
468 4569 878 4640 μετεσχηκὼς,
909 4572 1091 4639 τυχεῖν
1117 4569 1315 4633 δέεται,
1349 4570 1656 4640 ἐμφανῆναι
1681 4567 1778 4621 αὑο

179 4655 244 4722 τῷ
283 4661 374 4712 τὸν
406 4662 551 4714 Θεὸν
609 4661 914 4714 ἱκετεύων·
967 4661 1064 4732 οὐχ
1115 4661 1190 4724 ὼς
1244 4659 1488 4731 μετέχειν
1533 4658 1776 4722 δύναται,

295 4750 371 4814 ὡς
397 4753 638 4816 ἐκεῖνός
674 4753 811 4805 ἐστι.
845 4754 1003 4805 Δοκεῖ
1029 4751 1086 4804 δέ
1118 4768 1207 4821 μοι
1252 4751 1313 4802 τὸ
1346 4748 1555 4802 τοιοῦτο
1587 4747 1779 4802 παθεῖν

177 4838 393 4913 ἐρωτικῇ
433 4863 553 4897 τινι
595 4845 846 4898 διαθέσει
885 4845 1022 4916 πρὸς
1053 4846 1114 4896 τὸ
1146 4842 1306 4911 φύσει
1341 4841 1503 4896 καλὸν
1543 4841 1642 4912 τῆς
1678 4841 1780 4910 ψυο

179 4931 262 5000 τῆς
295 4934 671 5006 διατεθείσης
694 4976 708 4998 ,
742 4939 805 5006 ἥν
839 4936 924 4989 ἀεὶ
955 4938 988 5006 ἡ
1036 4935 1190 4998 ἐλπὶς
1245 4933 1353 4987 ἀπὸ
1385 4932 1478 4986 τοὺ
1527 4931 1780 5000 ὀφθέντος

179 5024 320 5076 uin-3
371 5029 522 5097 πρὸς
575 5027 650 5078 τὸ
710 5027 1096 5097 ὑπερκείμενον
1144 5025 1531 5086 ἐπεσπάσατο,
1566 5022 1654 5076 διὰ
1687 5021 1778 5074 τοῦ

183 5113 387 5170 πάντοτε
438 5116 1025 5187 καταλαμϐανομένου
1051 5155 1066 5179 ,
1119 5115 1257 5186 πρὸς
1294 5115 1354 5167 τὸ
1407 5111 1780 5184 κεκρυμμένον

185 5205 274 5255 ait!
302 5209 399 5276 τὴν
444 5207 775 5276 ἐπιθυμίαν
806 5208 1127 5260 ἐκκαίουσα·
1169 5206 1290 5259 ὅθεν
1322 5208 1350 5258 6
1396 5204 1622 5274 σφοδρὸς
1655 5204 1782 5269 ἐρα-

190 5295 297 5366 στὴς
319 5299 414 5351 τοῦ
452 5299 754 5362 κάλλους,
786 5299 844 5352 τὸ
875 5300 963 5353 ἀεὶ
1000 5298 1336 5368 φαινόμενον,
1366 5298 1441 5361 ὡς
1471 5295 1656 5348 εἰκόνα
1689 5294 1780 5347 τοὺ

193 5390 510 5459 πιλουμένου
558 5389 894 5459 δεχόμενος,
931 5389 1094 5444 αὑτοῦ
1144 5389 1236 5442 τοὺ
1292 5387 1647 5466 χαρακτῆρος
1690 5385 1782 5437 τοὺ

201 5481 484 5545 αηετύπηυ
533 5481 934 5551 ἐμφορηθῆναι
975 5481 1147 5533 ποθεῖ.
1179 5482 1279 5538 Καὶ
1330 5483 1498 5543 τοῦτο
1541 5475 1783 5547 βούλεται

203 5563 494 5643 ἧτοὶμηρά
545 5588 613 5623 τε
661 5570 761 5622 καὶ
790 5570 1056 5640 παριούσα
1097 5572 1212 5635 τοὺς
1255 5577 1415 5659 ὅρους
1458 5573 1565 5642 τῆς
1598 5566 1778 5621 ἐπιθυ-

335 5665 368 5730 ﬂ
403 5665 640 5730 αῖτησις
668 5699 685 5720 .
732 5661 785 5712 τὸ
813 5662 885 5730 μὴ
911 5661 996 5714 διὰ
1024 5655 1310 5744 κατόπτρως,
1344 5667 1526 5735 τινῶν
1559 5661 1651 5714 καὶ
1688 5661 1782 5724 ἐμ-

219 5753 398 5811 ςὰτειιιν
427 5796 440 5818 ν
493 5754 642 5807 ἀλλὰ
683 5753 819 5808 κατᾶ
864 5753 1135 5821 πρόσωπον
1158 5756 1460 5850 ἀπωαῦσαι
1495 5752 1596 5813 τοῦ
1657 5748 1784 5803 κάλ.

1879 4579 2029 4634 denti
2059 4592 2188 4648 erga
2220 4576 2390 4631 Deum
2421 4576 2496 4629 ita
2533 4573 2706 4630 fuisse
2741 4572 3016 4637 affectum,
3053 4572 3197 4643 quod
3228 4571 3453 4626 visioni-

1879 4672 1982 4726 bus
2008 4670 2112 4724 sibi
2158 4669 2378 4732 enituit,
2427 4676 2488 4722 ut
2521 4666 2665 4722 ferre
2715 4681 2823 4721 non
2855 4679 3061 4737 posset,
3091 4664 3222 4733 quin
3271 4664 3340 4718 ab
3385 4664 3452 4716 iis

1870 4740 2000 4831 qua!
2053 4759 2498 4829 comprehendit,
2557 4758 2626 4812 ad
2681 4758 2983 4813 occultiora
3045 4756 3390 4825 compelleret
3435 4773 3448 4808 :

1879 4850 2139 4920 quocirca
2165 4863 2434 4918 suprema:
2458 4847 2882 4918 pulchritudinis
2913 4855 3144 4908 amator,
3174 4844 3318 4915 quod
3341 4844 3452 4913 jam

1879 4927 2110 5005 viderat,
2142 4947 2402 5009 tanquam
2449 4939 2742 5009 imaginem
2775 4939 2894 5007 ejus
2922 4937 3067 5008 quod
3104 4951 3211 4990 non
3245 4935 3454 4990 viderat

1882 5033 2134 5098 credens,
2172 5032 2290 5101 ipso
2330 5031 2433 5084 frui
2480 5031 2758 5101 primitivo
2799 5029 3164 5085 desiderabat.
3213 5027 3272 5082 Id
3324 5041 3454 5096 ergo

1882 5123 1997 5177 vult
2025 5120 2205 5174 audax
2247 5120 2300 5173 in
2335 5127 2519 5174 monte
2543 5119 2637 5174 illo
2669 5118 2878 5189 petitio,
2911 5133 2978 5174 ne
3017 5133 3112 5189 per
3142 5116 3365 5188 specula
3401 5124 3454 5168 et

1884 5210 2170 5280 imagines,
2212 5208 2307 5264 sed
2344 5223 2440 5278 per
2471 5223 2653 5262 veram
2701 5216 2754 5262 et
2788 5208 3063 5278 propriam
3111 5206 3304 5262 faciem
3349 5205 3451 5258 frui

1885 5297 2288 5365 pulchritudine
2330 5303 2534 5366 posset.
2591 5295 2782 5350 Divina
2813 5311 2940 5352 vero
2974 5311 3077 5351 vox
3108 5311 3203 5366 per
3231 5310 3293 5349 ea
3339 5308 3454 5362 Quae

1886 5395 2082 5458 negat,
2147 5387 2401 5441 concedit
2460 5386 2604 5456 quod
2668 5388 2908 5458 petitur,
2976 5388 3222 5459 pauculis
3275 5384 3453 5440 verbis

1885 5478 2204 5532 immensam
2266 5479 2663 5532 sententiarum
2727 5477 3150 5549 profunditatem
3221 5475 3451 5543 subape-

1887 5571 2057 5625 ricns.
2096 5569 2300 5624 Annuit
2337 5569 2482 5623 enim
2537 5569 2806 5625 facturum
2859 5588 2916 5626 se
2944 5571 3088 5640 quod
3119 5568 3404 5639 petebatur
3434 5583 3445 5616 :

1890 5659 2044 5712 finem
2079 5665 2258 5711 autem
2295 5668 2457 5725 atque
2477 5659 2836 5712 cessationem
2880 5657 3040 5725 hujus
3071 5653 3324 5709 desiderii
3370 5653 3450 5703 fu-

1891 5763 2070 5805 turum
2103 5761 2209 5801 non
2243 5744 2649 5826 promisithncc
2691 5745 2833 5801 enim
2869 5749 2938 5800 ita
2979 5743 3244 5814 quispiam
3284 5741 3450 5799 Deum
