4054 6436
585 432 693 487 403

1817 434 1873 491 S.
1911 432 2242 494 GREGORll
2267 433 2562 494 NYSSENI

3719 431 3807 490 ιθι

584 548 769 604 videre
797 554 972 619 potest
1019 555 1077 602 ut
1103 545 1320 604 videndi
1365 545 1577 602 desinat
1606 547 1960 607 desiderium.
2009 549 2178 612 Nam,

2280 571 2387 616 ους.
2432 554 2497 607 Ἡ
2525 554 2579 607 δὲ
2609 553 2727 607 θεία
2767 554 2916 625 φωνὴ
2954 553 3135 608 δίδωσι
3180 552 3240 608 τὸ
3273 551 3492 623 αἰτηθὲν
3522 551 3589 607 δι’
3618 544 3692 607 ὧν
3722 554 3811 605 ἀπ-

587 639 642 694 in
675 640 781 695 hoc
808 639 1056 711 profecto
1084 640 1227 695 Deus
1256 638 1490 705 videtur,
1530 647 1589 695 ut
1618 657 1897 712 nunquam
1939 642 2159 700 desinas

587 730 657 785 ad
703 746 827 785 cum
882 732 1176 802 respicere.
1224 730 1405 797 Quare
1441 731 1620 802 inquit
1662 752 1675 788 :
1732 750 1750 783 ι
1800 732 1919 788 Νοη
1956 735 2161 805 poteris

587 819 770 876 videre
800 821 991 876 faciem
1016 837 1212 888 meam,
1242 837 1341 878 nec
1371 822 1517 878 enim
1549 823 1751 878 videbit
1775 824 1938 880 homo
1967 825 2157 881 faciem
2195 827 2211 843 “

589 926 763 967 meam
804 920 858 968 et
896 914 1039 969 vivet
1055 915 1140 969 ης
1179 932 1198 966 ι
1240 930 1349 970 non
1384 916 1512 985 quia
1544 930 1710 971 causa
1747 917 1941 972 mortis
1969 917 2159 972 viden-

589 1003 736 1060 tibus
765 1005 837 1061 sit
865 1005 953 1059 illa
981 1005 1325 1077 facies,(nam
1351 1009 1626 1077 quomodo
1648 1009 1772 1064 vitae
1806 1009 1973 1066 facies
1995 1026 2158 1067 causa

591 1095 1156 1166 appropinquantibus
1217 1099 1410 1153 mortis
1467 1114 1591 1154 esse
1656 1100 1909 1172 poterit?)
1971 1117 2158 1157 verum

590 1184 847 1253 quoniam
895 1188 998 1241 etsi
1034 1187 1272 1243 viviﬁcat
1317 1188 1534 1258 quidem
1580 1188 1724 1246 Deus
1771 1198 1988 1257 natura,
2037 1207 2163 1262 pro-

592 1275 768 1345 prium
814 1284 996 1332 tamen
1047 1295 1205 1334 suum
1256 1288 1361 1343 est,
1417 1290 1476 1334 ut
1528 1296 1745 1336 omnem
1797 1283 2160 1353 cognitionem

591 1367 818 1422 excedat
863 1389 876 1424 :
918 1370 1123 1425 idcirco
1172 1372 1267 1441 qui
1314 1368 1503 1427 eorum
1560 1390 1683 1444 qua:
1733 1386 2160 1444 cognoscuntur,

595 1456 761 1513 Deum
783 1475 904 1518 esse
932 1464 1206 1533 opinatur,
1248 1466 1404 1535 quasi
1433 1464 1705 1522 deviasset
1737 1466 1806 1520 ab
1842 1481 1908 1522 eo
1936 1467 2027 1537 qui
2055 1472 2159 1530 est,

594 1550 660 1605 ad
691 1551 743 1605 id
776 1553 919 1622 quod
950 1569 1071 1609 esse
1094 1562 1340 1625 putatur.
1368 1558 1533 1610 vitam
1560 1572 1668 1611 non
1700 1557 1884 1612 habet.
1912 1556 2045 1611 Nam
2070 1558 2163 1628 qui

593 1658 719 1698 vere
756 1652 859 1710 est,
897 1646 942 1699 is
984 1660 1110 1700 vere
1155 1646 1263 1699 vita
1314 1657 1418 1724 est,
1475 1657 1526 1701 et
1573 1648 1664 1703 hic
1705 1649 2017 1718 cognitione
2054 1665 2162 1704 non

594 1736 1093 1806 comprehenditur.
1142 1737 1323 1805 Quare
1370 1740 1416 1796 si
1464 1740 1579 1796 hinc
1629 1741 1918 1797 viviﬁcans
1971 1750 2164 1796 natura

595 1824 961 1895 cognitionem
1005 1841 1222 1882 omnem
1285 1828 1539 1894 excedit,
1606 1845 1714 1883 non
1778 1840 1861 1885 est
1920 1829 2165 1900 profecto

2261 645 2553 709 αναίνεται,
2593 648 2651 699 ἐν
2705 646 2905 715 ὀλίγοις
2951 648 3062 709 τοῖς
3102 648 3338 717 ῥήμασιν
3369 643 3675 716 ἀμέτρητόν
3707 659 3814 696 τινα

2261 734 2419 804 βυθὸν
2450 737 2734 807 νοημάτων
2772 737 3257 810 παραδεικνύουσα.
3297 736 3369 789 T6
3405 736 3500 806 μὲν
3549 735 3656 804 γὰρ
3694 734 3809 803 πλη·

2261 827 2433 896 ρῶσαι
2466 828 2563 898 τὴν
2594 827 2887 898 ἐπιθυμίαν
2917 828 3067 899 αύτῷ
3097 832 3130 900 ἡ
3164 827 3258 881 τοῦ
3287 826 3420 880 Θεοῦ
3453 823 3820 896 μεγαλοδωρεὸ

2261 917 2579 971 κατένευσε·
2612 918 2796 971 στάσιν
2827 918 2885 971 δέ
2913 935 3032 971 τινα
3080 917 3172 971 τοῦ
3202 916 3366 971 πόθου
3407 916 3500 969 καὶ
3527 914 3684 985 κόρον
3729 912 3821 964 οὐκ

2260 1007 2642 1078 ἐπηγγείλατο.
2675 1009 2747 1061 Οὐ
2773 1010 2880 1080 γὰρ
2915 1010 2982 1065 ἂν
3010 1008 3200 1062 ἑαυτὸν
3226 1007 3392 1073 ἔδειξε
3413 1005 3490 1075 τῷ
3517 1004 3823 1076 θεράποντι·

2261 1100 2419 1171 εἴπερ
2447 1101 2683 1154 τοιοῦτον
2705 1096 2772 1171 ἦν
2796 1101 2857 1153 τὸ
2885 1098 3177 1171 ὁρώμενον,
3200 1098 3339 1152 ὥστε
3367 1098 3557 1166 στῆσαι
3588 1096 3687 1167 τὴν
3713 1096 3823 1148 Em-

2262 1195 2324 1246 θυ
2334 1192 2460 1262 μίαν
2494 1192 2585 1245 τοῦ
2616 1191 2929 1262 βλέποντος·
2957 1193 3033 1255 ὡς
3056 1193 3114 1244 ἐν
3139 1191 3312 1260 τούτῳ
3330 1190 3478 1251 ὄντος
3500 1186 3591 1242 τοῦ
3621 1185 3828 1256 ἀληθῶς

2265 1284 2392 1336 ἰδεῖν
2421 1283 2511 1336 τὸν
2536 1284 2666 1337 Θεὸν
2689 1324 2703 1348 ,
2738 1284 2795 1336 ἐν
2837 1283 2915 1354 τῷ
2955 1283 3029 1354 μὴ
3060 1281 3216 1352 λῆξαί
3246 1297 3372 1334 ποτε
3400 1283 3499 1351 τῆς
3541 1275 3829 1346 ἐπιθυμίας

2263 1376 2351 1427 τὸν
2379 1375 2513 1445 πρὸς
2542 1376 2701 1428 αὑτὸν
2730 1375 3118 1428 ἀναϐλέποντα.
3153 1373 3290 1443 Φησὶ
3320 1371 3448 1442 γάρ·
3488 1390 3507 1421 ι
3531 1370 3604 1423 Ού
3631 1368 3832 1437 δυνήσῃ

2261 1465 2321 1516 τᾶ
2354 1465 2638 1537 πρόσωπόν
2672 1482 2772 1534 μου
2829 1464 2956 1517 ἰδεῖν
2975 1481 2987 1493 ·
3020 1463 3081 1517 ού
3108 1465 3216 1534 γὰρ
3246 1462 3322 1534 μὴ
3349 1462 3434 1533 ἴδῃ
3464 1458 3745 1529 ἄνθρωπος
3773 1456 3833 1509 τὸ

2265 1554 2550 1624 πρόσωπόν
2585 1571 2708 1626 μου,
2757 1555 2849 1608 καὶ
2884 1554 3126 1625 ζήσεται·
3171 1573 3189 1605 ι
3235 1552 3389 1606 τοῦτο
3416 1551 3502 1615 δὲ,
3532 1548 3726 1620 ούχώς
3753 1547 3834 1600 αῖ-

2263 1661 2375 1696 τιον
2401 1644 2494 1697 τοῦ
2529 1643 2757 1698 θανάτου
2792 1646 2901 1707 τοῖς
2927 1644 3097 1714 ὁρῶσι
3135 1642 3451 1712 γιγνόμενον
3498 1642 3525 1693 6
3561 1639 3716 1706 λόγος
3751 1638 3829 1689 ἐν·

2263 1736 2567 1800 δείκνυται,
2603 1734 2753 1807 (πῶς
2784 1734 2893 1806 γὰρ
2924 1734 2985 1788 τὸ
3021 1734 3120 1804 τῆς
3153 1733 3296 1804 ζωῆς
3330 1732 3635 1804 πρόσωπον,
3670 1728 3837 1781 αἴτιον

2267 1826 2493 1881 θανάτου
2516 1830 2626 1891 τοῖς
2650 1826 2987 1898 ἐμπελάσασι
3016 1825 3205 1895 γένοιτ’
3223 1825 3288 1879 άν
3319 1840 3447 1877 ποτε
3462 1823 3499 1891 ς)
3519 1821 3629 1876 ἀλλ’
3650 1819 3835 1889 ἐπειδὴ

594 1916 704 1970 vita
730 1916 782 1971 id
807 1917 955 1987 quod
977 1919 1327 1990 cognoscitur
1354 1938 1366 1974 :
1390 1921 1534 1991 quod
1561 1936 1688 1976 vero
1715 1922 1824 1976 vita
1854 1936 1961 1975 non
1985 1932 2086 1986 est,
2110 1920 2164 1979 id

2278 1918 2523 1983 ξωοποιὺν
2563 1918 2661 1989 μὲν
2687 1920 2754 1988 τῇ
2792 1919 2951 1987 φύσει
2988 1916 3049 1969 τὸ
3077 1915 3250 1980 Θεῖον,
3289 1914 3418 1967 ἴδιον
3463 1912 3520 1966 δὲ
3553 1910 3837 1981 γνώρισμα

595 2005 762 2060 vitam
810 2008 1052 2076 prmbere
1107 2023 1214 2063 non
1251 2018 1448 2079 potest.
1489 2009 1580 2065 Sic
1630 2011 1796 2081 igitur
1833 2009 2165 2065 desideritnn

596 2094 767 2165 Moysi
799 2095 1146 2165 adimpletur,
1183 2105 1240 2153 ut
1271 2100 1584 2155 insatiabile
1617 2107 1933 2169 permaneat
1961 2118 1975 2154 :
2008 2100 2171 2155 discit

598 2186 741 2240 enim
764 2202 829 2242 ex
857 2188 993 2253 istis,
1020 2188 1167 2259 quod
1197 2188 1339 2244 Deus
1363 2198 1559 2245 natura
1598 2192 2026 2249 interminabilis
2061 2200 2166 2261 cst,

600 2277 749 2331 nullo
786 2281 1019 2335 termino
1066 2281 1517 2351 comprehensus.
1569 2280 1703 2336 Nam
1748 2284 1794 2338 si
1840 2284 2022 2354 aliquo
2060 2293 2172 2339 ter-

601 2369 752 2424 mino
774 2371 1027 2427 concludi
1060 2373 1416 2443 intelligatur,
1458 2388 1687 2431 necesse
1714 2383 1797 2430 est
1832 2376 2066 2430 termino
2094 2376 2171 2430 illi

598 2457 806 2527 aliquid
835 2468 1194 2515 connectatur
1221 2478 1235 2514 :
1270 2462 1496 2518 omnino
1528 2462 1673 2517 enim
1722 2462 1866 2535 quod
1911 2465 2174 2518 termina-

598 2559 705 2608 tur,
739 2549 807 2604 ad
850 2550 999 2604 aliud
1026 2549 1248 2614 desinit,
1297 2560 1356 2606 ut
1388 2553 1731 2608 terrestrium
1774 2553 2041 2609 terminus
2082 2570 2175 2610 aer

598 2646 705 2700 est,
746 2646 799 2693 et
844 2654 984 2709 aqua
1030 2656 1213 2696 rerum
1266 2645 1660 2713 aquatiearum.
1707 2642 2174 2711 Quemadmodum

602 2731 766 2800 igitur
804 2733 987 2802 pisces
1036 2748 1199 2804 aqua,
1248 2742 1301 2790 et
1332 2749 1460 2791 aves
1490 2750 1616 2792 aere
1643 2735 2173 2802 circumcluduntur,

601 2829 653 2875 et
684 2837 807 2876 cum
847 2823 960 2878 sint
991 2824 1045 2878 in
1079 2824 1260 2880 medio
1298 2825 1529 2881 istorum
1567 2828 1986 2894 elementorum,
2023 2842 2177 2899 aquae

605 2922 784 2967 tamen
830 2915 1076 2984 qumdam
1111 2916 1431 2986 superﬁcies
1470 2915 1535 2971 ad
1581 2918 1809 2987 piscem,
1847 2926 1900 2973 et
1934 2918 2075 2973 aeris
2109 2919 2176 2972 ad

600 3003 823 3059 volatile
862 3007 1191 3061 terminatur
1217 3025 1229 3061 :
1255 3008 1337 3062 sic
1372 3023 1598 3063 necesse
1638 3015 1745 3072 est,
1788 3008 1833 3064 si
1884 3007 2028 3065 Deus
2069 3018 2178 3063 ter-

603 3091 751 3146 mino
821 3094 1203 3159 concluditur,
1264 3080 1626 3166 hcterogenea
1687 3098 1922 3166 quadam
1982 3108 2176 3151 natura

601 3183 894 3238 contineri.
923 3187 1015 3240 Est
1061 3186 1205 3239 enim
1236 3185 1381 3257 quod
1420 3187 1664 3242 continet
1694 3195 1948 3243 contento
1977 3188 2175 3256 majus.

2268 2008 2365 2078 τῆς
2405 2006 2551 2070 θείας
2581 2005 2794 2075 φύσεώς
2837 2008 2951 2059 ἐστι
2985 2004 3046 2059 τὸ
3086 2004 3283 2068 παντὸς
3315 2001 3665 2073 ὑπερκεῖσθαι
3698 2016 3839 2067 γνω⁹

2272 2097 2532 2168 ρίσματος
2555 2113 2570 2128 ·
2619 2099 2646 2150 6
2687 2095 2795 2150 τῶν
2832 2097 3248 2168 γινωσκομένων
3296 2112 3349 2148 τι
3395 2094 3484 2146 τὸν
3533 2092 3664 2145 Θεὸν
3706 2086 3841 2142 εἶναι

2268 2185 2541 2255 οἰόμενος,
2578 2183 2653 2248 ὡς
2687 2185 3063 2255 παρατραπεὶς
3099 2183 3207 2237 ἀπὸ
3255 2182 3349 2235 τοῦ
3401 2181 3585 2244 ὄντος,
3624 2178 3759 2249 πρὸς
3785 2176 3842 2230 τὸ

2270 2279 2336 2346 τῇ
2370 2275 2742 2346 καταληπτικῇ
2777 2276 3047 2346 φαντασίᾳ
3083 2274 3334 2345 νομισθὲν
3359 2268 3496 2326 εἶναι
3522 2312 3536 2336 ,
3568 2270 3660 2323 καὶ
3698 2269 3841 2337 ζωὴν

2272 2368 2371 2421 οὐκ
2401 2366 2531 2437 ἔχει.
2556 2367 2628 2419 Τὸ
2654 2367 2762 2437 γὰρ
2793 2367 2959 2430 ὅντως
2986 2366 3066 2428 ὃν,
3093 2367 3126 2437 ἡ
3157 2365 3360 2437 ἀληθής
3379 2365 3494 2417 ἐστι
3514 2363 3625 2433 ζωή
3644 2377 3657 2390 ·
3689 2359 3843 2414 τοῦτο

2272 2457 2330 2510 δὲ
2356 2458 2436 2521 είς
2460 2456 2659 2525 γνῶσιν
2690 2457 2996 2524 ἀνέφικτον.
3038 2457 3101 2509 Ei
3128 2452 3219 2509 οὖν
3249 2454 3567 2526 ὑπερϐαίνει
3600 2451 3695 2523 τὴν
3717 2450 3846 2518 γνῶ-

2277 2564 2358 2601 σιν
2383 2550 2415 2618 ἡ
2445 2547 2702 2612 ζωοποιὸς
2742 2546 2928 2617 φύσις,
2955 2548 3016 2601 τὸ
3052 2546 3599 2617 καταλαμϐανόμενον
3630 2544 3845 2604 πάντως

2277 2638 2388 2709 ζωὴ
2420 2638 2519 2691 ούκ
2550 2637 2695 2691 ἔστιν
2718 2655 2733 2670 ·
2766 2638 2795 2691 δ
2822 2638 2878 2691 δὲ
2921 2640 2993 2709 μή
3020 2639 3135 2691 ἐστι
3163 2638 3275 2707 ζωὴ
3296 2676 3310 2701 ,
3340 2634 3668 2706 παρεκτικδν
3704 2632 3850 2701 γενέ·

2278 2730 2400 2783 σθαι
2435 2729 2612 2800 ζωῆς,
2647 2728 2808 2798 φύσιν
2850 2731 2949 2783 οὐκ
2977 2729 3111 2800 ἔχει.
3152 2727 3290 2782 Οὔτε
3323 2724 3415 2781 οὖν
3443 2725 3744 2797 πληροῦται
3772 2723 3850 2793 τῷ

2276 2822 2500 2875 Μωύσεῖ
2534 2821 2595 2873 τὸ
2628 2819 2956 2891 ποθούμενον
2976 2860 2991 2886 ,
3026 2820 3093 2873 δι’
3125 2815 3199 2873 ὧν
3245 2819 3563 2890 ἀπλήρωτος
3594 2819 3627 2888 ἡ
3669 2814 3856 2868 ἐπιθυ-

2280 2913 2379 2983 μία
2424 2912 2592 2982 μένει.
2626 2911 2944 2966 Παιδεύεται
2980 2912 3088 2983 γὰρ
3129 2911 3217 2964 διὰ
3245 2911 3354 2963 τῶν
3400 2910 3742 2981 εἰρημένων,
3771 2907 3857 2960 ὅτι

2277 3004 2336 3057 τὸ
2371 3003 2521 3057 Θεῖον
2544 3043 2558 3067 ,
2598 3002 2738 3056 κατὰ
2789 3003 2885 3073 τήν
2925 3000 3117 3056 ἑαυτοῦ
3166 3001 3344 3072 φύσιν,
3380 3002 3647 3073 ἀόριστον,
3676 2998 3859 3051 οὐδενὶ

2280 3093 2722 3165 περιειργόμενον
2755 3093 2970 3165 πέρατι.
3001 3094 3062 3145 Ei
3100 3094 3206 3164 γὰρ
3256 3092 3311 3145 ἔν
3338 3110 3443 3146 τινι
3491 3092 3685 3162 πέρατι
3726 3105 3859 3158 νοη-

2281 3185 2399 3254 θείη
2441 3183 2499 3237 τὸ
2541 3185 2712 3249 Θεῖον,
2755 3185 2969 3254 ἀνάγκη
2997 3185 3145 3238 πᾶσα
3175 3184 3270 3238 καὶ
3305 3184 3364 3237 τὸ
3396 3185 3512 3254 μετ’
3536 3184 3709 3236 ἐκεῖνο
3742 3196 3865 3234 συν-

602 3272 945 3345 θεωρηθῆναι
973 3275 1048 3345 τῷ
1082 3276 1317 3348 πέρατι·
1354 3278 1570 3341 πάντως
1618 3278 1725 3350 γὰρ
1754 3278 1834 3340 είς
1864 3295 1917 3330 τι
1967 3278 2263 3349 καταλήγει
2298 3276 2357 3329 τὸ
2390 3273 2790 3346 περατούμενον
2814 3290 2828 3305 ·
2869 3274 3060 3345 ὥσπερ
3094 3275 3360 3348 χερσαίων
3422 3275 3592 3346 πέρας
3653 3276 3683 3327 6
3743 3275 3864 3346 ἀήρ

605 3369 740 3429 ἐστι,
766 3368 986 3422 καὶτῶν
1014 3369 1247 3441 ἐνύδρων
1279 3372 1335 3424 τὸ
1358 3371 1522 3442 ὕδωρ.
1545 3372 1756 3443 ’Ὥσπερ
1782 3368 1874 3426 οὖν
1906 3374 2038 3425 πᾶσι
2070 3376 2181 3435 τοῖς
2227 3371 2392 3442 ὁρίοις
2427 3368 2620 3424 ἑαυτοῦ
2643 3370 2671 3422 6
2712 3370 2809 3440 μὲν
2841 3370 2991 3440 ἰχθυς
3022 3371 3404 3442 ἐμπεριέχεται
3463 3370 3541 3441 τῷ
3573 3370 3746 3433 ὕδατι,
3801 3371 3869 3424 τδ

604 3456 661 3508 δὲ
691 3457 888 3528 πτηνὸν
917 3458 996 3529 τῷ
1024 3460 1144 3531 ἀέρι
1171 3503 1186 3529 ,
1223 3462 1318 3516 καὶ
1354 3463 1515 3533 μέσον
1564 3462 1657 3516 τοῦ
1688 3461 1877 3526 ὕδατος
1910 3463 2045 3534 πρὸς
2082 3463 2141 3517 τὸ
2186 3462 2404 3532 νηκτὸν,
2436 3460 2626 3532 ἢπρδς
2655 3461 2715 3515 τὸ
2776 3461 2975 3533 πτηνὸν
2997 3461 3090 3514 τοῦ
3119 3463 3314 3533 ἀέρος,
3365 3465 3399 3532 ἡ
3434 3463 3579 3533 ἄκρα
3628 3463 3724 3516 τοῦ
3762 3464 3871 3517 πέο

609 3547 769 3617 ρατός
794 3550 938 3603 ἐστιν
964 3551 1334 3623 ἐπιφάνεια,ή
1369 3552 1428 3606 τὸ
1456 3553 1678 3623 πτηνὸν,
1714 3555 1746 3625 ἠ
1778 3554 1867 3607 τὸν
1928 3554 2078 3625 ίχθὺν
2130 3555 2456 3627 περιέχουσα
2483 3592 2499 3616 ,
2545 3552 2612 3623 ἥν
2663 3552 2722 3605 τὺ
2777 3552 2920 3624 ὓδωρ
2969 3552 3000 3622 ἢ
3058 3555 3086 3606 6
3135 3553 3242 3624 ἀὴρ
3283 3553 3614 3624 διαδέχεται·
3684 3553 3875 3618 οὕτως

608 3644 853 3716 ἀνάγκη,
882 3647 1040 3718 εἴπερ
1071 3648 1128 3699 ἐν
1155 3647 1347 3718 πέρατι
1377 3650 1547 3701 νοοῖτο
1586 3654 1646 3702 τδ
1670 3649 1843 3716 Θεῖον,
1870 3649 1948 3720 τῷ
1985 3652 2286 3721 ἑτερογενεί
2318 3647 2459 3702 κατά
2497 3649 2597 3721 τὴν
2635 3647 2794 3717 φύσιν
2829 3647 3283 3719 ἐμπεριέχεσθαι·
3308 3650 3369 3701 τὸ
3424 3648 3481 3702 δέ
3532 3649 3876 3722 ἐμπεριέχον

608 3739 704 3793 τοῦ
735 3740 1203 3814 ἐναπειλημμένου
1241 3743 1633 3799 πολλαπλάσιον
1662 3741 1799 3799 εἶναι
1818 3786 1833 3812 ,
1865 3749 1928 3817 τῇ
1965 3745 2255 3818 ἀκολουθίᾳ
2276 3744 2367 3799 τοῦ
2396 3744 2555 3812 λόγου
2596 3745 2970 3816 μαρτυρεῖται.

685 3834 753 3887 At
795 3848 923 3889 vero
968 3833 1109 3889 Deus
1152 3843 1350 3891 natura
1395 3836 1597 3892 bonum
1631 3854 1753 3895 esse
1803 3842 2125 3897 conceditur
2164 3848 2252 3905 :C,

611 3922 756 3994 quod
786 3932 964 3977 autem
999 3922 1065 3977 ad
1104 3923 1306 3977 bonum
1346 3938 1724 3995 comparatum
1758 3928 2180 4000 lieterogcncum

614 4024 721 4079 est,
748 4028 861 4069 non
885 4014 1111 4078 bonum,
1146 4014 1240 4069 sed
1277 4017 1481 4070 malum
1514 4033 1637 4074 esse
1680 4022 2181 4090 comprehenditur,

616 4113 672 4160 et
698 4115 801 4172 est,
838 4113 897 4161 ut
936 4105 1194 4171 diximus,
1228 4107 1374 4176 quod
1414 4109 1662 4163 continet
1691 4119 1947 4168 contento
1984 4114 2179 4183 majus.

616 4199 798 4265 Quare
825 4199 871 4254 si
904 4198 1139 4254 termino
1173 4197 1314 4256 Deus
1343 4201 1680 4265 continetur,
1711 4218 2053 4275 consequens
2083 4207 2187 4261 erit

622 4289 871 4361 superari
900 4290 1155 4360 vincique
1175 4304 1205 4344 a
1230 4290 1394 4355 malo,
1423 4305 1546 4345 cum
1572 4293 1965 4349 continentium
1996 4295 2078 4349 vis
2122 4312 2186 4350 ea

532 4375 541 4387 “
617 4396 743 4452 qua:
773 4381 1153 4449 continentur,
1183 4388 1495 4452 exsuperet.
1532 4380 1589 4436 ld
1618 4394 1799 4438 autem
1834 4384 1971 4439 adeo
1996 4385 2189 4440 absur-

618 4473 747 4527 dum
777 4483 882 4539 est,
912 4481 973 4528 ut
998 4474 1181 4530 nullus
1207 4490 1447 4546 unquam
1480 4474 1678 4531 mentis
1700 4490 1927 4547 compos
1954 4479 2033 4531 sic
2064 4493 2189 4533 esse

623 4563 884 4633 opinatus
909 4564 997 4619 sit.
1032 4566 1127 4620 Est
1150 4581 1282 4637 ergo
1311 4566 1738 4623 interminabilis
1759 4567 1943 4622 divina
1966 4575 2180 4633 natura,

620 4661 677 4709 et
712 4653 1115 4710 interminabile
1160 4656 1549 4726 comprehendi
1606 4672 1715 4711 non
1766 4664 1969 4728 potest.
2009 4658 2190 4723 Quare

620 4745 717 4814 qui
768 4744 1009 4799 divinam
1060 4746 1527 4816 pulchritudinem
1563 4749 1752 4805 videre
1789 4750 2094 4814 desiderat,
2135 4759 2191 4805 et

622 4836 691 4891 ad
724 4836 777 4890 id
811 4836 1007 4901 tendit,
1039 4836 1095 4890 in
1125 4836 1231 4892 hoc
1259 4854 1426 4896 cursu
1458 4856 1672 4910 semper
1709 4843 1995 4899 consistat.
2032 4841 2099 4896 Et
2137 4842 2192 4897 id

622 4936 710 4985 est
738 4942 867 4982 vere
897 4926 1065 4982 Deum
1099 4927 1284 4985 videre
1305 4972 1320 4995 ,
1354 4940 1414 4984 ut
1444 4946 1723 5002 nunquam
1770 4933 1823 4987 id
1859 4933 2190 4988 desiderium

623 5017 970 5075 terminetur.
1003 5016 1184 5082 Quare
1228 5034 1451 5075 necesse
1485 5031 1587 5085 est,
1626 5030 1686 5076 ut
1718 5037 1842 5078 cum
1889 5024 2191 5088 videamus,

624 5110 769 5165 sicut
798 5110 952 5165 nobis
986 5109 1248 5183 possibile
1280 5119 1400 5176 est,
1434 5114 1640 5183 majore
1667 5114 1889 5169 videndi
1918 5115 2192 5171 desiderio

2367 3837 2527 3891 Ἀλλά
2580 3837 2685 3908 μὴν
2728 3836 2890 3889 καλὸν
2929 3831 3067 3889 εἶναι
3114 3836 3174 3889 τὸ
3212 3835 3363 3889 Θεῖον
3406 3833 3753 3903 ὡμολόγηται
3805 3838 3881 3907 τῇ

2286 3929 2473 3998 φύσει·
2502 3929 2561 3981 τὸ
2595 3929 2651 3982 δὲ
2675 3927 2810 3999 πρὸς
2843 3927 2903 3979 τὸ
2931 3927 3092 3980 καλὸν
3125 3926 3430 3997 ἐτεροφυῶς
3464 3925 3612 3995 ἕχον,
3655 3924 3794 3978 ἄλλο
3826 3945 3887 3980 τι

2286 4017 2439 4089 παρὰ
2470 4017 2529 4071 τὸ
2557 4016 2718 4070 καλὸν
2752 4015 2967 4078 πάντως
3000 4015 3148 4068 ἐστί·
3177 4015 3238 4068 τὸ
3259 4014 3314 4067 δὲ
3343 4013 3447 4080 ἔξω
3476 4013 3568 4066 τοῦ
3593 4012 3795 4078 καλοῦ,
3823 4017 3889 4069 ἐν

2285 4110 2352 4179 τῇ
2402 4107 2495 4162 τοῦ
2545 4106 2714 4161 κακοῦ
2758 4106 2915 4174 φύσει
2963 4104 3457 4176 καταλαμϐάνεται.
3503 4103 3755 4174 Ἐδείχθη
3823 4106 3893 4159 δὲ
3980 4170 3995 4181 δ

2289 4198 2680 4253 πολλαπλάσιον
2721 4193 2860 4250 εἶναι
2911 4194 3006 4248 τοῦ
3058 4188 3542 4266 περιεχομένου’τὸ
3584 4194 3891 4264 περιέχον.

2300 4290 2536 4360 Ἀνάγκη
2568 4285 2661 4343 οὖν
2696 4291 2844 4342 πᾶσα
2871 4327 2886 4352 ,
2915 4289 3041 4352 τοὺς
3074 4288 3131 4340 ἐν
3171 4286 3365 4358 πέρατι
3399 4285 3458 4338 τὸ
3492 4285 3646 4338 Θεῖον
3695 4288 3904 4358 οἰομέ-

2288 4399 2412 4445 νους
2446 4377 2586 4436 εἶναι
2610 4421 2625 4446 ,
2654 4383 2750 4434 καὶ
2782 4378 3238 4450 ἐμπεριειλῆφθαι
3268 4376 3425 4431 τοῦτο
3453 4380 3519 4448 τῇ
3549 4377 3722 4449 κακίᾳ
3753 4396 3907 4432 συν-

2289 4474 2555 4529 τίθεσθαι.
2590 4472 3012 4544 Ἐλαττουμένου
3038 4471 3094 4525 δὲ
3124 4470 3320 4533 παντὸς
3348 4468 3439 4523 τοῦ
3476 4471 3906 4540 περιεχομένου

2289 4569 2387 4635 τῆς
2410 4564 2503 4619 τοῦ
2545 4563 2889 4636 περιέχοντος
2929 4562 3141 4631 φύσεως
3169 4602 3184 4628 ,
3222 4559 3509 4615 ἀκόλουθον
3534 4561 3600 4613 ἂν
3631 4561 3726 4629 εἴη
3789 4563 3906 4633 τὴν

2291 4656 2647 4725 ἐπικράτησιν
2688 4654 2781 4708 τοῦ
2826 4652 3204 4717 πλεονάζοντος
3240 4651 3506 4721 γίνεσθαι.
3539 4650 3758 4705 Οὐκοῦν
3804 4655 3905 4706 δυ.

2292 4746 2645 4800 ναστεύεσθαι
2666 4745 2729 4799 τὸ
2754 4745 2915 4818 καλὸν
2935 4745 3041 4798 ὑπὸ
3061 4744 3153 4797 τοῦ
3185 4743 3426 4797 ἐναντίου
3448 4742 3901 4809 κατασκευάζει,

2291 4841 2319 4892 6
2360 4838 2554 4908 πέρατί
2587 4855 2692 4891 τινι
2719 4838 3044 4909 περιείργων
3081 4836 3140 4890 τὸ
3163 4835 3335 4889 Θείον.
3377 4834 3535 4888 Ἀλλά
3577 4834 3688 4904 μὴν
3717 4835 3909 4891 τοῦτο

2294 4930 2511 4984 ἄτοπον.
2542 4930 2655 4982 Οὺκ
2684 4929 2791 5000 ἄρα
2819 4927 3112 4999 περίληψίς
3148 4944 3233 4989 τις
3259 4928 3358 4997 τῆς
3387 4926 3616 4996 ἀοράτου
3657 4925 3910 4994 φύσεως

2295 5020 2713 5092 νομισθήσεται·
2744 5019 2805 5071 τὸ
2837 5019 2893 5072 δὲ
2921 5014 3755 5089 ἁπερίληπτον,καταληφθῆναι
3792 5018 3914 5087 φύ-

2297 5130 2380 5164 σιν
2410 5112 2510 5164 ούκ
2540 5109 2671 5180 ἔχει.
2721 5109 2878 5162 Ἀλλὰ
2913 5108 3061 5161 πᾶσα
3092 5107 3226 5178 πρὸς
3256 5107 3318 5160 τὸ
3357 5106 3516 5160 καλὸν
3546 5106 3577 5175 ἡ
3607 5106 3917 5179 ἐπιθυμία

623 5200 1071 5268 exardescamus,
1131 5209 1187 5256 et
1250 5201 1332 5256 sic
1393 5203 1578 5261 nullus
1634 5220 1873 5275 unquam
1927 5207 2178 5262 terminus

2299 5206 2331 5275 ἡ
2368 5202 2503 5273 πρὸς
2533 5179 2632 5273 τὴν
2654 5199 2834 5255 ἄνοδον
2855 5200 3068 5270 ἐκείνην
3100 5198 3454 5269 ἐφελκομένη,
3479 5196 3565 5249 ἀεὶ
3588 5196 3673 5267 τῷ
3695 5199 3921 5271 δρόμῳ

627 5290 908 5347 abscindet
935 5292 1094 5348 nobis
1126 5292 1227 5347 iter
1262 5292 1450 5362 hujus,
1488 5311 1611 5350 cum
1645 5312 1823 5366 neque
1860 5297 2035 5368 ipsius
2066 5297 2196 5352 boni

626 5381 901 5439 terminus
943 5382 1145 5454 aliquis
1181 5386 1291 5447 sit,
1329 5400 1429 5440 nec
1464 5386 1687 5441 satietas
1731 5389 1988 5443 desiderii
2034 5388 2199 5458 hujus

628 5472 807 5542 possit
847 5471 982 5527 ﬁeri.
1019 5472 1128 5527 Sed
1174 5475 1424 5543 quisnam
1458 5484 1542 5532 est
1590 5478 1681 5532 ille
1708 5479 1881 5540 locus.
1919 5479 2015 5548 qui
2053 5481 2199 5548 apud

631 5562 801 5617 Deum
833 5579 954 5618 esse
984 5563 1341 5636 intelligitur?
1363 5566 1500 5633 Quis
1531 5569 1619 5623 ille
1647 5569 1823 5639 lapis?
1849 5585 1969 5640 qua:
1997 5578 2079 5625 est
2106 5571 2198 5624 illa

629 5653 906 5724 capacitas
932 5653 985 5707 in
1011 5655 1230 5726 lapide?
1252 5674 1372 5728 qum
1393 5666 1477 5714 est
1507 5659 1595 5714 illa
1622 5675 1816 5715 manus
1848 5659 1963 5727 Dei,
1988 5676 2110 5733 qua:
2135 5676 2198 5719 os

702 5826 745 5859 ⁷ο
778 5824 946 5881 Exod.
986 5844 1174 5895 xxxiii,
1209 5830 1298 5883 20.

2299 5294 2375 5364 τῷ
2408 5295 2543 5365 πρὸς
2576 5292 2635 5345 τὸ
2670 5291 2834 5344 καλὸν
2867 5291 3062 5362 ἱεμένῳ
3094 5289 3539 5344 συνεπιτείνεται.
3568 5290 3687 5342 Καὶ
3727 5292 3937 5348 τοῦτὸ

2300 5388 2445 5438 ἐστιν
2465 5384 2630 5448 ὅντως
2650 5383 2710 5436 τὸ
2730 5383 2855 5436 ίδείν
2878 5382 2968 5435 τὸν
3000 5381 3154 5447 Θεὸν,
3185 5380 3245 5435 τὸ
3271 5380 3534 5452 μηδέποτε
3556 5381 3660 5449 τῆς
3695 5382 3908 5443 ἐπιθυ
3932 5410 3967 5421 ο

2305 5476 2432 5546 μίας
2464 5475 2624 5546 κόρον
2661 5475 2859 5546 εὑρεῖν.
2911 5472 3071 5527 Ἀλλά
3096 5473 3203 5545 χρὴ
3246 5473 3476 5526 πάντοτε
3514 5470 3821 5540 βλέποντα.
3867 5471 3993 5536 δι’

2304 5564 2377 5623 ὧν
2405 5571 2521 5623 ἐστι
2556 5567 2779 5623 δυνατὸν
2809 5568 2962 5639 ὁρᾷν,
3002 5566 3134 5637 πρὸς
3158 5566 3255 5636 τὴν
3287 5565 3381 5618 τοῦ
3417 5564 3575 5617 πλέον
3603 5563 3750 5618 ἰδεῖν
3786 5572 3961 5626 ἐπι-

2306 5658 2505 5730 θυμίαν
2536 5655 2852 5713 ἐκκαίεσθαι
2873 5672 2885 5685 ·
2922 5655 3017 5709 καὶ
3040 5654 3211 5717 οὕτως
3231 5653 3401 5717 οὐδεὶς
3431 5653 3555 5724 ὅρος
3579 5650 3650 5705 ἂν
3702 5656 3933 5714 ἐπικό-
