  <div class='ocr_page' id='page_1' title='image "/cluster/home/n/w/nwhite01/storage/ocr_20150623/44/hvd.32044052767431/210.png"; bbox 0 0 4054 6436; ppageno 0'>
   <div class='ocr_carea' id='block_1_1' title="bbox 309 293 2190 352">
    <p class='ocr_par' dir='ltr' id='par_1_1' title="bbox 309 293 2190 352">
     <span class='ocr_line' id='line_1_1' title="bbox 309 293 2190 352; baseline 0 -2"><span class='ocrx_word' id='word_1_1' title='bbox 309 294 391 350; x_wconf 69' lang='grc' dir='ltr'><strong>ως</strong></span> <span class='ocrx_word' id='word_1_2' title='bbox 1598 293 1686 348; x_wconf 85' lang='lat' dir='ltr'><strong>DE</strong></span> <span class='ocrx_word' id='word_1_3' title='bbox 1728 293 1885 350; x_wconf 79' lang='lat' dir='ltr'><strong>VlTA</strong></span> <span class='ocrx_word' id='word_1_4' title='bbox 1917 293 2058 352; x_wconf 71' lang='lat' dir='ltr'><strong>MOY</strong></span> <span class='ocrx_word' id='word_1_5' title='bbox 2068 294 2190 351; x_wconf 82' lang='lat' dir='ltr'><strong>SIS.</strong></span> 
     </span>
    </p>
   </div>
   <div class='ocr_carea' id='block_1_2' title="bbox 3421 292 3524 351">
    <p class='ocr_par' dir='ltr' id='par_1_2' title="bbox 3421 292 3524 351">
     <span class='ocr_line' id='line_1_2' title="bbox 3421 292 3524 351; baseline 0.039 -4"><span class='ocrx_word' id='word_1_6' title='bbox 3421 292 3524 351; x_wconf 66' lang='lat'><strong>608</strong></span> 
     </span>
    </p>
   </div>
   <div class='ocr_carea' id='block_1_3' title="bbox 307 407 1836 484">
    <p class='ocr_par' dir='ltr' id='par_1_3' title="bbox 307 407 1836 484">
     <span class='ocr_line' id='line_1_3' title="bbox 307 407 1836 484; baseline 0.002 -21"><span class='ocrx_word' id='word_1_7' title='bbox 307 426 406 463; x_wconf 79' lang='grc' dir='ltr'>πτοι</span> <span class='ocrx_word' id='word_1_8' title='bbox 433 410 518 478; x_wconf 78' lang='grc' dir='ltr'>τῆς</span> <span class='ocrx_word' id='word_1_9' title='bbox 543 408 669 479; x_wconf 80' lang='grc' dir='ltr'>πρὸς</span> <span class='ocrx_word' id='word_1_10' title='bbox 706 409 796 463; x_wconf 85' lang='grc' dir='ltr'>τὸν</span> <span class='ocrx_word' id='word_1_11' title='bbox 841 407 976 461; x_wconf 75' lang='grc' dir='ltr'>Θεὸν</span> <span class='ocrx_word' id='word_1_12' title='bbox 1014 408 1201 463; x_wconf 81' lang='grc' dir='ltr'>ἀνόδου</span> <span class='ocrx_word' id='word_1_13' title='bbox 1233 411 1330 479; x_wconf 80' lang='grc' dir='ltr'>τὴν</span> <span class='ocrx_word' id='word_1_14' title='bbox 1362 410 1622 484; x_wconf 79' lang='grc' dir='ltr'>αὔξησιν,</span> <span class='ocrx_word' id='word_1_15' title='bbox 1650 413 1738 466; x_wconf 82' lang='grc' dir='ltr'><strong>διὰ</strong></span> <span class='ocrx_word' id='word_1_16' title='bbox 1779 414 1836 466; x_wconf 83' lang='grc' dir='ltr'>τὸ</span> 
     </span>
    </p>
   </div>
   <div class='ocr_carea' id='block_1_4' title="bbox 1936 407 3523 484">
    <p class='ocr_par' dir='ltr' id='par_1_4' title="bbox 1941 407 3523 483">
     <span class='ocr_line' id='line_1_4' title="bbox 1941 407 3523 483; baseline -0.001 -16"><span class='ocrx_word' id='word_1_17' title='bbox 1941 412 2139 483; x_wconf 88' lang='lat' dir='ltr'><strong>lapidei</strong></span> <span class='ocrx_word' id='word_1_18' title='bbox 2178 408 2467 466; x_wconf 75' lang='lat' dir='ltr'><strong>foraminis</strong></span> <span class='ocrx_word' id='word_1_19' title='bbox 2504 407 2745 465; x_wconf 79' lang='lat' dir='ltr'><strong>retinet?</strong></span> <span class='ocrx_word' id='word_1_20' title='bbox 2776 407 3043 464; x_wconf 87' lang='lat' dir='ltr'><strong>transitus</strong></span> <span class='ocrx_word' id='word_1_21' title='bbox 3079 423 3210 464; x_wconf 90' lang='lat' dir='ltr'><strong>vero</strong></span> <span class='ocrx_word' id='word_1_22' title='bbox 3259 408 3354 465; x_wconf 87' lang='lat' dir='ltr'><strong>Dei</strong></span> <span class='ocrx_word' id='word_1_23' title='bbox 3393 409 3523 480; x_wconf 87' lang='lat' dir='ltr'><strong>quis</strong></span> 
     </span>
    </p>
   </div>
   <div class='ocr_carea' id='block_1_5' title="bbox 308 496 1839 572">
    <p class='ocr_par' dir='ltr' id='par_1_5' title="bbox 308 496 1839 572">
     <span class='ocr_line' id='line_1_5' title="bbox 308 496 1839 572; baseline 0.003 -22"><span class='ocrx_word' id='word_1_24' title='bbox 308 500 418 570; x_wconf 73' lang='grc' dir='ltr'>μήτε</span> <span class='ocrx_word' id='word_1_25' title='bbox 458 496 541 550; x_wconf 85' lang='grc' dir='ltr'><strong>τοῦ</strong></span> <span class='ocrx_word' id='word_1_26' title='bbox 579 497 741 551; x_wconf 86' lang='grc' dir='ltr'>καλοῦ</span> <span class='ocrx_word' id='word_1_27' title='bbox 792 515 844 550; x_wconf 87' lang='grc' dir='ltr'><strong>τι</strong></span> <span class='ocrx_word' id='word_1_28' title='bbox 890 497 1062 569; x_wconf 80' lang='grc' dir='ltr'><strong>πέρας</strong></span> <span class='ocrx_word' id='word_1_29' title='bbox 1103 499 1497 568; x_wconf 73' lang='grc' dir='ltr'>εὑρίσκεσθαι,</span> <span class='ocrx_word' id='word_1_30' title='bbox 1543 502 1679 572; x_wconf 85' lang='grc' dir='ltr'>μήτε</span> <span class='ocrx_word' id='word_1_31' title='bbox 1731 502 1839 554; x_wconf 75' lang='grc' dir='ltr'>τινὶ</span> 
     </span>
    </p>
   </div>
   <div class='ocr_carea' id='block_1_6' title="bbox 306 587 1839 660">
    <p class='ocr_par' dir='ltr' id='par_1_6' title="bbox 306 587 1839 660">
     <span class='ocr_line' id='line_1_6' title="bbox 306 587 1839 660; baseline 0.001 -20"><span class='ocrx_word' id='word_1_32' title='bbox 306 589 425 658; x_wconf 55' lang='grc' dir='ltr'>κόρῳ</span> <span class='ocrx_word' id='word_1_33' title='bbox 448 588 536 658; x_wconf 70' lang='grc' dir='ltr'><strong>τὴν</strong></span> <span class='ocrx_word' id='word_1_34' title='bbox 567 587 787 660; x_wconf 84' lang='grc' dir='ltr'>πρόοδον</span> <span class='ocrx_word' id='word_1_35' title='bbox 818 590 918 658; x_wconf 72' lang='grc' dir='ltr'>τῆς</span> <span class='ocrx_word' id='word_1_36' title='bbox 949 588 1083 658; x_wconf 81' lang='grc' dir='ltr'>πρὸς</span> <span class='ocrx_word' id='word_1_37' title='bbox 1125 590 1186 641; x_wconf 90' lang='grc' dir='ltr'>τὸ</span> <span class='ocrx_word' id='word_1_38' title='bbox 1235 588 1399 641; x_wconf 79' lang='grc' dir='ltr'>καλὸν</span> <span class='ocrx_word' id='word_1_39' title='bbox 1427 588 1721 660; x_wconf 84' lang='grc' dir='ltr'>ὲπιθυμίας</span> <span class='ocrx_word' id='word_1_40' title='bbox 1749 592 1839 642; x_wconf 85' lang='grc' dir='ltr'><strong>ὲκ-</strong></span> 
     </span>
    </p>
   </div>
   <div class='ocr_carea' id='block_1_7' title="bbox 302 677 1840 752">
    <p class='ocr_par' dir='ltr' id='par_1_7' title="bbox 302 677 1840 752">
     <span class='ocr_line' id='line_1_7' title="bbox 302 677 1840 752; baseline 0.001 -18"><span class='ocrx_word' id='word_1_41' title='bbox 302 678 571 734; x_wconf 75' lang='grc' dir='ltr'>κόπτεσθαι.</span> <span class='ocrx_word' id='word_1_42' title='bbox 600 677 759 732; x_wconf 85' lang='grc' dir='ltr'>Ἀλλά</span> <span class='ocrx_word' id='word_1_43' title='bbox 792 680 879 742; x_wconf 86' lang='grc' dir='ltr'><strong>τίς</strong></span> <span class='ocrx_word' id='word_1_44' title='bbox 898 682 927 733; x_wconf 99' lang='lat'><strong>6</strong></span> <span class='ocrx_word' id='word_1_45' title='bbox 945 679 1105 742; x_wconf 83' lang='grc' dir='ltr'>τόπος</span> <span class='ocrx_word' id='word_1_46' title='bbox 1129 680 1357 744; x_wconf 79' lang='grc' dir='ltr'>ἐκεῖνος,</span> <span class='ocrx_word' id='word_1_47' title='bbox 1384 682 1413 734; x_wconf 93' lang='lat'><strong>6</strong></span> <span class='ocrx_word' id='word_1_48' title='bbox 1436 681 1586 752; x_wconf 88' lang='grc' dir='ltr'><strong>παρά</strong></span> <span class='ocrx_word' id='word_1_49' title='bbox 1611 680 1690 752; x_wconf 83' lang='grc' dir='ltr'>τῷ</span> <span class='ocrx_word' id='word_1_50' title='bbox 1721 680 1840 752; x_wconf 83' lang='grc' dir='ltr'><strong>Θεῷ</strong></span> 
     </span>
    </p>
   </div>
   <div class='ocr_carea' id='block_1_8' title="bbox 301 769 1841 844">
    <p class='ocr_par' dir='ltr' id='par_1_8' title="bbox 301 769 1841 844">
     <span class='ocr_line' id='line_1_8' title="bbox 301 769 1841 844; baseline 0 -20"><span class='ocrx_word' id='word_1_51' title='bbox 301 772 580 840; x_wconf 78' lang='grc' dir='ltr'>νοούμενοςς</span> <span class='ocrx_word' id='word_1_52' title='bbox 602 769 685 833; x_wconf 76' lang='grc' dir='ltr'>τῖς</span> <span class='ocrx_word' id='word_1_53' title='bbox 708 769 764 823; x_wconf 76' lang='grc' dir='ltr'>δὲ</span> <span class='ocrx_word' id='word_1_54' title='bbox 785 772 820 841; x_wconf 80' lang='grc' dir='ltr'>ἡ</span> <span class='ocrx_word' id='word_1_55' title='bbox 858 772 1032 841; x_wconf 84' lang='grc' dir='ltr'>πέτρα</span> <span class='ocrx_word' id='word_1_56' title='bbox 1056 788 1070 837; x_wconf 90' lang='lat'><strong>;</strong></span> <span class='ocrx_word' id='word_1_57' title='bbox 1100 772 1190 824; x_wconf 72' lang='grc' dir='ltr'><strong>καὶ</strong></span> <span class='ocrx_word' id='word_1_58' title='bbox 1215 770 1266 822; x_wconf 90' lang='grc' dir='ltr'><strong>τί</strong></span> <span class='ocrx_word' id='word_1_59' title='bbox 1295 771 1457 825; x_wconf 85' lang='grc' dir='ltr'>πάλιν</span> <span class='ocrx_word' id='word_1_60' title='bbox 1480 773 1538 827; x_wconf 82' lang='grc' dir='ltr'>ὲν</span> <span class='ocrx_word' id='word_1_61' title='bbox 1563 775 1629 844; x_wconf 81' lang='grc' dir='ltr'><strong>τῇ</strong></span> <span class='ocrx_word' id='word_1_62' title='bbox 1664 771 1841 844; x_wconf 73' lang='grc' dir='ltr'>πέτρᾳ</span> 
     </span>
    </p>
   </div>
   <div class='ocr_carea' id='block_1_9' title="bbox 298 857 1840 930">
    <p class='ocr_par' dir='ltr' id='par_1_9' title="bbox 298 857 1840 930">
     <span class='ocr_line' id='line_1_9' title="bbox 298 857 1840 930; baseline 0.001 -17"><span class='ocrx_word' id='word_1_63' title='bbox 298 862 346 913; x_wconf 78' lang='grc' dir='ltr'><strong>τὺ</strong></span> <span class='ocrx_word' id='word_1_64' title='bbox 373 858 621 930; x_wconf 72' lang='grc' dir='ltr'>χώρημας</span> <span class='ocrx_word' id='word_1_65' title='bbox 651 859 735 922; x_wconf 88' lang='grc' dir='ltr'><strong>τίς</strong></span> <span class='ocrx_word' id='word_1_66' title='bbox 762 858 820 911; x_wconf 83' lang='grc' dir='ltr'>δὲ</span> <span class='ocrx_word' id='word_1_67' title='bbox 855 861 889 929; x_wconf 84' lang='grc' dir='ltr'><strong>ἡ</strong></span> <span class='ocrx_word' id='word_1_68' title='bbox 937 860 1056 929; x_wconf 72' lang='grc' dir='ltr'>χεὶρ</span> <span class='ocrx_word' id='word_1_69' title='bbox 1097 858 1192 911; x_wconf 85' lang='grc' dir='ltr'><strong>τοῦ</strong></span> <span class='ocrx_word' id='word_1_70' title='bbox 1223 857 1390 923; x_wconf 86' lang='grc' dir='ltr'>Θεοῦ,</span> <span class='ocrx_word' id='word_1_71' title='bbox 1441 861 1474 929; x_wconf 81' lang='grc' dir='ltr'>ἠ</span> <span class='ocrx_word' id='word_1_72' title='bbox 1512 860 1571 912; x_wconf 81' lang='grc' dir='ltr'>τὸ</span> <span class='ocrx_word' id='word_1_73' title='bbox 1621 861 1840 930; x_wconf 88' lang='grc' dir='ltr'>στόμιον</span> 
     </span>
    </p>
   </div>
   <div class='ocr_carea' id='block_1_10' title="bbox 302 947 1837 1021">
    <p class='ocr_par' dir='ltr' id='par_1_10' title="bbox 302 947 1837 1021">
     <span class='ocr_line' id='line_1_10' title="bbox 302 947 1837 1021; baseline 0 -19"><span class='ocrx_word' id='word_1_74' title='bbox 302 948 373 1002; x_wconf 83' lang='grc' dir='ltr'><strong>τοῦ</strong></span> <span class='ocrx_word' id='word_1_75' title='bbox 405 949 569 1001; x_wconf 77' lang='grc' dir='ltr'><strong>κοίλου</strong></span> <span class='ocrx_word' id='word_1_76' title='bbox 596 950 695 1017; x_wconf 85' lang='grc' dir='ltr'>τῆς</span> <span class='ocrx_word' id='word_1_77' title='bbox 722 948 927 1015; x_wconf 80' lang='grc' dir='ltr'><strong>πέτρας</strong></span> <span class='ocrx_word' id='word_1_78' title='bbox 949 948 1390 1018; x_wconf 86' lang='grc' dir='ltr'>διαλαμϐάνουσα</span> <span class='ocrx_word' id='word_1_79' title='bbox 1410 952 1478 1021; x_wconf 76' lang='grc' dir='ltr'>ςὴ</span> <span class='ocrx_word' id='word_1_80' title='bbox 1512 950 1568 1003; x_wconf 81' lang='grc' dir='ltr'>δὲ</span> <span class='ocrx_word' id='word_1_81' title='bbox 1591 948 1686 1003; x_wconf 90' lang='grc' dir='ltr'><strong>τοῦ</strong></span> <span class='ocrx_word' id='word_1_82' title='bbox 1704 947 1837 1003; x_wconf 88' lang='grc' dir='ltr'>Θεοῦ</span> 
     </span>
    </p>
   </div>
   <div class='ocr_carea' id='block_1_11' title="bbox 300 1038 1835 1114">
    <p class='ocr_par' dir='ltr' id='par_1_11' title="bbox 300 1038 1835 1114">
     <span class='ocr_line' id='line_1_11' title="bbox 300 1038 1835 1114; baseline 0.001 -21"><span class='ocrx_word' id='word_1_83' title='bbox 300 1038 491 1110; x_wconf 77' lang='grc' dir='ltr'>πάροδος</span> <span class='ocrx_word' id='word_1_84' title='bbox 519 1038 634 1104; x_wconf 60' lang='lat' dir='ltr'><strong>sig;</strong></span> <span class='ocrx_word' id='word_1_85' title='bbox 658 1040 713 1091; x_wconf 88' lang='grc' dir='ltr'><strong>τί</strong></span> <span class='ocrx_word' id='word_1_86' title='bbox 744 1039 802 1091; x_wconf 83' lang='grc' dir='ltr'>δὲ</span> <span class='ocrx_word' id='word_1_87' title='bbox 832 1038 997 1111; x_wconf 72' lang='grc' dir='ltr'>αὐτοῦ</span> <span class='ocrx_word' id='word_1_88' title='bbox 1028 1038 1087 1092; x_wconf 79' lang='grc' dir='ltr'>τὸ</span> <span class='ocrx_word' id='word_1_89' title='bbox 1119 1040 1382 1107; x_wconf 84' lang='grc' dir='ltr'>ὀπίσθιον,</span> <span class='ocrx_word' id='word_1_90' title='bbox 1416 1041 1551 1114; x_wconf 84' lang='grc' dir='ltr'>ὅπερ</span> <span class='ocrx_word' id='word_1_91' title='bbox 1584 1043 1835 1106; x_wconf 73' lang='grc' dir='ltr'>αἰτήσανο</span> 
     </span>
    </p>
   </div>
   <div class='ocr_carea' id='block_1_12' title="bbox 298 1129 1839 1203">
    <p class='ocr_par' dir='ltr' id='par_1_12' title="bbox 298 1129 1839 1203">
     <span class='ocr_line' id='line_1_12' title="bbox 298 1129 1839 1203; baseline 0 -18"><span class='ocrx_word' id='word_1_92' title='bbox 298 1150 337 1186; x_wconf 80' lang='grc' dir='ltr'><strong>τι</strong></span> <span class='ocrx_word' id='word_1_93' title='bbox 363 1133 430 1203; x_wconf 82' lang='grc' dir='ltr'>τῷ</span> <span class='ocrx_word' id='word_1_94' title='bbox 465 1134 687 1187; x_wconf 77' lang='grc' dir='ltr'>Μωῡσεῖ</span> <span class='ocrx_word' id='word_1_95' title='bbox 717 1132 816 1201; x_wconf 74' lang='grc' dir='ltr'>τὴν</span> <span class='ocrx_word' id='word_1_96' title='bbox 848 1129 990 1185; x_wconf 72' lang='grc' dir='ltr'>κατὰ</span> <span class='ocrx_word' id='word_1_97' title='bbox 1047 1132 1338 1201; x_wconf 85' lang='grc' dir='ltr'>πρόσωπον</span> <span class='ocrx_word' id='word_1_98' title='bbox 1369 1132 1491 1201; x_wconf 64' lang='grc' dir='ltr'>ὄψιν</span> <span class='ocrx_word' id='word_1_99' title='bbox 1517 1174 1532 1199; x_wconf 92' lang='grc'><strong>,</strong></span> <span class='ocrx_word' id='word_1_100' title='bbox 1579 1133 1772 1186; x_wconf 84' lang='grc' dir='ltr'>δώσειν</span> <span class='ocrx_word' id='word_1_101' title='bbox 1811 1134 1839 1185; x_wconf 93' lang='lat'><strong>6</strong></span> 
     </span>
    </p>
   </div>
   <div class='ocr_carea' id='block_1_13' title="bbox 293 1222 1838 1296">
    <p class='ocr_par' dir='ltr' id='par_1_13' title="bbox 293 1222 1838 1296">
     <span class='ocr_line' id='line_1_13' title="bbox 293 1222 1838 1296; baseline -0.001 -17"><span class='ocrx_word' id='word_1_102' title='bbox 293 1226 395 1290; x_wconf 66' lang='grc' dir='ltr'>Θεὸς</span> <span class='ocrx_word' id='word_1_103' title='bbox 417 1223 807 1296; x_wconf 74' lang='grc' dir='ltr'>ὲπηγγείλατος</span> <span class='ocrx_word' id='word_1_104' title='bbox 840 1223 944 1294; x_wconf 84' lang='grc' dir='ltr'>χρὴ</span> <span class='ocrx_word' id='word_1_105' title='bbox 978 1222 1085 1294; x_wconf 77' lang='grc' dir='ltr'><strong>γὰρ</strong></span> <span class='ocrx_word' id='word_1_106' title='bbox 1124 1223 1341 1287; x_wconf 82' lang='grc' dir='ltr'>πάντως</span> <span class='ocrx_word' id='word_1_107' title='bbox 1379 1223 1524 1294; x_wconf 88' lang='grc' dir='ltr'>μέγα</span> <span class='ocrx_word' id='word_1_108' title='bbox 1554 1241 1605 1277; x_wconf 87' lang='grc' dir='ltr'><strong>τι</strong></span> <span class='ocrx_word' id='word_1_109' title='bbox 1636 1224 1838 1277; x_wconf 80' lang='grc' dir='ltr'>τούτων</span> 
     </span>
    </p>
   </div>
   <div class='ocr_carea' id='block_1_14' title="bbox 293 1316 1838 1394">
    <p class='ocr_par' dir='ltr' id='par_1_14' title="bbox 293 1316 1838 1394">
     <span class='ocr_line' id='line_1_14' title="bbox 293 1316 1838 1394; baseline -0.007 -16"><span class='ocrx_word' id='word_1_110' title='bbox 293 1326 483 1378; x_wconf 72' lang='grc' dir='ltr'>ἕκαστον</span> <span class='ocrx_word' id='word_1_111' title='bbox 527 1320 668 1377; x_wconf 77' lang='grc' dir='ltr'>εἶναι</span> <span class='ocrx_word' id='word_1_112' title='bbox 690 1364 706 1388; x_wconf 93' lang='grc'><strong>,</strong></span> <span class='ocrx_word' id='word_1_113' title='bbox 745 1324 840 1376; x_wconf 78' lang='grc' dir='ltr'><strong>καὶ</strong></span> <span class='ocrx_word' id='word_1_114' title='bbox 886 1324 984 1394; x_wconf 81' lang='grc' dir='ltr'>τῆς</span> <span class='ocrx_word' id='word_1_115' title='bbox 1014 1320 1111 1374; x_wconf 78' lang='grc' dir='ltr'><strong>τοῦ</strong></span> <span class='ocrx_word' id='word_1_116' title='bbox 1150 1320 1384 1380; x_wconf 82' lang='grc' dir='ltr'><strong>διδόντος</strong></span> <span class='ocrx_word' id='word_1_117' title='bbox 1429 1316 1838 1388; x_wconf 82' lang='grc' dir='ltr'>μεγαλοδιυρεᾶς</span> 
     </span>
    </p>
   </div>
   <div class='ocr_carea' id='block_1_15' title="bbox 290 1406 1838 1484">
    <p class='ocr_par' dir='ltr' id='par_1_15' title="bbox 290 1406 1838 1484">
     <span class='ocr_line' id='line_1_15' title="bbox 290 1406 1838 1484; baseline -0.01 -12"><span class='ocrx_word' id='word_1_118' title='bbox 290 1414 504 1480; x_wconf 78' lang='grc' dir='ltr'>ἐπάξιον·</span> <span class='ocrx_word' id='word_1_119' title='bbox 542 1414 687 1468; x_wconf 83' lang='grc' dir='ltr'>ὥστε</span> <span class='ocrx_word' id='word_1_120' title='bbox 718 1414 898 1484; x_wconf 78' lang='grc' dir='ltr'>πάσης</span> <span class='ocrx_word' id='word_1_121' title='bbox 940 1415 1037 1483; x_wconf 83' lang='grc' dir='ltr'>τῆς</span> <span class='ocrx_word' id='word_1_122' title='bbox 1064 1410 1362 1481; x_wconf 72' lang='grc' dir='ltr'>γενομένης</span> <span class='ocrx_word' id='word_1_123' title='bbox 1389 1407 1489 1479; x_wconf 72' lang='grc' dir='ltr'><strong>ήδη</strong></span> <span class='ocrx_word' id='word_1_124' title='bbox 1513 1407 1590 1477; x_wconf 80' lang='grc' dir='ltr'><strong>τῷ</strong></span> <span class='ocrx_word' id='word_1_125' title='bbox 1620 1406 1838 1477; x_wconf 84' lang='grc' dir='ltr'>μεγάλῳ</span> 
     </span>
    </p>
   </div>
   <div class='ocr_carea' id='block_1_16' title="bbox 291 1493 1838 1575">
    <p class='ocr_par' dir='ltr' id='par_1_16' title="bbox 291 1493 1838 1575">
     <span class='ocr_line' id='line_1_16' title="bbox 291 1493 1838 1575; baseline -0.009 -16"><span class='ocrx_word' id='word_1_126' title='bbox 291 1505 540 1575; x_wconf 72' lang='grc' dir='ltr'>θεράποντι</span> <span class='ocrx_word' id='word_1_127' title='bbox 575 1503 902 1572; x_wconf 72' lang='grc' dir='ltr'>θεοφανείας</span> <span class='ocrx_word' id='word_1_128' title='bbox 926 1541 941 1565; x_wconf 90' lang='grc'><strong>,</strong></span> <span class='ocrx_word' id='word_1_129' title='bbox 987 1500 1086 1570; x_wconf 78' lang='grc' dir='ltr'>τὴν</span> <span class='ocrx_word' id='word_1_130' title='bbox 1136 1496 1468 1567; x_wconf 77' lang='grc' dir='ltr'>ἐπαγγελίαν</span> <span class='ocrx_word' id='word_1_131' title='bbox 1501 1493 1707 1563; x_wconf 78' lang='grc' dir='ltr'>ταύτην</span> <span class='ocrx_word' id='word_1_132' title='bbox 1743 1510 1838 1565; x_wconf 85' lang='grc' dir='ltr'>με-</span> 
     </span>
    </p>
   </div>
   <div class='ocr_carea' id='block_1_17' title="bbox 290 1582 1832 1664">
    <p class='ocr_par' dir='ltr' id='par_1_17' title="bbox 290 1582 1832 1664">
     <span class='ocr_line' id='line_1_17' title="bbox 290 1582 1832 1664; baseline -0.007 -16"><span class='ocrx_word' id='word_1_133' title='bbox 290 1593 765 1664; x_wconf 81' lang='grc' dir='ltr'>γαλοπρεπεστέραν</span> <span class='ocrx_word' id='word_1_134' title='bbox 819 1608 879 1644; x_wconf 82' lang='grc' dir='ltr'><strong>τε</strong></span> <span class='ocrx_word' id='word_1_135' title='bbox 933 1590 1025 1644; x_wconf 79' lang='grc' dir='ltr'><strong>καὶ</strong></span> <span class='ocrx_word' id='word_1_136' title='bbox 1069 1586 1404 1659; x_wconf 69' lang='grc' dir='ltr'><strong>ὑψηλοτέραν</strong></span> <span class='ocrx_word' id='word_1_137' title='bbox 1463 1582 1832 1638; x_wconf 79' lang='grc' dir='ltr'><strong>πιστεύεσθαι.</strong></span> 
     </span>
    </p>
   </div>
   <div class='ocr_carea' id='block_1_18' title="bbox 290 1677 1837 1752">
    <p class='ocr_par' dir='ltr' id='par_1_18' title="bbox 290 1677 1837 1752">
     <span class='ocr_line' id='line_1_18' title="bbox 290 1677 1837 1752; baseline -0.006 -15"><span class='ocrx_word' id='word_1_138' title='bbox 290 1686 390 1747; x_wconf 60' lang='lat' dir='ltr'><strong>Ilio;</strong></span> <span class='ocrx_word' id='word_1_139' title='bbox 413 1681 497 1738; x_wconf 71' lang='grc' dir='ltr'><strong>οὖν</strong></span> <span class='ocrx_word' id='word_1_140' title='bbox 532 1684 594 1737; x_wconf 81' lang='grc' dir='ltr'>ἄν</span> <span class='ocrx_word' id='word_1_141' title='bbox 627 1700 718 1746; x_wconf 78' lang='grc' dir='ltr'><strong>τις</strong></span> <span class='ocrx_word' id='word_1_142' title='bbox 746 1683 808 1736; x_wconf 65' lang='grc' dir='ltr'>τὸ</span> <span class='ocrx_word' id='word_1_143' title='bbox 841 1681 974 1752; x_wconf 73' lang='grc' dir='ltr'>ὕψος</span> <span class='ocrx_word' id='word_1_144' title='bbox 1004 1682 1062 1734; x_wconf 82' lang='grc' dir='ltr'>τὸ</span> <span class='ocrx_word' id='word_1_145' title='bbox 1088 1683 1152 1734; x_wconf 81' lang='grc' dir='ltr'><strong>ὲκ</strong></span> <span class='ocrx_word' id='word_1_146' title='bbox 1187 1680 1294 1733; x_wconf 82' lang='grc' dir='ltr'><strong>τῶν</strong></span> <span class='ocrx_word' id='word_1_147' title='bbox 1328 1677 1634 1750; x_wconf 79' lang='grc' dir='ltr'><strong>εἰρημένων</strong></span> <span class='ocrx_word' id='word_1_148' title='bbox 1664 1692 1837 1729; x_wconf 85' lang='grc' dir='ltr'>κατα-</span> 
     </span>
    </p>
   </div>
   <div class='ocr_carea' id='block_1_19' title="bbox 291 1754 1908 1847">
    <p class='ocr_par' dir='ltr' id='par_1_19' title="bbox 291 1754 1908 1847">
     <span class='ocr_line' id='line_1_19' title="bbox 291 1754 1908 1847; baseline -0.006 -18"><span class='ocrx_word' id='word_1_149' title='bbox 291 1778 523 1847; x_wconf 76' lang='grc' dir='ltr'>νοήσειεν,</span> <span class='ocrx_word' id='word_1_150' title='bbox 555 1776 645 1844; x_wconf 78' lang='grc' dir='ltr'><strong>ὲφ⁹</strong></span> <span class='ocrx_word' id='word_1_151' title='bbox 672 1769 716 1842; x_wconf 82' lang='grc' dir='ltr'><strong>ᾧ</strong></span> <span class='ocrx_word' id='word_1_152' title='bbox 761 1773 900 1845; x_wconf 85' lang='grc' dir='ltr'>μετὰ</span> <span class='ocrx_word' id='word_1_153' title='bbox 938 1773 1035 1835; x_wconf 79' lang='grc' dir='ltr'>τὰς</span> <span class='ocrx_word' id='word_1_154' title='bbox 1075 1770 1343 1834; x_wconf 79' lang='grc' dir='ltr'>τοσαύτας</span> <span class='ocrx_word' id='word_1_155' title='bbox 1390 1768 1683 1831; x_wconf 89' lang='grc' dir='ltr'>ἀναϐάσεις</span> <span class='ocrx_word' id='word_1_156' title='bbox 1713 1767 1742 1820; x_wconf 82' lang='grc' dir='ltr'>ὅ</span> <span class='ocrx_word' id='word_1_157' title='bbox 1775 1783 1833 1820; x_wconf 87' lang='grc' dir='ltr'><strong>τε</strong></span> <span class='ocrx_word' id='word_1_158' title='bbox 1868 1754 1908 1809; x_wconf 80' lang='grc' dir='ltr'>Β</span> 
     </span>
    </p>
   </div>
   <div class='ocr_carea' id='block_1_20' title="bbox 292 1860 1834 1940">
    <p class='ocr_par' dir='ltr' id='par_1_20' title="bbox 292 1860 1834 1940">
     <span class='ocr_line' id='line_1_20' title="bbox 292 1860 1834 1940; baseline -0.006 -18"><span class='ocrx_word' id='word_1_159' title='bbox 292 1871 485 1940; x_wconf 69' lang='grc' dir='ltr'><strong>Μωῦςῆς</strong></span> <span class='ocrx_word' id='word_1_160' title='bbox 514 1868 789 1938; x_wconf 74' lang='grc' dir='ltr'>ἀναϐῆναι</span> <span class='ocrx_word' id='word_1_161' title='bbox 816 1868 992 1936; x_wconf 83' lang='grc' dir='ltr'>ποθεῖ,</span> <span class='ocrx_word' id='word_1_162' title='bbox 1009 1869 1104 1920; x_wconf 76' lang='grc' dir='ltr'><strong>καὶ</strong></span> <span class='ocrx_word' id='word_1_163' title='bbox 1125 1869 1154 1919; x_wconf 94' lang='lat'><strong>6</strong></span> <span class='ocrx_word' id='word_1_164' title='bbox 1181 1867 1291 1929; x_wconf 83' lang='grc' dir='ltr'>τοῖς</span> <span class='ocrx_word' id='word_1_165' title='bbox 1314 1862 1572 1933; x_wconf 82' lang='grc' dir='ltr'>ἀγαπῶσι</span> <span class='ocrx_word' id='word_1_166' title='bbox 1591 1861 1683 1915; x_wconf 81' lang='grc' dir='ltr'>τὸν</span> <span class='ocrx_word' id='word_1_167' title='bbox 1703 1860 1834 1913; x_wconf 81' lang='grc' dir='ltr'>Θεὸν</span> 
     </span>
    </p>
   </div>
   <div class='ocr_carea' id='block_1_21' title="bbox 292 1950 1837 2030">
    <p class='ocr_par' dir='ltr' id='par_1_21' title="bbox 292 1950 1837 2030">
     <span class='ocr_line' id='line_1_21' title="bbox 292 1950 1837 2030; baseline -0.004 -20"><span class='ocrx_word' id='word_1_168' title='bbox 292 1959 435 2011; x_wconf 71' lang='grc' dir='ltr'>πάντα</span> <span class='ocrx_word' id='word_1_169' title='bbox 456 1958 735 2030; x_wconf 79' lang='grc' dir='ltr'>συνεργῶν</span> <span class='ocrx_word' id='word_1_170' title='bbox 769 1959 850 2020; x_wconf 87' lang='grc' dir='ltr'><strong>εἰς</strong></span> <span class='ocrx_word' id='word_1_171' title='bbox 872 1958 932 2011; x_wconf 75' lang='grc' dir='ltr'>τὸ</span> <span class='ocrx_word' id='word_1_172' title='bbox 968 1955 1169 2026; x_wconf 82' lang='grc' dir='ltr'>ἀγαθὸν</span> <span class='ocrx_word' id='word_1_173' title='bbox 1195 1996 1211 2024; x_wconf 88' lang='grc'><strong>,</strong></span> <span class='ocrx_word' id='word_1_174' title='bbox 1234 1954 1581 2027; x_wconf 79' lang='grc' dir='ltr'>ὲξευμαρίζει</span> <span class='ocrx_word' id='word_1_175' title='bbox 1608 1952 1693 2006; x_wconf 74' lang='grc' dir='ltr'><strong>διὰ</strong></span> <span class='ocrx_word' id='word_1_176' title='bbox 1735 1950 1837 2021; x_wconf 80' lang='grc' dir='ltr'>τῆς</span> 
     </span>
    </p>
   </div>
   <div class='ocr_carea' id='block_1_22' title="bbox 288 2044 1826 2121">
    <p class='ocr_par' dir='ltr' id='par_1_22' title="bbox 288 2044 1826 2121">
     <span class='ocr_line' id='line_1_22' title="bbox 288 2044 1826 2121; baseline -0.005 -19"><span class='ocrx_word' id='word_1_177' title='bbox 288 2049 467 2120; x_wconf 70' lang='grc' dir='ltr'>ὁδηγίας</span> <span class='ocrx_word' id='word_1_178' title='bbox 495 2049 590 2121; x_wconf 82' lang='grc' dir='ltr'>τὴν</span> <span class='ocrx_word' id='word_1_179' title='bbox 615 2048 831 2104; x_wconf 75' lang='grc' dir='ltr'>ἄνοδονσ</span> <span class='ocrx_word' id='word_1_180' title='bbox 852 2070 869 2099; x_wconf 82' lang='grc' dir='ltr'><strong>ι</strong></span> <span class='ocrx_word' id='word_1_181' title='bbox 892 2048 1024 2101; x_wconf 80' lang='grc' dir='ltr'>Ἰδοὺ</span> <span class='ocrx_word' id='word_1_182' title='bbox 1039 2047 1254 2114; x_wconf 77' lang='grc' dir='ltr'>τόπος,›</span> <span class='ocrx_word' id='word_1_183' title='bbox 1277 2047 1428 2117; x_wconf 77' lang='grc' dir='ltr'>φησὶ,</span> <span class='ocrx_word' id='word_1_184' title='bbox 1454 2048 1614 2118; x_wconf 80' lang='grc' dir='ltr'>(παρ’</span> <span class='ocrx_word' id='word_1_185' title='bbox 1634 2044 1777 2115; x_wconf 79' lang='grc' dir='ltr'>ἐμοί.</span> <span class='ocrx_word' id='word_1_186' title='bbox 1808 2062 1826 2094; x_wconf 72' lang='grc' dir='ltr'><strong>ι</strong></span> 
     </span>
    </p>
   </div>
   <div class='ocr_carea' id='block_1_23' title="bbox 274 2136 1828 2211">
    <p class='ocr_par' dir='ltr' id='par_1_23' title="bbox 274 2136 1828 2211">
     <span class='ocr_line' id='line_1_23' title="bbox 274 2136 1828 2211; baseline -0.003 -19"><span class='ocrx_word' id='word_1_187' title='bbox 274 2139 534 2209; x_wconf 71' lang='grc' dir='ltr'>’Σνμδαίνει</span> <span class='ocrx_word' id='word_1_188' title='bbox 583 2143 732 2211; x_wconf 75' lang='grc' dir='ltr'>τάχα</span> <span class='ocrx_word' id='word_1_189' title='bbox 787 2143 901 2202; x_wconf 81' lang='grc' dir='ltr'>τοῖς</span> <span class='ocrx_word' id='word_1_190' title='bbox 946 2137 1480 2210; x_wconf 80' lang='grc' dir='ltr'>προτεθεωρημένοις</span> <span class='ocrx_word' id='word_1_191' title='bbox 1527 2136 1587 2190; x_wconf 86' lang='grc' dir='ltr'>τὸ</span> <span class='ocrx_word' id='word_1_192' title='bbox 1631 2137 1828 2208; x_wconf 80' lang='grc' dir='ltr'>νόημα.</span> 
     </span>
    </p>
   </div>
   <div class='ocr_carea' id='block_1_24' title="bbox 290 2226 1832 2303">
    <p class='ocr_par' dir='ltr' id='par_1_24' title="bbox 290 2226 1832 2303">
     <span class='ocr_line' id='line_1_24' title="bbox 290 2226 1832 2303; baseline -0.003 -19"><span class='ocrx_word' id='word_1_193' title='bbox 290 2232 428 2284; x_wconf 78' lang='grc' dir='ltr'>Τόπον</span> <span class='ocrx_word' id='word_1_194' title='bbox 451 2233 550 2303; x_wconf 71' lang='grc' dir='ltr'><strong>γὰρ</strong></span> <span class='ocrx_word' id='word_1_195' title='bbox 572 2231 757 2285; x_wconf 80' lang='grc' dir='ltr'>εἰπὼν</span> <span class='ocrx_word' id='word_1_196' title='bbox 795 2232 858 2284; x_wconf 79' lang='grc' dir='ltr'>οὐ</span> <span class='ocrx_word' id='word_1_197' title='bbox 891 2230 1194 2302; x_wconf 87' lang='grc' dir='ltr'>περιείργει</span> <span class='ocrx_word' id='word_1_198' title='bbox 1226 2230 1304 2301; x_wconf 82' lang='grc' dir='ltr'>τῷ</span> <span class='ocrx_word' id='word_1_199' title='bbox 1342 2228 1492 2300; x_wconf 83' lang='grc' dir='ltr'>ποσῷ</span> <span class='ocrx_word' id='word_1_200' title='bbox 1531 2226 1594 2281; x_wconf 81' lang='grc' dir='ltr'>τὸ</span> <span class='ocrx_word' id='word_1_201' title='bbox 1622 2226 1832 2280; x_wconf 83' lang='grc' dir='ltr'>δεικνύ-</span> 
     </span>
    </p>
   </div>
   <div class='ocr_carea' id='block_1_25' title="bbox 293 2318 1832 2394">
    <p class='ocr_par' dir='ltr' id='par_1_25' title="bbox 293 2318 1832 2394">
     <span class='ocr_line' id='line_1_25' title="bbox 293 2318 1832 2394; baseline -0.003 -19"><span class='ocrx_word' id='word_1_202' title='bbox 293 2339 418 2390; x_wconf 77' lang='grc' dir='ltr'>μενον</span> <span class='ocrx_word' id='word_1_203' title='bbox 442 2323 544 2393; x_wconf 74' lang='grc' dir='ltr'><strong>(ἐπὶ</strong></span> <span class='ocrx_word' id='word_1_204' title='bbox 570 2324 689 2394; x_wconf 77' lang='grc' dir='ltr'><strong>γάρ</strong></span> <span class='ocrx_word' id='word_1_205' title='bbox 717 2322 811 2376; x_wconf 84' lang='grc' dir='ltr'><strong>τοῦ</strong></span> <span class='ocrx_word' id='word_1_206' title='bbox 843 2321 1048 2376; x_wconf 77' lang='grc' dir='ltr'>ἀπόσου</span> <span class='ocrx_word' id='word_1_207' title='bbox 1095 2322 1288 2393; x_wconf 80' lang='grc' dir='ltr'>μέτρον</span> <span class='ocrx_word' id='word_1_208' title='bbox 1329 2321 1451 2374; x_wconf 82' lang='grc' dir='ltr'><strong>οὐκ-</strong></span> <span class='ocrx_word' id='word_1_209' title='bbox 1479 2319 1667 2388; x_wconf 79' lang='grc' dir='ltr'>ἐστιν),</span> <span class='ocrx_word' id='word_1_210' title='bbox 1697 2318 1832 2372; x_wconf 83' lang='grc' dir='ltr'><strong>ἀλλά</strong></span> 
     </span>
    </p>
   </div>
   <div class='ocr_carea' id='block_1_26' title="bbox 287 2411 1832 2486">
    <p class='ocr_par' dir='ltr' id='par_1_26' title="bbox 287 2411 1832 2486">
     <span class='ocr_line' id='line_1_26' title="bbox 287 2411 1832 2486; baseline -0.003 -20"><span class='ocrx_word' id='word_1_211' title='bbox 287 2416 338 2483; x_wconf 77' lang='grc' dir='ltr'><strong>τῇ</strong></span> <span class='ocrx_word' id='word_1_212' title='bbox 363 2415 655 2486; x_wconf 73' lang='grc' dir='ltr'>παραλήψει</span> <span class='ocrx_word' id='word_1_213' title='bbox 700 2414 803 2483; x_wconf 78' lang='grc' dir='ltr'>τῆς</span> <span class='ocrx_word' id='word_1_214' title='bbox 838 2412 978 2467; x_wconf 83' lang='grc' dir='ltr'><strong>κατά</strong></span> <span class='ocrx_word' id='word_1_215' title='bbox 1000 2413 1061 2466; x_wconf 81' lang='grc' dir='ltr'>τὸ</span> <span class='ocrx_word' id='word_1_216' title='bbox 1100 2413 1295 2484; x_wconf 84' lang='grc' dir='ltr'>μέτρον</span> <span class='ocrx_word' id='word_1_217' title='bbox 1322 2411 1671 2483; x_wconf 78' lang='grc' dir='ltr'>περιγραφῆς</span> <span class='ocrx_word' id='word_1_218' title='bbox 1696 2452 1707 2470; x_wconf 86' lang='grc'><strong>.</strong></span> <span class='ocrx_word' id='word_1_219' title='bbox 1742 2411 1832 2463; x_wconf 65' lang='grc' dir='ltr'>ἐπὶ</span> 
     </span>
    </p>
   </div>
   <div class='ocr_carea' id='block_1_27' title="bbox 289 2503 1829 2577">
    <p class='ocr_par' dir='ltr' id='par_1_27' title="bbox 289 2503 1829 2577">
     <span class='ocr_line' id='line_1_27' title="bbox 289 2503 1829 2577; baseline -0.002 -19"><span class='ocrx_word' id='word_1_220' title='bbox 289 2506 334 2558; x_wconf 72' lang='grc' dir='ltr'><strong>τὸ</strong></span> <span class='ocrx_word' id='word_1_221' title='bbox 354 2507 552 2577; x_wconf 73' lang='grc' dir='ltr'>ἀπειρόν</span> <span class='ocrx_word' id='word_1_222' title='bbox 575 2524 635 2560; x_wconf 86' lang='grc' dir='ltr'><strong>τε</strong></span> <span class='ocrx_word' id='word_1_223' title='bbox 676 2508 768 2560; x_wconf 69' lang='grc' dir='ltr'><strong>καὶ</strong></span> <span class='ocrx_word' id='word_1_224' title='bbox 798 2507 1047 2576; x_wconf 82' lang='grc' dir='ltr'>ἀόριστον</span> <span class='ocrx_word' id='word_1_225' title='bbox 1077 2508 1407 2576; x_wconf 83' lang='grc' dir='ltr'>χειραγωγεῖ</span> <span class='ocrx_word' id='word_1_226' title='bbox 1427 2504 1517 2558; x_wconf 79' lang='grc' dir='ltr'>τὸν</span> <span class='ocrx_word' id='word_1_227' title='bbox 1541 2503 1829 2558; x_wconf 81' lang='grc' dir='ltr'>ἀκούοντα.</span> 
     </span>
    </p>
   </div>
   <div class='ocr_carea' id='block_1_28' title="bbox 286 2594 1832 2664">
    <p class='ocr_par' dir='ltr' id='par_1_28' title="bbox 286 2594 1832 2664">
     <span class='ocr_line' id='line_1_28' title="bbox 286 2594 1832 2664; baseline 0 -17"><span class='ocrx_word' id='word_1_228' title='bbox 286 2598 412 2649; x_wconf 76' lang='grc' dir='ltr'>Δοκεῖ</span> <span class='ocrx_word' id='word_1_229' title='bbox 436 2598 602 2650; x_wconf 84' lang='grc' dir='ltr'>τοίνυν</span> <span class='ocrx_word' id='word_1_230' title='bbox 639 2596 886 2649; x_wconf 76' lang='grc' dir='ltr'>τοιοῦτόν</span> <span class='ocrx_word' id='word_1_231' title='bbox 930 2612 1051 2648; x_wconf 88' lang='grc' dir='ltr'>τινα</span> <span class='ocrx_word' id='word_1_232' title='bbox 1089 2595 1212 2649; x_wconf 83' lang='grc' dir='ltr'>νοῦν</span> <span class='ocrx_word' id='word_1_233' title='bbox 1251 2595 1640 2664; x_wconf 78' lang='grc' dir='ltr'>ὑποσημαίνειν</span> <span class='ocrx_word' id='word_1_234' title='bbox 1680 2595 1709 2647; x_wconf 95' lang='lat'><strong>6</strong></span> <span class='ocrx_word' id='word_1_235' title='bbox 1745 2594 1832 2647; x_wconf 85' lang='grc' dir='ltr'>λό-</span> 
     </span>
    </p>
   </div>
   <div class='ocr_carea' id='block_1_29' title="bbox 286 2683 1829 2759">
    <p class='ocr_par' dir='ltr' id='par_1_29' title="bbox 286 2683 1829 2759">
     <span class='ocr_line' id='line_1_29' title="bbox 286 2683 1829 2759; baseline -0.003 -18"><span class='ocrx_word' id='word_1_236' title='bbox 286 2701 375 2749; x_wconf 62' lang='grc' dir='ltr'>γος*</span> <span class='ocrx_word' id='word_1_237' title='bbox 409 2688 607 2759; x_wconf 81' lang='grc' dir='ltr'>Ἐπειδὴ</span> <span class='ocrx_word' id='word_1_238' title='bbox 643 2704 737 2740; x_wconf 86' lang='grc' dir='ltr'><strong>σοι</strong></span> <span class='ocrx_word' id='word_1_239' title='bbox 768 2687 903 2757; x_wconf 72' lang='grc' dir='ltr'>πρὸς</span> <span class='ocrx_word' id='word_1_240' title='bbox 932 2687 993 2740; x_wconf 74' lang='grc' dir='ltr'>τὸ</span> <span class='ocrx_word' id='word_1_241' title='bbox 1022 2684 1327 2757; x_wconf 78' lang='grc' dir='ltr'>ἔμπροσθεν</span> <span class='ocrx_word' id='word_1_242' title='bbox 1353 2686 1386 2755; x_wconf 77' lang='grc' dir='ltr'>ἠ</span> <span class='ocrx_word' id='word_1_243' title='bbox 1412 2683 1675 2754; x_wconf 76' lang='grc' dir='ltr'>ἐπιθυμία</span> <span class='ocrx_word' id='word_1_244' title='bbox 1706 2702 1829 2738; x_wconf 88' lang='grc' dir='ltr'>συν-</span> 
     </span>
    </p>
   </div>
   <div class='ocr_carea' id='block_1_30' title="bbox 284 2772 1829 2846">
    <p class='ocr_par' dir='ltr' id='par_1_30' title="bbox 284 2772 1829 2846">
     <span class='ocr_line' id='line_1_30' title="bbox 284 2772 1829 2846; baseline 0.001 -21"><span class='ocrx_word' id='word_1_245' title='bbox 284 2774 513 2842; x_wconf 72' lang='grc' dir='ltr'>τέτακται,</span> <span class='ocrx_word' id='word_1_246' title='bbox 551 2777 646 2831; x_wconf 80' lang='grc' dir='ltr'>καί</span> <span class='ocrx_word' id='word_1_247' title='bbox 691 2793 771 2828; x_wconf 82' lang='grc' dir='ltr'><strong>σοι</strong></span> <span class='ocrx_word' id='word_1_248' title='bbox 794 2775 887 2829; x_wconf 89' lang='grc' dir='ltr'><strong>τοῦ</strong></span> <span class='ocrx_word' id='word_1_249' title='bbox 915 2776 1114 2846; x_wconf 82' lang='grc' dir='ltr'>δρόμου</span> <span class='ocrx_word' id='word_1_250' title='bbox 1141 2774 1295 2845; x_wconf 75' lang='grc' dir='ltr'>κόρος</span> <span class='ocrx_word' id='word_1_251' title='bbox 1327 2774 1502 2836; x_wconf 78' lang='grc' dir='ltr'>οὐδεὶς</span> <span class='ocrx_word' id='word_1_252' title='bbox 1521 2813 1534 2836; x_wconf 87' lang='grc'><strong>,</strong></span> <span class='ocrx_word' id='word_1_253' title='bbox 1567 2772 1685 2826; x_wconf 75' lang='grc' dir='ltr'>οὐδέ</span> <span class='ocrx_word' id='word_1_254' title='bbox 1710 2790 1829 2827; x_wconf 87' lang='grc' dir='ltr'>τινα</span> 
     </span>
    </p>
   </div>
   <div class='ocr_carea' id='block_1_31' title="bbox 1942 500 3519 574">
    <p class='ocr_par' dir='ltr' id='par_1_31' title="bbox 1942 500 3519 574">
     <span class='ocr_line' id='line_1_31' title="bbox 1942 500 3519 574; baseline -0.001 -15"><span class='ocrx_word' id='word_1_255' title='bbox 1942 506 2075 561; x_wconf 80' lang='lat' dir='ltr'><strong>est?</strong></span> <span class='ocrx_word' id='word_1_256' title='bbox 2118 513 2212 559; x_wconf 89' lang='lat' dir='ltr'><strong>aut</strong></span> <span class='ocrx_word' id='word_1_257' title='bbox 2264 502 2537 574; x_wconf 73' lang='lat' dir='ltr'><strong>posterius</strong></span> <span class='ocrx_word' id='word_1_258' title='bbox 2580 501 2721 572; x_wconf 83' lang='lat' dir='ltr'><strong>ejus,</strong></span> <span class='ocrx_word' id='word_1_259' title='bbox 2757 502 2902 572; x_wconf 90' lang='lat' dir='ltr'><strong>quod</strong></span> <span class='ocrx_word' id='word_1_260' title='bbox 2948 500 3121 571; x_wconf 83' lang='lat' dir='ltr'><strong>Moysi</strong></span> <span class='ocrx_word' id='word_1_261' title='bbox 3167 501 3363 558; x_wconf 79' lang='lat' dir='ltr'><strong>faciem</strong></span> <span class='ocrx_word' id='word_1_262' title='bbox 3397 503 3519 574; x_wconf 82' lang='lat' dir='ltr'><strong>ejus</strong></span> 
     </span>
    </p>
   </div>
   <div class='ocr_carea' id='block_1_32' title="bbox 1942 593 3520 663">
    <p class='ocr_par' dir='ltr' id='par_1_32' title="bbox 1942 593 3520 663">
     <span class='ocr_line' id='line_1_32' title="bbox 1942 593 3520 663; baseline 0 -13"><span class='ocrx_word' id='word_1_263' title='bbox 1942 596 2050 650; x_wconf 90' lang='lat' dir='ltr'><strong>sibi</strong></span> <span class='ocrx_word' id='word_1_264' title='bbox 2092 604 2153 650; x_wconf 87' lang='lat' dir='ltr'><strong>ut</strong></span> <span class='ocrx_word' id='word_1_265' title='bbox 2196 594 2383 649; x_wconf 90' lang='lat' dir='ltr'><strong>videre</strong></span> <span class='ocrx_word' id='word_1_266' title='bbox 2421 594 2608 649; x_wconf 89' lang='lat' dir='ltr'><strong>liceret</strong></span> <span class='ocrx_word' id='word_1_267' title='bbox 2646 593 2983 663; x_wconf 87' lang='lat' dir='ltr'><strong>postulanti,</strong></span> <span class='ocrx_word' id='word_1_268' title='bbox 3021 594 3420 663; x_wconf 85' lang='lat' dir='ltr'><strong>permissurum</strong></span> <span class='ocrx_word' id='word_1_269' title='bbox 3461 609 3520 650; x_wconf 88' lang='lat' dir='ltr'><strong>se</strong></span> 
     </span>
    </p>
   </div>
   <div class='ocr_carea' id='block_1_33' title="bbox 1941 684 3519 757">
    <p class='ocr_par' dir='ltr' id='par_1_33' title="bbox 1941 684 3519 757">
     <span class='ocr_line' id='line_1_33' title="bbox 1941 684 3519 757; baseline 0.003 -19"><span class='ocrx_word' id='word_1_270' title='bbox 1941 684 2083 741; x_wconf 82' lang='lat' dir='ltr'><strong>Deus</strong></span> <span class='ocrx_word' id='word_1_271' title='bbox 2113 693 2197 741; x_wconf 92' lang='lat' dir='ltr'><strong>est</strong></span> <span class='ocrx_word' id='word_1_272' title='bbox 2228 685 2542 756; x_wconf 86' lang='lat' dir='ltr'><strong>pollicitus?</strong></span> <span class='ocrx_word' id='word_1_273' title='bbox 2567 691 2786 755; x_wconf 80' lang='lat' dir='ltr'><strong>oportet</strong></span> <span class='ocrx_word' id='word_1_274' title='bbox 2810 684 2955 739; x_wconf 90' lang='lat' dir='ltr'><strong>enim</strong></span> <span class='ocrx_word' id='word_1_275' title='bbox 2987 685 3233 754; x_wconf 82' lang='lat' dir='ltr'><strong>profecto</strong></span> <span class='ocrx_word' id='word_1_276' title='bbox 3261 701 3519 757; x_wconf 87' lang='lat' dir='ltr'><strong>magnum</strong></span> 
     </span>
    </p>
   </div>
   <div class='ocr_carea' id='block_1_34' title="bbox 1912 775 3521 847">
    <p class='ocr_par' dir='ltr' id='par_1_34' title="bbox 1912 775 3521 847">
     <span class='ocr_line' id='line_1_34' title="bbox 1912 775 3521 847; baseline 0.002 -18"><span class='ocrx_word' id='word_1_277' title='bbox 1912 776 2071 847; x_wconf 90' lang='lat' dir='ltr'><strong>.quid</strong></span> <span class='ocrx_word' id='word_1_278' title='bbox 2107 777 2534 847; x_wconf 81' lang='lat' dir='ltr'><strong>unumquodque</strong></span> <span class='ocrx_word' id='word_1_279' title='bbox 2576 776 2807 832; x_wconf 88' lang='lat' dir='ltr'><strong>istorum</strong></span> <span class='ocrx_word' id='word_1_280' title='bbox 2844 791 2989 839; x_wconf 88' lang='lat' dir='ltr'><strong>esse,</strong></span> <span class='ocrx_word' id='word_1_281' title='bbox 3030 783 3085 830; x_wconf 86' lang='lat' dir='ltr'><strong>et</strong></span> <span class='ocrx_word' id='word_1_282' title='bbox 3137 775 3245 831; x_wconf 93' lang='lat' dir='ltr'><strong>Deo</strong></span> <span class='ocrx_word' id='word_1_283' title='bbox 3279 776 3521 833; x_wconf 90' lang='lat' dir='ltr'><strong>donante</strong></span> 
     </span>
    </p>
   </div>
   <div class='ocr_carea' id='block_1_35' title="bbox 1939 866 3519 938">
    <p class='ocr_par' dir='ltr' id='par_1_35' title="bbox 1939 866 3519 938">
     <span class='ocr_line' id='line_1_35' title="bbox 1939 866 3519 938; baseline -0.001 -16"><span class='ocrx_word' id='word_1_284' title='bbox 1939 882 2050 922; x_wconf 89' lang='lat' dir='ltr'><strong>non</strong></span> <span class='ocrx_word' id='word_1_285' title='bbox 2090 866 2403 937; x_wconf 82' lang='lat' dir='ltr'><strong>indignum,</strong></span> <span class='ocrx_word' id='word_1_286' title='bbox 2437 867 2511 922; x_wconf 85' lang='lat' dir='ltr'><strong>ita</strong></span> <span class='ocrx_word' id='word_1_287' title='bbox 2558 874 2618 921; x_wconf 92' lang='lat' dir='ltr'><strong>ut</strong></span> <span class='ocrx_word' id='word_1_288' title='bbox 2660 867 2904 922; x_wconf 90' lang='lat' dir='ltr'><strong>omnium</strong></span> <span class='ocrx_word' id='word_1_289' title='bbox 2952 867 3198 931; x_wconf 83' lang='lat' dir='ltr'><strong>visione,</strong></span> <span class='ocrx_word' id='word_1_290' title='bbox 3241 881 3405 938; x_wconf 89' lang='lat' dir='ltr'><strong>quam</strong></span> <span class='ocrx_word' id='word_1_291' title='bbox 3451 867 3519 921; x_wconf 87' lang='lat' dir='ltr'><strong>ad</strong></span> 
     </span>
    </p>
   </div>
   <div class='ocr_carea' id='block_1_36' title="bbox 1941 955 3518 1027">
    <p class='ocr_par' dir='ltr' id='par_1_36' title="bbox 1941 955 3518 1027">
     <span class='ocr_line' id='line_1_36' title="bbox 1941 955 3518 1027; baseline 0.001 -17"><span class='ocrx_word' id='word_1_292' title='bbox 1941 956 2087 1011; x_wconf 91' lang='lat' dir='ltr'><strong>hunc</strong></span> <span class='ocrx_word' id='word_1_293' title='bbox 2114 971 2284 1026; x_wconf 89' lang='lat' dir='ltr'><strong>usque</strong></span> <span class='ocrx_word' id='word_1_294' title='bbox 2307 956 2450 1011; x_wconf 91' lang='lat' dir='ltr'><strong>diem</strong></span> <span class='ocrx_word' id='word_1_295' title='bbox 2466 955 2679 1027; x_wconf 80' lang='lat' dir='ltr'><strong>Moyses</strong></span> <span class='ocrx_word' id='word_1_296' title='bbox 2707 955 2940 1020; x_wconf 82' lang='lat' dir='ltr'><strong>viderat,</strong></span> <span class='ocrx_word' id='word_1_297' title='bbox 2971 956 3145 1026; x_wconf 80' lang='lat' dir='ltr'><strong>major</strong></span> <span class='ocrx_word' id='word_1_298' title='bbox 3168 956 3282 1013; x_wconf 65' lang='lat' dir='ltr'><strong>haec</strong></span> <span class='ocrx_word' id='word_1_299' title='bbox 3314 964 3368 1011; x_wconf 91' lang='lat' dir='ltr'><strong>et</strong></span> <span class='ocrx_word' id='word_1_300' title='bbox 3388 956 3518 1012; x_wconf 87' lang='lat' dir='ltr'><strong>sub-</strong></span> 
     </span>
    </p>
   </div>
   <div class='ocr_carea' id='block_1_37' title="bbox 1940 1046 3520 1117">
    <p class='ocr_par' dir='ltr' id='par_1_37' title="bbox 1940 1046 3520 1117">
     <span class='ocr_line' id='line_1_37' title="bbox 1940 1046 3520 1117; baseline 0.003 -19"><span class='ocrx_word' id='word_1_301' title='bbox 1940 1046 2121 1100; x_wconf 87' lang='lat' dir='ltr'><strong>limior</strong></span> <span class='ocrx_word' id='word_1_302' title='bbox 2166 1046 2316 1102; x_wconf 90' lang='lat' dir='ltr'><strong>credi</strong></span> <span class='ocrx_word' id='word_1_303' title='bbox 2358 1047 2547 1117; x_wconf 86' lang='lat' dir='ltr'><strong>possit.</strong></span> <span class='ocrx_word' id='word_1_304' title='bbox 2611 1046 2896 1112; x_wconf 86' lang='lat' dir='ltr'><strong>Quomodo</strong></span> <span class='ocrx_word' id='word_1_305' title='bbox 2939 1047 3105 1117; x_wconf 81' lang='lat' dir='ltr'><strong>igitur</strong></span> <span class='ocrx_word' id='word_1_306' title='bbox 3148 1048 3366 1103; x_wconf 92' lang='lat' dir='ltr'><strong>illorum</strong></span> <span class='ocrx_word' id='word_1_307' title='bbox 3398 1064 3520 1103; x_wconf 83' lang='lat' dir='ltr'><strong>ver-</strong></span> 
     </span>
    </p>
   </div>
   <div class='ocr_carea' id='block_1_38' title="bbox 1941 1134 3518 1208">
    <p class='ocr_par' dir='ltr' id='par_1_38' title="bbox 1941 1134 3518 1208">
     <span class='ocr_line' id='line_1_38' title="bbox 1941 1134 3518 1208; baseline 0.001 -19"><span class='ocrx_word' id='word_1_308' title='bbox 1941 1134 2133 1189; x_wconf 88' lang='lat' dir='ltr'><strong>borum</strong></span> <span class='ocrx_word' id='word_1_309' title='bbox 2164 1135 2591 1205; x_wconf 82' lang='lat' dir='ltr'><strong>profunditatem</strong></span> <span class='ocrx_word' id='word_1_310' title='bbox 2627 1136 3035 1208; x_wconf 81' lang='lat' dir='ltr'><strong>intelligemus?</strong></span> <span class='ocrx_word' id='word_1_311' title='bbox 3064 1138 3271 1193; x_wconf 78' lang='lat' dir='ltr'><strong>auxilio</strong></span> <span class='ocrx_word' id='word_1_312' title='bbox 3305 1138 3518 1193; x_wconf 86' lang='lat' dir='ltr'><strong>scilicet</strong></span> 
     </span>
    </p>
   </div>
   <div class='ocr_carea' id='block_1_39' title="bbox 1940 1225 3513 1299">
    <p class='ocr_par' dir='ltr' id='par_1_39' title="bbox 1940 1225 3513 1299">
     <span class='ocr_line' id='line_1_39' title="bbox 1940 1225 3513 1299; baseline 0.001 -20"><span class='ocrx_word' id='word_1_313' title='bbox 1940 1225 2109 1291; x_wconf 89' lang='lat' dir='ltr'><strong>illius,</strong></span> <span class='ocrx_word' id='word_1_314' title='bbox 2138 1226 2233 1296; x_wconf 89' lang='lat' dir='ltr'><strong>qui</strong></span> <span class='ocrx_word' id='word_1_315' title='bbox 2279 1234 2333 1282; x_wconf 90' lang='lat' dir='ltr'><strong>et</strong></span> <span class='ocrx_word' id='word_1_316' title='bbox 2366 1226 2575 1298; x_wconf 79' lang='lat' dir='ltr'><strong>Moysi,</strong></span> <span class='ocrx_word' id='word_1_317' title='bbox 2615 1235 2668 1282; x_wconf 90' lang='lat' dir='ltr'><strong>et</strong></span> <span class='ocrx_word' id='word_1_318' title='bbox 2702 1228 2960 1283; x_wconf 88' lang='lat' dir='ltr'><strong>omnibus</strong></span> <span class='ocrx_word' id='word_1_319' title='bbox 3001 1230 3095 1299; x_wconf 90' lang='lat' dir='ltr'><strong>qui</strong></span> <span class='ocrx_word' id='word_1_320' title='bbox 3126 1245 3253 1283; x_wconf 89' lang='lat' dir='ltr'><strong>eum</strong></span> <span class='ocrx_word' id='word_1_321' title='bbox 3295 1238 3513 1293; x_wconf 87' lang='lat' dir='ltr'><strong>amant,</strong></span> 
     </span>
    </p>
   </div>
   <div class='ocr_carea' id='block_1_40' title="bbox 1939 1318 3513 1400">
    <p class='ocr_par' dir='ltr' id='par_1_40' title="bbox 1939 1318 3513 1400">
     <span class='ocr_line' id='line_1_40' title="bbox 1939 1318 3513 1400; baseline 0.002 -29"><span class='ocrx_word' id='word_1_322' title='bbox 1939 1319 2153 1388; x_wconf 81' lang='lat' dir='ltr'><strong>plenam</strong></span> <span class='ocrx_word' id='word_1_323' title='bbox 2212 1318 2278 1373; x_wconf 91' lang='lat' dir='ltr'><strong>ad</strong></span> <span class='ocrx_word' id='word_1_324' title='bbox 2323 1334 2486 1376; x_wconf 91' lang='lat' dir='ltr'><strong>omne</strong></span> <span class='ocrx_word' id='word_1_325' title='bbox 2540 1319 2743 1375; x_wconf 87' lang='lat' dir='ltr'><strong>bonum</strong></span> <span class='ocrx_word' id='word_1_326' title='bbox 2796 1321 2941 1374; x_wconf 86' lang='lat' dir='ltr'><strong>viam</strong></span> <span class='ocrx_word' id='word_1_327' title='bbox 2999 1322 3138 1376; x_wconf 90' lang='lat' dir='ltr'><strong>solet</strong></span> <span class='ocrx_word' id='word_1_328' title='bbox 3192 1330 3513 1400; x_wconf 54' lang='lat' dir='ltr'><strong>praestare;</strong></span> 
     </span>
    </p>
   </div>
   <div class='ocr_carea' id='block_1_41' title="bbox 1944 1405 3515 1478">
    <p class='ocr_par' dir='ltr' id='par_1_41' title="bbox 1944 1405 3515 1478">
     <span class='ocr_line' id='line_1_41' title="bbox 1944 1405 3515 1478; baseline 0.003 -20"><span class='ocrx_word' id='word_1_329' title='bbox 1944 1426 1962 1458; x_wconf 78' lang='grc' dir='ltr'><strong>ι</strong></span> <span class='ocrx_word' id='word_1_330' title='bbox 2000 1405 2160 1474; x_wconf 86' lang='lat' dir='ltr'><strong>Ecce,</strong></span> <span class='ocrx_word' id='word_1_331' title='bbox 2213 1426 2233 1459; x_wconf 77' lang='grc' dir='ltr'><strong>ι</strong></span> <span class='ocrx_word' id='word_1_332' title='bbox 2273 1407 2474 1478; x_wconf 86' lang='lat' dir='ltr'><strong>inquit,</strong></span> <span class='ocrx_word' id='word_1_333' title='bbox 2522 1426 2539 1459; x_wconf 78' lang='grc' dir='ltr'><strong>ι</strong></span> <span class='ocrx_word' id='word_1_334' title='bbox 2576 1409 2731 1463; x_wconf 90' lang='lat' dir='ltr'><strong>locus</strong></span> <span class='ocrx_word' id='word_1_335' title='bbox 2772 1409 2917 1478; x_wconf 90' lang='lat' dir='ltr'><strong>apud</strong></span> <span class='ocrx_word' id='word_1_336' title='bbox 2951 1424 3039 1464; x_wconf 85' lang='lat' dir='ltr'><strong>me</strong></span> <span class='ocrx_word' id='word_1_337' title='bbox 3064 1410 3132 1462; x_wconf 85' lang='grc'><strong>⁷¹.</strong></span> <span class='ocrx_word' id='word_1_338' title='bbox 3172 1428 3191 1461; x_wconf 70' lang='grc' dir='ltr'><strong>ι</strong></span> <span class='ocrx_word' id='word_1_339' title='bbox 3225 1408 3385 1475; x_wconf 73' lang='lat' dir='ltr'><strong>Quod</strong></span> <span class='ocrx_word' id='word_1_340' title='bbox 3433 1409 3515 1464; x_wconf 85' lang='lat' dir='ltr'><strong>sic</strong></span> 
     </span>
    </p>
   </div>
   <div class='ocr_carea' id='block_1_42' title="bbox 1937 1494 3511 1567">
    <p class='ocr_par' dir='ltr' id='par_1_42' title="bbox 1937 1494 3511 1567">
     <span class='ocr_line' id='line_1_42' title="bbox 1937 1494 3511 1567; baseline 0.001 -18"><span class='ocrx_word' id='word_1_341' title='bbox 1937 1494 2355 1566; x_wconf 82' lang='lat' dir='ltr'><strong>intelligendum</strong></span> <span class='ocrx_word' id='word_1_342' title='bbox 2395 1504 2499 1560; x_wconf 87' lang='lat' dir='ltr'><strong>est.</strong></span> <span class='ocrx_word' id='word_1_343' title='bbox 2537 1496 2686 1567; x_wconf 86' lang='lat' dir='ltr'><strong>quod</strong></span> <span class='ocrx_word' id='word_1_344' title='bbox 2720 1497 2905 1561; x_wconf 89' lang='lat' dir='ltr'><strong>abiis,</strong></span> <span class='ocrx_word' id='word_1_345' title='bbox 2941 1512 3064 1567; x_wconf 69' lang='lat' dir='ltr'><strong>qua:</strong></span> <span class='ocrx_word' id='word_1_346' title='bbox 3095 1513 3222 1552; x_wconf 77' lang='lat' dir='ltr'><strong>mox</strong></span> <span class='ocrx_word' id='word_1_347' title='bbox 3251 1497 3511 1560; x_wconf 81' lang='lat' dir='ltr'><strong>diximus,</strong></span> 
     </span>
    </p>
   </div>
   <div class='ocr_carea' id='block_1_43' title="bbox 1938 1587 3513 1658">
    <p class='ocr_par' dir='ltr' id='par_1_43' title="bbox 1938 1587 3513 1658">
     <span class='ocr_line' id='line_1_43' title="bbox 1938 1587 3513 1658; baseline 0.003 -18"><span class='ocrx_word' id='word_1_348' title='bbox 1938 1602 2049 1642; x_wconf 88' lang='lat' dir='ltr'><strong>non</strong></span> <span class='ocrx_word' id='word_1_349' title='bbox 2077 1588 2148 1642; x_wconf 90' lang='lat' dir='ltr'><strong>sit</strong></span> <span class='ocrx_word' id='word_1_350' title='bbox 2176 1587 2435 1643; x_wconf 89' lang='lat' dir='ltr'><strong>alienum.</strong></span> <span class='ocrx_word' id='word_1_351' title='bbox 2466 1587 2671 1643; x_wconf 87' lang='lat' dir='ltr'><strong>Locum</strong></span> <span class='ocrx_word' id='word_1_352' title='bbox 2702 1588 2872 1658; x_wconf 81' lang='lat' dir='ltr'><strong>igitur</strong></span> <span class='ocrx_word' id='word_1_353' title='bbox 2902 1587 3055 1652; x_wconf 89' lang='lat' dir='ltr'><strong>dicit,</strong></span> <span class='ocrx_word' id='word_1_354' title='bbox 3080 1603 3191 1644; x_wconf 89' lang='lat' dir='ltr'><strong>non</strong></span> <span class='ocrx_word' id='word_1_355' title='bbox 3222 1589 3513 1656; x_wconf 81' lang='lat' dir='ltr'><strong>superﬁcie</strong></span> 
     </span>
    </p>
   </div>
   <div class='ocr_carea' id='block_1_44' title="bbox 1938 1678 3513 1751">
    <p class='ocr_par' dir='ltr' id='par_1_44' title="bbox 1938 1678 3513 1751">
     <span class='ocr_line' id='line_1_44' title="bbox 1938 1678 3513 1751; baseline 0.003 -19"><span class='ocrx_word' id='word_1_356' title='bbox 1938 1679 2357 1746; x_wconf 77' lang='lat' dir='ltr'><strong>circumfusum,</strong></span> <span class='ocrx_word' id='word_1_357' title='bbox 2391 1694 2493 1735; x_wconf 87' lang='lat' dir='ltr'><strong>nec</strong></span> <span class='ocrx_word' id='word_1_358' title='bbox 2525 1680 2833 1750; x_wconf 82' lang='lat' dir='ltr'><strong>quantitate</strong></span> <span class='ocrx_word' id='word_1_359' title='bbox 2863 1678 2972 1735; x_wconf 90' lang='lat' dir='ltr'><strong>ulla</strong></span> <span class='ocrx_word' id='word_1_360' title='bbox 2996 1679 3332 1751; x_wconf 83' lang='lat' dir='ltr'><strong>descriptum</strong></span> <span class='ocrx_word' id='word_1_361' title='bbox 3367 1680 3385 1751; x_wconf 92' lang='lat'><strong>(</strong></span> <span class='ocrx_word' id='word_1_362' title='bbox 3413 1695 3513 1737; x_wconf 89' lang='lat' dir='ltr'><strong>nec</strong></span> 
     </span>
    </p>
   </div>
   <div class='ocr_carea' id='block_1_45' title="bbox 1934 1772 3508 1846">
    <p class='ocr_par' dir='ltr' id='par_1_45' title="bbox 1934 1772 3508 1846">
     <span class='ocr_line' id='line_1_45' title="bbox 1934 1772 3508 1846; baseline 0 -18"><span class='ocrx_word' id='word_1_363' title='bbox 1934 1773 2080 1828; x_wconf 90' lang='lat' dir='ltr'><strong>enim</strong></span> <span class='ocrx_word' id='word_1_364' title='bbox 2119 1781 2204 1829; x_wconf 90' lang='lat' dir='ltr'><strong>est</strong></span> <span class='ocrx_word' id='word_1_365' title='bbox 2246 1774 2302 1828; x_wconf 91' lang='lat' dir='ltr'><strong>in</strong></span> <span class='ocrx_word' id='word_1_366' title='bbox 2350 1775 2622 1829; x_wconf 87' lang='lat' dir='ltr'><strong>immenso</strong></span> <span class='ocrx_word' id='word_1_367' title='bbox 2668 1773 3095 1846; x_wconf 87' lang='lat' dir='ltr'><strong>mensura;(sed</strong></span> <span class='ocrx_word' id='word_1_368' title='bbox 3132 1772 3201 1827; x_wconf 89' lang='lat' dir='ltr'><strong>ad</strong></span> <span class='ocrx_word' id='word_1_369' title='bbox 3234 1772 3508 1828; x_wconf 79' lang='lat' dir='ltr'><strong>inﬁnitum</strong></span> 
     </span>
    </p>
   </div>
   <div class='ocr_carea' id='block_1_46' title="bbox 1936 1863 3509 1934">
    <p class='ocr_par' dir='ltr' id='par_1_46' title="bbox 1936 1863 3509 1934">
     <span class='ocr_line' id='line_1_46' title="bbox 1936 1863 3509 1934; baseline 0 -15"><span class='ocrx_word' id='word_1_370' title='bbox 1936 1872 2101 1934; x_wconf 90' lang='lat' dir='ltr'><strong>atque</strong></span> <span class='ocrx_word' id='word_1_371' title='bbox 2129 1865 2534 1921; x_wconf 87' lang='lat' dir='ltr'><strong>interminabile</strong></span> <span class='ocrx_word' id='word_1_372' title='bbox 2561 1865 2668 1919; x_wconf 93' lang='lat' dir='ltr'><strong>loci</strong></span> <span class='ocrx_word' id='word_1_373' title='bbox 2695 1864 2938 1927; x_wconf 89' lang='lat' dir='ltr'><strong>nomine.</strong></span> <span class='ocrx_word' id='word_1_374' title='bbox 2961 1863 3056 1934; x_wconf 91' lang='lat' dir='ltr'><strong>qui</strong></span> <span class='ocrx_word' id='word_1_375' title='bbox 3083 1863 3509 1934; x_wconf 82' lang='lat' dir='ltr'><strong>circumscripta</strong></span> 
     </span>
    </p>
   </div>
   <div class='ocr_carea' id='block_1_47' title="bbox 1935 1953 3511 2025">
    <p class='ocr_par' dir='ltr' id='par_1_47' title="bbox 1935 1953 3511 2025">
     <span class='ocr_line' id='line_1_47' title="bbox 1935 1953 3511 2025; baseline 0.001 -16"><span class='ocrx_word' id='word_1_376' title='bbox 1935 1970 2193 2010; x_wconf 85' lang='lat' dir='ltr'><strong>mensura</strong></span> <span class='ocrx_word' id='word_1_377' title='bbox 2220 1955 2570 2018; x_wconf 87' lang='lat' dir='ltr'><strong>terminatur,</strong></span> <span class='ocrx_word' id='word_1_378' title='bbox 2602 1954 2911 2010; x_wconf 89' lang='lat' dir='ltr'><strong>auditorem</strong></span> <span class='ocrx_word' id='word_1_379' title='bbox 2932 1953 3180 2024; x_wconf 79' lang='lat' dir='ltr'><strong>deduxit;</strong></span> <span class='ocrx_word' id='word_1_380' title='bbox 3206 1956 3351 2010; x_wconf 90' lang='lat' dir='ltr'><strong>hunc</strong></span> <span class='ocrx_word' id='word_1_381' title='bbox 3377 1970 3511 2025; x_wconf 82' lang='lat' dir='ltr'><strong>ergo</strong></span> 
     </span>
    </p>
   </div>
   <div class='ocr_carea' id='block_1_48' title="bbox 1935 2046 3507 2111">
    <p class='ocr_par' dir='ltr' id='par_1_48' title="bbox 1935 2046 3507 2111">
     <span class='ocr_line' id='line_1_48' title="bbox 1935 2046 3507 2111; baseline -0.004 -6"><span class='ocrx_word' id='word_1_382' title='bbox 1935 2062 2161 2105; x_wconf 88' lang='lat' dir='ltr'><strong>sensum</strong></span> <span class='ocrx_word' id='word_1_383' title='bbox 2196 2047 2593 2104; x_wconf 87' lang='lat' dir='ltr'><strong>subostendere</strong></span> <span class='ocrx_word' id='word_1_384' title='bbox 2627 2047 2760 2101; x_wconf 91' lang='lat' dir='ltr'><strong>mihi</strong></span> <span class='ocrx_word' id='word_1_385' title='bbox 2794 2046 3031 2103; x_wconf 85' lang='lat' dir='ltr'><strong>videtur:</strong></span> <span class='ocrx_word' id='word_1_386' title='bbox 3067 2046 3339 2111; x_wconf 78' lang='lat' dir='ltr'><strong>Quoniam</strong></span> <span class='ocrx_word' id='word_1_387' title='bbox 3386 2046 3507 2109; x_wconf 89' lang='lat' dir='ltr'><strong>tibi,</strong></span> 
     </span>
    </p>
   </div>
   <div class='ocr_carea' id='block_1_49' title="bbox 1935 2135 3513 2210">
    <p class='ocr_par' dir='ltr' id='par_1_49' title="bbox 1935 2135 3513 2210">
     <span class='ocr_line' id='line_1_49' title="bbox 1935 2135 3513 2210; baseline -0.001 -18"><span class='ocrx_word' id='word_1_388' title='bbox 1935 2137 2174 2210; x_wconf 81' lang='lat' dir='ltr'><strong>Moyses,</strong></span> <span class='ocrx_word' id='word_1_389' title='bbox 2203 2138 2271 2192; x_wconf 93' lang='lat' dir='ltr'><strong>ad</strong></span> <span class='ocrx_word' id='word_1_390' title='bbox 2303 2138 2578 2194; x_wconf 87' lang='lat' dir='ltr'><strong>anteriora</strong></span> <span class='ocrx_word' id='word_1_391' title='bbox 2612 2136 2872 2209; x_wconf 79' lang='lat' dir='ltr'><strong>pergendi</strong></span> <span class='ocrx_word' id='word_1_392' title='bbox 2900 2152 3114 2208; x_wconf 87' lang='lat' dir='ltr'><strong>semper</strong></span> <span class='ocrx_word' id='word_1_393' title='bbox 3141 2137 3337 2209; x_wconf 88' lang='lat' dir='ltr'><strong>ingens</strong></span> <span class='ocrx_word' id='word_1_394' title='bbox 3366 2135 3513 2192; x_wconf 83' lang='lat' dir='ltr'><strong>desi-</strong></span> 
     </span>
    </p>
   </div>
   <div class='ocr_carea' id='block_1_50' title="bbox 1933 2227 3511 2301">
    <p class='ocr_par' dir='ltr' id='par_1_50' title="bbox 1933 2227 3511 2301">
     <span class='ocr_line' id='line_1_50' title="bbox 1933 2227 3511 2301; baseline -0.003 -14"><span class='ocrx_word' id='word_1_395' title='bbox 1933 2231 2146 2287; x_wconf 89' lang='lat' dir='ltr'><strong>derium</strong></span> <span class='ocrx_word' id='word_1_396' title='bbox 2175 2242 2278 2295; x_wconf 88' lang='lat' dir='ltr'><strong>est,</strong></span> <span class='ocrx_word' id='word_1_397' title='bbox 2315 2246 2417 2287; x_wconf 92' lang='lat' dir='ltr'><strong>nec</strong></span> <span class='ocrx_word' id='word_1_398' title='bbox 2455 2231 2567 2285; x_wconf 89' lang='lat' dir='ltr'><strong>ullo</strong></span> <span class='ocrx_word' id='word_1_399' title='bbox 2596 2230 2761 2301; x_wconf 81' lang='lat' dir='ltr'><strong>hujus</strong></span> <span class='ocrx_word' id='word_1_400' title='bbox 2789 2245 2987 2286; x_wconf 90' lang='lat' dir='ltr'><strong>cursus</strong></span> <span class='ocrx_word' id='word_1_401' title='bbox 3024 2230 3207 2284; x_wconf 86' lang='lat' dir='ltr'><strong>labore</strong></span> <span class='ocrx_word' id='word_1_402' title='bbox 3240 2227 3511 2300; x_wconf 82' lang='lat' dir='ltr'><strong>defatiga-</strong></span> 
     </span>
    </p>
   </div>
   <div class='ocr_carea' id='block_1_51' title="bbox 1932 2321 3508 2395">
    <p class='ocr_par' dir='ltr' id='par_1_51' title="bbox 1932 2321 3508 2395">
     <span class='ocr_line' id='line_1_51' title="bbox 1932 2321 3508 2395; baseline -0.004 -15"><span class='ocrx_word' id='word_1_403' title='bbox 1932 2325 2030 2390; x_wconf 89' lang='lat' dir='ltr'><strong>ris,</strong></span> <span class='ocrx_word' id='word_1_404' title='bbox 2057 2340 2158 2380; x_wconf 91' lang='lat' dir='ltr'><strong>nec</strong></span> <span class='ocrx_word' id='word_1_405' title='bbox 2179 2325 2472 2380; x_wconf 90' lang='lat' dir='ltr'><strong>terminum</strong></span> <span class='ocrx_word' id='word_1_406' title='bbox 2498 2323 2663 2395; x_wconf 90' lang='lat' dir='ltr'><strong>hujus</strong></span> <span class='ocrx_word' id='word_1_407' title='bbox 2689 2322 3018 2393; x_wconf 89' lang='lat' dir='ltr'><strong>assequendi</strong></span> <span class='ocrx_word' id='word_1_408' title='bbox 3044 2322 3172 2378; x_wconf 88' lang='lat' dir='ltr'><strong>boni</strong></span> <span class='ocrx_word' id='word_1_409' title='bbox 3196 2321 3508 2383; x_wconf 88' lang='lat' dir='ltr'><strong>constituis.</strong></span> 
     </span>
    </p>
   </div>
   <div class='ocr_carea' id='block_1_52' title="bbox 1937 2413 3513 2487">
    <p class='ocr_par' dir='ltr' id='par_1_52' title="bbox 1937 2413 3513 2487">
     <span class='ocr_line' id='line_1_52' title="bbox 1937 2413 3513 2487; baseline -0.003 -15"><span class='ocrx_word' id='word_1_410' title='bbox 1937 2416 2036 2472; x_wconf 88' lang='lat' dir='ltr'><strong>sed</strong></span> <span class='ocrx_word' id='word_1_411' title='bbox 2081 2431 2299 2487; x_wconf 89' lang='lat' dir='ltr'><strong>semper</strong></span> <span class='ocrx_word' id='word_1_412' title='bbox 2352 2415 2534 2470; x_wconf 85' lang='lat' dir='ltr'><strong>inhias</strong></span> <span class='ocrx_word' id='word_1_413' title='bbox 2571 2414 2639 2469; x_wconf 87' lang='lat' dir='ltr'><strong>ad</strong></span> <span class='ocrx_word' id='word_1_414' title='bbox 2685 2415 2934 2484; x_wconf 88' lang='lat' dir='ltr'><strong>majora,</strong></span> <span class='ocrx_word' id='word_1_415' title='bbox 2971 2413 3117 2469; x_wconf 83' lang='lat' dir='ltr'><strong>scias</strong></span> <span class='ocrx_word' id='word_1_416' title='bbox 3147 2420 3358 2467; x_wconf 91' lang='lat' dir='ltr'><strong>tantum</strong></span> <span class='ocrx_word' id='word_1_417' title='bbox 3389 2427 3513 2468; x_wconf 87' lang='lat' dir='ltr'><strong>esse</strong></span> 
     </span>
    </p>
   </div>
   <div class='ocr_carea' id='block_1_53' title="bbox 1937 2502 3509 2576">
    <p class='ocr_par' dir='ltr' id='par_1_53' title="bbox 1937 2502 3509 2576">
     <span class='ocr_line' id='line_1_53' title="bbox 1937 2502 3509 2576; baseline -0.003 -17"><span class='ocrx_word' id='word_1_418' title='bbox 1937 2506 2080 2576; x_wconf 88' lang='lat' dir='ltr'><strong>apud</strong></span> <span class='ocrx_word' id='word_1_419' title='bbox 2114 2521 2201 2561; x_wconf 91' lang='lat' dir='ltr'><strong>me</strong></span> <span class='ocrx_word' id='word_1_420' title='bbox 2247 2506 2530 2571; x_wconf 90' lang='lat' dir='ltr'><strong>locum,ut</strong></span> <span class='ocrx_word' id='word_1_421' title='bbox 2549 2519 2831 2575; x_wconf 87' lang='lat' dir='ltr'><strong>nunquam</strong></span> <span class='ocrx_word' id='word_1_422' title='bbox 2862 2503 3156 2560; x_wconf 89' lang='lat' dir='ltr'><strong>terminum</strong></span> <span class='ocrx_word' id='word_1_423' title='bbox 3188 2502 3311 2572; x_wconf 91' lang='lat' dir='ltr'><strong>ejus</strong></span> <span class='ocrx_word' id='word_1_424' title='bbox 3341 2517 3509 2557; x_wconf 90' lang='lat' dir='ltr'><strong>cursu</strong></span> 
     </span>
    </p>
   </div>
   <div class='ocr_carea' id='block_1_54' title="bbox 1936 2593 3512 2666">
    <p class='ocr_par' dir='ltr' id='par_1_54' title="bbox 1936 2593 3512 2666">
     <span class='ocr_line' id='line_1_54' title="bbox 1936 2593 3512 2666; baseline -0.001 -17"><span class='ocrx_word' id='word_1_425' title='bbox 1936 2605 2031 2650; x_wconf 87' lang='lat' dir='ltr'><strong>aut</strong></span> <span class='ocrx_word' id='word_1_426' title='bbox 2060 2596 2243 2650; x_wconf 89' lang='lat' dir='ltr'><strong>volatu</strong></span> <span class='ocrx_word' id='word_1_427' title='bbox 2276 2596 2461 2666; x_wconf 90' lang='lat' dir='ltr'><strong>aliquo</strong></span> <span class='ocrx_word' id='word_1_428' title='bbox 2482 2610 2653 2665; x_wconf 86' lang='lat' dir='ltr'><strong>queas</strong></span> <span class='ocrx_word' id='word_1_429' title='bbox 2679 2595 2964 2650; x_wconf 88' lang='lat' dir='ltr'><strong>invenire:</strong></span> <span class='ocrx_word' id='word_1_430' title='bbox 2994 2593 3086 2649; x_wconf 95' lang='lat' dir='ltr'><strong>hic</strong></span> <span class='ocrx_word' id='word_1_431' title='bbox 3110 2600 3291 2649; x_wconf 88' lang='lat' dir='ltr'><strong>autem</strong></span> <span class='ocrx_word' id='word_1_432' title='bbox 3315 2608 3512 2647; x_wconf 89' lang='lat' dir='ltr'><strong>cursus</strong></span> 
     </span>
    </p>
   </div>
   <div class='ocr_carea' id='block_1_55' title="bbox 1939 2680 3510 2756">
    <p class='ocr_par' dir='ltr' id='par_1_55' title="bbox 1939 2680 3510 2756">
     <span class='ocr_line' id='line_1_55' title="bbox 1939 2680 3510 2756; baseline -0.003 -17"><span class='ocrx_word' id='word_1_433' title='bbox 1939 2694 2103 2756; x_wconf 80' lang='lat' dir='ltr'><strong>atque</strong></span> <span class='ocrx_word' id='word_1_434' title='bbox 2148 2686 2362 2742; x_wconf 84' lang='lat' dir='ltr'><strong>volatus</strong></span> <span class='ocrx_word' id='word_1_435' title='bbox 2389 2693 2566 2742; x_wconf 83' lang='lat' dir='ltr'><strong>status</strong></span> <span class='ocrx_word' id='word_1_436' title='bbox 2591 2684 2810 2755; x_wconf 87' lang='lat' dir='ltr'><strong>quidem</strong></span> <span class='ocrx_word' id='word_1_437' title='bbox 2841 2692 2927 2741; x_wconf 87' lang='lat' dir='ltr'><strong>est</strong></span> <span class='ocrx_word' id='word_1_438' title='bbox 2957 2684 3062 2738; x_wconf 88' lang='lat' dir='ltr'><strong>alia</strong></span> <span class='ocrx_word' id='word_1_439' title='bbox 3094 2685 3326 2740; x_wconf 88' lang='lat' dir='ltr'><strong>ratione.</strong></span> <span class='ocrx_word' id='word_1_440' title='bbox 3360 2702 3378 2733; x_wconf 79' lang='grc' dir='ltr'><strong>ι</strong></span> <span class='ocrx_word' id='word_1_441' title='bbox 3422 2680 3510 2736; x_wconf 84' lang='lat' dir='ltr'><strong>Si-</strong></span> 
     </span>
    </p>
   </div>
   <div class='ocr_carea' id='block_1_56' title="bbox 1936 2776 3085 2848">
    <p class='ocr_par' dir='ltr' id='par_1_56' title="bbox 1936 2776 3085 2848">
     <span class='ocr_line' id='line_1_56' title="bbox 1936 2776 3085 2848; baseline -0.003 -16"><span class='ocrx_word' id='word_1_442' title='bbox 1936 2787 2075 2832; x_wconf 84' lang='lat' dir='ltr'><strong>stam</strong></span> <span class='ocrx_word' id='word_1_443' title='bbox 2105 2779 2273 2842; x_wconf 89' lang='lat' dir='ltr'><strong>enim,</strong></span> <span class='ocrx_word' id='word_1_444' title='bbox 2309 2798 2328 2830; x_wconf 76' lang='grc' dir='ltr'><strong>ι</strong></span> <span class='ocrx_word' id='word_1_445' title='bbox 2364 2778 2565 2848; x_wconf 90' lang='lat' dir='ltr'><strong>inquit,</strong></span> <span class='ocrx_word' id='word_1_446' title='bbox 2601 2792 2619 2827; x_wconf 80' lang='grc' dir='ltr'><strong>ι</strong></span> <span class='ocrx_word' id='word_1_447' title='bbox 2653 2785 2708 2831; x_wconf 89' lang='lat' dir='ltr'><strong>te</strong></span> <span class='ocrx_word' id='word_1_448' title='bbox 2739 2777 2793 2831; x_wconf 89' lang='lat' dir='ltr'><strong>in</strong></span> <span class='ocrx_word' id='word_1_449' title='bbox 2825 2776 3022 2848; x_wconf 83' lang='lat' dir='ltr'><strong>lapide.</strong></span> <span class='ocrx_word' id='word_1_450' title='bbox 3065 2796 3085 2828; x_wconf 75' lang='grc' dir='ltr'><strong>ι</strong></span> 
     </span>
    </p>
   </div>
   <div class='ocr_carea' id='block_1_57' title="bbox 283 2867 3506 2943">
    <p class='ocr_par' dir='ltr' id='par_1_57' title="bbox 283 2867 3506 2943">
     <span class='ocr_line' id='line_1_57' title="bbox 283 2867 3506 2943; baseline 0 -20"><span class='ocrx_word' id='word_1_451' title='bbox 283 2867 557 2936; x_wconf 79' lang='grc' dir='ltr'>τοῦάγαθοῦ</span> <span class='ocrx_word' id='word_1_452' title='bbox 588 2871 759 2941; x_wconf 84' lang='grc' dir='ltr'>κόρον</span> <span class='ocrx_word' id='word_1_453' title='bbox 787 2869 1096 2931; x_wconf 78' lang='grc' dir='ltr'>ἐπίστασαι,</span> <span class='ocrx_word' id='word_1_454' title='bbox 1132 2867 1243 2920; x_wconf 76' lang='grc' dir='ltr'>ἀλλ’</span> <span class='ocrx_word' id='word_1_455' title='bbox 1274 2868 1360 2921; x_wconf 76' lang='grc' dir='ltr'>ἀεὶ</span> <span class='ocrx_word' id='word_1_456' title='bbox 1381 2867 1516 2937; x_wconf 75' lang='grc' dir='ltr'>πρὸς</span> <span class='ocrx_word' id='word_1_457' title='bbox 1549 2870 1611 2922; x_wconf 76' lang='grc' dir='ltr'>τὸ</span> <span class='ocrx_word' id='word_1_458' title='bbox 1673 2868 1851 2921; x_wconf 85' lang='grc' dir='ltr'>πλεῖον</span> <span class='ocrx_word' id='word_1_459' title='bbox 1877 2870 1905 2921; x_wconf 97' lang='lat'><strong>6</strong></span> <span class='ocrx_word' id='word_1_460' title='bbox 1932 2871 2093 2937; x_wconf 83' lang='grc' dir='ltr'>πόθος</span> <span class='ocrx_word' id='word_1_461' title='bbox 2145 2872 2357 2943; x_wconf 81' lang='grc' dir='ltr'>βλέπει·</span> <span class='ocrx_word' id='word_1_462' title='bbox 2423 2869 2674 2935; x_wconf 86' lang='grc' dir='ltr'>τοσοῦτός</span> <span class='ocrx_word' id='word_1_463' title='bbox 2728 2872 2876 2926; x_wconf 75' lang='grc' dir='ltr'>ἔστιν</span> <span class='ocrx_word' id='word_1_464' title='bbox 2932 2872 2962 2924; x_wconf 90' lang='lat'><strong>6</strong></span> <span class='ocrx_word' id='word_1_465' title='bbox 3004 2871 3133 2941; x_wconf 89' lang='grc' dir='ltr'>παρ’</span> <span class='ocrx_word' id='word_1_466' title='bbox 3167 2870 3291 2941; x_wconf 73' lang='grc' dir='ltr'><strong>ιμοὶ</strong></span> <span class='ocrx_word' id='word_1_467' title='bbox 3326 2870 3506 2935; x_wconf 76' lang='grc' dir='ltr'>τόπος,</span> 
     </span>
    </p>
   </div>
   <div class='ocr_carea' id='block_1_58' title="bbox 281 2958 3509 3036">
    <p class='ocr_par' dir='ltr' id='par_1_58' title="bbox 281 2958 3509 3036">
     <span class='ocr_line' id='line_1_58' title="bbox 281 2958 3509 3036; baseline -0 -21"><span class='ocrx_word' id='word_1_468' title='bbox 281 2959 390 3015; x_wconf 65' lang='grc' dir='ltr'>ὥστε</span> <span class='ocrx_word' id='word_1_469' title='bbox 423 2962 506 3015; x_wconf 75' lang='grc' dir='ltr'><strong>τόν</strong></span> <span class='ocrx_word' id='word_1_470' title='bbox 548 2965 607 3015; x_wconf 74' lang='grc' dir='ltr'>ἐν</span> <span class='ocrx_word' id='word_1_471' title='bbox 654 2960 814 3030; x_wconf 79' lang='grc' dir='ltr'>αὑτῴ</span> <span class='ocrx_word' id='word_1_472' title='bbox 862 2959 1159 3020; x_wconf 85' lang='grc' dir='ltr'>διαθέοντα.</span> <span class='ocrx_word' id='word_1_473' title='bbox 1198 2958 1465 3029; x_wconf 83' lang='grc' dir='ltr'>μηδέποτε</span> <span class='ocrx_word' id='word_1_474' title='bbox 1510 2959 1801 3031; x_wconf 80' lang='grc' dir='ltr'>δυνηθῆναι</span> <span class='ocrx_word' id='word_1_475' title='bbox 1832 2961 1988 3033; x_wconf 77' lang='grc' dir='ltr'>λῆξαι</span> <span class='ocrx_word' id='word_1_476' title='bbox 2020 2964 2116 3018; x_wconf 88' lang='grc' dir='ltr'><strong>τοῦ</strong></span> <span class='ocrx_word' id='word_1_477' title='bbox 2144 2964 2366 3036; x_wconf 83' lang='grc' dir='ltr'>δρόμου.</span> <span class='ocrx_word' id='word_1_478' title='bbox 2433 2963 2492 3017; x_wconf 85' lang='lat'><strong>&#39;0</strong></span> <span class='ocrx_word' id='word_1_479' title='bbox 2528 2963 2585 3017; x_wconf 82' lang='grc' dir='ltr'>δὲ</span> <span class='ocrx_word' id='word_1_480' title='bbox 2614 2962 2843 3034; x_wconf 88' lang='grc' dir='ltr'>δρόμος,</span> <span class='ocrx_word' id='word_1_481' title='bbox 2905 2961 3075 3033; x_wconf 77' lang='grc' dir='ltr'>ἑτέρῳ</span> <span class='ocrx_word' id='word_1_482' title='bbox 3119 2960 3262 3032; x_wconf 82' lang='grc' dir='ltr'>λόγῳ</span> <span class='ocrx_word' id='word_1_483' title='bbox 3325 2961 3509 3026; x_wconf 80' lang='grc' dir='ltr'>στάσις</span> 
     </span>
    </p>
   </div>
   <div class='ocr_carea' id='block_1_59' title="bbox 282 3053 1785 3128">
    <p class='ocr_par' dir='ltr' id='par_1_59' title="bbox 282 3053 1785 3128">
     <span class='ocr_line' id='line_1_59' title="bbox 282 3053 1785 3128; baseline -0.004 -17"><span class='ocrx_word' id='word_1_484' title='bbox 282 3058 387 3112; x_wconf 68' lang='grc' dir='ltr'>ἐστί.</span> <span class='ocrx_word' id='word_1_485' title='bbox 426 3077 443 3109; x_wconf 83' lang='grc' dir='ltr'><strong>ι</strong></span> <span class='ocrx_word' id='word_1_486' title='bbox 466 3059 651 3128; x_wconf 81' lang='grc' dir='ltr'>Στήσω</span> <span class='ocrx_word' id='word_1_487' title='bbox 698 3057 807 3125; x_wconf 85' lang='grc' dir='ltr'><strong>γάρ</strong></span> <span class='ocrx_word' id='word_1_488' title='bbox 837 3070 952 3117; x_wconf 75' lang='grc' dir='ltr'>σε.»</span> <span class='ocrx_word' id='word_1_489' title='bbox 990 3054 1185 3123; x_wconf 60' lang='grc' dir='ltr'>φησιν,</span> <span class='ocrx_word' id='word_1_490' title='bbox 1226 3072 1244 3104; x_wconf 79' lang='grc' dir='ltr'><strong>ι</strong></span> <span class='ocrx_word' id='word_1_491' title='bbox 1269 3054 1362 3106; x_wconf 75' lang='grc' dir='ltr'><strong>ἐπὶ</strong></span> <span class='ocrx_word' id='word_1_492' title='bbox 1398 3056 1497 3124; x_wconf 82' lang='grc' dir='ltr'>τῆς</span> <span class='ocrx_word' id='word_1_493' title='bbox 1528 3053 1785 3126; x_wconf 76' lang='grc' dir='ltr'>πέτρας.»</span> 
     </span>
    </p>
   </div>
   <div class='ocr_carea' id='block_1_60' title="bbox 304 3187 1836 3263">
    <p class='ocr_par' dir='ltr' id='par_1_60' title="bbox 304 3187 1830 3261">
     <span class='ocr_line' id='line_1_60' title="bbox 304 3187 1830 3261; baseline -0.005 -13"><span class='ocrx_word' id='word_1_494' title='bbox 304 3194 480 3257; x_wconf 77' lang='grc' dir='ltr'>,Τοῦτο</span> <span class='ocrx_word' id='word_1_495' title='bbox 499 3195 556 3247; x_wconf 79' lang='grc' dir='ltr'>δὲ</span> <span class='ocrx_word' id='word_1_496' title='bbox 587 3192 652 3246; x_wconf 80' lang='grc' dir='ltr'>τὸ</span> <span class='ocrx_word' id='word_1_497' title='bbox 687 3190 902 3244; x_wconf 81' lang='grc' dir='ltr'>πάντων</span> <span class='ocrx_word' id='word_1_498' title='bbox 928 3188 1357 3261; x_wconf 85' lang='grc' dir='ltr'>παραδοξότατον</span> <span class='ocrx_word' id='word_1_499' title='bbox 1385 3232 1397 3248; x_wconf 86' lang='grc'><strong>,</strong></span> <span class='ocrx_word' id='word_1_500' title='bbox 1432 3189 1544 3253; x_wconf 81' lang='grc' dir='ltr'>πῶς</span> <span class='ocrx_word' id='word_1_501' title='bbox 1593 3191 1653 3243; x_wconf 82' lang='grc' dir='ltr'>τὸ</span> <span class='ocrx_word' id='word_1_502' title='bbox 1698 3187 1830 3244; x_wconf 71' lang='grc' dir='ltr'>αὐτὸ</span> 
     </span>
    </p>
   </div>
   <div class='ocr_carea' id='block_1_61' title="bbox 1936 3187 3509 3263">
    <p class='ocr_par' dir='ltr' id='par_1_61' title="bbox 2002 3189 3509 3263">
     <span class='ocr_line' id='line_1_61' title="bbox 2002 3189 3509 3263; baseline -0.002 -17"><span class='ocrx_word' id='word_1_503' title='bbox 2002 3192 2251 3248; x_wconf 81' lang='lat' dir='ltr'><strong>Mirabile</strong></span> <span class='ocrx_word' id='word_1_504' title='bbox 2282 3191 2495 3256; x_wconf 90' lang='lat' dir='ltr'><strong>auditu,</strong></span> <span class='ocrx_word' id='word_1_505' title='bbox 2544 3193 2817 3263; x_wconf 90' lang='lat' dir='ltr'><strong>quomodo</strong></span> <span class='ocrx_word' id='word_1_506' title='bbox 2849 3204 3016 3246; x_wconf 90' lang='lat' dir='ltr'><strong>unum</strong></span> <span class='ocrx_word' id='word_1_507' title='bbox 3058 3203 3122 3245; x_wconf 87' lang='lat' dir='ltr'><strong>ac</strong></span> <span class='ocrx_word' id='word_1_508' title='bbox 3158 3189 3300 3246; x_wconf 87' lang='lat' dir='ltr'><strong>idem</strong></span> <span class='ocrx_word' id='word_1_509' title='bbox 3333 3196 3509 3245; x_wconf 86' lang='lat' dir='ltr'><strong>status</strong></span> 
     </span>
    </p>
   </div>
   <div class='ocr_carea' id='block_1_62' title="bbox 280 3279 1835 3351">
    <p class='ocr_par' dir='ltr' id='par_1_62' title="bbox 280 3279 1835 3351">
     <span class='ocr_line' id='line_1_62' title="bbox 280 3279 1835 3351; baseline -0.002 -15"><span class='ocrx_word' id='word_1_510' title='bbox 280 3285 355 3336; x_wconf 71' lang='grc' dir='ltr'><strong>καὶ</strong></span> <span class='ocrx_word' id='word_1_511' title='bbox 380 3285 556 3347; x_wconf 82' lang='grc' dir='ltr'>στάσις</span> <span class='ocrx_word' id='word_1_512' title='bbox 583 3283 714 3335; x_wconf 72' lang='grc' dir='ltr'>ἐστὶ</span> <span class='ocrx_word' id='word_1_513' title='bbox 746 3282 839 3335; x_wconf 72' lang='grc' dir='ltr'><strong>καὶ</strong></span> <span class='ocrx_word' id='word_1_514' title='bbox 869 3280 1081 3351; x_wconf 73' lang='grc' dir='ltr'>κίνησις</span> <span class='ocrx_word' id='word_1_515' title='bbox 1101 3297 1113 3310; x_wconf 86' lang='grc'><strong>·</strong></span> <span class='ocrx_word' id='word_1_516' title='bbox 1164 3282 1192 3333; x_wconf 93' lang='lat'><strong>6</strong></span> <span class='ocrx_word' id='word_1_517' title='bbox 1233 3281 1342 3350; x_wconf 84' lang='grc' dir='ltr'>γὰρ</span> <span class='ocrx_word' id='word_1_518' title='bbox 1371 3279 1533 3333; x_wconf 86' lang='grc' dir='ltr'>ἀνιὼν</span> <span class='ocrx_word' id='word_1_519' title='bbox 1561 3319 1574 3342; x_wconf 90' lang='grc'><strong>,</strong></span> <span class='ocrx_word' id='word_1_520' title='bbox 1620 3280 1835 3343; x_wconf 88' lang='grc' dir='ltr'>πάντως</span> 
     </span>
    </p>
   </div>
   <div class='ocr_carea' id='block_1_63' title="bbox 271 3371 1834 3446">
    <p class='ocr_par' dir='ltr' id='par_1_63' title="bbox 271 3371 1834 3446">
     <span class='ocr_line' id='line_1_63' title="bbox 271 3371 1834 3446; baseline -0.002 -19"><span class='ocrx_word' id='word_1_521' title='bbox 271 3377 351 3446; x_wconf 72' lang='grc' dir='ltr'><strong>οὐχ</strong></span> <span class='ocrx_word' id='word_1_522' title='bbox 378 3377 597 3439; x_wconf 76' lang='grc' dir='ltr'>ἵσταται,</span> <span class='ocrx_word' id='word_1_523' title='bbox 641 3374 746 3429; x_wconf 80' lang='grc' dir='ltr'><strong>καὶ</strong></span> <span class='ocrx_word' id='word_1_524' title='bbox 781 3374 810 3426; x_wconf 91' lang='lat'><strong>6</strong></span> <span class='ocrx_word' id='word_1_525' title='bbox 843 3371 1013 3435; x_wconf 77' lang='grc' dir='ltr'>ἑστὼς</span> <span class='ocrx_word' id='word_1_526' title='bbox 1034 3374 1133 3426; x_wconf 80' lang='grc' dir='ltr'><strong>οὐκ</strong></span> <span class='ocrx_word' id='word_1_527' title='bbox 1162 3371 1478 3443; x_wconf 87' lang='grc' dir='ltr'>ἀνέρχεται·</span> <span class='ocrx_word' id='word_1_528' title='bbox 1514 3372 1746 3427; x_wconf 82' lang='grc' dir='ltr'>ἐνταῦθα</span> <span class='ocrx_word' id='word_1_529' title='bbox 1778 3372 1834 3425; x_wconf 80' lang='grc' dir='ltr'>δὲ</span> 
     </span>
    </p>
   </div>
   <div class='ocr_carea' id='block_1_64' title="bbox 273 3460 1833 3531">
    <p class='ocr_par' dir='ltr' id='par_1_64' title="bbox 273 3460 1833 3531">
     <span class='ocr_line' id='line_1_64' title="bbox 273 3460 1833 3531; baseline -0.003 -15"><span class='ocrx_word' id='word_1_530' title='bbox 273 3463 342 3517; x_wconf 70' lang='grc' dir='ltr'><strong>διὰ</strong></span> <span class='ocrx_word' id='word_1_531' title='bbox 362 3465 445 3518; x_wconf 71' lang='grc' dir='ltr'><strong>τοῦ</strong></span> <span class='ocrx_word' id='word_1_532' title='bbox 465 3466 720 3529; x_wconf 70' lang='grc' dir='ltr'>ἑστάναι,</span> <span class='ocrx_word' id='word_1_533' title='bbox 751 3461 811 3515; x_wconf 83' lang='grc' dir='ltr'><strong>τδ</strong></span> <span class='ocrx_word' id='word_1_534' title='bbox 836 3460 1099 3531; x_wconf 83' lang='grc' dir='ltr'>ἀναϐῆναι</span> <span class='ocrx_word' id='word_1_535' title='bbox 1123 3460 1331 3529; x_wconf 78' lang='grc' dir='ltr'>γίνεται</span> <span class='ocrx_word' id='word_1_536' title='bbox 1353 3477 1368 3492; x_wconf 90' lang='grc'><strong>·</strong></span> <span class='ocrx_word' id='word_1_537' title='bbox 1396 3460 1556 3513; x_wconf 85' lang='grc' dir='ltr'>τοῦτο</span> <span class='ocrx_word' id='word_1_538' title='bbox 1582 3460 1637 3512; x_wconf 89' lang='grc' dir='ltr'><strong>δέ</strong></span> <span class='ocrx_word' id='word_1_539' title='bbox 1666 3463 1833 3522; x_wconf 77' lang='grc' dir='ltr'>ἐστιν,</span> 
     </span>
    </p>
   </div>
   <div class='ocr_carea' id='block_1_65' title="bbox 267 3550 1833 3625">
    <p class='ocr_par' dir='ltr' id='par_1_65' title="bbox 267 3550 1833 3625">
     <span class='ocr_line' id='line_1_65' title="bbox 267 3550 1833 3625; baseline -0.001 -21"><span class='ocrx_word' id='word_1_540' title='bbox 267 3553 331 3604; x_wconf 79' lang='grc' dir='ltr'>ὅτι</span> <span class='ocrx_word' id='word_1_541' title='bbox 357 3553 457 3625; x_wconf 76' lang='grc' dir='ltr'>ὅσῳ</span> <span class='ocrx_word' id='word_1_542' title='bbox 506 3571 595 3618; x_wconf 87' lang='grc' dir='ltr'><strong>τις</strong></span> <span class='ocrx_word' id='word_1_543' title='bbox 648 3552 854 3620; x_wconf 78' lang='grc' dir='ltr'>πάγιός</span> <span class='ocrx_word' id='word_1_544' title='bbox 906 3568 966 3604; x_wconf 86' lang='grc' dir='ltr'><strong>τε</strong></span> <span class='ocrx_word' id='word_1_545' title='bbox 1016 3554 1108 3605; x_wconf 72' lang='grc' dir='ltr'><strong>καὶ</strong></span> <span class='ocrx_word' id='word_1_546' title='bbox 1152 3550 1482 3623; x_wconf 84' lang='grc' dir='ltr'>ἀμετάθετος</span> <span class='ocrx_word' id='word_1_547' title='bbox 1509 3552 1565 3603; x_wconf 85' lang='grc' dir='ltr'>ἐν</span> <span class='ocrx_word' id='word_1_548' title='bbox 1596 3551 1671 3620; x_wconf 80' lang='grc' dir='ltr'>τῷ</span> <span class='ocrx_word' id='word_1_549' title='bbox 1696 3552 1833 3618; x_wconf 84' lang='grc' dir='ltr'>ἀγα-</span> 
     </span>
    </p>
   </div>
   <div class='ocr_carea' id='block_1_66' title="bbox 270 3640 1834 3714">
    <p class='ocr_par' dir='ltr' id='par_1_66' title="bbox 270 3640 1834 3714">
     <span class='ocr_line' id='line_1_66' title="bbox 270 3640 1834 3714; baseline -0.002 -17"><span class='ocrx_word' id='word_1_550' title='bbox 270 3640 577 3714; x_wconf 71' lang='grc' dir='ltr'>θῷδιαμένει</span> <span class='ocrx_word' id='word_1_551' title='bbox 598 3662 615 3676; x_wconf 76' lang='grc' dir='ltr'><strong><em>ο</em></strong></span> <span class='ocrx_word' id='word_1_552' title='bbox 653 3642 902 3712; x_wconf 78' lang='grc' dir='ltr'>τοσούτῳ</span> <span class='ocrx_word' id='word_1_553' title='bbox 941 3641 1100 3695; x_wconf 84' lang='grc' dir='ltr'>πλέον</span> <span class='ocrx_word' id='word_1_554' title='bbox 1127 3641 1216 3695; x_wconf 76' lang='grc' dir='ltr'>τὸν</span> <span class='ocrx_word' id='word_1_555' title='bbox 1251 3644 1350 3713; x_wconf 85' lang='grc' dir='ltr'>τῆς</span> <span class='ocrx_word' id='word_1_556' title='bbox 1396 3641 1596 3712; x_wconf 79' lang='grc' dir='ltr'>ἀρετῆς</span> <span class='ocrx_word' id='word_1_557' title='bbox 1631 3640 1834 3694; x_wconf 84' lang='grc' dir='ltr'>διανύει</span> 
     </span>
    </p>
   </div>
   <div class='ocr_carea' id='block_1_67' title="bbox 263 3724 1836 3808">
    <p class='ocr_par' dir='ltr' id='par_1_67' title="bbox 263 3724 1836 3808">
     <span class='ocr_line' id='line_1_67' title="bbox 263 3724 1836 3808; baseline 0 -21"><span class='ocrx_word' id='word_1_558' title='bbox 263 3734 453 3807; x_wconf 76' lang='grc' dir='ltr'>δρόμον.</span> <span class='ocrx_word' id='word_1_559' title='bbox 493 3738 553 3792; x_wconf 86' lang='lat'><strong>&#39;0</strong></span> <span class='ocrx_word' id='word_1_560' title='bbox 583 3737 702 3808; x_wconf 75' lang='grc' dir='ltr'><strong>γὰρ</strong></span> <span class='ocrx_word' id='word_1_561' title='bbox 748 3735 1091 3808; x_wconf 70' lang='grc' dir='ltr'>περισφαλὴς</span> <span class='ocrx_word' id='word_1_562' title='bbox 1120 3752 1178 3787; x_wconf 87' lang='grc' dir='ltr'><strong>τε</strong></span> <span class='ocrx_word' id='word_1_563' title='bbox 1216 3724 1310 3787; x_wconf 63' lang='grc' dir='ltr'><strong>ἰαὶ</strong></span> <span class='ocrx_word' id='word_1_564' title='bbox 1341 3732 1657 3804; x_wconf 85' lang='grc' dir='ltr'>ὀλισθηρὸς,</span> <span class='ocrx_word' id='word_1_565' title='bbox 1695 3733 1836 3787; x_wconf 85' lang='grc' dir='ltr'><strong>κατά</strong></span> 
     </span>
    </p>
   </div>
   <div class='ocr_carea' id='block_1_68' title="bbox 264 3824 1835 3899">
    <p class='ocr_par' dir='ltr' id='par_1_68' title="bbox 264 3824 1835 3899">
     <span class='ocr_line' id='line_1_68' title="bbox 264 3824 1835 3899; baseline -0.003 -17"><span class='ocrx_word' id='word_1_566' title='bbox 264 3827 342 3895; x_wconf 71' lang='grc' dir='ltr'>τὴν</span> <span class='ocrx_word' id='word_1_567' title='bbox 372 3828 473 3881; x_wconf 79' lang='grc' dir='ltr'>τῶν</span> <span class='ocrx_word' id='word_1_568' title='bbox 520 3827 816 3899; x_wconf 81' lang='grc' dir='ltr'>λογισμῶν</span> <span class='ocrx_word' id='word_1_569' title='bbox 865 3826 1021 3897; x_wconf 84' lang='grc' dir='ltr'>βάσιν</span> <span class='ocrx_word' id='word_1_570' title='bbox 1061 3826 1315 3881; x_wconf 82' lang='grc' dir='ltr'>ἀϐέϐαιον</span> <span class='ocrx_word' id='word_1_571' title='bbox 1346 3824 1445 3896; x_wconf 82' lang='grc' dir='ltr'>τὴν</span> <span class='ocrx_word' id='word_1_572' title='bbox 1485 3825 1543 3879; x_wconf 79' lang='grc' dir='ltr'>ὲν</span> <span class='ocrx_word' id='word_1_573' title='bbox 1573 3825 1651 3896; x_wconf 85' lang='grc' dir='ltr'>τῷ</span> <span class='ocrx_word' id='word_1_574' title='bbox 1685 3824 1835 3896; x_wconf 84' lang='grc' dir='ltr'>καλῷ</span> 
     </span>
    </p>
   </div>
   <div class='ocr_carea' id='block_1_69' title="bbox 264 3915 1831 3989">
    <p class='ocr_par' dir='ltr' id='par_1_69' title="bbox 264 3915 1831 3989">
     <span class='ocr_line' id='line_1_69' title="bbox 264 3915 1831 3989; baseline 0.001 -20"><span class='ocrx_word' id='word_1_575' title='bbox 264 3915 426 3971; x_wconf 73' lang='grc' dir='ltr'>στάσιν</span> <span class='ocrx_word' id='word_1_576' title='bbox 442 3918 621 3989; x_wconf 78' lang='grc' dir='ltr'>ἔχων,</span> <span class='ocrx_word' id='word_1_577' title='bbox 654 3916 1118 3987; x_wconf 77' lang='grc' dir='ltr'>κλυδωνιζόμενός</span> <span class='ocrx_word' id='word_1_578' title='bbox 1142 3934 1198 3971; x_wconf 89' lang='grc' dir='ltr'><strong>τε</strong></span> <span class='ocrx_word' id='word_1_579' title='bbox 1250 3915 1345 3970; x_wconf 71' lang='grc' dir='ltr'><strong>καὶ</strong></span> <span class='ocrx_word' id='word_1_580' title='bbox 1384 3917 1831 3988; x_wconf 77' lang='grc' dir='ltr'>περιφερόμενος,</span> 
     </span>
    </p>
   </div>
   <div class='ocr_carea' id='block_1_70' title="bbox 260 4007 1834 4078">
    <p class='ocr_par' dir='ltr' id='par_1_70' title="bbox 260 4007 1834 4078">
     <span class='ocr_line' id='line_1_70' title="bbox 260 4007 1834 4078; baseline 0.001 -21"><span class='ocrx_word' id='word_1_581' title='bbox 260 4007 414 4071; x_wconf 71' lang='grc' dir='ltr'>καθὼς</span> <span class='ocrx_word' id='word_1_582' title='bbox 441 4025 616 4078; x_wconf 75' lang='grc' dir='ltr'>φησιν</span> <span class='ocrx_word' id='word_1_583' title='bbox 648 4010 683 4062; x_wconf 87' lang='lat'><strong>6</strong></span> <span class='ocrx_word' id='word_1_584' title='bbox 723 4007 1052 4072; x_wconf 82' lang='grc' dir='ltr'>Ἀπόστολος</span> <span class='ocrx_word' id='word_1_585' title='bbox 1071 4049 1085 4070; x_wconf 93' lang='grc'><strong>,</strong></span> <span class='ocrx_word' id='word_1_586' title='bbox 1115 4008 1208 4061; x_wconf 76' lang='grc' dir='ltr'><strong>καὶ</strong></span> <span class='ocrx_word' id='word_1_587' title='bbox 1234 4009 1353 4071; x_wconf 85' lang='grc' dir='ltr'>ταῖς</span> <span class='ocrx_word' id='word_1_588' title='bbox 1384 4008 1512 4078; x_wconf 78' lang='grc' dir='ltr'>περὶ</span> <span class='ocrx_word' id='word_1_589' title='bbox 1540 4007 1648 4061; x_wconf 85' lang='grc' dir='ltr'><strong>τῶν</strong></span> <span class='ocrx_word' id='word_1_590' title='bbox 1668 4007 1834 4061; x_wconf 75' lang='grc' dir='ltr'>ὄντων</span> 
     </span>
    </p>
   </div>
   <div class='ocr_carea' id='block_1_71' title="bbox 259 4080 1834 4170">
    <p class='ocr_par' dir='ltr' id='par_1_71' title="bbox 259 4080 1834 4170">
     <span class='ocr_line' id='line_1_71' title="bbox 259 4080 1834 4170; baseline 0.003 -20"><span class='ocrx_word' id='word_1_591' title='bbox 259 4090 564 4166; x_wconf 45' lang='lat' dir='ltr'><strong>mag/saw</strong></span> <span class='ocrx_word' id='word_1_592' title='bbox 595 4080 968 4161; x_wconf 71' lang='grc' dir='ltr'>ὲπιδιστάζών</span> <span class='ocrx_word' id='word_1_593' title='bbox 1000 4100 1093 4151; x_wconf 75' lang='grc' dir='ltr'><strong>καὶ</strong></span> <span class='ocrx_word' id='word_1_594' title='bbox 1133 4098 1585 4170; x_wconf 85' lang='grc' dir='ltr'>κραδαινόμενος,</span> <span class='ocrx_word' id='word_1_595' title='bbox 1631 4100 1731 4154; x_wconf 82' lang='grc' dir='ltr'><strong>οὐκ</strong></span> <span class='ocrx_word' id='word_1_596' title='bbox 1768 4100 1834 4155; x_wconf 79' lang='grc' dir='ltr'>ἄν</span> 
     </span>
    </p>
   </div>
   <div class='ocr_carea' id='block_1_72' title="bbox 258 4188 1834 4263">
    <p class='ocr_par' dir='ltr' id='par_1_72' title="bbox 258 4188 1834 4263">
     <span class='ocr_line' id='line_1_72' title="bbox 258 4188 1834 4263; baseline 0.004 -23"><span class='ocrx_word' id='word_1_597' title='bbox 258 4202 360 4240; x_wconf 59' lang='grc' dir='ltr'>ποτε</span> <span class='ocrx_word' id='word_1_598' title='bbox 389 4191 526 4260; x_wconf 68' lang='grc' dir='ltr'>πρὸς</span> <span class='ocrx_word' id='word_1_599' title='bbox 548 4190 617 4243; x_wconf 77' lang='grc' dir='ltr'>τὸ</span> <span class='ocrx_word' id='word_1_600' title='bbox 654 4188 799 4260; x_wconf 59' lang='lat' dir='ltr'><strong>Gal/0;</strong></span> <span class='ocrx_word' id='word_1_601' title='bbox 827 4192 926 4261; x_wconf 84' lang='grc' dir='ltr'>τῆς</span> <span class='ocrx_word' id='word_1_602' title='bbox 956 4190 1155 4261; x_wconf 81' lang='grc' dir='ltr'>ἀρετῆς</span> <span class='ocrx_word' id='word_1_603' title='bbox 1190 4190 1514 4263; x_wconf 85' lang='grc' dir='ltr'>ἀναδράμοι.</span> <span class='ocrx_word' id='word_1_604' title='bbox 1550 4192 1637 4256; x_wconf 82' lang='grc' dir='ltr'>Ὠς</span> <span class='ocrx_word' id='word_1_605' title='bbox 1669 4194 1718 4246; x_wconf 86' lang='grc' dir='ltr'><strong>οί</strong></span> <span class='ocrx_word' id='word_1_606' title='bbox 1746 4192 1834 4248; x_wconf 82' lang='grc' dir='ltr'><strong>διὰ</strong></span> 
     </span>
    </p>
   </div>
   <div class='ocr_carea' id='block_1_73' title="bbox 257 4276 1834 4354">
    <p class='ocr_par' dir='ltr' id='par_1_73' title="bbox 257 4276 1834 4354">
     <span class='ocr_line' id='line_1_73' title="bbox 257 4276 1834 4354; baseline 0.006 -26"><span class='ocrx_word' id='word_1_607' title='bbox 257 4276 455 4347; x_wconf 50' lang='grc' dir='ltr'>βάμμα-δ</span> <span class='ocrx_word' id='word_1_608' title='bbox 481 4279 811 4350; x_wconf 74' lang='grc' dir='ltr'>βαδίζοντες</span> <span class='ocrx_word' id='word_1_609' title='bbox 841 4280 977 4351; x_wconf 78' lang='grc' dir='ltr'>πρὸς</span> <span class='ocrx_word' id='word_1_610' title='bbox 1007 4281 1070 4333; x_wconf 79' lang='grc' dir='ltr'>τὸ</span> <span class='ocrx_word' id='word_1_611' title='bbox 1089 4279 1313 4344; x_wconf 73' lang='grc' dir='ltr'>ἄναντες</span> <span class='ocrx_word' id='word_1_612' title='bbox 1333 4322 1349 4341; x_wconf 85' lang='grc'><strong>.</strong></span> <span class='ocrx_word' id='word_1_613' title='bbox 1380 4281 1483 4336; x_wconf 76' lang='grc' dir='ltr'>κᾶν</span> <span class='ocrx_word' id='word_1_614' title='bbox 1506 4284 1715 4354; x_wconf 89' lang='grc' dir='ltr'>μεγάλα</span> <span class='ocrx_word' id='word_1_615' title='bbox 1737 4284 1834 4339; x_wconf 86' lang='grc' dir='ltr'><strong>τύ-</strong></span> 
     </span>
    </p>
   </div>
   <div class='ocr_carea' id='block_1_74' title="bbox 246 4369 1833 4441">
    <p class='ocr_par' dir='ltr' id='par_1_74' title="bbox 246 4369 1833 4441">
     <span class='ocr_line' id='line_1_74' title="bbox 246 4369 1833 4441; baseline 0.006 -25"><span class='ocrx_word' id='word_1_616' title='bbox 246 4380 365 4431; x_wconf 70' lang='grc' dir='ltr'>χωσι</span> <span class='ocrx_word' id='word_1_617' title='bbox 396 4372 511 4432; x_wconf 81' lang='grc' dir='ltr'>τοῖς</span> <span class='ocrx_word' id='word_1_618' title='bbox 540 4372 682 4422; x_wconf 68' lang='grc' dir='ltr'>ποσὶ</span> <span class='ocrx_word' id='word_1_619' title='bbox 704 4370 1097 4434; x_wconf 84' lang='grc' dir='ltr'>διαϐαίνοντες,</span> <span class='ocrx_word' id='word_1_620' title='bbox 1134 4369 1369 4440; x_wconf 79' lang='grc' dir='ltr'>ἀνόνητα</span> <span class='ocrx_word' id='word_1_621' title='bbox 1394 4371 1680 4441; x_wconf 87' lang='grc' dir='ltr'>μοχθοῦσιν</span> <span class='ocrx_word' id='word_1_622' title='bbox 1703 4413 1715 4437; x_wconf 89' lang='grc'><strong>,</strong></span> <span class='ocrx_word' id='word_1_623' title='bbox 1746 4374 1833 4427; x_wconf 79' lang='grc' dir='ltr'>ἀεὶ</span> 
     </span>
    </p>
   </div>
   <div class='ocr_carea' id='block_1_75' title="bbox 251 4455 1829 4537">
    <p class='ocr_par' dir='ltr' id='par_1_75' title="bbox 251 4455 1829 4537">
     <span class='ocr_line' id='line_1_75' title="bbox 251 4455 1829 4537; baseline 0.01 -30"><span class='ocrx_word' id='word_1_624' title='bbox 251 4455 366 4521; x_wconf 61' lang='grc' dir='ltr'>πρὶς</span> <span class='ocrx_word' id='word_1_625' title='bbox 414 4458 478 4511; x_wconf 80' lang='grc' dir='ltr'><strong>τὺ</strong></span> <span class='ocrx_word' id='word_1_626' title='bbox 539 4462 709 4515; x_wconf 75' lang='grc' dir='ltr'>κάτω</span> <span class='ocrx_word' id='word_1_627' title='bbox 765 4463 866 4531; x_wconf 78' lang='grc' dir='ltr'>τῆς</span> <span class='ocrx_word' id='word_1_628' title='bbox 932 4460 1140 4531; x_wconf 86' lang='grc' dir='ltr'>βάσεως</span> <span class='ocrx_word' id='word_1_629' title='bbox 1196 4464 1713 4535; x_wconf 79' lang='grc' dir='ltr'>συγκαταρῤεούσης</span> <span class='ocrx_word' id='word_1_630' title='bbox 1764 4468 1829 4537; x_wconf 78' lang='grc' dir='ltr'>τῇ</span> 
     </span>
    </p>
   </div>
   <div class='ocr_carea' id='block_1_76' title="bbox 242 4530 1906 4627">
    <p class='ocr_par' dir='ltr' id='par_1_76' title="bbox 242 4530 1906 4627">
     <span class='ocr_line' id='line_1_76' title="bbox 242 4530 1906 4627; baseline 0.008 -28"><span class='ocrx_word' id='word_1_631' title='bbox 499 4551 583 4615; x_wconf 79' lang='grc' dir='ltr'>ὡς</span> <span class='ocrx_word' id='word_1_632' title='bbox 608 4550 721 4621; x_wconf 70' lang='grc' dir='ltr'>τὴν</span> <span class='ocrx_word' id='word_1_633' title='bbox 745 4530 843 4621; x_wconf 83' lang='grc' dir='ltr'>μὲν</span> <span class='ocrx_word' id='word_1_634' title='bbox 876 4551 1090 4621; x_wconf 80' lang='grc' dir='ltr'>κίνησιν</span> <span class='ocrx_word' id='word_1_635' title='bbox 1121 4530 1496 4621; x_wconf 68' lang='grc' dir='ltr'>ἐνεργεῖσθαι,</span> <span class='ocrx_word' id='word_1_636' title='bbox 1526 4530 1749 4627; x_wconf 83' lang='grc' dir='ltr'>πρόοδον</span> <span class='ocrx_word' id='word_1_637' title='bbox 1773 4530 1831 4612; x_wconf 56' lang='grc' dir='ltr'><strong>δέ</strong></span> <span class='ocrx_word' id='word_1_638' title='bbox 1861 4530 1906 4585; x_wconf 78' lang='lat' dir='ltr'><strong>D</strong></span> 
     </span>
    </p>
   </div>
   <div class='ocr_carea' id='block_1_77' title="bbox 247 4634 1832 4719">
    <p class='ocr_par' dir='ltr' id='par_1_77' title="bbox 247 4634 1832 4719">
     <span class='ocr_line' id='line_1_77' title="bbox 247 4634 1832 4719; baseline 0.009 -32"><span class='ocrx_word' id='word_1_639' title='bbox 247 4634 501 4705; x_wconf 61' lang='grc' dir='ltr'>μηδεμίαν</span> <span class='ocrx_word' id='word_1_640' title='bbox 530 4642 643 4711; x_wconf 81' lang='grc' dir='ltr'>τῆς</span> <span class='ocrx_word' id='word_1_641' title='bbox 664 4642 935 4710; x_wconf 76' lang='grc' dir='ltr'>κινήσεως</span> <span class='ocrx_word' id='word_1_642' title='bbox 955 4639 1226 4709; x_wconf 81' lang='grc' dir='ltr'>γίνεσθαι.</span> <span class='ocrx_word' id='word_1_643' title='bbox 1263 4641 1326 4694; x_wconf 81' lang='grc' dir='ltr'><strong>Εἰ</strong></span> <span class='ocrx_word' id='word_1_644' title='bbox 1358 4642 1413 4695; x_wconf 84' lang='grc' dir='ltr'><strong>δέ</strong></span> <span class='ocrx_word' id='word_1_645' title='bbox 1442 4660 1559 4708; x_wconf 80' lang='grc' dir='ltr'>τις,</span> <span class='ocrx_word' id='word_1_646' title='bbox 1590 4645 1770 4711; x_wconf 83' lang='grc' dir='ltr'>καθὼς</span> <span class='ocrx_word' id='word_1_647' title='bbox 1797 4650 1832 4719; x_wconf 77' lang='grc' dir='ltr'>ἡ</span> 
     </span>
    </p>
   </div>
   <div class='ocr_carea' id='block_1_78' title="bbox 240 4721 1832 4806">
    <p class='ocr_par' dir='ltr' id='par_1_78' title="bbox 240 4721 1832 4806">
     <span class='ocr_line' id='line_1_78' title="bbox 240 4721 1832 4806; baseline 0.011 -32"><span class='ocrx_word' id='word_1_648' title='bbox 240 4721 514 4797; x_wconf 61' lang='grc' dir='ltr'>όαλμῳδία</span> <span class='ocrx_word' id='word_1_649' title='bbox 540 4730 718 4800; x_wconf 68' lang='grc' dir='ltr'>φησὶ,</span> <span class='ocrx_word' id='word_1_650' title='bbox 744 4731 842 4800; x_wconf 75' lang='grc' dir='ltr'>τῆς</span> <span class='ocrx_word' id='word_1_651' title='bbox 873 4731 965 4786; x_wconf 83' lang='grc' dir='ltr'><strong>τοῦ</strong></span> <span class='ocrx_word' id='word_1_652' title='bbox 996 4731 1158 4803; x_wconf 82' lang='grc' dir='ltr'>βυθοῦ</span> <span class='ocrx_word' id='word_1_653' title='bbox 1198 4732 1550 4806; x_wconf 81' lang='grc' dir='ltr'>ὑποστάθμης</span> <span class='ocrx_word' id='word_1_654' title='bbox 1589 4736 1832 4791; x_wconf 86' lang='grc' dir='ltr'>ἀνασπά-</span> 
     </span>
    </p>
   </div>
   <div class='ocr_carea' id='block_1_79' title="bbox 245 4818 1829 4898">
    <p class='ocr_par' dir='ltr' id='par_1_79' title="bbox 245 4818 1829 4898">
     <span class='ocr_line' id='line_1_79' title="bbox 245 4818 1829 4898; baseline 0.008 -29"><span class='ocrx_word' id='word_1_655' title='bbox 245 4826 331 4876; x_wconf 76' lang='grc' dir='ltr'><strong>σις</strong></span> <span class='ocrx_word' id='word_1_656' title='bbox 370 4818 498 4879; x_wconf 68' lang='grc' dir='ltr'>τοὺς</span> <span class='ocrx_word' id='word_1_657' title='bbox 554 4821 771 4885; x_wconf 70' lang='grc' dir='ltr'>πόδας,</span> <span class='ocrx_word' id='word_1_658' title='bbox 810 4822 902 4875; x_wconf 78' lang='grc' dir='ltr'><strong>ἐπὶ</strong></span> <span class='ocrx_word' id='word_1_659' title='bbox 936 4825 1035 4893; x_wconf 80' lang='grc' dir='ltr'>τῆς</span> <span class='ocrx_word' id='word_1_660' title='bbox 1068 4822 1278 4894; x_wconf 85' lang='grc' dir='ltr'>πέτρας</span> <span class='ocrx_word' id='word_1_661' title='bbox 1302 4822 1522 4888; x_wconf 79' lang='grc' dir='ltr'>τούτους</span> <span class='ocrx_word' id='word_1_662' title='bbox 1570 4825 1829 4898; x_wconf 80' lang='grc' dir='ltr'>ἐρείσειεν</span> 
     </span>
    </p>
   </div>
   <div class='ocr_carea' id='block_1_80' title="bbox 1935 3279 3507 3352">
    <p class='ocr_par' dir='ltr' id='par_1_80' title="bbox 1935 3279 3507 3352">
     <span class='ocr_line' id='line_1_80' title="bbox 1935 3279 3507 3352; baseline -0.003 -14"><span class='ocrx_word' id='word_1_663' title='bbox 1935 3290 1989 3338; x_wconf 90' lang='lat' dir='ltr'><strong>et</strong></span> <span class='ocrx_word' id='word_1_664' title='bbox 2024 3294 2203 3338; x_wconf 86' lang='lat' dir='ltr'><strong>motus</strong></span> <span class='ocrx_word' id='word_1_665' title='bbox 2232 3291 2316 3337; x_wconf 91' lang='lat' dir='ltr'><strong>est</strong></span> <span class='ocrx_word' id='word_1_666' title='bbox 2348 3300 2360 3335; x_wconf 88' lang='lat'><strong>:</strong></span> <span class='ocrx_word' id='word_1_667' title='bbox 2408 3282 2453 3337; x_wconf 90' lang='lat' dir='ltr'><strong>si</strong></span> <span class='ocrx_word' id='word_1_668' title='bbox 2488 3282 2616 3352; x_wconf 88' lang='lat' dir='ltr'><strong>quid</strong></span> <span class='ocrx_word' id='word_1_669' title='bbox 2654 3280 2922 3345; x_wconf 89' lang='lat' dir='ltr'><strong>ascendit,</strong></span> <span class='ocrx_word' id='word_1_670' title='bbox 2960 3296 3067 3335; x_wconf 90' lang='lat' dir='ltr'><strong>non</strong></span> <span class='ocrx_word' id='word_1_671' title='bbox 3101 3288 3210 3337; x_wconf 90' lang='lat' dir='ltr'><strong>stat</strong></span> <span class='ocrx_word' id='word_1_672' title='bbox 3248 3298 3260 3335; x_wconf 87' lang='lat'><strong>:</strong></span> <span class='ocrx_word' id='word_1_673' title='bbox 3293 3279 3338 3335; x_wconf 90' lang='lat' dir='ltr'><strong>si</strong></span> <span class='ocrx_word' id='word_1_674' title='bbox 3375 3288 3507 3342; x_wconf 80' lang='lat' dir='ltr'><strong>stat.</strong></span> 
     </span>
    </p>
   </div>
   <div class='ocr_carea' id='block_1_81' title="bbox 1936 3367 3508 3440">
    <p class='ocr_par' dir='ltr' id='par_1_81' title="bbox 1936 3367 3508 3440">
     <span class='ocr_line' id='line_1_81' title="bbox 1936 3367 3508 3440; baseline -0.002 -15"><span class='ocrx_word' id='word_1_675' title='bbox 1936 3386 2045 3425; x_wconf 88' lang='lat' dir='ltr'><strong>non</strong></span> <span class='ocrx_word' id='word_1_676' title='bbox 2078 3371 2321 3426; x_wconf 88' lang='lat' dir='ltr'><strong>ascendit</strong></span> <span class='ocrx_word' id='word_1_677' title='bbox 2354 3389 2368 3424; x_wconf 91' lang='lat'><strong>:</strong></span> <span class='ocrx_word' id='word_1_678' title='bbox 2399 3379 2454 3424; x_wconf 91' lang='lat' dir='ltr'><strong>at</strong></span> <span class='ocrx_word' id='word_1_679' title='bbox 2490 3370 2581 3425; x_wconf 88' lang='lat' dir='ltr'><strong>hic</strong></span> <span class='ocrx_word' id='word_1_680' title='bbox 2623 3370 2895 3433; x_wconf 84' lang='lat' dir='ltr'><strong>ascendit,</strong></span> <span class='ocrx_word' id='word_1_681' title='bbox 2929 3371 3057 3440; x_wconf 89' lang='lat' dir='ltr'><strong>quia</strong></span> <span class='ocrx_word' id='word_1_682' title='bbox 3088 3378 3215 3426; x_wconf 89' lang='lat' dir='ltr'><strong>stat.</strong></span> <span class='ocrx_word' id='word_1_683' title='bbox 3251 3367 3386 3424; x_wconf 87' lang='lat' dir='ltr'><strong>Nam</strong></span> <span class='ocrx_word' id='word_1_684' title='bbox 3415 3370 3508 3440; x_wconf 91' lang='lat' dir='ltr'><strong>qui</strong></span> 
     </span>
    </p>
   </div>
   <div class='ocr_carea' id='block_1_82' title="bbox 1936 3460 3509 3533">
    <p class='ocr_par' dir='ltr' id='par_1_82' title="bbox 1936 3460 3509 3533">
     <span class='ocr_line' id='line_1_82' title="bbox 1936 3460 3509 3533; baseline -0.003 -14"><span class='ocrx_word' id='word_1_685' title='bbox 1936 3464 2179 3520; x_wconf 87' lang='lat' dir='ltr'><strong>caducus</strong></span> <span class='ocrx_word' id='word_1_686' title='bbox 2205 3478 2270 3519; x_wconf 91' lang='lat' dir='ltr'><strong>ac</strong></span> <span class='ocrx_word' id='word_1_687' title='bbox 2295 3462 2572 3518; x_wconf 89' lang='lat' dir='ltr'><strong>instabilis</strong></span> <span class='ocrx_word' id='word_1_688' title='bbox 2598 3462 3026 3533; x_wconf 78' lang='lat' dir='ltr'><strong>cogitationibus</strong></span> <span class='ocrx_word' id='word_1_689' title='bbox 3060 3469 3179 3529; x_wconf 91' lang='lat' dir='ltr'><strong>est,</strong></span> <span class='ocrx_word' id='word_1_690' title='bbox 3218 3477 3327 3516; x_wconf 90' lang='lat' dir='ltr'><strong>non</strong></span> <span class='ocrx_word' id='word_1_691' title='bbox 3368 3460 3509 3515; x_wconf 80' lang='lat' dir='ltr'><strong>ﬁxus</strong></span> 
     </span>
    </p>
   </div>
   <div class='ocr_carea' id='block_1_83' title="bbox 1936 3554 3507 3626">
    <p class='ocr_par' dir='ltr' id='par_1_83' title="bbox 1936 3554 3507 3626">
     <span class='ocr_line' id='line_1_83' title="bbox 1936 3554 3507 3626; baseline -0.003 -15"><span class='ocrx_word' id='word_1_692' title='bbox 1936 3558 1990 3612; x_wconf 92' lang='lat' dir='ltr'><strong>in</strong></span> <span class='ocrx_word' id='word_1_693' title='bbox 2023 3558 2166 3612; x_wconf 91' lang='lat' dir='ltr'><strong>bono</strong></span> <span class='ocrx_word' id='word_1_694' title='bbox 2201 3571 2302 3611; x_wconf 92' lang='lat' dir='ltr'><strong>nec</strong></span> <span class='ocrx_word' id='word_1_695' title='bbox 2334 3570 2697 3626; x_wconf 89' lang='lat' dir='ltr'><strong>permanens,</strong></span> <span class='ocrx_word' id='word_1_696' title='bbox 2730 3556 2823 3611; x_wconf 83' lang='lat' dir='ltr'><strong>sed</strong></span> <span class='ocrx_word' id='word_1_697' title='bbox 2860 3555 3135 3611; x_wconf 85' lang='lat' dir='ltr'><strong>ﬂuctuans</strong></span> <span class='ocrx_word' id='word_1_698' title='bbox 3180 3563 3235 3609; x_wconf 92' lang='lat' dir='ltr'><strong>et</strong></span> <span class='ocrx_word' id='word_1_699' title='bbox 3269 3554 3507 3609; x_wconf 90' lang='lat' dir='ltr'><strong>circum-</strong></span> 
     </span>
    </p>
   </div>
   <div class='ocr_carea' id='block_1_84' title="bbox 1936 3640 3508 3717">
    <p class='ocr_par' dir='ltr' id='par_1_84' title="bbox 1936 3640 3508 3717">
     <span class='ocr_line' id='line_1_84' title="bbox 1936 3640 3508 3717; baseline -0.003 -15"><span class='ocrx_word' id='word_1_700' title='bbox 1936 3656 2114 3715; x_wconf 77' lang='lat' dir='ltr'><strong>actus,</strong></span> <span class='ocrx_word' id='word_1_701' title='bbox 2142 3658 2202 3703; x_wconf 94' lang='lat' dir='ltr'><strong>ut</strong></span> <span class='ocrx_word' id='word_1_702' title='bbox 2230 3650 2307 3702; x_wconf 91' lang='lat' dir='ltr'><strong>ait</strong></span> <span class='ocrx_word' id='word_1_703' title='bbox 2337 3640 2661 3717; x_wconf 83' lang='lat' dir='ltr'><strong>Apostolus,</strong></span> <span class='ocrx_word' id='word_1_704' title='bbox 2695 3646 2975 3715; x_wconf 88' lang='lat' dir='ltr'><strong>variisque</strong></span> <span class='ocrx_word' id='word_1_705' title='bbox 2999 3646 3067 3701; x_wconf 83' lang='lat' dir='ltr'><strong>do</strong></span> <span class='ocrx_word' id='word_1_706' title='bbox 3102 3660 3283 3700; x_wconf 90' lang='lat' dir='ltr'><strong>rerum</strong></span> <span class='ocrx_word' id='word_1_707' title='bbox 3315 3653 3508 3699; x_wconf 88' lang='lat' dir='ltr'><strong>natura</strong></span> 
     </span>
    </p>
   </div>
   <div class='ocr_carea' id='block_1_85' title="bbox 1935 3737 3510 3813">
    <p class='ocr_par' dir='ltr' id='par_1_85' title="bbox 1935 3737 3510 3813">
     <span class='ocr_line' id='line_1_85' title="bbox 1935 3737 3510 3813; baseline -0.004 -17"><span class='ocrx_word' id='word_1_708' title='bbox 1935 3742 2285 3813; x_wconf 85' lang='lat' dir='ltr'><strong>opinionibus</strong></span> <span class='ocrx_word' id='word_1_709' title='bbox 2328 3744 2383 3796; x_wconf 93' lang='lat' dir='ltr'><strong>in</strong></span> <span class='ocrx_word' id='word_1_710' title='bbox 2425 3751 2718 3810; x_wconf 92' lang='lat' dir='ltr'><strong>utramque</strong></span> <span class='ocrx_word' id='word_1_711' title='bbox 2754 3746 2961 3809; x_wconf 90' lang='lat' dir='ltr'><strong>partem</strong></span> <span class='ocrx_word' id='word_1_712' title='bbox 3010 3737 3281 3807; x_wconf 89' lang='lat' dir='ltr'><strong>impulsus</strong></span> <span class='ocrx_word' id='word_1_713' title='bbox 3318 3744 3373 3791; x_wconf 90' lang='lat' dir='ltr'><strong>et</strong></span> <span class='ocrx_word' id='word_1_714' title='bbox 3412 3751 3510 3791; x_wconf 83' lang='lat' dir='ltr'><strong>ex-</strong></span> 
     </span>
    </p>
   </div>
   <div class='ocr_carea' id='block_1_86' title="bbox 1938 3826 3509 3901">
    <p class='ocr_par' dir='ltr' id='par_1_86' title="bbox 1938 3826 3509 3901">
     <span class='ocr_line' id='line_1_86' title="bbox 1938 3826 3509 3901; baseline -0.001 -18"><span class='ocrx_word' id='word_1_715' title='bbox 1938 3831 2216 3901; x_wconf 82' lang='lat' dir='ltr'><strong>agitatus,</strong></span> <span class='ocrx_word' id='word_1_716' title='bbox 2278 3831 2325 3886; x_wconf 91' lang='lat' dir='ltr'><strong>is</strong></span> <span class='ocrx_word' id='word_1_717' title='bbox 2378 3844 2657 3900; x_wconf 88' lang='lat' dir='ltr'><strong>nunquam</strong></span> <span class='ocrx_word' id='word_1_718' title='bbox 2715 3829 2783 3883; x_wconf 93' lang='lat' dir='ltr'><strong>ad</strong></span> <span class='ocrx_word' id='word_1_719' title='bbox 2840 3827 3230 3884; x_wconf 83' lang='lat' dir='ltr'><strong>sublimitatem</strong></span> <span class='ocrx_word' id='word_1_720' title='bbox 3287 3826 3509 3881; x_wconf 79' lang='lat' dir='ltr'><strong>virtutis</strong></span> 
     </span>
    </p>
   </div>
   <div class='ocr_carea' id='block_1_87' title="bbox 1936 3917 3508 3992">
    <p class='ocr_par' dir='ltr' id='par_1_87' title="bbox 1936 3917 3508 3992">
     <span class='ocr_line' id='line_1_87' title="bbox 1936 3917 3508 3992; baseline -0.003 -16"><span class='ocrx_word' id='word_1_721' title='bbox 1936 3922 2202 3987; x_wconf 88' lang='lat' dir='ltr'><strong>ascendit,</strong></span> <span class='ocrx_word' id='word_1_722' title='bbox 2237 3925 2379 3978; x_wconf 87' lang='lat' dir='ltr'><strong>sicut</strong></span> <span class='ocrx_word' id='word_1_723' title='bbox 2408 3922 2500 3992; x_wconf 90' lang='lat' dir='ltr'><strong>qui</strong></span> <span class='ocrx_word' id='word_1_724' title='bbox 2537 3922 2707 3976; x_wconf 89' lang='lat' dir='ltr'><strong>colles</strong></span> <span class='ocrx_word' id='word_1_725' title='bbox 2737 3929 3006 3974; x_wconf 86' lang='lat' dir='ltr'><strong>conantur</strong></span> <span class='ocrx_word' id='word_1_726' title='bbox 3043 3917 3310 3974; x_wconf 90' lang='lat' dir='ltr'><strong>scandere</strong></span> <span class='ocrx_word' id='word_1_727' title='bbox 3340 3918 3508 3975; x_wconf 88' lang='lat' dir='ltr'><strong>sabu-</strong></span> 
     </span>
    </p>
   </div>
   <div class='ocr_carea' id='block_1_88' title="bbox 1935 4010 3508 4084">
    <p class='ocr_par' dir='ltr' id='par_1_88' title="bbox 1935 4010 3508 4084">
     <span class='ocr_line' id='line_1_88' title="bbox 1935 4010 3508 4084; baseline -0.004 -14"><span class='ocrx_word' id='word_1_728' title='bbox 1935 4016 2084 4072; x_wconf 88' lang='lat' dir='ltr'><strong>losos</strong></span> <span class='ocrx_word' id='word_1_729' title='bbox 2113 4033 2127 4069; x_wconf 88' lang='lat'><strong>:</strong></span> <span class='ocrx_word' id='word_1_730' title='bbox 2158 4030 2284 4069; x_wconf 90' lang='lat' dir='ltr'><strong>nam</strong></span> <span class='ocrx_word' id='word_1_731' title='bbox 2314 4014 2417 4070; x_wconf 91' lang='lat' dir='ltr'><strong>etsi</strong></span> <span class='ocrx_word' id='word_1_732' title='bbox 2446 4013 2703 4084; x_wconf 89' lang='lat' dir='ltr'><strong>projectis</strong></span> <span class='ocrx_word' id='word_1_733' title='bbox 2732 4012 2787 4067; x_wconf 93' lang='lat' dir='ltr'><strong>in</strong></span> <span class='ocrx_word' id='word_1_734' title='bbox 2816 4013 3035 4082; x_wconf 88' lang='lat' dir='ltr'><strong>longum</strong></span> <span class='ocrx_word' id='word_1_735' title='bbox 3060 4010 3293 4083; x_wconf 88' lang='lat' dir='ltr'><strong>pedibus</strong></span> <span class='ocrx_word' id='word_1_736' title='bbox 3315 4026 3508 4082; x_wconf 84' lang='lat' dir='ltr'><strong>magna</strong></span> 
     </span>
    </p>
   </div>
   <div class='ocr_carea' id='block_1_89' title="bbox 1934 4100 3506 4177">
    <p class='ocr_par' dir='ltr' id='par_1_89' title="bbox 1934 4100 3506 4177">
     <span class='ocr_line' id='line_1_89' title="bbox 1934 4100 3506 4177; baseline -0.004 -17"><span class='ocrx_word' id='word_1_737' title='bbox 1934 4107 2172 4163; x_wconf 90' lang='lat' dir='ltr'><strong>transire</strong></span> <span class='ocrx_word' id='word_1_738' title='bbox 2205 4106 2382 4177; x_wconf 89' lang='lat' dir='ltr'><strong>spatia</strong></span> <span class='ocrx_word' id='word_1_739' title='bbox 2419 4106 2727 4166; x_wconf 83' lang='lat' dir='ltr'><strong>videantur,</strong></span> <span class='ocrx_word' id='word_1_740' title='bbox 2779 4118 2993 4172; x_wconf 86' lang='lat' dir='ltr'><strong>semper</strong></span> <span class='ocrx_word' id='word_1_741' title='bbox 3030 4110 3215 4156; x_wconf 89' lang='lat' dir='ltr'><strong>tamen</strong></span> <span class='ocrx_word' id='word_1_742' title='bbox 3250 4100 3319 4156; x_wconf 88' lang='lat' dir='ltr'><strong>ad</strong></span> <span class='ocrx_word' id='word_1_743' title='bbox 3362 4100 3506 4154; x_wconf 79' lang='lat' dir='ltr'><strong>infe-</strong></span> 
     </span>
    </p>
   </div>
   <div class='ocr_carea' id='block_1_90' title="bbox 1936 4189 3505 4268">
    <p class='ocr_par' dir='ltr' id='par_1_90' title="bbox 1936 4189 3505 4268">
     <span class='ocr_line' id='line_1_90' title="bbox 1936 4189 3505 4268; baseline -0.006 -15"><span class='ocrx_word' id='word_1_744' title='bbox 1936 4199 2079 4253; x_wconf 87' lang='lat' dir='ltr'><strong>riora</strong></span> <span class='ocrx_word' id='word_1_745' title='bbox 2125 4198 2349 4268; x_wconf 88' lang='lat' dir='ltr'><strong>delapso</strong></span> <span class='ocrx_word' id='word_1_746' title='bbox 2389 4195 2584 4251; x_wconf 91' lang='lat' dir='ltr'><strong>sabulo</strong></span> <span class='ocrx_word' id='word_1_747' title='bbox 2621 4193 2964 4248; x_wconf 83' lang='lat' dir='ltr'><strong>deferuntur.</strong></span> <span class='ocrx_word' id='word_1_748' title='bbox 3011 4191 3189 4248; x_wconf 81' lang='lat' dir='ltr'><strong>Motus</strong></span> <span class='ocrx_word' id='word_1_749' title='bbox 3226 4191 3393 4261; x_wconf 76' lang='lat' dir='ltr'><strong>igitur</strong></span> <span class='ocrx_word' id='word_1_750' title='bbox 3423 4189 3505 4252; x_wconf 79' lang='lat' dir='ltr'><strong>fit,</strong></span> 
     </span>
    </p>
   </div>
   <div class='ocr_carea' id='block_1_91' title="bbox 1934 4276 3508 4360">
    <p class='ocr_par' dir='ltr' id='par_1_91' title="bbox 1934 4276 3508 4360">
     <span class='ocr_line' id='line_1_91' title="bbox 1934 4276 3508 4360; baseline -0.006 -18"><span class='ocrx_word' id='word_1_751' title='bbox 1934 4304 2258 4360; x_wconf 84' lang='lat' dir='ltr'><strong>progressus</strong></span> <span class='ocrx_word' id='word_1_752' title='bbox 2303 4295 2483 4343; x_wconf 85' lang='lat' dir='ltr'><strong>autem</strong></span> <span class='ocrx_word' id='word_1_753' title='bbox 2516 4286 2701 4341; x_wconf 88' lang='lat' dir='ltr'><strong>nullus</strong></span> <span class='ocrx_word' id='word_1_754' title='bbox 2734 4285 2811 4340; x_wconf 87' lang='lat' dir='ltr'><strong>lit.</strong></span> <span class='ocrx_word' id='word_1_755' title='bbox 2835 4285 2917 4354; x_wconf 83' lang='lat' dir='ltr'><strong>_At</strong></span> <span class='ocrx_word' id='word_1_756' title='bbox 2955 4284 3000 4337; x_wconf 90' lang='lat' dir='ltr'><strong>si</strong></span> <span class='ocrx_word' id='word_1_757' title='bbox 3046 4283 3194 4353; x_wconf 91' lang='lat' dir='ltr'><strong>quis,</strong></span> <span class='ocrx_word' id='word_1_758' title='bbox 3230 4276 3312 4336; x_wconf 75' lang='grc' dir='ltr'><strong>ἰιι</strong></span> <span class='ocrx_word' id='word_1_759' title='bbox 3354 4280 3508 4338; x_wconf 69' lang='grc' dir='ltr'>Ροοιι</span> 
     </span>
    </p>
   </div>
   <div class='ocr_carea' id='block_1_92' title="bbox 1934 4374 3507 4449">
    <p class='ocr_par' dir='ltr' id='par_1_92' title="bbox 1934 4374 3507 4449">
     <span class='ocr_line' id='line_1_92' title="bbox 1934 4374 3507 4449; baseline -0.008 -13"><span class='ocrx_word' id='word_1_760' title='bbox 1934 4382 2095 4436; x_wconf 88' lang='lat' dir='ltr'><strong>mista</strong></span> <span class='ocrx_word' id='word_1_761' title='bbox 2126 4381 2289 4443; x_wconf 90' lang='lat' dir='ltr'><strong>dicit,</strong></span> <span class='ocrx_word' id='word_1_762' title='bbox 2323 4396 2353 4433; x_wconf 91' lang='lat' dir='ltr'><strong>a</strong></span> <span class='ocrx_word' id='word_1_763' title='bbox 2386 4378 2515 4434; x_wconf 69' lang='lat' dir='ltr'><strong>faece</strong></span> <span class='ocrx_word' id='word_1_764' title='bbox 2544 4378 2801 4449; x_wconf 85' lang='lat' dir='ltr'><strong>profundi</strong></span> <span class='ocrx_word' id='word_1_765' title='bbox 2827 4383 3091 4433; x_wconf 88' lang='lat' dir='ltr'><strong>retractos</strong></span> <span class='ocrx_word' id='word_1_766' title='bbox 3120 4376 3285 4445; x_wconf 88' lang='lat' dir='ltr'><strong>pedes</strong></span> <span class='ocrx_word' id='word_1_767' title='bbox 3320 4375 3374 4429; x_wconf 90' lang='lat' dir='ltr'><strong>in</strong></span> <span class='ocrx_word' id='word_1_768' title='bbox 3401 4374 3507 4428; x_wconf 72' lang='lat' dir='ltr'><strong>hoc</strong></span> 
     </span>
    </p>
   </div>
   <div class='ocr_carea' id='block_1_93' title="bbox 1935 4465 3507 4545">
    <p class='ocr_par' dir='ltr' id='par_1_93' title="bbox 1935 4465 3507 4545">
     <span class='ocr_line' id='line_1_93' title="bbox 1935 4465 3507 4545; baseline -0.006 -16"><span class='ocrx_word' id='word_1_769' title='bbox 1935 4473 2183 4545; x_wconf 88' lang='lat' dir='ltr'><strong>posuerit</strong></span> <span class='ocrx_word' id='word_1_770' title='bbox 2230 4470 2408 4541; x_wconf 84' lang='lat' dir='ltr'><strong>lapide</strong></span> <span class='ocrx_word' id='word_1_771' title='bbox 2453 4471 2633 4541; x_wconf 84' lang='lat' dir='ltr'><strong>(lapis</strong></span> <span class='ocrx_word' id='word_1_772' title='bbox 2679 4478 2863 4525; x_wconf 90' lang='lat' dir='ltr'><strong>autem</strong></span> <span class='ocrx_word' id='word_1_773' title='bbox 2905 4467 3159 4523; x_wconf 87' lang='lat' dir='ltr'><strong>Christus</strong></span> <span class='ocrx_word' id='word_1_774' title='bbox 3193 4474 3299 4529; x_wconf 85' lang='lat' dir='ltr'><strong>est,</strong></span> <span class='ocrx_word' id='word_1_775' title='bbox 3331 4465 3507 4535; x_wconf 56' lang='lat' dir='ltr'><strong>pleni-</strong></span> 
     </span>
    </p>
   </div>
   <div class='ocr_carea' id='block_1_94' title="bbox 1936 4557 3508 4630">
    <p class='ocr_par' dir='ltr' id='par_1_94' title="bbox 1936 4557 3508 4630">
     <span class='ocr_line' id='line_1_94' title="bbox 1936 4557 3508 4630; baseline -0.006 -13"><span class='ocrx_word' id='word_1_776' title='bbox 1936 4562 2066 4617; x_wconf 93' lang='lat' dir='ltr'><strong>tudo</strong></span> <span class='ocrx_word' id='word_1_777' title='bbox 2095 4563 2356 4617; x_wconf 87' lang='lat' dir='ltr'><strong>virtutum</strong></span> <span class='ocrx_word' id='word_1_778' title='bbox 2383 4561 2628 4615; x_wconf 90' lang='lat' dir='ltr'><strong>omnium</strong></span> <span class='ocrx_word' id='word_1_779' title='bbox 2660 4560 2679 4630; x_wconf 92' lang='lat'><strong>)</strong></span> <span class='ocrx_word' id='word_1_780' title='bbox 2706 4576 2720 4615; x_wconf 85' lang='lat'><strong>:</strong></span> <span class='ocrx_word' id='word_1_781' title='bbox 2745 4564 2955 4629; x_wconf 89' lang='lat' dir='ltr'><strong>quanto</strong></span> <span class='ocrx_word' id='word_1_782' title='bbox 2979 4557 3189 4611; x_wconf 84' lang='lat' dir='ltr'><strong>ﬁrmior</strong></span> <span class='ocrx_word' id='word_1_783' title='bbox 3216 4571 3281 4612; x_wconf 90' lang='lat' dir='ltr'><strong>ac</strong></span> <span class='ocrx_word' id='word_1_784' title='bbox 3310 4557 3508 4610; x_wconf 88' lang='lat' dir='ltr'><strong>immo-</strong></span> 
     </span>
    </p>
   </div>
   <div class='ocr_carea' id='block_1_95' title="bbox 1932 4647 3508 4715">
    <p class='ocr_par' dir='ltr' id='par_1_95' title="bbox 1932 4647 3508 4715">
     <span class='ocr_line' id='line_1_95' title="bbox 1932 4647 3508 4715; baseline -0.004 -8"><span class='ocrx_word' id='word_1_785' title='bbox 1932 4653 2115 4715; x_wconf 86' lang='lat' dir='ltr'><strong>bilior,</strong></span> <span class='ocrx_word' id='word_1_786' title='bbox 2166 4660 2224 4706; x_wconf 93' lang='lat' dir='ltr'><strong>ut</strong></span> <span class='ocrx_word' id='word_1_787' title='bbox 2260 4651 2459 4706; x_wconf 80' lang='lat' dir='ltr'><strong>Paulus</strong></span> <span class='ocrx_word' id='word_1_788' title='bbox 2508 4650 2771 4712; x_wconf 92' lang='lat' dir='ltr'><strong>consulit,</strong></span> <span class='ocrx_word' id='word_1_789' title='bbox 2820 4650 2874 4703; x_wconf 91' lang='lat' dir='ltr'><strong>in</strong></span> <span class='ocrx_word' id='word_1_790' title='bbox 2919 4648 3069 4703; x_wconf 84' lang='lat' dir='ltr'><strong>bono</strong></span> <span class='ocrx_word' id='word_1_791' title='bbox 3110 4647 3298 4711; x_wconf 70' lang='lat' dir='ltr'><strong>fuerit,</strong></span> <span class='ocrx_word' id='word_1_792' title='bbox 3353 4652 3508 4702; x_wconf 80' lang='lat' dir='ltr'><strong>tanto</strong></span> 
     </span>
    </p>
   </div>
   <div class='ocr_carea' id='block_1_96' title="bbox 1934 4738 3508 4812">
    <p class='ocr_par' dir='ltr' id='par_1_96' title="bbox 1934 4738 3508 4812">
     <span class='ocr_line' id='line_1_96' title="bbox 1934 4738 3508 4812; baseline -0.004 -15"><span class='ocrx_word' id='word_1_793' title='bbox 1934 4743 2178 4799; x_wconf 82' lang='lat' dir='ltr'><strong>velocius</strong></span> <span class='ocrx_word' id='word_1_794' title='bbox 2215 4743 2383 4809; x_wconf 83' lang='lat' dir='ltr'><strong>volat,</strong></span> <span class='ocrx_word' id='word_1_795' title='bbox 2417 4742 2523 4798; x_wconf 92' lang='lat' dir='ltr'><strong>hac</strong></span> <span class='ocrx_word' id='word_1_796' title='bbox 2559 4741 2857 4798; x_wconf 85' lang='lat' dir='ltr'><strong>stabilitate</strong></span> <span class='ocrx_word' id='word_1_797' title='bbox 2890 4743 3050 4812; x_wconf 88' lang='lat' dir='ltr'><strong>quasi</strong></span> <span class='ocrx_word' id='word_1_798' title='bbox 3097 4738 3291 4809; x_wconf 84' lang='lat' dir='ltr'><strong>pennis</strong></span> <span class='ocrx_word' id='word_1_799' title='bbox 3330 4738 3508 4794; x_wconf 84' lang='lat' dir='ltr'><strong>eleva-</strong></span> 
     </span>
    </p>
   </div>
   <div class='ocr_carea' id='block_1_97' title="bbox 1935 4841 2042 4889">
    <p class='ocr_par' dir='ltr' id='par_1_97' title="bbox 1935 4841 2042 4889">
     <span class='ocr_line' id='line_1_97' title="bbox 1935 4841 2042 4889; baseline 0.009 -1"><span class='ocrx_word' id='word_1_800' title='bbox 1935 4841 2042 4889; x_wconf 90' lang='lat' dir='ltr'><strong>tus.</strong></span> 
     </span>
    </p>
   </div>
   <div class='ocr_carea' id='block_1_98' title="bbox 246 4908 3507 5000">
    <p class='ocr_par' dir='ltr' id='par_1_98' title="bbox 246 4908 3507 5000">
     <span class='ocr_line' id='line_1_98' title="bbox 246 4908 3507 5000; baseline 0.002 -33"><span class='ocrx_word' id='word_1_801' title='bbox 246 4908 291 5000; x_wconf 50' lang='lat' dir='ltr'><strong>if.</strong></span> <span class='ocrx_word' id='word_1_802' title='bbox 311 4910 477 4982; x_wconf 57' lang='lat'><strong>2&amp;9:</strong></span> <span class='ocrx_word' id='word_1_803' title='bbox 504 4913 566 4968; x_wconf 80' lang='grc' dir='ltr'><strong>δέ</strong></span> <span class='ocrx_word' id='word_1_804' title='bbox 606 4918 764 4970; x_wconf 76' lang='grc' dir='ltr'>ἐστιν</span> <span class='ocrx_word' id='word_1_805' title='bbox 794 4920 822 4971; x_wconf 89' lang='lat'><strong>6</strong></span> <span class='ocrx_word' id='word_1_806' title='bbox 847 4919 1111 4990; x_wconf 76' lang='grc' dir='ltr'>Χριστὸς,</span> <span class='ocrx_word' id='word_1_807' title='bbox 1142 4919 1176 4988; x_wconf 78' lang='grc' dir='ltr'>ἡ</span> <span class='ocrx_word' id='word_1_808' title='bbox 1205 4918 1473 4991; x_wconf 81' lang='grc' dir='ltr'>παντελὴς</span> <span class='ocrx_word' id='word_1_809' title='bbox 1499 4919 1710 4991; x_wconf 81' lang='grc' dir='ltr'>ἀρετὴ).</span> <span class='ocrx_word' id='word_1_810' title='bbox 1741 4924 1851 4995; x_wconf 82' lang='grc' dir='ltr'><strong>ὅσῳ</strong></span> <span class='ocrx_word' id='word_1_811' title='bbox 1879 4927 2077 4997; x_wconf 79' lang='grc' dir='ltr'>μᾶλλον</span> <span class='ocrx_word' id='word_1_812' title='bbox 2100 4929 2311 5000; x_wconf 76' lang='grc' dir='ltr'>ἑδραῖος</span> <span class='ocrx_word' id='word_1_813' title='bbox 2344 4929 2401 4980; x_wconf 80' lang='grc' dir='ltr'>ὲν</span> <span class='ocrx_word' id='word_1_814' title='bbox 2445 4925 2524 4997; x_wconf 82' lang='grc' dir='ltr'>τῷ</span> <span class='ocrx_word' id='word_1_815' title='bbox 2566 4925 2755 4996; x_wconf 78' lang='grc' dir='ltr'>ἀγαθῷ</span> <span class='ocrx_word' id='word_1_816' title='bbox 2798 4925 2892 4979; x_wconf 83' lang='grc' dir='ltr'><strong>καὶ</strong></span> <span class='ocrx_word' id='word_1_817' title='bbox 2940 4924 3337 4996; x_wconf 80' lang='grc' dir='ltr'>ἀμετακίνητος</span> <span class='ocrx_word' id='word_1_818' title='bbox 3366 4921 3507 4977; x_wconf 74' lang='grc' dir='ltr'>κατὰ</span> 
     </span>
    </p>
   </div>
   <div class='ocr_carea' id='block_1_99' title="bbox 244 4997 3507 5103">
    <p class='ocr_par' dir='ltr' id='par_1_99' title="bbox 244 4997 3507 5103">
     <span class='ocr_line' id='line_1_99' title="bbox 244 4997 3507 5103; baseline 0.002 -48"><span class='ocrx_word' id='word_1_819' title='bbox 244 4997 332 5103; x_wconf 42' lang='grc' dir='ltr'>τὴν</span> <span class='ocrx_word' id='word_1_820' title='bbox 384 5004 722 5103; x_wconf 42' lang='grc' dir='ltr'>συμϐουλὴ-ν</span> <span class='ocrx_word' id='word_1_821' title='bbox 778 5007 870 5061; x_wconf 82' lang='grc' dir='ltr'><strong>τοῦ</strong></span> <span class='ocrx_word' id='word_1_822' title='bbox 926 5007 1139 5061; x_wconf 85' lang='grc' dir='ltr'>Παύλου</span> <span class='ocrx_word' id='word_1_823' title='bbox 1199 5006 1421 5078; x_wconf 87' lang='grc' dir='ltr'>γίνεται,</span> <span class='ocrx_word' id='word_1_824' title='bbox 1462 5009 1703 5080; x_wconf 79' lang='grc' dir='ltr'>τοσούτῳ</span> <span class='ocrx_word' id='word_1_825' title='bbox 1753 5012 1946 5067; x_wconf 73' lang='grc' dir='ltr'>θᾶττον</span> <span class='ocrx_word' id='word_1_826' title='bbox 1997 4997 2200 5069; x_wconf 81' lang='grc' dir='ltr'>διανὺει</span> <span class='ocrx_word' id='word_1_827' title='bbox 2261 5015 2351 5068; x_wconf 82' lang='grc' dir='ltr'>τὸν</span> <span class='ocrx_word' id='word_1_828' title='bbox 2403 5016 2605 5087; x_wconf 66' lang='grc' dir='ltr'>δρόμον,</span> <span class='ocrx_word' id='word_1_829' title='bbox 2631 5054 2646 5079; x_wconf 92' lang='grc'><strong>,</strong></span> <span class='ocrx_word' id='word_1_830' title='bbox 2686 5009 2796 5067; x_wconf 78' lang='grc' dir='ltr'>οἷόν</span> <span class='ocrx_word' id='word_1_831' title='bbox 2850 5030 2957 5068; x_wconf 88' lang='grc' dir='ltr'>τινι</span> <span class='ocrx_word' id='word_1_832' title='bbox 2998 5010 3183 5083; x_wconf 85' lang='grc' dir='ltr'>πτερῷ</span> <span class='ocrx_word' id='word_1_833' title='bbox 3218 5013 3285 5082; x_wconf 73' lang='grc' dir='ltr'>τῇ</span> <span class='ocrx_word' id='word_1_834' title='bbox 3320 5009 3507 5064; x_wconf 84' lang='grc' dir='ltr'>στάσει</span> 
     </span>
    </p>
   </div>
   <div class='ocr_carea' id='block_1_100' title="bbox 250 5096 3231 5177">
    <p class='ocr_par' dir='ltr' id='par_1_100' title="bbox 250 5096 3231 5177">
     <span class='ocr_line' id='line_1_100' title="bbox 250 5096 3231 5177; baseline 0.001 -24"><span class='ocrx_word' id='word_1_835' title='bbox 250 5096 513 5160; x_wconf 48' lang='grc' dir='ltr'>ἰώμενος</span> <span class='ocrx_word' id='word_1_836' title='bbox 536 5137 553 5160; x_wconf 86' lang='grc'><strong>.</strong></span> <span class='ocrx_word' id='word_1_837' title='bbox 596 5096 710 5149; x_wconf 73' lang='grc' dir='ltr'><strong>καὶ</strong></span> <span class='ocrx_word' id='word_1_838' title='bbox 742 5098 873 5168; x_wconf 72' lang='grc' dir='ltr'>πρὸς</span> <span class='ocrx_word' id='word_1_839' title='bbox 901 5098 999 5170; x_wconf 75' lang='grc' dir='ltr'>τὴν</span> <span class='ocrx_word' id='word_1_840' title='bbox 1025 5097 1139 5153; x_wconf 80' lang='grc' dir='ltr'>ἀνω</span> <span class='ocrx_word' id='word_1_841' title='bbox 1167 5105 1403 5175; x_wconf 78' lang='grc' dir='ltr'>πορείαν,</span> <span class='ocrx_word' id='word_1_842' title='bbox 1427 5102 1520 5159; x_wconf 73' lang='grc' dir='ltr'><strong>διὰ</strong></span> <span class='ocrx_word' id='word_1_843' title='bbox 1549 5103 1646 5172; x_wconf 79' lang='grc' dir='ltr'>τῆς</span> <span class='ocrx_word' id='word_1_844' title='bbox 1670 5101 2017 5176; x_wconf 84' lang='grc' dir='ltr'>βεϐαιότητος</span> <span class='ocrx_word' id='word_1_845' title='bbox 2052 5106 2147 5160; x_wconf 87' lang='grc' dir='ltr'><strong>τοῦ</strong></span> <span class='ocrx_word' id='word_1_846' title='bbox 2186 5105 2390 5175; x_wconf 80' lang='grc' dir='ltr'>ἀγαθοῦ</span> <span class='ocrx_word' id='word_1_847' title='bbox 2418 5146 2431 5169; x_wconf 92' lang='grc'><strong>,</strong></span> <span class='ocrx_word' id='word_1_848' title='bbox 2461 5106 2559 5177; x_wconf 84' lang='grc' dir='ltr'>τὴν</span> <span class='ocrx_word' id='word_1_849' title='bbox 2590 5104 2815 5177; x_wconf 84' lang='grc' dir='ltr'>καρδίαν</span> <span class='ocrx_word' id='word_1_850' title='bbox 2850 5104 3231 5175; x_wconf 67' lang='grc' dir='ltr'>πτερούμενοςι</span> 
     </span>
    </p>
   </div>
   <div class='ocr_carea' id='block_1_101' title="bbox 320 5226 1832 5317">
    <p class='ocr_par' dir='ltr' id='par_1_101' title="bbox 320 5226 1832 5317">
     <span class='ocr_line' id='line_1_101' title="bbox 320 5226 1832 5317; baseline 0.022 -38"><span class='ocrx_word' id='word_1_851' title='bbox 320 5226 374 5317; x_wconf 53' lang='lat'><strong>:0</strong></span> <span class='ocrx_word' id='word_1_852' title='bbox 397 5227 492 5283; x_wconf 70' lang='grc' dir='ltr'><strong>οὖν</strong></span> <span class='ocrx_word' id='word_1_853' title='bbox 522 5233 820 5301; x_wconf 71' lang='grc' dir='ltr'>ὑποδείξας</span> <span class='ocrx_word' id='word_1_854' title='bbox 854 5236 933 5306; x_wconf 78' lang='grc' dir='ltr'><strong>τῷ</strong></span> <span class='ocrx_word' id='word_1_855' title='bbox 973 5238 1191 5292; x_wconf 80' lang='grc' dir='ltr'>Μωῦσετ</span> <span class='ocrx_word' id='word_1_856' title='bbox 1211 5241 1292 5305; x_wconf 82' lang='grc' dir='ltr'>τὸν</span> <span class='ocrx_word' id='word_1_857' title='bbox 1321 5256 1512 5317; x_wconf 80' lang='grc' dir='ltr'>τόπον,</span> <span class='ocrx_word' id='word_1_858' title='bbox 1569 5243 1832 5313; x_wconf 70' lang='grc' dir='ltr'><strong>παρορμᾷ</strong></span> 
     </span>
    </p>
   </div>
   <div class='ocr_carea' id='block_1_102' title="bbox 266 5313 1831 5440">
    <p class='ocr_par' dir='ltr' id='par_1_102' title="bbox 266 5313 1831 5440">
     <span class='ocr_line' id='line_1_102' title="bbox 266 5313 1831 5440; baseline 0.02 -71"><span class='ocrx_word' id='word_1_859' title='bbox 266 5313 392 5440; x_wconf 38' lang='grc' dir='ltr'><strong>ἱξὲ</strong></span> <span class='ocrx_word' id='word_1_860' title='bbox 424 5320 518 5375; x_wconf 72' lang='grc' dir='ltr'><strong>τὸν</strong></span> <span class='ocrx_word' id='word_1_861' title='bbox 563 5323 790 5440; x_wconf 50' lang='grc' dir='ltr'>δράεέον.</span> <span class='ocrx_word' id='word_1_862' title='bbox 842 5325 952 5440; x_wconf 40' lang='lat' dir='ltr'><strong>re?</strong></span> <span class='ocrx_word' id='word_1_863' title='bbox 998 5326 1053 5379; x_wconf 73' lang='grc' dir='ltr'><strong>δι</strong></span> <span class='ocrx_word' id='word_1_864' title='bbox 1085 5327 1178 5440; x_wconf 55' lang='lat' dir='ltr'><strong>fut</strong></span> <span class='ocrx_word' id='word_1_865' title='bbox 1223 5313 1608 5440; x_wconf 58' lang='grc' dir='ltr'>τῆς”πέτρας</span> <span class='ocrx_word' id='word_1_866' title='bbox 1659 5334 1831 5400; x_wconf 72' lang='grc' dir='ltr'>ἐπαγ-</span> 
     </span>
    </p>
   </div>
   <div class='ocr_carea' id='block_1_103' title="bbox 268 5379 1830 5519">
    <p class='ocr_par' dir='ltr' id='par_1_103' title="bbox 268 5379 1830 5519">
     <span class='ocr_line' id='line_1_103' title="bbox 268 5379 1830 5519; baseline 0.02 -64"><span class='ocrx_word' id='word_1_867' title='bbox 268 5379 840 5519; x_wconf 33' lang='grc' dir='ltr'>τῖλῗμὲνοςυισιτάσιεί,</span> <span class='ocrx_word' id='word_1_868' title='bbox 871 5379 991 5519; x_wconf 41' lang='grc' dir='ltr'>τὸν.</span> <span class='ocrx_word' id='word_1_869' title='bbox 1017 5418 1191 5519; x_wconf 69' lang='grc' dir='ltr'>τρόπον</span> 
     </span>
    </p>
   </div>
   <div class='ocr_carea' id='block_1_104' title="bbox 281 5465 1828 5640">
    <p class='ocr_par' dir='ltr' id='par_1_104' title="bbox 281 5465 1828 5640">
     <span class='ocr_line' id='line_1_104' title="bbox 281 5465 1826 5552; baseline -0.015 -11"><span class='ocrx_word' id='word_1_870' title='bbox 281 5465 459 5552; x_wconf 52' lang='lat' dir='ltr'><strong>me);</strong></span> <span class='ocrx_word' id='word_1_871' title='bbox 1228 5465 1320 5551; x_wconf 71' lang='grc' dir='ltr'><strong>τῆ¹</strong></span> <span class='ocrx_word' id='word_1_872' title='bbox 1368 5465 1544 5519; x_wconf 67' lang='lat' dir='ltr'><strong>(iam</strong></span> <span class='ocrx_word' id='word_1_873' title='bbox 1610 5465 1826 5493; x_wconf 58' lang='grc' dir='ltr'><strong>δ’δ’-’π’</strong></span> 
     </span>
     <span class='ocr_line' id='line_1_105' title="bbox 390 5504 1828 5640; baseline 0.014 -89"><span class='ocrx_word' id='word_1_874' title='bbox 390 5518 423 5550; x_wconf 70' lang='grc' dir='ltr'><strong>,ρ</strong></span> <span class='ocrx_word' id='word_1_875' title='bbox 460 5519 665 5572; x_wconf 68' lang='grc' dir='ltr'>ρομιας</span> <span class='ocrx_word' id='word_1_876' title='bbox 692 5523 831 5577; x_wconf 76' lang='grc' dir='ltr'>αυτῳ</span> <span class='ocrx_word' id='word_1_877' title='bbox 863 5508 1173 5579; x_wconf 61' lang='grc' dir='ltr'>υποδεικνυσε,</span> <span class='ocrx_word' id='word_1_878' title='bbox 1206 5540 1268 5640; x_wconf 39' lang='grc' dir='ltr'><strong>ᾗ)</strong></span> <span class='ocrx_word' id='word_1_879' title='bbox 1290 5504 1351 5635; x_wconf 51' lang='grc' dir='ltr'><strong>ἑὲ</strong></span> <span class='ocrx_word' id='word_1_880' title='bbox 1400 5552 1477 5611; x_wconf 63' lang='grc' dir='ltr'><strong>ἐν</strong></span> <span class='ocrx_word' id='word_1_881' title='bbox 1527 5526 1607 5601; x_wconf 72' lang='grc' dir='ltr'><strong>τῇ</strong></span> <span class='ocrx_word' id='word_1_882' title='bbox 1649 5517 1828 5587; x_wconf 61' lang='grc' dir='ltr'>πέτρῃ</span> 
     </span>
    </p>
   </div>
   <div class='ocr_carea' id='block_1_105' title="bbox 134 5420 407 6209">
    <p class='ocr_par' dir='ltr' id='par_1_105' title="bbox 268 5420 407 5698">
     <span class='ocr_line' id='line_1_106' title="bbox 268 5420 407 5477; baseline 0.029 -22"><span class='ocrx_word' id='word_1_883' title='bbox 268 5420 407 5477; x_wconf 61' lang='grc' dir='ltr'>Ῐῐὶιίξ</span> 
     </span>
     <span class='ocr_line' id='line_1_107' title="bbox 281 5500 407 5551; baseline -0.04 -10"><span class='ocrx_word' id='word_1_884' title='bbox 281 5500 407 5551; x_wconf 57' lang='lat' dir='ltr'><strong>sue,</strong></span> 
     </span>
     <span class='ocr_line' id='line_1_108' title="bbox 340 5665 407 5698; baseline -0.015 -1"><span class='ocrx_word' id='word_1_885' title='bbox 340 5665 379 5698; x_wconf 68' lang='grc' dir='ltr'><strong>ν</strong></span> <span class='ocrx_word' id='word_1_886' title='bbox 401 5672 407 5697; x_wconf 69' lang='grc' dir='ltr'><strong>ι</strong></span> 
     </span>
    </p>
   </div>
   <div class='ocr_carea' id='block_1_106' title="bbox 340 5665 798 5743">
    <p class='ocr_par' dir='ltr' id='par_1_106' title="bbox 340 5665 798 5743">
     <span class='ocr_line' id='line_1_109' title="bbox 340 5665 798 5743; baseline 0.009 -19"><span class='ocrx_word' id='word_1_887' title='bbox 340 5665 379 5698; x_wconf 79' lang='lat'>“</span> <span class='ocrx_word' id='word_1_888' title='bbox 401 5672 567 5727; x_wconf 64' lang='lat' dir='ltr'><strong>Exod.</strong></span> <span class='ocrx_word' id='word_1_889' title='bbox 610 5693 677 5728; x_wconf 65' lang='grc' dir='ltr'>λι</span> <span class='ocrx_word' id='word_1_890' title='bbox 692 5693 798 5743; x_wconf 61' lang='lat' dir='ltr'><strong>wn,</strong></span> 
     </span>
    </p>
   </div>
   <div class='ocr_carea' id='block_1_107' title="bbox 2007 5238 3502 5316">
    <p class='ocr_par' dir='ltr' id='par_1_107' title="bbox 2007 5238 3502 5316">
     <span class='ocr_line' id='line_1_110' title="bbox 2007 5238 3502 5316; baseline -0.006 -16"><span class='ocrx_word' id='word_1_891' title='bbox 2007 5242 2144 5300; x_wconf 86' lang='lat' dir='ltr'><strong>Cum</strong></span> <span class='ocrx_word' id='word_1_892' title='bbox 2178 5245 2342 5316; x_wconf 79' lang='lat' dir='ltr'><strong>igitur</strong></span> <span class='ocrx_word' id='word_1_893' title='bbox 2390 5246 2568 5302; x_wconf 91' lang='lat' dir='ltr'><strong>locum</strong></span> <span class='ocrx_word' id='word_1_894' title='bbox 2603 5243 2744 5316; x_wconf 92' lang='lat' dir='ltr'><strong>apud</strong></span> <span class='ocrx_word' id='word_1_895' title='bbox 2795 5256 2854 5297; x_wconf 91' lang='lat' dir='ltr'><strong>se</strong></span> <span class='ocrx_word' id='word_1_896' title='bbox 2886 5240 3155 5305; x_wconf 85' lang='lat' dir='ltr'><strong>ostendit,</strong></span> <span class='ocrx_word' id='word_1_897' title='bbox 3201 5238 3267 5292; x_wconf 85' lang='lat' dir='ltr'><strong>ad</strong></span> <span class='ocrx_word' id='word_1_898' title='bbox 3310 5252 3502 5307; x_wconf 84' lang='lat' dir='ltr'><strong>perpe—</strong></span> 
     </span>
    </p>
   </div>
   <div class='ocr_carea' id='block_1_108' title="bbox 1937 5327 3503 5398">
    <p class='ocr_par' dir='ltr' id='par_1_108' title="bbox 1937 5327 3503 5398">
     <span class='ocr_line' id='line_1_111' title="bbox 1937 5327 3503 5398; baseline -0.004 -11"><span class='ocrx_word' id='word_1_899' title='bbox 1937 5341 2090 5387; x_wconf 91' lang='lat' dir='ltr'><strong>tuum</strong></span> <span class='ocrx_word' id='word_1_900' title='bbox 2137 5348 2358 5390; x_wconf 89' lang='lat' dir='ltr'><strong>cursum</strong></span> <span class='ocrx_word' id='word_1_901' title='bbox 2406 5334 2768 5398; x_wconf 78' lang='lat' dir='ltr'><strong>exhortatur;</strong></span> <span class='ocrx_word' id='word_1_902' title='bbox 2810 5347 2934 5387; x_wconf 90' lang='lat' dir='ltr'><strong>cum</strong></span> <span class='ocrx_word' id='word_1_903' title='bbox 2986 5339 3186 5388; x_wconf 89' lang='lat' dir='ltr'><strong>statum</strong></span> <span class='ocrx_word' id='word_1_904' title='bbox 3238 5329 3291 5381; x_wconf 93' lang='lat' dir='ltr'><strong>in</strong></span> <span class='ocrx_word' id='word_1_905' title='bbox 3326 5327 3503 5395; x_wconf 86' lang='lat' dir='ltr'><strong>lapide</strong></span> 
     </span>
    </p>
   </div>
   <div class='ocr_carea' id='block_1_109' title="bbox 1935 5417 3500 5495">
    <p class='ocr_par' dir='ltr' id='par_1_109' title="bbox 1935 5417 3500 5495">
     <span class='ocr_line' id='line_1_112' title="bbox 1935 5417 3500 5495; baseline -0.006 -17"><span class='ocrx_word' id='word_1_906' title='bbox 1935 5424 2189 5479; x_wconf 90' lang='lat' dir='ltr'><strong>daturum</strong></span> <span class='ocrx_word' id='word_1_907' title='bbox 2225 5440 2283 5481; x_wconf 89' lang='lat' dir='ltr'><strong>se</strong></span> <span class='ocrx_word' id='word_1_908' title='bbox 2317 5425 2612 5495; x_wconf 86' lang='lat' dir='ltr'><strong>promittit,</strong></span> <span class='ocrx_word' id='word_1_909' title='bbox 2648 5422 2867 5480; x_wconf 88' lang='lat' dir='ltr'><strong>modum</strong></span> <span class='ocrx_word' id='word_1_910' title='bbox 2903 5422 3086 5477; x_wconf 86' lang='lat' dir='ltr'><strong>divini.</strong></span> <span class='ocrx_word' id='word_1_911' title='bbox 3119 5434 3315 5475; x_wconf 89' lang='lat' dir='ltr'><strong>cursus</strong></span> <span class='ocrx_word' id='word_1_912' title='bbox 3356 5417 3500 5471; x_wconf 84' lang='lat' dir='ltr'><strong>illius</strong></span> 
     </span>
    </p>
   </div>
   <div class='ocr_carea' id='block_1_110' title="bbox 1936 5506 3499 5588">
    <p class='ocr_par' dir='ltr' id='par_1_110' title="bbox 1936 5506 3499 5588">
     <span class='ocr_line' id='line_1_113' title="bbox 1936 5506 3499 5588; baseline -0.008 -18"><span class='ocrx_word' id='word_1_913' title='bbox 1936 5517 2110 5585; x_wconf 78' lang='lat' dir='ltr'><strong>Moysi</strong></span> <span class='ocrx_word' id='word_1_914' title='bbox 2154 5516 2454 5586; x_wconf 86' lang='lat' dir='ltr'><strong>suhaperit.</strong></span> <span class='ocrx_word' id='word_1_915' title='bbox 2484 5516 2773 5588; x_wconf 84' lang='lat' dir='ltr'><strong>Capacitas</strong></span> <span class='ocrx_word' id='word_1_916' title='bbox 2799 5530 2927 5570; x_wconf 88' lang='lat' dir='ltr'><strong>vero</strong></span> <span class='ocrx_word' id='word_1_917' title='bbox 2960 5522 3053 5567; x_wconf 89' lang='lat' dir='ltr'><strong>aut</strong></span> <span class='ocrx_word' id='word_1_918' title='bbox 3089 5511 3334 5567; x_wconf 79' lang='lat' dir='ltr'><strong>foramen</strong></span> <span class='ocrx_word' id='word_1_919' title='bbox 3365 5506 3499 5575; x_wconf 84' lang='lat' dir='ltr'><strong>lapi-</strong></span> 
     </span>
    </p>
   </div>
  </div>
