4054 6436
553 354 659 412 £07

1790 357 1846 414 S.
1876 358 2136 419 GRECOI

2243 362 2377 417 NYS
2389 361 2543 418 SEN!
3706 374 3799 429 4θῖ

553 466 638 520 dis
661 465 840 520 verbis
865 465 1108 537 Apostoli
1133 465 1442 539 expositum
1469 475 1575 534 est,
1601 482 1726 524 cum
1754 471 1982 529 domum
2016 491 2126 532 non

2240 477 2487 550 (ὡρημα,
2536 479 2602 549 ἢν
2643 476 2782 546 ὀπὴν
2824 476 3078 548 ὀνομάζει
3118 476 3146 530 6
3174 476 3364 545 λόγος,
3401 476 3580 541 καλῶς
3610 479 3640 532 6
3677 480 3810 543 θεῖος

507 623 512 629 η
551 571 718 612 manu
754 556 950 613 factam
983 559 1265 616 caelestem
1297 575 1396 631 spe
1442 560 1510 617 iis
1551 565 1846 630 reservari,
1881 567 1974 636 qui
2012 573 2126 622 ter-

555 660 728 706 restre
781 653 1194 715 tabernaculum
1247 653 1652 720 dissulverunt,
1710 668 1941 713 asserat.
1993 658 2128 714 Nam

551 752 704 800 certe
737 745 829 815 qui
883 760 1108 801 cursum
1156 745 1414 817 perfecit,
1453 755 1514 802 ut
1552 748 1668 818 ipse
1700 749 1868 817 dicit,
1911 751 1967 805 in
2023 752 2132 806 lato

555 837 649 892 illo
681 845 737 893 et
771 837 1133 908 capacissima
1169 838 1366 904 stadio,
1397 839 1543 909 quod
1579 840 1764 895 divina
1802 856 1906 897 vox
1947 843 2129 898 locum

556 931 867 999 appellavit,
906 930 1000 1001 qui
1049 930 1303 985 videlicet
1354 929 1514 987 ﬁdem
1555 935 1923 1000 conservavit,
1961 935 2026 990 ‘ac
2074 936 2131 990 in

557 1021 755 1091 lapide.
788 1021 864 1075 uti
892 1022 1234 1098 aenigmatice
1262 1022 1484 1087 dicitur,
1520 1025 1682 1095 pedes
1709 1040 1841 1080 suos
1872 1027 2126 1090 ﬁrmavit,

556 1111 604 1167 is
633 1127 834 1167 corona
860 1113 1089 1182 iustitiae
1130 1130 1160 1168 a
1195 1130 1359 1169 manu
1391 1116 1510 1184 ejus
1538 1116 1630 1184 qui
1675 1119 1789 1170 haec
1825 1117 2130 1171 certamina

555 1201 715 1257 nobis
758 1205 1068 1274 proposuit,
1116 1207 1493 1261 coronabitur.
1541 1206 1668 1262 Haec
1714 1216 1896 1264 autem
1955 1209 2130 1280 gloria

555 1293 743 1348 multis
777 1305 1126 1365 nuncupatur
1173 1312 1203 1351 a
1244 1296 1530 1368 Scriptura
1585 1299 1901 1355 nominibus
1953 1319 1964 1353 :
2023 1313 2130 1352 una

555 1385 698 1439 enim
722 1393 776 1440 et
805 1385 994 1442 eadem
1024 1403 1114 1444 res
1143 1388 1232 1443 hic
1261 1389 1481 1459 quidem
1507 1390 1705 1460 lapidis
1730 1390 2010 1459 capacitas
2036 1403 2132 1457 ap-

555 1475 808 1546 pellatur,
841 1477 895 1530 in
933 1477 1060 1533 aliis
1092 1487 1272 1534 autem
1306 1479 1546 1549 paradisi
1582 1480 1828 1544 deliciae,
1877 1481 2132 1534 taberna-

553 1566 738 1620 culum
771 1575 1058 1634 azternum,
1091 1571 1304 1624 mansio
1345 1569 1488 1639 apud
1529 1569 1773 1633 Patrem,
1804 1569 2138 1639 patriarchas

553 1658 708 1713 sinus
733 1697 746 1722 ,
785 1660 934 1729 regio
969 1661 1304 1725 viventium,
1344 1675 1487 1730 aqua
1537 1662 1836 1730 requietis,
1873 1660 2132 1716 Hierusa-

554 1749 658 1805 lem
692 1751 964 1820 superior,
997 1766 1224 1821 regnum
1253 1752 1520 1806 cmlorum
1547 1793 1560 1813 .
1591 1752 1838 1824 Babylon
1888 1754 2126 1808 vocatio-

2246 568 2566 630 Ἀπόστολος
2589 569 2646 619 ἐν
2669 569 2782 630 τοῖς
2810 567 2960 630 ἰδίοις
2989 565 3165 635 λόγοις
3191 567 3610 637 διηρμήνευσεν.
3645 568 3812 622 οὶκίαν

2232 658 2639 730 ἀχειροποίητον
2696 659 2954 728 οὐρανίαν
3007 659 3326 710 ἀποκεῖσθαι
3363 658 3428 711 δι’
3461 659 3673 723 ἐλπίδος
3708 663 3812 724 τοῖς

2231 751 2330 820 τὴν
2364 751 2557 821 γηῖνην
2601 750 2808 822 σκηνὴν
2849 749 3132 802 διαλύσασι
3182 749 3376 818 λέγων.
3433 750 3671 821 Ἀληθῶς
3713 753 3815 824 γὰρ

2231 843 2261 895 6
2287 843 2376 895 τὸν
2404 841 2600 912 δρόμον
2624 840 2846 905 τελέσας
2865 881 2879 904 ,
2917 840 3099 906 καθώς
3127 858 3292 911 φησιν
3321 844 3348 894 6
3387 841 3727 906 Ἀπόστολος,
3759 843 3816 896 ἐν

2229 935 2426 1004 ἐκείνῳ
2452 933 2530 1004 τῷ
2581 933 2774 987 πλατεῖ
2814 935 2907 987 καὶ
2955 933 3253 1006 εὐρυχώρῳ
3307 935 3539 1006 σταδίῳ,
3573 935 3632 989 ὃν
3660 937 3817 989 τόπον

2228 1024 2558 1094 ὀνομάξειή
2613 1023 2732 1076 θεία
2786 1025 2977 1095 φωνὴ,
3021 1027 3118 1079 καὶ
3165 1026 3264 1097 τὴν
3316 1027 3498 1080 πίστιν
3554 1030 3815 1100 τηρήσας,

2233 1117 2374 1187 ἦτοι,
2397 1115 2578 1178 καθώς
2611 1132 2744 1186 φησι
2773 1116 2834 1168 τὸ
2857 1117 3119 1186 αἴνιγμα,
3142 1168 3146 1172 ,
3172 1119 3266 1170 ἐπὶ
3297 1119 3394 1189 τῆς
3447 1119 3653 1191 πέτρας
3695 1122 3820 1183 τοὺς

2238 1207 2399 1270 ἰδίους
2459 1206 2623 1269 πόδας
2675 1207 2929 1277 ἐρείσας·
2987 1200 3142 1272 οὗτος
3199 1208 3278 1278 τῷ
3321 1209 3423 1279 τῆς
3477 1209 3820 1281 δικαιοσύνης

2235 1297 2484 1368 στεφάνῳ
2513 1298 2660 1368 παρὰ
2691 1299 2789 1368 τῆς
2827 1297 3006 1369 χειρὸς
3047 1299 3139 1352 τοῦ
3174 1301 3511 1368 ἀγωνοθέτου
3544 1303 3818 1355 καλλωπι-

2233 1392 2490 1463 σθήσεται
2528 1409 2540 1420 ·
2586 1391 2647 1443 τὸ
2671 1391 2727 1442 δὲ
2757 1391 2994 1444 τοιοῦτον
3036 1392 3204 1462 γέρας
3243 1393 3514 1465 διαφόρως
3549 1395 3696 1466 παρὰ
3723 1397 3820 1467 τῆς

2234 1485 2454 1556 Γραφῆς
2495 1483 2836 1554 ὀνομάζεται.
2883 1484 2956 1536 T6
2995 1483 3104 1553 γὰρ
3145 1485 3275 1538 αὐτὸ
3316 1485 3546 1539 ἐνταῦθα
3587 1487 3686 1556 μὲν
3711 1486 3818 1557 χώ·-

2238 1588 2386 1644 ρημα
2431 1570 2638 1642 πέτρας
2681 1571 2936 1640 λέγεται·
2987 1573 3046 1624 ἐν
3093 1573 3300 1644 ἐτέροις
3343 1573 3434 1638 δὲ,
3490 1575 3818 1646 παραδείσου

2233 1667 2431 1738 τρυφὴ,
2461 1666 2555 1719 καὶ
2584 1666 2777 1719 αἱωνία
2813 1665 3006 1737 σκηνὴ,
3041 1667 3134 1720 καὶ
3167 1667 3302 1738 μονὴ
3334 1668 3481 1738 παρὰ
3507 1667 3588 1736 τῷ
3621 1670 3819 1737 Πατρὶ,

2235 1761 2330 1812 καὶ
2362 1760 2697 1830 πατριάρχου
2722 1759 2942 1822 κόλπος.
2967 1761 3061 1812 καὶ
3090 1759 3244 1831 χώρα
3275 1757 3514 1825 ζώντων,
3551 1760 3646 1812 καὶ
3676 1759 3821 1832 ὕδωρ

553 1841 662 1904 nis,
693 1855 897 1895 corona
936 1842 1259 1911 gratiarum,
1289 1858 1493 1898 corona
1526 1843 1979 1913 pulchritudinis,
2014 1851 2132 1898 tur-

2240 1852 2634 1919 ἀναπαύσεως,
2686 1853 2779 1906 καὶ
2813 1854 2845 1923 ἡ
2878 1852 2989 1906 ἄνω
3029 1851 3404 1924 Ἰερουσαλὴμ,
3439 1851 3533 1904 καὶ
3577 1850 3820 1921 βασιλεία

552 1930 632 1986 ris
669 1929 1036 1996 fortitudinis,
1080 1933 1493 2002 superruensale
1533 1932 1816 1999 gaudium,
1854 1932 1946 1988 Dei
2001 1947 2136 1988 con--

553 2038 763 2089 sessus,
822 2023 981 2079 sedes
1026 2023 1238 2093 judicii,
1285 2026 1441 2080 locus
1494 2026 2001 2091 nominatissimus,
2043 2042 2136 2082 oc-

555 2116 762 2169 cultum
803 2115 1238 2171 tabernaculum.
1283 2115 1404 2170 Una
1441 2133 1574 2188 ergo
1602 2119 1749 2174 illius
1786 2119 1976 2189 glorhe
2023 2119 2137 2175 haec

554 2225 773 2284 mleque
804 2211 1098 2280 appellatio
1131 2217 1215 2264 est
1253 2211 1442 2281 Moysi
1465 2211 1519 2264 in
1552 2211 1787 2282 lapidem
1824 2213 2133 2283 ingressus.

553 2298 687 2355 Nam
721 2302 982 2370 quoniam
1017 2299 1276 2356 Christus
1308 2301 1448 2371 lapis
1478 2312 1582 2368 est,
1632 2313 1691 2356 ut
1722 2302 1892 2357 Paulo
1933 2305 2135 2373 placet.

555 2407 773 2446 omnem
826 2399 1007 2446 autem
1052 2391 1322 2447 bonorum
1361 2407 1512 2461 spem
1553 2393 1607 2446 in
1648 2393 1870 2448 Christo
1913 2393 2138 2449 ﬁrmiter

553 2499 677 2540 esse
703 2485 980 2540 credimus
1018 2503 1030 2538 :
1063 2485 1156 2555 qui
1196 2486 1399 2540 bonum
1430 2486 1650 2556 aliquod
1687 2488 1920 2556 adeptus
1951 2495 2057 2550 est,
2091 2489 2136 2543 is

556 2578 612 2631 in
637 2578 862 2632 Christo
890 2585 1002 2641 est,
1028 2577 1121 2648 qui
1152 2593 1315 2633 omne
1347 2579 1548 2633 bonum
1577 2579 1822 2633 continet
1847 2599 1864 2657 :_
1890 2578 1982 2650 qui
2011 2595 2138 2634 vero

556 2671 623 2725 ad
652 2670 931 2724 Christum
967 2671 1236 2740 pervenit,
1270 2679 1322 2726 et
1357 2686 1522 2724 manu
1560 2669 1652 2725 Dei
1690 2679 1865 2726 tectus
1892 2671 2137 2740 est,(ma-

555 2778 662 2817 nus
689 2771 866 2818 autem
891 2762 989 2816 ὲῡεί
1019 2761 1149 2832 quid
1182 2762 1328 2817 aliud
1355 2778 1479 2818 esse
1496 2771 1695 2833 potest,
1713 2777 1875 2833 quam
1900 2762 2136 2817 creatrix

557 2873 740 2912 rerum
766 2858 960 2922 virtus,
992 2858 1109 2929 ipse
1144 2858 1463 2928 unigenitus
1499 2857 1666 2924 Deus,
1699 2873 1797 2927 per
1824 2873 1988 2928 quem
2019 2873 2136 2912 om-

558 2948 646 3002 nia
683 2947 823 3002 l‘acta
855 2957 1007 3014 sunt,
1040 2949 1136 3018 qui
1180 2956 1233 3003 et
1261 2948 1612 3003 currentibus
1649 2949 1803 3002 locus
1831 2955 1936 3011 est,
1969 2955 2025 3001 et
2051 2948 2136 3000 via

555 3054 777 3103 cursus,
818 3047 878 3092 ut
919 3041 1035 3108 ipse
1068 3039 1224 3104 dicit,
1263 3047 1319 3092 et
1367 3039 1510 3108 lapis
1547 3038 2030 3100 conﬁrmatorum,
2083 3044 2137 3092 et

554 3129 754 3186 domus
786 3131 1190 3199 quiescentium
1214 3125 1269 3196 εἰ)
1307 3130 1401 3199 qui
1439 3120 1701 3196 adhunc,
1733 3129 1979 3198 inquam,
2015 3143 2138 3198 pcr-

553 3224 723 3285 venit,
759 3223 806 3278 is
838 3222 1024 3276 audiet
1054 3231 1359 3282 vocantem,
1391 3233 1444 3275 et
1475 3236 1504 3274 a
1542 3228 1694 3292 tergo
1727 3221 1976 3275 vocantis
2021 3220 2138 3275 col-

555 3315 851 3376 locabitur,
884 3315 987 3368 hoc
1018 3320 1126 3378 est,
1157 3331 1175 3364 ι
1205 3311 1338 3368 Post
1366 3311 1656 3366 Dominum
1693 3310 1857 3366 Deum
1889 3312 2139 3366 ambula-

556 3404 658 3468 bit,
703 3424 721 3455 ι
760 3403 903 3458 sicut
944 3404 1030 3458 lex
1067 3396 1334 3473 praecipit.
1369 3400 1526 3467 Quod
1562 3415 1686 3454 cum
1726 3400 1993 3456 audiissct
2035 3399 2138 3454 Da-

554 3496 678 3562 vid,
730 3495 898 3565 probe
949 3494 1256 3561 intellexit,
1311 3493 1578 3548 habitanti
1633 3493 1781 3548 enim
1824 3493 1877 3547 in
1936 3493 2142 3548 auxilio

556 3586 771 3644 Excelsi
801 3589 954 3656 dicit,
979 3606 999 3639 ι
1024 3587 1082 3641 lu
1113 3587 1359 3656 scapulis
1383 3587 1500 3643 suis
1523 3585 1875 3641 obumbrabit
1899 3585 1995 3640 tibi
2019 3587 2087 3650 ⁷⁸,
2116 3605 2135 3638 ι

555 3681 701 3750 quod
731 3689 816 3737 est
865 3688 988 3749 post
1026 3679 1194 3734 Deum
1230 3695 1353 3736 esse
1388 3678 1751 3735 constitutum
1790 3696 1802 3732 :
1849 3685 1974 3732 nam
2019 3693 2142 3732 sca-

556 3774 696 3841 pube
761 3773 1069 3843 posteriora
1135 3780 1286 3828 sunt.
1353 3771 1429 3826 De
1493 3786 1552 3826 se
1617 3777 1799 3825 autem
1858 3770 2059 3825 clamat
2124 3788 2136 3822 :

563 3883 582 3913 ι
611 3862 860 3918 Adhaesit
891 3865 1073 3917 anima
1117 3877 1238 3918 mea
1271 3870 1395 3932 post
1437 3873 1506 3925 te.
1536 3871 1589 3917 et
1618 3861 1860 3932 suscepit
1890 3877 1978 3917 me
2009 3863 2142 3915 dex-

557 3964 670 4008 tera
703 3963 794 4008 tua
823 3954 941 4030 ".‘D
975 3952 1141 4009 Vides
1171 3953 1448 4023 quomodo
1477 3951 1768 4009 Psalniista
1805 3969 1930 4007 cum
1964 3952 2140 4006 histo-

557 4046 638 4100 ria
685 4045 980 4101 consentit.
1033 4043 1168 4099 Nam
1204 4053 1263 4099 ut
1302 4044 1390 4098 hic
1440 4043 1643 4098 dicitur
1682 4059 1804 4098 eum
1843 4058 1873 4096 a
1918 4042 2142 4097 dextera

556 4139 786 4210 suscipi,
822 4143 914 4210 qui
953 4147 1077 4210 post
1116 4137 1286 4193 Deum
1320 4136 1549 4192 adha‘sit
1587 4154 1599 4190 :
1647 4135 1729 4190 sic
1763 4135 1835 4190 ibi
1872 4150 1995 4189 eum
2027 4149 2142 4189 ma-

555 4251 663 4292 nus
703 4235 855 4307 legit,
891 4235 984 4304 qui
1015 4233 1105 4290 Dei
1139 4248 1326 4289 vocem
1361 4237 1650 4302 exspectat
1698 4231 1752 4283 in
1793 4228 1996 4299 lapide.
2033 4226 2141 4282 Sed

557 4328 822 4384 Dominus
852 4321 1074 4399 quoque
1116 4327 1210 4398 qui
1256 4325 1428 4398 Moysi
1468 4324 1693 4389 oracula
1730 4322 1900 4385 dedit,
1936 4321 2028 4391 qui
2073 4321 2140 4374 ad

559 4420 893 4490 implendum
925 4421 1097 4491 legem
1131 4434 1288 4475 suam
1325 4419 1496 4482 venit,
1538 4417 1766 4487 aenigma
1813 4414 1865 4468 id
1896 4414 2142 4468 enodans

2237 1943 2500 2016 οὐρανῶν,
2537 1945 2630 1997 καὶ
2665 1944 2912 2015 βραϐεῖον
2938 1943 3202 2015 κλήσεως,
3241 1944 3335 1996 καὶ
3378 1944 3640 2011 στέφανος
3670 1943 3824 2013 χαρί-

2237 2051 2364 2096 των,
2409 2035 2502 2088 καὶ
2545 2035 2805 2104 στέφανος
2843 2035 3092 2098 κάλλους,
3129 2036 3223 2087 καί
3254 2034 3462 2105 πύργος
3493 2033 3695 2103 ἰσχύος,
3730 2034 3824 2086 καὶ

2239 2128 2621 2197 ἐπιτραπέζιος
2675 2126 3004 2197 εὐφροσύνη,
3059 2126 3154 2178 καὶ
3203 2124 3338 2179 Θεοῦ
3389 2125 3679 2194 συνεδρία,
3731 2125 3826 2177 καὶ

2235 2221 2426 2293 θρόνος
2459 2220 2693 2292 κρίσεως
2719 2259 2732 2282 ,
2787 2218 2881 2272 καὶ
2924 2217 3091 2280 τόπος
3125 2216 3423 2287 ὀνομαστὸς
3451 2257 3465 2280 ,
3518 2216 3612 2268 καὶ
3653 2216 3823 2286 σκηνὴ

2241 2312 2579 2382 ἀπόκρυφος.
2640 2311 2738 2363 Ἓν
2770 2305 2862 2361 οῦν
2895 2309 2986 2361 καὶ
3013 2307 3170 2361 τοῦτό
3201 2324 3378 2378 φαμεν
3414 2303 3551 2360 εἶναι
3592 2306 3701 2359 τῶν
3745 2309 3824 2360 εἰς

2237 2402 2396 2457 τοῦτο
2447 2402 2724 2474 φερόντων
2764 2400 2824 2453 τὸ
2869 2401 3066 2470 νόημα,
3117 2399 3214 2470 τὴν
3247 2401 3326 2461 εἰς
3356 2399 3453 2470 τὴν
3490 2398 3695 2468 πέτραν
3732 2397 3823 2450 τοῦ

2240 2494 2518 2556 Μωῦσέως
2570 2493 2793 2545 εἴσοδον.
2864 2490 3079 2561 Ἐπειδὴ
3130 2490 3238 2560 γὰρ
3287 2489 3520 2560 Χριστος
3567 2491 3600 2558 ἡ
3651 2489 3826 2559 πέτρα

2240 2582 2390 2654 παρὰ
2420 2581 2512 2634 τοῦ
2546 2581 2758 2634 Παύλου
2790 2581 3035 2650 νενόηται
3074 2597 3086 2608 ·
3143 2581 3293 2633 πᾶσα
3324 2579 3379 2632 δέ
3421 2578 3640 2646 ἀγαθῶν
3669 2577 3827 2640 ἐλπὶς

2241 2673 2299 2725 ἐν
2327 2671 2403 2743 τῷ
2435 2671 2654 2743 Χριστῷ
2686 2667 2824 2725 εἶναι
2870 2670 3202 2736 πιστεύεται,
3252 2673 3308 2724 ἐν
3343 2664 3387 2737 ᾧ
3432 2669 3638 2732 πάντας
3685 2665 3827 2722 εἶναι

2241 2766 2365 2827 τοὺς
2413 2764 2722 2834 θησαυροὺς
2768 2764 2876 2816 τῶν
2917 2763 3138 2832 ἀγαθῶν
3200 2764 3639 2834 μεμαθήκαμεν·
3695 2763 3725 2814 6
3767 2764 3825 2813 ἐν

2241 2855 2428 2925 ἁγαθῷ
2454 2871 2558 2908 τινι
2589 2854 2900 2924 γενόμενος,
2925 2854 2981 2905 ἐν
3009 2853 3086 2923 τῷ
3118 2853 3336 2924 Χριστῷ
3365 2853 3580 2914 πάντως
3609 2853 3727 2904 ἐστὶ
3751 2850 3831 2920 τῷ

2241 2945 2571 3018 περιεκτικῷ
2605 2945 2800 3008 παντὸς
2827 2943 3034 3012 ἀγαθοῦ
3055 2961 3066 2974 ·
3111 2946 3138 2996 6
3167 2943 3224 2995 δὲ
3263 2945 3422 3014 μέχρι
3459 2943 3647 2996 τούτου
3691 2943 3832 3012 φθά-

2243 3054 2360 3100 σας,
2391 3037 2484 3088 καὶ
2518 3037 2621 3089 ὑπὸ
2646 3036 2744 3105 τῆς
2768 3035 2859 3088 τοῦ
2890 3034 3024 3088 Θεοῦ
3050 3035 3233 3106 χειρὸς
3261 3034 3612 3097 σκεπασθεὶς,
3639 3035 3828 3099 καθὼς

2241 3131 2269 3181 6
2314 3129 2469 3196 λόγος
2513 3127 2879 3198 ἐπηγγείλατο
2936 3128 3099 3198 (χεὶρ
3149 3128 3192 3178 δ’
3242 3126 3309 3180 ἂν
3357 3125 3441 3196 εἴη
3485 3125 3580 3178 τοῦ
3612 3126 3752 3179 Θεοῦ
3790 3128 3825 3196 ἡ

2241 3219 2607 3291 δημιουργικὴ
2634 3218 2739 3271 τῶν
2767 3219 2934 3272 ὄντων
2979 3217 3226 3288 δύναμις,
3267 3219 3295 3270 6
3338 3216 3631 3290 μονογενὴς
3668 3217 3827 3280 Θεὸς,

2241 3313 2306 3364 δι’
2333 3307 2392 3366 οὗ
2420 3310 2488 3363 τὰ
2519 3311 2694 3364 πάντα
2741 3309 2980 3378 ἐγένετο,
3025 3308 3083 3372 ὃς
3115 3309 3208 3362 καὶ
3237 3310 3347 3372 τοῖς
3382 3309 3629 3380 τρέχουσι
3662 3309 3837 3373 τόπος

2241 3403 2410 3464 ἐστὶν,
2455 3402 2571 3465 ὁδὸς
2620 3401 2712 3454 τοῦ
2760 3401 2958 3472 δρόμου
2994 3401 3309 3469 γινόμενος.
3365 3400 3506 3453 κατὰ
3553 3401 3652 3470 τὴν
3693 3400 3837 3453 ἰδίαν

2244 3495 2447 3564 ςωνὴν,
2481 3493 2574 3547 καὶ
2621 3493 2794 3564 πέτρα
2829 3492 3036 3561 γίνεται
3081 3495 3194 3555 τοῖς
3247 3491 3504 3561 βεϐαίοις,
3541 3492 3634 3544 καὶ
3679 3487 3840 3556 οἶκος

2207 3617 2209 3620 -
2241 3587 2352 3647 τοῖς
2375 3583 2850 3654 ἀναπαυομένοις),
2895 3582 3017 3636 τότε
3044 3581 3337 3636 ἀκούσεται
3364 3582 3455 3634 τοῦ
3492 3582 3843 3654 προσκαλου-

2246 3676 2428 3746 μένου,
2472 3676 2566 3728 καὶ
2606 3676 2834 3730 κατόπιν
2867 3674 2960 3728 τοῦ
2997 3675 3287 3738 καλοῦντος
3334 3675 3642 3746 γενήσεται,
3677 3692 3845 3729 τουτ-

2243 3767 2408 3832 έστιν,
2444 3786 2461 3820 ι
2499 3767 2705 3821 Ὀπίσω
2731 3768 2934 3837 Κυρίου
2952 3767 3042 3821 τοῦ
3063 3767 3195 3822 Θεοῦ
3226 3768 3570 3840 πορεύσεται,
3599 3788 3618 3821 ι
3648 3767 3844 3834 καθὼς

2241 3859 2269 3910 6
2303 3859 2464 3930 νόμος
2494 3861 2802 3932 παρεγγυᾷ.
2852 3860 3030 3930 Ὅπερ
3057 3860 3296 3925 ἀκούσας
3333 3860 3521 3931 ἐνόησε
3555 3860 3649 3913 καὶ
3678 3861 3708 3912 6
3736 3862 3848 3930 μέ-

2242 3969 2345 4022 γας
2377 3952 2558 4015 Δαϐὶδ,
2592 3951 2669 4022 τῷ
2700 3952 2794 4021 μὲν
2825 3951 3165 4006 κατοικοῦντι
3195 3954 3252 4007 ἐν
3293 3952 3513 4025 βοηθείᾳ
3537 3953 3628 4004 τοῦ
3673 3951 3846 4022 Ὑψί-

2245 4061 2369 4098 στου
2402 4043 2595 4113 λέγων,
2642 4044 2724 4096 ὅτι
2777 4061 2796 4093 ι
2834 4043 2922 4095 Ἐν
2954 4046 3066 4105 τοῖς
3106 4044 3460 4115 μεταφρένοις
3508 4042 3675 4097 αὐτοῦ
3707 4047 3844 4096 ἐπι-

2245 4135 2458 4189 σκιάσει
2496 4151 2599 4200 σοι,
2633 4153 2651 4185 ι
2707 4134 2843 4203 ὅπερ
2868 4129 2985 4188 ἶσόν
3017 4137 3133 4188 ἐστι
3164 4135 3241 4206 τῷ
3271 4137 3496 4189 κατόπιν
3536 4135 3699 4188 αὑτὸν
3733 4136 3845 4189 τοῦ

2241 4226 2375 4280 Θεοῦ
2398 4223 2567 4280 εἶναι’
2600 4227 2658 4278 ἐν
2679 4225 2788 4296 γὰρ
2812 4227 2924 4288 τοῖς
2950 4225 3217 4289 ὀπισθίοις
3248 4227 3364 4278 ἐστὶ
3386 4225 3446 4279 τὸ
3470 4226 3844 4296 μετάφρενον.

2245 4317 2382 4388 Περὶ
2411 4314 2606 4370 ἑαυτοῦ
2635 4316 2692 4370 δὲ
2719 4316 2878 4370 τοῦτο
2913 4316 3070 4387 βοῶν,
3101 4318 3181 4370 ὅτι
3239 4336 3257 4368 ι
3295 4317 3586 4388 Ἐκολλήθη
3619 4319 3652 4387 ἡ
3681 4316 3844 4389 ψυχή

2247 4425 2349 4480 μου
2391 4408 2566 4462 ὀπίσω
2609 4425 2724 4470 σου,
2774 4407 2910 4478 ἐμοῦ
2941 4408 2999 4460 δέ
3030 4407 3412 4478 ἀντελάϐετοή
3453 4407 3603 4474 δεξιὰ
3649 4425 3772 4462 σου.
3822 4430 3842 4462 ι

559 4511 927 4580 apertissime,
956 4509 1208 4566 similiter
1229 4509 1296 4564 ad
1323 4509 1628 4579 discipulos
1655 4506 1769 4560 ait:
1801 4524 1819 4555 ‹
1851 4501 1909 4557 Si
1941 4503 2087 4574 quis,
2118 4521 2135 4554 ι

2259 4501 2421 4571 Ὁρᾷς
2452 4499 2570 4562 πῶς
2615 4499 2902 4570 συμϐαίνει
2946 4503 3010 4571 τῇ
3065 4500 3274 4571 ἱστορίᾳ
3305 4501 3337 4569 ἡ
3371 4499 3681 4570 ψαλμῳδία.
3745 4501 3853 4563 Ὡς

558 4602 759 4672 inquit,
794 4619 813 4652 ι
854 4603 970 4656 vult
1001 4611 1125 4671 post
1159 4617 1245 4656 me
1284 4603 1470 4656 venire
1496 4601 1562 4664 ⁷⁸,
1604 4620 1622 4652 ι
1671 4614 1779 4654 non
1825 4598 1982 4662 dixit,
2015 4606 2141 4651 ante

562 4709 668 4748 me.
715 4695 831 4749 Hoc
871 4710 1090 4765 quoque
1127 4695 1306 4763 ipsum
1359 4693 1579 4749 cuidam
1631 4707 1730 4762 pro
1769 4692 1881 4747 vita
1934 4699 2142 4745 aeterna

559 4786 890 4857 supplicanti
943 4786 1190 4856 praecipit
1246 4786 1493 4841 dicens:
1551 4803 1571 4837 ι
1609 4783 1747 4840 Veni
1797 4792 1852 4840 et
1908 4797 2141 4853 sequere

558 4893 648 4934 me
679 4900 691 4934 :
724 4897 743 4931 ι
770 4879 862 4949 qui
893 4887 1073 4933 autem
1107 4878 1379 4948 sequitur,
1410 4893 1517 4931 non
1547 4876 1761 4940 faciem,
1798 4877 1891 4932 sed
1928 4884 2138 4945 tergum

560 4972 776 5042 aspicit.
827 4971 1067 5027 Docetur
1117 4971 1286 5041 igitur
1336 4969 1552 5041 Moyses
1599 4969 1921 5024 desiderans
1971 4969 2139 5023 Deum

560 5065 780 5129 videre,
814 5063 1089 5133 quomodo
1130 5069 1311 5133 potest
1358 5061 1502 5118 Deus
1533 5061 1746 5128 videri;
1789 5061 1942 5130 sequi
1991 5060 2140 5116 enim

559 5147 733 5204 Deum
779 5149 946 5205 corde
989 5164 1053 5204 ac
1087 5149 1271 5204 animo
1315 5165 1534 5219 semper
1577 5164 1909 5219 quocunque
1955 5149 2139 5214 ducat,

561 5240 802 5318 idipsum
846 5248 931 5298 est
961 5240 1130 5297 Deum
1158 5241 1343 5297 videre
1374 5244 1453 5295 7":
1497 5242 1701 5296 etenim
1747 5240 2012 5295 transitus
2053 5241 2143 5295 ille

564 5332 680 5398 Dei,
731 5333 925 5390 ducem
973 5349 1095 5391 esse
1147 5333 1316 5391 Deum
1365 5334 1648 5406 sequentis
1681 5332 1987 5404 signiﬁcat,
2017 5347 2140 5386 cum

563 5440 668 5480 non
705 5425 776 5481 sit
804 5427 1065 5496 possibile
1102 5428 1244 5482 viam
1286 5427 1561 5498 ignoranti
1603 5435 1750 5480 recte
1782 5440 1846 5480 ac
1877 5432 1994 5479 tuto
2041 5423 2143 5479 iter

565 5530 848 5588 peragere,
879 5520 988 5576 nisi
1015 5529 1138 5591 post
1167 5521 1360 5575 ducem
1393 5529 1541 5576 recte
1572 5528 1856 5590 sequatur.

2249 4592 2356 4665 γὰρ
2382 4588 2535 4656 οὗτός
2563 4609 2717 4661 φησι,
2744 4591 2821 4662 τῷ
2842 4592 3016 4646 ὀπίσω
3040 4592 3130 4645 τοῦ
3161 4591 3303 4645 Θεοῦ-
3325 4592 3553 4661 κεκολλη
3563 4591 3711 4661 μένῳ
3733 4592 3853 4664 τὴν

2244 4685 2347 4756 τῆς
2374 4685 2553 4753 δεξιᾶς
2581 4679 2720 4739 εἶναι
2746 4684 3059 4755 ἀντίληψιν·
3091 4685 3233 4738 οὕτω
3263 4684 3422 4738 κάκεῖ
3448 4686 3480 4755 ἡ
3511 4685 3631 4754 χεὶρ
3665 4685 3852 4738 ἀπτε-

2246 4795 2332 4831 ται
2360 4777 2452 4831 τοῦ
2483 4778 2540 4831 ἐν
2568 4781 2633 4848 τῇ
2671 4777 2846 4848 πέτρᾳ
2887 4777 2985 4848 τὴν
3022 4777 3171 4830 θείαν
3221 4776 3401 4848 φωνὴν
3446 4777 3852 4847 ἀναμένοντος,

2248 4873 2341 4925 καὶ
2379 4872 2608 4925 κατόπιν
2639 4871 2949 4924 ἀκολουθεῖν
2983 4870 3301 4941 εὐχομένου.
3344 4869 3503 4922 Ἀλλὰ
3538 4869 3634 4921 καὶ
3660 4869 3690 4920 6
3721 4869 3859 4921 Κύ-

2251 4981 2380 5034 ριος,
2412 4965 2441 5016 6
2466 4963 2584 5016 τότε
2617 4963 2692 5032 τῷ
2721 4950 2944 5015 Μωῦσεί
2968 4960 3332 5032 χρηματίσας,
3366 4962 3394 5013 6
3418 4960 3711 5031 πληρωτὴς
3737 4961 3856 5014 τοῦ

2251 5056 2378 5108 ίδίου
2432 5057 2596 5124 νόμου
2647 5054 2957 5123 γενόμενος,
3001 5055 3201 5124 ὁμοίως
3247 5054 3381 5126 πρὸς
3424 5053 3548 5116 τοὺς
3582 5052 3858 5121 μαθητὰς

2248 5147 2601 5218 διεξέρχεται,
2642 5147 2975 5217 ἀπογυμνῶν
3013 5147 3121 5199 τῶν
3154 5148 3210 5198 ἐν
3243 5145 3522 5215 αἰνίγματι
3553 5144 3852 5214 ῥηθέντων

2250 5241 2329 5302 εἰς
2361 5239 2421 5292 τὸ
2455 5237 2691 5309 ἐμφανὲς
2725 5239 2820 5309 τὴν
2868 5238 3105 5291 διάνοιαν
3137 5253 3151 5268 ⁸
3206 5257 3222 5289 ι
3259 5237 3326 5291 Εἴ
3366 5254 3447 5299 τις
3483 5235 3624 5288 θέλει
3655 5234 3858 5287 ὀπίσω

2253 5350 2354 5403 μου
2386 5331 2580 5394 ἐλθεῖν,
2614 5351 2631 5382 ›
2675 5331 2885 5400 λέγων’
2927 5333 3046 5394 οὐκ,
3092 5330 3161 5383 Εἴ
3199 5347 3280 5393 τις
3329 5327 3660 5400 ἔμπροσθεν.
3725 5327 3858 5379 Καὶ

2251 5421 2328 5492 τῷ
2378 5423 2504 5492 περὶ
2534 5423 2632 5492 τῆς
2676 5421 2893 5475 αἰωνίου
2921 5421 3065 5490 ζωῆς
3089 5419 3405 5484 ἱκετεύοντι,
3431 5417 3489 5470 τὸ
3515 5415 3648 5470 αύτὺ
3674 5415 3858 5472 τοῦτο

2254 5516 2585 5570 ὑποτίθεταιο
2617 5535 2634 5564 ι
2661 5515 2829 5587 Δεῦρο
2859 5535 2875 5565 ι
2917 5516 3044 5584 γὰρ,
3081 5515 3264 5584 φησιν,
3302 5533 3317 5564 ι
3347 5509 3627 5565 ἀκολούθει
3659 5526 3784 5580 μοι’
3829 5530 3852 5564 ι

564 5612 592 5661 ὁ
619 5610 677 5665 δὲ
713 5613 1040 5680 ἀκολουθῶν,
1087 5615 1148 5668 τὶ
1180 5615 1403 5670 ὄπισθεν
1434 5615 1637 5684 βλέπει.
1669 5612 1876 5667 Ούκοῦν
1906 5613 2214 5666 διδάσκεται
2245 5611 2339 5666 νῦν
2376 5614 2403 5665 6
2436 5610 2755 5694 Μωῦσῆς,ό
2791 5611 2916 5664 ἰδεῖν
2947 5611 3037 5664 τὸν
3070 5610 3202 5663 Θεὸν
3241 5609 3507 5671 σπεύδων,
3539 5609 3660 5671 πῶς
3689 5609 3859 5662 ἔστιν

662 5811 866 5871 "Psal.
893 5828 976 5883 xc,
1017 5814 1069 5870 4.
1137 5815 1182 5846 ⁷³
1219 5813 1386 5870 Psal..
1426 5829 1555 5880 Lxu,
1596 5815 1647 5869 9.
1713 5814 1757 5844 7"
1785 5813 1914 5870 Luc.
1955 5829 2028 5878 Ix,
2075 5813 2163 5866 ‘25.

2243 5813 2289 5845 ⁷⁸
2317 5812 2483 5866 Marc.
2524 5828 2575 5878 τ,
2611 5813 2703 5867 EH.
