4054 6436
267 247 357 304 409
1611 263 1696 320 DE
1730 266 1894 322 VITA
1931 266 2204 324 MOYSIS.
3400 286 3503 343 M0

267 360 494 471 ἑξεῖ-θετον
535 361 691 466 Θεόνο
723 363 805 471 ὅτι
851 365 913 471 16
941 368 1254 426 ἀκολουθεῖν
1305 374 1382 444 τῷ
1419 375 1559 448 Θεῷ,
1602 380 1723 434 καθ’
1759 385 1896 456 ὅπερ
1929 387 1993 439 ἂν
2035 387 2374 456 καθηγεῖται,
2409 388 2564 440 τοῦτο
2599 388 2813 458 βλέπειν
2842 393 2956 445 ἐστὶ
2995 393 3085 447 τὸν
3115 395 3281 450 Θεόν·
3325 400 3358 468 ἡ
3386 397 3500 471 γὰρ

263 453 472 520 πάροδος
509 455 671 507 αυτοῦ
713 456 811 526 τὴν
841 460 1064 530 ὁδηγίαν
1085 462 1178 535 τοῦ
1209 465 1477 535 ἑπομένου
1512 469 1884 542 διασημαίνει,
1919 478 1978 529 οὺ
2009 477 2117 548 γὰρ
2147 477 2292 530 ἔστιν
2325 479 2496 544 ἄλλως
2526 480 2616 531 τὸν
2647 481 2942 547 ἀγνοοῦντα
2969 484 3063 555 τὴν
3094 486 3212 541 ὁδον
3242 488 3500 561 ἀσφαλῶς

257 543 501 606 διανύσαι,
535 547 608 616 μὴ
639 546 718 617 τῷ
751 549 1143 624 καθηγουμένῳ
1174 559 1400 612 κατόπιν
1441 562 1724 632 ἑπόμενον.
2846 603 2850 608 ·
3007 571 3016 576 ’

324 637 375 688 '0
395 633 484 689 οὖν
515 638 746 707 ὁδηγῶν,
779 641 856 710 τῷ
884 648 1239 714 προηγεῖσθαι
1277 651 1370 704 τοῦ
1416 654 1682 724 ἑπομένου
1725 661 1790 727 τὴ

1998 657 2114 712 Dux
2153 661 2319 729 igitur
2359 667 2653 728 prmeundo
2689 666 2935 734 sequenti
2987 668 3129 722 viam
3177 681 3493 728 monstrat:

256 729 354 782 ὁδὸν
393 730 768 785 ὑποδείκνυσιν
798 751 812 763 ’
857 735 886 786 6
915 735 971 787 δὲ
1004 736 1291 806 ἑπόμενος,
1323 741 1443 794 τότε
1474 745 1571 813 τῆς
1601 746 1816 811 εὐθείας

253 822 336 873 οὐκ
376 821 806 892 ἑκτραπήσεται,
857 825 904 877 εί
952 825 1012 878 16
1056 827 1233 881 ὀπίσω
1266 831 1352 882 ἀεὶ
1383 833 1479 885 τοῦ
1511 837 1812 906 ἡγουμένου

253 907 435 976 βλέποι.
478 909 535 962 '0
565 910 676 982 γὰρ
703 913 796 964 ἐπὶ
834 913 902 968 τὰ
931 915 1134 985 πλάγια
1155 923 1221 990 τῇ
1253 923 1463 992 κινήσει
1497 931 1810 1000 παραφερό·

251 1015 406 1066 μενος,
435 999 466 1069 ἧ
495 1001 915 1073 ἀντιπρόσωπον
945 1007 1125 1078 φέρων
1156 1009 1231 1080 τῷ
1255 1011 1535 1083 ὁδηγοῦντι
1564 1017 1622 1068 τὸ
1649 999 1813 1089 βλέμ-

250 1105 342 1154 μα,
374 1089 539 1159 ἄλλην
570 1092 753 1164 ἑαυτῷ
780 1103 1092 1169 καινοτομεῖ
1128 1103 1372 1173 πορείαν,
1406 1107 1503 1176 οὐχ
1539 1109 1603 1178 ἢν
1628 1111 1656 1162 ό
1687 1112 1809 1183 ὁδη-

247 1179 322 1245 γὺς
350 1181 715 1239 ύπώείκνυσι.
750 1187 840 1239 Διό
871 1206 1001 1256 φησι
1032 1191 1169 1260 πρὸς
1196 1194 1286 1245 τὸν
1315 1195 1694 1268 ὁδηγούμενοι),
1729 1179 1810 1256 ὅτι

250 1284 265 1317 ι
296 1268 359 1319 T6
398 1271 698 1339 πρόσωπόν
733 1292 835 1344 μου
868 1279 967 1331 οὐκ
1009 1281 1306 1352 ὀφθήσεταί
1337 1303 1447 1338 σοι’
1489 1307 1508 1340 ι
1540 1291 1804 1356 τουτέστι,

247 1356 306 1428 ai}
333 1359 747 1452 ἀντιπρόσωπος
791 1367 938 1434 γίνου
971 1369 1047 1440 τῷ
1069 1372 1372 1442 όδηγοῦντι.
1411 1378 1555 1449 Πρὸς
1592 1381 1701 1452 γὰρ
1746 1383 1808 1435 16

237 1451 457 1545 ἐναντίον
491 1455 718 1545 πάντως
755 1459 783 1511 6
813 1457 1010 1530 δρόμος
1042 1462 1215 1517 ἔσται’
1248 1468 1453 1535 ἀγαθὸν
1484 1470 1594 1542 γὰρ
1617 1451 1807 1545 ἀγαθῷ

241 1541 324 1592 οὐκ
366 1543 706 1611 ἀντιϐλέπει,
735 1550 849 1603 ἀλλ’
881 1552 1090 1623 ἕπεται.
1125 1557 1198 1609 T6
1241 1558 1298 1611 δὲ
1341 1562 1405 1613 ὲκ
1437 1563 1528 1626 τοῦ
1561 1565 1804 1621 ἐναντίου

241 1630 523 1731 καλούμενον,
561 1637 646 1707 τῷ
673 1640 860 1711 ἀγαΟῷ
893 1645 1304 1717 ἀντιπρόσωπον
1329 1630 1555 1718 γίνεται.
1611 1657 1673 1709 '[l
1695 1658 1802 1731 γὰρ

241 1724 383 1776 κακία
409 1724 467 1789 ἐξ
506 1729 763 1783 ἐναντίου
813 1738 879 1804 τῇ
929 1738 1096 1808 ἀρετῇ
1147 1739 1333 1808 βλέπει
1358 1760 1372 1774 ο
1415 1746 1583 1818 ἀρετὴ
1615 1747 1671 1800 δὲ
1705 1751 1804 1818 οῦκ

240 1812 626 1906 ἀντιθεωρεῖται
695 1827 758 1894 τῇ
824 1827 990 1899 ἀρετῇ
1053 1812 1492 1906 ἀντιπρόσωπος.
1572 1812 1640 1894 "0
1708 1812 1802 1899 οῦν

238 1905 446 1979 Mai-53f];
471 1913 572 1964 οὐκ
616 1915 930 1970 ἀντιϐλέπει
957 1919 1034 1990 τῷ
1062 1921 1202 1992 Θεῷ,
1232 1925 1367 1978 ἀλλά
1397 1927 1464 1980 τὰ
1493 1929 1669 1984 ὀπίσω
1703 1934 1800 1986 αῦ-

1919 750 2012 818 qui
2049 761 2229 804 autem
2268 754 2538 820 sequitur,
2578 763 2707 809 tunc
2739 771 2768 808 a
2813 767 2958 811 recta
2992 761 3077 812 via
3111 777 3218 816 non
3256 764 3492 827 aberrat,

1917 856 2040 892 eum
2090 857 2304 910 Semper
2344 844 2499 898 duris
2540 854 2748 915 tergum
2785 849 3062 917 respiciat.
3100 849 3234 905 Nam
3281 855 3371 922 qui
3429 859 3494 910 ad

1919 931 2086 985 latera
2121 949 2179 987 se
2231 937 2527 999 transfert,
2573 949 2666 991 aut
2720 940 2972 995 ducentis
3028 941 3219 997 faciem
3267 961 3496 1002 eernere

1913 1027 2130 1091 studet,
2166 1043 2273 1081 non
2317 1028 2445 1082 facit
2489 1045 2608 1083 eam
2652 1031 2815 1112 viam,
2857 1047 3019 1100 quam
3055 1033 3165 1089 dux
3199 1039 3437 1092 ostendit
3477 1057 3491 1092 :

1913 1132 1976 1170 ac
1998 1119 2118 1172 ideo
2141 1121 2344 1173 dicitur
2366 1123 2447 1175 ei:
2480 1140 2495 1171 ι
2521 1120 2712 1177 Facies
2740 1140 2854 1177 mea
2881 1141 2987 1179 non
3010 1126 3283 1182 videbitur
3308 1130 3440 1197 tibi;
3468 1149 3488 1184 ι

1914 1209 2016 1262 hoc
2043 1219 2148 1270 est.
2177 1210 2296 1264 Noli
2328 1213 2392 1264 ad
2427 1213 2618 1267 faciem
2649 1215 2900 1270 ducentis
2932 1216 3021 1270 Dei
3059 1233 3376 1284 occurrere.
3424 1240 3493 1279 ne

1912 1300 1965 1354 in
1986 1301 2626 1370 oppositumeursustiat.
2673 1304 2804 1360 Nam
2841 1308 2884 1361 si
2921 1309 3125 1363 bonum
3173 1312 3317 1366 bono
3364 1328 3494 1368 con-

1909 1394 2141 1446 trarium
2179 1410 2286 1449 non
2315 1408 2429 1460 est,
2463 1407 2518 1451 et
2550 1397 2644 1467 qui
2675 1397 2928 1455 ducentis
2965 1399 3155 1455 faciem
3185 1402 3369 1468 videt,
3393 1404 3494 1460 dt.-

1907 1481 2054 1534 centi
2081 1484 2367 1551 oppositus
2395 1493 2498 1546 est,
2524 1502 2648 1539 cum
2678 1486 2884 1543 ducens
2908 1489 3084 1545 bonus
3107 1491 3198 1556 sit,
3226 1491 3344 1562 ipse
3377 1509 3490 1548 ma-

1907 1571 1994 1628 lus
2027 1581 2145 1636 est,
2179 1576 2518 1629 contrarium
2555 1578 2740 1631 virtuti
2783 1579 2972 1655 vitium
3011 1599 3023 1633 :
3061 1597 3234 1651 quare
3271 1583 3487 1655 Moyses

1905 1680 2012 1719 non
2051 1681 2116 1720 ex
2151 1669 2401 1735 opposito
2431 1669 2700 1738 conspicit
2746 1654 2934 1732 Deum,
2972 1673 3067 1726 sed
3111 1683 3320 1742 tergum
3360 1654 3484 1745 ejus

1905 1758 2144 1825 respicit.
2182 1751 2314 1810 Nam
2350 1760 2442 1828 qni
2488 1775 2552 1813 ex
2596 1761 2847 1830 opposito
2881 1762 3047 1816 Deum
3094 1766 3334 1834 aspicit,
3369 1783 3482 1824 non

1904 1850 2067 1913 vivet,
2101 1859 2158 1903 ut
2195 1866 2296 1904 vox
2343 1852 2526 1904 divina
2560 1861 2810 1907 testatur.
2856 1876 2875 1903 ι
2912 1853 3029 1908 Non
3080 1858 3305 1925 videbit,
3345 1878 3364 1910 ι
3399 1860 3483 1914 in-

1904 1939 2042 2006 quit,
2081 1959 2098 1989 ι
2139 1941 2300 1993 homo
2329 1940 2523 1994 faciem
2554 1957 2752 2004 meam,
2777 1952 2830 1996 et
2857 1945 3020 1999 vivet.
3059 1966 3076 1997 ι
3117 1946 3278 2003 Vides
3305 1965 3482 2019 quan-

238 1999 315 2051 τοῦ
338 2001 534 2068 βλέπει.
585 2006 650 2059 '0
695 2009 803 2079 γὰρ
830 2010 1186 2078 ἀντιϐλέπων,
1229 2018 1288 2068 οὐ
1323 2017 1584 2088 ζήσεταιο
1620 2023 1791 2088 καθὼς

1922 1999 1934 2006 _
2029 1999 2036 2001 ς
2741 1999 2750 2004 ,
3134 1999 3139 2000 ,
3190 1999 3274 2003 ηε
3311 1999 3450 2019 γε--

1903 2037 2017 2083 tum
2051 2039 2155 2093 est,
2194 2041 2253 2084 ut
2305 2033 2504 2101 aliquis
2551 2033 2728 2088 discat
2761 2035 2926 2088 Deum
2973 2039 3148 2106 seqtti.
3190 2037 3324 2094 Nam
3358 2051 3482 2110 post

241 2093 543 2164 μαρτύρεται
603 2100 638 2168 ἡ
695 2100 814 2152 Θεία
861 2103 1041 2174 φωνὴ,
1096 2107 1178 2159 ὅτι
1213 2124 1232 2158 ι
1265 2110 1454 2175 Οὐδεὶς
1505 2112 1694 2182 ὄψεται
1740 2117 1799 2170 τὸ

241 2184 494 2252 πρόσωπον
527 2190 766 2261 Κυρίου,
805 2195 897 2246 καὶ
921 2194 1162 2264 ζήσεται.
1195 2217 1214 2249 ›
1257 2201 1418 2272 Ὁρᾷς
1444 2204 1568 2258 ὅσον
1595 2208 1710 2260 ἐστὶ
1742 2209 1800 2262 τὸ

239 2273 400 2341 μαθεῖν
445 2281 822 2354 ἀκολουθῆσαι
864 2285 940 2354 τῷ
979 2287 1128 2357 Θεῷ·
1183 2291 1264 2344 ὅτι
1297 2295 1435 2362 μετὰ
1461 2295 1560 2360 τὰς
1588 2298 1798 2370 ὑψηλὰς

235 2366 418 2432 ὲκείνας
447 2372 776 2439 ἀναϐάσεις,
809 2379 904 2431 καὶ
932 2378 1030 2443 τὰς
1060 2381 1300 2453 φοϐερὰς
1336 2404 1395 2438 τε
1426 2389 1520 2440 καὶ
1554 2390 1798 2456 ἐνδόξους

238 2454 540 2526 θεοφανείας,
569 2464 718 2533 πρὸς
746 2465 823 2534 τῷ
847 2467 989 2520 τέλει
1022 2488 1122 2522 που
1157 2474 1255 2541 τῆς
1285 2471 1448 2544 ζωῆς,
1490 2477 1645 2545 μόγις
1667 2479 1796 2531 ταύ-

237 2559 314 2611 της
336 2547 565 2612 ἀξιοῦται
603 2554 707 2621 τῆς
735 2555 978 2626 χάριτος,
1009 2561 1036 2610 ὁ
1073 2559 1261 2628 μαθὼν
1290 2564 1518 2617 κατόπιν
1550 2566 1793 2634 γίνεσθαι

235 2635 364 2692 Θεοῦ.
394 2641 476 2711 Τῷ
500 2643 558 2695 δὲ
584 2643 769 2707 οὕτως
805 2649 1056 2719 ἑπομένῳ
1085 2651 1162 2720 τῷ
1189 2653 1326 2724 Θεῷ,
1356 2655 1538 2720 οὐκέτι
1573 2658 1680 2711 τῶν
1709 2659 1796 2712 διὰ

236 2731 402 2795 κακίας
455 2737 957 2809 προσοχῦισμάτων
1028 2744 1325 2799 ἀντιϐαίνει
1386 2749 1558 2802 οὐδέν.
1640 2752 1795 2805 Μετὰ

233 2822 374 2875 ταῦτα
415 2829 523 2899 γὰρ
580 2830 782 2898 φθόνος
830 2833 979 2904 αὑτῷ
1026 2836 1176 2908 παρὰ
1226 2838 1333 2890 τῶν
1373 2839 1620 2908 ἀδελφῶν
1673 2844 1794 2895 ἐπι·

236 2913 397 2980 φύεται
417 2934 429 2946 ·
475 2919 702 2986 φθόνος.
734 2922 794 2974 τὸ
825 2926 1136 2994 ἀρχέκακον
1165 2927 1353 2992 πάθος,
1383 2932 1410 2982 6
1439 2931 1530 2983 105
1563 2930 1791 2985 Θανάτου

234 3007 454 3080 πατὴρ,ἡ
481 3011 686 3082 πρώτη
720 3015 819 3083 τῆς
854 3019 1124 3087 ἁμαρτίας
1155 3020 1378 3086 εἴσοδος,
1407 3025 1438 3091 ἠ
1467 3022 1567 3092 τῆς
1595 3025 1793 3088 κακίας

230 3095 402 3171 ῥίζα.ή
438 3104 533 3174 τῆς
567 3104 755 3176 λύπης
786 3106 1018 3173 γένεσις,
1057 3110 1088 3178 ἡ
1123 3111 1229 3163 τῶν
1261 3113 1552 3183 συμφορῶν
1585 3116 1787 3186 μήτηρ,

229 3189 255 3256 ἡ
293 3192 378 3260 τῆς
420 3195 714 3259 ἀπειθείας
760 3197 1035 3264 ὑπόθεσις,
1085 3202 1118 3271 ἡ
1161 3203 1260 3272 τῆς
1308 3204 1573 3274 αἰσχύνης
1621 3208 1788 3278 ἀρχὴ.

227 3279 393 3344 Φθόνος
424 3287 572 3355 ἡμᾶς
631 3287 726 3340 τοῦ
772 3291 1101 3360 παραδείσου
1150 3293 1431 3363 ἑξῲκισεν,
1482 3297 1604 3365 ὄφις
1650 3299 1792 3351 κατά

223 3373 303 3441 τῆς
349 3374 488 3440 Εὔας
536 3379 838 3450 γενόμενος
873 3397 886 3410 °
939 3382 1132 3451 φθόνος
1169 3386 1262 3438 τοῦ
1311 3387 1469 3453 ξύλου
1513 3389 1614 3458 τῆς
1648 3389 1792 3459 ζωῆς

223 3465 506 3540 ἀπετείχισε
533 3512 549 3532 ,
601 3474 702 3524 καὶ
752 3472 859 3527 τῶν
906 3475 1068 3546 ἱερῶν
1120 3478 1434 3548 ἐνδυμάτων
1477 3481 1790 3551 γυμνώσας,

216 3561 310 3617 τοῖς
325 3560 417 3631 τῆς
449 3568 628 3634 συκῆς
655 3565 871 3629 κλάδοις
899 3567 964 3620 δι’
993 3569 1257 3641 αἰσχύνης
1287 3572 1560 3642 ὑπήγαγε.
1596 3574 1792 3639 ΦΘόνος

219 3650 292 3701 τὸν
336 3654 467 3706 Κάῐν
501 3656 652 3709 κατὰ
684 3657 784 3727 τῆς
816 3658 1030 3726 φύσεως
1059 3659 1287 3722 ὥπλισε,
1319 3665 1411 3716 καὶ
1441 3664 1529 3716 τὸν
1561 3664 1790 3728 ἑπτάκις

211 3739 575 3812 ἑκδικούμενον
605 3748 1002 3818 ἑκαινοτόμησε
1027 3751 1274 3806 θάνατον.
1321 3755 1518 3818 Φθόνος
1545 3756 1634 3809 τὸν
1673 3757 1788 3808 Ἰω-

213 3833 304 3900 σὴφ
329 3835 511 3889 δοῦλον
548 3839 803 3908 εποίησε.
832 3841 1027 3905 Φθόνος
1054 3843 1113 3896 16
1137 3844 1510 3918 Orant-cr;me
1541 3851 1785 3920 κέντρον,

202 3924 255 3974 τὸ
280 3931 668 3998 κεκρυμμένον
697 3931 880 3997 ὅπλον,
909 3936 941 4003 ἡ
972 3935 1070 4005 τῆς
1101 3936 1316 4004 φύσεως
1349 3941 1522 4002 νόσος,
1554 3942 1582 3992 ὁ
1617 3943 1787 4012 χολώ-

203 4019 286 4085 δης
319 4021 412 4084 ἐὺς,
445 4025 481 4092 ἡ
516 4025 776 4088 ἑκούσιος
803 4027 1070 4096 τηκεδὼν,
1099 4029 1161 4082 τὸ
1191 4031 1384 4100 πικρὸν
1416 4031 1589 4100 βέλος,
1633 4038 1661 4087 6
1689 4037 1787 4107 τῆς

197 4111 354 4182 ψυχῆς
401 4112 564 4186 ἧλος,
616 4119 680 4171 16
733 4119 1017 4190 ἐγκάρδιον
1063 4121 1195 4192 πῦρ,
1232 4126 1263 4194 ἡ
1304 4127 1416 4187 τοῖς
1459 4125 1788 4197 σπλάγχνοις

199 4201 522 4278 ἑγκαιομένη
556 4210 715 4276 φλόξ.
756 4207 824 4281 ᾯ
852 4211 1107 4283 ἀτύχημα
1139 4214 1236 4283 μέν
1269 4216 1434 4280 ἐστιν,
1476 4217 1535 4268 οὐ
1564 4217 1624 4270 16
1657 4218 1785 4272 ἴδιον

199 4294 370 4363 κακὸν,
394 4300 541 4353 ἀλλά
575 4302 640 4354 τὸ
670 4303 951 4373 ἀλλότριον
977 4305 1201 4372 ἀγαθόν.
1231 4307 1575 4379 Κατόροωμα
1600 4309 1655 4362 δὲ
1683 4310 1785 4363 πά-

197 4382 265 4436 ὶιν
292 4388 354 4440 ἑκ
379 4392 477 4444 τοῦ
516 4393 796 4460 ἐναντίου,
825 4396 886 4447 οῦ
915 4395 975 4447 16
999 4397 1198 4448 οἰκεῖον
1229 4398 1411 4462 καλὸν,
1442 4399 1580 4453 ἀλλὰ
1597 4401 1664 4458 ,τὸ
1690 4401 1782 4453 τοῦ

195 4477 345 4543 πέλας
375 4485 582 4539 κακόν.
621 4486 821 4549 Φθόνος
844 4487 871 4538 ὁ
896 4489 1016 4550 ταῖς
1041 4489 1318 4558 εὐτυχίαις
1347 4490 1452 4543 τῶν
1481 4490 1782 4561 ἀνθρώπων

192 4568 640 4646 ἐπιδυνὼμενος,
698 4579 792 4632 καὶ
856 4582 976 4642 ταῖς
1036 4583 1343 4650 συμφοραῖς
1413 4583 1778 4651 ἐπεμϐαίνων.

1902 2120 2025 2175 illos
2069 2136 2334 2176 ascensus
2380 2123 2684 2186 mirabiles,
2737 2133 2859 2194 post
2906 2127 3177 2196 gloriosas
3217 2130 3479 2199 visiones,

1899 2220 2025 2280 post
2057 2213 2300 2266 inaudita
2336 2214 2622 2280 miracula,
2660 2217 2749 2270 vix
2785 2217 2941 2284 juxta
2986 2217 3146 2272 finem
3182 2221 3304 2274 vitae
3339 2221 3480 2278 hanc

1900 2313 2231 2359 consecutus
2271 2314 2353 2360 est
2389 2309 2642 2374 gratiam,
2681 2317 2738 2361 ut
2781 2309 3013 2363 disceret
3049 2309 3220 2366 Deum
3264 2313 3419 2382 sequi
3463 2331 3475 2367 :

1899 2394 2037 2446 nihil
2059 2395 2204 2448 enim
2235 2397 2470 2464 amplius
2496 2397 2623 2450 mali
2649 2396 2864 2452 oIIicere
2896 2399 2968 2452 illi
3001 2408 3198 2468 potest,
3226 2402 3320 2472 qui
3351 2411 3476 2472 post

1898 2483 2070 2538 Deum
2106 2486 2209 2538 hoc
2255 2487 2417 2539 modo
2452 2487 2784 2543 constitutus
2816 2496 2919 2546 est.
2955 2489 3160 2545 Invidia
3204 2503 3327 2562 post
3363 2494 3477 2549 hate

1899 2576 2142 2630 fraterna
2186 2578 2363 2646 ipsum
2398 2579 2623 2643 invadit,
2656 2580 2861 2635 invidia
2894 2584 3160 2638 malorum
3196 2563 3474 2656 princeps,

1898 2672 2092 2724 mortis
2124 2681 2316 2732 mater,
2346 2673 2518 2740 prima
2559 2675 2764 2741 peccati
2789 2674 2983 2741 janua,
3006 2676 3262 2730 vitiorum
3296 2679 3472 2742 radix,

1897 2759 2104 2814 doloris
2154 2760 2397 2822 initium,
2449 2761 2773 2815 calamitatis
2812 2777 3042 2830 parens,
3091 2765 3474 2822 inobedientia:

1896 2864 2099 2914 causa,
2139 2850 2451 2916 ignominiae
2499 2852 2848 2919 principium.
2903 2853 3113 2908 Invidia
3167 2857 3312 2910 enim
3372 2872 3474 2912 nos

1895 2941 2055 3010 longe
2093 2941 2472 2995 exterminavit
2519 2957 2548 2994 a
2599 2943 2888 3010 paradiso,
2945 2960 3098 2999 versa
3146 2946 3197 2999 in
3245 2963 3475 3017 serpen-

1897 3040 2002 3086 tem
2028 3034 2293 3089 adversus
2337 3036 2499 3090 Evam
2536 3056 2548 3090 :
2592 3038 2795 3091 invidia
2839 3040 3036 3108 repulit
3069 3054 3098 3092 a
3145 3041 3289 3110 ligno
3323 3040 3469 3104 vitae,

1895 3125 2183 3193 sacrisque
2219 3127 2677 3195 impassibilitatis
2713 3128 2959 3183 vestibus
2991 3128 3272 3192 detractis,
3313 3130 3470 3184 ficul-

1895 3217 2014 3270 neis
2046 3218 2408 3286 ignominioso
2439 3218 2586 3274 foliis
2621 3219 2796 3273 induit
2833 3240 2845 3274 :
2878 3222 3080 3275 invidia
3113 3222 3245 3276 Cain
3277 3223 3474 3278 adver-

1896 3323 1992 3361 sus
2019 3307 2241 3364 fratrem
2270 3311 2521 3375 armavit,
2543 3320 2772 3366 mortem
2795 3329 2916 3382 qua:
2941 3314 3250 3382 septnplum
3280 3316 3472 3383 punita

1894 3407 2002 3460 est,
2030 3399 2266 3454 induxit.
2295 3398 2504 3455 Invidia
2536 3400 2739 3472 Ioseph
2775 3404 2827 3456 iu
2863 3404 3182 3459 servitutem
3211 3404 3469 3471 detrusit,

1894 3487 2100 3542 invidia
2126 3529 2140 3553 ,
2175 3490 2330 3554 dico,
2378 3491 2629 3545 mortifer
2664 3493 2943 3554 stimulus,
2994 3510 3184 3548 mucro
3222 3495 3474 3550 recondi-

1895 3589 2002 3642 tus,
2045 3590 2252 3636 natura:
2289 3584 2512 3637 morbus
2533 3623 2548 3649 ,
2579 3583 2704 3638 bilis
2739 3600 3045 3646 venenosa,
3077 3587 3229 3641 tabes
3277 3596 3472 3656 sponte

1892 3672 2158 3736 adhibita,
2197 3673 2364 3726 telum
2423 3688 2688 3739 amarum,
2741 3675 2910 3744 ﬁgens
2964 3677 3197 3729 animam
3245 3678 3467 3742 clavus,

1889 3761 2110 3816 ﬂamma
2136 3763 2342 3826 cordis,
2374 3763 2758 3818 intestinorum
2791 3766 2954 3836 ignis,
2984 3768 3123 3820 hanc
3155 3768 3246 3836 qui
3279 3767 3466 3832 habet,

1891 3868 1998 3906 non
2025 3853 2142 3909 suis
2170 3855 2345 3917 malis,
2375 3855 2470 3909 sed
2499 3856 2692 3910 alienis
2722 3857 2877 3910 bonis
2908 3856 3096 3910 infelix
3119 3865 3224 3923 est,
3255 3866 3308 3912 et
3334 3873 3469 3912 cou-

1892 3951 1972 3997 tra
2001 3958 2109 3997 non
2141 3961 2242 3999 suo
2278 3945 2442 4009 bono,
2479 3944 2575 4000 sed
2606 3946 2766 4000 malis
2800 3947 3035 4015 proximi
3072 3946 3197 4000 felix
3229 3957 3311 4001 est
3341 3966 3355 4002 :
3391 3948 3469 4001 iu-

1888 4036 2046 4090 vidus
2087 4037 2233 4091 enim
2278 4037 2535 4092 felicitate
2581 4039 2812 4092 aliorum
2847 4039 3030 4102 dolet,
3062 4040 3466 4094 calamitatibus

1886 4127 2111 4199 gaudet.
2147 4128 2406 4185 Vultures
2447 4132 2592 4184 enim
2621 4131 2714 4200 qui
2745 4131 3104 4185 cadaveribus
3140 4141 3461 4200 pascuntur,

1887 4229 2168 4290 unguento
2206 4223 2389 4276 necari
2423 4221 2579 4276 aiunt
2612 4241 2624 4276 :
2665 4222 2877 4276 videtur
2903 4223 3048 4276 enim
3083 4224 3324 4292 ipsorum
3363 4239 3463 4278 na-

1886 4319 2009 4366 tura
2035 4312 2100 4366 ad
2126 4313 2402 4382 puti-idum
2427 4328 2490 4366 ac
2516 4314 2865 4382 purulentum
2885 4330 3008 4369 esse
3025 4313 3220 4370 afﬁnis:
3243 4316 3463 4383 quando

1885 4418 2014 4457 vero
2048 4403 2175 4456 huic
2207 4404 2398 4456 morbo
2437 4401 2721 4470 subjectus
2767 4411 2852 4457 est
2893 4404 3113 4472 aliquis,
3160 4404 3462 4458 amicorum

1885 4493 2190 4546 commodis
2218 4493 2376 4562 quasi
2417 4502 2693 4562 unguento
2717 4493 2982 4548 tabesrit:
3013 4502 3064 4547 et
3089 4494 3132 4546 si
3165 4493 3293 4562 quid
3317 4495 3463 4546 cala-

1885 4587 2156 4640 mitosum
2177 4585 2436 4640 incidisse
2464 4587 2713 4655 proximo
2739 4587 3090 4650 intellexerit,
3121 4587 3266 4640 illico
3295 4586 3464 4640 advo-

193 4659 504 4734 ίνῦείρεσίὶαι
557 4671 689 4733 τοὺς
735 4671 1091 4741 νεκροϐόρους
1135 4671 1316 4739 γύπας
1363 4671 1442 4741 τῷ
1488 4672 1645 4742 μύρῳ
1692 4673 1780 4726 λέ·

1895 4679 1981 4738 lat,
2019 4685 2201 4732 rostro
2235 4677 2443 4732 invadit
2488 4677 2784 4738 adunco,si
2828 4693 2934 4746 qua
2969 4678 3172 4742 latent,
3204 4677 3464 4732 distrahit

198 4768 332 4815 τουσι
355 4772 370 4785 ·
423 4759 576 4827 7:96;
616 4759 722 4830 γὰρ
751 4761 812 4812 τὸ
841 4761 1073 4824 δυσῶδες
1101 4761 1194 4814 καὶ
1222 4761 1500 4833 διεφθορὸς
1531 4764 1711 4818 αὐτῶν
1739 4767 1774 4837 ἡ

196 4843 339 4910 95:1;
371 4847 698 4916 ᾡκείωταιο
735 4854 830 4905 καὶ
859 4855 886 4906 6
916 4856 981 4923 τῇ
1015 4853 1156 4923 νόσῳ
1183 4853 1355 4927 ταύτῃ
1389 4855 1776 4925 κρατούμενος,

196 4938 251 5003 τῇ
293 4941 391 5005 μὲν
442 4943 724 5016 εὑημερίᾳ
774 4945 884 4998 τῶν
946 4945 1154 5014 φίλων,
1217 4947 1332 5002 οἷόν
1393 4965 1538 5010 τινος
1605 4948 1775 5020 μύρου

197 5032 461 5104 προσϐολῇ
495 5037 943 5108 καταφθείρεται.
991 5040 1051 5092 Εἰ
1091 5040 1147 5093 δέ
1181 5061 1230 5100 τι
1267 5043 1442 5105 πάθος
1474 5043 1537 5094 ἐκ
1570 5058 1779 5112 συμφο-

207 5121 290 5183 ρᾶς
322 5122 442 5184 ἴδοι,
493 5126 640 5194 πρὸς
685 5128 837 5181 τοῦτο
883 5128 1232 5208 καθίπταται,
1282 5137 1382 5194 καὶ
1435 5131 1495 5184 τὸ
1541 5132 1776 5200 ἀγκύλον

207 5207 379 5312 ἐπάγει
421 5217 642 5286 στόμα,
685 5221 751 5272 τὰ
783 5223 1123 5292 κεκρυμμένα
1160 5239 1404 5315 ἐξέλκων
1441 5223 1538 5280 τοῦ
1581 5226 1774 5278 δυστυ-

222 5303 455 5369 χήματος.
501 5308 734 5375 Πολλοὺς
772 5315 800 5365 δ
835 5313 1019 5380 φθόνος
1041 5319 1134 5381 τῶν
1162 5303 1268 5394 πμ,
1302 5317 1607 5390 Μωῡσέως
1641 5336 1771 5371 κατ-

222 5396 520 5455 ηγωνίσατο.
577 5401 665 5470 Τῷ
687 5403 742 5455 δὲ
783 5403 990 5473 μεγάλῳ
1010 5385 1632 5494 τούττηῖἑοξενεχθεὶς,
1661 5403 1772 5463 οἷόν

402 5490 416 5506 .-
639 5459 649 5470 .
707 5496 720 5508 ι
783 5459 796 5473 .
861 5459 872 5470 .
963 5459 972 5470 .
1042 5459 1152 5515 πη)
1181 5459 1763 5523 προυεννπ--ν-τζ

232 5497 315 5536 τινι
362 5492 587 5559 πλάσμα
634 5497 845 5563 πήι.ινον
892 5492 1030 5566 πέτρᾳ
1067 5505 1495 5579 λνᾼΙΛαγοὲν
1526 5544 1540 5566 ,
1593 5502 1770 5574 ἑαυτῳ

233 5580 594 5647 τεριτρίσεται.
642 5577 720 5637 Ἐν
751 5584 906 5651 τούτῳ
941 5586 1013 5657 γάρ
1038 5573 1645 5668 χδρθσαῖψὲιεδεῖχθη
1674 5594 1773 5665 τῆς

249 5669 354 5726 μετὰ
382 5673 465 5723 τοῦ
494 5674 627 5726 Θεοῦ
656 5676 854 5743 πορείας
879 5672 1002 5756 1&sz

1887 4777 2052 4838 atque
2098 4769 2365 4839 dissipat,
2401 4775 2456 4823 et
2507 4769 2560 4822 in
2602 4769 2840 4823 medium
2881 4769 3140 4838 proponit
3179 4769 3458 4825 omnibus.

1885 4860 2086 4915 Multos
2120 4860 2337 4915 invidiae
2381 4861 2605 4915 morbus
2651 4868 2778 4914 ante
2813 4860 2980 4931 Moysi
3024 4869 3272 4930 tempora
3314 4862 3460 4929 deje-

1883 4953 1976 5007 cit.
2014 4952 2234 5023 Moysen
2265 4967 2394 5007 vero
2422 4967 2714 5022 aggressus
2737 4991 2750 5015 ,
2782 4960 3042 5022 tanquam
3090 4969 3183 5007 vas
3217 4952 3459 5021 figuli'in

1881 5044 2115 5115 lapidem
2140 5045 2386 5098 collisum
2419 5044 2655 5101 dirutus.
2687 5059 2750 5097 ac
2781 5045 2832 5097 in
2860 5045 2944 5096 via
2968 5043 3244 5098 contritus
3266 5053 3370 5104 est,
3401 5044 3455 5096 in

1882 5152 1993 5206 quo
2025 5137 2278 5201 maxime,
2301 5143 2566 5206 quantum
2592 5137 2665 5190 sit
2686 5151 2810 5189 eum
2847 5135 2954 5189 Deo
2975 5136 3276 5200 ambulare,
3309 5131 3456 5202 quod

1883 5229 2095 5300 Moyses
2123 5228 2376 5293 faciebat,
2405 5228 2566 5282 facile
2598 5228 2930 5298 prospicitur
2961 5244 2972 5279 :
3003 5229 3280 5298 quomodo
3307 5227 3454 5282 enim

1879 5319 2082 5374 invidia
2123 5319 2195 5373 illi
2227 5319 2423 5374 obesse
2466 5320 2765 5388 potuisset,
2797 5319 2890 5388 qui
2927 5318 3116 5374 divino
3151 5319 3335 5373 studio
3367 5327 3453 5370 at-

1878 5425 1984 5480 que
2017 5411 2136 5463 loco
2166 5409 2458 5463 cucurrit?
2486 5410 2579 5478 qui
2615 5410 2669 5463 in
2701 5409 2875 5479 lapide
2916 5411 3090 5474 stetit,
3116 5418 3168 5461 et
3195 5409 3248 5462 iu
3283 5421 3450 5474 capa-

1877 5504 2099 5556 citatem
2147 5502 2320 5564 ipsius
2377 5502 2554 5556 fuerat
2599 5501 2918 5556 immissus?
2959 5503 3054 5571 qui
3109 5499 3274 5554 Deum
3331 5505 3452 5566 post

1879 5601 2027 5664 terga
2059 5594 2421 5663 sequebatur?
2451 5591 2544 5662 qui
2576 5608 2683 5646 non
2713 5591 2963 5646 ducentis
2995 5590 3189 5644 faciem
3232 5588 3454 5659 aspicie-

1885 5685 1995 5749 bat,
2055 5687 2144 5738 sed
2202 5694 2414 5755 tergum
2471 5685 2732 5740 obediens
2789 5678 3155 5752 respiciebat?
3229 5675 3460 5730 Secutus
