4054 6436
562 316 658 369 ιιι
1780 316 1838 373 S.
1882 319 2126 375 GltEGOJ

2250 319 2542 376 NYSSENI
3712 322 3815 374 ΗΞ

565 427 730 484 Deum
760 432 866 491 est,
901 424 1108 479 idcirco
1137 425 1348 490 beatus,
1380 425 1584 481 ideirco
1614 428 1775 483 altior
1801 430 1900 484 fuit
1923 473 1936 496 ,
1970 449 2126 502 quam

2239 437 2358 503 σῆς,
2391 437 2418 486 ὁ
2447 436 2504 485 ὲν
2531 432 2606 502 τῷ
2634 429 2759 500 θείῳ
2792 431 2941 498 τόπῳ
2963 430 3205 501 δραμὼν,
3238 430 3330 484 καὶ
3359 431 3451 484 ὲπὶ
3481 433 3579 502 τῆς
3613 434 3813 505 πέτρας

562 529 624 574 ιιι
655 519 721 574 ad
757 518 933 588 ipsum
977 518 1171 587 sagitta
1205 518 1422 572 invidia:
1468 529 1648 588 posset
1685 524 1992 590 pervenire.
2027 524 2126 577 Sed

2231 524 2430 587 ἑστὼς,
2469 525 2560 576 καὶ
2603 522 2680 592 τῷ
2721 523 3004 592 χωρήματι
3037 521 3239 592 ταύτης
3283 525 3686 594 περιεχόμενος,
3721 530 3814 578 καὶ

563 611 742 662 Aaron
797 606 1017 677 quidem
1061 617 1226 678 alque
1269 608 1434 662 Maria
1481 611 1696 665 invidia:
1738 615 1926 668 morbo
1976 631 2126 683 supe-

2240 617 2304 685 τῇ
2341 615 2481 684 χειρὶ
2525 613 2617 665 τοῦ
2651 612 2785 664 Θεοῦ
2837 611 3270 680 σκεπαζόμενος,
3322 614 3416 666 καὶ
3463 614 3692 667 κατόπιν
3739 617 3815 682 τῷ

564 701 755 764 rati”,
796 701 961 754 veluti
1009 716 1168 753 arcus
1215 700 1430 754 invidia:
1478 703 1700 770 quidam
1747 706 1902 767 fiunt,
1941 713 1994 758 et
2039 721 2126 774 pro

2241 705 2526 775 ἡγουμένῳ
2558 704 2849 773 ἑπόμενος·
2879 703 2907 752 ὁ
2941 701 3014 772 μὴ
3045 703 3399 766 ἀντιξιλέπων,
3431 703 3565 758 ἀλλὰ
3599 707 3663 758 τὰ.
3691 707 3816 760 62i-

561 791 786 861 Spiculis
810 791 1070 846 adversus
1093 792 1240 844 illiilli
1266 794 1426 846 verba
1449 794 1779 861 jacnlantur.

2246 795 2367 850 σθια
2399 795 2627 863 βλέπων.
2669 794 2770 846 Τὸν
2800 790 2891 846 οὖν
2926 795 3009 861 ἐφ’
3041 793 3228 846 ἐαυτὸν
3262 794 3548 863 γενόμενον
3581 813 3811 866 μακαρι·

565 885 704 946 στὸν,
740 884 800 936 τὸ
831 886 1058 938 ἕπεσθαι
1103 885 1179 956 τῷ
1225 887 1342 956 Θεῴ
1377 888 1720 942 ἀποδείκνυσι
1747 931 1760 952 ,
1816 890 1910 942 καὶ
1943 890 2001 943 τὸ
2031 891 2260 960 φανῆναι
2292 889 2451 942 αὑτὸν
2505 890 2602 958 τῆς
2629 886 2722 939 τοῦ
2775 886 2926 950 τόξου
2984 886 3142 956 βολῆς
3203 887 3549 956 ὑψηλότερον.
3599 891 3811 958 Πέμπει

564 975 669 1044 γὰρ
701 977 794 1028 καὶ
823 978 941 1028 κατ’
973 977 1180 1029 ἐκείνου
1211 979 1270 1030 τὸ
1305 978 1454 1047 βέλος
1485 983 1512 1031 6
1571 979 1795 1048 φθόνοςο
1862 981 1974 1034 ἀλλ’
2031 982 2090 1033 ού
2155 981 2492 1034 καθικνεῖται
2543 981 2576 1048 ἡ
2638 979 2765 1049 βολὴ
2818 977 2912 1030 τοῦ
2971 976 3174 1046 ὕψους,
3231 980 3288 1030 ἐν
3330 971 3374 1045 ᾧ
3428 974 3496 1047 ἦν
3547 980 3810 1057 Μωῡσῆς.

577 1067 832 1138 ’Πτόνησε
865 1069 971 1140 γὰρ
999 1072 1031 1140 ἡ
1063 1070 1225 1140 νευρὰ
1254 1074 1351 1142 τῇς
1383 1073 1643 1143 πονηρίας
1691 1073 1943 1127 τοσοῦτον
1997 1073 2353 1138 ἀποτοξεῦσαι
2394 1073 2454 1124 τό
2499 1071 2699 1133 πάθος,
2755 1071 2830 1133 ὼς
2884 1070 2990 1122 ἀπὸ
3038 1069 3145 1120 τῶν
3201 1069 3672 1138 προνενοσηκότων
3734 1075 3814 1134 εἰς

561 1159 724 1211 αὑτὸν
757 1159 1027 1230 διαϐῆναι.
1075 1161 1211 1212 Ἀλλ’
1241 1163 1269 1213 6
1299 1162 1396 1231 μὲν
1427 1162 1632 1232 Ἀαρὼν
1662 1166 1811 1234 καὶὴ
1846 1166 2035 1236 Μαρία
2066 1165 2144 1234 τῷ
2177 1165 2336 1218 πάθει
2373 1165 2468 1230 τῆς
2515 1161 2810 1232 βασκανίας
2860 1159 3209 1231 ἐτρώθησαν,
3265 1161 3358 1212 καὶ
3414 1156 3524 1212 οἷόν
3572 1179 3621 1212 τι
3655 1162 3814 1226 τόξον

559 1247 652 1300 τοῦ
692 1249 882 1316 φθόνου
916 1249 1172 1317 γίνονται,
1206 1253 1325 1304 ἀντὶ
1357 1252 1542 1322 βέλους
1582 1255 1671 1306 τὸν
1711 1257 1830 1308 κατ’
1858 1256 2021 1308 αὑτοῦ
2052 1256 2210 1323 λόγον
2240 1253 2721 1317 ἀποτοξεύσαντες.

631 1344 699 1395 At
730 1343 942 1412 Moyses
975 1353 1184 1398 tantum
1219 1348 1407 1400 aberat
1440 1350 1506 1402 ab
1553 1349 1864 1418 bujusmodi
1914 1351 2130 1419 a‘gritii-

560 1435 706 1499 dine,
741 1445 798 1490 ut
828 1453 952 1506 eum
983 1455 1158 1508 neque
1199 1451 1392 1509 captus
1426 1459 1602 1511 neque
1641 1445 1802 1498 lazsiis
1831 1445 1898 1496 ab
1925 1459 1987 1496 ca
2027 1444 2126 1507 sit,

562 1543 669 1581 non
729 1529 902 1582 solum
955 1531 1158 1583 nullam
1212 1531 1327 1600 ipse
1365 1532 1432 1586 ile
1477 1533 1852 1588 invidentibus
1912 1548 2127 1602 pinnam

561 1621 796 1688 sumpsit
823 1660 838 1682 ,
874 1637 1060 1674 verum
1101 1624 1262 1691 etiam
1302 1622 1468 1676 Deum
1519 1625 1774 1694 precibus
1805 1624 2128 1694 placabilem

558 1711 695 1780 ipsis
737 1711 996 1766 reddidit.
1032 1711 1227 1766 Docuit
1261 1729 1391 1784 ergo
1437 1730 1538 1769 nos
1581 1731 1676 1784 per
1721 1731 1786 1770 ea
1815 1731 1936 1786 qua:
1969 1715 2129 1780 fecit,

561 1802 726 1856 nullis
756 1803 985 1856 telorum
1021 1803 1220 1858 ictibus
1251 1821 1372 1858 eum
1407 1807 1576 1875 tangi,
1608 1807 1698 1875 qui
1732 1807 1953 1863 virtutis
1975 1815 2131 1863 scuto

562 1895 803 1964 seipsum
847 1903 1077 1950 tutatur.
1125 1894 1388 1950 Retiindit
1431 1900 1574 1951 enim
1609 1915 1672 1952 ac
1706 1901 1922 1954 liebetat
1967 1900 2132 1968 hujus

527 1979 705 2040 ‘seuti
753 1986 904 2040 firma
941 1988 1193 2043 soliditas
1241 1989 1409 2043 aciein
1457 1992 1739 2059 cuspidis,
1789 1994 1898 2046 imo
1942 1991 2130 2060 procul

564 2085 735 2129 totum
770 2077 948 2144 rejicit
997 2077 1182 2130 telum.
1219 2079 1310 2132 Est
1361 2087 1540 2132 autem
1573 2090 1699 2150 apta
1745 2081 1810 2134 ad
1857 2081 2130 2150 ejusmodi

561 2165 871 2232 repellenda
917 2167 1021 2219 tela
1045 2180 1325 2220 armatura
1359 2166 1502 2224 Deus
1531 2169 1670 2239 ipse.
1701 2187 1865 2240 quam
1909 2172 2130 2226 virtutis

560 2254 716 2308 miles
743 2254 934 2308 induit.
959 2272 978 2306 ι
1012 2254 1222 2310 lnduite
1242 2273 1477 2326 namque
1513 2274 1630 2320 vos,
1650 2279 1666 2310 ι
1687 2260 1884 2328 inquit,
1915 2280 1931 2311 ι
1950 2261 2130 2314 Domi-

559 2360 689 2398 num
716 2343 901 2399 Iesum
933 2346 1002 2400 ".
1041 2367 1057 2398 ι
1100 2347 1213 2401 llac
1243 2348 1578 2418 infrangibili
1603 2363 1881 2404 armatura
1919 2351 2130 2423 Moyses

559 2445 838 2502 armatus,
877 2438 1098 2508 maligni
1138 2440 1409 2507 sagittarii
1459 2456 1650 2495 arcum
1703 2442 1831 2497 fecit
1883 2445 2126 2497 inanem.

558 2524 692 2579 Nam
723 2531 822 2582 hec
856 2527 1044 2583 dolore
1073 2531 1278 2598 aliquo,
1304 2540 1396 2584 aut
1425 2534 1835 2600 perturbatione
1864 2536 2130 2590 adversus

560 2615 850 2686 injuriatos
902 2629 1208 2674 commotus
1261 2631 1381 2686 est,
1443 2632 1798 2692 posteainani
1855 2627 2127 2683 divinitus

558 2708 946 2763 condemnatos
994 2711 1159 2776 vidit;
1195 2729 1316 2764 nam
1361 2730 1419 2768 se
1464 2716 1572 2768 illis
1615 2717 1972 2794 coniunctum
2020 2737 2129 2774 non

558 2798 849 2867 ignoravit.
887 2801 982 2855 sed
1018 2801 1126 2855 Deo
1161 2819 1260 2872 pro
1291 2804 1563 2860 fratribus
1590 2808 1944 2876 supplicavit,
1982 2810 2130 2879 quod

559 2904 669 2942 non
703 2888 924 2945 fecisset
959 2892 1062 2945 nisi
1094 2891 1259 2946 Deum
1286 2908 1636 2965 sequeretur,
1669 2899 1760 2968 qui
1798 2899 1899 2952 sibi
1929 2915 2129 2968 prince-

2321 1347 2381 1400 Ὀ
2410 1348 2464 1399 δὲ
2502 1345 2752 1398 τοσοῦτον
2781 1345 3014 1413 ἀπέσχεν
3049 1345 3104 1397 ἐν
3139 1345 3389 1414 κοινωνίᾳ
3431 1343 3685 1412 γενέσθαι
3713 1344 3812 1395 τοῦ

2237 1441 2668 1510 ἀρῤωστὴματος
2689 1476 2702 1499 ,
2748 1437 2828 1489 ὅτι
2861 1439 2952 1488 καὶ
2979 1435 3275 1506 θεραπεύει
3306 1436 3412 1487 τῶν
3445 1436 3813 1504 νενοσηκότων

2235 1530 2296 1582 τὸ
2327 1529 2516 1592 πάθος,
2557 1530 2617 1581 ού
2649 1529 2805 1597 μόνον
2832 1527 2992 1589 αὐτὸς
3037 1526 3172 1596 πρὸς
3206 1525 3304 1596 τὴν
3334 1526 3540 1594 ἄμυναν
3574 1525 3681 1576 τῶν
3722 1524 3810 1576 λε-

2236 1619 2568 1688 λυπηκότων.
2607 1619 2781 1687 μένων
2831 1617 3123 1684 ἀκίνητος,
3171 1615 3305 1668 ἀλλὰ
3356 1616 3448 1667 καὶ
3487 1615 3617 1666 Θεὸν
3668 1615 3810 1683 ὑπὲρ

2231 1713 2407 1764 αὐτῶν
2452 1710 2776 1779 ίλεούμενος,
2813 1709 3022 1770 δεικνὺς
3045 1749 3059 1772 ,
3095 1703 3245 1777 οἶμαι
3267 1748 3281 1772 ,
3327 1707 3392 1759 δι’
3425 1700 3499 1758 ὧν
3534 1706 3809 1775 ἐποίησεν,

2232 1802 2312 1854 ὅτι
2343 1803 2370 1853 6
2406 1802 2582 1863 καλῶς
2617 1800 2693 1869 τῷ
2719 1799 2894 1869 θυρεῷ
2919 1798 3016 1867 τῆς
3041 1799 3239 1868 ἀρετῆς
3275 1797 3812 1868 περιπεφραγμένος,

2231 1893 2349 1954 ταῖς
2379 1891 2528 1942 ἁκίσι
2553 1891 2659 1941 τῶν
2691 1890 2857 1958 βελῶν
2884 1890 2982 1941 οὐκ
3009 1887 3333 1957 ἀμύσσεται.
3387 1887 3671 1955 Ἀμελύνει
3698 1885 3809 1954 γὰρ

2231 1983 2328 2051 τὴν
2363 1983 2596 2050 αἰχμὴν,
2651 1981 2743 2034 καὶ
2787 1981 2866 2042 εἰς
2912 1980 2970 2032 τό
3017 1979 3248 2048 ἔμπαλιν
3281 1977 3610 2047 ἀποστρέφει
3645 1978 3678 2045 ἡ
3714 1974 3806 2027 τοῦ

2231 2073 2394 2126 ὅπλου
2444 2056 2756 2143 στερρότηςξ
2809 2070 3009 2122 ’Ὁπλον
3063 2069 3106 2121 δ’
3160 2069 3225 2122 ἂν
3265 2071 3349 2139 εἴη
3398 2069 3506 2122 τῶν
3551 2067 3808 2120 τοιούτων

2234 2164 2402 2234 βελῶν
2429 2163 2815 2232 φυλακτήριον,
2845 2162 3004 2224 αὐτὸς
3036 2162 3063 2212 6
3089 2161 3239 2223 Θεὸς,
3285 2161 3344 2211 ὃν
3372 2159 3610 2212 ἐνδύεται
3650 2162 3677 2211 6
3709 2159 3810 2227 τῆς

2231 2256 2430 2327 ἀρετῆς
2457 2256 2698 2327 ὁπλίτης.
2732 2274 2749 2306 ι
2787 2253 3106 2308 Ἐνδύσασθε
3134 2273 3151 2304 ι
3186 2254 3318 2322 γὰρ,
3347 2252 3500 2321 φησι,
3531 2271 3547 2301 ι
3575 2251 3664 2303 τὸν
3697 2251 3806 2302 Κύ-

2236 2360 2346 2412 ριον
2389 2344 2614 2414 Ἰησοῦν.
2649 2364 2666 2396 ι
2720 2343 2887 2396 Τοῦτό
2917 2345 3063 2395 ἐστιν
3092 2345 3125 2414 ὴ
3151 2343 3399 2413 ἀρραγὴς
3424 2341 3740 2410 παντευχία,

2229 2451 2334 2486 τινι
2366 2435 2750 2504 πεφραγμένος
2781 2436 2808 2486 6
2851 2435 3110 2504 Μωῦσῆς,
3141 2436 3417 2503 ἄπρακτον
3450 2434 3539 2485 τὸν
3571 2433 3808 2502 πονηβν

2230 2525 2450 2596 τοξότην
2481 2527 2752 2596 ἐποίησεν.
2813 2525 2967 2579 Οὕτω
3014 2528 3119 2597 γὰρ
3161 2527 3414 2578 ἐνέπεσεν
3459 2523 3607 2594 αὐτῷ
3636 2527 3668 2594 ἡ
3695 2526 3806 2592 ἀμ-

2231 2615 2482 2686 ϐλυντικὴ
2516 2618 2656 2669 κατὰ
2680 2618 2786 2668 τῶν
2817 2618 3194 2684 λελυπηκότων
3224 2617 3366 2686 ὁρμή
3396 2632 3408 2645 ⁸
3459 2615 3580 2667 οῦτε
3633 2633 3808 2667 καταο

2230 2708 2592 2761 δικασθέντων
2621 2707 2799 2760 αύτῶν
2827 2709 2977 2776 παρὰ
3004 2709 3100 2778 τῆς
3135 2707 3429 2760 ἀδεκάστου
3463 2706 3714 2776 κρίσεως,
3749 2707 3810 2757 το

2230 2799 2365 2868 πρὸς
2396 2799 2492 2869 τὴν
2524 2799 2680 2866 φύσιν
2702 2799 2932 2868 ἠγνόησε
2971 2798 3195 2860 δίκαιον,
3232 2797 3345 2848 ἀλλ’
3379 2798 3559 2867 ἱκέτης
3590 2798 3810 2863 ἐγένετο

2229 2891 2322 2942 τοῦ
2349 2891 2481 2943 Θεοῦ
2507 2891 2646 2961 ὑπὲρ
2673 2891 2781 2942 τῶν
2811 2890 3071 2958 ἁδελςρῶν.
3109 2891 3282 2959 Ὅπερ
3312 2889 3410 2940 ούκ
3438 2889 3501 2940 ἂν
3527 2890 3806 2958 ἐποίησεν,

557 2977 692 3034 dens
745 2989 916 3034 tutam
959 2985 1209 3051 sequenti
1256 2985 1396 3038 viam
1437 2988 1870 3044 demonstrabat.
1927 2989 2124 3044 Verum

2236 2985 2388 3056 εἰμὴ
2437 2985 2662 3037 κατόπιν
2706 2984 2796 3036 τοῦ
2851 2983 2984 3036 Θεοῦ
3035 2980 3124 3054 ἦν,
3161 2984 3253 3035 τοῦ
3289 2983 3356 3035 τὰ
3399 2981 3620 3034 ὄπισθεν
3654 2983 3809 3052 αύτῴ

562 3069 813 3126 humana:
860 3085 1067 3127 naturae
1103 3077 1277 3130 hostis
1311 3094 1340 3130 a
1378 3079 1558 3148 Moyse
1603 3083 1855 3148 repulsus
1880 3123 1892 3146 ,
1932 3098 2126 3138 manus

558 3159 624 3211 ad
656 3161 957 3215 imbecilles
979 3166 1279 3228 transmlit,
1309 3165 1508 3218 bellum
1538 3179 1590 3220 et
1615 3171 1968 3225 voracitateni
1995 3187 2128 3225 ven-

559 3250 658 3304 tris
683 3253 840 3320 quasi
865 3255 1028 3305 telum
1058 3255 1332 3323 qiioildam
1367 3258 1597 3313 immisit
1629 3261 1850 3329 pepiilo,
1885 3278 2126 3332 eumque

562 3340 939 3412 zEgyptiarum
973 3345 1264 3414 epiilaruni
1286 3349 1542 3404 aviditate
1569 3351 1834 3415 incendit,
1860 3364 2022 3424 atque
2053 3355 2119 3409 ad

560 3433 929 3501 praferendas
959 3435 1083 3489 cibo
1109 3436 1184 3488 illi
1215 3439 1424 3492 coalesti
1458 3440 1676 3512 Egypti
1701 3458 1898 3500 carnes
1929 3447 2126 3500 incita-

559 3523 655 3576 vit.
711 3522 879 3595 Moysi
923 3534 1102 3580 autem
1148 3544 1314 3598 supra
1357 3546 1570 3585 onmem
1616 3535 1983 3591 tnrbationem
2011 3539 2124 3607 jam

558 3617 859 3670 constituto
909 3633 1117 3687 magna:
1157 3617 1334 3673 fuerat
1384 3638 1532 3676 cura:
1585 3625 1768 3679 futura
1804 3627 2124 3696 liaareilitas,

557 3723 680 3777 qua:
714 3710 1046 3778 reproniissa
1079 3719 1164 3764 est
1210 3709 1504 3782 {Egyptum
1546 3714 1907 3785 fugientibus,
1961 3736 2024 3774 ac
2061 3723 2125 3774 aii

556 3814 676 3853 eam
706 3800 1181 3869 proficiscentibus
1215 3811 1435 3868 terram,
1468 3807 1610 3860 unde
1644 3809 1726 3862 lae
1757 3819 1810 3862 et
1839 3812 1942 3864 mel
1977 3827 2128 3865 coin-

559 3895 719 3946 mista
749 3893 909 3947 simul
939 3897 1268 3949 scaturiuiit.
1300 3895 1411 3951 Hac
1449 3897 1517 3952 de
1551 3916 1716 3954 causa
1754 3904 2126 3972 exploratores

559 3985 756 4038 missos
792 3983 859 4038 de
901 3985 1060 4039 bonis
1097 3987 1248 4040 illius
1289 3989 1531 4067 regionis
1573 3991 1874 4061 interrogat
1905 4014 1914 4044 :
1945 3995 1996 4047 lii
2030 4011 2127 4048 au-

559 4081 664 4127 tem
700 4081 827 4128 sunt
856 4075 947 4128 alii
981 4075 1144 4141 boni,
1182 4078 1270 4130 alii
1318 4079 1444 4130 mali
1481 4094 1493 4130 :
1537 4089 1590 4132 et
1622 4081 1752 4134 boni
1784 4084 2035 4150 quidem,
2070 4096 2128 4138 ut

555 4182 655 4237 ego
694 4167 890 4229 s‘entio,
925 4177 1052 4222 sunt
1093 4177 1254 4223 recta:
1293 4171 1658 4239 cogitationes
1690 4173 1758 4226 de
1796 4177 2126 4252 rapi-omissa

559 4259 716 4313 nobis
771 4259 1129 4322 beatitudine,
1175 4262 1378 4314 Christi
1425 4261 1529 4316 fide
1560 4265 1951 4320 COI'I‘ObOl'illiL‘.
1999 4267 2123 4320 Mali

2230 3077 2365 3146 πρὸς
2409 3078 2506 3148 τὴν
2535 3077 2750 3145 ἀσφαλῆ
2792 3079 2889 3145 τῆς
2924 3076 3124 3144 ἀρετῆς
3158 3075 3374 3143 όδηγίαν
3404 3073 3808 3144 προδείξαντος.

2229 3166 2338 3218 Καὶ
2383 3165 2448 3216 τὰ
2494 3165 2625 3218 ἄλλα
2672 3165 2726 3216 δὲ
2775 3165 2973 3232 ἐφεξῆς
3014 3165 3256 3218 τοιαῦτα.
3306 3165 3520 3234 Ἐπειδὴ
3553 3164 3660 3234 γὰρ
3704 3165 3810 3217 οῦκ

2227 3255 2352 3324 ἔσχε
2385 3257 2502 3308 κατ’
2532 3255 2695 3307 αὑτοῦ
2744 3254 2926 3326 χώραν
2967 3257 3045 3318 εἰς
3100 3257 3302 3327 βλάὸην
3340 3259 3367 3309 6
3397 3261 3460 3327 τῇ
3494 3257 3649 3324 φύσει
3696 3257 3809 3308 τῶν

2230 3345 2528 3415 ἀνθρώπων
2556 3344 2838 3414 πολέμιος,
2877 3345 3065 3415 τρέπει
3086 3347 3226 3398 κατὰ
3254 3347 3358 3399 τῶν
3389 3347 3809 3416 εύαλωτοτέρων

2227 3437 2316 3488 τὸν
2351 3437 2598 3507 πόλεμον.
2635 3438 2741 3492 Καὶ
2784 3437 3031 3508 καθάπερ
3068 3455 3119 3489 τι
3163 3438 3313 3507 βέλος
3349 3440 3408 3491 τὸ
3437 3440 3534 3508 τῆς
3572 3457 3808 3509 γαστρι-

2232 3531 2464 3600 μαργίας
2495 3529 2662 3592 πάθος
2693 3531 2922 3598 ἐπαφεὶς
2963 3530 3040 3600 τῷ
3069 3529 3202 3600 λαῷ,
3250 3533 3630 3599 Δίγυπτιάζειν
3661 3534 3810 3604 κατά

2228 3624 2326 3692 τὴν
2372 3621 2549 3692 ὄρεξιν
2597 3621 2791 3683 αὐτοὺς
2836 3621 3242 3690 παρεσκεύασε,
3296 3624 3646 3693 προτιθέντας
3701 3627 3811 3694 τῆς

2227 3715 2484 3785 οὐρανίας
2527 3713 2740 3781 ἐκείνης
2787 3715 2990 3784 τροφῆς
3034 3713 3130 3784 τὴν
3166 3715 3295 3785 παρ’
3320 3717 3634 3782 Αἰγυπτίοις
3668 3735 3808 3788 σαρ-

2230 3805 2497 3877 κοὸορίαν.
2544 3805 2599 3858 '0
2622 3805 2677 3856 δὲ
2711 3804 2910 3874 ὑψηλὸς
2935 3808 3030 3874 τὴν
3056 3806 3251 3876 ψυχὴν,
3283 3807 3394 3860 ἄνω
3431 3808 3523 3859 τοῦ
3559 3809 3808 3862 τοιούτου

2230 3898 2434 3961 πάθους
2464 3898 2924 3967 ὑπερπετόμενος,
2960 3899 3079 3961 ὅλος
3110 3894 3177 3968 ἦν
3209 3899 3308 3968 τῆς
3341 3899 3638 3970 μελλούσης
3668 3901 3808 3971 κληι-

2231 3986 2480 4055 ρονομίας
2509 3987 2605 4055 τῆς
2640 3986 3056 4056 ἐπηγγελμένης
3088 3988 3238 4056 παρὰ
3271 3987 3364 4039 τοῦ
3397 3988 3530 4040 Θεοῦ
3558 3991 3668 4052 τοῖς
3705 4007 3808 4060 με·

2230 4078 2568 4147 θισταμένοις
2595 4079 2657 4130 ἐκ
2686 4077 2784 4147 τῆς
2821 4078 3100 4147 νοηθείσης
3131 4078 3423 4145 Αἰγύπτου,
3460 4081 3550 4131 καὶ
3575 4079 3668 4132 ἐπὶ
3703 4082 3810 4150 τὴν

2228 4170 2330 4238 γῆν
2361 4169 2571 4239 ἐκείνην
2604 4169 2994 4239 ὁδοιποροῦσιν,
3042 4171 3100 4222 ἐν
3220 4169 3371 4240 βρύει
3399 4169 3460 4221 τὸ
3487 4170 3626 4236 γάλα
3674 4189 3806 4223 συνο

2228 4261 2670 4332 αναμεμιγμένον
2711 4261 2788 4331 τῷ
2836 4261 3029 4331 μέλιτι.
3084 4261 3282 4313 Τούτου
3330 4262 3486 4332 χάριν
3529 4265 3811 4317 κατασκόο

556 4364 708 4411 vero,
751 4349 1041 4403 incredula:
1091 4353 1510 4409 resurrectionis
1561 4362 1724 4422 atque
1766 4357 2121 4413 beatitudinis

2233 4371 2364 4416 πούς
2386 4354 2534 4414 τινὰς
2553 4352 2899 4416 διδασκαλους
2926 4355 3157 4407 ἐποιεῖτο
3183 4353 3289 4404 τῶν
3314 4354 3369 4405 ἐν
3393 4353 3572 4423 ἐκείνῃ
3595 4354 3809 4410 καλῶν.

559 4449 800 4501 tuentes,
834 4458 955 4511 quae
997 4442 1156 4496 fidem
1187 4444 1253 4497 de
1287 4447 1635 4513 nepromissis
1671 4447 1915 4502 biiinano
1942 4452 2126 4518 generi

560 4531 717 4583 bonis
760 4533 1052 4587 retundere
1084 4551 1145 4588 ac
1185 4535 1461 4589 infirmare
1493 4547 1762 4590 conantur
1791 4557 1805 4592 :
1837 4556 1974 4608 quos
2013 4557 2130 4595 om-

561 4635 655 4674 nes
695 4618 908 4692 Moyses
938 4625 1270 4688 reprobavit,
1299 4626 1488 4693 eisque
1520 4628 1696 4681 solum
1740 4631 1998 4695 credidit,
2035 4633 2128 4701 qui

559 4711 788 4764 meliora
843 4711 910 4764 de
957 4715 1177 4781 regione
1226 4715 1314 4768 illa
1366 4717 1692 4771 referebant.
1740 4718 1902 4776 Jesus
1945 4731 2126 4777 autem

558 4798 749 4851 borum
798 4800 1040 4853 omnium
1091 4805 1344 4870 princeps
1386 4814 1540 4868 erat,
1592 4807 1656 4859 ad
1697 4823 1858 4876 quem
1911 4810 2125 4880 Moyses

560 4889 866 4958 respiciens
903 4891 1113 4944 firmam
1145 4892 1379 4945 habebat
1421 4911 1572 4964 spem
1602 4897 1668 4951 de
1711 4898 1936 4962 futuris,
1973 4918 2126 4957 race-

560 4980 662 5032 mis
701 4981 1060 5036 confiriiiatus
1099 4998 1110 5032 :
1157 4986 1433 5052 specimen
1475 4998 1652 5041 autem
1688 4991 2004 5045 deliciarum
2037 5009 2124 5048 re-

558 5069 736 5140 gionis
773 5071 919 5126 illius
958 5088 1229 5126 racemum
1263 5077 1540 5142 ostendit,
1573 5095 1732 5148 quem
1775 5082 1828 5135 in
1881 5084 2125 5140 vectibus

557 5162 835 5216 attulerat.
869 5162 1055 5218 Iesum
1084 5182 1212 5218 vero
1237 5169 1466 5223 audiens
1498 5172 1643 5226 illius
1677 5181 1837 5228 terra:
1862 5174 2124 5230 indicium

559 5254 897 5320 facientem,
937 5265 990 5309 et
1027 5273 1304 5311 racemum
1336 5265 1402 5314 ex
1448 5262 1595 5332 ligno
1624 5265 1981 5332 pendentem,
2017 5285 2124 5324 non

557 5343 838 5400 dubitabis
864 5347 999 5413 quin
1036 5348 1109 5402 sit
1148 5348 1280 5403 illud
1303 5350 1368 5403 ad
1400 5353 1543 5420 quod
1575 5353 1666 5408 ille
1703 5370 1922 5425 quoque
1951 5359 2126 5427 respi-

557 5439 707 5492 ciens
738 5437 1080 5492 indubitabili
1112 5455 1208 5508 spe
1230 5443 1638 5498 consolabatur.
1680 5445 1950 5502 [tacemus
1978 5451 2121 5503 enim

555 5545 620 5582 ex
653 5530 798 5600 ligno
831 5530 1146 5602 dependens
1179 5535 1303 5602 quis
1336 5535 1475 5590 alius
1507 5538 1606 5590 erit
1632 5579 1644 5600 ,
1671 5554 1833 5607 qiiam
1870 5542 1913 5595 is
1940 5543 2028 5611 qui
2066 5543 2117 5596 iii

627 5707 846 5763 "Num.
878 5726 975 5778 iiii,
1019 5713 1036 5765 l
1075 5729 1227 5783 seqq.
1294 5717 1333 5747 ⁷⁷
1373 5717 1527 5770 llom.
1560 5735 1675 5784 λιιι,
1715 5719 1790 5770 ll.

2227 4438 2385 4498 Οῦτοι
2416 4445 2458 4497 δ’
2486 4445 2550 4497 ἂν
2595 4440 2724 4508 εἷεν,
2771 4446 2914 4497 κατὰ
2953 4461 3015 4511 γε
3044 4445 3140 4513 τὴν
3182 4444 3317 4514 ἐμὴν
3343 4443 3584 4512 γνώμην,
3616 4447 3669 4499 οἱ
3703 4447 3813 4515 μὲν

2225 4533 2323 4596 τὰς
2349 4532 2557 4601 ἀγαθὰς
2591 4533 2806 4596 ἐλπίδας
2839 4534 3234 4604 προτείναντες,
3267 4535 3312 4585 οἱ
3338 4533 3424 4585 διὰ
3449 4535 3543 4604 τῆς
3565 4535 3813 4598 πίστεως

2228 4627 2564 4694 ἐγγινόμενοι
2603 4625 2871 4695 λογισμοὶ,
2913 4624 3256 4694 βεϐαιοῦντες
3287 4625 3394 4678 τῶν
3423 4627 3813 4695 ἀποκειμένων

2227 4715 2448 4783 ἀγαθῶν
2482 4717 2578 4786 τὴν
2612 4716 2799 4768 ἐλπίδα
2821 4734 2832 4745 ·
2869 4719 2914 4768 οἱ
2951 4716 3008 4768 δὲ
3035 4717 3344 4784 ἀπόγνωσιν
3373 4717 3479 4770 τῶν
3509 4721 3813 4788 χρηστοτέ-

2237 4823 2342 4876 ρων
2362 4806 2639 4868 ποιοῦντες
2666 4807 2912 4869 ἐλπίδων,
2941 4803 3047 4858 εἷεν
3070 4807 3134 4860 ἂν
3163 4808 3211 4860 οἱ
3242 4808 3388 4878 παρὰ
3404 4809 3498 4860 τοῦ
3557 4809 3810 4862 ἐναντίου

2232 4900 2497 4969 λογισμοὶ,
2543 4901 2590 4951 οἰ
2634 4899 2731 4969 τὴν
2774 4901 2953 4952 πίστιν
2985 4899 3090 4952 τῶν
3132 4900 3550 4970 ἐπηγγελμένων
3594 4900 3813 4969 ἀμϐλύ-

2232 5009 2434 5056 νοντες.
2464 4992 2601 5044 Ἀλλ’
2623 4991 2812 5044 οὐδένα
2845 4992 2951 5045 τῶν
2980 4993 3237 5044 ἐναντίων
3265 4992 3422 5058 λόγον
3453 4992 3807 5059 ποιούμενος,

2233 5083 2422 5135 πιστὸν
2445 5084 2652 5152 ἡγεῖται
2692 5081 2780 5133 τὸν
2805 5081 2873 5133 τὰ
2907 5082 3138 5152 κρείττω
3175 5083 3299 5152 περὶ
3325 5083 3420 5152 τῆς
3460 5081 3562 5149 γῆς
3590 5083 3811 5152 ἐκείνης

2229 5174 2714 5243 ἐπαγγελλόμενον.
2760 5173 2964 5240 Ἰησοῦς
3000 5173 3055 5226 δέ
3083 5169 3150 5243 ἦν
3179 5175 3206 5226 6
3232 5175 3328 5242 τῆς
3363 5173 3671 5243 κρείττονος
3709 5192 3811 5227 κα-

2227 5267 2506 5335 τασκοπῆς
2532 5265 2956 5335 καθηγούμενος,
2985 5268 3013 5318 ὁ
3040 5269 3104 5334 τῇ
3132 5266 3260 5334 παρ’
3283 5264 3476 5317 ἑαυτοῦ
3509 5263 3811 5332 βεϐαιώσει

2227 5359 2288 5410 τὸ
2320 5359 2504 5412 πιστὸν
2529 5361 2640 5420 τοῖς
2666 5357 3090 5426 ἐπηγγελμένοις
3125 5357 3396 5426 παρέχων.
3429 5356 3570 5425 Πρὸς
3599 5355 3660 5406 ὃν
3688 5357 3814 5424 βλέ-

2231 5465 2346 5499 πων
2393 5448 2420 5497 ὁ
2465 5447 2734 5516 Μωῧσῆςν
2783 5445 3000 5514 βεδαίας
3047 5441 3157 5514 εἶχε
3196 5447 3291 5507 τὰς
3338 5445 3477 5514 ὑπὲρ
3519 5443 3626 5495 τῶν
3681 5448 3810 5512 μέλ.

2230 5538 2424 5592 λόντων
2453 5537 2690 5602 ἐλπίδας,
2717 5537 2911 5607 δεῖγμα
2954 5543 3055 5610 τῆς
3094 5539 3208 5589 ἐκεῖ
3232 5536 3437 5606 τρυφῆς
3481 5535 3570 5587 τὸν
3607 5535 3822 5609 βότρυν
