4054 6436
239 293 324 346 διδ
1533 302 1623 359 DE
1662 303 1803 364 VIU

1906 309 2143 367 [OYSIS
3361 316 3466 374 ιιι

236 407 536 479 ποιούμενος.
582 408 675 462 τὸν
713 411 802 464 ἐπ’
843 412 1162 486 ἀναφορέων
1199 419 1328 490 παρ’
1366 420 1530 476 αύτοῦ
1562 427 1779 496 κομιζό-

1906 432 2208 497 novissimis
2260 431 2458 489 diebus
2511 449 2575 489 ex
2631 434 2782 505 ligno
2847 436 3106 506 pependit
3166 450 3461 493 racemus.

240 516 391 570 μενον.
418 500 621 569 Ἰησοῦν
651 501 707 554 δέ
742 504 962 568 πάντως
985 506 1201 561 ἀκούων
1232 512 1359 580 περὶ
1384 515 1483 583 τῆς
1511 514 1615 584 γῆς
1643 518 1781 571 ἐκεί-

238 609 315 664 vi};
356 592 640 663 μηνύοντα,
682 595 778 647 καὶ
824 594 1022 669 βότρυν
1069 596 1242 664 ξύλων
1290 603 1739 677 ἀπαιωρούμενον
1764 627 1777 641 ε

234 685 346 747 νοεῖς
376 684 505 754 πρὸς
529 685 559 738 ὃ
587 702 641 738 τι
669 687 919 749 κάκεῖνος
948 686 1180 757 βλέπων,
1220 691 1468 765 ἀσφαλὴς
1502 699 1619 760 ταῖς
1641 697 1784 752 ἐλπί-

235 792 303 828 σιν
323 768 384 844 ἧν
405 791 419 804 ·
454 775 650 846 βότρυς
674 776 783 849 γὰρ
813 779 906 831 ἐπὶ
924 779 1076 844 ξύλου
1108 783 1475 853 κρεμάμενος,
1505 786 1589 850 τίς
1617 788 1781 852 ἄλλος

233 866 326 917 ἐστὶ
346 865 488 935 παρά
514 866 607 919 τὸν
630 867 718 920 ἐπ’
740 869 983 938 ἐσχάτων
1009 871 1117 924 τῶν
1140 873 1363 944 ἡμερῶν
1391 876 1483 928 ἐπὶ
1504 876 1598 930 τοῦ
1625 877 1781 943 ξύλου

232 957 580 1025 κρεμασθέντα
613 960 835 1030 βότρυν,
861 953 922 1013 οὗ
956 962 1017 1015 τὸ
1048 960 1189 1034 αἷμα
1226 966 1389 1019 ποτὸν
1418 969 1530 1031 τοῖς
1564 971 1785 1024 πιστεύ-

1886 523 2047 593 cujus
2111 525 2338 595 sanguis
2389 532 2554 595 potus
2615 527 2686 582 sit
2739 528 3089 583 credentibus
3154 527 3465 583 salutaris?

1884 613 2068 686 Moyse
2098 615 2152 669 id
2181 616 2525 687 aeuigmatice
2567 618 2728 674 nobis
2767 619 3137 688 praedicente:
3173 638 3191 670 ι
3226 617 3465 689 Sangui-

1888 720 2008 759 nem
2051 707 2218 772 enim,
2268 725 2285 758 ι
2331 707 2537 777 inquit,
2580 728 2599 761 ι
2640 724 2759 764 uvae
2787 708 3288 764 bibebautvinum:
3321 725 3465 778 aqua

1886 812 1952 850 ex
1981 814 2039 851 re
2064 799 2323 856 salutaris
2351 802 2557 856 Christi
2584 802 2769 872 passio
2806 800 3230 870 prmnuntiatur.
3263 798 3468 854 Verum

1894 888 1999 940 iter
2030 904 2226 945 rursus
2266 907 2362 961 per
2388 892 2606 947 deserta
2640 893 2698 945 tit
2723 932 2737 955 ,
2770 899 2826 945 et
2863 891 3079 945 laborat
3113 890 3205 945 siti
3233 889 3471 960 populus

1891 979 1985 1047 qui
2015 983 2463 1050 repromissionis
2489 985 2630 1039 bona
2660 981 2991 1052 desperavit.

228 1063 325 1100 ουσι
355 1048 562 1141 γίνεται
607 1052 908 1141 σωτηριονς
957 1053 1130 1107 Τοῦτο
1156 1053 1249 1106 τοῦ
1282 1056 1561 1121 Μωῡσέως
1600 1061 1952 1129 προειπόντος
2002 1048 2131 1138 ἡμὶν
2194 1070 2261 1122 δι’
2301 1071 2644 1141 αἰνίγματος.
2703 1048 2785 1123 ετί
2814 1089 2833 1121 ι
2858 1063 3007 1139 Αἷμα
3037 1068 3310 1139 σταφυλῆς
3353 1066 3462 1119 ἔπι⁸

228 1157 298 1233 νον
335 1136 539 1192 οἶνονοι
575 1140 643 1194 δι’
690 1137 749 1197 οὗ
788 1143 850 1196 τὺ
903 1146 1168 1216 σωτήριον
1202 1145 1373 1211 πάθος
1404 1151 1833 1220 καταμηνύεται.
1887 1158 2056 1212 Πάλιν
2113 1160 2199 1213 διὰ
2249 1160 2347 1230 τῆς
2388 1163 2605 1233 ἐρήμου
2656 1159 2794 1223 ὁδὸς,
2836 1159 2930 1213 καὶ
2976 1160 3367 1212 καταπονεῖται
3395 1156 3476 1228 τῴ

225 1229 339 1302 δέψει
358 1235 385 1287 ὁ
414 1233 523 1287 τῶν
550 1235 777 1303 ἀγαθῶν
806 1238 905 1308 τῆς
930 1240 1261 1308 ἐπαγγελίας
1291 1240 1595 1307 ἀπελπίσας
1625 1245 1776 1308 λαός.

294 1323 344 1375 '0
361 1322 412 1376 δέ
430 1324 674 1394 Μωῦσῆς
713 1325 871 1379 πάλιν
893 1328 1072 1391 αὐτοῖς
1095 1330 1421 1395 κατακλύζει
1455 1331 1543 1385 διὰ
1574 1332 1673 1402 τῆς
1696 1334 1792 1387 πέ-

224 1431 336 1485 τρας
355 1414 447 1484 τὴν
475 1414 707 1486 ἔρημον.
744 1417 802 1470 ’0
822 1416 877 1470 δέ
894 1418 1141 1495 τοιοῦτος
1171 1419 1345 1489 λόγος,
1374 1421 1531 1476 τοῦτο
1556 1423 1621 1477 ἂν
1644 1426 1789 1494 ἡμᾶς

224 1502 298 1555 διὰ
325 1504 417 1573 τῆς
467 1506 671 1576 νοητῆς
708 1504 944 1577 Θεωρίας
992 1506 1275 1572 διδάξειεν,
1307 1504 1418 1563 οἷόν
1455 1512 1570 1563 ἐστι
1595 1511 1656 1564 τὸ
1690 1512 1790 1583 τῆς

226 1593 480 1662 μετανοίας
508 1598 832 1666 μυστήριον.
858 1598 920 1649 Οἱ
947 1598 1053 1669 γάρ
1077 1598 1210 1670 πρὸς
1229 1600 1471 1672 γαστέρα
1496 1602 1590 1655 καὶ
1614 1604 1791 1675 σάρκα

225 1686 301 1738 καὶ
329 1686 419 1749 τὰς
451 1688 761 1756 Αἰγυπτίας
796 1690 1007 1759 ἡδονάς,
1042 1691 1180 1760 μετά
1229 1692 1289 1745 τὸ
1323 1693 1466 1760 ἅπαξ
1488 1694 1787 1763 γεύσασθαι

226 1777 306 1848 τῆς
336 1779 557 1849 πέτρας,
597 1781 1067 1851 παρατραπέντες,
1104 1783 1180 1853 τῷ
1210 1783 1353 1855 λιμῷ
1387 1789 1479 1838 καὶ
1506 1786 1613 1839 τῶν
1646 1787 1791 1856 λογι-

228 1868 356 1938 σμῶν
407 1871 502 1940 τῆς
564 1870 676 1923 τῶν
701 1870 921 1940 ἀγαθῶν
970 1875 1256 1943 μετουσίας
1316 1876 1786 1942 καταδικάζονται.

237 1958 352 2011 Ἀλλ’
376 1960 517 2012 ἔστιν
553 1962 742 2025 αὐτοῖς
781 1962 944 2015 πάλιν
975 1965 1038 2016 ἐκ
1063 1966 1428 2036 μεταμελείας
1453 1969 1550 2040 τὴν
1582 1969 1787 2039 πέτραν

227 2053 398 2123 εὑρεῖν,
419 2053 485 2123 ἢν
514 2054 838 2118 κατέλιπον,
860 2056 955 2108 καὶ
980 2055 1142 2109 πάλιν
1176 2058 1388 2121 ἑαυτοῖς
1411 2062 1793 2131 ἀναστομῶσαι

228 2142 309 2212 τὴν
344 2143 523 2212 φλέϐα,
598 2144 758 2198 πάλιν
812 2142 1189 2217 ἐμφορηθῆναι
1233 2148 1327 2202 τοῦ
1380 2149 1639 2219 νάματος,
1684 2150 1711 2203 ὃ
1759 2152 1791 2221 ἡ

229 2235 374 2306 πέτρα
421 2236 680 2289 ἐκδίδωσι
727 2236 805 2307 τῷ
834 2238 933 2308 τὴν
982 2240 1333 2306 κατασκοπὴν
1382 2239 1554 2311 Ἰησοῦ
1597 2240 1793 2312 ἁληοε‹

231 2327 394 2399 στέραν
417 2331 511 2400 τῆς
539 2328 658 2381 τῶν
693 2327 949 2382 ἐναντίων
975 2324 1112 2382 εῖναι
1137 2330 1504 2395 πιστεύσαντι,
1541 2333 1634 2384 καὶ
1660 2332 1796 2403 πρὸς

226 2419 298 2470 τὸν
334 2420 516 2491 βότρυν
580 2420 962 2485 ἀναδλέποντι,
994 2422 1084 2475 τὸν
1115 2422 1255 2492 ὑπὲρ
1283 2424 1438 2493 ἡμῶν
1484 2418 1626 2493 αἷμα
1667 2424 1796 2477 στά-

229 2507 385 2573 ξιντα,
412 2512 501 2562 καὶ
525 2509 893 2580 αἱμαχθέντα,
916 2510 993 2581 τῷ
1014 2510 1173 2564 πάλιν
1192 2512 1373 2574 αὐτοῖς
1400 2512 1488 2564 διά
1514 2511 1608 2565 τοῦ
1635 2512 1793 2577 ξύλου

1906 2516 2179 2573 scaturiret
2188 2527 2339 2588 petra
2349 2518 2544 2574 eﬁ'ecit.
2557 2518 2755 2572 Verum
2770 2512 3237 2583 populusuqudum
3253 2515 3470 2585 vestigia
3548 2538 3551 2541 λ

229 2600 384 2670 βρύειν
408 2603 501 2673 τὴν
531 2602 747 2671 πέτραν
791 2602 1278 2655 κατασκευάσαντι.
1330 2601 1468 2653 Ἀλλ’
1493 2601 1646 2657 οὔπω
1676 2602 1796 2656 κατ’

230 2692 350 2759 ipe;
373 2692 607 2745 ἕπεσθαι
653 2694 720 2762 τῇ
767 2691 1110 2762 μεγαλοιρνῖᾳ
1140 2692 1381 2755 Μωσέως
1424 2693 1453 2746 ὁ
1494 2692 1620 2757 λαὸς
1645 2695 1801 2747 ἐπαι-

228 2781 390 2853 δεύθη·
440 2784 521 2837 ἔτι
587 2783 647 2836 δὲ
701 2782 836 2854 πρὸς
878 2784 975 2846 τὰς
1014 2782 1443 2853 ἀνδραποδώδεις
1506 2783 1800 2854 ἐπιθυμίας

230 2875 541 2940 καθέλκεται,
597 2879 692 2929 καὶ
738 2878 875 2947 πρὸς
906 2876 1005 2939 τὰς
1027 2877 1332 2945 Αἰγυπτίας
1356 2877 1550 2948 ἡδονὰς
1590 2876 1801 2930 ἐπικλί-

1970 1333 2183 1406 Moyses
2213 1354 2340 1393 vero
2374 1354 2568 1395 rursus
2606 1354 2704 1410 per
2738 1337 2973 1409 lapidem
3017 1336 3286 1393 inundare
3316 1342 3477 1410 aquis

1897 1440 2143 1481 eremum
2185 1428 2312 1483 fecit
2338 1445 2353 1495 ;
2386 1444 2509 1499 qua:
2538 1444 2628 1484 res
2657 1437 2922 1499 quantum
2953 1427 3224 1498 qualeque
3259 1428 3329 1483 sit
3358 1444 3477 1499 pm-

1900 1518 2141 1574 nitentia:
2171 1530 2579 1575 sacramentum
2604 1560 2618 1586 ,
2664 1520 2843 1575 docet.
2879 1520 3017 1576 Nam
3044 1522 3147 1591 qui
3183 1530 3470 1591 postquam

1896 1607 2063 1661 semel
2096 1622 2126 1661 e
2150 1614 2298 1677 petra
2343 1608 2626 1672 biberant,
2670 1610 2734 1663 ad
2773 1618 3017 1664 ventrem
3058 1620 3111 1664 et
3141 1625 3340 1667 carnes
3368 1651 3384 1674 ,
3419 1622 3475 1667 et

1895 1697 2180 1768 Egyptias
2207 1700 2517 1769 voluptates
2552 1700 2689 1769 lapsi
2720 1699 3028 1761 sunt,fame
3059 1714 3123 1754 ac
3155 1702 3468 1769 privatione

1894 1791 2332 1860 participationis
2368 1791 2638 1845 bonorum
2679 1791 3034 1845 damnantur.
3074 1789 3472 1846 Verumtamen

1895 1890 2125 1951 possunt
2160 1898 2353 1938 rursus
2381 1899 2543 1956 quam
2579 1883 2991 1953 dereliquerunt
3028 1891 3275 1953 petram,
3309 1885 3478 1953 pinni-

1895 1973 2079 2027 lentiae
2099 1974 2361 2028 beneﬁcio
2381 1975 2644 2043 reperire,
2665 1990 2728 2029 ac
2750 1974 2930 2029 fontes
2953 1989 3095 2044 quos
3110 1975 3478 2045 delinquendo

1895 2065 2225 2119 obturarunt
2246 2105 2261 2127 ,
2296 2066 2401 2120 sibi
2451 2080 2699 2121 reserare
2730 2072 2786 2120 et
2816 2064 3038 2119 liuentis
3083 2064 3321 2134 expleri,
3355 2080 3481 2135 quae

1896 2156 2178 2226 profundit
2211 2157 2287 2211 illi
2342 2168 2515 2227 petra,
2551 2157 2648 2226 qui
2684 2156 2953 2211 veriorem
2982 2154 3136 2219 Jesu,
3169 2170 3333 2226 quam
3367 2156 3471 2211 ad-

1894 2250 2265 2304 versariorum
2297 2249 2730 2318 explorationem
2762 2246 3001 2303 credidit
3039 2266 3052 2302 :
3088 2258 3251 2318 atque
3285 2247 3353 2301 ad
3386 2262 3476 2301 ra-

1896 2354 2109 2394 cemum
2134 2339 2396 2409 respicit,
2434 2340 2524 2409 qui
2548 2355 2660 2410 ,pro
2695 2338 2853 2395 nobis
2886 2338 3208 2409 sanguinem
3230 2337 3479 2403 stillavit,

1896 2438 1951 2486 et
1998 2439 2318 2486 cruentatus
2352 2440 2471 2495 est,
2514 2432 2718 2501 quique
2763 2440 2822 2484 ut
2861 2445 3056 2484 rursus
3112 2445 3208 2499 per
3261 2429 3473 2500 lignum

1899 2604 2071 2677 Moysi
2105 2613 2253 2661 recte
2303 2607 2459 2675 sequi
2512 2605 2748 2670 didicit,
2794 2605 2888 2660 sed
2920 2605 2987 2659 ad
3024 2604 3256 2659 serviles
3296 2604 3479 2657 adhuc

1898 2696 2086 2765 lapsus
2128 2696 2495 2766 cupiditates,
2552 2695 2841 2766 .Egyplias
2887 2696 3097 2764 expetit
3147 2696 3478 2766 voluptates.

1899 2786 2015 2852 Qua
2050 2802 2114 2842 ex
2162 2802 2218 2841 re
2258 2786 2491 2841 historia
2534 2787 2775 2842 clamare
2816 2786 3052 2848 videtur,
3104 2785 3323 2841 labilem
3356 2801 3483 2843 esse

1901 2877 2138 2933 maxime
2173 2878 2237 2931 ad
2296 2878 2608 2947 hujusmodi
2662 2879 2795 2932 vitia
2851 2886 3101 2932 naturam
3146 2879 3482 2947 humanam,

227 2983 374 3023 πται.
419 2969 680 3021 Δείκνυσι
714 2965 768 3020 δέ
811 2985 923 3031 πως
983 2967 1071 3021 διὰ
1110 2968 1314 3022 τούτων
1354 2970 1387 3039 ἡ
1432 2968 1660 3039 ἱστορία,
1718 2970 1799 3022 ὅτι

1908 2969 2162 3038 milleque
2200 2971 2376 3025 modis
2408 2971 2692 3025 seductam
2728 2973 2793 3023 ad
2829 2986 2893 3026 ea
2922 2971 3143 3028 cadere.
3177 2971 3361 3037 Quare
3391 2988 3486 3042 pe-

231 3059 343 3128 πρὸς
369 3059 425 3112 τὸ
454 3058 706 3113 τοιοῦτον
746 3060 915 3122 πάθος
942 3059 1160 3113 πάντων
1198 3060 1433 3129 μάλιστα
1483 3059 1803 3132 κατωφερὴς

228 3150 587 3222 ήάνθρωπίνη
644 3151 806 3220 φύσις
854 3153 992 3215 ἐστὶ,
1038 3152 1261 3222 μυρίαις
1304 3151 1440 3215 ὁδοῖς
1482 3134 1803 3223 ὑπαγομένη

226 3246 283 3312 τῇ
322 3245 477 3315 νόσῳ.
528 3246 648 3309 Διὸ,
694 3246 943 3317 καθάπερ
968 3263 1049 3308 τις
1091 3244 1290 3316 ἰατρὸς,
1327 3244 1460 3316 πρὸς
1494 3244 1552 3297 τὸ
1580 3246 1808 3315 ἐπικρα-

226 3332 332 3387 τοῦν
377 3337 463 3389 ἀεὶ
509 3338 692 3401 πάθος
746 3336 834 3389 διά
879 3338 977 3406 τῆς
1020 3336 1213 3406 τέχνης
1251 3337 1559 3407 ἱστάμενος,
1605 3338 1707 3389 ούκ
1743 3338 1807 3407 ἐᾷ

225 3426 536 3481 κατάύτῶν
594 3426 949 3481 δυναστεύειν
1003 3427 1167 3498 μέχρι
1202 3426 1435 3480 θανάτου
1487 3427 1584 3499 τὴν
1627 3427 1804 3482 νόσον.

226 3514 332 3580 τῶς
386 3519 488 3590 μὲν
542 3519 658 3590 γάρ
711 3520 744 3588 ἡ
794 3519 901 3571 τῶν
954 3518 1171 3571 ἀτόπων
1206 3517 1470 3588 ἐπιθυμία
1493 3520 1618 3582 τοὺς
1657 3516 1809 3588 ὃφεις

221 3609 379 3663 ἔτικτε
403 3630 418 3643 ο
449 3612 513 3665 τὸ
545 3613 606 3664 δέ
640 3611 770 3682 παρ’
799 3610 978 3663 αὐτῶν
998 3611 1201 3681 δῆγμα,
1236 3610 1607 3682 θανατηφόρον
1636 3611 1809 3681 ἐπῆγε

221 3701 300 3756 τὸν
329 3702 406 3757 ίὸν
428 3707 546 3768 τοῖς
568 3704 868 3775 ἀμυχθεῖσι
897 3699 974 3774 τῷ
1006 3703 1244 3773 δήγματι
1269 3718 1282 3731 ·
1308 3706 1336 3757 ὁ
1369 3703 1423 3757 δέ
1448 3703 1619 3773 μέγας
1648 3720 1809 3775 νομο-

220 3792 367 3863 θέτης
419 3795 609 3864 ὄφεως
657 3794 789 3847 εῖδει
830 3795 928 3864 τὴν
976 3793 1204 3864 δύναμιν
1237 3792 1346 3847 τῶν
1377 3794 1520 3847 κατά
1552 3794 1810 3866 ἀλήθειαν

222 3883 405 3956 θηρίων
428 3888 740 3958 ήχῳίωσε.
763 3886 965 3958 Καιρὺς
986 3887 1031 3939 δ’
1066 3887 1131 3940 ἂν
1154 3886 1259 3957 εἴη,
1295 3886 1625 3957 σαφέστερον
1649 3889 1812 3940 ἐκκαο

215 3974 365 4047 λῦψαι
384 3980 447 4032 τὸ
476 3980 741 4050 αἰνιγμαθ
782 3979 874 4031 Ἕν
903 3995 953 4031 τι
985 3979 1094 4032 τῶν
1121 3979 1370 4049 πονηρῶν
1400 3977 1600 4033 τούτων
1632 3978 1811 4048 παθη-

217 4070 393 4139 μάθων
452 4074 614 4126 ἐστὶν
654 4071 1088 4142 ἀλεξητήριον,ἠ
1123 4072 1210 4124 διὰ
1237 4069 1329 4124 τοῦ
1378 4071 1677 4141 μυστηρίου
1711 4070 1812 4141 τῆς

214 4162 488 4226 εὐσεϐείας
530 4162 806 4234 γινομένη
839 4164 946 4216 τῶν
976 4162 1164 4233 ψυχῶν
1192 4166 1223 4235 ὴ
1235 4162 1349 4234 μῶν
1378 4162 1663 4234 κάθαρσις.
1698 4165 1810 4217 Κεα

217 4254 433 4321 galeros
463 4256 524 4308 δὲ
580 4254 697 4308 τῶν
744 4257 803 4309 ἐν
836 4254 912 4325 τῷ
950 4254 1232 4327 μυστηρίῳ
1275 4254 1742 4325 πεπιστευμένων.

1908 3060 2014 3113 rito
2052 3061 2264 3115 medico
2299 3064 2456 3116 nobis
2490 3080 2628 3133 opus
2658 3070 2828 3125 esset,
2884 3064 3000 3132 qui,
3057 3063 3203 3117 sicut
3232 3064 3482 3135 Moyses,

1907 3151 2206 3206 artiﬁciose
2238 3152 2503 3208 adversus
2539 3154 2821 3207 victricem
2874 3154 3210 3223 voluptatem
3261 3170 3480 3223 semper

1906 3242 2199 3307 resistens,
2237 3258 2342 3297 non
2367 3241 2640 3314 permittat
2669 3253 2727 3298 ut
2758 3248 2824 3299 ad
2863 3253 3093 3299 mortem
3125 3260 3303 3314 usque
3334 3257 3485 3298 mor-

1907 3335 2010 3390 bus
2038 3334 2293 3391 homines
2325 3337 2606 3391 detrudat.
2631 3336 2764 3390 Nam
2802 3337 2888 3392 his
2915 3337 3136 3408 quidem
3168 3337 3487 3391 illicitarum

1888 3430 2091 3476 'rerum
2153 3424 2429 3492 cupiditas
2491 3433 2777 3496 serpentes
2834 3426 3205 3493 immittebat;
3265 3440 3489 3480 morsus

1908 3521 2057 3575 enim
2101 3535 2293 3575 eorum
2343 3521 2490 3576 letali
2533 3522 2757 3575 vulnere
2794 3521 3023 3575 feriebat
3060 3536 3177 3585 eos,
3210 3521 3303 3589 qui
3341 3520 3491 3589 ejus-

1911 3614 2059 3667 modi
2110 3629 2296 3670 morsu
2338 3614 2739 3683 pungebantur.
2784 3611 2852 3666 At
2889 3627 3018 3667 vero
3057 3613 3344 3683 iegislator
3377 3627 3493 3668 ser-

1912 3707 2092 3773 pentis
2127 3706 2311 3775 specie
2334 3721 2587 3760 verorum
2621 3712 2940 3773 serpentum
2974 3704 3082 3757 vim
3114 3704 3347 3773 expulit.
3383 3703 3491 3758 Sed

1910 3804 2126 3865 tempus
2167 3804 2252 3850 est
2304 3803 2361 3848 ut
2407 3795 2553 3851 clare
2608 3796 2661 3850 id
2708 3808 3072 3864 exponamus.
3128 3793 3312 3849 Unum
3360 3808 3493 3865 ergo

1910 3892 2100 3939 contra
2130 3885 2228 3938 hos
2249 3884 2540 3954 pestiferos
2568 3885 2890 3954 cupiditatis
2922 3884 3147 3945 morbos
3177 3884 3489 3940 antidotum

1911 3984 2019 4038 est,
2061 3976 2361 4032 mundities
2406 3978 2576 4031 animi
2621 3975 2840 4048 pietatis
2885 3975 3148 4047 mysterio
3192 3975 3490 4031 celebrata.

1911 4064 2089 4135 Caput
2118 4073 2300 4121 autem
2332 4067 2577 4120 omnium
2610 4081 2731 4136 quae
2772 4066 2828 4119 in
2859 4064 2962 4119 hoc
2998 4064 3329 4120 Christiana:
3366 4080 3497 4134 pro-

1912 4154 2174 4213 fessionis
2198 4160 2460 4230 mysterio
2478 4157 2776 4224 credimus,
2802 4165 2886 4211 est
2919 4156 3074 4210 ﬁrma
3108 4165 3367 4224 rectaque
3390 4153 3497 4209 ﬁde

1913 4250 1969 4304 in
2002 4252 2314 4322 passionem
2346 4251 2493 4306 illius
2522 4250 2817 4320 respicere,
2845 4249 2939 4319 qui
2972 4262 3072 4318 pro
3099 4246 3263 4302 nobis
3293 4260 3494 4316 passus

215 4343 285 4404 είς
332 4344 394 4396 τὺ
428 4343 620 4408 πάθος
669 4345 819 4398 ἐστὶν
860 4344 1159 4414 ἀπόϐλεψις
1194 4342 1289 4396 τοῦ
1334 4343 1472 4416 ὑπὲρ
1502 4343 1660 4414 ήμῶν
1685 4345 1803 4397 ἀνα-

1920 4352 2038 4410 cst;
2073 4359 2209 4398 crux
2243 4340 2373 4397 vero
2405 4343 2591 4412 passio
2620 4341 2741 4410 ejus
2770 4341 2872 4395 fuit
2899 4359 2911 4394 :
2941 4354 3113 4410 quare
3146 4338 3239 4409 qui
3271 4351 3496 4391 crucem

214 4433 512 4507 δεξαμένου
542 4439 613 4491 τὸ
644 4437 834 4500 πάθος.
861 4436 1100 4507 Σταυρδς
1124 4436 1179 4489 δὲ
1203 4436 1262 4488 τὸ
1290 4435 1458 4498 πάθος
1480 4435 1647 4489 ἐστίν·
1676 4434 1818 4488 ὥστε

212 4528 298 4579 τὸν
340 4530 484 4601 πρὸς
522 4530 699 4583 αὐτὸν
726 4529 1013 4600 βλέποντα,
1061 4527 1244 4591 καθὼς
1268 4529 1555 4597 ὑφηγεῖται
1588 4529 1616 4580 ὁ
1640 4527 1817 4595 λόγος,

217 4618 317 4671 ὑπὸ
348 4621 448 4675 τοῦ
512 4622 603 4675 ἰοῦ
669 4622 765 4691 τῆς
820 4619 1111 4692 ἐπιθυμίας
1151 4620 1225 4691 μὴ
1255 4618 1605 4689 βλάπτεσθαι.
1641 4617 1713 4671 Τὸ
1759 4619 1818 4672 δέ

216 4714 344 4781 πρὸς
372 4715 469 4767 τὸν
504 4714 753 4785 σταυρὸν
782 4713 1019 4783 βλέπειν,
1065 4711 1227 4765 τοῦτό
1264 4713 1402 4775 ἐστι,
1431 4710 1492 4764 τὸ
1523 4712 1702 4765 πάντα
1728 4710 1818 4763 τὸν

216 4802 403 4857 ἐαυτοῦ
437 4805 563 4874 βίον
598 4804 679 4867 ὡς
708 4804 900 4875 νεκρὸν
936 4803 1014 4874 τῷ
1046 4803 1237 4873 κόσμῳ
1270 4802 1364 4855 καὶ
1408 4800 1819 4873 ἐσταυρωμένον

218 4895 463 4964 ποιῆσαι.
504 4897 659 4968 πρὸς
683 4899 860 4950 πᾶσαν
889 4896 1161 4967 ἁμαρτίαν
1190 4895 1443 4965 ἀκίνητον
1460 4892 1606 4957 ὄντα,
1639 4889 1820 4955 καθώς

220 5001 379 5054 φησιν
428 4991 461 5041 ὁ
505 4988 837 5059 Προφήτης,
896 4987 1238 5059 καθηλοῦντα
1270 4985 1347 5057 τῷ
1380 4985 1509 5055 θείῳ
1548 4983 1697 5054 φόϐῳ
1721 4983 1821 5047 τὰς

227 5077 353 5142 ἰδίας
407 5075 845 5151 σάρκις.Ἦλος
898 5080 943 5132 δ’
998 5079 1065 5132 ἂν
1098 5078 1187 5150 εἴη
1235 5076 1452 5151 σαρκῶν
1478 5074 1819 5157 καθεκτικὸς,

226 5169 258 5235 ἡ
295 5171 634 5241 ἐγκράτεια.
670 5170 816 5222 Ἐπεὶ
841 5166 935 5223 οὖν
967 5171 1000 5240 ἠ
1032 5169 1138 5222 τῶν
1167 5170 1383 5224 ἀτόπων
1411 5163 1677 5235 ἐπιθυμία
1697 5165 1822 5228 τοὺς

234 5256 662 5331 θανατηφόρους
690 5261 838 5330 δφεις
870 5262 935 5313 ἐκ
961 5261 1057 5331 τῆς
1089 5263 1189 5334 γῆς
1221 5263 1523 5323 ἐπισπᾶται
1559 5258 1689 5328 (πᾶν
1720 5259 1826 5329 γὰρ

236 5348 328 5419 τῆς
356 5352 615 5422 πονηρᾶς
656 5352 946 5422 ἐπιθυμίας
992 5352 1216 5434 ἔγγονον,
1260 5356 1388 5438 ὄφις
1442 5352 1608 5422 ἐστι),
1638 5350 1826 5404 τούτου

246 5441 393 5513 ῑὰριν
425 5442 816 5513 προδείκνυσιν
841 5445 870 5496 ὁ
892 5442 1046 5512 νόμος
1071 5448 1189 5523 ἡμῖν
1220 5465 1277 5525 τὸ
1300 5457 1401 5521 ἐπὶ
1443 5445 1609 5518 ξύλου
1642 5442 1829 5513 φαινό-

255 5549 432 5598 μενον·
485 5535 660 5588 τοῦτο
705 5535 759 5588 δέ
823 5536 968 5587 ἐστιν
1005 5537 1225 5645 ὁμοίωμα
1296 5561 1516 5634 ὄφεως,
1570 5536 1669 5593 καὶ
1707 5535 1828 5606 οὐχ).

325 5709 366 5739 ’⁸
394 5706 553 5766 Deut.
590 5727 761 5769 xuii.
800 5709 874 5762 Η,
942 5708 1099 5801 “lio,”
1249 5765 1287 5827 8

1105 5807 1115 5823 δ
1138 5796 1205 5827 ιιι

1105 5796 1209 5855 ⁸111,
1249 5796 1310 5827 θ’

1919 4432 2184 4502 respicit,
2216 4439 2274 4485 ut
2313 4430 2544 4485 historia
2581 4432 2851 4492 hortatur,
2887 4430 2937 4484 ei
2971 4442 3243 4483 venenum
3284 4424 3499 4495 cupidi-

1920 4532 2091 4579 tatum
2115 4523 2313 4579 obesse
2346 4538 2452 4577 non
2482 4530 2682 4593 potest.
2714 4521 2948 4576 Crucem
2979 4530 3162 4575 autem
3198 4519 3497 4590 respicere,

1920 4618 2057 4671 nihil
2085 4616 2232 4671 aliud
2257 4625 2362 4679 cst,
2396 4632 2559 4686 quam
2587 4624 2646 4669 ut
2676 4615 2804 4669 huic
2838 4612 3043 4667 mundo
3065 4612 3224 4682 quasi
3251 4618 3501 4665 mortuos

1920 4724 1986 4763 ac
2014 4707 2309 4764 cruciﬁxos
2342 4725 2443 4763 nos
2472 4708 2834 4778 praebeamus,
2881 4704 3017 4759 ﬁxos
3050 4705 3107 4759 in
3142 4705 3364 4770 virtute,
3395 4702 3499 4757 im-

1924 4800 2151 4856 mobiles
2174 4794 2811 4868 adpeccan.lum,Dei,ut
2842 4795 2918 4849 ait
2952 4792 3269 4862 Psalmista,
3306 4792 3506 4847 timore

1921 4893 2080 4965 quasi
2141 4892 2297 4945 clavo
2353 4905 2576 4945 carnem
2635 4897 2882 4943 nostram
2936 4887 3247 4956 inﬁgentes.
3299 4882 3504 4939 Clavus

1924 4995 2103 5040 autem
2149 4984 2243 5054 qui
2295 4997 2515 5038 carnem
2566 4981 2711 5036 hanc
2748 4980 2968 5045 retinet,
3018 4977 3356 5035 continentia
3396 4984 3501 5032 est.

1923 5077 2191 5143 Quoniam
2237 5075 2403 5145 igitur
2437 5089 2604 5145 prava
2645 5071 2919 5141 cupiditas
2957 5069 3272 5125 mortiferos
3297 5082 3327 5122 e
3355 5075 3504 5122 terra

1924 5168 2081 5223 nobis
2123 5173 2404 5237 serpentes
2438 5165 2679 5219 immittit
2709 5161 3012 5234 (quidquid
3044 5163 3190 5217 enim
3231 5175 3296 5216 ex
3336 5172 3501 5227 prava

1923 5260 2221 5332 cupiditate
2262 5260 2530 5317 nascitur.
2574 5272 2805 5325 serpens
2839 5253 2985 5325 est),
3014 5253 3224 5308 idcirco
3256 5251 3370 5319 jam
3408 5248 3503 5302 diu

1924 5355 2010 5409 lex
2048 5352 2357 5407 antidotum
2404 5351 2565 5406 nobis
2598 5349 2654 5405 in
2698 5348 2847 5417 ligno
2890 5344 3237 5399 monstravit.
3281 5339 3340 5393 ld
3373 5353 3505 5392 vero

1924 5445 2194 5515 serpentis
2240 5451 2325 5498 est
2371 5442 2727 5497 simulacrum
2756 5476 2773 5501 ,
2815 5452 2925 5492 non
2963 5447 3190 5505 serpens
3218 5470 3236 5496 ,
3274 5427 3417 5483 sicut
3449 5432 3504 5480 et

1926 5536 2127 5591 Paulus
2169 5535 2331 5600 dicit,
2376 5552 2393 5584 ι
2432 5534 2486 5588 In
2524 5527 2886 5587 similitudine
2915 5526 3099 5582 carnis
3125 5519 3330 5594 peccati
3350 5515 3437 5575 ⁷⁹;
3477 5530 3497 5564 ι

3940 4694 3943 4731 a

3940 4746 3945 4799 Ι

3938 4814 3945 4953 l

3944 2736 3949 2793 ἱ

3945 2808 3949 2865 l

3945 2886 3947 2925 Ι

3944 3034 3947 3069 l

3944 3310 3945 3355 l

3944 3392 3945 3427 ι
