4054 6436
527 295 625 354 (.15

1748 303 1805 358 Β.
1840 304 2163 362 CREGORII
2192 308 2234 361 Ν
2247 308 2487 364 YSSENI

3666 309 3770 364 H6

527 426 692 466 verus
717 408 861 464 enim
906 421 1133 478 serpens
1176 416 1458 477 peccatum
1495 417 1579 465 est
1617 427 1631 465 :
1664 420 1716 464 et
1743 415 1833 480 qui
1868 414 1932 466 ad
1965 429 2092 483 pec-

2198 416 2344 486 ὖφις·
2378 417 2558 480 καθὼς
2591 418 2681 471 καὶ
2711 419 2738 470 6
2773 418 2912 481 θεῖος
2941 416 3145 482 Παῦλος
3179 435 3364 489 φησιν,
3404 438 3422 471 ι
3456 421 3545 473 Ἐν
3572 423 3766 491 6pm!)-

530 507 717 554 catum
752 497 1082 568 transfugit,
1130 500 1495 567 serpentinam
1533 500 1779 554 induitur
1820 513 2092 558 naturam.

529 591 610 645 Ab
641 590 744 644 hoc
782 589 946 660 igitur
981 597 1207 659 peccato
1247 599 1300 644 et
1333 590 1511 644 adhuc
1548 593 1864 662 serpentina
1903 602 2098 647 natura

529 683 692 737 homo
725 698 820 752 per
849 683 999 734 illum
1035 682 1313 743 liberatur,
1347 683 1440 751 qui
1474 686 1680 752 peccati
1701 686 1938 754 speciem
1964 687 2098 739 sub-

529 774 628 837 iit,
681 774 776 843 qui
845 772 1026 827 factus
1072 784 1156 828 est
1207 773 1506 828 secundum
1562 789 1694 838 nos,
1740 777 1832 844 qui
1877 775 1942 829 ad
1973 791 2096 845 spe-

528 866 669 918 ciem
715 865 988 934 serpentis
1033 863 1284 918 conversi
1320 879 1514 918 suntus
1560 883 1573 918 :
1611 881 1708 934 per
1751 882 1911 935 quem
1948 882 2098 922 mors

528 958 848 1025 prohibetur
890 971 919 1008 a
965 955 1242 1010 morsibus
1291 956 1604 1022 inferenda,
1661 961 1754 1012 sed
1795 959 1925 1027 ipsa:
1971 961 2100 1013 ferae

507 1063 638 1101 'non
690 1048 1049 1100 destruantur
1103 1065 1117 1100 :
1180 1049 1322 1101 feras
1363 1058 1543 1102 autem
1590 1049 1714 1102 dico
1770 1052 2098 1120 cupiditates

529 1138 678 1207 ipsas
696 1153 910 1206 pravas.
937 1138 1068 1191 Nam
1091 1139 1132 1192 si
1167 1154 1328 1208 prava
1360 1141 1697 1208 peccantium
1721 1157 1868 1196 mors
1893 1144 2096 1195 nullam

527 1229 725 1282 haheat
760 1229 814 1280 in
856 1228 977 1282 illos
1009 1230 1114 1282 vim
1156 1230 1248 1299 qui
1285 1245 1501 1282 crucem
1535 1233 1870 1300 respiciunt,
1913 1233 2099 1287 carnis

528 1329 710 1372 tamen
741 1320 1003 1373 adversus
1026 1320 1277 1388 spiritum
1311 1321 1498 1375 innata
1528 1322 1798 1392 cupiditas
1838 1339 1947 1376 non
1978 1339 2099 1376 om-

529 1409 659 1462 nino
703 1409 979 1464 destructa
1030 1419 1133 1468 est.
1193 1411 1490 1482 lnsurgunt
1549 1415 1693 1467 enim
1743 1421 1797 1468 et
1850 1415 2102 1468 fidelibus

529 1517 905 1570 satpenumero
934 1503 1253 1572 cupiditatis
1293 1520 1532 1570 morsus,
1561 1521 1700 1574 quos
1730 1505 1795 1560 ad
1829 1506 2100 1560 sublatum

530 1590 583 1642 in
629 1591 792 1659 ligno
834 1592 1197 1661 respicientes
1252 1595 1542 1662 repellunt,
1597 1597 1792 1652 timore
1843 1598 2100 1668 prmeepti

529 1681 687 1748 quasi
717 1682 964 1736 antidoto
988 1683 1092 1735 vim
1129 1685 1324 1739 veneni
1354 1685 1711 1755 dissipantes.

597 1946 753 2014 Quod
811 1957 991 2003 autem
1034 1951 1348 2020 mysterium
1397 1953 1580 2009 crucis
1621 1955 1930 2012 sublatione
1979 1972 2096 2012 ser-

529 2041 709 2106 pentis
755 2041 809 2092 in
853 2039 1073 2094 deserto
1119 2042 1474 2111 figurabatur,
1526 2053 1716 2114 aperte
1760 2063 1863 2103 nos
1906 2049 2094 2102 docuit

530 2129 766 2194 Veritas,
797 2147 920 2184 cum
941 2133 1073 2186 dicit
1104 2151 1116 2185 :
1153 2151 1172 2184 ι
1198 2133 1260 2187 Ει
1292 2136 1434 2190 sicut
1463 2137 1677 2208 Moyses
1699 2142 1956 2194 exaltavit
1980 2157 2096 2198 ser-

530 2231 740 2293 pentem
794 2225 847 2276 in
898 2225 1148 2289 deserto,
1185 2227 1274 2282 sic
1322 2226 1517 2282 Filium
1577 2232 1811 2286 hominis
1867 2233 2094 2288 exaltari

529 2321 739 2381 oportet
756 2315 801 2346 ⁸⁰
829 2357 846 2370 .
885 2333 902 2364 ι
943 2313 1045 2368 Sed
1079 2315 1274 2370 iterum
1312 2327 1472 2387 atque
1504 2320 1697 2375 iterum
1733 2325 1936 2391 peccati
1973 2340 2098 2392 pro-

527 2403 785 2470 tervitas,
815 2406 970 2473 quasi
1019 2407 1160 2461 serie
1201 2409 1453 2476 quadam,
1494 2427 1595 2464 usu
1633 2413 1702 2466 ab
1728 2413 1852 2468 aliis
1888 2415 1953 2468 ad
1990 2417 2094 2468 alia

529 2497 856 2564 prorumpit,
885 2505 936 2550 et
961 2499 1235 2566 legislator
1265 2511 1320 2554 ut
1346 2503 1589 2570 optimus
1609 2505 1829 2572 quidam
1855 2507 2095 2562 medicus

508 2585 595 2638 sad
637 2587 948 2640 morborum
983 2604 1181 2657 genera
1221 2606 1408 2643 curam
1452 2593 1610 2646 habet
1660 2607 1925 2663 paratam.
1959 2597 2093 2652 Nam

528 2692 651 2728 cum
683 2688 994 2746 serpentum
1023 2696 1239 2734 morsus
1263 2682 1394 2735 nihil
1429 2685 1555 2737 mali
1581 2688 1814 2754 amplius
1843 2688 2098 2744 aﬂ‘erebat

529 2767 582 2818 in
641 2769 912 2836 serpentis
985 2771 1340 2825 simulacrum
1414 2776 1879 2845 respicientibus,
1949 2782 2094 2850 quod

528 2859 754 2928 aenigma
785 2859 896 2928 jam
935 2863 1070 2917 satis
1103 2864 1266 2919 dictis
1301 2866 1618 2937 intelligitur
1657 2919 1664 2926 .
1704 2873 1808 2925 alia
1839 2875 2096 2942 peccandi

530 2946 612 2998 via
657 2946 833 3013 hosti,
882 2951 974 3018 qui
1015 2951 1276 3006 adversus
1314 2971 1413 3009 nos
1461 2973 1675 3027 semper
1716 2963 2009 3016 meditatur
2034 2980 2096 3017 ac

529 3038 749 3106 cogitat,
784 3041 1002 3095 inventa
1045 3053 1147 3106 est,
1177 3062 1297 3114 ιμιιιι
1325 3049 1530 3103 nostris
1571 3055 1908 3122 temporibus
1939 3055 2093 3110 latis-

528 3127 665 3180 sime
691 3143 907 3196 quoque
950 3139 1114 3198 patet.
1167 3131 1299 3185 Nam
1345 3145 1699 3204 posteaquam
1737 3139 1958 3193 morbus
1994 3139 2095 3194 iste

528 3217 847 3284 cupiditatis
874 3219 1204 3274 modestiore
1229 3223 1332 3274 vita
1365 3224 1716 3287 deferbuerit,
1756 3231 1820 3279 ad
1848 3231 2100 3283 sacerdo-

529 3308 666 3360 tium
709 3310 1041 3379 irrumpunt,
1073 3311 1327 3366 humanis
1347 3315 1638 3384 sullragiis.
1672 3319 2099 3390 ,imperiosisque

529 3399 968 3454 ordinationibus
1016 3399 1483 3470 dispensationem
1530 3407 1621 3461 Dei
1673 3411 2093 3478 vituperantes:

530 3488 604 3542 ita
626 3489 874 3546 homines
909 3492 954 3546 si
989 3509 1096 3546 uno
1121 3497 1379 3564 peccandi
1408 3499 1568 3552 ntodo
1605 3516 1712 3555 non
1739 3504 1958 3568 vicerit,
1991 3506 2098 3560 al‘o

529 3580 880 3638 adversarius
921 3595 1106 3640 noster
1141 3597 1375 3642 conatur
1411 3591 1668 3659 dejicere.
1704 3592 1982 3648 Vexantur
2011 3613 2098 3651 cs-

476 3722 480 3726 .
529 3686 716 3725 carum
741 3671 963 3744 Ευριί
987 3678 1318 3748 cupiditate,
1362 3683 1505 3736 unde
1543 3695 1825 3755 serpentes
1865 3687 2096 3742 immissi

530 3774 658 3821 sunt
695 3781 707 3816 :
756 3767 1052 3825 simulacro
1085 3773 1372 3840 pendentis
1409 3777 1682 3844 serpentis
1717 3793 1781 3831 ex
1831 3778 1974 3848 ligno
2006 3795 2100 3833 su-

533 3871 793 3931 perantur
828 3883 841 3918 :
878 3865 951 3917 ita
982 3866 1230 3919 crucifixi
1267 3867 1400 3921 fides
1437 3870 1518 3922 vel
1557 3870 1784 3938 figurata
1824 3872 2119 3924 liberaxit.‘

528 3955 861 4024 Cupiditatis
893 3967 1072 4012 autem
1121 3960 1310 4012 morbo
1341 3961 1592 4030 depulso,
1631 3965 1882 4031 superbia
1921 3965 2097 4017 locum

528 4047 650 4115 ejus
668 4049 982 4115 occupavit.
1047 4048 1180 4104 Nam
1228 4065 1352 4103 cum
1392 4052 1595 4105 humile
1630 4065 1792 4122 atque
1820 4055 2096 4122 abjectum

528 4155 652 4194 csse
680 4141 965 4195 crederent
994 4142 1240 4212 ordinem
1267 4159 1426 4198 suum
1461 4161 1702 4209 servare,
1758 4146 1824 4199 ad
1857 4148 2098 4217 dignita-

529 4238 637 4283 tem
676 4233 980 4285 sacerdotis
1010 4234 1221 4302 seipsos
1249 4235 1530 4290 intrudere
1575 4246 1868 4303 conantur,
1910 4255 1973 4292 ac
2003 4255 2099 4295 eos

529 4320 804 4390 depellere
846 4339 950 4376 non
978 4325 1334 4388 erubescunt,
1378 4329 1470 4396 qui
1522 4329 1842 4398 mysterium
1882 4330 1935 4383 id
1982 4331 2098 4385 fue-

2200 525 2328 576 ματι
2365 508 2564 578 σαρκὸς
2583 508 2871 578 ἁμαρτίας.
2906 527 2924 558 ι
2959 509 3016 560 '0
3042 508 3096 562 δὲ
3126 509 3328 580 ἀληθὴς
3355 510 3496 578 δφις,
3522 514 3555 583 ἠ
3591 513 3770 582 άμαρο

2197 599 2287 652 τία
2337 599 2487 651 εστί·
2546 600 2639 652 καὶ
2692 600 2720 651 6
2771 600 2905 670 πρὸς
2933 598 3029 670 τὴν
3060 599 3334 672 ἁμαρτίαν
3371 601 3764 672 αὐτομολήσας,

2197 688 2295 758 τὴν
2338 687 2426 740 τοῦ
2469 688 2642 755 ὄφεως
2690 687 2974 740 ὑποδύεται
3014 687 3193 756 φύσιν.
3239 689 3642 759 Ἐλευθεροῦται
3675 687 3770 742 οὖν

2197 779 2296 848 τῆς
2331 780 2598 851 ἁμαρτίας
2621 779 2648 830 6
2685 779 2962 849 ἄνθρωπος
3005 779 3093 832 διὰ
3121 778 3213 832 τοῦ
3243 779 3560 843 ὑπελθόντος
3584 780 3643 832 τὸ
3671 781 3771 848 τῆς

2197 870 2468 939 ἁμαρτίας
2521 866 2678 935 εἶδος,
2711 871 2803 922 καὶ
2844 868 3134 939 γενομένου
3163 869 3281 922 καθ’
3306 871 3452 938 ἡμᾶς
3488 872 3610 933 τοὺς
3634 871 3772 939 πρὸς

2197 957 2258 1010 τὸ
2287 955 2422 1019 εἶδος
2452 958 2923 1027 μεταστραφέντας
2944 958 3036 1010 τοῦ
3069 959 3260 1026 ὄφεως,
3297 959 3363 1011 δι’
3387 952 3446 1011 οὗ
3489 961 3517 1012 ό
3545 959 3642 1028 μὲν
3673 959 3769 1013 θά-

2199 1067 2355 1112 νατος
2404 1053 2432 1102 6
2483 1052 2544 1102 ἐκ
2607 1051 2712 1102 τῶν
2760 1050 3053 1120 δηγμάτων
3111 1050 3395 1115 κωλύεται,
3433 1053 3567 1105 αὐτὰ
3612 1053 3668 1105 δέ
3698 1053 3771 1104 τὰ

2205 1139 2366 1195 θηρία
2398 1139 2494 1190 οὑκ
2518 1138 2829 1206 ἀφανίζεται
2851 1156 2862 1168 ·
2885 1139 3045 1209 θηρία
3063 1139 3119 1192 δέ
3151 1140 3312 1208 λέγω,
3331 1141 3426 1205 τὰς
3455 1142 3767 1210 ἐπιθυμίας.

2199 1226 2319 1280 Τῶν
2349 1228 2454 1298 γάρ
2508 1231 2586 1290 εἰς
2616 1228 2706 1280 τὸν
2745 1229 2974 1299 σταυρὸν
3007 1229 3329 1298 βλεπόντων,
3360 1232 3386 1282 6
3413 1231 3510 1300 μὲν
3536 1233 3772 1301 πονηρὸς

2197 1320 2306 1372 τῶν
2324 1319 2659 1390 ἁμαρτωλῶν
2680 1320 2905 1382 θάνατος
2933 1321 3032 1374 οὑκ
3059 1324 3360 1391 ἐνεργεῖται
3387 1337 3400 1350 °
3437 1324 3469 1392 ἡ
3507 1322 3561 1375 δὲ
3588 1325 3773 1389 ἐγκει-

2207 1413 2339 1483 μένη
2375 1417 2437 1483 τῇ
2470 1416 2631 1484 σαιρκὶ⁹
2673 1415 2812 1468 κατὰ
2842 1415 2934 1467 τοῦ
2967 1415 3270 1485 πνεύματος
3309 1414 3573 1486 ἐπιθυμία
3595 1417 3672 1477 εἰς
3701 1415 3768 1467 τὸ

2201 1505 2457 1568 παντελὲς
2479 1506 2578 1558 οὑκ
2621 1505 2883 1559 ἀπόλωλε.
2930 1507 3037 1558 Καὶ
3070 1509 3176 1577 γάρ
3203 1507 3296 1560 καὶ
3332 1509 3388 1560 ἐν
3415 1510 3524 1569 τοῖς
3558 1509 3768 1568 πιστοῖς

2201 1597 2498 1665 ἐνεργεῖται
2557 1595 2814 1659 πολλάκις
2861 1597 2961 1666 τῆς
3021 1597 3315 1667 ἐπιθυμίας
3361 1596 3428 1650 τὰ
3483 1598 3764 1667 δήγματα·

2203 1685 2315 1737 ἀλλ’
2354 1687 2381 1738 ὁ
2431 1685 2563 1756 πρὸς
2599 1687 2687 1740 τὸν
2728 1687 2819 1738 ἐπὶ
2853 1686 3006 1750 ξύλου
3045 1687 3323 1756 ὑψωθέντα
3359 1687 3586 1756 βλέπων,
3615 1688 3770 1739 ἀπω-

2128 1759 2172 1815 Ῐῖ
2202 1775 2371 1828 θεῖται
2424 1776 2480 1828 τὸ
2519 1777 2707 1839 πάθος,
2749 1773 2858 1829 οἷόν
2897 1795 3002 1830 τινι
3033 1778 3306 1848 φαρμάκῳ
3331 1777 3408 1848 τῷ
3427 1779 3521 1848 τῆς
3549 1778 3770 1847 ἐντολῆς

2203 1867 2351 1936 φόϐῳ
2374 1867 2462 1919 τὸν
2490 1867 2564 1919 ἰὸν
2602 1867 2836 1937 διαχέας.

2273 1960 2344 2013 Τὸ
2364 1960 2418 2012 δέ
2440 1960 2700 2029 σύμϐολον
2733 1956 2869 2013 εἶναι
2898 1959 2991 2012 τοῦ
3022 1959 3161 2012 κατὰ
3184 1959 3274 2011 τδν
3305 1959 3532 2027 σταυρὸν
3564 1975 3772 2028 μυστ-η·

2203 2051 2319 2121 ρίου
2358 2052 2446 2103 τὸν
2462 2052 2738 2120 ὑψωθέντα
2770 2052 2890 2120 ὅφιν
2933 2054 2990 2105 ἐν
3021 2055 3086 2124 τῇ
3125 2053 3331 2124 ἐρήμῳ,
3355 2052 3597 2122 φανερῶς
3625 2052 3772 2105 διδά-

2203 2145 2370 2214 σκειὴ
2396 2143 2487 2194 τοῦ
2502 2142 2634 2194 Θεοῦ
2654 2143 2802 2213 φωνὴ
2833 2145 2889 2195 ἐν
2920 2138 2999 2205 οἷς
3017 2157 3196 2212 φησιν,
3228 2143 3307 2194 ὅτι
3334 2162 3350 2193 ι
3377 2141 3567 2206 Καθὼς
3586 2143 3768 2212 ὑψωσε

2199 2235 2290 2286 τὸν
2315 2234 2435 2303 ὅφιν
2467 2235 2702 2304 Μωὺσῆς
2743 2236 2800 2285 ἐν
2829 2237 2893 2304 τῇ
2934 2235 3142 2304 ἐρήμῳ,
3189 2233 3355 2295 οὑτως
3389 2232 3664 2302 ὑψωθῆναι
3689 2233 3773 2286 δεῖ

2199 2326 2290 2378 τὸν
2317 2326 2442 2378 Υἱὸν
2465 2324 2557 2377 τοῦ
2581 2324 2882 2394 ἀνθρώπου.
2919 2346 2936 2377 ι
2972 2326 3138 2380 Πάλιν
3171 2327 3236 2395 τῇ
3271 2324 3444 2394 οἰκείᾳ
3475 2325 3594 2394 ὀδῷ,
3625 2327 3770 2379 κατά

2200 2435 2322 2472 τινα
2352 2419 2526 2488 κακὴν
2570 2417 2906 2481 ἀκολουθίαν,
2951 2418 2982 2485 ἡ
3023 2417 3264 2488 ἁμαρτία
3289 2418 3630 2488 προέρχεται,
3656 2413 3771 2471 οἷον

2201 2508 2376 2579 είρμῷ
2401 2527 2503 2562 τινι
2531 2507 2750 2578 πονηρῷ
2777 2508 2913 2561 κατὰ
2947 2506 3006 2558 τὸ
3037 2507 3323 2561 ἀκόλουθον
3347 2507 3606 2578 προϊοῦσα
3627 2524 3642 2538 ⁸
3671 2508 3773 2559 καὶ

2200 2602 2229 2652 6
2262 2599 2574 2669 νομοθέτης,
2611 2599 2858 2667 καθάπερ
2883 2615 2963 2660 τις
2995 2598 3196 2670 ἰατρὸς,
3227 2601 3292 2669 τῇ
3319 2597 3411 2650 τοῦ
3430 2598 3596 2652 κακοῦ
3626 2599 3772 2668 φορᾷ

2204 2689 2623 2760 συμπαρατείνει
2649 2690 2743 2759 τὴν
2768 2688 3080 2760 θεραπείαν.
3115 2687 3332 2759 Ἐπειδὴ
3362 2689 3468 2760 γὰρ
3489 2690 3771 2759 ἄπρακτον

2202 2779 2414 2846 ἐγένετο
2439 2779 2498 2830 τὸ
2520 2778 2702 2847 δῆγμα
2724 2777 2831 2830 τῶν
2860 2777 3034 2846 ὄφεων
3055 2781 3164 2840 τοῖς
3193 2780 3270 2839 είς
3306 2778 3367 2829 τὸ
3396 2777 3641 2847 ὁμοίωμα
3672 2777 3770 2829 τοῦ

2203 2871 2375 2938 ὄφεως
2405 2869 2654 2939 βλέπουσι
2697 2871 2855 2937 (νοεῖς
2887 2869 2942 2922 δέ
2977 2868 3191 2932 πάντως
3217 2868 3304 2921 διὰ
3331 2869 3437 2921 τῶν
3467 2870 3772 2939 εἰρημένων

2202 2962 2262 3015 τὸ
2292 2961 2556 3031 αἴνιγμα),
2602 2961 2732 3030 ἄλλη
2787 2959 3003 3030 μέθοδος
3053 2959 3324 3030 ἁμαρτίας
3360 2963 3646 3013 ἐπινοεῖται
3691 2960 3774 3029 τῷ

2205 3051 2458 3114 ποικίλως
2487 3051 2553 3104 τὰ
2581 3050 2799 3103 τοιαῦτα
2828 3051 2948 3103 καθ’
2985 3051 3140 3121 ἡμῶν
3188 3053 3570 3120 σοφιστεύοντι.
3608 3053 3674 3102 Ὀ
3707 3051 3775 3121 δὴ

2198 3145 2292 3197 καὶ
2325 3144 2418 3195 νῦν
2445 3145 2500 3194 ἐν
2527 3142 2737 3205 πολλοῖς
2768 3143 2892 3194 ἰδεῖν
2921 3141 3036 3194 ἐστι
3057 3142 3359 3212 γινόμενον.
3398 3143 3644 3195 Ἐπειδὰν
3662 3145 3775 3212 γάρ

2197 3250 2337 3295 τινες
2366 3232 2452 3285 διὰ
2476 3232 2907 3301 σωφρονεστέρου
2935 3231 3048 3302 βίου
3071 3232 3131 3284 τὸ
3155 3233 3248 3302 τῆς
3276 3233 3565 3304 ἐπιθυμίας
3593 3233 3772 3295 πάθος
3837 3229 3842 3232 ’

2199 3327 2494 3379 κολάσωσιν
2519 3341 2532 3350 ·
2575 3327 2663 3378 ἐπὶ
2693 3327 2792 3394 τὴν
2846 3324 3141 3395 ἱερωσύνην
3184 3327 3405 3388 ἐαυτοὺς
3431 3323 3776 3388 είσωθοῦσιν,

2197 3417 2560 3488 ἀνθρωπίναις
2584 3415 2934 3486 περιδρομαῖς
2986 3415 3078 3466 καὶ
3119 3415 3640 3484 αὑτοχειροτονήτοις
3682 3417 3782 3482 δρ-

2201 3511 2327 3578 μαῖς
2361 3509 2438 3569 εἰς
2462 3509 2557 3576 τὴν
2594 3505 2900 3575 οἰκονομίαν
2931 3504 3024 3556 τοῦ
3049 3503 3182 3556 Θεοῦ
3216 3505 3606 3574 ἐξυϐρίζοντες,
3633 3503 3780 3573 πρὸς

2197 3601 2398 3666 ταύτην
2448 3597 2684 3668 άγειτὴν
2723 3598 2898 3666 κακὴν
2945 3597 3044 3666 τῆς
3084 3597 3354 3668 ἁμαρτίας
3379 3595 3708 3649 ἀκολουθίαν
3745 3599 3782 3649 ὁ

2197 3687 2283 3740 διὰ
2312 3689 2407 3756 τῆς
2437 3687 2674 3756 ἱστορίας
2727 3687 2968 3758 ἐνεργεῖν
3007 3687 3075 3738 τά
3117 3688 3263 3739 κακὰ
3306 3689 3418 3748 τοῖς
3466 3685 3782 3755 ἀνθρώποις

2199 3777 2684 3848 κατηγορούμενος.
2732 3777 2942 3848 Ἐπειδὴ
2986 3777 3094 3846 γὰρ
3147 3778 3422 3829 ἐπαύσατο
3464 3777 3497 3846 ἡ
3549 3776 3620 3844 γῆ
3643 3777 3782 3839 τοὺς

2198 3869 2348 3935 ὄφεις
2392 3867 2530 3919 κατὰ
2560 3867 2666 3918 τῶν
2694 3866 3097 3936 ἐπιθυμούντων
3136 3867 3419 3929 ὠδίνουσα,
3459 3865 3544 3917 διά
3567 3865 3662 3934 τῆς
3694 3865 3782 3926 είς

2197 3959 2288 4010 τὸν
2315 3957 2594 4026 ὑψωθέντα
2614 3959 2704 4010 ἐπὶ
2736 3957 2888 4021 ξύλου
2912 3958 3168 4020 πίστεως,
3199 3959 3293 4010 καὶ
3323 3959 3598 4028 κρείττους
3624 3957 3782 4009 ἐπεί-

2202 4051 2403 4120 σθησαν
2435 4047 2573 4103 εἶναι
2611 4051 2717 4102 τῶν
2748 4049 2965 4102 ἰοϐόλων
3007 4050 3320 4119 δηγμάτων,
3357 4050 3479 4102 τότε
3515 4049 3608 4101 τοῦ
3649 4050 3782 4102 κατ’

2199 4142 2492 4211 ἐπιθυμίαν
2528 4140 2728 4203 πάθους
2773 4138 3169 4204 ὑπεξελθόντος,
3199 4144 3231 4210 ἡ
3271 4141 3370 4211 τῆς
3396 4141 3784 4212 ὑπερηφανίας

2199 4232 2598 4301 ἀντεισέρχεται
2625 4230 2796 4291 νόσος.
2827 4232 2937 4284 Καὶ
2963 4231 3215 4284 ταπεινὸν
3246 4227 3388 4284 εἶναι
3418 4232 3696 4301 κρίνοντες
3713 4233 3785 4287 τὸ

2200 4325 2492 4394 φυλάσσειν
2529 4325 2614 4393 ἐφ’
2664 4322 2871 4376 ἑαυτῶν
2911 4322 3009 4394 τὴν
3035 4322 3186 4388 τάξιν
3229 4325 3312 4391 ἐφ’
3342 4319 3406 4394 ἧς
3441 4322 3781 4391 ἐτάχθησαν,

529 4421 652 4465 rant
704 4413 970 4469 divinitus
1029 4419 1360 4470 consecuti:
1403 4419 1497 4472 sed
1540 4421 1696 4473 multi
1746 4429 1906 4476 terra:
1947 4423 2096 4476 hiatu

2202 4416 2514 4470 εἰσωθοῦσιν
2563 4417 2788 4478 ἐαυτοὺς
2843 4416 2920 4476 είς
2955 4414 3135 4485 τὸτῆς
3187 4414 3482 4484 ἱερωσύνης
3529 4413 3781 4482 ἀξίωμα,

530 4503 774 4572 absorpti
811 4507 1113 4573 perierunt,
1160 4509 1353 4579 reliqui
1390 4509 1716 4567 fulminibus
1779 4514 2091 4584 conflagra-

531 4602 676 4646 runt.
712 4594 876 4649 Docet
909 4596 1093 4665 igitur,
1137 4614 1258 4651 meo
1281 4601 1513 4668 judicio,
1547 4603 1633 4656 his
1667 4605 1917 4669 historia,
1984 4618 2096 4661 ter-

531 4684 737 4736 minum
767 4685 1044 4748 elationis,
1078 4703 1200 4755 quae
1228 4688 1284 4740 fit
1329 4704 1391 4742 ex
1423 4691 1714 4759 superbia;
1763 4692 2094 4749 descensum

529 4789 653 4827 esse
680 4777 745 4825 ad
777 4774 1131 4830 subterranea
1162 4797 1174 4831 :
1211 4795 1309 4834 nec
1344 4781 1442 4834 abs
1477 4797 1533 4835 re
1563 4782 1798 4838 fortasse
1826 4787 2093 4854 quisinde

531 4865 756 4932 abrepta
793 4866 1081 4920 occasione
1111 4869 1183 4921 ita
1220 4872 1528 4939 superbiam
1558 4873 1852 4938 definierit,
1887 4878 2093 4947 Super-

530 4953 619 5007 bia
651 4965 734 5008 est
777 4955 1076 5012 descensus
1123 4961 1188 5012 ad
1241 4960 1498 5015 inferiora
1526 4983 1538 5017 :
1565 4966 1709 5034 quod
1749 4968 1794 5022 si
1831 4967 2096 5035 visverbi,

530 5052 588 5097 ut
620 5045 802 5098 multis
845 5047 1078 5112 videtur,
1120 5052 1458 5104 contrarium
1509 5057 1760 5110 ostendat
1801 5057 2095 5128 (superbus

527 5138 670 5190 enim
703 5139 795 5207 qui
831 5154 997 5208 super
1026 5141 1162 5196 alios
1195 5151 1298 5208 est,
1342 5144 1451 5198 dici
1484 5147 1720 5217 videtur)
1762 5166 1886 5216 non,
1920 5152 2093 5206 admi-

527 5230 736 5284 raberis
768 5249 780 5282 :
814 5231 1095 5287 veritatem
1173 5234 1316 5287 enim
1377 5234 1575 5291 divinae
1648 5240 1888 5294 historia.l
1938 5244 2091 5312 sequi

528 5321 690 5380 malo,
745 5335 905 5388 quam
954 5326 1228 5376 nominum
1275 5325 1672 5395 impositionem
1708 5349 1721 5384 :
1753 5347 1879 5386 nam
1926 5336 2096 5404 siqui

528 5424 588 5464 se
639 5425 801 5479 super
838 5413 977 5467 alios
1029 5415 1284 5483 praeferre
1327 5419 1533 5483 volunt,
1581 5421 1729 5477 hiatu
1786 5433 1945 5480 terrm
2001 5429 2098 5483 de-

527 5502 715 5568 mersi,
755 5501 823 5554 ad
874 5503 1058 5556 intima
1105 5505 1401 5564 decidunt:
1439 5522 1653 5569 nonest
1695 5520 2093 5574 contemnenda

577 5676 631 5706 ’⁸⁸³
647 5675 802 5733 Joau.
847 5697 923 5745 tn,
967 5681 1046 5735 H.

2201 4507 2557 4576 παρώσασθαι
2595 4508 2718 4568 τοὺς
2783 4504 2931 4577 παρὰ
2987 4505 3079 4557 τοῦ
3111 4504 3248 4557 Θεοῦ
3289 4505 3386 4571 τὴν
3431 4504 3787 4574 λειτουργίαν

2200 4599 2401 4668 ταύτην
2449 4597 2712 4667 λαχόντας
2761 4596 3249 4665 φιλονεικήσαντες,
3281 4595 3329 4648 οἳ
3371 4596 3606 4665 χάσματι
3631 4595 3780 4648 ὑπο-

2199 4690 2491 4760 ληφθέντες
2543 4688 2994 4759 ἐξηφανίσθησαν.
3054 4688 3126 4738 T6
3169 4687 3226 4739 δέ
3260 4689 3380 4740 ὅσον
3412 4688 3550 4758 ὑπὲρ
3575 4688 3681 4756 γῆς
3707 4684 3780 4758 ἦν

2197 4782 2291 4834 τοῦ
2343 4782 2580 4834 τοιούτου
2631 4781 3020 4850 συντάγματος,
3069 4780 3350 4849 κεραυνοῖς
3394 4779 3775 4848 κατεπρήσθη·

2198 4874 2557 4935 διδάσκοντος,
2601 4869 2775 4942 οἶμαι,
2813 4869 2897 4924 τοῦ
2949 4869 3103 4938 λόγου
3131 4869 3216 4922 διὰ
3251 4868 3350 4938 τῆς
3391 4869 3645 4938 ἱστορίας,
3691 4870 3783 4922 ὅτι

2201 4966 2371 5036 πέρας
2422 4965 2537 5016 ἐστὶ
2578 4963 2676 5033 τῆς
2714 4961 2836 5015 καθ’
2869 4961 3242 5030 ὑπερηφανίαν
3282 4961 3580 5030 ἐπάρσεως,
3619 4961 3654 5029 ἡ
3694 4964 3784 5025 εἰς

2198 5058 2257 5110 τὸ
2287 5058 2535 5124 ὑπόγειον
2567 5055 2810 5116 κάθοδος.
2834 5054 2942 5106 Καὶ
2962 5054 3101 5122 τάχα
3133 5071 3213 5116 τις
3244 5054 3330 5106 διά
3358 5053 3558 5106 τούτων
3588 5052 3787 5122 ὁρμώ-

2201 5166 2380 5219 μενος,
2411 5149 2509 5200 ούκ
2545 5145 2844 5206 ἀπεικότως
2895 5144 3074 5198 ἄνοδον
3116 5145 3207 5195 ἐπὶ
3234 5143 3294 5195 1:6
3317 5145 3465 5196 κάτω
3482 5142 3576 5212 τὴν
3602 5143 3785 5213 ὑπερ-

2198 5241 2433 5310 ηφανίαν
2450 5240 2708 5310 ὁρίσαιτο.
2740 5238 2799 5289 Ei
2828 5237 2882 5289 δέ
2911 5236 3044 5307 πρὸς
3065 5235 3124 5287 τὸ
3144 5236 3384 5288 ἐναντίον
3408 5238 3471 5306 τῇ
3504 5233 3611 5286 τῶν
3639 5235 3784 5288 πολ-

2197 5333 2304 5386 λῶν
2361 5331 2622 5400 ὑπολήψει
2669 5329 2894 5400 φέρεται
2931 5329 3215 5398 ἡδιάνοια,
3251 5328 3412 5397 μηδὲν
3438 5327 3736 5398 θαυμάσῃς
3764 5345 3779 5358 ·

2195 5429 2306 5488 τοῖς
2338 5426 2444 5496 γὰρ
2472 5423 2680 5485 πολλοῖς
2702 5423 2848 5474 δοκεῖ
2882 5419 2943 5471 τὸ
2968 5419 3106 5490 ὑπὲρ
3131 5420 3256 5481 τοὺς
3291 5419 3480 5480 ἄλλους
3501 5413 3658 5475 εἶναι,
3696 5418 3785 5488 τῷ

2195 5518 2416 5578 όνόιιατι
2463 5517 2559 5584 τῆς
2599 5511 2974 5584 ὑπερηφανίας
3033 5509 3409 5580 σημαίνεσθαι.
3463 5508 3522 5558 Ἥ
3668 5508 3787 5562 τῶν
