4054 6436
110 5719 619 6238 L

255 216 329 276 ιη

1507 214 1596 272 DE
1640 216 1800 275 VITA
1843 219 2120 278 MOYSlS.

3346 238 3449 296 ιω

253 329 570 404 ἱστορηθέντων
599 328 829 400 ἀλήθεια
866 328 1077 400 βεϐαιοῖ
1105 332 1194 385 τὸν
1230 332 1498 404 ἡμέτερον
1526 334 1671 403 ὅρον.
1696 332 1752 386 ει

1862 336 2127 403 deﬁnitio,
2156 352 2280 392 eum
2311 337 2566 403 dicimus,
2623 353 2815 395 casum
2869 340 2937 397 ad
2985 340 3195 410 inﬁma,
3237 362 3434 419 super-

252 419 329 490 γὰρ
354 417 397 469 σί
423 415 544 484 ὑπὲρ
566 416 693 479 τοὺς
717 416 910 480 ἄλλους
937 418 1163 481 ἑαυτοὺς
1193 419 1445 490 ἄραντες,
1479 421 1630 474 κάτω
1660 438 1752 475 ποι

1868 426 2013 481 biam
2045 442 2189 483 esse.
2223 427 2320 484 llis
2348 430 2512 499 igitur
2541 430 2852 487 moderatos
2881 448 2983 488 nos
3030 432 3249 503 Moyses
3292 415 3445 503 facit,

246 509 499 569 κατέδυσαν,
521 507 762 578 χάσματι
788 509 889 580 τῆς
934 509 1039 579 γῆς
1071 508 1431 580 διασχούσης·
1463 510 1562 562 οὐκ
1585 509 1651 563 ἄν
1683 527 1766 573 τις

249 599 477 670 καταγνοίη
531 598 624 652 τοῦ
676 600 828 670 ὅρου,
890 600 985 653 τοῦ
1034 600 1130 671 τὴν
1198 601 1613 672 ὑπερηφανίαν,
1665 601 1764 671 τὴν

243 692 477 746 κατειπάτω
496 689 704 742 πτῶσιν
732 686 893 751 εἶναι,
910 688 1246 762 ὁριζομένου.
1283 692 1424 763 Πρὸς
1447 690 1619 744 ταῦτα
1647 690 1766 761 βλέ-

242 799 410 845 ⁴σοντες,
440 780 747 852 μετριάζειν
769 780 1014 834 παιδεύει
1044 782 1073 832 ό
1098 781 1361 853 Μωῦσῆς,
1392 781 1487 834 καὶ
1512 780 1585 852 μὴ
1608 780 1764 834 ὲπαί-

240 874 381 944 ρεσθαι
400 875 501 933 τοῖς
541 871 987 943 κατορθώμασιν,
1022 871 1135 925 ἀλλ’
1161 872 1249 925 ἀεὶ
1276 872 1339 925 τὸ
1369 872 1544 945 παρὸν
1567 869 1626 926 εὖ
1649 873 1766 927 δια-

238 965 442 1021 τίθεσθαι.
456 965 525 1019 Οὐ
542 965 652 1037 γὰρ
673 966 862 1037 ἐπειδὴ
878 967 985 1019 τῶν
1002 965 1205 1034 ἡδονῶν
1227 966 1454 1035 γέγονας
1480 967 1761 1038 κρείττων,

234 1058 307 1128 ἤδη
319 1072 385 1108 σοι
397 1055 453 1108 τὸ
469 1053 758 1108 ἀνεύθυνον
772 1055 850 1126 τῷ
868 1055 1038 1127 ἑτέρῳ
1054 1056 1184 1108 εῖδει
1205 1056 1409 1120 πάθους
1424 1056 1760 1113 ἁλίσκεσθαι.

237 1146 391 1217 [Inbue
404 1145 503 1217 γάρ
524 1148 645 1199 ἐστι
664 1147 775 1200 πᾶν
804 1147 997 1209 πάθος,
1020 1149 1125 1212 ἓως
1148 1148 1214 1202 ἂν
1247 1148 1417 1210 πάθος
1522 1148 1765 1220 Διαφορὰ

232 1238 272 1292 δὲ
303 1238 585 1308 πτωμάτων
627 1240 686 1292 ὲν
708 1241 774 1310 τῇ
807 1238 916 1291 τῶν
950 1239 1289 1310 παθημάτων
1322 1241 1644 1312 παραλλαγῇ
1670 1240 1761 1295 ού-

230 1329 364 1400 δεμία.
377 1330 431 1382 '0
456 1328 530 1400 τῷ
556 1329 690 1400 λείῳ
713 1331 811 1400 τῆς
840 1330 1032 1402 ἡδονῆς
1060 1331 1428 1403 ὲνολισθὴσας,
1464 1332 1720 1386 πέπτωκε
1743 1347 1756 1361 ·

228 1423 295 1476 καί
312 1425 337 1475 ό
360 1422 439 1476 διὰ
463 1423 558 1492 τῆς
579 1423 962 1494 ὑπερηφανίας
988 1424 1418 1491 ύποσκελισθεὶς,
1455 1426 1757 1496 ἀνετράπη.

227 1513 352 1565 οὐδὲν
374 1513 425 1567 δὲ
450 1512 889 1585 καταπτώματος
906 1512 1044 1579 εἶδος
1072 1516 1287 1587 αἱρετὸν
1313 1516 1390 1592 τῷ
1418 1516 1542 1569 νοῦν
1560 1517 1755 1587 ἔχοντι.

235 1603 341 1656 Ἀλλ’
365 1605 545 1674 ἐπίσης
570 1605 682 1656 πᾶν
716 1605 916 1676 πτῶμα
944 1606 1198 1674 φευκτὸν,
1233 1606 1337 1669 ἕως
1375 1606 1443 1659 ἂν
1465 1605 1664 1675 πτῶμα

1867 518 2137 588 docetque
2170 535 2277 574 non
2318 521 2501 574 extolli
2532 521 2696 577 rebus
2738 524 2877 578 bene
2898 525 3085 594 gestis,
3111 527 3205 582 sed
3231 541 3448 601 semper

1865 608 2011 678 quod
2064 608 2219 665 adest
2255 617 2309 664 et
2362 611 2529 666 instat
2575 612 3032 677 animadvertere,
3084 623 3342 686 recteque
3391 618 3444 673 id

1864 697 2176 767 disponere.
2211 698 2332 753 Non
2372 702 2515 755 enim
2568 703 2829 771 quoniam
2876 704 3213 773 voluptatem
3274 721 3444 776 supe-

1864 791 2025 855 rasti,
2060 793 2213 846 nullo
2248 793 2454 849 idcirco
2484 795 2717 864 amplius
2770 795 2962 850 morbo
2987 796 3203 850 devinci
3239 806 3437 865 potes:

1864 883 2045 937 omnis
2075 883 2244 937 animi
2270 886 2496 940 morbus
2527 900 2590 940 ac
2625 887 2984 955 perturbatio,
3015 902 3181 944 casus
3213 889 3443 959 quidam

1865 984 1949 1031 est
1982 995 1995 1030 :
2031 992 2266 1046 eumque
2292 979 2734 1046 perturbationes
2767 980 2909 1033 inter
2941 995 3000 1034 se
3035 979 3312 1041 diﬁ‘erant,
3356 994 3444 1036 eae

1865 1083 1960 1124 sus
1993 1075 2174 1122 tamen
2205 1084 2312 1122 nou
2345 1069 2620 1123 diilerunt.
2646 1071 2826 1135 Quare
2860 1072 3004 1125 sicut
3038 1087 3136 1143 per
3169 1072 3439 1126 lubricam

1862 1156 2200 1223 voluptatem
2236 1157 2511 1226 quiSpiam
2558 1158 2746 1225 lapsus
2784 1159 3009 1223 decidit,
3065 1161 3146 1216 sic
3185 1161 3441 1232 superbia

1863 1242 2155 1298 intricatus
2185 1259 2249 1297 ac
2278 1245 2597 1301 submersus
2620 1247 2839 1301 decidit.
2870 1247 3090 1303 Nullum
3124 1246 3309 1305 autem
3339 1244 3439 1305 ei-

1864 1337 2010 1401 petct
2041 1346 2229 1385 casum
2259 1348 2501 1402 unquam
2529 1334 2621 1403 qui
2669 1338 2867 1391 mentis
2917 1353 3143 1407 compos
3189 1346 3296 1402 est,
3339 1338 3439 1394 sed

1860 1421 2143 1490 aequaliter
2171 1437 2389 1476 omnem
2429 1439 2644 1493 semper
2680 1426 2906 1480 evitabit
2940 1442 3004 1481 ac.
3050 1427 3218 1498 fugiet
3253 1445 3266 1481 :
3299 1442 3440 1497 qua-

1861 1517 2083 1579 propter
2126 1511 2171 1564 si
2213 1527 2373 1581 quem
2421 1512 2624 1566 videris
2652 1512 2829 1566 aliena
2877 1514 3152 1582 voluptate
3196 1514 3438 1583 superio-

1861 1614 1996 1662 rem,
2048 1608 2108 1653 ut
2154 1601 2291 1654 alios
2328 1600 2601 1655 excedens
2663 1601 2912 1655 videatur
2959 1603 3270 1656 sacerdotio
3327 1610 3440 1657 stu-

230 1695 362 1757 Ὠςεί
378 1711 490 1748 τινα
533 1697 636 1749 καὶ
672 1696 782 1749 τῶν
828 1695 923 1751 νῦν
952 1696 1168 1767 βλέποις
1202 1700 1260 1750 ἐν
1315 1697 1471 1767 μέρει
1518 1698 1624 1750 τινὶ
1659 1696 1751 1750 τοῦ

1856 1687 2004 1752 dere,
2056 1690 2202 1744 hunc
2261 1700 2388 1759 puta
2434 1692 2587 1744 illum
2640 1706 2785 1756 esse,
2836 1692 2930 1760 qui
2977 1708 3142 1762 prava
3201 1694 3437 1747 elatione

224 1783 333 1836 κατὰ
357 1784 440 1847 τὰς
466 1783 661 1853 ἡδονάς
678 1785 1110 1855 ἁρῤωστήματος
1127 1784 1520 1857 καθαρεύοντα,
1544 1785 1749 1856 σπουδῇ

222 1874 264 1927 δι
282 1875 414 1931 πάλιν
438 1875 529 1928 τοῦ
553 1875 740 1929 δοκεῖν
769 1876 912 1948 ὑπὲρ
938 1877 1062 1939 τοὺς
1091 1876 1283 1941 ἄλλους
1316 1873 1474 1941 εἶναι,
1499 1876 1635 1948 πρὸς
1655 1876 1755 1946 τὴν

226 1963 467 2037 ἱερωσύνην
524 1965 727 2020 ἑαυτὸν
773 1966 1139 2019 είσωθοῦντα·
1174 1967 1361 2021 τοῦτον
1408 1968 1613 2020 ἐκεῖνον
1640 1966 1754 2021 οῐου

225 2052 481 2122 βλέπειντὺν
497 2056 554 2107 ἐν
567 2054 657 2125 τῷ
672 2053 927 2126 ὑψώματι
944 2055 1041 2125 τῆς
1067 2056 1445 2128 ὑπερηφανίας
1466 2057 1751 2112 πίπτοντα.

221 2142 416 2197 Διδάσκει
464 2144 572 2216 γὰρ
640 2146 698 2198 ὲν
754 2147 869 2208 τοῖς
914 2144 1108 2213 ἑφεξῆς
1218 2145 1400 2217 νόμος,
1428 2147 1508 2199 ὅτι
1541 2145 1681 2198 θεῖόν
1702 2163 1754 2199 τι

218 2234 365 2305 χρῆμά
385 2236 519 2289 ἐστιν
547 2238 582 2308 ἠ
632 2234 923 2307 ἱερωσύνη,
955 2236 1047 2289 καὶ
1085 2236 1185 2290 οὐκ
1209 2236 1566 2309 ἀνθρώπινον.
1599 2235 1756 2289 Διδά-

222 2342 311 2379 cits:
334 2328 382 2382 δὲ
405 2326 589 2393 οὕτως·
649 2328 904 2391 Ῥάϐδους
940 2330 1066 2399 παρ’
1090 2329 1326 2401 ἑκάστης
1351 2330 1521 2400 φυλῆς
1554 2330 1647 2383 ἐπὶ
1678 2330 1754 2401 τῷ

217 2416 389 2488 ὀνόματι
420 2418 523 2472 τῶν
549 2418 872 2473 δεδωκότων
894 2423 1309 2491 κατασημήνας,
1329 2422 1620 2493 προτίθησι
1657 2422 1752 2476 θυ-

221 2511 480 2582 σιαστηρίῳο
517 2510 674 2565 ὥστε
711 2510 813 2582 τῆς
841 2510 1044 2565 ἄνωθεν
1077 2513 1409 2583 χειροτονίας
1447 2514 1755 2586 μαρτυρίαν

218 2600 419 2668 γενέσθαι
472 2602 572 2673 τὴν
636 2601 854 2672 ῥάϐδον,
907 2602 1144 2673 θαύματί
1173 2621 1280 2657 τινι
1310 2605 1440 2675 θείῳ
1477 2606 1627 2677 παρὰ
1657 2607 1755 2670 τὰς

217 2691 340 2755 ἄλλας
374 2695 672 2767 γενομένην
723 2693 1015 2764 ἐπίσημον.
1060 2695 1167 2748 Καὶ
1214 2700 1505 2766 γενομένου
1539 2696 1751 2760 τούτου,

213 2784 255 2836 σί
279 2784 359 2854 μὲν
404 2785 507 2839 τῶν
552 2785 743 2839 ἄλλων
778 2784 985 2856 ῥάϐδοι,
1038 2786 1174 2856 ὅπερ
1221 2781 1392 2856 ἦσαν,
1438 2786 1751 2856 διέμειναν*

215 2872 387 2941 ήδὲτοῦ
411 2874 594 2945 ἱερέως
623 2873 772 2941 αὐτὴ
795 2874 851 2925 ἐν
880 2874 1043 2943 ἑαυτῇ
1078 2870 1389 2944 ῥιζωθεῖσα,
1422 2876 1483 2929 οὐ
1500 2876 1587 2931 διά
1608 2892 1750 2939 τινος

211 2958 440 3033 ἀλλοτρίας
489 2961 751 3034 ἰκμάδος,
814 2961 949 3015 ἀλλὰ
984 2963 1084 3033 τῆς
1117 2963 1299 3017 θεόθεν
1340 2964 1398 3017 ὲν
1428 2968 1562 3035 αὐτῇ
1605 2966 1751 3018 ἐντε-

208 3049 351 3123 Osis-11;
378 3054 689 3124 δυνάμεως,
730 3053 955 3117 κλάδους
985 3054 1078 3107 καὶ
1092 3034 1318 3124 ’καρπὸν
1343 3055 1710 3124 ἀνεϐλάστησε
1731 3072 1744 3086 ⁸

207 3143 277 3193 καὶ
302 3143 546 3214 προῆλθεν
579 3148 609 3199 ό
650 3144 865 3215 καρπὸς
901 3145 980 3207 εἰς
1021 3145 1318 3198 τελείωσιν.
1362 3147 1576 3216 Κάρυον
1600 3146 1657 3199 δὲ
1682 3143 1749 3218 ἦν

200 3234 223 3284 ὁ
255 3237 454 3305 καρπός.
503 3232 580 3291 OB
615 3235 940 3306 γενομένου,
987 3236 1123 3305 πρὸς
1152 3235 1405 3300 εύταξῖαν
1457 3237 1748 3307 ἐπαιδεύθη

204 3325 357 3378 ait-rb
378 3328 634 3398 ὑπήκοον.
670 3329 836 3381 Νοεῖν
878 3328 935 3380 δὲ
969 3329 1235 3398 προσήκει
1270 3327 1358 3380 διὰ
1386 3326 1478 3379 τοῦ
1509 3328 1744 3400 καρποῦ,

193 3416 240 3467 ὂν
262 3422 291 3488 η
316 3420 496 3490 ῥάϐδος
527 3420 843 3490 ἐϐλάστησε
870 3419 965 3471 τοῦ
996 3400 1339 3488 ἱερέως,ὀῖον
1372 3417 1476 3488 χρὴ
1499 3415 1636 3470 εἶναι
1659 3417 1747 3471 τὸν

196 3510 241 3561 ἒν
260 3511 499 3583 ἱερωσύνῃ
532 3512 676 3582 βίον,
711 3510 958 3580 ἐγκρατῆ
988 3526 1132 3574 τινα,
1163 3508 1258 3562 καὶ
1283 3510 1745 3579 κατεστυμμένον,

187 3601 260 3652 καὶ
285 3603 728 3674 περιεσκληκότα
756 3604 824 3670 τῇ
855 3600 1155 3670 φαινομένῃ
1187 3598 1299 3669 ζωῇ
1321 3614 1334 3627 ο
1367 3597 1573 3650 ἔνδοθεν
1602 3598 1657 3651 δὲ
1688 3598 1749 3651 τὸ

190 3690 404 3762 ὶδώδιμον
449 3697 508 3746 ὲν
561 3694 649 3765 τῷ
701 3690 935 3762 κρυπτῷ
977 3694 1070 3747 καὶ
1102 3691 1296 3758 ἀφανεῖ
1330 3686 1683 3759 περιέχονται⁵
1720 3688 1749 3741 δ

178 3781 272 3835 τότε
291 3786 766 3849 άνακαλύπτεται,
790 3784 918 3836 ὅταν
946 3780 1194 3849 πεπορθῇ
1225 3778 1302 3849 τῷ
1327 3777 1502 3848 χρόνῳ
1532 3780 1563 3847 ἡ
1604 3775 1747 3848 βρῶ-

1776 3024 1818 3080 C

1857 1783 2025 1835 animi
2050 1783 2116 1836 ad
2157 1782 2418 1837 inferiora
2449 1783 2808 1853 deprimatur.
2840 1786 3006 1839 Docet
3040 1786 3190 1839 enim
3235 1801 3331 1856 per
3365 1800 3435 1840 ea

1856 1890 1977 1945 quae
2010 1882 2315 1944 sequuntur
2336 1874 2585 1940 historia,
2615 1891 2724 1931 non
2756 1879 3052 1931 humanam
3087 1892 3199 1932 rem
3230 1893 3431 1947 quam.-

1856 1964 1981 2019 dam
2012 1964 2108 2019 sed
2137 1965 2379 2018 divinam
2419 1967 2793 2021 Sacerdotium
2839 1983 2985 2031 esse,
3036 1976 3089 2022 et
3126 1967 3287 2021 docet
3330 1968 3434 2023 hoc

1857 2056 2018 2110 modo
2054 2074 2067 2110 :
2101 2054 2300 2126 Virgas
2323 2056 2393 2111 ab
2425 2073 2753 2127 unaquaque
2778 2060 2922 2112 tribu
2955 2059 3156 2127 accipit
3195 2058 3432 2129 Moyses,

1854 2161 1948 2201 eas
1983 2147 2199 2200 illorum
2243 2147 2335 2217 qui
2370 2148 2637 2201 dederunt
2683 2149 2999 2203 nominibus
3025 2149 3330 2218 inscripsit,
3366 2164 3435 2203 ac

1857 2238 2211 2293 tabernaculo
2228 2239 2500 2308 apposuit.
2529 2237 2787 2294 Firmiter
2808 2240 2953 2294 enim
2976 2239 3251 2302 credebat,
3280 2239 3429 2308 quod

1855 2330 2124 2386 miraculo
2170 2331 2405 2399 quodam
2456 2346 2551 2399 per
2587 2333 2795 2399 virgam
2840 2346 3005 2401 quam
3051 2334 3435 2402 unusquisque

1854 2421 2055 2487 attulit,
2092 2424 2326 2490 desuper
2351 2421 2612 2477 sacerdos
2645 2422 3116 2493 manifestaretur;
3156 2437 3263 2492 quo
3282 2424 3433 2478 facto

1853 2513 2085 2567 aliorum
2120 2513 2338 2580 quidem
2381 2514 2546 2583 virgae
2575 2514 2719 2567 sicut
2752 2523 2933 2577 erant,
2969 2524 3424 2582 permanserunt:

1856 2619 1920 2657 ac
1948 2604 2203 2658 destinati
2235 2604 2501 2657 divinitus
2544 2603 2850 2659 sacerdotis
2878 2605 3033 2674 virga
3083 2621 3190 2659 non
3220 2607 3433 2660 extrin-

1854 2710 2015 2750 secus
2051 2694 2393 2756 liumiditate,
2439 2694 2533 2748 sed
2581 2695 2781 2747 virtute
2815 2692 2903 2747 Dei
2953 2694 3197 2747 immissa
3216 2694 3430 2749 radices

1858 2784 2203 2855 propagavit,
2235 2799 2422 2839 ramos
2445 2784 2651 2847 emisit,
2691 2791 2744 2838 et
2773 2781 2999 2837 ﬂoribus
3035 2792 3303 2837 exornata
3336 2784 3433 2838 de-

1854 2893 2001 2929 mum
2027 2874 2264 2929 fructum
2316 2876 2613 2945 produxit:
2662 2876 2873 2929 fructus
2925 2884 3043 2929 erat
3082 2892 3214 2929 nux.
3251 2875 3432 2942 Quare

1853 2967 2092 3035 graviter
2140 2966 2392 3036 castigati
2432 2967 2778 3036 quieverunt.
2829 2964 2933 3020 Sed
2962 2966 3106 3030 vide,
3156 2965 3433 3036 quomodo

1853 3055 2094 3124 undique
2126 3057 2491 3127 .peregrinata
2541 3057 2787 3112 historiae
2847 3056 3031 3109 divina
3088 3057 3431 3126 providentia

1852 3161 1953 3199 nos
1978 3145 2177 3203 docet:
2218 3146 2323 3201 hoc
2353 3147 2497 3201 enim
2548 3148 2753 3208 fructu,
2802 3162 2961 3215 quem
3002 3147 3238 3201 Aaronis
3281 3146 3432 3217 virga

1851 3234 2118 3297 ediderat,
2174 3236 2353 3304 qualis
2403 3235 2599 3290 debeat
2644 3251 2768 3290 esse
2812 3236 3120 3290 sacerdotis
3161 3237 3271 3289 vita
3311 3251 3431 3290 uio-

1828 3322 2044 3381 'neinur
2073 3347 2086 3381 :
2119 3343 2309 3396 aspera
2357 3330 2502 3382 enim
2548 3337 2603 3382 et
2651 3330 2940 3382 continens
2981 3329 3227 3398 duraque
3273 3328 3433 3383 debet

1852 3419 2095 3475 exterius
2130 3434 2272 3493 esse,
2294 3420 2438 3475 intus
2465 3428 2643 3474 autem
2662 3430 2715 3475 et
2740 3421 2793 3473 in
2818 3420 3035 3473 occulto
3065 3436 3231 3473 suave
3254 3420 3432 3488 quod-

1853 3509 1978 3563 dam
2010 3510 2251 3562 edulium
2285 3510 2590 3570 continere,
2646 3508 2815 3587 quod\
2843 3518 2972 3561 tunc
3014 3508 3432 3574 manifestatur,

1854 3615 1978 3654 cum
2013 3608 2289 3653 maturum
2319 3600 2506 3664 fuerit,
2538 3609 2586 3655 et
2624 3610 2919 3668 corruptus
2955 3599 3121 3653 fuerit
3162 3602 3432 3670 stypticus

1853 3703 1918 3740 ac.
1968 3687 2338 3742 circumfusus
2385 3696 2595 3751 cortex,
2639 3695 2691 3741 et
2734 3688 2910 3754 lignea
2962 3689 3139 3741 nuclei
3178 3694 3317 3743 tcsta
3339 3687 3433 3742 de-

1856 3777 2056 3831 fracta.

182 3891 266 3939 τις,
287 3878 373 3930 καὶ
399 3880 734 3952 περιρραγῇ
774 3876 836 3928 τὸ
863 3873 1063 3945 στύφον
1092 3871 1460 3944 περιϐόλαιον,
1486 3874 1580 3924 καὶ
1612 3869 1897 3941 περιτριϐῇ
1928 3871 1987 3923 τὸ
2010 3869 2238 3936 ξυλῶδες
2265 3870 2440 3922 έκεῖνο
2470 3868 2563 3923 τοῦ
2588 3870 2849 3941 ἐδωδίμου
2879 3871 3271 3944 προκάλυμμα.

225 4058 280 4113 ΕΞ
303 4060 357 4113 δέ
387 4078 537 4125 τινος
577 4060 788 4130 ἱερέως
813 4056 1106 4125 λεγομένου
1146 4054 1481 4126 καταμάθοις
1507 4054 1598 4107 τὸν
1633 4052 1745 4122 βίον

1925 4050 2105 4116 Quare
2159 4050 2205 4104 si
2262 4048 2565 4104 sacerdotis
2608 4051 3004 4105 examinaveris
3053 4051 3243 4113 vitam.
3284 4051 3435 4106 inve-

166 4146 408 4221 μελοειδῆ,
425 4151 528 4205 καὶ
554 4148 831 4211 εὔπνουν,
854 4148 946 4200 καὶ
962 4145 1269 4216 ροδόχρουν,
1291 4139 1393 4197 οἷοι
1415 4145 1522 4199 τῶν
1540 4142 1747 4197 πολλῶν

1856 4141 2112 4210 nerisque
2142 4138 2476 4193 redolentem
2527 4140 2820 4207 unguentis
2868 4154 2931 4193 ac
2960 4139 3123 4201 rasis,
3174 4140 3336 4208 bysso
3376 4145 3432 4192 et

166 4238 249 4289 tia
280 4238 464 4309 βύσσῳ
493 4242 603 4293 καὶ
660 4236 927 4309 πορφύρα
968 4235 1380 4305 διανθιζόμενοι,
1407 4236 1499 4288 καὶ
1530 4236 1647 4297 ταῖς
1668 4233 1748 4286 λι-

1856 4249 2092 4304 purpura
2120 4231 2422 4298 ﬂorentem,
2458 4247 2521 4285 ac
2568 4234 2769 4287 mensis
2820 4233 3114 4301 pinguibus
3160 4232 3432 4289 inhaeren—

167 4333 691 4404 αραῖςτραπὲζαις
743 4329 1174 4401 ὲμπιαινόμενοι,
1206 4329 1255 4381 οὶ
1290 4327 1381 4381 τὸν
1413 4327 1750 4398 διυλισμένον

160 4420 371 4486 πίνοντες
429 4420 615 4487 οἶνον,
666 4423 770 4477 καὶ
805 4422 876 4476 τὰ
926 4420 1118 4494 πρῶτα
1147 4419 1296 4491 μύρα
1325 4420 1623 4491 χριόμενοι,
1655 4417 1752 4471 καὶ

157 4505 388 4568 iam
430 4516 669 4584 γλυκέα
727 4515 877 4568 δοκεῖ
914 4512 1057 4567 κατὰ
1086 4512 1184 4584 τὴν
1226 4511 1514 4583 πρόχειρον
1560 4510 1749 4579 γεῦσιν

154 4604 351 4665 πιςτδν
393 4606 834 4662 ἀπολαυστικὸν
865 4606 1106 4677 ὁρίζουσι
1159 4604 1271 4674 βίον
1292 4618 1305 4633 °
1343 4594 1521 4667 καλῶς
1555 4603 1621 4656 ἂν
1659 4602 1753 4655 ἐπὶ

155 4691 315 4749 θύτου
331 4697 393 4751 τὺ
414 4697 816 4768 εὐαγγελικὸν
834 4698 1032 4761 εἴποις,
1064 4696 1147 4749 δτι
1164 4694 1268 4748 Τὸν
1292 4694 1501 4764 καρπὸν
1518 4693 1750 4763 βλέπων,

152 4784 231 4834 *ἑκ
254 4789 627 4856 ὲκιγινώσκω
639 4788 746 4842 διὰ
766 4788 859 4843 τοῦ
881 4787 1094 4858 καρποῦ
1116 4786 1178 4840 τδ
1220 4785 1486 4858 ἱερατικὸν
1514 4785 1751 4856 δένδρον.

158 4872 318 4941 Ἄλλος
350 4881 383 4933 ὁ
428 4881 542 4951 τῆς
583 4880 906 4953 ἱερωσύνης
958 4879 1195 4952 καρπὸς,
1231 4877 1324 4933 καὶ
1365 4873 1518 4940 οὗτος
1573 4875 1750 4939 ἄλλος.

166 4962 370 5033 Ἐκεῖνος
399 4974 432 5025 ὁ
465 4972 739 5044 καρπὸς,
782 4972 1078 5043 ἐγκράτεια
1119 4966 1220 5041 ἦν’
1260 4971 1438 5043 τρυφὴ
1477 4969 1534 5022 δὲ
1568 4960 1743 5031 οὗτος.

170 5056 374 5128 Ἐκεῖνος
398 5068 513 5120 οὐκ
542 5066 672 5120 ἀπὸ
697 5068 893 5137 γηῖνης
922 5064 1148 5136 ἰκμάδος
1171 5065 1519 5122 ύπεπιαίνετο
1538 5077 1552 5091 °
1575 5059 1750 5131 τούτῳ

171 5147 210 5198 τὶ
230 5153 401 5208 πολλοὶ
429 5156 717 5210 κάτοιδεν
747 5156 1090 5228 ἐπιρρέουσιν
1112 5154 1171 5206 οἱ.
1192 5154 1518 5236 τῶνὴδονῶν
1548 5149 1749 5220 ὀχετοὶ,

173 5236 217 5334 δι’
259 5236 328 5297 ὧν
378 5250 524 5320 πρὸς
583 5248 705 5320 τὴν
750 5248 996 5319 τοιαύτην
1033 5247 1177 5317 ὥραν
1207 5251 1235 5325 ἡ
1267 5260 1359 5322 τοῦ
1393 5252 1527 5334 βίου
1558 5241 1749 5334 ὁπ’-ἔρα

186 5330 561 5426 ιτφδθαίνεται.
598 5342 752 5393 Ὅτε
783 5340 839 5393 δὲ
867 5339 962 5394 καὶ
1004 5337 1178 5392 τούτου
1203 5364 1289 5426 τοῦ
1319 5330 1547 5421 πάθους
1578 5332 1752 5389 καθα-

193 5422 471 5525 eam
503 5432 572 5486 τδ
606 5431 894 5525 ὑπήκοα-ἀν
924 5429 1040 5525 an
1072 5422 1378 5525 δείξεισιττδν
1424 5425 1754 5525 mw

204 5488 316 5579 βυ.-
326 5524 569 5593 καθηγου
780 5519 870 5573 τοῦ
880 5488 1051 5589 ’νόμον
1593 5488 1746 5590 ἐσφό-

209 5624 289 5677 Ρω,
321 5570 702 5687 καθ’μὲτεςρον
762 5614 913 5684 μέρος
948 5570 1035 5679 ἑῆς
1065 5570 1742 5745 ἐκξρςίἔΐϋῗξῖοὲένὲς-

1236 5688 1263 5704 θ

1191 5699 1300 5775 πῆς

1859 4337 1989 4393 tem,
2018 4326 2073 4379 in
2101 4340 2209 4395 qua
2246 4341 2353 4379 non
2398 4324 2859 4379 adhibenturnisi
2901 4324 3163 4378 defaecata
3199 4332 3253 4377 et
3312 4326 3430 4380 cla-

1857 4418 2074 4473 rissima
2098 4417 2247 4480 vina,
2302 4426 2356 4471 et
2399 4424 2676 4486 unguenta
2721 4416 3145 4486 pretiosissima,
3192 4424 3249 4471 et
3282 4432 3432 4487 qua:-

1858 4525 2075 4581 cunque
2114 4509 2219 4562 alia
2266 4508 2454 4563 suavia
2512 4509 2580 4562 iis
2625 4517 2848 4578 gustatu
2907 4508 3185 4572 videntur,
3226 4511 3431 4579 quibus

1860 4601 1965 4657 hoc
2030 4602 2234 4656 saeculo
2298 4600 2404 4654 frui
2476 4608 2885 4671 proposuerunt
2918 4610 3109 4656 :recte
3175 4600 3230 4655 in
3283 4601 3434 4657 hunc

1860 4691 2194 4765 evangelicis
2242 4695 2410 4747 uteris
2446 4692 2669 4747 verbis:
2703 4691 2964 4747 Fructum
3017 4692 3195 4759 video,
3247 4707 3434 4750 sacer-

1861 4783 2095 4839 dotalem
2128 4784 2378 4838 arborem
2406 4798 2514 4837 non
2542 4798 2815 4854 cognosco
2842 4802 2854 4837 :
2884 4782 3025 4836 alius
3057 4792 3139 4838 est
3164 4785 3307 4839 enim
3340 4799 3433 4840 sa-

1860 4873 2088 4929 cerdotii
2121 4873 2334 4928 fructus
2359 4873 2429 4928 ab
2461 4873 2586 4928 isto.
2645 4873 2738 4927 llle
2781 4872 3170 4926 continentiam
3218 4871 3376 4926 habet
3415 4889 3432 4927 :

1853 4962 1945 5018 ille
1982 4963 2209 5019 delicias
2239 4981 2254 5017 :
2281 4963 2373 5017 ille
2408 4970 2628 5018 terrena
2688 4961 3015 5016 humiditate
3057 4977 3165 5015 non
3204 4961 3435 5033 pingue-

1854 5055 1983 5121 scit,
2010 5055 2139 5110 huic
2188 5055 2345 5108 multi
2393 5069 2425 5109 e
2469 5062 2612 5108 terra
2654 5052 2992 5122 voluptatum
3037 5052 3267 5107 amount
3306 5053 3432 5107 rivi.

1854 5147 2011 5205 Hunc
2057 5149 2223 5219 igitur
2268 5148 2432 5203 etiam
2486 5146 2735 5201 morbum
2777 5143 3026 5199 homines
3070 5159 3194 5198 eum
3227 5142 3424 5214 etinge-

1853 5241 1986 5305 rint,
2012 5249 2144 5294 tunc
2175 5237 2275 5293 tuti
2326 5251 2424 5305 per
2459 5234 2796 5303 alienigenas
2854 5237 3165 5297 transeunt,
3210 5230 3327 5298 lege
3359 5229 3433 5283 ita

1855 5348 1953 5405 per
1986 5331 2192 5402 regiam
2247 5328 2480 5399 plateam
2518 5324 2884 5388 conducente,
2948 5329 3009 5375 ut
3061 5321 3129 5375 ad
3178 5328 3432 5374 neutram

1859 5423 2072 5495 possint
2102 5428 2312 5490 partem
2366 5416 2663 5472 declinare.
2712 5412 2849 5469 Nam
2896 5413 3042 5468 sicut
3086 5412 3133 5465 si
3189 5423 3430 5479 praeceps

1853 5513 2007 5567 locus
2045 5510 2302 5579 utrinque
2339 5514 2506 5567 esset,
2552 5505 2823 5574 ingentem
2872 5500 3171 5556 ostendens
3198 5498 3428 5557 hiatum,

1854 5612 2147 5675 angustum
2176 5602 2285 5657 iter
2325 5613 2422 5670 per
2465 5595 2702 5653 medium
2756 5592 2979 5648 facienti
3034 5583 3432 5663 periculosissi-
