4054 6436
781 274 883 331 Ηθ

2016 260 2075 318 S.
2102 260 2431 320 GBEGORH
2471 263 2758 325 NYSSENI
3749 263 3805 315 tt!

780 401 930 444 mum
971 390 1116 441 esset
1156 382 1265 438 huc
1325 387 1488 450 atque
1552 378 1680 433 illuc
1744 376 2040 441 declinare,
2092 378 2172 432 sic
2222 379 2371 433 nullo

2222 379 2371 433 nullo
2400 387 2443 444 Α
2487 382 2822 454 Ἐπισφαλὴς
2867 379 2978 451 γὰρ
3014 379 3046 449 ἡ
3086 377 3177 431 ἐπὶ
3222 375 3285 430 τὰ
3327 375 3472 445 πλάγια
3509 377 3742 448 παρατροπὴ
3773 382 3805 432 ri

779 487 940 550 pacto
969 478 1076 540 via,
1114 490 1236 546 qua:
1267 473 1426 528 nobis
1452 488 1481 526 a
1509 471 1628 542 lege
1649 470 1833 532 datur,
1862 469 2218 538 relinquenda
2251 479 2360 536 est,

781 585 945 641 quam
976 569 1237 623 Dominus
1272 573 1559 635 angustam
1606 560 1983 632 appellavit",
2023 576 2147 615 cum
2173 576 2272 616 nec
2295 563 2363 617 ad

782 663 991 723 laevam,
1015 675 1117 716 nec
1132 660 1199 714 ad
1221 660 1472 721 dextram
1494 655 1762 711 excedere
1786 653 1951 708 liceat
1966 652 2033 705 ".
2058 650 2158 708 Hic
2181 659 2362 707 autem

783 768 967 810 sermo
991 753 1047 806 in
1087 751 1268 806 medio
1300 750 1537 803 virtutes
1568 747 1775 801 locatas
1817 760 1942 800 esse
1968 745 2234 800 ostendit.
2271 744 2365 800 Vi-

783 845 919 898 tium
947 844 1093 899 enim
1128 858 1294 898 omne
1328 840 1397 895 ad
1449 840 1712 893 virtutem
1742 837 2024 900 collatum,
2077 844 2172 891 aut
2230 834 2367 891 defi-

785 941 879 1002 cit,
916 946 1011 990 aut
1035 935 1251 990 excedit
1290 952 1302 988 :
1338 940 1397 986 ut
1427 932 1579 987 verbi
1598 946 1788 995 causa,
1831 930 1879 986 si
1919 929 2203 984 audaciam
2235 945 2368 984 con-

785 1026 896 1082 fers
927 1026 996 1081 ad
1030 1023 1431 1085 fortitudinem,
1489 1029 1574 1076 est
1607 1035 1869 1076 excessus
1903 1020 2160 1091 quidam;
2207 1021 2254 1074 si
2297 1021 2366 1074 ti-

785 1133 1015 1183 morem,
1047 1115 1294 1170 defectus
1317 1130 1346 1168 a
1374 1113 1695 1167 fortitudine
1727 1112 2040 1166 invenitur:
2069 1111 2215 1180 quod
2240 1126 2366 1167 vero

785 1207 929 1262 inter
954 1208 1071 1261 ltrec
1118 1206 1278 1276 quasi
1321 1213 1558 1276 angusto
1596 1203 1814 1258 tramite
1852 1212 2127 1266 versatur,
2171 1218 2370 1275 expers

785 1312 1155 1356 extremorum
1181 1302 1486 1368 utriusque,
1516 1298 1568 1352 id
1599 1298 1777 1352 virtus
1802 1303 1888 1351 est
1921 1314 1936 1350 :
1969 1294 2163 1350 eodem
2205 1293 2369 1348 modo

786 1400 985 1448 cretera
1014 1406 1234 1462 quoque
1275 1391 1455 1445 omnia
1482 1403 1604 1459 qua:
1636 1388 1857 1443 virtutis
1890 1388 2112 1442 nomine
2154 1400 2371 1440 nuncu-

786 1492 1005 1553 pantur,
1029 1482 1283 1535 vitiorum
1311 1479 1572 1532 afﬁnitate
1629 1478 1884 1547 utrinque
1932 1475 2366 1531 circumdantur.

789 1570 1070 1642 Sapientia
1101 1570 1355 1624 versutia:
1384 1579 1436 1622 et
1481 1568 1854 1637 simplicitatis
1892 1556 2070 1619 media
2118 1571 2224 1627 est,
2271 1577 2372 1617 nec

787 1670 1107 1732 serpentum
1157 1662 1421 1723 versutia,
1472 1673 1573 1712 nec
1611 1657 1882 1711 columbae
1928 1655 2280 1723 simplicitas,
2324 1652 2370 1706 si

2468 475 2722 529 ὁδεύοντι.
2764 475 2974 544 Ὥσπερ
3031 470 3140 541 γὰρ
3169 470 3216 522 εί
3257 468 3338 522 δύο
3360 469 3530 540 κρημνοὶ
3563 470 3654 541 μίαν
3684 471 3749 524 ἐπὶ
3764 474 3806 525 ri

2470 567 2645 638 ἄκρας
2670 565 2863 636 ῥαχίας
2891 563 3135 635 ἀτραπὸν
3167 562 3468 627 ἀποστενοῖεν,
3492 562 3667 626 κίνδυνός
3688 564 3806 619 ὲστιτ

2469 658 2558 711 διὰ
2590 657 2792 726 ταύτης
2816 656 3069 726 βαίνοντι,
3098 654 3249 707 ἐνθεν
3273 654 3306 725 ἢ
3328 654 3438 709 ἔνθεν
3458 657 3768 728 παρατραπῆναι
3784 676 3805 709 ις

2475 748 2640 820 μέσου
2697 750 2857 812 (ἴσως
2899 749 3005 819 γὰρ
3052 746 3368 818 ἑκατέρωθεν
3404 747 3449 801 rb
3487 750 3534 802 ὲκ
3570 749 3640 803 τοῦ
3673 768 3806 822 κρημν

2474 841 2745 912 βάραθρον
2792 839 2891 909 τὴν
2940 839 3212 912 ἐκτροπὴν
3245 838 3806 913 διαδέχεται)·οί›τωςὸνόμ

2475 930 2722 1000 βούλεται
2751 930 2839 984 rbv
2865 928 3014 1000 αὐτῷ
3051 930 3172 982 κατ’
3211 928 3341 999 ἴχνος
3373 929 3585 999 ἑπόμενον,
3618 932 3674 1002 μὴ
3699 936 3806 986 κατα

2475 1026 2597 1075 πεῖν
2636 1022 2733 1094 τὴν
2762 1022 2899 1083 ὁδὸν,
2933 1020 3051 1093 τὴν,
3083 1019 3263 1085 καθὼς
3281 1038 3410 1092 φησιν
3435 1021 3457 1072 ό
3481 1021 3650 1093 Κύριος,
3665 1024 3806 1094 στενήν

2476 1114 2567 1166 καὶ
2601 1113 2987 1183 τεθλιμμένην,
3021 1113 3159 1182 μήτε
3195 1112 3288 1165 ἐπὶ
3322 1112 3369 1165 rb
3395 1112 3538 1165 σκαιόν
3572 1130 3617 1165 τε
3636 1115 3709 1166 καί
3733 1115 3806 1166 erit:

2478 1222 2598 1274 μον,
2635 1205 2771 1275 μήτε
2803 1203 2896 1257 ἐπὶ
2920 1204 2982 1256 rb
3020 1202 3192 1268 δεξιὸν
3215 1203 3524 1275 νομιζόμενον.
3549 1204 3695 1276 Δόγμα
3712 1207 3757 1260 δέ
3775 1209 3806 1259 ὲ‹

2474 1290 2628 1358 οὗτος
2655 1297 2682 1348 ό
2734 1295 2911 1364 λόγος,
2966 1296 3024 1347 ὲν
3080 1295 3328 1365 μεσότητι
3360 1295 3613 1367 θεωρεῖσθαι
3634 1297 3712 1361 τὰς
3736 1299 3806 1369 ἀρε

2475 1386 2789 1456 ὁριζόμενος
2811 1402 2825 1417 ο
2863 1386 2997 1439 διότι
3040 1386 3249 1456 πέφυκε
3290 1388 3411 1440 πᾶσα
3442 1388 3576 1441 κακία
3598 1389 3626 1459 ἢ
3651 1393 3747 1442 κατ’
3767 1392 3806 1443 ἕ)

2475 1476 2589 1546 ψιν,
2615 1477 2646 1548 ἢ
2670 1470 2800 1530 καθ’
2820 1478 3169 1549 ὐπέρπτωσιν
3197 1479 3373 1549 ἀρετῆς
3393 1480 3681 1549 ἐνεργεῖσθαι.
3711 1477 3806 1535 Dio»

2475 1567 2573 1637 τῆς
2591 1566 2862 1638 ἀνδρείας,
2887 1567 3119 1636 ἔλλειψίς
3132 1568 3217 1628 τίς
3231 1570 3363 1638 ἐστιν
3380 1569 3544 1639 ἀρετῆς
3559 1571 3586 1639 ἡ
3603 1570 3760 1636 δειλία,
3777 1573 3802 1625 ὑ

2478 1670 2683 1720 πτωσις
2713 1657 2769 1709 δὲ
2809 1657 2869 1709 τὸ
2899 1656 3116 1728 θράσος·
3156 1656 3214 1710 rb
3246 1657 3301 1710 δὲ
3339 1657 3554 1728 ἐκατέρου
3589 1657 3759 1712 τούτων
3782 1677 3806 1712 κ

788 1768 886 1824 per
909 1755 1149 1822 seipsum
1199 1760 1495 1818 utrumque
1530 1748 1870 1811 consideres,
1914 1746 2184 1801 laudanda
2241 1753 2384 1813 est;

2241 1753 2326 1800 est
2352 1763 2384 1813 εΔ
2403 1742 2443 1797 Β
2475 1748 2661 1820 ρεῦον,“
2677 1750 2733 1800 ἐν
2763 1748 2913 1821 μέσῳ
2941 1765 2998 1801 τε
3021 1748 3127 1800 τῶν
3160 1748 3530 1820 παρακειμένων
3551 1749 3725 1803 κακιῶν
3742 1750 3805 1805 θει

790 1845 883 1900 sed
914 1845 1006 1914 qui
1034 1844 1177 1897 inter
1206 1842 1322 1895 lucc
1353 1841 1576 1895 habitus
1598 1848 1705 1903 est,
1735 1840 1908 1893 virtus
1947 1845 2053 1893 est.
2107 1837 2374 1893 Similiter

789 1937 883 2007 qui
912 1952 941 1989 a
976 1935 1241 1989 modestia
1278 1932 1629 1997 deficit,luxu
1657 1931 2065 2001 corrumpitur:
2090 1930 2183 2000 qui
2211 1944 2371 1984 exce-

789 2029 959 2089 diLm
995 2028 1113 2096 ipsa
1152 2027 1332 2079 nimia:
1359 2025 1641 2079 tenuitatis
1669 2030 1818 2087 nota,
1845 2023 1921 2075 uti
1968 2022 2262 2090 Apostolus
2278 2021 2371 2084 ait,

790 2120 1151 2174 cauteriatam
1184 2119 1347 2171 habet
1367 2117 1763 2172 conscientiam
1794 2116 1863 2168 ⁸³.
1915 2115 2007 2169 Ille
2038 2114 2105 2168 ad
2132 2116 2376 2183 volupta-

790 2219 875 2266 tes
897 2211 1163 2281 pecudum
1205 2225 1354 2264 more
1385 2209 1576 2270 fertur,
1619 2208 1705 2262 hic
1746 2208 1910 2261 etiam
1962 2206 2371 2260 matrimonium

791 2301 947 2370 quasi
974 2301 1301 2353 adulterium
1340 2300 1691 2354 abominatur
1734 2308 1787 2354 et
1834 2301 2053 2369 rejicit:
2089 2301 2231 2354 inter
2273 2300 2373 2354 bos

791 2401 971 2446 autem
1005 2392 1287 2446 modestus
1312 2408 1370 2447 se
1398 2393 1668 2455 continet,
1707 2408 1884 2461 neque
1916 2392 1981 2444 ad
2029 2406 2249 2446 onmem
2294 2389 2376 2445 ef-

800 2484 959 2540 fusus
989 2484 1343 2553 voluptatem,
1381 2492 1434 2539 et
1460 2484 1895 2548 matrimonium,
1940 2493 2000 2538 ut
2030 2484 2207 2548 decet,
2245 2499 2373 2538 sus-

797 2576 1030 2647 cipiens.
1083 2574 1285 2629 Verum
1333 2577 1613 2645 quoniam,
1672 2583 1733 2629 ut
1769 2575 2035 2630 Dominus
2071 2574 2234 2640 ait“,
2290 2572 2376 2628 hic

793 2668 1032 2722 mundus
1061 2667 1114 2720 in
1146 2667 1494 2737 pravujacet,
1526 2676 1721 2736 estque
1756 2667 1920 2722 alieni
1949 2666 2167 2737 generis
2198 2666 2267 2720 ab
2303 2666 2373 2721 iis

793 2761 888 2831 qui
921 2762 1093 2830 legem
1145 2768 1476 2828 sequuntur,
1527 2758 1791 2829 quidquid
1824 2759 2010 2812 virtuti
2053 2760 2373 2829 opponitur,

794 2850 849 2906 id
886 2865 1016 2905 vero
1068 2856 1154 2904 est
1196 2849 1473 2918 pravitas;
1520 2849 1839 2918 quicunque
1894 2864 1990 2918 per
2040 2849 2183 2903 hanc
2232 2848 2372 2901 viam

795 2938 1063 3001 ambulat,
1097 2945 1215 2991 tuto
1255 2953 1351 3007 per
1380 2938 1600 2992 virtutis
1654 2939 1756 2992 iter
1785 2939 2066 3001 transibit,
2115 2938 2159 2993 si
2196 2938 2374 3007 publi-

793 3045 951 3095 cam,
1006 3030 1053 3084 si
1096 3029 1288 3083 virtuti
1348 3030 1533 3082 tritam
1585 3030 1876 3098 albamque
1928 3030 2187 3084 continue
2232 3029 2373 3083 viam

2474 1858 2582 1905 ται,
2620 1842 2714 1893 καὶ
2750 1842 2918 1910 ἀρετή
2954 1841 3091 1892 ἐστι.
3133 1839 3288 1893 Κατά
3306 1840 3384 1894 τὸν
3405 1840 3541 1894 αὑτὸν
3567 1842 3752 1911 τρόπον,
3774 1860 3805 1895 κ

2475 1931 2606 1985 ἀλλα
2630 1922 2827 1993 πάντα,
2855 1932 2954 1984 ὅσα
2977 1931 3113 2001 πρὸς
3137 1931 3196 1983 τὺ
3222 1933 3442 2003 κρεῖττον
3461 1932 3782 1998 σπουδάζεται,

2474 2022 2718 2075 λαϐεἴταί
2772 2040 2889 2085 πως
2933 2025 3046 2085 τοῖς
3096 2025 3283 2085 κακοῖς
3325 2024 3673 2094 γειτονήμασιν.
3718 2025 3777 2078 'll

2475 2112 2777 2182 δεινότητός
2804 2129 2863 2164 τε
2894 2112 2988 2164 καὶ
3018 2110 3393 2182 ἀκεραιότητος
3431 2111 3482 2164 rb
3519 2112 3659 2182 μέσον
3697 2112 3806 2182 ἔχει·

2476 2206 2567 2259 τοῦ
2588 2207 2762 2274 ὄφεως
2779 2204 2838 2256 τὸ
2865 2204 3124 2274 φρόνιμον
3143 2202 3429 2264 ἐπαινετὸν,
3447 2200 3554 2255 οὔτε
3569 2202 3656 2273 τῆς
3680 2221 3806 2274 περιε

2475 2299 2535 2352 τὸ
2561 2299 2836 2369 ἀκέραιον,
2868 2300 2915 2350 εἰ
2943 2297 3027 2366 ἐφ’
3057 2294 3249 2348 ἑαυτοῦ
3284 2295 3431 2364 μόνου
3456 2294 3555 2348 δέοι
3584 2295 3800 2366 λαμὸἀνε

2475 2407 2581 2443 των
2611 2390 2889 2460 ἑκάτερον·
2923 2387 3034 2441 ἀλλ’
3066 2390 3097 2458 ἡ
3127 2385 3215 2439 διὰ
3247 2385 3401 2457 μέσου
3426 2385 3525 2438 τῶν
3546 2385 3631 2438 δύο
3654 2385 3806 2439 τούτω

2476 2498 2676 2553 κρατος
2715 2480 2862 2545 ἕξις,
2905 2479 3072 2550 ἀρετὴ
3118 2478 3342 2546 γίνεται.
3392 2476 3445 2531 '0
3487 2477 3689 2549 ἐλλιπὴς
3732 2495 3806 2530 κα·

2478 2573 2849 2644 σωφροσύνην,
2896 2572 3214 2633 ἀκόλαστοςο
3255 2571 3282 2622 ό
3310 2569 3623 2634 πλεονάζων,
3659 2587 3806 2623 κεκαι

2480 2682 2599 2718 σται
2622 2664 2718 2735 τὴν
2754 2664 3079 2732 συνείδησιν,
3110 2660 3292 2725 καθὼς
3320 2662 3548 2733 ὁρίζεται
3572 2664 3599 2715 ὁ
3636 2663 3806 2716 Ἀπόσν

2481 2756 2577 2827 μὲν
2600 2757 2709 2827 γάρ
2732 2758 2849 2819 ταῖς
2881 2755 3093 2827 ἡδοναῖς
3122 2754 3345 2825 ἀναίδην
3372 2754 3671 2822 ἐκκέχυται,
3694 2757 3722 2808 ό
3745 2754 3797 2807 δὲ

2477 2848 2655 2919 γάμον
2679 2844 2772 2901 ἶσα
2806 2851 2873 2919 τῇ
2905 2846 3118 2918 μοιχεία
3151 2845 3509 2915 βδελύσσεται·
3544 2849 3578 2917 ἡ
3605 2846 3661 2899 δὲ
3689 2843 3806 2916 διὰὶ

2477 2939 2678 2993 τούτων
2706 2938 3050 3011 Θεωρουμένη
3082 2937 3215 3001 ἒξις,
3244 2937 3561 3009 σωφροσύνη
3588 2937 3750 2990 ἐστίν.
3795 2938 3806 2955 ’

2480 3030 2658 3094 καθώς
2689 3048 2851 3101 φησιν
2876 3033 2904 3084 ό
2933 3030 3157 3102 Κύριος,
3187 3033 3215 3084 ὁ
3243 3030 3446 3099 κόσμος
3475 3025 3624 3093 οὗτος
3652 3032 3711 3083 ὲν
3733 3029 3806 3099 τῷ

795 3131 1038 3193 peraget,
1071 3136 1342 3189 nusquam
1377 3119 1444 3173 ad
1472 3120 1701 3175 finitima
1743 3119 1885 3171 invia
1919 3118 2222 3173 divertens.
2270 3117 2375 3173 Sed

2210 3161 2222 3171 .
2270 3117 2375 3173 Sed
2407 3117 2445 3129 “’
2480 3126 2689 3190 κεῖται,
2734 3123 3027 3191 ἀλλόφυλον
3052 3123 3107 3175 δὲ
3136 3125 3247 3186 τοῖς
3278 3121 3563 3191 ἑπομένοις
3607 3120 3685 3188 τῷ
3710 3121 3805 3191 νόμ

794 3211 1079 3282 quoniam,
1106 3211 1298 3279 utjam
1334 3210 1537 3262 dictum
1573 3220 1681 3272 est,
1724 3224 1847 3263 cum
1884 3222 2118 3262 ascensu
2158 3209 2378 3264 virtutis

798 3302 1010 3357 insidiae
1040 3300 1344 3355 adversarii
1378 3299 1780 3364 conscendunt,
1808 3338 1816 3345 .
1840 3298 2068 3353 idoneas
2096 3300 2149 3353 in
2192 3300 2381 3369 singu-

797 3393 975 3446 lorum
1010 3391 1225 3445 vivendi
1260 3391 1529 3444 rationem
1575 3390 1838 3460 peccandi
1900 3404 2096 3444 causas
2154 3391 2377 3460 excogio

799 3483 987 3548 tantis,
1012 3482 1119 3536 alia
1154 3490 1285 3535 tunc
1316 3458 1603 3537 vafredine
1633 3481 1882 3536 insidiari
1915 3482 2116 3551 popqu
2158 3458 2373 3546 statuit,

798 3587 958 3642 quem
1003 3571 1223 3626 videbat
1271 3572 1384 3641 jam
1427 3573 1495 3627 ad
1550 3571 1721 3628 Deum
1787 3588 2115 3629 conversum
2173 3574 2381 3629 rectius

796 3663 1020 3729 vivere;
1077 3676 1141 3715 ac
1167 3663 1339 3717 veluti
1384 3679 1581 3734 graves
1625 3664 1948 3735 expertique
1994 3666 2377 3736 imperatores,

797 3769 923 3807 cum
975 3753 1194 3808 dillicile
1245 3756 1559 3827 putaverint
1618 3757 1900 3811 victoriam
1978 3765 2170 3828 aperto
2218 3774 2382 3828 posse

795 3847 1061 3917 consequi
1112 3856 1308 3914 marte,
1360 3848 1903 3905 dissimulationibus
1950 3857 2115 3920 atque
2162 3851 2381 3907 insidiis

799 3940 1011 3995 hostem
1045 3955 1308 4009 superare
1346 3950 1654 3996 conantur:
1705 3941 1784 3996 sic
1826 3943 2083 3997 vitiorum
2131 3943 2376 3998 omnium

796 4029 909 4085 dux
942 4039 1107 4100 atque
1141 4032 1440 4101 imperator
1469 4034 1744 4097 diabolus,
1777 4037 1820 4086 si
1855 4036 2125 4102 quosdam
2171 4036 2224 4089 in
2263 4036 2379 4089 vir-

795 4129 917 4177 tute
950 4124 1260 4180 stabiliores
1305 4126 1473 4192 videt,
1504 4141 1613 4179 non
1650 4132 1834 4194 aperte
1869 4127 1922 4179 in
1958 4125 2150 4180 faciem
2185 4128 2379 4195 objicit

798 4212 1064 4282 gladium,
1107 4214 1202 4268 sed
1233 4214 1373 4268 clam
1406 4222 1461 4268 et
1507 4231 1601 4285 per
1630 4215 1864 4271 insidias
1904 4214 1972 4270 de
2014 4217 2135 4271 loco
2171 4219 2376 4287 pellere

798 4306 1004 4362 studet.
1045 4306 1260 4361 idcirco
1307 4323 1487 4377 augur
1515 4306 1734 4377 quidem
1780 4306 2084 4372 maleficus,
2143 4310 2377 4366 occultis

2479 3219 2645 3289 ἀρετῇ
2677 3216 3069 3287 ἀντικείμενον,
3099 3216 3237 3286 ὅπερ
3272 3215 3419 3268 ἐστὶν
3444 3215 3478 3284 ἡ
3506 3214 3762 3285 πονηρίαι
3800 3232 3806 3257 ι

2480 3310 2682 3379 κόσμου
2733 3307 2924 3361 τούτου
2964 3306 3105 3361 κατὰ
3152 3306 3244 3359 τὸν
3279 3304 3395 3375 βίον
3428 3304 3733 3374 ὁδοιπορῶν
3756 3344 3770 3370 ,

2478 3401 2576 3468 τὴν
2621 3399 2926 3467 ἀναγκαίαν
2965 3399 3169 3468 ταύτην
3209 3398 3311 3467 τῆς
3352 3396 3564 3468 ἀρετῆς
3598 3396 3806 3450 διανύσε

2484 3493 2623 3564 ρίαν,
2677 3494 2724 3545 εἰ
2761 3492 2861 3561 τὴν
2903 3491 3179 3561 λεωφόρον
3226 3490 3423 3552 ὄντως,
3458 3488 3563 3558 τὴν
3600 3488 3711 3540 ὑπὸ
3753 3488 3806 3540 τί

2478 3582 2796 3655 τριφθεῖσάν
2824 3598 2883 3635 τε
2921 3582 3015 3634 καὶ
3041 3580 3477 3651 λευκαινομένην
3508 3580 3635 3633 ὁδὸν
3663 3579 3806 3648 φυλὰ

2478 3673 2650 3745 δοιμοῦ
2697 3673 2832 3745 πρὸς
2874 3672 2973 3736 τὰς
3018 3671 3443 3743 παρακειμένας
3492 3670 3726 3733 ἀνοδίας
3773 3671 3805 3722 δ

2481 3766 2984 3838 παρατρεπόμενος.
3023 3765 3177 3818 Ἐπεὶ
3203 3764 3279 3821 δὲ.
3314 3763 3517 3826 καθὼς
3550 3762 3806 3834 εἴρηται,

2478 3857 2577 3926 τῆς
2609 3855 2808 3926 ἀρετῆς
2852 3855 3011 3924 καὶὴ
3054 3852 3309 3924 ἐπιϐουλὴ
3362 3851 3466 3905 τοῦ
3548 3853 3806 3921 ἀντικειε

2480 3947 2780 4011 ἀναϐαίνει,
2801 3946 3147 4015 καταλλήλως
3165 3947 3407 3999 ἑκάστου
3426 3946 3538 4013 τῆς
3565 3947 3652 4007 εἰς
3671 3945 3741 3997 τὸ
3758 3964 3805 3998 se

2477 4039 2687 4111 τροπῆς
2725 4040 2823 4102 τὰς
2865 4036 3116 4107 ἀφορμὰς
3153 4036 3618 4106 ἐξευρίσκουσα·
3657 4037 3800 4089 τότε

2479 4132 2570 4197 ζον
2594 4131 2687 4184 τοῦ
2721 4128 2850 4184 λαοῦ
2883 4132 2939 4183 ὲν
2966 4127 3044 4199 τῷ
3072 4128 3212 4181 κατὰ
3237 4128 3380 4181 Θεὸν
3408 4127 3523 4198 βίῳ
3545 4127 3806 4197 αὐξήσει·

2478 4221 2767 4292 ἐπιϐουλῆς
2789 4223 2818 4274 ὁ
2866 4219 3239 4290 ἀντικείμενος
3260 4220 3552 4282 ἂπτεται,
3591 4219 3760 4271 κατὰ
3793 4236 3806 4251 ν

2479 4315 2550 4369 τὰ
2587 4313 2889 4385 πολεμικά·
2930 4312 2980 4365 οἳ
3034 4312 3134 4383 τὴν
3186 4310 3333 4364 κατά
3396 4310 3607 4381 στόμα
3668 4327 3806 4380 παρ

796 4395 1127 4465 quibusdam
1177 4397 1388 4450 viribus
1440 4394 1749 4450 daemonqu
1802 4396 1867 4450 ad
1913 4396 2373 4454 malefaciendum

2206 4400 2373 4454 udum
2411 4415 2452 4470 ι)
2485 4404 2945 4460 πλεονεκτούντων
2987 4402 3127 4456 κατά
3157 4401 3253 4472 τὴν
3293 4401 3573 4471 δύναμιν
3618 4400 3805 4453 Bucar:

798 4488 882 4540 vel
923 4488 1107 4543 verbis
1143 4490 1277 4543 solis
1320 4501 1565 4558 paratus,
1607 4505 1635 4542 a
1678 4499 1914 4559 tyranno
1951 4487 2373 4545 Madianitarum

795 4580 1051 4633 mercede
1105 4580 1412 4636 conductus
1468 4590 1740 4636 vocatur:
1786 4582 1880 4651 qui
1933 4597 2058 4635 cum
2102 4584 2370 4648 veuiSSet,

794 4684 906 4724 non
942 4678 999 4724 ut
1031 4671 1247 4725 volebat
1280 4672 1583 4739 maledixit,
1622 4672 1717 4728 sed
1752 4674 1937 4728 divina
1979 4674 2186 4728 virtute
2216 4691 2371 4728 com-

794 4760 988 4831 pulsus
1014 4764 1216 4833 populo
1256 4764 1338 4818 vel
1371 4764 1578 4820 invitus
1616 4767 1919 4831 benedixit,
1958 4783 2066 4837 qua
2111 4783 2177 4822 ex
2210 4782 2268 4821 re
2291 4766 2373 4821 fa-

793 4853 899 4907 cile
933 4854 1277 4925 intelligitur,
1311 4856 1493 4910 nullas
1524 4865 1672 4912 artes
1706 4859 1970 4929 magicas,
1992 4860 2174 4914 nullas
2198 4861 2375 4915 hostis

793 4942 1022 5000 humani
1048 4949 1269 5017 generis
1302 4947 1532 5004 insidias
1563 4950 1830 5005 adversus
1879 4966 1975 5005 eos
2027 4952 2232 5017 valere,
2277 4954 2375 5023 qui

791 5036 1051 5092 virtutem
1108 5039 1351 5095 colunt:
1392 5040 1489 5096 sed
1545 5041 1710 5095 etiam
1766 5043 2052 5111 pravitatis
2103 5044 2211 5099 tela
2249 5046 2377 5115 reji-

793 5128 949 5183 ciunt
980 5151 994 5186 :
1037 5133 1130 5201 qui
1177 5132 1269 5187 Dei
1307 5133 1565 5203 praesidio
1593 5133 1984 5188 defenduntur.

2480 4494 2746 4565 ὁρῶντες,
2777 4493 2955 4562 λόγοις
2992 4491 3088 4545 καὶ
3128 4490 3387 4561 ἐνέδραις
3446 4506 3806 4559 διαετιιισ-ττροιΔ

2481 4586 2876 4657 ἀντικείμενον.
2907 4582 3093 4644 Οὕτως
3113 4585 3141 4636 ὁ
3170 4583 3269 4653 τῆς
3318 4581 3569 4644 κακίας
3616 4597 3804 4652 στραε

2481 4679 2630 4749 νόμῳ
2659 4678 2751 4731 καὶ
2789 4678 2956 4747 ἀρετῇ
2997 4674 3495 4745 δυναμωθέντων,
3552 4672 3791 4726 οὐκέτι

2480 4788 2627 4824 ωπον
2649 4768 2931 4837 ἀντεξάγει
2965 4766 3060 4838 τὴν
3092 4766 3354 4836 δύναμιν,
3395 4764 3544 4818 ἀλλ’
3574 4764 3805 4835 ἐνέδρσ

2476 4862 2535 4913 τὸ
2572 4859 2778 4929 ἀφανὲς
2804 4860 2905 4930 τὴν
2957 4858 3248 4929 ἐπιϐουλὴν
3278 4858 3383 4923 tie
3396 4855 3765 4927 ργάζεται.

2476 4953 2555 5014 εἰς
2587 4950 2902 5021 συμμαχίαν
2917 4951 3057 5003 κατὰ
3082 4949 3189 5002 τῶν
3212 4948 3806 5018 ἐπιϐουλευομὲνω

2475 5041 2573 5113 τὴν
2602 5041 2874 5111 γοητείαν.
2914 5041 3078 5111 Ἢνή
3125 5040 3223 5110 μὲν
3254 5039 3525 5110 ἱστορία
3579 5038 3768 5109 φησὶ

2475 5150 2594 5187 τινα
2629 5134 2721 5185 καί
2746 5131 3050 5203 οἰωνιστὴν,
3081 5131 3145 5184 ἐκ
3167 5147 3317 5205 τινος
3345 5132 3460 5184 ὲνε
3474 5130 3731 5202 ργείας
3766 5129 3806 5182 δ

794 5225 993 5296 πτικὴν
1023 5224 1195 5296 δήπου
1225 5225 1452 5296 δύναμιν
1492 5226 1683 5296 ἔχοντα
1719 5228 1815 5279 καὶ
1863 5227 1969 5280 τῶν
2010 5227 2375 5293 ὑπεναντίων,
2421 5227 2515 5280 καὶ
2575 5224 2914 5295 μισθωθέντα
2956 5223 3108 5293 παρά
3158 5224 3253 5277 τοῦ
3293 5222 3749 5295 κρατοῦντος

794 5316 927 5379 τῶν,
957 5320 1040 5387 ἐφ’
1073 5311 1118 5385 ᾧ
1147 5337 1205 5371 τε
1249 5319 1446 5390 βλάψαι
1479 5319 1565 5373 διὰ
1592 5320 1837 5391 κατάρας
1872 5321 1990 5383 τοὺς
2020 5320 2097 5391 τῷ
2119 5321 2237 5391 Θεῷ
2261 5320 2488 5384 ζῶντας,
2541 5318 2729 5371 τοῦτον
2765 5316 2958 5389 τρέψαι
3016 5316 3114 5386 τὴν
3160 5317 3450 5388 κατάραν
3498 5318 3613 5380 εἰς
3657 5314 3804 5368 εὺλι

792 5405 849 5461 δὲ
880 5407 1107 5478 νοοῦμεν
1129 5408 1216 5462 διὰ
1246 5409 1338 5462 τοῦ
1369 5409 1660 5464 ἀκολούθου
1686 5410 1793 5462 τῶν
1816 5411 2365 5484 προτεθεωρημένων,
2396 5411 2456 5471 τὸ
2504 5411 2637 5482 μηδὲ
2683 5410 2780 5480 τὴν
2805 5408 3057 5477 γοητείαν
3097 5409 3330 5482 ἐνεργὸν
3365 5409 3568 5463 κατὰ
3602 5410 3761 5463 τῶν

793 5513 898 5552 των
932 5496 1090 5551 εἶναι·
1134 5498 1269 5552 ἀλλά
1302 5500 1482 5572 πάσης
1517 5500 1866 5571 ὑπερισχύειν
1913 5502 2205 5573 ἐπιϐουλῆς
2250 5504 2374 5565 τοὺς
2417 5502 2503 5555 διὰ
2554 5502 2651 5573 τῆς
2706 5499 2855 5563 Θείας
2887 5500 3139 5571 βοηθείας
3170 5503 3737 5573 εὐωχουμένους.

869 5677 914 5711 ⁸⁸
948 5677 1138 5734 Matth.
1169 5693 1265 5745 vu,
1309 5679 1393 5733 ll.
1461 5680 1519 5751 ,οε
1567 5679 1719 5736 Deut.
1757 5695 1923 5736 .xxvtu
1954 5680 2041 5735 ll.
2117 5679 2187 5733 ⁸³1
2215 5678 2454 5736 Timoth.
2485 5696 2558 5745 Iv,
2592 5681 2647 5734 2.

2756 5682 2801 5713 ⁸⁵
2834 5679 3031 5738 lJoan.
3064 5699 3117 5749 ν,
3162 5684 3242 5740 l9.
