4054 6436
680 292 789 348 623

1924 278 1982 331 s.
2028 273 2356 332 anGoan
2400 246 2694 330 NYSSLNI

681 405 930 474 inquam,
974 398 1231 456 animalis
1261 411 1370 453 non
1416 392 1648 459 innoxii,
1678 391 1775 449 sed
1807 406 1996 448 eorum
2040 391 2132 461 qui
2178 407 2266 444 ne-

2367 391 2698 459 γυναικείοις
2734 389 2911 461 βέλεσι
2938 390 3003 445 δι’
3024 390 3216 463 ἡδονῆς
3246 386 3710 462 κατετρώθησαν*
3748 392 3863 445 καὶ

682 494 850 550 fando
893 491 1125 547 crimine
1188 495 1589 552 convenerunt,
1629 500 1864 558 quorum
1920 492 1977 540 et
2029 498 2261 554 corpora

682 600 796 641 uno
826 586 938 639 ictu
974 582 1254 647 transﬁxa,
1305 589 1359 638 et
1396 582 1646 649 voluptas
1682 584 1859 632 morte
1900 573 2133 630 confusa
2182 574 2264 628 di-

682 672 866 733 vinam
901 678 1039 731 iram
1078 676 1420 745 mitigarunt.
1457 671 1572 726 llac
1613 684 1673 725 re
1701 669 1945 724 salutare
1987 664 2262 736 quoddam

683 771 976 827 consilium
1007 768 1235 823 historia
1263 752 1506 837 praZbere
1526 763 1763 825 videtur:
1787 774 1914 815 nam
1945 773 2071 813 cum
2106 756 2263 810 multi

683 862 796 917 sint
840 854 1012 914 morbi
1048 866 1102 913 et
1135 857 1487 929 aegritudines
1526 853 1718 916 animi,
1767 851 1968 922 quibus
2016 847 2265 903 homines

682 953 993 1024 capiuntur,
1037 950 1172 1006 nihil
1225 958 1430 1005 tantam
1459 948 1516 1001 in
1561 961 1662 1001 nos
1693 943 2042 997 vimvhabere
2076 950 2265 994 osten-

682 1047 783 1112 dit,
830 1052 1088 1115 quanlam
1121 1042 1482 1113 spurcissima
1514 1039 1628 1093 hzcc
1656 1037 1845 1091 libido.
1879 1033 2012 1089 Nam
2045 1033 2090 1089 si
2118 1034 2266 1086 viros

684 1137 831 1202 illos,
858 1136 951 1202 qui
980 1134 1366 1206 Egyptiorum
1392 1131 1693 1201 equitatum
1719 1126 1984 1183 divinitus
2008 1125 2133 1180 tecti
2158 1140 2268 1178 non

682 1228 1024 1290 timuerunt,
1078 1227 1173 1297 qui
1222 1224 1556 1279 Amalecitas
1596 1220 1892 1283 fuderunt,
1938 1225 1993 1273 et
2053 1216 2264 1272 nationi

686 1336 808 1390 quae
840 1329 962 1390 past
993 1320 1147 1390 ipsos
1190 1318 1433 1373 occurrit
1463 1313 1838 1371 formidabiles
1870 1316 2266 1381 apparuerunt,

683 1416 778 1481 qui
822 1413 1071 1480 ipsorum
1106 1408 1526 1463 Madianitarum
1570 1405 1813 1476 legiones
1864 1402 2147 1472 fugarunt,
2193 1399 2269 1455 si-

682 1504 796 1557 mul
845 1518 910 1557 ac
959 1503 1087 1557 visa:
1145 1512 1275 1555 sunt
1324 1495 1943 1566 mulieres,voluptatis
1993 1492 2269 1562 mancipia

683 1592 859 1648 factos
901 1588 1121 1653 asserit,
1158 1590 1291 1661 quid
1325 1590 1473 1644 aliud
1514 1590 1641 1641 hinc
1678 1602 1780 1641 nos
1825 1584 2071 1646 instruit,
2105 1595 2268 1652 quam

692 1684 1024 1750 voluptatem
1062 1682 1206 1734 hanc
1232 1678 1390 1733 valde
1421 1675 1721 1732 cavendam
1751 1690 1896 1738 esse,
1943 1687 2064 1743 quae
2086 1671 2270 1755 titilla-

687 1774 938 1829 tionihus
989 1775 1107 1829 suis
1136 1774 1281 1827 viros
1308 1772 1477 1827 armis
1504 1769 1741 1824 invictos
1775 1750 2269 1838 superavit,quod-
2301 1734 2341 1789 Β

682 1883 790 1937 que
833 1866 1211 1936 impudentius
1238 1873 1344 1927 est,
1384 1864 1561 1933 palam
1593 1861 1678 1933 agi
1723 1859 2116 1929 turpitudinem
2146 1872 2270 1927 per-

684 1958 904 2014 suasit?
928 1960 1000 2012 ita
1025 1957 1277 2019 bestialis
1300 1956 1363 2009 ad
1390 1955 1670 2009 libidinem
1696 1952 1931 2020 impetus
1953 1950 2007 2002 in
2034 1948 2269 2018 pecudes

683 2051 935 2107 homines
981 2051 1164 2105 vertit.
1230 2046 1366 2100 Nam
1420 2048 1676 2100 humana:
1734 2042 2071 2097 conditionis
2115 2040 2270 2094 obliti

685 2140 925 2210 penitus.
972 2155 1081 2193 non
1111 2137 1273 2190 modo
1303 2150 1403 2190 sua
1448 2133 1682 2187 crimina
1714 2147 1826 2185 non
1864 2131 2141 2193 celabant,
2178 2146 2271 2184 ve-

685 2248 805 2286 rum
845 2230 1009 2286 etiam
1047 2242 1340 2300 porcorum
1389 2242 1559 2287 more,
1598 2227 1738 2279 alter
1760 2226 1813 2278 in
1840 2221 2068 2278 alterius
2097 2222 2271 2278 oculis

686 2326 865 2396 palam
921 2322 1183 2378 sordibus
1218 2319 1459 2375 devoluti
1512 2317 1852 2387 turpitudine
1880 2323 1936 2371 et
1966 2314 2271 2370 sceleribus

686 2416 1085 2488 gloriabantur.
1138 2413 1320 2479 Quare
1364 2421 1551 2482 aperte
1602 2425 1701 2464 nos
1745 2416 1932 2463 monet
2000 2406 2267 2471 historia,

685 2508 879 2580 procul
904 2522 933 2559 a
963 2515 1068 2560 tam
1094 2504 1325 2560 terribili
1356 2503 1530 2558 bestia
1560 2502 1719 2555 nobis
1740 2515 1864 2555 esse
1887 2499 2268 2562 habitandum,

685 2615 756 2654 ne
801 2598 1027 2652 morbus
1080 2610 1233 2650 more
1284 2594 1430 2664 ignis
1480 2599 1702 2663 propter
1741 2590 2081 2645 vicinitatem
2113 2589 2270 2643 llam—

687 2705 830 2744 mam
863 2688 929 2743 ad
962 2703 1063 2742 nos
1114 2702 1287 2757 usque
1320 2686 1659 2740 transmittat
1695 2703 1708 2739 :
1743 2682 1888 2753 quod
1931 2690 1984 2738 et
2013 2681 2271 2737 Salomon

688 2781 742 2834 in
786 2778 1068 2849 Sapientia
1122 2778 1285 2832 docet
1313 2777 1384 2823 “:
1435 2774 1554 2829 Non
1591 2772 1970 2843 attingendum
2015 2786 2139 2827 esse
2181 2786 2272 2825 ar-

689 2869 910 2925 dentem
943 2869 1238 2929 carbonem
1281 2866 1431 2922 nudo
1465 2864 1622 2937 pede,
1653 2879 1831 2934 neque
1856 2863 2036 2933 ignem
2064 2863 2119 2916 in
2149 2862 2270 2917 sinu

690 2959 1076 3030 deponendum
1113 2976 1125 3013 :
1161 2957 1318 3028 quasi
1365 2956 1417 3012 in
1450 2964 1639 3011 nostra
1682 2960 1948 3025 potestate
1976 2953 2141 3008 situm
2177 2952 2268 3017 sit,

2368 482 2467 552 μὲν
2497 482 2707 553 ἀνδρῶν
2737 483 3038 554 κρείττους,
3072 483 3181 536 τῶν
3200 483 3262 538 δὲ
3294 483 3575 552 γυναικῶν
3609 484 3841 555 ἥττους
3875 487 3888 537 ί

2365 589 2535 626 νοντο.
2583 569 2748 645 Ὁμοῦ
2794 591 2853 628 τε
2885 574 2994 647 γάρ
3035 574 3296 647 ὤφθησαν
3336 576 3521 639 αὐτοῖς
3565 577 3630 630 αί
3685 580 3888 645 γυναῖο

2365 666 2487 721 ἀντὶ
2515 668 2696 722 ὅπλων
2734 670 2833 734 τὰς
2875 669 3092 741 μορφὰς
3137 669 3599 742 προϐαλλόμεναι,
3646 672 3758 725 καὶ
3810 688 3888 724 πο

2365 761 2552 831 χρῆμα
2593 760 2688 814 τοῦ
2719 760 2875 814 τόνου
2905 761 3006 831 τῆς
3030 761 3285 834 ἀνδρείας
3311 761 3483 833 λήθην
3505 761 3880 832 ἐλάμϐανον,

2368 851 2541 923 θυμὸν
2596 855 2675 919 εἰς
2716 853 2906 925 ἡδονὴν
2951 853 3320 918 διαλύσαντες.
3354 856 3464 908 Καὶ
3500 855 3549 908 οἰ
3586 854 3699 925 μὲν
3737 851 3888 926 ἧσαι

2365 945 2597 1011 τούτοις,
2622 949 2682 1002 tv
2703 934 2790 1011 οἷς
2819 947 2966 1012 εἰκὸς
3003 943 3292 1011 εἶναιτοὺς
3325 950 3390 1018 τῇ
3420 947 3653 1018 ἀθέσμῳ
3686 946 3855 1018 μίξει

2368 1035 2679 1107 ἀλλοφύλων
2709 1036 3199 1110 ἑπιλυσσήσαντας.
3237 1037 3301 1089 Ἡ
3329 1036 3385 1089 δὲ
3416 1036 3555 1107 πρὸς
3587 1035 3656 1088 τὸ
3692 1036 3888 1089 κακὸν

2368 1128 2609 1200 κειότης,
2644 1129 2743 1201 τῆς
2767 1128 2863 1183 τοῦ
2896 1128 3103 1198 ἀγαθοῦ
3136 1127 3456 1199 συμμαχίας
3479 1127 3876 1200 ἀλλοτρίωσις

2369 1222 2529 1286 εὐθὺς
2577 1222 2687 1294 γάρ
2732 1223 2914 1283 αὐτοῖς
2950 1222 3331 1293 ἐξεπολεμώθη
3374 1221 3436 1275 τὸ
3472 1222 3668 1285 Θεῖον,
3727 1222 3864 1276 ἀλλ’

2368 1310 2649 1381 ἀνέμεινεν
2673 1314 2702 1365 ό
2728 1310 2974 1383 ζηλωτὴς
2998 1312 3182 1376 Φινεὲς
3221 1315 3286 1383 τῇ
3314 1311 3523 1365 ἀνωθεν
3554 1312 3741 1383 ψήφῳ
3773 1314 3888 1365 καθ

2370 1401 2527 1471 θῆναι
2550 1401 2648 1473 τὴν
2669 1402 2965 1473 ἁμαρτίαν·
2993 1402 3108 1455 ἀλλ’
3130 1403 3290 1467 αὐτὸς
3309 1403 3524 1471 ἐγένετο
3546 1402 3841 1473 δικαστὴς
3876 1403 3888 1456 ί

2370 1494 2464 1546 καὶ
2490 1493 2551 1564 δή
2562 1509 2699 1563 μιος.
2731 1492 2986 1564 Κινηθείς
3014 1494 3124 1565 γὰρ
3154 1494 3235 1558 εἰς
3256 1496 3357 1564 τὴν
3390 1494 3532 1547 κατὰ
3558 1493 3677 1547 τῶν
3705 1493 3888 1546 λελυσ

2370 1586 2541 1638 κότων
2564 1584 2754 1655 ὀργὴν,
2778 1583 2839 1637 τὸ
2860 1583 2959 1638 τοῦ
2983 1584 3173 1656 ἱερέως
3196 1585 3354 1655 ἔργον
3389 1583 3525 1654 ὲπλή
3536 1600 3751 1654 ρωσεν,
3785 1584 3888 1653 αἶμ

2370 1675 2672 1747 καθαρίσας
2697 1676 2792 1747 τὴν
2834 1676 3132 1748 ἁμαρτίαν,
3168 1676 3358 1746 αἵματι
3391 1677 3491 1729 οὐκ
3530 1675 3800 1729 ἀναιτίου
3834 1693 3888 1728 τι

2372 1766 2546 1832 (chon,
2592 1767 2684 1820 τοῦ
2736 1767 2902 1839 μηδὲν
2949 1770 3345 1838 μετεσχηκότος
3391 1766 3480 1820 τοῦ
3526 1767 3629 1836 τῆς
3669 1766 3888 1821 ἀκολαε

2374 1858 2710 1929 μιάσματος,
2737 1858 2872 1912 ἀλλὰ
2900 1858 3008 1912 τῶν
3031 1859 3089 1911 tv
3113 1858 3283 1930 κακία
3312 1856 3781 1928 συνεζευγμένων
3812 1859 3888 1911 άλ

2370 1949 2502 2014 λοις·
2537 1952 2623 2019 ἐφ’
2655 1943 2729 2004 ὧν
2768 1952 2802 2022 ἡ
2835 1949 3007 2021 αἰχμὴ
3046 1952 3166 2005 κατ’
3192 1949 3373 2003 αὐτῶν
3405 1949 3511 2003 τῶν
3555 1949 3656 2002 δύο
3697 1949 3888 2020 σωμά·

2369 2039 2713 2108 διεξελθοῦσα
2739 2042 3084 2111 κατεπράϋνε
3111 2040 3212 2110 τὴν
3244 2039 3345 2110 τῆς
3379 2038 3526 2103 θείας
3545 2038 3712 2108 δίκης
3738 2039 3888 2109 κίνηι

2371 2132 2451 2204 τῷ
2493 2132 2707 2203 θανάτῳ
2746 2132 2856 2186 τῶν
2893 2132 3291 2203 ἡμαρτηκότων
3334 2130 3435 2201 τὴν
3486 2130 3690 2201 ἡδονὴν
3739 2147 3888 2182 κατα

2373 2223 2532 2288 ξασα.
2570 2227 2730 2277 Δοκεῖ
2752 2224 2810 2277 δέ
2851 2240 2940 2296 μοι
2972 2223 3285 2294 συμϐουλήν
3313 2240 3437 2278 τινα
3461 2222 3773 2293 ψυχωφελῆ
3810 2241 3888 2277 κα

2372 2313 2614 2368 τίθεσθαι
2649 2318 2762 2378 τοῖς
2802 2314 3110 2387 ἀνθρώποις
3151 2317 3184 2386 ἡ
3230 2315 3472 2384 ἱστορία,
3510 2315 3579 2367 δι’
3615 2310 3689 2387 ἧς
3723 2315 3888 2368 διδασ

2376 2407 2534 2478 μεθα,
2563 2407 2645 2460 ὅτι
2676 2405 2882 2460 πολλῶν
2904 2408 3072 2459 ὅντων
3100 2406 3309 2469 παθῶν,
3334 2405 3370 2459 ἃ
3389 2408 3513 2469 τοὺς
3535 2406 3854 2476 λογισμοὺς
3879 2426 3888 2441 ν

2371 2497 2676 2571 ἀνθρώπων
2700 2500 3152 2568 καταγωνίζεται,
3182 2500 3438 2569 ούδεμίαν
3464 2499 3584 2551 καθ’
3622 2499 3795 2568 ἡμῶν
3826 2500 3888 2569 Esi

2371 2589 2560 2660 ἕτερον
2588 2588 2758 2653 πάθος
2802 2589 2915 2659 εχει
2944 2590 3235 2659 τοσαύτην,
3278 2590 3354 2651 ὠς
3380 2589 3517 2661 πρὸς
3548 2588 3650 2659 τὴν
3685 2589 3851 2641 νόσον
3885 2610 3888 2620 ’

2374 2683 2568 2753 ἡδονῆς
2646 2679 3009 2747 ὲξισάζεσθαι.
3034 2682 3106 2734 Τὸ
3118 2682 3227 2753 γὰρ
3246 2680 3455 2753 ἀθρόως
3472 2681 3598 2744 τοὺς
3630 2680 3883 2751 ’ῐσραηλί

2372 2773 2633 2835 ἐκείνους,
2665 2772 2792 2836 τοὺς
2839 2774 2932 2827 καί
2964 2773 3064 2842 τῆς
3107 2772 3413 2841 Αἰγυπτίας
3458 2773 3629 2826 ἵππου
3683 2771 3885 2841 κρείττ

2373 2863 2808 2936 ὲπιδειχθέντας,
2842 2866 2934 2918 καὶ
2969 2864 3074 2918 τῶν
3133 2864 3512 2936 Ἀμαληκιτῶν
3550 2864 3888 2934 ύπερσχόντε

2375 2957 2469 3011 καὶ
2513 2956 2590 3029 τῷ
2634 2958 2748 3029 μετ’
2785 2957 2982 3020 αὐτοὺς
3033 2956 3174 3010 ἔθνει
3228 2957 3491 3029 φοϐεροὺς
3537 2956 3833 3025 φανέντας,
3884 2973 3888 3005 :

687 3059 1030 3121 utexpertes
1080 3050 1263 3105 omnis
1295 3048 1421 3104 mali
1456 3049 1654 3109 simus,
1702 3046 1944 3117 quandiu
1981 3044 2051 3099 ab
2077 3060 2140 3099 ea
2190 3058 2268 3109 re,

2386 3052 2525 3124 μετὰ
2575 3051 2746 3107 ταῦτα
2799 3053 2898 3122 τῆς
2935 3050 3042 3104 τῶν
3092 3049 3451 3105 Μαδιανιτῶν·
3489 3047 3888 3119 ύπερισχύσαν⁴

687 3159 810 3214 qua:
845 3144 1159 3199 incendium
1205 3141 1431 3204 excitat,
1483 3141 1679 3195 remoti
1718 3139 1987 3195 fuerimus
2022 3155 2035 3191 :
2067 3137 2151 3192 sin
2210 3136 2274 3192 ad

689 3237 837 3290 illam
883 3218 1304 3298 accesserimus,
1358 3234 1438 3289 sic
1483 3240 1542 3286 ut
1590 3232 1791 3287 ardens
1834 3231 1927 3285 ille
1974 3230 2128 3284 calor
2176 3244 2275 3285 nos

691 3327 946 3397 attingat,
981 3333 1096 3380 tum
1134 3327 1315 3381 sinum
1367 3332 1617 3380 nostrum
1670 3322 1990 3394 cupiditatis
2022 3320 2163 3392 ignis
2195 3321 2276 3375 in-

689 3418 868 3480 vadet,
903 3426 1069 3487 atque
1105 3417 1177 3471 ita
1209 3415 1470 3485 deinceps
1500 3414 1737 3478 eveniet,
1766 3420 1826 3465 ιιι
1848 3421 1901 3465 et
1930 3428 2026 3481 pes
2061 3419 2273 3476 uratur,

691 3515 745 3561 et
782 3508 925 3562 sinu)
966 3517 1160 3563 nostro
1208 3517 1356 3562 certa
1402 3506 1675 3577 pernicies
1716 3503 1995 3558 aﬂcratnr.

2380 3142 2677 3213 φάλαγγος,
2719 3141 2957 3204 τούτους,
2993 3139 3128 3212 όμοῦ
3156 3143 3221 3211 τῇ
3257 3139 3353 3211 θέᾳ
3382 3139 3490 3194 τῶν
3523 3137 3844 3206 ἀλλοφύλων
3879 3156 3886 3167 ι

2377 3233 2582 3287 ναικῶν
2612 3231 3095 3303 ,καταδουλωθῆναι
3131 3233 3199 3303 τῇ
3231 3231 3389 3302 νόσῳ·
3431 3231 3582 3285 οὐδὲν
3620 3231 3835 3301 ἕτερον,
3874 3248 3886 3282 ι

2378 3319 2486 3383 θὼς
2518 3320 2768 3391 εἴρηται,
2798 3320 3090 3384 δείκνυσιν,
3137 3320 3171 3390 ἢ
3204 3320 3265 3374 τὸ
3301 3320 3575 3392 δύσμαχόν
3601 3337 3663 3373 τε
3692 3316 3834 3373 εἶναι
3874 3337 3886 3371 ι

2376 3411 2876 3481 δυσανταγώνιστον
2903 3412 3160 3482 πολέμιον
3190 3411 3348 3483 ἡμῶν
3373 3412 3469 3482 τὴν
3497 3412 3712 3482 ἡδονήν.
3752 3410 3826 3463 ¹Ἡ
3860 3427 3886 3461 τ

2375 3501 2656 3574 ἀηττήτων
2696 3506 2809 3566 τοῖς
2839 3504 3023 3567 ὅπλοις
3054 3504 3190 3575 ὁμοῦ
3227 3504 3304 3574 τῷ
3333 3504 3566 3573 φανῆναι
3614 3519 3886 3573 κατακραι

692 3616 852 3665 σασα,
897 3602 959 3655 τδ
986 3602 1088 3672 τῆς
1130 3602 1356 3673 ἀτιμίας
1391 3602 1581 3671 ἤγειρε
1625 3600 1747 3653 κατ’
1784 3598 1965 3652 αὐτῶν
1996 3596 2408 3669 τρόπαιον,ύώ
2457 3599 2697 3670 μάρτυρι
2748 3598 2827 3670 τῷ
2881 3601 3023 3669 φωτὶ
3074 3599 3172 3670 τὴν
3217 3599 3477 3670 αἰσχύνην
3542 3599 3721 3653 αὐτῶν
3779 3598 3885 3668 στη

689 3692 945 3749 τεύσασα.
987 3697 1322 3767 Βοσκήματα
1350 3694 1458 3765 γὰρ
1486 3694 1554 3747 δι’
1583 3693 1779 3763 ἑαυτῆς
1803 3694 1930 3755 τοὺς
1957 3690 2280 3763 ἀνθρώπους
2310 3690 2614 3758 ἀπέδειξεν,
2643 3692 2738 3756 οὓς
2766 3696 2797 3764 ἠ
2829 3692 3108 3765 κτηνὼδης
3138 3694 3231 3747 καὶ
3270 3693 3459 3760 ἄλογος
3520 3692 3656 3765 πρὸς
3683 3693 3781 3766 τὴν
3836 3695 3886 3747 ἀι

690 3786 880 3841 λασίαν
936 3789 1078 3861 ὁρμὴ
1125 3786 1449 3843 ἐκλαθέσθαι
1492 3787 1590 3849 τῆς
1640 3785 1990 3857 ἀνθρωπίνης
2030 3786 2287 3838 ἀνέπεισε
2333 3785 2567 3854 φύσεως
2602 3785 2723 3857 μηδ’
2748 3785 3253 3858 ἐπικρυπτομένους
3276 3787 3335 3839 τὸ
3362 3786 3514 3854 ἄγος,
3576 3787 3693 3841 ἀλλ’
3744 3789 3886 3858 ἐμπο

691 3880 952 3947 πεύοντας
983 3884 1048 3953 τῇ
1096 3880 1290 3951 ἀτιμία
1321 3878 1415 3932 τοῦ
1452 3878 1677 3941 πάθους,
1714 3878 1808 3931 καὶ
1868 3876 2444 3945 ὲγκαλλωπιζομένους
2508 3877 2587 3947 τῷ
2628 3878 2726 3948 τῆς
2784 3878 3048 3948 αἰσχύνης
3104 3878 3393 3949 μιάσματι,
3443 3879 3585 3932 συῶν
3633 3880 3785 3951 δίκην
3825 3883 3886 3935 άν

692 3978 885 4048 φανδδν
927 3979 983 4031 tv
1035 3978 1153 4039 ταῖς
1199 3975 1441 4046 ἀλλήλων
1471 3974 1624 4043 ὂψεσι
1671 3972 1751 4042 τῷ
1787 3973 1884 4043 τῆς
1928 3972 2267 4044 ἀκαθαρσίας
2302 3971 2547 4045 βορϐόρῳ
2594 3973 3124 4044 ἑγκαλινδουμένους.
3185 3974 3251 4026 Τί
3276 3971 3368 4028 οὖν
3395 3974 3472 4044 τῷ
3494 3974 3788 4045 διηγήματι
3831 3994 3886 4028 πε

691 4072 991 4143 δευόμεθα;
1065 4071 1125 4124 τὸ
1164 4070 1449 4147 μαθόντας
1498 4070 1644 4139 ἡμᾶς
1693 4067 1825 4138 ὅσην
1878 4069 2030 4137 ἰσχὺν
2090 4068 2228 4139 πρὸς
2272 4068 2333 4121 τὸ
2384 4068 2726 4141 κακόνὴτῆς
2751 4069 2946 4140 ἡδονῆς
2969 4068 3080 4139 ἔχει
3100 4069 3273 4132 νόσος,
3305 4068 3380 4132 ὡς
3401 4070 3483 4122 ὅτι
3515 4068 3741 4139 μάλιστα
3768 4069 3886 4140 πόρε

690 4165 785 4219 τοῦ
821 4164 1061 4218 τοιούτου
1108 4162 1497 4231 γειτονήματος
1541 4160 1632 4211 τὸν
1677 4157 1887 4211 ἑαυτῶν
1939 4156 2247 4221 ἀποικίζειν
2303 4158 2450 4229 βίον·
2504 4160 2580 4223 ὡς
2621 4159 2686 4214 ἂν
2729 4161 2800 4231 μή
2860 4175 2983 4213 τινα
3021 4158 3251 4228 πάροδον
3283 4159 3402 4212 καθ’
3438 4160 3592 4230 ἡμῶν
3621 4159 3812 4231 λάϐῃὴ
3865 4179 3886 4212 ν

695 4275 803 4322 σος,
843 4251 951 4311 οἷόν
971 4272 1025 4309 τι
1060 4254 1172 4324 πῦρ
1200 4254 1286 4307 διὰ
1312 4253 1405 4306 τοῦ
1436 4250 1841 4322 προσεγγισμοῦ
1872 4249 1969 4320 τὴν
1997 4250 2239 4321 πονηράν
2282 4250 2453 4322 φλόγα
2496 4253 2988 4323 κατεργαζόμενον.
3030 4250 3201 4304 Τοῦτο
3250 4251 3356 4322 γὰρ
3388 4250 3622 4305 διδάσκει
3674 4252 3840 4315 λέγων

692 4351 759 4420 τῇ
782 4347 953 4420 Σοφίᾳ
1003 4346 1274 4419 Σολομὼν,
1326 4345 1399 4416 μὴ
1431 4343 1716 4414 ἐπιψαύειν
1763 4341 1856 4395 τοῦ
1905 4340 2174 4411 ἄνθρακος
2243 4342 2432 4414 γυμνῷ
2487 4344 2567 4415 τῷ
2596 4343 2735 4409 ποδὶ,
2780 4346 2916 4414 μήτε
2946 4342 3003 4396 δὲ
3031 4341 3142 4412 πῦρ
3166 4341 3241 4411 τῷ
3291 4342 3474 4412 κόλπῳ
3528 4342 3886 4395 ἐναποτίοεσθο

694 4437 769 4501 ὡς
802 4442 858 4492 tv
885 4440 1015 4509 ἡμῖν
1051 4437 1111 4491 ὃν
1152 4439 1209 4490 tv
1248 4436 1486 4509 ἀπαθείᾳ
1517 4436 1717 4507 μένειν,
1755 4435 1859 4497 ἕως
1893 4436 1958 4487 ἂν
1996 4433 2279 4505 πόρρωθεν
2321 4430 2472 4505 ὦμεν
2532 4436 2622 4490 τοῦ
2686 4436 3097 4499 ύπεκκαίοντος·
3137 4434 3267 4487 εἰδὲ
3300 4437 3418 4487 κατ’
3474 4436 3603 4488 αύτὸ
3643 4435 3883 4506 γενοίμεθ

618 4572 625 4575 .
696 4531 770 4594 ὡς
818 4528 1113 4599 ἐπιψαῦσαι
1159 4528 1259 4598 τῆς
1308 4527 1561 4591 διακαοῦς
1609 4527 1811 4598 ταύτης
1867 4524 2231 4597 θερμότητος,
2290 4528 2576 4597 ὲγκόλπιον
2625 4527 2685 4582 τὸ
2731 4527 2841 4600 πῦρ
2879 4528 2979 4598 τῆς
3012 4525 3305 4597 ἐπιθυμίας
3339 4527 3639 4597 γενήσεται,
3666 4527 3749 4580 καί
3773 4527 3884 4583 οὔτι

697 4620 1120 4691 ἐπακολουθήσει
1146 4621 1239 4673 καὶ
1264 4619 1342 4689 τῷ
1370 4619 1490 4672 ποδὶ
1517 4621 1549 4690 ἡ
1584 4618 1797 4681 καῦσις,
1830 4619 1921 4669 καὶ
1952 4618 1985 4688 ἡ
2015 4616 2282 4689 διαφθορά
2313 4618 2388 4689 τῷ
2413 4618 2619 4690 κόλπῳ.

770 4712 825 4767 In
862 4710 1155 4781 Evangelio
1200 4726 1418 4781 quoque
1450 4709 1735 4774 Dominus,
1793 4717 1852 4762 ut
1886 4710 2045 4780 longe
2071 4708 2140 4762 ab
2176 4709 2277 4763 hac
2311 4716 2353 4769 Ι)

698 4818 800 4858 nos
841 4808 994 4871 peste
1045 4796 1362 4865 abduceret,
1422 4800 1773 4867 cupiditatem
1808 4801 2007 4870 ipsam,
2044 4815 2165 4870 quae
2195 4800 2279 4853 vi-

699 4894 879 4950 dendo
940 4894 1181 4960 irrepere
1234 4893 1415 4956 solet,
1476 4892 1630 4962 quasi
1684 4892 1923 4947 radicem
1984 4892 2280 4963 voluptatis

698 4985 922 5049 evulsit,
970 4984 1267 5040 ostendens
1327 4998 1433 5037 non
1485 4998 1609 5037 esse
1666 4984 2071 5053 suscipiendam
2125 4984 2281 5053 cupi—

700 5078 929 5133 ditatem
964 5077 1106 5137 visu.
1162 5092 1280 5146 qum
1308 5075 1373 5129 ad
1403 5082 1583 5129 actum
1631 5074 1808 5146 ipsum
1841 5075 2157 5144 planissima
2191 5076 2279 5129 via

700 5176 806 5223 est.
865 5165 999 5221 Nam
1060 5167 1401 5238 perniciosus
1451 5166 1636 5221 omnis
1692 5167 1915 5221 morbus
1958 5167 2281 5237 pestilentia}

701 5276 876 5324 more,
932 5261 978 5315 si
1028 5261 1195 5316 semel
1235 5259 1551 5331 principalia
1605 5249 1959 5329 occupaverit
2012 5263 2278 5325 membra,

703 5356 819 5410 sola
851 5361 1027 5409 morte
1049 5354 1290 5408 sedatur.
1326 5351 1430 5409 Sed
1455 5354 1691 5425 longiori
1712 5354 1959 5408 oratione
1993 5367 2134 5423 opus
2157 5367 2279 5407 esse

704 5462 811 5501 non
860 5446 1116 5509 arbitror,
1154 5455 1211 5499 ιιι
1244 5445 1409 5499 vitam
1444 5445 1614 5517 Moysi
1663 5453 1833 5499 totam
1885 5444 1939 5498 in
1971 5443 2276 5513 exemplum

705 5534 921 5592 virtutis
968 5537 1263 5593 lectoribus
1306 5536 1619 5593 aderamus.
1652 5535 1784 5590 Nam
1816 5535 1861 5591 si
1894 5534 2018 5605 quis
2048 5534 2115 5588 ad
2147 5534 2277 5590 sub-

798 5721 840 5753 ⁸⁰
860 5720 1027 5779 Eccli.
1059 5736 1182 5787 vni,
1217 5720 1303 5777 ιδ.

2465 4711 2551 4764 Ἐν
2594 4710 2650 4764 δὲ
2680 4710 2757 4783 τῷ
2796 4709 3111 4781 Εύαγγελίῳ
3139 4710 3167 4763 ό
3195 4702 3508 4781 Κύριος“τῇ
3542 4709 3641 4782 ἰδίᾳ
3670 4714 3827 4781 φωνῇ,
3860 4712 3884 4762 (ἶ

2383 4803 2448 4858 ἂν
2480 4803 2762 4876 πόρρωθεν
2808 4800 3215 4872 φυλαχθείημεν
3248 4800 3340 4854 τοῦ
3379 4800 3615 4854 τοιούτου
3643 4801 3818 4866 κακοῦ,
3846 4821 3878 4856 κ

2380 4895 2558 4966 θάπερ
2586 4894 2705 4969 τινὰ
2737 4894 2891 4964 ῥίζαν
2920 4890 3014 4945 τοῦ
3055 4891 3259 4955 πάθους
3284 4890 3383 4961 τὴν
3416 4890 3503 4944 διὰ
3548 4890 3634 4944 τοῦ
3667 4890 3778 4943 ἰδεῖν
3820 4895 3884 4946 ἐπ

2382 4985 2581 5055 θυμίαν
2631 4984 2852 5053 ἐξέτεμε
2877 5023 2891 5049 ,
2922 4981 3209 5043 διδάσκων,
3250 4980 3331 5033 ὅτι
3377 4982 3404 5033 ό
3432 4983 3496 5049 τῇ
3539 4980 3649 5050 bal/tt
3687 4980 3739 5033 τὸ
3769 4982 3884 5035 πάθη

2383 5074 2854 5146 παραδεξάμενος,
2903 5073 3020 5126 ὁδὸν
3064 5071 3245 5125 δίδωσι
3292 5073 3410 5125 κατ’
3446 5070 3635 5125 ἑαυτοῦ
3677 5074 3732 5142 τῇ
3772 5073 3884 5142 vdae

2386 5165 2469 5219 Τά
2499 5164 2609 5257 γὰρ
2641 5162 2853 5235 πονηρὰ
2877 5161 2985 5215 τῶν
3011 5160 3373 5231 παθημάτων,
3401 5160 3586 5231 λοιμοῦ
3612 5159 3760 5231 δίκην,
3789 5163 3881 5215 ἐπε

2385 5257 2481 5311 δᾶν
2500 5251 2645 5324 ἅπαξ
2664 5257 2771 5309 τῶν
2794 5256 3023 5327 καιρίων
3042 5254 3451 5327 κατακρατήσῃ,
3469 5251 3548 5323 τῷ
3562 5252 3746 5322 θανάτῳ
3766 5254 3884 5307 mnis

2384 5367 2473 5403 ται
2538 5347 2701 5420 μόνῳ.
2760 5345 2900 5398 Ἀλλ’
2934 5338 3095 5397 ὀὐδὲν
3142 5339 3294 5414 οἶμαι
3344 5344 3540 5413 χρῆναι
3580 5342 3804 5414 μηκύνειν
3839 5346 3884 5398 τί

2383 5442 2562 5511 λόγον,
2614 5439 2791 5494 πάντα
2846 5437 2939 5491 τοῦ
2991 5434 3270 5499 Μωῢσέως
3321 5434 3411 5487 τὸν
3465 5433 3577 5504 βίον
3624 5435 3691 5495 είς
3738 5433 3884 5502 ἀρετί

2388 5534 2693 5605 ὑπόδειγμα
2738 5529 3089 5604 προτιθέντας
3129 5529 3240 5591 τοῖς
3295 5526 3684 5597 ἐντυγχάνουσι.
3713 5523 3794 5598 Τῷ
3821 5527 3884 5595 γά
