4054 6436
293 99 380 155 εὲθ

290 210 471 274 πᾶνων,
501 209 533 261 ό
567 209 848 278 στέφανος.
899 204 1056 260 Οὕτω
1089 193 1186 259 καῖ
1209 204 1304 274 τῆς
1341 202 1553 273 ὑψηλῆς
1584 202 1859 265 πολιτείας
1885 212 1932 267 Α

286 301 440 365 τέλος,
490 297 552 351 τὸ
595 298 861 370 κληθῆναι
892 297 1108 366 οἰκέτην
1145 293 1280 348 Θεοῦ
1318 312 1332 326 ·
1369 287 1413 361 ᾧ
1447 293 1852 365 συνθεωρεῖται,

289 393 338 445 τὸ
384 393 457 462 μὴ
501 391 885 461 ὑποχωσθῆναι
920 387 1000 458 τῷ
1036 387 1229 458 τύμϐῳ
1268 403 1284 419 ⁸
1317 385 1474 440 τοῦτο
1502 387 1559 439 δέ
1614 387 1728 439 ἐστι
1751 428 1765 452 ,
1796 386 1856 439 τὸ

285 485 486 554 γυμνήν
542 500 603 534 τε
643 483 738 535 καὶ
786 482 1075 552 ἀπέριττον
1118 479 1228 532 τῶν
1284 478 1536 549 πονηρῶν
1591 477 1856 548 ἐφολκίων

285 575 367 642 τὴν
399 572 544 643 ζωὴν
592 571 865 639 γενέσθαι.
895 571 1005 639 Τῆς
1034 569 1090 623 δὲ
1122 567 1365 632 δουλείας
1386 559 1587 639 ταύτης
1617 568 1713 621 καὶ
1741 568 1857 620 ’έτε-

1599 88 1688 142 DE
1727 88 1884 143 VlTA
1923 89 2194 144 MUYSIS.

3422 100 3528 160 £50

1963 203 2308 258 tenebrarum
2348 201 2623 274 caligabit,
2661 219 2891 276 quarum
2921 210 3148 266 omnino
3185 225 3380 282 expers
3413 217 3532 268 est?

1958 302 2012 348 et
2048 291 2141 362 qui
2185 293 2353 346 vitam
2409 293 2673 364 integram
2711 311 2926 368 semper
2979 309 3198 358 secutus
3241 314 3346 369 est,
3392 319 3534 373 quo-

1962 384 2125 437 modo
2176 387 2595 454 corrumpetur?
2637 385 2772 442 Nam
2823 404 2945 444 cum
2983 391 3050 445 ad
3100 393 3389 464 imaginem
3434 392 3533 449 Dei

1957 488 2084 528 vere
2118 473 2298 530 factus
2327 477 2419 540 sit,
2447 492 2548 532 nec
2576 493 2813 547 unquam
2847 495 2878 534 a
2897 481 3079 536 divina
3109 482 3281 537 forma
3303 483 3532 554 degene-

1959 566 2184 633 raverit,
2222 567 2275 621 in
2311 569 2489 638 seipso
2531 578 2708 640 gestat
2734 570 2954 637 indicia,
2989 581 3152 644 atque
3191 575 3244 628 in
3277 576 3533 632 omnibus

284 681 362 735 ρον
403 663 696 733 γνώρισμά
744 679 908 731 φησιν
956 663 984 713 ὁ
1023 660 1214 728 λόγος,
1262 659 1325 712 τὸ
1379 662 1515 731 μήτε
1573 657 1852 730 ὀφθαλμὸν

1960 656 2317 713 similitudine
2347 675 2470 713 cum
2515 662 2812 732 exemplari
2859 666 3134 727 convenit,
3183 666 3534 736 animumque

283 753 684 824 ἀμαυρωθῆναι,
730 753 867 822 μήτε
911 751 1200 822 πρόσωπον
1235 735 1616 822 διαφθαρῆναι.
1655 749 1712 803 '0
1743 749 1852 820 γὰρ

1960 762 2120 802 suum
2167 750 2703 824 incorruptibilitate,
2755 755 3216 823 immutabilitate,
3263 765 3424 828 atque
3465 759 3534 812 ab

284 849 327 898 ἐν
357 845 498 911 φωτὶ
528 843 616 896 διὰ
665 842 867 905 παντὸς
903 840 977 894 ὢν
1007 840 1282 910 ὀφθαλμὸς
1301 881 1314 905 ,
1351 840 1467 904 πῶς
1503 839 1567 894 ἂν
1596 841 1855 910 ἀμαυρω-

1961 840 2215 895 omnibus
2249 842 2394 897 vitiis
2446 844 2793 900 immunitate
2827 848 3178 902 condecorat.

285 935 488 1005 θήσεται
513 934 603 987 διὰ
635 933 732 986 τοῦ
778 934 1020 998 σκότους,
1061 927 1122 988 οῦ
1152 933 1541 1004 ἡλλοτρίωται;
1591 933 1735 985 καὶὸ
1768 931 1865 1001 τὴν
1911 931 2220 1002 ἀφθαρσίαν
2263 936 2319 987 ἐν
2354 936 2505 1009 πάσῃ
2559 939 2625 1008 τῇ
2689 936 2799 1008 ζωῇ
2864 938 3234 1009 κατορθώσας,
3278 937 3535 1005 οὐδεμίαν

287 1027 489 1090 παντως
536 1027 745 1095 φθορὰν
791 1028 876 1095 ἐφ’
939 1026 1131 1080 ἑαυτοῦ
1185 1027 1569 1099 παραδέχεται.
1623 1026 1682 1078 '0
1751 1025 1860 1096 γὰρ
1917 1024 2130 1095 ἀληθῶς
2183 1029 2303 1080 κατ’
2353 1030 2538 1083 εἰκόνα
2591 1030 2725 1082 Θεοῦ
2784 1031 3052 1100 γεγονὼς,
3115 1033 3211 1084 κα)⁸
3281 1032 3533 1103 μηδαμοῦ

284 1119 654 1190 παρατραπεὶς
701 1117 793 1171 τοῦ
828 1117 971 1170 θείου
1020 1117 1389 1189 χαρακτῆρος,
1434 1119 1546 1190 Ἷὲφ⁹
1599 1116 1792 1172 ἑαυτοῦ
1844 1116 1914 1168 τὰ
1959 1117 2314 1192 γνωρίσματα
2375 1119 2567 1190 φέρει,
2604 1121 2696 1174 καὶ
2745 1123 3030 1190 συμϐαίνει
3067 1123 3154 1177 διὰ
3205 1124 3422 1178 πάντων
3465 1126 3532 1195 τῇ

283 1213 523 1284 ὁμοιώσει
575 1213 710 1284 πρὸς
764 1213 826 1266 τὸ
871 1213 1196 1283 ἀρχέτυπον,
1238 1211 1607 1282 τῷ¹ἀφθάρτῳ
1648 1229 1707 1264 τε
1747 1211 1840 1264 καὶ
1868 1211 2228 1284 ἀναλλοιώτῳ,
2305 1215 2396 1267 καὶ
2467 1216 2645 1286 πάσης
2697 1216 2888 1286 ἀμιγεῖ
2929 1217 3124 1281 κακίας
3148 1217 3244 1288 τὴν
3285 1217 3420 1270 ίδίαν
3440 1215 3534 1284 ψυ-

283 1306 365 1376 χὴν
393 1304 776 1368 καλλωπίζων.

343 1399 530 1454 Ταῦτά
561 1416 664 1464 σοι,
690 1393 736 1452 ὧ
791 1397 1044 1469 ἄνθρωπε
1090 1397 1247 1465 Θεοῦ,
1291 1400 1420 1472 περὶ
1467 1401 1566 1472 τῆς
1606 1399 1700 1452 τοῦ
1745 1399 1857 1469 βίου

2033 1394 2159 1450 Ilaec
2201 1394 2370 1450 habes
2397 1395 2465 1450 de
2491 1395 2617 1450 vitae
2650 1393 2984 1466 perfectione
3013 1409 3137 1450 cum
3171 1393 3386 1453 virtutis
3416 1398 3534 1454 lau-

284 1490 358 1544 τοῦ
416 1490 544 1544 κατ’
593 1489 793 1560 ἀρετὴν
828 1489 1184 1558 τελειότητος,
1226 1492 1531 1562 Καισάριε,
1567 1493 1594 1544 ὁ
1649 1491 1854 1562 βραχὺς

1960 1487 2022 1544 de
2076 1487 2360 1550 traductae,
2409 1487 2573 1541 homo
2630 1486 2746 1551 Dei,
2797 1486 2997 1540 Caesari
3037 1525 3053 1551 ,
3097 1501 3274 1540 meum
3328 1489 3380 1541 in
3430 1490 3533 1543 hac

290 1580 426 1651 ἡμῶν
454 1575 611 1641 οὗτος
632 1578 946 1632 ὑποτίθεται
979 1579 1156 1647 λόγος,
1191 1574 1305 1634 οἷόν
1336 1598 1388 1633 τι
1417 1581 1771 1652 πρωτότυπον
1796 1582 1854 1632 ὲν

1960 1579 2108 1640 brevi
2157 1577 2408 1632 oratione
2436 1575 2746 1645 judicium:
2784 1590 2908 1630 nam
2954 1585 3211 1646 tanquam
3253 1581 3533 1650 exemplar

291 1675 454 1742 μορὲᾗ
508 1671 758 1734 κάλλους,
795 1671 887 1723 τὸν
918 1669 1014 1726 τοῦ
1059 1672 1294 1742 μεγάλου
1329 1673 1570 1735 Μωσέως
1617 1670 1856 1742 ὑπογρά-

1960 1667 2226 1739 quoddam
2272 1665 2626 1737 perfectionis
2681 1665 2846 1719 vitam
2892 1663 3065 1734 Moysi
3117 1665 3530 1735 descripsimus,

289 1763 444 1831 ᾠαντα
480 1763 630 1832 βίον·
662 1763 746 1830 ἐφ’
861 1765 984 1826 τοὺς
1021 1764 1140 1817 καθ’
1179 1763 1409 1816 ἕκαστον
1439 1763 1595 1834 ἡμῶν
1635 1762 1722 1815 διὰ
1756 1762 1854 1831 τῆς

288 1853 374 1906 τῶν
404 1853 861 1924 ἐπιτηδευμάτων
909 1853 1192 1923 μιμήσεως
1225 1855 1283 1906 ὲν
1331 1854 1544 1915 ἑαυτοῖς
1583 1851 1856 1922 μεταγρά-

292 1963 389 2012 φειν
415 1943 513 1997 τοῦ
544 1943 954 2014 προδειχθέντος
978 1945 1109 2014 ἡμῖν
1134 1943 1362 2007 κάλλους
1385 1944 1476 1996 τὸν
1503 1943 1849 2014 χαρακτῆρα.

291 2036 377 2089 Τοῦ
404 2036 518 2105 γὰρ
558 2035 982 2106 κατωρθωκέναι
1019 2036 1111 2088 τὸν
1143 2036 1345 2089 Μωσέα
1374 2036 1472 2106 τὴν
1501 2035 1855 2104 ἐνδεχομένην

290 2129 628 2200 τελειότητα,
682 2128 768 2190 τίς
820 2128 897 2181 ἂν.
937 2129 1071 2198 ἡμῖν
1119 2127 1555 2198 ἀξιοπιστότερος
1606 2125 1854 2197 εὑρεθείη

293 2221 484 2290 μάρτυς
537 2219 642 2288 τῆς
691 2217 844 2280 θείας
883 2219 1085 2288 φωνῆς,
1125 2219 1160 2288 ἦ
1192 2235 1325 2290 φησι
1376 2218 1512 2290 πρὸς
1549 2217 1742 2270 αὐτόν’
1775 2219 1856 2270 ὅτι

298 2301 528 2370 ιἘγνων
542 2305 600 2358 σὲ
623 2306 774 2378 παρά
817 2307 1232 2372 πάντας;›ὰλλὲι
1261 2307 1356 2360 καὶ
1385 2307 1445 2360 τὸ
1497 2307 1648 2376 φίλον
1695 2305 1856 2358 αὑτὸν

289 2398 640 2467 ὀνομασθῆναι
673 2396 808 2449 Θεοῦ
847 2399 972 2466 παρ’
1002 2395 1163 2449 αὑτοῦ
1196 2397 1289 2450 τοῦ
1317 2396 1451 2449 Θεοῦ
1472 2413 1485 2427 ’
1522 2397 1615 2448 καὶ
1643 2395 1705 2448 τὸ
1731 2412 1856 2448 συν-

291 2490 572 2544 απλέσθαι
603 2488 801 2558 μᾶλλον
836 2488 1085 2556 ἑλόμενον
1130 2487 1268 2558 μετά
1304 2489 1540 2564 πάντων,
1569 2489 1617 2539 εί
1649 2484 1724 2557 μὴ
1758 2485 1855 2538 κὰ-

291 2583 487 2645 κείνοις,
526 2575 708 2649 ὲφόἴς
735 2579 1163 2650 ἐπλημμέλησαν
1198 2577 1444 2647 ἱλεωθείη
1475 2577 1540 2630 δι’
1573 2576 1858 2646 εὐμενείας

286 2672 337 2723 τὸ
356 2674 533 2735 Θείον,
574 2672 770 2740 στῆσαι
804 2669 944 2722 κατὰ
983 2670 1092 2722 τῶν
1136 2668 1486 2741 Ἰσραηλιτῶν
1519 2668 1618 2739 τὴν
1660 2667 1851 2739 ὀργὴν,

286 2763 368 2829 τὴν
410 2762 554 2814 ἰδίαν
585 2759 682 2812 τοῦ
733 2759 868 2812 Θεοῦ
918 2761 1096 2829 κρίσιν
1148 2758 1600 2831 παρατρέψαντος
1629 2761 1748 2822 ,ἵνα
1780 2758 1853 2830 μὴ

281 2849 488 2923 λυπήσῃ
526 2851 619 2903 τὸν
653 2850 826 2918 φίλον.
854 2850 965 2904 Καὶ
1001 2849 1179 2903 πάντα
1206 2849 1275 2902 τὰ
1305 2849 1544 2912 τοιαῦτα,
1579 2848 1855 2921 μαρτυρία

283 2940 443 3004 σαφής
483 2939 611 2989 ἐστι
661 2935 755 2989 καὶ
809 2935 1082 3002 ἀπόδειξις
1111 2935 1206 2990 τοῦ
1255 2938 1390 3008 πρὸς
1423 2937 1514 2990 τὸν
1557 2940 1854 3009 ἀκρότατον

278 3025 365 3094 τῆς
402 3026 748 3093 τελειότητος
779 3025 903 3094 ὅρον
937 3025 1330 3095 ἀναϐεϐηκέναι
1361 3026 1451 3078 τοῦ
1480 3027 1722 3091 Μωσέως
1765 3027 1856 3080 τὸν

275 3115 398 3181 βίον.
437 3117 602 3170 Ἐπεὶ
647 3113 741 3169 οὖν
774 3115 931 3168 τοῦτο
964 3116 1092 3185 παρ’
1121 3117 1278 3185 ἡμῶν
1323 3117 1383 3169 τὸ
1414 3117 1741 3188 ζητούμενον
1765 3113 1851 3187 ἦν,

271 3207 319 3258 τί
343 3207 403 3259 τὸ
439 3209 657 3260 τέλειον
691 3206 792 3273 τῆς
830 3206 1086 3276 ἐναρέτου
1143 3207 1416 3270 πολιτείας
1452 3208 1632 3278 ἐστίν·
1659 3207 1853 3278 εὑρέθη

263 3296 315 3349 δὲ
346 3299 433 3350 διὰ
495 3298 616 3352 τῶν
648 3299 952 3369 είρημένων
995 3297 1057 3350 τὸ
1087 3298 1288 3351 τέλειον
1309 3315 1322 3328 °
1354 3297 1474 3370 ὥρα
1509 3315 1613 3360 σοι,
1645 3293 1690 3352 ὦ
1737 3316 1858 3367 γεν-

265 3389 397 3454 mia,
438 3389 591 3458 πρὸς
623 3387 683 3439 τὸ
729 3386 1032 3457 ὑπόδειγμα
1064 3386 1302 3457 βλέπειν,
1339 3388 1433 3441 καὶ
1477 3387 1547 3440 τὰ
1571 3388 1638 3440 δι’
1666 3387 1857 3458 ὑψηλο-

253 3478 416 3545 τέρας
449 3479 766 3546 ἀναγωγῆς
793 3476 1135 3548 θεωρηθέντα
1177 3478 1304 3549 περὶ
1334 3477 1441 3530 τῶν
1464 3479 1750 3549 ίστορικῶς
1784 3480 1859 3532 εί⁶

257 3569 550 3636 ρημένων,
586 3568 688 3620 ἐπὶ
707 3568 799 3620 τὸν
825 3567 952 3621 ἴδιον
989 3569 1363 3639 μεταφέροντα
1393 3569 1524 3638 βίον,
1547 3569 1855 3640 γνωσθῆναί

244 3673 299 3708 τε
334 3659 446 3712 ὑπὸ
482 3658 676 3724 Θεοῦ,
705 3659 795 3711 καὶ
833 3659 985 3728 φίλον
1023 3659 1275 3727 γενέσθαι
1314 3659 1499 3714 αὑτοῦ.
1538 3660 1707 3714 Τοῦτο
1749 3661 1857 3733 γάρ

242 3748 388 3803 ἐστιν
424 3751 512 3814 ὡς
569 3750 794 3820 άληθῶς
838 3751 870 3820 ἡ
911 3750 1216 3821 τελειότης,
1249 3751 1308 3804 τὸ
1362 3751 1436 3821 μὴ
1478 3751 1857 3822 δουλοπρεπιῖκ

234 3837 390 3908 ςὸὄῳ
429 3841 744 3903 κολάσεως
778 3839 870 3892 τοῦ
907 3840 1048 3893 κατὰ
1096 3839 1294 3894 κακίαν
1339 3840 1451 3910 βίου
1484 3843 1852 3913 χωρίζεσθαι*

425 3934 503 4002 τῇ
571 3930 690 3984 τῶν
740 3931 946 3999 μισθῶν
993 3931 1169 3984 ἐλπίδι
1215 3933 1275 3984 τὸ
1331 3932 1536 4000 ἀγαθὸν
1592 3937 1855 4005 ἐνεργεῖν,

221 4022 732 4088 πραγματευτικῇ
783 4035 888 4071 τινι
941 4021 1034 4072 καὶ
1094 4018 1571 4090 συναλλαγματικῇ
1619 4016 1856 4074 διαθέσει

219 4111 853 4183 κατεμπσρευομένους
886 4110 987 4181 τῆς
1029 4111 1286 4182 ἐναρέτου
1322 4110 1466 4182 ζωῆς
1492 4128 1506 4142 ·
1542 4111 1654 4164 ἀλλ’
1683 4113 1854 4185 ὑπερ-

210 4198 446 4266 ιδόντας
509 4203 758 4256 πάντων
793 4201 884 4254 καὶ
909 4201 1018 4254 τῶν
1055 4204 1113 4254 ἐν
1154 4201 1511 4271 ἐπαγγελίαις
1553 4203 1621 4256 δι’
1646 4203 1856 4268 ἐλπίδος

208 4287 673 4361 ἀποκειμένων,
707 4290 866 4362 μόνον
910 4291 1158 4361 ἡγεῖσθαι
1193 4291 1444 4362 φοὸερδν,
1471 4291 1528 4345 τὸ
1557 4293 1654 4364 τῆς
1677 4294 1857 4362 φιλίας

203 4380 302 4433 τοῦ
327 4382 494 4438 Θεσῦ
537 4385 844 4437 ἑκπεσείνο
879 4384 973 4435 καὶ
1005 4385 1165 4453 μόνον
1187 4383 1366 4452 τίμιόν
1392 4401 1449 4438 τε
1482 4384 1577 4438 καὶ
1595 4385 1858 4457 ἐράσμιον

199 4473 440 4540 ἑαυτοῖς
488 4479 747 4548 κρῖναι,
787 4475 847 4528 τὸ
887 4476 1039 4544 φίλον
1094 4477 1342 4544 γενέσθαι
1387 4477 1543 4553 Θεῷ·
1599 4479 1734 4549 ὅπερ
1784 4480 1922 4547 ἐστὶ,

1884 2733 1926 2793 C

1890 4071 1934 4125 Β

1953 1778 2021 1816 ex
2065 1776 2169 1831 qua
2208 1760 2506 1829 unicuique
2540 1766 2785 1813 nostrum
2824 1773 2920 1827 per
2951 1757 3326 1812 institutorum
3355 1759 3533 1812 imita-

1955 1853 2157 1906 tionem
2198 1852 2252 1904 iu
2285 1865 2343 1905 se
2375 1857 2689 1904 monstratae
2730 1847 2894 1916 hujus
2936 1847 3362 1916 pulchritudinis
3397 1849 3533 1902 cha-

1957 1950 2167 1994 ractera
2189 1938 2481 2008 depingere
2505 1937 2707 1994 licebit.
2737 1936 2893 2003 Quod
2926 1944 3107 1992 autem
3137 1936 3528 2007 perfectionem

1958 2029 2169 2084 homini
2219 2028 2536 2098 possibilem
2591 2027 2809 2100 Moyses
2853 2039 3140 2084 assecutus
3189 2037 3293 2094 est,
3336 2028 3535 2086 divina

1958 2122 2110 2177 vocis
2141 2120 2453 2176 testimonio
2481 2120 2797 2190 perhibetur
2823 2139 2836 2174 :
2870 2139 2888 2173 ι
2921 2121 3159 2191 Cognovi
3184 2130 3256 2189 te,
3282 2141 3302 2174 ι
3332 2122 3530 2193 inquit,

1961 2229 1981 2262 c
2022 2221 2214 2282 przeter
2251 2226 2440 2266 omnes
2477 2212 2542 2264 ⁸³.
2582 2231 2599 2262 ›
2639 2211 2881 2278 Accedit,
2916 2212 3061 2280 quod
3094 2213 3303 2268 amicus
3333 2213 3424 2268 Dei
3465 2213 3534 2267 ab

1960 2303 2081 2372 ipso
2123 2301 2233 2357 Deo
2285 2308 2636 2371 nuncupatus
2669 2309 2773 2356 est.
2814 2301 3088 2357 Praeterea
3137 2319 3259 2358 cum
3294 2306 3532 2373 peccatis
3567 2355 3570 2359 ,

1961 2392 2146 2462 populi
2185 2391 2333 2446 Deus
2363 2392 2537 2447 iratus
2567 2391 2751 2447 delere
2786 2393 3020 2447 voluerit
3057 2408 3269 2457 omnes,
3297 2409 3532 2464 cumque

1960 2481 2174 2554 Moyses
2201 2497 2307 2536 una
2337 2497 2460 2536 cum
2481 2483 2680 2552 popqu
2709 2484 2886 2552 perire
2906 2484 3177 2550 maluerit,
3208 2499 3370 2554 quam
3403 2487 3532 2541 abs-

1959 2589 2066 2643 que
2110 2573 2313 2643 populo
2349 2573 2563 2628 vivere:
2619 2581 2749 2626 tunc
2791 2571 2956 2636 Deus,
3003 2583 3062 2628 ut
3106 2575 3284 2630 amico
3326 2591 3532 2631 morem

1961 2675 2194 2737 gereret,
2247 2665 2498 2735 placatus
2527 2673 2653 2720 est:
2707 2681 2827 2732 qua:
2866 2665 3049 2719 omnia
3095 2663 3410 2734 ostendunt,
3464 2669 3532 2723 ad

1960 2759 2211 2813 humana:
2267 2755 2619 2828 perfectionis
2682 2758 2891 2826 apicem
2967 2757 3120 2811 illum
3189 2760 3528 2828 pervenisse.

1959 2845 2228 2913 Quoniam
2268 2859 2400 2917 ergo
2446 2844 2834 2916 perfectionem
2870 2847 3120 2900 humana:
3159 2847 3282 2901 vitae
3319 2862 3531 2917 quaere-

1958 2937 2177 3001 bamus,
2209 2952 2458 3006 eamque,
2508 2944 2567 2990 ut
2594 2937 2894 3006 potuimus,
2927 2937 3308 2992 adinvenimus
3347 2956 3360 2990 :
3394 2938 3533 2992 nihil

1955 3030 2066 3099 jam
2095 3035 2290 3091 restat,
2335 3027 2443 3082 nisi
2477 3035 2536 3081 ut
2580 3026 2646 3081 ad
2684 3027 2959 3096 exemplar
2989 3027 3132 3081 istud
3171 3028 3440 3092 vivamus,
3468 3043 3534 3082 ac

1959 3117 2252 3188 diligenter
2290 3131 2630 3186 quaecunque
2671 3117 2835 3170 altius
2875 3117 3148 3172 intellecta
3179 3117 3409 3172 historia
3435 3133 3536 3172 no-

1959 3212 2044 3276 bis
2069 3209 2378 3279 proposuit,
2412 3207 2480 3262 ad
2514 3208 2681 3262 vitam
2715 3208 3107 3264 transferentes
3133 3225 3162 3263 a
3197 3209 3306 3266 Deo
3334 3226 3537 3281 cogno-

1960 3318 2200 3365 scamur,
2253 3311 2308 3357 et
2354 3301 2514 3355 amici
2566 3299 2658 3354 Dei
2704 3301 3022 3355 efﬁciamur.
3077 3301 3135 3355 ld
3185 3303 3330 3356 enim
3383 3312 3534 3358 certe

1960 3393 2230 3463 perfectio
2264 3399 2370 3456 est,
2407 3398 2466 3444 ut
2490 3405 2598 3444 non
2633 3391 2831 3445 timore
2853 3405 3160 3460 poenarum,
3191 3392 3352 3448 sicuti
3378 3408 3536 3447 man-

1960 3484 2189 3553 cipium,
2223 3498 2253 3536 a
2283 3482 2433 3536 vitiis
2463 3481 2730 3543 declines,
2759 3496 2860 3535 nec
2891 3481 3146 3536 virtutem
3173 3496 3270 3550 spe
3293 3483 3538 3550 praamio-

1959 3589 2106 3636 rum,
2138 3574 2294 3642 quasi
2327 3571 2649 3626 mercatoris
2685 3569 2882 3625 aﬂ‘ectu
2910 3572 2966 3624 in
2995 3570 3457 3640 negotiationibus
3481 3581 3538 3628 et

1963 3659 2366 3724 contractibus,
2409 3658 2762 3728 amplectaris
2799 3676 2810 3710 :
2845 3659 2943 3715 sed
2974 3659 3236 3731 neglectis
3265 3663 3427 3716 etiam
3469 3663 3538 3718 iis

1961 3767 2082 3822 qua:
2137 3752 2191 3806 in
2241 3749 2703 3820 promissionibus
2742 3765 2837 3820 per
2870 3766 3021 3822 spem
3071 3759 3199 3808 sunt
3235 3754 3536 3821 recondita,

1960 3857 2129 3897 unum
2179 3840 2420 3896 terribile
2466 3839 2752 3896 arbitreris
2789 3840 2858 3896 ab
2901 3841 3142 3897 amicitia
3179 3839 3276 3896 Dei
3307 3843 3534 3911 repelli:

1966 3948 2134 3986 unum
2168 3931 2467 4002 expetibile
2498 3931 2698 3996 solum,
2744 3931 3042 3985 amicitiam
3090 3930 3215 3997 Dei;
3253 3947 3360 4001 qua
3395 3933 3533 3997 sola,

1959 4038 2081 4078 meo
2129 4023 2360 4093 judicio,
2417 4023 2527 4076 vita
2564 4021 2804 4077 hominis
2846 4020 3146 4091 perﬁcitur.
3194 4019 3310 4075 Hoc
3358 4022 3539 4091 ipsum

1965 4115 2056 4170 ubi
2084 4115 2300 4170 sublata
2331 4112 2400 4167 ad
2431 4112 2754 4168 sublimiora
2787 4127 2850 4168 ac
2883 4111 3155 4167 diviniora
3189 4121 3373 4168 mente
3403 4129 3538 4169 con-

1967 4215 2194 4262 secutus
2257 4203 2542 4268 fueris.....
2600 4217 2896 4259 commune
2953 4203 3010 4258 id
3061 4204 3165 4258 erit
3223 4204 3437 4259 lucrum
3483 4206 3541 4261 in

1963 4296 2186 4354 Christo
2235 4295 2366 4351 Jesu
2411 4294 2642 4351 Domino
2677 4302 2889 4360 nostro,
2927 4295 3014 4352 cui
3057 4294 3234 4350 honor
3272 4305 3333 4366 et
3370 4296 3542 4367 impe-

1966 4387 2109 4440 rium
2155 4387 2209 4440 in
2251 4386 2472 4441 saecula.
2520 4385 2714 4440 Amen.

1973 4479 2117 4534 κατά
2161 4495 2224 4547 γε
2258 4478 2347 4531 τὸν
2379 4477 2509 4549 ὲμδν
2563 4477 2740 4546 λόγον,
2773 4479 2805 4548 ἡ
2837 4478 3110 4549 τελειότης
3154 4477 3248 4532 τοῦ
3302 4477 3437 4548 βίου.
3470 4477 3538 4531 Ὀ

198 4580 250 4616 τι
279 4565 330 4620 δ’
357 4569 438 4624 ἂν
471 4570 664 4640 παρὰ
700 4570 793 4623 σοῦ
827 4570 962 4640 πρὸς
1008 4571 1068 4622 τὸ
1103 4571 1682 4650 μεγαλοπρεπέστερόν
1705 4589 1764 4625 τε
1808 4574 1901 4626 καὶ
1939 4572 2209 4642 θειότερον
2238 4569 2570 4641 ἐπαρθείσης
2603 4587 2683 4624 σοι
2712 4569 2809 4640 τῆς
2836 4570 3095 4634 διανοίας,
3122 4568 3316 4641 εὑρεθῇ
3337 4587 3352 4601 ·
3405 4569 3536 4624 πολ-

199 4655 310 4710 λῶν
351 4659 421 4711 δὲ
444 4699 462 4712 .
488 4698 508 4714 .
533 4700 553 4712 .
577 4700 596 4712 .
625 4698 648 4714 .
671 4660 1024 4731 εὑρεθήσεται
1059 4677 1072 4690 °
1104 4661 1273 4717 κοινὸν
1320 4670 1470 4734 ἔσται
1526 4665 1752 4728 πάντως
1824 4663 1885 4717 τὸ
1927 4663 2134 4733 κέρδος,
2182 4664 2238 4717 έν
2266 4661 2484 4732 Χριστῷ
2519 4660 2697 4732 Ἰησοῦ
2725 4662 2803 4732 τῷ
2844 4662 3033 4735 Κυρίῳ
3067 4663 3242 4734 ἡμῶν,
3269 4656 3368 4731 ᾧή
3410 4661 3536 4730 δόξα

197 4750 302 4804 καὶ
325 4750 402 4805 τὸ
445 4752 694 4824 κράτος
724 4753 805 4816 είς
831 4753 955 4816 τοὺς
978 4751 1186 4816 αίῶνας.
1231 4757 1403 4863 Ἀμήν,

271 4931 324 4962 ⁸³
355 4929 570 4989 Exod.
617 4945 822 5000 xum,
859 4932 939 4988 Π.

78 5149 375 6054 ἱ

379 6029 440 6052 -ἲι-ν
