4054 6436
393 141 489 197 633

1767 143 1832 198 IN
1871 143 2207 201 PSALMOS.

3503 146 3612 205 ιδι

391 257 579 318 παντὸς
616 253 710 308 τοῦ
760 253 964 324 βιϐλίου
1011 254 1167 318 ίδίαις
1211 255 1319 309 τισὶ
1368 258 1734 328 περιγραφαῖς
1763 259 1942 329 ὁριζό-

2053 267 2159 314 tum
2220 260 2383 315 etiam
2434 260 2600 316 totius
2628 259 2752 315 libri
2776 258 3087 317 distributio
3116 260 3355 341 propriis
3382 261 3610 332 quibusd

392 366 538 418 μενα,
574 348 810 417 πενταχῆ
843 349 1022 417 πάσης
1052 347 1153 418 τῆς
1198 349 1257 400 ἐν
1307 351 1419 412 τοῖς
1443 348 1694 419 Ψαλμοῖς
1732 367 1945 421 προφη-

387 441 528 502 τείας
553 437 935 510 διαιρεθείσης.
968 432 1070 491 Ὧν
1114 438 1349 510 μετρίως
1379 441 1942 511 προκατανοηθέντων,

386 526 773 598 γνωριμωτέρα
808 529 940 598 ἡμῖν
988 530 1022 598 ἡ
1071 528 1136 581 ὲκ
1167 528 1274 583 τῶν
1323 530 1549 599 γραφῶν
1587 530 1663 601 (8)
1712 530 1947 601 ὠφέλεια

386 618 680 688 γενήσεται,
716 614 808 670 διὰ
852 619 952 688 τῆς
998 617 1107 672 τῶν
1154 619 1654 690 προεξετασθέντων
1684 624 1946 694 κατανοή-

389 724 515 770 σεως
558 707 961 780 φανερουμένη.
1022 710 1272 781 ’Δρκτέον
1320 710 1497 765 τοίνυν
1554 712 1799 767 ἐντεῦθεν
1847 716 1945 785 τῆς

387 798 629 870 θεωρίας.

792 1020 1187 1075 ΚΕΦΔΛΔΙΟΝ
1239 1020 1531 1074 ΠΡΩΤΟΝ.

444 1157 607 1220 Τέλος
653 1154 750 1209 τοῦ
806 1157 927 1209 κατ’
972 1154 1174 1227 ἀρετὴν
1222 1154 1337 1224 βίου
1389 1153 1725 1225 μακαριότης
1777 1152 1944 1207 ἐστίν.

381 1249 490 1302 Πᾶν
520 1247 633 1318 γάρ
682 1247 745 1300 τὸ
790 1246 931 1301 κατὰ
972 1246 1203 1317 σπουδὴν
1237 1245 1665 1317 κατορθούμενον
1714 1244 1850 1315 πρός
1893 1261 1946 1298 τι

381 1340 470 1410 τὴν
510 1337 799 1409 ἀναφορὰν
844 1338 1060 1401 πάντως
1098 1337 1230 1408 ἔχει.
1268 1337 1379 1390 Καὶ
1415 1335 1603 1407 ὥσπερ
1635 1337 1668 1407 ή
1721 1336 1819 1407 μὲν
1864 1337 1948 1389 ία-

382 1430 531 1502 τρική
567 1431 714 1501 πρὸς
739 1431 839 1499 τὴν
873 1431 1063 1498 ὑγείαν
1091 1433 1216 1502 ὁρᾷ,
1244 1430 1344 1501 τῆς
1374 1430 1431 1483 δὲ
1468 1429 1741 1500 γεωργίας
1768 1430 1797 1482 ὁ
1819 1446 1945 1483 σκο-

385 1522 471 1585 κὸς
499 1522 636 1592 πρὸς
688 1522 750 1575 τὸ
796 1521 893 1592 ζῇν
927 1523 1043 1574 ἔστι
1088 1523 1439 1593 παρασκευή·
1476 1520 1616 1574 οὕτω
1662 1520 1755 1575 καὶ
1784 1523 1816 1591 ή
1847 1519 1946 1591 τῆς

2051 349 2175 403 dam
2208 349 2455 404 terminis
2510 350 2954 420 circumscripta;
3031 366 3157 405 nam
3240 353 3481 422 quinque
3555 353 3610 409 in

2051 444 2231 507 partes
2263 443 2379 492 tota
2428 437 2765 494 Psalmorum
2805 440 3091 509 prophetia
3148 440 3428 496 dividitur.
3480 440 3615 508 Qui-

2050 528 2154 584 bus
2182 535 2460 599 utcunque
2488 531 2860 601 prtecognitis,
2889 532 3073 585 notior
3105 532 3264 587 nobis
3291 533 3482 588 evadet
3514 535 3616 588 uti-

2049 616 2197 682 litas,
2226 632 2347 687 quae
2369 633 2435 673 ex
2488 618 2938 688 inscriptionibus
2994 621 3313 690 percipitur,
3346 620 3613 690 patefacta

2049 708 2302 764 videlicet
2330 724 2427 779 per
2454 724 2517 765 ea
2540 725 2660 780 qua:
2690 711 2843 781 prius
2862 726 2892 764 a
2915 711 3075 766 nobis
3100 710 3616 769 fuerintluculenter

2047 799 2313 869 exposita.
2328 798 2467 855 Hinc
2486 800 2652 872 igitur
2676 801 3133 857 considerationis
3151 802 3313 872 hujus
3334 801 3616 857 exordium

2049 889 2372 945 sumendum
2393 898 2497 946 est.

2567 1021 2794 1080 CAPUT
2824 1021 3112 1079 PRIMUM.

2117 1154 2269 1211 Finis
2300 1156 2425 1212 vitae
2457 1171 2523 1212 ex
2571 1158 2792 1213 virtutis
2844 1158 3163 1229 praescripto
3222 1157 3485 1214 institutae
3533 1163 3627 1212 est

2046 1246 2351 1302 beatitudo.
2381 1247 2656 1318 Quidquid
2685 1250 2829 1303 enim
2858 1248 3000 1304 serio
3025 1259 3078 1305 et
3104 1249 3398 1304 deliberate
3416 1248 3614 1318 agitur,

2050 1337 2117 1392 ad
2157 1338 2363 1409 aliquid
2388 1340 2705 1396 relationem
2738 1340 2935 1396 habeat
2968 1356 3193 1396 necesse
3222 1348 3326 1395 est.
3349 1339 3412 1393 Et
3434 1352 3621 1408 quem-

2052 1429 2344 1484 admodum
2414 1431 2681 1486 medicina
2752 1432 3037 1486 sanitatem
3106 1438 3333 1502 spectat,
3387 1429 3621 1498 ﬁnisque

2053 1521 2395 1592 agricultura:
2437 1529 2521 1577 est
2577 1537 2761 1576 rerum
2815 1522 2882 1575 ad
2917 1522 3119 1575 victum
3181 1520 3615 1575 necessariarum

382 1604 567 1684 ἂρετῆς
613 1614 817 1683 κτῆσις
850 1614 987 1685 πρὸς
1014 1613 1075 1667 τὸ
1118 1614 1382 1685 μακάριον
1413 1612 1661 1683 γενέσθαι
1690 1614 1780 1667 τὸν
1823 1613 1943 1667 κατ’

2053 1614 2366 1683 ριέορατδιὶο
2397 1632 2409 1666 :
2446 1613 2525 1667 sic
2547 1622 2600 1668 et
2630 1612 2849 1667 virtutis
2875 1611 3148 1680 possessio
3177 1610 3230 1664 in
3254 1610 3305 1663 id
3334 1625 3499 1667 unum
3532 1610 3617 1663 in-

386 1705 535 1774 αὐτὴν
583 1706 770 1770 ζῶντα
805 1704 1009 1776 βλέπει,
1049 1704 1204 1758 τοῦτο
1236 1708 1342 1778 γὰρ
1372 1707 1567 1770 παντὸς
1594 1705 1688 1759 τοῦ
1717 1706 1856 1760 κατὰ
1885 1707 1946 1760 τὸ

384 1794 567 1864 ἀγαθὸν
617 1795 918 1866 νοουμένου
975 1797 1266 1866 κεφάλαιον
1318 1798 1413 1851 καὶ
1462 1798 1635 1868 πέρας
1682 1797 1817 1853 ἐστί.
1874 1798 1946 1851 Τὸ

388 1888 472 1956 μὲν
497 1883 585 1941 οῦν
628 1888 856 1959 ἀληθῶς
886 1905 943 1941 τε
973 1889 1065 1942 καὶ
1105 1889 1308 1960 κυρίως
1338 1892 1394 1942 ὲν
1426 1889 1501 1960 τῷ
1550 1888 1737 1960 ὑψηλῷ
1774 1888 1946 1959 τούτῳ

386 1980 593 2050 νοήματι
626 1979 1011 2052 θεωρούμενον
1039 1998 1097 2033 τε
1122 1982 1215 2035 καὶ
1242 1980 1549 2051 νοούμενον,
1575 1982 1609 2051 ἡ
1640 1980 1757 2033 Θεία
1787 1980 1946 2048 φύσις

387 2069 572 2138 λέγοιτο
603 2072 681 2126 ἂν
721 2073 963 2137 εἰκότως.
996 2072 1152 2126 Οῦτω
1200 2072 1307 2145 γάρ
1334 2076 1362 2127 ὁ
1399 2074 1572 2145 μέγας
1610 2074 1819 2138 Παῦλος
1854 2075 1949 2128 τὸν

388 2163 501 2215 Θεὸν
552 2163 839 2233 ὀνομάζει,
893 2164 1109 2217 πάντων
1149 2163 1256 2216 τῶν
1304 2163 1624 2234 θεολογικῶν
1669 2166 1948 2237 ὀνομάτων

391 2254 590 2325 προθεὶς
635 2256 711 2307 τὸ
759 2255 835 2326 (9)
888 2255 1180 2327 μακάριον,
1228 2254 1284 2309 ἔν
1332 2273 1436 2309 τινι
1496 2257 1605 2309 τῶν
1651 2257 1948 2311 ἐπιστολῶν

387 2349 564 2400 οὗτωῇ
612 2348 843 2419 γράψας
890 2352 1000 2412 τοῖς
1058 2350 1330 2419 ῥήμασιν·
1398 2350 1460 2403 '0
1507 2349 1799 2419 μακάριος
1851 2351 1947 2404 καί

388 2442 557 2507 μόνος
579 2439 920 2508 δυνάστης,
952 2443 986 2493 ό
1016 2440 1316 2506 Βασιλεὺς
1345 2440 1462 2494 τῶν
1488 2444 1950 2506 ,βασιλευόντων

391 2532 474 2583 καὶ
505 2533 729 2600 Κύριος
752 2530 873 2584 τῶν
901 2534 1317 2600 κυριευόντων,
1342 2536 1374 2586 ό
1398 2535 1587 2602 μόνος
1623 2534 1781 2604 ἔχων
1802 2535 1949 2589 ἀθα-

389 2625 608 2689 νασίαν,
661 2624 803 2694 φῶς
857 2624 1037 2680 οἰκῶν
1099 2629 1446 2697 ἀπρόσιτον,
1506 2626 1578 2680 ὃν
1631 2623 1790 2680 εἶδεν
1837 2627 1948 2698 (10)

388 2713 566 2779 οὐδεὶς
584 2715 941 2782 ἀνθρώπων,
969 2715 1110 2770 οὐδὲ
1132 2718 1279 2771 ἰδεῖν
1297 2717 1564 2779 δύναται,
1600 2709 1648 2783 ᾧ
1677 2717 1831 2786 τιμὴ,
1854 2718 1949 2772 καὶ

385 2804 581 2873 κράτος
606 2806 878 2861 αἰώνιον.
903 2809 1086 2863 Ταῦτα
1114 2809 1223 2882 γὰρ
1248 2810 1424 2864 πάντα
1444 2809 1511 2862 τὰ
1533 2808 1711 2878 ὑψηλὰ
1746 2811 1872 2880 περὶ
1891 2809 1951 2862 τὸ

2050 1704 2243 1768 tendit,
2280 1710 2340 1758 ut
2371 1704 2589 1758 beatum
2622 1701 2818 1757 efﬁciat
2853 1716 2975 1757 eum
2995 1702 3085 1771 qui
3116 1698 3414 1755 secundum
3444 1698 3618 1753 virtu-

2048 1803 2152 1849 tem
2183 1794 2348 1849 vitam
2398 1793 2544 1865 degit
2582 1810 2596 1849 :
2640 1794 2742 1847 hoc
2787 1793 2931 1847 enim
2968 1791 3149 1848 omnis
3197 1790 3346 1856 boni,
3377 1796 3430 1844 et
3456 1787 3619 1860 quid-

2048 1883 2177 1955 quid
2224 1885 2277 1939 in
2304 1884 2449 1939 bono
2490 1882 2812 1954 concipitur,
2875 1890 3038 1954 caput
3090 1891 3172 1937 est
3226 1889 3279 1937 et
3326 1881 3612 1935 terminus.

2047 1974 2203 2043 Quod
2255 1984 2435 2030 autem
2464 1989 2590 2030 vere
2627 1982 2681 2029 et
2731 1973 2950 2045 proprie
2985 1975 3039 2028 in
3093 1973 3197 2027 hac
3252 1979 3362 2026 tam
3396 1968 3617 2026 sublimi

2047 2063 2401 2119 beatitudinis
2427 2063 2650 2118 notione
2699 2070 2753 2117 et
2810 2063 3024 2119 ratione
3065 2062 3390 2131 concipitur,
3415 2059 3469 2113 id
3494 2058 3623 2127 jure

2048 2157 2253 2226 optimo
2284 2155 2481 2210 dixerit
2531 2155 2657 2225 quis
2711 2155 2882 2225 ipsam
2924 2155 3162 2210 divinam
3193 2161 3446 2207 naturam
3475 2164 3618 2204 esse.

2050 2247 2141 2301 Sic
2177 2248 2319 2302 enim
2353 2262 2583 2318 magnus
2618 2245 2709 2301 ille
2753 2245 2956 2301 Paulus
2995 2245 3165 2300 Deum
3198 2242 3462 2303 nominat,
3493 2255 3616 2293 cum

2048 2352 2113 2391 ex
2143 2337 2397 2392 omnibus
2445 2336 2649 2393 divinis
2716 2336 3194 2406 appellationibus,
3243 2333 3395 2388 Beati
3427 2343 3624 2385 nomen

2047 2430 2100 2482 in
2135 2428 2367 2498 quadam
2397 2443 2462 2483 ex
2492 2428 2609 2483 suis
2656 2428 2918 2496 Epistolis
2959 2426 3137 2497 primo
3173 2427 3294 2478 loco
3324 2422 3494 2494 ponit,
3538 2419 3625 2474 his

2048 2519 2227 2574 verbis
2256 2536 2268 2571 :
2302 2517 2497 2571 Beatus
2526 2526 2574 2570 et
2604 2516 2747 2570 solus
2783 2524 2983 2584 potens,
3023 2516 3134 2569 Rea:
3179 2530 3381 2584 regum,
3415 2520 3463 2566 et
3504 2509 3614 2563 Do-

2051 2611 2223 2662 minus
2251 2607 2660 2671 dominantium,
2682 2608 2772 2674 qui
2798 2606 2944 2660 solus
2974 2605 3127 2659 habet
3150 2603 3627 2663 immortalitatem,

2050 2699 2213 2753 lucem
2238 2699 2483 2751 habitans
2509 2697 2939 2759 inaccessibilem,
2972 2712 3121 2768 quem
3167 2711 3317 2749 nemo
3358 2697 3627 2751 hominum

2049 2790 2197 2853 uidit,
2229 2807 2319 2844 nec
2351 2789 2520 2843 videre
2543 2798 2734 2858 potest,
2771 2789 2858 2841 cui
2891 2789 3057 2843 honor
3073 2796 3120 2841 et
3143 2788 3417 2856 imperium
3443 2790 3630 2856 sempi—

381 2896 516 2949 Θεῖον
535 2898 817 2968 νοήματα,
838 2899 979 2953 κατά
1011 2916 1074 2969 γε
1232 2900 1360 2971 ἐμὸν
1396 2900 1572 2967 λόγον,
1613 2878 1835 2970 ὁρισμὸς
1882 2901 1949 2953 ἂν

2057 2882 2339 2935 ternum”.
2379 2879 2503 2935 llzec
2534 2881 2679 2935 enim
2716 2879 2899 2933 omnia
2948 2887 3058 2932 tam
3100 2878 3356 2933 sublimia
3406 2879 3474 2933 de
3506 2878 3617 2934 Deo

383 2987 455 3056 εἴη
480 2945 909 3061 μακαριότητος.
940 2945 1162 3064 Είιγάρ
1198 2945 1712 3064 τιζέρωτηθείη,ιτί
1892 2994 1951 3046 τὸ

2055 2973 2291 3041 cogitata
2344 2980 2398 3026 et
2437 2970 2810 3041 pronuntiata,
2846 2983 2965 3023 meo
3005 2967 3222 3039 quidem
3268 2968 3498 3038 judicio,
3533 2969 3627 3023 dc—

386 3081 659 3151 μακὰριον,
700 3082 806 3135 ούκ
836 3081 902 3136 ἂν
930 3084 1033 3153 τῆς
1060 3084 1316 3149 εύσεόοῦς
1350 3085 1689 3156 ἀποκρίσεως
1723 3085 1953 3157 ἁμάρτοι

382 3169 826 3243 ἐπακολουθήσας
853 3175 921 3244 τῇ
950 3173 1162 3227 Παύλου
1196 3178 1367 3247 φωνῇ,
1394 3176 1487 3230 καὶ
1513 3175 1703 3239 εἰπὼν,
1743 3176 1823 3229 ὅτι
1855 3193 1955 3246 μα-

379 3259 556 3330 κὰριόν
588 3263 773 3329 ἐστιν,
815 3262 843 3315 ὃ
881 3263 1083 3334 κυρίως
1120 3265 1333 3334 λέγεται
1362 3267 1455 3319 καὶ
1488 3264 1739 3336 πρώτως,
1788 3267 1821 3335 ὴ
1858 3265 1950 3319 τοῦ

384 3352 566 3418 παντὸς
582 3355 856 3408 ἐπέκεινα
878 3354 1065 3425 φύσις*
1087 3355 1151 3409 τὸ
1162 3357 1220 3410 δὲ
1252 3358 1309 3409 ἐν
1340 3356 1643 3427 ἀνθρώποις
1665 3356 1951 3426 μακάριον,

372 3445 433 3513 τῇ
467 3445 690 3515 μεθέξει
715 3446 818 3500 τοῦ
861 3447 1031 3511 ὅντως
1049 3446 1218 3513 ὄντος,
1248 3448 1423 3501 ἐκεῖνο
1453 3447 1631 3509 ποσῶς
1659 3447 1867 3515 γίνεταί
1895 3463 1953 3499 τε

376 3537 461 3588 καὶ
482 3538 847 3609 ὀνομάζεται,
872 3540 1009 3610 ὅπερ
1030 3541 1065 3610 ἡ
1091 3538 1182 3591 τοῦ
1214 3539 1575 3611 μετεχομένου
1602 3539 1760 3609 φύσις
1788 3541 1950 3595 ἐστίν.

367 3628 569 3684 Οὔκοῦν
608 3632 747 3703 ὅρος
804 3631 922 3683 ἐστὶ
966 3630 1060 3701 τῆς
1094 3630 1437 3702 ἀνθρωπίνης
1491 3631 1951 3703 μακαριότητοςὴ

369 3718 497 3789 πρὸς
542 3720 608 3774 τὸ
642 3718 945 3791 (11)Θεῖον
976 3722 1251 3791 ὁμοίωσις.
1302 3722 1454 3774 Ἐπεὶ
1498 3718 1591 3775 οὖν
1634 3723 1695 3775 τὸ
1743 3722 1956 3794 ἀληθῶς

358 3809 579 3876 ἀγαθὸν,
621 3814 758 3884 ἦτοι
812 3812 872 3865 τὸ
917 3812 1169 3866 ἐπέκεινα
1200 3812 1293 3866 τοῦ
1332 3811 1558 3881 ἀγαθοῦ,
1600 3812 1754 3867 τοῦτο
1798 3813 1956 3884 μόνον

361 3900 471 3954 ἐστὶ
521 3905 624 3958 καὶ
671 3905 796 3976 (12)
849 3905 1117 3975 μακάριον
1164 3905 1256 3957 καὶ⁵
1300 3904 1521 3975 ὀρεκτὸν
1564 3907 1630 3975 τῇ
1684 3904 1861 3974 φύσει,
1896 3896 1956 3956 οῦ

352 3995 457 4045 πᾶν
486 3995 551 4047 τὸ
583 3996 839 4066 μετέχον
869 3995 1139 4067 μακάριον
1180 3996 1412 4064 γίνεται,
1441 3995 1617 4059 καλῶς
1646 3996 1678 4065 ἡ
1712 3994 1830 4048 θεία
1861 3995 1957 4066 τῆς

351 4082 691 4155 ψιλμῳδίας
725 4086 918 4157 γραφὴ
944 4086 1032 4141 διά
1053 4103 1197 4150 τινος
1232 4086 1486 4158 τεχνικῆς
1511 4104 1568 4139 τε
1600 4086 1693 4140 καὶ
1722 4086 1958 4156 φυσικῆς

346 4173 720 4243 ἀκολουθίας,
770 4177 872 4247 τὴν
926 4178 1060 4248 πρὸς
1111 4178 1270 4231 τοῦτο
1323 4179 1458 4248 ἡμῖν
1491 4176 1604 4248 (15)
1651 4178 1769 4231 ὁδὸν
1822 4177 1958 4230 ὑπο-

346 4261 658 4331 δείκνυσιν,
697 4268 765 4319 ὲν
797 4267 940 4338 ἁπλῇ
971 4267 1111 4321 κατὰ
1148 4268 1208 4320 τὸ
1238 4267 1579 4338 φαινόμενον,
1630 4269 1722 4321 καὶ
1755 4270 1957 4321 ἁκατα-
1987 4294 2032 4351 D

575 4361 656 4429 τῇ
718 4357 1059 4430 διδασκαλίᾳ,
1115 4357 1374 4422 ποικίλως
1418 4376 1477 4412 τε
1524 4359 1619 4412 καὶ
1666 4357 1957 4421 πολυειδῶς

344 4444 444 4515 τὴν
494 4448 756 4519 μέθοδον
801 4450 902 4520 τῆς
930 4449 1039 4521 (14)
1072 4449 1167 4503 τοῦ
1204 4448 1553 4523 μακαρισμοῦ
1601 4450 1832 4513 κτίσεως
1869 4466 1960 4501 τε·

347 4536 732 4606 χνολογσῦσα.
796 4541 1009 4607 Ἔξεστι
1061 4540 1163 4609 μὲν
1211 4536 1304 4594 οῦν
1355 4542 1597 4600 καὶ’ἀπ’
1648 4540 1817 4610 αὐτῆς
1863 4540 1960 4610 τῆς

349 4627 582 4700 πρώτης
640 4632 950 4702 ὑμνῳδίας,
983 4630 1191 4685 ἔννοιάν
1222 4649 1335 4687 τινα
1364 4638 1493 4717 περὶ
1518 4631 1618 4691 τοῦ
1665 4631 1960 4704 προκειμέ-

351 4732 447 4824 νου
470 4718 708 4786 λαϐεῖν,
744 4725 891 4782 ὅπως
933 4721 1099 4794 τριχῆ
1137 4722 1308 4792 τεμὼν
1335 4738 1431 4824 τὴν
1461 4725 1679 4809 ἀρετὴν
1705 4726 1734 4776 ὀ
1781 4722 1957 4790 λόγος,

359 4807 579 4879 ἑκάστῳ
639 4813 899 4915 τμήματι
949 4812 1088 4915 κατά
1133 4828 1241 4865 τινα
1285 4807 1613 4915 πρόσφορον
1664 4811 1958 4881 ἀναλογίαν

358 4905 798 5001 πφσμῗρτυρεί
820 4903 881 4955 τὸ
913 4903 1197 5001 μακάρων.-
1350 4903 1459 5001 ιέξι
1659 4904 1958 5001 ἀλλοτέ

370 5005 449 5041 σιν
479 4992 578 5046 τοῦ
609 4994 797 5048 κακοῦ
823 4995 1138 5068 μακαρίζων,
1167 4998 1231 5078 ὡς
1250 4992 1319 5117 é’;
1342 4992 1445 5117 εἴ
1462 4992 1815 5116 γεζκομένην
1843 4998 1954 5070 (1⁵)

434 5145 478 5179 ⁸³
502 5145 524 5200 ι
546 5147 691 5203 Tim.
724 5164 796 5214 Vl,
828 5150 907 5215 l5,
946 5148 1021 5202 16.
1250 5063 1384 5166 ρρχὴ

445 5299 522 5429 >3}
537 5302 983 5424 2::-

442 5437 542 5499 (10)
573 5438 724 5499 ἰδεν,
753 5440 823 5492 ed.

458 5503 496 5568 ι)
505 5503 550 5571 l)
571 5505 640 5556 Το
661 5522 755 5560 om.
770 5506 840 5561 ed.

2061 3064 2364 3117 ﬁnitionem
2448 3061 2804 3117 beatitudinis
2871 3060 3174 3115 continent.
3229 3057 3361 3112 Nam
3411 3061 3456 3115 si
3508 3060 3632 3130 quis

2058 3153 2265 3223 quaerat
2291 3152 2419 3222 quid
2455 3151 2527 3207 sit
2556 3151 2858 3216 beatitudo,
2911 3149 3057 3204 haud
3079 3164 3210 3204 sane
3232 3164 3260 3201 a
3296 3157 3443 3203 recta
3458 3155 3512 3204 et
3544 3150 3633 3219 pia

2057 3246 2428 3313 responsione
2464 3243 2821 3308 abcrraverit,
2866 3243 2913 3298 si
2960 3256 3149 3297 vocem
3193 3239 3349 3295 Pauli
3389 3250 3631 3304 secutus.

2054 3334 2222 3401 dicat,
2281 3332 2529 3397 Beatum,
2578 3333 2723 3403 quod
2774 3332 2992 3402 pr0prie
3020 3342 3075 3386 et
3110 3332 3372 3401 primario
3406 3333 3514 3385 tale
3550 3332 3636 3386 di-

2055 3425 2221 3489 citur,
2260 3439 2381 3480 esse
2424 3431 2674 3477 naturam
2722 3423 2903 3485 illam,
2948 3435 3070 3491 quae
3106 3429 3189 3477 est
3236 3436 3401 3491 super
3428 3423 3639 3485 omnia;

2054 3516 2278 3572 Beatum
2310 3530 2441 3571 vero
2498 3516 2644 3585 quod
2697 3515 2838 3568 inter
2886 3513 3135 3568 homines
3196 3514 3488 3583 reperitur,
3531 3514 3635 3567 tale

2056 3624 2181 3664 esse
2203 3607 2591 3662 communione
2622 3607 2742 3675 ejus
2776 3604 2921 3676 quod
2953 3620 3079 3659 vere
3125 3616 3247 3671 est;
3273 3604 3419 3674 quod
3449 3604 3633 3657 multi-

2058 3700 2320 3768 plicatur,
2348 3707 2401 3752 et
2417 3698 2563 3751 varia
2589 3697 2807 3752 nomina
2834 3696 3061 3751 sortitur
3083 3711 3181 3766 pro
3210 3705 3403 3750 natura
3429 3704 3484 3751 et
3506 3710 3637 3751 con-

2061 3789 2276 3843 ditione
2304 3803 2495 3844 eorum
2525 3803 2648 3858 qua:
2678 3802 2772 3857 per
2793 3786 3264 3859 participationem
3300 3787 3367 3840 ab
3395 3787 3505 3842 alio
3537 3786 3635 3841 dc-

2059 3881 2332 3936 rivantur.
2369 3881 2509 3951 Ergo
2553 3879 2797 3934 deﬁnitio
2856 3878 3108 3932 humana:
3150 3877 3505 3933 beatitudinis
3552 3886 3637 3933 est

2059 3971 2365 4029 similitudo
2393 3987 2516 4025 cum
2540 3970 2744 4025 divina.
2778 3969 2963 4038 Itaque
2984 3984 3108 4023 cum
3135 3983 3259 4024 vere
3276 3968 3504 4031 bonum,
3537 3984 3635 4023 seu

2058 4065 2114 4120 id
2160 4065 2307 4136 quod
2354 4076 2519 4132 supra
2564 4076 2725 4116 omne
2775 4060 2976 4113 bonum
3017 4067 3122 4127 est,
3174 4059 3349 4114 solum
3398 4059 3469 4112 sit
3520 4058 3641 4113 bea-

2059 4163 2209 4221 tum,
2271 4164 2575 4223 naturaque
2643 4152 3043 4222 appetendum,
3107 4165 3217 4221 quo
3272 4165 3435 4205 omne
3503 4151 3636 4205 illud

2058 4247 2201 4317 quod
2253 4248 2375 4316 ejus
2438 4244 2711 4314 particeps
2757 4250 2862 4308 est,
2918 4242 3135 4297 beatum
3181 4241 3435 4307 ellicitur,
3489 4248 3639 4297 recte

2056 4337 2301 4409 profecto
2365 4337 2548 4391 divina
2604 4333 2943 4389 Psalmorum
3006 4335 3277 4404 scriptura
3343 4333 3640 4391 artiﬁcioso

2057 4428 2219 4483 simul
2259 4438 2313 4482 et
2370 4426 2607 4480 naturali
2650 4426 2863 4493 ordine,
2925 4420 3067 4482 viam
3096 4444 3217 4500 qua:
3255 4427 3321 4482 ad
3372 4427 3476 4484 hoc
3533 4428 3639 4484 du-

2058 4520 2155 4585 cit,
2200 4520 2359 4574 nobis
2396 4520 2755 4583 demonstrat,
2811 4519 3065 4589 simplici,
3094 4522 3642 4591 utapparet,omnis-

2059 4627 2166 4682 que
2202 4617 2495 4682 apparatus
2521 4617 2742 4678 experte
2771 4608 3018 4665 doctrina
3044 4628 3059 4678 ;
3106 4613 3208 4667 etsi
3241 4612 3391 4668 varie
3421 4613 3639 4667 multis-

2062 4726 2167 4781 que
2218 4707 2396 4764 modis
2420 4709 2665 4779 apposite
2691 4705 2906 4771 doceat,
2956 4722 3065 4776 quo
3108 4717 3269 4777 pacto
3297 4708 3580 4763 beatitudo
3607 4722 3638 4761 a

2066 4812 2320 4859 creatura
2351 4801 2420 4856 sit
2453 4798 2842 4870 comparanda.
2902 4796 3073 4868 Cujus
3111 4799 3189 4853 rei
3229 4806 3635 4870 argumentum.

2065 4911 2130 4951 ex
2162 4897 2301 4966 ipso.
2337 4894 2428 4963 qui
2485 4892 2696 4962 primus
2743 4890 2983 4948 occurrit
3024 4891 3257 4960 psalmo,
3292 4889 3358 4945 ad
3391 4889 3639 4960 pr0posi-

2068 4996 2182 5042 tum
2235 4992 2480 5041 nostrum
2533 4981 2966 5037 conﬁrmandum
3026 4980 3316 5037 desumere
3362 4980 3508 5045 licet,
3543 4978 3632 5033 ubi

2139 5301 2249 5369 (12)
2283 5299 2443 5356 Forte
2474 5302 2717 5361 amarat.

2134 5372 2246 5505 (l3;
2270 5371 2463 5435 Μόνον,
2496 5371 2586 5427 ed.

2134 5442 2224 5503 (14
2273 5440 2383 5505 Τῆς
2410 5455 2519 5495 om.
2558 5456 2586 5496 e

2133 5441 2246 5505 (14)
2273 5441 2383 5508 Τῆς
2410 5455 2519 5495 om.
2558 5441 2649 5499 ed.

2131 5510 2249 5581 (15)
2273 5509 2590 5582 Γινομένην,
2616 5508 2706 5570 ed.
