4054 6436
887 337 932 346 ..α

667 400 774 457 ιὸὃ

1930 392 1985 446 S.
2022 391 2348 449 GBEGORII
2385 391 2688 449 NYSSENI
3693 396 3728 448 il

670 522 780 567 tres
837 507 893 564 in
931 514 1116 577 partes
1149 504 1348 561 virtute
1375 503 1570 572 divisa,
1627 503 1795 573 cujus
1835 503 2091 559 divisioni
2143 519 2271 572 σου

2143 519 2234 559 ac-
2263 514 2308 572 Α
2336 506 2435 575 τῆς
2465 506 2556 558 ἐπὶ
2584 505 2644 558 τὸ
2682 504 2923 574 κρεῖττον
2949 502 3119 574 ῥοπῆς
3139 519 3152 532 ο
3197 500 3333 572 μετὰ
3354 503 3401 555 δὲ
3423 501 3558 566 τοῦτο,
3589 502 3666 570 τὴν
3694 504 3727 553 τί

667 596 1008 658 commodata
1059 595 1291 666 quadam
1343 597 1558 652 ratione
1592 593 1983 650 beatitudinem
2017 594 2231 650 adscri-

665 691 746 747 bit
797 707 814 745 :
865 704 1014 745 nunc
1070 689 1288 763 quidem
1343 688 1698 744 remotionem
1761 694 1818 743 et
1879 687 2230 742 abalienatio-

665 773 794 838 nem
835 781 906 837 ab
948 781 1299 852 improbitate
1329 778 1684 834 beatitudinis
1719 777 1941 833 nomine
1967 776 2229 844 alliciens,

666 880 855 942 utpote
920 878 1041 943 quae
1099 872 1431 943 principium
1491 872 1566 927 sit
1620 870 1800 926 omnis
1871 869 1939 925 ad
2007 870 2232 925 meliora

666 979 986 1034 progressus
1047 982 1061 1019 :
1114 970 1300 1033 postea
1357 977 1541 1017 rerum
1595 961 1901 1016 caelestium
1975 968 2028 1015 et
2097 959 2235 1013 divi-

668 1070 859 1110 narum
890 1056 1294 1111 meditationem
1326 1055 1538 1110 beatam
1571 1053 1852 1125 praedicat,
1885 1059 1945 1106 ut
1971 1066 2088 1107 eam
2115 1065 2234 1122 qua

2337 595 2556 666 ὑψηλῶν
2581 613 2640 649 τε
2670 597 2762 650 καὶ
2805 595 3088 665 θειοτέρων
3120 595 3362 666 μελέτην,
3389 593 3450 657 ὡς
3474 592 3559 656 ἕξιν
3579 593 3728 662 ὲμποιο

2339 702 2437 739 σαν
2474 686 2575 758 ήδη
2601 685 2718 740 ’τοῦ
2765 687 3088 756 κρείττονος.
3118 681 3250 738 Εἶτα
3276 685 3370 755 τὴν
3406 684 3475 737 διὰ
3505 683 3664 736 τούτων
3696 702 3728 736 τι

2337 778 2724 848 τελειουμένας
2760 777 3195 850 κατορθουμένην
3241 777 3371 847 πρὸς
3409 777 3456 829 τὸ
3480 772 3601 828 Θεῖον
3633 775 3728 844 ὁμοί

2340 886 2453 923 σινο
2487 864 2556 940 ἦς
2589 871 2746 940 χάριν
2773 868 2985 936 λέγεται
3013 871 3105 924 καὶ
3152 869 3220 923 τά
3263 868 3552 940 προλαϐόντα
3579 869 3724 939 pax-sip

2339 961 2557 1032 Ταύτην
2600 962 2656 1014 δὲ
2694 960 2932 1015 ἀειθαλεϊ
2974 961 3112 1032 ξυλῷ
3153 954 3512 1030 αἰνίσσεται,ᾧ
3547 963 3575 1033 ἡ
3618 961 3705 1033 (16)

2342 1050 2630 1104 λειωθεῖσα
2663 1052 2728 1105 δι’
2763 1052 2964 1122 ἀρετῆς
2991 1052 3271 1122 ὁμοιοῦται
3301 1053 3422 1125 ζωή.
3451 1075 3471 1087 ι

584 1151 587 1153 ’
666 1161 848 1201 rerum
875 1148 1189 1203 sublimium
1227 1148 1476 1203 habitum
1513 1149 1625 1218 jam
1661 1147 1822 1204 nobis
1854 1147 2152 1218 ingeneret.
2181 1145 2263 1200 Ad
2298 1154 2600 1202 extremum
2649 1161 2769 1200 eam
2803 1162 2922 1217 quae
2971 1149 3024 1202 in
3056 1149 3312 1219 perfectis
3362 1150 3540 1205 exsistit
3575 1165 3675 1205 cum
3712 1151 3728 1204 l

667 1238 1104 1310 similitudinem,
1161 1245 1218 1298 in
1275 1244 1610 1300 beatitudine
1672 1251 1946 1307 numerat,
2011 1248 2232 1312 propter
2275 1254 2438 1310 quam
2500 1241 2684 1310 priora
2741 1255 2958 1311 quoque
2986 1244 3330 1313 appellantur
3373 1244 3524 1309 beata,
3582 1261 3728 1314 quarm

665 1344 880 1400 semper
927 1332 1138 1390 virente
1186 1334 1335 1404 ligno
1374 1335 1638 1400 insinuat,
1700 1334 1790 1389 cui
1840 1333 1952 1388 vita
1989 1347 2087 1403 per
2113 1329 2332 1386 virtutis
2364 1329 2807 1385 exercitationem
2847 1341 3256 1398 consummata,
3291 1334 3467 1390 similis
3487 1334 3692 1390 efficitur.

1269 1471 1498 1528 CAPUT
1552 1471 1620 1529 ll.

597 1705 602 1712 l
736 1636 1001 1692 Caeterum
1050 1645 1109 1691 ut
1155 1636 1364 1691 ﬁrmius
1390 1637 1650 1690 doctrinae
1702 1637 1965 1692 virtutum
2013 1639 2232 1694 insista-

666 1742 810 1790 mtts,
845 1742 1008 1797 quam
1042 1728 1096 1782 in
1125 1736 1237 1782 toto
1273 1725 1616 1782 Psalmorqu
1645 1727 1879 1782 decursu
1909 1729 2067 1785 nobis
2097 1745 2233 1800 prae-

632 1844 634 1858 ε
667 1827 936 1874 monstrat
992 1821 1190 1885 oratio,
1242 1834 1350 1874 non
1379 1818 1478 1874 abs
1508 1834 1567 1875 re
1613 1817 1800 1884 fuerit,
1827 1821 1871 1875 si
1907 1821 2060 1891 prius
2088 1821 2232 1892 apud

598 1925 606 1958 ε
667 1925 768 1964 nos
795 1910 1214 1976 constituamus,
1265 1918 1321 1965 et
1349 1911 1496 1965 velut
1522 1911 1818 1968 artiﬁciosa
1861 1912 2096 1982 quadam
2142 1929 2233 1968 ra-

609 1991 632 2030 δ’
664 2000 815 2056 tione
846 2010 900 2057 et
933 2001 1040 2066 via,
1076 2001 1211 2056 nihil
1239 2002 1305 2055 ab
1334 2003 1586 2056 instituto
1611 2017 1774 2073 opere
1801 2005 2116 2060 recedentes
2147 2006 2235 2060 de-

627 2161 630 2164 ,
667 2091 939 2156 ﬁniamus,
968 2091 1241 2161 quomodo
1268 2093 1486 2147 virtutis
1522 2102 1731 2147 amator
1757 2097 1932 2164 possit
1962 2096 2233 2165 ejusmodi

607 2205 617 2238 τ
665 2183 790 2236 vitae
820 2197 1043 2252 compos
1072 2180 1190 2237 ﬁeri
1221 2199 1236 2236 :
1279 2184 1359 2238 sic
1408 2185 1553 2238 enim
1581 2184 1722 2253 ejus,
1759 2201 1921 2255 quam
1960 2188 2230 2256 praemisi-

604 2261 610 2264 ’
663 2288 806 2337 mus,
863 2271 1123 2326 doctrinm
1171 2273 1367 2326 seriem
1411 2279 1463 2328 et
1529 2275 1977 2344 consequentiam
2037 2277 2233 2332 melius

663 2365 1077 2434 perspiciemus.
1104 2362 1338 2420 Necesse
1394 2366 1558 2436 igitur
1582 2375 1688 2431 est,
1732 2383 1854 2422 eum
1886 2369 1980 2438 qui
2016 2369 2084 2424 ad
2122 2370 2231 2424 vir-

661 2464 832 2510 tutem
865 2471 984 2512 sese
1013 2465 1330 2512 convertere
1371 2459 1589 2529 cogitat,
1629 2459 1782 2528 prius
1808 2459 2120 2516 discernere
2145 2477 2234 2516 ra-

663 2548 863 2602 tionem
900 2547 1227 2612 honestatis,
1255 2558 1309 2603 et
1339 2549 1480 2619 ejus,
1506 2565 1626 2620 quas
1654 2551 1921 2605 honestati
1948 2560 2231 2622 repugnat,

662 2636 903 2700 malitiae,
955 2636 1159 2692 notatis
1201 2638 1436 2708 propriis
1467 2638 1753 2708 utriusque
1787 2639 2128 2704 ditferentiis,
2176 2650 2236 2694 ιιι

662 2729 1004 2799 impermixta
1037 2745 1226 2785 carum
1252 2731 1404 2786 notio
1435 2741 1771 2801 permaneat,
1798 2733 2057 2804 nulloque
2083 2749 2236 2789 cont-

662 2821 936 2874 munionis
966 2821 1194 2877 confusa
1217 2823 1493 2893 contagio.
1525 2825 1594 2876 At
1628 2832 1790 2888 notae,
1833 2840 1955 2895 quae
1989 2826 2234 2895 utrisque

2793 1469 3187 1525 ΚΕΦΑΛΑΙΟΝ
3229 1471 3303 1525 B'.

2411 1637 2503 1699 Ὦς
2529 1637 2574 1690 δ’
2605 1637 2669 1690 ἂν
2713 1635 3100 1708 ἀκριϐέστερον
3133 1635 3475 1706 ὲπισταίημεν
3497 1637 3554 1706 τῇ
3587 1637 3694 1707 περὶ

2333 1727 2540 1797 ἀρετῶν
2608 1725 2945 1796 διδασκαλίᾳ,
2997 1726 3063 1796 ἢν
3108 1726 3388 1796 ὑφηγεῖται
3430 1726 3505 1779 διὰ
3547 1727 3699 1796 πάσης

2333 1817 2611 1889 ψαλμικῆς
2640 1817 2858 1889 ὁδηγίας
2896 1820 2924 1871 ὁ
2955 1817 3129 1885 λόγος,
3169 1818 3346 1880 καλῶς
3376 1817 3572 1888 ἀνέχοι,
3605 1819 3727 1890 πρὸτι

2335 1911 2482 1980 ἡμᾶς
2508 1909 2594 1978 ἐφ’
2619 1907 2774 1978 ἡμῶν
2819 1907 2996 1960 αὑτῶν
3028 1906 3314 1971 διελέσθαι,
3341 1903 3444 1960 οἷόν
3482 1925 3588 1962 τινα
3623 1925 3728 1978 τεχν

2335 2001 2490 2070 λόγον
2533 2003 2590 2054 ἐν
2615 1999 2763 2064 τάξει
2794 1999 2860 2052 δι’
2887 1999 3174 2053 ἀκολούθου
3205 2000 3542 2070 προάγοντας,
3570 2001 3672 2063 πῶς
3712 2000 3728 2052 ἒ

2336 2094 2393 2145 ὲν
2429 2094 2593 2165 ἀρετῇ
2641 2090 2892 2160 γενέσθαι
2920 2091 3011 2145 τὸν
3060 2092 3292 2163 ἐραστὴν
3333 2091 3420 2144 τοῦ
3461 2089 3676 2144 τοιούτου
3718 2091 3728 2161 ξ

2336 2182 2488 2238 Οὕτω
2529 2182 2637 2254 γὰρ
2685 2183 2750 2238 ἂν
2797 2183 3148 2253 ὲπιγνοίημεν
3179 2184 3276 2255 τῆς
3322 2183 3728 2255 προδεικνυμένης

2332 2273 2624 2338 δασκαλίας
2657 2275 2787 2344 ἡμῖν
2819 2274 2878 2325 τὸ
2925 2273 3234 2328 ἀκόλουθον.
3282 2274 3398 2345 Χρὴ
3445 2274 3604 2328 τοίνυν
3632 2274 3714 2326 τὸν

2333 2365 2491 2418 λοντα
2522 2366 2655 2435 πρὸς
2691 2365 2887 2437 ἀρετὴν
2923 2365 3160 2435 βλέπειν,
3197 2365 3452 2438 πρότερον
3483 2367 3572 2435 μὲν
3612 2364 3725 2417 διακ

2333 2454 2424 2507 τὸν
2473 2453 2625 2522 λόγον
2673 2454 2762 2506 τόν
2807 2471 2866 2506 τε
2913 2453 3122 2506 ἀστεῖον
3168 2453 3262 2505 καὶ
3319 2451 3405 2506 τὸν
3445 2451 3727 2516 ὑπαίτιον,“

2335 2544 2591 2616 ἑκάτερον
2649 2545 3185 2614 ὲπισημειωσάμενον
3237 2543 3630 2615 γνωρίσμασιν,
3683 2541 3723 2592 ὁ)

2337 2635 2637 2705 ἀσύγχυτος
2663 2637 2841 2691 αὑτῶν
2874 2639 2903 2690 ό
2927 2637 3082 2704 λόγος
3110 2637 3195 2706 είη
3225 2636 3408 2707 μηδενὶ
3435 2635 3536 2688 τῶν
3574 2651 3727 2688 κοινω

2335 2745 2442 2780 των
2461 2727 2568 2798 (17)
2591 2727 2838 2781 ὲπιθολού
2849 2745 3024 2798 μενος.
3041 2729 3246 2798 Σημεῖα
3265 2727 3320 2780 δὲ
3343 2726 3439 2796 τῆς
3454 2725 3700 2796 ἐκατέρου
3726 2749 3727 2764 ι

2334 2817 2536 2870 τούτων
2578 2817 2836 2888 ίδιότητός
2892 2819 3007 2871 ἐστι
3040 2819 3137 2888 μὲν
3182 2817 3310 2880 ἴσως
3357 2817 3448 2869 καὶ
3487 2815 3617 2869 ἄλλα
3647 2833 3726 2867 τιν

659 2910 880 2980 preprie
923 2919 1261 2981 competunt,
1294 2911 1495 2967 fuerint
1523 2911 1776 2970 fortassis
1809 2925 1861 2968 et
1891 2915 2030 2979 aliae,
2073 2923 2232 2970 caete-

2121 2923 2232 2970 κίε-
2260 2896 2301 2953 C
2335 2906 2389 2960 δὲ
2415 2906 2747 2979 γενικώτερα
2774 2907 2880 2961 τῶν
2909 2907 3102 2974 ἄλλων,
3133 2907 3272 2961 κατά
3302 2923 3366 2975 γε
3400 2908 3495 2978 τὴν
3532 2905 3666 2978 ἐμὴν
3696 2907 3722 2958 ὑ

659 3002 736 3057 ris
793 3010 994 3067 tamen,
1049 3010 1110 3056 ut
1168 3003 1301 3057 milii
1355 3003 1679 3074 persuadeo,
1723 3007 1896 3074 magis
1952 3005 2231 3075 generales

659 3101 787 3148 sunt
828 3093 947 3149 ista:
980 3111 992 3145 :
1030 3093 1279 3148 videlicet
1319 3095 1651 3164 voluptatem
1707 3103 1760 3149 et
1795 3094 2230 3159 delectationem,

658 3195 781 3250 quae
823 3181 1137 3237 hominibus
1190 3180 1258 3235 ab
1301 3182 1434 3251 ipsis
1461 3182 1715 3252 obtingit,
1750 3183 1946 3252 partim
2001 3183 2068 3237 ad
2106 3199 2232 3238 sen-

659 3287 801 3337 sum,
844 3273 1039 3342 partim
1071 3271 1140 3325 ad
1189 3273 1430 3326 animum
1483 3275 1796 3342 pertinere;
1848 3290 1974 3328 nam
2022 3275 2230 3328 malitia

659 3377 878 3416 sensum
902 3362 1120 3432 quidem
1148 3362 1414 3429 oblectat;
1449 3363 1628 3418 virtus
1661 3365 1901 3418 animum
1942 3365 2228 3420 exltilarat.

659 3448 870 3514 Quibus
923 3464 1267 3519 consequens
1297 3459 1380 3506 est
1412 3458 1470 3504 ut
1503 3450 1973 3509 commendatione
2000 3461 2054 3510 et
2086 3457 2230 3510 vitu-

660 3540 936 3609 peratione
979 3540 1311 3596 audientium
1353 3550 1561 3598 mentes
1590 3559 1621 3596 a
1658 3545 1802 3600 vitiis
1857 3545 2074 3615 quidem
2136 3547 2231 3602 ab-

659 3636 1016 3693 sterreantur,
1049 3632 1116 3686 ad
1145 3633 1401 3687 virtutem
1431 3649 1555 3688 vero
1586 3634 1934 3690 inducantur.
1964 3637 2228 3708 Improbze

659 3719 803 3772 enim
859 3719 984 3774 vita:
1015 3721 1200 3775 odium
1257 3723 1539 3792 ingenerat
1570 3724 1813 3794 ejusdem
1851 3727 2226 3797 reprehensio.

657 3813 726 3864 At
756 3811 1054 3868 honestatis
1089 3814 1328 3870 laudatio
1361 3815 1696 3873 desiderium
1725 3820 2007 3874 meliorum
2037 3836 2232 3877 accen-

658 3899 755 3954 dit.
793 3901 988 3959 Postea
1024 3913 1081 3959 ut
1117 3906 1240 3959 vita:
1270 3906 1512 3963 honesta:
1535 3911 1937 3967 commendatio
1959 3913 2232 3968 ellicacior

659 3991 940 4060 efﬁciatur,
993 4005 1046 4050 et
1112 3997 1357 4051 vivacior
1411 3999 1780 4069 improbitatis
1836 4003 2228 4072 reprehensio,

660 4086 864 4140 mentio
895 4085 1143 4141 facienda
1177 4095 1261 4143 est
1303 4104 1512 4154 eorum,
1548 4091 1642 4160 qui
1679 4092 1899 4146 virtutis
1932 4093 2232 4160 pulchritu-

659 4177 784 4232 dine
821 4179 1217 4246 excelluerunt,
1271 4195 1568 4250 eorumque
1596 4183 1688 4252 qui
1719 4182 1870 4238 vitiis
1901 4191 1955 4238 et
2010 4183 2230 4254 ﬂagitiis

660 4268 1036 4326 innotuerunt.
1083 4270 1340 4341 Exempla
1390 4274 1534 4328 enim
1610 4273 1951 4328 diversorum
2013 4276 2228 4331 vivendi

659 4377 914 4430 generum
974 4372 1097 4434 apte
1125 4364 1427 4435 proposita,
1457 4365 1622 4420 animi
1655 4365 1995 4422 aﬁectiouem
2032 4377 2084 4422 et
2115 4368 2232 4423 dis-

663 4453 987 4520 positionem
1039 4456 1329 4510 intcndunt
1358 4467 1412 4512 et
1447 4457 1750 4523 stabiliunt,
1783 4474 1878 4530 Spe
1909 4466 2141 4514 mentem
2165 4459 2230 4514 ad

661 4545 862 4614 Optima
893 4563 1118 4617 quaeque
1171 4551 1431 4605 sectanda
1485 4560 1540 4605 et
1573 4551 1801 4607 colenda
1833 4552 2137 4619 alliciente;
2180 4561 2234 4607 et

663 4635 1085 4705 reprehensione
1102 4641 1406 4710 eorutnqui
1431 4642 1597 4695 vitam
1631 4643 1952 4711 ﬁagitiosam
1983 4649 2230 4712 egerunt,

664 4726 732 4780 ad
781 4725 967 4797 fugam
1027 4735 1080 4783 et
1145 4730 1564 4788 detestationem
1614 4734 1878 4790 similium
1927 4735 2231 4789 studiorum

662 4817 947 4872 erudiente
977 4825 1030 4872 et
1061 4818 1342 4874 incitante.
1373 4820 1572 4876 Praeter
1598 4823 1712 4878 haec
1759 4824 1942 4879 omnia
1976 4839 2231 4880 necessa-

662 4905 806 4960 rium
854 4910 978 4973 erit,
1009 4909 1298 4982 utrobique
1337 4919 1503 4966 totam
1535 4913 1764 4967 docendi
1810 4915 2074 4970 rationem
2125 4916 2229 4968 mi-

663 5000 849 5056 nutius
882 5001 1037 5071 quasi
1086 5003 1363 5059 concisam
1395 5004 1708 5070 instituere;
1733 5020 1858 5080 nam
1896 5005 1979 5060 vel
2009 5005 2060 5060 id
2088 5007 2231 5076 quod

662 5097 872 5145 rectum
904 5099 958 5146 et
988 5094 1372 5148 honestumest
1386 5096 1814 5163 demonstrabit;
1850 5097 1932 5152 vel
1959 5113 1987 5150 a
2020 5097 2231 5151 facino-

662 5179 816 5239 ribus
858 5181 1266 5252 dehortabitur;
1327 5185 1399 5238 ita
1451 5191 1507 5238 ut
1539 5185 1605 5240 ad
1635 5185 1767 5239 illud
1815 5187 2030 5257 quidem
2060 5187 2230 5241 docu-

657 5273 864 5328 mentis
891 5272 1222 5342 quibusdam
1268 5282 1319 5330 et
1373 5276 1596 5331 monitis
1647 5277 1802 5346 quasi
1845 5293 2005 5330 manu
2067 5277 2232 5331 ducat

658 5361 1000 5430 auditorem;
1034 5363 1101 5417 ab
1125 5364 1469 5433 improbitate
1495 5373 1675 5419 autem
1714 5367 1960 5421 eumdem
1994 5380 2088 5434 per
2110 5381 2228 5420 ser-

663 5467 856 5510 mones
898 5453 965 5508 ad
990 5455 1420 5510 debortationem
1449 5457 1724 5527 appositus
1764 5455 2017 5512 abducat.

739 5677 850 5816 (ἰδὲ
875 5676 971 5732 Ed.
995 5680 1178 5749 cmi].

741 5747 828 5815 (t7
885 5746 1045 5805 Forte
1078 5765 1178 5803 zou

741 5748 785 5815 (t
800 5746 850 5815 7)
885 5746 1045 5805 Forte
1078 5746 1409 5807 κοίνούντων.

2334 3003 2447 3073 ψιν,
2494 3001 2608 3055 ἐστι
2657 3000 2853 3055 ταῦτα’
2882 3001 2955 3053 Τὸ
2999 2998 3322 3071 μεμερίσθαι
3373 2998 3508 3070 πρὸς
3555 2997 3728 3067 uiae-qs

2333 3091 2426 3144 καὶ
2468 3090 2705 3143 διάνοιαν
2747 3089 2843 3158 τὴν
2885 3089 3236 3158 ὲγγινομένην
3282 3089 3393 3150 τοῖς
3437 3086 3728 3158 ἀνθρώποις

2333 3183 2511 3236 αὑτῶν
2558 3182 2930 3252 εὐφροσύνην·
2980 3179 3079 3250 τῆς
3115 3180 3212 3249 μὲν
3244 3179 3439 3242 κακίας
3466 3177 3728 3248 ἠδυνούστ

2333 3272 2602 3344 αἴσθησιν,
2632 3273 2730 3342 τῆς
2772 3272 2827 3324 δὲ
2867 3271 3068 3342 ἀρετῆς
3123 3269 3222 3340 τὴν
3266 3269 3441 3339 ψυχὴν
3491 3270 3728 3339 εὑφραινι

2344 3365 2467 3418 Ἐπὶ
2499 3364 2705 3426 τούτοις
2744 3363 2808 3416 ἂν
2854 3363 2938 3432 εἴη
2975 3359 3262 3415 ἀκόλουθον
3299 3360 3364 3413 δι’
3397 3359 3679 3430 εὐφημίας
3710 3376 3728 3411 ἰ

2331 3453 2581 3524 διαϐολῆς
2630 3453 2728 3524 τὴν
2773 3452 2879 3506 τῶν
2927 3453 3230 3506 ἀκουόντων
3285 3449 3527 3503 διάνοιαν
3577 3451 3728 3518 ἀπάγ

2330 3545 2424 3598 τοῦ
2480 3545 2741 3617 χείρονος,
2793 3543 2887 3598 καὶ
2941 3543 3315 3615 προσοικειούν
3363 3543 3444 3613 τῷ
3498 3541 3728 3612 βελτίονι

2337 3635 2434 3706 μὲν
2461 3633 2555 3687 τοῦ
2603 3633 2842 3704 πονηροῦ
2880 3633 2993 3703 βίου
3039 3633 3289 3704 διαϐολῆς
3321 3632 3382 3685 τὸ
3432 3634 3595 3702 μῖσος
3643 3631 3728 3702 πρ;

2333 3724 2527 3778 κακίαν
2554 3723 2821 3794 φερούσης
2841 3740 2854 3752 ο
2896 3721 2987 3775 τοῦ
3025 3721 3082 3774 δὲ
3113 3722 3219 3775 τῶν
3249 3720 3474 3789 ἀγαθῶν
3508 3719 3728 3773 ὲπαίνοι

2332 3816 2390 3869 τὸ
2434 3815 2805 3885 εὐφημότερον
2837 3814 2932 3885 τὴν
2982 3812 3273 3883 ἐπιθυμίαν
3308 3811 3724 3881 ὲφελκομένου.

2332 3905 2488 3960 τοῦτο
2542 3906 2597 3959 δὲ
2653 3905 2728 3967 ὡς
2779 3903 2843 3958 ἂν
2888 3905 3238 3976 ἐνεργότερον
3291 3904 3386 3958 τοῦ
3443 3903 3669 3973 ἀγαθοῦ
3715 3901 3728 3972 ξ

2331 3993 2605 4064 ἐγκώμιον
2638 3993 2864 4061 γένοιτο,
2912 3993 3003 4046 καὶ
3048 3993 3420 4062 ὲμψυχότερος
3475 3994 3506 4045 ὁ
3551 3991 3654 4044 τοῦ
3697 4009 3728 4060 χ

2330 4086 2515 4156 ψόγος,
2549 4084 2726 4138 αὑτῶν
2756 4086 3023 4156 προσήκει
3047 4084 3154 4137 τῶν
3184 4086 3241 4136 ὲν
3267 4085 3439 4155 ἀρετῇ
3473 4082 3728 4153 θαύμασε

2334 4178 2426 4229 καὶ
2455 4176 2560 4229 τῶν
2586 4178 2642 4228 ἐν
2675 4176 2840 4246 κακίᾳ
2869 4176 3331 4245 κατεγνωσμένων
3364 4175 3472 4246 τὴν
3513 4176 3628 4244 μνή
3641 4191 3727 4243 μη

2335 4265 2548 4337 σασθαι.
2595 4264 2872 4316 Ἑπίτασιν
2914 4263 3021 4334 γάρ
3067 4279 3188 4317 τινα
3222 4263 3322 4332 τῆς
3353 4263 3416 4313 ἐν
3453 4263 3526 4331 τῇ
3563 4260 3728 4329 ψυχῇ

2335 4375 2471 4421 σεως
2501 4359 2718 4428 ἐμποιεῖ
2763 4357 2856 4410 καὶ
2890 4355 3233 4427 βεϐαιότητα,
3267 4352 3648 4426 προφανέντα
3681 4355 3728 4403 τι

2332 4448 2399 4503 τὰ
2452 4449 2840 4519 ὑποδείγματα,
2879 4447 3014 4518 πρὸς
3060 4447 3155 4517 τὴν
3197 4445 3303 4498 τῶν
3352 4444 3626 4514 ἀρίστων
3659 4442 3728 4511 ὀμ

2331 4539 2432 4610 τῆς
2473 4539 2686 4602 ἐλπίδος
2723 4538 2821 4609 τὴν
2870 4536 3046 4607 ψυχὴν
3092 4534 3498 4605 ὲφελκομένης,
3567 4531 3679 4584 καὶ
3720 4548 3728 4563 ·

2332 4631 2440 4684 τῶν
2474 4629 2934 4700 κατεγνωσμένων
2963 4627 3214 4697 διαϐολῆς
3239 4626 3375 4696 πρὸς
3418 4624 3726 4692 ἀποφυγή

2333 4723 2685 4791 ἀλλοτρίωσιν
2728 4721 2837 4774 τῶν
2875 4719 3074 4789 ὁμοίων
3127 4716 3616 4788 ἐπιτηδευμάτων
3683 4731 3728 4764 π

2334 4813 2550 4882 ϐούσης.
2605 4812 2726 4864 Ἐπὶ
2756 4813 2888 4864 πᾶσι
2918 4809 2974 4863 δὲ
3005 4807 3212 4872 τούτοις
3237 4809 3566 4877 ἀναγκαῖον
3605 4806 3684 4858 ἂν
3722 4824 3728 4855 ι

2335 4904 2591 4974 ἑκάτερον
2619 4901 2821 4955 τούτων
2868 4900 3176 4972 λεπτομερῆ
3219 4917 3341 4953 τινα
3376 4899 3728 4953 διδασκαλία

2337 4995 2551 5057 σασθαι,
2599 4995 2634 5065 ἢ
2691 4993 2785 5046 καὶ
2836 4992 2895 5044 τὸ
2953 4994 3197 5062 κρεῖττον
3241 4989 3539 5055 ὑποδείξει
3585 4987 3705 5043 καὶ

2332 5086 2419 5156 ψει
2475 5085 2585 5156 (l8)
2639 5084 2732 5137 τοῦ
2773 5083 3049 5154 χείρονοςο
3094 5083 3229 5153 πρὸς
3258 5081 3428 5135 τοῦτο
3490 5082 3611 5151 μὲν
3671 5081 3728 5132 ὑπ

2332 5179 2471 5232 τισὶν
2524 5178 2617 5231 καὶ
2659 5177 2986 5247 συμϐουλαῖς
3029 5174 3296 5246 όδηγοῢσα
3335 5174 3449 5245 τὴν
3492 5174 3728 5243 ἀκοὴν,

2334 5270 2440 5324 τῶν
2497 5269 2753 5340 χειρόνων
2805 5265 2894 5319 διὰ
2948 5266 3055 5319 τῶν
3104 5264 3560 5336 ἀποτρεπτικῶν
3627 5262 3727 5316 ἀπ

2332 5361 2525 5430 λόγων.

2415 5673 2548 5740 (17‘)
2589 5670 2710 5724 Τῶν
2750 5669 3044 5740 ἑκατέρων,
3064 5668 3150 5724 ed.

2412 5741 2524 5813 (l8)
2576 5741 2894 5812 ’Λποστήσει
2928 5740 3086 5795 forte.
