4054 6436
280 358 371 415 657

1656 355 1720 409 IN
1761 352 2096 410 PSALMOS.

3401 341 3503 397 438
3529 359 3535 362 ·

331 463 548 519 τούτων
565 463 782 519 δὲοῦτω
809 465 1313 536 διευκρινηθέντων,
1344 465 1530 536 ἐπειδὴ
1561 465 1831 535 δυσπαρά-

2012 482 2108 538 llis
2157 481 2304 536 hunc
2346 479 2402 533 in
2441 477 2661 533 modum
2700 473 3014 543 dijudicatis
3069 481 3123 528 et
3169 473 3504 538 constitutis,

277 556 445 612 δεκτόν
479 557 598 608 ἐστι
627 559 695 626 τῇ
739 556 897 625 φύσει
946 558 1053 610 πᾶν
1079 556 1139 608 τὸ
1167 555 1303 627 πρὸς
1329 555 1521 626 ἡδονὴν
1547 555 1838 624 ἀλλοτρίως

278 646 381 714 ἔχον
437 644 656 715 (ἡδονὴν
702 645 761 698 δὲ.
811 645 954 714 λέγω
1000 645 1096 716 τὴν
1134 645 1227 698 τοῦ
1275 644 1524 716 σώματος
1563 645 1721 715 φίλην
1742 662 1756 674 ο
1803 647 1836 716 ἡ

278 737 371 806 γὰρ
421 737 524 804 τῆς
578 735 759 804 ψυχῆς
815 737 1116 807 εὐφροσύνη
1177 735 1354 806 πολλῷ
1407 736 1484 807 τῷ
1543 736 1690 806 μέσῳ
1741 737 1837 808 τῆς

276 827 452 894 ἀλόγου
501 845 564 880 τε
619 828 715 880 καὶ
761 826 1200 899 ὰνδραποδώδους
1254 828 1582 898 ἡδυπαθείας
1629 828 1838 898 ἀπῴκι-

280 919 401 986 σται)
430 917 543 986 (l9)
569 935 583 948 ο
618 919 748 971 ἴδιον
791 918 848 970 δὲ
886 920 1106 990 σημεῖον
1137 919 1397 989 ἑκατέρου
1427 917 1533 970 τῶν
1569 918 1716 988 βίων,
1742 920 1835 973 τοῦ

276 1011 320 1060 ἐν
350 1011 518 1080 ἀρετῇ
560 1026 621 1061 τε
667 1011 761 1063 καὶ
793 1010 980 1080 κακίᾳ,
1023 994 1180 1063 τοῦτο
1210 1010 1568 1081 προλαϐόντες
1601 1013 1838 1081 ἐπέγνω-

281 1117 360 1170 μεν
387 1100 527 1168 (20),
569 1101 652 1153 ὃτι
675 1100 763 1154 διὰ
797 1101 894 1170 μὲν
913 1104 1011 1171 τῆς
1041 1101 1239 1165 κακίας
1291 1101 1640 1155 κολακεύεται
1680 1104 1834 1173 ἡμῶν

277 1193 329 1243 τὰ
352 1195 451 1261 τῆς
500 1191 705 1262 σαρκὸς
751 1192 1098 1263 αἰσθητήρια,
1133 1194 1167 1262 ἡ
1212 1191 1268 1244 δὲ
1313 1192 1479 1262 ἀρετὴ
1523 1192 1700 1263 ψυχῆς
1733 1195 1837 1246 εὑ-

278 1284 503 1353 ιξροσύνη
568 1286 682 1345 τοῖς
753 1281 1126 1355 κατορθώσασι
1181 1283 1406 1350 γίνεται.
1461 1285 1585 1347 Τοῖς
1638 1283 1694 1336 δὲ
1741 1283 1835 1338 νῦν

278 1375 641 1442 εἰσαγομένοις
669 1373 805 1444 πρὸς
835 1374 924 1426 τὸν
950 1373 1276 1446 ὑψηλότερον
1313 1375 1448 1444 βίον,
1487 1369 1567 1438 οἷς
1608 1376 1687 1428 ἔτι
1725 1376 1833 1445 (ﬁl)

278 1463 354 1516 τοῦ
381 1463 550 1516 καλοῦ
571 1466 852 1535 κριτήριον
877 1466 908 1534 ἡ
936 1465 1182 1534 αἴσθησις
1201 1463 1338 1519 εἶναι
1357 1466 1521 1529 δοκεῖ,
1550 1465 1702 1519 οὔπω
1724 1466 1834 1536 (2‘2)

281 1554 461 1616 ἱκανῶς
493 1554 606 1623 ἔχει
637 1554 878 1623 καθορᾷν
906 1555 965 1608 τὸ
995 1556 1195 1623 ἀγαθὸν
1233 1558 1266 1625 ἡ
1301 1555 1464 1626 ψυχὴ,
1495 1555 1837 1626 ἀγύμναστος

280 1646 343 1696 ἔτι
368 1647 465 1697 καὶ
493 1645 672 1715 ἀήθης
694 1641 827 1698 οὖσα
859 1650 956 1716 τῆς
985 1647 1236 1716 τοιαύτης
1265 1648 1658 1718 κατανοήσεως.
1694 1649 1836 1719 Πρὸς

279 1735 322 1788 δὲ
345 1736 397 1788 τὸ
435 1736 511 1806 μὴ
543 1736 943 1807 γνωριζόμενον
973 1739 1137 1802 ἅπαν,
1166 1739 1270 1793 κᾶν
1297 1741 1376 1792 ὅτι
1411 1740 1642 1809 μάλιστα
1672 1741 1834 1794 καλὸν

279 1821 323 1896 ᾗ.
352 1827 609 1893 ἀκίνητος
643 1827 797 1897 ἡμῶν
837 1829 872 1898 ἡ
917 1828 1180 1897 ἐπιθυμία
1228 1830 1398 1900 μένει,
1442 1831 1734 1899 ἐπιθυμίας
1777 1833 1832 1885 δὲ

284 1919 340 1986 μὴ
368 1919 854 1990 προϋπαρχούσης,
895 1920 1002 1973 οὐδ’
1034 1920 1098 1974 ἂν
1133 1921 1292 1992 ἡδονή
1327 1939 1408 1983 τις
1445 1922 1717 1990 ἐγγένοιτο
1740 1923 1832 1976 τοῦ

282 2010 340 2078 μὴ
382 2010 728 2079 ποθουμένου
784 2013 1126 2083 πράγματος,
1167 2013 1282 2076 ὁδὸς
1319 2015 1428 2084 γὰρ
1463 2017 1543 2078 είς
1569 2015 1759 2086 ἡδονὴν
1805 2018 1832 2068 ὁ

282 2100 415 2163 πόθος
443 2103 683 2169 γίνεται.
738 2103 1072 2172 Ἀναγκαίως
1106 2106 1388 2177 ἐπινοῆσαι
1423 2123 1475 2159 τι
1519 2107 1624 2178 χρὴ
1655 2107 1864 2180 τοιοῢέ

280 2207 352 2242 τον
373 2194 485 2254 τοῖς
516 2195 685 2262 μήπω
713 2198 812 2264 τῆς
853 2195 1130 2266 ἀκηράτου
1175 2197 1270 2249 καὶ
1298 2196 1445 2260 θείας
1487 2198 1678 2268 ἡδονῆς
1709 2215 1834 2268 γευ-

280 2285 533 2352 σαμένοις,
593 2287 661 2339 δι’
720 2279 781 2339 οὗ
829 2288 1412 2358 συμπαραδεχθήσεται
1469 2293 1568 2361 τῆς
1633 2292 1833 2363 ἀρετῆς

279 2376 332 2426 τὰ
353 2375 683 2447 διδάγματα,
702 2379 790 2433 διά
812 2396 956 2442 τινος
983 2381 1090 2433 τῶν
1115 2381 1214 2450 τὴν
1239 2380 1490 2451 αἴσθησιν
1517 2382 1834 2452 εὐφραινόν-

277 2483 362 2518 των
402 2468 783 2540 ὲφηδυνόμενα
820 2470 953 2541 (25),
1005 2471 1258 2542 καθάπερ
1315 2473 1409 2526 καὶ
1463 2476 1577 2535 τοῖς
1627 2475 1832 2544 ἰατροῖς

279 2561 423 2611 ποιεῖν
472 2560 726 2630 σύνηθες,
786 2562 913 2614 ὅταν
945 2579 998 2615 τι
1047 2561 1242 2634 πικρόν
1285 2579 1345 2616 τε
1394 2563 1488 2616 καὶ
1534 2562 1831 2634 δύσληπτον

275 2649 364 2701 τῶν
425 2651 808 2722 ἀλεξητηρίων
877 2654 1184 2724 φαρμάκων
1265 2654 1530 2725 εὔληπτον
1600 2655 1805 2707 ποιοῦσι

277 2742 366 2803 τοῖς
396 2743 768 2813 ἁῤῥωστοῦσι,
806 2747 872 2814 τῇ
915 2743 1008 2798 τοῦ
1059 2745 1272 2816 μέλιτος
1311 2746 1468 2817 ἡδονῇ
1502 2747 1832 2818 παραρτύον-

273 2847 361 2894 τις.
394 2833 450 2885 Et
482 2834 546 2886 δὲ
572 2834 793 2896 τελείως
821 2837 953 2905 ἡμῖν
982 2838 1014 2906 ἠ
1055 2837 1332 2908 είσαγωγὴ
1361 2837 1452 2890 τοῦ
1481 2840 1599 2891 κατ’
1631 2839 1830 2911 ἀρετὴν

276 2920 368 2988 βίον
393 2925 474 2977 διὰ
519 2925 626 2977 τῶν
658 2925 958 2996 εἰρημένων
980 2929 1420 3000 τετεχνολὸγηται
1461 2931 1594 3000 (24),
1621 2931 1696 2994 ὡς
1720 2931 1828 2985 δεῖν

271 3015 522 3085 πρότερον
567 3017 667 3086 μὲν
712 3018 805 3069 ἀπ’
839 3017 1081 3088 ἀλλήλων
1122 3019 1352 3090 χωρίσαι
1381 3020 1450 3073 τὰ
1479 3022 1694 3075 ἐναντία
1721 3022 1829 3075 τῶν

1941 589 2063 629 cum
2100 580 2308 627 natura:
2354 577 2558 625 nostrae
2599 567 2822 622 omnino
2854 565 3138 620 adversum
3167 566 3259 630 sit,
3291 580 3504 619 onmem

1940 665 2154 735 penitus
2191 664 2518 732 voluptatem
2552 659 2840 729 repudiare
2864 657 3217 726 (voluptatem
3241 656 3364 710 dico
3384 671 3500 710 corr

1939 755 2055 824 pori
2072 753 2368 823 jucundam
2391 769 2405 817 ;
2436 765 2560 805 nam
2582 749 2832 818 voluptas
2852 746 3021 800 animi
3044 745 3204 815 longo
3227 747 3508 800 intervallo

1940 862 1971 900 a
2016 845 2244 900 rationis
2294 852 2518 913 experte
2569 849 2624 896 et
2671 839 2856 895 servili
2907 837 3266 892 delectatione
3297 836 3506 902 distat),

1938 938 2212 1008 propriam
2231 952 2359 991 vero
2382 943 2565 990 notam
2613 932 2901 1000 utriusque
2929 930 3073 994 vitae,
3125 927 3265 996 ejus,
3298 928 3509 981 scilicet

1938 1043 2059 1097 quae
2089 1025 2494 1096 virtutijstudet,
2515 1034 2570 1080 et
2603 1024 2741 1093 ejus,
2765 1036 2886 1092 quae
2918 1020 3256 1090 improbitati
3288 1019 3506 1074 addicta

1937 1126 2039 1182 est,
2080 1132 2244 1188 supra
2297 1115 2769 1177 constituerimus,
2805 1111 2950 1181 quod
2999 1111 3110 1164 vita
3151 1110 3297 1164 vitiis
3324 1109 3504 1164 dedita

1939 1224 2134 1264 sensus
2181 1221 2480 1276 eorumque
2530 1219 2732 1273 organa
2793 1201 3130 1266 demulceat;
3181 1201 3286 1252 vita
3325 1207 3505 1253 autem

1937 1299 2150 1354 virtutis
2184 1298 2430 1354 studiosa
2460 1304 2670 1351 mentes
2695 1303 2840 1350 recte
2869 1293 3142 1361 agentium
3180 1291 3431 1344 oblectet.
3465 1291 3506 1344 li

1937 1404 2064 1444 vero
2090 1390 2181 1459 qui
2216 1389 2285 1442 ad
2327 1387 2700 1443 sublimiorem
2752 1385 2918 1440 vitam
2979 1392 3228 1437 rccenter
3283 1383 3502 1442 initiati,

1939 1478 2139 1548 quibus
2162 1478 2303 1531 ratio
2331 1477 2544 1532 honesti
2573 1473 2927 1544 dignoscendi
2953 1474 3130 1526 adhuc
3151 1473 3360 1526 videtur
3384 1488 3506 1526 esse

1938 1585 2154 1636 sensus,
2221 1568 2538 1622 inﬁrmioris
2612 1575 2738 1622 sunt
2788 1567 2973 1630 animi,
3045 1581 3207 1634 quam
3269 1574 3326 1617 ut
3371 1566 3503 1618 satis

1939 1660 2228 1729 perspicue
2250 1658 2590 1713 honestatem
2632 1656 2830 1709 intueri
2862 1655 3095 1717 valeant,
3127 1669 3248 1708 cum
3273 1664 3502 1710 mentem

1943 1749 2120 1802 adhuc
2147 1747 2358 1812 rudem,
2407 1755 2459 1801 ct
2488 1747 2542 1800 in
2577 1745 2886 1814 hujusmodi
2932 1746 3006 1799 rei
3042 1744 3502 1814 contemplatione

1944 1839 2354 1893 inexercitatam
2383 1838 2651 1899 habeant;
2679 1844 2733 1890 et
2763 1835 2827 1888 ad
2853 1834 2904 1887 id
2936 1835 3081 1904 quod
3112 1835 3369 1903 lignotum
3393 1843 3496 1898 est,

1935 1931 2063 1984 licet
2119 1928 2546 1998 pulcherrimum
2596 1928 2688 1989 sit,
2747 1927 2968 1979 immota
3026 1934 3240 1978 maneat
3289 1940 3502 1994 semper

1933 2021 2162 2089 cupido;
2194 2021 2342 2073 nulla
2390 2028 2571 2073 autem
2615 2019 2852 2072 humana
2910 2025 3184 2086 prmeunte
3226 2017 3498 2085 cupidine,

1939 2111 2086 2164 nulla
2117 2112 2278 2165 etiam
2313 2109 2604 2165 delectatio
2627 2109 2706 2162 rei
2742 2122 2848 2162 non
2873 2107 3194 2161 desideratae
3220 2119 3502 2175 exsurgat:

1934 2214 2060 2254 nam
2087 2200 2172 2253 via
2203 2199 2268 2253 ad
2293 2197 2706 2253 delectationem
2730 2205 2814 2252 est
2843 2196 3153 2265 cupiditas;
3185 2196 3384 2252 talibus
3415 2212 3503 2251 ne-
3598 2251 3601 2254 .

1937 2290 2180 2346 ccssario
2215 2289 2418 2360 aliquid
2447 2288 2758 2358 hujusmodi
2805 2289 3219 2356 excogitandum
3251 2298 3353 2352 est,
3409 2288 3499 2357 qui

1934 2381 2166 2437 necdum
2206 2396 2353 2451 purae
2378 2389 2430 2436 et
2460 2379 2654 2434 divinae
2686 2379 2832 2434 illius
2865 2378 3154 2448 voluptatis
3183 2387 3312 2432 sunt
3343 2393 3500 2448 capa-

1931 2489 2042 2540 ces,
2077 2489 2186 2544 quo
2239 2482 2495 2543 tanquam
2539 2472 2720 2526 medio
2767 2471 2986 2525 virtutis
3051 2471 3379 2525 documenta
3447 2481 3500 2525 et

1932 2565 2183 2621 instituta
2223 2564 2385 2619 simul
2439 2564 2722 2633 percipere
2772 2570 2994 2632 queant,
3033 2563 3215 2632 aliquo
3268 2578 3333 2616 ex
3389 2563 3500 2617 illis

1932 2671 2054 2726 qua:
2090 2669 2312 2710 sensum
2385 2653 2649 2708 deliniunt
2725 2654 2913 2707 suavia
2963 2653 3173 2708 ellecta.
3229 2653 3387 2718 Quod
3447 2664 3499 2707 et

1931 2746 2158 2800 medicis
2193 2746 2247 2799 in
2273 2759 2423 2798 more
2445 2745 2684 2814 positum
2707 2751 2808 2809 est,
2840 2758 2962 2797 cum
2993 2755 3236 2796 amarum
3261 2751 3502 2813 potuque

1931 2837 2284 2906 injucundum
2346 2835 2799 2890 medicamentum
2869 2849 3036 2890 suave
3089 2844 3138 2888 et
3197 2834 3496 2903 jucundum

1931 2929 2148 2998 aegrotis
2204 2926 2464 2992 elliciunt,
2504 2927 2631 2981 dum
2660 2926 2790 2980 illud
2823 2927 2996 2982 mellis
3051 2927 3341 2982 dulcedine
3363 2943 3497 2983 con-

1927 3017 2106 3073 diunt.
2146 3016 2200 3070 Si
2255 3017 2418 3087 igitur
2449 3016 2686 3086 perfecte
2747 3031 2776 3068 a
2832 3015 2990 3069 nobis
3027 3015 3219 3069 tradita
3257 3025 3339 3070 est
3378 3017 3500 3071 vita:-

269 3102 725 3176 ἐπιτηδευμάτων,
760 3104 876 3160 εἶτα
908 3109 1164 3180 ἑκάτερον
1203 3110 1379 3163 αὐτῶν
1413 3111 1488 3181 τῷ
1533 3113 1646 3183 ἰδίῳ
1689 3131 1828 3180 γνω-

1934 3113 2134 3162 εοιιειαι
2183 3107 2475 3171 institutio,
2510 3106 2784 3168 videlicet,
2825 3105 2969 3174 quod
3005 3105 3370 3159 necessarium
3404 3107 3494 3168 sit,

268 3194 466 3264 ρίσματι
512 3198 946 3268 σημειώσασθαι,
983 3200 1075 3253 καὶ
1109 3200 1247 3271 μετὰ
1285 3201 1442 3255 τοῦτο
1469 3202 1529 3256 τὸ
1562 3205 1658 3272 μὲν
1701 3204 1828 3258 ἀπο-

271 3286 511 3354 σεμνύναι
551 3290 636 3355 τῷ
664 3289 829 3359 λόγῳ,
858 3290 919 3342 τὸ
945 3291 1000 3343 δὲ
1029 3291 1258 3360 φευκτὸν
1286 3293 1350 3344 ὲκ
1382 3293 1630 3364 διαϐολῆς
1657 3295 1830 3365 ἀπερ-

273 3376 515 3441 γάσασθαι
537 3397 554 3409 ο
589 3381 707 3442 τοῖς
740 3397 799 3432 τε
823 3379 931 3433 τῶν
953 3383 1237 3452 ἐπισήμων
1262 3383 1469 3454 ἀνδρῶν
1499 3385 1826 3455 ὑποδείγμα-

268 3481 337 3517 σιν
361 3469 672 3542 ὲπιρῷσαι
707 3472 843 3541 πρὸς
873 3473 1128 3540 ἑκάτερον
1153 3472 1250 3543 τὴν
1281 3473 1540 3537 διάνοιαν,
1578 3478 1672 3529 καὶ
1708 3480 1829 3540 ταῖς

264 3563 495 3627 μερικαίς
531 3560 848 3631 ὑποθήκαις
890 3563 989 3632 τήν
1013 3579 1074 3614 τε
1103 3563 1238 3633 πρὸς
1259 3563 1318 3615 τὸ
1350 3564 1549 3631 ἀγαθὸν
1590 3565 1829 3632 ἄγουσαν

261 3648 361 3701 ὀπὴν
390 3652 701 3718 ὑποδεῖξαι,
752 3653 846 3705 καὶ
883 3654 1187 3725 ἀποτρέψαι
1230 3654 1322 3707 τοῦ
1357 3657 1625 3725 χείρονος’
1673 3658 1736 3710 τό
1768 3675 1827 3710 τε

259 3744 625 3814 κατεσκληκὸς
656 3746 752 3798 καὶ⁵
792 3745 1058 3815 ἀνδρῶδες
1096 3749 1196 3816 τῆς
1224 3747 1444 3818 ἀρετῆς,
1479 3748 1574 3817 ἡδὺ
1603 3753 1824 3818 ποιῆσαι

257 3833 353 3893 τοῖς
402 3836 767 3905 νηπιάζουσι,
815 3837 904 3889 διά
951 3855 1093 3900 τινος
1138 3838 1246 3891 τῶν
1290 3839 1685 3908 εὑφραινόντων
1726 3841 1824 3910 τὴν

257 3921 491 3996 αἴσθησιν
542 3927 711 3999 ἡμῶν
739 3928 1178 3999 γλυκαινόμενον,
1220 3931 1410 4000 καιρὸς
1447 3930 1511 3983 ἂν
1533 3931 1616 4002 εἴη
1657 3948 1825 3985 κατα-

251 4019 447 4084 νοῆσαι,
481 4020 615 4083 πῶς
665 4019 756 4072 διὰ
798 4022 896 4091 τῆς
941 4019 1306 4091 θεωρηθείσης
1352 4020 1554 4092 ταύτης
1592 4022 1829 4092 τεχνολο-

252 4102 381 4169 γίας,
407 4110 566 4162 πᾶσα
599 4111 878 4179 προῆκται
899 4111 1032 4180 ἡμῖν
1055 4112 1088 4180 ἡ
1113 4110 1198 4163 διὰ
1215 4109 1322 4163 τῶν
1336 4110 1563 4182 ψαλμῶν
1583 4111 1829 4166 διδασκα-

247 4193 347 4259 λία,
412 4204 520 4270 τῆς
576 4219 644 4254 τε
691 4202 891 4266 κακίας
937 4202 1269 4274 ἀπείργουσα
1311 4204 1405 4258 καὶ¹
1448 4205 1583 4276 πρὸς
1628 4206 1826 4278 ἀρετὴν

250 4285 590 4363 ὲζελκομένη
601 4333 616 4346 ,

1929 3200 2082 3270 prius
2104 3213 2354 3267 separare
2388 3212 2417 3250 a
2457 3211 2515 3252 se
2546 3206 2736 3250 mutuo
2764 3196 3014 3266 Opposita
3048 3195 3168 3250 vita:
3189 3211 3406 3266 genera,
3444 3209 3500 3250 et

1931 3293 2010 3346 sic
2029 3291 2288 3360 deinceps
2316 3299 2611 3359 utrumque
2633 3290 2748 3344 suis
2773 3291 2917 3344 notis
2940 3288 3253 3344 discernere
3284 3299 3336 3343 et
3363 3288 3502 3342 deli-

1931 3385 2071 3445 nire,
2099 3389 2152 3436 et
2184 3391 2296 3435 tum
2320 3382 2519 3435 docere
2547 3380 2774 3435 alterum
2797 3382 3043 3434 oratione
3072 3379 3404 3435 elferendum
3443 3391 3499 3434 et

1931 3473 2430 3538 cohonestandum;
2488 3473 2740 3537 alterum,
2790 3471 3021 3541 utquod
3070 3471 3256 3542 fugere
3291 3472 3500 3532 deceat,

1931 3565 2331 3636 vituperatione
2372 3561 2709 3617 allicicndum
2769 3577 2923 3628 esse;
2972 3565 3234 3632 exemplis
3287 3579 3503 3633 quoque

1933 3656 2226 3710 illustrium
2291 3655 2530 3707 virorum
2587 3651 2991 3706 conﬁrmandas
3038 3659 3090 3705 et
3145 3653 3500 3706 concitandas

1932 3753 2140 3799 mentes
2185 3744 2250 3797 ad
2281 3750 2589 3810 utrumque,
2649 3749 2703 3795 et
2759 3742 3088 3809 specialibus
3149 3742 3501 3796 documentis

1929 3837 2092 3895 viam,
2117 3849 2237 3904 qua:
2262 3833 2412 3887 ducit
2432 3832 2502 3885 ad
2529 3832 2755 3895 rectum,
2787 3832 3197 3896 ostendendam,
3223 3841 3279 3887 et
3310 3834 3376 3887 ab
3400 3835 3501 3886 im-

1933 3923 2204 3994 probitate
2227 3922 2467 3975 animum
2493 3920 2905 3982 abducendum;
2933 3922 3263 3990 virtutisque
3293 3923 3502 3991 asperi-

1928 4025 2112 4081 tatem,
2132 4022 2186 4070 et
2205 4014 2419 4068 virilem
2439 4014 2597 4083 quasi
2622 4014 2990 4076 severitatem,
3016 4015 3166 4067 velut
3197 4014 3498 4068 infantibus

1926 4108 2357 4179 temperandam,
2390 4121 2594 4176 perque
2628 4105 2829 4174 aliquid
2866 4105 3009 4174 quod
3055 4107 3239 4159 sensui
3287 4118 3497 4174 gratum

1932 4202 2025 4267 sit,
2074 4200 2424 4270 mitigandam
2466 4213 2622 4262 esse;
2681 4205 2894 4266 tempus
2946 4195 3056 4265 jam
3107 4196 3321 4264 exigere
3357 4195 3501 4249 vidc—

1931 4300 2042 4357 tur,
2079 4299 2137 4347 ut
2167 4291 2541 4360 explanemus,
2597 4288 2872 4358 quomodo
2925 4285 3221 4342 secundum
3255 4296 3422 4339 artem
3445 4293 3503 4338 ct

245 4382 510 4439 rationem
545 4384 911 4455 explicatam,
946 4384 1144 4440 tradita
1163 4386 1321 4443 nobis
1343 4387 1414 4443 sit
1436 4403 1532 4459 per
1577 4389 1823 4448 Psalmos
1883 4388 2063 4448 omnis
2118 4383 2390 4447 doctrina,
2436 4397 2556 4452 quae
2584 4395 2615 4434 a
2667 4380 2872 4434 malitia
2923 4393 3026 4434 nos
3064 4386 3371 4442 avertat,et
3431 4379 3498 4431 ad

245 4475 454 4536 virtutis
483 4481 745 4536 studium
776 4480 1092 4537 inﬂammet.

798 4614 1192 4670 ΚΕΦΑΛΑΙΟΝ
1230 4616 1281 4669 Γ¹
1289 4658 1301 4671 .

303 4775 538 4842 Πρῶτον
600 4775 818 4840 τοίνυν,
872 4777 935 4829 ὲκ
989 4775 1096 4849 γὰρ
1139 4777 1247 4830 τῶν
1306 4778 1624 4834 τελευταίων
1674 4784 1835 4854 ἀρχό-

242 4862 373 4927 μεθα
402 4866 526 4935 (25)
556 4867 666 4936 τῆς
696 4867 1012 4932 ἐξετάσεως,
1043 4869 1406 4939 σκοπήσωμεν
1445 4871 1541 4942 τὴν
1572 4874 1832 4938 ἐπίνοιαν,

241 4949 300 5000 δι’
327 4949 396 5023 ἧς
424 4955 583 5008 οὕτω
617 4956 861 5025 σκληρὰν
898 4974 956 5008 τε
991 4958 1083 5010 καὶ
1118 4958 1362 5012 σύντονον
1388 4955 1552 5013 οὖσαν
1577 4961 1674 5032 τὴν
1716 4962 1834 5016 κατ’

244 5038 436 5113 ἀρετὴν
465 5045 778 5109 πολιτείαν,
810 5046 908 5116 τήν
955 5064 1013 5100 τε
1067 5047 1172 5101 τῶν
1217 5049 1528 5122 μυστηρίων
1575 5052 1830 5121 αἰνιγμα-

251 5131 380 5200 τιὶἰιη
410 5135 797 5202 διδασκαλίαν,
833 5138 926 5190 καὶ
957 5137 1050 5209 τὴν
1072 5139 1373 5214 ἀπόρρητόν
1394 5159 1452 5196 τε
1475 5143 1566 5194 καὶ
1586 5158 1753 5210 κεκρυ
1762 5159 1830 5212 μ-

256 5219 410 5290 μένην
443 5223 567 5294 (26)
599 5226 941 5295 δυσεφίκτοις
982 5226 1283 5300 θεωρήμασι
1329 5232 1633 5303 θεολογίαν,
1662 5231 1831 5296 οὕτως

260 5308 514 5381 εὔληπτόν
548 5333 614 5368 τε
649 5317 740 5368 καὶ
756 5317 1009 5385 γλυκεῖαν
1041 5320 1298 5404 ἐποίησεν²
1325 5333 1403 5399 ὡς
1435 5328 1515 5402 μὴ
1552 5323 1712 5396 μόνον
1746 5341 1832 5376 τε-

336 5629 443 5694 (ἰίὶ
471 5632 599 5683 Ἔτι
641 5629 748 5683 om.
773 5634 856 5687 ed.

348 5699 447 5771 (ﬁ)
471 5700 653 5763 Οὕτω,
674 5699 754 5754 ed.

2536 4621 2762 4680 CAPUT
2802 4621 2889 4677 Ill.

2003 4785 2278 4856 Principio
2327 4784 2492 4856 igitur
2542 4784 2609 4854 (a
2656 4784 2950 4854 postremis
2999 4781 3141 4837 enim
3189 4781 3500 4854 ordiemur)

1935 4893 2156 4934 causam
2195 4876 2573 4943 indagabimus
2593 4913 2608 4938 ,
2645 4875 2714 4928 ob
2741 4890 2903 4944 quam
2925 4913 2940 4938 ,
2979 4888 3102 4927 cum
3135 4872 3269 4927 adeo
3299 4875 3408 4926 vita
3433 4888 3500 4926 ex

1934 4972 2137 5026 virtute
2187 4977 2304 5023 acta
2358 4968 2592 5022 dilIicilis
2639 4969 2710 5022 sit
2755 4973 2809 5022 ct
2853 4966 3064 5030 ardua;
3119 4963 3501 5034 mysteriorum

1937 5067 2118 5116 tamen
2170 5068 2226 5113 et
2270 5059 2580 5113 divinorum
2626 5063 2960 5113 secretorum
3009 5055 3404 5125 aenigmaticam
3449 5063 3496 5108 et

1937 5151 2285 5206 umbratilem
2313 5150 2618 5204 doctrinam
2639 5187 2654 5211 ,
2686 5156 2739 5203 et
2770 5146 3241 5217 inexplicabihbus
3293 5145 3496 5198 involu-

1938 5251 2046 5297 tam
2101 5241 2432 5313 tegumentis
2480 5239 2845 5310 theologicam
2898 5238 3340 5298 institutionem,
3391 5242 3499 5287 tam

1938 5332 2151 5388 facilem
2181 5339 2344 5401 captu
2374 5339 2420 5388 et
2450 5330 2749 5400 jucundam
2786 5328 3024 5383 elIecerit
3048 5368 3062 5393 ,
3095 5335 3153 5382 ut
3197 5343 3303 5380 non
3338 5323 3495 5377 modo

2150 5506 2311 5592 [orte
2334 5509 2417 5574 ἐφ’
2442 5500 2834 5592 ᾧὶὴδυνὸμεθα.

2013 5577 2125 5643 (24)
2153 5577 2311 5631 Forte
2331 5577 2742 5644 τεχνολογεῖται.

2012 5646 2124 5713 (9.5)
2168 5645 2504 5714 Ἀρχώμεθα,
2537 5646 2624 5699 ed.

2011 5715 2120 5783 (ἢὸ)
2151 5714 2517 5788 Κεκριμένην,
2538 5717 2624 5770 ed.
