4054 6436
661 444 769 501 459

1919 452 1975 507 S.
2016 452 2339 511 GREGORII
2365 456 2658 513 NYSSENI

662 558 763 613 viri
792 556 1050 627 perfecti,
1096 568 1150 615 et
1195 561 1396 630 quibus
1421 562 1533 632 jam
1578 564 1747 618 animi
1789 579 1949 621 sensa
1996 582 2201 636 perpur'

2322 570 2481 633 λείοις
2506 569 2727 641 ἀνδράσι
2755 570 2865 633 τοῖς
2894 569 2994 639 ἤδη
3027 565 3457 639 κεκαῦαρμένοις
3488 568 3556 621 τὰ
3590 551 3738 639 ⁴τῆς
3771 570 3842 641 ψι

657 658 782 719 gata
815 659 980 717 sunt,
1010 651 1373 706 eruditionem
1422 654 1562 709 hanc
1600 663 1982 726 assequamur,
2030 658 2124 712 sed
2161 666 2220 712 ut

656 740 903 796 eamdem
930 749 985 796 et
1019 743 1272 799 mulieres
1305 743 1408 798 sibi
1444 753 1697 815 tanquam
1732 751 2007 817 propriam
2042 749 2220 803 vindi-

655 838 816 897 cent;
870 830 1305 903 infantibusque,
1353 837 1773 905 crepundiorum
1814 839 2008 903 instar,
2059 840 2217 895 volu-

655 931 858 993 ptatem
894 927 1066 994 pariat
1097 944 1111 992 ;
1142 935 1195 980 et
1224 926 1515 997 decrepitis
1543 929 1722 984 baculi
1768 942 1821 985 ct
1852 932 2050 1001 quietis
2096 932 2215 987 loco

653 1017 897 1085 obtingat
922 1033 943 1081 ;'
967 1018 1042 1071 illi
1080 1034 1240 1085 vero,
1272 1020 1472 1088 quibus
1515 1029 1645 1076 aetas
1693 1022 1867 1099 viget,
1910 1023 2073 1093 hujus
2119 1024 2216 1079 do-

569 1129 573 1133 ·
652 1110 843 1162 ctrina:
867 1108 1067 1162 donum
1098 1124 1258 1163 suum
1293 1126 1415 1165 esse
1442 1110 1753 1166 existiment
1781 1131 1795 1178 ;
1834 1114 1877 1169 is
1908 1122 2086 1168 autem
2123 1115 2215 1185 qui

651 1198 797 1252 tristi
830 1206 914 1253 est
947 1198 1129 1252 animo
1158 1207 1212 1253 et
1244 1200 1385 1254 male
1417 1201 1608 1256 affecto
1643 1202 1713 1256 ob
1741 1212 1994 1257 eventum
2028 1220 2215 1273 quem-

650 1289 829 1355 piam,
878 1299 1100 1359 propter
1146 1307 1205 1345 se
1253 1292 1536 1361 scripturae
1587 1293 1748 1362 hujus
1795 1296 2022 1363 gratiam
2074 1295 2214 1349 divi-

650 1378 799 1432 nitus
840 1379 1059 1433 missam
1103 1396 1224 1434 esse
1270 1383 1474 1436 credat.
1518 1382 1598 1435 Ad
1636 1383 1784 1448 hac,
1828 1386 1921 1453 qui
1970 1384 2072 1439 iter
2116 1401 2211 1439 seu

649 1477 794 1519 terra
844 1482 940 1521 seu
983 1469 1120 1521 mari
1159 1469 1403 1535 faciunt,
1442 1472 1646 1540 quique
1686 1473 2024 1526 sedentarias
2065 1481 2211 1527 artes

650 1565 945 1620 exercent,
991 1564 1046 1613 et
1093 1567 1151 1612 ut
1198 1575 1310 1613 rem
1358 1562 1413 1614 in
1454 1577 1625 1630 pauca
1665 1562 1973 1627 conferam,
2020 1579 2210 1618 omnes

647 1654 755 1698 tam
788 1648 890 1700 viri
923 1665 1083 1717 quam
1131 1650 1422 1714 mulieres,
1464 1652 1829 1725 quodcunqpe
1870 1655 1990 1707 vita:
2038 1671 2209 1721 genus

648 1744 945 1802 sectentur,
980 1738 1109 1807 :cgri
1142 1739 1304 1792 simul
1350 1756 1413 1794 ac
1462 1740 1634 1805 firmi,
1688 1743 1945 1796 damnum
1993 1760 2051 1797 se
2101 1748 2207 1812 pati

646 1827 1008 1892 arbitrantur,
1044 1830 1088 1884 si
1125 1844 1231 1883 non
1267 1845 1479 1900 semper
1514 1833 1566 1885 in
1607 1848 1701 1887 ore
1745 1834 2029 1887 sublimem
2068 1836 2206 1889 hanc

2321 663 2642 734 αἰσθητήρια
2677 663 2775 733 τὴν
2812 658 3156 715 διδασκαλίαν
3202 658 3405 729 ταύτην
3465 660 3842 725 σπουδάζεσί

2320 752 2453 805 ἀλλὰ
2500 752 2721 822 καὶτῆς
2762 749 3192 815 γυναικωνίτιδος
3229 748 3355 801 ίδιον
3405 748 3686 817 γενέσθαι
3730 753 3842 805 κτῖ

2320 844 2413 895 καὶ
2438 842 2648 913 νηπίοις
2680 840 2755 905 ῶς
2788 859 2840 894 τι
2877 840 2983 894 τῶν
3014 841 3339 911 ἀθυρμάτων
3368 840 3562 911 ἡδονὴν
3581 842 3838 913 φέρειν,

2317 937 2427 996 τοῖς
2470 933 2944 1003 παρηλικεστέροις
3001 931 3110 1000 (27)
3154 932 3273 985 ἀντὶ
3330 930 3651 1003 βακτηρίας
3718 951 3792 985 τε.

2316 1024 2673 1087 ἀναπαύσεως
2704 1024 2965 1093 γίνεσθαι,
3000 1024 3090 1075 τόν
3122 1039 3180 1094 τε
3216 1022 3689 1093 φαιδρυνόμενον,
3733 1026 3842 1076 ὲαι

2316 1116 2554 1186 νομίζειν
2605 1112 2738 1168 εἶναι
2788 1116 2885 1185 τῆς
2941 1113 3285 1176 διδασκαλίας
3330 1114 3533 1184 ταύτης
3587 1116 3661 1169 τὸ
3719 1117 3842 1186 δῶρ

2316 1208 2407 1261 καὶ
2440 1208 2528 1259 τὸν
2557 1206 2892 1277 σκυθρωπῶς
2924 1210 2984 1259 ἐκ
3025 1207 3392 1277 περιστάσεως
3435 1206 3842 1278 διακείμενονἲ

2315 1298 2474 1351 αὐτὸν
2504 1299 2707 1351 οἴεσθαι
2746 1298 2842 1368 τὴν
2872 1296 3123 1366 τοιαύτην
3163 1298 3262 1366 τῆς
3304 1298 3522 1368 γραφῆς
3558 1299 3749 1369 χάριν
3788 1299 3842 1352 δε

2314 1389 2457 1443 σθαι.
2501 1387 2927 1458 Ὀδοιποροῦντές
2984 1405 3041 1439 τε
3092 1387 3226 1458 πρὸς
3279 1389 3486 1449 τούτοις
3536 1389 3649 1441 καὶ
3719 1387 3838 1441 θαλ

2312 1481 2555 1543 τεύοντα
2603 1481 2910 1550 ἄνθρωποι,
2960 1479 2992 1548 ἡ
3038 1495 3177 1530 τισιν
3226 1479 3552 1548 ἐπιδιφρίοις
3615 1480 3842 1547 ἐργασί

2312 1571 2854 1642 προσασχολούμενοι,
2913 1572 3004 1622 καὶ
3050 1569 3248 1631 πάντες
3299 1569 3409 1639 (28)
3451 1570 3834 1635 ἁπαξαπλῶς

2312 1667 2475 1718 πᾶσιν
2526 1664 2942 1734 ἐπιτηδεύμασιν
2995 1663 3183 1732 ἄνδρες
3239 1678 3297 1713 τε
3350 1661 3443 1713 καὶ
3491 1663 3815 1728 γυναῖκες,

2313 1757 2467 1826 ὑγεία
2496 1772 2552 1808 τε
2588 1757 2681 1808 καὶ
2712 1755 3006 1825 ἀρρωστίᾳ,
3033 1753 3232 1823 ζημίαν
3265 1750 3566 1815 ποιοῦνται,
3602 1752 3673 1804 τὸ
3713 1752 3800 1823 μὴ
3837 1780 3842 1795 ο

2313 1846 2575 1916 στόματος
2623 1846 2720 1915 τὴν
2775 1845 2980 1915 ὑψηλὴν
3028 1844 3229 1913 ταύτην
3281 1842 3639 1895 διδασκαλίαν
3697 1844 3842 1913 φέρε

649 1918 1047 1971 institutionem
1096 1920 1503 1974 circumferant.
1542 1920 1659 1975 Jam
1700 1939 1829 1977 vero
1871 1933 1925 1977 et
1957 1926 2201 1978 convivia

2314 1905 2453 2003 Ἤδη
2489 1905 2569 1987 δὲ-
2594 1905 2689 1987 καί
2721 1935 2789 1987 τὰ
2822 1905 3120 2004 συμπόσια,
3160 1905 3254 1986 καὶ
3301 1935 3358 1985 αἱ
3389 1934 3636 2002 γαμικαὶ
3686 1905 3842 2002 qun-8,

647 2019 699 2057 et
729 2008 997 2076 nuptiales
1026 2010 1326 2065 hilaritates
1353 2012 1747 2081 philosophiam
1787 2014 1955 2079 hanc,
1989 2023 2048 2068 ut
2078 2031 2204 2084 par--

648 2107 755 2151 tem
790 2101 1022 2162 lzetitiaa,
1054 2101 1169 2155 suis
1199 2102 1633 2169 jucunditatihus
1663 2105 1974 2167 asciscunt,
2021 2112 2081 2157 ut
2122 2115 2207 2158 ta-

648 2202 870 2242 ceamus
901 2190 1139 2242 divinam
1175 2190 1323 2242 illam
1359 2191 1413 2243 in
1448 2194 1732 2247 nocturnis
1777 2193 2076 2262 pervigiliis
2114 2212 2208 2263 per

642 2278 883 2346 psalmos
914 2279 1126 2333 institui
1157 2281 1375 2334 solitam
1411 2282 1760 2351 hymnodiam
1788 2325 1802 2347 ,
1840 2283 2206 2355 Ecclesizeque

641 2368 699 2421 in
754 2368 839 2424 his
896 2368 1251 2425 decantandis
1297 2378 1605 2425 accuratam
1655 2372 2018 2429 sedulitatem.

711 2523 844 2587 Quae
877 2524 1038 2594 igitur
1067 2539 1233 2580 causa
1260 2524 1550 2581 ineﬂahilis
1581 2526 1726 2580 illius
1752 2527 2068 2597 voluptatis,
2101 2544 2210 2598 qua

640 2623 835 2670 cantus
863 2631 994 2671 suos
1025 2632 1253 2687 magnus
1272 2616 1442 2672 David
1468 2618 1707 2686 perfudit
1732 2636 1746 2684 ;
1776 2620 1847 2673 ob
1875 2634 2036 2689 quam
2070 2621 2208 2677 adeo

635 2716 791 2777 grata
832 2717 884 2763 et
914 2720 1131 2777 accepta
1154 2716 1237 2764 est
1287 2711 1609 2766 mortalibus
1656 2710 1993 2766 Psalmorum
2037 2713 2208 2768 disci-

635 2799 833 2869 plina?
881 2798 1140 2854 Fortasse
1182 2800 1354 2854 cuivis
1403 2811 1713 2871 promptum
1760 2802 1923 2857 fuerit
1985 2819 2208 2859 causam

633 2891 839 2956 dicere,
862 2902 1084 2961 prOpter
1111 2907 1275 2961 quam
1297 2891 1432 2946 adeo
1451 2893 1804 2957 delectamur,
1831 2910 1952 2948 cum
1975 2895 2040 2949 ad
2060 2895 2209 2950 Psal-

636 2998 756 3039 mos
784 2997 969 3037 curam
1000 2990 1054 3038 et
1086 2983 1469 3051 cogitationem
1502 2984 1889 3040 convertimus.
1909 2983 2208 3039 Verborum

633 3077 778 3130 enim
841 3076 1131 3130 melodiam
1187 3084 1477 3144 aptamque
1519 3076 1945 3129 concinnitatem
1986 3091 2207 3130 causam

633 3182 779 3231 esse,
797 3181 895 3219 cur
919 3172 1068 3217 tanta
1098 3166 1297 3218 mentis
1323 3164 1611 3218 dulcedine
1633 3164 1824 3218 dcillis
1849 3165 2203 3219 disseramus.

634 3255 747 3324 Ego
766 3269 915 3319 vero,
945 3254 1049 3309 etsi
1070 3254 1122 3307 id
1155 3270 1340 3306 verum
1368 3269 1491 3308 esse
1519 3254 1711 3309 lubens
1734 3254 1929 3319 fateor,
1952 3256 2205 3311 existimo

633 3356 813 3399 tamen
837 3344 941 3398 hoc
965 3345 1141 3414 ipsum
1168 3359 1277 3397 non
1306 3346 1738 3412 praetereundum
1759 3385 1774 3410 ,
1797 3346 1892 3401 sed
1918 3347 2205 3416 diligenter

632 3434 1033 3490 discutiendum
1056 3450 1200 3489 esse.
1228 3434 1452 3488 Videtur
1481 3437 1625 3490 enim
1658 3439 1834 3505 majus
1863 3438 2120 3507 quiddam
2149 3449 2203 3494 et

633 3524 986 3594 praestantius
1035 3524 1303 3580 insinuari
1350 3541 1513 3594 quam
1570 3528 1725 3581 multi
1772 3519 2059 3596 judicent,
2107 3544 2202 3597 per

632 3615 1033 3685 philosOpliiam
1069 3618 1119 3671 in
1145 3618 1374 3672 melodia
1406 3619 1805 3689 verborumque
1829 3622 2201 3675 modulatione

631 3710 816 3763 sitam.
852 3708 994 3775 Quid
1038 3710 1203 3779 igitur
1247 3720 1366 3777 est,
1406 3714 1555 3781 quod
1587 3714 1754 3767 volo?
1793 3714 1989 3768 Audivi
2022 3730 2200 3784 quem-

629 3800 754 3854 dam
785 3817 848 3855 ex
882 3801 1190 3871 sapientum
1221 3818 1484 3868 numero,
1517 3820 1640 3859 cum
1674 3805 1742 3859 de
1774 3786 1967 3860 natura
2000 3818 2195 3861 nostra

629 3891 940 3956 dissereret,
959 3894 1225 3949 allirmare
1241 3894 1512 3950 hominem
1530 3912 1652 3951 esse
1668 3912 1893 3966 parvum
1907 3897 2166 3951 mundum
2180 3937 2193 3961 ,

628 3984 811 4035 omnia
842 3984 897 4037 iu
925 4000 985 4039 se
1013 3986 1458 4054 complectentem
1486 4027 1498 4050 ,
1532 4003 1652 4055 quae
1679 3989 1734 4041 iu
1765 4004 1962 4057 magno
1994 3989 2196 4043 mundo

629 4076 999 4145 reperiuntur.
1045 4077 1115 4130 At
1159 4077 1397 4131 universi
1443 4077 1611 4146 hujus
1655 4078 1942 4146 dispositio
1983 4079 2195 4134 musica

626 4169 874 4239 quaedam
910 4171 1193 4240 harmonia
1224 4178 1277 4225 et
1308 4170 1687 4224 convenientia
1716 4178 1829 4231 est,
1873 4170 2193 4224 multiformi

627 4260 862 4326 quodam
894 4262 1157 4329 varioque
1183 4259 1378 4315 ordine
1403 4268 1457 4313 et
1489 4258 1859 4313 concinnitate
1885 4274 2068 4313 secum
2099 4274 2192 4312 eo-

624 4354 842 4424 pulata,
871 4355 1084 4424 sibique
1121 4355 1241 4424 ipsa
1271 4353 1662 4418 consentiens;
1707 4368 1737 4406 a
1777 4367 1886 4421 quo
1921 4361 2190 4407 concentu

624 4446 776 4499 nullo
799 4459 1038 4515 unquam
1065 4456 1306 4515 tempore
1333 4445 1491 4500 avelli
1519 4451 1727 4513 potest,
1760 4444 1882 4497 licet
1909 4444 2189 4512 multiplex

2310 2044 2485 2095 τητες,
2521 2026 2595 2088 ῶς
2630 2026 2793 2095 μέρος
2837 2025 3168 2095 εὐφροσύνης
3209 2024 3305 2095 τὴν
3336 2024 3665 2093 φιλοσοφίαν
3701 2025 3842 2077 ταύτ

2311 2120 2366 2170 ἐν
2420 2120 2539 2179 ταῖς
2591 2117 2873 2187 θυμηδίαις
2926 2116 3457 2187 παραλαμϐάνουσιν,
3490 2116 3583 2167 ἵνα
3632 2116 3842 2185 παρῶρ

2308 2207 2404 2275 τὴν
2433 2206 2609 2258 ἔνθεον
2652 2209 2708 2257 ἐν
2749 2207 2869 2267 ταῖς
2919 2204 3199 2273 παννυχίσι
3235 2203 3322 2256 δια
3354 2203 3559 2256 τούτων
3595 2205 3842 2274 ὐμνῳδίι

2310 2299 2401 2351 καὶ
2437 2297 2543 2349 τῶν
2592 2296 2890 2367 ἐκκλησιῶν
2935 2294 3373 2365 ἐσπουδασμένην
3403 2297 3459 2348 ὲν
3496 2294 3724 2358 τούτοις
3757 2295 3842 2363 cpt}

2313 2390 2519 2457 σοφίαν.

2379 2545 2473 2608 Τίς
2504 2543 2594 2598 οὖν
2619 2546 2650 2614 ἡ
2676 2545 2884 2598 ἐπίνοια
2923 2547 3021 2616 τῆς
3060 2547 3335 2617 ἁφράστου
3369 2546 3576 2617 ταύτης
3617 2546 3719 2599 καὶ
3751 2544 3841 2598 θεί

2309 2637 2520 2707 ἡδονῆς,
2550 2636 2615 2706 ἡν
2644 2637 2865 2707 κατέχεε
2894 2637 3001 2690 τῶν
3031 2638 3370 2707 διδαγμὰτων
3414 2640 3442 2689 ὁ
3488 2638 3672 2707 μέγας
3706 2637 3842 2689 Δαϐἳ

2308 2727 2395 2780 διὰ
2434 2724 2500 2799 ἧς
2550 2727 2690 2780 οὕτω
2744 2728 2967 2796 γέγονεν
3010 2729 3409 2798 εύπαράδεκτον
3463 2731 3532 2799 τῇ
3578 2728 3748 2797 φύσει
3788 2731 3842 2780 τί

2308 2818 2607 2888 ἀνθρώπων
2654 2818 2715 2871 τό
2763 2818 3023 2890 μάθημα;
3067 2820 3353 2891 πρόχειρον
3394 2820 3491 2890 μὲν
3541 2821 3676 2882 ἴσως
3732 2837 3842 2872 παν

2309 2910 2478 2961 εἰπεῖν
2506 2908 2602 2979 τὴν
2636 2909 2831 2971 αἰτίαν,
2872 2909 3088 2979 καθ’ἥν
3129 2913 3186 2964 ὲν
3227 2911 3386 2981 ἡδονῇ
3413 2910 3510 2981 τὴν
3561 2913 3622 2963 ὲν
3678 2910 3842 2963 τούτο

2312 2999 2539 3069 μελέτην
2568 2997 2879 3071 ποιούμεθα·
2916 3000 2975 3052 τὸ
3005 3000 3114 3070 γὰρ
3154 3000 3405 3070 μελῳδεῖν
3438 3001 3505 3053 τὰ
3536 3001 3783 3073 ῥήματα,
3814 3017 3841 3051 ε

2310 3111 2399 3146 ποι
2426 3111 2508 3157 τις
2532 3094 2597 3147 ἂν
2621 3095 2788 3146 αἴτιον
2832 3090 2968 3145 εἶναι
3016 3091 3110 3145 τοῦ
3158 3091 3273 3162 μεθ’
3298 3090 3487 3161 ἡδονῆς
3518 3090 3649 3161 περὶ
3681 3089 3840 3142 τούτο

2307 3188 2575 3252 διεξιέναι.
2622 3188 2759 3255 Ἐγὼ
2793 3186 2851 3238 δὲ
2890 3184 2993 3238 κᾶν
3017 3178 3264 3253 ἀληθὲςῇ
3296 3181 3473 3244 τοῦτο,
3504 3181 3650 3251 φημὶ
3671 3180 3781 3233 δεῖν
3814 3198 3840 3250 μ

2310 3279 2550 3350 παριδεῖν
2600 3278 2924 3347 ἀθεώρητον.
2950 3276 3132 3327 Ἐοικε
3178 3274 3286 3344 γὰρ
3333 3272 3512 3342 μεῖζόν
3555 3289 3630 3334 τι,
3660 3271 3694 3341 ἢ
3743 3288 3838 3323 κατ

2304 3372 2401 3441 τὴν
2446 3370 2553 3423 τῶν
2591 3367 2797 3421 πολλῶν
2830 3366 3063 3419 διάνοιαν
3110 3362 3524 3434 ὑποσημαίνειν,
3569 3363 3603 3432 ἡ
3646 3360 3735 3412 διὰ
3784 3358 3838 3410 τί

2307 3459 2565 3530 μελῳδίας
2603 3455 2905 3525 φιλοσοφία.
2936 3454 2999 3506 Τί
3045 3448 3136 3506 οὖν
3185 3454 3330 3504 ἐστιν
3363 3451 3391 3502 ὃ
3431 3450 3599 3520 (ptuit;
3632 3450 3836 3501 Ἤκουο

2301 3567 2443 3613 τινος
2471 3549 2578 3603 τῶν
2607 3549 2784 3619 σοφῶν
2811 3549 2901 3603 τὸν
2929 3548 3059 3620 περὶ
3089 3547 3188 3617 τῆς
3222 3546 3433 3614 φύσεως
3465 3544 3619 3615 ἡμῶν
3658 3543 3834 3608 διεξιόν

2300 3660 2389 3707 τος
2425 3642 2603 3710 λόγον,
2627 3642 2708 3694 ὅτι
2744 3640 2934 3711 μικρός
2980 3657 3062 3701 τις
3108 3637 3307 3707 κόσμος
3339 3634 3483 3687 ἐστὶν
3511 3634 3538 3685 ὁ
3568 3632 3834 3702 ἄνθρωπος

2301 3736 2475 3788 πάντα
2498 3733 2634 3803 ἔχων
2665 3734 2721 3784 ὲν
2759 3730 2935 3801 ἑαυτῴ
2957 3730 3022 3782 τὰ
3059 3726 3153 3781 τοῦ
3200 3727 3431 3797 μεγάλου
3463 3725 3685 3795 κόσμου.
3728 3722 3832 3775 Ἡὶ

2298 3824 2391 3877 τοῦ
2436 3823 2636 3884 παντὸς
2679 3821 3052 3891 διακόσμησις,
3090 3818 3323 3889 ἁρμονία
3355 3818 3435 3880 τίς
3476 3817 3590 3867 ἐστι
3638 3831 3832 3884 μουσικ

2298 3909 2586 3971 πολυειδῶς
2616 3911 2710 3962 καὶ
2744 3908 2999 3971 ποικίλως
3042 3908 3182 3961 κατὰ
3217 3924 3336 3959 τινα
3368 3904 3517 3969 τάξιν
3552 3906 3644 3958 καὶ
3667 3902 3830 3972 ρυθμὶ

2300 3995 2433 4065 πρὸς
2465 3993 2659 4065 ἑαυτὴν
2691 3994 3030 4065 ἡρμοσμένῃ,
3073 3995 3167 4046 καὶ
3211 3995 3375 4063 ἑαυτῇ
3426 3992 3739 4062 συνᾴδουσα,
3773 4009 3828 4042 κο

2299 4086 2565 4156 μηδέποτε
2613 4086 2723 4157 (‘29)
2754 4085 2851 4153 τῆς
2892 4083 3207 4154 συμφωνίας
3258 4082 3460 4152 ταύτης
3498 4080 3828 4150 διασπωμένη

2295 4178 2341 4227 εί
2370 4176 2461 4228 καὶ
2491 4175 2655 4245 πολλὴ
2699 4191 2782 4236 τις
2817 4175 2874 4226 ἐν
2916 4175 3026 4235 τοῖς
3076 4170 3196 4224 καθ’
3220 4170 3444 4224 ἕκαστον
3485 4171 3518 4237 ἡ
3558 4168 3660 4222 τῶν
3695 4169 3826 4221 όντω

2292 4265 2519 4336 διαφορὰ
2547 4265 2848 4336 θεωρεῖται.
2881 4258 3004 4316 Οἷον
3040 4264 3147 4333 γὰρ
3182 4263 3272 4316 ἐπὶ
3299 4260 3391 4316 τοῦ
3423 4261 3684 4332 πλήκτρου
3716 4261 3826 4328 γίνε

2291 4373 2380 4409 ται
2404 4357 2497 4409 τοῦ
2527 4356 2790 4424 τεχνικῶς
2812 4355 3116 4424 ἁπτομένου
3149 4353 3255 4406 τῶν
3287 4352 3473 4419 τόνων,
3507 4351 3594 4404 καὶ
3621 4351 3678 4402 τὸ
3698 4350 3823 4420 μέλει

2291 4443 2348 4497 ὲν
2397 4446 2463 4515 τῇ
2493 4444 2734 4514 ποικιλία
2772 4443 2879 4495 τῶν
2923 4442 3175 4511 φθόγγων
3224 4441 3579 4512 προάγοντος,
3622 4439 3693 4502 ὡς
3737 4441 3821 4507 είγη

624 4538 698 4592 sit
726 4539 781 4590 in
812 4536 1043 4607 singulis
1073 4552 1257 4591 rerum
1293 4537 1582 4605 generibus
1607 4534 1914 4590 differentia
1939 4542 1993 4589 et
2020 4544 2191 4588 muta-

2304 4535 2569 4605 μονοειδής
2597 4552 2680 4598 τις
2708 4536 2765 4587 ἐν
2789 4536 2952 4587 πᾶσιν
2991 4535 3019 4586 ὁ
3043 4533 3275 4601 φθόγγος
3302 4528 3391 4603 ἦν,
3412 4532 3515 4584 οὐδ’
3542 4530 3602 4584 ἂν
3629 4531 3822 4582 συνέστη

624 4628 721 4682 tio.
764 4626 919 4694 Quod
949 4628 1092 4681 enim
1138 4629 1193 4681 in
1235 4628 1441 4694 plectro
1488 4642 1583 4681 seu
1635 4628 2035 4690 instrumento,
2080 4641 2190 4695 quo

621 4721 871 4771 musicus
902 4718 1099 4782 utitur,
1129 4717 1433 4787 contingit,
1462 4717 1592 4771 dum
1625 4716 1923 4771 artificiose
1956 4716 2189 4771 chordas

619 4807 827 4877 tangit,
876 4815 1314 4877 concentumque
1358 4808 1622 4862 varietate
1670 4821 1930 4861 sonorum
1973 4809 2192 4862 concin-

620 4915 752 4953 num
799 4900 1078 4970 producit,
1119 4900 1194 4954 ita
1245 4908 1303 4953 ut
1345 4899 1393 4952 si
1438 4901 1493 4953 in
1542 4900 1797 4955 omnibus
1838 4900 1978 4955 idem
2021 4915 2187 4954 sonus

620 4997 799 5051 esset,
842 5002 1187 5057 nequaquam
1228 4978 1439 5041 varium
1482 4987 1613 5040 illud
1647 4990 1817 5045 melos
1845 4990 2184 5044 efﬁceretur:

618 5079 763 5133 idem
789 5078 843 5133 in
872 5079 1037 5148 hujus
1062 5078 1301 5134 universi
1327 5084 1754 5148 temperamento
1781 5080 1975 5134 accidit
2001 5098 2015 5145 ;
2045 5080 2187 5149 quod

616 5184 683 5221 ex
717 5168 1075 5239 Singularium
1106 5182 1289 5222 rerum
1319 5167 1681 5223 mutabilitate
1710 5178 1972 5222 constans
1994 5206 2009 5232 ,
2042 5168 2188 5222 ordi-

616 5269 745 5314 nata
793 5259 1026 5330 quadam
1066 5268 1119 5314 et
1160 5260 1483 5313 immutabili
1520 5260 1658 5314 serie
1705 5267 1757 5314 et
1809 5261 2187 5315 convenientia

618 5353 723 5407 sibi
765 5353 1126 5417 connectitur,
1155 5352 1501 5423 partiumque
1538 5366 1662 5405 cum
1691 5358 1806 5404 toto
1838 5352 2185 5406 concordiam

619 5457 675 5499 et
725 5444 1187 5515 conSpirationem
1237 5441 1509 5505 efficiens,
1563 5441 1937 5496 harmonicam
1987 5443 2185 5507 istam,

618 5536 831 5607 sibique
880 5551 947 5591 ex
986 5536 1132 5590 omni
1176 5543 1327 5604 parte
1372 5534 1750 5589 concinentem
1795 5532 2082 5588 melodiam
2135 5544 2187 5589 et

690 5747 798 5819 (27)
830 5748 1321 5819 Παρηλικωτέροις,
1348 5748 1439 5805 ed.

693 5817 803 5891 βε)
826 5820 886 5870 Οἱ
913 5817 1038 5873 add.
1071 5820 1156 5874 ed.

2294 4629 2510 4691 πάντως
2539 4627 2600 4679 τὸ
2630 4627 2817 4696 μέλοςο
2842 4625 3013 4689 οὕτως
3043 4625 3136 4679 καὶ
3172 4626 3205 4691 ἡ
3236 4623 3327 4677 τοῦ
3361 4624 3551 4687 παντὸς
3574 4625 3751 4693 κρᾶσις
3786 4624 3807 4675 ἕ

2295 4720 2556 4781 ποικίλοις
2583 4718 2688 4770 τῶν
2717 4716 2836 4771 καθ’
2860 4718 3085 4770 ἕκαστον
3133 4718 3190 4768 ἐν
3230 4714 3308 4785 τῷ
3347 4716 3530 4785 κόσμῳ
3556 4713 3820 4784 θεωρουμέο

2295 4828 2400 4864 νων
2425 4809 2511 4863 διά
2536 4825 2681 4871 τινος
2703 4807 3033 4877 τεταγμένου
3057 4824 3112 4859 τε
3150 4807 3242 4859 καὶ
3270 4806 3607 4877 ἁπαραόάτου
3643 4802 3818 4875 ῥυθμοί

2295 4901 2430 4969 αὑτὴ
2459 4899 2658 4968 ἑαυτῆς
2682 4899 2980 4968 ἁπτομένη,
3011 4898 3102 4950 καὶ
3140 4897 3236 4967 τὴν
3264 4896 3369 4949 τῶν
3423 4896 3587 4966 μερῶν
3620 4894 3740 4965 πρὸς
3775 4893 3818 4947 τί

2293 4992 2412 5046 ὅλον
2439 4991 2799 5061 εὐαρμοστίαν
2822 4990 3178 5061 ἐργαζομένη,
3209 4988 3305 5059 τὴν
3338 4989 3671 5059 παναρμόνιον
3702 4986 3816 5038 ταύ-

2292 5102 2390 5155 την
2424 5086 2480 5136 ὲν
2512 5083 2590 5153 τῷ
2620 5082 2780 5134 παντὶ
2808 5083 3133 5151 μουσουργεί
3162 5079 3447 5150 μελῳδίαν,
3486 5075 3546 5149 ῆς
3583 5076 3814 5148 ἀκροατὴς

2292 5178 2320 5227 ὁ
2350 5175 2472 5237 νοῦς
2498 5174 2722 5240 γίνεται,
2755 5172 2873 5225 κατ’
2897 5172 3047 5224 οὐδὲν
3088 5174 3153 5241 τῇ
3184 5172 3317 5241 ἀκοῇ
3348 5169 3512 5241 ταύτῃ
3548 5166 3813 5237 συγχρώμεμ

2293 5281 2402 5327 νος,
2439 5262 2551 5316 ἁλλ’
2583 5261 2942 5332 ὑπερκύπτων
2975 5260 3044 5314 τὰ
3071 5262 3168 5331 τῆς
3198 5260 3395 5329 σαρκὸς
3423 5257 3704 5329 αίσθητήρια
3735 5257 3812 5312 καὶ

2290 5355 2403 5409 ἄνω
2429 5356 2735 5424 γενόμενος,
2764 5352 2935 5415 οὕτως
2974 5353 3150 5405 ἐπαΐει
3181 5352 3281 5421 τῆς
3323 5350 3430 5403 τῶν
3461 5347 3667 5420 οὐρανῶν
3700 5348 3810 5417 ὑμνι

2294 5446 2478 5514 ῳδίας.
2512 5445 2610 5506 Ὠς
2647 5462 2733 5515 μοι
2767 5445 2911 5496 δοκεῖ
2961 5445 3053 5497 καὶ
3097 5446 3125 5495 ό
3163 5444 3332 5514 μέγας
3367 5441 3624 5513 ἀκηκοέναι
3651 5440 3795 5492 Δαϐιαῖ

2292 5537 2379 5589 ὅτε
2439 5535 2530 5589 διὰ
2576 5535 2678 5605 τῆς
2730 5534 3106 5605 θεωρουμένης
3146 5535 3322 5597 αὐτοῖς
3373 5531 3594 5601 τεχνικῆς
3631 5547 3679 5583 τε
3728 5531 3807 5586 καὶ

2369 5753 2479 5823 (29)
2511 5755 2757 5826 Μήποτε,
2789 5753 2871 5807 ed.
