4054 6436
339 298 436 355 ιιι

1695 301 1761 357 ΙΝ
1799 302 2141 359 PSALMOS.

3484 306 3590 360 £52

336 409 613 478 πανσόφου
644 412 934 480 κινήσεως,
968 409 1065 482 τὴν
1097 408 1252 475 δόξαν
1297 410 1390 465 τοῦ
1434 411 1490 464 ὲν
1538 410 1719 474 αὐτοῖς
1750 400 1900 466 ταῦτε

2025 420 2438 467 consonantiam
2478 413 2619 482 parit
2643 451 2657 474 ,
2696 413 2861 485 cui“
2880 413 3095 470 auditor
3122 423 3206 470 est
3232 414 3481 479 animus,
3518 416 3586 471 ab

334 498 685 570 ἐνεργοῦντος
722 499 857 552 Θεοῦ
891 499 1260 571 διηγουμένων
1286 500 1684 571 ὲπηκροάσατο.

2024 504 2212 558 auditu
2260 503 2365 558 hoc
2415 517 2675 572 corporeo
2713 514 3058 573 segregatus,
3099 512 3154 561 et
3192 521 3354 575 supra
3408 506 3591 563 carnis

331 590 498 660 hujus
529 605 901 661 sensuumque
924 608 1126 662 organa
1155 602 1375 648 evectus
1404 613 1416 647 :
1446 594 1526 649 sic
1550 594 1693 648 enim
1726 594 2033 650 caelestium
2063 603 2428 651 concentuum
2462 596 2519 649 tit
2545 611 2713 665 capax
2740 615 2756 663 ;
2814 611 2973 665 quos,
3004 611 3125 651 meo
3183 595 3407 665 judicio,
3471 608 3590 650 ma—
3632 607 3637 621 ‘

327 700 468 754 guns
500 683 690 739 itidem
710 684 882 740 David
905 687 1186 755 percepit,
1209 687 1429 756 quando
1454 703 1548 758 per
1573 688 1718 741 illam
1740 729 1754 753 ,
1787 706 1908 759 quae
1968 690 2023 744 in
2081 692 2236 745 caelis
2288 699 2542 760 apparet,
2591 690 3044 758 sapientissimam
3088 696 3140 742 et
3203 689 3588 747 artiticiosissi—

328 788 472 826 mam
539 776 872 845 motionem,
906 779 1132 849 gloriam
1184 779 1300 845 Dei,
1347 788 1555 836 motum
1607 781 1760 836 illum
1798 783 1853 837 in
1910 783 2229 838 coelestibus
2275 784 2596 854 corporibus
2644 783 2962 846 etlicientis,
3013 782 3185 838 caelos
3236 792 3585 853 enarrantes,

325 867 539 920 audivit
572 869 645 923 ’³.

400 1001 654 1071 Ἀληθῶς
686 1002 797 1074 γὰρ
824 1004 922 1075 τῆς
946 1004 1233 1072 ἀνεφίκτου
1261 1023 1319 1059 τε
1346 1007 1441 1060 καὶ
1472 1008 1746 1079 ἀφράστου
1778 1008 1912 1062 Θεοῦ

322 1093 511 1163 δόξης,
560 1092 735 1164 ὕμνος
779 1097 895 1148 ἐστὶ
920 1096 997 1166 τῷ
1055 1097 1278 1167 τοιούτῳ
1328 1100 1518 1170 ῥυθμῷ
1570 1101 1913 1171 προσαγόμε-

321 1202 405 1247 νος
433 1185 576 1254 (50),
611 1188 646 1253 ὴ
674 1187 773 1256 τῆς
806 1186 1032 1250 κτίσεως
1061 1188 1237 1258 πάσης
1271 1190 1404 1258 πρὸς
1434 1191 1631 1261 ἑαυτὴν
1661 1191 1908 1261 συνῳδία,

319 1276 405 1328 διὰ
460 1275 578 1328 τῶν
651 1277 909 1330 ἐναντίων
979 1279 1418 1350 συγκεκραμένη.
1470 1281 1752 1342 Ἐναντίως
1803 1280 1910 1352 γὰρ

321 1364 431 1434 ἔχει
463 1366 607 1435 πρὸς
641 1366 843 1436 ἄλληλα
875 1366 1060 1431 στάσις
1108 1369 1202 1420 καὶ
1253 1369 1481 1439 κίνησις.
1514 1370 1696 1424 Ταῦτα
1730 1371 1786 1424 δὲ
1822 1373 1909 1425 κέ-

321 1472 515 1526 κραται
555 1460 680 1526 μετ’
715 1444 957 1529 ἀλλήλων
997 1461 1054 1511 ἐν
1095 1461 1160 1529 τῇ
1220 1459 1377 1528 φύσει
1430 1459 1539 1513 τῶν
1576 1460 1764 1515 ὄντων.
1799 1464 1908 1515 Καί

320 1564 399 1610 τις
428 1548 719 1616 ἀμήχανος
748 1550 805 1601 ἐν
832 1550 1014 1612 αὐτοῖς
1040 1550 1335 1621 καθορᾶται
1374 1551 1481 1603 τῶν
1522 1553 1907 1622 ἀντικειμένων

2093 1006 2233 1062 Vere
2261 1008 2405 1062 enim
2451 1008 2743 1061 inaccessae
2770 1015 2825 1061 et
2858 1003 3259 1076 inexplicabilis
3291 1004 3476 1075 gloriae
3500 1004 3584 1060 di-

2027 1098 2162 1151 vinae
2191 1099 2425 1168 hymnus
2453 1113 2515 1152 ex
2563 1099 2664 1153 ista
2696 1097 3072 1152 Convenicntia
3111 1104 3306 1152 enatus
3334 1107 3454 1160 est,
3485 1112 3584 1152 cu-
3639 1087 3653 1100 ’

2013 1190 2241 1258 juslibet
2269 1197 2533 1244 creaturae
2557 1205 2740 1243 secum
2766 1197 2819 1244 et
2850 1204 2975 1244 cum
3007 1189 3133 1243 aliis
3159 1196 3456 1242 concentus
3474 1229 3488 1253 ,
3516 1203 3583 1243 ex

2017 1277 2308 1332 contrariis
2342 1284 2753 1346 attemperatus.
2789 1276 3073 1331 Contraria
3117 1277 3261 1330 enim
3307 1286 3436 1330 sunt
3469 1290 3585 1331 mo-

2016 1378 2106 1424 tus
2137 1376 2190 1423 ct
2219 1369 2396 1439 quies.
2429 1370 2496 1422 At
2538 1369 2653 1422 haec
2693 1377 2882 1422 mutuo
2917 1371 2971 1422 in
3006 1382 3184 1422 rerum
3225 1375 3417 1421 natura
3448 1375 3582 1422 tem-

2016 1465 2202 1526 perata
2247 1467 2404 1521 sunt,
2444 1456 2735 1525 videreque
2771 1465 2855 1513 est
2892 1457 2947 1510 in
2987 1458 3121 1525 ipsis
3160 1457 3576 1512 i‘nenarrabilem

2015 1547 2303 1616 quamdam
2356 1547 2754 1599 contrariorum
2812 1548 3121 1601 mistionem
3156 1589 3169 1613 ,
3219 1554 3279 1601 ut
3326 1548 3380 1602 in
3431 1557 3576 1603 motu

325 1639 481 1707 μίξις,
515 1640 597 1701 ὡς
637 1641 731 1692 καὶ
761 1642 818 1692 ὲν
852 1643 917 1711 τῇ
953 1642 1162 1710 κινήσει
1191 1642 1251 1694 τὸ
1296 1642 1553 1712 στάσιμον
1581 1642 1900 1710 δείκνυσθαι,

2013 1637 2169 1705 quies
2216 1637 2519 1700 elucescat,
2570 1645 2623 1689 et
2673 1637 2727 1689 in
2769 1652 2834 1691 eo
2881 1638 3026 1706 quod
3065 1653 3175 1691 non
3215 1648 3483 1702 movetur,
3524 1639 3575 1692 id

321 1730 409 1782 καὶ
441 1733 497 1783 ἐν
521 1729 615 1800 τῷ
642 1732 716 1801 μὴ
759 1732 1059 1801 κινουμένῳ
1084 1731 1143 1783 τὸ
1177 1732 1502 1803 ἀεικίνητον.
1535 1732 1778 1786 Κινεῖται
1810 1734 1908 1804 μὲν

324 1823 424 1891 γὰρ
461 1823 527 1875 τὰ
563 1824 693 1874 κατ’
730 1822 956 1892 οὐρανὸν
986 1823 1071 1875 ἀεὶ
1096 1824 1291 1887 πάντα,
1332 1823 1363 1893 ἢ
1403 1822 1479 1893 τῷ
1518 1824 1748 1876 ἀπλανεῖ
1780 1842 1910 1895 συμ-

324 1912 722 1982 πριπολοῦντα
776 1912 977 1982 κύκλῳ,
1014 1912 1045 1982 ἦ
1097 1913 1239 1967 κατὰ
1287 1912 1348 1966 τὸ
1392 1908 1628 1966 ἐναντίον
1669 1913 1757 1966 διὰ
1801 1916 1908 1968 τῶν

326 2003 611 2071 πλανητῶν
676 2003 1080 2073 ἀνελισσόμενα.
1132 2005 1367 2075 Ἔστηκε
1417 2005 1473 2058 δὲ
1527 2005 1753 2058 πάντοτε
1811 2007 1908 2060 καὶ

326 2092 408 2143 ἐπὶ
450 2093 550 2160 τῆς
595 2092 929 2162 ταυτότητος
965 2093 1112 2162 μένει
1140 2095 1168 2145 ὁ
1200 2096 1256 2147 ἐν
1299 2094 1507 2158 τούτοις
1546 2096 1751 2166 είρμὸς,
1785 2096 1906 2149 οὐδέ

328 2196 442 2232 ποτε
478 2180 592 2233 ἀπὸ
637 2179 732 2232 τοῦ
782 2183 839 2233 ὲν
884 2174 929 2247 ᾧ
968 2183 1112 2235 ἐστιν
1151 2184 1233 2251 ἐφ’
1267 2183 1450 2253 ἕτερόν
1478 2201 1528 2237 τι
1562 2184 1742 2239 καινὸν
1771 2185 1903 2255 μεθ-

328 2271 631 2340 ιστάμενος,
672 2271 786 2323 ἀλλ’
825 2272 912 2324 ἀεὶ
940 2273 1195 2336 ὡσαύτως
1225 2272 1381 2343 ἔχων,
1423 2275 1515 2328 καὶ
1549 2278 1604 2329 ὲν
1634 2275 1712 2346 τῷ
1758 2276 1905 2347 αὐτῷ

325 2361 606 2431 διαμένων.
655 2364 722 2415 Ἡ
748 2364 927 2416 τοίνυν
957 2364 1047 2417 τοῦ
1080 2366 1309 2430 ἑστῶτος
1335 2366 1469 2436 πρὸς
1497 2365 1557 2419 τὸ
1590 2366 1903 2437 κινούμενον

328 2452 527 2517 σύνοδος
575 2456 648 2506 ὲν
685 2455 991 2526 τεταγμένῃ
1016 2457 1119 2509 τινὶ
1150 2456 1245 2509 καὶ
1275 2458 1611 2528 ἀπαραὸἀτῳ
1647 2458 1900 2530 γινομένη

325 2538 405 2592 διὰ
436 2541 645 2603 παντὸς
679 2542 1031 2614 εὐαρμοστίᾳ,
1075 2546 1305 2616 μουσική
1348 2547 1431 2609 τίς
1477 2547 1622 2598 ἐστιν
1669 2547 1902 2618 ἁρμονία

331 2625 631 2696 σύγκρατον
664 2630 758 2682 καὶ
789 2631 1077 2684 θεσπεσίαν
1121 2632 1221 2703 τῆς
1261 2633 1322 2686 τὸ
1368 2637 1474 2687 πᾶν
1511 2635 1902 2707 διακρατούσης

327 2718 594 2791 δυνάμεως
631 2722 899 2792 ὑμνῳδίαν
929 2724 1282 2779 ἀποτελοῦσα.
1323 2719 1428 2789 Ἧς
1465 2706 1553 2796 μοι
1582 2727 1727 2779 δοκεῖ
1755 2706 1902 2781 καὶγό

328 2811 488 2877 μέγας
500 2811 674 2865 Δαυῒδ
694 2814 749 2865 ἐν
776 2814 1037 2884 ἀκροάσει
1063 2816 1350 2886 γενόμενος
1378 2818 1548 2869 εἰπεῖν
1578 2817 1634 2871 ἕν
1661 2835 1764 2871 τινι
1792 2818 1899 2871 τῶν

323 2901 560 2973 ψαλμῶν,
589 2905 683 2956 ὅτι
717 2905 923 2957 αἱνοῦσι
959 2907 1050 2959 τὸν
1089 2907 1221 2959 Θεὸν
1256 2908 1317 2960 αἴ
1351 2925 1411 2959 τε
1443 2908 1595 2962 ἄλλαι
1621 2908 1894 2979 δυνάμεις,

1995 1728 2155 1798 quod
2210 1743 2426 1798 semper
2474 1736 2744 1782 movetur.
2793 1727 3077 1782 Moventur
3125 1729 3267 1783 enim
3318 1737 3573 1798 perpetuo

2011 1821 2195 1874 omnia
2221 1836 2342 1889 qua:
2371 1819 2423 1872 in
2452 1820 2591 1873 ccelo
2611 1861 2624 1884 ,
2662 1819 2742 1873 vel
2775 1833 2899 1872 cum
2934 1819 3275 1873 ﬁrmamento
3304 1820 3578 1873 circuma~

2009 1911 2205 1980 gitata,
2242 1908 2327 1961 vel
2373 1924 2403 1962 e
2450 1908 2730 1962 contrario
2778 1907 3018 1961 motibus
3073 1907 3413 1975 planetarum
3442 1921 3576 1961 con-

2009 2015 2187 2054 versa.
2213 1997 2393 2053 Manet
2415 2014 2543 2053 vero
2574 2013 2789 2067 semper
2815 1997 3113 2067 eodemque
3140 1997 3362 2065 perenni
3387 1998 3575 2050 tenore

2008 2091 2166 2146 durat
2192 2090 2500 2145 eorumdem
2536 2089 2801 2143 revolutio
2822 2128 2837 2153 ,
2868 2103 3043 2157 neque
3070 2102 3306 2156 unquam
3336 2088 3403 2140 ah
3428 2101 3491 2141 ea
3520 2087 3573 2140 in

2010 2198 2117 2251 qua
2145 2189 2228 2236 est
2256 2182 2394 2236 serie
2426 2180 2506 2233 vel
2539 2180 2705 2233 latum
2743 2193 2976 2248 unguem
3007 2176 3272 2242 discedit,
3316 2176 3409 2231 sed
3451 2191 3576 2246 per-

2010 2267 2176 2343 petim
2207 2274 2397 2328 eodem
2440 2272 2602 2327 modo
2653 2288 2773 2326 sese
2820 2272 3013 2336 habet,
3063 2270 3361 2338 eodemque
3404 2266 3575 2321 fertur

2010 2379 2198 2417 cursu.
2253 2362 2437 2431 Itaque
2482 2363 2601 2432 ejus
2648 2362 2794 2432 quod
2846 2361 3108 2430 quiescit,
3154 2375 3277 2414 cum
3326 2374 3392 2413 eo
3428 2359 3571 2427 quod

2012 2462 2258 2508 movetur
2289 2454 2631 2522 eonjunctio,
2661 2454 2907 2506 ordinata
2943 2452 3174 2522 quadam
3219 2461 3273 2505 et
3312 2451 3367 2504 in
3415 2464 3575 2504 omne

2005 2560 2180 2598 aevum
2226 2545 2523 2599 inviolabili
2570 2544 2710 2599 serie
2751 2559 3032 2609 connexa,
3077 2543 3318 2597 musicus
3354 2539 3572 2612 quidam

2008 2646 2309 2690 concentus
2340 2642 2450 2701 est,
2485 2635 2724 2690 etliciens
2764 2636 3111 2689 commixtam
3158 2635 3303 2687 illam
3352 2639 3405 2686 et
3443 2631 3573 2685 divi-

2007 2741 2130 2779 nam
2180 2726 2301 2795 ejus
2334 2727 2583 2787 virtutis,
2625 2741 2745 2796 qure
2784 2727 3101 2780 universum
3149 2725 3250 2779 hoc
3295 2725 3573 2785 continet,

2005 2816 2353 2885 hymnodiam
2384 2833 2397 2882 ;
2426 2832 2587 2885 quam
2627 2816 2758 2869 mihi
2788 2815 2971 2869 itidem
3003 2830 3232 2882 magnus
3259 2814 3422 2868 David
3453 2814 3571 2883 ejus

2012 2906 2226 2960 auditor
2259 2907 2456 2971 factus,
2490 2908 2798 2976 signiﬁcare
2829 2904 3045 2959 videtur
3073 2906 3129 2960 in
3171 2905 3404 2974 quodam
3436 2905 3568 2973 psal-

325 2988 427 3053 (51)
460 2991 513 3042 αἱ
536 2992 667 3042 κατ’
693 2992 923 3061 οὐρανὸν
950 2996 1138 3056 πᾶσαι,
1158 2995 1248 3047 καὶ
1279 2995 1338 3047 τὸ
1360 2996 1601 3067 ἀστρῶον
1622 2997 1755 3067 φῶς,
1780 3000 1808 3051 ὅ
1837 3015 1895 3051 τε

2004 3014 2123 3065 mo,
2151 3014 2273 3053 cum
2307 2999 2381 3051 ait
2411 3001 2456 3031 ⁹³
2482 3041 2497 3065 ,
2546 2999 2716 3053 Deum
2763 2998 2975 3052 laudari
3004 3012 3126 3051 cum
3157 2997 3224 3050 ab
3250 2996 3372 3050 aliis
3403 2996 3566 3048 virtu-

323 3079 460 3148 ἦλιος
480 3083 575 3134 καὶ
594 3084 636 3151 ἡ
659 3082 879 3153 σελήνη,
902 3084 992 3136 καὶ
1011 3087 1057 3137 οἱ
1076 3085 1184 3137 τῶν
1204 3086 1447 3156 οὐρανῶν
1469 3089 1702 3160 οὐρανοὶ,
1726 3090 1819 3143 καὶ
1838 3089 1898 3142 τὸ

322 3170 711 3243 ὑπερουράνιον
736 3173 910 3246 ὕδωρ,
946 3176 1056 3242 (52)
1091 3178 1171 3229 ὅτι
1206 3179 1336 3230 ποτε
1372 3178 1429 3230 τὸ
1458 3178 1599 3250 ὕδωρ
1629 3179 1774 3247 λέγει
1806 3181 1899 3234 καὶ

320 3259 382 3311 τὰ
417 3260 538 3329 ἑξῆς
584 3263 772 3316 ττάντα
818 3265 916 3316 ὅσα
944 3266 976 3334 ἡ
1010 3266 1183 3328 κτίσις
1220 3266 1350 3336 ἔχει.
1396 3268 1457 3320 Ἦ
1487 3269 1594 3339 γὰρ
1622 3268 1730 3321 τῶν
1763 3270 1898 3322 πάν-

314 3364 416 3402 των
444 3352 581 3421 πρὸς
621 3351 829 3421 ἄλληλα
858 3352 1129 3422 σύμπνοιά
1164 3371 1218 3407 τε
1252 3357 1344 3408 καὶ
1389 3358 1718 3427 συμπάθεια,
1750 3360 1899 3426 τάξει

318 3441 404 3491 καὶ
430 3442 626 3512 κόσμῳ
675 3445 775 3496 καὶ
813 3444 1098 3517 ἀκολουθίᾳ
1142 3447 1505 3520 διοικουμένη,
1541 3452 1572 3520 ἡ
1611 3451 1799 3523 πρώτη
1839 3470 1897 3506 τε

310 3532 398 3581 καὶ
439 3533 763 3602 ἀρχέτυπος
821 3536 914 3588 καὶ
952 3537 1159 3608 ἀληθής
1205 3540 1318 3593 ἐστι
1358 3544 1618 3611 μουσική·
1651 3543 1718 3614 ἢν
1750 3546 1778 3597 ὅ
1805 3544 1898 3597 τοῦ

312 3625 501 3687 παντὸς
542 3626 854 3697 ἁρμοστὴς,
893 3628 971 3698 τῷ
1011 3631 1232 3701 ἀρρήτῳ
1264 3633 1363 3701 τῆς
1407 3634 1598 3701 σοφίας
1638 3634 1779 3706 λόγῳ
1813 3636 1898 3688 διὰ

304 3713 406 3765 τῶν
448 3716 541 3767 ἀεὶ
584 3716 958 3786 ὲγγινομένων
1005 3718 1115 3790 (55)
1154 3722 1210 3773 ὲν
1254 3721 1413 3791 σοφίᾳ
1455 3724 1718 3793 τεχνικῶς
1766 3727 1898 3781 ἀνα-

216 3826 223 3830 ~
305 3804 583 3872 κρούεται.
616 3807 685 3859 Εἰ
712 3802 806 3859 οὖν
829 3809 859 3859 ὁ
889 3808 1178 3879 διάκοσμος
1203 3811 1321 3875 ὅλος
1364 3817 1594 3884 μουσική
1620 3833 1703 3879 τις
1726 3817 1897 3889 ἁρμο-

302 3892 384 3946 νία
415 3898 596 3961 ἐστὶν,
628 3892 704 3969 ἧς
737 3898 984 3971 τεχνίτης
1022 3902 1114 3953 καὶ
1133 3901 1459 3973 δημιουργὸς
1484 3906 1512 3956 ὁ
1538 3905 1687 3969 Θεὸς,
1720 3907 1898 3970 καθώς

302 4001 462 4054 φησιν
496 3991 527 4041 ὁ
566 3988 928 4052 ludo-color
971 3990 1160 4061 μικρὸς
1200 3992 1257 4045 δὲ
1292 3994 1495 4065 κόσμος
1531 3998 1559 4049 ὁ
1594 3997 1895 4067 ἄνθρωπος,

294 4076 324 4128 ὀ
360 4075 417 4129 δὲ
459 4080 638 4142 αὐτὸς
683 4076 837 4154 οὗτος
880 4084 971 4137 καὶ
1011 4084 1233 4156 μίμημα
1263 4086 1355 4139 τοῦ
1396 4089 1776 4161 ἁρμοσαμένου
1808 4092 1897 4144 τὸν

294 4166 501 4251 κόσμον
553 4172 891 4243 πεποίηται’
943 4175 1079 4245 ὅπερ
1121 4177 1213 4228 ἐπὶ
1254 4177 1350 4230 τοῦ
1405 4179 1637 4248 μεγάλου
1693 4182 1897 4251 κόσμου

290 4250 430 4311 οἶδεν
459 4260 491 4311 ὁ
524 4259 719 4328 λόγος,
757 4261 910 4316 τοῦτο
954 4264 1095 4318 κατὰ
1132 4265 1191 4318 τὸ
1219 4267 1365 4331 εἰκὸς
1386 4269 1479 4320 καὶ
1520 4270 1577 4323 ὲν
1607 4268 1684 4340 τῷ
1716 4250 1897 4342 μικρῷ

292 4345 484 4414 βλέπει
507 4369 523 4382 ο
569 4353 639 4406 τὸ
662 4354 773 4425 γὰρ
823 4356 986 4427 μέρος
1017 4357 1111 4410 τοῦ
1148 4358 1293 4423 ὅλου,
1326 4361 1585 4430 ὁμογενὲς
1622 4363 1736 4414 ἐστι
1763 4363 1897 4416 πάν-

289 4453 395 4501 τως
429 4442 516 4513 τῷ
550 4444 673 4513 (54)
724 4446 848 4517 ὅλῳ.
881 4449 1088 4520 ’Ὠσπερ
1124 4450 1233 4521 γὰρ
1275 4451 1335 4502 ἐν
1385 4450 1463 4520 τῷ
1506 4451 1617 4522 (55)
1648 4452 1895 4524 ψήγματι

290 4525 567 4600 βραχείας
608 4535 773 4589 ὐάλου
811 4538 952 4590 κατὰ
997 4538 1059 4593 τὸ
1105 4540 1317 4593 στίλϐον
1354 4539 1537 4610 μέρος,
1586 4540 1706 4595 ὅλον
1750 4541 1895 4595 ἐστιν

291 4618 417 4671 ἰδεῖν
435 4623 593 4694 (36),
629 4627 705 4689 ὡς
736 4629 795 4679 ὲν
820 4628 1128 4701 κατόπτρῳ,
1157 4631 1248 4684 τὸν
1269 4629 1467 4685 κύκλον
1482 4629 1574 4683 τοῦ
1606 4631 1756 4702 ἡλίου
1786 4631 1894 4685 δει-

292 4712 605 4782 κνύμενον,
653 4717 832 4781 καθὼς
869 4723 1035 4789 χωρεῖ
1067 4722 1101 4792 ὴ
1141 4721 1414 4795 βραχύτης
1447 4720 1539 4775 τοῦ
1569 4721 1890 4786 στίλϐοντοςο

290 4798 439 4891 οὕτω
483 4807 591 4859 καὶ
627 4810 682 4861 ὲν
712 4808 793 4878 τῷ
827 4811 1005 4881 μικρῷ
1057 4812 1256 4886 κόσμῳ,
1296 4818 1363 4891 τῇ
1400 4812 1719 4885 ἀνθρωπίνῃ
1753 4812 1893 4882 λέγω

298 4890 483 4958 ςύσει,
538 4899 699 4952 πᾶσα
741 4902 776 4970 ή
821 4903 878 4952 ὲν
930 4901 1008 4971 τῷ
1052 4907 1203 4960 παντὶ
1250 4907 1605 4983 θεωρουμένη
1662 4906 1890 4974 μουσικὴ

296 4982 641 5052 καθορᾶται,
668 4990 996 5059 ἀναλογοῦσα
1045 4992 1119 5063 τῷ
1156 4998 1252 5067 ὀλο,
1300 4982 1396 5067 διὰ
1429 4997 1527 5058 τοῦ
1572 4996 1788 5066 μέρους,
1817 4995 1892 5059 ὡς

306 5078 569 5143 γυρειται
600 5079 662 5133 τὸ
692 5082 809 5133 ὅλον
844 5082 946 5134 ὑπὸ
970 5081 1059 5134 τοῦ
1092 5066 1298 5183 μέροὸς.
1341 5099 1614 5164 Δείκνυσι
1648 5085 1704 5138 δὲ
1736 5085 1891 5139 τοῦτο

370 5247 421 5280 “
436 5250 594 5310 Ῥω.
626 5269 767 5320 mu,
798 5256 831 5309 ἓ
854 5270 965 5324 sqq.
1032 5258 1139 5324 "li,

1114 5274 1204 5389 sit],
1242 5300 1506 5379 chvm,
1570 5272 1592 5326 ί
1646 5281 1786 5406 ειμι-⁸

382 5417 495 5493 εἶ’(ἓδ
515 5424 887 5493 Προαγόμενος,
911 5423 973 5475 ed.

387 5489 621 5554 «δυκᾱιι
643 5489 755 5545 add.
784 5494 858 5544 ed.

381 5556 486 5629 (ξε)
516 5559 636 5629 ζοτι
669 5560 785 5611 ποτὲ
804 5555 992 5629 casa/)0

388 5610 490 5688 i533
514 5610 798 5697 Γινομένων,
811 5622 870 5675 ed.
928 5610 936 5623 ’
965 5610 1041 5739 “lg

1039 5756 1048 5811 ι
1081 5706 1172 5797 6""

2002 3087 2146 3143 tibus
2168 3127 2181 3151 ,
2213 3097 2323 3141 tum
2352 3088 2417 3142 ab
2443 3088 2697 3142 omnibus
2724 3102 2843 3156 quae
2871 3086 2925 3139 in
2952 3086 3091 3139 casio
3118 3091 3245 3138 sunt
3264 3124 3277 3149 ,
3307 3099 3337 3136 a
3369 3082 3568 3136 lumine

2000 3177 2273 3245 siderum,
2305 3179 2419 3233 sole
2464 3188 2517 3233 et
2562 3179 2710 3242 luna,
2749 3186 2805 3231 et
2849 3192 2877 3229 a
2906 3176 3060 3231 coelis
3090 3176 3352 3230 ccelorum
3375 3212 3390 3237 ,
3418 3179 3473 3227 et
3501 3173 3567 3226 ab

2000 3270 2156 3339 aquis
2189 3286 2352 3340 supra
2384 3271 2581 3325 cmlum
2628 3269 2852 3339 positis;
2889 3268 2981 3322 ubi
3020 3276 3073 3321 et
3102 3267 3206 3319 alia
3247 3282 3366 3336 qua:
3397 3265 3451 3317 in
3483 3277 3566 3318 re-

1998 3360 2101 3416 bus
2124 3362 2320 3416 creatis
2343 3364 2710 3430 reperiuutur,
2736 3368 3153 3415 commemorat:
3181 3373 3303 3411 nam
3329 3359 3566 3415 omnium

2000 3452 2142 3506 inter
2168 3467 2226 3507 se
2254 3452 2595 3522 conspiratio
2622 3460 2675 3505 et
2708 3450 3000 3505 consensio
3021 3490 3034 3512 ,
3076 3449 3271 3503 ordine
3289 3491 3302 3515 ,
3344 3458 3534 3504 ornatu
3554 3492 3567 3513 ,

1998 3549 2053 3595 et
2079 3550 2201 3611 apta
2234 3543 2374 3596 serie
2399 3542 2665 3611 disposita
2688 3581 2704 3605 ,
2734 3541 2905 3609 prima
2930 3539 3188 3593 videlicet
3217 3546 3300 3593 cst
3329 3547 3383 3593 et
3406 3541 3565 3609 origi-

2000 3631 2139 3685 nalis
2161 3640 2213 3684 et
2234 3645 2361 3684 vera
2390 3632 2596 3685 musica
2624 3646 2637 3681 :
2670 3646 2830 3699 quam
2861 3631 3027 3683 totius
3059 3630 3295 3683 universi
3338 3632 3561 3683 concin-

1999 3728 2160 3774 nator
2200 3720 2456 3774 ineﬂabili
2498 3720 2779 3789 sapientia:
2820 3734 2933 3775 suae
2965 3719 3205 3783 ratione,
3235 3734 3329 3785 per
3356 3733 3419 3771 ea
3449 3734 3564 3787 qua“

1998 3828 2214 3882 semper
2256 3812 2535 3881 sapienter
2574 3812 2746 3877 ﬁunt,
2776 3811 2934 3866 docte
2978 3820 3032 3866 et
3070 3812 3242 3882 perite
3283 3811 3465 3866 ellicit.
3508 3810 3563 3867 Si

1999 3906 2160 3976 igitur
2187 3912 2335 3960 totus
2363 3904 2453 3960 hic
2486 3904 2720 3959 mundus
2748 3904 2957 3959 musica
2989 3904 3237 3973 quaedam
3266 3920 3560 3959 consonan-

1999 3994 2074 4047 tia
2102 4001 2216 4059 est,
2248 3997 2405 4061 cujus
2434 3994 2618 4065 opifex
2655 4002 2709 4049 et
2747 3993 2972 4049 effector
3016 3992 3193 4053 Deus.
3243 4005 3303 4048 ut
3345 4006 3399 4049 et
3427 3994 3559 4062 Apo-

1999 4086 2172 4143 stolus
2198 4073 2330 4140 dicit
2361 4104 2372 4139 :
2407 4102 2609 4156 parvus
2640 4100 2769 4141 vero
2799 4086 3033 4140 mundus
3057 4085 3218 4139 homo
3245 4093 3347 4150 est,
3374 4086 3561 4138 simu!-

1999 4194 2106 4247 que
2137 4178 2437 4233 similitudo
2464 4186 2517 4233 et
2547 4177 2783 4231 imitatio
2812 4176 3059 4246 quaedam
3089 4176 3245 4245 ejus,
3277 4177 3369 4244 qui
3413 4190 3568 4229 mun~

1999 4267 2128 4323 dum
2165 4269 2557 4324 concinnavit:
2605 4282 2831 4322 necesse
2876 4278 2994 4334 est,
3042 4275 3100 4320 ut
3146 4267 3288 4335 quod
3330 4266 3473 4319 ratio
3509 4267 3559 4321 in

2000 4374 2198 4430 magno
2234 4361 2329 4415 illo
2360 4369 2413 4415 et
2459 4359 2700 4429 spatioso
2727 4358 2931 4411 mundo
2956 4356 3185 4427 reperit,
3216 4357 3317 4411 hoc
3337 4397 3351 4420 ,
3381 4364 3438 4411 ut
3467 4372 3558 4426 par

1995 4460 2108 4514 est,
2141 4451 2197 4502 in
2232 4463 2399 4518 parvo
2439 4449 2624 4502 itidem
2654 4447 3186 4516 conspicetur:pars
3219 4446 3365 4500 enim
3396 4448 3558 4501 totius

1995 4547 2227 4610 cognata
2255 4549 2337 4595 est
2371 4540 2495 4594 toti.
2528 4538 2664 4593 Nam
2704 4539 3159 4608 quemadmodum
3191 4539 3245 4592 in
3271 4538 3450 4609 exigui
3478 4539 3560 4592 vi-

1996 4634 2068 4686 tri
2101 4631 2407 4701 fragmento
2446 4646 2544 4701 per
2569 4638 2779 4701 partem
2818 4631 3170 4701 pellucidam,
3216 4637 3388 4684 totum
3428 4631 3564 4685 solis

1997 4724 2216 4788 orbem,
2247 4722 2392 4776 sicut
2428 4722 2485 4775 in
2531 4722 2788 4792 speculo,
2831 4736 3057 4776 cernere
3102 4721 3270 4785 licet,
3303 4730 3565 4789 quantum

1997 4815 2221 4885 quidem
2250 4816 2397 4885 capit
2423 4815 2658 4871 lucentis
2682 4814 2803 4869 vitri
2832 4814 3104 4884 parvitas:
3136 4813 3209 4867 ita
3234 4822 3288 4867 et
3316 4813 3369 4866 in
3398 4827 3566 4881 parvo

1998 4907 2201 4962 mundo
2222 4946 2236 4971 ,
2278 4906 2333 4960 in
2374 4907 2606 4960 humana
2639 4905 2858 4975 inquam
2890 4914 3081 4959 natura
3103 4946 3117 4971 ,
3155 4914 3297 4959 totus
3333 4904 3420 4957 ille
3452 4920 3567 4956 ma-

1998 4999 2088 5070 gni
2131 4998 2322 5052 mundi
2367 5005 2666 5053 concentus
2711 4997 3004 5060 elucescit,
3052 4995 3400 5065 proportione
3427 5009 3565 5061 qua-

2002 5091 2127 5144 dam
2156 5090 2252 5145 toti
2281 5105 2377 5161 per
2404 5098 2615 5160 partem
2647 5088 2984 5159 respondens
3006 5127 3019 5152 ,
3054 5095 3315 5156 quantum
3346 5084 3563 5153 quidem

2084 5430 2174 5500 δι)
2202 5429 2295 5500 τῷ
2324 5445 2435 5485 om.
2469 5428 2555 5484 ed.

2082 5502 2172 5580 ξιξ)
2195 5499 2353 5580 119219
2642 5559 2664 5580 .

2059 5568 2172 5639 (36)
2202 5570 2392 5636 Είδεῖν,
2425 5568 2509 5623 ed.
