4054 6436
659 375 762 430 443

1891 373 1949 428 S.
1991 371 2324 430 GREGORII
2361 371 2657 429 NYSSENI

661 501 830 542 totum
879 501 908 538 a
957 497 1110 553 parte
1155 485 1274 558 capi
1320 487 1790 558 et-leprtescntari
1839 496 2038 557 potest.
2091 488 2232 545 ldem

2102 488 2232 545 ldem
2263 497 2306 553 Α
2336 489 2430 544 καὶ
2457 491 2491 558 ἡ
2529 487 2790 560 ὀργανικὴ
2837 484 2928 538 τοῦ
2984 485 3234 556 σώματος
3277 485 3414 557 ἡμῶν
3443 486 3641 557 διασκευὴ
3676 503 3703 540 π

661 577 900 634 ostendit
939 578 1200 647 organica
1231 579 1480 648 corporis
1514 578 1686 632 nostri
1720 587 1997 633 structura
2021 619 2035 643 ,
2075 593 2238 648 quam

665 681 857 726 natura
885 672 952 724 ad
984 671 1223 725 musicas
1249 670 1592 739 operationes
1619 669 1755 724 scite
1779 669 2006 724 eﬂinxit.
2037 669 2243 727 Intueri

663 764 809 816 enim
844 763 971 817 licet
1004 764 1218 817 arteria!
1247 762 1393 816 velut
1431 761 1618 814 tibiam
1639 801 1654 828 ,
1687 761 1854 830 palati
1891 761 2048 831 quasi
2086 761 2242 814 lami-

667 870 791 908 nam
824 869 919 909 seu
950 855 1193 908 tabulam
1220 893 1234 917 ,
1271 869 1378 922 qua
1420 853 1576 907 nervi
1623 853 2007 916 intenduntur,
2046 852 2241 906 modu-

668 947 1034 1015 lationemque
1067 961 1188 1014 quze
1215 944 1272 997 lit
1301 960 1396 1014 per
1426 945 1664 1016 linguam
1696 953 1749 1000 et
1781 945 2033 999 maxillas
2061 950 2114 999 et
2145 959 2241 1014 per

669 1056 732 1097 os
759 1039 914 1110 quasi
949 1052 1041 1106 per
1067 1036 1317 1091 rlmrdas.
1909 1023 1914 1028 ’

739 1132 876 1187 Cum
907 1131 1068 1201 igitur
1094 1144 1255 1184 omne
1281 1127 1411 1181 illud
1442 1128 1586 1198 quod
1613 1127 1864 1184 naturale
1887 1135 1971 1183 est
1991 1166 2005 1191 ,
2031 1135 2240 1180 naturae

674 1224 746 1279 sit
791 1223 1066 1283 amicum,
1112 1221 1661 1289 demonstratumque
1708 1220 1812 1285 sit,
1844 1220 2106 1274 musicam
2145 1233 2238 1270 na-

675 1322 812 1368 turae
842 1327 964 1367 esse
994 1319 1416 1365 consentaneam
1443 1327 1457 1376 ;
1487 1309 1558 1364 ob
1584 1309 1638 1363 id
1675 1324 1904 1378 magnus
1929 1307 2097 1362 David
2122 1308 2243 1378 phi-

675 1403 942 1471 losophiae
969 1401 1036 1455 de
1063 1401 1364 1455 virtutibus
1391 1400 1677 1455 melodiam
1706 1407 1760 1455 et
1787 1407 2111 1454 concentum
2141 1399 2243 1452 im-

674 1491 931 1555 miscuit,
980 1498 1033 1543 et
1081 1488 1336 1543 sublimia
1387 1489 1479 1542 illa
1521 1488 1816 1558 dogmata,
1863 1487 2040 1542 mellis
2087 1490 2242 1556 quasi

676 1581 964 1636 dulcedine
999 1581 1234 1649 aspersit
1260 1597 1275 1645 ;
1307 1594 1404 1648 per
1427 1595 1590 1648 quam
1616 1580 1798 1648 aliquo
1823 1578 1983 1631 modo
2007 1577 2242 1649 seipsam

676 1676 918 1730 intuetur
949 1681 1003 1727 et
1036 1679 1192 1725 curat
1227 1679 1444 1726 natura.
1477 1670 1703 1724 Curatio
1735 1671 1881 1724 enim
1919 1679 2128 1724 natura:
2163 1680 2245 1726 est

677 1768 801 1821 vita:
827 1765 1206 1829 concinnitas,
1230 1777 1393 1831 quam
1417 1762 1549 1816 mihi
1585 1762 1749 1816 tacite
1779 1776 1877 1832 per
1899 1762 2244 1832 aenigmatum

2341 580 2598 652 ἐργασίαν
2625 578 2887 650 μουσικῆς
2913 577 3346 647 φιλοτεχνηθεῖσα
3367 579 3484 648 παρὰ
3509 578 3585 648 τῆς
3605 578 3706 646 otios

2353 674 2514 744 Ὁρᾷς
2563 671 2654 725 τὸν
2693 671 2791 742 τῆς
2841 669 3104 740 ἀρτηρίας
3152 669 3331 731 αὐλὸν,
3369 671 3447 739 τὴν
3481 670 3555 740 τῆς
3594 671 3708 741 ὑπερ

2349 767 2564 840 μαγάδα
2614 766 2761 836 (57),
2810 765 2908 835 τὴν
2953 765 3040 816 διά
3089 761 3334 834 γλώττης
3369 764 3446 816 καὶ
3483 763 3671 834 παρειῶν

2342 860 2626 929 στόματος,
2693 858 2770 920 ὡς
2831 856 2918 910 διὰ
2963 855 3166 927 χορδῶν
3235 855 3329 908 καὶ
3384 853 3603 926 πλήκτρου
3655 854 3711 907 κιί

2339 948 2500 1013 ῳδίαν
2525 965 2539 1013 ;

2423 1138 2572 1192 Ἐπεὶ
2593 1134 2684 1192 οὖν
2711 1141 2816 1192 πᾶν
2839 1140 2898 1192 τὸ
2927 1139 3066 1193 κατὰ
3081 1141 3239 1209 φύσιν
3257 1142 3397 1212 φίλον
3415 1145 3468 1214 τῇ
3487 1141 3631 1212 φύσει,
3651 1143 3715 1196 ἀπ

2341 1228 2444 1300 χθη
2470 1229 2525 1281 δὲ
2556 1229 2694 1282 κατά
2714 1229 2872 1297 φύσιν
2898 1231 3028 1300 ἡμῖν
3057 1227 3238 1303 οὖσαή
3261 1233 3484 1302 μουσικὴ,
3499 1233 3655 1285 τούτου
3672 1233 3718 1302 χά

2341 1323 2369 1374 ὁ
2400 1321 2570 1390 μέγας
2593 1319 2756 1372 Δαυῖδ
2783 1323 2846 1390 τῇ
2867 1321 2992 1394 περὶ
3011 1321 3118 1374 τῶν
3137 1319 3342 1393 ἀρετῶν
3361 1323 3600 1393 φιλοσοφίᾳ
3617 1323 3696 1392 τὴν

2343 1413 2502 1481 ῳδίαν
2518 1412 2803 1482 κατέιμιξεν
2819 1429 2832 1442 ο
2856 1408 2966 1466 οἷόν
2988 1430 3108 1466 τινα
3133 1414 3339 1483 μέλιτος
3358 1414 3520 1484 ἡδονὴν
3540 1414 3630 1466 τῶν
3649 1414 3722 1482 ὕψι

2343 1505 2613 1572 καταχέας
2653 1502 2956 1573 δογμάτων,
3001 1504 3067 1557 δι’
3113 1499 3179 1575 ἦς
3225 1505 3414 1574 ἑαυτὴν
3451 1505 3703 1576 ὰναθεωρεῖ

2343 1595 2540 1662 τρόπον
2582 1595 2704 1647 τινὰ
2746 1593 2840 1647 καὶ
2886 1593 3174 1663 θεραπεύει
3213 1598 3246 1666 ἡ
3292 1595 3456 1662 φύσις.
3482 1596 3716 1666 Θεραπεία

2345 1683 2555 1754 φύσεώς
2604 1687 2749 1737 ἐστιν
2795 1687 2828 1754 ἡ
2874 1685 2975 1754 τῆς
3016 1685 3161 1754 ζωῆς
3210 1685 3478 1756 εὐρυθμία,
3511 1688 3569 1756 ἥν
3606 1703 3682 1756 μοι
3721 1689 3726 1732 ὁ

2349 1772 2728 1845 συμϐουλεύειν
2774 1773 2840 1828 δι’
2881 1773 3275 1843 αἱνιγμὰτωνή
3313 1773 3541 1844 μελῳδία.
3585 1774 3720 1842 Τάχα

678 1857 906 1911 umbras
935 1856 1165 1910 suadere
1196 1853 1410 1907 videtur
1454 1853 1710 1907 melodia.
1755 1853 1820 1906 Et
1856 1847 1996 1908 ferte
2029 1853 2130 1907 hoc
2164 1861 2244 1907 to-
2277 1861 2279 1867 '

2128 1874 2130 1903 :
2164 1861 2244 1907 to-
2277 1859 2318 1914 B
2349 1863 2478 1916 αὐτὸ
2508 1863 2662 1915 τοῦτο
2695 1865 2828 1934 πρὸς
2855 1865 2954 1935 τὴν
2985 1862 3316 1934 ὑψηλοτέραν
3362 1863 3445 1916 τοῦ
3478 1861 3578 1932 βίου
3612 1862 3729 1917 κατά

678 1958 796 2003 tum
848 1948 985 2002 nihil
1033 1946 1178 1999 aliud
1225 1951 1342 2008 est,
1375 1959 1539 2013 quam
1573 1942 1640 1996 ad
1676 1944 2029 2000 excelsiorem
2074 1951 2128 1999 et
2179 1945 2248 2000 ab

681 2038 882 2094 intimis
908 2035 1259 2091 remotiorem
1288 2036 1453 2088 vitam
1483 2033 1874 2103 capessendam
1899 2035 2206 2090 cohortatio
2231 2054 2246 2104 ;

681 2142 911 2181 monens
947 2125 1234 2187 videlicet,
1267 2133 1325 2178 ut
1365 2123 1420 2177 in
1457 2124 1703 2179 moribus
1731 2138 1922 2178 eorum
1952 2126 2045 2194 qui
2079 2126 2250 2179 virtu-

682 2228 790 2272 tem
819 2216 1041 2278 colunt,
1069 2214 1207 2268 nihil
1239 2213 1370 2268 insit
1400 2213 1789 2268 inconcinnum
1820 2223 1874 2269 et
1900 2229 1933 2268 a
1959 2223 2113 2270 recto
2143 2217 2246 2271 ab-

685 2308 920 2362 horrens
942 2344 956 2368 ,
992 2315 1086 2358 aut
1117 2304 1445 2369 dissonum;
1485 2304 1686 2359 [idibus
1727 2319 1903 2374 neque
1937 2321 2102 2375 supra
2132 2322 2252 2361 mo-

685 2399 814 2454 dum
849 2398 1158 2453 contentis:
1189 2397 1462 2466 rumpitur
1486 2396 1664 2461 enim,
1701 2387 2027 2452 si‘nimiutn
2075 2399 2250 2454 inten-

684 2487 1187 2544 daturchordarum
1241 2496 1366 2558 apta
1419 2489 1837 2555 convenientia;
1884 2505 2060 2560 neque
2086 2492 2249 2546 etiam

687 2579 870 2635 studio
893 2581 944 2631 in
971 2579 1310 2634 contrarium
1344 2593 1532 2644 verso,
1565 2579 1790 2633 nimium
1825 2597 1921 2651 per
1946 2583 2252 2652 voluptates

687 2673 754 2728 ad
782 2671 1161 2726 remissionem
1191 2671 1386 2726 laxatis
1415 2689 1428 2737 ;
1457 2679 1605 2724 muta
1629 2673 1773 2726 enim
1801 2681 1855 2726 et
1880 2675 2031 2730 vocis
2056 2689 2252 2744 expers

687 2763 934 2817 redditur
969 2777 1123 2816 mens
1166 2762 1252 2818 his
1288 2762 1670 2818 affectionibus
1708 2763 1938 2817 nimium
1977 2744 2250 2831 obnoxia;

689 2855 901 2923 aliaque
933 2853 982 2906 id
1014 2868 1188 2922 genus
1217 2853 1400 2906 omnia
1430 2851 1624 2918 docet,
1657 2861 1716 2906 ut
1747 2861 1800 2907 et
1828 2855 2141 2922 tempestive
2171 2854 2253 2908 in-

687 2946 974 3001 tendamus
1002 2953 1055 2999 et
1089 2945 1428 2999 remittamus
1460 2959 1678 3008 sonum,
1712 2943 1765 2998 id
1799 2959 1965 2998 unum
2002 2957 2256 3016 spectan-

688 3043 770 3092 tes
794 3077 807 3101 ,
841 3045 899 3091 ut
933 3037 1092 3092 nobis
1123 3043 1384 3106 perpetuo
1416 3035 1633 3090 vivendi
1665 3038 1806 3090 ratio
1848 3036 1985 3092 bene
2035 3052 2256 3106 compo—

690 3133 792 3187 sita
823 3140 876 3186 et
910 3136 1208 3196 temperata
1239 3135 1481 3189 constet,
1530 3141 1707 3195 neque
1739 3125 1859 3181 sine
1905 3127 2066 3181 modo
2108 3143 2258 3182 reso-

2349 1972 2454 2020 σιν,
2486 1955 2805 2025 παραίνεσις
2846 1955 3074 2024 γίνεται.
3109 1956 3180 2008 Τὸ
3217 1955 3292 2024 μὴ
3331 1955 3432 2007 δεῖν
3461 1955 3670 2025 ἄμουσόν
3701 1973 3731 2006 τ

2348 2041 2608 2111 έκτροπον
2640 2043 2731 2096 καὶ
2762 2061 2980 2114 παρηχη
2991 2043 3146 2113 μένον
3172 2045 3279 2096 τῶν
3321 2047 3375 2097 ὲν
3403 2045 3552 2114 ἀρετῇ
3581 2044 3733 2106 (timo.

2348 2145 2434 2181 ναι
2459 2128 2518 2180 τὸ
2545 2125 2694 2199 ἦθος,
2724 2132 2856 2202 μήτε
2882 2131 3020 2201 πέρα
3047 2132 3141 2184 τοῦ
3172 2132 3368 2203 μέτρου
3393 2132 3482 2201 τῆς
3503 2132 3678 2202 χορδῆς
3705 2133 3731 2183 ὀ

2348 2217 2574 2288 νούσης·
2613 2222 2870 2290 ῥήγνυται
2917 2221 3024 2292 γὰρ
3071 2221 3285 2284 πάντως
3338 2222 3735 2292 ὑπερτεινόμενοι

2349 2310 2542 2381 χορδῆς
2563 2309 2624 2362 τὸ
2651 2311 2984 2381 εὐάρμοστον
3007 2328 3022 2342 °
3061 2314 3185 2383 μήτ’
3223 2309 3288 2366 αὖ
3326 2313 3451 2384 πρὸς
3493 2313 3550 2366 τὸ
3587 2316 3729 2366 ὲναντ

2349 2400 2584 2471 ἀμετρίᾳ
2614 2400 2679 2454 δι’
2708 2401 2898 2472 ἡδονῆς
2947 2403 3218 2473 ὑποχαλᾷν
3249 2403 3338 2458 τὸν
3395 2404 3557 2461 τόνον.
3604 2406 3740 2472 Κωφί

2350 2491 2444 2546 καὶ
2481 2491 2704 2555 ἄναυδος
2738 2491 2944 2560 γίνεται
2983 2495 3017 2565 ἡ
3055 2494 3198 2566 ψυχὴ
3236 2497 3346 2558 τοῖς
3393 2494 3639 2558 τοιούτοις
3684 2513 3742 2548 πε

2352 2583 2781 2654 ὲγχαυνωθεῖσα·
2815 2586 2910 2639 καὶ
2952 2586 3018 2639 τὰ
3050 2587 3185 2641 ἄλλα
3223 2585 3394 2641 πάντα
3427 2587 3674 2650 ὡσαύτως
3709 2589 3733 2639 ὲ

2351 2691 2460 2725 νειν
2504 2689 2564 2725 τε
2613 2673 2752 2727 κατὰ
2803 2676 2992 2746 καιρὸν
3039 2677 3131 2730 καὶ
3179 2676 3388 2745 ὑφιέναι
3435 2675 3526 2729 τοῦ
3567 2676 3744 2729 τόνου·

2352 2761 2508 2815 τοῦτο
2534 2762 2844 2833 βλέποντας,
2893 2767 3040 2830 ὅπως
3095 2766 3159 2821 ἂν
3208 2768 3337 2836 ἡμῖν
3387 2767 3472 2819 διὰ
3529 2767 3721 2828 παντὸς

2354 2853 2451 2922 λής
2480 2870 2538 2906 τε
2571 2853 2663 2906 καὶ
2691 2853 2958 2926 εὔρυθμος
2987 2859 3014 2909 ὁ
3044 2857 3099 2908 ὲν
3125 2856 3331 2920 τούτοις
3357 2857 3507 2927 ἤθεσι
3543 2857 3748 2926 διαμένι

2355 2959 2474 3007 πος,
2511 2943 2642 3012 μήτε
2675 2943 2925 3014 ἀμέτρως
2957 2943 3234 3014 λυόμενος,
3261 2948 3396 3017 μήτε
3429 2946 3572 3016 πέρα
3603 2946 3696 2998 τοῦ
3733 2964 3750 3016 ι

2357 3033 2820 3102 ὑπερτεινόμενος.
2835 3035 2996 3088 Ὅθεν
3021 3037 3113 3088 καλ¹
3143 3037 3210 3089 τὰ
3239 3035 3637 3107 κατορθώματα
3665 3037 3752 3104 τῆς

2357 3126 2557 3196 ταύτης
2585 3126 2846 3196 μουσικῆς
2875 3129 3282 3197 προσμαρτυρεῖ
3311 3126 3389 3196 τῷ
3422 3125 3585 3178 Δαυῗδ
3625 3127 3658 3196 ἡ
3691 3128 3751 3178 ἱση

689 3223 840 3288 luta;
889 3233 1065 3288 neque
1109 3232 1273 3286 supra
1315 3216 1534 3270 modum
1568 3222 1851 3271 contenta.
1896 3215 2290 3281 Quamobrem'

2147 3233 2257 3272 rem
2285 3205 2328 3265 (ἶ
2360 3220 2439 3272 ὅτι
2464 3218 2772 3291 παράφορόν
2791 3234 2916 3271 ποτε
2939 3218 3254 3272 καταλαϐὼν
3279 3219 3367 3271 τὸν
3387 3219 3578 3281 Σαοὺλ,
3599 3218 3694 3270 καὶ
3726 3221 3747 3269 ὲ

689 3313 886 3367 divinae
916 3311 1079 3364 huius
1110 3309 1336 3363 musica:
1366 3308 1622 3376 praeclare
1651 3306 1794 3362 facta
1825 3307 2012 3362 Davidi
2042 3325 2259 3381 quoque

694 3403 943 3458 attribuit
983 3415 1140 3456 sacra
1173 3399 1401 3454 historia
1427 3417 1442 3463 ;
1471 3415 1597 3452 nam
1640 3414 1764 3453 cum
1795 3399 2089 3468 aliquando
2120 3400 2262 3456 Sati-

695 3496 797 3549 lem
833 3493 1075 3548 insanire
1105 3501 1157 3546 et
1189 3497 1459 3560 potestate
1487 3490 1686 3544 mentis
1715 3490 1894 3544 exisse
1925 3491 2262 3546 animadver-

693 3592 864 3646 teret,
899 3582 978 3636 sic
1005 3589 1276 3635 concentu
1308 3579 1648 3635 all‘ectionem
1680 3579 1825 3633 illam
1857 3582 2224 3650 tranquillavit
2245 3622 2260 3646 ,

697 3684 756 3728 nt
793 3675 1094 3730 naturalem
1141 3673 1340 3728 mentis
1377 3672 1689 3726 facultatem
1729 3671 2018 3741 reciperet.
2055 3671 2131 3725 Ex
2178 3673 2264 3728 his

696 3767 864 3836 igitur
892 3766 1238 3819 manifestum
1262 3772 1365 3828 est,
1384 3779 1649 3833 quorsum
1685 3763 1868 3816 tendat
1901 3762 2150 3817 melodia:
2183 3765 2266 3817 in-

699 3859 939 3912 volutum
964 3856 1214 3926 :enigma.
1243 3853 1408 3908 Docet
1431 3853 1718 3916 videlicet,
1747 3853 2028 3922 passiones
2058 3862 2111 3908 et
2143 3869 2268 3924 per-

702 3950 1038 4004 turbationes
1059 3947 1225 4002 animi
1250 3944 1584 4001 edomandas
1611 3954 1664 3999 et
1687 3944 2085 4000 contrahendas
2110 3961 2232 4002 esse
2249 3986 2265 4012 ,

702 4054 824 4108 qua:
851 4039 1017 4093 variis
1041 4037 1325 4093 eventibus
1357 4037 1508 4091 varie.
1539 4037 1592 4089 in
1623 4036 1724 4094 hac
1748 4037 1855 4090 vita
1886 4039 2154 4092 concitari
2180 4053 2270 4094 so-

707 4132 837 4182 lent.
863 4127 1062 4183 Verum
1083 4127 1226 4182 enim
1244 4143 1371 4182 vero
1395 4142 1569 4197 neque
1590 4126 1694 4180 hoc
1711 4126 1812 4180 levi
1837 4126 2061 4181 brachio
2080 4137 2269 4197 praete-

701 4220 968 4276 reundum
993 4228 1096 4284 est,
1124 4235 1340 4289 nempe,
1366 4219 1464 4274 has
1488 4226 1709 4274 nostras
1731 4219 1992 4275 melodias
2015 4235 2122 4274 non
2149 4236 2270 4278 esse

703 4311 877 4366 factas
899 4326 963 4366 eo
987 4309 1170 4375 modo,
1202 4326 1311 4380 quo
1340 4317 1691 4365 externorum
1714 4348 1729 4374 ,
1754 4317 1808 4365 et
1831 4325 1860 4363 a
1886 4319 2073 4366 nostra
2099 4311 2268 4367 disci-

708 4401 852 4472 plina
881 4401 1184 4456 alienorum
1219 4400 1464 4455 carmina
1491 4401 1714 4455 condita
1746 4409 1913 4468 sunt;
1948 4416 2072 4456 nam
2100 4404 2270 4458 melos

704 4501 762 4554 et
785 4495 1039 4550 modulus
1066 4496 1120 4549 in
1141 4494 1440 4550 dictionum
1465 4510 1664 4550 sonora
1690 4495 1832 4551 serie
1853 4503 1906 4552 et
1930 4497 2271 4554 connexione

707 4599 814 4640 non
844 4586 1135 4652 consistit;
1169 4585 1626 4654 quemadmodum
1660 4586 1804 4656 apud
1837 4587 1961 4642 illos
1990 4587 2174 4644 videre
2206 4589 2271 4643 li-

706 4681 792 4728 cet
811 4713 826 4737 ,
852 4673 1050 4744 quibus
1079 4675 1367 4745 rhythmus
1393 4677 1681 4740 conlicitur
1703 4693 1767 4732 ex
1791 4686 2114 4735 accentuum
2145 4689 2270 4750 apta

706 4764 1101 4834 compositione
1123 4804 1138 4830 ,
1174 4772 1304 4820 tono
1341 4765 1396 4819 in
1425 4767 1578 4822 sonis
1609 4783 1755 4821 nunc
1786 4767 2049 4838 depresso
2070 4809 2086 4838 ,
2121 4786 2268 4826 nunc

706 4857 939 4922 elevato,
970 4871 1116 4910 nunc
1149 4855 1416 4921 breviato,
1451 4874 1596 4912 nunc
1629 4860 1898 4928 producto
1925 4877 1940 4926 ;
1983 4861 2078 4915 sed
2119 4863 2269 4918 nullo

708 4947 888 5005 studio
943 4946 1232 5016 quaesitum
1291 4960 1774 5019 comparatumque
1830 4950 2029 5006 divinis
2087 4955 2268 5010 verbis

711 5037 880 5093 melos
930 5037 1244 5099 innectitur,
1301 5038 1446 5109 quod
1497 5039 1612 5107 ipsa
1659 5040 1812 5094 vocis
1859 5041 2273 5100 conﬁrmatione

713 5129 1009 5186 secundum
1041 5129 1429 5195 intensionem,
1461 5138 1514 5184 et
1547 5131 1940 5202 compositione
1965 5132 2271 5201 subjectum

712 5217 893 5272 verbis
929 5233 1149 5272 sensum
1171 5258 1186 5283 ,
1219 5218 1397 5288 quoad
1453 5219 1564 5273 ﬁeri
1598 5227 1810 5289 potest,
1842 5221 2063 5276 revelat.
2095 5219 2273 5277 Obso-

715 5305 862 5359 uium
899 5305 1061 5380 igitpr
1089 5307 1252 5377 hujus
1279 5307 1443 5362 edulii
1471 5310 1576 5364 tale
1605 5317 1689 5365 est
1709 5350 1723 5373 ,
1753 5326 1861 5379 quo
1894 5310 2049 5376 quasi
2079 5310 2272 5366 condi-

718 5397 916 5454 mentis
948 5399 1275 5469 quihusdam
1306 5399 1571 5457 dulcescit
1602 5401 1862 5458 doctrina:
1888 5403 2065 5458 cibus.

786 5540 898 5608 (57)
938 5539 1180 5607 Μογάδα,
1209 5540 1296 5596 ed.

786 5610 896 5681 (1:58)
922 5609 1350 5681 Ἁναθεωρεῖται,
1375 5611 1460 5667 ed.

789 5677 899 5751 (59>
922 5677 1084 5751 Forte
1108 5677 1370 5751 ἐμμελὴς.

789 5749 900 5820 (ιο)
942 5750 1100 5820 Ἡμῖν
1132 5749 1238 5806 om.
1273 5749 1357 5806 ed.

2361 3311 2492 3364 κότα
2524 3311 2621 3380 τῆς
2653 3309 2907 3372 διανοίας,
2961 3309 3132 3372 οὕτως
3179 3309 3431 3372 ὲξιάσατο
3485 3309 3752 3378 κατεπᾴδι

2363 3401 2588 3463 πάθους,
2631 3399 2771 3452 ὥστε
2823 3399 2972 3469 αύτῷ
3014 3400 3174 3454 πάλιν
3216 3401 3350 3470 πρὸς
3396 3400 3459 3453 τὸ
3497 3400 3642 3453 κατά
3669 3399 3751 3467 φύ

2363 3490 2604 3544 ανελθεῖν
2633 3490 2730 3560 τὴν
2751 3489 3006 3544 διάνοιαν.
3035 3491 3200 3560 Δῆλον
3222 3487 3314 3543 οὖν
3331 3493 3408 3544 νὲκ
3435 3490 3649 3543 τούτων
3676 3491 3752 3542 ὲσ·

2363 3583 2391 3634 ὅ
2439 3599 2490 3634 τι
2528 3580 2709 3649 βλέπει
2737 3580 2833 3649 τῆς
2881 3579 3142 3650 μελῳδίας
3191 3581 3251 3632 τὸ
3296 3579 3532 3650 αἴνιγμα
3597 3580 3685 3632 ὅτι
3723 3596 3752 3630 τ

2365 3671 2700 3742 παθημάτων
2752 3671 3084 3742 καταστολὴν
3123 3672 3479 3740 συμϐουλεύει
3529 3672 3751 3724 ποιεῖσθ

2365 3761 2632 3831 διαφόρως
2663 3763 2790 3832 ἡμῖν
2831 3762 2940 3832 (10)
2988 3761 3350 3830 ὲγγινομένων
3401 3763 3469 3814 ὲκ
3514 3761 3631 3812 τῶν
3701 3759 3752 3828 βι

2368 3853 2754 3922 περιστάσεων.
2787 3852 2943 3905 Ἀλλὰ
2970 3851 3235 3907 καὶτοῦτο
3271 3852 3548 3921 προσήκει
3587 3849 3667 3920 μὴ
3693 3867 3752 3902 πε

2371 3947 2491 4015 μεῖν
2515 3943 2840 4014 ἀθεώρητον,
2872 3945 2953 3998 ὅτι
2979 3946 3040 3996 ού
3071 3945 3208 3997 κατὰ
3235 3943 3359 4007 τοὺς
3405 3943 3520 4007 ἔξω
3566 3942 3671 4010 τῆς
3702 3942 3751 4009 ἡ

2370 4035 2560 4104 σοφίας
2596 4035 2943 4106 μελοποιοὺς,
2991 4036 3084 4089 καὶ
3128 4035 3300 4088 ταῦτα
3341 4034 3413 4087 τὰ
3458 4033 3609 4104 μέλη
3649 4049 3752 4084 πετ

2369 4128 2430 4180 οὐ
2464 4127 2571 4197 γάρ
2603 4129 2659 4180 ὲν
2689 4127 2767 4197 τῷ
2790 4128 2894 4180 τῶν
2930 4126 3125 4193 λέξεων
3152 4127 3287 4196 τόνῳ
3321 4129 3509 4180 κεῖται
3537 4125 3605 4177 τὸ
3654 4123 3752 4192 μέ)

2371 4236 2476 4290 περ
2500 4220 2556 4270 ὲν
2588 4217 2812 4281 ἐκείνοις
2843 4218 2986 4272 ἔστιν
3028 4218 3172 4283 ἰδεῖν,
3212 4217 3339 4288 παρ’
3370 4212 3456 4279 οἷς
3499 4219 3564 4269 ὲν
3596 4219 3673 4286 τῇ
3722 4233 3752 4264 τ

2373 4309 2683 4382 προσῳδιῶν
2723 4310 2980 4380 συνθήκῃ,
3011 4310 3103 4363 τοῦ
3129 4313 3185 4364 ὲν
3213 4313 3324 4374 τοῖς
3369 4309 3659 4378 φθόγγοις
3706 4325 3752 4359 τε

2375 4401 2665 4474 ρυνομένου
2697 4417 2757 4454 τε
2788 4401 2882 4454 καὶ
2922 4399 3291 4464 ὀξυτονοῦντος
3337 4399 3435 4453 καὶ
3474 4399 3604 4467 (41)
3645 4397 3752 4466 βρο

2373 4511 2462 4546 νου
2505 4509 2564 4546 τε
2619 4494 2713 4547 καὶ
2765 4493 3202 4563 παρατείνοντος,
3249 4493 3278 4544 ὁ
3316 4491 3537 4563 ῥυθμὸς
3601 4491 3752 4544 ἀπομι

2376 4585 2513 4638 ἀλλά
2544 4587 2637 4638 καὶ
2667 4584 2778 4655 (42)
2813 4583 3182 4638 ἀκατάσκευόν
3207 4600 3265 4636 τε
3291 4585 3381 4636 καὶ
3403 4580 3752 4650 ἀνεπιτήδετ

2377 4676 2537 4740 θείοις
2570 4675 2748 4744 λόγοις
2778 4675 2988 4746 ὲνείρας
3017 4675 3078 4728 τὸ
3115 4675 3291 4746 μέλος,
3339 4671 3712 4744 ἑρμηνεύειν

2374 4767 2508 4839 ῳδίᾳ
2534 4767 2631 4839 τὴν
2657 4767 2768 4820 τῶν
2788 4766 3094 4837 λεγομένων
3137 4767 3378 4820 διάνοιαν
3420 4763 3746 4834 βούλεται,

2375 4859 2726 4925 συνδιαθέσει,
2753 4861 2845 4914 τοῦ
2878 4860 3016 4912 κατὰ
3041 4857 3136 4929 τὴν
3173 4855 3354 4927 φωνὴν
3390 4855 3570 4908 τόνου
3604 4853 3714 4906 τὸν

2374 4969 2462 5006 νον
2489 4954 2599 5016 τοῖς
2633 4953 2835 5022 ῥήμασι
2864 4949 3006 5013 νοῦν,
3047 4949 3122 5012 ὡς
3153 4947 3393 5009 δυνατὸν,
3425 4943 3752 4999 ἐκκαλύππ

2379 5042 2452 5095 Τὸ
2483 5042 2580 5112 μὲν
2607 5037 2698 5095 οὖν
2731 5040 3054 5112 προσόψημα
3081 5039 3182 5109 τῆς
3207 5037 3404 5108 ἐδωδῆς
3437 5037 3752 5099 τοιοῦτον,

2380 5132 2721 5200 γλυκαίνεται
2761 5131 3006 5202 καθάπερ
3055 5132 3194 5184 τισὶν
3239 5128 3573 5201 ἡδύσμασιν
3620 5132 3663 5201 ἡ
3737 5131 3752 5196 (

2381 5223 2722 5292 διδαγμάτων
2755 5225 2926 5294 τροφή
2937 5263 2951 5278 .

2466 5541 2576 5612 (ιι)
2603 5539 2840 5612 Καί-01η.
2870 5537 2955 5612 ed.

2465 5608 2576 5678 (49.)
2615 5609 2723 5662 Καί
2744 5623 2850 5678 om.
2876 5608 2961 5662 ed.

2464 5676 2574 5749 (45)
2592 5676 3068 5749 Ἐκκαλύπτοντος,
3092 5677 3176 5733 ed.

2456 5747 2566 5822 (ιι)
2608 5750 2672 5803 Ἠ
2697 5762 2806 5804 om.
2829 5747 2917 5803 ed.
