4054 6436
290 267 377 328 445
1653 272 1719 327 1N
1760 270 2094 329 PSALMOS.

1857 390 1906 445 Α

795 407 1191 461 ΚΕΦΑΛΑΙΟΝ
1228 408 1266 458 Δ
1287 446 1300 460 .

343 534 533 605 Καιρδς
573 535 619 587 δ’
662 534 730 588 ἂν
779 537 862 606 εἴη
896 537 988 589 καὶ
1017 537 1183 608 αὐτὴν
1217 538 1316 608 ήδη
1348 534 1445 607 τὴν
1475 535 1582 589 τῶν
1618 537 1829 607 ἀρετῶν

283 626 578 683 πανδαισίαν
612 629 944 699 κατανοῆσαι
970 629 1047 699 τῷ
1077 629 1239 700 λόγῳ,
1283 630 1422 684 κατὰ
1445 629 1540 700 τὴν
1567 646 1830 698 προεκτε-

280 719 442 771 θεῖσαν
481 719 614 788 ἡμῖν
674 718 927 788 τεχνικὴν
978 718 1229 789 Θεωρίαν.
1298 719 1515 789 Πρῶτον
1575 721 1671 789 μὲν
1721 721 1828 791 γὰρ

276 812 508 879 φανεροῖς
563 808 810 880 σημείοις
857 810 1274 880 διακεκριμένην
1319 810 1466 862 ἔστιν
1513 811 1688 882 εὑρεῖν
1730 812 1827 882 τὴν

275 900 452 970 ἀρετὴν
499 901 569 951 ὲκ
608 902 708 968 τῆς
755 900 993 964 κακίας,
1056 899 1132 962 ὡς
1188 901 1491 969 ἁσύγχυτον
1540 897 1677 954 εἶναι
1733 901 1828 971 τὴν

275 985 512 1055 ἑκατέρου
546 984 756 1039 τούτων
776 987 913 1056 πρὸς
941 987 1000 1038 τὸ
1025 987 1263 1039 ἐναντίον
1288 987 1567 1058 διαφοράν.
1607 989 1699 1041 Ἐκ
1720 991 1826 1059 γὰρ

271 1075 355 1145 τῆς
398 1076 755 1145 ἐγγινομένης
804 1078 934 1146 ήμῖν
983 1077 1076 1129 ἀπ’
1125 1077 1302 1130 αὐτῶν
1349 1078 1718 1150 εὐφροσύνης,
1767 1080 1827 1133 τὸ

273 1166 527 1236 ἐξαίρετον
558 1167 656 1235 τῆς
692 1165 798 1219 τῶν
839 1166 1282 1236 ἐπιτηδευμάτων
1312 1166 1571 1236 ἰδιότητος
1615 1167 1824 1220 δείκνυ-

268 1271 384 1306 ται·
433 1255 533 1324 τῆς
569 1255 673 1323 μὲν
705 1255 901 1317 κακίας
942 1255 1040 1318 τὰς
1072 1255 1199 1326 περὶ
1231 1252 1484 1325 τὸ’σῶμα
1526 1257 1823 1327 αἰσθήσεις,

270 1345 351 1413 τῆς
377 1344 429 1396 δὲ
463 1345 666 1415 ἀρετῆς
695 1345 792 1414 τὴν
820 1345 993 1415 ψυχὴν
1022 1345 1438 1416 εὑιρραινούσης.
1489 1347 1576 1410 Ὠς
1614 1348 1826 1418 ἀπλανῆ

268 1453 315 1488 τε
341 1437 428 1487 καὶ
461 1435 832 1504 ἀναμφίὸολον
870 1433 1029 1498 εἶναι,
1069 1437 1166 1507 τὴν
1196 1437 1258 1489 ἑκ
1289 1437 1397 1490 τῶν
1430 1439 1669 1509 σημείων
1699 1440 1821 1494 τού-

267 1543 359 1580 των
390 1527 790 1599 εὑρισκομένην
822 1526 914 1580 τοῦ
948 1528 1307 1597 ὑποκειμένου
1341 1530 1520 1597 φύσιν.

271 1689 282 1704 ς
326 1657 425 1708 Καὶ
462 1656 628 1708 τοῦτο
663 1657 771 1727 (45)
829 1657 888 1721 ἐξ
940 1658 1112 1712 ἄλλων
1155 1658 1214 1712 τέ
1264 1677 1442 1725 τινων,
1490 1664 1630 1717 κατὰ
1672 1682 1732 1718 τε
1762 1665 1821 1718 τὺ

271 1746 555 1816 πρόχειρον,
592 1748 686 1798 καὶ
716 1754 856 1801 κατὰ
884 1749 983 1818 τὴν
1015 1752 1072 1802 ὲν
1103 1750 1180 1819 τῷ
1215 1748 1365 1818 βάθει
1399 1753 1653 1824 κειμένην
1688 1755 1823 1808 θεω-

271 1838 372 1906 ρίαν
412 1837 516 1889 τῶν
552 1838 841 1907 νοημάτων
873 1840 930 1891 ἐν
973 1839 1182 1903 πολλοῖς
1209 1843 1307 1908 τῆς
1331 1843 1647 1914 ψαλμῳδίας
1681 1847 1824 1900 ἔστιν

270 1929 443 1997 εὑρεῖν,
493 1928 600 1980 καὶ
635 1928 870 1996 μάλιστά
911 1946 975 1997 γε
1024 1933 1166 1984 κατὰ
1192 1933 1284 1986 τὸν
1309 1934 1568 2004 τέταρτον
1590 1935 1820 2005 ψαλμὸν,

268 2020 315 2070 ὲν
343 2012 381 2084 ᾧ
406 2034 561 2087 ιρησι,
599 2017 994 2089 βαρυκαρδίους
1019 2016 1157 2074 εἶναι
1185 2023 1310 2084 τοὺς
1338 2023 1398 2076 τὸ
1419 2024 1610 2093 ψεῦδος
1644 2026 1736 2077 καὶ
1762 2025 1824 2078 τὸ

272 2108 468 2177 μάταιον
500 2111 611 2179 τῆς
657 2110 914 2179 ἀληθείας
966 2111 1039 2182 μὴ
1092 2112 1202 2182 (46)
1251 2115 1659 2185 διακρίνοντας,
1710 2116 1822 2168 ἀλλ’

268 2201 574 2268 ἀγαπῶντας
609 2202 708 2271 μὲν
738 2201 798 2254 τὸ
828 2202 1200 2272 ἀνύπαρκτον,
1253 2207 1618 2276 περιορῶντας
1664 2207 1719 2260 δὲ
1763 2207 1824 2260 τὸ

273 2292 426 2358 μένον,
472 2295 573 2345 καὶ
618 2290 714 2344 τοῦ
757 2292 1069 2359 ἀγαπᾶσθαι
1107 2293 1268 2358 ἄξιον.
1316 2296 1502 2364 Μόνην
1550 2296 1656 2366 γὰρ
1701 2292 1822 2349 εἷπε

270 2383 562 2453 θαυμαστὴν
601 2383 818 2452 ἀληθῶς
860 2379 996 2436 εἶναι
1029 2385 1127 2453 τὴν
1157 2385 1432 2456 ὁσιότητα,
1479 2386 1546 2439 τὰ
1585 2387 1642 2439 δὲ
1690 2389 1823 2442 ἄλλα

267 2472 419 2526 πάντα
447 2473 508 2526 τὰ
543 2473 664 2544 (47)
709 2473 828 2525 ἀντὶ
862 2473 969 2525 τῶν
1013 2475 1230 2542 ἀγαθῶν
1274 2477 1677 2546 σπουδαζόμενα
1704 2481 1822 2541 τοῖς

265 2562 543 2631 ἀνθρώποις
576 2565 636 2615 ἐν
662 2563 925 2633 ὑπολήψει
950 2566 1184 2631 κεῖσθαι,
1210 2567 1292 2634 ἐφ’
1316 2567 1524 2621 ἑαυτῶν
1553 2570 1651 2622 οὐκ
1672 2569 1820 2637 ὄντα,

265 2652 362 2705 ἀλλ’
405 2655 457 2706 ἐν
506 2659 581 2725 τῇ
636 2657 840 2726 ματαία
874 2657 980 2708 τῶν
1032 2658 1334 2729 ἀνθρώπων
1376 2661 1549 2730 οἰήσει
1593 2661 1652 2714 τὸ
1685 2658 1821 2716 εἶναι

265 2742 384 2813 ἔχειν
419 2745 708 2802 δοκοῦντα.
758 2748 868 2801 Καὶ
894 2747 970 2810 ὡς
1002 2747 1068 2801 ἂν
1101 2751 1472 2822 φανερώτερον
1498 2753 1820 2822 ὲκκαλύῴειε

264 2836 315 2886 τὸ
343 2839 457 2907 περὶ
493 2837 708 2890 τούτων
735 2839 932 2909 δόγμα,
976 2839 1178 2910 προϊών
1223 2860 1407 2911 φησιν,
1440 2844 1521 2897 ὅτι
1561 2845 1610 2897 οί
1641 2845 1822 2899 πολλοὶ

262 2925 311 2977 τὸ
338 2928 529 2994 ἀγαθὸν
566 2930 630 2980 ὲν
676 2932 791 2992 τοῖς
836 2932 1177 3000 φαινομένοις
1221 2933 1528 2999 ὁρίζονται,
1573 2935 1822 3004 λέγοντες

260 3014 411 3068 ἐκεῖνο
430 3019 595 3088 μόνον
614 3014 754 3072 εἶναι
778 3019 999 3087 ἀγαθὸν,
1015 3022 1146 3093 ὅπερ
1165 3023 1227 3075 ἄν
1247 3040 1329 3087 τις
1346 3027 1408 3095 τῇ
1430 3025 1674 3096 αἰσθήσει
1689 3045 1820 3096 προ-

257 3103 386 3179 δείξῃ
431 3109 822 3172 (48).ίῐιολλοὶ
869 3110 996 3181 γὰρ,
1050 3112 1204 3183 φησὶ,
1249 3112 1486 3183 λέγουσι,
1522 3116 1618 3180 Τίς
1659 3117 1819 3184 δείξει

254 3197 374 3264 ἡμῖν
402 3200 464 3250 τὰ
495 3200 737 3266 hazin
762 3202 820 3254 Ὀ
849 3202 905 3254 δὲ
941 3203 1076 3272 πρὸς
1107 3203 1204 3274 τὴν
1239 3206 1436 3276 ἀρετὴν
1471 3207 1682 3277 βλέπων
1723 3210 1820 3281 τὴν

253 3285 348 3352 μὲν
380 3287 768 3359 ἀνδραποδώδη
798 3291 999 3360 ταύτην
1025 3292 1118 3346 τοῦ
1151 3294 1313 3347 καλοῦ
1341 3298 1520 3365 κρίσιν
1553 3301 1782 3369 περιορᾷ
1802 3315 1815 3330 ·

252 3372 301 3428 ἐν
342 3373 394 3425 δὲ
436 3376 514 3446 τῷ
556 3380 710 3445 φωτὶ
742 3379 802 3431 τὸ
850 3380 1010 3432 καλὸν
1041 3380 1244 3450 βλέπει.
1284 3385 1394 3437 Καὶ
1422 3385 1594 3448 οὕτως
1627 3389 1819 3459 ἐπιση-

251 3465 483 3531 μειοῖνται
537 3468 646 3537 τὴν
704 3469 908 3540 θεοειδῆ
954 3489 1014 3524 τε
1062 3475 1154 3526 καὶ⁵
1202 3475 1410 3545 ὑψηλὴν
1459 3476 1816 3550 εὐφροσύνην.

243 3557 349 3620 Φῶς
397 3560 453 3612 δὲ
502 3563 690 3615 ἐκεῖνο
745 3563 924 3630 λέγει,
973 3565 1034 3616 τὸ
1078 3568 1141 3618 ἐκ
1187 3566 1280 3618 τοῦ
1334 3566 1477 3619 θείου
1532 3569 1817 3638 προσώπου

247 3645 713 3722 ἀπα-ἀγαζόμενοι),
735 3650 796 3708 οὗ
825 3655 1141 3709 καθικέσθαι
1173 3658 1280 3728 (49)
1313 3661 1344 3728 ἡ
1378 3659 1626 3731 αἴσθησις
1658 3662 1819 3729 φύσιν

238 3737 326 3790 οῦκ
355 3741 485 3810 ἔχει.
510 3762 531 3794 ι
570 3745 920 3817 Ἐσημειώθη
948 3747 1078 3818 γὰρ,
1102 3749 1284 3818 φησὶν,
1318 3751 1402 3817 ἐφ’
1437 3752 1580 3820 ἡμᾶς
1616 3753 1674 3804 ’τεὸ
1704 3754 1819 3822 φῶς

238 3831 318 3882 τοῦ
349 3835 656 3904 προσώπου
687 3853 801 3900 σου,
837 3838 1027 3908 Κύριε.
1064 3858 1083 3891 ι
1109 3840 1241 3893 Θεοῦ
1293 3841 1400 3912 γὰρ
1444 3844 1730 3913 πρόσωπον
1761 3849 1818 3900 ὲν

232 3927 577 3997 χαρακτῆρσι
613 3928 1004 3998 θεωρούμενον,
1049 3929 1109 3983 οὔ
1143 3949 1231 4001 μοι
1277 3932 1424 3986 δοκεῖ
1456 3934 1639 4005 ⁹ἐτερον
1668 3938 1819 4007 παρὰ

231 4012 317 4072 τὰς
345 4015 560 4085 ἀρετὰς
593 4021 735 4070 νοεῖν
759 4018 786 4070 ὁ
807 4021 1102 4092 Προφήτης
1126 4036 1140 4049 ’
1186 4021 1409 4086 ταύταις
1436 4023 1543 4094 γὰρ
1586 4025 1645 4076 τὸ
1678 4026 1818 4078 θεῖον

223 4097 352 4166 είδος
398 4109 913 4180 χαρακτηρίζεται.
963 4112 1070 4164 Καὶ
1109 4113 1268 4166 τοῦτο
1315 4114 1502 4180 εἰπὼν,
1529 4115 1587 4168 τὸ
1617 4116 1818 4170 τέλειον

225 4194 521 4266 γνώρισμα
555 4199 710 4266 λέγει
757 4200 854 4270 τῆς
883 4201 1110 4273 ἀρετῆς.
1141 4221 1158 4254 ι
1202 4204 1446 4268 Ἔδωκας
1486 4206 1818 4278 εὐφροσύνην

143 4300 152 4311 ’
218 4285 292 4345 είς
326 4290 430 4353 τὴν
475 4291 722 4360 καρδίαν
754 4308 856 4362 μου
879 4309 890 4322 υ
917 4313 938 4346 ι
966 4295 1088 4347 ἀντὶ
1127 4295 1228 4362 τῆς
1269 4295 1446 4365 ψυχῆς
1476 4299 1568 4350 καὶ
1603 4297 1692 4350 τοῦ
1724 4300 1815 4352 νοῦ

3387 264 3490 322 HG

2528 397 2881 456 ιιΑΡυΤτιν.

1997 535 2234 605 Tempus
2263 548 2428 606 porro
2460 534 2724 605 postulat,
2756 542 2811 587 ut
2840 535 2975 604 jam,
3001 535 3296 590 secundum
3324 549 3494 606 supra

1939 642 1968 680 a
2025 629 2182 682 nobis
2217 628 2404 681 initam
2455 627 2746 690 rationem,
2778 627 2959 696 ipsum
2991 627 3274 690 virtutum,
3326 628 3492 682 utsic

1928 718 2128 782 dicam,
2163 719 2530 772 lautissimum
2563 718 2781 786 epulum
2814 716 3196 785 inspiciamus.
3227 717 3304 771 Ac
3338 719 3490 787 prin-

1929 811 2073 880 cipio
2105 810 2322 880 quidem
2357 809 2787 864 animadvertere
2821 810 2968 873 licet,
2995 810 3254 864 virtutem
3282 811 3494 880 perspi-

1929 902 2049 955 cuis
2083 909 2136 955 et
2190 899 2535 954 evidentibus
2567 898 2714 953 notis
2746 914 2774 951 a
2812 899 3019 951 malitia
3049 907 3315 954 secretam
3349 913 3490 966 esse,

1929 989 2004 1043 ita
2041 997 2098 1042 ut
2139 987 2428 1042 inconfusa
2457 988 2549 1048 sit,
2591 997 2642 1040 et
2677 1002 2706 1039 a
2740 988 3019 1042 contrario
3062 1003 3289 1056 prorsus
3323 987 3490 1043 libera

1929 1081 2217 1149 utriusque
2240 1081 2436 1133 horum
2471 1078 2798 1133 diﬂcrentia.
2827 1077 2903 1132 Ex
2928 1078 3292 1133 delectatione
3323 1079 3489 1144 enim,

1928 1187 2088 1242 quam
2120 1172 2227 1225 illa:
2257 1171 2310 1223 in
2351 1169 2509 1224 nobis
2559 1168 2822 1230 excitant,
2859 1168 3190 1232 ostenditur,
3241 1184 3491 1237 quaenam

1928 1265 2123 1318 horum
2180 1263 2485 1316 studiorum
2550 1260 2621 1314 sit
2689 1260 3034 1328 proprietas,
3090 1276 3212 1314 cum
3285 1260 3490 1314 malitia

1927 1365 2124 1404 sensus
2171 1350 2443 1418 corporis,
2481 1348 2657 1402 virtus
2688 1348 2931 1400 animum
2966 1349 3238 1402 oblectet:
3271 1348 3406 1402 adeo
3432 1357 3493 1401 ut

1923 1439 2082 1507 ejus,
2147 1439 2294 1508 quod
2367 1437 2674 1507 subjectum
2734 1443 2838 1499 est,
2892 1444 3109 1502 natura,
3166 1437 3286 1490 sine
3343 1437 3489 1491 omni

1924 1545 2111 1586 errore
2133 1540 2187 1586 et
2211 1530 2568 1600 ambiguitate
2588 1545 2655 1585 ex
2682 1529 2766 1583 his
2797 1527 3016 1582 indiciis
3043 1528 3275 1582 inveniri
3303 1534 3490 1598 queat.

2006 1661 2072 1716 Et
2101 1663 2203 1716 hoc
2239 1677 2345 1716 non
2378 1661 2616 1727 aliunde,
2650 1675 2809 1729 quam
2861 1675 2925 1714 ex
2969 1660 3061 1723 iis,
3125 1675 3247 1728 qua:
3298 1660 3383 1714 vel
3430 1660 3486 1716 in

1925 1760 2176 1823 promptu
2210 1758 2338 1806 sunt
2373 1751 2572 1820 posita,
2609 1752 2692 1804 vel
2725 1753 2780 1804 in
2809 1751 2996 1805 multis
3035 1751 3278 1819 psalmis,
3319 1750 3474 1818 quasi

1927 1841 2198 1911 profundo
2231 1841 2621 1896 sententiarum
2674 1854 2896 1895 recessu
2934 1841 3117 1901 abdita
3169 1843 3360 1906 latent,
3397 1839 3486 1893 iu-

1926 1931 2175 2001 telligere
2209 1932 2376 1997 licet;
2408 1931 2643 1984 maxime
2673 1945 2737 1985 ex
2770 1939 2965 2000 quarto
3023 1931 3255 1999 psalmo,
3291 1931 3343 1984 in
3379 1946 3488 1999 quo

1925 2021 2245 2090 pronuntiat
2288 2018 2442 2073 corde
2468 2035 2670 2089 graves,
2700 2019 2793 2088 qui
2824 2019 3168 2074 mendacium
3201 2028 3254 2072 et
3280 2021 3488 2073 vanita-

1926 2119 2033 2164 tem
2068 2125 2098 2164 a
2153 2112 2380 2166 veritate
2411 2110 2632 2180 quidem
2687 2109 3091 2174 iuternoscunt,
3150 2111 3245 2166 sed
3303 2118 3484 2165 tamen

1924 2201 2156 2272 diligunt
2189 2201 2240 2255 id
2280 2201 2424 2270 quod
2461 2215 2569 2255 non
2622 2187 2900 2264 subsistit,
2935 2202 3183 2270 neglecto
3227 2216 3292 2255 eo
3341 2203 3487 2272 quod

1924 2303 2228 2362 permanet,
2255 2297 2508 2363 quodque
2531 2292 2680 2346 omni
2703 2307 2886 2348 amore
2917 2291 3141 2362 dignum
3166 2299 3249 2348 est
3274 2309 3290 2359 ;
3314 2294 3483 2348 solam

1923 2383 2067 2437 enim
2100 2386 2446 2440 sanctitatem
2473 2385 2609 2439 dixit
2628 2400 2755 2439 vere
2784 2399 2907 2440 esse
2933 2385 3310 2440 admirandam
3339 2402 3354 2448 ;
3380 2382 3497 2439 alia'

1923 2476 2126 2536 Omnia,
2153 2491 2274 2544 quae
2305 2490 2502 2545 magno
2532 2476 2736 2540 studio,
2765 2476 3031 2531 bonorum
3058 2477 3203 2542 vice,
3229 2494 3487 2547 quaerun-

1925 2572 2012 2619 tur
2051 2565 2118 2620 ab
2177 2565 2513 2629 hominibus,
2577 2567 2632 2620 in
2687 2569 2944 2635 Opinione
3000 2569 3105 2622 sita
3149 2583 3293 2630 esse,
3321 2576 3376 2622 et
3430 2569 3485 2622 in

1923 2655 2122 2725 seipsis
2175 2671 2286 2710 non
2342 2655 2681 2722 subsistere;
2744 2657 2839 2710 sed
2891 2655 2946 2709 in
3002 2670 3142 2709 vana
3200 2657 3481 2710 hominum

1922 2744 2327 2800 existimatione
2347 2744 2546 2811 .videri,
2578 2747 2736 2814 quasi
2766 2760 2889 2800 esse
2913 2743 3186 2814 quoddam
3210 2745 3482 2800 habeant:

1921 2848 1974 2895 et
2004 2847 2062 2892 ut
2101 2838 2406 2892 doctrinam
2447 2837 2551 2892 hac
2596 2837 2663 2893 de
2695 2853 2752 2892 re
2808 2838 3164 2892 illustriorem
3207 2837 3483 2899 redderet,

1921 2944 2214 3000 progressu
2246 2929 2515 2982 orationis
2547 2928 2622 2981 ait
2651 2948 2664 2983 :
2693 2930 2896 2984 multos
2926 2930 3129 2985 bonum
3157 2928 3385 2984 deﬁnire
3417 2929 3486 2984 iis

1922 3034 2043 3088 quae
2091 3025 2396 3088 apparent;
2458 3029 2768 3076 asserentes
2823 3020 2957 3075 illud
3013 3021 3186 3076 solum
3221 3020 3275 3074 in
3322 3021 3484 3074 bonis

1922 3111 2341 3176 numerandum,
2373 3110 2520 3180 quod
2551 3110 2655 3166 sub
2683 3127 2906 3167 sensum
2937 3112 3082 3167 cadit
3116 3130 3129 3166 :
3175 3129 3193 3162 ι
3233 3111 3410 3174 Multi,
3459 3131 3482 3163 ι

1920 3202 2116 3272 inquit,
2157 3222 2176 3254 ι
2228 3203 2438 3266 dicunt,
2473 3201 2607 3268 Quis
2656 3203 2907 3258 ostendet
2973 3204 3132 3259 nobis
3162 3203 3301 3257 bona
3328 3203 3424 3256 9‘1?
3461 3223 3478 3252 ι

1919 3294 2104 3362 Atqui
2137 3294 2327 3348 oculos
2367 3293 2434 3348 ad
2487 3295 2743 3349 virtutem
2795 3297 3087 3359 convertit,
3139 3295 3231 3349 ille
3286 3295 3486 3350 servile

1921 3386 2024 3442 hoc
2054 3387 2120 3442 de
2156 3388 2302 3443 bono
2344 3387 2612 3457 judicium
2659 3395 3005 3457 aspernatur,
3059 3398 3378 3457 rectumque
3421 3403 3486 3440 ac

1923 3479 2210 3534 honestum
2244 3480 2416 3533 multo
2447 3479 2653 3533 lumine
2684 3481 3038 3534 collustratus
3069 3481 3334 3534 intuetur.
3366 3479 3488 3544 Quo

1919 3570 2148 3624 denotat
2177 3569 2417 3623 divinam
2450 3570 2596 3623 illam
2628 3578 2682 3623 et
2717 3570 3007 3624 sublimem
3038 3571 3484 3633 exsultationem,

1919 3671 1970 3714 et
1999 3660 2183 3713 lumen
2209 3659 2365 3721 illud,
2415 3659 2560 3728 quod
2593 3674 2656 3712 ex
2703 3657 2888 3712 divina
2946 3657 3088 3712 facie
3144 3659 3479 3728 resplendet,

1920 3753 2177 3822 quodque
2201 3767 2460 3806 sensuum
2489 3759 2702 3806 natura:
2729 3751 2950 3822 assequi
2983 3767 3093 3805 non
3140 3752 3480 3807 conceditur.

1925 3862 1943 3895 ι
1982 3842 2266 3913 Signatum
2313 3851 2398 3898 est
2447 3843 2617 3905 enim,
2667 3843 2866 3912 inquit,
2929 3857 3094 3913 super
3151 3859 3251 3898 nos
3298 3844 3484 3897 lumen

1920 3935 2102 3991 vultus
2135 3934 2235 3998 tui,
2257 3933 2505 3990 Domine.
2539 3953 2558 3987 ι
2585 3933 2688 3989 Per
2719 3934 2815 3990 Dei
2848 3934 3041 3990 faciem
3067 3935 3484 3991 characteribus

1925 4025 2254 4096 quibusdam
2305 4038 2359 4082 et
2388 4027 2534 4081 notis
2562 4027 2916 4096 descriptam,
2951 4041 3060 4081 non
3089 4028 3304 4090 videtur
3351 4028 3482 4080 mihi

1918 4117 2190 4188 Propheta
2215 4118 2364 4172 aliud
2398 4118 2644 4173 indicare
2669 4120 2828 4183 velle,
2857 4133 3019 4185 quam
3050 4119 3281 4174 virtutes
3308 4134 3321 4180 ;
3356 4133 3481 4172 nam

1918 4209 2006 4266 his
2039 4211 2252 4281 species
2277 4210 2462 4264 divina
2485 4210 2826 4280 designatur.
2848 4209 2945 4264 His
2973 4209 3154 4270 dictis,
3185 4208 3480 4278 perfectam

1918 4301 2136 4357 virtutis
2168 4309 2349 4354 notam
2380 4300 2606 4355 adduxit
2632 4316 2644 4350 :
2673 4318 2691 4351 ι
2719 4299 2924 4354 Dedisti
2957 4299 3195 4353 laetitiam
3229 4299 3284 4352 in
3315 4299 3486 4352 corde

217 4374 309 4442 τὴν
356 4380 613 4449 καρδίαν
653 4380 848 4448 λέγων.
895 4383 969 4436 Οὐ
1016 4390 1126 4455 γὰρ
1174 4382 1294 4437 ἐστι
1343 4388 1456 4446 τοῖς
1501 4388 1566 4439 ἐκ
1617 4389 1816 4452 κακίας

1923 4406 2083 4457 meo;
2122 4409 2140 4442 ι
2177 4390 2348 4444 animi
2403 4397 2458 4445 et
2491 4391 2692 4447 mentis
2755 4391 2877 4445 loco
2927 4405 3024 4444 cor
3062 4405 3314 4459 ponens:
3371 4406 3484 4444 non

214 4461 565 4537 δελεάσμασι
621 4470 715 4522 τὸν
743 4470 867 4523 νοῦν
890 4471 1138 4541 ἡσθῆναι.
1185 4472 1621 4527 Ἀντιδιαστέλλει
1665 4475 1720 4528 δὲ
1748 4479 1814 4548 τῇ

211 4554 308 4622 τῆς
342 4560 596 4629 καρδίας
624 4561 927 4633 εὐφροσύνῃ
957 4562 1052 4636 τὴν
1079 4563 1252 4634 ὑλώδη
1283 4565 1483 4638 ταύτην
1512 4568 1605 4620 καὶ
1635 4567 1816 4637 βιωτι-

213 4645 310 4715 κὴν
355 4649 641 4714 εὐθηνίαν
683 4653 824 4721 (50),
869 4652 1042 4721 λέγων
1085 4656 1198 4718 τοῖς
1231 4655 1290 4708 τὸ
1324 4657 1494 4728 παρὸν
1527 4659 1694 4730 όρῶσι
1718 4660 1816 4729 τὴν

210 4741 460 4811 γαστέρα
518 4743 626 4795 τοῦ
677 4744 841 4797 καλοῦ
892 4747 1173 4817 κριτήριον
1206 4747 1464 4815 γίνεσθαι.
1523 4753 1675 4804 Σῖτον
1709 4752 1816 4824 γὰρ

212 4830 302 4880 καὶ
333 4827 492 4884 οἶνον
534 4833 713 4886 εἰπὼν
742 4838 853 4900 τοῖς
877 4837 1140 4901 τοιούτοις
1169 4839 1549 4912 πληθύνεσθαι,
1584 4842 1692 4897 ἀπὸ
1721 4843 1816 4913 μέ-

218 4933 339 5015 ρους
366 4922 573 4987 πάσας
604 4923 700 4986 τὰς
728 4926 854 4995 περὶ
884 4927 1124 4998 γαστέρα
1167 4930 1258 4985 καὶ
1291 4932 1707 5015 θοίνην,ήδονὰς
1739 4932 1816 5002 τῷ

213 5005 855 5122 λόγῳησυμπεριέλαδεν
885 5035 900 5052 ο
959 5023 1033 5122 αἱ
1069 5021 1242 5122 πασης
1293 5005 1553 5122 amo-uage
1619 5024 1816 5095 ὑλικῆς

219 5099 504 5170 ἀσχολίας,
546 5106 683 5176 περὶ
707 5106 743 5160 ἃ.
780 5111 813 5178 ή
846 5110 1048 5179 σπουδὴ
1088 5113 1163 5175 είς
1203 5099 1685 5204 οὐδὲξδΛεύοδοῦται
1718 5114 1815 5168 πέ-

289 5301 334 5331 ⁹⁶
365 5301 523 5359 Psal.
558 5320 639 5371 tv,
666 5307 696 5361 6
725 5324 846 5378 sqq.

301 5479 410 5548 (is)
450 5482 574 5534 ωκ
618 5484 728 5540 add.
763 5484 847 5537 ed.

300 5535 407 5633 {fg}
430 5552 540 5633 ἑιή
567 5535 672 5605 om.
684 5535 874 5633 13515::
900 5547 1011 5604 codd.
1031 5568 1096 5633 θ’,

305 5608 410 5688 in;
430 5608 660 5674 τὰόιη.
684 5622 763 5674 ed.
797 5608 807 5617 ’
1033 5608 1135 5756 Ἴθη

1136 5759 1146 5797 l

1922 4483 2066 4538 enim
2099 4482 2213 4537 ﬁeri
2249 4489 2448 4552 potest,
2481 4491 2539 4537 ut
2570 4481 2790 4537 malitia:
2827 4480 3218 4536 blandimentis
3267 4483 3489 4537 animus

1923 4573 2315 4629 demulceatur.
2349 4571 2600 4644 Sejungit
2627 4589 2760 4629 vero
2790 4589 2820 4628 a
2852 4573 3037 4628 cordis
3066 4573 3251 4628 laetitia
3283 4588 3484 4644 corpo-

1923 4677 2072 4718 ream
2103 4663 2243 4718 banc
2275 4671 2330 4719 et
2361 4665 2488 4718 vitae
2517 4664 2680 4734 hujus
2707 4664 3148 4726 oblectationem,
3177 4679 3302 4719 cum
3325 4665 3481 4727 dicit,

1923 4754 1992 4808 iis
2019 4754 2112 4822 qui
2138 4755 2426 4823 praesentia
2459 4761 2669 4809 tantum
2721 4755 3024 4818 intuentur,
3071 4763 3315 4810 ventrem
3349 4768 3483 4810 recti

1923 4845 2257 4913 dijudicandi
2308 4846 2552 4915 regulam
2607 4859 2769 4911 esse;
2829 4844 3161 4900 frumentum
3219 4847 3364 4899 enim
3431 4857 3485 4898 et

1921 4935 2110 4988 vinum
2133 4933 2221 4989 his
2247 4934 2448 4989 talibus
2481 4934 2834 5003 multiplicari
2865 4935 2941 4988 ait
2969 4951 2984 5002 ;
3012 4949 3075 4988 ex
3111 4942 3264 5004 parte
3292 4949 3484 4988 omnes

1917 5021 2310 5092 jucunditates,
2342 5037 2461 5091 qua:
2491 5022 2558 5076 ad
2609 5032 2852 5078 ventrem
2898 5031 2954 5077 et
2987 5024 3176 5092 epulas
3213 5031 3482 5091 spectant,

1921 5113 2282 5181 complexus;
2326 5127 2447 5183 quae
2501 5111 2655 5165 initia
2689 5118 2816 5167 sunt
2873 5111 3052 5167 omnis
3107 5111 3490 5182 occupationis

1991 5491 2101 5562 (48)
2130 5492 2422 5562 Προδείξει,
2463 5495 2550 5548 ed.

1990 5561 2098 5627 (49)
2138 5561 2468 5630 Ἐφικέσθαι,
2501 5564 2586 5618 ed.

1986 5631 2100 5702 (50)
2141 5633 2438 5702 Εὑθυμίαν,
2468 5635 2555 5691 ed.
