4054 6436
758 352 864 409 647

2020 346 2075 400 S.
2117 344 2444 402 GREGORII
2481 342 2777 401 NYSSENI

760 471 908 523 circa
956 464 1245 521 'rnateriam
1303 464 1475 527 ista“;
1515 474 1860 533 corporatam
1916 464 2232 527 versatilis;
2276 466 2361 523 in,

2132 464 2190 517 .is
2217 481 2232 527 ;
2276 466 2330 519 in
2360 471 2403 525 Α
2438 480 2555 533 ρας.
2590 461 2666 514 Οὐ
2704 458 2813 528 γάρ
2847 457 2961 510 ἐστι
2991 455 3091 526 τῆς
3118 457 3175 508 ὲν
3208 455 3400 526 ἀκαρεῖ
3433 455 3663 527 γινομένης
3691 473 3733 509 το

759 557 963 627 quibus
999 556 1243 614 studium
1278 563 1332 609 et
1390 568 1611 622 operam
1662 567 1886 623 ponere,
1924 553 2061 606 nihil
2113 554 2329 623 penitus

760 649 1119 705 emolumenti
1151 647 1343 703 aﬂ‘erat
1372 664 1386 713 ;
1429 661 1537 700 non
1578 647 1721 699 enim
1753 652 1839 699 est
1870 643 2153 699 fruitionis
2184 645 2330 700 illius

762 750 817 795 et
845 741 1165 811 voluptatis,
1198 754 1318 809 qum
1357 744 1634 791 momento
1666 734 1929 804 temporis
1959 734 2038 795 fit,
2070 735 2122 787 in
2155 733 2333 788 homi-

764 847 893 886 num
930 840 1127 884 natura
1154 846 1319 899 penu,
1343 836 1402 881 ut
1427 828 1846 881 delectationem
1877 826 2021 879 illam
2048 840 2332 880 asservare

765 932 819 975 et
869 919 1170 973 recondere
1203 916 1438 986 possint,
1483 930 1645 984 quam
1678 913 1826 967 omni
1858 928 1961 982 ope
2011 925 2331 981 comparare

765 1018 1038 1064 conantur
1064 1024 1079 1074 ;
1111 1008 1203 1062 sed
1228 1008 1400 1061 instar
1424 1004 1693 1058 fallacium
1720 1004 2182 1072 phantasmatum,
2206 1015 2329 1054 cum

763 1102 939 1171 teneri
976 1116 1007 1155 a
1066 1103 1403 1168 voluptatum
1456 1096 1792 1150 amatoribus
1852 1094 2120 1156 creditur,
2168 1093 2330 1147 dere-

766 1198 928 1259 pente
954 1189 1254 1250 evanescit,
1284 1196 1334 1239 et
1360 1186 1415 1238 in
1446 1185 1676 1238 nihilum
1701 1181 1913 1237 recidit.
1950 1181 2123 1249 llujus
2150 1191 2329 1234 autem

765 1278 892 1333 vani
952 1277 1149 1347 spectri
1207 1276 1429 1330 unicum
1488 1274 1774 1344 vestigium
1831 1272 2157 1341 relinquitur
2209 1277 2332 1340 post

765 1368 1156 1432 recessionem,
1186 1367 1361 1434 pudor
1388 1384 1402 1432 ;
1434 1367 1543 1419 alta
1566 1373 1621 1419 et
1646 1363 1919 1418 indelebili
1951 1362 2032 1416 eis
2066 1363 2331 1431 impressa

768 1465 921 1520 nota,
955 1472 1054 1527 per
1081 1472 1200 1525 qua:
1230 1454 1448 1509 transiit
1477 1472 1491 1518 ;
1524 1454 1785 1523 possibile
1810 1460 1869 1505 ut
1897 1452 1990 1514 sit,
2011 1460 2330 1506 venatorum

769 1562 923 1600 more
952 1556 1006 1602 et
1034 1555 1170 1606 arte.
1204 1562 1265 1601 ex
1304 1546 1439 1615 ipsis
1475 1543 1720 1613 vestigiis
1772 1542 1902 1595 fera:
1947 1550 2199 1595 naturam
2236 1554 2332 1593 co-

769 1654 1057 1709 gnoscere.
1093 1637 1304 1691 Etenim
1339 1636 1440 1699 illi,
1476 1634 1696 1704 quando
1732 1632 1844 1689 fera
1895 1632 2185 1689 manifesta
2224 1647 2333 1686 non

769 1738 874 1794 est,
906 1729 1137 1798 vestigio
1169 1743 1288 1782 eam
1324 1735 1682 1795 cognoscunt.

2432 551 2668 621 θρώποις
2714 546 3063 608 ἀπολαύσεως
3110 545 3167 597 ὲν
3212 546 3277 614 τῇ
3326 543 3469 613 φύσει
3512 546 3708 614 ταμιεῖον

2431 643 2570 697 ὥστε
2625 638 2888 693 ἀπόθετον
2933 638 3143 698 ἑαυτοῖς
3189 634 3447 687 ποιεῖσθαι
3484 636 3563 702 τὴν
3600 637 3736 708 ἡδονὴ⁴

2423 733 2573 788 νκατά
2606 733 2783 784 πᾶσαν
2832 728 3063 781 κτῶνται
3112 726 3340 797 σπουδήν
3368 744 3382 758 ·
3431 725 3526 779 ἀλλ’
3561 726 3737 799 ὥσπερι

2432 819 2725 891 ἀπατηλῶν
2759 818 3156 887 φαντασμάτων
3194 815 3683 891 κεκρατῆσθαιπαρά
3708 836 3738 871 τι

2432 913 2665 984 ληδὸνων
2701 910 2877 975 δόξαν,
2921 908 3084 971 εὐθὺς
3111 906 3401 989 ἠφανίσθη,
3450 890 3630 972 min;
3669 910 3719 962 τι

2436 1000 2802 1071 μετεχώρησε.
2850 996 2955 1050 Τοῦ
3007 995 3064 1049 δὲ
3104 994 3343 1048 τοιούτου
3395 996 3635 1066 φάσματος
3692 998 3740 1050 ἓν

2432 1090 2811 1145 καταλείπεται
2846 1087 2982 1157 μετά
3004 1087 3100 1157 τὴν
3126 1084 3459 1156 ἀναχώρησιν
3481 1089 3509 1156 ἡ
3536 1088 3740 1158 αἰσχύνη,

2432 1199 2488 1235 τε
2520 1183 2611 1234 καὶ
2634 1177 3045 1243 δυσεξάλειπτον
3078 1177 3482 1247 ἐνσημηναμένη
3508 1177 3683 1240 τούτοις
3720 1197 3742 1232 τ

2433 1287 2533 1324 πον
2564 1270 2749 1323 τοῦτον
2779 1267 3025 1337 (51),,δι’
3053 1260 3126 1319 ὧν
3154 1267 3218 1319 ἂν
3252 1265 3510 1338 παρέλθῃ,
3547 1266 3611 1329 ὡς
3634 1268 3742 1320 δυνα

2433 1376 2538 1422 ναι,
2575 1358 2716 1411 κατά
2760 1357 2859 1425 τὴν
2899 1356 3093 1426 τέχνην
3137 1355 3243 1408 τῶν
3286 1356 3612 1425 θηρευόντων,
3652 1360 3744 1419 τοῖς

2432 1448 2808 1517 διαγινώσκειν
2840 1445 2934 1499 τοῦ
2971 1446 3160 1516 θηρίου
3196 1445 3295 1515 τὴν
3323 1446 3491 1514 φύσιν.
3525 1446 3614 1499 Kal
3641 1446 3734 1517 γὰρ

2435 1542 2561 1593 ὅταν
2604 1538 2807 1607 ἀφανὲς
2918 1537 2977 1589 τὸ
3006 1536 3244 1607 θήραμα,
3278 1534 3366 1589 διά
3408 1536 3492 1589 τού
3525 1535 3679 1606 ἴχνους
3717 1554 3743 1591 τ

2436 1619 2808 1702 γνωρίζουσιν.

843 1839 900 1895 Si
924 1840 1088 1911 igitur
1104 1854 1233 1910 aper
1253 1846 1346 1893 aut
1367 1840 1450 1892 leo
1467 1838 1701 1908 propriis
1723 1836 1968 1907 vestigiis
1991 1837 2305 1907 agnoscitur
2319 1880 2334 1903 ,
2368 1799 2412 1855 Β

2141 1837 2334 1903 scitur,
2368 1799 2412 1855 Β
2510 1828 2573 1880 Εἰ
2602 1820 2693 1879 οὖν
2722 1827 2750 1879 ὁ
2778 1823 2874 1887 σῦς
2903 1823 2938 1895 ἢ
2967 1825 2995 1877 ὁ
3022 1823 3157 1877 λέων
3185 1825 3294 1887 τοῖς
3326 1822 3486 1895 ἴχνεσι
3508 1825 3608 1886 τοῖς
3638 1822 3742 1875 ίδίοι

769 1946 1115 2000 consequens
1137 1938 1242 1995 est,
1274 1937 1333 1984 ut
1359 1940 1412 1984 et
1438 1928 1732 1998 voluptatis
1766 1937 1959 1980 natura
1991 1927 2045 1980 in
2074 1928 2340 1997 impresso

772 2037 801 2075 a
829 2037 888 2077 se
922 2020 1152 2089 vestigio
1177 2021 1471 2073 elucescat.
1502 2017 1665 2087 Atqui
1703 2016 1989 2085 vestigium
2017 2016 2136 2085 ejus
2167 2019 2340 2086 pudor

771 2119 856 2167 est
892 2127 905 2162 :
949 2126 1079 2180 ergo
1108 2117 1160 2163 et
1190 2110 1329 2178 ipsa,
1365 2124 1486 2179 qua:
1522 2107 1784 2176 imprimit
1807 2106 1988 2159 animo
2027 2106 2339 2174 hujusmodi

772 2209 981 2266 notam,
1028 2202 1113 2256 vel
1157 2202 1383 2270 ipsemet
1411 2199 1585 2268 pudor
1632 2196 1815 2260 fuerit,
1872 2196 1957 2250 vel
1994 2204 2141 2251 certe
2172 2213 2338 2252 causa

770 2291 1015 2347 ellectrix
1036 2290 1282 2360 pudoris.
1304 2289 1504 2344 Verum
1529 2289 1641 2342 hac
1672 2290 1847 2345 obiter
1872 2300 1926 2346 et
1953 2290 2097 2344 aliud
2130 2287 2339 2357 agendo

777 2396 809 2434 a
850 2381 1009 2436 nobis
1064 2381 1208 2434 dicta
1244 2386 1391 2434 sunt.
1424 2378 1590 2432 Nobis
1637 2380 1779 2433 enim
1817 2382 2162 2449 potissimum
2210 2393 2339 2449 pro-

774 2472 1011 2541 positum
1043 2477 1159 2524 erat
1192 2484 1285 2537 per
1309 2469 1552 2539 ipsorum
1590 2467 1933 2522 Psalmorum
1968 2468 2213 2537 exempla
2242 2466 2338 2521 de-

776 2567 1102 2623 monstrare,
1134 2559 1312 2628 qualis
1340 2558 1413 2611 sit
1441 2559 1620 2612 exitus
1646 2558 1769 2612 vitae
1792 2567 1902 2612 tam
1933 2558 2141 2621 virtuti,
2174 2571 2339 2627 quam

773 2653 923 2706 vitiis
949 2650 1198 2703 addictaa.
1233 2649 1419 2718 Itaque
1441 2649 1496 2702 in
1526 2648 1785 2718 prtedicto
1808 2651 2014 2719 psalmo
2038 2648 2198 2703 finem
2227 2648 2339 2701 vir-

776 2744 906 2799 tutis
943 2742 1134 2797 statuit
1172 2756 1360 2811 pacem
1409 2748 1464 2797 et
1502 2742 1949 2811 tranquillitatem
1976 2783 1990 2807 ,
2031 2748 2084 2795 et
2135 2739 2341 2793 unifor-

775 2849 916 2888 mem
949 2834 1121 2895 illam,
1152 2842 1205 2887 et
1235 2832 1622 2901 impermistam
1659 2832 1725 2885 ad
1754 2834 2035 2903 passiones
2063 2831 2339 2901 animique

777 2925 1211 2993 perturbationes
1244 2924 1582 2978 affectionem
1605 2932 1654 2977 et
1678 2924 2111 2992 dispositionem,
2142 2938 2263 2993 quae
2285 2923 2339 2976 in

776 3028 870 3083 spe
908 3012 1105 3066 divina:
1134 3013 1529 3066 communionis
1566 3014 1940 3066 constituitur.
1989 3012 2338 3066 Contrarium

776 3118 906 3157 vero
954 3104 1080 3157 huic
1118 3110 1340 3165 statum,
1396 3103 1515 3171 ipso
1563 3103 1785 3155 silentio
1839 3102 2123 3171 patefecit.
2172 3102 2339 3158 Porro

778 3197 977 3265 sa‘pius
998 3195 1053 3248 in
1071 3193 1301 3247 Psalmis
1318 3194 1542 3246 clamat:
1568 3212 1584 3243 ‹
1607 3193 1795 3261 lnjusti
1820 3194 2139 3259 interibunt,
2154 3208 2339 3248 semen

778 3286 1065 3353 impiorum
1118 3284 1316 3353 peribit
1337 3284 1406 3335 ".
1462 3281 1566 3348 Qui
1617 3281 1795 3350 diligit
1842 3268 2180 3352 iniquitatem
2227 3284 2342 3338 odit

779 3376 1016 3428 animam
1065 3390 1241 3437 suam,
1286 3374 1433 3444 pluet
1476 3389 1638 3443 super
1664 3382 1978 3442 peccatores
2013 3373 2333 3445 lziqueos°°n

779 3474 833 3521 et
870 3466 973 3518 alia
1012 3465 1219 3518 infinita
1264 3464 1351 3520 his
1378 3464 1593 3517 similia.
1633 3463 1726 3519 Est
1777 3473 1958 3519 autem
1997 3475 2145 3519 totus
2187 3466 2342 3520 Psal-

781 3571 991 3611 rnorum
1023 3556 1160 3610 liber
1202 3554 1435 3610 refertus
1470 3555 1690 3610 virtutis
1732 3556 2001 3617 laudibus,
2058 3567 2111 3610 et
2142 3557 2343 3626 impro-

780 3649 972 3703 borum
992 3647 1431 3719 reprehensione,
1452 3655 1765 3717 spectatque
1778 3647 2126 3701 historiarum
2142 3647 2342 3702 mentio

778 3738 916 3793 duos
942 3739 1209 3808 prazcipue
1241 3737 1407 3803 ﬁnes;
1443 3736 1610 3791 efficit
1636 3738 1835 3808 quippe
1868 3744 1926 3791 ut
1971 3746 2024 3792 et
2054 3739 2342 3793 illustrium

780 3832 1016 3886 virorum
1057 3832 1309 3886 virtutem
1337 3830 1609 3886 aemuler-is
1644 3838 1698 3885 et
1724 3831 2014 3899 suspicias,
2062 3831 2343 3902 fugiasque

781 3939 969 3977 torum
999 3923 1419 3991 improbitatem,
1451 3922 1543 3993 qui
1573 3938 1693 3978 sese
1711 3920 1929 3992 ﬂagitiis
1957 3931 2099 3979 totos
2124 3922 2345 3977 dedide-

784 4026 930 4068 runt.
966 4014 1098 4068 Nam
1131 4030 1255 4068 cum
1283 4023 1335 4069 te
1358 4015 1424 4068 ad
1458 4015 1708 4069 virtutem
1731 4028 1828 4083 per
1847 4015 2094 4082 exempla
2118 4015 2340 4078 excitat,

782 4115 895 4159 tum
926 4105 1032 4159 ait:
1080 4122 1097 4155 ι
1117 4103 1329 4175 Moyses
1352 4114 1405 4160 et
1432 4106 1611 4157 Aaron
1642 4104 1697 4156 in
1722 4103 2095 4158 sacerdotibus
2124 4103 2263 4171 ejus,
2289 4112 2344 4158 et

772 4193 1004 4247 Samuel
1057 4192 1199 4248 inter
1243 4208 1359 4257 eos,
1397 4193 1492 4261 qui
1540 4192 1795 4246 invocant
1835 4206 2032 4245 nomen
2074 4192 2213 4261 ejus.
2255 4191 2342 4246 ln-

779 4285 1048 4339 vocabant
1085 4283 1393 4346 Dominum,
1429 4290 1484 4338 et
1513 4284 1629 4353 ipse
1648 4282 1973 4338 exaudiebat
2002 4298 2120 4338 eos.
2161 4283 2218 4338 ln
2254 4299 2344 4339 co-

781 4377 964 4430 lumna
993 4376 1155 4432 nubis
1176 4376 1500 4447 loquebatur
1525 4375 1593 4429 ad
1608 4390 1701 4431 eos
1714 4375 1780 4428 ⁹⁹.
1805 4393 1824 4427 ι
1843 4374 2148 4445 Atquando
2171 4377 2345 4431 oculis

2442 1918 2754 1991 μηνύονται,
2806 1916 3098 1970 ἀκόλουθον
3144 1915 3359 1977 πάντως
3398 1916 3487 1967 καὶ
3530 1915 3621 1985 τῆς
3659 1914 3748 1985 ἡδο

2440 2008 2599 2077 φύσιν
2643 2009 2702 2059 ὲν
2746 2005 2825 2076 τῷ
2856 2005 3229 2073 ὑπολειφθέντι
3259 2004 3424 2074 αὐτῆς
3456 2004 3581 2074 ἴχνει
3606 2020 3750 2073 γνωρι

2452 2099 2609 2152 Ἀλλά
2642 2098 2748 2170 μὴν
2778 2096 2835 2150 τὸ
2865 2096 3006 2167 ἴχνος
3051 2097 3221 2166 αὐτῆς
3253 2094 3475 2166 αἰσχύνη
3517 2095 3667 2147 ἐστίν.
3711 2097 3750 2146 '1

2438 2191 2472 2261 ἡ
2502 2189 2919 2259 ἐνσημηναμένη
2963 2190 3026 2257 τῇ
3059 2187 3204 2257 ψυχῇ
3255 2187 3344 2240 τὸν
3380 2187 3485 2258 (52)
3535 2186 3752 2240 τοιοῦτον

2438 2280 2471 2350 ἢ
2505 2280 2632 2331 αὐτὸ
2663 2280 2774 2349 (55)
2810 2280 3023 2341 πάντως
3068 2278 3293 2349 αἰσχύνη
3333 2278 3495 2340 ἐστὶν,
3536 2277 3566 2347 ἢ
3601 2296 3747 2347 ποιητ

2438 2371 2719 2439 αἰσχύνης.
2762 2369 2919 2422 Ἀλλά
2946 2368 3104 2422 τοῦτο
3151 2369 3249 2438 μὲν
3285 2371 3414 2440 ἡμῖν
3451 2371 3504 2422 ὲν
3547 2370 3752 2440 παρεξοί

2440 2462 2716 2533 εθεωρήθη
2746 2460 2824 2531 τῷ
2865 2462 3013 2531 τόπῳ
3042 2478 3056 2493 ·
3105 2461 3271 2525 δεῖξαι
3308 2462 3415 2531 γὰρ
3462 2461 3597 2515 κατά
3638 2463 3696 2514 τὸ
3724 2481 3754 2514 π

2443 2568 2600 2623 μενον
2646 2551 2751 2604 ἔδει
2796 2552 2882 2604 διὰ
2923 2552 3023 2620 τῆς
3060 2551 3406 2622 ψαλμῳδίας,
3461 2549 3566 2606 οἷον
3597 2554 3752 2606 ἑκατέ

2440 2644 2557 2697 κατ’
2584 2643 2795 2715 ἀρετήν
2842 2659 2901 2694 τε
2946 2642 3040 2695 καὶ
3084 2642 3277 2694 κακίαν
3322 2642 3751 2712 ἐπιτηδευμάτων

2440 2737 2631 2808 πέρας.
2676 2735 2763 2786 Ἐν
2802 2733 2978 2786 τοίνυν
3016 2734 3091 2804 τῷ
3123 2735 3504 2805 προειρημένῳ
3546 2734 3655 2803 (5ηῆ
3690 2734 3756 2803 ψα

2438 2829 2539 2898 τῆς
2576 2827 2774 2897 ἀρετῆς
2809 2824 2976 2878 εἰπὼν
3015 2825 3166 2887 τέλος
3214 2826 3436 2895 εἰρήνην
3482 2822 3618 2878 εἶναι
3661 2827 3753 2879 καὶ

2440 2924 2531 2975 καὶ
2558 2922 2655 2993 τὴν
2688 2922 2929 2992 μονοειδῆ
2963 2938 3022 2973 τε
3068 2921 3162 2973 καὶ
3203 2920 3555 2991 ἀνεπίμικτον
3588 2920 3722 2991 πρὸς

2439 3014 2775 3085 κατοίκησιν,
2794 3014 2893 3083 τὴν
2916 3013 3000 3066 ἐπ’
3026 3012 3199 3065 ἐλπίδι
3218 3012 3329 3083 (55)
3347 3012 3446 3082 τῆς
3461 3011 3552 3117 Ξξῦ
3569 3010 3704 3064 Θεοῦ
3726 3028 3758 3080 μ

2368 3143 2410 3199 c
2442 3105 2911 3176 κατορθουμένην,
2944 3104 3008 3157 τὸ
3029 3104 3398 3174 ἀντικείμενον
3417 3103 3591 3172 τούτῳ
3622 3103 3755 3172 (55⁸)

2447 3199 2545 3269 μὲν
2575 3198 2663 3251 διὰ
2696 3197 2795 3266 τῆς
2825 3197 3032 3266 σιωπῆς
3065 3197 3381 3262 ἐνεδείξατο.
3414 3195 3668 3265 Πολλαχῆ
3706 3195 3760 3247 δὲ

2440 3288 2759 3357 Φαλμιρδίας
2782 3287 2899 3357 limi:
2924 3286 3125 3353 λέγων·
3147 3304 3164 3337 ε
3197 3288 3258 3339 Οί
3282 3287 3336 3340 δὲ
3367 3288 3679 3358 παράνομοι
3706 3285 3760 3351 ἐξ

2442 3381 2715 3449 θήσονται,
2750 3381 2843 3432 καὶ
2889 3381 3109 3458 σπέρμα
3152 3378 3364 3431 ἀσεϐῶν
3413 3378 3760 3448 ἐξολοθρευθι

2441 3472 2570 3534 Καὶ,
2608 3490 2624 3522 ι
2667 3470 2726 3522 Ὀ
2757 3471 2988 3538 ἀγαπῶν
3014 3471 3111 3540 τὴν
3137 3471 3349 3522 ἀδικίαν
3383 3472 3535 3539 μισεῖ
3567 3469 3667 3538 τὴν
3699 3471 3760 3520 ὲα

2441 3564 2563 3631 χήν·
2602 3560 2693 3613 καὶ
2734 3560 3008 3631 ἐπιϐρέξει
3043 3562 3134 3613 ἐπὶ
3162 3560 3521 3630 ἁμαρτωλοὺς
3556 3560 3760 3627 παγίδα

2441 3654 2573 3707 ἄλλα
2607 3652 2774 3723 μυρία
2799 3652 3007 3715 τούτοις
3050 3653 3402 3722 ὁμοιότροπα.
3451 3650 3627 3720 Γέμει
3661 3653 3722 3703 δὲ
3752 3669 3760 3683 ι

2424 3741 2759 3812 Ψαλμῳδίας
2787 3743 2819 3811 ἠ
2857 3741 3034 3811 βίϐλος
3056 3742 3163 3793 τῶν
3193 3758 3253 3794 τε
3282 3740 3379 3809 τῆς
3412 3741 3623 3810 ἀρετῆς
3651 3742 3760 3792 ἐπα

2442 3830 2540 3899 τῆς
2559 3830 2888 3900 κατηγορίας
2910 3829 3017 3882 τῶν
3040 3832 3094 3882 ὲν
3118 3829 3282 3899 κακίᾳ
3308 3828 3550 3892 ζώντων.
3576 3828 3659 3882 ῩἪ
3682 3847 3745 3882 τε

2446 3920 2576 3990 ριῶν
2613 3922 2802 3990 μνήμη
2833 3920 2970 3990 πρὸς
2997 3920 3121 3987 τοὺς
3148 3919 3241 3972 δύο
3265 3920 3502 3983 σκοποὺς
3542 3919 3750 3990 μεριζο

2446 4010 2624 4081 λωτὴν
2678 4011 2777 4079 μὲν
2820 4008 2967 4062 ποιεῖ
3006 4011 3105 4081 τὴν
3139 4010 3337 4080 ἀρετὴν
3366 4010 3475 4063 τῶν
3510 4010 3753 4079 εὐδοκίμ

2444 4099 2609 4154 ώπων
2629 4117 2641 4132 ·
2678 4101 2915 4171 φευκτὴν
2945 4101 3000 4154 δὲ
3028 4100 3116 4154 διά
3146 4101 3253 4155 τῶν
3279 4101 3760 4172 κατεγνωσμένων

2445 4192 2657 4260 νηρίαν.
2691 4191 2856 4243 Ὅταν
2876 4190 2982 4259 μὲν
3013 4191 3121 4262 γάρ
3153 4208 3212 4244 σε
3248 4193 3384 4263 πρὸς
3411 4193 3629 4264 ἀρετὴν
3662 4194 3760 4244 ὲπε

2447 4282 2818 4352 ὑποδείγματι·
2868 4282 3041 4351 λέγει,
3098 4304 3116 4336 ι
3147 4285 3384 4355 Μωῦσῆς
3421 4285 3522 4338 καὶ¹
3565 4284 3760 4355 Ἀαρὼ

2450 4374 2680 4445 ἱερεῦσιν
2711 4374 2894 4440 αὑτοῦ,
2932 4376 3026 4429 καὶ
3063 4377 3315 4448 Σαμουὴλ
3346 4379 3404 4430 ὲν
3430 4378 3557 4440 τοῖς
3584 4377 3760 4429 tum:

783 4467 1155 4522 miserandum
1191 4469 1415 4523 malitia:
1438 4468 1646 4522 exitum
1684 4466 1956 4537 subjicere
1982 4468 2205 4537 cogitat,
2234 4478 2344 4521 tum
2378 4482 2384 4537 1

2145 4475 2205 4532 ιι,
2234 4478 2344 4521 tum
2378 4481 2422 4537 Ι)
2449 4468 2631 4521 αὐτόν.
2668 4466 3057 4522 Ἐπεκαλοῦντο
3087 4470 3177 4522 τὸν
3206 4469 3538 4541 Κύριον,καὶ
3561 4469 3746 4531 αὐτὸς

783 4566 1053 4626 recenset,
1081 4559 1342 4628 quidnam
1377 4558 1624 4629 perpessi
1657 4559 1788 4625 sint,
1820 4559 1913 4629 qui
1940 4574 2062 4615 sese
2088 4560 2348 4629 nequitia:

783 4649 998 4718 penitus
1023 4658 1422 4705 consecrarunt
1446 4667 1461 4705 :
1489 4668 1508 4701 ι
1533 4650 1735 4720 Aperta
1767 4658 1854 4705 est
1879 4659 2046 4716 terra,
2079 4661 2134 4706 et
2159 4650 2348 4722 deglu-

783 4739 904 4793 tivit
947 4738 1193 4803 Dathan,
1259 4750 1313 4795 et
1363 4741 1580 4809 operuit
1643 4755 1811 4811 super
1866 4743 2345 4812 congregationem

783 4829 1018 4897 Abiron;
1043 4829 1261 4885 flamma
1292 4832 1593 4888 combussit
1617 4840 1936 4902 peccatores
1956 4833 1997 4885 ³.
2018 4850 2036 4884 ι
2063 4833 2128 4885 Ει
2154 4850 2167 4885 :
2196 4851 2217 4883 ς
2239 4832 2347 4887 Fac

784 4922 909 4977 illos
938 4922 1079 4977 sicut
1108 4922 1320 4977 hladian
1339 4929 1393 4978 et
1422 4921 1608 4979 Sisara
1629 4924 1702 4976 ⁸.»
1739 4922 1833 4976 Et:
1862 4941 1879 4974 ι
1903 4923 2051 4978 Pone
2071 4922 2347 4994 principes

781 5027 972 5069 eorum
999 5016 1143 5069 sicut
1169 5013 1335 5082 Oreb,
1385 5023 1440 5070 et
1477 5013 1607 5079 Zeb,
1634 5021 1688 5069 et
1717 5013 1912 5082 Zebee,
1968 5023 2023 5069 et
2067 5015 2341 5077 Salmana,

782 5123 976 5165 omnes
1006 5109 1281 5180 principes
1318 5125 1509 5165 eorum
1539 5110 1597 5175 ³;
1635 5128 1654 5162 ι
1706 5119 1759 5166 et
1786 5110 1840 5164 id
1886 5123 2060 5179 genus
2097 5109 2202 5163 alia
2236 5124 2343 5162 non

2447 4559 2645 4614 αὐτῶν.
2705 4559 2793 4612 Ἐν
2844 4559 3016 4630 στύλῳ
3064 4561 3290 4632 νεφέλης
3336 4560 3524 4614 ἐλάλει
3580 4559 3737 4630 πρὸς

2450 4651 2620 4703 Ὅταν
2652 4649 2710 4703 δὲ
2740 4651 2801 4703 τὸ
2830 4650 3061 4721 πονηρὸν
3087 4652 3183 4721 τῆς
3220 4651 3416 4713 κακίας
3447 4652 3760 4704 ὑποδεικνι

2447 4741 2516 4795 τά
2548 4742 2693 4812 πάθη
2741 4741 2849 4795 τῶν
2882 4744 2939 4795 ὲν
2979 4742 3211 4813 πονηρίᾳ
3255 4744 3760 4812 κατεγνωσμένων

2456 4852 2474 4884 ι
2516 4834 2768 4904 Ἦνοίχθη
2811 4836 2843 4903 ἡ
2891 4836 2961 4904 γῆ
2993 4833 3085 4887 καὶ
3114 4833 3367 4886 κατέπιεν
3400 4834 3626 4900 Δαθὰν,
3662 4835 3760 4886 και

2454 4927 2546 4981 ἐπὶ
2617 4927 2714 4997 τὴν
2787 4926 3104 4997 συναγωγὴν
3175 4924 3450 4995 Ἀὅειρὼν.
3525 4926 3686 4992 Φλὸξ
3740 4945 3760 4979 δ

2451 5017 2820 5089 ἁμαρτωλούς.
2850 5036 2867 5068 ›
2892 5017 3023 5081 Καὶ,
3052 5017 3309 5088 «Ποίησον
3338 5018 3551 5081 αὐτοὺς
3586 5017 3677 5081 ὡς
3705 5021 3760 5087 τῇ

2450 5111 2566 5165 διάν
2591 5112 2678 5164 και
2694 5110 2771 5180 τῷ
2798 5108 3018 5179 Σισάρα.
3036 5128 3056 5159 ι
3083 5110 3211 5175 Καὶ,
3235 5107 3368 5162 (Θσῦ
3393 5111 3529 5172 τοὺς
3548 5110 3760 5181 ἄρχονι

854 5311 898 5342 ⁸⁷
927 5307 1072 5364 Psal.
1110 5322 1294 5374 xxxvi,
1323 5307 1411 5363 58.
1477 5308 1523 5340 ’⁸
1558 5305 1699 5363 Psal.
1722 5324 1777 5375 χ,
1812 5308 1866 5363 6.
1931 5309 1977 5343 ⁹⁹
2007 5311 2154 5372 Psal.
2176 5325 2362 5376 xcvtu,
2385 5308 2438 5364 6.

2109 5311 2154 5367 ιι.
2176 5325 2362 5376 xcvni,
2385 5308 2438 5364 6.
2512 5309 2525 5339 '
2554 5306 2697 5363 Psal.
2724 5323 2807 5373 cv,
2839 5306 2907 5361 Π
2934 5321 3054 5377 sqq.
3121 5308 3141 5340 ¹
3164 5304 3305 5363 Psal.
3339 5322 3568 5375 uxvu,
3604 5306 3710 5363 10.

754 5490 758 5499 ’
858 5491 967 5558 (5H
996 5491 1230 5554 Τούτων,
1263 5491 1353 5546 ed.

859 5562 970 5630 (sai
1001 5562 1102 5616 Τόν
1133 5576 1241 5615 om.
1275 5562 1362 5615 ed.

857 5632 968 5701 (55)
1009 5631 1182 5701 Αὐτῷ,
1220 5632 1306 5687 etl.

858 5702 969 5777 (5ο)
1004 5702 1421 5775 Προηγουμένῳ,
1459 5702 1544 5759 cd.

2534 5489 2647 5553 (55)
2681 5489 2917 5552 Ἐλπίδα,
2950 5488 3035 5544 ed.

2531 5560 2663 5626 (55‘)
2697 5559 2932 5622 Τούτων,
2951 5559 3035 5613 ed.

2531 5628 2641 5699 (56)
2679 5630 2796 5684 Τὸν.
2811 5671 2845 5685 ..
2878 5631 2986 5699 τόν,
3007 5629 3094 5687 ed.
