4054 6436
374 179 466 237 με)
1736 153 1811 208 IN
1843 150 2181 207 PSALMOS.

3477 148 3584 204 450

374 292 439 357 ὥς
478 289 562 343 τὸν
604 284 790 357 Ὠρὴ6,
834 282 930 336 καὶ
954 279 1085 352 Ζήὸ,
1122 278 1217 332 καὶ⁵
1252 276 1437 339 Ζεϐεὲ,
1479 273 1573 327 καὶ
1604 272 1910 344 Σαλμανὰν,

2026 283 2211 337 pauca.
2262 263 2630 319 Particulares
2684 278 2813 318 vero
2866 263 3277 319 cohortationes
3315 263 3384 319 ab
3422 263 3580 319 initio

375 384 559 443 πάντας
603 377 728 439 τοὺς
767 375 1035 444 ἄρχοντας
1083 369 1281 423 αὐτῶν.
1328 386 1347 418 ›
1406 366 1517 421 Καὶ
1559 364 1730 418 πολλὰ
1755 365 1921 434 ἕτερα

372 470 600 525 τοιαῦταο
631 465 732 528 τάς
758 481 821 518 τε
853 462 1084 534 μερικὰς
1129 457 1433 530 συμϐουλὰς
1466 457 1645 519 πάσας
1697 471 1776 507 σοι
1822 454 1921 524 βοᾷ

374 563 455 616 ἀπ’
488 557 655 628 ἀρχῆς
704 558 784 619 είς
829 554 983 616 τέλος
1022 549 1385 623 ἡΨαλμῳδία
1422 590 1437 614 ,
1473 546 1535 601 ἐν
1561 545 1736 600 οὐδενὶ
1765 546 1918 616 μέρει

371 653 454 722 τὴν
478 649 605 720 πρὸς
626 647 688 701 τὸ
716 645 880 700 καλὸν
910 644 1117 716 τροπὴν
1144 641 1256 712 (57)
1280 639 1708 710 παραλείπουσα,
1739 637 1832 690 καὶ
1854 635 1918 689 δι’

369 739 434 798 ὧν
458 744 518 797 ἄν
542 756 629 803 τις
656 739 818 808 φύγοι
850 737 949 809 τὴν
997 736 1196 791 κακίαν
1220 749 1234 763 '
1285 733 1464 787 πάντα
1511 732 1628 794 ταῖς
1674 727 1809 800 πρὸς
1859 729 1921 781 τὸ

368 835 512 891 καλὸν
543 831 866 902 ὁδηγούσαις
896 826 1377 900 συμπαρέζευκται
1414 824 1675 893 γνώμαις.
1718 821 1783 874 Ἡ
1812 820 1920 891 γὰρ

368 927 447 982 τοῦ
472 924 681 995 ἀγαθοῦ
715 924 929 993 κτῆσις,
960 920 1103 991 φυγὴ
1134 918 1228 972 τοῦ
1258 916 1497 971 ἐναντίου
1522 916 1616 969 καὶ
1645 913 1920 983 ἀναίρεσις

365 1019 573 1088 γίνεται.
612 1012 892 1084 Παρέλκον
931 1011 974 1063 δ’
1004 1010 1068 1063 ἂν
1101 1010 1186 1078 εἴη
1226 1007 1404 1060 πάντα
1432 1006 1604 1058 ταῦτα
1652 1004 1719 1056 δι’
1761 1004 1920 1073 ἀκρι-

367 1108 497 1171 ϐείας
527 1104 865 1166 ἐκτίθεσθαι,
901 1101 1141 1172 φανερᾶς
1182 1098 1346 1170 ούσης
1390 1100 1502 1160 τοῖς
1536 1096 1919 1165 ἐντυγχάνουσι

362 1201 421 1270 τῇ
451 1198 634 1270 γραφῇ
680 1194 854 1264 ταύτῃ
882 1192 983 1262 τῆς
1013 1190 1142 1261 περὶ
1176 1188 1244 1243 τὰ
1270 1186 1493 1243 τοιαῦτα
1542 1186 1779 1256 σπουδῆς
1825 1184 1919 1238 τοῦ

363 1289 522 1358 λόγου.

883 1416 1277 1473 ΚΕΦΑΛΑΙΟΝ
1314 1417 1392 1471 E'.

422 1554 699 1625 Τέτμηται
739 1552 793 1604 δὲ
826 1548 1063 1618 πενταχῆ
1099 1548 1249 1600 πᾶσα
1294 1546 1327 1615 ὴ
1369 1542 1476 1598 τῶν
1507 1541 1738 1614 ψαλμῶν
1785 1558 1923 1613 πρα-

361 1647 598 1719 γματεία.
676 1644 786 1697 Καὶ
828 1640 913 1703 τίς
955 1641 1101 1693 ἐστιν
1147 1640 1205 1691 ἐν
1247 1640 1359 1700 τοῖς
1413 1636 1662 1707 τμήμασι
1717 1633 1924 1695 τούτοις

362 1737 562 1808 τεχνικὴ
584 1732 859 1803 διασκευή
888 1730 983 1784 καὶ
1002 1728 1283 1800 διαίρεσις.
1318 1727 1382 1790 Ἡ
1404 1726 1459 1779 δὲ
1482 1724 1796 1796 περιγραφὴ
1818 1724 1924 1777 τῶν

362 1829 655 1900 τμημάτων
687 1823 898 1895 φανερὰ
930 1822 1137 1891 γίνεται
1161 1860 1177 1885 ,
1223 1819 1394 1882 θείαις
1443 1819 1554 1870 τισὶ
1599 1815 1925 1884 δοξολογίαις

361 1918 723 1991 ὁμοιοτρόπως
756 1914 1199 1984 ἑναπολήγουσα,
1250 1911 1315 1975 ἃς
1365 1909 1575 1973 ἔξεστιν
1628 1907 1923 1977 ἐπιγνῶναι

364 2011 483 2065 κατὰ
518 2011 627 2081 τὴν
682 2009 813 2078 παρ’
864 2005 1020 2076 ήμῶν
1060 2001 1517 2073 ύποδεικνυμένην
1556 2000 1668 2073 (58)
1709 2001 1765 2052 ἑν
1808 2002 1926 2062 ταῖς

360 2102 693 2174 ψαλμῳδίαις
738 2099 1023 2169 διαίρεσιν.
1080 2095 1238 2149 Ἔστι
1282 2094 1339 2147 δὲ
1369 2093 1598 2146 ἑκάστου
1641 2093 1925 2163 τμήματος

363 2192 571 2265 ἀριθμὸς
600 2190 724 2243 τῶν
754 2185 1082 2259 ψαλμῳδιῶν
1110 2178 1297 2247 οὗτοςο
1320 2180 1425 2235 Τοῦ
1459 2179 1697 2253 πρώτου,
1729 2196 1926 2233 τεσσα-

363 2284 596 2355 ράκοντα.
657 2279 762 2333 Τοῦ
796 2278 1078 2349 δευτέρου,
1126 2270 1206 2339 εἷς
1253 2275 1345 2327 καὶ
1389 2273 1700 2344 τριάκοντα.
1758 2271 1925 2325 Ἐπτᾶ

361 2376 442 2428 καὶ
468 2375 594 2428 δέκα
629 2372 693 2426 δὲ
728 2371 821 2424 τοῦ
850 2370 1055 2441 τρίτου,
1098 2368 1189 2421 καὶ
1232 2366 1323 2419 τοῦ
1370 2364 1629 2435 τετάρτου
1663 2362 1924 2428 τοσοῦτοι,

360 2466 441 2519 τοῦ
492 2466 547 2519 δὲ
628 2463 883 2534 πέμπτου
949 2461 1108 2514 πέντε
1169 2458 1279 2528 (59)
1343 2459 1437 2510 καὶ
1498 2457 1923 2526 τεσσαράκοντα.

365 2555 586 2610 Ἱσταται
616 2549 720 2607 οὖν
751 2552 811 2604 τὸ
838 2549 1052 2621 πρῶτον
1079 2550 1241 2619 μέρος
1266 2548 1358 2600 ἐπὶ
1378 2548 1470 2599 τὸν
1498 2544 1927 2617 τεσσαρακοστὸν

362 2649 418 2701 ἐκ
436 2646 524 2700 τοῦ
555 2644 812 2716 πρώτου,
837 2636 897 2695 οὗ
924 2641 1093 2710 πέρας
1122 2640 1268 2693 ἐστίν
1295 2656 1306 2668 ·
1355 2660 1372 2691 ι
1405 2638 1704 2716 Εὐλογητὸς
1728 2634 1929 2706 Κύριος

361 2736 385 2785 6
412 2735 531 2799 Θεὸς
573 2713 805 2804 ’Ῐσραὴλ
843 2731 953 2785 ἀπὸ
988 2729 1082 2782 τοῦ
1128 2727 1321 2792 αἰῶνος
1364 2728 1457 2780 καὶ
1491 2713 1569 2789 είς
1607 2725 1695 2779 τὸν
1736 2724 1925 2789 αἰῶνα,

359 2828 567 2894 γένοιτο,
592 2824 835 2894 γένοιτο.
870 2842 887 2874 ›
935 2822 1008 2875 Τὸ
1028 2820 1295 2892 δεύτερον,
1315 2818 1406 2871 ἐπὶ
1423 2818 1514 2870 τὸν
1537 2813 1929 2886 ἑϐδομηκοστόν

356 2935 409 2971 τε
426 2920 514 2973 καὶ
536 2917 788 2989 πρῶτον,
824 2907 885 2967 οὗ
912 2914 974 2966 τὸ
1011 2912 1159 2975 τέλος
1181 2911 1350 2974 οὓτως
1388 2910 1499 2979 ἔχει
1526 2926 1539 2940 ο
1588 2927 1606 2958 ‹
1628 2905 1929 2975 Εὐλογητὸς

355 3010 547 3081 Κύριος
581 3010 611 3062 6
639 3007 778 3069 Θεὸς
813 3005 1031 3076 Ἰσραὴλ
1064 3005 1091 3056 6
1126 3000 1296 3054 ποιῶν
1321 2998 1598 3069 θαυμάσια
1635 2995 1814 3066 μόνος,
1838 2994 1929 3047 καὶ

352 3101 649 3173 εὐλογητὸν
692 3100 754 3152 τὸ
791 3098 961 3168 δνομα
992 3098 1090 3167 τῆς
1126 3093 1284 3163 δόξης
1318 3091 1482 3145 αὐτοῦ
1515 3091 1593 3152 είς
1627 3088 1717 3141 τὸν
1738 3086 1929 3149 αἰῶνα,

356 3196 443 3248 καὶ
460 3197 535 3257 είς
555 3193 662 3247 τὸν
686 3192 861 3245 αίῶνα
881 3189 974 3242 τοῦ
1004 3186 1216 3249 αἰῶνος.
1254 3183 1363 3235 Καὶ
1394 3178 1809 3252 πληρωθήσεται
1832 3176 1930 3246 τῆς

354 3286 504 3355 δόξης
527 3283 700 3337 αὐτοῦ
727 3283 875 3335 πᾶσα
893 3282 926 3350 ή
950 3279 1041 3350 γῆ,
1063 3276 1292 3344 γένοιτο,
1314 3264 1540 3342 γένοιτο.
1574 3289 1592 3321 ι
1634 3270 1706 3321 Τὸ
1730 3268 1930 3339 τρίτον,

348 3376 437 3429 ἐπὶ
462 3375 553 3429 τὸν
574 3370 944 3442 ὀγδοηκοστόν
964 3384 1022 3419 τε
1054 3368 1147 3419 καὶ
1177 3364 1383 3433 ὄγδοον,
1417 3359 1711 3430 καταλήγει
1749 3357 1806 3410 δὲ
1838 3356 1929 3409 καὶ

352 3468 499 3520 τοῦτο
538 3468 621 3528 είς
669 3465 860 3534 ὅμοιον
903 3460 1093 3528 πέρας.
1139 3458 1293 3527 Ἔχει
1330 3453 1436 3524 γὰρ
1476 3451 1647 3513 οὕτως
1672 3462 1689 3476 ⁸
1722 3468 1740 3499 ‹
1771 3447 1933 3500 Εὐλο-

346 3559 505 3629 γητὸς
538 3558 763 3630 Κύριος
804 3556 884 3616 είς
920 3553 1008 3605 τὸν
1031 3550 1223 3614 αἰῶνα,
1246 3547 1473 3617 γένοιτο,
1496 3543 1724 3612 γένοιτο.
1758 3559 1776 3591 ι
1825 3538 1932 3592 Τοῦ

344 3650 400 3702 δὲ
437 3648 714 3719 τετάρτου
768 3645 1051 3715 τμήματος
1096 3642 1303 3711 πέρας,
1344 3639 1373 3690 6
1412 3633 1701 3697 ἑκατοστάς
1741 3649 1799 3684 τε
1839 3631 1934 3685 καὶ¹

344 3741 596 3811 πέμπτος
623 3778 642 3802 ,
693 3731 762 3791 οὗ
820 3735 881 3788 τὸ
922 3733 1073 3796 τέλος
1122 3735 1231 3794 τοῖς
1282 3730 1488 3790 λοιποῖς
1533 3723 1930 3796 παραπλήσιονο

347 3850 365 3882 ι
393 3831 721 3902 Εὐλογητὸς
754 3827 952 3897 Κύριος
983 3827 1011 3878 ὀ
1045 3824 1176 3887 Θεὸς
1215 3820 1428 3893 Ἰσραὴλ
1460 3818 1567 3872 ἀπὸ
1597 3816 1690 3869 τοῦ
1718 3814 1932 3880 αἰῶνος,

2022 358 2091 413 ad
2157 358 2315 412 ﬁnem
2370 371 2545 425 usque
2596 353 2909 417 Psalmodia
2964 355 3060 409 tihi
3103 354 3386 424 suggerit;
3428 355 3581 409 nulla

2020 455 2176 520 parte
2203 447 2625 503 admonitionem
2652 444 2718 497 ad
2756 444 3055 500 honestatis
3088 443 3302 500 Iaudem
3331 452 3383 500 et
3413 445 3585 500 decus

2021 540 2441 612 praetermittens
2471 556 2485 605 ;
2520 544 2659 591 utet
2687 536 2843 602 illttd,
2884 552 2995 605 quo
3021 544 3181 604 pacto
3213 537 3423 591 malitia
3468 536 3582 591 evi-

2011 633 2125 687 tari
2153 638 2316 703 queat
2354 649 2367 685 :
2402 631 2583 685 omnia
2614 635 2762 684 certe
2798 628 3085 684 sententiis
3122 627 3188 681 ad
3236 628 3579 683 honestatem

2022 723 2407 780 inducentibus
2436 722 2599 792 plena
2631 727 2796 776 sunt:
2830 734 2957 773 nam
3011 719 3300 788 acquisitio
3336 718 3465 772 boni
3496 725 3580 772 est

2020 819 2213 889 utique
2257 815 2519 873 contrarii
2570 814 2696 886 fuga
2739 821 2795 869 et
2844 811 3209 880 interemptio.
3246 809 3585 880 Supervaca—

2022 925 2183 966 neum
2215 916 2394 965 autem
2428 906 2591 962 fuerit
2617 905 2801 961 omnia
2828 904 2943 958 haec
2965 900 3275 958 accuratius
3301 900 3441 955 velle
3463 912 3587 968 pere

2023 1000 2198 1071 sequi,
2230 1015 2353 1055 cum
2380 999 2509 1064 illis,
2540 997 2633 1068 qui
2663 995 3006 1052 Psalmorum
3030 994 3282 1050 volumen
3305 992 3585 1055 evolvunt,

2024 1107 2119 1163 per
2144 1107 2203 1146 se
2224 1099 2412 1145 notum
2441 1091 2512 1146 sit
2559 1089 2614 1143 id
2644 1088 2791 1159 quod
2821 1086 2911 1141 hic
2946 1085 3198 1141 oratione
3241 1082 3588 1139 accuratiore

2022 1181 2460 1254 patefaciendum
2500 1188 2669 1236 esset.

2638 1399 2863 1455 CAPIIT
2904 1398 2971 1454 ν.

2094 1540 2161 1593 At
2209 1541 2352 1594 enim
2401 1546 2510 1593 tota
2549 1537 2886 1593 Psalmorum
2938 1536 3193 1591 tractatio
3242 1536 3297 1590 in
3346 1536 3587 1606 quinque

1956 1616 1997 1670 Β
2026 1640 2206 1703 partes
2232 1629 2526 1684 distributa
2556 1637 2660 1687 est,
2684 1630 3105 1696 contineturque
3129 1626 3182 1680 in
3210 1626 3296 1680 his
3322 1627 3586 1681 sectioni-

2026 1721 2129 1776 bus
2175 1720 2471 1774 artiliciosa
2530 1718 2776 1788 quadam
2826 1724 3102 1771 structura
3166 1726 3219 1770 ct
3273 1716 3496 1780 divisio;
3533 1723 3588 1771 et

2025 1827 2188 1883 quam
2226 1813 2331 1865 late
2364 1812 2544 1879 pateat
2591 1809 2841 1878 quaelibet
2902 1809 3096 1873 sectio,
3147 1807 3367 1877 planum
3422 1807 3482 1861 ﬁt
3518 1823 3583 1863 ex

2025 1904 2227 1959 divinis
2261 1902 2587 1973 quibusdam
2624 1900 2801 1954 laudis
2833 1898 3033 1952 divinae
3086 1898 3587 1969 praedicationibus,

2026 1997 2080 2050 in
2104 2010 2241 2065 quas
2260 1994 2449 2048 eodem
2475 1993 2635 2046 modo
2659 2005 2850 2044 omnes
2873 1990 3131 2045 desinunt
3153 2007 3167 2043 :
3191 2004 3328 2059 quas
3351 1989 3591 2059 reperire

2024 2086 2153 2143 licet
2182 2086 2483 2142 secundum
2515 2085 2943 2140 demonstratam
2988 2098 3018 2136 a
3048 2083 3209 2136 nobis
3244 2081 3586 2136 Psalmorum

2026 2179 2489 2234 distributionem.
2531 2177 2703 2244 Quem
2749 2189 2879 2230 vero
2908 2173 3248 2229 Psalmorum
3303 2187 3589 2227 numerum

2027 2272 2286 2343 quaslibet
2320 2272 2496 2326 sectio
2551 2270 2963 2339 complectatur,
3021 2266 3102 2322 sic
3150 2267 3336 2336 accipe
3370 2265 3588 2319 :Prima

2029 2363 2190 2418 habet
2219 2362 2575 2434 quadraginta
2596 2379 2610 2426 ;
2631 2362 2891 2421 secunda,
2923 2375 3090 2413 unum
3126 2373 3291 2428 supra
3323 2358 3545 2427 triginta
3572 2374 3588 2420 ;

2026 2458 2211 2517 tertia,
2276 2453 2718 2525 septemdecim;
2775 2458 2991 2521 quarta,
3046 2450 3313 2513 totidem;
3377 2448 3591 2518 quinta,

2031 2548 2393 2618 quadraginta
2441 2546 2708 2625 quinque:
2760 2543 2973 2597 Finitur
3023 2543 3189 2612 igitur
3240 2540 3411 2611 prima
3468 2555 3594 2608 pars

2029 2639 2239 2709 psalmo
2269 2637 2709 2707 quadragesimo.
2742 2635 2898 2703 cujus
2928 2635 3049 2689 ﬁnis
3075 2642 3179 2697 est,
3215 2653 3233 2684 ι
3269 2633 3597 2687 Benedictus

2032 2731 2294 2785 Dominus
2343 2730 2488 2784 Deus
2548 2728 2734 2791 Israel,
2782 2742 2811 2780 a
2860 2726 3062 2800 saeculo
3091 2734 3143 2781 et
3193 2726 3245 2778 in
3289 2726 3594 2779 sarculum:

2034 2822 2147 2884 fiat,
2185 2823 2296 2875 ﬁat.
2342 2839 2359 2871 ι
2398 2821 2579 2872 Altera
2617 2833 2744 2888 pars
2779 2817 3107 2871 terminatur
3143 2819 3351 2887 psalmo
3379 2828 3596 2887 septua-

2032 2915 2238 2985 gesimo
2269 2912 2466 2982 primo,
2510 2911 2668 2978 cujus
2697 2909 2818 2962 linis
2847 2928 2860 2962 :
2900 2926 2919 2959 ‹
2972 2907 3300 2963 Benedictus
3332 2907 3595 2963 Dominus

2034 3004 2179 3059 Deus
2233 3003 2419 3065 Israel,
2457 3002 2547 3070 qui
2586 2999 2713 3055 facit
2746 2998 3015 3053 mirabilia
3046 2999 3218 3061 solus,
3250 3007 3303 3054 et
3340 2998 3597 3053 benedic-

2038 3105 2153 3149 tum
2207 3109 2407 3149 nomen
2470 3077 2771 3161 majestal'is
2822 3092 2943 3158 ejus
2982 3090 3035 3143 in
3102 3090 3385 3152 saeculum,
3438 3084 3491 3145 et
3541 3091 3596 3144 iu

2034 3187 2289 3241 sreculum
2345 3185 2568 3249 smculi;
2629 3190 2682 3237 et
2746 3182 3059 3249 imple-bitur=
3135 3180 3416 3249 majestate
3475 3181 3595 3249 ejus

2032 3275 2214 3330 omnis
2243 3282 2388 3329 terra
2418 3292 2429 3328 :
2468 3272 2580 3335 ﬁat,
2616 3273 2727 3325 ﬁat.
2766 3290 2783 3321 ι
2825 3270 3006 3325 Tertia
3039 3284 3164 3340 pars
3192 3271 3598 3326 circumscribi»

2033 3371 2123 3418 tur
2158 3365 2368 3434 psalmo
2397 3362 2732 3432 octogesimo
2762 3370 2975 3421 octavo,
3004 3368 3059 3421 et
3101 3361 3154 3413 in
3190 3360 3418 3414 similem
3474 3374 3602 3414 sen-

2034 3456 2263 3516 tentiam
2332 3455 2482 3509 exit:
2545 3456 2625 3509 sic
2686 3455 2831 3507 enim
2899 3452 3107 3507 habet:
3179 3472 3197 3503 ι
3282 3451 3601 3507 Benedictus

2034 3546 2299 3601 Dominus
2327 3547 2381 3599 in
2414 3553 2709 3609 mlernum;
2743 3543 2851 3608 ﬁat,
2883 3542 2993 3595 liat.
3023 3562 3042 3593 ι
3082 3540 3299 3607 Quartae
3336 3543 3601 3597 sectionis

2035 3638 2304 3693 terminus
2338 3645 2421 3691 est
2452 3634 2788 3689 centesimus
2816 3642 2868 3686 et
2902 3633 3126 3702 quintus
3149 3634 3412 3701 psalmus,
3441 3634 3600 3701 cujus

2037 3728 2161 3783 ﬁnis
2196 3727 2424 3796 reliquis
2457 3735 2539 3781 est
2576 3724 2835 3780 assimilis
2866 3741 2879 3775 :
2919 3743 2937 3774 ι
2974 3722 3298 3778 Benedictus
3338 3724 3599 3777 Dominus

2036 3818 2181 3874 Deus
2210 3818 2372 3872 Israel
2402 3832 2430 3870 a
2464 3816 2683 3876 srcculo,
2719 3826 2771 3868 et
2804 3829 2977 3883 usque
3010 3814 3064 3867 in
3096 3814 3353 3869 sarculum
3383 3832 3397 3866 :
3431 3821 3485 3868 et
3519 3814 3603 3868 di.

314 5039 469 5099 ,ἀλλὰ
509 5037 603 5107 τῷ
664 5035 795 5105 θείῳ
830 5031 1191 5087 συνάπτεσθαι
1221 5030 1394 5102 νόμῳ,
1445 5026 1537 5082 διὰ
1573 5023 1803 5097 μελέτης
1836 5020 1935 5091 τὴν

335 3924 429 3978 καί
472 3924 586 3988 ἕως
640 3921 741 3976 τοῦ
794 3919 1007 3984 αἰῶνος,
1045 3917 1137 3971 καὶ
1184 3917 1297 3988 ἐρεῖ
1328 3914 1435 3975 πᾶς
1472 3913 1500 3963 6
1529 3908 1675 3973 λαὸς,
1699 3905 1925 3970 Γένοιτο,

2036 3917 2122 3965 cet
2170 3910 2348 3964 omnis
2397 3907 2650 3978 populus,
2675 3904 2814 3969 Fiat,
2864 3906 2973 3959 ﬁat.
3008 3925 3027 3958 ›
3064 3905 3261 3971 Quinta
3310 3920 3437 3975 pars
3476 3905 3604 3961 inde

338 4017 572 4085 γένοιτο.
607 4036 630 4069 ι
696 4015 957 4083 Πέμπτον
1004 4010 1060 4063 δὲ
1107 4009 1273 4080 μέρος
1316 4006 1461 4060 ἐστὶν
1498 4003 1605 4056 ἀπὸ
1634 4001 1823 4054 τούτου
1856 4000 1925 4062 είς

2037 4015 2212 4070 usque
2272 3999 2337 4052 ad
2399 4000 2646 4053 ultimum
2704 4000 2967 4068 psalmum
3023 3999 3383 4067 protenditur,
3446 3997 3603 4067 cujus

332 4084 390 4161 τὸ
418 4108 539 4177 (60)
590 4108 853 4178 ἔσχατον,
898 4095 959 4158 οὗ
998 4100 1170 4172 πέρας
1194 4142 1208 4167 ,
1256 4118 1273 4151 ι
1308 4098 1467 4152 Πᾶσα
1494 4094 1631 4165 πνοὴ
1670 4092 1925 4147 αίνεσάτα

2039 4090 2165 4146 ﬁnis
2198 4108 2211 4143 :
2251 4106 2269 4140 ‹
2312 4088 2502 4142 Omnis
2530 4087 2756 4157 spiritus
2786 4085 2967 4139 laudet
2999 4084 3308 4138 Dominum.
3347 4103 3366 4135 ι

333 4198 424 4251 τὸν
448 4197 698 4269 Κύριον.
751 4215 769 4247 ι

397 4311 541 4365 Τίνα
583 4310 783 4364 τοίνυν
830 4308 927 4376 τὴν
970 4306 1029 4359 ἐν
1070 4303 1275 4365 τούτοις
1318 4296 1566 4370 τεχνικὴν
1613 4294 1765 4360 τάξιν
1799 4309 1925 4345 κατ-

2114 4291 2244 4358 Quae
2274 4290 2437 4361 igitur
2464 4288 2639 4344 subsit
2672 4286 2800 4342 huic
2826 4284 3193 4343 distributioni
3226 4299 3316 4339 ars
3350 4293 3403 4339 et
3441 4285 3600 4349 ratio,

329 4404 659 4472 ενοησαμεν
684 4440 700 4463 ,
751 4398 941 4468 καιρὸς
973 4397 1038 4451 ἂν
1070 4397 1154 4464 εἴη
1183 4395 1249 4447 δι’
1280 4392 1473 4460 ὀλίγων
1506 4390 1700 4443 εἰπεῖν.
1745 4387 1831 4439 Ἐν
1854 4383 1925 4455 τῷ

2039 4389 2256 4452 tempus
2281 4397 2428 4435 nunc
2450 4381 2638 4450 exigit,
2669 4388 2727 4433 ut
2751 4380 2941 4449 paucis
2965 4378 3322 4432 declaremus.
3349 4376 3402 4430 In
3427 4378 3603 4447 prima

595 4493 737 4553 τοὺς
784 4465 1040 4559 ἐνγκακίᾳ
1067 4485 1274 4551 ζῶντας
1315 4484 1498 4552 ἵστησι
1535 4480 1632 4550 μὲν
1663 4476 1763 4548 τῆς
1808 4475 1925 4529 ἀτό-

2043 4480 2197 4543 partc
2245 4471 2467 4525 abducit
2511 4485 2607 4524 eos
2654 4468 2746 4539 qui
2799 4468 3044 4537 improbe
3086 4465 3321 4532 vivunt,‘
3345 4466 3413 4520 ab
3459 4466 3607 4521 inani

329 4557 429 4638 που
467 4557 712 4652 πλάνης
734 4599 747 4612 ’
797 4557 1085 4650 ἐφέλκεται
1117 4577 1173 4629 δὲ
1205 4575 1340 4646 πρὸς
1370 4573 1480 4643 (61)
1514 4572 1613 4641 τὴν
1637 4569 1728 4623 τοῦ
1762 4566 1925 4638 κρείτ-

2042 4563 2388 4632 absurdaque
2425 4560 2657 4625 fallacia,
2708 4560 2979 4628 simulque
3021 4557 3087 4611 ad
3130 4558 3352 4611 meliora
3392 4566 3611 4613 sectan-

326 4693 481 4739 τονος
525 4678 789 4747 αἵρεσιν,
823 4674 898 4735 ὡς
940 4669 1134 4743 μηκέτι
1160 4670 1279 4731 ταῖς
1317 4666 1424 4719 τῶν
1462 4662 1671 4718 ἀσεϐῶν
1703 4660 1925 4720 ἀπάταις

2039 4655 2107 4711 da
2171 4653 2387 4715 invitat,
2452 4661 2510 4705 ut
2565 4652 2642 4705 nil
2703 4650 2937 4720 amplius
2999 4648 3285 4718 impiorum
3342 4646 3611 4717 deceptio-

326 4737 789 4837 ἐπιπορεύεσθαι
844 4737 1011 4830 (62),
1055 4758 1191 4829 μηδὲ
1225 4759 1292 4827 τῇ
1350 4754 1559 4824 πονηρᾷ
1618 4749 1789 4821 τρίϐῳ
1840 4748 1925 4817 τῆς

2038 4746 2203 4800 nibus
2231 4743 2515 4813 adjiciam,
2551 4758 2731 4812 neque
2763 4756 2969 4811 aSperae
2998 4750 3347 4810 peccatorum
3377 4738 3476 4792 via:
3505 4737 3610 4793 im-

328 4830 626 4928 ἁμαρτίας
688 4854 774 4907 διὰ
808 4852 1002 4923 βάθους
1045 4847 1372 4913 ἐνίστασθαι,
1410 4844 1545 4917 μηδέ
1580 4840 1835 4911 ἀκίνητόν
1879 4854 1925 4890 τε

2039 4850 2229 4908 presso
2262 4835 2492 4905 vestigio
2525 4833 2757 4890 ﬁrmiter
2780 4834 3057 4897 insistant,
3086 4847 3263 4902 neque
3304 4830 3608 4893 immotam,

325 4922 424 5001 καὶ
450 4922 909 5016 ’καθιδρυμένην
948 4943 1161 5002 ἑαυτοῖς
1195 4938 1293 5008 τὴν
1341 4935 1539 4990 κακίαν
1570 4930 1925 5002 ἐπιτηδεύειν,

2038 4928 2557 4997 corroboratamque
2607 4927 2872 4980 malitiam
2923 4925 3023 4980 sibi
3086 4939 3275 4994 parere
3328 4922 3609 4987 studeant,

2041 5021 2137 5077 sed
2170 5029 2226 5074 ut
2249 5020 2422 5089 legem
2455 5017 2550 5072 Dei
2587 5018 3017 5088 apprehendant,
3045 5016 3441 5085 diligenterque
3465 5012 3607 5065 viam

330 5104 582 5198 inbui-,—
615 5104 852 5197 πορείαν
899 5126 1110 5186 ἑαυτοῖς
1144 5122 1623 5194 κατορθώσαντας,
1655 5116 1731 5178 ὡς
1763 5114 1829 5168 ἂν
1858 5114 1925 5185 ἐρ·

2041 5110 2247 5168 erroris
2275 5117 2553 5181 expertem
2581 5110 2684 5166 sibi
2718 5110 2988 5173 muniant,
3024 5116 3086 5161 ut
3116 5104 3377 5161 habitudo
3408 5111 3461 5158 et
3493 5117 3613 5171 pro-

332 5192 616 5292 ριζωθείη
649 5192 823 5286 φυτοῦ
846 5215 997 5284 δίκην
1022 5214 1203 5276 αὐτοῖς
1225 5216 1255 5285 ἡ
1439 5213 1503 5270 τὸ
1532 5210 1779 5282 κρεῖττον
1807 5204 1918 5273 ἕεις

2042 5204 2233 5275 pensio
2285 5203 2352 5258 ad
2403 5203 2607 5257 bonum
2657 5202 2712 5255 in
2765 5202 2900 5272 ipsis
2935 5201 3134 5271 planta:
3183 5199 3359 5255 instar
3395 5192 3611 5249 radices

2118 5384 2230 5453 (60)
2253 5386 2376 5447 Τόν,
2405 5385 2491 5440 ed.

2117 5455 2357 5524 (enim
2386 5456 2499 5517 ἐπί,
2530 5454 2616 5509 ed.

2122 5522 2233 5595 (62)
2276 5525 2759 5598 Ἑπισωρεύεσθαι,
2787 5522 2872 5578 ed.

409 5400 537 5536 $57;
568 5398 753 5452 Forte
775 5396 1099 5466 προτροπὴν.

438 5470 513 5525 58
589 5465 1097 5536 Ἀποδεικνυμένην,

438 5465 537 5533 58)
589 5465 1097 5533 Ἀποδεικνυμένην,
1128 5465 1200 5524 ed,

418 5534 537 5606 (59)
568 5536 753 5591 Πέντε
779 5550 889 5595 om.
916 5534 1001 5589 ed.
