4054 6436
707 233 807 295 lolii

1944 232 2002 287 S.
2047 231 2372 288 GREGORII
2414 232 2710 290 NYSSEM

708 356 867 421 agat;
906 359 1134 404 accessu
1169 356 1223 403 et
1249 347 1497 420 lngressu
1525 347 1592 404 ad
1627 355 1859 414 rectum,
1890 349 1985 419 qui
2021 349 2157 404 nihil
2193 360 2278 406 est
2308 406 2309 412 η

2193 360 2278 406 est
2308 358 2351 414 Λ
2380 356 2500 417 ταῖς
2552 353 2722 416 θείαις
2775 352 3138 419 διδασκαλίαις
3183 356 3520 428 ἐπαρδομένη
3556 356 3699 430 (62⁸).
3729 359 3771 413 Ἦ

695 441 855 498 -aliud
900 457 1064 511 quam
1100 456 1352 498 recessus
1385 456 1415 494 a
1451 441 1747 505 contrario,
1795 455 1892 510 per
1919 457 2079 511 quem
2111 442 2276 498 elIici-

707 544 796 591 tur
832 534 957 605 quis
996 549 1177 589 rerum
1210 533 1648 604 praestantiorum
1699 533 1993 604 particeps.

775 667 848 720 At
867 666 959 736 qui
982 666 1094 735 jam
1120 667 1377 722 virtutem
1403 667 1728 738 degustarit,
1764 668 2093 738 propriaque
2120 683 2278 738 expe-

706 760 901 814 rientia
935 759 1063 813 boni
1101 768 1353 814 naturam
1385 760 1604 828 didicit,
1647 761 1737 816 ille
1783 776 1891 816 non
1924 769 2007 816 est
2039 762 2274 831 amplius

709 853 782 906 ita
811 859 1184 921 comparatus.
1215 859 1270 905 ut
1302 866 1530 907 necesse
1557 851 1629 905 sit
1659 865 1784 906 eum
1817 853 2002 906 multis
2023 851 2277 906 cohorta-

707 944 948 997 tionibus
969 943 1038 998 ab
1057 943 1434 998 affectionibus
1455 941 1614 996 malis
1634 942 1974 1004 abstrahere,
1993 951 2048 997 et
2071 943 2135 997 ad
2160 942 2274 996 vir-

707 1041 876 1089 tutem
898 1035 1159 1100 incitare;
1184 1033 1279 1094 sed
1309 1035 1424 1103 ipse
1453 1034 1544 1089 siti
1570 1032 1803 1103 quadam
1828 1035 1955 1088 boni
1980 1043 2034 1090 et
2058 1034 2272 1089 honesti

707 1127 862 1194 quasi
890 1124 1467 1194 aestuat.~Capiditatis
1495 1125 1640 1180 enim
1663 1124 2062 1181 vehementiam
2091 1133 2146 1179 ct
2166 1126 2276 1181 vio-

708 1217 929 1271 lentiam
957 1217 1048 1272 siti
1071 1224 1354 1286 comparat
1377 1216 1718 1273 Psalmorum
1753 1220 2004 1288 scriptor,
2040 1217 2272 1272 adducta

706 1305 1146 1359 siticulosissima
1179 1320 1300 1373 quae
1333 1305 1387 1358 in
1435 1305 1805 1360 animantibus
1838 1314 1919 1361 est
1959 1315 2175 1371 natura,
2214 1315 2276 1360 ut

706 1395 941 1450 maxime
974 1396 1132 1450 nobis
1173 1396 1242 1450 ob
1271 1396 1461 1450 oculos
1513 1406 1677 1465 ponat
1728 1397 2087 1452 intensionem
2123 1399 2274 1468 cupi-

695 1486 894 1541 ditatis
922 1502 1017 1555 per
1055 1487 1278 1550 animal,
1313 1485 1458 1555 quod
1489 1502 1650 1556 supra
1680 1487 1899 1541 modum
1933 1489 2023 1543 siti
2057 1488 2271 1542 crucia-

705 1583 797 1630 tur
837 1587 890 1632 et
924 1576 1110 1643 ardet;
1152 1577 1256 1637 hoc
1301 1585 1480 1638 autem
1519 1577 1720 1630 animal
1752 1592 1943 1657 cervus
1964 1586 2048 1633 est
2077 1578 2137 1632 δε
2182 1579 2270 1632 cui

705 1674 1064 1737 consuetum,
1083 1673 1472 1726 venena‘tarum
1501 1669 1800 1723 bestiarum
1825 1669 2008 1722 cibatu
2034 1669 2182 1724 vesci
2217 1676 2271 1724 et

705 1758 1099 1826 pinguescere;
1145 1756 1310 1812 calidi
1345 1772 1478 1812 vero
1502 1765 1556 1812 et
1596 1758 1748 1827 igniti
1796 1767 1926 1812 sunt
1956 1758 2269 1828 huiusmodi

706 1849 1021 1901 animalium
1059 1845 1248 1913 stu-cie;
1281 1850 1486 1917 quibus
1533 1849 1899 1919 ingurgitatus
1944 1865 2165 1914 cervus,
2215 1851 2272 1905 fit

707 1938 1016 1993 necessario
1046 1939 1272 2004 aridior,
1307 1939 1498 1992 talium
1535 1941 1851 1994 animalium
1892 1955 2079 2003 succo,
2111 1939 2270 2010 qua'si

707 2027 887 2080 toxico
908 2025 1174 2092 infectus;
1195 2036 1248 2081 et
1267 2028 1336 2081 ob
1354 2029 1406 2082 id
1424 2029 1799 2085 vehementius
1821 2034 2024 2100 appetit
2047 2045 2268 2100 aquam,

703 2124 763 2167 ut
789 2124 940 2170 curet
971 2124 1214 2168 exortam
1246 2131 1311 2170 ex
1337 2116 1672 2185 ejuscemodi
1701 2119 1898 2188 pabulo
1934 2119 2269 2176 ariditatem.

701 2205 806 2270 Qui
838 2205 1003 2274 igitur
1035 2207 1086 2259 in
1119 2207 1292 2275 prima
1324 2206 1661 2261 Psalmorum
1701 2217 1853 2278 parte
1898 2211 2062 2263 vitam
2095 2213 2270 2266 virtu-

704 2299 774 2349 tis
805 2296 1106 2351 studiosam
1139 2297 1436 2362 inchoavit,
1468 2306 1740 2368 gustuque
1761 2300 2098 2355 dulcedinem
2126 2303 2266 2372 ejus,

703 2388 847 2456 quod
880 2387 1155 2442 desiderat
1191 2389 1484 2455 cognovit;
1542 2401 1596 2445 et
1632 2405 1848 2445 omnem
1880 2393 2038 2463 quasi
2078 2409 2271 2463 repen-

703 2479 838 2531 tium
881 2479 1236 2548 cupiditatum
1291 2481 1524 2549 speciem
1580 2481 1634 2534 in
1697 2483 1878 2552 seipse
1941 2483 2267 2554 absumpsit,

705 2567 1184 2637 temperantiaeque
1208 2567 1355 2621 velut
1377 2568 1660 2632 dentibus,
1692 2571 1813 2626 loco
1843 2572 2142 2641 reptilium,
2176 2573 2271 2626 im-

702 2658 1016 2710 moderatus
1043 2657 1402 2726 appetitiones
1438 2672 1567 2713 suas
1597 2659 1897 2723 devoravit,
1926 2661 2049 2730 plus
2079 2661 2270 2716 sititet

702 2748 907 2817 expetit
947 2747 1040 2802 Dei
1089 2748 1435 2817 praesentiam
1489 2757 1544 2804 et
1600 2751 2062 2813 communionem,
2103 2766 2266 2821 quam

703 2853 896 2893 cervus
942 2838 1121 2894 fontes
1158 2853 1426 2908 aquarum
1461 2841 1837 2910 concupiscat.
1873 2840 2106 2894 Tantum
2140 2856 2268 2911 por-

695 2945 764 2984 ro
799 2930 906 2993 ille,
947 2930 1040 3000 qui
1073 2929 1128 2983 in
1159 2928 1360 2984 fontem
1392 2929 1585 2984 incidit
1619 2940 1741 2999 post
1777 2931 2054 2985 ardentem
2095 2931 2265 2995 sitim,

703 3036 856 3090 aqua:
884 3021 1084 3086 haurit,
1113 3029 1375 3090 quantum
1401 3021 1674 3090 cupiditas
1704 3025 1847 3092 potis
1867 3031 1951 3076 est
1972 3023 2264 3076 attrahere.
2294 3055 2336 3113 ρ

699 3111 808 3177 Qui
833 3125 962 3167 vero
1006 3112 1150 3166 intra
1181 3126 1240 3166 se
1276 3111 1469 3181 recipit
1510 3111 1641 3166 illud
1676 3110 1822 3181 quod
1854 3112 2184 3181 concupivit,
2220 3112 2268 3167 is

702 3203 896 3273 plenus
922 3209 1005 3257 est
1031 3202 1153 3272 ejus
1198 3201 1342 3272 quod
1373 3203 1593 3271 appetiit
1633 3217 1649 3256 :
1692 3218 1797 3255 non
1831 3203 1977 3256 enim
2017 3218 2083 3258 eo
2111 3201 2270 3258 modo

699 3309 812 3363 quo
862 3293 916 3346 in
951 3307 1242 3361 corporum
1283 3293 1601 3363 repletione,
1641 3293 1954 3347 exinanitur
1988 3293 2166 3348 denuo
2217 3295 2270 3348 id

703 3384 847 3454 quod
880 3384 1046 3438 semel
1089 3383 1360 3453 repletum
1391 3382 1600 3449 fuerat,
1632 3398 1808 3453 neque
1849 3385 2059 3440 otiosus
2091 3385 2146 3439 in
2181 3401 2270 3442 se-

701 3476 825 3544 ipso
857 3483 1018 3542 potus
1050 3473 1140 3526 ille
1187 3483 1402 3539 manet;
1443 3474 1538 3528 sed
1585 3472 1804 3530 divinus
1854 3475 1998 3536 fons,
2042 3477 2098 3530 in
2141 3491 2270 3546 quo-

702 3580 916 3634 cunque
941 3563 1229 3629 exstiterit,
1285 3564 1353 3618 ad
1393 3580 1514 3620 sese
1555 3565 1698 3635 rapit
1740 3581 1863 3620 eum
1892 3567 1985 3636 qui
2030 3581 2272 3623 accesse-

701 3656 793 3723 rit,
825 3657 1000 3727 deque
1028 3671 1128 3711 sua
1157 3657 1208 3710 vi
1238 3663 1291 3711 et
1321 3655 1583 3712 facultate
1614 3658 1818 3728 aliquid
1849 3658 2127 3730 elargitur.

1313 3781 1542 3839 CAPUT
1582 3784 1670 3840 Vl.

773 3937 1041 3992 Caeterum
1069 3939 1291 4008 propria
1333 3947 1416 3995 est
1439 3938 1754 3998 Divinitatis
1781 3945 1866 4000 vis
1899 3944 2266 4014 perspiciendi

696 4032 756 4080 et
781 4024 1043 4082 efﬁciendi
1085 4035 1282 4081 cuncta
1323 4043 1506 4084 rerum
1551 4045 1770 4100 genera.
1811 4031 1951 4103 Ergo
1994 4034 2086 4102 qui
2123 4035 2266 4088 intra

703 4129 764 4170 se
815 4117 1004 4186 recipit
1040 4115 1145 4170 hoc
1193 4118 1337 4186 quod
1388 4117 1758 4184 desideravit,
1812 4121 1902 4176 ille
1956 4124 2119 4176 etiam
2165 4123 2266 4178 hac

703 4203 1072 4273 perspiciendi
1112 4205 1371 4262 facultate
1399 4208 1656 4274 donatur,
1687 4225 1980 4281 rerumque
2011 4221 2264 4266 naturam

699 4299 1120 4368 contemplatur.
1154 4298 1445 4370 Propterea
1469 4302 1682 4357 tertiam
1707 4302 2046 4359 Psalmorum
2072 4304 2266 4359 sectio-

2379 444 2589 517 πρώτη,
2616 445 2750 516 πρὸς
2773 445 2834 498 τὸ
2860 446 3062 514 ἀγαθὸν
3088 448 3308 512 εἴσοδος,
3327 449 3362 520 ἢ
3395 450 3504 503 τῶν
3523 451 3771 506 ἐναντίωνπ

2376 535 2693 599 ἀπόστασις,
2720 535 2786 587 δι’
2814 531 2880 606 ἧς
2910 535 3116 604 γίνεται
3138 538 3172 609 ἡ
3206 537 3404 608 μετοχὴ
3424 538 3516 591 τοῦ
3541 540 3772 610 βελτίονος

2459 671 2520 726 'o
2569 672 2624 725 δὲ
2656 643 2988 742 γευσάμενος
3043 673 3143 743 ἤδη
3202 675 3302 742 τῆς
3344 673 3556 744 ἀρετῆς,
3593 674 3757 744 nisi

2376 762 2566 816 ἑαυτὸν
2608 762 2774 832 πείρᾳ
2821 762 2914 814 τοῦ
2957 762 3161 830 ἀγαθοῦ
3220 764 3318 833 τὴν
3367 764 3524 832 φύσιν
3579 767 3772 817 κατανοεὶ

2376 855 2557 910 οὐκέτι
2587 854 2825 917 τοιοῦτός
2861 855 3008 907 ἐστιν
3032 893 3047 918 ,
3094 854 3168 916 ὼς
3203 853 3416 925 ἀνάγκῃ
3459 855 3560 906 τινὶ
3607 855 3694 907 καὶ
3734 873 3772 906 νι

2380 946 2472 1016 σία
2523 945 2620 1015 τῆς
2676 945 2814 1016 πρὸς
2875 945 2974 1016 τὴν
3045 945 3648 1015 κακίανπροσπαθείας
3697 947 3771 1015 dep

2378 1036 2540 1100 σθαι,
2574 1038 2670 1090 καὶ
2709 1036 2844 1108 πρὸς
2887 1035 2986 1104 τὴν
3017 1037 3218 1106 ἀρετὴν
3249 1036 3481 1104 βλέπειν,
3515 1035 3624 1089 ἀλλ’
3659 1037 3772 1106 ὑπερ

2377 1127 2473 1180 τοῦ
2515 1127 2800 1197 βελτίονος.
2843 1126 2917 1178 Τὸ
2951 1125 3058 1196 γὰρ
3088 1125 3312 1194 ἆσχετόν
3362 1143 3419 1177 τε
3463 1127 3553 1179 καὶ
3587 1127 3771 1197 σφοδρὸε

2376 1216 2670 1285 ἐπιθυμίας
2714 1218 2779 1286 τῇ
2813 1214 2934 1285 δίψῃ
2967 1213 3310 1284 προσεικάζει
3339 1214 3367 1264 ὁ
3391 1212 3561 1279 λόγος,
3601 1213 3772 1283 ὲπιζητ

2371 1309 2470 1379 τὴν
2517 1307 2916 1376 διψωδεστάτην
2950 1307 3008 1359 ὲν
3040 1308 3149 1368 τοῖς
3201 1303 3358 1369 ζώοις
3399 1304 3581 1372 φύσιν,
3622 1305 3692 1366 ὡς
3723 1304 3772 1357 ἂι

2375 1399 2533 1452 λιστα
2563 1399 2624 1450 τὸ
2653 1397 3037 1466 ἐπιτεταμένον
3065 1397 3163 1466 τῆς
3199 1395 3490 1464 ἐπιθυμίας
3527 1395 3611 1448 διὰ
3637 1396 3723 1447 τοῦ
3758 1396 3772 1446 ί

2373 1483 2672 1546 ϐαλλόντως
2693 1485 2750 1536 ὲν
2774 1486 2839 1553 τῇ
2853 1482 2980 1555 eam
2995 1482 3274 1552 γινομένου
3294 1481 3429 1545 ζώου
3456 1482 3561 1552 (63)
3584 1482 3772 1552 ὲπιδειχ

2371 1570 2542 1625 Τοῦτο
2566 1573 2620 1626 δὲ
2641 1572 2700 1625 τὸ
2730 1569 2866 1637 ζῶον
2889 1573 3082 1641 ἔλαφον
3111 1572 3277 1641 λέγει,
3297 1565 3341 1638 ᾧ
3365 1571 3521 1640 φύσις
3541 1572 3650 1623 ἐστὶ
3671 1573 3730 1641 τῇ
3754 1573 3774 1622 ὲ

2372 1665 2481 1718 τῶν
2529 1665 2746 1718 ίοϐόλων
2782 1664 2984 1736 θηρίων
3012 1663 3345 1717 πιαίνεσθαι.
3372 1663 3572 1733 Θερμοὶ
3598 1663 3652 1714 δὲ
3691 1664 3774 1715 καὶ

2372 1756 2525 1816 καείς
2562 1754 2610 1806 οί
2639 1749 2929 1824 χυμοὶ’τῶν
2955 1753 3178 1825 Θηρίων,
3204 1747 3280 1806 ὧν
3301 1749 3616 1822 ὲμφαγοῦσα
3649 1751 3681 1821 ἡ
3711 1751 3774 1802 ἕλε

2373 1845 2639 1914 ξηροτέρα
2679 1845 2887 1911 γίνεται
2934 1845 3054 1898 κατ’
3089 1843 3332 1913 ἀνάγκην
3370 1841 3773 1912 φαρμακευθεῖσι

2371 1934 2648 2004 τῶν-(δῖ)
2680 1934 2881 2005 θηρίων
2911 1934 3091 2004 χυμῷ.
3144 1935 3252 1987 Καὶ
3283 1934 3370 1986 διὰ
3401 1932 3555 1985 τοῦτο
3583 1932 3773 2002 σφοδρά

2372 2026 2630 2095 ἐπιθυμεῖ
2653 2025 2746 2078 τοῦ
2775 2025 2983 2089 ὕδατος,
3006 2026 3090 2078 ἵνα
3112 2024 3422 2096 θεραπεύσῃ
3451 2024 3544 2092 τὴν
3565 2027 3626 2076 ἐκ
3645 2024 3738 2092 τῆς
3759 2041 3774 2074 1

2370 2134 2469 2184 της
2503 2115 2757 2186 βρώσεως
2790 2117 3142 2187 ἐγγινομένην
3175 2117 3466 2186 ξηρότητα.
3513 2115 3572 2167 '0
3599 2115 3768 2167 τοίνυν

2369 2208 2639 2271 τελεσθεὶς
2673 2208 2771 2278 τὴν
2799 2209 2856 2260 ἐν
2881 2210 3048 2279 ἀρετῇ
3072 2207 3215 2276 ζωὴν
3238 2209 3294 2260 ὲν
3325 2205 3402 2276 τῷ
3433 2205 3628 2276 πρώτῳ
3655 2205 3774 2276 μέρε

2369 2299 2688 2368 ψαλμῳδίας
2712 2339 2726 2362 ,
2752 2299 2846 2352 καὶ
2876 2298 2937 2351 τὸ
2967 2297 3136 2366 γλυκὺ
3167 2297 3261 2350 τοῦ
3285 2297 3615 2367 ποθουμένου
3645 2300 3710 2365 τῇ
3746 2314 3774 2363 γ

2370 2390 2672 2460 γνωρίσας,
2718 2391 3032 2460 δαπανήσας
3065 2390 3120 2442 δὲ
3152 2391 3260 2443 πᾶν
3288 2389 3610 2460 έρπυστικὸν
3643 2388 3774 2440 ὲπιθι

2371 2479 2508 2545 εἶδος
2550 2483 2606 2533 ὲν
2641 2480 2856 2551 ἐαυτῷ,
2908 2481 3000 2534 καὶ
3054 2483 3166 2543 τοῖς
3209 2481 3306 2549 τῆς
3362 2479 3710 2550 σωφροσύνης
3751 2481 3770 2532 ἐ

2368 2571 2644 2640 διαφαγὼν
2676 2571 2795 2624 ἀντὶ
2827 2571 3027 2641 θηρίων
3076 2570 3143 2624 τὰ
3186 2571 3330 2641 πάθη
3355 2588 3367 2603 ο
3394 2571 3523 2640 διψᾷ
3549 2571 3646 2640 τῆς
3674 2568 3765 2621 τοῦ

2372 2663 2659 2734 μετουσίας
2705 2663 2885 2729 πλέον,
2915 2663 2950 2734 ἦ
2987 2662 3108 2716 καθ’
3137 2663 3261 2716 ὅσον
3289 2661 3444 2714 ποθεῖ
3473 2662 3572 2724 τὰς
3612 2663 3774 2732 πηγὰς

2371 2753 2576 2807 ὑδάτων
2607 2755 2640 2823 ἡ
2676 2752 2888 2821 ἔλαφος.
2925 2753 3158 2806 Ἔπεται
3201 2753 3257 2805 δὲ
3285 2751 3362 2822 τῷ
3390 2751 3489 2822 τῆς
3529 2751 3709 2820 πηγῆς
3753 2753 3774 2801 ἐ

2369 2843 2514 2914 χόντι
2555 2843 2690 2913 μετὰ
2717 2843 2814 2912 τὴν
2856 2841 3294 2912 ὑπερϐάλλουσαν
3325 2839 3482 2909 δίψαν
3514 2838 3765 2891 τοσοῦτον

2369 2951 2460 2988 σαι
2484 2934 2575 2987 τοῦ
2609 2933 2817 2996 ὓδατος,
2847 2933 2968 2986 ὅσον
3004 2934 3036 3004 ή
3064 2931 3326 3002 ἐπιθυμία
3352 2933 3472 2985 κατ’
3499 2930 3744 2996 ἐξουσίαν

2370 3042 2542 3080 κεται.
2596 3024 2653 3078 '0
2696 3023 2752 3076 δὲ
2793 3021 2972 3077 λαϐὼν
3001 3023 3057 3075 ὲν
3095 3022 3271 3093 ἑαυτῷ
3306 3021 3365 3074 τὸ
3396 3020 3734 3090 ποθούμενον

2371 3133 2472 3188 ρης
2498 3115 2643 3168 ἐστὶν
2689 3107 2750 3167 οὗ
2780 3112 3064 3183 ἐπόθησεν.
3110 3112 3184 3165 Οὑ
3219 3114 3327 3182 γὰρ
3370 3109 3495 3163 καθ’
3518 3108 3771 3180 ὁμοιότητ

2368 3210 2425 3262 ἐν
2461 3207 2669 3278 σώματι
2694 3206 3009 3276 πλησμονῆς
3032 3203 3278 3256 κενοῦται
3320 3201 3479 3256 πάλιν
3511 3200 3572 3253 τὸ
3604 3200 3776 3270 πλῆρε

2367 3300 2617 3369 νόμενον⁸
2665 3298 2784 3350 οὐδὲ
2813 3295 2979 3366 ἀργὸν
3015 3296 3072 3346 ὲν
3117 3292 3292 3360 ἑαυτῷ
3321 3291 3380 3344 τὸ
3421 3287 3585 3343 ποτὸν
3638 3290 3776 3357 διαμ

2367 3391 2480 3444 ἀλλ’
2511 3392 2544 3461 ἡ
2586 3389 2702 3442 θεία
2738 3386 2909 3458 πηγὴ,
2945 3387 3001 3438 ὲν
3035 3379 3187 3455 ᾧπερ
3230 3383 3296 3436 ἂν
3327 3382 3571 3452 γένηται,
3622 3381 3761 3450 πρὸς

2366 3481 2462 3551 τὴν
2491 3481 2770 3551 μεταποιεῖ
2791 3479 2882 3532 τὸν
2917 3477 3213 3547 ἁψάμενον,
3241 3474 3334 3529 καὶ
3366 3473 3776 3544 σνμμεταδίδωσ

2370 3572 2505 3636 ἰδίας
2536 3571 2836 3642 δυνάμεως.

2876 3805 3278 3865 ’ΚΕΦΑΛΑΙΟΝ
3313 3805 3404 3873 ς’.

2448 3949 2603 4004 Ἀλλά
2635 3945 2740 4019 μὴν
2771 3945 2901 4001 ῑδιόν
2938 3946 3055 3998 ἐστι
3085 3943 3450 4014 τῆςθεότητος
3469 3941 3503 4010 ἠ
3533 3939 3775 3992 ἐποπτικ

2365 4039 2530 4094 όντων
2587 4035 2812 4107 δύναμίς
2857 4052 2916 4088 τε
2962 4033 3058 4087 καὶ
3100 4031 3366 4100 ἐνέργεια.
3415 4026 3627 4081 Οὐκοῦν
3670 4028 3699 4078 ό
3745 4028 3770 4076 ὲ

2362 4129 2441 4201 τῷ
2469 4129 2578 4200 (64)
2607 4127 2764 4198 ἔχων,
2807 4126 2942 4196 ὅπερ
2984 4121 3238 4191 ἐπόθησε,
3292 4120 3383 4173 καὶ
3426 4118 3592 4181 αὐτὸς
3645 4119 3776 4169 ἐποτ

2363 4223 2590 4292 γίνεται,
2627 4220 2719 4273 καὶ
2756 4216 2856 4288 τὴν
2886 4215 2996 4269 τῶν
3031 4215 3197 4267 ὄντων
3222 4213 3594 4265 διασκοπεῖται
3627 4209 3776 4278 φύσιν

2361 4312 2516 4368 τοῦτο
2552 4311 2645 4366 τοῦ
2691 4308 2874 4381 τρίτου
2915 4307 3200 4376 τμήματος
3245 4303 3346 4373 τῆς
3383 4300 3709 4370 ψαλμῳδίας
3739 4316 3769 4350 τ

699 4402 822 4442 nem
852 4389 921 4444 ab
961 4390 1066 4444 hoc
1095 4391 1361 4463 principio
1391 4393 1708 4463 auspicatus
1741 4402 1846 4459 est,
1894 4409 1999 4465 qua
2045 4393 2266 4464 potissi-
2297 4418 2300 4472 ς

2174 4394 2266 4450 533‘
2297 4417 2342 4472 ι)
2369 4405 2655 4476 πεποίηται
2680 4402 2778 4472 τὴν
2805 4398 2996 4472 ἀρχὴν,
3031 4398 3088 4450 ὲν
3117 4389 3160 4464 ᾧ
3188 4395 3345 4448 τοῦτο
3373 4393 3608 4464 μάλιστα
3635 4391 3775 4455 διεξε

698 4494 848 4532 mum
897 4480 1145 4550 inquirit,
1185 4483 1460 4552 quomodo
1506 4485 1720 4554 iustitia
1752 4485 1924 4541 divini
1974 4487 2168 4557 judicii
2209 4485 2264 4540 in

701 4569 1065 4639 inmqualitate
1128 4573 1290 4642 hujus
1338 4577 1461 4630 vita:
1504 4586 1774 4645 servetur,
1823 4581 2263 4652 quandoquidem

696 4662 1018 4731 plerumque
1039 4679 1145 4720 non
1173 4681 1271 4735 pro
1296 4669 1508 4724 meritis
1537 4685 1603 4726 ex
1632 4671 1896 4741 dignitate
1922 4673 2262 4745 singulorum

701 4752 929 4808 felicitas
962 4754 1018 4807 in
1048 4754 1149 4810 hac
1175 4756 1285 4811 vita
1313 4757 1625 4816 hominibus
1653 4762 1918 4833 obtingit;
1953 4781 2098 4836 saepe
2118 4769 2263 4822 enim

697 4843 754 4896 in
793 4844 981 4898 eodem
1029 4845 1139 4900 duo
1178 4855 1417 4903 extrema
1449 4864 1675 4908 cernere
1714 4853 1861 4920 licet,
1911 4857 1987 4910 ita
2027 4865 2084 4912 ut
2111 4858 2260 4914 idem

696 4933 769 4986 sit
795 4944 847 4988 et
882 4936 934 4990 in
966 4937 1193 5002 malitia,
1225 4948 1281 4993 et
1314 4941 1368 4993 in
1418 4944 1641 5010 perenni
1672 4959 1854 5000 rerum
1899 4950 2260 5018 prosperitate

698 5039 982 5084 summus:
1024 5045 1182 5101 quem
1212 5043 1337 5084 cum
1364 5032 1488 5102 quis
1513 5035 1732 5105 aspicit,
1766 5038 2020 5093 turbatur
2053 5040 2257 5105 animo,

697 5130 766 5172 ne
795 5116 935 5175 forte
956 5121 1129 5193 magis
1148 5139 1213 5178 ex
1237 5139 1296 5180 re
1321 5124 1569 5181 humanae
1599 5127 1930 5185 conditionis
1951 5131 2022 5186 sit
2053 5131 2258 5203 impro-

765 5319 786 5350 ⁸
802 5317 946 5376 Psal.
978 5337 1088 5386 xm,
1125 5322 1182 5375 2.

765 5471 898 5544 (62⁸)
927 5473 1058 5537 Ταῖς
1087 5473 1263 5544 θείαις
1289 5475 1386 5527 διδ.
1429 5475 1621 5544 ἐπαρδ.
1661 5491 1772 5531 om.
1820 5478 1905 5532 ed.
1943 5477 2062 5532 Mox
2111 5477 2250 5532 idem

693 5542 1048 5615 ’νῆές-εἰσόδῳ
1069 5546 1186 5598 sine
1207 5542 1300 5598 οὖν
1326 5545 1534 5615 πρώτη.

765 5612 876 5687 (63)
906 5612 1050 5666 Ζώου
1078 5629 1184 5668 om.
1213 5616 1296 5669 ed.

2363 4501 2392 4552 ὁ
2437 4497 2626 4565 λόγος,
2675 4491 2791 4556 πῶς
2842 4490 2904 4543 τὸ
2933 4488 3138 4543 δίκαιον
3169 4487 3268 4556 τῆς
3300 4485 3449 4548 θείας
3497 4484 3742 4554 κρίσεως

2363 4586 2643 4658 ἀνωμαλίᾳ
2668 4583 2759 4637 τοῦ
2783 4581 2896 4653 βίου
2932 4577 3321 4647 διασωθήσεται
3343 4591 3358 4606 °
3381 4577 3441 4630 οὐ
3476 4573 3624 4628 κατά
3653 4574 3752 4643 τὴν

2362 4681 2470 4734 τῶν
2489 4675 2858 4749 προαιρέσεων
2879 4668 3136 4741 τῆς’κατά
3159 4667 3250 4722 τὸν
3278 4668 3386 4738 βίον
3403 4666 3595 4719 τοῦτον
3619 4664 3776 4718 εὐκλτ

2362 4771 2437 4835 ὡς
2462 4769 2529 4823 τά
2560 4765 2748 4831 πολλὰ,
2778 4767 2891 4827 τοῖς
2921 4760 3226 4833 ἀνθρώποις
3248 4757 3634 4827 ἐγγινομένης.
3674 4754 3776 4807 Πολ

2366 4861 2473 4931 γὰρ
2493 4859 2620 4931 περὶ
2647 4857 2736 4910 τὸν
2765 4855 2926 4908 αὐτὸν
2955 4853 3065 4923 (65)
3093 4850 3191 4913 τὰς
3217 4849 3308 4902 δύο
3335 4847 3573 4901 κατιδεῖν
3595 4843 3749 4896 ἔστιν

2367 4965 2556 5021 τητας,
2581 4947 2642 5000 τὸ
2672 4946 2894 5016 ἔσχατον
2915 4944 2971 4995 ὲν
3000 4941 3187 5010 κακίᾳ,
3225 4937 3318 4991 καὶ
3353 4936 3414 4990 τὸ
3438 4934 3582 4989 κατά
3609 4933 3712 5003 τὴν
3745 4949 3773 4983 ε

2370 5037 2488 5107 ρίαν
2511 5034 2826 5104 ἀκρότατον.
2849 5029 2993 5100 Πρὸς
3018 5029 3047 5081 ὃ
3073 5045 3156 5090 τις
3181 5026 3412 5097 βλέπων,
3441 5023 3669 5087 ὀκλάζει
3701 5039 3776 5074 πιι

2364 5129 2621 5204 διάνοιαν,
2661 5127 2866 5196 μήποτε
2907 5124 3151 5192 κρεῖττον
3177 5115 3211 5191 ᾖ
3245 5121 3310 5190 τῇ
3340 5117 3666 5187 ἀνθρωπίνῃ
3695 5115 3771 5183 φῦ

2424 5473 2556 5543 (65‘)
2583 5474 2816 5538 Τούτων,
2847 5473 2934 5527 ed.

2426 5545 2538 5608 (δι)
2589 5545 2815 5612 Ἑαυτῷ,
2839 5543 2923 5597 ed.

2426 5614 2536 5684 (65)
2567 5614 2684 5665 Τῶν
2719 5613 2914 5680 αὐτῶν,
2941 5611 3026 5668 cd.
