4054 6436
584 16 669 29 ﬁ...“

281 68 372 148 λεδ
1653 93 1719 145 ia
1748 87 1861 173 ρει

1961 93 2083 153 [08.
3424 103 3531 159 4'55
3553 72 3565 83 ’

278 207 443 281 χεῖρον
472 200 767 272 λεγόμενον
792 217 809 234 ⁸
840 200 935 258 καὶ
956 200 1017 257 τδ
1040 202 1276 274 ἔμπαλιν
1300 202 1469 259 κακὸν
1509 205 1705 271 ἐκεῖνο,
1730 207 1759 261 ὂ
1785 210 1843 262 ἐν

1972 211 2132 277 bitas,
2167 226 2469 284 rursusque
2494 212 2698 271 malum
2729 224 2784 270 et
2812 215 3038 271 noxium
3069 215 3246 272 eidem
3275 231 3406 276 vere
3431 218 3524 291 sit,-
3558 232 3577 287 ,ς

278 301 334 372 τῇ
359 294 449 350 τοῦ
476 294 787 365 κρείττονος
819 293 1133 366 ἀριθμεῖται
1162 294 1344 368 μοίρᾳ.
1379 296 1443 348 El
1470 295 1577 366 γὰρ
1604 299 1845 353 ἐπαινεῖ-

280 406 356 443 ται
378 387 476 457 μὲν
503 387 537 457 ἡ
560 382 881 456 δικαιοσύνη
906 424 921 447 ,
948 385 1176 456 πράττει
1202 384 1259 438 δὲ
1292 386 1478 450 κακῶς
1508 388 1537 440 ό
1567 388 1695 457 περὶ
1720 406 1850 441 ταυ-

280 499 368 551 την
385 477 755 543 ἐσπουδακὼς,
786 477 1131 531 διαϐάλλεται
1156 478 1212 531 δὲ
1241 478 1482 551 ἡκακία,
1515 480 1607 533 καὶ
1633 481 1846 535 πάντων

282 574 374 626 τῶν
416 569 878 640 σπουδαζομένων
915 569 1162 641 διαρκεῖς
1208 570 1308 633 τὰς
1363 570 1692 635 ἀπολαύσεις
1734 574 1848 634 τοῖς

284 664 393 734 περὶ
418 662 593 732 αὐτὴν
620 660 984 715 ἐσπουδακόσι
1012 662 1316 733 χαρίζεται,
1338 662 1457 726 πῶς
1487 659 1601 715 ἐστι
1632 662 1706 734 μὴ
1735 662 1847 733 (66)

72 740 89 847 ρ
284 752 669 827 προτιμοτέραν
707 753 845 822 πρὸς
882 752 997 823 βίου
1026 752 1236 823 αἵρεσιν
1260 753 1470 808 οἴεσθαι
1507 753 1607 825 τὴν
1647 753 1848 809 κακίαν

286 848 368 917 τῆς
389 846 599 917 ἀρετῆς
620 886 634 906 ,
663 843 763 915 τὴν
798 845 1256 917 κατεγνωσμένην
1285 844 1386 914 τῆς
1432 843 1850 915 ἐγκωμιαζομέ-

285 951 393 1005 mg;
418 936 445 986 ό
473 935 660 987 τοίνυν
686 933 889 1004 ὑψηλὸς
912 933 1008 1004 τὴν
1030 933 1287 997 διάνοιαν,
1316 933 1412 987 καὶ
1447 929 1557 987 οἷον
1580 934 1687 988 ἀπό
1706 948 1850 996 τινος

284 1028 495 1090 σκοπιᾶς
537 1026 835 1097 ἐξεχούσης
879 1029 991 1090 τοῖς
1033 1024 1370 1096 ἀφεστηκόσι
1425 1023 1523 1079 τὸν
1576 1024 1851 1095 ὀφθαλμὸν

282 1120 619 1183 ἐπεκτείνων,
644 1100 761 1171 ’ἴδεν
783 1120 840 1171 ἐν
862 1110 907 1185 ᾧ
931 1120 1046 1171 ἐστι
1074 1117 1176 1187 τῆς
1211 1117 1408 1181 κακίας
1442 1116 1581 1188 πρὸς
1600 1115 1700 1188 τὴν
1720 1117 1850 1187 ἀρεο

280 1213 359 1283 τὴν
385 1212 448 1264 τδ
476 1211 773 1282 διάφορον,
809 1211 891 1264 ὅτι
940 1212 1007 1264 ἐκ
1052 1209 1160 1264 τῶν
1203 1210 1481 1281 ἐσχάτων,
1522 1209 1622 1262 ούκ
1655 1198 1719 1260 ἐκ
1743 1205 1852 1260 τῶν

282 1303 549 1375 παρόντων
570 1304 603 1373 ἡ
626 1301 833 1355 τούτων
860 1300 1068 1370 γίνεται
1096 1301 1296 1372 κρίσις.
1322 1299 1412 1371 Τῷ
1439 1299 1549 1372 γάρ
1571 1297 1853 1370 ἐποπτικῷ

282 1410 327 1446 τε
347 1396 439 1446 καὶ
464 1391 764 1462 διορατικῷ
798 1392 899 1463 τῆς
930 1391 1108 1463 ψυχῆς
1134 1390 1417 1462 ὀφθαλμῷ,
1446 1391 1521 1454 ὠς
1546 1390 1719 1462 παρὸν
1749 1406 1851 1443 κα-

283 1486 553 1554 τανοήσας,
571 1483 633 1537 τὸ
657 1484 728 1537 δι’
748 1484 960 1546 ἐλπίδος
978 1486 1090 1547 τοῖς
1114 1482 1338 1552 ἀγαθοξ
1361 1480 1738 1551 ἀποκείμενον,
1759 1481 1852 1535 καὶ

287 1575 558 1647 παρελθὼν
588 1578 653 1647 τῇ
689 1575 835 1646 ψυχῇ
870 1576 976 1628 πᾶν
1005 1574 1067 1628 τὸ
1097 1574 1444 1645 φαινόμενον,
1477 1573 1626 1636 ἐντός
1657 1588 1717 1625 τε
1746 1570 1851 1625 τῶν
1884 1562 1925 1617 Β

285 1667 535 1740 οὐρανίων
566 1667 779 1720 ἀδύτων
807 1666 1073 1736 παραδὺς,
1096 1664 1436 1719 καθάπτεται
1470 1664 1570 1736 τῆς
1597 1664 1854 1734 ἀκρισίας

288 1760 375 1815 τῶν
406 1756 809 1830 μικροπρεπιῖκ
832 1758 933 1828 τὴν
959 1756 1053 1810 τοῦ
1093 1756 1261 1810 καλοῦ
1299 1754 1485 1826 κρίσιν
1522 1757 1637 1818 τοῖς
1659 1755 1855 1825 αίσθηο

203 1908 208 1913 ,
288 1854 435 1915 τικοῖς
462 1851 679 1922 μορίοις
704 1849 1124 1921 ἐπιτρεπόντων.
1157 1850 1232 1901 Δι’
1264 1840 1338 1900 ὧν
1368 1863 1554 1919 φησιν·
1598 1864 1617 1898 t
1654 1847 1718 1899 Τί
1744 1847 1853 1916 γάρ

291 1960 363 2011 μοι
383 1942 628 2013 ὑπάρχει
654 1943 713 1994 ἐν
740 1940 819 2012 τῷ
838 1940 1075 2012 οὐρανῷ,
1106 1939 1199 1993 καὶ
1225 1939 1375 2010 παρά
1401 1938 1495 1991 σού
1526 1938 1579 1991 τί
1611 1937 1855 2009 ἠθέλησα

179 2026 220 2065 ⁵
288 2033 363 2086 ἐπὶ
403 2032 509 2101 τῆς
551 2028 699 2101 γῆς;
738 2048 756 2081 ι
811 2029 890 2099 τῷ
921 2029 1069 2101 αὐτῷ
1116 2028 1287 2100 μορίῳ
1317 2028 1412 2081 τοῦ
1449 2026 1611 2097 λόγου
1649 2027 1708 2079 τὸ
1755 2026 1854 2096 μὲν

286 2124 519 2196 οὐράνιον
547 2120 946 2192 θαυμαστικῶς
970 2120 1289 2191 μεγαλύνων
1323 2138 1381 2174 τε
1410 2122 1504 2174 καὶ
1527 2118 1757 2190 ἐξαίρων
1778 2116 1855 2187 τῷ

285 2214 434 2285 λόγῳ,
482 2212 547 2266 τὸ
586 2213 646 2266 δὲ
693 2211 787 2265 ἐπὶ
821 2212 925 2282 γῆς
975 2214 1085 2274 τοῖς
1131 2212 1239 2264 τῶν
1273 2214 1514 2284 ἀνοήτων
1558 2210 1855 2279 ὀφθαλμοῖς

288 2305 712 2376 σπουδαζόμενον
755 2303 1245 2374 καταφρονητικῶς
1277 2321 1337 2356 τε
1395 2304 1490 2357 καὶ
1527 2299 1856 2363 σκωπικῶς

285 2397 631 2463 ἐξευτελίζων
667 2412 728 2449 τε
757 2398 852 2449 καὶ
894 2395 1322 2466 μυσαττόμενος.
1361 2395 1449 2458 Ὠς
1476 2395 1630 2459 εἴτις
1664 2398 1773 2451 τῶν
1798 2399 1856 2451 ἐν

284 2491 481 2560 φυλακῇ
515 2488 820 2559 τεχθέντων
861 2488 1003 2559 μέγα
1031 2505 1082 2541 τι
1120 2486 1320 2558 κρίνων
1349 2488 1554 2556 ἀγαθὸν
1598 2485 1737 2544 εἶναι
1765 2490 1856 2544 τὸν

282 2579 447 2650 ζόφον,
468 2574 519 2649 ᾧ
541 2579 818 2651 ἐνετράφη
838 2596 897 2633 τε
928 2581 1023 2633 καὶ
1050 2578 1404 2651 συνηύξησεν,
1429 2577 1547 2634 εἶτα
1567 2582 1668 2653 τῆς
1697 2583 1859 2636 ὑπαί-

278 2675 658 2746 θρουηχὰριτος
706 2671 995 2745 μετασχὼν
1023 2670 1425 2740 καταγινώσκει
1449 2673 1552 2743 τῆς
1585 2674 1859 2746 προτέρας

282 2768 427 2821 αὒτοῦ
458 2767 733 2839 κρίσεως,
767 2766 965 2835 λέγων,
993 2758 1131 2818 Οἴων
1171 2763 1461 2835 θεαμάτων
1487 2765 1639 2836 ἡλίου
1673 2783 1730 2819 τε
1765 2766 1859 2819 καὶ

281 2858 547 2929 ἀστέρων,
586 2858 688 2910 καὶ
728 2854 933 2919 παντὸς
957 2852 1050 2907 τοῦ
1084 2855 1212 2925 περὶ
1247 2854 1338 2907 τὸν
1367 2855 1592 2927 οὐρανὸν
1626 2855 1858 2920 κάλλους

280 2947 573 3019 προετίθην
608 2944 725 3014 (67)
768 2944 864 2998 τον
914 2942 1117 3015 συνήθη
1162 2941 1325 3013 ζόφον
1363 2944 1432 2997 δι’
1477 2946 1733 3016 ἀπειρίαν
1763 2943 1857 2998 τοῦ

276 3040 607 3109 κρείττονος.
644 3032 720 3092 Οἵ)
753 3038 914 3109 χάριν
949 3036 1458 3107 προκαταγινώσκει
1481 3036 1560 3109 τῷ
1587 3037 1730 3108 λόγῳ
1762 3036 1859 3108 τῆς

278 3132 396 3201 περὶ
416 3132 476 3185 τὸ
495 3129 674 3185 καλὸν
703 3128 981 3199 ἀκρισίας,
1012 3128 1260 3200 κτηνώδη
1284 3127 1461 3197 λέγων
1485 3129 1674 3181 ἑαυτὸν
1696 3124 1858 3192 εἶναι,

271 3221 370 3284 ἕως
406 3224 466 3273 ἐν
515 3220 757 3283 ἐκείνοις
796 3219 857 3272 τὸ
885 3217 1087 3287 ἀγαθὸν
1131 3216 1298 3288 ἐώρα.
1341 3218 1497 3271 Ἐπεὶ
1535 3218 1593 3272 δέ
1646 3220 1862 3287 ἐγένετο

274 3313 411 3382 μετά
437 3312 538 3366 τοῦ
565 3311 708 3365 Θεοῦ
730 3352 747 3375 ,
779 3310 910 3376 θεὸς
947 3310 1005 3365 δὲ
1096 3310 1255 3379 λόγος
1274 3350 1289 3375 ,
1318 3310 1414 3364 καὶ
1444 3310 1581 3383 πρὸς
1607 3311 1668 3364 τὸ
1689 3311 1862 3378 δεξιὸν

258 3405 549 3479 ὡδηγήθη,
606 3404 807 3476 ὁδηγὸς
856 3405 913 3457 δὲ
960 3403 1172 3472 γίνεται
1217 3401 1366 3475 αύτῷ
1416 3403 1588 3469 δεξιὸς
1633 3402 1721 3456 διὰ
1764 3404 1864 3475 τῆς

263 3495 462 3568 ⁸εθιουλῆς
496 3497 530 3549 ό
562 3497 751 3563 λόγος,
780 3495 876 3549 καὶ
911 3495 1019 3548 ῐδεν
1044 3494 1143 3565 τὴν
1168 3495 1225 3548 ἐν
1265 3494 1432 3566 ἀρετῇ
1475 3495 1652 3561 δόξαν,
1688 3495 1755 3549 δι’
1794 3492 1864 3569 ἧς

251 3590 467 3655 γίνεται
497 3592 628 3652 τοῖς
657 3588 796 3657 πρὸς
826 3587 917 3640 τὸν
943 3587 1170 3658 οὐρανὸν
1200 3586 1544 3659 βλέπουσινὴ
1574 3588 1861 3660 ἀνάληψις,

252 3680 371 3733 τότε
416 3681 646 3752 χρῆται
674 3681 793 3742 ταῖς
827 3681 1031 3747 φωναῖς
1066 3678 1323 3741 ἐκείναις,
1356 3671 1483 3750 ὄινὴ
1523 3680 1619 3750 μὲν
1642 3681 1700 3733 ἐν
1729 3680 1862 3735 θαύ-

247 3790 379 3839 ματι
432 3776 702 3825 ποιεῖται
755 3770 815 3822 τὸ
858 3772 914 3823 ἐν
941 3771 1200 3841 οὐρανοῖς
1237 3770 1349 3841 (68)
1386 3770 1620 3840 ἀγαθόν’
1649 3772 1684 3842 ἡ
1715 3771 1771 3823 δέ
1803 3772 1865 3825 τὸ

244 3865 545 3918 οὖτιδανέν
592 3880 657 3916 τε
704 3863 800 3915 καὶ
832 3862 1058 3932 μάταιον
1088 3863 1188 3933 τῆς
1229 3859 1586 3933 ἠπατημένης
1614 3862 1743 3931 περὶ
1773 3863 1865 3916 τὸν

235 3951 351 4022 βίον
377 3952 658 4020 σπουδῆς
685 3950 958 4005 διαπτύει.
988 3950 1142 4020 Ἔχει
1167 3948 1224 4002 δὲ
1258 3951 1408 4002 πᾶσα
1437 3951 1470 4021 ἡ
1504 3949 1647 4017 λέξις
1669 3949 1863 4016 οὕτως·

242 4064 260 4095 ι
304 4045 671 4116 Κτηνώδης,
714 4062 736 4095 ι
785 4043 970 4114 φησὶν,
1011 4062 1030 4094 ι
1072 4042 1341 4113 ἐγενόμην
1372 4040 1526 4113 ποιρά
1560 4043 1663 4097 σοί.
1706 4063 1724 4094 ι
1754 4044 1867 4116 Τὴν

226 4136 436 4205 ἄλογον
474 4140 549 4192 ἐν
596 4138 715 4198 τοῖς
753 4133 1016 4197 τοιούτοις
1059 4133 1436 4204 διασημαίνων
1468 4132 1863 4204 προσπάθειαν.

226 4226 365 4282 εἶτα
397 4231 667 4298 ἐπάγεισ
699 4248 718 4279 r
742 4226 887 4295 Ἐγὼ
914 4226 970 4279 δὲ
995 4225 1084 4279 διὰ
1115 4224 1314 4288 παντὸς
1349 4224 1487 4294 μετά
1504 4224 1619 4278 σού.
1652 4244 1671 4276 ι
1699 4224 1869 4278 Τοῦτο

219 4318 277 4373 δὲ
318 4322 526 4374 εέπὼν
592 4321 697 4373 καὶ
751 4319 841 4371 τον
875 4317 1075 4388 τρόπον
1123 4316 1225 4386 τῆς
1273 4316 1409 4388 πρὸς
1442 4315 1532 4369 τὸν
1572 4316 1703 4369 Θεὸν
1743 4333 1872 4370 συν-

218 4413 438 4478 αφείας
480 4408 899 4481 προστίθησιν.
931 4408 1016 4470 Ὠς
1048 4403 1113 4459 ἀν
1143 4406 1235 4459 καὶ
1260 4406 1422 4476 ἡμεῖς
1440 4405 1726 4477 μάθοιμεν,
1760 4405 1878 4471 πῶς

216 4500 247 4549 ὁ
284 4502 542 4572 πρῶτον
572 4498 872 4569 κτηνώδης
902 4498 1038 4567 μετά
1059 4497 1234 4552 ταῦτα
1257 4496 1336 4568 τῷ
1359 4495 1479 4567 Θεῷ
1508 4497 1873 4553 συνάπτεται·

216 4612 237 4644 ι
276 4595 692 4665 Ἑκρὰτησας
727 4611 747 4642 ι
791 4591 922 4661 γάρ,
964 4592 1119 4662 φησὶ,
1166 4611 1184 4643 ι
1226 4590 1328 4661 τῆς
1364 4589 1544 4662 χειρός
1570 4594 1667 4663 τῆς
1696 4591 1877 4657 δεξιᾶς

212 4700 349 4753 μου.
392 4704 415 4735 ι
457 4682 645 4738 Θεοῦ
686 4681 977 4753 ἀντίληψιν
1002 4681 1190 4749 λέγει,
1220 4679 1319 4752 τὴν
1352 4680 1488 4753 πρὸς
1511 4679 1578 4734 τά
1607 4681 1756 4748 δεξιά
1775 4679 1878 4752 τῆς

206 4774 485 4837 iunia;
508 4773 749 4843 ὁρμήν.
783 4790 803 4824 ι
831 4772 941 4824 Καὶ
962 4774 1018 4824 ἐν
1039 4774 1104 4843 τῇ
1129 4769 1290 4843 βουλῇ
1314 4787 1407 4823 σου
1429 4770 1717 4845 ὡδὴγησάς
1736 4787 1823 4843 με·
1855 4790 1875 4825 ι

205 4864 271 4913 οἱ»
306 4865 441 4935 γὰρ
482 4866 659 4918 ἄνευ
688 4862 838 4925 θείας
877 4860 1074 4931 βουλῆς
1108 4861 1318 4929 γίνεται
1349 4861 1441 4919 ἐπὶ
1469 4863 1530 4919 τὸ
1562 4861 1724 4919 καλὸν
1751 4860 1878 4932 ὁδη-

210 4959 335 5021 γία.
382 4974 406 5007 α
459 4957 609 5011 Καὶ
658 4954 794 5024 μετὰ
823 4952 983 5025 δόξης
1013 4952 1347 5023 προσελάόου
1368 4955 1697 5035 με,ιΚαλῶς
1728 4955 1880 5009 ἀντι-

212 5046 571 5101 διαστέλλει
634 5048 714 5116 τῇ
755 5046 986 5119 αἰσχύνῃ
1027 5046 1125 5116 τὴν
1170 5044 1338 5112 δόξαν,
1409 5061 1566 5129 Ἦτις
1618 5048 1881 5120 καθάπερ

301 5225 559 5281 "Psal.
594 5239 786 5289 Lxxu,
820 5224 910 5280 25.
986 5221 1149 5278 'ibid.
1174 5223 1368 5350 233%.

314 5414 437 5481 (66)
466 5386 571 5479 Ἡῆ
618 5423 750 5481 orn.
779 5408 863 5461 ed.

322 5475 445 5554 {B1}
484 5475 820 5556 Προιτίθει,
845 5475 931 5531 ed.

1944 298 2103 367 ,quod
2123 299 2344 354 nuncin
2376 314 2609 356 numero
2632 300 2760 357 boni
2787 312 3096 373 reputatur.
3127 304 3266 360 Nam
3289 307 3337 361 si
3362 307 3522 376 justio

1953 389 2032 444 tia
2075 390 2354 456 laudatur,
2392 391 2441 448 is
2478 400 2662 447 autem
2699 392 2793 462 qui
2835 393 3111 462 justitiam
3155 396 3524 466 amplectitur,

1951 484 2155 539 misere
2171 494 2224 540 et
2240 484 2565 541 calamitose
2583 484 2739 552 vivit;
2760 487 2871 541 etsi
2903 488 3073 542 altera
3099 503 3164 543 ex
3187 499 3343 558 parte
3366 489 3526 543 mali-

1952 573 2031 627 tia
2059 574 2423 643 vituperatur,
2465 574 2743 645 simulque
2787 578 3044 632 omnibus
3091 580 3183 647 qui
3215 579 3524 635 sceleribus

1951 664 2217 735 implicati
2236 675 2385 734 sunt,
2404 668 2589 722 omnia
2605 669 2926 724 deliciarum
2949 683 3149 738 genera
3163 670 3379 724 abunde
3393 686 3525 739 sup-

1953 764 2147 826 petunt
2175 773 2188 808 :
2213 759 2490 829 quomodo
2517 758 2631 815 ﬁeri
2661 768 2837 829 potest
2865 767 2924 813 ut
2952 760 3074 828 quis
3094 767 3245 828 putet
3265 761 3445 828 potius
3468 762 3521 814 in

1952 847 2056 903 liae
2086 850 2199 902 vita
2228 850 2533 921 eligendam
2574 852 2859 914 virtutem,
2902 864 3068 920 quam
3099 848 3388 914 malitiam,
3422 864 3523 919 po-

1952 938 2171 1008 tiusque
2207 954 2349 1019 eam,
2397 956 2521 1010 qua:
2568 948 2650 995 tot
2697 940 2951 995 laudibus
2982 940 3309 1005 celebratur,
3358 955 3521 1009 quam

1954 1043 2073 1083 eam
2109 1044 2233 1099 qua:
2264 1037 2345 1084 tot
2377 1030 2666 1102 vituperiis
2699 1031 2968 1086 adicitur?
2999 1029 3104 1097 Qui
3147 1031 3314 1101 igitur
3345 1038 3526 1085 mente

1954 1120 2169 1189 excelsa
2196 1130 2299 1184 est,
2332 1129 2387 1177 et
2425 1124 2575 1178 velut
2613 1122 2682 1175 ab
2712 1122 2816 1176 alta
2856 1120 3090 1191 quadam
3132 1120 3355 1190 specula
3392 1134 3520 1175 ocu-

1956 1212 2067 1266 lum
2100 1212 2155 1266 in
2182 1228 2270 1270 res
2299 1213 2529 1269 dissitas
2552 1213 2807 1276 intendit,
2832 1214 2880 1269 is
2912 1213 3082 1283 probe
3099 1213 3266 1278 videt,
3287 1226 3398 1282 quo
3421 1212 3528 1266 dis-

1954 1304 2185 1360 crimine
2227 1306 2419 1361 vitium
2455 1322 2485 1361 a
2524 1307 2729 1363 virtute
2769 1307 2964 1371 distet;
2992 1305 3122 1376 quia
3161 1304 3428 1374 judicium
3456 1302 3526 1357 de

1953 1395 2041 1451 his
2072 1411 2179 1450 non
2213 1412 2280 1451 ex
2310 1399 2694 1466 praesentibus,
2730 1397 2826 1454 sed
2857 1412 2924 1453 ex
2945 1396 3145 1452 futuris
3172 1395 3333 1461 facit;
3362 1395 3526 1449 oculo

1955 1489 2103 1543 enim
2131 1490 2333 1545 mentis
2358 1490 2423 1544 ad
2456 1489 2900 1560 perspiciendum
2927 1496 2981 1545 et
3010 1486 3401 1557 penetrandum
3433 1495 3526 1537 ae-

1956 1580 2320 1644 comt'nodato,
2372 1587 2633 1651 tanquam
2683 1597 2925 1652 praesens
2974 1580 3221 1635 intuetur
3270 1578 3323 1632 id
3378 1577 3527 1647 quod

1954 1687 2052 1742 per
2106 1687 2257 1747 spem
2308 1672 2475 1741 justis
2541 1683 2625 1729 est
2689 1674 2988 1743 repositum
3019 1710 3034 1735 ,
3092 1680 3148 1726 et
3199 1669 3528 1740 cegitatione

1955 1760 2278 1828 prasteriens
2330 1776 2493 1817 omne
2540 1763 2683 1832 quod
2735 1762 2838 1816 sub
2883 1774 3104 1817 sensum
3153 1757 3320 1825 cadit,
3361 1765 3415 1814 et
3452 1756 3531 1810 in-
3586 1824 3587 1827 η

1955 1860 2039 1905 tra
2071 1852 2317 1907 cmlestia
2354 1853 2515 1924 adyta
2554 1854 2853 1917 admissus,
2901 1851 3145 1908 stultitiae
3191 1858 3245 1904 et
3294 1849 3531 1903 vesania:

1956 1944 2080 1999 illos
2120 1945 2472 2007 condemnat,
2506 1943 2854 2015 qui'abjecto
2889 1944 3072 1997 animo
3106 1941 3371 2013 judicium
3402 1939 3531 1995 boni

1955 2034 2215 2104 potentiis
2236 2035 2305 2088 ad
2344 2035 2690 2089 sentiendum
2712 2036 2853 2103 aptis
2878 2032 3245 2086 committunt.
3281 2028 3533 2098 Quapro-

1956 2133 2078 2196 pter
2127 2142 2250 2180 cum
2295 2127 2428 2181 dicit
2475 2125 2685 2182 David:
2740 2146 2759 2178 ι
2792 2125 2936 2192 Quid
2985 2124 3130 2179 enim
3179 2122 3313 2177 mihi
3352 2130 3434 2177 est
3477 2121 3532 2176 in

1960 2216 2122 2282 cado,
2156 2223 2210 2271 et
2242 2233 2270 2270 a
2305 2225 2357 2273 te
2395 2217 2528 2287 quid
2567 2217 2714 2272 volui
2751 2230 2916 2286 super
2946 2222 3147 2270 terram
3176 2213 3258 2267 “?
3294 2233 3312 2264 ι
3343 2212 3532 2269 eodem

1958 2309 2228 2361 orationis
2246 2316 2506 2363 contextu
2523 2309 2655 2363 illud
2680 2307 2826 2379 quod
2849 2308 3070 2363 caeleste
3090 2313 3194 2373 est,
3212 2304 3537 2359 mirabiliter

1957 2409 2012 2454 et
2035 2398 2300 2470 magnﬁce
2324 2400 2571 2465 extollit;
2605 2408 2658 2455 et
2682 2400 2826 2470 quod
2874 2398 2944 2453 ab
2967 2397 3341 2467 insipientium
3367 2395 3540 2451 oculis

1958 2492 2097 2545 tanti
2144 2490 2422 2561 penditur,
2453 2491 2612 2561 quasi
2655 2507 2754 2561 per
2783 2491 3105 2560 despectum
3136 2498 3190 2543 et
3241 2487 3537 2542 ludibrium

1959 2590 2242 2647 extenuat,
2285 2590 2340 2638 et
2374 2583 2428 2637 in
2461 2582 2648 2637 odium
2685 2581 2948 2637 adducit:
3000 2577 3458 2651 quemadmodum
3491 2577 3540 2634 si

1960 2673 2085 2744 quis
2112 2674 2165 2727 in
2193 2688 2412 2729 carcere
2440 2683 2624 2737 natus,
2668 2672 2925 2728 tenebras
2967 2671 3110 2735 illas,
3147 2670 3349 2740 quibus
3377 2670 3535 2724 innu-

1962 2767 2127 2836 tritus
2165 2773 2248 2820 est
2279 2773 2333 2820 et
2363 2767 2652 2830 educatus,
2684 2764 2872 2820 eximii
2903 2762 3032 2817 boni
3075 2762 3196 2830 loco
3227 2767 3536 2831 reputaret;

1963 2856 2054 2926 qui
2099 2855 2356 2923 deinceps
2394 2854 2619 2908 luminis
2651 2852 2783 2908 aerii
2820 2852 3097 2922 particeps
3140 2848 3357 2915 factus,
3401 2864 3541 2904 con-

1964 2947 2186 3003 demnat
2215 2948 2365 3016 prius
2398 2945 2529 3001 illud
2566 2960 2723 3001 suum
2756 2943 3045 3014 judicium,
3079 2950 3375 3011 narratque
3405 2955 3545 3010 qua-

1964 3037 2109 3094 libus
2135 3035 2463 3107 spectaculis
2508 3034 2641 3089 solis
2666 3041 2721 3088 et
2757 3033 3039 3088 steilarum
3063 3073 3077 3095 ,
3106 3030 3393 3100 omnisque
3421 3031 3544 3098 pul-

1965 3127 2294 3184 chritudinis
2340 3142 2462 3197 quae
2515 3124 2570 3179 in
2605 3124 2747 3181 coelo
2776 3124 3140 3194 conspicitur,
3187 3120 3543 3192 praeposuerit

1966 3218 2256 3289 caiiginem
2306 3218 2394 3271 cui
2432 3222 2686 3272 assuetus
2726 3223 2881 3280 erat;
2936 3215 3082 3285 quod
3128 3216 3357 3271 meliora
3390 3216 3545 3285 igno-

1966 3317 2115 3364 raret
2146 3326 2160 3362 :
2195 3307 2403 3362 idcirco
2435 3307 2704 3379 improbat
2732 3314 2787 3362 et
2814 3306 3066 3376 repudiat
3097 3321 3256 3361 suum
3288 3306 3357 3361 de
3400 3306 3547 3361 bono

1968 3399 2277 3470 imperitum
2293 3399 2750 3470 judiciun-,seque
2778 3398 2962 3454 bestiae
2990 3398 3166 3454 instar
3191 3399 3398 3457 vixisse
3421 3412 3545 3469 pro-

1968 3491 2173 3558 ﬁtetur,
2196 3490 2438 3562 quandiu
2470 3490 2525 3543 in
2568 3490 2679 3544 illis
2714 3490 2919 3545 bonum
2952 3491 3060 3545 sibi
3101 3492 3289 3546 videre
3318 3490 3544 3546 videba-

1968 3589 2081 3637 tur.
2112 3582 2181 3636 At
2207 3597 2331 3643 cum
2358 3580 2426 3635 ad
2455 3579 2625 3635 Deum
2657 3579 2928 3636 adductus
2954 3588 3070 3645 est,
3102 3579 3245 3636 Deus
3276 3596 3407 3636 vero
3459 3588 3545 3634 est

1970 3671 2146 3736 ratio;
2172 3677 2227 3725 et
2257 3670 2325 3725 ad
2400 3672 2679 3727 dexteram
2701 3674 2947 3742 pervenit
2968 3673 3105 3740 ;dux
3126 3681 3305 3728 autem
3327 3673 3549 3729 dextera

1969 3763 2019 3819 ei
2045 3764 2149 3818 fuit
2176 3762 2316 3818 ratio
2344 3778 2442 3833 per
2473 3761 2765 3816 consilium
2797 3771 2849 3817 et
2879 3763 3352 3826 deliberationem,
3384 3762 3551 3816 vidit-

1972 3871 2078 3928 que
2114 3855 2331 3910 virtutis
2362 3854 2616 3927 gloriam,
2651 3869 2759 3925 qua
2788 3855 2866 3909 illi
2902 3855 2995 3926 qui
3031 3856 3233 3911 cmlum
3261 3839 3548 3926 spectant,

1973 3963 2190 4003 sursum
2215 3947 2553 4015 evehuntur;
2581 3953 2710 4001 tunc
2725 3947 2953 4004 vocibus
2972 3948 3082 4003 illis
3103 3947 3293 4011 utitur,
3318 3961 3550 4016 quarum

1974 4040 2144 4095 altera
2181 4039 2410 4106 bonum,
2432 4040 2578 4110 quod
2610 4040 2752 4096 inter
2778 4039 3027 4095 homines
3054 4039 3344 4109 reperitur,
3374 4037 3552 4093 extol-

1973 4132 2057 4197 lit,
2097 4139 2151 4186 et
2183 4139 2243 4185 ut
2287 4130 2672 4187 admirandum
2712 4131 3010 4203 praedicat;
3052 4130 3224 4184 altera
3258 4129 3554 4183 vanitatem

1900 4255 1950 4314 υ
1974 4233 2027 4279 et
2051 4225 2073 4277 Γ
2071 4223 2357 4279 utilitatem
2377 4222 2586 4280 fallacis
2602 4224 2768 4280 studii
2785 4225 2839 4278 in
2861 4223 2963 4278 hac
2981 4222 3090 4276 vita
3109 4220 3413 4276 detestatur
3435 4237 3450 4287 ;
3475 4221 3557 4276 sic

1975 4324 2151 4371 autem
2176 4321 2287 4368 tota
2319 4313 2495 4368 oratio
2520 4315 2586 4369 ad
2612 4314 2837 4369 verbum
2866 4313 3029 4369 habet
3056 4332 3070 4367 :
3107 4330 3125 4365 ι
3158 4311 3226 4368 Ut
3245 4311 3555 4381 jumeutum

1965 4403 2145 4461 factus
2159 4421 2279 4462 sum
2299 4404 2442 4475 apud
2460 4406 2566 4462 te“.
2589 4421 2611 4456 ι
2635 4405 2733 4463 llis
2755 4406 3094 4462 aﬂ‘ectionem
3114 4403 3343 4460 rationis
3363 4420 3560 4475 exper-
3594 4475 3598 4479 φ

1976 4505 2083 4552 tem
2132 4496 2493 4553 demonstrat.
2528 4496 2695 4551 Addit
2756 4497 2953 4553 deinde
2985 4515 2998 4551 :
3040 4515 3059 4550 ι
3096 4495 3165 4551 Et
3209 4510 3311 4567 ego
3347 4510 3563 4566 semper

1975 4596 2177 4644 tecum.
2218 4608 2237 4642 ι
2266 4588 2392 4644 Haec
2444 4588 2633 4646 dicens
2682 4589 2844 4646 etiam
2877 4588 3101 4644 modum
3148 4589 3564 4660 eonjunctionis

1976 4696 2099 4737 cum
2126 4681 2237 4736 Deo
2272 4680 2483 4752 adjicit,
2509 4690 2571 4735 ut
2597 4687 2653 4738 et
2685 4696 2789 4737 nos
2819 4680 3122 4747 discamus,
3165 4679 3443 4752 quomodo
3465 4680 3561 4751 qui

1977 4773 2131 4846 prius
2161 4773 2336 4830 instar
2369 4773 2604 4844 jumenti
2638 4781 2787 4841 erat,
2831 4782 3023 4846 postea
3051 4790 3178 4831 cum
3208 4774 3319 4831 Deo
3359 4788 3566 4830 conso-

1980 4863 2177 4919 cietur.
2214 4881 2231 4914 ι
2283 4862 2570 4932 Teuuisti,
2601 4884 2619 4917 ι
2657 4865 2855 4936 inquit,
2916 4883 2936 4917 ι
2969 4865 3248 4921 dexteram
3292 4878 3493 4920 meam.
3538 4879 3559 4914 ι

1983 4954 2078 5011 Dei
2114 4955 2379 5012 auxilium
2415 4956 2593 5012 innuit
2639 4972 2735 5028 per
2765 4957 2966 5013 mentis
2993 4956 3061 5012 ad
3098 4956 3381 5011 dexteram
3410 4962 3567 5007 tran-

1985 5047 2262 5103 sitionem.
2314 5068 2331 5100 ι
2370 5046 2437 5102 Et
2470 5048 2525 5103 in
2551 5049 2829 5105 voluntate
2855 5057 2946 5104 tua
2969 5046 3247 5105 deduxisti
3271 5060 3379 5105 me.
3410 5062 3432 5097 ι
3459 5041 3567 5101 Νο-

2076 5403 2189 5476 (68)
2220 5403 2574 5477 Ἀνθρώποις,
2611 5404 2703 5461 ed.
