4054 6436
706 198 809 253 ιεις

1920 188 1980 243 S.
2028 186 2356 245 GREGORII
2391 186 2688 245 NYSSENI

706 327 815 385 que
833 309 978 366 enim
1003 308 1120 363 sine
1148 306 1329 363 divina
1361 306 1643 361 voluntate
1681 306 1742 362 lit
1768 305 1835 361 ad
1863 315 2069 362 rectum
2096 316 2151 363 et
2178 309 2271 365 ho-
2296 350 2307 372 ε

2178 309 2271 365 lto-
2296 313 2344 372 Α
2373 310 2556 381 δχημά
2580 326 2632 362 τι
2663 307 2755 361 καί
2783 309 2978 378 πτερὸν
3012 306 3216 375 γίνεται
3244 302 3336 356 τοῦ
3362 301 3463 355 ύπδ
3486 299 3574 370 τῆς
3590 295 3718 359 θείας
3737 312 3772 347 π

708 409 920 457 nestum
943 398 1232 454 traductio.
1288 415 1306 448 ι
1339 396 1403 451 Ει
1430 412 1552 451 cum
1580 396 1753 466 gloria
1777 397 2065 467 suscepisti
2102 413 2205 453 me.
2251 416 2269 450 ι

706 492 941 547 Pulchre
971 490 1195 561 opponit
1227 488 1420 560 pudori
1451 488 1716 559 gloriam;
1770 503 1892 558 qua:
1925 488 2085 559 quasi
2123 486 2277 542 vehi-

707 584 892 638 culum
932 590 987 637 et
1028 582 1111 637 ala
1149 581 1399 652 quaedam
1439 581 1517 635 illi
1548 589 1652 645 est,
1686 581 1780 652 qui
1823 597 1855 635 a
1895 580 2077 635 divina
2107 594 2272 632 manu

708 674 1007 730 assumitur
1044 684 1100 727 et
1138 673 1375 727 ducitur.
1431 672 1526 727 llis
1579 672 1693 727 haec
1752 672 1999 742 adjecit:
2062 688 2082 721 ι
2131 668 2274 735 Quid

710 768 853 821 enim
893 766 1026 820 mihi
1074 775 1156 821 est
1205 766 1261 820 in
1298 766 1473 829 caelo,
1510 773 1564 820 et
1594 781 1623 819 a
1669 772 1723 821 te
1752 766 1883 836 quid
1916 764 2060 819 volui
2116 778 2280 833 super

707 858 958 912 terrain?
1004 875 1023 908 ο
1094 856 1163 910 At
1208 856 1352 925 quod
1403 857 1559 911 multi
1617 858 1925 911 mortalium
1993 856 2280 924 hucusque

709 946 875 1000 etiam
923 945 1207 1006 factitant.
1244 945 1296 999 id
1342 945 1590 1000 videlicet
1620 954 1739 1008 est:
1765 960 1888 1000 cum
1922 952 2130 998 tantam
2179 943 2279 997 bo-

709 1052 907 1097 norum
945 1037 1155 1107 copiam
1205 1037 1258 1090 in
1293 1037 1435 1092 cmlo
1470 1038 1763 1107 repositam
1794 1036 2051 1098 habeant,
2085 1035 2150 1089 ad
2190 1049 2281 1088 ar-

709 1131 932 1185 bitrium
974 1146 1168 1197 suum;
1214 1129 1569 1185 nihilominus
1604 1132 1856 1201 precibus
1885 1144 2104 1200 quoque
2156 1143 2282 1184 con-

709 1220 973 1284 tendunt,
1029 1228 1086 1274 ut
1138 1236 1168 1275 a
1220 1220 1328 1275 Deo
1377 1221 1662 1276 obtineant
1692 1221 2010 1276 umbratiles
2062 1220 2186 1274 illas
2230 1229 2283 1275 et

714 1311 1069 1379 imaginarias
1097 1312 1374 1378 fallacias,
1411 1310 1837 1367 dominationem
1861 1353 1875 1378 ,
1907 1312 2130 1381 inquam
2150 1352 2164 1374 ,
2195 1309 2281 1364 vel

712 1401 999 1469 honorem,
1030 1404 1107 1458 vel
1134 1403 1373 1469 divitias,
1403 1406 1489 1460 vel
1520 1405 1773 1460 miseram
1798 1404 1943 1457 illam
1970 1401 2277 1472 gloriolam,

710 1495 876 1563 cujus
923 1496 1178 1564 cupidine
1210 1496 1509 1550 humanum
1544 1511 1716 1565 genus
1755 1496 1978 1550 insanit.
2015 1494 2118 1560 Qui
2152 1508 2283 1547 vero

711 1586 764 1639 in
788 1587 1101 1641 caelestibus
1131 1598 1401 1651 versatur,
1433 1589 1479 1641 is
1506 1595 1559 1642 et
1581 1587 1685 1641 hoc
1706 1587 1897 1640 ordine
1926 1582 2285 1640 conveniente

2374 399 2783 472 λαμϐανομένου
2824 397 3025 468 χειρὸς,
3068 397 3195 450 ὅταν
3234 412 3319 456 τις
3350 392 3534 446 ἑαυτὸν
3563 388 3658 441 τῶν
3682 403 3770 439 κατ

2380 494 2577 564 σχύνην
2619 491 2795 564 ἔργων
2829 488 3186 560 ἀλλοτριὼσῃ.
3232 486 3341 539 Καὶ
3381 484 3521 537 ούτω
3549 483 3646 543 τοῖς
3680 477 3765 549 ρηθ

2380 584 2646 654 ἐπήγαγε·
2687 600 2707 633 ‹
2739 580 2806 633 Τί
2835 580 2943 650 γάρ
2988 597 3076 650 μοι
3112 579 3346 647 ὑπάρχει
3391 576 3448 628 ἐν
3474 572 3547 644 τῷ
3577 568 3774 640 οὐρανῷ,

2380 675 2529 745 παρά
2569 675 2661 726 σου
2688 671 2741 724 τί
2770 672 3007 741 ἠθέλησα
3053 671 3144 723 ἐπὶ
3173 669 3270 739 τῆς
3316 668 3456 735 γῆςς
3512 685 3527 715 ι
3568 664 3593 717 δ
3624 662 3681 732 δὴ
3710 678 3769 713 πο

2383 767 2545 836 μέχρι
2578 763 2672 817 τοῦ
2721 763 2815 816 νῦν
2853 764 2903 815 οί
2950 760 3133 814 πολλοὶ
3179 759 3286 812 τῶν
3317 755 3609 828 ἀνθρώπων
3633 777 3646 791 ο
3677 770 3773 805 τοιο

2380 859 2561 919 αὐτοῖς
2614 857 2731 908 κατ’
2786 854 3032 921 ἐξουσίαν
3081 850 3436 921 ὑπαρχόντων
3487 850 3541 901 ἐν
3581 845 3649 917 τῷ
3691 844 3774 915 ούρ

2380 948 2527 1018 ὅμως
2560 947 2617 1001 ἐν
2650 946 2812 1015 εὐχῆς
2851 945 3003 1015 μέρει
3039 942 3314 997 ποιοῦνται
3359 940 3419 994 τὸ
3473 938 3614 1010 παρὰ
3654 937 3737 989 τού

2379 1034 2631 1106 γενέσθαι
2660 1035 2757 1097 τὰς
2778 1031 3168 1102 φαντασιὼδεις
3194 1031 3426 1092 ἀπάτας,
3464 1026 3750 1079 δυναστείαν

2381 1129 2414 1199 ἢ
2443 1128 2628 1200 τιμὴν,
2679 1128 2713 1197 ἦ
2748 1126 2994 1190 πλοῦτον,
3030 1126 3063 1197 ἢ
3104 1125 3164 1178 τὸ
3194 1124 3451 1193 δύστηνον
3478 1120 3627 1174 τοῦτο
3668 1118 3774 1182 δοξᾶ

2384 1221 2512 1291 περὶ
2543 1220 2571 1273 ὃ
2607 1218 2845 1291 μέμηνεν
2877 1221 2909 1289 ὴ
2935 1218 3244 1288 ἀνθρωπίνη
3271 1215 3448 1286 φύσις.
3495 1213 3551 1267 Ὀ
3575 1212 3627 1265 δέ
3647 1213 3697 1264 ἐν
3722 1228 3774 1263 το

2383 1309 2694 1380 γενόμενος,
2739 1309 2806 1362 δι’
2856 1307 3151 1361 ἀκολούθου
3192 1306 3385 1372 ἐπάγει
3419 1303 3510 1360 τὸ.
3542 1319 3561 1353 ι
3609 1299 3749 1369 Ἐμοὶ

2385 1400 2816 1473 προσκολλᾶσθαι
2848 1400 2926 1470 τῷ
2955 1397 3076 1469 Θεῷ
3115 1396 3313 1466 ἀγαθόν
3349 1397 3486 1457 ἐστι,
3515 1390 3774 1445 τίθεσθαιέ

2383 1495 2572 1566 Κυρίῳ
2604 1494 2702 1563 τὴν
2728 1492 2917 1546 ἐλπίδα
2942 1508 3062 1562 μου.
3102 1510 3119 1542 ι
3158 1490 3327 1542 Τοῦτο
3352 1487 3579 1548 δεικνὺς.
3602 1485 3677 1537 ὅτι
3699 1500 3773 1552 ou;

2384 1601 2471 1637 ται
2503 1583 2699 1654 τρόπον
2728 1580 2848 1635 τινὰ
2869 1580 2946 1650 τῷ
2977 1578 3119 1648 Θεῷ,
3150 1580 3178 1630 6
3197 1577 3333 1646 πρὸς
3346 1574 3517 1629 αὐτὸν
3544 1570 3626 1624 διά
3644 1569 3743 1622 τῶν

711 1673 860 1727 addit
892 1692 906 1728 :
946 1694 964 1725 ι
1002 1674 1131 1728 Mihi
1169 1645 1446 1729 adhaerere
1481 1674 1591 1730 Deo
1622 1676 1825 1730 bonum
1854 1684 1959 1739 est,
1993 1688 2197 1744 ponere
2228 1672 2284 1726 in

2170 1688 2197 1727 ε
2228 1672 2284 1726 in
2315 1645 2356 1699 Β
2384 1676 2487 1728 δων
2519 1645 2873 1743 κολλώμενος,
2910 1645 3002 1724 καὶ
3032 1645 3087 1723 ἐν
3107 1645 3248 1740 πρὸς
3274 1669 3477 1721 ἐκεῖνον
3502 1662 3771 1732 γενόμενος

708 1761 941 1819 Domino
968 1779 1117 1835 spem
1151 1780 1365 1819 meam:
1405 1784 1423 1816 ι
1462 1766 1564 1819 hoc
1594 1765 1932 1836 signiﬁcans,
1961 1766 2112 1821 illum
2147 1765 2550 1837 quodammodo
2600 1766 2710 1819 Deo
2746 1762 3002 1828 adnasci,
3066 1761 3159 1831 qui
3209 1759 3310 1830 ipsi
3361 1772 3460 1829 per
3513 1771 3656 1828 spem
3698 1756 3774 1809 adl

711 1857 855 1926 scit,
889 1873 1057 1912 unum
1091 1873 1214 1911 eum
1248 1858 1369 1929 ipso
1404 1857 1600 1913 factus.

1330 2024 1556 2080 CAPUT
1597 2026 1706 2080 VII.

786 2158 919 2213 Cum
956 2158 1120 2227 igitur
1147 2157 1201 2210 in
1227 2156 1385 2211 tertia
1410 2158 1649 2212 sectione
1684 2158 1952 2226 ejusmodi
1982 2159 2054 2213 sit
2087 2158 2153 2213 ad
2189 2176 2289 2216 su-

712 2261 844 2316 pera
873 2261 1157 2312 ascensus,
1190 2245 1235 2299 is
1257 2246 1347 2315 qui
1376 2246 1478 2300 huc
1504 2247 1849 2301 celsitudinis
1868 2256 2101 2302 mentem
2131 2264 2287 2303 suam

712 2341 979 2409 provexit,
1004 2354 1195 2395 rursus
1220 2341 1502 2410 superiore
1523 2340 1689 2410 gradu
1714 2341 2073 2412 apprehenso,
2109 2341 2288 2411 seipso

712 2432 773 2483 lit
820 2430 993 2498 major
1034 2440 1085 2484 ct
1127 2431 1431 2495 sublimior,
1471 2432 1523 2484 in
1574 2441 1767 2501 quarta
1807 2434 2064 2486 nimirum
2100 2441 2284 2503 parte,

713 2522 859 2575 velut
881 2523 1133 2584 tertium‘,
1165 2532 1225 2577 ut
1258 2523 1458 2578 Paulus
1484 2526 1810 2591 a3t,’cmlum
1846 2526 2142 2590 transiens,
2169 2540 2288 2595 spa-

709 2612 807 2666 tiis
845 2611 959 2682 jam
1010 2614 1161 2683 prius
1222 2617 1522 2686 peragratis
1574 2618 1843 2672 excelsior
1891 2617 2170 2671 ellicitur:
2230 2618 2286 2671 in

714 2718 899 2772 quam,
937 2706 1175 2774 nonjam
1200 2706 1379 2775 quivis
1401 2706 1466 2762 de
1490 2709 1668 2775 vulgo,
1702 2708 1794 2763 sed
1820 2709 1985 2763 homo
2016 2724 2140 2763 eum
2176 2708 2285 2765 Deo

712 2795 1077 2864 coniunctus,
1130 2796 1396 2867 llrmoque
1455 2816 1594 2853 nexu
1645 2801 1933 2870 copulatus
1986 2802 2181 2856 subit:
2216 2803 2287 2856 ita

707 2902 840 2941 vero
881 2903 1001 2942 sese
1033 2889 1196 2942 habet
1236 2891 1442 2954 oratiu,
1475 2909 1596 2961 qute
1632 2893 1910 2961 seqzzetttis
1941 2894 2111 2961 partis
2142 2895 2287 2961 prin-

2933 2018 3327 2072 ΚΕΦΑΛΛΙΟΝ
3362 2020 3433 2073 Ζ’.

2460 2160 2727 2229 Τοιαύτης
2772 2159 2945 2213 τοίνυν
2987 2158 3281 2229 γενομένης
3313 2159 3369 2210 ἐν
3405 2156 3482 2226 τῷ
3515 2156 3772 2227 τρίτῳτμ

2387 2253 2486 2322 τῆς
2517 2252 2607 2303 ἐπὶ
2633 2251 2693 2304 τὸ
2736 2250 2866 2319 ὖιξος
2899 2249 3118 2313 ἀνόδου,
3151 2250 3181 2299 6
3210 2249 3301 2300 ἐπὶ
3331 2246 3578 2299 τοσοῦτον
3623 2248 3774 2300 ἀναλτ

2384 2342 2483 2411 τὴν
2510 2340 2767 2403 διάνοιαν,
2800 2338 2961 2393 πάλιν
2996 2339 3087 2391 τοῦ
3125 2339 3517 2408 ὑπερκειμένου
3551 2338 3752 2408 βαθμοῦ

2390 2449 2566 2501 μενος,
2595 2432 2802 2500 γίνεται
2834 2432 2996 2495 αὐτὸς
3025 2431 3216 2485 ἑαυτοῦ
3254 2431 3454 2500 μείζων
3480 2432 3573 2483 καὶ
3589 2432 3774 2501 ὑψηλός

2386 2526 2442 2575 ἐν
2494 2523 2571 2593 τῷ
2620 2523 2861 2593 τετάρτῳ
2912 2522 3099 2592 μέρει,
3143 2523 3307 2575 οἱονεὶ
3350 2524 3530 2593 τρίτον
3556 2524 3673 2576 τινὰ
3698 2542 3773 2577 κα

2391 2614 2599 2667 Παῦλον
2644 2614 2833 2676 διαϐὰς
2881 2614 3127 2683 οὗρανὸν,
3184 2614 3277 2664 καί
3321 2613 3428 2664 τῶν
3478 2614 3769 2684 προδιηνυσ

2392 2704 2701 2775 ὑψωμάτων
2758 2705 2992 2774 γεγονὼς
3042 2705 3390 2775 ὑψηλότερος.
3464 2707 3774 2775 Διαδέχεται

2389 2796 2560 2847 ταῦτα
2600 2795 2780 2847 ούκέτι
2818 2798 2846 2849 6
2880 2795 3052 2857 κοινὸς
3088 2794 3388 2864 ἄνθρωπος,
3416 2796 3531 2847 ἀλλ’
3558 2797 3585 2848 6
3620 2815 3774 2867 προσπ

2391 2886 2500 2949 θεὶς
2531 2887 2627 2957 ἤδη
2660 2888 2748 2938 καὶ
2780 2887 3116 2961 συνημμένος
3144 2888 3277 2956 Θεῷ.
3302 2890 3438 2959 Φησὶ
3466 2891 3522 2943 δὲ
3545 2890 3715 2955 οὕτως
3749 2896 3774 2945 6

711 2978 911 3047 cipium
939 2987 1023 3032 est
1063 2998 1074 3031 :
1120 2999 1135 3029 ι
1172 2979 1358 3034 Oratio
1405 2981 1574 3051 Moysi
1617 2983 1823 3035 homini
1872 2982 1963 3036 Dei
1997 2984 2035 3037 ⁵.
2084 3004 2100 3033 ι
2138 2984 2283 3036 Talis

2164 2984 2283 3036 Τειὶξς
2313 2981 2354 3037 C
2387 2976 2479 3027 τοῦ
2517 2978 2712 3047 ἑφεξῆς
2745 2979 2942 3050 μέρους
2970 2978 3288 3048 ἀρχόμενος·
3326 2998 3343 3029 ι
3386 2981 3667 3052 Προσευχὴ
3692 2984 3765 3052 τῷ

710 3065 855 3119 enim
893 3066 1007 3133 jam
1056 3069 1154 3120 iste
1185 3078 1303 3131 est,
1343 3078 1535 3123 utnon
1574 3071 1804 3140 amplius
1856 3086 1995 3140 opus
2030 3072 2225 3125 habent
2255 3088 2284 3125 a

710 3158 848 3227 lege,
882 3165 1142 3225 tanquam
1176 3175 1203 3211 a
1233 3159 1524 3229 pzedagogo
1552 3162 1780 3227 instrui;
1812 3163 1904 3216 sed
1934 3171 1991 3214 ut
2018 3163 2133 3230 ipse
2163 3163 2284 3215 aliis

712 3249 846 3317 legis
871 3250 1063 3302 doctor
1085 3258 1136 3303 et
1164 3251 1482 3320 explanator
1512 3250 1622 3314 ﬁat,
1652 3253 1959 3320 cujusmodi
1992 3262 2108 3307 erat
2141 3253 2287 3322 Moyu

712 3354 800 3393 ses
834 3339 923 3392 ille
953 3340 1237 3399 sublimis.
1280 3341 1346 3394 de
1380 3342 1624 3410 quojam
1668 3344 2004 3408 audivimus,
2048 3345 2141 3412 qui
2191 3360 2283 3398 rc-

711 3429 851 3498 giam
887 3429 1228 3499 dignitatem,
1256 3439 1515 3504 tanquam
1543 3434 1818 3501 pulverem
1851 3435 2079 3504 pedibus
2104 3434 2285 3488 adhae—

710 3526 1013 3574 rescentem
1058 3530 1251 3592 sponte
1287 3525 1564 3589 excussit;
1596 3525 1688 3593 qui
1727 3527 2088 3596 quadraginta
2124 3528 2285 3582 annis

712 3608 780 3662 ab
823 3608 1106 3663 hominum
1142 3611 1419 3665 consortio
1464 3628 1584 3667 sese
1626 3616 1963 3685 segregavit,
2001 3616 2151 3670 solus
2180 3615 2285 3669 sibi

712 3702 813 3756 soli
844 3703 1054 3765 vivens,
1086 3704 1248 3773 inque
1273 3719 1369 3758 sua
1400 3704 1583 3773 quiete
1604 3706 2077 3776 inaspectabilium
2103 3721 2283 3761 rerum

712 3793 1157 3861 contemplationi
1210 3809 1479 3861 suspensa
1523 3806 1702 3850 mente
1744 3812 1980 3863 vacans;
2019 3796 2111 3866 qui
2164 3802 2286 3865 post

721 3886 835 3939 haec
876 3884 1131 3948 ijiellabili
1166 3886 1365 3940 lumine
1426 3885 1679 3957 perfusus
1709 3896 1820 3951 est,
1853 3889 2155 3956 animmque
2189 3902 2283 3956 pe-

709 3973 809 4027 des
841 3988 907 4026 ex
950 3974 1202 4028 coriaceo
1246 3983 1297 4027 et
1345 3987 1560 4028 mortuo
1615 3983 1928 4045 legumento
1980 3976 2281 4044 expedivit;

712 4066 805 4137 qui
851 4064 1162 4137 Egyptium
1203 4069 1501 4121 exercitum
1544 4076 1598 4121 ct
1631 4078 1917 4137 tyrannum
1949 4069 2050 4122 sibi
2094 4076 2284 4121 mutuo

714 4159 1129 4213 succedentibus
1161 4159 1335 4228 plagis
1366 4159 1595 4226 attrivit,
1638 4168 1824 4228 erepto
1867 4158 2066 4214 lsraele
2098 4175 2163 4213 ex
2199 4168 2281 4230 ty-

715 4249 943 4303 rannide
988 4264 1083 4318 per
1121 4250 1303 4303 lumen
1343 4257 1397 4304 et
1434 4265 1667 4319 aquam;
1717 4251 1803 4303 cui
1846 4261 1966 4319 post
1994 4267 2280 4306 excessum

2388 3065 2657 3136 ἀνθρώπῳ
2691 3068 2783 3119 τοῦ
2836 3067 2967 3121 Θεοῦ
2992 3086 3004 3098 θ
3055 3087 3073 3119 ι
3124 3070 3356 3133 τοιοῦτος
3384 3072 3490 3142 γὰρ
3532 3074 3632 3143 ἤδη
3667 3070 3772 3127 οὗτε

2392 3157 2584 3227 μηκέτι
2622 3158 3083 3227 παιδαγωγεῖσθαι
3126 3162 3273 3231 νόμῳ
3296 3203 3310 3226 ,
3344 3161 3457 3215 ἀλλ’
3510 3152 3772 3235 εἰσηγητῖ

2390 3266 2502 3317 ροις
2532 3249 2774 3316 γίνεσθαι
2806 3252 2973 3319 νόμου
3000 3269 3012 3282 ο
3048 3246 3157 3315 οἷος
3196 3248 3262 3322 ἦν
3291 3254 3496 3323 Μωσῆς
3531 3256 3738 3319 ἐκεῖνος

2387 3340 2495 3403 λδς,
2529 3340 2587 3391 ὃν
2613 3341 2879 3412 ἀκούομεν
2902 3359 2914 3371 ’
2957 3345 2984 3394 6
3012 3343 3110 3412 τὴν
3149 3342 3431 3415 βασιλικὴν
3474 3345 3665 3411 ἀξίαν,
3715 3366 3772 3400 κε

2388 3432 2507 3485 τινὰ
2554 3432 2702 3486 κόνιν
2748 3434 3209 3504 περισπασθεῖσαν
3262 3438 3328 3505 τῇ
3389 3435 3541 3505 βάσει
3596 3439 3708 3491 τῶν
3761 3460 3770 3489 τ

2387 3525 2646 3588 ἑκουσίως
2676 3525 3112 3593 ἐκτιναξάμενος.
3153 3526 3209 3579 Ὀ
3232 3529 3641 3597 τεσσαράκοντα
3687 3530 3770 3584 ἕτε

2392 3615 2651 3684 μετὰτῶν
2682 3615 2981 3686 ἀνθρώπων
2997 3616 3272 3686 ἐπιμιξίας
3303 3620 3490 3671 ἑαυτὸν
3520 3621 3770 3676 ἀποικίαι

2392 3701 2549 3770 μόνος
2576 3703 2717 3772 μόνῳ
2741 3701 2912 3767 συζῶν
2940 3702 3136 3773 ἐαυτῷ,
3174 3707 3266 3757 καί
3292 3704 3374 3757 διὰ
3399 3708 3630 3776 ἡσυχίας
3656 3711 3767 3780 ἀμε

2390 3806 2528 3851 στως
2554 3793 2617 3860 τῇ
2646 3791 2845 3862 θεωρία
2877 3792 2983 3845 τῶν
3013 3792 3259 3863 ἀοράτων
3292 3794 3633 3859 ἐνατενίζων·
3663 3800 3692 3850 ὁ
3719 3802 3768 3851 τι

2388 3880 2464 3950 τῷ
2496 3881 2717 3952 ἀρρήτῳ
2753 3882 2890 3952 μετά
2920 3882 3088 3936 ταῦτα
3122 3887 3520 3953 καταυγασθεὶς
3541 3929 3556 3952 ,
3592 3891 3689 3942 καὶ
3721 3895 3768 3942 τί

2390 3972 2618 4044 ματίνης
2652 3991 2709 4025 τε
2734 3975 2824 4026 καὶ
2850 3976 3047 4046 νεκρᾶς
3077 3975 3365 4047 περιϐολῆς
3396 3977 3635 4042 ἐκλύσας
3668 3982 3768 4049 τῆς

2387 4064 2483 4135 τὴν
2520 4064 2691 4133 βάσιν.
2735 4066 2791 4118 Ὀ
2825 4066 2916 4118 τὸν
2958 4066 3251 4133 Αίγύπτιον
3282 4070 3511 4139 στρατόν
3544 4088 3604 4123 τε
3643 4074 3740 4124 καὶ

2386 4172 2475 4208 νον
2505 4158 2622 4217 ταῖς
2661 4156 2745 4206 ἐπ’
2773 4155 3019 4225 ἀλληλοις
3054 4157 3311 4227 ἐκτρίψας
3354 4160 3617 4229 πληγαῖς,
3649 4164 3747 4215 τὸν

2392 4246 2527 4316 ραὴλ
2556 4246 2922 4316 ἐλευθερώσας
2950 4247 3045 4318 τῆς
3067 4250 3376 4318 τυραννίδος
3396 4252 3484 4305 διὰ
3508 4254 3606 4306 τοῦ
3642 4273 3765 4323 φωτ

712 4355 778 4393 ex
818 4339 1051 4409 IEgypto
1086 4349 1254 4393 totttm
1299 4351 1511 4411 tempus
1542 4342 1657 4396 dies
1688 4357 1793 4395 una
1836 4342 1964 4408 fuit;
2002 4359 2281 4412 nunquam

2162 4359 2281 4396 nam
2316 4322 2361 4377 ί)
2389 4335 2480 4387 τοῦ
2508 4332 2715 4396 ὓδατοςο
2742 4328 2785 4400 ᾧ
2805 4334 2913 4405 (70)
2943 4336 3075 4405 μετά
3103 4339 3197 4408 τὴν
3230 4340 3499 4407 Αἴγυπτον
3522 4345 3550 4395 6
3579 4345 3763 4413 χρόνος

713 4439 871 4483 nocte
896 4432 1139 4485 tenebris
1156 4433 1480 4498 obscurato;
1513 4433 1818 4503 excipiebat
1848 4434 1991 4488 enim
2026 4433 2159 4488 solis
2194 4449 2281 4487 ra-

714 4519 835 4572 dios
856 4528 976 4588 post
1003 4520 1255 4573 diurnum
1290 4520 1409 4584 iter,
1444 4519 1591 4574 aliud
1632 4522 1812 4576 lumen
1842 4537 1907 4576 ex
1943 4522 2089 4575 nube
2137 4535 2280 4575 novo

714 4625 865 4664 more
894 4612 1252 4679 productum;
1302 4619 1360 4665 nt
1397 4614 1478 4667 sol
1505 4613 1724 4683 quidem
1766 4614 2077 4683 praestituto
2109 4628 2277 4667 cursu

714 4700 999 4764 conlecto,
1042 4702 1176 4770 ipsis
1216 4704 1600 4762 occumberet.
1632 4702 1811 4758 lumen
1857 4720 1985 4759 vero
2011 4704 2278 4773 lampadis

712 4807 776 4846 ex
812 4792 1063 4845 columna
1093 4791 1411 4862 refulgentis
1443 4802 1703 4862 perpetuo
1732 4803 1785 4848 et
1812 4795 1932 4850 sine
1977 4796 2087 4849 ulla
2114 4796 2279 4849 vicis-

714 4882 951 4935 situdine
979 4895 1350 4951 permaneret,
1397 4895 1449 4938 et
1480 4886 1686 4955 absque
1714 4886 1822 4939 ulla
1852 4886 2193 4941 dubitatione
2226 4885 2281 4939 in

714 4972 892 5024 locum
928 4972 1188 5025 solarium
1232 4972 1507 5028 radiorum
1542 4974 1771 5029 subiret.
1816 4975 1917 5041 Qui
1954 4990 2196 5029 amaram
2228 4983 2282 5029 et

714 5058 780 5112 ad
819 5065 1003 5127 potum
1053 5058 1289 5129 ineptam
1322 5076 1517 5131 aquam
1565 5062 1712 5132 ligno
1754 5063 1967 5118 dulcem
2009 5063 2276 5128 reddidit,

710 5159 1032 5223 petramque
1071 5152 1125 5205 in
1164 5152 1363 5209 fontem
1412 5154 1724 5212 sitientibus
1766 5155 2155 5223 commutavit,
2181 5157 2283 5227 quit

786 5352 806 5384 ⁸
834 5350 982 5407 Psal.
1010 5367 1233 5418 una,
1270 5353 1318 5408 l.

784 5536 895 5611 (70)
928 5530 998 5608 ᾯ
1023 5537 1087 5593 ad
1111 5538 1257 5609 ζόφῳ
1281 5552 1389 5593 om.
1414 5537 1503 5627 ed.

2392 4426 2488 4495 μία
2529 4427 2667 4480 κατὰ
2693 4427 2752 4480 τὸ
2778 4428 2994 4497 συνεχὲς
3015 4429 3194 4499 ἡμέρα
3224 4426 3288 4500 ἦν
3310 4449 3322 4460 ·
3354 4431 3614 4485 οὐδέποτε
3647 4436 3756 4505 τῆς

2392 4516 2781 4587 μελαινομένης
2838 4518 2921 4590 τῷ
2965 4517 3130 4586 ζόφῳ.
3190 4519 3465 4590 Διεδέχετο
3527 4522 3644 4589 γὰρ
3695 4541 3764 4592 με

2386 4608 2682 4678 ἡμερήσιον
2701 4609 2916 4679 δρόμον,
2939 4610 3034 4672 τὰς
3057 4610 3163 4663 τῶν
3186 4612 3414 4665 ἀκτίνων
3431 4614 3633 4682 αὐγὰς,
3657 4616 3763 4675 Etsi

2386 4700 2448 4751 ἐκ
2502 4698 2725 4769 νεφέλης
2759 4701 3256 4771 καινοτομούμενον.
3310 4704 3471 4756 Ὥστε
3520 4704 3617 4755 τὸν
3670 4707 3762 4774 μὲι

2385 4788 2522 4841 κατά
2551 4789 2648 4858 τὴν
2687 4790 2987 4857 ἀναγκαίαν
3021 4791 3264 4860 περίοδον
3295 4792 3475 4857 αὐτοῖς
3506 4794 3762 4846 ὲπιδύεσι

2383 4879 2439 4932 δὲ
2472 4881 2585 4948 φῶς
2617 4882 2835 4952 συνεχές
2866 4900 2922 4935 τε
2967 4882 3144 4953 μένειν
3178 4883 3271 4935 καὶ
3315 4884 3599 4955 ἀδιάδοχον
3640 4887 3747 4954 τῆς

2387 4971 2578 5023 στύλου
2612 4971 2949 5043 λαμπηδόνος
2969 5013 2982 5037 ,
3015 4975 3344 5040 ἀδιαστάτως
3374 4978 3483 5045 (71)
3518 4978 3623 5041 τὰς
3653 4979 3760 5047 ab}

2383 5061 2624 5130 ἡλιακῶν
2649 5062 2880 5116 ἀκτίνων
2918 5063 3293 5135 ἐκδεχομένης.
3337 5067 3393 5119 '0
3423 5068 3482 5120 τὸ
3525 5070 3741 5139 πικρόν

2385 5152 2583 5206 ἄποτον
2633 5152 2779 5223 ὕδωρ
2807 5153 3003 5223 ἡδύνας
3046 5156 3123 5226 τῷ
3166 5155 3337 5227 ξύλῳ,
3372 5158 3462 5212 καὶ
3493 5160 3599 5230 τὴν
3634 5161 3760 5232 πέτι

2454 5543 2563 5613 (71)
2594 5545 2972 5611 ’Λδιστάκτως,
2990 5548 3077 5604 ed.
