4054 6436
218 265 312 317 υςτ

1621 246 1691 300 IN
1730 244 2061 301 PSALHOS.

3367 245 3471 301 ιτς

218 378 388 447 πηγὴν
421 376 528 436 τοῖς
560 372 755 441 διψῶσι
786 368 1182 440 μεταποιήσας.
1218 366 1281 420 '0
1309 364 1409 436 τῆς
1429 363 1623 434 γηῖνης
1658 381 1783 433 τρο-

1909 370 2204 416 errestrem
2235 360 2417 415 cibum
2447 360 2658 416 cmlesti
2694 370 3041 429 permutavit,
3070 360 3161 430 qui
3196 362 3251 415 in
3285 360 3468 416 divina

214 470 313 536 φῆς
342 468 435 536 τὴν
462 464 713 533 οὐράνιον
739 461 1188 531 διαμειψάμενος.
1229 459 1287 510 '0
1316 459 1373 510 ὲν
1400 456 1477 526 τῷ
1504 456 1633 526 θείῳ
1657 456 1783 524 γνό-

214 578 294 629 φῳ
331 557 609 622 ὀξυωπῶν,
651 556 746 608 καὶ
788 554 999 623 βλέπων
1036 555 1094 606 ἐν
1127 549 1276 619 αὐτῷ
1309 549 1399 601 τὸν
1426 547 1671 618 ἀόρατον.
1724 547 1782 597 Ὀ

210 652 302 721 τὴν
347 648 547 719 σκηνὴν
578 646 678 717 τὴν
718 644 1128 716 ἀχειροποίητον
1160 642 1453 711 ἱστορήσας
1478 680 1493 704 ,
1549 639 1644 691 καὶ
1690 637 1781 689 τὸν

213 744 305 810 τῆς
351 740 652 811 ἱερωσύνης
701 739 903 808 κόσμον
951 736 1117 801 ἀξίως
1165 734 1531 803 κατανοήσας.
1593 731 1651 783 '0
1686 731 1783 792 τὰς

211 832 555 895 θεοτεῦκτους
602 832 820 893 πλάκας
875 829 1201 898 δεξάμενος,
1252 826 1349 879 καὶ
1402 823 1781 895 συντριϐείσας

215 923 372 977 πάλιν
433 920 825 991 ἁναχαράξαςσ
895 918 925 969 ὁ
986 917 1082 987 τῆς
1150 913 1575 985 ὲμφανισθείσης
1637 911 1785 981 αὐτῷ

212 1014 357 1075 θείας
392 1013 679 1081 δυνάμεως
712 1010 806 1063 ἐπὶ
860 1007 954 1061 τοῦ
989 1008 1295 1078 ’προσώπου⁶
1322 1006 1501 1077 φέρων
1549 1006 1617 1058 τά
1650 1004 1787 1073 σύμ-

215 1105 357 1167 ϐολα,
387 1104 487 1156 καὶ
531 1105 598 1171 τῇ
653 1102 714 1167 ἐξ
746 1101 911 1153 αὑτοῦ
956 1100 1275 1170 λαμπηδόνι,
1302 1093 1411 1151 οἷόν
1452 1115 1591 1151 τισιν
1634 1097 1785 1148 ἀκτί-

213 1214 312 1248 νων
366 1196 565 1262 αὐγαῖς
587 1234 600 1257 ,
634 1194 741 1245 τῶν
773 1192 1008 1257 ἀναξίως
1040 1190 1472 1260 ἐντυγχανόντων
1520 1187 1789 1259 ἀποστρέ-

214 1306 323 1355 φων
352 1288 456 1347 τας
486 1286 660 1353 ὄψεις.
723 1283 781 1335 '0
836 1283 969 1351 πυρὶ
1008 1285 1099 1335 καὶ
1145 1283 1384 1353 χάσματι
1429 1281 1555 1344 τοὺς
1584 1281 1789 1334 ἐπανα-

216 1380 447 1441 στάντας
498 1380 567 1446 τῇ
621 1375 892 1445 ἱερωσύνῃ
930 1375 1336 1437 καταδικάσας,
1372 1374 1469 1426 καὶ
1524 1374 1650 1435 τοὺς
1709 1374 1788 1436 εἰς

212 1474 303 1542 τὴν
338 1472 492 1524 θείαν
518 1470 677 1540 χάριν
724 1468 1050 1539 ὑϐρίσαντας
1094 1466 1449 1535 ὲξαφανίσας’
1487 1467 1515 1517 ὁ
1542 1465 1641 1536 τὴν
1663 1482 1792 1535 γοη-

215 1566 363 1616 τείαν
402 1561 497 1613 τοῦ
544 1560 771 1629 Βαλαὰμ
810 1557 1125 1627 μεταϐαλὼν
1171 1559 1251 1620 εἰς
1283 1556 1586 1610 εὺσέΰειαν.
1652 1551 1726 1610 υῦ
1758 1557 1792 1625 ἡ

214 1651 437 1720 τελευτὴ
469 1649 570 1717 τῆς
600 1649 743 1715 ζωῆς
792 1647 1069 1718 ἱστόρηται
1102 1647 1429 1717 ὑψηλοτέρα.
1495 1644 1551 1698 '0
1581 1646 1672 1698 ἐπὶ
1693 1645 1793 1713 τῆς

1885 451 1976 505 illa
2009 452 2243 521 caligine
2273 450 2527 505 acumine
2557 449 2757 504 mentis
2800 449 2937 503 vidit
2969 448 3336 515 lnvisibilem,
3373 452 3467 519 qui

1882 543 2294 600 tabernaculum
2327 557 2434 595 non
2473 556 2639 594 manu
2665 539 2872 594 factum
2904 539 3228 610 descripsit,
3261 548 3459 596 lotum-

1883 650 1991 703 que
2028 633 2321 689 sacerdotii
2373 640 2626 687 ornatum
2673 640 2729 686 et
2771 638 3093 700 apparatum
3138 632 3242 687 rite
3284 633 3470 686 animo

1884 725 2155 794 concepit,
2189 725 2280 795 qui
2326 735 2577 794 acceptas
2622 738 2652 776 a
2694 722 2802 777 Deo
2828 720 3008 775 factas
3041 722 3260 777 tabulas
3283 763 3299 788 ,
3333 738 3469 777 con-

1889 811 2201 882 fractasque
2230 813 2299 867 de
2328 812 2540 882 integro
2560 810 2819 872 restituit,
2864 810 2957 879 qui
2999 810 3051 863 iu
3086 810 3240 863 vultu
3275 811 3473 868 divinae

1887 904 2143 967 virtutis,
2176 919 2298 973 qua:
2344 903 2448 958 sibi
2484 909 2851 972 apparuerat,
2894 909 3220 971 argumenta
3263 902 3470 966 ferens.

1892 994 2102 1065 fulgore
2122 1011 2185 1048 ex
2220 994 2376 1057 facie,
2411 995 2559 1048 velut
2583 994 2860 1048 radiorum
2898 994 3149 1062 spiculis.
3176 994 3459 1050 emicante.

1887 1089 2073 1142 vultus
2116 1102 2307 1141 eorum
2351 1087 2444 1157 qui
2486 1101 2721 1141 occursu
2758 1085 2967 1155 indigni
3019 1094 3180 1139 erant
3226 1088 3472 1141 avertit:

1889 1180 1981 1249 qui
2015 1183 2139 1249 igne
2165 1187 2219 1234 et
2262 1179 2414 1232 hiatu
2459 1180 2748 1234 invasores
2788 1178 3083 1233 sacerdotii
3136 1179 3474 1247 vindicavit,

1890 1286 2093 1338 eosque
2142 1271 2235 1339 qui
2295 1271 2349 1323 in
2393 1270 2633 1324 divinam
2691 1272 2921 1340 gratiam
2974 1270 3226 1338 injuriosi
3276 1280 3472 1334 erant,

1892 1360 2136 1416 funditus
2171 1362 2412 1417 delevit:
2446 1363 2541 1431 qui
2576 1362 2982 1418 incantationes
3015 1362 3235 1415 Balaam
3272 1364 3327 1417 in
3358 1364 3476 1432 pie-

1891 1461 2060 1507 tatem
2114 1462 2166 1508 et
2214 1455 2650 1509 benedictionem
2695 1456 2892 1519 vertit,
2941 1454 3099 1522 cujus
3146 1455 3332 1510 obitus
3384 1454 3472 1509 vel

1894 1545 2068 1613 ipsam
2126 1546 2290 1598 vitam
2367 1544 2746 1614 magnitudine
2798 1546 3129 1615 praestantia:
3185 1560 3477 1614 superasse

1897 1643 2155 1690 narratur
2183 1654 2196 1690 :
2227 1636 2429 1706 quippe
2454 1638 2545 1706 qui
2578 1636 2646 1691 ad
2673 1652 2987 1706 supremum
3014 1637 3217 1691 montis
3251 1637 3474 1691 culmen

215 1707 669 1810 ἀκρωρείας-τοῦ
701 1707 863 1805 δρους
905 1707 1225 1805 γενόμενός,
1276 1707 1371 1789 καλ
1424 1736 1589 1805 μηδὲν
1631 1707 1794 1804 ἴχνοςς

1908 1743 2256 1798 progressus,
2293 1744 2472 1798 neque
2503 1729 2791 1800 vestigium
2837 1744 3016 1798 neque
3056 1737 3474 1783 monumentum

218 1828 350 1897 μηδὲ
376 1825 719 1896 μνημόσυνον
746 1825 845 1893 τῆς
860 1826 1053 1894 γηῒνης
1080 1825 1371 1894 ἀχθηδόνος
1400 1824 1479 1894 τῷ
1504 1824 1641 1895 ἡλίῳ
1667 1824 1799 1877 ὑπο-

216 1920 553 1987 λειπόμενος.
600 1917 658 1967 Ὀ
706 1916 779 1985 μὴ
827 1916 1175 1986 παραλλάξας
1216 1917 1307 1970 τὸν
1354 1919 1678 1987 χαρακτῆρα
1705 1914 1797 1969 τοῦ

220 2011 448 2072 ﬁlim;
482 2010 589 2062 ὑπὸ
614 2009 707 2062 τοῦ
743 2010 936 2079 χρόνον
959 2026 973 2039 ·
1019 2008 1155 2061 ἀλλά
1188 2006 1460 2070 διασώσας
1489 2008 1547 2059 ὲν
1577 2009 1643 2077 τῇ
1673 2023 1800 2076 τρε-

221 2104 327 2171 πτῇ
378 2102 535 2168 φύσει
575 2101 637 2152 τὸ
683 2103 739 2151 ὲν
780 2098 930 2168 καλῷ
959 2098 1338 2153 ἀναλλοίωτον.
1372 2092 1542 2161 Οὗτός
1581 2101 1727 2152 ἐστιν
1772 2099 1838 2150 ό.

219 2207 313 2221 οι.-

229 2190 313 2259 τῆς
349 2190 613 2258 τετάρτης
647 2188 933 2258 κατάρχων
953 2190 1084 2257 ἡμῖν
1116 2187 1450 2251 ἀναϐάσεως,
1493 2188 1588 2240 καὶ
1611 2190 1640 2240 ό
1674 2202 1801 2239 συν·

218 2281 466 2348 επαίρων
494 2280 672 2349 ἑαυτῷ
699 2279 788 2333 τὸν
817 2280 907 2333 διὰ
936 2278 1045 2332 τῶν
1074 2278 1241 2349 τριῶν
1265 2279 1363 2350 ἤδη
1386 2278 1493 2331 τῶν
1523 2278 1803 2349 προδιηνυ-

220 2374 435 2440 σμένων
466 2370 676 2424 αἰώνων
700 2371 872 2441 μέγαν
900 2370 1203 2440 γενόμενον.
1241 2370 1300 2420 ’Θ
1318 2369 1423 2440 γὰρ
1452 2371 1509 2421 ὲν
1532 2368 1706 2438 τούτῳ
1725 2367 1803 2438 τῷ

219 2462 341 2530 ἰκᾷει
382 2462 691 2530 γενόμενος,
721 2460 970 2530 μεθόριος
996 2460 1195 2530 τρόπον
1220 2459 1345 2512 τινὰ
1361 2459 1459 2528 τῆς
1480 2460 1717 2530 τρεπτῆς
1744 2474 1802 2510 τε

220 2553 311 2603 καὶ
349 2550 623 2621 ἀτρέπτου
656 2549 869 2617 φύσεως
901 2549 1136 2611 ἵσταται,
1183 2547 1277 2600 καὶ
1305 2547 1575 2618 μεσιτεύει
1604 2545 1804 2601 καταλ-

218 2642 411 2713 iﬁlw;
427 2644 537 2703 τοῖς
570 2641 781 2711 ἄκροις,
813 2640 891 2711 τῷ
936 2641 1032 2710 μὲν
1067 2639 1191 2709 Θεῷ
1221 2639 1671 2710 ἱκετηρίαςύπὲρ
1696 2637 1805 2691 τῶν

220 2732 629 2785 ἀλᾶ.οαυθέντιυν
662 2732 722 2794 ἐξ
757 2731 1031 2803 ἁμαρτίας
1063 2730 1353 2799 προσάγων
1372 2746 1384 2758 ⁸
1425 2731 1523 2799 τῆς
1554 2729 1611 2781 δὲ
1640 2729 1807 2800 ὑπερ-

218 2824 489 2893 κειμένης
518 2822 764 2886 ἐξουσίας
802 2822 891 2874 τὸν
925 2821 1070 2875 ἔλεον
1116 2820 1209 2873 ἐπὶ
1236 2821 1362 2883 τοὺς
1402 2820 1685 2889 δεομένους
1713 2818 1805 2873 τοῦ

220 2915 377 2967 ἐλέου
436 2913 875 2983 διαπορθμεύων.
927 2913 1009 2973 Ὠς
1061 2913 1125 2966 ἂν
1156 2912 1247 2966 καὶ
1274 2911 1363 2965 διὰ
1401 2912 1590 2965 τούτου
1622 2912 1810 2983 μάθοι-

1900 1821 2177 1876 terrestris
2210 1820 2447 1876 tristitiae
2477 1821 2797 1890 reliquerit,
2826 1820 2919 1890 qui
2948 1830 3136 1876 notam
3168 1828 3223 1877 et
3261 1822 3477 1891 insigne

1901 1912 2328 1983 pulchritudinis
2356 1912 2667 1966 labentibus
2691 1911 2854 1965 annis
2890 1926 3000 1966 non
3028 1911 3353 1982 deperdidit,
3381 1912 3479 1967 sed

1902 2004 2120 2059 decoris
2157 2004 2654 2058 immutabilitatem
2683 2041 2698 2068 ,
2749 2012 3184 2073 perpetuumque
3232 2010 3481 2058 tenorem

1903 2095 1958 2151 in
1991 2097 2108 2165 ipsa
2139 2096 2304 2150 etiam
2330 2095 2580 2150 variabili
2611 2103 2808 2150 natura
2853 2096 3221 2152 conservavit.
3270 2094 3482 2149 Tantus

1904 2192 2009 2248 est,
2042 2185 2136 2254 qui
2162 2184 2218 2239 iu
2248 2194 2443 2254 quarto
2474 2200 2706 2243 ascensu
2737 2187 2848 2241 dux
2874 2187 3033 2242 nobis
3064 2187 3254 2257 praeit;
3280 2188 3484 2257 quique

1906 2290 2091 2330 secum
2121 2277 2285 2331 simul
2314 2278 2513 2331 attollit
2542 2294 2667 2333 eum
2688 2318 2704 2345 ,
2735 2279 2827 2346 qui
2847 2279 2957 2347 jam
2991 2278 3045 2332 in
3074 2278 3247 2333 tribus
3282 2292 3487 2348 praece-

1904 2369 2160 2424 dentibus
2190 2371 2509 2425 ascensibus
2546 2386 2668 2427 sese
2694 2385 2859 2441 supra
2893 2371 3088 2439 vulgus
3122 2371 3336 2426 extulit.
3378 2368 3485 2437 Qui

1904 2459 2049 2513 enim
2082 2460 2148 2513 ad
2176 2461 2279 2515 hoc
2310 2460 2589 2531 fastigium
2614 2461 2809 2525 evasit,
2841 2462 2889 2516 is
2915 2461 3325 2531 quodammodo
3351 2475 3494 2515 con-

1908 2548 2034 2604 ﬁnis
2064 2562 2150 2605 est
2176 2559 2391 2606 natura:
2414 2553 2663 2605 mutabili
2693 2560 2749 2607 et
2780 2552 3141 2619 immutabili;
3166 2553 3488 2621 mediusque

1907 2641 2200 2697 intercedit
2237 2644 2627 2698 convenienter
2656 2643 2938 2709 extremis,
2978 2642 3084 2697 Deo
3112 2643 3335 2713 quidem
3370 2659 3488 2712 pro-

1911 2747 2005 2786 ces
2039 2740 2093 2786 et
2126 2732 2558 2807 supplicationes
2588 2732 2822 2786 offerens
2865 2746 2965 2801 pro
2998 2731 3065 2786 iis
3098 2732 3190 2798 qui
3239 2746 3333 2800 pcr
3358 2745 3488 2799 pec-

1907 2835 2088 2880 catum
2120 2825 2409 2879 abalienati
2439 2832 2604 2889 sunt,
2638 2824 2897 2897 potentia;
2928 2837 3061 2878 vero
3089 2822 3236 2876 illius
3267 2821 3486 2877 miseri-

1910 2916 2155 2971 cordiam
2184 2918 2341 2987 quasi
2371 2918 2663 2972 demittens
2683 2958 2698 2982 ,
2731 2925 2786 2971 et
2829 2915 3086 2971 derivans
3126 2914 3194 2968 ad
3239 2913 3363 2967 illos
3394 2914 3486 2983 qui

219 3019 342 3068 μιν,
381 3003 466 3054 ὅτι
501 3004 607 3071 ὅσῳ
630 3019 713 3063 τις
746 3001 906 3054 πλέον
928 2999 1037 3054 τῶν
1069 3000 1361 3071 χθαμαλῶν
1393 3018 1449 3054 τε
1478 3002 1570 3054 καὶ
1608 3002 1806 3070 γηΐνων

1913 3008 2292 3062 misericordia
2324 3007 2603 3076 indigent;
2635 3014 2693 3061 ut
2722 3016 2775 3061 et
2803 3022 2866 3061 ex
2899 3006 2983 3061 his
3013 3005 3316 3067 discamus,
3339 3003 3489 3074 quod

215 3093 313 3159 ﬁgi
322 3109 551 3155 σταται,
572 3092 809 3161 τοσούτῳ
841 3091 1038 3161 μᾶλλον
1066 3092 1502 3162 πῳσοικειοῦται
1532 3096 1598 3163 τῇ
1631 3093 1807 3147 πάντα

216 3183 350 3236 νοῦν
393 3182 730 3253 ὑπερεχούσης]
757 3181 916 3251 φύσει
940 3198 954 3211 ’
993 3184 1083 3235 καὶ
1117 3186 1363 3253 μιμεῖται
1386 3183 1452 3235 δι’
1484 3184 1729 3246 εὐποιῖας
1750 3184 1811 3237 τὸ

215 3274 410 3335 Θείον,
442 3274 617 3325 ἐκεῖνο
656 3272 828 3323 ποιῶν
864 3272 893 3324 ὂ
930 3273 1026 3341 τῆς
1072 3271 1221 3335 θείας
1267 3273 1379 3325 ἐστὶ
1417 3272 1627 3340 φύσεως
1659 3273 1809 3326 ἴδιον.

216 3364 399 3429 Δέγω
428 3362 488 3414 δὲ
523 3362 579 3413 τὸ
612 3364 921 3433 εὐεργετεῖν
967 3366 1073 3418 πᾶν
1104 3365 1163 3418 τὸ
1192 3364 1507 3433 εὐεργεσίας
1537 3366 1809 3436 δεόμενον,

218 3454 350 3504 ὅσον
389 3453 602 3516 ὲπιδεὲς
623 3454 721 3522 τῆς
757 3455 1002 3518 εὐποιῖας
1030 3456 1164 3508 ἐστί.

292 3719 576 3790 Tomi:th
602 3721 665 3793 δὴ
688 3722 797 3788 (72)
825 3722 1199 3793 κατελαϐόμην
1223 3726 1322 3794 τῆς
1346 3726 1665 3796 ψαλμῳδίας
1686 3728 1818 3782 ταύ-

219 3826 322 3881 της
351 3812 459 3882 τὴν
485 3811 691 3864 ἔννοιαν
712 3852 728 3875 ,
770 3808 834 3885 ἦς
869 3816 901 3884 ἡ
937 3814 1044 3883 (73)
1074 3818 1350 3886 ἐπιγραφή
1376 3819 1523 3871 ἐστιν
1543 3858 1557 3881 ,
1600 3837 1617 3869 ι
1646 3820 1821 3890 Προσ-

220 3903 363 3971 τδχὴ
416 3903 491 3971 τῷ
522 3904 725 3971 Μωῡσῇ
762 3905 1032 3977 ἀνθρώπῳ
1064 3907 1155 3960 τοῦ
1200 3907 1355 3963 Θεοῦ.
1383 3928 1401 3960 ι
1468 3909 1683 3983 Ἐπειδὴ
1713 3912 1819 3983 γὰρ

220 3994 669 4063 κεκράτητοσό)
684 3996 763 4066 τῷ
783 3997 883 4066 τῆς
906 3998 1180 4068 ἁμαρτίας
1204 4001 1356 4071 κακῷ
1378 4002 1439 4054 τὸ
1460 4002 1819 4072 ἀνθρώπινον,

224 4084 321 4133 καὶ
352 4082 462 4150 τῆς
518 4084 651 4153 πρὸς
702 4084 764 4136 τὸ
806 4084 1007 4151 ἀγαθὸν
1054 4086 1297 4150 ὲνώσεως
1329 4090 1639 4161 ἀπορραγὲν
1663 4133 1677 4157 ,
1712 4095 1823 4155 τοῖς

222 4173 506 4235 ἐναντίοις
553 4174 881 4246 συνεφόρετο
911 4177 1144 4240 πάθεσι,
1192 4178 1281 4231 καί
1309 4197 1451 4243 τινος
1484 4180 1653 4234 ὲδεῖτο
1693 4199 1824 4253 πρε-

227 4264 433 4326 σεείας
454 4304 469 4327 ,
503 4266 635 4334 πρὸς
663 4267 754 4319 τὸν
786 4269 1221 4323 ἀνακαλέσασθαι
1242 4271 1342 4339 τῆς
1374 4272 1647 4337 ἀπωλείας
1674 4273 1826 4328 δυνά-

1912 3105 2117 3166 quanto
2158 3098 2283 3165 quis
2318 3097 2494 3167 magis
2548 3111 2577 3151 a
2613 3095 2968 3151 terrestribus
3003 3093 3266 3163 humique
3300 3093 3494 3149 stratis-

1914 3186 2077 3240 rebus
2112 3185 2353 3249 absistit,
2403 3193 2555 3239 tanto
2590 3185 2763 3255 magis
2792 3181 3193 3253 apprOpinquat
3225 3178 3293 3234 ad
3326 3186 3489 3234 natu-

1918 3293 2034 3331 ram
2082 3294 2204 3347 quae
2244 3293 2461 3333 omnem
2504 3276 2916 3345 intelligentiam
2952 3279 3277 3342 exsuperat,
3314 3271 3491 3325 imita-

1918 3376 2115 3437 turque
2142 3369 2421 3425 beneliciis
2443 3367 2739 3439 largiendis
2761 3366 2986 3421 cocleSte
3007 3378 3227 3427 numen,
3251 3360 3491 3431 illudque

1917 3458 2051 3528 agit,
2091 3459 2239 3529 quod
2265 3460 2463 3515 divina:
2502 3466 2711 3513 naturae
2753 3456 3033 3527 proprium
3076 3462 3195 3517 est,
3238 3453 3366 3508 dttm
3398 3452 3492 3506 be-

1920 3550 2113 3603 neficia
2153 3550 2367 3607 confert
2417 3551 2469 3606 in
2520 3564 2709 3605 omnes
2757 3548 2881 3604 illos
2923 3547 3016 3617 qui
3062 3544 3365 3601 benefactis
3410 3544 3491 3596 in-

1920 3640 2123 3711 digent.

1996 3733 2317 3803 Hujusmodi
2345 3734 2602 3805 quiddam
2630 3734 2815 3787 animo
2839 3740 2894 3788 et
2917 3730 3244 3802 cogitatione
3274 3728 3341 3783 de
3368 3743 3493 3783 sen-

1929 3826 2098 3880 tentia
2124 3823 2324 3894 'psalmi
2358 3827 2503 3881 illius
2535 3824 2846 3890 informavi,
2869 3824 3027 3894 cujus
3061 3821 3346 3892 inscriptio
3368 3826 3451 3874 est
3477 3838 3489 3871 :

1931 3934 1949 3966 ε
1991 3916 2180 3971 Oratio
2212 3916 2385 3989 Moysi
2419 3918 2628 3972 homini
2660 3916 2753 3972 Dei
2789 3934 2801 3970 ;
2841 3935 2859 3968 ι
2900 3922 3187 3985 postquam
3221 3912 3364 3967 enim
3399 3926 3494 3982 ge-

1925 4024 2029 4063 nus
2050 4009 2348 4064 humanum
2382 4028 2412 4063 a
2442 4009 2647 4063 malitia
2679 4021 2999 4078 oppressum
3031 4016 3134 4067 est,
3158 4003 3493 4073 sejunclum‘

1924 4115 2030 4170 que
2057 4108 2111 4154 et
2135 4100 2440 4161 abscissum
2472 4115 2500 4152 a
2529 4099 2916 4168 conjunctione
2948 4112 3070 4152 cum
3113 4095 3278 4157 bono,
3313 4094 3367 4147 in
3399 4108 3492 4146 va-

1927 4190 2039 4245 rias
2086 4191 2521 4260 perturbationes
2553 4190 2774 4253 incidit,
2814 4200 3061 4257 opusque
3109 4184 3299 4239 habuit
3334 4183 3492 4236 inter-

1927 4282 2178 4337 cessione
2230 4282 2462 4353 quadam
2485 4321 2499 4347 ,
2543 4288 2599 4337 et
2635 4281 2901 4351 legatione
2944 4278 3011 4331 ad
3047 4277 3196 4331 illum
3225 4289 3256 4328 a
3288 4287 3396 4344 quo
3427 4271 3495 4325 ab

224 4370 405 4421 μενον
424 4396 438 4415 ,
468 4356 589 4407 ἀντὶ
626 4356 905 4425 πρέσϐεως
934 4362 961 4413 ό
988 4359 1083 4413 τοῦ
1115 4361 1251 4414 Θεοῦ
1280 4361 1563 4432 ἄνθρωπος
1590 4365 1806 4432 γίνεταμ

1923 4373 2147 4428 interitu
2196 4373 2437 4429 revocari
2489 4379 2719 4442 posset;
2759 4370 2919 4439 legati
2973 4381 3198 4422 munere
3250 4362 3496 4433 fungitur

222 4444 821 4514 ὕπεραπολογοὺμενος
862 4449 959 4516 μὲν
992 4448 1082 4502 τοῦ
1133 4451 1241 4502 τῶν
1268 4452 1555 4520 ὁμοφύλων
1597 4453 1822 4523 πτώμα-

220 4550 324 4595 τος
348 4552 362 4563 ·
390 4536 473 4596 εἰς
503 4535 563 4589 δὲ
599 4537 688 4589 τὸν
715 4536 823 4589 τῶν
856 4540 1210 4593 ἀπολωλότων
1247 4538 1426 4596 οἶκτον
1457 4543 1719 4598 δυσωπῶν
1764 4546 1825 4600 τὸ

218 4624 416 4678 Odm.
477 4626 651 4690 Εὐθὺς
716 4628 827 4699 γάρ
893 4625 1005 4683 οἷον
1074 4632 1487 4701 δικαιολογεῖται
1543 4636 1679 4706 πρὸς
1733 4637 1823 4690 τὸν

221 4714 543 4776 ancxy-.1.
576 4716 667 4769 καί
700 4736 865 4788 φησι,
901 4721 1045 4791 μόνῳ
1082 4725 1360 4793 προσεῖναι
1400 4724 1478 4796 τῷ
1504 4724 1623 4796 Θεῷ
1662 4726 1722 4780 τὸ
1765 4731 1822 4782 ὲν

223 4806 407 4855 παντὶ
455 4805 641 4876 ἁγαθῷ
676 4811 870 4877 πάγιόν
915 4828 973 4862 τε
1033 4813 1127 4867 καὶ
1176 4813 1428 4885 ἀκίνητον
1467 4816 1579 4889 (75)
1619 4818 1710 4870 καὶ
1736 4819 1823 4871 ἀεὶ

224 4890 505 4954 {iamin
531 4895 649 4963 ἕχον
673 4915 686 4927 ο
719 4900 779 4951 ἐν
804 4903 974 4971 τροπῇ
1003 4901 1059 4956 δὲ
1099 4902 1191 4955 καὶ
1213 4904 1490 4967 ἀλλοιώσει
1518 4908 1580 4961 τὸ
1609 4907 1822 4979 ἀνθρώ-

223 4996 420 5083 πινον.
438 4981 703 5083 κείμενονῖ
722 4989 989 5083 μηδέποτε
1015 4992 1107 5045 ἐπὶ
1135 4992 1226 5046 τοῦ
1250 5000 1409 5068 αὐτοῦ
1440 5001 1659 5083 μένειν,
1686 4999 1823 5071 μηδὲ

219 5071 279 5122 εἰ
487 5075 818 5173 τὸρφεῖττον
838 5081 973 5135 ἀνίοι
999 5122 1024 5173 1
1052 5085 1182 5153 μήτε
1211 5089 1256 5143 εἰ
1279 5071 1549 5173 ἐκπίέτοι
1584 5090 1688 5160 τῆς
1725 5107 1821 5161 με-

230 5163 465 5225 τωσίας
488 5164 583 5217 τοῦ
602 5169 921 5238 κρείττονος.
953 5167 1027 5228 Οὗ
1055 5174 1199 5245 χάριν
1479 5194 1557 5255 ρν
1603 5185 1687 5246 εἰς
1711 5198 1821 5235 σω-

231 5252 447 5299 ποίαν
468 5255 609 5299 (lim!
631 5258 769 5299 γρ.ιά
795 5262 967 5299 πλη...
998 5263 1167 5299 omam
1308 5232 1389 5299 αφ
1434 5219 1515 5282 γ’
1543 5282 1577 5299 ,ν
1612 5275 1799 5299 -κ-....

231 5252 447 5353 ττὶρίεν
795 5262 967 5314 πᾶσαν
998 5263 1167 5328 γενεὰν
1188 5252 1427 5356 γίν
1443 5252 1577 5356 ’,ἐῢ
1604 5275 1823 5333 πλανωο

240 5342 410 5407 βείνου
436 5344 494 5396 τὺ
517 5348 858 5416 ἀμετάθετον.
1009 5325 1017 5328 ’
1190 5325 1201 5339 ”
1220 5325 1421 5396 ’νθσθαι

320 5546 433 5683 ἓξ)
455 5546 607 5604 Forte
624 5551 697 5603 δέ.

414 5616 608 5683 Ηιόηε
633 5635 697 5671 οη

414 5626 433 5683 )
458 5616 608 5673 Forte
633 5635 735 5674 om.
766 5622 813 5687 ἡ.

524 5711 777 5771 Parnm...
808 5710 901 5768 Gn.
939 5706 1057 5823 XIII:

1923 4464 2104 4535 quivis
2130 4464 2292 4518 homo
2324 4464 2414 4518 Dei
2440 4502 2454 4525 ,
2506 4470 2761 4531 suscepto
2794 4459 3101 4531 patrocinio
3143 4470 3243 4527 pro
3270 4469 3403 4509 casu
3444 4463 3498 4506 et

1924 4555 2078 4624 lapsu
2108 4570 2297 4610 eorum
2325 4555 2416 4624 qui
2450 4553 2694 4621 ejusdem
2720 4566 2904 4607 secum
2934 4559 3063 4605 sunt
3083 4546 3415 4602 conditionis
3445 4556 3499 4598 ct

1924 4656 2102 4703 status
2122 4686 2137 4709 .
2163 4648 2455 4716 divinoque
2480 4645 2701 4699 numine
2727 4643 2791 4699 ad
2822 4639 3251 4697 misericordiam
3281 4638 3337 4691 in
3372 4650 3495 4706 pcr-
3592 4654 3607 4717 ς

1924 4738 2070 4794 ditos
2101 4737 2259 4793 flexo.
2295 4736 2489 4791 Statim
2520 4737 2685 4800 enim,
2719 4734 2873 4805 quasi
2899 4734 2953 4788 in
2984 4730 3193 4801 judicio
3227 4744 3350 4785 cum
3391 4728 3498 4783 Dcu
3596 4762 3599 4769 ι

1924 4840 2193 4901 prmsente
2224 4840 2277 4884 et
2334 4830 2591 4884 audiente
2621 4828 2762 4899 agit,
2817 4826 3034 4896 ipsique
3083 4824 3185 4879 soli
3233 4818 3496 4894 ta'uquam

1925 4921 2169 4976 omnium
2200 4920 2469 4976 bonorum
2502 4920 2662 4985 fonti,
2690 4917 3083 4972 immutabilem
3114 4916 3265 4969 illum
3296 4924 3348 4970 et
3374 4928 3499 4982 pcr-
3560 4912 3568 4971 ξ

1923 5021 2087 5081 petuo
2139 5012 2243 5067 sibi
2290 5020 2632 5081 constantem
2676 5011 2776 5065 viae
2816 5018 3058 5064 tenorem
3104 5007 3286 5064 inesse
3316 5006 3485 5060 dicit:

1924 5103 2156 5157 mortale
2189 5109 2367 5157 autem
2398 5102 2677 5156 hominum
2710 5115 2881 5172 genus
2909 5097 3359 5154 conversionibus
3396 5108 3492 5148 va-

1924 5192 2020 5247 riis
2043 5200 2098 5247 et
2128 5191 2596 5247 vicissitudinibus
2630 5190 2928 5247 obnoxium
2956 5189 3158 5253 vivere,
3193 5198 3372 5256 neque
3392 5200 3492 5239 un-

1924 5293 2085 5349 quam
2121 5280 2173 5334 in
2207 5281 2397 5335 eodem
2430 5287 2574 5335 statu
2622 5280 2949 5350 persistere,
2982 5294 3051 5334 ne
3097 5287 3209 5333 tum
3242 5273 3489 5350 quidem.

1924 5336 2047 5423 cum
2071 5369 2182 5437 jam
2234 5370 2301 5423 ad
2342 5370 2394 5423 id
2425 5369 2571 5439 quod
2606 5336 2955 5441 praestantius
2986 5376 3072 5423 est
3116 5336 3363 5424 evaseri‘.
3394 5370 3489 5408 ηε·

1997 5573 2107 5641 (74)
2146 5574 2514 5644 Κεκράτηται,
2545 5575 2633 5636 ed,

1998 5644 2109 5714 (75)
2142 5644 2251 5695 Καὶ
2273 5644 2527 5713 ἀκίνητον
2562 5659 2668 5698 om.
2693 5644 2779 5697 ed.

3110 5737 3182 5802 15
