4054 6436
770 343 874 400 459

2065 342 2121 398 s.
2163 328 2489 397 GRECORII
2522 333 2816 394 stsm

768 473 878 527 que
929 465 1041 511 tum
1084 470 1208 510 eum
1252 456 1281 508 a
1317 457 1698 510 communione
1750 457 2146 527 praslantioris
2188 457 2334 511 illius
2377 453 2504 509 boni
2558 453 2839 508 exciderit.
2869 450 3135 518 Quocirca
3190 452 3340 520 optat
3389 467 3528 519 eum,
3558 453 3632 522 qui
3660 461 3730 510 est
3758 455 3787 509 il

769 549 971 616 labilis,
1003 549 1122 620 ejus
1153 550 1242 619 qui
1271 549 1396 603 hinc
1425 548 1551 603 inde
1575 549 1816 614 oberrat,
1841 549 1894 603 in
1925 549 2074 604 omni
2107 547 2453 619 generatione
2488 544 2600 598 ﬁeri
2639 542 2928 613 refugium,
2980 541 3169 596 salutis
3210 542 3424 596 tuendae
3463 543 3628 612 gratia.

835 731 927 786 Sic
942 747 1068 786 vero
1082 729 1278 784 Psalmi
1293 728 1456 784 verba
1470 744 1587 784 sese
1600 729 1826 783 habent:
1849 749 1865 780 ι
1887 727 2334 798 Deus,—refugium
2365 733 2410 789 Α

767 823 942 878 lactus
962 840 1020 878 es
1042 823 1198 877 nobis
1220 837 1248 874 a
1273 821 1620 890 generatione
1644 821 1697 873 in
1723 824 2124 890 generationem
2149 822 2189 872 ⁷.
2225 839 2243 872 ι
2273 818 2337 872 Et

776 929 945 984 quare
961 916 1064 969 hoc
1085 912 1315 967 afﬁrmat
1342 911 1366 965 ?
1391 910 1547 977 Quia,
1575 910 1901 980 inquit,ante
1917 919 2217 965 creaturam
2243 919 2322 969 es,

761 1019 922 1058 omne
964 1001 1349 1070 temporarium
1387 999 1728 1054 intervallum
1757 998 2092 1068 complexus,
2121 1012 2184 1051 ex
2225 1011 2334 1066 quo

762 1093 1022 1162 temporis
1048 1099 1244 1147 natura
1263 1090 1447 1160 cmpit,
1473 1097 1525 1144 et
1551 1089 1604 1143 in
1628 1103 2006 1159 quemcunque
2038 1087 2331 1142 terminum

759 1184 1062 1238 desiturum
1107 1183 1216 1250 sit;
1249 1196 1371 1235 nam
1415 1180 1745 1235 interminati
1787 1179 2053 1239 terminus
2091 1189 2175 1234 est
2208 1178 2333 1233 inli-

2513 726 2663 793 Ἔχει
2688 724 2745 776 δὲ
2768 724 2802 793 ἡ
2832 721 2974 788 λέξις
2995 723 3166 786 οὕτως
3186 737 3200 752 ⁶
3241 743 3258 774 ι
3286 724 3476 796 Κύριε,
3506 726 3746 798 καταφυγὴ
3769 729 3788 780 ὲ

2441 815 2538 886 θης
2563 818 2695 886 ἡμῖν
2727 816 2786 867 ὲν
2815 816 2979 884 γενεᾷ
3012 816 3103 866 καὶ
3131 817 3311 886 γενεᾷ.
3340 836 3357 867 ι
3406 816 3503 869 Διὰ
3532 817 3574 869 τί
3601 817 3733 870 τοῦτο
3754 819 3788 870 λι

2443 909 2564 964 Ὅτι
2582 903 2978 977 σὺ,φησὶν,πρὸ
3001 906 3098 977 τῆς
3120 907 3346 970 κτίσεως
3369 905 3438 971 εἷ,
3466 913 3564 962 πᾶν
3582 910 3634 962 τὸ
3652 912 3787 967 utith

2436 995 2703 1066 περιέχων
2746 995 3017 1066 διάστημα
3044 1036 3059 1063 ,
3107 999 3199 1066 ἀφ’
3228 993 3287 1052 οὗ
3329 1017 3386 1051 τε
3420 1001 3582 1071 ἀρχὴν
3622 1002 3754 1071 ἔσχεν

2435 1088 2628 1151 αἰῶνος
2681 1087 2841 1158 φύσις
2869 1128 2884 1152 ,
2934 1089 3027 1142 καὶ
3066 1091 3145 1152 είς
3190 1090 3218 1142 ὃ
3301 1109 3354 1143 τι
3391 1091 3788 1163 προελεύσεταιί

2435 1181 2608 1252 πέρας
2640 1181 2697 1234 δὲ
2723 1180 2815 1233 τοῦ
2845 1182 3198 1252 ἀτελευτήτου
3229 1184 3261 1253 ή
3289 1184 3530 1257 ἀπειρία.
3565 1186 3689 1255 «Πρὸ
3709 1187 3788 1239 τοῦ

760 1274 924 1327 nitas.
963 1291 981 1324 ι
1018 1270 1365 1340 Priusquam,
1403 1287 1421 1321 ι
1456 1269 1656 1339 inquit,
1692 1285 1710 1319 ι
1748 1277 1960 1322 montes
1998 1269 2210 1332 ﬁerent,
2243 1277 2336 1322 aut

2186 1308 2210 1332 ν,
2243 1277 2336 1322 aut
2430 1271 2538 1341 γὰρ
2563 1310 2575 1333 ,
2606 1271 2768 1340 φησι,
2815 1291 2832 1321 ι
2859 1270 3152 1341 γενηθῆναι
3182 1272 3276 1325 καὶ
3317 1273 3604 1344 πλασθῆναι
3629 1275 3714 1346 τὴν
3746 1277 3787 1343 γὶ

758 1365 1086 1419 formaretur
1120 1370 1266 1418 terra
1316 1369 1370 1416 et
1417 1361 1598 1424 orbis,
1633 1375 1663 1414 a
1697 1361 1918 1422 saeculo,
1963 1368 2016 1413 et
2068 1374 2243 1428 usque
2277 1359 2332 1412 in

753 1455 1082 1510 smeulumtu
1115 1469 1196 1508 es.
1230 1471 1248 1504 ι
1293 1452 1360 1505 At
1394 1453 1536 1506 enim
1563 1439 1746 1520 genus
1773 1451 2071 1505 humanum
2102 1450 2172 1504 oh
2206 1465 2328 1502 mu-

757 1545 1074 1599 tabilitatem
1117 1551 1327 1597 naturae
1369 1558 1432 1596 ex
1479 1542 1802 1596 celsitudine
1845 1541 2023 1594 omnis
2066 1541 2228 1605 boni,
2262 1539 2330 1598 ad

651 1699 660 1712 ο
756 1636 1023 1704 ahjectam
1056 1642 1109 1688 et
1138 1634 1400 1687 lubricam
1451 1632 1659 1702 peccati
1694 1630 2064 1685 conditionem
2105 1630 2331 1684 devolu‘

754 1735 870 1780 tum
907 1725 1145 1782 decidit:
1181 1724 1352 1793 Igitur
1376 1723 1579 1792 praebe,
1607 1722 1804 1789 inquit,
1833 1736 2052 1774 manu-n
2091 1721 2199 1773 labi
2231 1736 2326 1775 ne-

754 1816 903 1870 scius
963 1813 1260 1868 vacillanti.
1312 1811 1466 1878 Quod
1512 1819 1702 1864 natura
1751 1826 1851 1872 es.
1908 1810 2010 1864 hoc
2055 1817 2109 1864 et
2169 1809 2325 1863 nobis

753 1909 993 1974 efﬁcere;
1044 1921 1219 1976 neque
1259 1905 1515 1960 detur-bes
1562 1905 1712 1958 illum
1761 1920 1824 1958 ex
1869 1905 1960 1957 illa
2011 1904 2064 1958 in
2113 1918 2218 1972 qua
2267 1910 2324 1956 tu

751 2000 1030 2063 versaris,
1108 1995 1426 2058 altitudine,
1509 1995 1564 2048 in
1641 1995 2000 2048 humilitatem
2091 1994 2320 2062 peccati.

752 2089 948 2144 Postea
979 2089 1128 2143 vocis
1169 2087 1380 2142 Domini
1408 2085 1491 2140 sui
1525 2086 1683 2154 quasi
1719 2085 2044 2139 administer
2073 2085 2318 2150 effectus,

754 2179 912 2233 affert
955 2178 1170 2248 plenam
1203 2177 1543 2230 humanitate
1573 2175 1902 2231 sententiam
1938 2195 1950 2230 :
1990 2193 2008 2227 ι
2053 2175 2321 2240 Quoniam

752 2271 978 2326 dixisti:
1008 2267 1399 2332 Revertimini,
1448 2266 1544 2320 ﬁlii
1592 2267 1909 2336 hominum;
1961 2285 1980 2318 ι
2031 2282 2137 2337 qua
2190 2281 2325 2322 voce

751 2364 946 2431 dogma
982 2360 1255 2431 quoddam
1294 2359 1641 2427 continetur;
1678 2374 1801 2412 nam
1838 2359 1906 2413 ad
1935 2367 2184 2413 naturam
2219 2373 2321 2412 no-

753 2462 921 2510 stram
949 2453 1125 2508 oratio
1152 2451 1394 2521 respicit,
1430 2451 1807 2520 malorumque
1840 2450 2164 2506 medicinam
2194 2467 2322 2520 sug-

752 2547 909 2616 gerit.
943 2545 1032 2598 Ait
1057 2544 1201 2599 enim
1231 2562 1245 2598 :
1274 2543 1410 2598 Cum
1437 2558 1535 2598 vos
1562 2543 1810 2599 homines
1835 2543 2124 2598 mutationi
2156 2558 2322 2612 expo-

753 2637 843 2692 siti
880 2652 909 2690 a
945 2635 1088 2690 bono
1114 2633 1450 2698 decideritis,
1503 2631 1734 2687 utamini
1781 2649 1974 2689 rursus
2019 2635 2323 2690 mutatione

751 2723 818 2775 ad
853 2721 926 2787 id,
961 2728 1102 2792 quod
1138 2722 1424 2777 honestum
1465 2730 1569 2788 est,
1598 2733 1650 2777 et
1671 2722 1814 2776 unde
1844 2723 2150 2789 excidistis,
2185 2725 2322 2778 reci-

753 2829 918 2884 proco
943 2829 1108 2868 cursu
1139 2811 1494 2867 revertimini.
1529 2811 1648 2876 Quo
1673 2812 1750 2876 lit,
1783 2823 1841 2865 ut
1871 2814 1924 2866 in
1950 2813 2119 2866 libera
2147 2813 2322 2867 homi-

753 2924 882 2962 num
912 2907 1165 2960 facultate
1194 2905 1285 2972 sit,
1313 2914 1368 2959 ut
1404 2904 1472 2958 ad
1507 2903 1791 2958 arbitrium
1823 2903 1876 2956 in
1905 2905 2039 2974 ipsis
2068 2920 2320 2974 perseve-

751 3008 892 3063 rent,
919 3015 1039 3069 qua:
1065 3002 1274 3064 volunt,
1305 2997 1420 3052 sive
1444 2997 1585 3050 bona
1614 2996 1724 3050 sint
1753 2996 1865 3050 sive
1893 2997 2056 3050 mala.
2088 2996 2142 3049 Id
2176 2996 2320 3066 quod

2428 1359 2526 1430 τὴν
2558 1358 2881 1430 οἰκουμένην
2910 1399 2923 1422 ,
2964 1360 3058 1412 καὶ
3105 1361 3213 1413 ἀπὸ
3255 1360 3348 1413 τοῦ
3383 1362 3596 1428 αἰῶνος,
3638 1365 3720 1416 καὶ
3743 1365 3788 1415 ξι

2427 1451 2621 1513 αἰῶνος
2651 1452 2714 1503 σὺ
2749 1449 2848 1504 εἴ.»
2879 1450 2950 1502 Τὸ
2979 1450 3036 1502 δὲ
3061 1451 3397 1520 ἀνθρώπινον
3429 1453 3506 1523 τῷ
3531 1455 3725 1524 στρεπτῷ
3749 1455 3788 1506 τῆ

2428 1557 2565 1602 σεως
2594 1541 2657 1593 ὲκ
2684 1540 2778 1592 τοῦ
2807 1539 2973 1609 ὕψους
2998 1538 3105 1591 τῶν
3143 1540 3362 1607 ἀγαθῶν
3391 1543 3522 1611 πρὸς
3556 1544 3609 1596 τὸ
3631 1561 3788 1596 ταπειι

2426 1631 2519 1682 καὶ
2562 1630 2846 1701 ὀλισθηρὸν
2889 1631 2990 1700 τῆς
3035 1630 3308 1700 ἁμαρτίας
3339 1634 3642 1703 κατενεχθὲν
3669 1634 3769 1704 (76)

2430 1721 2566 1792 σύρη
2587 1739 2602 1753 ο
2635 1721 2842 1774 Οὐκοῦν
2874 1722 3093 1793 ὄρεξον,
3129 1719 3262 1793 ιρησὶ
3286 1765 3299 1787 ,
3335 1727 3489 1795 χεῖρα
3511 1764 3524 1788 ,
3557 1728 3582 1777 6
3617 1726 3784 1780 ἄπτωτ

2427 1813 2772 1884 ὀλισθῆσαντι
2795 1830 2808 1844 ·
2835 1814 2969 1886 ὅπερ
3001 1811 3050 1866 εἴ
3075 1818 3140 1886 τῇ
3177 1815 3356 1884 φύσει,
3388 1818 3480 1870 καὶ
3508 1819 3630 1888 ἡμῖν
3658 1820 3788 1872 τοῦτ(

2431 1923 2618 1977 μενος,
2649 1906 2742 1958 καὶ
2775 1925 2792 1956 ι
2837 1906 2910 1976 μὴ
2951 1906 3302 1978 ἁποστρέψῃς
3341 1926 3358 1959 ι
3407 1909 3562 1960 αὑτὸν
3594 1912 3653 1962 ὲκ
3691 1911 3776 1963 τοῦ

2430 1999 2510 2050 σοὶ
2544 1997 2710 2066 ὕψους
2733 2039 2747 2063 ,
2798 2000 2878 2060 εἰς
2925 1997 3022 2067 τὴν
3054 1999 3163 2067 (77)
3201 2000 3299 2069 τῆς
3334 1999 3600 2070 ἁμαρτίας
3640 2003 3788 2054 ταπεί

2426 2082 2558 2139 Εἶτα
2603 2089 2700 2157 τῆς
2753 2087 3075 2157 δεσποτικῆς
3109 2089 3291 2158 φωνῆς
3341 2089 3581 2153 διάκονος
3609 2091 3780 2159 γίνετα

2426 2179 2686 2248 προφέρει
2733 2176 2830 2247 τὴν
2861 2177 3236 2250 φιλάνθρωπον
3271 2179 3426 2248 ῥῆσιν
3474 2179 3673 2248 λέγων·
3709 2180 3787 2232 ι”ί

2424 2265 2602 2332 εἶπας·
2667 2269 3080 2341 Ἐπιστρέψατε,
3104 2270 3208 2322 υἱοὶ
3233 2271 3340 2323 τῶν
3363 2271 3702 2342 ἀνθρώπων.»
3723 2274 3782 2326 Ἡ

2424 2359 2558 2430 αὐτη
2589 2360 2760 2432 φωνὴ,
2792 2361 2967 2432 δόγμα
2997 2361 3130 2413 ἐστί·
3165 2361 3348 2431 βλέπει
3367 2365 3474 2433 γὰρ
3490 2365 3618 2432 πρὸς
3649 2365 3742 2434 τὴν
3773 2385 3788 2432 ς

2425 2450 2616 2518 λόγος,
2652 2452 2745 2504 καὶ
2791 2451 2889 2522 τὴν
2935 2453 3228 2523 θεραπείαν
3268 2454 3373 2506 τῶν
3426 2457 3607 2509 κακῶν
3657 2458 3788 2510 ὑποτ

2436 2542 2651 2611 Ἐπειδὴ
2681 2543 2822 2612 γὰρ,
2852 2543 3006 2612 φησι,
3035 2546 3256 2613 τρεπτοὶ
3285 2545 3435 2608 ὄντες
3463 2545 3556 2598 τοῦ
3589 2547 3787 2616 ἀγαθοῦ

2425 2630 2608 2700 ρύητε,
2637 2633 2911 2702 χρήσασθε
2942 2632 3100 2685 πάλιν
3129 2636 3262 2704 πρὸς
3291 2637 3351 2689 τὸ
3379 2637 3540 2691 καλὸν
3565 2642 3628 2709 τῇ
3658 2657 3788 2710 τροπ

2422 2720 2543 2774 ὅθεν
2567 2722 2974 2784 ὲκπεπτώκατε,
3001 2725 3093 2776 ἐπὶ
3113 2726 3172 2777 τὸ
3191 2727 3320 2779 αὐτὸ
3351 2728 3507 2782 πάλιν
3529 2731 3788 2801 ὲπαναστς

2434 2812 2522 2874 Ὠς
2555 2813 2612 2864 ἐν
2652 2815 2715 2882 τῇ
2751 2815 3063 2884 προαιρέσει
3111 2816 3218 2868 τῶν
3251 2817 3551 2887 ἀνθρώπιον
3605 2816 3740 2875 εἶναι
3786 2845 3787 2856 π

2421 2904 2532 2966 τοῖς
2563 2903 2748 2974 νέμειν
2779 2904 2888 2974 (78)
2927 2908 3046 2958 κατ’
3081 2905 3326 2970 ἐξουσίαν
3366 2909 3401 2962 δι
3434 2909 3711 2979 βούλονται
3737 2951 3750 2976 ,

2422 2995 2624 3064 ἀγαθὸν
2644 3037 2658 3061 ,
2688 2997 2796 3050 εἴτε
2826 2998 2886 3050 τὸ
2913 2998 3112 3067 φαῦλον
3134 3017 3146 3030 ·
3177 3002 3238 3053 τὸ
3264 3001 3319 3053 δὲ
3348 3002 3544 3073 ἑφεξῆς
3565 3043 3578 3066 ,
3612 3005 3788 3075 ’έτεροκ

751 3092 998 3163 sequitur
1037 3091 1268 3144 alterum
1313 3087 1510 3157 dogma
1548 3087 1954 3155 complectitur.
1996 3105 2014 3136 ‹
2053 3085 2352 3151 Quoniam.

2186 3088 2318 3139 uiam
2349 3107 2389 3164 (ς
2425 3087 2541 3139 ἐστί
2569 3105 2582 3118 ’
2620 3089 2754 3158 φησὶ
2781 3089 2887 3161 γὰρ
2908 3131 2922 3154 ,
2967 3109 2984 3141 ι
3012 3093 3130 3145 ’Ότι
3154 3093 3298 3161 χίλια
3331 3093 3423 3164 ἔτη
3469 3096 3526 3146 ὲν
3554 3096 3787 3168 ὀφθαλμι

749 3185 897 3240 mille
940 3183 1067 3237 anni
1115 3183 1168 3236 in
1201 3181 1374 3235 oculis
1412 3180 1552 3244 tuis,
1606 3177 1862 3245 Domine,
1912 3188 2169 3248 tanquam
2207 3177 2322 3234 dies

747 3276 1027 3334 hesterna,
1064 3287 1183 3342 quae
1219 3271 1512 3340 praeteriit;
1542 3277 1595 3323 et
1635 3285 1754 3338 qua:
1790 3285 1888 3338 pro
1917 3270 2088 3323 nihilo
2117 3269 2322 3324 haben-

748 3378 859 3431 tur,
891 3379 1076 3418 eorum
1109 3363 1237 3416 anni
1278 3371 1454 3416 erunt.
1499 3381 1516 3412 ι
1553 3361 1691 3426 Quid
1723 3354 1886 3430 igitur
1917 3361 2189 3432 dogmatis
2229 3376 2321 3414 ao-

748 3457 834 3511 his
864 3456 951 3509 hic
980 3453 1336 3508 insinuatur?
1371 3454 1428 3507 Ei
1475 3452 1745 3518 videlicet,
1778 3455 1872 3523 qui
1907 3462 2113 3508 mutata
2158 3451 2322 3508 veliﬁ-

748 3546 986 3608 catione,
1015 3545 1079 3598 ad
1101 3553 1301 3599 rectam
1323 3543 1538 3598 vivendi
1566 3546 1833 3598 rationem
1858 3544 2173 3606 revertitur,
2193 3544 2319 3598 licet

747 3641 858 3694 vita
888 3639 1116 3694 inlinitis
1151 3639 1416 3693 scelerum
1451 3638 1681 3692 maculis
1711 3647 1892 3692 notata
1935 3639 2028 3700 sit,
2060 3644 2120 3691 ut
2154 3637 2319 3691 colle-

745 3730 854 3786 ctio
883 3731 973 3784 illa
1007 3737 1352 3800 peccatorum
1388 3730 1536 3784 mille
1557 3746 1824 3785 annorum
1852 3745 1974 3785 esse
2003 3729 2314 3790 vidcantur,

745 3833 846 3891 pro
896 3818 1064 3873 nihilo
1099 3826 1264 3872 totam
1311 3817 1457 3871 illam
1511 3819 1818 3889 congeriem
1856 3825 2164 3888 rcpulatum
2212 3818 2315 3882 iri,

745 3910 1041 3966 dummodo
1071 3908 1262 3978 pedem
1294 3909 1532 3992 referat:
1571 3926 1694 3964 nam
1723 3911 1943 3964 divinus
1973 3911 2166 3965 oculus
2187 3924 2321 3979 prae-

747 4003 922 4056 sentia
954 4016 1172 4072 semper
1202 4002 1463 4068 intuetur,
1499 4003 1832 4072 praeteritum
1864 4018 1991 4056 vero
2024 4019 2131 4056 non
2169 4003 2317 4058 aesti-

727 4096 882 4155 'ntat,
918 4093 1010 4147 sed
1054 4094 1228 4148 instar
1259 4093 1422 4148 unius
1453 4093 1582 4156 diei,
1611 4093 1694 4147 vel
1725 4093 1900 4148 noctis
1928 4102 2150 4158 nostra),
2197 4111 2316 4164 quae

743 4184 856 4255 jam
892 4184 1171 4253 praeteriit,
1212 4199 1242 4238 a
1282 4184 1390 4240 Deo
1428 4184 1676 4238 habetur.
1721 4183 1791 4236 At
1824 4182 1876 4236 id
1916 4183 2062 4252 quod
2089 4185 2144 4238 in
2179 4201 2318 4255 prm-

748 4274 888 4328 senti
916 4273 1239 4328 obstrictum
1275 4283 1361 4327 est
1392 4273 1628 4336 malitia,
1669 4271 1882 4326 etiamsi
1935 4279 2191 4340 tanquam
2238 4274 2317 4327 ni-

747 4363 916 4417 hilum
953 4379 984 4418 a
1019 4363 1398 4433 peccatoribus
1427 4370 1784 4429 extenuetur,
1830 4361 1972 4418 Deus
2001 4370 2181 4416 tamen
2220 4377 2312 4417 ve-

2425 3177 2616 3248 Κύριε,
2643 3180 2718 3242 ὡς
2750 3181 2780 3249 ἡ
2807 3181 2986 3251 ἡμέρα
3013 3183 3044 3252 ἠ
3073 3183 3227 3252 ἐχθὲς
3247 3185 3315 3254 ,
3345 3203 3426 3248 τις
3451 3186 3752 3254 διῆλθεμτὰ
3779 3189 3788 3239 ί

2422 3269 2704 3338 δενώματα
2749 3270 2926 3323 αὐτῶν
2974 3272 3066 3343 έτη
3113 3274 3349 3328 ἔσονται.
3385 3295 3403 3327 ›
3451 3278 3514 3329 Τί
3561 3274 3656 3331 οὖν
3707 3281 3766 3330 έν

2421 3360 2763 3430 δογματικῶς
2797 3363 3191 3434 παιδευόμεθας
3223 3366 3300 3419 ὅτι
3325 3366 3401 3437 τῷ
3435 3369 3494 3431 ἐξ
3523 3371 3788 3441 ὲπιστροεε

2421 3453 2503 3504 λιν
2537 3453 2671 3522 πρὸς
2703 3453 2764 3505 τὸ
2794 3454 2994 3521 ἀγαθὸν
3038 3457 3398 3523 ἀναλύσαντι,
3443 3460 3548 3513 κᾶν
3582 3463 3788 3532 μυρίοις

2421 3547 2752 3617 καταστιχθῇ
2790 3547 3254 3618 πλημμελήμασιν
3279 3590 3292 3613 ,
3328 3550 3403 3613 ὡς
3427 3552 3616 3621 χιλίων
3658 3555 3788 3607 eum

2420 3633 2556 3690 εἶναι
2594 3638 2700 3690 τῶν
2733 3639 2914 3692 κακῶν
2943 3640 3003 3692 τὸ
3047 3640 3317 3711 ἄθροισμα
3341 3682 3355 3708 ,
3398 3643 3512 3696 ἀντ’
3540 3645 3762 3709 οὐδενός

2419 3729 2536 3798 Θεῷ
2573 3730 2670 3782 ἐπὶ
2709 3730 2803 3782 τοῦ
2858 3732 3316 3802 ἐπιστραφέντοςο
3347 3737 3374 3788 6
3403 3735 3510 3806 γὰρ
3546 3735 3693 3800 θεῖος
3733 3739 3788 3806 6c;

2418 3820 2477 3872 τὴ
2504 3821 2735 3885 ἐνεστὼς
2763 3823 2847 3876 ἀεὶ
2891 3822 3101 3893 βλέπει,
3143 3825 3203 3878 τὸ
3231 3825 3286 3878 δὲ
3319 3828 3659 3898 παρῳχηκὸς
3702 3830 3763 3880 οὺ

2418 3929 2507 3966 ται
2529 3931 2542 3944 ο
2574 3912 2688 3965 ἀλλ’
2711 3913 2830 3967 ἀντὶ
2854 3916 2980 3984 μιᾶς
3003 3915 3111 3984 (79)
3137 3917 3350 3988 ἡμέρας
3379 3917 3410 3988 ἦ
3441 3918 3647 3988 μέρους
3672 3919 3788 3989 (80)

2419 4003 2568 4074 παρὰ
2594 4004 2671 4074 τῷ
2695 4004 2812 4074 Θεῷ
2844 4006 3123 4076 κρίνεται,
3162 4009 3196 4077 ἦ
3231 4026 3310 4070 τις
3339 4005 3584 4081 παρῆλοἐ
3614 4028 3674 4064 τε
3719 4030 3788 4064 κα

2415 4095 2607 4166 δραμε.
2645 4096 2717 4148 Τὸ
2745 4097 2799 4149 δὲ
2825 4095 3056 4162 ἐνεστὼς
3087 4099 3144 4152 ὲν
3167 4101 3350 4171 κακίᾳ,
3386 4101 3490 4154 κᾶν
3519 4102 3600 4165 ὼς
3646 4104 3788 4173 μηδὲ

2415 4187 2522 4240 τῶν
2557 4189 2972 4260 ἁμαρτανόντων
2997 4188 3391 4262 έξευτελίζηται
3439 4192 3666 4263 (81),ὠς
3717 4196 3788 4247 ἐτι

2417 4279 2507 4342 θος
2527 4280 2605 4350 τῷ
2624 4281 2742 4352 Θεῷ
2772 4281 3089 4353 καθορᾶται.
3117 4285 3256 4355 Φησὶ
3280 4284 3416 4356 γάρ·
3441 4305 3458 4336 ι
3474 4285 3558 4339 Τὰ
3589 4285 3787 4351 ἐξουδε

2415 4371 2591 4426 αὐτῶν
2622 4372 2715 4444 έτη
2755 4373 3017 4430 ἔσονται.»
3050 4374 3242 4440 Καλῶς
3270 4376 3324 4429 δὲ
3358 4378 3450 4430 καὶ
3499 4379 3786 4448 προσφυῶ

747 4455 826 4507 Iut
883 4454 1254 4524 longissimam
1291 4455 1580 4525 quamdam
1607 4468 1875 4514 annonum
1912 4452 2310 4508 multitudinem
2345 4489 2348 4498 .

2156 4452 2310 4508 Πυθίη
2345 4443 2390 4498 D
2416 4443 2712 4534 δενώματα
2739 4465 2990 4538 ὀνομάζει
3033 4466 3099 4521 τὰ
3133 4443 3587 4540 πλημμελήματα
3613 4486 3628 4500 ·
3667 4443 3757 4522 δτι

747 4543 982 4612 aspicit:
1025 4544 1157 4598 dicit
1205 4545 1399 4600 enim:
1439 4564 1457 4596 ι
1497 4546 1627 4612 Quae
1657 4561 1754 4616 pro
1801 4544 1968 4599 nihilo
2015 4545 2311 4607 habentur,

746 4647 937 4688 eorum
970 4636 1095 4688 anni
1137 4643 1317 4690 erunt.
1355 4655 1374 4689 ι
1429 4635 1664 4692 Pulchre
1718 4646 1900 4692 autem
1931 4645 1984 4692 et
2026 4637 2314 4708 ingeniose

747 4725 980 4794 appellat
1003 4727 1256 4794 peccata‘,
1297 4745 1315 4779 ι
1346 4727 1514 4794 nihil;
1546 4747 1564 4779 ι
1612 4744 1738 4783 nam
1759 4729 1851 4798 qui
1894 4737 2118 4798 peccat,
2177 4729 2318 4784 solet

745 4815 1146 4886 quodammodo
1197 4832 1297 4886 pro
1366 4818 1537 4873 nihilo
1589 4827 1872 4889 peccatum
1935 4822 2134 4877 ducere
2192 4840 2204 4875 :
2263 4827 2316 4875 et

745 4923 846 4978 pro
884 4907 1078 4978 quovis
1123 4908 1328 4964 scelere
1372 4919 1682 4979 perpetrato
1732 4911 2108 4968 defensionem
2155 4913 2312 4968 iusti-

742 5009 920 5065 tuete,
955 5007 1014 5053 ut
1036 5000 1212 5056 cuivis
1245 5001 1298 5055 in
1322 5016 1652 5072 quocunque
1671 5005 1808 5059 male
1824 5005 2122 5060 commisso
2139 5021 2316 5075 prom-

743 5105 894 5166 ptum
925 5094 1199 5150 sitdiccre
1250 5107 1264 5143 :
1303 5088 1451 5145 Nihil
1511 5101 1596 5146 est
1651 5091 1916 5161 cupiditas
1942 5131 1959 5159 ,
1998 5093 2132 5148 nihil
2191 5095 2269 5149 ira
2300 5110 2346 5160 ,'

742 5193 796 5237 et
831 5183 936 5238 alia
973 5182 1135 5253 hujus
1206 5185 1424 5257 generis
1476 5185 1614 5241 nihil
1677 5196 1842 5252 sunt,
1920 5199 2044 5239 cum
2078 5185 2185 5240 sint
2221 5201 2313 5239 na-

744 5283 879 5328 turae
907 5276 1151 5345 quaedam
1180 5277 1485 5344 motiones;
1524 5283 1715 5331 natura
1742 5291 1870 5332 vero
1907 5292 2046 5347 opus
2090 5275 2204 5332 Dei.

817 5413 996 5469 ’Psal.
1032 5431 1251 5480 Lxxxtx,
1289 5417 1310 5468 1
1346 5433 1465 5486 sqq.

815 5554 908 5621 (76
957 5554 1139 5607 Τὸὲνε
1181 5553 1290 5616 θέν,
1327 5556 1412 5610 ed.

815 5555 931 5692 mi
974 5625 1067 5677 Ἑλ
1093 5573 1216 5680 mill.
1243 5627 1329 5680 cd.

815 5625 929 5696 (77)
974 5625 1067 5696 [Ελ
1093 5625 1216 5696 add.
1243 5627 1329 5680 cd.

816 5694 929 5764 (78)
956 5695 1046 5748 Ἐν
1075 5695 1255 5759 αὐτοῖς
1285 5695 1454 5766 μένει,
1485 5699 1572 5777 ed.
1617 5770 1622 5774 ε

2419 4573 2535 4619 πως
2564 4559 2592 4610 ὁ
2638 4557 2700 4610 τὸ
2743 4559 2910 4612 κακὸν
2956 4560 3191 4631 ἐνεργῶν
3218 4561 3330 4615 ἀντ’
3374 4562 3593 4625 οὐδενὸς·
3649 4565 3788 4631 ἡγεῖ

2419 4645 2920 4719 πλημμελούμενον,
2950 4650 3040 4704 καί
3061 4669 3209 4714 τινας
3238 4652 3464 4706 ἑκάστου
3486 4651 3602 4705 τῶν
3638 4652 3788 4705 κατὰ

2418 4738 2715 4808 γινομένων
2741 4741 3124 4813 παρευρίσκειν
3166 4743 3457 4812 ἀπολογίας
3482 4785 3495 4808 ,
3537 4743 3695 4796 ὥστε
3729 4762 3788 4816 πε

2417 4825 2555 4883 εἶναι
2598 4829 2657 4883 τὸ
2684 4831 2769 4900 ἐφ’
2809 4833 3020 4902 ἑκάστῳ
3049 4833 3226 4900 λέγειν
3251 4873 3263 4896 ,
3298 4833 3465 4888 Οὐδὲν
3495 4837 3528 4906 ἡ
3567 4833 3788 4903 ὲπιθυμ

2418 4921 2566 4975 οὐδὲν
2619 4923 2652 4990 ὴ
2711 4921 2880 4993 ὀργὴ,
2936 4925 3030 4978 καὶ
3086 4924 3233 4977 οὐδὲν
3285 4925 3512 4980 ἕκαστον
3575 4925 3702 4979 τῶν
3768 4943 3788 4978 1

2417 5011 2550 5064 ἐστί.
2590 5011 2806 5075 Φύσεως
2837 5011 2942 5084 γὰρ
2983 5013 3151 5067 ταῦτα
3201 5019 3506 5087 κινήματα·
3555 5020 3592 5087 ἡ
3632 5017 3696 5071 δὲ
3735 5035 3788 5086 φτ

2416 5118 2510 5168 γον
2536 5101 2688 5157 Θεοῦ.

2631 5559 2943 5636 γᾘμετέρας
2973 5566 3098 5620 add.
3135 5569 3219 5624 ed.

2487 5636 2504 5704 (
2513 5632 2600 5704 80)
2628 5632 2972 5704 Μέρουςόιη.
3006 5637 3092 5693 ed.

2489 5702 2599 5773 (81)
2625 5702 3062 5776 Ἑξευτελίζεται,
3095 5709 3184 5768 οιιο
