4054 6436
540 355 642 407 ιω
1845 355 1902 410 S.
1944 353 2141 410 GREGi

2210 355 2271 411 ιιι
2310 355 2600 412 NYSSENI
3689 364 3811 418 36.!

539 469 869 538 cogitatione
906 469 1296 538 apprehendat,
1354 470 1541 539 cll‘ugit
1600 478 1910 525 contactum
1968 488 2140 534 vana.

2214 473 2386 542 οἴησις
2423 475 2538 526 ἐστι
2565 513 2578 534 ,
2611 471 2704 525 καὶ
2737 472 2833 540 οὐχ
2884 472 3212 535 ύπόστασις“
3251 475 3422 542 οἴησις
3454 477 3486 544 ὴ
3521 475 3658 548 τιμὴ
3685 517 3705 540 ,
3743 480 3815 530 τὸ

539 559 824 621 sedulitas,
860 559 1025 628 inque
1073 559 1303 612 nihilum
1341 561 1552 614 recidit.
1585 560 1777 615 Omnia
1814 561 1956 615 enim
1988 561 2110 630 qui-

2214 565 2446 634 ἀξίωμα,
2469 565 2529 616 τὸ
2549 565 2702 632 γένος
2727 603 2739 626 ,
2761 566 2790 616 ό
2811 564 2975 632 τύφος
2994 602 3010 627 ,
3039 565 3069 616 ὸ
3096 564 3255 632 ὄγκος
3279 603 3295 627 ,
3322 566 3350 616 ό
3372 565 3598 629 πλοῦτος
3619 608 3635 631 ,
3662 568 3810 621 πάν-

538 652 638 704 hus
674 650 727 704 in
757 651 857 704 hac
889 651 996 703 vita
1030 652 1340 704 mortalium
1372 665 1517 704 cura:
1538 651 1888 716 distinentur,
1926 652 2107 706 inanis

2211 673 2278 710 τα
2303 657 2367 709 τὰ
2395 655 2635 720 τοιαῦτα,
2667 651 2746 718 οἷς
2772 654 3139 726 ἐμμελετῶσιν
3171 657 3224 709 αἱ
3261 655 3353 708 τοῦ
3381 655 3493 725 βίου
3526 657 3808 728 ἀράχναι·

537 743 783 811 qumdam
824 741 1009 812 Opinio
1035 749 1184 808 sunt,
1221 742 1466 812 nihilque
1516 743 1862 808 subsistens;
1921 743 2109 812 opinio

2210 743 2270 802 οὗ
2299 749 2457 819 χάριν
2485 747 2550 800 τὰ
2579 747 2819 809 τοιαῦτα,
2847 747 2984 800 Θεοῦ
3013 747 3180 800 δεῖται
3211 747 3321 817 (94)
3348 746 3767 820 θεραπεύοντος
3791 764 3811 781 ⁸

538 842 621 889 est
662 834 858 896 honor,
909 833 1168 902 dignitas,
1229 835 1444 902 generis
1479 834 1772 897 claritudo,
1825 835 2107 904 superbia,

2214 839 2409 909 ταύτην
2441 839 2548 908 γὰρ
2577 837 2815 909 ἡγοῦμαι
2853 837 2945 890 τοῦ
2982 838 3144 910 ῥητοῦ
3183 839 3281 908 τὴν
3308 839 3546 894 διάνοιαν
3574 839 3674 894 τοῦ
3707 841 3815 894 λέ-

537 926 719 990 elatio,
755 926 974 991 divitiae,
1007 935 1057 978 et
1101 925 1188 980 bis
1229 925 1448 990 similia,
1503 927 1703 996 quibus
1758 927 1881 980 vitae
1941 927 2107 996 hujus

2212 945 2421 998 γοντος·
2442 947 2461 979 r
2487 929 2607 982 Ὅτι
2636 931 2689 984 αἱ
2721 929 2922 999 ἡμέραι
2978 927 3090 986 τῶν
3136 929 3272 982 ἐτῶν
3299 929 3456 998 ἡμῶν
3498 931 3555 982 ἐν
3605 931 3813 994 αὐτοῖς

536 1017 719 1071 aranei
761 1017 1014 1071 inhiant:
1053 1017 1254 1072 idcirco
1288 1019 1416 1072 talia
1480 1017 1570 1072 Dei
1627 1019 1836 1073 medela
1903 1027 2102 1088 egent;

2211 1019 2575 1091 ἐϐδομήκοντα
2609 1020 2724 1089 ἐτη.
2769 1019 2892 1072 Ἐὰν
2920 1019 2974 1071 δὲ
3004 1021 3060 1071 ἐν
3082 1020 3424 1083 δυναστείαις
3456 1020 3808 1090 ὁγδοήκοντα

539 1109 677 1162 hanc
724 1108 868 1162 enim
929 1108 1124 1176 subjici
1161 1109 1325 1162 credo
1377 1111 1699 1162 sententiam
1761 1110 1836 1163 illi
1886 1110 2103 1165 verbo:

2210 1111 2301 1180 ἐτη
2324 1151 2337 1171 ,
2369 1111 2460 1164 καὶ
2519 1110 2579 1163 τὸ
2637 1110 2818 1164 πλεῖον
2867 1109 3045 1162 αύτῶν
3094 1111 3261 1173 κόπος
3289 1111 3383 1163 καὶ
3413 1112 3591 1174 πόνος.
3616 1133 3634 1163 ι
3674 1113 3810 1182 Ούχ

541 1217 559 1248 ι
603 1199 867 1265 Quoniam
893 1199 1010 1253 dies
1045 1213 1313 1251 annorum
1371 1208 1684 1253 nostrorum
1737 1201 1788 1252 in
1851 1198 1986 1268 ipsis
2021 1215 2107 1252 se-

2207 1205 2288 1256 ὃτι
2323 1203 2398 1272 τῷ
2425 1203 2565 1274 ὑπὲρ
2589 1202 2648 1256 τὸ
2693 1202 2889 1272 μέτρον
2913 1202 3068 1255 τοῦτο
3109 1200 3270 1264 ζῶντι
3298 1203 3325 1254 ό
3355 1201 3468 1271 βίος
3500 1204 3801 1268 ἐπίπονος,

535 1297 812 1366 ptuaginta
842 1296 967 1349 anni
999 1314 1011 1349 :
1045 1295 1089 1351 si
1121 1302 1299 1348 autem
1331 1295 1384 1348 in
1419 1294 1785 1363 potentatibus
1819 1295 2096 1364 octoginta

2208 1293 2320 1345 ἀλλ’
2349 1294 2430 1345 ὃτι
2457 1294 2555 1361 τῆς
2583 1293 2725 1345 οὕτω
2765 1292 3020 1364 βραχείας
3054 1291 3199 1360 ζωῆς
3233 1293 3289 1343 ὲν
3323 1292 3477 1361 κόπῳ
3515 1293 3575 1346 τὸ
3620 1293 3804 1347 πλέον

536 1389 684 1450 anni,
714 1398 769 1442 et
829 1387 1062 1457 amplius
1098 1401 1322 1452 eorum,
1381 1386 1534 1439 labor
1595 1393 1646 1440 et
1680 1384 1873 1451 dolor;
1910 1402 1928 1436 ι
1999 1400 2103 1438 non

2207 1386 2322 1437 ἐστὶ
2354 1385 2446 1438 καὶ
2471 1385 2634 1454 πόνῳ.
2655 1385 2822 1447 Πόνος
2839 1423 2854 1446 ,
2882 1386 2914 1454 ἡ
2945 1383 3206 1454 νηπιότης
3225 1400 3238 1412 ·
3273 1382 3438 1444 κόπος
3456 1424 3470 1446 ,
3501 1385 3533 1454 ή
3555 1384 3758 1451 νεότης
3783 1401 3800 1415 ·

535 1480 660 1548 quia
690 1495 851 1549 supra
885 1481 1204 1549 praedictum
1257 1479 1549 1535 terminum
1605 1478 1808 1531 viventi
1864 1477 1974 1530 vita
2035 1475 2106 1530 sit

2206 1475 2234 1527 ὁ
2271 1477 2327 1527 ἐν
2353 1474 2429 1545 τῷ
2453 1475 2601 1545 μέσῳ
2622 1475 2764 1544 βίος,
2799 1474 2959 1527 πλέον
2993 1477 3102 1537 τοῖς
3137 1475 3316 1537 πόνοις
3351 1475 3799 1544 ἐνδαψιλεύεται.

537 1570 851 1636 laboriosa;
885 1571 977 1625 sed
1034 1570 1162 1639 quia
1219 1570 1357 1623 adeo
1419 1568 1600 1622 brevis
1665 1568 1788 1620 vita:
1818 1566 2105 1636 potissima

2207 1567 2279 1619 Τὸ
2315 1567 2372 1619 δὲ
2413 1569 2620 1637 γῆρας,
2651 1567 3010 1637 διαφερόντως
3037 1567 3173 1638 αύτῇ
3213 1571 3278 1638 τῇ
3330 1567 3490 1638 πολιᾷ
3518 1569 3610 1620 καὶ
3660 1572 3803 1632 ταῖς

537 1677 663 1729 pars
692 1663 745 1715 in
779 1661 962 1714 labore
989 1667 1041 1714 et
1070 1659 1258 1713 dolore
1280 1656 1645 1710 consumitur.
1688 1653 1864 1708 Labor
1905 1662 1990 1708 est
2025 1653 2107 1707 in-

2209 1656 2402 1725 ῥυτίσι,
2427 1656 2516 1709 τὸν
2551 1656 2887 1726 πλεονασμὸν
2913 1656 3003 1709 τοῦ
3034 1657 3201 1710 κόπου
3237 1659 3609 1729 μαρτύρεται.
3670 1659 3802 1714 Πά-

537 1753 743 1817 fantia;
782 1753 847 1805 lal
869 1766 955 1816 or,
989 1751 1287 1820 juventus;
1341 1757 1494 1814 aetas,
1531 1764 1652 1818 quae
1682 1748 1822 1803 inter
1846 1747 1961 1800 haec
1993 1761 2105 1800 me-

2207 1743 2287 1798 λιν
2316 1745 2496 1817 ἓτερον
2525 1747 2729 1799 ἐπινοεῖ
2752 1746 2970 1818 τρόπον,
3049 1748 3197 1808 ὅπως
3233 1748 3298 1801 ἂν
3331 1752 3442 1811 τοῖς
3471 1747 3801 1820 ἀνθρώποις

534 1841 645 1905 dia,
679 1843 848 1910 magis
875 1841 1052 1894 adhuc
1096 1839 1372 1894 laboribus
1405 1837 1790 1901 conﬂictatur;
1849 1843 2104 1890 senectus

2209 1836 2452 1908 ίλεωθείη
2483 1835 2542 1890 τὸ
2571 1835 2744 1891 Θεῖον.
2779 1839 3010 1909 Τοιαύτη
3052 1839 3108 1892 δὲ
3160 1839 3266 1892 τῶν
3294 1839 3597 1909 λεγομένων
3630 1841 3797 1894 ἐστὶν

535 1933 651 2002 ipsa
682 1932 884 1986 canitie
915 1939 968 1985 et
991 1931 1140 2000 rugis
1170 1930 1379 1998 copiam
1407 1935 1459 1982 et
1487 1926 1872 1982 abundantiam
1897 1925 2101 1979 laboris

2200 1928 2232 1997 ἡ
2265 1925 2502 1979 διάνοιαι
2535 1928 2593 1980 '0
2630 1927 2728 1998 μὲν
2765 1928 2871 1981 τῶν
2900 1928 3183 1999 ἁμαρτιῶν
3221 1932 3253 1997 ἡ
3265 1930 3379 1998 μῶν
3411 1931 3572 1996 ὄγκος
3603 1931 3795 1999 μεγά-

536 2025 752 2094 egregie
802 2032 1054 2079 testatur.
1090 2023 1288 2077 lterum
1327 2020 1492 2074 alium
1553 2019 1823 2090 excogitat
1859 2017 2099 2082 modum,

2199 2012 2295 2084 λην
2323 2016 2608 2083 ἐφέλκεται
2634 2017 2732 2088 τὴν
2753 2018 3018 2089 τιμωρίαν
3036 2035 3049 2048 ·
3074 2018 3320 2089 ούτιδανὴ
3352 2018 3407 2071 δὲ
3423 2019 3532 2088 -τῆς
3563 2019 3793 2088 φύσεως

533 2128 642 2182 quo
666 2114 981 2167 hominibus
1007 2113 1252 2166 divinum
1270 2110 1480 2166 Numen
1505 2108 1780 2180 propitiet,
1797 2109 1896 2162 hoc
1918 2106 2105 2162 verbo-

2199 2109 2232 2178 ἡ
2259 2109 2554 2172 ὑπόστασις
2572 2152 2585 2174 ,
2615 2108 2689 2172 ὡς
2718 2109 2790 2179 μὴ
2812 2110 3056 2181 χωρῆσαι
3089 2108 3185 2180 τὴν
3220 2113 3338 2164 κατ’
3366 2109 3520 2174 ἀξίαν
3547 2110 3639 2163 ἐπὶ
3667 2114 3793 2174 τοῖς

533 2218 651 2256 rum
685 2219 848 2258 sensu
887 2222 899 2257 :
931 2199 1282 2257 Peccatorum
1315 2209 1630 2256 nostrorum
1655 2200 1826 2254 moles
1849 2214 2099 2268 magnam

2202 2197 2670 2272 πλημμεληθεῖσιν
2707 2201 2898 2271 ὀργήν.
2931 2201 3090 2254 Ἀλλὰ
3139 2201 3239 2254 κᾶν
3288 2203 3457 2274 πρᾷον
3550 2201 3611 2255 τὸ
3640 2203 3795 2254 ἐπα-

496 2296 501 2302 ’
532 2295 690 2349 nobis
731 2293 987 2348 conciliat
1019 2307 1258 2364 pmnam,
1292 2300 1344 2347 et
1381 2293 1613 2347 facultas
1643 2299 1850 2346 natum
1901 2301 2097 2346 nostra:

2207 2289 2434 2358 γόμενον
2499 2292 2577 2352 είς
2625 2290 2890 2360 τιμωρίαν
2942 2292 3109 2361 ἡμῖν,
3178 2291 3358 2344 ἱκανὸν
3423 2291 3576 2345 ἔσται
3642 2291 3793 2362 πρὸς

530 2391 642 2438 tam
685 2385 897 2439 inﬁrma
931 2391 1037 2448 est,
1097 2393 1154 2439 ut
1210 2385 1433 2439 minime
1474 2399 1668 2455 capere
1729 2384 1902 2454 possit
1935 2383 2097 2446 iram,

2207 2380 2452 2434 παιδείαν
2472 2384 2582 2444 τοῖς
2613 2383 2972 2452 ὑπομένουσιν
2989 2377 3095 2434 "ei
3128 2379 3220 2436 οὖν
3259 2383 3316 2436 τὸ
3348 2386 3518 2455 πρᾷον
3545 2384 3648 2453 τῆς
3684 2386 3792 2437 ἀν·

530 2491 652 2545 quae
686 2492 784 2546 pro
814 2477 1008 2531 merito
1036 2486 1384 2546 peccatorum
1439 2477 1712 2542 inl'ertur;
1771 2490 1941 2544 quare
1973 2474 2101 2528 licet

2205 2471 2456 2535 τιδὸσεως
2490 2471 2625 2544 πρὸς
2659 2473 2934 2527 παίδευσίν
2963 2491 3021 2526 τε
3049 2475 3139 2527 καὶ
3169 2475 3433 2546 τιμωρίαν
3462 2475 3789 2546 ἐξήρκεσεν,

531 2566 660 2620 mite
691 2573 744 2619 et
778 2565 1115 2620 moderatum
1142 2568 1233 2633 sit,
1253 2565 1306 2620 id
1335 2566 1477 2636 quod
1505 2566 1756 2637 supplicii
1794 2567 1915 2621 loco
1938 2564 2096 2619 nobis

2205 2562 2290 2624 τίς
2316 2561 2378 2615 τὸ
2405 2563 2602 2632 κράτος
2629 2564 2727 2632 τῆς
2755 2565 2920 2635 ὀργῆς
2954 2565 3340 2633 ὑποστήσεται;
3377 2566 3409 2636 ἢ
3433 2566 3516 2629 τίς
3548 2565 3792 2638 ἀριθμὸς

531 2656 825 2721 incutitur;
854 2657 989 2711 satis
1025 2665 1204 2712 tamen
1237 2665 1320 2712 est
1357 2657 1421 2711 ad
1471 2657 1872 2725 correptionem
1927 2662 1983 2708 et
2013 2653 2100 2707 in-'

1927 2662 1983 2708 et
2013 2653 2100 2707 in-'
2205 2647 2298 2706 τοῦ
2331 2652 2502 2724 θυμοῦ
2532 2652 2622 2716 τῂν
2655 2653 2816 2724 φόὸον
2843 2654 3175 2725 ἐκμετρῆσαι
3199 2655 3509 2726 δυνήσεται;

531 2747 866 2803 stitutionem
903 2749 970 2805 iis
996 2751 1089 2820 qui
1136 2750 1185 2804 id
1221 2751 1486 2821 patienter
1538 2751 1792 2805 tolerant.
1860 2747 1916 2802 Si
1976 2747 2142 2818 igitur
2195 2755 2479 2801 mansueta
2538 2747 2826 2802 retributio
2885 2747 3082 2801 suiﬁcit
3142 2747 3207 2800 ad
3277 2749 3678 2818 correptionem
3725 2756 3792 2802 et

530 2837 833 2904 mulctam;
879 2840 1002 2908 quis
1062 2841 1356 2910 potentiam
1417 2841 1512 2896 ira!
1572 2839 1841 2896 sull'eret?
1873 2837 1956 2893 vel
2005 2837 2130 2906 quis
2167 2850 2433 2891 numerus
2485 2836 2734 2889 timorem
2781 2834 2982 2891 furoris
3025 2836 3231 2891 emetiri
3287 2838 3526 2907 poterit?

600 2928 740 2999 Ergo
778 2929 822 2984 si
851 2930 1186 2985 intoleranda
1219 2941 1304 2988 est
1332 2933 1424 2987 irae
1453 2933 1788 3003 magnitudo,
1821 2930 2100 2987 toleranda

2278 2927 2340 2979 Εί
2365 2923 2458 2980 οὖν
2489 2927 2856 2990 ἀνυπόστατος
2889 2927 2986 2998 μὲν
3012 2929 3044 2995 ὴ
3072 2927 3230 2999 ὀργὴ,
3254 2926 3472 2998 χωρητὴ
3493 2927 3598 2998 δὲὴ
3633 2928 3789 2982 κατὰ

529 3030 709 3078 autem
742 3024 882 3078 actio
909 3039 1032 3078 cum
1069 3024 1402 3079 humanitate
1440 3031 1493 3080 et
1527 3025 1944 3080 mansuetudine
1973 3040 2099 3079 sus-

2208 3014 2616 3085 φιλανθρωπίαν
2647 3015 2924 3086 ἐνέργεια,
2962 3033 2980 3066 ι
3032 3015 3203 3080 οὕτως
3233 3016 3495 3087 γνώρισον
3520 3019 3652 3087 ἡμῖν
3679 3017 3787 3090 τὴν

529 3123 681 3185 cepta
710 3158 724 3183 ,
773 3135 790 3167 ‹
823 3117 902 3171 sic
933 3124 1116 3170 notam
1150 3118 1232 3170 fac
1262 3116 1420 3169 nobis
1456 3117 1732 3170 dexteram
1771 3122 1941 3177 tuam,
1979 3134 1996 3165 ι
2041 3117 2130 3169 ut|

2204 3099 2384 3164 δεξιάν
2435 3118 2564 3166 σου,
2598 3120 2617 3153 ι
2655 3102 2730 3165 ὡς
2770 3104 3012 3174 χωρῆσαι
3049 3103 3342 3174 δυνάμεθα,
3378 3108 3435 3158 ὲν
3467 3106 3648 3177 σοφίᾳ,
3677 3107 3787 3160 οὐκ

529 3206 648 3276 ejus
683 3221 910 3276 capaces
953 3206 1163 3272 simus;
1206 3207 1261 3258 in
1296 3206 1581 3274 sapientia,
1614 3221 1722 3259 non
1764 3206 1817 3259 in
1838 3204 2098 3271 vindicta,

2205 3189 2264 3244 ἐν
2307 3190 2548 3262 τιμωρία
2577 3191 2720 3262 (95),
2769 3192 2918 3262 παρὰ
2971 3191 3064 3245 σοῦ
3110 3194 3208 3262 τῆς
3262 3193 3593 3258 παιδεύσεως
3644 3196 3786 3264 ἡμῖν

529 3299 873 3367 correptione
906 3308 1093 3352 nostra
1118 3305 1222 3351 ate
1249 3297 1408 3351 nobis
1443 3297 1813 3366 proveniente.
1845 3297 2103 3374 Exposita

2201 3281 2620 3352 ἐνεργουμένης.
2665 3281 3094 3352 Προεκτεθείσης
3132 3283 3310 3336 τοίνυν
3341 3287 3474 3353 ἡμῖν
3511 3285 3608 3354 τῆς
3661 3285 3785 3337 δια-

529 3389 693 3457 igitur
715 3389 858 3441 hunc
889 3389 941 3441 in
979 3389 1197 3443 modum
1223 3389 1514 3453 sententia,
1539 3405 1880 3460 consequens
1917 3371 2098 3454 fuerit,

2201 3371 2381 3435 νοίας,
2417 3371 2706 3425 ἀκόλουθον
2754 3373 2820 3426 ἂν
2870 3376 2994 3443 εἴη,
3044 3375 3138 3426 καὶ
3176 3374 3315 3426 αὐτὰ
3364 3376 3662 3442 ἐπαγαγεῖν
3709 3373 3784 3427 τὰ

529 3479 648 3550 ipsa
681 3480 946 3534 divinitus
990 3481 1250 3550 inspirata
1282 3483 1445 3537 verba
1502 3483 1750 3549 reddere,
1775 3499 1895 3552 quae
1928 3484 2007 3538 sic
2042 3498 2102 3538 se

2201 3462 2529 3518 θεόπνευστα
2594 3466 2846 3536 ῥήματα,
2907 3465 3094 3518 τοῦτον
3158 3465 3348 3534 ἔχοντα
3404 3465 3494 3518 τὸν
3550 3464 3777 3536 τρόπον·

528 3568 769 3622 habent:
809 3587 825 3619 ι
873 3567 1141 3634 Quoniam
1175 3568 1321 3623 vertit
1380 3570 1738 3624 mansuetudo
1777 3585 1938 3639 super
1977 3583 2097 3634 nos,

2205 3571 2226 3607 τ
2271 3555 2390 3608 ’Ὁτι
2420 3553 2620 3622 ἐπῆλθε
2669 3554 2911 3624 πραότης
2957 3554 3042 3623 ἐφ’
3077 3556 3254 3625 ἡμᾶς,
3284 3556 3375 3608 καὶ
3415 3555 3781 3624 παιδευθησό-

529 3667 582 3712 ct
613 3659 994 3728 corripiemur.
1037 3659 1171 3724 Quis
1214 3661 1362 3714 novit
1396 3657 1715 3729 potestatem
1753 3661 1845 3714 irae
1885 3668 2009 3722 tuae,
2045 3668 2100 3712 et

2200 3639 2364 3713 μεθα.
2405 3642 2502 3705 Τίς
2531 3641 2788 3710 γινώσκει
2833 3643 2894 3695 τὸ
2940 3642 3140 3712 κράτος
3183 3644 3283 3713 τῆς
3313 3644 3482 3715 ὀργῆς
3515 3661 3607 3696 σου
3629 3683 3644 3709 ,
3679 3644 3782 3698 καὶ

528 3765 639 3819 prce
678 3751 871 3804 timore
895 3761 986 3805 tuo
1034 3751 1169 3804 iram
1211 3757 1358 3804 tuam
1387 3751 1778 3805 dinumerare?
1811 3751 2096 3805 Dexteram

2197 3731 2306 3785 ἀπὸ
2347 3731 2440 3785 τοῦ
2477 3733 2640 3800 φόϐου
2679 3749 2769 3785 σου
2802 3733 2890 3786 τὸν
2921 3732 3089 3804 θυμόν
3121 3750 3213 3786 σου
3263 3734 3778 3807 ὲξαριθμήσασθαι;

528 3849 676 3894 tuam
707 3841 786 3897 sic
808 3852 987 3897 notam
1015 3841 1119 3906 fac,
1139 3853 1190 3898 et
1211 3843 1456 3899 eruditos
1488 3844 1652 3898 corde
1681 3843 1733 3897 in
1761 3845 2050 3913 sapientia.
2073 3864 2092 3897 ι

2197 3825 2296 3896 τὴν
2329 3824 2506 3892 δεξιάν
2557 3842 2649 3899 σου
2703 3824 2875 3888 οὕτως
2916 3824 3182 3896 γνὼρισόν
3231 3845 3318 3897 μοι
3369 3829 3460 3880 καὶ
3503 3829 3629 3891 τοὺς
3671 3846 3779 3881 πε-

526 3927 820 3984 Pulchrnm
847 3947 975 3987 vero
1000 3940 1083 3987 est
1114 3931 1164 3986 id
1188 3933 1330 4003 quod
1356 3933 1546 3987 ordine
1571 3933 1946 4003 subjungitur,
1971 3947 2098 3988 cum

2199 3919 2387 3972 παιδευ
2398 3919 2590 3988 μένους
2614 3918 2711 3988 τὴν
2735 3917 2958 3986 καρδίαν
2990 3918 3047 3968 ἐν
3078 3915 3236 3987 σοφίᾳ
3261 3916 3580 3988 ἐπίστρεψον
3601 3917 3735 3988 (θῦν
3754 3939 3771 3970 ι

528 4021 604 4074 ait
638 4035 736 4076 nos
786 4023 857 4076 ob
893 4029 1101 4076 naturae
1153 4023 1578 4078 imbecillitatem
1611 4041 1719 4078 non
1754 4040 1948 4093 capere
2007 4025 2099 4080 iraa

2199 4008 2336 4079 καλὴ
2365 4009 2419 4062 δὲ
2449 4011 2482 4079 ἡ
2512 4009 2655 4073 λέξις
2693 4011 2725 4080 ἡ
2759 4011 2896 4063 κατὰ
2929 4010 2989 4063 τὸ
3017 4010 3304 4063 ἀκόλουθον
3333 4009 3628 4078 ἐπαχθείσα
3655 4013 3777 4072 τοῖς

528 4111 980 4183 magnitudinem,
1005 4129 1167 4184 quam
1192 4123 1382 4170 contra
1407 4131 1506 4170 nos
1529 4117 1766 4170 concitat
1793 4125 2095 4184 peccatum,

2196 4099 2525 4170 εἰρημένοις.
2563 4100 2726 4167 Λέγει
2748 4101 2856 4172 γὰρ
2880 4103 2959 4153 ὅτι
2992 4101 3050 4153 οὐ
3082 4099 3366 4171 χωρούμεν
3398 4100 3461 4152 δι’
3489 4099 3777 4154 ἀσθένειαν

526 4221 651 4262 cum
688 4213 868 4261 tamen
926 4207 1264 4277 indigeamus
1298 4209 1660 4279 correptione,
1696 4207 1790 4264 sed
1836 4209 2096 4279 corripiat

2197 4189 2444 4259 φύσεως,
2488 4189 2548 4242 τὸ
2592 4191 2689 4260 τῆς
2731 4190 2898 4262 ὀργῆς
2940 4191 3195 4261 μέγεθος,
3228 4190 3256 4242 ὃ
3285 4192 3426 4243 κινεῖ
3455 4189 3574 4242 καθ’
3609 4190 3774 4259 ἡμῶν

525 4308 578 4353 et
608 4297 820 4354 erudiat
850 4314 951 4354 nos
985 4299 1158 4370 magis
1193 4300 1366 4365 salus,
1411 4317 1574 4372 quam
1635 4302 1959 4357 revertendo
2005 4317 2099 4356 ac-

2196 4280 2231 4351 ή
2259 4280 2531 4351 ἁμαρτία,
2582 4281 2856 4352 χρήζομεν
2890 4283 2945 4335 δὲ
2979 4281 3070 4335 τοῦ
3110 4281 3483 4352 παιδευθῆναι.
3533 4281 3771 4334 Παιδευ-

524 4390 817 4458 quirimus,
851 4406 1014 4461 quam
1047 4369 1373 4462 supplicium
1402 4369 1640 4463 peccatis
1670 4391 1955 4448 inﬂictum.
1990 4392 2096 4463 lgi-

2199 4369 2345 4425 σάτω
2375 4371 2484 4438 (97)
2537 4373 2685 4442 ἡμᾶς
2729 4375 2761 4444 ὴ
2804 4372 2870 4425 δι’
2900 4373 3232 4445 ἐπιστροφῆς
3262 4373 3502 4444 σωτηρία
3535 4371 3769 4444 μᾶλλον,

713 4443 720 4444 κ
773 4443 816 4455 η
859 4443 908 4461 ,κ
1048 4443 1372 4462 -.κηη---π
1402 4443 1638 4463 τηρ-η
1991 4443 2064 4463 -υ-

527 4489 616 4535 tur
645 4492 906 4537 converte
937 4498 1058 4546 nos,
1093 4482 1340 4548 Domine,
1373 4484 1520 4539 nulla
1551 4485 1816 4541 dilatione
1867 4484 1933 4538 ad
1966 4499 2094 4553 gra-

2168 4456 2172 4488 '
2196 4461 2340 4532 ήπερ
2366 4463 2398 4532 ή
2424 4461 2515 4514 ἐπὶ
2544 4464 2654 4526 τοῖς
2681 4443 3070 4534 ἁμαρτήμασιν
3097 4465 3256 4535 ἡμῶν
3275 4443 3530 4536 τιμωρία.
3558 4464 3769 4519 Οὐκοῦν

524 4571 655 4625 tiam
690 4573 1030 4641 interposita.
1063 4572 1198 4627 Illud
1243 4589 1373 4630 vero
1420 4593 1438 4626 ι
1477 4590 1783 4645 usquequo,
1829 4593 1846 4626 ι
1886 4551 2093 4644 signiti-

2193 4551 2519 4623 ἐπίστρεψον
2553 4554 2700 4625 ἡμᾶς
2754 4554 3089 4626 (98),Κύριε,
3128 4554 3291 4625 μηδὲν
3325 4555 3458 4625 πρὸς
3481 4554 3577 4625 τὴν
3607 4555 3768 4624 χάριν

524 4665 612 4713 cat
647 4661 1095 4715 accelera-tionem
1151 4663 1377 4732 gratias:
1415 4681 1432 4714 ι
1476 4643 2094 4734 Ειιιειιτεοοὶήιίείθειο

2191 4643 2642 4714 ὰναόαλλόμενος.
2703 4645 2777 4699 Τὸ
2823 4647 2932 4719 γὰρ
2962 4666 2981 4699 ι
3018 4647 3126 4710 ἕως
3183 4645 3310 4699 πότε
3347 4664 3365 4696 ι
3421 4645 3669 4717 σημαίνει
3705 4648 3768 4700 τὸ

523 4761 690 4818 super
716 4762 903 4802 servos
931 4745 1074 4813 tuos,
1122 4766 1140 4799 ι
1179 4763 1287 4802 non
1321 4750 1464 4804 cnim
1509 4733 1723 4814 alienis,
1761 4751 1958 4821 inquit,
1996 4749 2092 4807 sed

2191 4733 2514 4789 ἐπισπεῦσαι
2543 4737 2640 4807 τὴν
2668 4737 2852 4808 χάριν.
2886 4760 2904 4792 ε
2930 4739 3042 4796 Καὶ
3073 4736 3472 4808 παρακλήθητι,
3569 4737 3762 4806 φησιν,

523 4834 760 4903 prapriis
793 4834 968 4890 servis
1007 4834 1468 4889 reconciliaberis.
1529 4836 1730 4891 Deinde
1784 4839 1941 4908 quasi
1976 4838 2090 4908 jam

2191 4825 2286 4880 ἐπὶ
2316 4827 2426 4890 τοῖς
2461 4825 2663 4890 δούλοις
2714 4845 2828 4883 σου.
2871 4846 2890 4880 ι
2938 4828 3011 4881 Οὑ
3061 4828 3169 4898 γὰρ
3199 4827 3517 4900 ἀλλοτρίοις,
3564 4827 3758 4898 φησιν,

510 4921 753 4988 gratiam
780 4921 1026 4991 adeptus,
1056 4923 1515 4992 conspicatusque
1566 4925 1694 4979 illud
1753 4926 1958 4990 lumen,
1997 4941 2092 4996 per

2173 4916 2306 4998 axx
2359 4918 2508 4981 ἰδίοις
2563 4918 2944 4991 καταλλαγήσῃ
2993 4919 3217 4984 δούλοις.
3281 4915 3414 4973 Εῖτα
3466 4918 3542 4983 ὡς
3586 4919 3764 4986 τυχὼν

523 5007 668 5076 quod
696 5008 933 5063 teuebra:
965 5008 1019 5062 in
1069 5008 1171 5062 hac
1200 5009 1308 5062 vita
1366 5011 1737 5065 oberrantium
1772 5014 2089 5068 illuminan-

2190 5009 2294 5080 ἠδη
2328 5010 2426 5080 τῆς
2462 5009 2681 5081 χάριτος
2700 5051 2713 5072 ,
2763 5012 2857 5064 καὶ
2905 5009 3028 5066 ἰδὼν
3055 5013 3230 5064 ἐκεῖνο
3275 5011 3334 5064 τὸ
3365 5009 3500 5079 φῶς,
3530 5009 3596 5064 δι’
3618 5005 3674 5064 οὗ
3701 5012 3762 5065 τὸ

519 5101 634 5161 tur,
664 5103 721 5149 et
750 5095 895 5150 unde
923 5096 1141 5152 virtutis
1170 5095 1287 5152 dies
1333 5097 1632 5153 illucescit:
1672 5118 1690 5151 σ
1731 5098 1939 5170 Repleti
1992 5117 2087 5157 su-

2193 5095 2382 5159 σκότος
2406 5095 2514 5148 τῶν
2561 5098 2618 5149 ἐν
2645 5097 2722 5166 τῷ
2756 5096 2855 5168 βίῳ
2896 5097 3268 5169 πλανωμένων
3295 5097 3759 5169 καταφωτίζεται,

519 5196 665 5248 mus,
701 5201 722 5234 ›
759 5183 958 5254 inquit,
991 5203 1010 5238 ι
1046 5199 1206 5240 mane
1235 5186 1608 5241 misericordia
1651 5196 1764 5252 tua,
1800 5197 1852 5242 et
1907 5190 2091 5244 exsul-

2191 5185 2284 5239 καὶ
2322 5186 2443 5240 ὅθεν
2492 5204 2549 5239 τε
2592 5189 2624 5258 ἡ
2663 5188 2782 5241 κατ’
2817 5189 3017 5260 ἀρετὴν
3046 5189 3231 5261 ἡμέρα
3258 5189 3504 5262 ἄρχεται,
3541 5208 3560 5241 ι
3610 5190 3757 5244 Ἐνε-

517 5271 778 5338 tavimus,
807 5279 862 5327 et
886 5271 1136 5328 delectati
1178 5289 1406 5330 sumus:
1449 5293 1468 5328 ι
1501 5277 1764 5332 successit
1816 5278 1960 5332 enim
1995 5286 2087 5333 tua

2191 5275 2532 5347 πλήσθημεν,
2570 5296 2590 5329 ι
2634 5277 2818 5348 φησιν,
2857 5297 2876 5330 σ
2911 5278 2974 5332 τὸ
2997 5265 3145 5350 πρωῒ
3172 5278 3268 5333 τοῦ
3305 5279 3490 5344 ἐλέους
3524 5296 3634 5343 σου,
3665 5283 3761 5335 καὶ

514 5362 688 5427 gratia
724 5360 975 5430 tempori,
1021 5375 1130 5432 quo
1163 5363 1400 5432 peccatis
1447 5363 1688 5420 immersi
1745 5365 2084 5431 tenebamur,

2188 5367 2629 5439 ἡγαλλιασάμεθα
2649 5369 2743 5423 καὶ
2770 5369 3182 5444 ηὐφράνθημεν.
3216 5390 3235 5426 ι
3291 5370 3568 5438 Διεδέξατο
3598 5370 3757 5445 γὰρὴ

586 5558 696 5626 (94)
724 5557 822 5615 Ed.
842 5560 966 5616 add.
985 5563 1100 5618 τοῦ.

587 5627 700 5715 ςῖξέ)
718 5631 800 5715 Ξῖ]
827 5631 1034 5715 ,μωρίιιο
1062 5634 1150 5690 ed-
1288 5705 1302 5715 .

2261 5575 2353 5642 (97
2401 5573 2562 5630 Forte
2594 5573 2719 5629 add.
2751 5571 2860 5633 οὖν.

1288 5705 1302 5715 _
2261 5575 2372 5715 (98;
2412 5645 2604 5715 Ὕμᾶς,
2640 5645 2726 5701 ed.

611 5633 700 5691 95)
724 5633 800 5700 Τῇ
836 5633 976 5702 μωρί
1022 5673 1034 5695 ,
1062 5634 1150 5690 ed.

607 5696 696 5766 96)
718 5649 1070 5774 Ἐπίστρειῖον
1107 5720 1216 5759 om.
1239 5705 1324 5761 ed.

1124 5637 1216 5759 im.
1239 5705 1324 5761 ed.
2261 5633 2372 5715 (98)
2412 5645 2604 5716 ’Υμᾶς,
2640 5645 2725 5701 ed.
