4054 6436
406 283 511 349 467

1694 286 1752 340 S.
1792 282 2115 340 GREGORII
2150 283 2443 340 NYSSENI

3529 279 3639 341 668.

405 396 678 466 fastigium
712 395 916 465 quinta:
947 393 1112 466 hujus
1147 393 1486 452 ascensionis
1515 399 1726 463 statuit,
1758 400 1814 453 in
1853 413 1960 468 qua

2074 403 2159 454 ἐπὶ
2191 400 2292 471 τὴν
2336 393 2639 469 ἀκρώρειαν
2678 398 2777 468 τῆς
2819 393 3070 465 πέμπτης
3118 392 3431 455 ἀναϐάσεως
3472 391 3631 461 ἄγει,

405 484 656 538 humanae
693 484 885 537 salutis
923 484 1399 551 complementum,
1453 495 1507 541 et
1572 493 1686 540 tota
1750 501 1964 542 summa

404 570 735 626 continetur.
754 571 887 626 Nam
906 572 959 626 in
984 580 1155 643 parte,
1178 589 1299 643 quae
1321 575 1460 631 hanc
1489 578 1777 643 antecedit,
1794 578 1964 633 multa

405 659 609 732 Moysis
643 676 738 717 ore
766 662 834 718 de
887 678 954 718 eo
985 663 1129 733 quod
1181 673 1271 733 est,
1294 668 1576 734 mutabile,
1612 678 1667 724 et
1717 684 1783 725 eo
1819 669 1966 740 quod

405 759 492 806 est
533 751 865 806 immutabile
890 752 1299 822 philosophatus
1344 762 1467 822 est;
1501 756 1644 825 quod
1681 757 1784 811 hoc
1823 771 1968 811 sem-

403 857 501 912 per
532 852 764 904 maneat,
801 843 851 897 id
894 844 1036 911 quod
1092 852 1219 900 est:
1256 845 1391 900 illud
1424 861 1553 901 vero
1585 862 1801 916 semper
1850 846 1964 910 fiat,

339 990 348 1010 ί
405 932 460 987 id
501 933 645 1003 quod
677 949 782 987 non
809 944 892 989 est
919 935 937 999 (
965 950 1089 988 nam
1138 938 1365 990 mutatio
1405 945 1494 993 est
1520 939 1770 993 transitio
1803 938 1868 993 ab
1899 952 1966 993 eo

407 1023 461 1077 in
496 1039 603 1095 quo
628 1026 834 1095 aliquid
868 1033 973 1087 est,
1005 1026 1062 1080 in
1096 1026 1147 1081 id
1178 1028 1231 1081 in
1262 1044 1369 1098 quo
1415 1044 1523 1083 non
1554 1040 1635 1085 est
1656 1029 1673 1098 )
1696 1046 1712 1097 ;
1733 1044 1966 1099 cumque

406 1116 740 1172 ostendisset
781 1115 1017 1171 hominis
1070 1124 1319 1172 naturam
1353 1118 1541 1174 eadem
1596 1118 1853 1175 facultate
1913 1128 1968 1173 et

405 1207 576 1261 libere
603 1208 658 1262 in
698 1216 979 1278 peccatum
1011 1224 1287 1274 corruere,
1313 1216 1367 1266 et
1395 1225 1589 1266 rursus
1612 1225 1708 1279 per
1739 1224 1969 1265 conver-

407 1296 615 1352 sionem
647 1296 713 1350 ad
749 1304 954 1351 rectum
985 1306 1038 1353 et
1071 1298 1272 1352 bonum
1304 1297 1563 1367 redire,ut
1596 1296 1685 1351 llei
1710 1294 1967 1365 splendor

406 1393 461 1440 et
492 1387 756 1455 majestas
783 1386 963 1442 denuo
997 1388 1248 1443 humanae
1278 1390 1398 1442 vitae
1447 1387 1767 1452 illucescat;
1821 1401 1967 1440 nunc

407 1488 646 1539 onmem,
677 1491 797 1544 qua!
827 1490 857 1529 a
892 1475 1003 1531 Deo
1033 1478 1190 1532 nobis
1228 1477 1397 1540 venit,
1441 1478 1670 1546 gratiam
1720 1476 1969 1530 oratione

409 1563 618 1632 pandit,
648 1565 923 1635 variisque
958 1566 1134 1620 modis
1164 1580 1282 1620 eam
1321 1565 1536 1619 illorum
1582 1564 1759 1625 oculis
1791 1564 1968 1633 subji-

407 1653 503 1715 cit,
536 1653 628 1722 qui
662 1652 755 1708 Dei
795 1654 1064 1708 mirabilia
1104 1670 1170 1709 ex
1202 1655 1313 1708 alto
1356 1654 1813 1722 contemplantur.
1847 1653 1967 1707 Non

405 1744 549 1802 enim
577 1746 715 1801 satis
754 1745 945 1800 habuit
979 1759 1092 1798 uno
1139 1744 1300 1799 modo
1337 1744 1563 1814 gratiam
1619 1742 1712 1797 Dei
1750 1742 1970 1798 manife-

407 1845 545 1891 stam
578 1837 824 1901 reddere,
862 1837 956 1892 sed
989 1834 1343 1890 multifariam
1390 1833 1661 1896 miserias,
1694 1849 1831 1903 quas
1871 1850 1969 1905 per

407 1936 688 1995 peccatum
739 1929 895 1982 nobis
949 1927 1257 1980 creavimus
1314 1935 1645 1996 exaggerat;
1698 1926 1969 1996 variisque

406 2017 591 2070 itidem
626 2017 928 2072 rationibus
952 2031 1107 2086 opem
1144 2015 1408 2080 divinam,
1459 2025 1519 2070 ut
1542 2016 1610 2069 ad
1643 2018 1844 2071 bonum
1879 2032 1967 2071 re-

405 2114 687 2159 vertamur
741 2106 988 2176 exponit,
1018 2114 1078 2158 ut
1136 2120 1236 2174 pro
1274 2105 1649 2175 magnitudine
1704 2106 1968 2159 bonorum

406 2194 587 2249 varias
626 2208 843 2264 quoque
876 2194 1174 2249 habeamus
1199 2194 1497 2264 gratiarum
1525 2193 1854 2261 agendarum
1877 2206 1967 2246 oc-

407 2284 677 2349 casiones,
699 2284 1173 2354 abundantiorque
1206 2298 1334 2353 erga
1362 2282 1531 2339 Deum
1556 2284 1649 2338 fiat
1676 2297 1774 2353 pro
1803 2283 1969 2337 tantis

409 2376 569 2428 donis
608 2376 907 2445 gratiarum
934 2376 1099 2433 actio.

481 2506 675 2560 Statim
746 2507 890 2563 enim
952 2508 1021 2562 ab
1057 2507 1281 2563 exordio
1339 2508 1603 2563 orationis
1649 2508 1721 2562 ita
1772 2515 1964 2563 canit:

424 2615 441 2646 ι
477 2595 821 2650 Confitemini
869 2595 1117 2659 Domino,
1164 2597 1419 2666 quoniam
1470 2597 1665 2659 bonus,
1712 2598 1969 2666 quoniam

413 2686 466 2739 in
532 2687 791 2742 smeulum
852 2687 1229 2741 misericordia
1287 2688 1403 2758 ejus
1436 2687 1487 2740 ⁸.
1531 2705 1549 2736 ι
1599 2687 1971 2741 Conl‘essionis

409 2780 631 2834 nomine
684 2779 982 2849 gratiarum
1050 2783 1347 2842 actionem,
1416 2793 1523 2832 non
1588 2777 1787 2831 nudam
1856 2779 1971 2832 lau-

407 2871 537 2925 dum
588 2869 893 2923 divinarum
933 2868 1428 2939 pronuntiationem
1463 2867 1805 2937 intelligens;
1847 2882 1969 2921 nam

316 2986 329 3001 κ
410 2962 480 3014 ob
516 2960 687 3014 solam
721 2960 1019 3015 bonitatem
1060 2959 1228 3015 Deum
1291 2957 1597 3029 glorificare
1631 2958 1785 3026 jubet
1822 2976 1835 3012 :
1870 2958 1971 3010 hoc

407 3053 655 3108 videlicet
695 3051 1031 3122 significans,
1095 3049 1240 3120 quod
1301 3048 1561 3119 quidquid
1608 3048 1735 3102 boni
1781 3056 1834 3101 et
1883 3062 1970 3103 sa-

2077 3055 2383 3125 ἀνθρώποις
2415 3054 2593 3123 ἀγαθὰ
2639 3055 2733 3107 καὶ
2781 3056 3054 3126 σωτήρια,
3099 3054 3281 3125 χάριτι
3324 3052 3499 3104 πάντα
3548 3052 3647 3104 καὶ
3744 3122 3751 3129 ἡ

409 3145 602 3200 lutaris
669 3159 700 3197 a
766 3144 875 3198 Deo
940 3142 1262 3196 mortalibus
1315 3140 1482 3203 venit,
1534 3138 1596 3193 id
1657 3140 1969 3194 universum

407 3236 619 3289 venerit
676 3234 848 3304 gratia
902 3241 955 3287 et
993 3231 1235 3285 bonitate
1294 3229 1459 3291 illius,
1516 3243 1639 3282 cum
1699 3228 1752 3280 in
1814 3226 1973 3281 nobis

413 3323 563 3377 nulla
621 3322 742 3392 ejus
800 3320 1101 3391 accipiendi
1155 3334 1324 3374 causa
1370 3319 1591 3373 inesset.
1652 3316 1694 3369 E
1752 3327 1971 3371 contra-

409 3415 514 3478 rio,
564 3426 689 3465 cum
744 3426 845 3465 nos
902 3410 1052 3465 omni
1112 3408 1481 3479 improbitatis
1532 3423 1732 3478 genere
1787 3406 1971 3460 obruti

412 3503 637 3567 fuimus,
671 3501 788 3571 ipse
819 3515 851 3554 a
883 3507 1075 3555 natura
1105 3514 1203 3555 sua
1228 3513 1570 3569 nequaquam
1601 3497 1851 3563 descivit,
1879 3497 1974 3552 sed

410 3593 465 3647 id
494 3591 640 3662 quod
670 3600 777 3657 est,
814 3591 958 3661 egit;
989 3607 1167 3661 neque
1197 3590 1341 3646 enim
1385 3589 1539 3647 decet
1570 3603 1694 3645 eum
1747 3588 1839 3658 qui
1873 3602 1975 3641 na-

411 3691 534 3736 tura
586 3683 764 3739 bonus
796 3691 900 3746 est,
945 3681 1092 3739 aliud
1122 3694 1284 3751 quam
1319 3679 1463 3750 quod
1498 3694 1566 3737 ex
1627 3685 1823 3732 natura
1877 3691 1975 3733 sua

410 3780 514 3835 est,
547 3787 725 3842 agere.
768 3790 787 3826 ι
824 3770 1038 3833 Dicant,
1075 3791 1092 3823 ι
1134 3770 1341 3840 inquit,
1369 3788 1388 3820 ι
1424 3769 1518 3839 qui
1552 3767 1817 3836 redempti
1850 3775 1977 3821 sunt

408 3876 439 3916 a
497 3861 744 3928 Domino,
785 3877 925 3932 quos
960 3861 1189 3917 redemit
1222 3860 1289 3915 de
1322 3875 1486 3915 manu
1520 3859 1750 3927 inimici,
1805 3867 1858 3913 et
1909 3858 1977 3914 de

410 3951 722 4021 regionibus
757 3953 1107 4022 congregavit
1138 3966 1252 4006 eos.
1287 3952 1332 4003 A
1362 3950 1494 4005 solis
1516 3957 1638 4004 ortu
1668 3957 1721 4005 et
1751 3963 1973 4012 occasu,

410 4041 479 4095 ab
508 4041 762 4111 aquilone
787 4049 841 4096 et
878 4041 1017 4096 mari
1044 4043 1086 4109 9;
1117 4061 1136 4096 ι
1172 4038 1474 4109 perfectum
1506 4046 1974 4093 consummatum-

410 4149 515 4201 que
556 4133 778 4187 humani
805 4130 1022 4203 generis
1065 4131 1132 4186 ad
1162 4130 1438 4187 meliorem
1487 4129 1695 4204 frugem
1741 4130 1978 4183 reditum

409 4225 587 4280 oratio
621 4225 929 4295 pollicetur.
964 4222 1286 4293 Redemptio
1315 4216 1461 4279 enim
1506 4219 1879 4276 reductionem
1910 4234 1977 4274 ex

409 4317 728 4387 captivitate
763 4315 1033 4388 significat
1058 4298 1259 4383 {dedit
1285 4329 1413 4369 vero
1447 4312 1589 4369 Deus
1622 4312 1854 4381 pretium
1891 4326 1978 4364 rc-

2065 493 2121 544 ἐν
2231 493 2376 544 πᾶσα
2402 484 2512 542 οἷόν
2557 505 2640 550 τις
2676 485 3068 557 συμπλήρωσίς
3114 500 3172 537 τε
3210 484 3301 536 καὶ
3351 485 3631 551 ἀνακεφα-

2064 579 2285 643 λαίωσις
2307 579 2404 649 τῆς
2432 576 2772 648 ἀνθρωπίνης
2796 573 3066 645 σωτηρίας
3095 574 3262 629 ἐστίν.
3303 572 3394 626 Ἐν
3423 573 3535 643 γὰρ
3560 571 3636 643 τῷ

2066 671 2172 742 πρὸ
2184 670 2385 723 τούτων
2404 669 2491 723 διὰ
2515 669 2613 737 τῆς
2636 665 2728 721 τοῦ
2756 665 3036 727 Μωΰσέως
3073 663 3280 734 φωνῆς,
3304 663 3477 716 πολλὰ
3508 666 3636 735 περὶ

2063 760 2159 816 τοῦ
2196 758 2429 830 τρεπτοῦ
2465 776 2524 812 τε
2557 759 2651 813 καὶ
2693 757 2961 828 άτρέπτου
3005 754 3401 825 φιλοσοφήσας,
3435 755 3510 817 ὡς
3537 753 3634 808 τοῦ

2069 849 2167 920 μὲν
2204 850 2291 902 ἀεὶ
2326 847 2506 912 ὄντος,
2550 847 2685 916 ὅπερ
2727 840 2897 904 ἐστὶν,
2932 841 3025 894 τοῦ
3052 841 3108 893 δέ
3133 840 3365 893 πάντοτε
3408 838 3636 910 γενομέ-

2066 956 2156 993 νου
2198 939 2295 1010 (8),
2325 940 2460 1009 ὅπερ
2500 938 2600 991 οὐκ
2629 936 2802 989 ἐστιν’
2856 932 3011 986 τοῦτο
3048 931 3157 1003 γάρ
3189 933 3334 985 ἐστιν
3363 932 3397 1001 ἡ
3433 932 3633 1009 τροπὴ,

2065 1031 2099 1100 ἡ
2140 1029 2246 1083 άπὸ
2273 1027 2366 1081 τοῦ
2404 1030 2461 1080 ἐν
2497 1021 2541 1094 ᾧ
2585 1029 2760 1091 ἐστιν,
2812 1024 2891 1086 είς
2923 1022 2983 1075 τὸ
3028 1022 3085 1074 ἐν
3114 1014 3158 1089 ᾧ
3184 1022 3284 1074 οὐκ
3312 1020 3427 1073 ἔστι
3471 1022 3636 1091 μετά-

2067 1121 2242 1183 ϐασις.
2278 1119 2387 1172 Καὶ
2411 1116 2588 1182 δείξας
2618 1118 2699 1171 ὅτι
2733 1118 2798 1186 τῇ
2825 1115 2961 1183 αὐτῇ
2988 1112 3212 1182 δυνάμει
3240 1112 3360 1164 κατ’
3390 1109 3636 1173 ἐξουσίαν

2065 1213 2098 1280 ἠ
2136 1211 2294 1279 φύσις
2342 1210 2477 1281 πρός
2523 1225 2579 1263 τε
2629 1207 2689 1261 τὸ
2729 1207 2895 1261 κακὸν
2924 1203 3218 1276 ἀπορρέει,
3248 1203 3342 1255 καὶ
3367 1201 3528 1255 πάλιν
3564 1201 3632 1255 δι’

2069 1302 2399 1372 ἐπιστροφῆς
2439 1301 2575 1371 πρδς
2602 1298 2662 1352 τὸ
2693 1297 2895 1366 ἀγαθὸν
2929 1295 3282 1363 ἐπανάγεται,
3312 1293 3386 1355 ὡς
3410 1292 3635 1346 δυνατὸν

2067 1387 2205 1442 εἶναι
2233 1389 2329 1459 τὴν
2354 1386 2446 1440 τοῦ
2479 1386 2615 1439 Θεοῦ
2650 1384 3011 1456 λαμπρότητα
3032 1386 3098 1454 τῇ
3135 1379 3632 1460 ἀνθρωπίνῃεπάλιν

2068 1478 2367 1548 ἐπιλάμψαι
2402 1475 2543 1549 ζωῇ,
2589 1475 2682 1531 νῦν
2726 1477 2902 1529 πᾶσαν
2938 1475 3035 1546 τὴν
3083 1477 3145 1528 ἐκ
3183 1472 3276 1527 τοῦ
3316 1473 3449 1526 Θεοῦ
3485 1488 3631 1540 γινο-

2072 1570 2236 1640 μένην
2268 1570 2426 1639 χάριν
2445 1571 2575 1639 ἡμῖν
2604 1566 2969 1621 ἀνακαλύπτει
2990 1566 3066 1637 τῷ
3093 1566 3255 1635 λόγῳ,
3279 1564 3631 1634 πολυτρόπως

2070 1658 2237 1729 αὐτὴν
2281 1659 2372 1711 ὐπ’
2413 1658 2534 1727 ὄψιν
2563 1659 2708 1726 ἄγων
2748 1659 2859 1719 τοῖς
2894 1656 3001 1710 ἀπὸ
3028 1657 3121 1708 τοῦ
3154 1655 3321 1723 ὕψους
3353 1652 3632 1722 καθορῶσι

2003 1720 2044 1775 Β
2073 1747 2141 1800 τὰ
2185 1720 2303 1801 θεῖα
2346 1720 2622 1818 θαύματα..
2645 1748 2720 1800 υύ
2758 1746 2865 1819 γὰρ
2895 1745 3138 1817 ἠρκέσθη
3172 1720 3238 1797 δι’
3268 1744 3386 1805 ἐνὸς
3426 1720 3633 1811 τρόπου

2074 1837 2461 1908 παραδηλῶσαι
2510 1836 2603 1907 τὴν
2654 1838 2843 1908 χάριν,
2891 1834 3027 1888 ἀλλὰ
3080 1834 3335 1897 ποικίλως
3393 1833 3492 1901 μὲν
3519 1832 3637 1886 δια-

2076 1925 2326 1989 σκευάξει
2357 1925 2457 1988 τὰς
2493 1924 2808 1994 συμφορὰς,
2843 1918 2930 1987 αἷς
2961 1922 3049 1975 διὰ
3082 1923 3182 1992 τῆς
3219 1923 3354 1993 πρὸς
3382 1922 3441 1975 τὸ
3469 1921 3638 1975 κακὸν

2078 2015 2248 2084 ῥοπῆς
2268 2014 2647 2083 συνεπέσομεν.
2674 2013 3029 2082 Πολυτρόπως
3047 2012 3104 2065 δὲ
3124 2012 3224 2082 τὴν
3242 2011 3536 2082 γενομένην
3558 2011 3637 2080 (9)

2073 2106 2204 2174 ἡμῖν
2228 2106 2290 2156 ἐκ
2308 2104 2402 2157 τοῦ
2430 2104 2539 2174 (10)
2568 2104 2701 2156 Θεοῦ
2726 2104 2861 2176 πρὸς
2878 2104 2937 2156 τὸ
2962 2101 3163 2171 ἀγαθὸν
3187 2102 3501 2173 συμμαχίαν
3523 2103 3569 2172 (Ι
3588 2102 3635 2158 ll

2075 2194 2434 2265 ἐκδιηγεῖταν
2469 2193 2543 2257 ὡς
2580 2193 2645 2247 ἂν
2677 2193 2776 2257 τὰς
2820 2197 2897 2257 είς
2922 2194 2980 2247 τὸ
3021 2195 3357 2265 εὐχαριστεῖν
3381 2193 3639 2263 ἀφορμὰς

2077 2284 2419 2350 πλεονάσειε,
2456 2274 2597 2355 πρὸς
2625 2284 2778 2353 λόγον
2806 2285 2911 2338 τῶν
2945 2285 3195 2352 ἀγαθῶν,
3226 2283 3322 2339 καὶ
3347 2283 3443 2353 τῆς
3477 2283 3638 2353 εὐχα-

2079 2373 2285 2450 ριστίας
2314 2374 2450 2445 πρὸς
2471 2375 2561 2427 τὸν
2582 2369 2711 2429 Θεὸύ
2735 2373 3148 2445 πλεοναζούσης.

2148 2509 2321 2573 Εὐθὺς
2356 2508 2464 2580 γάρ
2486 2526 2615 2580 φησι
2644 2510 2734 2564 τοῦ
2760 2510 2918 2580 λόγου
2950 2510 3267 2582 ἀρχόμενος,
3298 2528 3318 2561 ι
3366 2506 3643 2578 Ἐξομολο-

2077 2597 2256 2667 γεῖσθε
2299 2598 2376 2669 τῷ
2407 2599 2705 2670 Κυρίῳ,ὅτι
2742 2600 2975 2669 ἀγαθὸς,
3014 2602 3095 2653 ὅτι
3129 2603 3210 2663 είς
3250 2599 3340 2653 τὸν
3383 2600 3555 2653 αἰῶνα
3579 2600 3643 2652 τὸ

2077 2691 2221 2753 ἔλεος
2265 2689 2430 2743 αὐτοῦ
2450 2707 2462 2720 ’
2508 2708 2526 2741 ι
2558 2690 2655 2761 τῆς
2695 2691 2804 2763 γὰρ
2829 2692 3263 2764 ἐξομολογήσεως
3293 2692 3384 2744 ἐπὶ
3412 2690 3513 2760 τῆς
3552 2693 3644 2744 εὐ-

2078 2780 2358 2855 χαριστίας
2377 2780 2491 2845 νῦν,
2515 2781 2615 2834 οὐκ
2644 2783 2736 2834 ἐπὶ
2766 2784 2864 2852 τῆς
2891 2783 3290 2853 ἐξαγορεύσεως
3312 2782 3608 2850 νοουμένης
3625 2798 3640 2813 σ

2079 2872 2170 2924 ἐπὶ
2228 2874 2293 2942 τῇ
2341 2871 2635 2941 άγαθότητι
2678 2874 2768 2928 τὸν
2808 2874 2940 2927 Θεὸν
2980 2872 3219 2938 δοξάζειν
3273 2871 3645 2925 διακελεύεται

2084 2962 2235 3034 μόνῃ.
2270 2962 2437 3017 Τοῦτο
2466 2964 2761 3034 σημαίνων,
2790 2964 2869 3016 ὅτι
2894 2964 2994 3018 ὅσα
3032 2964 3251 3032 γέγονεν
3284 2964 3347 3015 ἐκ
3369 2961 3501 3016 Θεοῦ
3530 2965 3646 3026 τοῖς

2074 3147 2367 3218 ἀγαθότητι
2402 3147 2644 3216 γέγονεν,
2686 3145 2936 3215 οὐδεμίαν
2977 3143 3131 3214 ἡμῶν
3171 3144 3306 3214 πρὸς
3339 3142 3399 3194 τὸ
3440 3141 3648 3209 ἀγαθὸν

2074 3239 2252 3292 αἰτίαν
2291 3237 2740 3307 παρασχομένων.
2770 3236 3088 3289 Τοὐναντίον
3129 3235 3229 3304 μὲν
3265 3228 3356 3286 οὖν
3386 3233 3443 3283 ἐν
3494 3231 3649 3303 πάσῃ

2076 3330 2243 3400 κακίᾳ
2278 3328 2575 3398 γεγονότων
2620 3327 2809 3399 ἡμῶν,
2838 3328 3040 3389 ἐκεῖνος
3087 3325 3186 3395 τῆς
3221 3324 3357 3385 ἰδίας
3391 3323 3490 3374 οὐκ
3535 3321 3652 3384 ἐξί-

2077 3436 2266 3472 σταται
2313 3419 2559 3488 φύσεως,
2595 3417 2709 3471 ἀλλ’
2752 3419 2889 3486 ὅπερ
2922 3416 3067 3479 ἐστὶ,
3098 3414 3254 3468 τοῦτο
3295 3414 3455 3465 ποιεῖ.
3505 3410 3647 3464 Οὐδὲ

2075 3510 2183 3582 γὰρ
2205 3510 2348 3572 είκὸς
2376 3504 2444 3580 ἧν
2472 3508 2561 3562 τὸν
2589 3509 2788 3578 ἀγαθον
2810 3511 2875 3579 τῇ
2909 3506 3067 3576 φύσει
3097 3504 3222 3559 ἄλλο
3252 3520 3305 3557 τι
3332 3502 3458 3573 παρ’
3484 3500 3513 3552 ὅ
3548 3500 3652 3553 πέ-

2078 3620 2278 3672 φυκεν,
2302 3601 2614 3672 ἐνεργῆσαι.
2651 3619 2669 3652 ι
2704 3602 3047 3661 Είπάτωσαν,
3082 3616 3101 3649 ι
3142 3596 3327 3667 φησὶν,
3362 3612 3382 3645 ι
3420 3593 3470 3646 οἱ
3491 3592 3654 3645 λελυ-

2077 3695 2343 3766 τρωμένοι
2385 3695 2489 3747 ὐπὸ
2525 3693 2755 3766 Κυρίου,
2797 3692 2891 3756 οὒς
2943 3688 3285 3762 ἐλυτρώσατο
3339 3688 3403 3741 ἐκ
3456 3686 3648 3757 χειρὸς

2077 3781 2295 3853 ἐχθροῦ,
2336 3782 2428 3835 καὶ
2461 3783 2526 3834 ἐκ
2567 3780 2677 3834 τῶν
2712 3779 2902 3851 χωρῶν
2947 3778 3250 3847 συνήγαγεν
3288 3774 3501 3837 αὐτοὺς,
3534 3771 3655 3826 ἀπὸ

2078 3870 2357 3949 ἀνατολῶν
2392 3872 2487 3924 καὶ
2517 3869 2757 3942 δυσμῶν,
2796 3869 2889 3923 καὶ
2921 3867 3119 3940 βορρᾶ,
3152 3866 3245 3920 καὶ
3285 3864 3578 3934 θαλάσσης.
3620 3880 3645 3912 ι

2079 3961 2188 4032 Τὴν
2241 3961 2479 4032 παντελῆ
2522 3960 2616 4014 τοῦ
2668 3960 2855 4029 γένους
2899 3958 3008 4012 τῶν
3048 3956 3350 4029 ἀνθρώπων
3395 3955 3531 4026 πρὸς
3583 3953 3655 4006 τδ

2078 4052 2280 4122 ἀγαθὸν
2324 4052 2577 4107 ἐπάνοδον
2605 4052 2633 4104 ό
2659 4052 2813 4122 λόγος
2853 4049 3275 4119 εὐαγγελίζεται.
3320 4047 3384 4099 Ἡ
3408 4046 3515 4115 γὰρ
3552 4045 3655 4097 λύ-

2078 4159 2298 4212 τρωσις,
2329 4141 2426 4212 τὴν
2462 4142 2570 4195 ἀπὸ
2617 4140 2716 4210 τῆς
2747 4138 3120 4210 αἰχμαλωσίας
3155 4135 3447 4205 ἀνάκλησιν
3473 4135 3658 4205 ἐρμη-

2079 4231 2222 4283 νεύει
2259 4230 2337 4300 τῷ
2378 4231 2599 4300 ῥήματι.
2648 4230 2704 4282 '0
2722 4229 2781 4287 δὲ
2801 4228 2930 4291 Θεὸς
2963 4226 3154 4298 λύτρον
3184 4224 3410 4277 δέδωκεν
3452 4222 3656 4275 ἑαυτὸν

2082 4321 2222 4392 ὑπὲρ
2257 4321 2364 4374 τῶν
2402 4320 2826 4392 κεκρατημένων
2869 4318 2973 4371 ὐπὸ
3015 4316 3108 4370 τοῦ
3153 4314 3436 4392 θανάτου,ι
3479 4310 3560 4382 τῷ
3587 4313 3657 4365 τὸ

410 4408 740 4478 demptiouis
762 4408 1003 4477 seipsum
1034 4420 1135 4477 pro
1171 4406 1260 4468 iis,
1299 4405 1392 4473 qui
1446 4418 1477 4456 a
1512 4412 1685 4457 morte
1717 4401 1861 4470 capti
1896 4410 1970 4455 te-

2080 4390 2277 4484 κράτος
2322 4390 2639 4484 ἐχοντιήτού
2690 4410 2951 4465 θανάτου’
3003 4428 3022 4461 ι
3074 4408 3167 4461 καὶ
3210 4390 3398 4475 ἐπειδὴ
3446 4402 3657 4465 πάντες

412 4499 702 4564 nebanlur,
733 4498 992 4566 deditque
1021 4502 1542 4575 ιίιιῑίιιιίἱηωοτιοιῐι
1552 4492 1645 4563 jus
1661 4491 1915 4550 habebat.
1944 4512 1963 4546 ι

412 4588 478 4643 Et
507 4604 629 4643 cum
654 4605 844 4645 omnes
872 4589 976 4644 sub
1009 4589 1202 4643 mortis
1228 4592 1497 4657 potestate
1521 4582 1747 4647 fuerint,
1782 4596 1978 4637 omnes

412 4680 587 4751 pretio
640 4679 766 4736 inde
826 4679 1078 4744 redemit,
1129 4680 1205 4735 ita
1240 4687 1299 4734 ut
1347 4676 1530 4733 nullus
1589 4674 1694 4731 sub
1752 4674 1979 4743 imperio

410 4771 604 4826 mortis
634 4772 978 4841 relinquatur
1010 4777 1133 4841 post
1162 4769 1466 4841 generalem
1507 4767 1751 4822 omnium
1780 4765 1977 4820 libera-

410 4864 635 4919 tionem.
667 4861 786 4918 Non
813 4864 957 4916 enim
993 4862 1107 4917 fieri
1142 4868 1341 4932 potest,
1376 4869 1432 4913 ut
1458 4858 1582 4929 quis
1607 4858 1768 4912 morti
1791 4856 1977 4926 subja-

409 4960 551 5017 ceat,
581 4960 755 5006 morte
788 4952 901 5021 jam
926 4950 1124 5004 abolita
1153 4949 1476 5018 penitusque
1506 4947 1740 5001 sublata.

478 5041 561 5097 Ob
589 5043 642 5097 id
682 5042 1085 5114 quadripartito
1119 5052 1232 5096 toto
1290 5048 1564 5097 terrarum
1599 5039 1730 5094 orbe
1783 5052 1977 5092 secun-

410 5134 539 5191 dum
572 5135 738 5191 situm
767 5134 968 5199 diviso,
1020 5135 1222 5189 nullam
1278 5127 1488 5204 partem
1527 5132 1722 5187 divinae
1767 5130 1977 5186 redem-

481 5294 504 5327 ⁸
529 5293 671 5350 Psal.
696 5309 805 5362 ενι,
832 5297 855 5348 l
897 5280 1018 5365 sqq.
1095 5296 1116 5327 ’
1143 5292 1304 5349 Hebr.
1338 5309 1397 5358 ιι,
1435 5293 1518 5348 14.

480 5522 559 5588 (8)
588 5517 895 5589 Γινομένου,
930 5517 1016 5589 ed.
1049 5515 1167 5572 Μοι
1202 5517 1263 5569 ἐκ
1297 5531 1393 5586 pro
1421 5513 1538 5570 οὐκ.

481 5586 555 5659 (9)
588 5586 901 5658 Γινομένην,
933 5586 997 5659 et]
1011 5625 1022 5639 .

476 5656 585 5726 (ιο)
614 5656 851 5712 rosum.
885 5656 971 5713 ed.

2078 4501 2218 4577 ἦσαν
2263 4507 2319 4558 ἐν
2350 4507 2418 4577 τῇ
2456 4503 2550 4557 τοῦ
2593 4503 2817 4557 θανάτου
2865 4500 3109 4575 φρουρᾷ,
3155 4497 3360 4558 πάντας
3401 4492 3657 4563 δηλονότι

2080 4594 2357 4660 ἐξωνεῖται
2382 4592 2460 4665 τῷ
2499 4593 2695 4662 λύτρῳ,
2733 4593 2809 4657 ὡς
2841 4592 3043 4664 μηδένα
3070 4586 3493 4657 καταλειφθῆναι
3530 4585 3661 4657 (12)

2077 4689 2145 4758 τῇ
2179 4687 2466 4757 δυναστείᾳ.
2512 4686 2604 4739 τοῦ
2643 4686 2872 4741 θανάτου
2906 4683 3043 4755 μετὰ
3091 4682 3188 4753 τὴν
3222 4679 3513 4750 γινομένην
3553 4678 3660 4733 τοῦ

2081 4779 2281 4842 παντὸς
2306 4777 2700 4848 ἀπολύτρωσιν.
2732 4775 2871 4833 υύδὲ
2910 4775 3016 4845 γάρ
3042 4774 3156 4825 ἐστι
3195 4770 3417 4824 δυνατὸν
3447 4770 3505 4823 ἐν
3548 4768 3658 4820 θα-

2081 4869 2227 4941 νάτῳ
2258 4871 2374 4923 τινὰ
2402 4863 2538 4921 εἶναι
2559 4906 2576 4933 ,
2610 4867 2705 4920 τοῦ
2739 4866 2965 4920 θανάτου
2999 4864 3073 4936 μὴ
3101 4863 3272 4925 ὄντος.

2151 5052 2241 5105 Διὸ
2280 5050 2515 5121 τετραχῆ
2565 5050 2662 5119 τῆς
2705 5046 3025 5119 οἰκουμένης
3077 5045 3290 5114 ἀπάσης
3356 5037 3497 5095 κατὰ
3548 5040 3672 5111 τὴν

2081 5143 2227 5199 θέσιν
2264 5140 2630 5214 διῃρημένης,
2673 5139 2823 5193 οὐδὲν
2863 5140 2892 5191 ό
2926 5137 3083 5207 λόγος
3130 5132 3447 5189 ὑπελείπετο
3480 5131 3675 5200 μέρος

2178 5506 2259 5572 ll)
2296 5504 2459 5572 Ἡμῖν
2488 5498 2719 5572 add.ed.

2178 5508 2259 5572 tl)
2296 5508 2456 5572 Ἡμῖν
2488 5508 2719 5553 add.ed.

2150 5508 2262 5641 éi2l
2296 5568 2740 5641 Καταληφθῆναι,
2776 5568 2860 5625 ed.
