4054 6436
417 184 520 242 475

1655 191 1713 246 s.
1750 189 2074 248 GaEGonu
2111 191 2405 260 Mssm

3551 202 3660 257 476

385 336 388 338 -
418 303 584 357 lentia
624 303 678 356 in
699 316 871 371 aquas
897 303 1169 374 irrumpit,
1201 319 1352 362 mare
1379 307 1538 377 quasi
1585 309 1822 362 maxima
1854 325 1979 377 rupe

2088 309 2290 380 πέτρας
2359 309 2858 381 ὲγκαταϐληθείσης
2933 311 3168 381 μεγάλης
3197 352 3212 377 ,
3265 311 3658 366 ὑποκλυσθεϊσα

417 394 806 462 sapurinjecta,
845 396 915 448 ob
943 397 1265 464 gravitatem
1307 399 1701 468 subagitatum,
1732 413 1987 454 necessa-

417 501 499 536 l'lt)
531 484 802 554 frangitur
854 495 1074 555 propter
1103 487 1499 543 vehementiam
1531 489 1792 559 spirantis
1818 489 1985 553 venti,

415 588 745 642 quocunque
779 575 1078 638 incumbat,
1124 587 1177 630 et
1220 577 1462 645 pondere
1493 592 1594 632 suo
1623 577 1849 632 inclinet
1896 578 1989 630 im-

416 678 595 737 pctus,
634 669 775 722 mole
800 684 996 737 aquam
1030 671 1269 739 undique
1304 672 1356 724 in
1388 670 1555 724 altum
1585 671 1873 740 ejectanle.
1912 670 1988 724 Ea

416 757 484 812 de
521 773 684 813 causa
733 759 1039 812 luculenter
1071 760 1361 813 admodum
1410 759 1674 815 describit
1718 747 1834 816 haec
1876 769 1986 814 tam

417 848 676 913 terrifica,
729 849 1003 914 videlicet,
1064 850 1395 920 simulatque
1454 851 1682 921 spiritus
1736 854 1988 923 procellae

417 942 606 1005 irruit,
641 943 880 996 elevatos
941 957 1064 997 esse
1106 942 1304 998 fluctus
1366 945 1572 1008 maris,
1625 945 1985 1001 ascendentes

416 1049 590 1103 usque
614 1034 681 1086 ad
715 1035 906 1100 caelos,
938 1042 988 1087 et
1016 1032 1410 1090 descendentes
1439 1050 1608 1106 usque
1634 1036 1698 1090 ad
1732 1039 1982 1108 abyssos.

415 1125 622 1180 Revera
653 1126 798 1180 enim
835 1126 1025 1179 talium
1062 1125 1320 1181 fluctuum
1352 1127 1408 1180 in
1439 1127 1607 1180 altum
1636 1127 1822 1192 elatio,
1860 1142 1986 1196 pas-

415 1219 653 1280 sionum,
686 1216 928 1284 inquam,
967 1216 1182 1281 fluctus,
1233 1233 1399 1271 causa
1430 1217 1566 1271 fiunt
1591 1218 1890 1274 descensus
1929 1219 1984 1272 in

415 1311 693 1378 abyssum.
751 1309 998 1379 Abyssus
1039 1317 1219 1364 autem
1265 1324 1408 1379 saepe
1454 1310 1508 1363 in
1554 1308 1837 1380 Scriptura
1883 1310 1988 1364 die-

415 1414 634 1453 monum
674 1400 1046 1454 habitaculum
1085 1401 1381 1470 significat.
1425 1402 1495 1454 At
1536 1403 1631 1471 qui
1661 1409 1986 1471 tempestate

417 1490 518 1542 hac
546 1496 600 1544 et
630 1475 946 1543 turbatione
977 1490 1351 1559 exagitantur,
1385 1493 1585 1546 mentis
1614 1493 1845 1562 impotes
1876 1507 1984 1562 pne

414 1577 642 1645 caligine
673 1576 1003 1640 efﬁciuntur,
1038 1579 1106 1632 ob
1137 1580 1487 1634 insolentiam
1532 1582 1847 1650 hujusmodi
1884 1599 1984 1636 na-

415 1663 730 1731 vigationis,
761 1665 919 1732 quasi
962 1666 1031 1718 ob
1075 1667 1394 1720 ebrietatem
1435 1670 1611 1736 capite
1646 1671 1978 1726 laborantes.

417 1755 594 1822 Inquit
653 1757 795 1809 enim
832 1772 844 1807 :
875 1755 1148 1811 «Turbati
1197 1770 1324 1813 sunt
1377 1768 1430 1814 et
1493 1763 1621 1815 moti
1673 1770 1801 1818 sunt
1839 1763 1982 1818 sicut

411 1845 620 1898 ebrius.
656 1865 673 1896 ι
699 1844 801 1910 Qui
833 1863 962 1900 vero
991 1849 1159 1903 semel
1193 1848 1259 1902 de
1295 1859 1561 1919 potestate
1599 1854 1798 1907 mentis
1832 1853 1981 1921 deje-

404 1936 483 1988 ἀἱ
519 1947 666 1998 sunt,
703 1937 772 1992 iis
810 1940 1018 1992 nullum
1071 1942 1308 2010 amplius
1355 1943 1595 2011 suppetit
1643 1944 1709 1996 ad
1735 1944 1979 2011 salutem

411 2027 724 2089 consilium,
757 2030 848 2083 scd
879 2031 1056 2084 omnis
1087 2031 1304 2084 illorum
1334 2033 1602 2100 sapientia
1636 2033 1978 2104 naufragium

411 2117 568 2184 quasi
599 2118 727 2170 facit
757 2127 809 2171 et
845 2118 1051 2180 interit.

483 2207 752 2272 Quocirca
785 2209 859 2262 ait
891 2227 904 2262 :
941 2228 957 2259 ι
990 2208 1182 2263 Omnis
1209 2209 1476 2278 sapientia
1506 2226 1694 2266 eorum
1724 2212 1979 2268 devorata

409 2308 513 2354 est.
554 2320 572 2351 ι
612 2299 798 2355 Denuo
821 2311 1001 2356 autem
1025 2312 1077 2356 et
1111 2302 1196 2356 his
1228 2317 1465 2372 quoque,
1497 2305 1590 2373 qui
1625 2306 1790 2360 tantis
1821 2307 1978 2361 malis

411 2391 816 2454 (-ot'tllictantur,
847 2401 899 2446 et
927 2393 980 2446 in
1021 2393 1384 2448 inextricabili
1420 2395 1730 2449 calamitate
1757 2412 1978 2451 versan-

411 2491 519 2546 tur,
573 2497 674 2536 vox
731 2484 892 2537 unica
937 2483 1005 2536 ad
1055 2482 1220 2536 Deum
1279 2485 1445 2538 missa
1502 2487 1730 2540 salutem
1780 2487 1976 2540 alTert:

412 2573 588 2642 inquit
629 2574 775 2628 enim
824 2593 837 2628 :
888 2574 1323 2628 «Clamaverunt
1374 2577 1441 2645 ad
1497 2577 1786 2631 Dominum
1854 2595 1975 2633 cum

408 2662 828 2726 tribularentur,
870 2672 924 2718 et
969 2664 1036 2718 de
1089 2665 1513 2720 necessitatibus
1562 2683 1750 2723 eorum
1791 2669 1979 2722 eduxit

407 2768 522 2806 eos.
554 2752 672 2804 ι-Ει
704 2753 997 2823 derepente
1044 2755 1205 2810 turbo
1248 2756 1338 2810 ille
1371 2757 1425 2811 in
1459 2773 1648 2812 auram
1682 2759 1976 2814 secundam

409 2856 461 2897 ct
518 2845 848 2914 navigationi
905 2847 1155 2900 idoneam
1214 2864 1516 2904 conversus
1579 2857 1686 2912 est,
1746 2867 1980 2920 moxque

409 2935 797 3004 tranquillatur
829 2951 858 2988 a
901 2937 1060 2991 s:1.-vis
1093 2937 1350 2994 fluctibus
1399 2956 1567 3002 mare,
1613 2949 1768 3010 grata
1797 2942 1978 3009 quiete
2006 2973 2052 3032 C

409 3036 637 3080 stratum
690 3036 743 3081 et
794 3039 1068 3097 pacatum.
1105 3049 1122 3080 ‹
1164 3031 1362 3085 Statuit
1411 3033 1704 3101 procellam
1760 3035 1879 3103 ejus
1925 3034 1979 3087 in

409 3133 620 3180 auram,
654 3138 670 3170 ι
742 3119 919 3188 inquit
947 3161 960 3181 ,
1033 3139 1051 3171 ε
1091 3129 1144 3175 et
1207 3123 1479 3177 siluerunt
1534 3123 1733 3178 fluctus
1779 3127 1917 3194 ejus.
1955 3147 1973 3177 ι

408 3207 682 3264 Fortassis
739 3196 940 3264 silendi
1005 3214 1268 3268 vocabulo
1320 3215 1516 3279 innuit,
1584 3215 1784 3272 fluctus
1843 3219 1978 3272 nihil

407 3301 551 3354 aliud
587 3316 731 3364 esse,
778 3318 938 3370 quam
974 3305 1322 3372 appetitrices
1356 3307 1620 3376 quasdam
1665 3309 1974 3375 facultates,

407 3394 606 3461 quibus
639 3401 888 3448 naturam
930 3395 1280 3450 desertricem
1327 3406 1377 3451 et
1411 3397 1717 3456 desciscere
1745 3417 1977 3460 consue-

405 3494 516 3538 tam
567 3485 790 3550 indicat,
838 3487 927 3541 cui
974 3488 1238 3542 Dominus
1277 3490 1332 3542 in
1385 3489 1711 3560 Evangelio:
1751 3513 1769 3544 ‹
1807 3495 1972 3559 Tace,

405 3576 800 3631 obmutesce”.
840 3596 859 3628 ι
911 3579 1110 3630 Auram
1161 3580 1397 3648 appellat
1440 3583 1668 3649 spiritus
1721 3585 1971 3653 gratiam,

404 3679 526 3732 qua:
578 3666 745 3720 rectis
801 3667 1252 3737 cogitationibus,
1302 3673 1458 3739 quasi
1523 3672 1686 3733 malo,
1738 3673 1974 3726 animam

403 3754 588 3808 divino
613 3757 789 3824 portui
821 3757 1067 3826 appellit,
1091 3759 1461 3826 gubernacula
1489 3762 1698 3816 ratione
1733 3771 1971 3830 tenente,

403 3854 457 3897 et
511 3844 578 3898 ad
633 3847 1032 3916 navigationem
1066 3847 1362 3916 dirigente.
1411 3851 1548 3904 Dicit
1588 3853 1731 3906 enim
1765 3871 1776 3906 :
1815 3871 1833 3904 ι
1869 3853 1974 3908 De-

403 3936 561 3991 duxit
590 3953 686 3993 eos
725 3939 779 3992 in
824 3947 1038 4007 portum
1071 3941 1370 3996 voluntatis
1405 3958 1616 3997 eorum.
1651 3963 1668 3995 ι
1717 3943 1813 4001 llis
1853 3944 1974 3999 fini-

404 4029 474 4080 tis
516 4042 710 4082 rursus
742 4029 970 4097 gratiam
1019 4042 1046 4080 a
1082 4031 1283 4097 populo
1327 4040 1379 4083 et
1418 4029 1663 4085 Ecclesia
1711 4033 1973 4087 celebrari

399 4118 574 4185 jubet,
624 4125 833 4172 tantum
871 4136 979 4172 non
1021 4121 1300 4188 praesentis
1345 4120 1601 4174 Ecclesiae
1639 4131 1838 4176 statum
1879 4125 1975 4178 de-

401 4209 674 4271 scribens,
718 4226 843 4264 cum
881 4212 956 4263 ait
1013 4212 1126 4264 haec
1161 4209 1256 4264 Dei
1300 4211 1573 4266 mirabilia
1626 4213 1680 4265 in
1712 4213 1971 4266 cathedra

2088 397 2164 467 τῷ
2197 398 2350 468 βάρει
2384 399 2416 468 ή
2466 398 2722 463 θάλαττα,
2773 399 3009 468 σχίζεται
3057 403 3173 455 κατ’
3201 402 3444 470 ἀνάγκην
3469 403 3535 471 τῇ
3567 401 3657 472 βίᾳ

2088 487 2181 542 τοῦ
2226 488 2553 559 πνεύματος,
2590 490 2830 560 ὅπουπερ
2863 489 2928 542 ἂν
2975 491 3220 562 ἐνσκήψῃ
3264 491 3450 561 βρίσας
3477 492 3505 542 ό
3530 490 3654 543 ἄνει

2091 598 2208 652 μος,
2237 581 2333 651 τῆς
2354 580 2444 633 τού
2481 580 2677 651 βάρους
2707 579 3034 648 ὲμπτώσεως
3070 581 3219 635 ἔνθεν
3255 583 3348 635 καὶ
3381 581 3529 635 ἔνθεν
3563 582 3657 634 ἐπὶ

2086 672 2146 725 τὸ
2173 673 2284 727 ἄνω
2300 673 2360 726 τὸ
2399 673 2510 744 (45)
2544 673 2688 743 ὕδωρ
2704 672 3098 742 ἀναπτυούσης.
3123 673 3221 724 Διὰ
3249 671 3402 725 τοῦτο
3432 672 3656 742 προστί-

2089 762 2240 830 θησιν
2266 762 2508 832 ἐναργῶς
2558 761 2888 831 ὑπογράφων
2924 760 2994 813 τά
3027 759 3251 831 φοϐερὰ,
3288 761 3369 813 ὅτι
3401 759 3533 828 ὁμοῦ
3576 757 3656 828 τῷ

2086 853 2352 922 ἐνσκῆψαι
2394 853 2454 906 τὸ
2503 851 2718 921 πνεῦμα
2755 852 2853 922 τῆς
2906 851 3236 918 καταιγίδος,
3282 868 3301 901 ‹
3343 848 3528 918 ὑψώθη
3585 847 3657 900 τά

2086 943 2305 1014 κύματα
2352 963 2368 996 ι
2404 945 2499 1014 τῆς
2539 942 2811 1012 θαλάσσης
2835 959 2854 993 ‹
2884 941 3240 994 ἀναϐαίνοντα
3273 941 3376 1004 ἕως
3424 939 3530 992 τῶν
3557 939 3653 991 ού-

2088 1036 2282 1105 ρανῶν,
2333 1035 2428 1088 καὶ
2480 1033 2871 1086 καταϐαίνοντα
2913 1032 3016 1095 ἓως
3043 1031 3153 1083 τῶν
3195 1030 3465 1083 ἀϐύσσων.
3508 1047 3526 1081 ι
3562 1027 3653 1098 Τῷ
3737 1029 3740 1031 ’

2085 1124 2196 1177 ὄντι
2224 1124 2330 1194 γὰρ
2365 1126 2398 1194 ἡ
2430 1126 2506 1186 είς
2529 1123 2588 1175 τὸ
2617 1122 2745 1190 ὕψος
2773 1121 2882 1173 τῶν
2908 1119 3158 1172 τοιούτων
3189 1118 3443 1188 κυμάτων
3481 1116 3654 1186 ἐπαρ-

2088 1232 2190 1279 σις,
2233 1215 2374 1282 λέγω
2405 1215 2466 1285 δὴ
2506 1213 2574 1266 τὰ
2621 1213 2729 1264 τῶν
2772 1211 2956 1264 παθῶν
3010 1209 3249 1279 κύματα,
3277 1210 3375 1278 τῆς
3416 1210 3495 1270 είς
3553 1207 3660 1278 τὴν

2085 1305 2316 1358 ἄϐυσσον
2339 1303 2686 1363 καταϐάσεως
2715 1301 2862 1355 αἴτια
2887 1301 3114 1368 γίνεται.
3144 1300 3408 1352 ’Λϐυσσον
3431 1299 3486 1351 δὲ
3524 1298 3658 1349 πολ-

2085 1395 2220 1463 λαχῆ
2271 1395 2368 1465 τῆς
2390 1391 2630 1464 Γραφῆς,
2673 1391 2732 1444 τὸ
2759 1392 2866 1444 τῶν
2892 1391 3156 1460 δαιμόνων
3188 1389 3502 1458 ἐνδιαίτημα
3556 1405 3652 1457 με-

2089 1486 2458 1557 μαθήκαμεν.’
2487 1484 2550 1538 Οί
2584 1485 2640 1536 δὲ
2671 1487 2735 1553 τῇ
2776 1485 2982 1554 ταραχῇ
3035 1480 3204 1551 ταύτῃ
3244 1481 3335 1533 καὶ
3381 1479 3456 1549 τῷ
3505 1479 3655 1548 σάλῳ

2084 1578 2190 1630 τῶν
2232 1577 2487 1647 κυμάτων
2539 1575 3042 1645 ὲγκυματισθέντες,
3074 1573 3333 1644 ἔκφρονες
3373 1571 3474 1624 ὑπὸ
3525 1587 3655 1623 σκοο

2014 1639 2058 1696 Β
2085 1639 2590 1737 τώσεωςηγίνονται,
2639 1639 2889 1736 καθάπερ
2934 1666 3038 1719 ὑπὸ
3070 1639 3237 1735 μέθης
3270 1665 3368 1733 τῆς
3394 1662 3532 1716 κατά
3559 1662 3659 1714 τὸν

2085 1758 2249 1811 πλοῦν
2271 1758 2360 1812 τὸν
2374 1757 2607 1810 τοιοῦτον
2623 1757 2811 1826 ἀηδίας
2831 1754 3044 1825 καρηϐα
3054 1756 3310 1824 ρήσαντες
3327 1769 3339 1780 ·
3375 1771 3393 1803 ‹
3425 1753 3654 1820 Ἐταράηο

2084 1848 2287 1918 χθησαν
2309 1867 2326 1898 ι
2347 1846 2474 1918 γὰρ,
2498 1847 2709 1916 granatim
2739 1845 2830 1898 καὶ
2846 1844 3230 1914 ὲσαλεύθησαν,
3250 1843 3324 1904 ὡς
3339 1844 3365 1894 ό
3382 1841 3646 1911 μεθύων.»

2083 1942 2145 1994 Oi
2174 1940 2229 1992 δὲ
2257 1938 2403 2002 ἅπαξ
2453 1937 2543 1990 τοῦ
2571 1939 2783 2008 φρονεῖν
2809 1935 2911 2000 ἔξω
2945 1937 3243 2005 γενόμενοι,
3275 1933 3525 2002 οὐδεμιᾶς
3559 1933 3652 1984 εύ-

2084 2029 2305 2100 ποροῦσι
2360 2028 2493 2097 πρὸς
2555 2027 2825 2097 σωτηρίαν
2858 2025 3066 2095 βουλῆς.
3118 2023 3276 2076 Ἀλλὰ
3322 2024 3659 2092 προναυαγεῖ

2081 2121 2258 2174 αὐτῶν
2289 2123 2320 2190 ή
2357 2120 2515 2188 σοφία
2544 2120 2637 2171 κα)¹
2661 2117 3078 2188 προαπόλλυται.

2151 2212 2248 2265 Διά
2281 2211 2435 2264 τοῦτό
2495 2227 2678 2280 φησιν,
2712 2210 2793 2262 ὅτι
2843 2209 2934 2262 καὶ
2970 2227 2988 2259 t
3025 2207 3232 2276 πᾶσαή
3273 2205 3428 2273 σοφία
3471 2201 3656 2257 αὐτῶν

2082 2303 2374 2372 κατεπόθη.
2408 2321 2426 2355 ι
2464 2303 2574 2356 Kai.
2607 2301 2784 2365 πάλιν,
2820 2300 2913 2352 καὶ
2955 2297 3158 2352 τούτων
3189 2299 3242 2351 ἐν
3267 2296 3534 2356 τοσούτοις
3560 2311 3654 2361 γε-

2080 2396 2313 2464 γονότων
2350 2396 2560 2457 κακοῖς,
2597 2393 2748 2455 λύσις
2775 2393 2977 2460 γίνεται
3008 2391 3104 2460 τῆς
3136 2389 3413 2459 ἀμηχάνου
3446 2386 3651 2455 ταύτης

2079 2485 2472 2552 ταλαιπωρίας,
2509 2485 2540 2553 ἡ
2569 2482 2703 2553 πρὸς
2732 2481 2792 2533 τὸ
2824 2480 2975 2532 Θεῖον
3008 2480 3115 2549 (46)
3139 2479 3312 2548 φωνή.
3343 2495 3361 2528 t
3384 2475 3650 2547 Ἐχέκρα-

2081 2576 2175 2642 ξαν
2223 2595 2240 2627 ι
2286 2577 2412 2648 γὰρ,
2461 2576 2615 2644 φησὶ,
2652 2593 2670 2624 ‹
2706 2573 2839 2642 πρὸς
2867 2571 3070 2642 Κύριον
3129 2572 3186 2622 ὲν
3236 2569 3313 2638 τῷ
3372 2568 3648 2620 θλίϐεσθαι

2081 2667 2295 2730 αὐτοὺς,
2313 2669 2403 2718 καὶ
2421 2669 2482 2719 ἐκ
2506 2665 2612 2718 τῶν
2634 2664 2884 2733 ἀναγκῶν
2899 2662 3074 2716 αὐτῶν
3096 2662 3358 2730 ἐξήγαγεν
3379 2659 3593 2720 αὐτούς.
3624 2676 3642 2708 ι

2081 2757 2189 2811 Καὶ
2207 2756 2591 2828 παραχρῆμαή
2614 2754 2865 2821 καταιγὶς
2881 2754 2959 2814 εἰς
2986 2751 3197 2820 πνεῦμα
3218 2748 3516 2820 μετεϐλήθη
3535 2749 3648 2816 (47)

2082 2848 2243 2917 φορόν
2273 2863 2331 2898 τε
2382 2846 2475 2898 κα).
2535 2844 2776 2912 πλώϊμον
2803 2843 2935 2912 (48),
2973 2842 3066 2894 καὶ
3099 2839 3410 2910 γαληνιάζει
3449 2841 3511 2891 ὲκ
3538 2839 3651 2891 τῶν

2082 2938 2340 3007 κυμάτων
2401 2936 2891 3007 καταστορεσθεῖσα
2943 2934 3008 2987 δι’
3055 2933 3286 3004 ἡσυχίας
3317 2934 3350 3003 ἡ
3383 2930 3646 2982 θάλασσα.

2089 3047 2106 3079 ι
2151 3029 2383 3099 Ἔστησε
2406 3045 2424 3078 ι
2454 3026 2581 3096 γὰρ,
2629 3026 2779 3096 φησὶ,
2815 3044 2834 3077 ι
2870 3025 2966 3095 τὴν
3005 3023 3290 3091 καταιγίδα
3329 3023 3408 3083 είς
3453 3018 3653 3088 αὖραν,

2082 3121 2175 3172 καὶ
2198 3119 2455 3188 ἐσίγησαν
2494 3118 2564 3170 τά
2607 3119 2824 3188 κύματα
2858 3116 3044 3185 αὐτῆς.
3075 3111 3459 3188 »Τάχατῷίτῆς
3490 3109 3648 3178 σιγῆς

2079 3211 2301 3280 ὀνόματι
2331 3209 2716 3278 προαιρετικάς
2755 3224 2903 3269 τινας
2939 3201 3077 3259 εἶναι
3101 3203 3356 3272 δυνάμεις
3393 3201 3649 3271 σημαίνει

2077 3301 2146 3352 τὰ
2175 3298 2393 3370 κύματα
2413 3317 2425 3329 ·
2446 3299 2510 3352 δι’
2533 3292 2607 3350 ὧν
2633 3299 2731 3366 τὴν
2771 3297 3143 3366 άποστατικὴν
3179 3295 3340 3365 φύσιν
3376 3294 3648 3347 ἐνδείκνυ-

2076 3407 2163 3442 ται
2177 3427 2191 3452 ,
2212 3391 2344 3458 πρὸς
2364 3390 2428 3458 ἣν
2444 3385 2596 3441 εἶπεν
2616 3389 2671 3440 ἐν
2685 3387 2762 3458 τῷ
2787 3388 3094 3456 Εὑαγγελίῳ
3109 3389 3136 3438 ὁ
3155 3387 3371 3456 Κύριος,
3397 3404 3413 3435 ι
3435 3384 3643 3449 Σιώπα,

2079 3480 2382 3550 πεφίμωσο.
2411 3499 2428 3531 ›
2450 3479 2524 3532 Λῦ
2533 3496 2632 3550 ραν
2647 3479 2701 3530 δὲ
2729 3478 2874 3546 λέγει
2892 3479 2990 3548 τὴν
3012 3477 3103 3530 τοῦ
3140 3476 3440 3545 πνεύματος
3463 3475 3645 3544 χάριν,

2075 3571 2108 3641 ἢ
2156 3570 2243 3622 διὰ
2282 3570 2390 3622 τῶν
2445 3569 2649 3639 νοητῶν
2699 3569 2878 3621 ἱστίων
2925 3567 3036 3637 (49)
3070 3567 3147 3636 τῷ
3177 3567 3303 3635 θείῳ
3346 3565 3523 3635 λιμένι
3547 3565 3649 3634 τὴν

2074 3661 2251 3731 ψυχὴν
2288 3661 2582 3732 ἐνορμίζει,
2637 3659 3008 3730 κυϐερνῶντος
3045 3656 3137 3710 τοῦ
3169 3658 3350 3725 λόγου,
3381 3656 3475 3708 καὶ
3512 3654 3649 3723 πρὸς

2074 3752 2162 3804 τὸν
2206 3751 2370 3804 πλοῦν
2410 3751 2843 3812 κατευθύνοντος.
2885 3769 2903 3800 ι
2949 3749 3208 3820 Ὠδήγησε
3243 3768 3260 3799 ι
3289 3747 3416 3818 γάρ,
3459 3748 3644 3814 φησιν,

2081 3861 2098 3894 ‹
2133 3843 2327 3905 αὐτοὺς
2357 3843 2446 3894 ἐπὶ
2468 3841 2658 3911 λιμένα
2687 3840 2986 3910 θελήματος
3008 3839 3212 3892 αὐτῶν.
3232 3857 3250 3890 ι
3280 3839 3400 3891 Ἐπὶ
3437 3836 3650 3899 τούτοις

2076 3932 2236 3985 πάλιν
2271 3933 2526 4002 ἀνυμνεῖν
2557 3932 2657 4001 τὴν
2686 3930 2843 4000 χάριν
2877 3929 3243 3981 διακελεύεται
3274 3927 3400 3980 λαόν
3451 3942 3510 3977 τε
3555 3927 3650 3977 καὶ

2089 4023 2412 4092 Ἐκκλησίαν
2433 4039 2446 4054 ·
2491 4022 2648 4092 μόνον
2687 4020 2806 4090 ούχὶ
2838 4019 2936 4086 τὴν
2958 4016 3238 4089 παροῦσαν
3265 4017 3372 4068 τῶν
3415 4015 3648 4084 Ἐκκλη-

2077 4113 2205 4165 σιῶν
2237 4113 2566 4182 ὑπογράφων
2586 4110 2663 4181 τῷ
2685 4110 2824 4180 λόγῳ
2848 4109 3289 4172 κατάστασιν,ὃτι
3314 4109 3370 4159 ὲν
3421 4107 3487 4174 τῇ
3520 4103 3652 4156 καθα

2075 4207 2204 4278 ἐδρᾳ
2231 4206 2338 4260 τῶν
2363 4204 2791 4276 προηγουμένων
2813 4202 2905 4254 τοῦ
2935 4202 3088 4269 λόγου
3107 4201 3216 4271 (50)
3237 4198 3407 4252 ταῦτα
3440 4196 3651 4266 κηρύσ-

401 4295 709 4365 principum
753 4296 1057 4359 decantari,
1093 4311 1187 4365 per
1219 4312 1338 4366 qua;
1368 4296 1499 4352 fides
1535 4297 1588 4350 in
1633 4297 1968 4352 audientium

2079 4294 2227 4350 σῖεται
2265 4297 2356 4351 τοῦ
2392 4295 2523 4349 Θεοῦ
2555 4294 2623 4347 τά
2657 4293 2952 4364 θαυμάσια,
2986 4293 3052 4346 δι’
3079 4285 3206 4360 ὧνή
3242 4290 3419 4350 πίστις
3454 4287 3648 4356 βεϐαία

401 4387 600 4442 animis
638 4389 1014 4440 confirmatur.
1064 4387 1229 4440 Addit
1273 4389 1417 4443 enim
1451 4407 1464 4443 :
1502 4406 1520 4439 ι
1556 4387 1804 4442 Exaltent
1846 4404 1968 4442 eum

402 4475 454 4544 in
519 4476 756 4530 ecclesia
797 4477 991 4544 plebis,
1039 4477 1181 4530 etin
1219 4477 1472 4532 cathedra
1521 4481 1799 4534 seniorum
1852 4480 1970 4534 lau-

400 4566 530 4618 dent
559 4580 684 4619 eum
721 4583 734 4619 :
776 4585 794 4617 ι
834 4567 1225 4638 subjungitque
1255 4571 1552 4639 gratiarum
1586 4572 1818 4627 actionis
1851 4586 1973 4625 cau-

403 4670 514 4717 sas,
576 4655 720 4722 quod
782 4657 991 4710 scilicet
1053 4672 1081 4709 a
1141 4657 1248 4713 Deo
1305 4660 1551 4725 flumina,
1598 4663 1704 4715 alia
1752 4662 1971 4732 quidem

401 4752 758 4807 enascuntur,
811 4748 915 4799 alia
953 4749 1256 4812 intereunt;
1306 4767 1431 4804 nam
1481 4751 1704 4806 ﬂumina
1754 4753 1973 4807 malitiae

403 4836 757 4889 cxsiccantur
800 4845 853 4889 rt
912 4837 1222 4908 abolentur,
1273 4853 1325 4893 at
1363 4841 1626 4894 virtutum
1678 4842 1880 4897 fluenta
1919 4849 1974 4897 et

401 4927 602 5004 exitus,
647 4927 763 4982 loca
790 4944 1031 4997 eousque
1059 4930 1254 4986 ardore
1285 4940 1478 4986 exusta
1511 4934 1737 5004 irrigant
1771 4973 1784 4986 .
1825 4952 1842 4984 ι
1870 4931 1974 4986 Ρο-

404 5001 768 5070 ευίιἬυιιιίηιι
803 5017 855 5071 in
877 5019 1173 5083 desertum,
1205 5039 1221 5069 ι
1249 5019 1446 5090 inquit,
1486 5039 1502 5071 ι
1531 5029 1584 5075 et
1603 5001 1780 5074 exitus
1805 5034 1973 5088 aqua-

404 5121 526 5161 rum
555 5109 608 5162 in
634 5109 804 5164 sitim.
843 5127 859 5162 ›
893 5107 1145 5164 Flumina
1178 5121 1336 5168 vocat
1374 5113 1690 5182 passionum
1721 5111 1969 5177 amuxus,

479 5262 522 5292 ¹⁶
555 5260 722 5316 Marc.
763 5278 836 5327 tv,
864 5265 950 5319 59.

475 5435 586 5500 (ιε)
628 5435 700 5488 Τὸ
733 5451 839 5490 om.
877 5438 964 5492 ed.

478 5505 588 5565 (Mi)
618 5505 720 5558 Τὸν
741 5506 893 5570 Θεὸν,
918 5509 1002 5562 ed.

477 5574 588 5645 (47)
618 5577 656 5627 K
670 5576 957 5648 ατεϐληθη,
994 5579 1056 5632 cd
1072 5613 1084 5628 .

2073 4389 2277 4455 γίνεται
2307 4390 2415 4451 τοῖς
2445 4386 2750 4439 ἀκούουσιν.
2777 4405 2794 4436 ι
2829 4384 3228 4454 ’Υψωσάτωσαν
3265 4400 3282 4431 ι
3301 4383 3427 4450 γὰρ,
3457 4380 3643 4448 φησιν,

2080 4498 2097 4531 ι
2136 4479 2315 4542 αὑτὸν,
2348 4479 2406 4529 ὲν
2438 4477 2700 4546 ἐκκλησίᾳ.
2749 4474 2900 4541 λαοῦ,
2929 4476 3024 4527 καὶ
3053 4475 3110 4524 ἐν
3135 4472 3369 4543 καθέδρᾳ
3405 4471 3647 4542 πρεσϐυ-

2073 4571 2244 4641 τέρων
2285 4569 2652 4622 αίνεσάτωσαν
2703 4566 2882 4621 αὐτόν.
2943 4585 2961 4617 ι
3014 4565 3126 4618 Καὶ
3167 4564 3486 4636 προστίθησι
3535 4563 3648 4615 τῶν

2074 4660 2429 4732 εὐχαριστιῶν
2466 4661 2563 4722 τὰς
2596 4658 2790 4722 αἰτίας,
2824 4659 2906 4711 ὅτι
2931 4655 3081 4727 παρὰ
3113 4657 3206 4708 τοῦ
3230 4655 3362 4708 θεοῦ
3387 4653 3644 4722 ποταμοὶ,

2073 4755 2121 4805 οί
2147 4752 2244 4822 μὲν
2261 4753 2518 4818 γίνονται,
2543 4751 2591 4803 οί
2617 4750 2672 4802 δὲ
2697 4747 3131 4802 ἀπόλλυνταιοτά
3149 4748 3246 4817 μὲν
3270 4747 3378 4816 γὰρ
3399 4745 3490 4816 ρεύ
3499 4764 3653 4816 ματα

2073 4841 2172 4910 τῆς
2203 4841 2398 4902 κακίας
2424 4838 2800 4906 ὲξαφανίζεται
2820 4855 2834 4870 ·
2863 4839 2918 4891 αἱ
2953 4837 3009 4889 δὲ
3035 4835 3144 4889 τῶν
3172 4836 3379 4907 ἀρετῶν
3402 4835 3647 4900 διέξοδοι,

2072 4933 2198 4994 τοὺς
2222 4931 2355 4993 τέως
2378 4929 2702 5000 αύχμῶντας
2729 4927 3074 4991 ὲπικλύζουσι
3106 4926 3322 4989 τόπους.
3349 4944 3367 4978 ι
3397 4925 3590 4978 Ἐθετο
3624 4943 3643 4975 ι

2074 5019 2204 5092 γὰρ,
2251 5022 2402 5090 φησὶ,
2440 5037 2458 5071 ‹
2513 5017 2789 5087 ποταμοὺς
2840 5019 2919 5080 εἰς
2963 5016 3184 5087 ἔρημον,
3236 5016 3328 5068 καὶ
3381 5015 3649 5080 διεξόδους

2076 5112 2279 5167 ὑδάτων
2297 5113 2374 5174 είς
2403 5109 2580 5165 δίψαν.
2607 5128 2624 5162 ι
2651 5106 2931 5172 Ποταμοὺς
2954 5108 3009 5162 δὲ
3028 5108 3192 5177 λέγει,
3218 5108 3316 5172 τὰς
3334 5107 3439 5162 τῶν
3466 5106 3651 5178 παθη-

2152 5448 2260 5514 (48)
2294 5447 2454 5501 Forte
2485 5447 2748 5517 πρώῖμον.

2151 5520 2260 5586 (49)
2291 5516 2590 5587 Νοημάτων
2631 5516 2800 5584 ἱστίῳ,
2837 5518 2920 5572 cd.

2151 5589 2258 5658 (50)
2290 5587 2395 5639 Τοῦ
2431 5587 2584 5654 λόγου
2620 5602 2725 5640 om.
2753 5587 2837 5640 ed.
