4054 6436
170 238 241 292 ﬁl
1548 237 1613 293 IN
1651 233 1980 292 PSALMOS.

3285 240 3393 296 ιδε

162 349 538 417 ἀντικείμενον,
567 349 746 422 ἐκείνη
772 351 1043 417 ἐκδέξεται
1073 353 1218 423 ἡμᾶς
1238 354 1271 424 ή
1292 349 1638 415 κατάστασις,
1658 345 1726 421 ἧς

1838 346 2026 402 lelicet
2059 360 2120 400 os
2147 344 2321 411 illius,
2357 344 2516 414 cujus
2575 359 2678 400 vox
2716 345 2874 402 initio
2927 347 3246 407 hominibus
3277 367 3396 407 nia-

164 441 313 504 2~Lr3:l;
370 441 526 509 λόγος
559 441 805 513 μηνυτὴς
855 443 1240 514 εὑρεθήσεται,
1279 443 1314 512 ἦ
1355 460 1441 505 τις
1474 440 1613 512 ὑπὲρ
1647 439 1723 491 ai-

161 531 334 600 τθησίν
383 548 441 584 τε
484 531 578 583 καὶ
624 530 826 599 γνῶσιν
859 528 997 585 εἶναι
1038 531 1188 602 ποιρά
1216 531 1315 601 τῆς
1355 530 1506 592 Θείας
1541 526 1724 597 φωνῆς

163 620 588 690 ρτύρηται.
603 620 824 682 Τούτοις
838 621 1030 688 ἐπάγει
1049 619 1299 691 καθάπερ
1319 621 1440 675 τινὰ
1457 619 1723 689 σφραγῖδα

165 714 242 776 ri;
289 713 382 765 ἐπὶ
415 712 560 764 τέλει
588 712 769 780 φωνὰς
799 712 1133 780 λέγων·ιΤίς
1158 713 1340 780 σοφὸς,
1369 713 1463 766 καὶ
1503 711 1723 781 φυλάξει

161 803 314 856 ταῦτα
339 821 352 832 ·
387 803 481 854 καὶ
527 804 815 872 συνήσουσι
858 803 922 856 τὰ
959 801 1080 872 ἐλέη
1131 802 1222 855 τοῦ
1241 800 1483 872 Κυρίου;
1511 800 1724 872 »ἐπειδὴ

161 895 254 964 γὰρ
283 893 446 957 διπλῆ
488 896 520 964 ἡ
559 893 658 962 τῆς
705 893 892 962 σοφίας
927 889 1206 963 ἐνέργεια,
1235 894 1387 963 καὶὴ
1439 893 1539 962 μέν
1579 895 1725 946 ἐστιν

161 984 469 1053 ἐρευνητική
507 1000 566 1036 τε
619 984 716 1036 καὶ
776 983 1041 1053 ζητητικὴ
1085 982 1196 1035 τῶν
1250 983 1724 1053 συμφερόντων,ή

160 1076 203 1127 δὲ
237 1075 544 1150 φυλακτικὴ
601 1075 708 1127 τῶν
759 1074 1118 1144 εὑρεθέντωνο
1159 1073 1223 1126 τὸ
1271 1073 1328 1125 ἓν
1386 1073 1485 1142 τῆς
1536 1073 1725 1141 σοφίας

161 1165 322 1234 ἔργον,
350 1166 413 1218 τὸ
436 1164 729 1235 ζητητικδν
757 1164 919 1231 λέγω,
944 1163 1254 1216 πεπαῦσθαι
1276 1163 1577 1232 τηνικαῦτα
1605 1163 1727 1232 βού-

162 1274 309 1309 ιεται.
337 1256 432 1318 Εἰς
455 1255 507 1307 τί
525 1256 633 1324 γὰρ
659 1257 723 1325 τῇ
758 1254 980 1325 ζητήσει
1003 1253 1318 1324 χρησόμεθα
1345 1252 1433 1304 τοῦ
1458 1252 1724 1321 ζητουμέ-

161 1369 238 1403 νου
262 1351 566 1420 zamia-:04;
602 1348 658 1401 ἓν
680 1347 841 1417 ἔργον
863 1348 972 1419 (65)
993 1347 1046 1399 δὲ
1075 1347 1230 1416 μόνον
1251 1345 1455 1398 κελεύει
1476 1344 1535 1396 τὸ
1555 1343 1728 1395 λειπό⁴

160 1457 305 1507 μενον
338 1437 608 1503 γίνεσθαι,
634 1438 780 1500 ὅπως
805 1436 870 1490 ἂν
900 1436 1192 1507 φυλαχθείη
1223 1435 1284 1489 τὸ
1311 1434 1562 1506 πορισθὲν
1588 1437 1718 1501 ἀγασ

159 1527 409 1594 ﬁdaﬁda;
429 1527 590 1580 τοῦτο
618 1528 716 1597 τῆς
743 1528 934 1596 σοφίας
966 1528 1096 1597 ἡμῖν
1124 1524 1509 1596 συνεργούσης.
1546 1525 1639 1587 Τίς
1671 1522 1726 1574 δὲ

159 1623 186 1690 ἡ
215 1621 390 1687 σοφία,
416 1620 508 1671 καὶ
539 1618 622 1681 τίς
651 1621 682 1690 ἡ
719 1618 827 1671 τῶν
857 1617 1074 1689 ἀγαθῶν
1104 1619 1250 1670 ἐστιν
1284 1617 1531 1686 φυλακῆς
1561 1615 1620 1666 τὸ
1650 1613 1724 1684 μὴ

1824 437 2016 492 teriam
2075 436 2264 491 mortis
2324 436 2574 505 praebuit.
2633 436 2860 502 Quando
2910 439 3076 508 igitur
3111 442 3394 496 sublatum

1825 529 1990 583 fuerit
2025 542 2186 581 omne
2219 526 2350 580 illud
2383 526 2530 596 quod
2554 527 2698 582 bono
2739 527 3082 595 adversatur,
3131 539 3248 588 tum
3288 551 3392 590 nos

1824 617 2089 686 suscipiet
2125 616 2215 670 ille
2249 622 2426 671 status
2483 631 2645 686 quem
2693 617 2843 671 nulla
2893 621 3071 674 oratio
3116 623 3396 692 explicare

1825 715 2026 778 potest,
2051 707 2143 777 qui
2176 715 2231 761 et
2319 722 2540 762 sensum
2571 715 2625 762 et
2647 708 3061 779 intelligentiam
3138 711 3193 764 in
3222 714 3396 768 sacris

1826 799 2049 854 Litteris
2083 813 2344 869 superare
2377 799 2661 854 dicitur".
2685 798 2783 855 His
2815 802 3069 856 omnibus
3107 805 3267 872 quasi
3311 805 3384 858 si-

1826 891 2011 960 gillum
2038 890 2136 945 has
2161 897 2433 945 extremas
2452 906 2612 945 voces
2631 890 2877 962 adjungit
2897 905 2910 941 :
2931 911 2950 944 ι
2981 893 3117 958 Quis
3151 895 3395 964 sapiens,

1825 991 1880 1036 et
1909 983 2185 1036 custodiet
2236 984 2376 1047 haec,
2431 993 2484 1037 et
2515 982 2781 1054 intelliget
2830 985 3238 1040 misericordias
3290 985 3397 1040 Do-

1826 1071 2002 1124 mini?
2023 1067 2191 1122 tCum
2211 1066 2354 1123 enim
2376 1073 2656 1142 sapientia:
2677 1075 2823 1129 actio
2858 1074 3059 1145 duplex
3087 1077 3194 1135 sit:
3225 1079 3399 1132 altera

1829 1178 1949 1231 quae
1973 1161 2193 1231 indagat
2217 1171 2270 1216 et
2289 1163 2485 1232 quaerit
2512 1164 2687 1228 utilia,
2724 1165 2900 1221 altera
2929 1183 3052 1237 quae
3088 1177 3244 1237 parta
3277 1183 3398 1222 ser-

1827 1259 1951 1306 vat:
1984 1253 2132 1306 illam
2165 1255 2382 1322 quidem
2406 1255 2684 1324 sapientiae
2715 1256 3007 1322 actionem,
3055 1274 3178 1328 qua:
3223 1259 3277 1312 in
3312 1259 3399 1312 in-

1831 1341 2186 1411 vestigatione
2223 1344 2497 1408 consistit,
2553 1344 2754 1400 indicat
2809 1357 2939 1401 tunc
2997 1359 3339 1404 cessaturam
3383 1366 3396 1401 :

1827 1433 1956 1501 quid
2013 1434 2158 1487 enim
2198 1449 2336 1502 Opus
2395 1443 2478 1490 est
2532 1436 2916 1504 inquisitione,
2964 1452 3092 1492 eum
3147 1439 3200 1494 id
3248 1439 3397 1509 quod

1827 1526 2116 1600 quzeritur,
2144 1526 2337 1580 adest?
2376 1527 2472 1581 sed
2510 1528 2737 1581 alteram
2778 1529 3155 1584 tantummodo
3200 1530 3402 1584 durare

1829 1627 1884 1670 et
1915 1631 2074 1686 agere
2109 1617 2350 1685 postulat
2391 1625 2450 1670 ut
2492 1620 2692 1673 bonum
2723 1620 2976 1690 adeptum
3031 1622 3398 1687 custodiatur,

161 1711 417 1771 ἀσυνέτως
435 1710 536 1778 τῆς
551 1709 698 1771 θείας
721 1708 1125 1780 φιλανθρωπίας
1140 1707 1304 1777 ἔχειν.
1322 1707 1378 1759 ’0
1407 1706 1514 1776 γάρ
1531 1705 1728 1776 συνεὶς,

1838 1707 2120 1776 adjuvante
2151 1724 2250 1763 nos
2281 1710 2346 1763 ad
2378 1709 2481 1763 hoc
2531 1710 2706 1779 ipsum
2761 1713 3049 1780 sapientia.
3099 1711 3230 1778 Quae
3267 1728 3398 1768 vc"o

162 1796 226 1855 ὧν
245 1801 564 1871 τετύχηκεν,
585 1801 686 1852 ούκ
708 1801 772 1853 ἂν
792 1800 1010 1870 πρόοιτο
1026 1799 1136 1868 (66)
1157 1797 1217 1851 τὸ
1238 1797 1456 1867 ἀγαθὸν,
1473 1790 1532 1850 οὗ
1561 1797 1726 1866 ἠξίω-

165 1912 263 1946 ται.
292 1894 349 1945 '0
376 1893 432 1944 δὲ
461 1892 735 1954 ἀσυνέτως
767 1891 904 1961 ἔχων
929 1891 1027 1960 τῆς
1053 1889 1289 1960 χάριτος,
1320 1888 1514 1941 ταύτὸν
1547 1890 1727 1942 πείσε-

170 2004 239 2038 ται
272 1988 380 2048 τοῖς
409 1985 651 2052 τυφλοῖς,
680 1985 730 2036 οἳ
768 1986 1112 2056 μαργαρίτην
1140 1984 1172 2054 ἦ
1199 1982 1526 2054 σμάραγδον,
1555 1982 1589 2051 ἦ
1610 1997 1730 2033 τινα

162 2078 257 2128 τῶν
285 2077 478 2145 τιμίων
502 2076 666 2128 λίθων
693 2077 751 2128 ἐν
771 2077 927 2146 χερσὶ
949 2074 1220 2137 λαϐόντες,
1259 2073 1334 2134 ὡς
1369 2072 1575 2143 ψηφίδα
1611 2069 1732 2123 τινὰ

164 2170 260 2222 τῶν
290 2170 506 2222 είκαίων
544 2167 654 2238 (67)
687 2167 1136 2238 ἀπορρίπτουσιν,
1179 2164 1369 2234 ἀγνοίᾳ
1393 2162 1484 2215 τοῦ
1507 2161 1733 2223 κάλλους

168 2262 418 2321 ἀκουσίως
446 2258 814 2330 ζημιωθέντες
841 2258 935 2310 τοῦ
965 2258 1261 2327 κτήματος.

1835 1801 1948 1854 hinc
1979 1807 2062 1855 est
2098 1803 2387 1871 sapientia,
2424 1810 2477 1856 et
2521 1803 2790 1857 bonorum
2831 1804 3121 1858 custodia?
3163 1800 3239 1858 Ne
3273 1805 3400 1874 quis

1833 1890 2028 1944 divina:
2081 1891 2438 1946 humanitatis
2497 1899 2553 1946 et
2621 1893 2978 1962 benignitatis
3029 1895 3101 1948 sit
3150 1894 3306 1950 rudis
3347 1902 3403 1949 et

1835 1981 2078 2051 ignarus.
2116 1979 2251 2034 Nam
2279 1982 2371 2050 qui
2405 1982 2654 2052 intelligit
2684 1998 2806 2051 qua:
2851 1989 3140 2038 assecutus
3187 1990 3292 2046 est,
3358 1983 3407 2038 is

1838 2073 2152 2141 neutiquam
2189 2072 2447 2139 abiecerit
2469 2073 2670 2126 bonum
2697 2072 2853 2138 illud,
2880 2087 2991 2142 quo
3022 2071 3262 2129 donatus
3291 2079 3399 2126 est.

1837 2163 1906 2216 At
1947 2163 2039 2232 qui
2069 2163 2297 2232 gratiam
2327 2178 2435 2217 non
2460 2163 2736 2233 intelligit,
2762 2164 2812 2219 ei
2848 2163 2988 2218 idem
3019 2163 3217 2220 accidit
3257 2163 3406 2234 quod

1839 2253 2021 2315 caecis,
2055 2253 2146 2320 qui
2179 2254 2532 2323 margaritam
2561 2254 2644 2308 vel
2664 2255 3036 2325 smaragdum,
3059 2255 3142 2309 vel
3172 2255 3408 2324 aliquem

166 2353 517 2421 pretiosorum
551 2350 788 2421 lapidum
832 2365 994 2403 manu
1035 2358 1304 2413 tenentes,
1348 2355 1408 2402 ut
1437 2346 1706 2402 calculum
1741 2346 1974 2417 aliquem
2011 2346 2284 2415 vulgarem
2313 2353 2367 2400 et
2394 2346 2595 2415 passim
2627 2347 2847 2401 obvium
2897 2347 3182 2417 abjiciunt,
3214 2349 3304 2418 qui
3337 2347 3409 2404 ob

165 2445 514 2511 ignorantiam
563 2440 990 2514 pulchritudinis
1046 2456 1166 2511 qua:
1223 2440 1279 2495 in
1337 2447 1486 2494 tanta
1536 2453 1594 2494 re
1639 2440 1798 2504 inest,
1829 2454 1891 2495 ea
1927 2447 2124 2509 praeter
2149 2454 2304 2494 suam
2343 2441 2677 2493 voluntatem
2713 2440 3017 2508 privantur.

695 2577 1092 2647 KEtbAAAION
1130 2577 1205 2630 θ’.

229 2697 443 2759 ταύτας
474 2695 534 2747 δὲ
577 2695 678 2757 τὰς
708 2693 869 2747 πέντε
907 2693 1016 2746 τῶν
1053 2691 1281 2762 ψαλμῶν
1315 2671 1634 2760 διαιρέσεις,
1665 2689 1733 2741 δι’

172 2790 238 2846 ὢν
288 2788 538 2858 καθάπερ
577 2785 728 2847 τινάς
775 2784 1014 2854 βαθμοὺς
1060 2782 1303 2851 ἀλλήλων
1357 2779 1734 2852 ὑπερανεστῶ-

171 2897 260 2942 τας
282 2878 393 2947 (68)
415 2877 557 2930 κατά
587 2893 708 2928 τινα
728 2874 933 2936 τάξεως
959 2871 1276 2926 ἀκολουθίαν
1303 2871 1738 2940 κατανοήσαντες

2430 2572 2660 2630 CAPUT
2721 2573 2809 2628 IX.

1908 2687 2030 2740 istae
2090 2685 2258 2755 igitur
2304 2694 2433 2739 sunt
2491 2684 2738 2754 quinque
2793 2683 3005 2753 partitae
3055 2681 3403 2739 Psalmorum

1836 2777 2160 2843 divisiones,
2189 2791 2325 2847 quas
2359 2783 2618 2844 tanquam
2663 2773 2868 2844 gradus
2911 2774 3205 2844 quosdam,
3272 2775 3408 2829 alios

1840 2871 1964 2926 aliis
1992 2870 2238 2931 altiores,
2270 2867 2572 2924 secundum
2625 2865 2916 2936 quamdam
2967 2866 3178 2920 ordinis
3212 2866 3408 2921 seriem

174 2971 232 3020 ἐκ
259 2967 367 3020 τῶν
407 2967 711 3036 εἰρημένων
737 2964 1084 3035 διεκρίναμεν
1112 2963 1372 3033 σημείων,
1402 2962 1483 3014 ὅτι
1506 2961 1735 3014 ἑκάστου

1841 2960 2240 3037 consideratas,
2281 2973 2346 3012 ex
2381 2956 2620 3026 propriis
2651 2955 2821 3026 signis
2859 2963 2914 3009 et
2947 2954 3165 3010 indiciis
3195 2954 3401 3010 discre-

173 3061 457 3128 τμήματος
489 3061 521 3127 ἡ
573 3055 862 3108 τελευταία
888 3055 1040 3125 φωνὴ
1078 3054 1262 3107 στάσιν
1295 3053 1419 3105 τινὰ
1453 3050 1546 3104 τοῦ
1580 3050 1738 3118 λόγου

175 3153 260 3201 καὶ
284 3148 440 3216 βάσιν
469 3148 566 3217 τῆς
593 3146 832 3209 διανοίας
861 3145 973 3214 εχει
998 3184 1014 3210 ,
1050 3143 1498 3216 περιγράφουσαν
1529 3143 1585 3194 ὲν
1616 3142 1742 3194 ἑαυ-

174 3243 234 3310 τῇ
268 3238 381 3290 τῶν
431 3237 853 3308 προῃνυσμένων
900 3236 963 3289 τὸ
1008 3236 1202 3306 πέρας,
1235 3235 1321 3287 διά
1353 3234 1453 3304 τῆς
1474 3231 1740 3299 δοξολογιο

177 3331 271 3399 τῆς
303 3347 361 3381 τε
411 3329 506 3381 καὶ
563 3328 883 3398 εὐχαρίστου
915 3328 1096 3396 φωνῆς
1123 3327 1224 3398 τῆς
1247 3319 1742 3394 λεγούσης,ιΕύλο-

181 3418 340 3486 ’τττδς
365 3417 566 3486 Κύριος
597 3418 674 3479 εἱς
696 3416 787 3468 τὸν
815 3415 1004 3476 αἰῶνα,
1026 3417 1256 3486 γένοιτο,
1272 3414 1497 3484 γένοιτο.
1517 3411 1615 3465 »Τὸ
1634 3407 1742 3475 γὰρ

187 3509 355 3576 νόημα
382 3507 608 3569 τούτων,
651 3505 971 3576 εὐχαριστία
1002 3503 1084 3565 τίς
1112 3502 1220 3573 (69)
1253 3503 1400 3553 ἐστιν
1429 3501 1506 3562 είς
1539 3497 1599 3550 τὺ
1627 3497 1744 3566 διη-

187 3597 332 3656 νεκὲς
378 3594 807 3666 παραμένουσαο
865 3591 1046 3661 ἐπειδὴ
1094 3590 1193 3644 ούκ
1239 3588 1471 3654 εἰσάπαξ
1515 3587 1684 3641 είπὼν
1715 3589 1743 3640 ὁ

187 3686 332 3751 λόγος
356 3687 619 3751 ,Γένοιτο,
639 3685 837 3751 ἔστησε
870 3682 966 3752 τὴν
1013 3681 1291 3748 εὐλογίαν,
1322 3679 1456 3733 ἀλλὰ
1486 3682 1552 3748 τῇ
1587 3679 1741 3749 δισσῇ

185 3773 436 3842 ἀναλήψει
473 3772 571 3841 τῆς
614 3770 800 3839 φωνῆς
828 3771 887 3823 ὲν
925 3773 990 3840 τῇ
1036 3770 1354 3842 εὐχαριστίᾳ
1387 3760 1661 3838 νομοθετεῖ
1685 3765 1744 3818 τὸ

186 3861 372 3914 sum.
411 3862 499 3913 Ἐν
522 3861 736 3929 ἑκάστῳ
764 3861 822 3913 δὲ
864 3860 1018 3930 μέρει
1062 3859 1168 3911 τῶν
1203 3859 1339 3913 κατά
1371 3858 1438 3911 τά
1468 3858 1578 3928 (70)
1604 3857 1746 3928 τμή-

191 3969 324 4018 ματα
370 3951 540 4003 ταῦτα
581 3949 975 4019 διαιρεθέντων,
1006 3949 1136 4002 ἴδιόν
1174 3965 1227 4002 τι
1271 3949 1472 4016 ἀγαθὸν
1519 3950 1547 4001 ὁ
1587 3947 1744 4015 λόγος

189 4040 528 4111 ἑνεθεῶρησε,
553 4041 622 4094 δι’
653 4036 716 4095 οὗ
747 4041 955 4108 γίνεται
988 4042 1120 4110 ἡμῖν
1150 4040 1214 4093 ἐκ
1245 4038 1380 4092 Θεοῦ
1412 4040 1444 4109 ή
1479 4038 1744 4109 μακαριό-

190 4149 299 4200 της,
336 4134 476 4185 κατά
510 4150 633 4186 τινα
688 4131 840 4197 τάξιν
877 4129 1168 4183 ἀκόλουθον
1203 4128 1314 4182 τῶν
1366 4130 1422 4181 ὲν
1461 4128 1571 4198 (71)
1618 4127 1747 4181 ἑκά·

195 4237 293 4289 στῳ
333 4221 718 4292 θεωρουμένων
750 4220 1000 4288 ἀγαθῶν,
1027 4220 1114 4272 ἀεὶ
1143 4217 1279 4289 πρὸς
1314 4217 1376 4270 τὸ
1415 4217 1745 4288 ὑψηλότερον

1839 3052 2041 3112 vimus,
2062 3050 2189 3120 quia
2222 3047 2490 3117 cujusque
2527 3047 2788 3102 sectionis
2819 3061 2921 3100 vox
2957 3046 3248 3100 terminum
3299 3060 3417 3100 ser-

1841 3141 1990 3195 moni
2029 3149 2083 3193 et
2132 3148 2328 3193 metam
2383 3137 2700 3207 cogitationi
2746 3137 2924 3207 ponit,
2973 3136 3410 3206 circumscriptis

1841 3229 2269 3300 praecedentium
2333 3228 2557 3289 ﬁnibus,
2628 3226 2946 3296 hujusmodi
2993 3227 3307 3281 laudatione
3363 3235 3411 3282 et

1841 3323 2140 3393 gratiarum
2180 3320 2437 3374 actione:
2469 3337 2498 3387 _¢
2541 3318 2866 3374 Benedictus
2900 3319 3166 3374 Dominus
3212 3320 3266 3373 in
3314 3334 3402 3374 ste-

1842 3414 2048 3475 culuni,
2079 3411 2188 3476 ﬁat,
2223 3412 2335 3464 liat.
2363 3429 2380 3461 ι
2423 3410 2628 3466 Sensus
2647 3411 2792 3466 enim
2826 3412 2911 3466 bis
2944 3411 3260 3468 substratus
3280 3428 3405 3468 con-

1842 3505 1978 3559 tinet
2007 3503 2310 3574 gratiarum
2342 3503 2612 3557 actionem
2639 3501 2697 3556 in
2729 3509 3052 3571 perpetuum
3073 3503 3403 3572 durantem;

1843 3594 2281 3666 quandoquidem
2307 3595 2471 3648 semel
2502 3607 2708 3656 vocem,
2743 3616 2762 3649 σ
2795 3595 2908 3659 ﬁat,
2932 3611 2952 3645 ι
2996 3596 3268 3664 posuisse,
3303 3597 3412 3652 sic-

1843 3699 1950 3754 que
2001 3682 2372 3736 laudationem
2422 3682 2750 3736 terminasse
2780 3696 2892 3736 non
2933 3691 3252 3747 contentus,
3289 3700 3410 3740 eam

1844 3775 2132 3845 duplicat:
2175 3788 2280 3843 qua
2325 3771 2572 3840 ejusdem
2632 3773 2783 3826 vocis
2837 3772 3131 3829 iteratione
3172 3775 3410 3831 insinuat

1849 3875 1904 3922 et
1939 3865 2226 3920 conﬁrmat
2305 3862 2726 3932 perpetuitatem
2789 3865 3091 3934 gratiarum
3155 3866 3413 3921 actionis.

1848 3955 2015 4009 Porro
2065 3955 2119 4007 in
2178 3952 2421 4022 qualibet
2469 3961 2625 4018 parte
2663 3951 3046 4020 pradictarum
3105 3955 3412 4010 sectionum

1847 4045 2127 4116 pr0prium
2186 4042 2465 4114 quoddam
2516 4042 2719 4096 bonum
2784 4042 3221 4100 animadvertere
3268 4047 3412 4112 licet,

1845 4149 1942 4203 per
1970 4132 2116 4203 quod
2147 4132 2306 4186 nobis
2339 4131 2618 4185 beatitudo
2668 4131 2908 4192 obvenit,
2965 4133 3268 4188 secundum
3322 4149 3415 4188 or-

1847 4225 2028 4280 dinem
2068 4223 2380 4294 quemdam,
2415 4222 2508 4291 qui
2553 4222 2606 4275 in
2639 4222 2871 4291 singulis
2901 4223 3011 4278 illis
3045 4223 3204 4279 bonis
3231 4225 3416 4280 inesse

191 4314 280 4382 τὴν
303 4314 475 4383 ψυχὴν
505 4311 837 4382 ὑπερτιθεὶς,
861 4310 934 4374 ὡς
974 4309 1040 4364 ἂν
1077 4309 1170 4362 ἐπὶ
1195 4309 1257 4361 τὸ
1293 4308 1589 4380 ἀκρότατον
1616 4307 1735 4377 ἀφί-

1851 4315 2234 4385 conspicitur;
2278 4327 2496 4381 semper
2548 4311 2614 4364 ad
2645 4310 2838 4364 altiora
2895 4311 3078 4366 animo
3133 4312 3412 4377 traducto,

191 4421 344 4472 ιιηται
365 4405 474 4474 (τε)
501 4405 611 4458 τῶν
632 4402 870 4472 ἀγαθῶν.

254 4495 418 4548 τοῦτο
450 4495 508 4548 δέ
559 4497 706 4547 ἐστιν
745 4495 774 4546 ὀ
820 4489 964 4556 αἶνος
992 4490 1096 4544 τοῦ
1139 4487 1274 4543 Θεοῦ
1321 4489 1432 4558 (75)
1487 4489 1545 4542 ἐν
1589 4491 1751 4543 πᾶσιν

197 4583 358 4650 ἁγίοις
380 4584 876 4655 ἀποπληρούμενος,
899 4581 1079 4643 καθὼς
1118 4579 1364 4650 περιέχει
1394 4582 1422 4632 ὁ
1449 4580 1751 4644 τελευταῖος

195 4672 396 4743 ᾄαὶμὸς
408 4674 597 4742 λέγων·
622 4693 639 4725 ι
653 4676 860 4727 Αἰνεῖτε
877 4672 964 4725 τὸν
983 4671 1116 4724 Θεὸν
1133 4671 1192 4723 ὲν
1212 4673 1323 4733 τοῖς
1343 4671 1518 4740 ἁγίοις
1533 4668 1715 4724 αὐτοῦ.
1728 4689 1747 4721 ι

201 4760 364 4816 Ὅπου
398 4765 504 4834 (75)
536 4783 555 4815 ι
591 4765 652 4818 τὸ
680 4764 963 4835 στερέωμα
987 4762 1089 4831 τῆς
1112 4761 1443 4831 δυνάμεως,ι
1482 4761 1542 4815 τὸ
1567 4762 1630 4813 ὲκ
1659 4761 1750 4815 τοῦ

202 4854 396 4919 ἀγαθοῦ
426 4857 808 4925 ἀμετάπτωτον
833 4853 1232 4924 σημαίνειΠό),
1256 4854 1346 4908 καὶ
1367 4854 1424 4908 at
1450 4852 1756 4907 δυναστεῖαι

205 4943 288 4994 τοῦ
305 4944 453 5008 Θεοῦ,
477 4945 538 4998 τδ
559 4945 752 5016 μηκέτι
771 4944 875 4997 ὑπὸ
897 4943 1092 5006 κακίας
1107 4943 1518 5004 δυναστεύεσθαι
1540 4943 1639 5016 τὴν
1657 4941 1758 5011 φύ-

277 5100 318 5128 ⁸’
345 5097 568 5170 Philipp.
600 5115 674 5163 tv,
705 5098 758 5152 'l.
835 5097 875 5128 "
905 5097 1043 5151 Psal.
1077 5110 1157 5160 CL,
1191 5098 1208 5153 ί
1237 5118 1354 5193 sqq.

284 5257 385 5326 (65)
411 5258 668 5327 Ἑνεργόν,
692 5257 782 5327 ed.

283 5327 384 5398 (Ψ)
411 5326 640 5398 “potato.
670 5326 759 5382 ed.

435 5391 644 5467 A'liquot
678 5393 995 5464 exemplaria
1039 5394 1148 5464 edita
1189 5466 1323 5513 LM
1373 5408 1631 5513 habent
1665 5391 1755 5447 οξ-

427 5466 620 5560 ..ε-ξ.-.
667 5531 798 5560 ,κη
1189 5466 1323 5560 lia/0

290 5535 389 5623 ἓξὲξ)
407 5535 623 5623 HW
653 5531 818 5623 ξενίη·
848 5537 1120 5623 Wth

291 5603 384 5672 (G9)
407 5605 491 5667 τις
513 5603 615 5660 om.
646 5604 731 5656 ed.
1105 5603 1168 5758 ‘99

1169 5695 1202 5768 ᾧ

1200 5719 1215 5748 ς

1851 4406 2024 4462 donec
2057 4404 2122 4459 ad
2146 4417 2462 4473 supremum
2513 4402 2758 4456 omnium
2811 4403 3077 4456 bonorum
3121 4404 3416 4475 pertingat.

1925 4495 2038 4551 Hoc
2070 4510 2199 4550 vero
2233 4495 2374 4564 quod
2409 4492 2664 4546 omnibus
2696 4506 2985 4548 commune
3005 4495 3130 4559 erit,
3160 4495 3235 4548 nil
3269 4494 3417 4550 aliud

1853 4595 1956 4651 est,
1993 4602 2155 4656 quam
2192 4585 2368 4640 laudis
2407 4585 2604 4639 divina:
2651 4584 2970 4651 celebratio,
2991 4600 3112 4655 quae
3141 4587 3196 4640 in
3242 4587 3425 4640 omni-

1853 4679 1955 4734 bus
1994 4677 2202 4732 sanctis
2235 4676 2632 4746 complebilur;
2664 4687 2826 4747 prout
2864 4675 2922 4731 in
2961 4685 3242 4747 postremo
3271 4680 3417 4748 psal-

1855 4784 1945 4822 mo
1988 4768 2221 4823 habetur
2246 4784 2260 4821 :
2281 4787 2298 4818 ι
2312 4766 2554 4824 Laudate
2567 4767 2857 4824 Dominum
2871 4766 2927 4821 in
2944 4767 3155 4823 sanctis
3167 4761 3330 4835 eius"
3353 4779 3394 4817 τι

1856 4858 1948 4912 ubi
1995 4856 2159 4910 etiam
2199 4856 2644 4912 «ﬁrmamentum
2687 4854 2908 4910 virtutis
2959 4853 3080 4923 ejus
3105 4870 3126 4906 ι
3167 4845 3426 4905 immuta-

1857 4947 2020 5003 bilem
2059 4946 2425 5002 constantiam
2452 4945 2507 4999 in
2532 4945 2674 5000 bono
2702 4943 2970 5016 signiﬁcat
3000 4961 3014 4999 :
3043 4939 3421 5013 Principatum-

1931 5243 2042 5313 (70)
2075 5244 2155 5298 Τὰ
2178 5257 2289 5297 om.
2323 5243 2418 5296 ed-

1931 5260 2022 5313 ('lU
2075 5260 2155 5298 ἰα
2178 5260 2289 5297 om.
2323 5260 2388 5296 ea

1929 5260 2042 5384 (7Ιί
2063 5315 2152 5367 Ἐν
2184 5327 2298 5384 om.
2321 5313 2406 5365 ed.

1931 5376 1947 5450 ί
1957 5376 2042 5450 72)
2072 5382 2378 5452 Ἐφίκηται,
2401 5376 2495 5452 ed,

1934 5443 2044 5523 (75)
2083 5443 2366 5523 ’θ’μηᾶιέτι
2387 5449 2494 5523 imo
2523 5447 2717 5511 κακίας
2746 5445 2869 5502 add.
2897 5443 2984 5501 ed-

1936 5491 2048 5590 i‘fi')
2074 5491 2141 5576 Δῖ
2171 5491 2425 5590 ἒέίᾶῗᾷιιῖ

1940 5588 1992 5663 (Ἷ
1997 5592 2051 5664 5)
2081 5588 2454 5660 Διασημαίνει,
2491 5588 2578 5643 ed.
