4054 6436
603 331 707 387 485

1877 319 1935 376 S.
1971 319 2298 376 GREGORII
2333 319 2629 376 ﬁYSSENI

3751 333 3851 392 484

605 455 713 510 que
745 453 840 493 seu
870 436 1100 492 virtutes
1129 434 1225 491 Dei
1275 433 1574 491 ostendunt
1618 441 1869 488 naturam
1919 449 2028 487 non
2069 448 2180 487 am-

2289 451 2370 487 σιν
2421 433 2837 506 παραδηλοῦσιν.
2879 435 3004 489 Ὅτε
3043 441 3210 509 χωρεῖ
3249 441 3430 498 λοιπὸν
3469 449 3501 517 ἠ
3544 448 3851 522 ἀνθρωπίνη

607 535 752 604 plins
779 531 894 584 fore
920 529 1280 583 dominationi
1318 530 1529 600 peceati
1580 526 1915 591 obnoxiam;
1964 525 2184 594 quando

609 625 846 678 humana
886 632 1078 676 natura
1121 622 1189 676 de
1239 631 1456 684 cretero,
1520 619 1818 675 secundum
1875 617 2184 670 multitudi-

608 732 731 771 nem
759 714 1155 784 magnitudinis
1177 714 1297 782 ejus
1336 713 1550 766 laudem
1586 711 1860 773 instituet,
1915 724 2024 764 non
2068 710 2181 779 jam

609 824 834 877 parvum
865 805 1126 876 quiddam
1163 813 1217 859 et
1244 805 1385 858 exile
1415 818 1706 864 resonans,
1757 802 1850 856 sed
1883 802 2035 855 vocis
2071 815 2185 854 ma-

609 901 898 970 gnitudine
950 899 1134 951 tubam
1167 912 1482 966 exmqnans.
1527 895 1615 947 Ait
1679 895 1822 948 enim
1853 910 1867 948 :
1900 913 1918 944 ι
1944 893 2185 948 Laudate

610 993 663 1046 in
696 1008 832 1044 sono
865 991 1027 1052 tubae,
1058 1009 1074 1041 ι
1113 989 1331 1058 quando
1361 989 1525 1041 etiam
1563 987 1728 1056 hujus
1776 985 2027 1040 universi
2061 986 2185 1038 har-

611 1084 851 1138 moniam
884 1092 937 1137 et
969 1089 1303 1137 concentum
1351 1081 1655 1134 imitabitur
1703 1079 1872 1133 variis
1916 1085 1970 1132 et
1999 1079 2185 1131 multi-

610 1176 762 1243 genis
792 1175 1112 1235 virtutibus,
1145 1173 1303 1242 quasi
1356 1186 1624 1242 organum
1665 1171 1774 1224 Deo
1835 1171 1975 1224 facta
2044 1169 2184 1239 aptis

610 1266 1012 1332 concinnisquc
1076 1265 1316 1318 modulis
1376 1273 1430 1318 et
1485 1263 1864 1317 concentibus.
1930 1260 2186 1314 Nominat

613 1373 740 1411 vero
791 1358 891 1409 huc
928 1358 1156 1426 ﬁgurata
1205 1357 1440 1426 quadam
1482 1355 1740 1422 loquendi
1783 1354 1956 1408 forma
1993 1373 2010 1404 ι
2040 1355 2184 1422 psal-

611 1450 808 1504 terium
839 1460 893 1504 et
948 1450 1238 1503 citharam.
1272 1468 1288 1500 ι
1342 1447 1474 1502 Post
1521 1448 1680 1516 cujus
1731 1445 2181 1508 modulationem,

611 1541 851 1608 seposito
879 1541 1025 1594 omni
1064 1540 1155 1592 illo
1185 1536 1329 1606 quod
1360 1545 1618 1589 terrestre
1649 1544 1756 1597 est,
1789 1543 1842 1588 et
1862 1542 2069 1586 mutum
2099 1546 2187 1585 vo-

611 1637 802 1700 eisque
845 1647 1064 1699 expers,
1129 1629 1182 1681 in
1235 1637 1618 1698 tympanorum
1676 1625 1970 1694 magniﬁco
2019 1631 2182 1677 cantu

611 1722 895 1776 consociat
926 1720 1244 1773 cmlestibus
1270 1718 1454 1771 choris
1482 1716 1826 1786 propriarum
1853 1714 2184 1768 chordarum

2284 525 2511 596 δύναμις
2563 526 2705 580 κατὰ
2749 527 2809 579 τὸ
2862 528 3062 599 πλῆθος
3099 532 3196 602 τῆς
3251 537 3639 606 μεγαλωσύνης
3688 543 3855 596 αὑτοῦ

2287 619 2554 672 ποιεῖσθαι
2587 619 2676 672 τὸν
2703 615 2878 683 αἶνον,
2909 622 3088 674 οὐκέτι
3126 627 3297 696 μικρά
3329 629 3668 705 φθεγγομένη
3691 676 3706 697 ,
3741 639 3860 689 ἀλλ’

2285 711 2384 780 ἤδη
2423 711 2690 781 παριοῦσα
2729 715 2794 782 τῇ
2840 713 3218 787 μεγαλοφωνίᾳ
3247 717 3342 781 τάς
3383 721 3683 790 σάλπιγγας
3718 726 3856 794 (76).

2285 801 2422 872 Φησὶ
2451 803 2578 871 γάρ·
2613 821 2630 851 ι
2668 803 2873 855 Αἰνεῖτε
2901 804 2991 856 τὸν
3024 806 3224 875 Κύριον
3255 809 3310 859 ὲν
3337 810 3451 880 ἤχῳ
3479 812 3796 882 σάλπιγγος.
3838 836 3856 867 ι

2289 892 2417 942 Ὅτε
2453 894 2544 944 καὶ
2582 895 2823 962 μιμεῖται
2853 895 2950 964 τὴν
2981 895 3073 947 τοῦ
3106 897 3303 960 παντὸς
3335 900 3596 969 ἁρμονίαν
3627 903 3703 972 τῷ
3738 922 3862 956 ποι-

2287 980 2422 1050 κίλῳ
2440 999 2497 1033 τε
2524 982 2618 1034 κα).
2656 983 2923 1035 πολυειδεῖ
2948 983 3052 1036 τῶν
3078 977 3308 1054 ἀρετῶν,
3336 988 3558 1056 ὄργανον
3583 991 3638 1041 ὲν
3663 992 3864 1062 ῥυθμῷ

2291 1073 2550 1141 μελῳδίας
2587 1072 2664 1142 τῷ
2693 1072 2810 1142 Θεῴ
2847 1074 3108 1144 γενομένη
3134 1076 3264 1143 (77).
3310 1078 3588 1146 Ὀνομάζει
3615 1081 3668 1132 δὲ
3700 1083 3866 1136 τοῦτο

2287 1163 2375 1214 διά
2402 1180 2540 1225 τινος
2567 1163 3115 1236 τροπικῆςσημασίας
3133 1186 3149 1215 ι
3177 1166 3469 1237 ψαλτήριόν
3499 1187 3557 1222 τε
3584 1172 3678 1223 καὶ
3704 1176 3867 1227 κιθά-

2290 1272 2388 1326 ραν
2414 1257 2442 1308 ὁ
2475 1255 2650 1323 λόγος.
2677 1278 2692 1308 ι
2717 1256 3004 1326 Μεθ“ὂ(78)
3028 1259 3134 1310 πᾶν
3168 1259 3367 1325 γεῶδές
3395 1277 3448 1312 τε
3508 1263 3598 1314 καὶ
3627 1267 3839 1333 κωφὸν,

2289 1345 2382 1396 καὶ
2437 1345 2546 1414 (79)
2580 1346 2804 1398 ἄναυδον
2835 1347 3166 1416 ἀποθεμένη,
3195 1351 3252 1400 ἐν
3290 1353 3354 1420 τῇ
3400 1352 3506 1403 τῶν
3558 1358 3865 1422 τυμπάνων

2291 1441 2673 1512 μεγαλοφωνίᾳ
2712 1446 2830 1505 ταῖς
2864 1443 3139 1512 οὐρανίαις
3179 1446 3416 1513 χορείαις
3461 1449 3718 1501 συνάπτει
3751 1453 3866 1503 τῶν

2293 1534 2435 1586 ἰδίων
2463 1534 2664 1604 χορδῶν
2691 1535 2779 1586 τὸν
2810 1529 2960 1603 ἦχον.
3002 1533 3200 1604 Χορδα).
3234 1535 3277 1587 δ’
3310 1535 3372 1588 ἂν
3403 1533 3510 1589 εἷεν
3534 1539 3611 1607 τῷ
3638 1540 3866 1610 ὀργάνῳ

2289 1623 2638 1691 ἐντεταμέναι
2677 1624 2813 1690 (80),
2843 1625 2904 1675 τὸ
2944 1625 3000 1676 ὲν
3029 1625 3230 1695 ἑκάστη
3277 1628 3442 1697 ἀρετῇ
3487 1629 3624 1701 πρὸς
3656 1633 3866 1684 κακίαν

2291 1711 2564 1764 ἀνένδοτὸν
2597 1729 2656 1764 τε
2690 1714 2782 1766 καὶ
2827 1714 3144 1784 ἀχάλαστον.
3184 1716 3260 1767 Δι’
3291 1709 3363 1768 ὧν
3403 1716 3605 1784 γίνεται
3649 1722 3680 1790 ἡ
3720 1723 3864 1792 καλὴ

615 1829 833 1868 sonum.
900 1811 1129 1866 Chordae
1175 1818 1354 1863 autem
1401 1810 1454 1862 in
1512 1823 1717 1876 organo
1769 1813 2008 1861 extensa:
2055 1803 2186 1857 nihil

2295 1801 2508 1854 συνοδία
2531 1802 2623 1855 τοῦ
2647 1804 2921 1874 κυμϐάλου
2947 1809 3063 1868 ταῖς
3103 1807 3316 1876 χορδαῖς
3357 1809 3706 1878 μιγνυμένου,
3729 1813 3864 1864 ὅταν

612 1910 756 1964 aliud
800 1909 1020 1971 fuerint,
1055 1923 1218 1977 quam
1253 1905 1340 1958 ille
1370 1904 1422 1958 in
1463 1904 1705 1972 qualibet
1734 1903 1938 1954 virtute
1983 1900 2186 1952 insitus

611 2002 778 2068 rigor,
811 2015 920 2069 quo
949 1998 1016 2050 ad
1053 1997 1314 2050 malitiam
1346 1993 1547 2047 inﬂecti
1575 2003 1628 2046 et
1659 1988 1914 2044 inclinari
1967 1987 2181 2056 nequit.

611 2091 821 2156 Quibus
872 2089 1127 2142 omnibus
1163 2085 1443 2156 jucundus
1480 2084 1570 2137 ille
1615 2081 1848 2152 cymbali
1889 2087 2187 2132 conectitus

611 2181 836 2234 chordis
877 2180 1171 2248 permistus
1201 2176 1452 2236 eﬂicitur,
1498 2171 1716 2242 quando
1755 2185 1926 2225 sonus
1966 2168 2187 2237 cymba-

611 2269 814 2332 lorum,
849 2277 1082 2323 mentem
1113 2269 1336 2325 excitat.
1379 2275 1436 2320 ut
1464 2266 1679 2318 divinos
1713 2263 1836 2317 illos
1877 2268 2056 2314 cmtus
2085 2260 2185 2314 ob-

610 2372 718 2422 eat,
745 2368 797 2412 et
832 2359 1174 2428 frequentet;
1202 2358 1345 2427 quod
1391 2357 1611 2425 quidem
1660 2355 1796 2407 mihi
1831 2355 2060 2407 innuere
2102 2351 2188 2406 vi-

609 2451 767 2504 detur
797 2457 1004 2502 naturae
1053 2455 1254 2502 nostra:
1321 2461 1443 2499 cum
1481 2445 1684 2514 angelis
1733 2444 2066 2506 societatem,
2113 2441 2189 2495 ait

610 2543 754 2597 enim
791 2557 803 2593 :
844 2559 860 2589 ι
886 2539 1124 2592 Landate
1171 2537 1460 2591 Dominum
1518 2537 1570 2588 in
1615 2534 1882 2604 cymbalis
1915 2533 2052 2587 bene
2092 2547 2184 2586 so-

611 2634 888 2686 nantibus.
925 2651 940 2682 ι
981 2629 1299 2685 Conventus
1332 2629 1477 2683 enim
1523 2627 1614 2680 ille
1669 2627 1930 2696 angelica:
1977 2635 2186 2679 naturae

610 2738 732 2776 cum
772 2723 1028 2785 humana,
1062 2719 1284 2790 quando
1319 2719 1554 2772 humana
1586 2719 1649 2771 ad
1680 2718 1837 2770 ﬂnem
1873 2732 2032 2771 suum
2061 2731 2186 2784 per-

609 2816 843 2877 venerit,
881 2822 1089 2883 gratam
1125 2813 1270 2866 illam
1319 2812 1617 2880 gratiarum
1669 2810 1901 2864 actionis
1937 2807 2187 2862 modula-

609 2905 834 2969 tionem,
861 2913 1052 2956 mntuo
1083 2917 1382 2970 congressu
1412 2901 1642 2965 eﬂiciet;
1675 2901 1947 2968 simulque
1978 2897 2185 2966 junctis

608 2993 830 3047 vocibus
860 2992 1246 3061 benignitatem
1269 2990 1358 3043 Dei
1394 3003 1558 3057 super
1589 3002 1779 3040 omnes
1818 2994 2076 3055 perpetuo
2100 2984 2183 3037 ef-

609 3083 788 3136 fusam
821 3079 1169 3144 decantabit;
1200 3078 1303 3131 hoc
1333 3078 1476 3132 enim
1513 3075 1744 3146 cymbali
1784 3090 1904 3128 cum
1934 3073 2182 3144 cymbalo

609 3173 925 3241 conjunctio
957 3169 1250 3239 signiticet.
1288 3167 1604 3237 Cymbalum
1636 3181 1801 3218 unum
1837 3174 1919 3220 est
1945 3164 2182 3218 caelestis

607 3263 704 3316 illa
737 3263 1050 3332 angelorum
1087 3267 1314 3324 natura;
1368 3259 1600 3311 alterum
1637 3255 1940 3326 cymbalum
1980 3262 2063 3309 est
2096 3269 2184 3306 ra-

609 3353 830 3407 tionalis
860 3351 1140 3404 hominum
1169 3359 1453 3413 creatura;
1504 3347 1598 3402 sed
1636 3355 1915 3416 peccatum
1947 3346 2087 3401 hanc
2115 3347 2184 3399 ab

609 3443 700 3497 illa
724 3442 1014 3510 separavit,
1043 3456 1179 3510 quas
1209 3455 1329 3494 cum
1373 3438 1555 3492 denuo
1606 3437 1696 3492 Dei
1744 3437 2047 3508 benignitas
2088 3453 2183 3492 co-

608 3533 894 3604 pulaverit,
917 3540 1047 3585 tunc
1075 3531 1351 3585 resonabit
1388 3539 1618 3599 utraque
1644 3529 1695 3582 in
1731 3544 1896 3581 unum
1923 3529 2033 3597 jam
2050 3544 2183 3583 con-

608 3624 753 3689 ﬂata,
785 3623 1042 3694 hymnum
1082 3622 1252 3686 illum,
1289 3623 1435 3690 quia,
1461 3628 1519 3674 ut
1555 3635 1787 3690 magnus
1831 3619 1906 3673 ait
1950 3620 2185 3690 Aposto-

610 3715 726 3769 lus:
768 3733 784 3764 ι
811 3714 1002 3768 Omnis
1039 3713 1217 3782 lingua
1261 3711 1607 3765 confitebitur
1648 3711 1975 3772 ccelestium,
2014 3719 2186 3765 terre-

613 3806 833 3868 strium,
867 3803 1302 3868 etinl‘ernorum,
1334 3801 1612 3856 Christum
1649 3816 1771 3855 esse
1795 3800 1848 3853 in
1893 3801 2065 3870 gloria
2085 3801 2189 3854 Pa-

610 3898 790 3950 tris".
821 3915 839 3947 ι
888 3895 1007 3961 Quo
1035 3895 1179 3949 facto
1213 3894 1586 3948 decantabunt
1630 3892 1744 3946 haec
1777 3891 2025 3963 cymbala
2068 3891 2188 3961 epi-

612 3987 843 4048 nicium,
890 4002 984 4040 seu
1016 4000 1236 4039 carmen
1286 3982 1588 4045 \‘iclorialc,
1638 3989 1896 4050 tanquam
1961 3980 2187 4034 victoria

614 4085 790 4147 parta,
835 4076 906 4130 ob
939 4089 1284 4128 communem
1321 4074 1433 4142 jam
1483 4072 1859 4134 concordiam,
1904 4071 2110 4126 abolito
2135 4078 2189 4126 et

616 4167 898 4239 proﬂigato
937 4167 1284 4231 adversario;
1333 4179 1442 4234 quo
1487 4163 1716 4231 depulso
1759 4169 1812 4216 et
1854 4161 1910 4215 in
1957 4160 2187 4214 nihilum

614 4259 860 4323 redacto,
891 4257 1265 4311 indesinenter
1298 4255 1367 4309 ab
1395 4252 1541 4306 omni
1587 4251 1806 4320 spiritu,
1843 4250 1962 4319 pari
2007 4251 2189 4305 studio

611 4358 664 4404 et
689 4358 887 4404 conatu
917 4349 1035 4403 laus
1059 4356 1111 4404 et
1139 4349 1374 4418 hymnus
1414 4344 1522 4399 Deo
1566 4345 1620 4397 in
1655 4357 1873 4397 omnem
1912 4343 2188 4395 teternita-

2289 1892 2317 1943 ὁ
2343 1892 2450 1944 τῶν
2480 1893 2770 1963 κυμϐάλων
2791 1890 2920 1966 ἦχος
2966 1900 3044 1957 είς
3063 1897 3157 1967 τὴν
3195 1897 3342 1949 θείαν
3373 1899 3732 1968 χοροστασίαν
3763 1903 3868 1952 ἐπ-

2289 1985 2477 2058 εγείρῃ
2507 1986 2604 2057 τὴν
2619 1987 2729 2058 (8|)
2761 1989 3083 2059 προθυμίαν.
3103 1988 3277 2061 Ὅπερ
3309 2009 3396 2060 μοι
3425 1992 3570 2044 δοκεῖ
3597 1994 3694 2064 τὴν
3725 1995 3868 2064 πρὶς

2287 2075 2413 2136 τοὺς
2445 2075 2706 2144 ἀγγέλους
2733 2078 2829 2147 τῆς
2867 2077 3076 2146 φύσεως
3110 2079 3264 2147 ἡμῶν
3291 2077 3661 2150 διερμηνεύειν
3700 2085 3867 2135 συνά-

2291 2179 2468 2231 φειαν,
2506 2166 2562 2218 ὲν
2596 2159 2639 2233 ᾧ
2679 2185 2864 2236 φησιν,
2904 2186 2920 2217 ι
2947 2168 3153 2220 Αἰνεῖτε
3184 2170 3276 2222 τὸν
3318 2171 3516 2242 Κύριον
3549 2174 3606 2225 ὲν
3638 2177 3865 2244 κυμϐά-

2289 2253 2399 2317 λοις
2424 2255 2656 2324 εῦήχοις.
2691 2275 2708 2308 ι
2747 2253 2814 2309 'H
2839 2259 2946 2326 γάρ
2969 2257 3186 2328 τοιαύτη
3207 2258 3541 2325 σύνοδος,τοῦ
3568 2265 3865 2332 ἀγγελικοῦ

2287 2345 2429 2414 λέγω
2482 2347 2617 2416 πρὸς
2641 2347 2700 2399 τὸ
2729 2347 3087 2418 ἀνθρώπινον,
3129 2353 3258 2405 ὅταν
3288 2356 3560 2427 ἐπαναχθῇ
3595 2359 3733 2428 πρὸς
3760 2361 3867 2428 τὴν

2288 2436 2516 2506 ἀρχαίαν
2531 2438 2640 2505 (82)
2667 2437 2856 2510 λῆξινή
2875 2439 3183 2513 ἀνθρωπίνη
3201 2442 3482 2512 φύσις,τὸν
3498 2446 3700 2513 γλυκὺν
3721 2450 3870 2501 ἐκεῖ-

2287 2543 2376 2580 νον
2408 2521 2543 2598 ἦχον
2589 2528 2674 2581 διὰ
2705 2529 2802 2599 τῆς
2859 2531 2994 2602 πρὸς
3039 2533 3300 2604 ἀλλήλους
3349 2535 3720 2606 συμπτώσεως
3760 2542 3870 2609 τῆς

2288 2618 2639 2689 εὐχαριστίας
2685 2620 3023 2674 ἀποτελέσει’
3076 2625 3164 2677 κα).
3200 2625 3262 2678 δι’
3299 2626 3557 2697 ἀλλήλων,
3595 2629 3689 2680 καὶ
3743 2633 3869 2698 μετ’

2287 2709 2530 2780 ἀλλήλων
2581 2711 2678 2780 τὴν
2707 2713 2798 2764 ἐπὶ
2847 2716 2913 2782 τῇ
2964 2701 3342 2786 φιλανθρωπίᾳ
3385 2716 3734 2786 εὐχαριστίαν
3781 2721 3869 2789 τῷ

2286 2801 2404 2871 Θεῷ
2431 2802 2720 2873 γινομένην
2767 2803 2855 2856 διὰ
2888 2804 3085 2868 παντὸς
3115 2807 3431 2876 ἀνυμνήσει.
3471 2797 3640 2860 Τοῦτο
3682 2808 3790 2878 γάρ
3836 2814 3872 2872 ἡ

2285 2893 2376 2944 τοῦ
2411 2893 2688 2962 κυμϐάλου
2717 2894 2851 2965 πρὸς
2872 2894 2931 2946 τὸ
2957 2895 3233 2965 κύμϐαλον
3253 2897 3579 2950 ἐνδείκνυται
3618 2899 3865 2964 σύνοδος.

2291 2983 2386 3034 Ἓν
2433 2983 2787 3055 κύμϐαλον,ὴ
2827 2987 3190 3058 ὑπερκόσμιος
3233 2989 3342 3040 τῶν
3373 2989 3618 3056 ἀγγέλων
3657 2992 3824 3059 φύσις
3855 3010 3870 3022 ·

2286 3074 2470 3144 ἕτερον
2511 3075 2806 3146 κύμϐαλον,
2855 3080 2886 3148 ή
2929 3078 3121 3149 λογικὴ
3165 3078 3272 3132 τῶν
3321 3079 3620 3149 ἀνθρώπων
3660 3082 3871 3145 κτίσις.

2297 3165 2454 3218 ’Λλλά
2491 3167 2767 3236 διέστησεν
2803 3171 2835 3239 ἡ
2872 3171 3114 3240 ἁμαρτία
3145 3170 3303 3224 τοῦτο
3342 3159 3571 3224 ἐκείνου·
3605 3173 3734 3224 ὅταν
3767 3171 3876 3226 οὖν

2285 3256 2446 3308 πάλιν
2472 3259 2504 3328 ή
2536 3259 2628 3311 τοῦ
2655 3259 2791 3312 Θεοῦ
2826 3261 3202 3333 φιλανθρωπία
3238 3263 3446 3332 συνάψῃ
3473 3263 3721 3333 ἀλλήλοις
3750 3266 3871 3333 άμο

2286 3346 2508 3417 φύτερα,
2543 3348 2662 3401 τότε
2695 3351 2888 3421 ἡχήσει
2912 3351 3002 3404 τὸν
3037 3348 3182 3406 αἶνον
3200 3354 3402 3405 ἐκεῖνον
3427 3354 3516 3405 καὶ
3537 3354 3603 3406 τὰ
3625 3353 3719 3405 δύο
3743 3357 3877 3423 μετ’

2285 3436 2523 3507 ἀλλήλων
2557 3439 2839 3510 γενόμενα,
2868 3440 2943 3505 ὥς
2993 3459 3122 3512 φησι
3169 3442 3278 3512 (85)
3313 3443 3404 3496 καὶ
3437 3445 3464 3496 ὁ
3489 3442 3660 3512 μέγας
3704 3444 3878 3497 Ἀπό-

2288 3527 2492 3590 στολος·
2567 3530 2652 3583 ὅτι
2690 3548 2708 3580 ι
2744 3531 2898 3584 Πᾶσα
2925 3531 3144 3600 γλῶσσα
3173 3532 3621 3604 ἐξομολογήσεται
3644 3575 3658 3599 ,
3694 3535 3878 3587 ἐπουο

2289 3619 2508 3688 ρανίων,
2544 3621 2638 3673 καὶ
2672 3622 2947 3690 ἐπιγείων,
2996 3623 3088 3676 καὶ
3119 3622 3498 3694 καταχθονίων,
3549 3626 3630 3678 ὅτι
3656 3622 3878 3696 Κύριος

2300 3709 2506 3779 Ἰησοῦς
2532 3712 2764 3780 Χριστὸς
2797 3715 2876 3777 είς
2907 3713 3060 3778 δόξαν
3095 3715 3228 3768 Θεοῦ
3265 3716 3496 3787 Πατρός.
3538 3735 3556 3768 ι
3598 3709 3675 3770 Οὗ
3707 3734 3880 3784 γενο-

2291 3800 2484 3870 μένουν
2512 3803 2776 3857 ἐπινίκιον
2823 3805 3074 3872 ἀλαλάξει
3122 3810 3149 3860 ὀ
3179 3807 3286 3860 τῶν
3319 3807 3613 3877 κυμϐάλων
3651 3809 3878 3864 τούτων

2290 3885 2438 3960 ἦχος,
2462 3891 2548 3944 διὰ
2583 3891 2686 3961 τῆς
2714 3893 2900 3962 κοινῆς
2935 3895 3192 3964 συνῳδίας
3221 3897 3311 3948 ἐπὶ
3342 3896 3420 3966 τῷ
3445 3897 3738 3967 ἀφανισμῷ
3766 3899 3878 3951 τοῦ

2293 3981 2675 4052 Πολεμίου(84)
2709 3985 3012 4054 γενόμενος.
3069 3985 3270 4039 Τούτου
3319 3987 3373 4039 δὲ
3413 3988 3688 4051 παντελῶς
3723 3990 3882 4056 ἀφα-

2289 4073 2561 4136 νισθέντος
2593 4075 2685 4128 καὶ
2717 4078 2795 4139 εἰς
2826 4077 2886 4130 τὸ
2928 4077 3002 4148 μὴ
3025 4072 3164 4131 εἶναι
3193 4079 3586 4150 περιελθόντος,
3624 4081 3810 4135 ἀδιαλε
3825 4084 3880 4136 ί-

2291 4178 2440 4223 πτως
2464 4161 2573 4231 (85)
2597 4165 2654 4217 ὲν
2679 4165 2826 4238 πάσῃ
2854 4170 2988 4237 πνοῇ
3012 4169 3288 4239 ὁμοτίμως
3324 4170 3457 4240 πρὸς
3476 4170 3564 4224 τὸν
3593 4171 3725 4224 Θεὸν
3747 4173 3876 4243 (86)

2291 4252 2319 4303 ὁ
2375 4247 2521 4314 αἶνος
2579 4253 2636 4316 ἐς
2693 4255 2782 4307 ἀεὶ
2824 4255 3260 4328 πληρωθήσεται.
3333 4260 3547 4330 Ἐπειδὴ
3601 4259 3879 4331 γάριοῦχ

2291 4340 2488 4412 ὡραῖος
2521 4340 2630 4412 (87)
2661 4337 2806 4407 αἶνος
2829 4345 2886 4398 ὲν
2909 4349 3132 4420 στόματι
3145 4346 3486 4419 ἀμαρτωλοῦ,
3504 4367 3520 4398 ι
3544 4348 3881 4418 ἁμαρτωλὸς

613 4449 721 4495 tem
755 4442 1098 4510 persolvetur
1123 4458 1137 4507 ;
1165 4455 1287 4494 eum
1313 4438 1456 4492 enim
1487 4437 1605 4491 laus
1637 4451 1746 4490 non
1785 4435 1855 4489 sit
1896 4452 1913 4484 ι
1941 4433 2186 4503 speciosa

2295 4434 2352 4487 δὲ
2383 4435 2502 4486 τότε
2528 4435 2628 4487 οὐκ
2660 4435 2808 4490 ἔσται
2830 4477 2844 4499 ,
2893 4438 2993 4508 τῆς
3029 4439 3299 4508 ἁμαρτίας
3344 4439 3443 4491 οὑκ
3478 4438 3662 4510 οῦσης,
3717 4443 3882 4493 πᾶσα

616 4531 672 4584 in
696 4547 791 4586 ore
829 4531 1258 4600 peceatoris",r
1312 4536 1443 4582 tunc
1475 4535 1659 4581 autem
1703 4542 1812 4580 non
1865 4525 1938 4579 sit
1971 4525 2194 4579 futurus

2301 4526 2438 4596 πνοὴ
2461 4526 2548 4578 διὰ
2575 4528 2775 4591 παντὸς
2801 4527 2911 4598 (88)
2937 4528 3031 4582 τοῦ
3057 4529 3250 4592 αἰῶνος
3282 4531 3481 4584 αίνέσει
3511 4530 3602 4584 τὸν
3636 4529 3875 4599 Κύριον,

620 4631 900 4690 peccator,
959 4623 1176 4676 sublato
1209 4620 1356 4676 omni
1401 4628 1647 4688 peccato,
1705 4617 1932 4672 omnino
1967 4626 2183 4686 oportet
2235 4623 2292 4670 ut
2327 4618 2508 4673 omnis
2536 4619 2784 4688 spiritus,
2839 4620 2931 4690 qui
2980 4621 3034 4673 in
3084 4621 3284 4674 saeculo
3341 4621 3433 4674 illo
3491 4621 3614 4684 erit,
3677 4620 3878 4675 Domi-

617 4724 749 4762 num
782 4710 984 4764 laudet.

687 4801 835 4857 Talis
861 4803 1024 4873 igitur
1052 4804 1138 4856 via
1169 4803 1236 4856 ad
1264 4787 1655 4857 beatitudinem
1685 4800 2058 4856 demonstrata
2088 4816 2186 4856 no-

611 4894 698 4951 bis
731 4898 894 4961 est,’a
931 4895 1156 4951 sublimi
1188 4895 1289 4948 hac
1320 4907 1440 4962 quae
1472 4903 1556 4947 est
1584 4893 1638 4946 in
1669 4891 1903 4949 Psalmis
1944 4893 2188 4962 philoso-
2215 4923 2226 4935 -

623 5075 632 5079 ·
678 5077 724 5108 η
756 5074 955 5144 Philip.
991 5073 1148 5139 ".10
1246 5075 1290 5106 "
1315 5071 1462 5127 Eccl.
1497 5074 1640 5131 m9

694 5251 807 5322 (76)
843 5251 956 5320 Τῆς
985 5250 1304 5322 σάλπιγγος,
1339 5248 1425 5303 ed.

689 5319 804 5392 (77)
839 5322 1127 5392 Γινομένη,
1163 5319 1249 5373 ed.

688 5394 804 5457 (78)
837 5392 958 5454 "Ov,
999 5391 1086 5444 ed.

690 5461 802 5532 (79)
831 5460 904 5513 Τδ
935 5459 1058 5515 add.
1092 5459 1178 5532 ed.

686 5528 798 5601 (80)
831 5529 1274 5601 Ἐντεταγμέναι,
1311 5528 1396 5583 ed.

829 5602 939 5670 Τὴν
966 5584 1077 5652 om:
1095 5584 1191 5653 'ed.

691 5667 807 5744 (82)
837 5667 1094 5742 Ἀρχαίαν
1114 5685 1222 5722 om.
1255 5667 1338 5722 ed.

2376 4802 2442 4854 Ἥ
2481 4802 2578 4872 μὲν
2606 4798 2698 4856 οῦν
2730 4803 2847 4865 ὁδὸς
2877 4803 3010 4874 πρὸς
3037 4803 3098 4856 τὸ
3133 4805 3422 4874 μακάριον,
3461 4802 3686 4872 τοιαύτη
3718 4805 3884 4873 παρά

2293 4893 2395 4964 τῆς
2427 4893 2668 4964 μεγάλης
2715 4893 2916 4966 ταύτης
2948 4894 3044 4964 τῆς
3075 4893 3186 4964 (89)
3215 4895 3271 4948 ἐν
3307 4897 3418 4956 τοῖς
3446 4893 3681 4964 ψαλμοῖς
3725 4894 3886 4962 φιλο.

2373 5241 2487 5309 (85)
2515 5239 2628 5294 Καὶ
2656 5255 2766 5294 om.
2805 5238 2893 5292 ed.

2369 5311 2480 5378 (84)
2513 5309 2776 5378 Πολέμου,
2810 5309 2896 5362 ed.

2392 5312 2460 5364 84
2513 5312 2776 5378 Πολέμου,
2810 5312 2896 5362 ed.

2392 5312 2480 5447 85)
2509 5379 2894 5444 Ἀδιάλειπτος,
2919 5376 3001 5432 ed.

2391 5452 2482 5503 86)
2519 5451 2576 5501 ὐ
2604 5464 2712 5502 οιιι.
2742 5447 2830 5502 ed.

2371 5452 2459 5518 (86
2519 5452 2576 5501 'U
2604 5464 2712 5502 om.
2742 5452 2830 5502 ed.

2370 5452 2482 5586 (87)
2525 5519 2582 5570 Ὀ
2611 5518 2736 5571 add.
2769 5518 2856 5571 ed.

2367 5589 2481 5654 (88)
2511 5588 2732 5651 Πάντως
2765 5590 2798 5656 ἡ
2827 5587 2934 5653 διά,
2971 5586 3058 5641 ed.

2368 5657 2480 5727 (89)
2516 5658 2626 5728 Τῆς
2657 5673 2763 5711 om.
2795 5657 2880 5712 ed.
