4054 6436
260 281 354 338 £85

1649 276 1716 334 IN
1739 274 2071 336 PSALMOS.

3393 280 3497 340 486

257 396 439 466 σοφίας
477 397 609 466 ἡμῖν
651 395 942 468 ὑπεδείχθη
969 437 983 461 ,
1028 396 1114 450 ἀεὶ
1163 394 1298 467 πρὸς
1336 394 1396 448 τὸ
1431 394 1616 466 μεῖζόν
1645 413 1702 447 τε
1733 396 1826 448 καὶ

1944 396 2076 463 )itia,
2132 414 2252 469 qua:
2309 414 2523 468 semper
2565 398 2631 452 ad
2681 399 2886 476 majora
2935 406 2988 455 et
3035 401 3227 456 altiora
3282 401 3498 455 virtutis

259 487 577 557 ὑψηλότερον
621 487 724 556 τῆς
761 489 850 540 ἐπὶ
897 487 992 558 τὴν
1039 488 1237 558 ἀρετὴν
1291 487 1563 550 πολιτείας
1607 489 1822 542 ἐπεισά-

258 595 419 646 γουσα
451 579 563 647 (90)
604 579 728 640 τοὺς
753 578 838 630 διὰ
869 578 1071 631 τούτων
1117 570 1252 650 πρὸς
1283 583 1342 632 τὸ
1376 578 1508 647 ὕψος
1529 578 1822 649 ὀδηγουμέ-

259 687 390 731 νους,
425 669 502 731 ὡς
529 671 592 724 ἄν
621 687 707 732 τις
736 669 820 722 ἐπ’
856 671 1030 721 ἐκεῖνο
1064 669 1245 738 φθάσῃ
1279 670 1338 722 τὸ
1379 670 1576 740 μέτρον
1601 673 1696 740 τῆς
1727 687 1826 739 μα-

260 762 598 833 καριότητος,
621 754 681 813 οῦ
711 761 772 815 τὸ
795 762 1049 814 ἐπέκεινα
1071 760 1190 813 οὔτε
1217 762 1250 831 ἡ
1273 762 1385 830 (9|)
1420 762 1627 814 διάνοια
1660 763 1827 831 χωρεί

261 855 582 922 ποχασμοῖς
621 869 730 904 τισι
767 853 859 904 καὶ
906 851 1178 914 ὑπονοίαις
1213 851 1636 919 ἁναλογίσασθαι
1660 891 1672 913 ,
1705 851 1826 904 οὔτε

259 945 404 1010 λόγος
437 943 508 994 δι’
541 942 832 995 ἀκολούθου
855 942 914 994 τὸ
949 942 1144 1011 ἑφεξῆς
1176 942 1500 1013 ἐξευρίσκει·
1544 942 1703 994 Ἀλλὰ
1735 943 1830 994 καὶ

259 1035 287 1102 ἡ
339 1035 458 1085 κατ’
506 1033 694 1084 ἐλπίδα
749 1031 955 1102 κίνησις
997 1033 1028 1100 ἡ
1073 1030 1348 1100 πανταχοῦ
1389 1031 1490 1101 τῆς
1537 1032 1828 1102 ἐπιθυμίας

259 1125 407 1194 ἡμῶν
463 1124 896 1194 προεξαλλομένη
928 1140 984 1174 τε
1019 1123 1110 1176 καὶ
1169 1123 1559 1194 προτρέχουσα,
1614 1124 1828 1178 ἐπειδὰν

257 1217 538 1286 ἔμπελὰσῃ
568 1219 677 1278 τοῖς
718 1216 1076 1278 ἁνεικάστοις,
1113 1214 1253 1285 ἀργὴ
1291 1216 1456 1284 μένει.
1493 1215 1565 1268 Τὸ
1604 1217 1661 1268 δὲ
1691 1217 1829 1288 ὑπὲρ

257 1307 432 1370 τοῦτο,
465 1309 714 1376 κρεῖττον
755 1307 788 1377 ἦ
839 1307 957 1359 κατ’
987 1307 1174 1360 ἐλπίδα
1220 1309 1384 1361 ἐστίν.
1437 1307 1524 1368 Ὠς
1562 1308 1654 1359 κα)⁸
1695 1307 1829 1375 αὑτὴ

257 1399 339 1451 διὰ
373 1401 473 1468 τῆς
508 1397 875 1467 θεωρηθείσης
904 1396 1106 1460 τάξεως
1146 1399 1177 1466 ἡ
1215 1396 1354 1449 κατὰ
1389 1397 1486 1467 τὴν
1519 1396 1831 1466 ψαλμῳδίαν

1004 1485 1113 1540 οἷον
1147 1505 1266 1540 τινα
1295 1487 1462 1558 (λύραν
1495 1487 1590 1538 καὶ
1633 1487 1834 1539 εἴσοδον

260 1583 311 1632 ὲν
358 1583 468 1641 τοῖς
515 1579 746 1648 πρώτοις
795 1580 901 1631 τῶν
940 1579 1110 1646 λόγων
1152 1578 1245 1630 ἐπὶ
1272 1577 1363 1629 τὸν
1397 1577 1664 1648 μακάριον
1697 1576 1830 1646 βίον,

260 1673 351 1741 τὴν
379 1671 475 1723 τοῦ
527 1670 695 1724 κακοῦ
727 1670 1070 1740 ἀναχώρησιν
1107 1672 1238 1740 ἡμῖν
1281 1668 1633 1734 ὑπανοίξασα.
1665 1667 1834 1720 Τοῦτο

265 1491 490 1557 caios-0:;
503 1490 553 1540 ἔα
596 1507 667 1558 μα
679 1488 837 1558 ρτῦρε
849 1507 951 1552 ται,

1925 491 2102 545 studia
2139 506 2234 546 eos
2286 491 2542 556 traducit,
2592 490 2683 559 qui
2728 491 2793 543 ad
2837 489 3186 558 perfectionis
3221 490 3498 560 fastigium

1927 585 2047 652 ejus
2076 585 2337 652 auspiciis
2368 583 2498 637 eniti
2533 583 2851 642 moliuntur,
2895 590 2954 634 ut
2984 581 3050 634 ad
3087 583 3236 636 illum
3267 583 3501 637 beatitu-

1928 674 2073 728 diuis
2105 682 2306 728 statum
2332 674 2388 728 'et
2421 673 2636 726 modum
2666 673 2828 727 homo
2853 672 3309 741 pertingat,ultra
3341 689 3498 742 quem

1929 765 2245 834 cogitationi
2272 773 2492 828 nostrae,
2522 779 2590 817 ne
2617 763 2952 832 conjecturis
2977 762 3197 832 quidem
3229 763 3500 832 aliquibus

1929 865 1982 909 ct
2015 856 2424 925 suspicionibus
2459 855 2710 924 progredi
2754 854 2879 907 licet
2907 871 2921 919 ;
2953 863 3007 907 et
3050 853 3102 906 in
3145 867 3250 922 quo
3273 853 3324 906 id
3357 851 3499 921 quol

1932 947 2067 999 ultra
2097 955 2200 1010 est,
2237 962 2392 1001 mens
2421 963 2596 1015 neque
2627 945 3030 1008 ratiocinando,
3065 946 3406 1014 alterumque
3436 959 3501 996 ex

1931 1039 2102 1092 altero
2125 1038 2427 1108 colligendo
2461 1037 2660 1104 reperit
2687 1051 2700 1087 :
2727 1036 2821 1090 sed
2851 1046 2905 1090 et
2937 1037 3049 1105 spei
3085 1045 3282 1089 nostrae
3312 1033 3500 1096 motio,

1931 1141 2051 1195 qua:
2087 1126 2285 1195 ubique
2325 1125 2580 1181 desiderii
2611 1127 2786 1179 nostri
2821 1124 3103 1179 antevenit
3133 1131 3184 1178 et
3219 1121 3505 1193 praecurrit

1933 1233 2176 1282 cursum,
2205 1229 2494 1288 postquam
2529 1220 2582 1273 in
2609 1219 2699 1272 illa
2729 1217 2946 1281 incidit,
2979 1233 3100 1286 quae
3134 1216 3279 1269 nulla
3311 1213 3505 1268 simili-

1931 1309 2120 1363 tudine
2143 1310 2369 1378 exprimi
2393 1318 2620 1378 queunt,
2650 1311 2873 1380 fatigata
2899 1316 3114 1374 cessat;
3140 1322 3263 1360 nam
3281 1305 3334 1358 id
3359 1303 3504 1374 quod

1933 1417 2099 1471 supra
2129 1402 2258 1455 illud
2292 1409 2394 1465 est,
2421 1401 2565 1454 omni
2609 1417 2703 1471 spe
2731 1402 2922 1455 melius
2951 1409 3055 1465 est,
3092 1399 3236 1469 quod
3265 1397 3506 1452 Psalmo—

1934 1509 2053 1546 rum
2081 1493 2350 1557 doctrina,
2401 1493 2518 1562 ipsa
2554 1493 2936 1561 dispositione,
2973 1492 3040 1546 de
3085 1505 3190 1560 qua
3237 1490 3504 1543 hactenus

1934 1580 2316 1644 disseruimus,
2346 1589 2604 1634 testatum
2631 1579 2777 1643 facit,
2809 1596 2928 1650 quae
2951 1581 3053 1634 sub
3083 1580 3296 1632 initium
3328 1591 3508 1631 reces-

1936 1687 2056 1724 sum
2101 1687 2130 1724 a
2187 1671 2348 1733 malo,
2399 1672 2554 1740 quasi
2601 1679 2790 1740 aperto
2829 1672 2994 1734 ostio,
3047 1680 3102 1724 et
3140 1669 3411 1739 patefacto
3437 1666 3506 1719 ad

260 1764 359 1834 γὰρ
415 1763 471 1815 αἱ
520 1761 730 1832 πρῶται
771 1762 946 1827 φωναὶ
974 1762 1071 1832 τῆς
1099 1760 1420 1830 ψαλμῳδίας
1471 1759 1830 1823 διδάσκουσιν,

1944 1762 2326 1816 beatitudinem
2351 1737 2523 1827 aditu,
2545 1737 2829 1816 con—stituit
2854 1761 3069 1831 (primis
3098 1737 3243 1816 enim
3270 1759 3508 1815 Psalmo-

261 1855 430 1923 ἀρχὴν
473 1851 876 1922 μακαριότητος
904 1850 1190 1918 λέγουσαι,
1236 1850 1335 1920 τὴν
1385 1848 1477 1902 τοῦ
1523 1849 1692 1902 κακοῦ
1745 1847 1832 1900 ἀλ-

260 1941 567 2010 λοτρίωσιν.
627 1936 759 1993 Εἶτα
808 1942 906 2010 τὴν
959 1943 1022 1993 ὲκ
1091 1939 1183 1993 τοῦ
1242 1940 1406 2008 νόμου
1471 1939 1836 2009 χειραγωγίαν

263 2037 365 2094 τοῖς
438 2031 818 2100 πλανωμένοις
891 2030 1253 2100 προτείνασα,
1319 2031 1412 2098 τήν
1473 2047 1530 2081 τε
1585 2030 1719 2100 πρὸς
1777 2028 1835 2081 τὸ

263 2122 503 2184 ἀειθαλὲς
551 2122 707 2187 ξύλον
733 2121 989 2190 ὁμοίωσιν
1017 2121 1102 2172 διὰ
1150 2119 1244 2172 τοῦ
1290 2119 1529 2172 τοιούτου
1567 2119 1677 2188 βίου
1710 2119 1839 2171 ὑπο-

267 2211 520 2280 σχομένη,
556 2213 648 2263 καὶ
694 2211 760 2263 τὰ
793 2209 1090 2282 σκυθρωπὰ
1115 2211 1222 2263 τῶν
1246 2209 1340 2280 τὴν
1369 2211 1615 2262 ἐναντίαν
1646 2227 1840 2282 τρεπο-

269 2303 439 2369 μένων
476 2301 597 2353 ὁδὸν
627 2302 973 2368 ὑποδείξασα,
1026 2302 1113 2355 διὰ
1142 2303 1248 2356 τῶν
1286 2305 1484 2373 ἐφεξῆς
1525 2304 1840 2358 ἀναϐάσεων

269 2395 394 2462 πῷς
422 2394 482 2446 τὸ
513 2394 815 2462 ἀκρότατον
853 2396 972 2464 ἄγει
1005 2397 1096 2449 τοῦ
1129 2397 1472 2469 μακαρισμοῦ
1499 2399 1588 2448 τὸν
1626 2399 1690 2466 τῇ
1731 2412 1842 2465 χει-

269 2487 513 2556 ραγωγίᾳ
548 2486 722 2557 ταύτῃ
751 2487 1033 2557 ἑπόμενον.
1068 2488 1238 2540 Τοῦτο
1261 2490 1368 2559 γάρ
1401 2505 1479 2540 σοι
1509 2487 1842 2540 ἐνδείκνυται

267 2578 294 2643 ἡ
325 2575 421 2627 τοῦ
451 2577 762 2630 τελευταίου
791 2578 1007 2648 ψαλμοῦ
1038 2579 1267 2643 διάνοια,
1297 2581 1354 2631 ὲν
1383 2572 1427 2646 ᾧ
1463 2580 1598 2650 μετά
1627 2580 1716 2633 τὸν
1741 2579 1844 2649 τῆς

265 2667 463 2728 κακίας
496 2668 735 2738 παντελῆ
770 2669 1073 2740 ἀφανισμὸν
1113 2672 1289 2724 πάντα
1316 2671 1425 2741 (92)
1457 2673 1655 2734 ἐντοῖς
1697 2667 1844 2725 οὖσιν

269 2757 392 2823 ᾶγια
416 2757 702 2822 ἔσται,καὶ
730 2761 907 2814 πάντα
952 2761 1087 2829 πρὸς
1113 2761 1202 2814 τὸν
1242 2756 1391 2815 αἶνον
1419 2761 1512 2815 τοῦ
1547 2761 1682 2814 Θεοῦ
1711 2779 1844 2830 συμ-

266 2851 412 2918 gravi;
423 2867 530 2910 σει,
564 2851 650 2902 ἐπ’
679 2851 800 2919 ῐσης
820 2853 876 2903 ὲν
905 2851 981 2920 τῷ
1002 2851 1212 2924 στερῥῷ
1236 2853 1344 2923 (93)
1369 2853 1465 2922 τῆς
1489 2853 1764 2922 δυνάμεως
1786 2852 1847 2905 τὸ

267 2940 395 3009 πρὸς
435 2939 537 3010 τὴν
573 2940 772 2992 κακίαν
798 2941 1063 3011 ἄτρεπτον
1096 2943 1484 3014 προσλαϐόντα,
1525 2944 1620 2996 καὶ
1650 2937 1714 3014 τῇ
1747 2960 1845 3013 με-

1937 1867 2057 1904 rum
2084 1851 2262 1905 verbis
2289 1855 2552 1905 asset-itur
2583 1851 2942 1906 beatitudinis
2977 1851 3303 1920 principium
3332 1864 3510 1919 segre-

1936 1942 2084 2010 gatio
2143 1956 2171 1994 a
2220 1941 2490 2010 malitia),
2560 1942 2832 2010 simulque
2876 1941 3186 1994 errantibus
3228 1955 3385 2009 opem
3441 1953 3510 1993 ex

1940 2031 2074 2101 lege,
2120 2032 2279 2100 quasi
2309 2048 2471 2087 manu
2533 2041 2755 2088 extensa
2805 2033 3180 2096 demonstrat;
3240 2030 3508 2099 promissa

1940 2136 2036 2191 per
2066 2121 2381 2189 ltujusmodi
2426 2123 2592 2176 vitam
2626 2121 2984 2177 similitudine
3019 2136 3142 2175 cum
3184 2135 3400 2189 semper
3425 2119 3507 2172 vi-

1940 2221 2092 2267 rente
2111 2213 2255 2283 ligno
2276 2231 2290 2278 ;
2313 2229 2610 2282 eorumque
2637 2215 2728 2283 qui
2756 2214 3032 2268 contraria
3052 2211 3377 2283 gradiuntur
3399 2212 3506 2275 via,

1942 2303 2368 2358 adversitatibus
2403 2304 2473 2357 ob
2518 2303 2707 2358 oculos
2738 2303 2966 2372 positis,
3027 2317 3121 2370 per
3153 2299 3352 2370 gradus
3391 2315 3511 2354 sese

1943 2402 2133 2449 mutuo
2186 2402 2586 2464 consequentes
2661 2393 2726 2446 ad
2781 2408 3095 2463 supremum
3157 2391 3512 2447 beatitudinis

1943 2489 2161 2542 culmen
2193 2503 2316 2542 cum
2347 2486 2516 2551 ducit,
2543 2486 2634 2555 qui
2671 2486 2812 2540 hanc
2844 2485 3326 2539 manuductionem
3360 2484 3513 2553 sequi

1943 2578 2237 2633 desiderat.
2299 2576 2412 2632 Hoc
2453 2577 2598 2631 enim
2646 2576 2804 2630 docet
2840 2585 2892 2630 te
2943 2576 3116 2629 ultimi
3148 2574 3346 2630 Psalmi
3389 2587 3516 2627 sen-

1947 2669 2132 2733 tentia,
2167 2668 2222 2722 in
2255 2683 2365 2738 qtto
2392 2667 2634 2736 peccatis
2664 2667 2884 2736 penitus
2916 2665 3155 2726 abolitis,
3189 2665 3369 2718 omnia
3394 2678 3516 2732 qua:

1946 2763 2217 2817 exsistunt
2267 2768 2457 2815 sancta
2502 2769 2686 2822 erunt,
2744 2768 2799 2814 et
2828 2759 3011 2811 omnia
3059 2756 3125 2810 ad
3173 2756 3385 2810 laudem
3420 2755 3513 2808 Dei

1948 2849 2394 2912 concordabunt;
2455 2863 2576 2917 qua:
2627 2855 2746 2902 laus
2774 2846 3056 2915 aequaliter
3089 2844 3142 2897 in
3175 2843 3516 2895 firmamento

1947 2942 2186 3004 virtutis,
2230 2950 2283 2995 et
2311 2939 2803 2994 immutabilitatem
2837 2939 2902 2991 ad
2937 2937 3136 2990 malum
3170 2933 3432 2994 continet,
3461 2940 3517 2984 et

262 3031 554 3102 γαλωσῦνῃ
586 3030 751 3084 αὑτοῦ
804 3032 895 3085 τὸν
929 3032 1171 3104 εὔφημον
1208 3030 1339 3105 ἦχον
1376 3031 1488 3088 οἷόν
1532 3051 1636 3088 τινι
1674 3051 1840 3104 μεγα-

1951 3031 2368 3102 magnificentiae
2392 3046 2504 3084 sua:
2528 3038 2776 3083 nostrum
2797 3043 2988 3082 sonum
3013 3027 3158 3080 velut
3179 3037 3396 3078 canora:
3409 3021 3521 3075 cui-

263 3121 490 3191 λοςῑὼνῳ
520 3122 786 3191 σάλπιγγι
822 3123 1231 3193 συνεπαίροντα.
1283 3122 1451 3176 Ὅταν
1485 3126 1563 3187 είς
1596 3123 1722 3194 μίαν
1755 3139 1846 3191 χο-

263 3213 558 3281 ροστασίαν
593 3213 940 3283 συναρμοσοῇ
985 3216 1133 3267 πᾶσα
1161 3215 1193 3283 ἠ
1227 3213 1422 3277 κτίσις,
1456 3214 1562 3266 τῶν
1593 3231 1650 3267 τε
1683 3215 1848 3285 ὑπερ-

258 3305 554 3373 κειμένων,
584 3305 691 3358 τῶν
721 3323 781 3357 τε
816 3306 1534 3377 ὑποϐεϐηκὸτων,ἀπάντων,
1581 3307 1675 3361 καὶ
1708 3325 1850 3377 κυμ-

257 3393 428 3448 ϐάλου
470 3396 628 3463 δίκην
657 3398 692 3466 ή
722 3397 885 3467 νοητὴ
915 3398 1116 3462 κτίσις,
1161 3397 1255 3450 καὶ
1294 3399 1328 3465 ἡ
1358 3396 1452 3451 νῦν
1483 3397 1550 3449 δι’
1576 3397 1848 3468 ἁμαρτίας

260 3488 654 3558 μεμερισμένη
675 3528 689 3551 ,
723 3489 815 3542 καὶ
845 3489 1106 3541 διεστῶσα
1142 3488 1232 3541 τὸν
1264 3488 1467 3556 ἀγαθὸν
1493 3484 1626 3558 ἦχον
1657 3488 1721 3540 ἐκ
1753 3491 1850 3558 τῆς

256 3577 547 3647 ᾗμτέρας
578 3578 895 3647 συμφωνίας
920 3577 1254 3635 ἀποτελέσει.
1281 3579 1448 3630 Ὅταν
1471 3577 1751 3649 συνδράμῃ
1774 3577 1852 3647 τῷ

251 3668 548 3737 ἀγγελικῷ
582 3669 642 3719 τὸ
671 3668 954 3739 ἡμέτερον·
999 3669 1090 3721 καὶ
1123 3668 1464 3722 ἀναλαϐοῦσα
1499 3669 1608 3737 (94)
1652 3669 1852 3738 ἑαυτὴν

253 3759 316 3810 ὲκ
342 3761 451 3829 τῆς
483 3759 804 3828 συγχύσεως
825 3761 856 3829 ὴ
883 3759 1001 3813 Θεία
1021 3759 1344 3831 παράταξις,
1368 3760 1458 3812 ἐπὶ
1477 3759 1554 3829 τῷ
1575 3759 1718 3830 φόνῳ
1739 3759 1851 3828 (95)

243 3847 358 3899 τῶν
393 3849 690 3919 πολεμίων
720 3849 970 3912 ἀλαλάξει
1002 3849 1078 3919 τῷ
1103 3849 1444 3920 τροπαιούχῳ
1470 3849 1529 3902 τὸ
1566 3849 1848 3902 ἐπινίκιον.

247 3940 387 3994 τότε
419 3943 644 4010 γίνεται
673 3941 852 4010 πάσης
883 3941 1048 4009 πνοῆς
1069 3941 1097 3992 ὁ
1118 3937 1265 4005 αἶνος
1296 3943 1374 4004 εἰς
1403 3942 1488 3994 ἀεὶ
1519 3941 1854 4010 παρατείνων

235 4035 343 4102 τὴν
383 4035 589 4104 χάριν,
635 4035 731 4086 καὶ
757 4033 824 4086 δι’
869 4032 1148 4102 αὐξήσεως
1186 4032 1493 4096 πλεονάζων
1525 4035 1602 4096 εἰς
1640 4033 1700 4086 τὸ
1740 4033 1856 4103 διη-

237 4126 407 4188 νεκὲς
439 4126 510 4177 τὸ
547 4125 842 4194 μακάριον,
882 4125 1056 4177 ἐκεῖνο
1092 4123 1234 4192 λέγω
1260 4124 1320 4177 τὸ
1360 4124 1527 4187 ὄντως
1567 4124 1853 4194 μακάριονο

229 4218 323 4285 ἔπιτ’
355 4215 430 4269 οὗ
476 4219 652 4288 ἀργεῖ
696 4217 847 4286 μὲνὴ
882 4215 1206 4287 στοχαστικὴ
1239 4217 1364 4287 περὶ
1390 4214 1485 4286 τὴν
1519 4216 1717 4284 γνῶσιν
1739 4215 1855 4268 διά-

230 4326 383 4374 νοια,
438 4311 625 4380 ἀργεῖ
657 4309 712 4361 δὲ
744 4310 835 4362 καὶ
866 4310 898 4378 ἡ
939 4307 1222 4378 ὲλπιστικὴ
1248 4307 1403 4378 ἡμῶν
1428 4308 1694 4378 ἐνέργεια.
1732 4309 1857 4363 Δια-

1953 3121 2076 3175 dam
2134 3121 2280 3174 tubae
2330 3120 2652 3181 consociat;
2704 3115 2925 3186 quando
2971 3115 3024 3168 in
3067 3129 3233 3168 unum
3291 3113 3518 3166 chorum

1951 3211 2222 3265 coalescet
2245 3209 2424 3264 omnis
2448 3218 2722 3270 creatura,
2753 3206 2976 3261 inferior
2995 3214 3047 3260 et
3069 3203 3348 3274 superior;
3370 3217 3520 3256 cum-

1951 3318 2055 3373 que
2087 3301 2324 3373 cymbali
2369 3303 2564 3366 instar,
2613 3298 3004 3353 intellectualis
3053 3305 3271 3359 natura,
3311 3301 3365 3348 et
3401 3307 3524 3363 quae

1951 3408 2098 3447 nunc
2121 3407 2217 3461 per
2255 3403 2531 3460 peccatum
2575 3390 2850 3458 disjuncta
2891 3397 2991 3451 est,
3033 3387 3337 3456 jucundqu
3369 3384 3522 3436 illum

1954 3499 2148 3539 sonum
2192 3499 2256 3537 ex
2312 3492 2499 3536 mutua
2533 3482 2855 3552 symphonia
2903 3479 3259 3533 resultantem
3295 3474 3523 3539 eﬂiciet;

1953 3576 2173 3646 quando
2203 3583 2389 3627 nostra
2438 3584 2630 3626 natura
2660 3586 2785 3624 cum
2815 3569 3058 3638 angelica
3091 3566 3400 3626 conveniet,
3437 3563 3525 3617 di-

1953 3668 2224 3735 vinusque
2263 3664 2535 3719 exercitus
2582 3679 2644 3716 ex
2702 3663 2806 3716 ista
2852 3659 3173 3714 confusione
3215 3663 3524 3720 revocatus,

1955 3759 2131 3828 palam
2156 3765 2209 3810 et
2242 3757 2295 3809 in
2344 3762 2637 3822 conspectu
2680 3752 2917 3807 hostium
2967 3748 3259 3819 epinicium
3297 3745 3527 3800 Domino

1954 3848 2145 3904 victori
2177 3855 2354 3900 canet.
2407 3845 2563 3899 Tunc
2597 3843 2778 3899 onmis
2826 3841 3053 3911 spiritus
3087 3838 3376 3892 Dominum
3407 3836 3527 3888 lauo

1954 3939 2142 3993 dabit:
2176 3953 2296 4008 qua:
2324 3939 2443 3992 laus
2477 3937 2704 4008 gratiam
2746 3934 2836 3990 Dei
2873 3941 3132 4002 perpetuo
3163 3933 3525 3998 repnesenta-

1955 4028 2058 4094 bit,
2090 4037 2144 4084 et
2177 4031 2512 4083 incremento
2537 4026 2760 4097 perenni
2789 4022 3175 4079 beatitudinem
3213 4016 3524 4086 adaugebit,

1957 4121 2106 4176 illam
2137 4121 2259 4175 dico
2292 4119 2704 4181 beatitudinem,
2755 4131 2877 4185 qua:
2923 4128 3051 4168 vere
3102 4107 3382 4165 beatitudo
3411 4115 3525 4171 est;

1958 4229 2121 4285 quam
2171 4213 2217 4268 si
2255 4211 2571 4280 conjectura
2621 4209 2835 4278 assequi
2890 4207 3047 4268 velis,
3093 4203 3314 4270 languet
3359 4197 3522 4261 ratio,

1959 4307 2179 4378 languet
2207 4314 2261 4362 et
2289 4307 2403 4377 ipsa
2433 4320 2554 4376 quae
2587 4305 2641 4358 in
2674 4302 2828 4356 nobis
2857 4307 2958 4362 est,
2978 4293 3232 4366 sperandi
3268 4288 3524 4344 facultas.

217 4397 472 4467 δέχεται
514 4399 577 4450 δὲ
613 4396 722 4466 (96)
755 4400 786 4468 ἡ
830 4399 1066 4469 ἄρρητός
1111 4415 1169 4450 τε
1209 4398 1300 4450 καὶ
1339 4398 1726 4468 ἁκατανόητος,
1761 4399 1841 4451 κατ

1963 4398 2219 4452 Succedit
2248 4413 2377 4451 vero
2404 4396 2493 4450 ille
2529 4392 2820 4449 ineffabilis
2851 4399 2906 4445 et
2939 4380 3529 4456 incomprehensibilis,

222 4490 430 4556 πάσης
469 4493 740 4560 κρεῖττον
773 4489 881 4558 (97)
909 4489 1142 4551 διανοίας
1169 4490 1522 4553 κατάστασις,
1576 4509 1594 4540 ι
1635 4491 1699 4561 ἣν
1731 4490 1854 4544 οὔτε

211 4585 552 4655 ὀφθαλμὸς
582 4577 871 4646 εἷδεν,οῦτε
897 4574 988 4642 οὖς
1014 4581 1262 4650 ἤκουσεν,
1316 4599 1334 4630 ι
1381 4578 1504 4632 οὔτε
1543 4579 1854 4650 ἀνθρωπίνη

210 4678 446 4746 καρδία.
467 4674 794 4745 ἐχώρησεν.
821 4671 974 4726 Οὕτω
995 4673 1102 4742 γὰρ
1121 4671 1354 4742 ὡρίσατο
1375 4670 1440 4724 τὰ
1462 4671 1640 4738 ἀγαθὰ
1655 4671 1723 4725 τὰ
1748 4671 1857 4744 (98)

211 4769 278 4820 ἑν
299 4767 396 4838 τῷ
428 4764 730 4835 ἁγιασμῷ
767 4763 1101 4834 ἀποκείμενα
1129 4763 1157 4814 ὁ
1187 4761 1326 4825 θεῖος
1362 4755 1702 4821 Ἀπόστολος,

289 4967 345 4999 ³³
385 4963 408 5018 Ι
451 4962 616 5017 Cor.
649 4976 705 5022 ιι,
734 4962 788 5014 9.

293 5162 434 5231 (90)
474 5158 926 5231 'Erzatod‘mgaa,
955 5159 1041 5211 ed.

297 5215 428 5298 (Ἦί
496 5230 580 5281 Ἢ
628 5215 859 5298 οιιι.’ὢ.

299 5294 432 5385 (ιε)
476 5295 987 5385 ρηιιξίὲενεφειεξά
1010 5294 1213 5385 Silea-
1237 5317 1300 5385 ed

308 5365 435 5457 ea
476 5365 1317 5457 ερδςςεδεσεερρδιειίαηοιοδῖιε

312 5414 436 5514 ἒξ)ἷὶ
476 5414 1360 5498 Kasaxseassajsd;”"‘“uua.

1965 4497 2019 4543 et
2047 4488 2193 4543 oumi
2245 4487 2574 4558 cogitatione
2616 4483 2808 4538 melior
2856 4487 3052 4544 status,
3088 4491 3249 4548 quem
3307 4493 3325 4524 ι
3355 4486 3533 4542 neque

1966 4581 2159 4636 oculus
2197 4578 2354 4642 vidit.
2386 4593 2563 4648 neque
2590 4577 2738 4631 auris
2769 4573 3004 4634 audivit,
3035 4591 3054 4623 ι
3098 4583 3272 4638 neque
3295 4566 3532 4620 humana

1967 4687 2122 4727 mens
2156 4672 2396 4741 percepit
2415 4671 2478 4724 “.
2529 4669 2622 4724 Sic
2667 4669 2811 4724 enim
2857 4664 3102 4721 definivit
3134 4661 3352 4718 divinus
3383 4658 3534 4729 Apo-

1967 4761 2142 4818 stolus
2164 4761 2306 4816 bona
2345 4764 2401 4816 in
2439 4760 2790 4817 sanctissimo
2824 4757 2918 4813 illo
2947 4762 3092 4813 statu
3121 4750 3397 4825 reposita,

2041 5153 2154 5223 (95)
2183 5149 2424 5223 (bavspt'p,
2455 5149 2542 5204 ed.

2043 5220 2154 5293 (96)
2189 5221 2319 5293 Καί,
2349 5220 2434 5273 ed.

2043 5289 2061 5354 (
2066 5293 2153 5360 97)
2184 5293 2230 5345 Κ
2239 5291 2481 5361 ρείττων,
2515 5289 2603 5342 ed.

2045 5353 2154 5433 (98)
2183 5353 2388 5429 Ἀ’γαοὰ
2413 5359 2480 5412 τὰ
2505 5373 2613 5412 om.
2649 5353 2738 5410 ed.
