4054 6436
501 311 596 368 ιττ

1734 307 1800 366 S.
1841 309 2168 368 GREGOBII
2207 311 2504 372 NYSSENI

3634 331 3739 389 488

512 465 3719 498 Ἥ

1479 559 1626 644 ΤΟ
1680 556 2253 648 ΔΕΥΤΕΡΟΝ
2302 563 2765 653 ΒΙΒΛΙΟΝ.

1416 819 2094 913 TRACTATUS
2178 825 2376 916 SEC
2400 829 2547 916 UN
2571 827 2828 916 DUS.

1008 1087 1238 1144 CAPUT
1273 1087 1568 1146 PRIMUM.

2718 1097 3114 1151 ΚΕΦᾹΔΑΙΟΝ
3145 1098 3224 1150 A'.

571 1176 667 1233 [iis
694 1177 840 1231 hunc
873 1176 926 1231 in
960 1178 1178 1232 modum
1214 1180 1518 1249 explicatis,
1546 1191 1758 1252 tempus
1795 1184 2073 1252 postulare

2249 1188 2466 1244 Τούτων
2491 1186 2583 1243 οὖν
2614 1187 2721 1258 (99)
2749 1188 2920 1250 οὕτως
2949 1190 3079 1258 ἡμῖν
3099 1182 3598 1256 διευκρινηθέντων,
3629 1196 3759 1233 και-

499 1271 732 1335 videtur,
756 1279 812 1323 ut
840 1281 892 1324 et
919 1269 986 1323 de
1007 1271 1460 1340 inscriptionibus
1483 1288 1787 1328 sermonem
1815 1275 2070 1330 institua-

501 1379 643 1423 tnus,
697 1378 816 1431 quae
855 1377 962 1416 non
993 1362 1247 1432 exiguum
1297 1372 1629 1418 momentum
1697 1365 1762 1419 ad
1813 1368 2067 1421 virtutem

503 1453 750 1515 alierum,
793 1454 938 1523 quod
992 1470 1055 1508 ex
1129 1455 1398 1508 sententia
1471 1456 1556 1510 his
1619 1455 2068 1525 inscriptionibus

2179 1281 2271 1354 ρδς
2296 1282 2361 1335 ἂν
2390 1282 2474 1352 εἴη
2507 1282 2599 1335 καὶ
2627 1281 2716 1333 τὸν
2747 1281 2873 1352 περλ⁵
2905 1279 3012 1332 τῶν
3039 1274 3359 1348 ἐπιγραφῶν
3390 1271 3746 1341 ἐξετασθῆναι

2176 1377 2352 1446 λόγον.
2389 1377 2460 1429 Οὐ
2483 1375 2652 1447 μικρὰ
2687 1376 2760 1446 (1)
2797 1373 2904 1443 γὰρ
2931 1373 3060 1442 ἡμῖν
3091 1370 3226 1442 πρδς
3249 1368 3346 1437 τὴν
3369 1367 3487 1420 κατ’
3511 1363 3586 1435 (Ξ)
3617 1363 3752 1431 ἀρε·

2175 1470 2273 1538 τὴν
2294 1469 2410 1522 ὁδὸν
2436 1469 2529 1522 καὶ
2549 1468 2710 1521 αὐταὶ⁸
2738 1483 2798 1518 συ
2808 1465 3148 1536 μϐάλλονται,
3170 1461 3244 1524 ὡς
3265 1459 3471 1538 ἔξεστιν
3493 1456 3553 1520 ἐξ
3575 1454 3750 1523 αὐτῆς

503 1547 746 1615 subjecta
797 1549 1052 1618 colligere
1085 1549 1228 1603 licet.
1274 1548 1656 1604 Necessarium
1698 1560 1878 1606 autem
1908 1553 2074 1609 fuerit

2179 1532 2273 1630 τῆς
2294 1560 2526 1622 διανοίας
2546 1559 2652 1613 τῶν
2670 1532 2969 1627 ὲπιγέγραμ
2980 1555 3154 1628 μένων
3177 1551 3386 1622 μαθεῖν.
3421 1532 3749 1613 ’Ᾱναγκαῖον

501 1638 653 1706 prius
679 1638 942 1692 rationem
975 1637 1264 1708 quamdam
1293 1641 1394 1693 arti
1442 1649 1861 1696 consentaneam
1927 1643 2074 1714 ipsa-

503 1743 621 1782 rum
651 1729 1063 1798 inscriptionum
1089 1729 1249 1794 inire,
1277 1747 1438 1800 quam
1468 1733 1710 1800 ipsorum
1733 1731 2072 1790 Psalmorum

503 1820 995 1875 considerationem
1051 1821 1450 1891 aggrediamur,
1510 1831 1568 1876 ut
1619 1838 1782 1892 quam
1837 1824 2073 1880 maxime

505 1913 722 1980 planum
759 1913 915 1967 nobis
950 1911 1060 1977 ﬁat,
1107 1913 1273 1982 hujus
1298 1914 1562 1969 divinitus
1597 1913 1875 1983 inspirata:
1907 1915 2073 1970 disci-

2174 1651 2218 1704 δ’
2251 1650 2316 1704 ἂν
2349 1652 2432 1720 είη
2463 1649 2676 1722 πρῶτον
2707 1649 2968 1720 τεχνικήν·
2995 1663 3116 1699 τινα
3143 1644 3252 1697 τῶν
3277 1639 3594 1711 ἐπιγραφῶν
3613 1637 3749 1705 ἐφο-

2175 1738 2262 1794 δον
2290 1739 2356 1792 δι’
2377 1739 2570 1808 ὀλίγων
2602 1739 2708 1810 πρὸ
2743 1740 2841 1808 τῆς
2867 1737 2973 1790 τῶν
2998 1734 3226 1806 ψαλμῶν
3252 1731 3480 1800 θεωρίας
3513 1731 3750 1799 ποιήσα⁹

2179 1829 2303 1883 σθαι
2325 1847 2338 1862 ο
2375 1831 2449 1894 ὡς
2481 1832 2546 1884 ἂν
2579 1831 2806 1902 μάλιστα
2836 1829 3046 1898 γένοιτο
3089 1826 3248 1896 δῆλον
3278 1823 3371 1878 καὶ
3414 1822 3501 1876 διὰ
3537 1821 3748 1874 τούτων
3849 1883 3852 1885 λ

2175 1922 2326 1991 ἡμῖν,
2362 1921 2442 1974 ὅτι
2481 1922 2587 1984 πᾶς
2625 1923 2653 1974 ὁ
2686 1919 2883 1983 σκοπὸς
2919 1921 3017 1989 τῆς
3047 1915 3399 1970 θεοπνεύστου
3427 1911 3628 1981 ταύτης
3659 1910 3746 1964 διο

507 2003 663 2070 plina?
718 2003 875 2057 ﬁnem
935 2003 1098 2058 alium
1157 2020 1266 2058 non
1323 2020 1653 2074 esse,quant
1687 2014 1746 2059 ut
1786 2007 1851 2060 ad
1891 2022 2073 2061 veram

2179 2010 2467 2075 δασκαλίας
2529 2011 2698 2074 ἐστὶν,
2752 2011 2842 2064 ἐπὶ
2882 2011 2939 2064 τὺ
2992 2010 3160 2071 ὅντως
3205 2007 3471 2076 μακάριον
3532 2004 3747 2068 ἀναγα-

503 2094 890 2148 beatitudinem
927 2096 1166 2148 animum
1228 2095 1507 2165 perducat.
1538 2096 1880 2151 Psalmorum
1912 2097 2076 2168 igitur

504 2184 593 2236 alii
619 2182 974 2252 inscriptione
999 2186 1224 2238 omnino
1254 2193 1476 2240 carent:
1530 2185 1620 2238 alii
1651 2187 1793 2256 apud
1820 2202 1918 2242 nos
1953 2189 2075 2258 qui-

504 2271 623 2326 dem
649 2274 1057 2343 inscriptionem
1082 2273 1363 2344 Prophetze
1391 2275 1618 2343 habent,
1655 2279 1794 2347 apud
1817 2277 2074 2334 Hebraeos

505 2377 613 2418 non
629 2364 847 2417 habent.
877 2365 1014 2420 Aliis
1045 2365 1430 2436 inscriptionis
1454 2366 1575 2421 loco
1603 2377 1686 2422 est
1708 2369 1884 2423 solum
1919 2389 1938 2422 ‹
1973 2371 2077 2425 Da-

504 2455 644 2509 vidis
685 2473 704 2506 »
740 2469 957 2508 nomen.
986 2455 1121 2510 Aliis
1151 2457 1314 2511 simul
1353 2471 1478 2510 cum
1528 2456 1751 2511 nomine
1797 2457 1946 2512 aliud
1976 2458 2074 2513 ad-

506 2547 789 2608 scribitur.
821 2548 902 2602 vel
942 2567 960 2599 ι
995 2550 1111 2603 laus
1136 2586 1152 2616 ,
1181 2571 1200 2604 ›
1231 2550 1313 2604 vel
1355 2569 1373 2601 ι
1410 2550 1708 2614 canticum,
1739 2569 1757 2602 ι
1789 2552 1869 2605 vel
1908 2570 1926 2602 ι
1966 2552 2078 2605 lau-

507 2641 677 2706 datio,
735 2661 753 2694 ι
794 2643 876 2696 vel
911 2660 929 2692 ι
985 2643 1249 2712 psalmus,
1289 2661 1308 2694 ι
1357 2643 1442 2697 vel
1474 2661 1492 2693 ι
1553 2642 1884 2706 intellectus,
1929 2663 1948 2696 ι
1992 2645 2076 2700 vel

508 2751 533 2784 ο
562 2733 756 2798 oratio,
800 2751 819 2784 ι
855 2733 937 2786 vel
969 2751 986 2781 ι
1016 2733 1860 2788 consummationistabernaculi
1885 2776 1899 2800 ,
1935 2753 1952 2784 ι
1992 2733 2075 2788 vel

509 2840 528 2874 ι
563 2823 942 2886 dedicationis,
975 2842 993 2874 ι
1031 2825 1112 2878 vel
1149 2842 1168 2874 ι
1205 2825 1476 2891 exstasis,
1503 2843 1520 2874 ›
1552 2824 1633 2878 vel
1667 2842 1685 2874 ‹
1730 2824 1782 2876 in
1809 2839 2078 2879 rememo-

504 2914 792 2978 rationcm,
837 2933 856 2967 ι
892 2914 976 2968 vel
1019 2931 1036 2964 ι
1080 2914 1134 2968 in
1179 2913 1603 2976 confessionem,
1663 2935 1681 2966 ι
1715 2915 1798 2969 vel
1834 2933 1852 2966 ι
1917 2930 2076 2971 servo

503 2999 739 3067 Domini,
773 3021 791 3055 ι
823 3003 906 3057 vel
946 3021 964 3053 ι
1003 3003 1261 3066 ldithum,
1303 3021 1320 3054 ι
1365 3003 1448 3057 vel
1478 3020 1496 3052 ι
1535 3001 1707 3055 Eman
1734 3001 2007 3057 Israelita.
2050 3022 2070 3056 ι

503 3092 561 3148 1η
590 3095 711 3149 aliis
741 3093 1045 3162 concipitur
1075 3093 1360 3162 inscriptio
1382 3093 1505 3148 cum
1528 3092 1763 3161 quadam
1790 3093 2074 3160 nomjnum

505 3184 814 3252 hujusmodi
836 3193 891 3238 et
921 3184 1207 3238 verborum
1236 3191 1425 3237 mutua
1474 3184 1815 3238 connexione
1837 3191 1892 3238 et
1945 3199 2077 3239 con-

499 3275 780 3346 jugatione
847 3294 860 3328 :
909 3276 991 3328 vel
1039 3276 1183 3328 enim
1239 3292 1257 3325 ι
1327 3275 1600 3330 canticum
1650 3276 1870 3345 psalmi,
1936 3294 1956 3328 ι
1991 3276 2075 3332 vel

2177 2105 2292 2170 γεῖν
2319 2103 2393 2173 (5)
2423 2103 2520 2174 τὴν
2543 2103 2795 2157 διάνοιαν.
2823 2101 2941 2155 Τῶν
2961 2100 3135 2154 τοίνυν
3161 2096 3390 2168 ψαλμῶν
3411 2097 3458 2148 οἱ
3487 2095 3582 2163 μέν
3608 2094 3748 2145 εἰσιν

2178 2189 2537 2259 ἀνεπίγραφοι
2568 2189 2665 2256 ('5')
2708 2187 2950 2243 καθόλου·
2981 2188 3045 2240 Οί
3077 2186 3131 2239 δὲ
3179 2186 3308 2254 παρ’
3355 2184 3484 2253 ἡμῖν
3530 2181 3750 2250 ἔχοντες

2176 2280 2275 2349 τὴν
2313 2281 2623 2351 ἐπιγραφὴν
2653 2277 2747 2332 τοῦ
2777 2278 3098 2349 Προφήτου,
3127 2275 3280 2345 παρὰ
3317 2277 3428 2336 τοῖς
3473 2271 3746 2343 Ἑϐραίοις

2175 2371 2275 2424 οὐκ
2321 2371 2520 2440 ἔχουσι.
2553 2371 2678 2434 Τοῖς
2722 2369 2780 2422 δὲ
2817 2369 3090 2438 ἐπιγραφή
3140 2370 3253 2420 ἐστι
3280 2405 3293 2430 ,
3346 2366 3497 2437 ψιλὸν
3543 2364 3603 2416 τὸ
3646 2361 3746 2415 τοῦ

2183 2481 2201 2512 ι
2235 2461 2395 2516 Δαυῒδ
2424 2483 2441 2514 ι
2468 2463 2654 2534 ὄνομα.
2693 2461 2906 2525 Ἀλλοις
2932 2459 3068 2530 μετὰ
3087 2460 3179 2513 τοῦ
3205 2459 3464 2530 ὀνόματος
3497 2457 3590 2512 καὶ
3615 2456 3749 2510 ἄλλο

2177 2570 2229 2606 τι
2254 2555 2804 2626 συμπαραγράφεται,
2836 2553 2868 2624 ἢ
2899 2571 2918 2604 ι
2955 2546 3152 2618 αἷνος,»
3177 2552 3212 2622 ἢ
3245 2571 3261 2603 ι
3288 2551 3418 2623 ᾠδὴ,
3449 2571 3466 2604 ι
3493 2552 3524 2624 ἢ
3554 2571 3571 2603 ι
3598 2552 3750 2605 αἴνε-

2181 2657 2284 2706 σις,
2316 2661 2333 2693 ι
2367 2641 2400 2712 ἢ
2432 2659 2450 2692 ι
2478 2642 2708 2712 ψαλμὺς,
2743 2663 2760 2694 ι
2794 2641 2870 2712 ῆι
2903 2641 3186 2704 συνέσεως,
3219 2660 3237 2694 ι
3270 2641 3302 2712 ἢ
3337 2660 3354 2692 ι
3394 2641 3669 2712 προσευχὴ
3693 2661 3744 2704 ,ι

2179 2731 2212 2802 ἢ
2249 2751 2267 2782 ι
2302 2732 2499 2796 ὲξοὸίου
2530 2734 2752 2803 σκηνῆς,
2794 2752 2812 2784 ι
2843 2732 2876 2803 ἢ
2908 2751 2926 2784 ι
2949 2732 3341 2803 ’ὲγκαινισμοῦ,
3369 2751 3388 2784 ι
3425 2732 3458 2803 ἢ
3492 2749 3510 2784 ι
3545 2733 3748 2786 ἐκστάς

2181 2840 2337 2888 σεως,
2381 2843 2399 2875 ι
2443 2824 2476 2894 ἢ
2531 2843 2549 2874 ι
2580 2825 2657 2886 εἰς
2687 2823 3079 2894 ὲπανάμνησιν,
3116 2841 3134 2874 ι
3170 2823 3202 2893 ἢ
3251 2841 3270 2874 ι
3306 2825 3384 2885 εἰς
3421 2822 3748 2893 ἐξομολόγηο

2181 2927 2284 2976 σιν,
2312 2928 2329 2960 ι
2353 2909 2385 2980 ἦ
2413 2928 2432 2960 ι
2458 2909 2535 2980 τῷ
2558 2910 2725 2980 δούλῳ
2745 2910 2971 2982 Κυρίου,
2994 2910 3060 2980 »ἢ
3081 2929 3098 2962 ι
3126 2910 3201 2981 τῷ
3229 2911 3478 2982 Ἰδιθοὺμ,
3509 2911 3579 2981 »ἢ
3613 2931 3631 2963 ι
3665 2911 3748 2982 τῷ

2191 2996 2358 3066 Ἐμὰν
2397 2997 2474 3068 τῷ
2523 2997 2845 3071 Ἰσραηλίτῃ.
2882 3016 2900 3049 ι
2947 2999 3182 3070 Ἑτέροις
3211 2998 3266 3052 δὲ
3309 2998 3447 3069 μετά
3487 2996 3754 3066 συζυγίας

2177 3089 2318 3152 τινὸς
2343 3088 2452 3144 τῶν
2479 3089 2755 3158 ὀνομάτων
2784 3087 2987 3142 τούτων
3015 3090 3048 3160 ἢ
3071 3089 3178 3142 τῶν
3207 3089 3465 3160 ῥημάτων
3495 3087 3753 3160 ἀλλήλοις

2180 3179 2640 3251 συγγραφομένων
2697 3178 2729 3249 ή
2775 3179 3051 3250 ἐπιγραφὴ
3085 3181 3314 3248 γίνεται’
3382 3179 3414 3250 ἢ
3452 3180 3560 3250 γὰρ
3588 3198 3606 3231 ι
3635 3180 3752 3252 ᾠδὴ

2177 3267 2410 3339 ψαλμοῦ,
2444 3288 2463 3321 ι
2492 3269 2525 3341 ἢ
2556 3289 2574 3320 ι
2606 3268 2815 3338 ψαλμὸς
2833 3269 2994 3342 ᾠδῆς,
3022 3289 3039 3321 ι
3066 3270 3098 3341 ἢ
3129 3290 3148 3321 σ
3175 3271 3305 3343 ᾠδὴ,
3338 3290 3356 3324 ι
3381 3271 3414 3342 ἢ
3435 3291 3453 3323 ι
3475 3272 3743 3343 ψαλμδς,ο

508 3386 528 3419 ι
568 3369 813 3438 psalmus
843 3367 1068 3432 cantici,
1125 3386 1143 3418 ι
1178 3368 1264 3424 vel
1301 3386 1319 3419 ι
1363 3369 1664 3434 canticum,
1705 3389 1723 3422 ι
1755 3371 1838 3426 vel
1877 3389 1896 3423 ι
1929 3371 2076 3441 psal-

2181 3361 2214 3430 ἢ
2247 3379 2266 3411 ι
2299 3361 2358 3413 ὲν
2387 3360 2574 3430 ὕμνοις
2601 3359 2844 3429 ψαλμὸς,
2882 3379 2901 3412 ι
2938 3361 2971 3431 ἢ
3010 3380 3028 3413 ι
3064 3364 3121 3415 ὲν
3160 3362 3348 3432 ὕμνοις
3381 3363 3668 3426 συνέσεως,
3727 3383 3746 3415 ι

503 3477 647 3522 mus.
686 3481 704 3511 ι
740 3461 822 3514 vel
860 3479 878 3512 ι
919 3460 972 3514 in
995 3460 1212 3530 hymnis
1242 3460 1510 3529 psalmus,
1541 3478 1559 3512 ι
1597 3461 1680 3516 vel
1721 3480 1738 3512 ι
1777 3461 1832 3516 in
1865 3461 2081 3533 hymnis

504 3553 831 3615 intellectus,
881 3569 900 3602 ι
949 3550 1044 3605 ενοι
1103 3569 1122 3602 ι
1179 3551 1355 3605 oratio
1411 3549 1601 3615 David,
1658 3570 1678 3603 ι
1735 3552 1817 3607 vel
1849 3571 1868 3604 ι
1905 3554 2082 3608 oratio

502 3643 750 3714 pauperi,
786 3661 804 3695 ι
870 3642 952 3698 vel
985 3661 1003 3694 ι
1038 3642 1158 3696 laus
1184 3641 1406 3705 cantici,
1445 3659 1464 3693 ι
1499 3642 1583 3697 vel
1625 3641 1804 3696 simile
1833 3643 1960 3712 quid
1982 3658 2081 3698 no-

502 3735 633 3789 mini
671 3734 892 3790 Davidis
944 3733 1330 3800 conjunctione
1362 3734 1596 3804 quadam
1656 3735 1968 3803 copulatum
2000 3736 2082 3790 in-

503 3827 819 3895 scriptionis
841 3825 1015 3880 vicem
1041 3826 1211 3880 subit.
1243 3823 1458 3880 Rursus
1485 3827 1539 3879 in
1573 3823 1695 3879 aliis
1729 3825 1835 3878 alia
1863 3841 2082 3896 quoque

502 3916 685 3971 addita
730 3930 954 3971 cernere
988 3916 1114 3969 licet
1152 3932 1164 3969 :
1212 3913 1553 3983 potissimum
1593 3911 1724 3966 illud
1785 3931 1800 3968 :
1849 3931 1867 3964 ι
1908 3913 1963 3966 In
2015 3912 2082 3966 ﬁ-

503 4021 647 4060 nem.
696 4025 715 4056 ι
779 4004 917 4060 Huic
966 4005 1152 4060 itidem
1209 4005 1329 4058 voci
1374 4004 1581 4069 multis,
1635 4003 1915 4073 variisque
1959 4003 2080 4058 aliis

503 4097 768 4166 adjectis:
807 4106 902 4152 aut
957 4097 1102 4150 enim
1132 4096 1468 4166 adiungitur,
1505 4113 1524 4146 ι
1577 4110 1676 4164 pro
1707 4096 1774 4150 iis
1806 4096 1899 4164 qui
1933 4111 2082 4150 com-

501 4193 857 4245 mutabuntur
890 4205 905 4254 ;
949 4208 966 4241 ι
1000 4198 1094 4244 aut
1131 4207 1149 4240 ι
1189 4203 1287 4258 pro
1321 4186 1557 4251 arcanis,
1593 4205 1610 4237 ι
1650 4195 1743 4240 aut
1793 4205 1812 4238 ι
1846 4201 1944 4254 pro
1987 4199 2081 4240 oc-

501 4291 647 4345 tava,
706 4300 724 4332 ι
779 4289 872 4336 aut
904 4300 922 4333 ι
963 4297 1061 4350 pro
1101 4295 1163 4336 ea
1195 4294 1317 4350 quae
1368 4277 1740 4333 hereditatem
1787 4278 2081 4346 consequi-

502 4377 612 4433 tur,
649 4389 667 4420 ι
720 4377 814 4425 aut
852 4388 870 4421 ι
914 4385 1013 4440 pro
1047 4368 1437 4431 torcularibus,
1484 4387 1503 4417 ι
1577 4374 1670 4420 aut
1701 4385 1719 4419 ι
1754 4381 1852 4437 pro
1900 4382 2082 4422 susce-

503 4461 684 4532 ptione
703 4461 989 4524 matutina,
1029 4480 1047 4512 ι
1105 4470 1199 4514 aut
1229 4480 1248 4513 ι
1288 4476 1384 4531 pro
1412 4458 1702 4521 Maheleth,
1748 4476 1768 4510 ι
1803 4467 1897 4512 aut
1931 4477 1948 4510 ι
1981 4472 2081 4528 pro

503 4549 723 4619 pupula,
755 4550 845 4619 qui
877 4564 907 4604 a
949 4550 1156 4604 sanctis
1211 4549 1368 4619 longe
1423 4548 1601 4602 factus
1627 4557 1732 4612 est,
1778 4566 1797 4600 ι
1828 4553 1921 4601 aut
1953 4564 1976 4596 ι
2014 4561 2083 4602 ne

2180 3449 2214 3519 ἦ
2266 3469 2284 3502 ι
2324 3451 2630 3522 προσευχῆς
2674 3450 2752 3521 τῷ
2778 3451 2969 3517 Δαυῒδ,
3015 3469 3033 3503 ι
3087 3450 3120 3523 ἢ
3162 3472 3182 3506 ‹
3216 3453 3519 3524 προσευχῆς
3548 3453 3625 3521 (4)
3673 3453 3753 3522 τῷ

2181 3540 2402 3612 πτωχῷ,
2435 3561 2454 3595 ι
2489 3541 2522 3614 ἢ
2563 3560 2581 3592 ι
2609 3536 2757 3606 αῐνος
2780 3541 2946 3613 ᾠδῆς·
2976 3561 2995 3594 ι
3038 3543 3072 3614 ῆ
3128 3561 3184 3598 τι
3215 3543 3333 3602 τῶν,
3379 3541 3634 3596 τοιούτων
3663 3545 3754 3597 διὰ

2182 3630 2442 3700 συζυγίας
2486 3631 2930 3702 συντεταγμένων
2974 3631 3052 3704 τῷ
3091 3632 3310 3702 ὀνόματι
3345 3633 3423 3703 τῷ
3465 3633 3540 3704 (5)
3585 3631 3756 3686 Δαυῒδ

2184 3719 2463 3791 ἐπιγραφὴ
2493 3721 2724 3789 γίνεται.
2768 3720 2936 3775 Πάλιν
2973 3722 3058 3790 ἐφ’
3091 3722 3311 3793 ἐτέρων,
3343 3722 3435 3776 καὶ
3465 3721 3598 3776 ἄλλα
3625 3723 3754 3776 τινὰ

2180 3813 2390 3874 τούτοις
2437 3812 2915 3883 συνεπιγράφεταιο
2949 3811 3384 3883 προτεταγμένου
3426 3811 3546 3882 μὲν,
3573 3811 3648 3876 ὡς
3679 3812 3753 3867 τὰ

2182 3902 2384 3966 πολλὰ,
2413 3901 2504 3956 τοῦ
2553 3920 2572 3954 ι
2609 3905 2686 3966 είς
2727 3903 2787 3956 τὸ
2819 3903 2988 3968 τέλος.
3034 3923 3052 3957 ι
3087 3905 3556 3976 Συγγραφομένων
3589 3904 3644 3957 δὲ
3676 3907 3749 3975 τῇ

2183 3997 2332 4064 φωνῇ
2357 3994 2524 4064 ταύτῃ
2560 3993 2816 4048 ποικίλων
2860 4012 2920 4048 τε
2955 3998 3052 4049 καὶ
3071 3994 3566 4068 διαφόρωψῆγὰρ(
3605 3996 3751 4066 ὑπὲρ

2179 4085 2288 4137 τῶν
2316 4085 2821 4156 ἀλλοιωθησομένων
2843 4085 3210 4157 »προσγράφει
3229 4085 3376 4157 (6)·ἢ
3411 4105 3428 4137 ι
3469 4087 3609 4157 ὑπὲρ
3634 4086 3750 4138 τῶν

2182 4174 2447 4243 κρυφίων,
2488 4173 2566 4244 »ἢ
2601 4193 2620 4226 ι
2651 4175 2789 4245 ὑπὲρ
2813 4176 2910 4246 τῆς
2931 4175 3389 4248 κληρονομούσης,
3429 4195 3446 4226 ι
3481 4175 3513 4245 ἢ
3549 4195 3568 4225 ι
3603 4175 3751 4246 ὑπὲρ

2180 4263 2279 4332 τῆς
2305 4262 2562 4333 ὀγδόης.»
2610 4263 2644 4335 ἢ
2681 4283 2699 4316 ι
2734 4265 2873 4336 ὑπὲρ
2915 4265 3023 4319 τῶν
3053 4264 3246 4336 ληνῶν,
3285 4284 3304 4315 ι
3341 4265 3374 4335 ἢ
3415 4283 3433 4315 ι
3475 4265 3614 4334 ὑπὲρ
3641 4264 3750 4334 τῆς

2180 4351 2513 4423 ἀντιλήψεως
2552 4352 2652 4422 τῆς
2699 4353 2946 4424 ἑωθινῆς,
2997 4374 3014 4406 ι
3051 4354 3082 4424 ἢ
3133 4372 3152 4403 ι
3195 4353 3333 4425 ὑπὲρ
3366 4352 3600 4415 Μαελὲθ,
3640 4372 3661 4404 ι
3707 4353 3746 4424 ἢ

2186 4461 2206 4494 ι
2239 4444 2375 4515 ὑπὲρ
2403 4443 2496 4497 τοῦ
2538 4443 2668 4497 λαοῦ
2710 4443 2804 4498 τοῦ
2846 4445 2954 4500 ἀπὸ
2992 4445 3098 4498 τῶν
3126 4445 3296 4513 ἁγίων
3340 4445 3752 4516 μεμακρυμμέ-

2181 4551 2322 4603 νου,ι
2353 4535 2386 4605 ἢ
2420 4554 2439 4587 ι
2476 4535 2550 4606 μὴ
2588 4535 2925 4609 διαφθείρῃς,
2954 4555 2972 4589 ι
3018 4537 3051 4609 ἢ
3093 4556 3112 4589 ι
3144 4539 3223 4600 είς
3256 4536 3684 4607 στηλογραφίαν,
3725 4555 3745 4587 ο

505 4656 844 4711 corrumpas,
883 4660 902 4694 ο
942 4649 1037 4695 aut
1070 4659 1088 4691 ι
1131 4641 1187 4695 in
1231 4641 1375 4695 tituli
1424 4640 1852 4709 inscriptionem,
1919 4657 1936 4691 ι
1985 4647 2076 4693 aut

2180 4623 2339 4695 ἢκαὶ
2378 4626 2659 4698 ἀμφότερα
2713 4628 2902 4684 ταῦτα⁹
2977 4627 3010 4698 ἢ
3061 4645 3079 4679 ι
3125 4629 3204 4690 είς
3247 4628 3588 4698 Σολομῶντα,
3638 4646 3659 4680 ι
3711 4628 3748 4700 ἢ

505 4730 621 4787 haec
676 4740 906 4799 utraque
939 4731 1133 4797 simul;
1186 4740 1280 4785 aut
1331 4748 1350 4781 σ
1403 4730 1457 4784 in
1497 4727 1866 4794 Salomonem,
1929 4745 1948 4781 ι
1982 4734 2076 4783 aut

2179 4717 2310 4790 ιῷδὴ
2323 4717 2464 4790 ὑπὲρ
2481 4717 2576 4771 τοῦ
2591 4717 2980 4792 ἀγαπητοῦ,ιῆ
3015 4736 3034 4770 ι
3077 4717 3215 4789 ὑπὲρ
3246 4717 3354 4770 τῶν
3380 4718 3622 4790 κρυφίων
3647 4715 3752 4771 τοῦ

509 4838 530 4872 c
565 4823 838 4875 canticum
863 4836 960 4888 pro
990 4820 1210 4885 dilecto,
1247 4839 1266 4872 ι
1301 4828 1394 4874 aut
1435 4837 1454 4872 ι
1494 4834 1592 4890 pro
1629 4821 1856 4876 occultis
1884 4819 1998 4881 ﬁlii,
2050 4838 2070 4872 ι

503 4917 598 4966 aut
629 4928 650 4962 ι
711 4911 767 4965 in
814 4909 1252 4974 confessionem;
1285 4928 1306 4963 ι
1343 4915 1437 4963 aut
1507 4910 1686 4979 aliqua
1723 4925 1788 4964 ex
1819 4908 2071 4971 historia.

504 5003 780 5071 rebusque
804 5003 975 5071 gestis
990 5001 1401 5056 circumstantia
1419 4999 1655 5056 additur.
1678 5001 1921 5070 Exempli
1945 5015 2082 5058 caue

503 5107 586 5157 sa,
627 5093 783 5159 illud,
813 5111 831 5144 ι
865 5093 960 5162 qui
988 5093 1042 5147 in
1069 5092 1327 5164 spelunca
1357 5130 1372 5156 ,
1411 5111 1430 5144 ι
1456 5091 1561 5158 vel,
1608 5109 1626 5142 ι
1665 5091 1880 5160 quando
1927 5091 2077 5144 misit

505 5181 660 5248 Saul,
709 5190 770 5238 ut
795 5184 1159 5250 occideretur,
1223 5201 1242 5236 ι
1280 5182 1366 5240 vel
1402 5201 1421 5234 ι
1451 5181 1668 5253 quando
1701 5183 1757 5236 in
1781 5179 2076 5237 solitudine

579 5373 692 5445 (99)
712 5371 820 5430 οὖν
839 5390 949 5430 om.
980 5373 1067 5431 ed.

579 5448 656 5510 (Ι)
682 5446 922 5515 Μικράν,
951 5446 1038 5501 ed.

579 5515 658 5584 (2)
696 5515 834 5568 Κατ’
864 5531 975 5570 om.
1009 5515 1098 5571 ed.

451 5599 462 5606 ·
578 5585 956 5653 (⁸5)Ἀγαγεῖν,
988 5585 1075 5640 ed.
1167 5590 1170 5591 ⁷

580 5653 680 5726 (δ’)
715 5656 777 5708 οι
801 5655 926 5712 add.
947 5654 1035 5712 ed.

2180 4807 2318 4872 υίοῦ,
2343 4825 2364 4860 ι
2385 4806 2419 4880 ἦ
2442 4827 2461 4860 ‹
2481 4811 2560 4869 εἰς
2587 4809 2986 4880 ἐξομολόγησιν.
3028 4830 3046 4863 ι
3087 4812 3158 4864 Ἦ
3182 4828 3266 4874 τις
3296 4810 3355 4875 ἐξ
3383 4810 3620 4881 ἱστορίας
3644 4827 3759 4864 πε·

2183 4897 2444 4967 ρίστασις.
2474 4893 2597 4954 Οἶον
2618 4902 2741 4954 «ὅτε
2755 4898 2911 4972 ἦν(7)
2948 4903 3005 4954 ὲν
3037 4899 3116 4972 τῷ
3142 4901 3407 4972 σπηλαίῳ,
3430 4918 3448 4952 ι
3469 4897 3502 4969 ἢ
3524 4914 3542 4947 ι
3572 4901 3662 4953 ὅτε
3689 4901 3758 4952 ὲν

2178 4993 2244 5061 τῇ
2275 4991 2464 5060 ἐρήμῳ
2501 5036 2516 5060 ,
2557 5012 2576 5044 ι
2609 4991 2643 5064 ἢ
2678 5013 2697 5045 ‹
2727 4992 2816 5046 ὅτε
2850 4993 3136 5047 ἀπέστειλε
3169 4993 3339 5048 Σαοὺλ
3371 4991 3464 5046 τοῦ
3507 4992 3759 5046 θανατῶ-

2181 5079 2270 5133 σαι
2301 5079 2480 5143 αὑτὸν,
2518 5098 2538 5132 ›
2587 5079 2621 5148 ἢ
2670 5098 2684 5130 ι
2731 5081 2870 5152 ὑπὲρ
2907 5081 3013 5134 τῶν
3057 5081 3230 5150 λόγων
3270 5081 3458 5147 Χουσὶ,
3493 5079 3568 5150 »ἢ
3597 5098 3619 5132 ε
3654 5080 3756 5135 ὅτε

2180 5170 2438 5239 ὴλλοίωσε
2479 5171 2540 5224 τὸ
2574 5170 2859 5241 πρόσωπον
2897 5172 3062 5227 αὐτοῦ
3102 5171 3344 5228 ἐναντιον
3377 5170 3694 5243 Ἀδιμιλιιχ,
3729 5187 3751 5222 ι

2251 5369 2328 5450 is
2356 5367 2528 5450 ἕδρας
2763 5367 2849 5424 εα-

2253 5439 2330 5504 (5)
2363 5438 2490 5501 Τοῦ.
2534 5438 2621 5492 ed.

2254 5439 2308 5504 (5
2363 5439 2490 5501 Τοῦ,
2534 5439 2621 5492 ed.

2254 5439 2330 5578 (ὦ
2361 5507 2695 5577 Προγράφει.
2735 5507 2824 5566 ed-

2259 5575 2335 5648 (7)
2371 5575 2503 5650 Τήν,
2520 5575 2623 5634 *eu.
