2027 3218
307 167 359 195 695

942 164 971 191 S.
991 163 1156 191 GBEGORII
1176 163 1325 191 NYSSENI

1872 168 1917 194 406

306 227 349 251 cet
372 222 537 255 modulatio;
558 221 756 257 verborumque
773 223 814 250 vis
832 226 858 249 et
877 226 999 257 potestas
1019 230 1084 250 cum

1140 224 1187 251 καὶ
1201 225 1215 250 ὁ
1231 223 1279 250 τοῦ
1296 224 1392 259 μέλους
1408 222 1522 258 ῥυθμὸς,
1538 223 1584 249 καὶ
1606 222 1658 249 τῶν
1673 222 1802 258 ῥημάτων
1816 223 1834 258 ἡ
1846 223 1917 249 δύνα-

305 272 387 296 cantu
416 268 496 296 simul
521 267 685 295 articulatim
715 268 830 303 prolata.
858 275 938 302 quam
965 268 1090 303 ignorare

305 321 417 341 necesse
431 317 482 346 est,
498 313 520 341 si
543 313 610 340 solis
629 314 817 341 instrumentis
837 313 950 340 musicis
972 313 1089 341 melodia

306 359 480 387 instituatur:
494 359 582 386 simile
595 358 660 394 quid
678 359 742 391 illis,
756 359 802 394 qui
828 358 938 386 virtutis
954 359 1088 386 exercita—

306 405 373 432 tioni
397 412 458 433 sese
469 404 583 436 dedunt,
611 404 751 432 indicatur
776 404 940 437 usuvenire;
964 404 1089 431 nonnulli

305 450 389 481 enim,
417 449 462 484 qui
489 457 579 477 rerum
607 449 819 477 considerationi
840 454 867 476 et
888 449 1090 484 investigationi

305 496 425 522 animum
441 495 588 529 adjiciunt;
605 495 687 522 vitam
711 495 819 530 quidem
835 502 897 523 cum
915 494 1015 522 virtute
1042 494 1090 521 de-

306 543 390 576 gunt;
412 540 458 567 sed
492 541 576 575 ignoti
607 541 756 576 plerisque,
772 540 887 575 propriae
916 540 1090 568 conscientia:

306 586 430 612 terminis
446 589 550 612 tantum
570 586 671 613 bonum
689 586 935 613 circumscribunt:
963 586 1009 620 qui
1026 594 1089 613 vero

306 638 397 659 mores
412 639 520 666 quoque
533 639 598 659 suos
617 640 667 667 pro
686 632 789 659 viribus
812 635 886 659 recte
910 636 1087 666 componunt,

306 676 343 703 illi
376 677 520 704 honestate
545 680 572 704 et
594 677 729 710 decentia,
746 677 773 704 in
799 677 832 704 iis
853 684 913 711 quae
938 680 1087 712 apparent,

305 722 427 757 agendis,
445 722 518 749 velut
540 722 663 750 oratione
690 722 819 757 quadam,
835 722 897 749 vita:
925 722 1089 749 convenien-

307 768 370 794 tiam
401 772 529 803 recteque
552 767 749 795 coniormatam
774 768 905 794 rationem
938 767 1087 801 publicant.

306 813 420 846 Quando
431 813 515 848 igitur
530 821 579 848 per
589 812 645 840 haec
658 812 738 839 ambo
748 812 828 839 otIicii
842 812 911 838 ratio
924 811 1003 839 nobis
1020 819 1088 839 eon-

305 859 414 891 stiterit,
438 858 585 893 conjuncta
600 858 771 894 philosophia
783 858 839 889 illa,
857 865 917 892 qua:
941 857 974 884 ad
999 865 1089 885 mores

1145 277 1191 304 μις
1217 270 1234 304 ἡ
1260 268 1316 305 (54)
1340 268 1566 303 συνδιεξαγομένη
1594 268 1663 303 μετὰ
1686 267 1733 294 τοῦ
1757 267 1868 303 μέλους,
1890 269 1920 304 ἠν

1143 314 1298 348 ἀγνοεῖσθαι
1312 314 1387 341 πᾶσα
1403 313 1524 347 ἀνάγκη,
1550 314 1614 339 ὅταν
1635 313 1679 340 διὰ
1695 314 1781 347 μόνων
1796 313 1849 340 τῶν
1864 323 1923 348 μου-

1144 359 1227 386 σικῶν
1240 360 1362 395 ὀργάνων
1386 360 1402 394 ἡ
1430 358 1546 394 μελῳδία
1561 358 1690 393 γένηται·
1716 358 1786 385 οὕτω
1812 360 1857 385 καὶ
1881 360 1925 385 ἐπὶ

1142 404 1196 431 τῶν
1220 404 1269 439 τὴν
1292 404 1391 440 ἀρετὴν
1413 404 1557 439 μετιόντων
1574 403 1718 438 συμῦαίνει
1739 403 1805 438 (35).
1831 405 1860 430 Ol
1879 404 1926 439 μὲν

1142 450 1197 485 γὰρ
1209 451 1242 485 τῇ
1257 449 1410 485 θεωρητικῇ
1427 458 1457 476 τε
1472 450 1519 476 καὶ
1531 449 1663 484 ὲποπτικῇ
1685 448 1740 475 τῶν
1755 449 1838 475 ὄντων
1852 449 1926 483 φιλο-

1144 495 1223 530 σοφίᾳ
1245 495 1290 521 τὸν
1313 494 1376 522 νοῦν
1401 494 1624 530 προσανέχοντες,
1641 495 1737 530 ἄδηλον
1749 496 1805 526 τοῖς
1822 495 1927 525 πολλοῖς

1143 540 1191 576 τὴν
1203 540 1302 576 ἀρετὴν
1318 540 1505 575 κατορθοῦσιν,
1521 541 1550 566 ὲν
1564 540 1603 575 τῷ
1617 540 1671 575 (56)
1686 540 1742 575 ἰδίῳ
1756 541 1884 567 συνειδότι
1897 540 1926 565 τὸ

1142 585 1242 620 ἀγαθὸν
1258 586 1472 616 κατακλείοντες·
1497 582 1537 617 οἷς
1559 585 1587 611 δὲ
1604 585 1650 612 καὶ
1672 585 1703 611 τὺ
1722 584 1788 621 ἦθος
1808 585 1854 612 τοῦ
1869 585 1924 620 βίου

1143 631 1212 658 κατὰ
1238 631 1354 666 σπουδὴν
1380 630 1630 666 συγκατορθοῦται,
1657 628 1729 658 οὗτοι
1754 632 1785 667 τῇ
1812 632 1874 667 περὶ
1896 631 1925 658 τὸ

1143 675 1302 711 φαινόμενον
1314 675 1514 710 εὐσχημοσύνῃ,
1526 675 1651 710 καθάπερ
1661 676 1713 702 τινὶ
1722 675 1793 710 λόγῳ
1804 675 1851 711 τὴν
1869 676 1925 711 (57)

1142 721 1192 756 τῆς
1214 721 1287 756 ζωῆς
1310 721 1412 748 ἑαυτῶν
1430 721 1578 757 εὐρυθμίαν
1604 721 1817 757 δημοσιεύουσιν.
1843 722 1926 749 Ὅταν

1142 767 1231 793 τοίνυν
1253 767 1287 793 δι’
1311 765 1503 804 ἀμφοτέρωνῇ
1527 767 1558 793 τὸ
1575 767 1676 801 ἀγαθον
1699 767 1924 803 κατορθούμενον,

1142 812 1193 848 τῆς
1208 813 1305 848 ἠθικῆς
1321 813 1479 848 φιλοσοφίας
1491 812 1559 848 πρὸς
1574 813 1623 848 τὴν
1637 813 1804 848 θεωρητικὴν
1818 814 1927 850 συνδρα-

1145 857 1272 893 μούσης,‹
1284 858 1344 893 ᾮδὴ
1355 857 1461 893 ψαλμοῦ
1475 857 1590 892 γίνεται,
1607 866 1616 883 ι
1634 857 1651 892 ἦ
1668 866 1678 882 ι
1696 856 1807 892 Ψαλμὸς
1818 857 1899 892 ᾠδῆς
1914 868 1924 884 ι

304 905 431 940 pertinet,
446 912 507 931 cum
521 905 566 931 illa
579 912 639 939 quae
658 903 685 930 in
702 903 931 938 contemplatione
949 902 1084 934 consistit,

1143 903 1205 929 ὅταν
1219 902 1247 929 δὲ
1265 903 1294 929 τὸ
1310 903 1364 938 (58)
1385 904 1475 939 ἕτερον
1519 903 1621 929 τούτων
1636 903 1678 937 ἐφ’
1693 903 1788 929 ἑαυτοῦ
1807 904 1862 935 τοῖς
1877 904 1928 930 ἑπ-

304 954 370 977 tunc
385 959 394 975 ι
410 950 553 977 Canticum
564 949 678 985 psalmi;
698 958 707 974 ι
726 948 778 981 vel,
793 957 802 973 ι
821 947 946 975 Psalmus
961 947 1059 974 cantici
1076 956 1084 972 ι

1142 948 1227 980 αίνοις
1243 949 1431 985 προκείμενον,
1452 950 1468 985 ἦ
1489 949 1519 976 τὸ
1539 948 1610 975 κατὰ
1624 949 1742 975 διάνοιαν
1760 948 1859 982 ἀγαθὸν
1883 950 1928 977 διὰ

303 994 428 1022 ell'icitur.
444 994 559 1027 Quando
589 998 678 1021 autem
696 993 810 1020 alterum
832 992 928 1019 horum
953 992 1087 1019 laudatio-

306 1040 385 1066 nibus
398 1039 529 1066 duntaxat
542 1042 720 1073 praenotatum
740 1037 832 1070 fuerit,
848 1042 912 1065 tunc
922 1038 963 1065 vel
974 1037 1086 1070 bonum,

304 1083 377 1117 quod
394 1084 421 1110 in
436 1084 527 1110 animo
544 1084 626 1110 situm
639 1088 689 1115 est,
702 1090 749 1118 per
763 1092 772 1109 ι
784 1082 922 1110 Psalmum
937 1092 946 1108 ι
959 1082 1085 1117 designa-

1140 992 1186 1019 τοῦ
1204 1002 1213 1019 ‹
1229 993 1343 1028 Ψαλμοῦ
1364 1003 1373 1020 ι
1394 994 1471 1029 μόνον
1487 993 1662 1028 σημαίνεται·
1678 993 1694 1028 ἢ
1710 993 1741 1020 τὸ
1757 991 1822 1028 ἦθος
1842 994 1889 1020 καὶ
1908 995 1925 1029 ἡ

1141 1039 1204 1073 περὶ
1217 1039 1247 1065 τὸ
1264 1039 1424 1075 φαινόμενον
1443 1039 1648 1075 εὐσχημοσύνη,
1665 1038 1709 1066 διὰ
1727 1039 1776 1074 τῆς
1794 1048 1803 1065 1
1817 1039 1895 1075 ᾮδῆς
1913 1049 1925 1066 ι

1138 1084 1327 1119 ἑρμηνεύεται.

304 1135 357 1161 tur,
373 1129 414 1156 vel
429 1136 535 1156 morum
550 1128 690 1160 honestas,
703 1131 731 1155 et
743 1128 771 1155 in
786 1127 939 1154 actionibus
954 1126 1077 1154 decentia
1091 1134 1139 1162 per
1156 1137 1165 1153 ι
1180 1127 1322 1155 Canticum
1338 1137 1346 1154 I
1365 1129 1529 1157 insinuatur.

339 1183 461 1220 Hymnus
478 1187 568 1211 autem
581 1183 624 1210 vel
638 1183 698 1210 laus
713 1183 736 1211 si
750 1190 812 1210 cum
828 1183 935 1210 cantico
945 1183 1087 1218 jungatur,

303 1230 467 1257 documento
480 1232 533 1261 est,
548 1236 582 1256 ne
594 1228 671 1264 prius
687 1229 868 1264 cogitationes
885 1229 918 1256 de
931 1228 987 1256 Deo
998 1229 1087 1257 susci-

303 1282 367 1310 pere
384 1274 673 1310 aggrediamur,quam
686 1273 807 1300 animum
823 1278 946 1300 nostrum
964 1277 1039 1300 tanta
1059 1273 1089 1300 li-

303 1321 407 1348 bertate
434 1320 544 1354 dignum
565 1318 713 1347 reddamus
730 1328 736 1346 :
755 1328 764 1345 ι
787 1318 846 1346 Non
863 1325 872 1343 ι
887 1317 971 1351 enim,
988 1319 1086 1354 inquit,

306 1376 315 1393 ε
329 1367 453 1401 speciosa
469 1366 529 1393 laus
547 1365 575 1392 in
592 1372 639 1392 ore
654 1364 806 1399 peccatoris
820 1364 852 1390 ".
875 1373 884 1389 ι
903 1363 935 1390 Ει
950 1364 1087 1399 peccaturi

302 1411 370 1439 dixit
384 1411 455 1438 Deus
472 1420 479 1438 :
495 1420 504 1437 ι
521 1410 611 1443 Quare
626 1413 656 1437 tu
671 1417 783 1437 enarras
796 1409 918 1444 justitias
932 1417 1006 1436 meas
1015 1409 1056 1436 "‘3
1074 1419 1083 1435 ι

301 1456 373 1484 Idem
399 1464 448 1484 nos
473 1456 553 1484 docet
575 1464 586 1482 ι
601 1455 690 1482 oratio
707 1463 768 1482 cum
782 1455 900 1486 cantico,
916 1464 925 1480 ι
949 1454 1084 1486 videlicet,

301 1507 331 1529 ut
347 1502 407 1529 vitae
421 1502 541 1529 rationes
554 1500 630 1536 prius
644 1505 719 1528 recte
733 1500 949 1532 conformemus,
965 1507 999 1527 ne
1023 1500 1084 1535 quis

301 1548 393 1583 segris
402 1550 428 1574 et
439 1546 569 1574 dissonus
580 1546 637 1573 suis
647 1546 673 1572 in
687 1545 841 1572 actionibus
853 1548 989 1580 appareat,
1006 1548 1084 1572 tune-

1176 1184 1279 1219 ’Υμνος
1288 1185 1317 1211 δὲ
1331 1184 1347 1220 ἢ
1365 1183 1439 1216 αἶνος
1452 1187 1484 1221 τῇ
1498 1186 1552 1222 ᾠδῇ
1569 1186 1800 1222 συμμιγνύμενος,
1815 1187 1925 1222 παράγ-

1138 1228 1226 1263 γελμα
1241 1229 1354 1263 γίνεται,
1374 1230 1410 1265 μὴ
1426 1231 1558 1267 πρότερον
1583 1232 1656 1267 ἡμᾶς
1680 1233 1852 1268 κατατολμᾷν
1869 1233 1924 1260 τῶν

1138 1274 1202 1310 περὶ
1212 1274 1278 1302 Θεοῦ
1289 1277 1440 1311 νοημάτων,
1449 1277 1513 1312 πρὶν
1522 1277 1554 1304 ἂν
1565 1278 1609 1304 τὸν
1622 1277 1677 1312 βίον
1688 1278 1765 1313 ἡμῶν
1775 1279 1823 1313 τῆς
1832 1279 1926 1306 τοιαὺ-

1137 1328 1187 1354 της
1197 1320 1351 1356 παρρησίας
1362 1322 1517 1357 ποιήσωμεν
1528 1323 1611 1356 ἄξιον.
1624 1333 1633 1349 ι
1645 1324 1681 1350 Οὐ
1693 1333 1703 1350 ι
1713 1324 1766 1359 γὰρ
1777 1334 1786 1350 ‹
1796 1325 1923 1360 ὡραῖος,ο

1140 1365 1231 1401 φησὶν,
1252 1376 1261 1391 ι
1276 1364 1348 1399 αἶνος
1362 1368 1390 1393 ὲν
1405 1368 1516 1403 στόματι
1531 1369 1702 1403 ἁμαρτωλοῦ⁸
1723 1380 1732 1397 ι
1745 1370 1800 1397 Καὶ
1811 1371 1850 1407 τῷ
1866 1372 1925 1406 (59)

1139 1410 1291 1446 ἁμαρτωλῷ
1315 1409 1390 1438 εἶπεν
1403 1413 1416 1438 6
1435 1412 1511 1444 θεὸς,
1527 1421 1536 1438 ι
1549 1411 1608 1439 Ἵνα
1621 1413 1648 1439 τι
1662 1414 1694 1441 σὺ
1707 1414 1817 1450 ὲκδιηγῇ
1835 1416 1870 1442 τὰ
1885 1416 1926 1442 δι-

1137 1455 1282 1491 καιώματά
1300 1465 1367 1492 μου;
1389 1466 1399 1483 ι
1421 1457 1558 1490 Ὡσαύτως
1579 1458 1606 1484 δὲ
1626 1459 1673 1485 καὶ
1692 1460 1708 1494 ἡ
1728 1468 1738 1485 ‹
1762 1460 1830 1486 Μετ’
1848 1460 1925 1495 ᾠδῆς

1137 1501 1273 1537 προσευχὴ
1292 1511 1300 1526 ι
1316 1502 1346 1528 τὸ
1364 1499 1423 1529 ἴσον
1446 1503 1511 1538 ἡμῖν
1525 1503 1697 1535 ὑποτίθεται,
1712 1505 1841 1540 πρότερον
1857 1506 1925 1541 περὶ

1135 1545 1180 1572 τὸν
1198 1545 1253 1580 βίον
1275 1547 1451 1580 σπουδάζειν,
1465 1547 1503 1579 ὡς
1516 1548 1549 1575 ἂν
1567 1549 1602 1583 μή
1619 1557 1661 1580 τις
1682 1548 1801 1584 ῥᾴθυμός
1815 1550 1873 1584 (40)
1892 1560 1924 1577 τε

300 1600 353 1628 que
375 1600 423 1627 per
438 1592 590 1619 orationem
610 1590 643 1617 ad
664 1590 748 1617 Deum
766 1590 936 1617 accedamus.
957 1588 1033 1622 Quod
1049 1590 1084 1616 si-

1136 1591 1182 1617 καὶ
1197 1591 1391 1626 παρηχημένος
1409 1593 1464 1624 τοῖς
1479 1593 1673 1629 ἐπιτηδεύμασι
1695 1594 1776 1631 τύχῃ.
1796 1596 1842 1622 καὶ
1860 1597 1924 1622 τότε

300 1638 439 1673 gniﬁcare,
451 1636 555 1672 judicio
566 1643 635 1668 meo,
646 1635 776 1662 Dominus
786 1635 904 1662 voluisse
916 1635 1022 1662 videtur
1032 1635 1085 1662 illis

299 1683 345 1718 qui
363 1683 498 1715 dicebant,
515 1690 524 1707 ι
541 1680 663 1713 Domine,
680 1680 748 1707 doce
769 1687 818 1707 nos
834 1687 913 1707 orare
922 1679 944 1695 ’⁸
961 1681 996 1715 ›,(
1007 1679 1085 1715 quasi

299 1728 387 1756 oratio
401 1735 457 1754 non
474 1727 501 1754 in
516 1726 615 1758 verbis,
629 1726 675 1753 sed
690 1725 717 1752 in
730 1725 785 1752 vita
796 1730 868 1753 recte
881 1725 1006 1753 instituta
1019 1733 1086 1752 con-

299 1774 395 1808 sistat)
424 1780 487 1800 cum
512 1772 550 1798 ait
570 1780 576 1798 :
595 1781 604 1797 ‹
620 1771 647 1798 Si
670 1771 829 1799 dimiseritis
852 1771 1005 1798 hominibus
1026 1778 1085 1806 pec-

299 1821 360 1846 cata
374 1825 480 1850 eorum,
500 1816 618 1844 dimittet
637 1819 665 1843 et
684 1814 764 1842 Pater
782 1816 902 1843 caelestis
916 1820 1025 1850 peccata
1037 1822 1084 1843 ve-

299 1868 355 1892 stra
366 1864 398 1891 ²⁸.
416 1873 426 1890 ι

333 1951 368 1978 At
401 1951 511 1986 quando
535 1950 639 1986 psalmo
667 1950 725 1977 sola
752 1957 820 1982 vox,
848 1958 857 1974 ι
873 1949 1078 1981 laudationis,»

298 1997 462 2032 praellgitur,
491 2001 547 2024 tum
572 1996 695 2031 subjecta
731 1996 865 2023 sententia
895 1997 1081 2024 testimonium

296 2042 432 2078 quoddam
449 2042 570 2070 continet
583 2041 641 2077 ejus
653 2042 699 2076 qui
721 2041 776 2069 Deo
796 2041 967 2069 laudationes
983 2041 1080 2070 oﬂ‘ert:

296 2095 358 2115 nam
372 2088 482 2116 laudare
494 2087 577 2115 Deum
589 2087 700 2114 alterius
711 2094 765 2114 non
776 2090 828 2118 est,
839 2086 887 2114 sed
902 2095 910 2112 ι
924 2086 1081 2118 Laudatin,»

295 2134 410 2169 inquit,¢
424 2133 532 2161 Davidis
547 2142 553 2160 :
570 2142 579 2158 ι
598 2136 628 2160 ut
644 2132 706 2159 hinc
725 2132 873 2165 discamus,
893 2140 941 2160 nos
956 2136 1020 2159 tunc
1033 2132 1079 2159 Dei

295 2179 423 2206 laudandi
438 2179 484 2213 jus
500 2182 526 2206 et
542 2178 692 2206 libertatem
710 2177 868 2212 adepturos,
886 2177 909 2205 si
929 2177 1023 2205 Davidi
1042 2179 1081 2205 si-

294 2226 371 2253 miles
385 2225 542 2252 evadamus.

332 2287 342 2305 c
368 2278 493 2306 Psalmus
518 2287 527 2304 ι
557 2285 621 2305 vero
651 2286 660 2303 ι
677 2277 703 2304 in
733 2276 865 2312 hymnis:
895 2276 929 2304 ad
953 2277 1075 2304 altiorem

292 2323 437 2359 quemdam
465 2327 565 2351 statum
592 2322 703 2355 evehit;
721 2330 802 2356 quem
824 2322 898 2348 novit
920 2325 946 2349 et
967 2322 1077 2350 divinus

292 2368 450 2404 Apostolus,
463 2372 493 2395 ut
506 2371 623 2395 testatur
641 2367 675 2394 ad
695 2366 863 2398 Corinthios,
889 2374 951 2393 cum
974 2367 1010 2393 ait
1033 2373 1076 2394 se-

292 2412 381 2447 ipsum
393 2411 474 2438 modo
490 2411 586 2446 spiritu
598 2411 722 2445 psallere,
738 2409 817 2437 modo
834 2414 924 2438 mente
938 2410 970 2437 ³⁰.
993 2409 1076 2445 Igitur

293 2456 444 2492 psalmodia
459 2456 604 2483 commista
615 2463 677 2483 cum
691 2459 793 2488 mente,
816 2455 883 2483 illud
899 2456 988 2491 ipSum
1000 2456 1073 2490 quod

292 2502 369 2537 prius
384 2501 544 2529 tradidimus
557 2501 687 2534 declarat,
707 2501 793 2529 videri
808 2501 936 2529 nimirum
952 2501 977 2528 id
1001 2501 1074 2536 quod

1135 1636 1276 1671 προσιέναι
1292 1636 1336 1663 διὰ
1353 1638 1506 1673 προσευχῆς
1521 1638 1560 1673 τῷ
1575 1639 1643 1674 Θεῷ.
1657 1639 1710 1666 Καί
1726 1649 1769 1675 μοι
1783 1640 1857 1667 δοκεῖ
1870 1642 1923 1675 τὴν

1134 1681 1260 1717 τοιαύτην
1275 1683 1288 1708 6
1307 1682 1407 1718 Κύριος
1424 1683 1527 1710 ἔννοιαν
1543 1684 1714 1720 παραδιδόναι
1738 1687 1791 1716 τοῖς
1812 1686 1923 1714 εἰποῦσι

1134 1726 1202 1762 πρὸς
1209 1728 1299 1760 αὑτὸν,
1310 1728 1350 1755 ὅτι
1361 1738 1369 1754 ι
1382 1728 1489 1761 Δίδαξον
1497 1730 1569 1764 ἡμᾶς
1584 1731 1791 1765 προσεύχεσθαι·
1804 1741 1814 1757 ι
1824 1733 1863 1763 ὡς
1870 1733 1923 1759 οὐκ

1134 1773 1163 1799 ὲν
1177 1774 1280 1808 ῥήμασι
1293 1774 1342 1809 τῆς
1358 1775 1525 1810 προσευχῆς,
1540 1775 1596 1802 ἀλλ’
1611 1776 1639 1802 ὲν
1654 1776 1692 1812 τῷ
1709 1776 1758 1812 βίῳ
1770 1778 1920 1813 κατορθου‹

1135 1819 1231 1854 μένης,
1241 1820 1269 1846 ὲν
1279 1817 1319 1852 οἷς
1328 1829 1418 1855 φησιν,
1434 1821 1474 1847 ὅτι
1490 1830 1499 1846 ι
1518 1821 1580 1847 Ἐὰν
1593 1822 1679 1857 ἀφῆτε
1696 1824 1752 1854 τοῖς
1764 1822 1923 1858 ἀνθρώποις·

1131 1864 1166 1890 τὰ
1184 1864 1391 1899 παραπτώματα
1413 1865 1515 1897 αὐτῶν,
1535 1867 1634 1902 ἀφήσει
1649 1868 1695 1894 καὶ
1711 1869 1774 1903 ὑμῖν
1792 1869 1806 1895 6
1822 1869 1923 1905 Πατὴρ

1131 1909 1145 1935 ὁ
1159 1909 1281 1945 οὐράνιος
1293 1910 1342 1942 τὰς
1356 1910 1491 1946 ἁμαρτίας
1505 1911 1592 1947 ὑμῶν.
1608 1921 1618 1938 ι

1168 1953 1250 1980 Ὅταν
1264 1954 1292 1980 δὲ
1306 1955 1365 1981 καθ’
1377 1955 1475 1990 ἑαυτὴν
1491 1956 1506 1990 ὴ
1533 1956 1654 1989 Αἵνεσις
1678 1957 1826 1993 γράφηται,
1843 1967 1921 1994 μαρ-

1130 1998 1226 2033 τυρίαν
1247 1999 1307 2025 τινὰ
1329 1999 1376 2026 τοῦ
1391 2000 1562 2032 ἀνατιθέντος
1583 2001 1621 2036 τῷ
1634 2001 1693 2036 Θεῷ
1711 2002 1773 2033 τοὺς
1787 2002 1922 2035 ἐπαίνους

1131 2043 1252 2077 περιέχει
1270 2044 1300 2069 τὸ
1314 2043 1401 2079 νόημα
1412 2044 1479 2079 (41).
1500 2045 1538 2071 Οὐ
1555 2045 1609 2081 γὰρ
1621 2046 1699 2072 ἄλλου
1714 2046 1785 2078 τινός
1797 2047 1873 2073 ἐστιν
1888 2049 1922 2075 τὸ

1130 2087 1250 2113 ἐπαινεῖν
1275 2087 1329 2123 (4‘2)
1355 2088 1400 2114 τὸν
1421 2088 1496 2120 Θεὸν,
1520 2089 1578 2116 ἀλλ’
1593 2090 1728 2123 Αινεσις,
1751 2091 1834 2126 φησὶ,
1861 2093 1921 2120 τοῦ

1130 2132 1233 2158 Δαυΐδ·
1247 2133 1284 2164 ὡς
1300 2133 1333 2160 ἂν
1347 2134 1390 2160 διὰ
1404 2134 1497 2161 τούτου
1518 2136 1661 2171 μάθοιμεν,
1677 2136 1717 2163 ὅτι
1738 2137 1762 2163 εἰ
1778 2137 1833 2172 (45)
1852 2140 1921 2165 κατ’

1130 2178 1232 2204 ἐκεῖνον
1246 2179 1399 2213 γενοίμεθα,
1414 2180 1473 2206 τότε
1491 2180 1538 2206 καὶ
1550 2181 1631 2216 ἡμεῖς
1644 2180 1693 2216 τὴν
1706 2182 1753 2208 τοῦ
1769 2184 1853 2209 αἰνεῖν
1869 2185 1922 2211 τὸν

1129 2222 1195 2249 Θεὸν
1208 2224 1361 2260 παρρησίαν
1375 2225 1525 2260 ληψόμεθα.

1170 2277 1199 2303 '0
1213 2277 1240 2303 δὲ
1251 2287 1260 2303 ι
1282 2278 1325 2304 Ἐν
1339 2278 1432 2314 ὕμνοις
1447 2279 1564 2316 ψαλμὸς,
1580 2290 1589 2306 ι
1600 2282 1639 2313 εἰς
1655 2281 1821 2318 ὑψηλοτέραν
1838 2284 1921 2318 ἡμᾶς

1129 2320 1223 2354 ἀνάγει
1241 2322 1415 2355 κατάστασιν,
1431 2325 1465 2359 ἢν
1487 2325 1544 2360 ᾔδει
1556 2326 1605 2352 καὶ
1618 2328 1631 2353 ὁ
1651 2327 1721 2359 θεῖος
1741 2327 1916 2362 Ἀπόστολος,

1129 2365 1219 2398 καθὼς
1232 2366 1299 2402 πρὸς
1319 2368 1476 2403 Κορινθίους
1498 2371 1590 2405 φησὶν,
1613 2371 1707 2398 ἑαυτὸν
1729 2372 1777 2399 νῦν
1802 2374 1851 2408 μὲν
1875 2374 1919 2410 τῷ

1128 2413 1262 2448 πνεύματι
1285 2413 1410 2448 ψάλλειν,
1434 2415 1481 2441 νῦν
1502 2416 1530 2442 δὲ
1554 2416 1593 2451 τῷ
1615 2417 1664 2443 νοΐ.
1692 2418 1795 2445 Οὐκοῦν
1818 2420 1833 2453 ἡ
1864 2421 1920 2454 μὲν

1127 2457 1166 2492 τῷ
1186 2457 1223 2492 νῷ
1241 2458 1447 2494 συμμιγνυμένη
1462 2459 1606 2495 ψαλμῳδία
1627 2462 1672 2488 τὸν
1693 2463 1925 2497 προαποδοθέντσ.

1128 2501 1206 2536 λόγον
1229 2502 1399 2539 διερμηνεὺει
1425 2505 1479 2540 (44)
1493 2526 1500 2538 ,
1528 2505 1575 2532 τοῦ
1590 2507 1661 2541 (δεῖν
1687 2508 1742 2544 (45)
1764 2508 1795 2535 τὸ
1818 2510 1924 2542 φαινόε

326 2592 350 2607 ³⁸
368 2591 453 2619 Eccli.
464 2599 509 2625 xv,
523 2592 548 2620 9.
588 2592 609 2608 "’
625 2591 696 2621 Psal.
712 2599 787 2626 ηιξ,
801 2592 844 2620 16.
883 2592 905 2608 ’⁵
916 2592 982 2621 Luc.
997 2600 1034 2626 XI,
1051 2591 1075 2620 l.

1136 2598 1137 2603 ‘
1156 2592 1251 2621 Matth.
1264 2602 1301 2626 vr,
1316 2594 1359 2622 Η.
1397 2595 1442 2622 ³⁰Ι
1459 2595 1521 2623 Cur.
1542 2596 1651 2630 xtv,15.

336 2670 383 2699 54)
403 2671 436 2698 Ἦ
451 2680 506 2699 om.
520 2670 562 2698 ed.

336 2673 371 2698 54
403 2673 436 2698 Ἦ
451 2680 506 2699 om.
520 2673 562 2698 ed.

336 2673 383 2742 §5l
398 2707 539 2742 Σημαίνει,
552 2705 597 2742 ed.

336 2741 381 2774 σιξ)
397 2741 430 2767 At
447 2741 510 2768 add.
526 2741 570 2768 ed.

336 2775 381 2803 37)
395 2776 450 2803 Τήν
470 2784 525 2803 om.
540 2775 584 2803 ed.

324 2776 382 2844 (37)
395 2776 450 2837 Τὲν
470 2784 525 2803 om.
540 2776 584 2803 ed.
737 2811 748 2819 η

323 2811 381 2879 (ἐξ)
397 2811 439 2872 ξ-
450 2810 568 2874 (ἐπέμιξεζῇ
580 2810 641 2839 Mox
657 2812 772 2843 ἑαυτοις,
787 2810 831 2839 ed.

421 2855 444 2879 ῳ
489 2866 496 2879 ι

335 2845 381 2881 39)
398 2845 444 2882 Τῷ
457 2846 496 2881 δέ,
513 2847 559 2874 ed.

1160 2674 1215 2708 (40)
1233 2675 1399 2709 Ἀρρυθμος,
1414 2676 1456 2703 ed.

1161 2709 1216 2743 (41)
1230 2709 1310 2736 Forte
1325 2711 1418 2744 ὕνομα.

1160 2744 1215 2777 (42)
1237 2745 1335 2774 Αίνεῖν.
1354 2746 1396 2771 ed.

1162 2779 1216 2812 (45)
1235 2780 1286 2805 Καί
1301 2780 1362 2805 add.
1381 2781 1424 2807 ed.

1160 2812 1394 2847 (ΜριἜρμηνεύει,
1412 2814 1455 2842 ed.

1161 2849 1215 2882 (65)
1230 2849 1266 2874 Τὸ
1281 2849 1379 2876 δοκεῖν.
1395 2849 1442 2877 Et).
