4054 6436
306 150 389 206 897
1645 151 1715 209 ΙΝ
1746 150 2083 210 PSALMOS.

3393 143 3509 205 ιω

301 283 435 338 μενον
474 265 607 332 ἀξιον
659 259 799 321 εἶναι
851 265 948 322 τοῦ
999 269 1414 342 κεκρυμμένου,
1474 276 1562 331 ἵνα
1632 276 1666 346 ἡ
1718 273 1824 348 ᾠδὴ

1933 273 1988 328 in
2017 279 2206 344 aperto
2231 274 2336 337 est,
2360 265 2713 337 omniumque
2733 266 3049 339 conspectui
3077 266 3383 338 expositum
3410 266 3502 323 di-

297 356 504 428 σημαίνῃ
543 356 644 427 (46)
699 359 779 429 τῷ
815 359 1041 432 τοιούτῳ
1097 363 1350 434 νοήματι.
1420 364 1486 417 'H
1543 365 1599 418 δὲ
1665 368 1830 422 πνεύ-

295 467 404 518 pars
457 449 592 520 μόνῳ
649 451 1054 524 κατορθουμένη
1107 455 1396 527 ψαλμῳδία
1422 496 1437 522 ,
1497 457 1596 529 τὴν
1661 459 1830 530 ὑπερ-

292 539 487 608 έχουσαν
570 541 899 595 κατάστασιν
981 543 1091 598 τῶν
1181 545 1356 613 ἁγίων
1438 548 1771 605 ἐνδείκνυται
1809 591 1825 620 ,

288 632 394 682 ὅταν
425 634 656 702 κρεῖττον
771 633 870 702 τῆς
910 633 998 687 διὰ
1027 634 1136 689 τῶν
1166 638 1509 709 φαινομένων
1551 641 1830 709 ἐνδείξεως

288 720 338 772 τὸ
378 719 446 790 τῷ
485 720 600 790 Θεῷ
641 723 1068 794 προσαγόμενον.
1109 727 1186 779 Οὐ
1214 727 1326 798 γὰρ
1358 730 1417 782 ἐν
1439 729 1602 799 ᾠδαῖς
1630 748 1772 785 τισιν
1799 735 1828 787 ὁ

286 811 466 881 ψαλμδς
484 814 597 874 ταῖς
613 811 699 865 διὰ
713 813 972 884 ῥημάτων
994 815 1080 868 δια
1088 815 1375 888 ρθρούσαις
1399 818 1506 872 τῶν
1522 820 1826 892 νοουμένων

284 901 605 971 τὴνδύναμιν,
623 903 734 956 ἀλλ’
757 922 776 954 c
811 903 900 958 'Ev
929 905 1136 988 ὕμνοις,
1173 925 1191 958 ι
1227 908 1410 978 φησὶν,
1439 928 1458 962 ι
1485 911 1514 961 ὁ
1545 910 1773 983 ψαλμός.
1801 931 1820 964 ι

284 991 425 1044 Τοῦτο
449 993 504 1046 δέ
538 995 673 1058 ἐστι,
704 997 846 1050 κατά
872 1013 935 1065 γε
970 998 1068 1068 τὴν
1095 997 1234 1070 ἐμὴν
1264 1000 1466 1071 κρίσιν,
1487 1001 1822 1069 διδασκαλία,

281 1082 323 1135 τί
344 1083 434 1153 χρὴ
457 1084 558 1136 ὑπὸ
577 1085 671 1138 τοῦ
695 1084 865 1156 ὕμνου
890 1088 1196 1156 γινώσκειν.
1223 1090 1579 1164 Μανθάνομεν
1602 1095 1708 1166 γὰρ
1743 1097 1825 1151 ὅτι

281 1173 500 1242 “hic;
534 1173 650 1244 βίος
692 1177 782 1229 καὶ
835 1179 896 1231 τὸ
928 1179 994 1232 τὰ
1044 1179 1157 1234 ἄνω
1188 1185 1424 1250 φρονεῖν,
1461 1185 1554 1238 καὶ
1604 1188 1667 1240 ὲκ
1717 1188 1824 1243 τῶν

279 1263 513 1331 οὐρανίων
589 1282 651 1318 τε
713 1268 804 1320 καὶ
867 1269 1276 1342 ὑπερκειμένων
1328 1275 1436 1346 (47)
1537 1279 1823 1349 νοημάτων

280 1349 398 1420 ἔχειν
432 1353 489 1405 τὸ
536 1355 810 1426 ἡμέτερον
864 1357 1113 1430 ὄργανον,
1161 1360 1316 1415 τοῦτο
1365 1364 1530 1435 ὕμνος
1567 1368 1684 1422 ἐστὶ
1727 1370 1822 1426 τοῦ

277 1443 407 1506 Θεοῦ,
441 1446 536 1497 ούκ
583 1449 646 1499 ὲν
688 1447 912 1520 δυνάμει
949 1453 1230 1522 ῥημάτων,
1281 1455 1394 1509 ἀλλ’
1429 1460 1487 1510 ὲν
1533 1459 1610 1530 τῷ
1659 1461 1824 1533 ὑπερ-

278 1535 423 1603 έχοντι
469 1537 902 1610 κατορθούμενος
949 1543 1050 1614 βίῳ
1101 1545 1236 1616 (48)·
1291 1548 1418 1602 ὅταν
1470 1551 1526 1604 δὲ
1571 1553 1670 1624 τὴν
1722 1556 1821 1626 τῆς

1932 367 2094 439 gnius
2142 380 2266 422 esse
2298 377 2366 421 eo
2413 362 2670 434 quod'ln
2725 360 2944 416 occulto
3007 360 3160 426 latet,
3203 365 3265 414 ut
3313 361 3504 430 proin-

1934 458 2004 513 de
2071 457 2347 511 canticum
2421 467 2519 524 per
2560 451 2710 508 illam
2766 451 3093 508 sententiam
3138 451 3498 523 significetur.

1931 545 2241 602 Psalmodia
2291 554 2470 600 autem
2493 557 2616 615 qum
2653 542 2772 598 solo
2795 543 2989 612 spiritu
3019 543 3296 613 perﬁcitur
3323 545 3503 601 excel-

1930 637 2130 693 lentem
2170 645 2486 693 sanctornm
2541 642 2745 692 statum
2776 634 3136 698 demonstrat,
3197 635 3341 704 quod
3389 635 3502 692 sci-

1929 729 2055 783 licet
2125 728 2180 782 id
2251 727 2397 797 quod
2453 725 2566 780 Deo
2631 725 2896 789 offertur,
2960 724 3154 780 melius
3217 725 3289 780 sit
3353 725 3502 780 omni

1929 818 2198 888 illo,quod
2223 833 2368 872 nunc
2385 817 2438 871 in
2464 816 2629 872 rebus
2644 816 3067 886 aspectabilibus
3091 815 3366 871 elucescit.
3383 815 3502 872 Non

1927 909 2071 963 enim
2107 909 2160 962 in
2195 908 2424 963 canticis
2459 907 2780 978 quibusdam
2821 914 2905 961 est
2939 906 3208 976 psalmus,
3250 921 3370 976 quae
3407 921 3502 976 per

1926 999 2090 1054 verba
2130 1014 2311 1053 rerum
2353 997 2718 1066 subjectarum
2757 997 2878 1051 vim
2903 997 3223 1067 explanent,
3257 998 3354 1052 sed
3392 1016 3410 1048 ¢
3447 997 3501 1052 in

1926 1089 2165 1162 hymnis,
2188 1109 2206 1141 ι
2239 1091 2434 1160 inquit,
2472 1107 2490 1140 ι
2518 1089 2778 1159 psalmus.
2800 1107 2818 1139 ι
2852 1087 2968 1142 Hoc
2991 1103 3138 1156 vero,
3170 1096 3228 1143 ut
3257 1103 3357 1159 ego
3380 1090 3502 1159 qui-

1925 1180 2046 1235 dem
2078 1181 2332 1247 arbitror,
2363 1181 2519 1235 docet
2553 1195 2673 1245 nos,
2714 1179 2843 1250 quid
2876 1179 3059 1250 hymni
3091 1179 3308 1235 nomine
3337 1180 3500 1235 intel-

1925 1273 2196 1342 ligendum
2225 1274 2312 1329 sit.
2342 1273 2614 1329 Discimus
2637 1273 2803 1338 enim,
2828 1272 3114 1328 sublimem
3142 1272 3286 1326 illam
3311 1271 3500 1336 vitam,

1923 1369 1976 1418 et
2014 1379 2134 1432 qua:
2172 1379 2394 1420 sursum
2426 1371 2556 1418 sunt
2583 1378 2804 1433 sapere,
2839 1369 3200 1433 nostrumque
3235 1376 3503 1433 organum

1922 1471 1990 1511 ex
2019 1457 2334 1512 cmlestibus
2359 1465 2412 1512 et
2439 1456 2690 1526 supernis
2724 1455 3145 1526 cogitationibus
3174 1468 3502 1524 suspensum

1924 1546 2145 1611 habere,
2172 1548 2433 1619 hymnum
2463 1545 2556 1602 Dei
2577 1561 2728 1612 esse;
2753 1547 2916 1600 vitam
2949 1544 3220 1612 videlicet,
3247 1559 3356 1600 non
3383 1559 3504 1600 ver-

282 1643 303 1717 ι
335 1626 579 1691 συνέσεως
621 1648 642 1679 ι
694 1631 878 1704 φωνὴν
918 1636 1218 1704 συγγράφοι
1255 1639 1367 1702 τοῖς
1415 1639 1636 1712 ὕμνοις,
1681 1663 1822 1717 συμ-

1926 1637 2117 1692 borum
2141 1637 2376 1693 emcacia
2399 1647 2451 1693 et
2487 1637 2795 1708 splendore,
2831 1634 2926 1691 sed
2960 1650 3024 1690 eo
3047 1635 3191 1706 quod
3225 1635 3312 1690 his
3346 1635 3505 1706 longe

279 1713 460 1810 δουλίαν
523 1722 652 1774 τινὰ
715 1722 864 1776 δοκεῖ
930 1742 1021 1796 μοι
1084 1729 1354 1784 ποιεῖσθαι
1412 1734 1441 1786 ὁ
1508 1733 1688 1804 λόγος,
1746 1713 1822 1810 μὴ

279 1807 516 1898 ἀσυνέτως
566 1811 716 1882 ἔχειν
760 1815 869 1869 τῶν
907 1819 988 1881 είς
1032 1809 1448 1895 δοξολογίαντῷ
1476 1825 1594 1898 Θεῷ
1633 1807 1824 1884 cvm;

281 1893 480 1989 θεμένων
500 1900 771 1968 ῥημάτων
792 1919 806 1934 ·
837 1905 1047 1977 μήποτε
1072 1909 1327 1981 λάθοιμεν
1351 1893 1689 1989 ἀνεξετάστῳ
1730 1921 1824 1974 καὶ

283 1987 632 2086 asserui-(49)
690 1996 795 2086 τινὶ
832 1998 976 2086 ὁρμῇ
1034 2002 1099 2054 τά
1151 2003 1226 2075 μὴ
1272 2005 1551 2076 πρέποντα
1595 1987 1668 2083 τῇν
1705 2011 1825 2086 θείᾳ

283 2075 618 2148 μεγαλειότητι
689 2083 1032 2151 ἀνατιθέντες
1080 2092 1358 2160 νοήματα·
1423 2091 1532 2148 οἷόν
1594 2075 1710 2153 ἐστι
1764 2075 1826 2155 τδ

281 2166 446 2220 οἴεσθαι
481 2174 590 2235 τοῖς
634 2175 782 2228 κατά
814 2175 945 2230 Θεὸν
979 2177 1142 2242 ζῶσιν
1175 2184 1232 2236 ἐν
1265 2187 1331 2256 τῇ
1362 2185 1458 2240 τοῦ
1491 2188 1606 2259 βίου
1633 2192 1823 2248 τούτου

280 2257 498 2354 ιύκξηρίᾳ
546 2267 878 2336 προκεῖσθαι
908 2270 1004 2333 τὰς
1050 2273 1305 2344 ἀμοιϐὰς,
1357 2257 1540 2334 καὶτὸ
1585 2285 1824 2354 νομίζειν

280 2345 437 2450 ἐκεῖνο,
587 2356 752 2450 παρά
886 2358 1003 2428 Θεῷ
1029 2362 1191 2417 καλὸν
1225 2364 1506 2436 κρίνεσθαι
1543 2345 1824 2445 (ὂψ-,ὅπερ

453 2443 705 2535 αίσθησει
751 2447 856 2501 τῶν
903 2450 1204 2524 ἀνθρώπων
1242 2458 1482 2513 τοιοῦτον
1529 2460 1688 2535 δόξῃ⁶
1730 2441 1823 2518 καὶ

280 2527 416 2581 πολὶά
463 2533 695 2587 τοιαῦτα
740 2537 963 2594 δυνατόν
1006 2543 1152 2597 ἐστιν
1213 2546 1498 2619 εὑρεθῆναι
1549 2527 1818 2622 νοήματα,

279 2621 373 2707 ui;
407 2624 521 2694 περὶ
553 2624 700 2680 Θεοῦ
736 2629 1036 2702 ύπολήψεσι
1065 2637 1214 2707 παρά
1250 2638 1358 2693 τῶν
1385 2621 1661 2696 ἀσυνέτων
1689 2645 1823 2698 ἀνα-

278 2705 492 2777 τιθέμενα
535 2713 680 2786 (51).
737 2717 830 2770 Σοὶ
876 2719 933 2774 δὲ
985 2705 1155 2794 χρείαν
1190 2727 1452 2792 συνέσεως
1499 2729 1594 2784 τοῦ
1641 2733 1825 2789 ἐκεῖνα

277 2800 381 2894 περ)
409 2802 561 2857 αύτοῦ
619 2807 927 2874 γινώσκειν,
957 2812 1055 2866 ὅσα
1109 2813 1183 2886 μὴ
1238 2817 1428 2888 μῶμον
1455 2819 1608 2891 φέρει
1663 2839 1827 2894 προσ-

275 2891 532 2982 φερόμενα.
590 2899 675 2951 Τὸ
728 2900 828 2970 μὲν
875 2902 983 2975 γὰρ
1035 2903 1207 2970 οὕτως
1275 2909 1424 2981 αὐτῷ
1473 2913 1680 2982 πρέπον
1707 2891 1824 2979 -είς

1924 1733 2270 1801 praestantius
2302 1742 2406 1798 est,
2439 1733 2729 1788 illustrem.
2766 1731 2995 1798 Quando
3023 1741 3202 1786 autem
3243 1750 3266 1783 4
3291 1731 3504 1787 intelle-

1921 1831 2047 1879 ctus
2071 1843 2090 1876 ι
2116 1839 2218 1879 vox
2246 1825 2539 1881 ascribitur
2558 1823 2794 1895 hymnis,
2811 1823 3100 1879 consilium
3122 1823 3238 1878 dari
3265 1822 3500 1886 videtur,

1925 1930 1994 1971 ne
2023 1915 2186 1970 rudes
2221 1922 2274 1971 et
2311 1915 2545 1986 imperiti
2586 1915 2757 1970 simus
2793 1914 3007 1969 illorum
3044 1914 3356 1977 verborum,
3382 1927 3505 1988 qua!

1925 2004 1993 2060 ad
2031 2005 2125 2060 Dei
2159 2005 2384 2076 gloriam
2433 2003 2828 2060 decantandam
2876 2003 3112 2067 faciunt,
3150 2018 3216 2057 ne
3255 2000 3504 2058 fortassis

1925 2095 2224 2166 improviso
2263 2095 2462 2166 impetu
2502 2110 2566 2150 ea
2605 2110 2725 2165 quae
2763 2094 3001 2148 divinam
3047 2092 3504 2163 magniﬁcentiam

1925 2187 2150 2241 minime
2174 2185 2387 2251 decent,
2423 2185 2489 2240 de
2516 2184 2606 2238 illa
2631 2183 3006 2254 concipiamus
3027 2201 3040 2237 :
3062 2180 3370 2252 cujusmodi
3397 2187 3504 2246 est,

1925 2279 2239 2334 existimare
2269 2277 2336 2334 iis
2373 2277 2465 2348 qui
2502 2277 2802 2334 secundum
2827 2275 2996 2332 Deum
3030 2276 3241 2340 vivunt,
3261 2273 3315 2329 in
3339 2273 3504 2345 hujus

1923 2370 2046 2424 vitae
2082 2369 2337 2426 felicitate
2369 2369 2638 2440 repositas
2667 2377 2790 2425 esse
2821 2367 3236 2436 retributiones;
3269 2375 3327 2422 ut
3352 2375 3406 2422 et
3439 2366 3506 2421 il-

1923 2460 2044 2527 Iud,
2079 2461 2352 2526 arbitrari,
2394 2459 2488 2516 Dei
2524 2460 2754 2529 judicio,
2790 2459 2993 2514 bonum
3022 2468 3076 2514 et
3108 2466 3318 2514 rectum
3349 2471 3502 2520 esse,

1922 2552 2068 2623 quod
2111 2551 2368 2607 humanis
2414 2551 2670 2608 sensibus
2715 2549 3030 2620 hujusmodi
3076 2565 3200 2604 esse
3241 2555 3502 2617 apparet;

1924 2643 2233 2712 multasque
2271 2642 2435 2712 hujus
2476 2641 2693 2713 generis
2720 2641 2958 2709 reperire
2991 2641 3116 2694 licet
3149 2639 3216 2695 de
3245 2637 3357 2694 Deo
3391 2638 3508 2706 opi-

1923 2734 2115 2790 niones
2153 2734 2223 2788 ab
2261 2732 2645 2804 insipientibus
2683 2740 2948 2802 receptas.
2991 2729 3332 2800 Quapmpter
3364 2743 3503 2798 opus

1923 2833 2008 2882 est
2035 2834 2090 2882 et
2120 2826 2214 2881 tibi
2238 2826 2617 2897 intelligentia,
2643 2831 2702 2880 ut
2730 2825 2798 2880 de
2829 2824 2920 2878 illo
2949 2837 3012 2878 ea
3037 2837 3358 2892 cognoscas,
3383 2835 3505 2890 qua:

1925 2916 1972 2971 si
2008 2915 2056 2970 ei
2087 2915 2477 2980 attribuantur,
2507 2915 2716 2969 nullam
2750 2913 3226 2984 reprehensionem
3255 2900 3501 2966 afferent.

269 2980 476 3077 ἔπαινον,
529 2993 788 3061 κρεῖττόν
830 2995 998 3060 ἐστιν,
1041 2996 1075 3068 ἢ
1115 2997 1255 3053 ὥστε
1312 2980 1420 3055 ὑπὸ
1475 2980 1821 3076 ἀνθρωπίνης

1929 3006 2062 3061 Nam
2089 3007 2142 3062 id
2161 3005 2308 3077 quod
2335 3021 2464 3064 vere
2492 3007 2558 3063 ad
2588 2980 3007 3075 laudem'ipsius
3036 3003 3184 3068 facit,
3215 3003 3393 3073 majus
3421 3011 3506 3058 est

271 3073 454 3166 ςξῦςεως
478 3081 811 3153 εὑρεθῆναι·
837 3087 970 3155 ἡμῖν
999 3087 1058 3141 δὲ
1090 3089 1339 3144 τοσοῦτον
1364 3073 1668 3166 ἀγαπητὸν,
1701 3073 1822 3152 οὐδὲ

263 3163 430 3220 ⁸τὸδέον
452 3174 574 3244 περὶ
593 3174 776 3228 αὑτοῦ
801 3176 1086 3244 γινώσκειν
1104 3179 1218 3251 (ὅῖ)
1245 3184 1448 3254 εὑρεῖν,
1467 3163 1601 3241 ἀλλά
1623 3186 1683 3241 τὸ
1710 3188 1821 3259 (55)

263 3258 431 3353 μηδενὶ
481 3265 586 3318 τῶν
637 3267 1102 3338 ἀπεμφαινόντων
1144 3258 1725 3351 ωνενεχθῆναιοὸπερί
1755 3280 1821 3353 δὴ

257 3346 336 3401 ἐπὶ
380 3353 475 3423 τῆς
537 3359 812 3422 αἰνέσεως
871 3360 966 3414 τοῦ
1019 3363 1180 3416 Δαυῒδ
1233 3367 1568 3438 ὲνοήσαμεν,
1627 3346 1703 3434 ὡς
1744 3346 1823 3442 τῶ

258 3443 457 3515 τοιούτῳ
495 3449 650 3518 μόνῳ
696 3452 1010 3523 πρεπούσης
1037 3454 1137 3525 τῆς
1180 3456 1330 3522 Θείας
1371 3459 1650 3525 αἰνέσεως.
1683 3462 1824 3516 Ταύ-

249 3531 324 3620 {wh
351 3551 436 3603 μοι
460 3537 615 3591 δοκεί
649 3541 752 3594 καὶ
777 3543 904 3612 περὶ
932 3547 1032 3614 τῆς
1067 3564 1086 3596 ι
1121 3550 1427 3620 προσευχῆς
1463 3569 1484 3602 ι
1515 3550 1824 3619 γινώσκειν,

250 3618 358 3674 ὅταν
387 3627 750 3699 ἀκούσωμεν,
786 3651 804 3682 ‹
843 3634 1124 3708 Προσευχὴ
1156 3637 1250 3690 τοῦ
1287 3618 1470 3705 Δαυῒδ,
1507 3661 1528 3696 ι
1563 3642 1638 3706 ὼς
1675 3644 1822 3708 δέον,

241 3714 320 3818 κμὶ
352 3716 442 3818 τὸν
479 3721 774 3791 ἡμέτερον
804 3723 918 3792 βίον
960 3727 1100 3781 κατὰ
1138 3729 1229 3783 τὸν
1261 3732 1468 3785 ἐκείνου
1505 3734 1826 3798 σπουδάζειν

241 3811 383 3900 tivat,
415 3811 502 3864 ἴνα
533 3814 640 3867 τοῦ
689 3817 1085 3888 προσεύχεσθαι
1127 3824 1227 3895 τὴν
1259 3827 1569 3898 παρρησίαν
1613 3829 1827 3900 κτησώ-

233 3897 572 4002 μεθιᾯῦτω
605 3907 715 3961 καὶ
747 3909 860 4002 (5i)
893 3911 954 3965 τὸ
989 3914 1123 3984 (55),
1159 3934 1178 3967 ι
1208 3897 1489 3990 Προσευχὴ
1521 3919 1600 3991 τῷ

230 3993 690 4086 ὅταν-ἀκηδιάσῃ,
714 4001 806 4053 καὶ
835 4003 1078 4058 ἐναντίον
1099 4007 1303 4079 Κυρίου
1329 4009 1492 4082 ἐκχέῃ
1520 4011 1617 4082 τὴν
1645 3993 1826 4086 δέησιν

222 4080 394 4170 αὐτοῦ.
409 4106 429 4138 ι
456 4087 659 4161 Πολλὴ
680 4091 794 4160 (56)
811 4093 920 4164 γὰρ
935 4096 1065 4166 ἡμῖν
1081 4098 1239 4169 χρεία
1265 4100 1365 4170 τῆς
1391 4080 1530 4156 κατά
1544 4080 1674 4157 Θεὸν
1699 4080 1827 4159 άνα-

472 4179 571 4231 ἶνα
604 4181 1100 4254 νοήσωμεν,τίνων
1119 4167 1512 4262 -πτωχεύομενο
1534 4195 1596 4248 ού
1629 4196 1738 4268 γάρ
1761 4197 1828 4252 ἂν

219 4259 292 4364 sic
320 4264 649 4364 ἐπιθυμίαν
688 4271 936 4345 ἔλθοιμεν
966 4278 1074 4334 τῶν
1099 4259 1368 4352 ἀληθινῶν
1383 4259 1650 4354 ἀγαθῶν,⁷
1671 4259 1719 4342 εί
1750 4291 1824 4364 μὴ

217 4348 306 4419 τὴν
349 4356 413 4452 ὲν
444 4361 742 4452 τοιούτοις
777 4365 888 4437 (57)
931 4369 1142 4424 ἑαυτῶν
1170 4348 1458 4443 πτωχείαν-
1483 4348 1830 4452 κατανοήσωί

217 4459 326 4510 μεν.
375 4449 527 4546 ’Δὶιὶσ
558 4452 824 4525 ἔμψυχός
850 4475 936 4523 τις
975 4461 1218 4534 γένηται,
1260 4467 1355 4519 καὶ
1383 4467 1686 4537 ἐνδιάθετος
1707 4449 1828 4546 ’τῆς

215 4543 526 4635 προσευχῆς
557 4547 591 4598 ὁ
621 4547 804 4613 τόνος,
837 4550 963 4604 ὅταν
997 4554 1214 4625 γνῶμεν
1245 4556 1406 4611 τίνων
1452 4543 1824 4635 πτωχεύομεν,

213 4626 302 4678 καὶ
348 4633 496 4702 πρὸς
540 4635 664 4707 τὴν
704 4639 973 4712 ἀναϐολὴν
1007 4644 1116 4696 τῶν
1144 4646 1489 4720 ποθουμένων
1519 4626 1827 4725 ἀδιηδιάσωλ

332 4736 363 4818 Ἀ
386 4727 490 4818 καὶ
537 4729 739 4794 οὕτως
789 4733 1029 4805 ἐκχεῖται
1074 4739 1108 4807 ἡ
1152 4737 1332 4813 δέησις
1372 4745 1532 4818 ἡμῶν
1577 4744 1668 4801 διὰ
1721 4748 1829 4805 τῶν

216 4807 514 4886 ὸπενθιιλμῶν
547 4821 698 4875 ἀντὶ
726 4825 984 4896 ῥημάτων
1012 4807 1265 4910 χρωμένη
1294 4807 1720 4914 θεοῖς’δάκρυσιν.

302 5177 410 5257 (ᾖ)
432 5182 814 5257 ξημαίνηται,
845 5203 927 5247 ea.

443 5247 860 5332 Qu'idaniicod’d.
895 5263 1098 5332 ύπερκοα

317 5293 328 5312 \
346 5293 361 5299 '
375 5293 388 5300 '
403 5293 419 5314 Ι
446 5293 692 5316 κυιυΠΙΙΙ
713 5293 860 5316 νυυυ.
896 5293 1098 5332 υνιεμιινσ

313 5315 418 5385 (68)
454 5321 603 5388 Βίος,
644 5328 736 5383 ed.
1092 5293 1232 5425 “to”

600 5396 809 5425 λιιι-ιλ-.
826 5418 835 5425 ι
861 5414 934 5425 ιιι-ι
976 5402 1025 5425 -J
1227 5402 1232 5422 I

317 5388 421 5520 (ᾖ)
598 5396 836 5468 ἀσυνέτῳ
857 5414 947 5452 om.
971 5402 1030 5458 ed.
1167 5388 1241 5425 νη

409 5464 426 5520 )
448 5459 685 5520 Quidam
709 5468 844 5520 codd.
874 5466 1047 5520 γίνεσθσ.

448 5457 844 5553 2942mm-
874 5466 1047 5553 γίνεσθαι

320 5525 420 5592 (⁵1)
453 5529 840 5603 Ἀποδεχόμενα,
862 5525 925 5587 ed.
1005 5525 1070 5588 "is

1928 3107 1982 3155 et
2020 3098 2348 3161 abstrusius,
2383 3113 2545 3167 quam
2583 3105 2643 3153 ut
2672 3097 2740 3151 ab
2770 3098 3006 3152 humana
3039 3101 3234 3150 natura
3267 3093 3502 3150 inveniri

1929 3192 2110 3256 queat.
2147 3186 2216 3240 At
2243 3185 2404 3242 nobis
2420 3185 2473 3240 id
2503 3185 2647 3256 quod
2681 3183 2816 3240 adeo
2829 3183 3061 3238 amabile
3082 3193 3134 3238 et
3150 3182 3509 3239 desiderabile

1928 3283 2032 3342 est,
2055 3289 2123 3332 ne
2141 3290 2474 3347 cognoscere
2501 3275 2719 3346 quidem
2751 3273 2834 3330 fas
2865 3281 3245 3344 est,quantum
3274 3279 3506 3344 oportet,

1930 3368 2130 3438 quippe
2158 3382 2297 3438 quos
2342 3380 2569 3423 necesse
2620 3367 2692 3421 sit
2747 3365 2901 3435 sequi
2934 3380 2996 3420 ea
3020 3379 3139 3435 quae
3166 3364 3319 3419 nullo
3347 3364 3509 3419 modo

1931 3470 2058 3515 sunt
2089 3459 2309 3514 similia.
2351 3457 2504 3524 Quod
2552 3472 2649 3527 per
2680 3455 3047 3510 laudationem
3093 3454 3261 3508 David
3306 3453 3510 3509 intelli-

1930 3551 2163 3621 gendum
2206 3549 2473 3614 diximus,
2513 3548 2720 3603 scilicet
2758 3546 2887 3600 huic
2930 3545 3032 3600 soli
3062 3552 3400 3615 competere,
3451 3552 3510 3600 ut

1931 3642 2027 3698 Dei
2048 3641 2236 3698 laudes
2258 3650 2438 3697 canat.
2470 3639 2617 3694 Idem
2644 3653 2742 3708 per
2777 3656 2795 3689 r
2816 3637 3116 3692 orationem
3143 3657 3160 3689 ι
3203 3637 3508 3707 intelligen-

1930 3733 2059 3789 dum
2077 3733 2286 3803 judico,
2306 3731 2525 3803 quando
2549 3729 2824 3793 audimus,
2856 3746 2874 3780 ι
2895 3727 3084 3782 Oratio
3110 3727 3274 3781 David
3291 3770 3306 3794 ,
3329 3746 3347 3778 ι
3381 3743 3510 3797 qua~

1932 3827 1978 3882 si
2009 3839 2233 3881 necesse
2258 3825 2348 3890 sit,
2381 3823 2546 3879 vitam
2573 3830 2818 3878 nostram
2841 3820 2906 3875 ad
2936 3819 3083 3874 illius
3107 3820 3230 3875 vita:
3261 3835 3508 3875 normam

1933 3917 2236 3979 instituere,
2270 3920 2332 3971 ut
2356 3915 2448 3985 jus
2473 3921 2528 3968 et
2559 3913 2861 3969 libertatem
2896 3911 3089 3967 orandi
3121 3910 3290 3968 Deum
3322 3912 3511 3982 acqui-

1932 4024 2140 4064 ramus.
2171 4005 2314 4062 idem
2360 4003 2702 4062 sentiendum
2749 4011 2835 4059 est
2876 4002 2944 4058 de
2983 4003 3074 4057 illa
3112 4003 3507 4070 inscriptione:

1938 4117 1958 4150 ι
1979 4096 2168 4153 Oratio
2204 4096 2477 4166 pauperis,
2499 4108 2620 4149 cum
2661 4091 2858 4147 anxius
2889 4089 3070 4149 fuerit.
3099 4097 3154 4144 et
3187 4105 3370 4145 coram
3403 4088 3511 4144 Do—

1934 4183 2082 4239 mino
2112 4182 2363 4238 eﬂ'uderit
2394 4197 2610 4254 precem
2641 4196 2818 4236 suam.
2839 4198 2858 4232 ι
2879 4177 3028 4249 Opus
3055 4179 3198 4234 enim
3232 4177 3391 4234 nobis
3425 4185 3512 4232 est

1935 4289 2132 4346 magno
2171 4275 2238 4330 ad
2273 4275 2441 4331 Deum
2473 4288 2727 4337 ascensu,
2749 4279 2810 4326 ut
2846 4270 3032 4326 videre
3059 4269 3355 4340 possimus,
3383 4267 3511 4338 qui-

1860 4345 1906 4400 D
1935 4345 2046 4422 bus,
2056 4382 2344 4439 egeamus;
2367 4380 2477 4420 non
2498 4365 2643 4421 enim
2660 4361 2933 4419 desiderio
2955 4375 3210 4417 verorum
3239 4360 3509 4416 bonorum

1934 4457 2255 4521 alliciemur,
2273 4456 2382 4512 nisi
2413 4463 2655 4512 nostram
2689 4454 2745 4509 in
2772 4454 2860 4512 his
2879 4453 3162 4524 penuriam
3186 4453 3353 4522 probe
3385 4466 3512 4522 per-

1937 4556 2177 4620 spectam
2209 4548 2529 4603 habeamus.
2559 4546 2646 4601 Fit
2673 4553 2852 4601 autem
2883 4546 3063 4601 oratio
3091 4544 3293 4607 vivida.
3325 4545 3512 4600 valde-

1933 4654 2040 4711 que
2084 4637 2385 4694 intenditur
2411 4646 2466 4694 et
2508 4638 2899 4701 inﬂammatur,
2935 4651 3057 4691 cum
3091 4635 3511 4707 cognoscimus,

1928 4744 2162 4802 quorum
2210 4729 2380 4800 indigi
2425 4745 2652 4798 sumus;
2696 4727 3093 4799 alliigimurque
3131 4737 3186 4784 et
3224 4728 3510 4795 angimur,
3547 4727 3550 4734 '

1928 4836 2052 4876 cum
2085 4835 2148 4876 ea
2181 4835 2304 4891 quae
2342 4821 2597 4890 petimus,
2625 4819 2966 4875 diﬂ’eruntur.
3012 4818 3080 4874 Et
3105 4818 3187 4874 sic
3220 4818 3514 4875 cﬂ'unditur

1929 4911 2245 4983 deprecatio
2266 4920 2478 4976 nostra,
2512 4912 2772 4968 adhibitis
2798 4910 2980 4982 potius
3019 4913 3305 4970 oculorum
3335 4911 3512 4979 lacry-

1932 5003 2056 5068 mis,
2085 5016 2248 5072 quam
2280 5001 2482 5058 verbis.

2014 5205 2126 5275 (52)
2151 5205 2433 5272 Γινώσκει,
2461 5205 2550 5262 ed.

2009 5275 2124 5345 (55)
2163 5275 2278 5345 Τῷ,
2311 5277 2399 5345 ed.

2010 5343 2123 5415 (54)
2158 5343 2290 5415 Περὶ
2317 5343 2412 5398 τοῦ
2447 5343 2575 5415 add.
2606 5343 2694 5415 ed.

2011 5409 2125 5485 (55)
2156 5409 2368 5485 To'om.
2392 5415 2481 5472 ed.
2515 5414 2597 5485 Τῇ
2628 5413 2833 5484 aliquot
2864 5409 2990 5466 cod.

2035 5483 2126 5554 56)
2150 5483 2375 5554 Πολλῆς,
2409 5485 2497 5539 ed.

2036 5553 2126 5619 57)
2158 5553 2401 5619 Τούτοις,
2423 5554 2513 5610 ed.

2105 5207 2126 5416 ξ
