4054 6436
659 233 767 291 499

1932 222 1990 278 S.
2034 220 2361 279 GREGORII
2389 219 2685 276 NYSSENI

728 344 805 396 ita
830 335 1274 410 interpretaberis
1295 342 1351 393 et
1378 335 1546 391 illud:
1571 333 1796 390 «Oratio
1827 331 1997 403 Moysi
2023 331 2229 387 homini
2260 336 2305 394 Α

2203 331 2229 383 ιί
2260 336 2305 394 Α
2402 330 2558 384 Οὕτω
2605 330 2818 399 νοήσεις
2859 327 2953 385 καὶ
3008 329 3089 394 τδ,
3155 348 3174 381 ι
3233 330 3561 402 Προσευχὴ
3625 331 3739 401 τῷ

658 431 753 487 Dei
770 471 785 494 ,
812 450 832 485 ι
856 431 1013 502 quasi
1045 444 1154 485 non
1177 428 1337 484 liceat
1355 428 1512 483 aliter
1530 440 1626 497 per
1651 426 1951 481 orationem
1972 423 2042 478 ad
2064 421 2232 478 Deum

659 522 937 586 accedere,
960 521 1068 575 nisi
1092 521 1217 590 quis
1251 518 1317 574 ab
1347 518 1452 574 hoc
1484 516 1688 573 mundo
1712 530 1835 573 sese
1859 528 2115 579 avocans,
2143 526 2234 568 so-

660 614 766 670 lius
793 613 888 669 Dei
927 613 1092 669 homo
1121 609 1405 668 elliciatur.

1265 822 1489 880 CAPUT
1527 822 1614 878 IV.

733 1033 1115 1104 Atinscriptio,
1142 1031 1275 1089 «Pro
1306 1033 1390 1089 his
1414 1034 1508 1104 qui
1539 1034 2068 1100 commutabuntur,»
2092 1032 2235 1088 hunc

660 1127 793 1181 mihi
822 1126 1035 1183 videtur
1071 1124 1277 1182 habere,
1301 1140 1543 1190 sensum,
1578 1126 1750 1181 solam
1779 1125 2019 1181 divinam
2071 1131 2236 1179 natu-

664 1233 780 1270 ram
811 1218 988 1273 omnis
1014 1216 1391 1273 conversionis
1417 1225 1471 1272 et
1498 1218 1817 1274 mutationis
1844 1225 2119 1287 expertem
2147 1232 2237 1273 es-

663 1325 755 1377 se;
784 1326 890 1364 non
917 1309 1063 1365 enim
1084 1317 1168 1365 est
1195 1310 1260 1364 ad
1286 1309 1431 1380 quod
1459 1312 1760 1366 mutatione
1790 1320 1993 1375 utatur,
2027 1324 2151 1365 cum
2180 1311 2235 1365 in

663 1402 976 1455 universum
1000 1416 1108 1456 non
1135 1401 1206 1457 sit
1234 1415 1405 1472 capax
1430 1403 1591 1469 mali;
1615 1401 1683 1456 ad
1707 1402 1762 1456 id
1794 1417 1921 1457 vero
1949 1401 2092 1473 quod
2121 1415 2237 1456 me-

663 1491 769 1546 lius
802 1499 905 1556 est,
938 1492 1293 1546 transmutari
1330 1501 1593 1562 nequeat;
1635 1508 1758 1546 nam
1787 1492 1995 1546 nullum
2033 1493 2237 1547 bonum

662 1589 764 1645 est,
797 1587 1017 1650 propter
1046 1579 1191 1651 quod
1225 1581 1278 1634 in
1306 1595 1425 1635 eam
1463 1582 1694 1635 mutatio
1720 1581 1915 1635 cadat:
1950 1596 2058 1635 non
2090 1580 2238 1635 enim

2335 419 2606 490 ἀνθρώπῳ
2633 417 2726 470 τοῦ
2756 418 2909 479 Θεοῦ,
2974 435 2994 470 ι
3043 418 3118 481 ὡς
3145 418 3244 471 οὐκ
3289 419 3414 473 ἐνὸν
3469 420 3717 483 ἄλλως
3788 439 3806 473 1

2337 510 2447 563 θεῖν
2477 510 2565 587 διὰ
2607 508 2912 581 προσευχῆς
2955 506 3031 578 τῷ
3062 507 3200 577 Θεῷ,
3231 510 3280 560 εἰ
3328 510 3408 579 μή
3473 527 3591 573 τις
3650 511 3780 562 τοῦ

2335 598 2525 653 τούτου
2556 596 2817 660 ἀποστὰς,
2848 595 2982 650 Θεοῦ
3022 595 3182 666 μόνου
3215 597 3432 664 γένοιτο
3464 596 3806 670 ἄνθρωπε

2867 814 3263 869 ΚΕΦΑΛΑῙΟΝ
3301 816 3375 869 A'.

2419 1030 2480 1084 Ἦ
2522 1031 2577 1084 δὲ
2609 1050 2627 1082 ι
2651 1030 2820 1101 ’Υπὲρ
2871 1029 2976 1083 τῶν
3009 1028 3552 1100 ἀλλοιωθησομένων
3598 1048 3622 1082 ι
3695 1030 3806 1083 ἐπι

2336 1123 2521 1179 τοῦτόν
2567 1140 2656 1194 μοι
2698 1122 2846 1175 δοκεῖ
2872 1121 2960 1175 τὸν
2994 1120 3117 1175 νοῦν
3152 1121 3313 1192 ἔχειν,
3340 1122 3428 1174 ὄτι
3482 1121 3657 1191 μόνη
3714 1138 3804 1192 κρ

2337 1215 2453 1268 ἐστὶ
2483 1215 2689 1284 τροπῆς
2724 1231 2786 1266 τε
2816 1214 2910 1267 καὶ
2938 1210 3275 1275 ἀλλοιώσεως
3301 1213 3334 1281 ή
3354 1210 3493 1264 θεία
3514 1210 3716 1280 φύσις
3746 1227 3761 1241 ο
3800 1234 3806 1261 ι

2338 1302 2448 1372 ἔχει
2480 1302 2615 1373 πρὸς
2642 1302 2670 1355 ὅ
2694 1319 2747 1355 τι
2790 1302 3050 1371 χρήσεται
3080 1300 3214 1370 (57‘)
3242 1302 3308 1370 τῇ
3331 1302 3558 1372 τροπῇ,
3597 1299 3714 1354 τοῦ
3750 1319 3805 1370 μ

2336 1391 2433 1445 κοῦ
2485 1391 2830 1454 ἀνεπίδεκτος
2881 1385 3013 1443 οὖσα
3058 1388 3286 1443 καθόλου
3349 1389 3472 1460 (58)
3502 1406 3519 1420 ο
3582 1387 3763 1461 πρὸς

2338 1483 2582 1552 κρεῖττον
2609 1479 2884 1551 τραπῆναι
2915 1479 2988 1550 μὴ
3013 1479 3313 1549 δυναμένηο
3340 1481 3448 1532 οὐκ
3502 1478 3648 1532 ἔστι
3680 1480 3806 1550 γὰρ

2338 1572 2365 1623 ὅ
2420 1588 2471 1623 τι
2499 1569 2707 1634 δέξεται
2747 1569 2882 1640 (58’)
2926 1566 3022 1639 τὴν
3069 1568 3389 1622 ἀλλοίωσιν·
3416 1568 3491 1621 οὐ
3558 1568 3687 1640 γὰρ
3747 1570 3806 1639 ἔ)

662 1673 934 1742 reperitur
969 1672 1139 1726 ullum
1178 1670 1416 1736 bonum,
1449 1672 1515 1726 ad
1550 1672 1696 1741 quod
1736 1679 2009 1736 transeat,
2040 1672 2237 1726 melius

2189 1686 2237 1726 ιδ
2269 1661 2535 1735 Βέαυτῆς
2564 1663 2827 1730 κρεῖττον,
2871 1660 3007 1729 πρὸς
3034 1658 3062 1711 ὃ
3096 1659 3496 1729 μεταϐήσεται.
3559 1660 3790 1730 Ἡμεῖς

664 1761 757 1814 illo
780 1758 922 1828 quod
946 1761 1061 1829 ipsa
1083 1760 1268 1814 habet.
1294 1758 1405 1815 Nos
1429 1776 1555 1814 vero
1579 1761 1826 1816 homines
1852 1760 1907 1815 in
1938 1762 2239 1817 mutatione

664 1853 718 1901 et
749 1840 1068 1900 alteratione
1090 1845 1274 1915 positi,
1300 1846 1601 1900 secundum
1629 1855 1922 1918 utrumque
1949 1862 2045 1916 per
2065 1846 2239 1901 facul-

664 1932 830 1990 tatem
856 1947 909 1990 et
932 1935 1039 1989 vim
1064 1936 1562 1991 transmutatricem
1591 1935 1888 1993 deteriores
1912 1944 1964 1991 et
1986 1937 2237 1993 meliores

665 2025 971 2091 reddimur;
1013 2024 1335 2091 deteriores,
1358 2027 1578 2097 quando
1598 2042 1628 2081 a
1650 2028 2033 2084 communione
2068 2030 2238 2085 bono-

664 2132 786 2187 rum
807 2116 1139 2183 excidimus;
1158 2117 1408 2173 meliores
1432 2133 1669 2183 rursum,
1692 2119 1907 2188 quando
1927 2118 1993 2171 ad
2016 2118 2068 2172 id
2091 2119 2237 2188 quod

664 2208 859 2262 melius
905 2214 987 2262 est
1024 2222 1119 2277 per
1160 2210 1571 2263 conversionem
1602 2209 1863 2263 redimus.
1905 2208 2040 2263 Cum
2074 2210 2238 2279 igitur

664 2298 963 2352 mutatione
1010 2298 1065 2351 in
1116 2300 1318 2352 malum
1366 2297 1737 2364 inciderimus,
1786 2314 1923 2368 opus
1973 2300 2236 2356 habemus

661 2388 806 2443 bona
837 2387 1155 2451 mutatione,
1191 2395 1246 2442 ut
1280 2386 1398 2456 ejus
1422 2388 1681 2442 beneﬁcio
1704 2388 1770 2442 ad
1792 2388 1843 2441 id
1866 2387 2010 2458 quod
2041 2388 2236 2443 melius

662 2485 747 2531 est
789 2476 1183 2531 transferamur
1216 2477 1465 2547 :liocque
1490 2478 1837 2533 manifestum
1873 2478 1929 2531 [it
1954 2494 2019 2532 ex
2051 2478 2235 2534 verbis

663 2578 783 2634 quae
812 2564 1211 2635 subjunguntur
1241 2567 1368 2631 illis,
1401 2586 1419 2617 ς
1440 2565 1544 2620 Pro
1574 2567 1659 2621 his
1688 2568 1781 2638 qui
1812 2569 2236 2623 commutaban-

662 2663 773 2710 tur.
796 2674 815 2709 ι
844 2656 959 2711 Non
981 2659 1127 2712 enim
1160 2658 1335 2714 solum
1360 2659 1533 2715 oratio
1559 2661 1716 2716 nobis
1739 2661 1954 2727 suadet,
1982 2661 2237 2716 mutatio-

662 2762 783 2801 nem
825 2748 1139 2804 necessario
1170 2748 1572 2820 suscipiendam
1614 2767 1755 2818 esse,
1804 2752 1901 2808 sed
1947 2761 2008 2808 et'
2052 2753 2236 2823 aliquo

662 2838 824 2891 modo
860 2839 1099 2904 instruit,
1141 2840 1415 2910 quomodo
1454 2849 1601 2896 recte
1642 2841 1766 2905 ﬁat,
1808 2844 2070 2913 exemplis
2109 2843 2233 2913 qui-

564 2920 575 2939 ”
663 2927 888 2983 busdam
922 2931 1276 2984 mutationem
1303 2930 1449 2986 illam
1480 2931 1534 2985 in
1567 2932 1759 2988 melius
1793 2932 2190 2990 demonstrans.

733 3084 824 3137 Sic
849 3098 979 3140 vero
1005 3085 1167 3139 verba
1196 3085 1565 3156 inscriptionis
1603 3086 1802 3142 habent
1838 3105 1853 3142 :
1898 3107 1917 3140 σ
1949 3088 2006 3143 In
2042 3089 2227 3157 linem,

661 3190 760 3243 pro
791 3176 859 3230 iis
903 3176 994 3245 qui
1034 3177 1486 3240 immutabuntur,
1519 3179 1573 3231 in
1607 3179 1748 3232 tituli
1774 3178 1905 3248 (seu
1933 3181 2232 3251 columnae)

656 3267 1038 3334 inscriptione,
1060 3266 1242 3320 Davidi
1277 3268 1330 3320 in
1361 3267 1628 3330 doctrina,
1660 3282 1784 3322 cum
1813 3270 2095 3324 succendit
2121 3270 2234 3326 Me-

662 3355 1016 3423 sopotamiam
1031 3353 1219 3425 Syria,
1239 3363 1292 3409 et
1309 3353 1518 3426 Syriam
1541 3355 1717 3422 Sobaa,
1733 3366 1788 3411 et
1803 3361 2065 3413 convertit
2077 3358 2232 3428 Joab,

659 3450 715 3497 et
738 3443 1008 3510 percussit
1026 3442 1218 3497 vallem
1250 3443 1558 3500 Salinarum
1587 3447 1871 3502 duodecim
1900 3449 2089 3503 millia.
2115 3469 2133 3503 ›
2156 3450 2232 3507 Ex

660 3531 821 3586 dictis
850 3532 994 3586 enim
1028 3533 1377 3590 manifestum
1412 3545 1497 3591 est
1529 3538 1776 3593 «ratione
1803 3537 1905 3593 hac
1932 3539 2234 3596 doctrinam

661 3633 717 3676 et
760 3622 1051 3677 consilium
1091 3624 1361 3693 quoddam
1392 3626 1800 3695 comprehendi,
1831 3644 1954 3683 cum
1989 3629 2190 3685 dicitur
2220 3648 2232 3683 :

668 3732 688 3766 ι
721 3712 778 3768 In
820 3713 964 3767 tituli
1002 3714 1377 3792 inscriptione,
1406 3716 1593 3771 Davidi
1634 3717 1688 3771 in
1721 3718 2044 3774 doctrinam.
2070 3740 2089 3773 ι
2120 3720 2236 3776 Non

661 3806 805 3860 enim
844 3805 1115 3861 doctrinae
1134 3806 1455 3861 vocabulum
1491 3808 1762 3877 adjectum
1793 3810 2006 3875 luisset,
2032 3813 2078 3867 si
2116 3811 2238 3869 linis

662 3898 830 3952 totius
870 3898 1032 3966 hujus
1061 3897 1323 3952 orationis
1357 3913 1466 3953 non
1503 3909 1647 3954 esset
1684 3901 2056 3956 docere.lllud
2088 3918 2234 3970 vero,

667 4008 688 4042 ι
718 3989 774 4043 in
816 3990 959 4044 tituli
1006 3989 1379 4059 inscriptione,
1412 4010 1431 4043 ι
1467 3990 1674 4046 indicat
1725 4007 2033 4047 sermonem
2091 3994 2239 4048 hunc

661 4080 937 4151 memoriae
959 4079 1320 4136 indelebiliter
1346 4082 1673 4151 impressum
1694 4090 1749 4137 et
1770 4084 2101 4153 insculptum
2134 4084 2241 4138 cir-

659 4170 1074 4226 cumferendum
1100 4185 1244 4234 esse,
1265 4179 1326 4226 ut
1353 4173 1630 4227 memoria:
1653 4172 1847 4228 anima:
1862 4183 2062 4229 nostra;
2081 4173 2237 4243 quasi

659 4261 911 4315 columna
936 4261 1028 4327 sit;
1052 4269 1194 4317 nota:
1222 4261 1348 4316 huic
1368 4262 1946 4333 inscriptae,bonorum
1968 4263 2232 4332 exempla.

660 4346 787 4403 Haec
814 4357 995 4403 autem
1025 4350 1337 4419 suppeditat
1370 4350 1526 4406 nobis
1563 4351 1822 4406 fortitudo
1854 4363 1908 4407 et
1937 4352 2232 4408 strenuitas
2268 4338 2309 4389 ί)

662 4438 1006 4508 imperatoris
1025 4438 1223 4493 summi
1253 4433 1525 4495 exeicitns
1551 4440 1788 4505 Davidis,
1813 4442 2010 4511 quibus
2035 4442 2233 4511 duplex

662 4525 910 4580 hostibus
927 4524 1159 4579 infertur
1179 4526 1389 4594 clades;
1419 4528 1504 4584 his
1524 4528 1740 4599 quidem
1760 4530 1884 4600 igne
1905 4530 2228 4599 absumptis,

661 4615 773 4669 illis
789 4614 968 4685 gladio
986 4614 1236 4670 sublatis.
1266 4615 1419 4688 Syria
1438 4634 1563 4689 qute
1585 4620 1728 4675 inter
1752 4620 1893 4675 duos
1917 4621 2107 4677 ﬂuvios
2126 4624 2229 4678 sita

662 4713 767 4767 est,
805 4705 928 4774 igne
956 4707 1317 4775 consumitur,
1340 4716 1397 4765 et
1422 4710 1549 4765 huic
1575 4710 1803 4766 ﬁnitima
1838 4710 2099 4782 Syrorum
2133 4728 2230 4767 na-

664 4799 762 4861 tio.
796 4798 1047 4854 similiter
1091 4807 1147 4856 et
1185 4802 1342 4859 vallis
1396 4802 1709 4858 Salinarum
1739 4809 2008 4871 vastatur,
2044 4805 2230 4860 multis

663 4887 903 4943 millibus
927 4889 1228 4947 trucidatis.
1249 4890 1450 4948 Verum
1482 4902 1737 4949 accurate
1766 4893 2081 4949 historicam
2111 4909 2235 4949 nar—

667 4979 929 5036 rationem
959 4984 1211 5054 persequi
1240 4985 1410 5051 velle,
1440 4985 1660 5057 longum
1685 4984 1919 5043 fortasse
1953 4993 2007 5042 et
2044 5000 2235 5056 super-

738 5223 874 5298 (:5?)
902 5220 1206 5298 Χρήσηταιν
1234 5231 1320 5282 ea.

735 5294 846 5361 (58)
873 5294 1092 5360 Διό).ου,’
1106 5298 1192 5352 ed.

737 5362 1151 5437 (ξδ’)μΔέξηται,
1176 5370 1264 5422 ed.

736 5431 853 5499 (59)
884 5431 1037 5494 ’Ὀτεξ
1069 5437 1154 5491 ed.

734 5502 849 5570 (60)
878 5504 1146 5568 Βελτίους,
1179 5505 1266 5560 ed.

735 5570 846 5642 (Gl)
881 5574 1030 5637 Ὅτε,
1067 5574 1153 5629 ed.

2339 1751 2635 1823 ἄνθρωποι,
2669 1752 2726 1803 ἐν
2754 1752 2925 1820 τροπῇ
2955 1766 3014 1801 τε
3054 1749 3147 1802 καὶ
3179 1749 3469 1803 ἀλλοιώσει
3510 1751 3798 1822 κείμενοι

2338 1840 2622 1910 ἀμφότερα
2645 1840 2731 1893 διὰ
2757 1839 2857 1909 τῆς
2884 1838 3237 1908 ἀλλοιωτικῆς
3266 1840 3596 1911 ἐνεργείας,
3636 1842 3676 1912 ἢ
3719 1861 3806 1912 χει

2337 1930 2371 2000 ἢ
2417 1928 2656 1999 βελτίους
2696 1927 2988 1999 γινόμεθα’
3037 1928 3249 1998 χείρους
3305 1929 3429 2000 μὲν»
3492 1931 3643 1984 ὅταν
3707 1933 3806 2000 (59

2342 2021 2630 2092 μετουσίας
2661 2021 2766 2075 τῶν
2809 2020 3027 2089 ἀγαθῶν
3074 2012 3473 2093 ἀπόρῤἐωμενο
3515 2025 3806 2094 ἀμείνους

2335 2112 2392 2166 δὲ
2426 2114 2606 2180 πάλιν,
2641 2114 2766 2167 ὅταν
2811 2113 2923 2183 (61)
2954 2111 3093 2183 πρὸς
3135 2112 3197 2164 τὸ
3237 2117 3494 2184 κρεῖττον
3554 2114 3799 2169 ἀλλοιού

2335 2203 2607 2275 τύχωμεν.
2665 2204 2816 2257 Ἐπεὶ
2848 2199 2940 2256 οὖν
2983 2202 3061 2273 τῷ
3091 2202 3245 2273 κακῷ
3283 2204 3369 2257 διὰ
3410 2205 3527 2274 τῆς
3555 2206 3794 2276 τροπῆς

2336 2295 2661 2366 ηνέχθημεν,
2708 2294 2866 2366 χρεία
2894 2294 2994 2364 τῆς
3027 2293 3237 2362 ἀγαθῆς
3284 2296 3415 2365 ήμῖν
3447 2295 3806 2349 ἀλλοιώσεωέ

2336 2386 2401 2440 ἂν
2424 2385 2511 2439 διὰ
2541 2388 2740 2459 ταύτης
2765 2386 2969 2454 γένοιτο
3000 2386 3128 2455 ἡμῖν
3152 2386 3185 2454 ή
3220 2385 3353 2455 πρὸς
3378 2385 3440 2437 τὸ
3467 2387 3745 2456 κρεῖττον
3789 2404 3806 2456 ε

2335 2474 2486 2546 σολήσ
2518 2477 2608 2530 καὶ
2635 2475 2790 2530 τοῦτο
2818 2476 2973 2546 δῆλόν
3003 2477 3148 2528 ἐστιν
3177 2476 3241 2528 ἐκ
3275 2475 3374 2546 τῆς
3405 2477 3806 2548 συμφράσεως

2309 2578 2316 2599 ν
2339 2581 2357 2614 ι
2369 2565 2479 2627 τοῖς
2494 2561 3010 2633 ἀλλοιωθησομένοις
3030 2582 3046 2613 ι
3064 2569 3607 2636 συγγεγραμμένων
3623 2565 3688 2616 οὑ
3706 2568 3806 2632 γᾶς

2333 2667 2422 2705 νον
2467 2652 2525 2703 τὸ
2571 2670 2589 2703 ι
2631 2652 2741 2704 δεῖν
2784 2652 3140 2723 ἀλλοιωθῆναι
3191 2649 3559 2721 συμϐουλεύει
3602 2670 3623 2702 ι
3680 2655 3712 2705 ὁ
3756 2652 3806 2705 λζ

2333 2740 2466 2794 ἀλλὰ
2496 2740 2589 2793 καὶ
2616 2740 2815 2811 τρόπον
2848 2741 2972 2796 τινα
3003 2741 3333 2811 ὑποτίθεται,
3363 2742 3518 2804 ὅπως
3551 2740 3622 2795 ἂν
3658 2742 3724 2795 τὸ
3755 2760 3806 2795 τι

2330 2848 2421 2884 τον
2447 2831 2833 2901 κατορθωθεῖη,
2875 2834 2941 2886 δι’
2988 2832 3398 2903 ὑποδειγμάτων
3446 2833 3616 2887 τινῶν
3645 2834 3753 2904 τὴν
3793 2852 3806 2886 1

2331 2923 2391 2976 τὸ
2422 2925 2660 2997 κρεῖττον
2694 2924 2992 2994 μεταϐολὴν
3016 2924 3400 2996 προδεικνύων.

2408 3082 2557 3152 Ἔχει
2592 3081 2650 3134 δὲ
2689 3083 2720 3150 ή
2761 3081 2904 3148 λέξις
2937 3081 3038 3149 τῆς
3086 3080 3399 3153 ἐπιγραφῆς
3428 3078 3639 3140 οὕτως’
3683 3095 3704 3127 ι
3742 3078 3806 3129 Εἰ

2333 3172 2483 3236 τέλος
2517 3172 2654 3243 ὑπὲρ
2688 3172 2796 3225 τῶν
2834 3171 3342 3240 ἀλλοιωθησομένων
3381 3171 3462 3232 εἰς
3506 3166 3806 3238 στηλογρας

2332 3264 2411 3335 τῷ
2431 3263 2592 3318 Δαυῒδ
2619 3265 2698 3327 εἰς
2723 3263 2962 3333 διδαχὴν,
2995 3264 3154 3316 ὁπότε
3183 3263 3468 3333 ἐνεπύρισε
3511 3259 3611 3329 τὴν
3652 3260 3806 3311 Man

2333 3355 2534 3427 ταμίαν
2562 3356 2780 3425 Συρίας,
2822 3356 2916 3408 καὶ
2944 3355 3042 3426 τήν
3072 3354 3268 3423 Συρίαν
3298 3352 3492 3416 Σοδὰλ,
3521 3350 3806 3405 καὶλέπὲστ

2333 3448 2431 3518 ψεν
2491 3447 2664 3513 Ἱωὰὸ,
2707 3446 2801 3500 καὶ
2854 3445 3089 3509 ἐπάταξε
3138 3444 3235 3516 τήν
3290 3444 3548 3516 φάραγγα
3599 3440 3706 3494 τῶν
3758 3441 3806 3493 ἀί

2334 3537 2543 3592 δώδεκα
2573 3536 2832 3607 χιλιάδας.
2883 3553 2901 3587 ι
2962 3534 3127 3604 Δῆλον
3152 3533 3261 3605 γὰρ
3287 3533 3353 3586 ἂν
3387 3532 3471 3603 εἴη
3506 3530 3594 3585 διὰ
3617 3530 3725 3583 τῶν
3750 3532 3806 3599 εξ⁵

2340 3630 2533 3699 μένων,
2563 3624 3006 3682 ὃτιδιδασκαλίαν
3038 3624 3160 3677 τινὰ
3195 3624 3289 3678 καὶ
3320 3622 3620 3693 συμϐουλὴν
3652 3621 3806 3692 περιέ

2336 3724 2364 3774 ὁ
2415 3720 2569 3788 λόγος
2613 3717 2799 3784 εἰπὼν,
2854 3720 2937 3772 ὅτι
2987 3716 3098 3785 (6‘2)
3152 3734 3172 3768 ‹
3226 3715 3321 3778 Εἰς
3372 3712 3759 3783 στηλογραφίαν

2338 3810 2498 3865 Δαυῖδ
2525 3812 2603 3874 είς
2625 3810 2865 3879 διδαχήν.
2905 3826 2924 3858 ι
2954 3808 3028 3860 Οὐ
3062 3805 3170 3876 γὰρ
3194 3806 3259 3858 ἂν
3285 3806 3318 3874 ἡ
3351 3802 3529 3872 διδαχὴ
3555 3802 3805 3872 προσέχει

2343 3902 2416 3973 μὴ
2446 3902 2582 3973 πρὸς
2618 3899 2960 3953 διδασκαλίαν
2987 3896 3080 3950 τοῦ
3114 3897 3269 3964 λόγου
3302 3895 3594 3965 βλέποντος·
3621 3897 3651 3964 ή
3680 3894 3732 3946 δὲ
3768 3894 3806 3957 (ί

2345 4011 2364 4042 ι
2401 3992 2493 4053 Εἰς
2538 3985 2940 4058 στηλογραφίαν
2974 4006 2994 4039 ι
3024 3986 3085 4040 τὸ
3120 3985 3212 4039 τοῦ
3245 3985 3356 4057 (64)
3392 3986 3492 4038 δεῖν
3516 3984 3806 4047 ἀνεξάλειπτ

2339 4096 2399 4133 τε
2450 4079 2543 4132 καὶ
2593 4077 3029 4146 ἐντετυπωμένον
3081 4075 3225 4146 ἔχειν
3264 4078 3329 4147 τῇ
3384 4077 3556 4146 μνήμῃ
3593 4073 3675 4127 τὸν
3718 4075 3806 4140 λόγ

2341 4167 2689 4229 ἐνδείκνυται,
2723 4164 2798 4228 ὡς
2836 4161 2973 4218 εἶναι
3004 4164 3204 4235 στήλην
3241 4165 3340 4235 μὲν
3365 4165 3422 4217 τὸ
3452 4162 3749 4234 μνημονικὸν
3770 4164 3806 4214 τί

2341 4257 2539 4327 ψυχῆς,
2581 4256 2650 4309 τὰ
2675 4256 2733 4309 δὲ
2778 4257 2869 4311 ἐπὶ
2908 4257 3008 4326 τῆς
3047 4256 3162 4326 (65)
3206 4256 3405 4325 στήλης
3451 4255 3806 4328 χαράγματα,·ι

2337 4347 2444 4400 τῶν
2511 4346 2730 4415 ἀγαθῶν
2790 4346 3179 4415 ὑποδείγματα.
3238 4346 3418 4399 Ταῦτα
3475 4347 3524 4399 δὲ
3572 4341 3634 4416 ἦν
3672 4348 3707 4414 Δή
3762 4360 3806 4395 τη

2340 4437 2773 4508 ἀρχιστρατήγου
2829 4435 2931 4504 τῆς
2980 4434 3258 4504 δυνάμεως
3298 4433 3389 4488 τοῦ
3434 4433 3574 4487 Δαυῖδ
3603 4435 3806 4505 ἀριστεία

2337 4526 2402 4578 δι’
2427 4519 2502 4579 ὧν
2532 4524 2749 4578 διπλοῦν
2785 4523 2994 4591 γίνεται
3021 4521 3161 4574 κατὰ
3185 4520 3291 4574 τῶν
3324 4520 3571 4591 πολεμίων
3597 4520 3648 4573 τὸ
3668 4518 3806 4581 πάθος

2338 4624 2444 4677 τῶν
2518 4622 2617 4693 μέν
2681 4621 2813 4691 πυρὶ
2863 4618 3277 4691 δαπανηθέντων
3326 4615 3463 4686 (66),
3516 4615 3608 4667 τῶν
3660 4614 3706 4665 δὲ
3757 4612 3805 4664 δι

2339 4711 2551 4781 πληγῆς
2619 4711 2677 4763 ἐν
2754 4710 3045 4781 ἀφανισμῷ
3111 4707 3429 4777 γενομένων.
3495 4705 3549 4757 Ἣ
3599 4705 3680 4775 μὲν
3735 4704 3806 4772 γὰν

2339 4805 2478 4873 μέση
2511 4801 2620 4854 τῶν
2659 4801 2921 4871 ποταμῶν
2966 4801 3132 4869 Συρία
3175 4798 3263 4851 διὰ
3291 4797 3385 4852 τοῦ
3414 4797 3557 4867 πυρὸς
3579 4794 3805 4849 ἀναλίσκει

2338 4911 2428 4948 ται
2460 4893 2553 4948 καὶ
2581 4894 2640 4946 τὸ
2672 4894 2987 4964 πρόσχωρον
3017 4894 3198 4955 αὐτοῖς
3221 4892 3333 4959 (67)
3372 4890 3513 4961 μέρος
3535 4889 3620 4940 τῶν
3640 4886 3805 4956 Σύρων

2339 4987 2597 5048 ὡσαύτως
2627 4985 2683 5037 δέ
2716 4986 2810 5037 καὶ
2840 4986 2871 5054 ή
2903 4984 3120 5054 φάραγξ
3158 4984 3265 5037 τῶν
3307 4983 3441 5036 ἀλῶν
3467 4985 3513 5035 ἐν
3536 4979 3713 5042 πολλαῖς
3740 4996 3806 5050 χι·

2407 5224 2519 5294 (ϐἳ)
2545 5224 2665 5294 ’Ὁτι
2686 5237 2815 5294 om.
2833 5222 2898 5275 ed
2912 5263 2924 5275 .

2404 5295 2519 5364 (υὸ)
2560 5293 2737 5364 Ἦρὴι
2764 5293 2884 5364 ἤδηι
2914 5295 3001 5364 ⁸ίὲ-

2407 5361 2518 5431 (6.4)
2549 5361 2677 5433 Τοῦ]
2703 5361 2760 5415 δὲ
2789 5361 2867 5421 τό,
2887 5362 2994 5433 τά.

2407 5430 2517 5501 (65)
2555 5430 2676 5499 Τῆς
2700 5448 2809 5485 οιιι.
2836 5430 2922 5484 ed.

2410 5498 2520 5565 ((36)
2551 5498 2986 5570 Παραδοθέντων,
3017 5498 3102 5553 ed.

2411 5572 2520 5642 (U7)
2545 5572 2722 5640 Αὐτῆς
2750 5570 2912 5640 aliqui
2943 5570 3099 5623 codd.
