4054 6436
385 97 459 152 SOI
1713 95 1780 150 IN
1807 94 2142 152 PSALMOS.

3489 99 3594 154 502

381 208 496 262 λιάσι
522 204 937 276 καταφονεύεται
959 221 972 237 ·
1000 204 1135 260 ἀλλά
1170 206 1231 260 τὸ
1274 205 1374 278 μὲν
1403 205 1470 259 δι’
1505 205 1788 278 ἀκριϐείας
1813 207 1911 276 τὴν

2019 203 2181 259 ﬂuum
2214 201 2409 268 fuerit;
2446 217 2567 274 qua:
2597 201 2742 258 enim
2765 202 2972 262 utilitas
3001 203 3127 263 inde
3155 205 3224 262 ad
3257 223 3358 265 nos
3384 210 3591 278 redeat,

381 298 614 372 ἱστορικὴν
658 297 979 352 ἀκολουθίαν
1025 298 1304 362 ἐκθέσθαι,
1351 300 1560 370 μακρὸν
1587 299 1652 354 ἂν
1680 300 1788 371 εἴη,
1823 299 1914 352 καὶ

380 390 590 460 περιττὸν
642 388 780 458 ἅμα.
821 390 886 442 Τί
933 390 1042 462 γὰρ
1092 390 1159 444 ἂν
1205 390 1415 458 γένοιτο
1463 391 1623 444 πλέον
1669 393 1800 462 ἡμῖν
1848 391 1913 443 δι’

379 481 628 536 ἀκολούθου
676 481 775 551 τὴν
833 481 1048 534 ἔκθεσιν
1091 481 1198 534 τῶν
1249 483 1548 551 γεγονότων
1615 481 1877 553 μαθοῦσιν
1898 501 1926 549 ;-

373 575 484 628 ἀλλά
507 572 632 643 πρὸς
653 573 705 625 τί
731 572 885 642 φέρει
905 573 1003 642 τῆς
1033 573 1310 645 ἱστορικῆς
1337 575 1557 644 μνήμης
1582 575 1641 626 τὸ
1664 573 1912 644 αἴνιγμα,

373 667 583 734 κρεῖττον
614 661 767 732 οἶμαι
805 663 872 716 δι’
899 664 1093 732 ὀλίγων
1121 663 1399 735 προθεῖναι
1439 664 1517 734 τῷ
1558 664 1718 735 λόγῳ,
1748 665 1822 728 ὡς
1852 664 1918 718 ἂν

372 755 546 824 γένοιτο
582 755 711 824 ἡμῖν
747 756 782 825 ἡ
811 754 1034 824 τοιαύτη
1068 775 1084 806 ι
1125 755 1498 826 στηλογραφία
1530 774 1548 806 ι
1581 757 1658 818 είς
1695 755 1916 824 διδαχὴν

365 847 442 899 τοῦ
469 845 732 916 ἡμετέρου
785 845 923 916 βίου.
980 847 1045 898 Τί
1095 841 1189 900 οὖν
1229 848 1376 900 ἐστιν
1403 848 1432 900 ὃ
1468 863 1648 917 φημι;
1695 847 1813 900 δλον
1856 846 1918 899 τὸ

366 937 492 1000 ἔθνος
533 936 734 1007 Συρίαν
792 937 1064 1007 ὠνόμασε,
1124 938 1335 1010 μερίζει
1381 938 1438 992 δὲ
1480 937 1640 991 τοῦτο
1696 939 1776 1001 είς
1825 937 1918 990 δύο

361 1029 618 1098 τμήματα,
643 1028 872 1081 ἕκαστον
903 1028 1082 1083 αὐτῶν
1116 1029 1266 1094 ίδίοις
1294 1030 1637 1101 γνωρίσμασι
1671 1029 1920 1100 σημειού-

363 1137 504 1188 μενος
533 1121 647 1190 (68)
670 1137 684 1151 ο
730 1123 762 1191 ἡ
798 1121 896 1190 μὲν
929 1121 1037 1192 γὰρ
1065 1121 1263 1184 αὐτῶν,
1295 1121 1690 1192 Μεσοποταμία
1719 1121 1918 1192 Συρίας

357 1212 548 1278 λέγεται
575 1228 588 1239 ·
610 1213 642 1281 ή
663 1211 719 1264 δὲ
749 1210 859 1282 (69)
887 1211 1068 1282 ἑτέρα,
1095 1210 1188 1264 τοῦ
1221 1209 1394 1264 Σοϐἀλ
1422 1211 1589 1280 Συρία
1615 1211 1916 1278 κατονομά-

358 1301 521 1364 ζεται·
553 1303 1022 1373 καταπίμπραται
1067 1303 1178 1372 (70)
1202 1302 1258 1354 δὲ
1307 1303 1399 1355 καὶ
1428 1301 1587 1372 αὕτη,
1633 1303 1725 1355 καὶ
1757 1302 1916 1372 αὕτη.

357 1395 452 1446 Καὶ
477 1393 614 1463 μετά
640 1393 797 1446 τοῦτο
827 1397 884 1461 ἐξ
920 1395 1256 1465 ἐπιστροφῆς
1297 1393 1392 1447 τοῦ
1420 1395 1859 1466 ἀρχιστρατήγου
1885 1397 1918 1466 ἡ

356 1485 552 1556 φάραγξ
584 1486 694 1540 τῶν
722 1487 884 1553 ἀλῶν,
935 1489 990 1539 ὲν
1017 1487 1337 1540 δυοκαίδεκα
1371 1488 1573 1558 χιλιάσι
1599 1487 1678 1558 τῷ
1707 1489 1920 1558 θανάτῳ

357 1577 794 1640 καταδικάζεται⁶
826 1577 1022 1632 ούκοῦν
1065 1581 1368 1649 νοήσωμεν,
1416 1578 1499 1631 ὅτι
1537 1578 1758 1632 διπλοῦν
1803 1581 1917 1632 ἐστι

353 1671 437 1739 τῆς
481 1670 682 1741 Συρίας
728 1670 788 1722 τὸ
846 1665 1003 1733 εἶδος.
1051 1672 1114 1723 Οἱ
1149 1671 1246 1740 μὲν
1288 1670 1396 1741 γὰρ
1439 1670 1617 1724 αὐτῶν
1662 1673 1767 1724 εἱσι
1808 1673 1919 1734 τοῖς

355 1768 765 1837 μεσοποταμίοις
803 1768 915 1834 (7i)
967 1767 1232 1837 ῥεύμασιν
1277 1769 1334 1820 ὲν
1381 1766 1564 1836 κύκλῳ
1602 1765 1919 1836 διειλημμέ-

348 1873 448 1912 νοι·
497 1861 656 1912 αὐτοὶ
708 1860 751 1912 δ’
796 1860 862 1912 ἂν
909 1855 1016 1913 εἷεν
1041 1861 1090 1912 οἱ
1123 1862 1236 1923 τοῖς
1272 1860 1556 1932 παθήμασι
1585 1859 1918 1930 πανταχόθεν

348 1951 774 2023 περιρρεὀμενοι.
812 1952 874 2004 Οἱ
908 1951 964 2003 δὲ
1007 1951 1322 2005 ἀνάκεινται
1353 1951 1430 2022 τῷ
1473 1951 1665 2015 Σοὸἀλ,
1698 1951 1786 2003 διὰ
1824 1950 1917 2004 τοῦ

347 2044 590 2112 ὀνόματος
651 2042 843 2096 τούτου
910 2044 1008 2114 τὴν
1057 2045 1158 2114 τῆς
1201 2045 1583 2115 ἀντικειμένης
1639 2044 1919 2114 δυνάμεως

350 2135 625 2203 τυραννίδα
677 2135 772 2188 τοῦ
837 2133 995 2204 λόγου
1068 2135 1457 2206 σημαίνοντος’
1529 2135 1724 2189 οὐκοῦν
1780 2135 1917 2205 αὕτη

348 2225 535 2290 γένοιτο
569 2227 647 2279 ἂν
691 2229 823 2297 ἡμῖν
855 2230 954 2298 τῆς
982 2227 1118 2297 πρὸς
1148 2227 1207 2280 τὸ
1246 2230 1492 2298 κρεῖττον
1522 2226 1855 2290 ἀλλοιώσεως
1884 2229 1917 2295 ἡ

346 2319 464 2383 ἐδὸς,
508 2321 553 2372 εί
582 2318 669 2388 τῷ
697 2319 982 2389 καθαρσίῳ
1010 2319 1137 2391 πυρὶ
1172 2319 1231 2372 τὸ
1260 2320 1478 2372 διπλοῦν
1504 2319 1664 2372 τοῦτο
1692 2321 1789 2389 τῆς
1822 2336 1920 2371 κα-

344 2412 452 2473 κίας
481 2411 641 2470 ἔθνος
683 2409 1006 2479 ἀφανισθείη
1047 2423 1061 2437 '
1128 2411 1202 2473 ὡς
1241 2410 1352 2482 γάρ
1396 2413 1428 2483 ἡ
1465 2411 1635 2481 ἀρετὴ
1686 2411 1785 2481 βίῳ
1825 2411 1918 2462 καὶ

343 2499 534 2571 διανοίᾳ
559 2498 1062 2570 χαρακτηρίζεται,
1090 2501 1231 2554 οὕτω
1266 2503 1418 2573 καὶὴ
1471 2502 1635 2554 κακία
1679 2505 1790 2565 τοῖς
1827 2501 1920 2555 δύο

343 2591 533 2656 τούτοις
557 2591 942 2661 ὲνθεωρεῖτοιι⁸
961 2592 1053 2644 καὶ
1083 2594 1114 2663 ἡ
1149 2593 1246 2664 μὲν
1273 2595 1414 2646 κατά
1443 2595 1532 2647 τὸν
1558 2595 1670 2664 βίον
1699 2595 1916 2660 ἀταξία,

343 2684 370 2752 ἢ
411 2684 473 2735 τά
515 2683 636 2735 τῶν
681 2681 869 2735 παθῶν
927 2683 1174 2754 ῥεύματα
1222 2685 1406 2755 κύκλῳ
1445 2685 1542 2755 τὴν
1590 2685 1766 2756 ψυχὴν
1805 2687 1920 2739 δια-

338 2773 627 2843 λαμϐάνει,
676 2777 709 2845 ἡ
753 2775 862 2828 τῶν
897 2774 1158 2844 ποταμῶν
1191 2774 1406 2843 λέγεται
1454 2776 1614 2846 μέση,
1660 2778 1693 2847 ἡ
1734 2776 1791 2828 δὲ
1830 2776 1917 2830 διὰ

2017 297 2062 352 si
2093 305 2260 350 totam
2312 310 2492 351 rerum
2523 303 2798 366 gestarum
2844 298 3041 353 seriem
3084 299 3400 356 discamus?
3441 304 3592 369 Qua-

2016 397 2237 460 propter
2258 389 2446 444 utilius
2468 403 2590 444 esse
2611 389 2872 451 arbitror,
2899 391 3138 447 breviter
3167 395 3439 463 explicare
3461 397 3592 466 quid

2017 481 2174 536 nobis
2198 481 2472 536 historicas.
2501 481 2831 534 narrationis
2861 482 3142 539 involucro
3171 485 3500 550 insinuetur,
3534 497 3593 541 ut

2019 571 2134 625 haec
2167 588 2185 621 ι
2229 571 2371 626 tituli
2420 570 2708 640 inscriptio
2742 589 2759 621 ι
2815 572 2976 625 cedat
3029 574 3084 628 in
3114 575 3236 629 vita:
3281 585 3481 631 nostrae
3518 577 3594 630 in-

2018 664 2394 718 structionem.
2428 663 2569 729 Quid
2623 663 2786 734 igitur
2841 665 3024 719 dicere
3067 669 3360 736 proposui?
3397 668 3590 724 Totam

2019 753 2299 808 hominum
2352 755 2625 824 nationem
2672 753 2884 824 Syriam
2943 755 3255 825 appellavit,
3301 757 3594 830 divisitqne

2019 844 2074 898 in
2126 845 2263 900 duas
2308 851 2512 914 partes,
2547 845 2848 914 quamlibet
2879 845 3114 914 propriis
3145 847 3289 901 notis
3316 848 3592 903 discrimi-

2019 951 2160 990 nans
2197 954 2210 990 :
2249 936 2421 990 altera
2456 937 2598 990 enim
2633 936 3022 1006 Mesopotamia
3059 937 3229 1008 Syriae
3269 941 3590 1008 appellatur,

2021 1027 2216 1080 altera'
2249 1026 2407 1096 Syria
2453 1025 2644 1094 Sobae;
2687 1027 3043 1082 succenditur
3089 1037 3143 1083 et
3175 1028 3305 1084 ‘lrmc
3347 1038 3400 1084 ct
3445 1031 3537 1084 illa
3576 1051 3590 1086 :

2021 1124 2211 1188 postea
2239 1121 2552 1173 reversione
2572 1101 2782 1173 summi
2816 1119 3164 1190 imperatoris
3192 1121 3349 1176 vallis
3379 1123 3595 1178 Salina-

2021 1225 2142 1264 rum
2190 1219 2366 1263 morte
2418 1211 2749 1272 mulctatur,
2796 1208 3085 1264 duodecim
3142 1211 3387 1267 millibus
3422 1213 3595 1270 inter-

2020 1300 2239 1370 emptis.
2297 1299 2675 1372 lntelligamus
2725 1315 2856 1370 ergo
2913 1301 3187 1370 duplicem
3243 1318 3366 1359 esse
3424 1305 3596 1376 Syriae

2024 1393 2254 1448 formam
2288 1413 2300 1448 :
2333 1394 2583 1448 nonnulli
2615 1394 2760 1448 enim
2793 1394 3080 1450 ﬂuviordm
3120 1397 3375 1452 cursibus
3418 1398 3470 1451 in
3507 1413 3598 1452 or-

1975 1473 2143 1560 bem
2185 1487 2514 1541 circumdati
2551 1495 2699 1551 sunt,
2737 1496 2791 1541 et
2845 1488 2898 1541 lii
2951 1503 3058 1542 non
3109 1497 3237 1544 sunt
3281 1491 3394 1555 alii,
3431 1507 3594 1560 quam

2021 1595 2158 1650 quos
2195 1579 2480 1648 passiones
2530 1579 2815 1648 animique
2868 1583 3310 1650 perturbationes
3356 1585 3594 1654 undique

2020 1670 2434 1735 circumﬂuunt;
2464 1671 2553 1724 alii
2586 1670 2822 1739 subjecti
2859 1681 2986 1727 sunt
3025 1671 3202 1732 Sobae.
3239 1690 3345 1744 quo
3377 1678 3595 1733 nomine

2022 1765 2364 1835 significatur
2408 1765 2734 1819 adversariae
2778 1767 3060 1834 potestatis
3097 1769 3342 1838 tyrannis
3383 1778 3436 1824 et
3478 1771 3594 1824 viov

2022 1857 2165 1912 lenta
2189 1857 2510 1912 dominatio.
2546 1857 2686 1928 Ergo
2712 1859 2871 1914 nobis
2909 1859 3021 1914 hate
3052 1861 3224 1930 prima
3258 1863 3340 1916 via
3374 1863 3441 1916 ad
3473 1880 3594 1919 mu-

2020 1949 2283 2001 tationem
2316 1947 2370 1999 in
2408 1947 2605 2001 melius
2649 1946 2848 2009 fuerit,
2905 1948 2949 2001 si
2998 1947 3122 2018 igne
3160 1960 3493 2020 expurgante
3540 1961 3595 2006 ct

2021 2039 2290 2093 lustrante
2323 2037 2598 2106 duplicem
2633 2037 2774 2092 lianc
2806 2038 3026 2093 malitia:
3063 2041 3338 2095 nationem
3371 2043 3595 2098 abolca-

2021 2147 2143 2185 mus
2185 2150 2196 2185 :
2246 2129 2705 2200 quemadmodum
2753 2131 2900 2186 enim
2934 2131 3111 2187 virtus
3145 2133 3253 2186 vita
3301 2142 3354 2188 et
3389 2134 3596 2190 ratione

2023 2224 2290 2293 signatur,
2328 2222 2408 2276 sic
2443 2229 2496 2276 et
2531 2220 2737 2274 malitia
2780 2221 2834 2275 in
2889 2221 2976 2278 bis
3007 2223 3222 2280 duabus
3264 2225 3446 2280 inesse
3475 2241 3598 2280 cer-

2022 2317 2201 2382 nitur;
2254 2326 2307 2372 et
2343 2317 2455 2372 vita
2503 2318 2723 2387 quidem
2760 2318 2927 2373 nullis
2957 2318 3171 2390 legibus
3203 2319 3442 2382 astricta,
3477 2335 3596 2390 quae

2021 2411 2339 2479 passionum
2374 2409 2601 2478 impetu,
2629 2417 2681 2464 et
2706 2408 2864 2478 quasi
2896 2410 3061 2464 ﬂuctu
3089 2411 3330 2482 undique
3353 2412 3592 2466 animum

2022 2500 2471 2570 comprehcndit,
2524 2508 2577 2555 ct
2615 2501 3020 2570 quodammodo
3055 2503 3108 2556 in
3144 2503 3382 2559 circuitu
3417 2504 3597 2559 inclu~

2023 2595 2121 2661 dit,
2158 2593 2315 2666 Syria
2374 2594 2554 2650 media
2607 2596 2752 2650 inter
2783 2594 2977 2651 ﬂuvios
3027 2595 3270 2662 dicitur;
3323 2597 3416 2650 illa
3465 2611 3596 2651 vero

2009 2687 2296 2755 perversis
2327 2692 2380 2739 et
2408 2684 2734 2756 perniciosis
2759 2685 3109 2757 dogmatibus
3138 2694 3191 2740 et
3222 2686 3595 2756 persuasioni-

2021 2778 2124 2832 bus
2156 2777 2389 2846 principi
2425 2777 2590 2846 hujus
2621 2776 2812 2831 mundi
2847 2775 3085 2842 addicta,
3117 2773 3274 2846 Syria
3300 2773 3457 2829 Sobze
3495 2790 3595 2844 ap-

337 2866 436 2917 τῶν
481 2866 744 2936 πονηρῶν
787 2866 1074 2937 δογμάτων
1109 2865 1440 2938 ἀνακειμένη
1469 2866 1546 2936 τῷ
1579 2867 1795 2937 ἄρχοντι
1822 2867 1916 2920 τοῦ

2023 2869 2254 2938 pellatur
2286 2884 2298 2918 :
2335 2867 2536 2937 quibus
2565 2865 2814 2919 doctrina
2847 2872 2901 2921 et
2925 2866 3136 2921 ratione
3169 2866 3236 2920 ad
3270 2865 3589 2920 illustratio-

338 2957 554 3027 κόσμου,
607 2957 786 3010 Σοόἀλ
820 2958 1016 3028 Συρίας
1064 2958 1527 3028 κατονομάζεται·
1563 2953 1637 3010 ὧν
1681 2958 1756 3028 τῷ
1786 2975 1921 3012 καυ-

337 3049 496 3120 στικῴ
547 3050 671 3118 (7‘2)
721 3067 782 3102 τε
834 3050 927 3103 καὶ
984 3049 1268 3120 καθαρσίῳ
1309 3049 1450 3118 λόγῳ
1482 3049 1916 3118 δαπανηθέντων,

331 3141 514 3194 ἕπεται
574 3141 643 3194 τὸ
685 3141 784 3211 τὴν
827 3140 1016 3209 ἄγονον
1077 3155 1135 3192 τε
1183 3141 1278 3193 καὶ
1330 3139 1588 3209 ἀλμῶσαν
1635 3139 1760 3208 γῆν,
1799 3139 1921 3208 ἥτις

336 3232 703 3302 στρατόπεδόν
751 3235 863 3285 ἐστι
915 3231 1022 3284 τῶν
1064 3231 1454 3300 ἀντικειμένων
1499 3230 1802 3302 δυνάμεων,
1852 3233 1918 3302 τῇ

323 3322 414 3374 τοῦ
464 3323 920 3394 ἀρχιστρατήγου
961 3320 1145 3391 πληγῇ
1188 3320 1565 3391 παραχθῆναι·
1607 3322 1667 3374 οὑ
1709 3321 1818 3392 γὰρ
1853 3321 1919 3374 ἂν

321 3414 533 3480 γένοιτο
578 3416 722 3482 ἡμῖν
770 3414 802 3482 ἠ
836 3411 976 3465 κατά
1007 3411 1114 3464 τῶν
1153 3410 1362 3481 ἐχθρῶν
1397 3411 1543 3482 νίκη,
1597 3411 1669 3481 μὴ
1699 3409 1794 3466 τοῦ
1829 3411 1926 3482 ἄρ-

314 3520 506 3570 χοντος
556 3503 676 3555 τῶν
729 3502 994 3572 στρατιῶν
1043 3502 1154 3571 (75)
1217 3503 1578 3573 ὑπερσχόντος
1642 3505 1708 3574 τῇ
1755 3503 1915 3572 χειρί.

313 3596 391 3665 Τῇ
430 3595 490 3647 δὲ
525 3596 649 3648 τῶν
701 3594 972 3664 πολεμίων
1004 3593 1249 3665 ἀπωλείᾳ
1278 3595 1470 3665 εἰρήνη
1505 3593 1643 3648 κατά
1682 3595 1744 3647 τὸ
1787 3595 1918 3648 ἀκό-

307 3685 506 3742 λωθον
542 3689 747 3740 ἕπεται
769 3704 780 3718 ·
818 3689 912 3740 καὶ
943 3686 1087 3739 τοῦτ’
1131 3686 1245 3738 ἔστι
1280 3688 1339 3739 τὸ
1380 3686 1670 3739 ἀκόλουθον
1702 3686 1802 3756 τῆς
1837 3686 1918 3738 νί-

308 3795 434 3848 κης,
465 3780 626 3850 πρὸς
657 3779 685 3830 ὃ
719 3777 988 3847 βλέπουσα
1020 3781 1052 3847 ἡ
1081 3778 1361 3848 ἐπιγραφὴ
1391 3778 1525 3847 (74),
1555 3777 1917 3848 ὲνστηλιτεύει

305 3872 429 3932 ταῖς
479 3872 748 3940 μνήμαις
794 3869 950 3938 ἡμῶν
989 3868 1085 3938 τὴν
1139 3868 1274 3939 πρὸς
1317 3868 1377 3920 τὸ
1425 3867 1778 3939 ἀλλοιωθῆναι
1814 3868 1920 3937 ὐφ-

298 3963 539 4032 ήγησιν,
576 3963 674 4014 διά
701 3959 809 4012 τῶν
849 3959 1136 4028 ἱστορικῶν
1164 3958 1575 4029 ὑποδειγμάτων
1597 3957 1708 4031 ’τὴν
1739 3959 1918 4013 ἀπαλ-

295 4051 484 4124 λαγὴν
524 4051 650 4105 τῶν
683 4050 1026 4121 παθημάτων
1055 4049 1480 4104 ὑποδεικνύουσα
1521 4050 1657 4119 (75).
1702 4051 1917 4105 Μᾶλλον

287 4144 332 4195 δ’
372 4144 445 4198 ἂν
493 4146 649 4214 ἡμῖν
695 4143 928 4213 φανερὸν
962 4141 1171 4209 γένοιτο
1205 4143 1266 4194 τὸ
1306 4141 1446 4194 κατά
1493 4142 1590 4210 τὴν
1635 4142 1916 4196 ἀλλοίωσιν

2023 2973 2144 3012 nem
2186 2967 2240 3012 et
2274 2959 2724 3027 expurgationem
2759 2965 2884 3026 apta
2919 2957 3286 3026 consumptis,
3335 2965 3507 3012 restat
3538 2968 3597 3012 ut

2023 3049 2228 3105 sterilis
2262 3056 2316 3104 et
2367 3049 2715 3120 salsuginosa
2762 3055 2908 3102 terra
2939 3063 3062 3118 quae
3100 3047 3238 3102 nihil
3284 3054 3371 3103 est
3423 3047 3593 3112 aliud,

2023 3154 2184 3209 quam
2233 3139 2673 3194 adversariorum
2718 3140 3019 3204 exercitus,
3054 3139 3258 3194 virtute
3308 3147 3363 3194 et
3415 3137 3596 3209 gladio

2023 3232 2223 3288 summi
2259 3232 2610 3301 imperatoris
2641 3230 2968 3286 conﬁciatur
3016 3247 3028 3284 :
3071 3245 3178 3286 non
3229 3229 3375 3284 enim
3418 3229 3594 3283 victo-

2023 3325 2161 3378 riam
2223 3323 2291 3377 ab
2353 3323 2609 3379 hostibus
2675 3323 3123 3393 reportabimus,
3177 3321 3285 3378 nisi
3343 3322 3597 3391 princeps

2021 3416 2299 3470 exercitus
2328 3429 2550 3469 manum
2596 3416 2893 3479 extendat;
2948 3415 3374 3470 internecionem
3417 3421 3596 3467 autem

2021 3506 2262 3561 hostium
2297 3506 2549 3576 sequitur
2575 3514 2732 3562 certo
2765 3506 2960 3561 ordine
2989 3522 3125 3576 pax;
3169 3513 3223 3560 et
3257 3506 3370 3560 hac
3402 3513 3486 3561 est
3513 3506 3594 3558 vi-

2023 3598 2214 3652 ctoriae
2241 3598 2433 3662 series,
2485 3598 2552 3652 ad
2602 3612 2765 3667 quam
2819 3596 3102 3667 Scriptura
3148 3597 3448 3665 respiciens
3496 3596 3598 3650 im-

2021 3687 2230 3756 primit,
2265 3686 2422 3755 quasi
2454 3687 2509 3740 in
2545 3687 2825 3751 columna,
2857 3687 2911 3740 in
2939 3687 3201 3755 memoria
3232 3697 3418 3741 nostra
3447 3701 3597 3742 com-

2022 3777 2476 3832 memorationetn
2528 3777 2597 3832 de
2648 3776 2989 3842 mutatione,
3036 3777 3168 3832 dum
3219 3778 3482 3849 exemplis
3527 3792 3595 3832 ex

2020 3864 2250 3920 historia
2287 3863 2539 3918 adductis
2570 3864 2832 3928 ostendit,
2863 3864 3138 3934 quomodo
3167 3880 3196 3918 a
3229 3865 3596 3936 perturbatio-

2020 3957 2186 4014 nibus
2230 3957 2474 4028 expediri
2509 3968 2562 4013 et
2605 3958 2826 4020 liberari
2874 3960 3174 4028 possimus.
3229 3959 3400 4031 Magis
3429 3974 3595 4030 porro

2021 4049 2328 4104 innotescet
2356 4049 2516 4104 nobis
2546 4049 2836 4120 disciplina
2867 4051 2935 4108 de
2973 4053 3292 4111 mutatione,
3322 4052 3366 4106 si
3400 4051 3594 4106 audia-

2020 4155 2144 4195 mus
2174 4141 2312 4194 alios
2342 4142 2668 4210 interpretes
2690 4181 2705 4205 ,
2743 4156 2978 4211 quorum
3028 4141 3118 4196 ille
3163 4139 3405 4209 quidem,
3437 4160 3454 4191 ι
3487 4139 3594 4196 Pro

289 4233 578 4302 μάθημα,
621 4234 669 4285 εί
698 4235 808 4294 τοῖς
835 4231 1042 4293 λοιποῖς
1070 4229 1178 4282 τῶν
1221 4230 1500 4300 ἑρμηνέων
1531 4230 1642 4300 (76)
1690 4230 1915 4284 ἀκολου-

2023 4229 2270 4292 ﬂoribus,
2299 4249 2317 4282 »
2345 4230 2506 4296 alius,
2540 4247 2560 4281 ι
2589 4229 2693 4284 Pro
2728 4230 2856 4284 liliis
2882 4249 2900 4282 ι
2935 4230 3120 4296 vertit,
3156 4230 3278 4284 loco
3305 4229 3424 4299 ejus
3446 4231 3594 4300 quod

281 4323 626 4394 θήσαιμεν,
653 4315 727 4377 ὧν
752 4323 779 4374 ὁ
808 4321 904 4392 μὲν
927 4339 945 4371 ι
970 4319 1142 4389 ’Υπὲρ
1165 4319 1272 4372 τῶν
1303 4317 1498 4385 ἀνθῶν,
1525 4337 1542 4370 ι
1565 4319 1593 4370 ὁ
1615 4318 1670 4370 δὲ
1703 4337 1721 4369 ‹
1744 4319 1913 4390 ’Υπὲρ

281 4415 399 4469 τῶν
444 4416 701 4487 κρίνων,
732 4433 750 4466 ι
779 4413 899 4466 ἀντὶ⁸
933 4412 1032 4482 τῆς
1075 4409 1411 4473 ἀλλοιώσεως
1449 4410 1526 4480 τῷ
1569 4409 1711 4480 λόγῳ
1743 4426 1912 4480 προο-

275 4507 563 4578 έγρανξναν
638 4505 771 4575 (77),
824 4504 896 4556 Τό
955 4520 1014 4556 τε
1074 4501 1181 4571 γάρ
1243 4499 1398 4564 ἄνθος
1445 4500 1772 4554 ἐνδείκνυται
1817 4499 1910 4553 τοῦ

275 4599 593 4668 χειμῶνος
630 4597 824 4668 τὴνείς
844 4595 939 4663 ἔαρ
971 4594 1296 4666 μεταϐολήν.
1326 4595 1502 4664 Ὅπερ
1530 4591 1782 4662 σημαίνει
1811 4591 1911 4662 τὴν

272 4690 394 4742 ἀπὸ
447 4688 686 4751 κακίας
723 4689 802 4750 είς
838 4688 928 4740 τὸν
979 4687 1101 4740 κατ’
1151 4685 1351 4757 ἀρετὴν
1393 4685 1506 4755 βίον
1556 4686 1903 4754 μετάστασιν.

274 4780 356 4832 Ἦ
389 4797 458 4833 τε
502 4779 623 4834 τοῦ
671 4781 857 4851 κρίνου
890 4779 1010 4848 ὄψις
1051 4779 1186 4849 πρὸς
1211 4780 1238 4832 ὅ
1284 4797 1335 4832 τι
1382 4779 1488 4848 χρὴ
1531 4777 1782 4844 γενέσθαι
1813 4776 1910 4848 τὴν

273 4871 640 4936 ἀλλοίωσιν,
671 4872 1030 4944 διερμηνεύει·
1078 4872 1106 4922 ὁ
1153 4873 1258 4944 γὰρ
1299 4873 1366 4929 δι’
1399 4867 1739 4932 ἀλλοιώσεως
1774 4869 1912 4940 λαμ-

276 4964 432 5031 πρὸς
468 4965 808 5033 γενόμενος,
843 4964 1085 5034 δηλονότι
1135 4965 1194 5021 ἐκ
1237 4966 1471 5044 μέλανός
1514 4979 1574 5016 τε
1628 4962 1721 5015 καὶ
1754 4965 1910 5016 ὲσκοο

282 5055 578 5123 τισμένου
619 5054 867 5126 λαμπρόν
909 5073 966 5108 τε
999 5056 1086 5108 καὶ
1100 5069 1348 5140 χιονῶδες
1373 5061 1523 5123 εἶδος
1556 5054 1910 5127 μεταλαμδά-

364 5230 493 5307 (εει
533 5230 626 5307 gr,
637 5230 943 5307 μειούμενος
961 5242 1054 5282 om.
1079 5244 1142 5307 ad

368 5301 493 5362 (ϐίοι
532 5300 613 5350 Δέ
653 5314 754 5351 om.
785 5299 868 5352 etl.
1113 5299 1160 5325 Ἴ

370 5370 496 5430 (70)
541 5368 1019 5436 Κατεμπίμπραται

395 5436 502 5495 7|)
539 5435 851 5505 Ποταμίοις,
874 5435 944 5487 ed.

376 5438 502 5574 £72)
533 5504 857 5572 Φωτιστικῴ,
885 5503 944 5556 ed.

1024 5406 1089 5454 ’(⁸

407 5417 502 5495 n3
539 5417 944 5512 iactasse.
1063 5417 1139 5514 θα,

407 5506 502 5575 72)
533 5508 857 5572 Φωτιστικῳ,
885 5503 946 5556 od.

2021 4329 2141 4386 est,
2183 4339 2202 4372 ι
2247 4320 2351 4376 Pro
2383 4321 2490 4385 liis,
2525 4320 2618 4390 qui
2649 4320 3165 4374 commutabuntur:
3209 4338 3228 4371 ι
3286 4331 3415 4375 tunc
3447 4320 3592 4375 enim

2021 4411 2121 4468 ﬂos
2151 4411 2353 4482 prodit,
2386 4426 2508 4464 cum
2543 4411 2716 4467 hiems
2747 4412 2799 4466 in
2835 4427 2931 4468 ver
2959 4419 3222 4476 mutatur,
3256 4411 3400 4483 quod
3425 4413 3596 4484 signi-

2021 4502 2146 4557 ﬂeat
2179 4501 2566 4557 transitionem
2621 4516 2651 4556 a
2705 4502 2910 4556 malitia
2962 4502 3030 4557 ad
3078 4503 3244 4556 vitam
3292 4518 3360 4558 ex
3394 4503 3596 4559 virtute

2021 4603 2222 4650 actam.
2281 4595 2350 4649 At
2399 4597 2496 4650 lilii
2537 4606 2797 4667 aspectus
2828 4603 3036 4659 monet,
3069 4593 3136 4649 ad
3181 4593 3314 4664 quid
3347 4605 3598 4665 oporteat

2019 4688 2374 4743 mutationem
2407 4689 2521 4742 ﬁeri
2557 4707 2569 4743 :
2607 4704 2731 4744 eum
2759 4687 2926 4750 enim,
2961 4688 3053 4758 qui
3089 4688 3393 4744 mutatione
3413 4690 3593 4760 splen-

2021 4777 2184 4834 didus
2213 4777 2440 4834 eﬂ‘ectus
2481 4785 2586 4842 est,
2618 4777 2787 4848 liquet
2818 4793 2884 4832 ex
2915 4785 3035 4832 atro
3064 4784 3118 4833 et
3151 4777 3496 4835 tenebricoso
3524 4781 3590 4835 ad

2019 4871 2232 4925 niveam
2267 4870 2497 4924 formam
2530 4878 2956 4925 transmutatam
2988 4885 3130 4926 esse.
3165 4868 3225 4924 In
3257 4871 3402 4924 omni
3428 4871 3590 4941 igitur

2017 4962 2378 5033 inscriptione
2422 4977 2544 5032 quae
2575 4961 2757 5026 habet,
2811 4981 2829 5014 ‹
2863 4960 2972 5016 Pro
3022 4961 3107 5018 his
3153 4961 3247 5030 qui
3293 4971 3593 5016 commuta-

2017 5051 2242 5115 buntur,
2275 5070 2294 5102 ι
2347 5051 2448 5107 hoc
2475 5054 2635 5121 quasi
2667 5052 3055 5107 documentum
3084 5050 3462 5121 accipiendum
3497 5063 3589 5104 ar-

2113 5226 2200 5294 73)
2220 5228 2288 5280 Στ
2297 5227 2542 5297 ρατειῶν,
2580 5229 2667 5283 ed.

2112 5298 2200 5434 74)
2227 5298 2440 5368 Γραφή,
2468 5297 2550 5351 ed.

2113 5369 2178 5420 75
2239 5367 2549 5420 ’Δποδεικνύ

2087 5367 2200 5436 (75)
2239 5367 2707 5428 ’Δποδεικνύουσα,
2737 5367 2822 5421 ml.

2083 5437 2196 5507 (76)
2233 5437 2630 5507 Ἑρμηνευτῶν,
2671 5438 2759 5507 ed.

2083 5481 2196 5578 ‘(ﬁi
2225 5481 2632 5578 ῐῑρτοέἓκξρἆξοέᾆζ
2666 5481 2756 5561 ἐξὲξ
