4054 6436
405 101 512 152 ί)θῦ

1653 105 1710 160 S.
1752 103 2078 160 GREGORII
2111 104 2405 161 NYSSI‘LM

3535 104 3649 160 504

401 211 572 272 bitror
619 232 833 289 semper
875 227 1150 289 oportere,
1170 234 1265 290 per
1317 234 1502 274 cuer
1552 221 1672 275 vitae
1707 222 1840 278 eniti
1900 221 1966 275 ad

2070 238 2169 275 νει.
2207 222 2363 275 Κατά
2405 225 2582 276 πᾶσαν
2614 223 2790 277 τοίνυν
2819 224 3151 297 ἐπιγραφὴν,
3281 223 3342 277 τὸ
3385 241 3404 276 ι
3464 223 3644 296 ’Υπὲρ

399 309 754 364 mutationem
789 311 840 363 iu
867 312 1080 367 melius.

2069 312 2175 366 τῶν
2195 297 2719 384 Χάλλοιωθησομένων
2756 333 2775 366 ι
2815 316 3287 386 προσγέγραπται,
3319 313 3521 384 ταύτην
3557 313 3645 368 οἷ-

401 414 496 466 μαι
546 398 654 450 δεῖν
689 399 936 468 δέχεσθαι
971 399 1068 471 τὴν
1099 400 1404 472 συμϐουλὴν
1437 401 1588 472 παρὰ
1611 400 1706 456 τοῦ
1728 401 1908 472 λόγου,
1947 401 2008 455 τὸ
2041 402 2152 462 (78)
2195 403 2304 458 δεῖν
2332 405 2418 458 ἀεὶ
2465 404 2554 458 διὰ
2582 407 2888 477 προσευχῆς
2916 406 3009 460 καὶ
3036 405 3350 475 ἐπιμελείας
3376 404 3470 458 τοῦ
3510 406 3644 475 βίου

398 486 699 556 κτήσασθαι
727 488 824 559 τὴν
859 489 952 543 ἐπὶ
981 490 1040 543 τὸ
1075 493 1317 561 κρεῖττον
1340 491 1640 547 ἀλλοίωσιν.

1009 685 1234 746 CAPUT
1275 689 1340 744 ν.

467 866 760 938 Inscriptio
793 887 811 921 ι
837 864 942 924 Pro
970 870 1224 936 occultis,
1259 889 1278 922 1
1314 879 1519 926 rectam
1552 871 1710 926 nobis
1731 871 1963 942 diligen-

394 957 524 1012 tiam
575 968 624 1012 et
676 960 1079 1016 accurationem
1127 963 1274 1016 circa
1327 961 1493 1018 Deum
1523 965 1962 1033 cognoscendum

394 1048 667 1117 proponit.
719 1049 854 1103 Cum
901 1051 1046 1104 enim
1101 1060 1378 1106 extremus
1422 1052 1618 1106 anima:
1662 1067 1824 1108 casus
1868 1051 1959 1117 sit,

394 1136 531 1190 falsa
560 1147 612 1192 et
634 1139 894 1196 aberrans
918 1140 984 1196 de
1018 1140 1125 1197 Deo
1156 1144 1625 1214 persuasio:(nam
1658 1144 1787 1213 quid
1822 1145 1964 1197 utili-

395 1229 522 1282 tatis
553 1245 617 1282 ex
651 1231 760 1285 ullo
793 1232 936 1286 bono
965 1233 1145 1302 capiat
1189 1235 1234 1289 is
1267 1234 1358 1303 qui
1387 1234 1560 1303 ipsum
1609 1234 1808 1288 bonum
1854 1249 1964 1288 non

394 1313 626 1384 habet?)
683 1318 885 1374 idcirco
915 1331 1172 1390 tanquam
1208 1322 1488 1377 lucernam
1513 1323 1804 1392 quamdam
1839 1339 1964 1393 pro-

395 1410 547 1478 ponit
577 1412 674 1464 tibi
707 1412 993 1482 inscriptio
1018 1415 1283 1470 rationem
1315 1415 1706 1485 indagatricem
1733 1431 1964 1471 arcano-

2595 691 2987 747 ΚΕΦΑΛΑΙΟΝ
3025 693 3100 746 Ε’.

2150 868 2216 937 Ἡ
2243 867 2300 923 δὲ
2341 889 2358 922 ι
2408 871 2578 944 ’Υπὲρ
2606 871 2712 925 τῶν
2749 871 2994 943 κρυφίων
3033 890 3050 923 ι
3085 871 3384 942 ἐπιγραφὴ,
3416 870 3477 924 τὸ
3509 866 3647 940 περὶ

2068 961 2168 1029 τὴν
2249 961 2577 1029 θεογνωσίαν
2640 963 2864 1032 ἀκριϐὲς
2937 962 3237 1035 κατορθοῦν
3303 961 3639 1014 ὑποτίθεται.

2082 1051 2296 1120 Ἐπειδὴ
2345 1052 2452 1122 γὰρ
2497 1053 2559 1105 τὸ
2600 1052 2824 1124 ἔσχατον
2871 1054 3068 1121 πτῶμά
3109 1055 3224 1106 ἐστι
3271 1051 3445 1122 ψυχῆς
3481 1053 3512 1121 ὴ
3551 1051 3643 1104 δι-

2071 1141 2435 1210 ημαρτημένη
2465 1143 2593 1212 περὶ
2634 1143 2695 1196 τὸ
2743 1143 2894 1197 Θεῖον
2936 1143 3200 1214 ὑπόληψις
3225 1144 3297 1214 (τί
3328 1143 3436 1211 γὰρ
3464 1141 3528 1195 ἀν
3552 1157 3647 1203 τις

2067 1229 2318 1284 ἀπώνατο
2333 1231 2562 1303 (79)τῶν
2588 1234 2827 1301 ἀγαθῶν,
2847 1235 2976 1288 αὐτὸ
2995 1235 3054 1288 τὸ
3077 1235 3276 1303 ἀγαθὸν
3298 1235 3396 1289 οὐκ
3417 1233 3554 1303 ἔχων
3570 1233 3640 1300 ;),

2065 1325 2253 1378 τούτου
2287 1324 2469 1379 ἕνεκεν
2499 1319 2608 1378 οἷό)
2641 1343 2759 1379 τινα
2795 1325 2985 1396 λύχνον
3031 1343 3112 1380 σοι
3151 1326 3420 1398 προτείνει
3459 1325 3646 1395 ἡέπι-

2067 1413 2251 1485 γραφὴ
2283 1415 2373 1468 τὸν
2399 1416 2745 1486 ὲρευνητικδν
2775 1417 2883 1469 τῶν
2911 1417 3154 1487 κρυφίων
3178 1419 3276 1487 τῆς
3309 1414 3643 1484 θεογνωσίας

395 1515 539 1564 rutn,
574 1503 774 1571 quibus
800 1503 893 1559 Dei
922 1506 1163 1575 cognitio
1195 1506 1436 1561 involuta
1467 1517 1570 1573 est,
1605 1508 1765 1577 cujus
1800 1518 1961 1578 caput

2070 1505 2241 1575 λόγον,
2269 1501 2338 1578 ἧς
2379 1507 2674 1575 κεφάλαιόν
2717 1509 2864 1560 ἐστιν
2909 1510 2941 1578 ἡ
2987 1509 3067 1570 είς
3117 1507 3208 1561 τὸν
3261 1507 3388 1560 Υἱὸν
3430 1507 3638 1568 πίστις.

392 1599 448 1644 ct
475 1607 686 1646 summa
710 1601 794 1649 est
818 1594 948 1650 lides
975 1597 1030 1650 in
1063 1592 1291 1664 Filium;
1319 1596 1451 1652 dicit
1478 1597 1624 1652 enim
1653 1597 1961 1668 inscriptio,

399 1702 416 1732 ε
447 1682 551 1738 Pro
581 1685 810 1743 occultis
844 1685 987 1753 Filii,
1020 1706 1039 1738 ι
1079 1704 1206 1742 nam
1249 1704 1376 1744 vere
1409 1690 1684 1744 occultum
1743 1697 1827 1744 est
1865 1705 1964 1746 ens

393 1777 548 1841 illud,
580 1786 632 1830 et
663 1794 762 1834 nec
792 1780 1106 1850 cogitationi
1139 1796 1240 1836 nec
1282 1781 1530 1851 aspectui
1571 1782 1841 1852 pervium,
1877 1793 1965 1837 ut-

394 1878 517 1936 pote
543 1885 758 1927 omnem
793 1873 1157 1944 cognoscendi
1188 1873 1298 1928 vim
1347 1881 1403 1928 et
1455 1872 1771 1928 facultatem
1807 1875 1965 1944 longe

393 1961 681 2025 excedens,
714 1963 802 2016 cui
847 1965 939 2032 qui
986 1979 1082 2033 per
1112 1963 1270 2018 ﬁdem
1301 1965 1725 2034 appropinquat,
1759 1965 1805 2019 is
1836 1980 1964 2020 vere

395 2048 460 2103 ad
492 2051 731 2106 victoria:
781 2052 938 2108 linem
982 2055 1270 2122 processit.
1318 2053 1478 2108 Ratio
1505 2054 1626 2124 ejus
1653 2055 1965 2126 inscriptio-

395 2140 501 2202 nis,
537 2157 555 2190 ι
586 2139 690 2192 Pro
719 2155 781 2195 ea
812 2157 932 2210 quae
961 2142 1333 2197 haereditatem
1367 2144 1746 2213 consequitur,
1779 2164 1797 2197 1
1848 2160 1962 2199 ma-

394 2229 593 2285 nifesta
625 2243 727 2286 est.
783 2232 1054 2303 Pmplteta
1105 2236 1249 2290 enim
1283 2251 1382 2305 pro
1410 2236 1612 2300 anima,
1643 2254 1764 2307 qum
1795 2239 1964 2293 Incre-

394 2322 562 2376 ditate
585 2325 802 2394 propria
829 2325 1052 2390 excidit,
1079 2327 1295 2396 quando
1320 2335 1647 2398 praeceptum
1669 2328 1760 2384 Dei
1786 2337 1965 2385 trans-

393 2427 596 2482 gressa:
641 2415 723 2469 sol
774 2414 1051 2480 occubuit,
1097 2415 1238 2470 hanc
1273 2417 1340 2470 ad
1376 2416 1544 2470 Deum
1595 2418 1963 2486 precationem

395 2503 591 2570 fundit,
617 2512 678 2558 ut
701 2519 858 2560 mane
886 2505 1081 2562 iterum
1115 2507 1365 2564 tenebras
1393 2507 1648 2576 deponat,
1672 2514 1726 2562 et
1751 2508 1963 2563 dulcem

395 2594 542 2648 illam
588 2610 775 2651 vocem
809 2596 1000 2652 audire
1032 2607 1306 2652 mereatur
1338 2617 1350 2652 :
1389 2615 1406 2646 ι
1437 2595 1656 2660 Venite,
1688 2597 1964 2653 benedicti

394 2683 570 2739 Patris
600 2687 725 2752 mei,
763 2689 1024 2758 percipite
1052 2698 1299 2760 paratum
1333 2689 1486 2745 vobis
1516 2705 1743 2762 regnum
1772 2705 1802 2745 a
1828 2706 1964 2746 con-

395 2779 676 2836 stitutione
700 2781 883 2835 mundi
909 2781 1008 2835 δι.»

464 2890 574 2946 Nec
599 2892 931 2948 aberraverit
953 2893 1076 2964 quis
1093 2908 1124 2948 ιι
1141 2891 1389 2957 veritate,
1406 2892 1451 2948 si
1472 2889 1720 2948 eumdem
1744 2907 1964 2948 sensum

395 2983 701 3054 subjectum
737 2985 882 3040 dicat
912 2986 1010 3050 illi,
1030 2993 1270 3054 quaeest,
1295 3002 1315 3036 ι
1342 2984 1446 3039 Pro
1468 2986 1817 3054 susceptione
1856 2999 1968 3036 ma-

400 3077 667 3130 tutina".
702 3095 722 3126 ι
759 3075 818 3129 lu
863 3074 1146 3146 Scriptura
1177 3075 1322 3129 enim
1359 3077 1635 3130 communi
1673 3083 1967 3130 consuetu-

397 3167 522 3221 dine
540 3175 765 3222 vocatur
782 3182 979 3221 aurora
1001 3185 1018 3216 ι
1040 3165 1398 3221 matutinum:
1421 3183 1439 3216 ι
1460 3173 1544 3221 est
1566 3173 1746 3218 autem
1772 3178 1968 3217 aurora

398 3267 612 3326 tempus
646 3259 794 3312 nocti
824 3268 877 3312 ct
909 3257 1015 3312 diei
1050 3257 1596 3326 conterminum,quo
1633 3257 1722 3310 illa
1747 3255 1966 3326 quidem

397 3346 620 3412 desinit,
647 3347 759 3400 haec
791 3346 996 3415 incipit.
1042 3345 1178 3401 Cum
1216 3361 1346 3401 vero
1385 3345 1665 3416 Scriptura
1701 3361 1842 3416 saepe
1876 3360 1971 3416 per

401 3439 671 3500 tenebras,
695 3438 848 3506 quasi
873 3453 968 3508 per
997 3446 1366 3509 tegumentum
1388 3439 1683 3510 quoddam,
1706 3439 1968 3493 maliti-am

399 3529 688 3600 signiﬁcet,
723 3532 800 3594 lit,
844 3539 900 3585 ttt
931 3531 1147 3600 quando
1181 3531 1338 3586 nobis
1371 3531 1554 3586 divina
1596 3545 1698 3600 ope
1742 3530 1966 3599 adjutis,

402 3623 511 3674 vita
541 3623 842 3677 secundum
872 3623 1126 3677 virtutem
1163 3622 1414 3677 instituta
1441 3622 1713 3688 exoritur,
1747 3629 1877 3676 tunc
1904 3621 1970 3676 ad

402 3713 686 3768 vietoriam
714 3715 1112 3783 perveniamus,
1141 3731 1158 3764 ‹
1183 3714 1519 3784 deponentes
1543 3728 1708 3783 opera
1731 3713 1974 3768 tenebra-

2067 1595 2221 1651 Οὕτω
2245 1597 2352 1667 γάρ
2378 1614 2540 1666 φησιν
2573 1599 2668 1650 καὶ
2705 1597 2816 1666 (80)
2850 1599 2882 1668 ἠ
2928 1598 3225 1668 ἐπιγραφὴ,
3261 1617 3278 1648 ι
3329 1596 3496 1668 ’Υπὲρ
3524 1596 3644 1648 τῶν

2066 1689 2310 1760 κρυφίων
2338 1687 2432 1741 τοῦ
2473 1689 2625 1742 Υίοῦ.
2667 1709 2685 1739 1
2717 1688 2959 1759 Κρύφιον
2998 1689 3106 1761 γὰρ
3145 1689 3220 1752 ὡς
3264 1688 3372 1759 (81)
3421 1687 3644 1758 ἀληθῶς

2065 1779 2240 1833 ἐκεῖνό
2279 1781 2446 1844 ἐστιν,
2491 1780 2552 1832 τὸ
2597 1779 2963 1850 ἀκατανόητόν
3007 1798 3067 1834 τε
3109 1781 3203 1834 κα).
3245 1780 3490 1846 ἀόρατον,
3539 1780 3644 1832 καὶ

2066 1869 2244 1939 πάσης
2289 1867 2676 1938 ὑπερκείμενον
2709 1869 3116 1940 καταληπτικῇς
3145 1867 3402 1930 ἐπινοίας,
3427 1861 3578 1938 ᾧπερ
3607 1869 3644 1919 ὁ

2065 1961 2433 2032 προσεγγίσας
2452 1961 2538 2014 διὰ
2571 1963 2670 2030 τῆς
2693 1960 2943 2022 πίστεως,
2964 1960 3042 2022 είς
3061 1959 3120 2012 τὸ
3143 1962 3238 2030 τῆς
3261 1959 3414 2029 νίκης
3435 1958 3642 2026 ἔφθασε

2063 2051 2238 2116 τέλος.
2293 2053 2352 2105 Ὀ
2399 2052 2454 2104 δὲ
2505 2071 2524 2104 ι
2573 2052 2742 2124 ’Υπὲρ
2781 2055 2878 2123 τῆς
2916 2049 3356 2121 κληρονομούσης
3401 2069 3420 2101 ι
3455 2048 3638 2117 λόγος,

2063 2144 2218 2214 δῆλός
2240 2146 2410 2198 ἐστιν.
2435 2144 2607 2215 ’Υπὲρ
2624 2143 2732 2212 γὰρ
2752 2146 2850 2214 τῆς
2863 2142 3038 2213 ψυχῆς
3053 2143 3150 2212 τῆς
3175 2141 3267 2195 τοῦ
3288 2141 3416 2194 ίδίου
3433 2141 3642 2210 κλήρου

2065 2233 2567 2305 ἀποπεσούσης,δτε
2593 2234 2753 2287 ὲπέδυ
2780 2234 2854 2302 τῷ
2879 2234 2975 2304 τὴν
2997 2231 3210 2303 ἐντολὴν
3234 2231 3643 2303 παραϐεϐηκὸτι

2064 2328 2092 2379 ὁ
2119 2327 2286 2396 ἥλιος,
2319 2326 2417 2393 τὴν
2449 2325 2682 2391 ἔντευξιν
2711 2324 2914 2396 ταύτην
2943 2323 3208 2394 προσάγει
3227 2323 3304 2393 τῷ
3322 2321 3439 2392 Θεῷ
3456 2323 3483 2374 ὁ
3501 2319 3644 2392 Προ-

2067 2419 2258 2488 φήτης,
2283 2418 2368 2470 ἵνα
2390 2419 2447 2469 ἐν
2468 2417 2646 2488 πρωῖᾳ
2665 2413 2889 2485 γένηται
2921 2413 3077 2467 πάλιν
3101 2412 3410 2483 ἀποθεμένη
3431 2412 3490 2464 τὸ
3511 2412 3645 2464 σκό-

2063 2527 2171 2572 τος,
2207 2509 2301 2562 καὶ
2327 2509 2424 2579 τῆς
2450 2508 2708 2576 γλυκείας
2740 2506 2953 2575 ἐκείνης
2984 2506 3164 2575 φωνῆς
3190 2504 3311 2569 ἀξία
3337 2504 3578 2575 γένηται,
3600 2505 3641 2573 ἧ

2067 2618 2198 2670 φησι
2231 2600 2366 2671 πρὸς
2405 2600 2532 2662 τοὺς
2566 2601 2631 2652 ὲκ
2668 2597 2855 2661 δεξιῶν
2877 2613 2889 2627 ·
2925 2617 2944 2648 ι
2990 2596 3176 2660 Δεῦτε,
3210 2597 3258 2648 ot
3288 2596 3645 2666 εὐλογημένοι

2065 2693 2159 2745 τοῦ
2195 2692 2407 2762 Πατρός
2439 2709 2571 2761 μου,
2613 2689 3056 2762 κληρονομήσατε
3088 2689 3186 2760 τὴν
3232 2687 3646 2759 ἡτοιμασμένην

2069 2782 2195 2854 ὑμῖν
2227 2782 2499 2852 βασιλείαν
2520 2782 2626 2835 ἀπὸ
2652 2781 2953 2852 καταϐολῆς
2979 2780 3204 2851 κόσμου.
3243 2799 3260 2832 ι

2140 2897 2211 2948 Τὸ
2237 2896 2368 2949 αὐτὸ
2408 2895 2591 2955 τοῦτο.
2621 2894 2714 2947 καὶ
2753 2912 2772 2946 ι
2814 2894 2984 2965 ’Υπὲρ
3017 2894 3114 2961 τῆς
3156 2890 3383 2960 ἑωθινῆς
3425 2890 3642 2960 ἀντιλή-

2066 2986 2242 3056 ψεως,
2290 3006 2307 3038 ι
2342 2987 2424 3045 τὶς
2460 2988 2686 3055 νοήσας,
2736 2985 2835 3040 οὐκ
2885 2984 2950 3037 ἂν
2995 2982 3229 3053 ἁμάρτοι
3267 2981 3363 3033 τοῦ
3410 2981 3642 3043 δέοντος.

2073 3077 2302 3146 Ὅρθρον
2335 3075 2440 3142 γὰρ
2463 3093 2480 3126 t
2503 3075 2600 3142 τὴν
2627 3067 2856 3140 ἑωθινὴν
2877 3091 2894 3124 1
2923 3075 2954 3142 ἡ
2986 3075 3082 3144 τῆς
3132 3074 3347 3144 Γραφῆς
3387 3073 3646 3142 ὀνομάζει

2069 3165 2343 3234 συνήθεια.
2406 3164 2462 3217 Ὀ
2503 3165 2560 3216 δὲ
2601 3163 2828 3235 ὄρθρος,
2878 3163 3065 3234 χρόνος
3118 3163 3264 3216 ἐστὶν
3308 3161 3496 3224 νυκτὸς
3547 3162 3648 3213 καὶ

2068 3256 2278 3328 ἡμέρας
2332 3254 2599 3325 μεθόριος,
2643 3254 2764 3307 καθ’
2811 3254 2870 3307 ὃν
2919 3257 2952 3324 ὴ
3005 3255 3102 3324 μὲν
3135 3253 3473 3322 ἀφανίζεται,
3514 3253 3548 3322 ἡ
3585 3251 3648 3304 δὲ

2069 3349 2314 3418 ἄρχεται.
2348 3344 2459 3416 Τῆς
2498 3346 2553 3398 δὲ
2594 3344 2792 3409 κακίας
2839 3344 3102 3417 πολλαχοῦ
3145 3345 3244 3416 τῆς
3287 3344 3506 3414 Γραφῆς
3552 3343 3649 3396 διὰ

2069 3438 2162 3491 τοῦ
2205 3440 2425 3501 σκότους
2458 3441 2513 3491 ὲν
2559 3439 2838 3508 αἰνίγματι
2882 3439 3199 3508 νοουμένης,
3251 3437 3377 3489 ὅταν
3419 3435 3646 3504 γένηται

2070 3532 2204 3601 ἡμῖν
2245 3533 2308 3583 ὲκ
2350 3531 2502 3594 θείας
2547 3530 2884 3599 ἀντιλήψεως
2915 3532 2946 3598 ἡ
2980 3530 3073 3581 τοῦ
3116 3531 3232 3582 κατ’
3269 3527 3466 3598 ἀρετὴν
3524 3525 3647 3594 βίου

2072 3621 2301 3692 ἀνατολὴ
2325 3662 2338 3683 ,
2366 3623 2484 3674 τότε
2511 3622 2644 3693 πρὸς
2678 3622 2776 3690 τὴν
2820 3620 2974 3688 νίκην
3007 3618 3287 3687 φθάσομεν
3306 3614 3439 3686 (8'2),
3465 3633 3482 3664 ι
3506 3616 3647 3666 ἀπο-

2075 3715 2289 3785 θέμενοι
2310 3717 2376 3767 τὰ
2407 3715 2540 3784 ἔργα
2561 3713 2653 3766 τοῦ
2678 3699 2918 3774 σκότους,
2943 3710 3035 3763 καὶ
3061 3710 3135 3773 ὡς
3156 3711 3213 3761 ὲν
3237 3708 3416 3776 ἡμέρᾳ
3447 3706 3648 3774 εὐσχη-

401 3821 543 3870 rum,
576 3813 649 3870 et,
675 3814 731 3858 ut
760 3806 813 3860 in
841 3807 950 3870 die,
971 3805 1198 3862 honeste
1221 3805 1587 3870 ambulantes,
1607 3823 1625 3855 1
1656 3812 1712 3858 ut
1733 3805 1970 3874 loquitur

2082 3807 2258 3878 μόνως
2292 3804 2738 3878 περιπατοῦντες,
2757 3821 2774 3854 1
2799 3800 2978 3865 καθώς
3000 3815 3164 3870 φησιν
3184 3801 3210 3853 ό
3239 3797 3577 3859 ’Λπόστολος.

399 3897 695 3965 Apostolus
715 3896 780 3951 ³³.

472 4011 591 4066 Non
628 4012 784 4081 longe
819 4025 847 4064 a
872 4010 982 4080 jam
1017 4006 1304 4080 explicatis
1332 4006 1444 4090 abit
1470 4006 1606 4060 ratio
1643 4023 1661 4056 ι
1683 4004 1920 4061 Octavaa.
1949 4025 1966 4057 ι

401 4105 592 4160 Omnis
623 4105 766 4158 enim
793 4118 923 4158 cura
947 4115 1106 4173 quam
1137 4102 1244 4156 vita
1259 4097 1479 4155 virtutis
1509 4098 1702 4152 cultrix
1723 4099 1973 4168 suscipit,

2157 4011 2354 4080 Ἐγγὺς
2379 4007 2487 4062 τῶν
2516 4004 2894 4077 ὲξητασμένων
2925 4002 3018 4055 καὶ
3044 4004 3070 4055 ὁ
3100 4000 3197 4072 τῆς
3219 4021 3236 4052 ι
3261 4000 3480 4069 Ὀγδὸης
3509 4017 3525 4050 ι
3554 3998 3647 4050 λόο

2076 4119 2170 4173 γος
2207 4100 2342 4154 ἐστί.
2379 4100 2534 4152 Πᾶσα
2580 4095 2687 4165 γὰρ
2722 4092 3005 4163 ἐπιμέλεια
3049 4093 3148 4161 τῆς
3195 4089 3446 4162 ἐναρέτου
3499 4091 3649 4160 ζωῆς

403 4199 469 4252 ad
529 4198 770 4252 futurum
818 4195 1076 4250 saeculum
1131 4190 1391 4262 respicit,
1440 4190 1598 4259 cujus
1646 4191 1970 4260 principium

2078 4191 2208 4264 πρὸς
2228 4189 2318 4242 τὸν
2341 4185 2536 4255 ἐφεξῆς
2563 4184 2732 4238 αἰῶνα
2756 4181 2952 4252 βλέπει.
2981 4176 3054 4234 Οῦ
3081 4183 3113 4250 ἡ
3146 4179 3255 4250 (85)
3280 4180 3421 4250 ἀρχὴ
3453 4179 3646 4247 Ὀγδόη

400 4289 604 4342 Octava
662 4284 902 4347 dicitur,
957 4279 1266 4337 succedens
1291 4281 1536 4338 sensibili
1563 4280 1691 4334 huic
1713 4280 1968 4349 tempori,

403 4372 545 4439 quod
591 4370 900 4440 septenario
949 4385 1178 4425 numero
1232 4371 1551 4427 absolvitur.
1595 4371 1773 4426 Monet
1808 4371 1973 4441 igitur

405 4462 707 4530 inscriptio,
743 4481 760 4512 ι
787 4461 892 4516 Pro
920 4461 1144 4525 Octava,
1179 4479 1197 4512 ι
1243 4477 1310 4516 ne
1336 4463 1526 4516 oculos
1557 4462 1621 4515 ad
1649 4469 1970 4530 praesentem

402 4551 664 4621 temporis
692 4558 892 4608 statum
921 4551 1305 4620 conjiciamus,
1357 4547 1452 4603 sed
1491 4557 1550 4602 ut
1588 4547 1654 4601 ad
1707 4548 1964 4603 Octavam

404 4642 781 4710 respiciamus.
816 4640 950 4695 Nam
1004 4641 1225 4711 quando
1270 4640 1448 4695 ﬂuxus
1481 4640 1568 4693 hic
1597 4648 1650 4695 ct
1693 4639 1971 4694 mutabilis

404 4743 579 4788 status
631 4733 892 4800 temporis
941 4733 1184 4796 desierit,
1236 4731 1289 4785 in
1339 4747 1450 4801 quo
1503 4730 1650 4784 aliud
1703 4731 1969 4797 nascitur,

405 4826 549 4879 aliud
600 4821 989 4890 corrumpitur,
1022 4836 1198 4890 neque
1250 4822 1484 4890 amplius
1531 4835 1667 4890 opus
1703 4822 1886 4887 fuerit,
1915 4831 1975 4876 ut

403 4916 649 4986 quaedam
677 4919 995 4977 nascantur,
1041 4912 1289 4982 quasdam
1338 4911 1725 4980 dissolvantur,
1757 4923 1972 4984 sperata

2078 4281 2315 4349 λέγεται,
2357 4277 2447 4330 τὸν
2493 4275 2746 4345 αἰσθητὸν
2795 4270 3150 4341 διαδεξαμένη
3198 4269 3410 4340 χρόνον,
3451 4270 3541 4320 τὸν
3589 4272 3650 4321 ὲν

2079 4370 2367 4441 ἑϐδομάσιν
2391 4365 2692 4422 ἀνακυκλού
2703 4381 2878 4435 μενον.
2893 4359 3253 4433 Συμδουλεύει
3275 4360 3453 4413 τοίνυν
3476 4361 3505 4428 ἡ
3528 4358 3647 4427 (84)

2080 4463 2218 4530 ὑπὲρ
2239 4461 2338 4530 τῆς
2369 4477 2386 4510 ι
2410 4457 2628 4527 Ὀγδόης
2663 4475 2678 4506 1
2712 4451 3008 4525 ἐπιγραφὴ,
3031 4451 3104 4521 μὴ
3129 4449 3265 4522 πρὸς
3290 4450 3378 4501 τὸν
3407 4449 3653 4518 παρόντα

2082 4552 2298 4622 βλέπειν
2345 4549 2554 4619 χρόνον,
2608 4545 2744 4598 ἀλλά
2806 4545 2944 4612 πρὸς
3008 4542 3107 4610 τὴν
3194 4533 3414 4604 Ὀγδόην
3493 4538 3646 4607 ὀρᾷν.

2080 4641 2252 4693 ’Ὅταν
2289 4639 2398 4709 γάρ
2427 4639 2455 4690 ὁ
2484 4636 2686 4707 ῥοώδης
2719 4627 2892 4695 οὗτος,
2918 4631 3011 4684 καὶ
3046 4628 3336 4698 παροδικὸς
3369 4627 3650 4697 παύσηται

2079 4729 2288 4801 χρόνος,
2317 4731 2374 4780 ὲν
2397 4721 2441 4795 ᾧ
2467 4725 2527 4778 τὸ
2565 4725 2660 4795 μὲν
2693 4723 2924 4790 γίνεται,
2956 4720 3016 4771 τὸ
3044 4719 3098 4770 δὲ
3129 4717 3346 4770 λύεται·
3390 4716 3482 4768 καὶ
3511 4733 3651 4780 παρ-

2081 4821 2210 4894 έλθῃ
2239 4821 2336 4891 μὲν
2377 4821 2410 4889 ή
2448 4816 2542 4870 τοῦ
2571 4813 2822 4883 γενέσθαι
2855 4810 3032 4882 χρεία,
3063 4811 3255 4880 μηκέτι
3283 4810 3338 4862 δὲ
3371 4808 3431 4860 τὸ
3461 4807 3652 4878 λυόμε-

2079 4928 2169 4965 νον
2206 4907 2263 4983 ᾖν
2291 4911 2388 4980 τῆς
2422 4904 2780 4976 ἐλπιζομένης
2833 4901 3178 4965 ἀναστάσεως
3216 4904 3296 4965 εἰς
3333 4900 3498 4967 ἄλλην
3528 4899 3651 4955 τινὰ

479 5089 520 5120 ³³
556 5088 742 5144 Matth.
769 5105 894 5159 xxv,
925 5091 1013 5146 Η.
1092 5092 1137 5124 ³⁸
1166 5091 1311 5150 Psal.
1345 5106 1455 5156 χιι,
1494 5093 1545 5148 1.
1622 5091 1665 5124 ³³
1697 5090 1852 5146 Ilout.
1885 5105 2004 5159 xm,
2043 5087 2128 5142 l5.

482 5264 592 5333 (78)
626 5266 814 5319 Omnia
851 5266 914 5320 ad
946 5266 1059 5329 βίου
1083 5283 1192 5325 0111.
1221 5267 1308 5324 ed.

473 5335 586 5405 (79)
621 5337 920 5404 Ἀπόναιτο,
959 5339 1046 5393 ed.

481 5407 591 5474 (80)
621 5406 727 5459 Καί
751 5422 860 5460 om.
888 5409 976 5461 ed.

482 5475 593 5547 (81)
638 5476 721 5540 Ὠς
744 5492 851 5531 om.
894 5477 982 5532 ed.

2153 5264 2263 5332 (8‘3)
2293 5262 2611 5331 Φθάσωμεν,
2654 5259 2739 5315 ed.

2155 5335 2265 5403 (85)
2308 5334 2376 5403 ,Ἥ
2398 5347 2507 5385 0111.
2536 5332 2617 5403 ed_.

2154 5401 2265 5473 (84)
2307 5401 2368 5455 'H
2401 5416 2508 5458 om.
2545 5401 2634 5456 ed.
