4054 6436
672 279 774 335 507

1935 262 1991 318 S.
2033 258 2360 318 GREGOBH
2392 254 2687 314 NYSSENI

669 396 872 450 mento,
907 383 1107 453 inquit,
1152 378 1531 442 torcularium,
1581 382 1642 430 ut
1685 375 1779 430 tibi
1831 389 1928 445 per
1978 376 2243 431 bonorum

2166 390 2243 429 tm
2274 382 2319 436 Α
2346 386 2503 439 τητα,
2543 370 2607 422 ὲκ
2652 367 2753 436 τῆς
2790 364 3138 437 Σοδομιτικῆς
3188 363 3557 435 κληματίδας
3620 382 3767 436 acup

669 492 898 547 operum
933 472 1342 528 multitudinem
1375 470 1501 525 vino
1527 467 1736 537 optimo
1776 475 1835 521 et
1875 465 2102 521 od’orato
2132 478 2244 520 tor-

2174 481 2244 519 ιι·-
2345 460 2443 531 τὴν
2480 458 2774 512 ἀπώλειαν.
2823 455 2886 509 Et
2915 455 3091 510 τοίνυν
3138 456 3263 527 περὶ
3292 455 3395 524 τὴν
3445 454 3775 525 Ὀγδόην;

672 567 882 623 cularia
940 565 1285 628 redundent,
1341 567 1403 617 ut
1452 566 1641 616 monet
1690 558 1949 614 Salomon
2002 559 2059 613 in
2104 556 2242 613 Pro-

672 659 877 715 verbiis
890 658 957 713 ".

1281 959 1510 1018 CAPUT
1547 959 1635 1016 VI.

748 1164 1058 1237 Inscriptio,
1094 1186 1112 1218 ι
1141 1164 1247 1221 Pro
1278 1166 1589 1233 Maeleth",
1629 1186 1647 1219 ι
1697 1167 1902 1223 clarius
1936 1168 2146 1225 reddita
2179 1169 2248 1225 ab

678 1256 787 1313 illis
811 1258 903 1326 qui
929 1273 1047 1312 eam
1078 1256 1270 1313 Graeco
1300 1259 1566 1314 vocabulo
1604 1265 2013 1328 expresserunt,
2050 1260 2248 1314 alacri-

684 1356 843 1403 tatem
870 1348 1161 1419 quamdam
1197 1348 1346 1403 addit
1389 1349 1499 1405 illis
1543 1349 1638 1419 qui
1670 1350 1724 1403 in
1769 1349 1946 1404 stadio
1984 1352 2246 1405 virtutum

680 1439 979 1504 decertant,
1018 1440 1146 1494 dum
1178 1441 1302 1509 quis
1330 1440 1402 1494 sit
1430 1441 1789 1495 certaminum
1835 1440 1957 1495 ﬁnis
1986 1441 2245 1505 ostendit,

682 1530 879 1585 choros
931 1538 985 1584 et
1031 1531 1381 1596 saltationes,
1429 1541 1482 1585 et
1529 1530 1900 1600 jucunditates
1947 1531 2246 1588 victoribus

680 1622 987 1690 propositas
1035 1637 1374 1677 asseverans.
1428 1622 1490 1676 in
1538 1622 1682 1678 hanc
1726 1621 1873 1676 enim
1916 1623 2244 1677 sententiam

2350 551 2613 621 μέμνησο,
2639 548 2822 617 φησιν,
2853 548 2962 601 τῶν
2991 546 3185 616 ληνῶν,
3221 547 3297 610 ὡς
3320 545 3386 599 ἄν
3429 563 3533 598 σοι.
3568 545 3690 598 διὰ
3728 563 3776 597 τι

2349 640 2456 693 θῶν
2481 640 2658 710 ἔργων
2684 639 2776 692 τοῦ
2802 638 3092 709 ἀνθοσμίου
3113 639 3278 702 οτνου,
3301 636 3453 692 κατὰ
3479 636 3603 691 τὸν
3634 653 3776 707 παρ

2348 730 2524 801 λόγον,
2553 733 2608 785 αί
2636 730 2788 802 ληνοὶ
2816 729 3220 802 ὑπερϐλύζωσιν
3247 728 3385 800 (95).

2855 973 3265 1028 ΚΕΦΑΛΑΙΟΝ.
3316 976 3412 1041 ς’.

2432 1180 2497 1233 Ἡ
2516 1178 2571 1233 δὲ
2581 1199 2598 1231 ι
2623 1176 2793 1249 ’Υπὲρ
2804 1175 3011 1230 Μαελὲθ
3026 1196 3044 1228 ι
3065 1175 3339 1245 ἐπιγραφὴ
3356 1175 3763 1247 σαφέστερον

2351 1285 2422 1322 σα
2441 1267 2589 1338 παρὰ
2613 1267 2721 1320 τῶν
2754 1265 3188 1336 μεταϐαλλόντων
3210 1264 3320 1335 (96)
3351 1266 3433 1331 είς
3448 1264 3572 1335 τὴν
3612 1266 3776 1319 Ἑλλ.

2351 1359 2447 1429 νὴν
2471 1358 2672 1429 ταύτην
2697 1358 2794 1429 τὴν
2820 1357 2984 1423 λέξιν,
3017 1355 3320 1427 προθυμίαν
3342 1358 3477 1411 τινὰ
3509 1360 3651 1421 τοῖς
3686 1359 3771 1411 δι’

2351 1449 2767 1520 ἀγωνιζομένοις
2810 1446 3083 1518 ἐντίθησι,
3126 1446 3187 1499 τὸ
3231 1448 3405 1519 πέρας
3444 1449 3580 1501 τῶν
3646 1448 3772 1501 ae).

2351 1543 2497 1596 ἐστιν
2531 1540 2992 1594 ὑποδεικνύουσιν
3038 1537 3253 1610 χορείας
3295 1538 3403 1609 (97)
3459 1541 3576 1593 καὶ
3630 1542 3776 1611 εὐφι

2351 1635 2462 1696 τοῖς
2534 1632 2902 1705 κεκρατηκόσι
2972 1630 3080 1684 τῶν
3150 1630 3376 1700 ἀγώνων
3447 1632 3775 1702 προκεῖσθη

684 1710 975 1764 dictionem
1033 1712 1180 1764 illam
1249 1712 1657 1780 interpretatam
1710 1711 2060 1781 invenimus;
2121 1717 2285 1791 nam‘;

2173 1717 2323 1792 ἂιηίι
2349 1740 2520 1792 γουσα
2544 1721 2678 1792 (98),
2714 1720 2851 1793 πρὸς
2882 1720 3082 1791 ταύτην
3115 1720 3214 1791 τὴν
3231 1720 3479 1791 ἔμφασιν
3517 1722 3765 1791 ὲρμηνε

685 1802 852 1856 dictio
886 1802 1114 1857 Maeleth
1142 1802 1283 1857 idem
1336 1812 1440 1865 est,
1472 1804 1616 1873 quod
1657 1823 1673 1855 ι
1702 1819 1798 1874 per
1823 1804 2049 1860 chorum
2080 1824 2099 1858 ι
2147 1822 2248 1862 seu

692 1915 708 1946 ι
738 1896 1104 1960 saltationem,
1133 1914 1152 1947 ι
1187 1896 1496 1965 cujusmodi
1527 1895 1778 1951 videlicet
1804 1912 1870 1952 ex
1896 1898 2252 1955 historiarum

688 1988 1057 2044 monumentis
1083 1989 1362 2044 cXStitisse
1394 1990 1646 2045 novimus
1673 1998 1797 2060 post
1831 1989 2047 2047 Davidis
2077 1993 2253 2048 victo-

688 2081 845 2144 riam,
881 2080 1101 2148 quando
1142 2080 1211 2135 ab
1242 2081 1334 2135 illo
1362 2081 1540 2135 adhuc
1578 2081 1947 2147 adolescente,
1990 2083 2255 2154 singulari

689 2169 744 2221 in
804 2171 1099 2225 certamine
1154 2168 1371 2224 Goliath
1435 2178 1753 2240 prostrato,
1800 2172 2107 2240 juvenculae
2160 2187 2256 2242 per

689 2260 888 2316 choros
924 2262 1108 2318 eﬂ‘usa:
1131 2302 1144 2326 ,
1201 2264 1418 2319 labores
1448 2263 1598 2318 illius
1637 2263 1692 2317 in
1728 2278 1907 2335 pugna
1946 2264 2036 2317 illa
2067 2279 2258 2321 susce-

692 2363 810 2421 ptos
840 2354 1261 2408 celebrarunt“.
1309 2354 1433 2409 Pari
1467 2355 1678 2409 ratione
1720 2369 1936 2408 omnem
1972 2355 2254 2409 victoriam

690 2445 757 2497 ab
802 2444 1050 2498 hostibus
1103 2446 1303 2500 sudore
1342 2453 1399 2500 et
1444 2446 1631 2500 labore
1683 2450 2013 2514 reportatam
2040 2485 2052 2508 ,
2097 2444 2256 2500 docet

691 2535 975 2606 inscriptio
1011 2555 1030 2587 ι
1061 2537 1162 2592 Pro
1199 2536 1446 2604 Maeleth,
1470 2555 1489 2588 )
1526 2536 1712 2591 laetitia
1749 2544 1803 2590 et
1847 2536 2031 2591 choris
2057 2538 2255 2606 excipi,

691 2643 813 2681 cum
859 2628 1038 2682 UllilliS
1090 2635 1341 2683 creatura
1384 2627 1616 2682 rationis
1662 2627 1935 2696 particeps
1980 2627 2254 2696 scipsam,

691 2718 848 2787 quasi
899 2721 953 2774 in
988 2720 1141 2774 chori
1185 2730 1455 2779 concentu
1479 2718 1855 2785 ,.victoribus
1884 2718 2260 2772 accommodet

692 2818 742 2863 ct
776 2818 1116 2880 attemperet.
1169 2809 1405 2880 Tempus
1438 2810 1583 2866 enim
1636 2808 1759 2875 fuit,
1806 2823 1915 2879 quo
1959 2824 2101 2864 unus
2142 2816 2260 2864 erat

692 2902 893 2955 chorus
942 2909 1192 2957 creatura
1227 2902 1529 2967 rationalis,
1574 2901 1629 2955 in
1678 2917 1845 2955 unum
1893 2901 2050 2956 chori
2098 2916 2257 2971 cory-

694 2993 905 3060 phaeum
940 2992 1207 3058 intentus,
1241 3009 1467 3062 seseque
1496 2994 1776 3062 explicans
1809 3000 1863 3048 et
1891 2994 2169 3048 revolvens
2192 2992 2259 3046 ad

2353 1814 2453 1885 τῆς
2479 1813 2692 1879 λέξεως.
2722 1814 2794 1867 Τὸ
2813 1814 2920 1885 γὰρ
2944 1812 3159 1867 Μαελὲθ
3180 1813 3348 1882 ὄνομα
3378 1832 3397 1865 ι
3423 1811 3529 1865 διὰ
3555 1813 3776 1884 χορεία

2354 1905 2647 1977 ἑρμηνείαν
2700 1905 2835 1976 ἔχει.
2904 1898 3026 1959 Οἷον
3076 1903 3140 1975 δὴ
3187 1904 3281 1956 καὶ
3329 1904 3425 1957 ἐπὶ
3487 1904 3606 1974 τῆς
3668 1904 3772 1956 vix

2354 1995 2516 2050 Δαυῖδ
2540 1995 2625 2050 διὰ
2655 1996 2753 2069 τῆς
2781 1994 3018 2066 ἱστορίας
3040 1994 3304 2064 ἔγνωμεν,
3325 1995 3409 2047 ὃτι
3443 1994 3746 2057 πεσόντος

2355 2088 2475 2141 λιάθ
2508 2090 2566 2142 ὲν
2598 2091 2662 2158 τῇ
2691 2086 2994 2159 μονομαχίᾳ
3018 2085 3109 2140 τοῦ
3132 2086 3275 2152 νέου,
3301 2086 3710 2158 θεραπεύουσι
3744 2089 3776 2157 (’

2355 2178 2647 2246 ἐναγώνιον
2678 2178 2840 2232 αὐτοῦ
2874 2177 3033 2231 πόνον
3064 2177 3464 2232 ὑπαπαντῶσαι
3509 2177 3613 2232 διὰ
3655 2195 3770 2248 χορ

2356 2268 2624 2334 νεάνιδεςο
2664 2269 2806 2324 οὕτω
2852 2269 3039 2343 ,πᾶσαν
3084 2268 3240 2339 νίκην
3287 2269 3477 2341 ἱδρῶτί
3528 2286 3597 2323 τε
3623 2310 3640 2334 ,
3686 2272 3776 2322 κα

2356 2361 2497 2416 κατά
2546 2358 2657 2416 τῶν
2705 2357 3014 2412 ἀντιπάλων
3060 2357 3537 2430 κατορθουμένην,
3597 2361 3635 2431 ἡ
3704 2376 3776 2411 πε

2356 2451 2570 2505 Μαελὲθ
2609 2450 2889 2521 ἐπιγραφὴ
2923 2449 3260 2521 εὐφροσύνην
3282 2451 3433 2519 λέγει
3463 2451 3568 2503 καὶ
3593 2467 3776 2520 χοροσ

2357 2539 2689 2610 ἐκδέχεσθαι,
2723 2541 2902 2612 πάσης
2933 2539 3029 2611 τῆς
3056 2540 3250 2609 νοητῆς
3280 2540 3522 2603 κτίσεως
3557 2541 3776 2611 ἑαυτὴν

2360 2631 2503 2702 άπερ
2534 2630 2777 2702 ὲνχοροῦ
2812 2632 3117 2703 συμφωνίᾳ,
3146 2634 3258 2695 τοῖς
3290 2634 3556 2703 νικηταῖς
3580 2649 3772 2703 συναρ

2361 2740 2481 2795 σης.
2502 2719 2611 2777 Ἦν
2641 2724 2747 2794 γὰρ
2775 2724 2863 2776 ὅτε
2891 2722 2988 2793 μία
3022 2725 3119 2793 τῆς
3140 2723 3365 2793 λογικῆς
3392 2724 3622 2792 φύσεως
3654 2719 3729 2793 ἦν
3763 2730 3776 2774 1

2364 2813 2577 2877 στασία,
2609 2813 2744 2887 πρὸς
2769 2813 2862 2867 ἕνα
2889 2812 3161 2883 βλέπουσα
3182 2813 3272 2867 τὸν
3298 2813 3392 2867 τοῦ
3424 2814 3600 2884 χοροῦ
3635 2831 3776 2882 κορυ

2362 2905 2454 2959 καὶ
2485 2904 2620 2975 πρὸς
2640 2905 2736 2975 τὴν
2764 2904 2970 2958 ἐκεῖθεν
2994 2904 3331 2977 ἐνδιδομένην
3355 2904 3511 2975 αὐτῷ
3536 2906 3605 2975 τῇ
3635 2907 3768 2974 κινή

2362 2993 2448 3047 διὰ
2472 2994 2571 3064 τῆς
2595 2993 2809 3064 ἐντολῆς
2843 2995 3108 3064 ἁρμονίαν
3138 2994 3226 3047 τὸν
3257 2994 3416 3065 χορὸν
3451 2995 3533 3065 (2)
3573 2994 3771 3047 ἀνελίσ

694 3084 841 3136 illam
871 3126 885 3149 ,
941 3099 1061 3154 qua:
1118 3083 1243 3137 inde
1297 3082 1838 3147 subministrabatur,
1875 3082 2117 3136 victoriae
2166 3081 2295 3150 per‘

2167 3096 2263 3150 per
2289 3071 2331 3128 (ἶ
2378 3083 2591 3155 Ἐπειδὴ
2618 3083 2676 3136 δὲ
2703 3084 2800 3155 τὴν
2827 3084 2898 3155 (5)
2960 3083 3136 3140 ἔνθεον
3173 3085 3386 3155 ἐκείνην
3419 3084 3639 3137 διέλυσε
3668 3086 3768 3137 τοῦ

695 3174 1022 3247 ντίέιξοριιιιῐι
1066 3176 1272 3237 relatae,
1321 3174 1662 3229 harmoniam
1714 3182 1768 3231 et
1813 3172 2254 3229 consonantiam.

697 3269 986 3337 Postquam
1021 3275 1205 3324 autem
1223 3275 1378 3323 ortus
1406 3266 1613 3340 peccati
1640 3265 1882 3320 divinum
1917 3267 2066 3320 illum
2107 3266 2261 3320 chori

695 3368 1022 3415 concentum
1058 3360 1328 3423 dissolvit,
1363 3359 1701 3431 pedibusque
1730 3357 2030 3430 primarum
2064 3374 2260 3427 paren-

698 3457 834 3511 tum,
869 3449 962 3518 qui
998 3448 1137 3503 inter
1180 3448 1450 3519 angelicas
1501 3457 1800 3519 potestates
1852 3447 2139 3519 degebant,
2175 3448 2260 3504 lu-

697 3539 849 3595 brica
883 3539 1218 3608 dec‘eptionis
1244 3540 1453 3595 ratione
1485 3538 1784 3602 substrata,
1820 3540 2033 3593 ruinam
2059 3539 2261 3602 eﬂ‘ecit,

701 3630 843 3685 unde
873 3630 1032 3686 homo
1066 3631 1134 3685 ab
1165 3631 1255 3685 illa
1310 3645 1435 3685 cum
1484 3631 1692 3700 angelis
1739 3631 1998 3686 societate
2041 3630 2265 3684 avulsus

696 3726 802 3783 est,
846 3735 975 3775 casu
1009 3721 1402 3775 connexionem
1434 3721 1786 3784 dissolvente,
1832 3720 2017 3777 multis
2050 3721 2264 3776 sudori-

701 3814 802 3868 bus
831 3819 884 3868 et
912 3813 1189 3868 laboribus
1214 3813 1369 3883 lapso
1399 3813 1607 3869 homini
1635 3829 1774 3883 opus
1803 3821 1904 3877 est,
1938 3821 1998 3867 ut
2026 3829 2148 3869 eum
2170 3814 2263 3882 qui

700 3905 803 3957 sibi
849 3904 959 3973 jam
1012 3913 1286 3974 prostrato
1318 3905 1617 3969 incumbit,
1669 3906 1901 3961 debellet
1938 3913 1993 3961 et
2036 3915 2262 3969 evertat,

703 4010 924 4065 remque
952 3995 1160 4051 fortiter
1193 4004 1369 4067 gerat,
1407 4006 1725 4068 recepturus
1760 3998 2003 4063 muneris
2037 3998 2154 4052 loco
2182 3997 2266 4051 di-

703 4088 858 4142 vinos
902 4087 1101 4143 choros
1133 4090 1203 4142 ob
1236 4089 1518 4167 victoriam
1567 4088 1634 4143 ab
1666 4089 1982 4144 adversario
2023 4098 2268 4158 reporta—

705 4188 833 4233 tam.
886 4178 1114 4245 Quando
1168 4181 1331 4252 igitur
1378 4180 1615 4235 audieris
1664 4179 2099 4250 inscriptionem,
2147 4196 2266 4249 quae

704 4269 830 4326 illas
882 4286 1064 4334 voces,
1119 4290 1137 4322 ι
1170 4271 1277 4327 Pro
1329 4270 1578 4334 Maelcth,
1610 4289 1629 4321 ι
1678 4269 1924 4339 adjungit
1979 4271 2106 4334 illis,
2165 4269 2268 4324 «ιιι

706 4364 886 4428 tinem,
920 4383 938 4415 ι
977 4372 1108 4419 tunc
1148 4363 1365 4418 noveris
1398 4364 1495 4418 tibi
1526 4362 1671 4417 velut
1706 4378 1800 4432 per
1827 4363 2058 4432 aenigma
2091 4362 2270 4417 consi-

707 4456 834 4507 lium
865 4454 1003 4513 dari.
1048 4470 1118 4510 ne
1159 4456 1486 4510 succumbas
1516 4453 1571 4507 in
1601 4453 1961 4508 tentationum
2005 4452 2271 4508 conﬂicti-

707 4545 828 4609 bus,
884 4544 978 4598 sed
1032 4551 1090 4598 ut
1136 4545 1190 4599 in
1228 4544 1386 4600 finem
1421 4544 1660 4598 victoriae
1714 4543 1996 4613 respicias,
2048 4543 2139 4612 qui
2187 4550 2271 4599 est

705 4634 964 4703 angelicis
1013 4635 1196 4689 choris
1251 4635 1650 4700 annumerari;
1730 4643 1988 4704 tuamque
2032 4634 2268 4688 animam

707 4722 1066 4777 tentationum
1101 4723 1459 4791 impressione
1503 4721 1796 4792 expurgari
1845 4722 2081 4791 cogites,
2124 4721 2303 4791 quod.

710 4818 763 4865 ct
792 4810 996 4865 Lazaro
1025 4812 1294 4868 accidisse
1327 4828 1401 4867 ex
1421 4814 1539 4882 ipso
1570 4812 1799 4867 Domino
1829 4813 2144 4877 didicimus,
2177 4812 2270 4882 qui

709 4915 831 4953 cum
869 4916 963 4969 per
994 4901 1308 4969 patientiam
1357 4902 1722 4957 calamitatum
1774 4911 1888 4957 toto
1921 4904 2044 4958 vitae
2090 4904 2272 4958 curri-

710 4995 835 5049 culo
854 5009 976 5051 sese
1007 4994 1235 5050 ilIaeSum
1263 5010 1534 5065 casusque
1560 5003 1837 5066 expertem
1867 5006 2268 5059 conservasset,

783 5216 828 5250 ”
856 5217 1015 5275 Prov.
1055 5230 1136 5281 ιιι,
1181 5213 1262 5272 l0.
1350 5215 1393 5247 ’⁵ο
1423 5214 1567 5269 Psal.
1603 5231 1696 5276 LII,
1734 5215 1780 5268 l.

783 5423 897 5498 (95)
925 5425 1452 5498 ξΥπερεκϐλύζωσιν.

780 5494 890 5564 (96)
923 5494 1365 5560 Μετοίϐειλόντων,
1402 5502 1488 5555 ed.

804 5565 893 5633 97)
927 5566 997 5618 Te
1026 5568 1149 5620 add.
1176 5569 1260 5620 ed.

805 5636 892 5698 98)
928 5637 1128 5704 Λέγων,
1157 5640 1243 5691 cd.

806 5705 894 5771 99)
924 5708 1345 5773 θεραπεύσουσι,
1373 5709 1463 5767 ed;

2371 3174 2633 3243 συνῳδίαν
2676 3174 3105 3245 παρεμπεσοῦσα
3141 3176 3174 3246 ἡ
3224 3174 3491 3245 ἁμαρτία,
3527 3174 3626 3228 καὶ
3668 3178 3776 3237 τοῖς

2367 3263 2474 3317 τῶν
2508 3262 2738 3334 πρώτων
2772 3264 3090 3337 ἀνθρώπων,
3114 3264 3224 3318 τῶν
3256 3265 3314 3319 ὲν
3351 3268 3471 3327 ταῖς
3505 3265 3776 3332 ἁγγελικα

2368 3355 2563 3425 νάμεσι
2593 3358 3046 3428 συγχορευόντων,
3079 3357 3170 3411 τὸν
3197 3357 3297 3428 τῆς
3328 3356 3546 3429 ἀπάτης
3574 3357 3776 3412 ὁλισθοη

2369 3445 2561 3515 χέασα,
2610 3445 2806 3516 πτῶμα
2844 3448 3132 3520 ἐποίησεν,
3178 3448 3300 3505 ὅθεν
3338 3448 3638 3519 διεσπάσθη
3681 3450 3776 3519 τῆς

2368 3538 2493 3603 τοὺς
2519 3537 2781 3608 ἀγγέλους
2817 3540 3111 3608 συναφείας
3139 3540 3167 3592 ὁ
3199 3539 3497 3610 ἄνθρωπος,
3529 3538 3622 3592 τοῦ
3652 3538 3773 3591 πτὼ

2368 3627 2467 3699 τὴν
2497 3628 2800 3701 συμϐουλὴν
2825 3632 2899 3702 (4)
2926 3631 3294 3694 διαλύσαντος·
3318 3630 3506 3683 τούτου
3541 3630 3702 3701 χάριν
3734 3649 3775 3682 π

2372 3718 2606 3789 ἱδρώτων
2647 3722 2804 3793 χρεία
2845 3722 2923 3792 τῷ
2970 3722 3279 3775 πεπτωκότι
3322 3723 3416 3775 καὶ
3467 3722 3676 3784 πόνων,
3717 3722 3776 3774 ἵνι

2372 3812 2714 3882 ἐπικείμενον
2744 3813 2908 3867 αὐτοῦ
2940 3813 3019 3883 τῷ
3053 3813 3305 3884 πτώματι
3337 3814 3776 3884 καταγωνισάμεν

2372 3900 2467 3953 καὶ⁹
2486 3901 2815 3972 ἀνατρέψας,
2846 3901 3005 3956 πάλιν
3032 3902 3311 3972 ἀνορθωθῇ
3333 3943 3348 3969 ,
3368 3901 3530 3972 γέρας
3550 3901 3648 3971 τῆς
3675 3919 3776 3953 κατ

2373 3990 2687 4054 παλαίοντος
2725 3992 2880 4063 νίκης
2910 3993 3007 4064 τὴν
3038 3991 3187 4047 θείαν
3220 3992 3570 4064 χοροστασίαν
3613 3992 3776 4061 δεξάμ

2375 4082 2543 4135 Ὅταν
2587 4078 2678 4136 οὖν
2708 4082 2944 4154 ἀκούσῃς
2987 4083 3088 4154 τῆς
3120 4084 3426 4155 ἐπιγραφῆς
3467 4084 3776 4139 συναπτούστ

2378 4189 2396 4223 ι
2421 4172 2591 4242 ’Υπὲρ
2620 4173 2856 4240 Μαελὲθ,
2876 4195 2892 4226 ι
2925 4176 2992 4245 τῇ
3018 4192 3036 4226 ι
3059 4174 3154 4237 Εἰς
3184 4173 3336 4235 τέλος
3366 4192 3383 4225 ι
3419 4176 3586 4244 φωνῇ,
3612 4174 3723 4226 τότε
3754 4191 3776 4241 γ

2377 4281 2471 4317 σκε
2501 4264 2586 4317 διὰ
2614 4264 2706 4318 τοῦ
2739 4265 3051 4334 αἰνίγματος
3080 4263 3391 4334 συμϐουλήν
3422 4281 3496 4317 σοι
3522 4264 3776 4334 προσάγεσ

2379 4357 2453 4427 μὴ
2489 4354 2879 4425 ὲγχαυνοῦσθαι
2918 4359 3028 4419 τοίς
3054 4356 3162 4411 τῶν
3194 4356 3503 4426 πειρασμῶν
3531 4356 3776 4425 ἀγωνίσμι

2375 4446 2488 4501 ἀλλ’
2518 4448 2598 4510 είς
2624 4447 2685 4500 τὸ
2708 4447 2862 4512 τέλος
2883 4448 2981 4519 τῆς
3009 4449 3160 4518 νίκης
3191 4447 3423 4516 βλέπειν.
3451 4446 3601 4501 Τοῦτο
3623 4447 3671 4499 δέ
3703 4449 3776 4500 ὲση

2377 4538 2781 4609 καταταχθῆναι
2810 4541 2875 4610 τῇ
2905 4538 3165 4610 ἀγγελικῇ
3197 4539 3385 4610 χορείᾳ
3404 4556 3416 4568 ·
3455 4539 3536 4592 καὶ
3560 4540 3646 4608 τὴν
3672 4538 3763 4608 σὴν

2376 4627 2475 4698 χὴν
2514 4630 2583 4698 τῇ
2626 4627 2895 4699 προσϐολῇ
2951 4627 3058 4680 τῶν
3111 4625 3429 4698 πειρασμῶν
3477 4625 3775 4697 ἐκκαθαρθεῇ

2375 4716 2498 4773 Οἴον
2537 4719 2602 4790 δὴ
2638 4719 2731 4773 καὶ
2768 4720 2861 4773 ἐπὶ
2911 4719 3005 4774 τοῦ
3055 4719 3305 4791 Λαζάρου
3354 4718 3578 4785 γενέσθαι
3613 4719 3744 4789 παρὰ

2376 4811 2560 4881 φωνῆς
2590 4811 2682 4865 τοῦ
2718 4814 2919 4881 Κυρίου
2970 4811 3299 4881 ἠκούσαμεν.
3355 4812 3445 4873 Ὃς
3476 4810 3633 4878 ἐπειδὴ
3666 4811 3747 4865 διά

2375 4900 2651 4971 ὑπομονῆς
2682 4900 2789 4954 τῶν
2818 4901 3152 4971 παθημάτων
3180 4902 3307 4971 παρ’
3319 4900 3445 4953 οὸλον
3461 4899 3539 4952 τοῦ
3566 4899 3662 4969 βίον
3687 4900 3743 4953 τὸ
3768 4920 3776 4953 ι

2372 4993 2483 5046 διον
2515 4992 2776 5061 ἐφύλαξεν
2807 4994 2998 5050 ἑαυτὸν
3024 4991 3432 5059 άκατάπτωτον,
3460 4989 3752 5064 διαλυθείσης

1860 5214 1899 5246 ⁸³
1930 5214 1949 5267 l
1981 5214 2109 5285 Reg.
2140 5227 2272 5280 xvu,
2310 5212 2381 5266 22
2410 5228 2529 5284 sqq.

2455 5421 2530 5486 (1)
2561 5419 2807 5487 Νικήσει,
2834 5418 2916 5471 ed.

2453 5492 2528 5553 (τ’.)
2556 5489 2675 5540 Τῶν
2694 5486 2914 5558 χωρῶν,
2952 5486 3038 5540 ed.

2455 5561 2530 5623 (5)
2569 5560 2676 5627 Τήν
2698 5574 2803 5611 om.
2845 5558 2928 5612 ed.

2452 5629 2526 5699 (ι)
2557 5628 2856 5699 Συμϐολήν,
2899 5628 2985 5681 ed.
