4054 6436
512 285 608 341 511

1771 283 1829 339 S.
1871 281 2196 340 GREGORII
2230 283 2526 340 NYSSENI

3648 282 3753 338 513

507 399 769 457 mcmoria
798 398 1344 470 retinuissemus),ob
1373 399 1427 454 id
1471 401 1629 471 quasi
1658 400 1954 456 remedium
1981 400 2079 456 de-

2186 399 2338 454 τοῦτο
2368 401 2444 464 ὡς
2480 401 2895 474 ἀντιφάρμακον
2923 397 3018 454 τοῦ
3056 399 3196 453 κατὰ
3224 398 3322 469 τὴν
3347 396 3516 470 λήθην
3551 397 3754 465 πάθους

508 489 739 560 pellendi
768 491 1017 544 morbum
1046 490 1358 555 oblivionis,
1389 491 1710 561 proponitur
1737 491 1894 548 nobis
1936 506 2076 562 pra:-

505 582 645 650 cepti
677 581 1003 646 recordatio,
1037 583 1198 652 idque
1231 583 1284 636 in
1312 583 1526 637 duobus
1549 583 1792 652 psalmis.

575 694 951 750 Confessionis
970 710 1124 759 voce,
1141 711 1264 750 cum
1289 696 1500 765 psalmo
1524 696 1854 766 praeponitur
1873 694 1942 757 ",
1963 693 2079 749 haec

507 779 798 834 docemur:
819 783 959 836 Cum
987 783 1285 838 secundum
1306 780 1602 854 Scriptura:
1628 785 2076 838 consuetudinem

507 869 702 939 duplex
731 871 802 924 sit
830 872 1154 941 signiﬁcatio
1183 873 1746 932 conlessionis:modo
1774 875 1916 930 enim
1948 890 2076 945 pee-

508 971 779 1026 catorum,
803 976 924 1030 quae
956 961 1299 1027 admisimus,
1349 965 1704 1033 prolationem
1766 967 1928 1022 modo
1959 981 2080 1036 gra-

507 1053 704 1106 tiarum
746 1055 1015 1107 actionem
1061 1054 1326 1123 signiﬁcat
1351 1073 1366 1110 :
1392 1056 1479 1110 hic
1512 1063 1740 1128 utroque
1776 1059 2076 1129 signiﬁcatu

506 1143 574 1196 ad
605 1143 768 1196 vitam
800 1159 862 1198 ex
893 1145 1092 1198 virtute
1122 1146 1383 1216 agendam
1414 1149 1864 1216 manuducimur;
1909 1151 2082 1220 prola-

507 1235 584 1286 tio
611 1235 752 1290 enim
789 1243 1135 1303 peccatorum
1165 1245 1384 1307 separat
1431 1254 1528 1294 nos
1567 1247 1620 1294 et
1649 1240 1868 1296 abducit
1899 1256 1928 1294 a
1964 1256 2081 1294 ma.-

509 1324 611 1389 lis,
673 1324 1024 1395 studiumque
1083 1337 1331 1396 prompte
1387 1329 1580 1398 agendi
1634 1330 1872 1399 gratias,
1920 1340 2080 1400 auget

508 1416 670 1468 etiam
720 1417 950 1485 gratiam
1002 1425 1056 1472 et
1101 1417 1526 1473 benevolentiam
1557 1421 1920 1477 bcnefactoris
1946 1437 2074 1492 erga

508 1505 632 1558 illos
657 1505 747 1575 qui
781 1505 1040 1561 beneﬁcia
1067 1507 1292 1560 memori
1327 1516 1381 1562 et
1403 1520 1554 1579 grata
1577 1521 1758 1567 mente
1790 1515 2075 1582 recipiunt.

508 1593 757 1652 Psalmus
818 1597 982 1668 igitur
1034 1599 1122 1652 cui
1174 1599 1386 1662 titulus,
1447 1601 1550 1655 cln
1600 1603 2019 1668 confessionem,
2055 1623 2073 1656 ι

508 1686 654 1740 hunc
689 1688 742 1741 in
774 1689 990 1742 modum
1023 1693 1338 1761 propositus
1371 1701 1474 1760 est,
1531 1702 1589 1748 ut
1637 1694 1682 1750 si
1729 1695 1938 1767 peccati
1968 1710 2077 1749 mc-

509 1777 683 1831 moria
720 1790 770 1833 te
798 1788 979 1850 angat,
1011 1783 1345 1851 pcenilentiae
1381 1785 1744 1855 expiationem
1796 1787 1895 1842 tibi
1951 1802 2078 1843 sua-

509 1869 666 1934 deat;
697 1871 841 1939 quod
870 1873 913 1926 si
947 1873 1013 1926 ad
1051 1874 1100 1928 id
1135 1876 1279 1946 quod
1317 1878 1512 1933 melius
1544 1888 1645 1944 est,
1679 1878 1788 1933 vita
1817 1879 2003 1934 tendat
2029 1889 2083 1935 et

509 1959 789 2029 proﬁciat,
854 1964 1050 2020 stabile
1108 1967 1207 2022 tibi
1260 1967 1584 2038 ﬁrmumque
1637 1985 1732 2039 per
1783 1971 2081 2040 gratiarum

511 2052 780 2106 actionem
805 2053 870 2106 ad
890 2053 1058 2110 Deum
1091 2063 1199 2111 tam
1231 2070 1477 2113 sanctum
1501 2061 1838 2128 propositum
1865 2060 2078 2115 elliciat.

588 2181 607 2212 ‹
638 2161 804 2217 Tituli
832 2183 849 2215 ι
889 2181 983 2220 seu
1045 2185 1062 2218 ι
1101 2169 1367 2224 columna:
1403 2171 1712 2242 inscriptio,
1739 2192 1757 2224 ι
1792 2181 1845 2228 et
1902 2173 2033 2229 illud
2063 2194 2078 2230 :

517 2269 534 2300 ι
575 2251 650 2306 Ne
681 2269 1001 2326 corrumpas
1034 2277 1046 2311 :
1081 2277 1099 2310 ι
1133 2258 1247 2314 sive
1299 2261 1658 2330 conjunctitn,
1709 2263 1824 2318 sive
1868 2278 2082 2334 separa-

513 2343 608 2395 tim
641 2345 913 2414 aliquibus
945 2349 1171 2417 psalmis
1207 2351 1601 2415 inscribantur,
1629 2354 1917 2409 consilium
1947 2369 2081 2408 eon-

513 2433 686 2488 tinent
736 2438 1005 2493 sectanda:
1039 2440 1502 2509 longanimitatis;
1546 2443 1675 2498 illud
1717 2444 1858 2499 enim
1898 2465 1910 2499 :
1962 2464 1979 2496 ι
2005 2444 2083 2501 Ne

513 2540 851 2598 corrumpas,
883 2549 901 2580 ι
939 2531 1159 2587 Davidis
1199 2549 1297 2588 vox
1345 2545 1448 2603 est,
1485 2538 1823 2607 prohibentis
1849 2539 2082 2610 armige-

513 2631 656 2682 rum,
686 2634 753 2672 ne
781 2621 1013 2676 trucidet
1045 2619 1280 2678 Saulem.

582 2731 649 2782 At
677 2748 696 2780 ι
736 2732 876 2786 tituli
911 2753 930 2785 ι
962 2749 1058 2790 seu
1093 2753 1112 2786 ι
1144 2737 1409 2792 columnae
1436 2737 1742 2808 inscriptio,
1779 2758 1800 2791 ι
1836 2740 2084 2795 hortatur

514 2818 828 2888 hujusmodi
854 2839 1064 2890 vocem,
1103 2827 1155 2881 in
1210 2829 1492 2892 memoria,
1527 2831 1672 2885 velut
1715 2833 1772 2886 in
1829 2833 2082 2888 columna

513 2912 850 2968 incidendam
876 2932 1018 2983 esse,
1056 2927 1115 2973 ut
1144 2928 1196 2973 et
1237 2920 1290 2974 in
1332 2922 1601 2979 similibus
1643 2924 1824 2989 rebus,
1867 2926 1914 2980 si
1960 2927 2083 2994 quis

514 3018 676 3059 casus
706 3006 771 3060 ad
804 3008 1061 3064 ultionem
1089 3011 1208 3080 ejus
1243 3013 1335 3081 qui
1373 3029 1473 3069 nos
1509 3015 1884 3079 contristavit,
1932 3017 2081 3071 exci-

514 3103 627 3160 tet,
683 3098 1009 3168 cogitatione
1066 3105 1378 3158 mandatum
1439 3107 1570 3161 illud
1631 3108 1832 3162 caedem
1892 3088 2152 3164 vetans“

518 3188 843 3256 relegamus,
875 3208 1049 3262 eoque
1090 3195 1154 3248 ad
1187 3197 1500 3264 patientiam
1541 3205 1596 3251 et
1621 3199 2082 3267 longanimitatem

519 3276 781 3345 impetum
815 3281 980 3333 animi
1021 3281 1392 3340 deﬁectamus.
1446 3287 1858 3342 Accuratiorem
1905 3297 2086 3345 autem

521 3367 715 3421 horum
778 3371 1018 3425 omnium
1076 3375 1493 3444 explicationem
1555 3378 1908 3436 instituemus
1959 3389 2088 3437 tunc

518 3474 641 3510 cum
669 3459 734 3512 ad
765 3461 1098 3532 reliquarum
1142 3466 1559 3536 inscriptionum
1593 3469 2085 3526 considerationem

518 3547 861 3606 redierimus.

1117 3750 1346 3806 CAPUT
1392 3751 1501 3808 VII.

591 3923 1000 3994 Dispiciendum
1024 3929 1167 3984 enim
1192 3947 1338 3988 nunc
1361 3941 1464 3999 est,
1497 3951 1659 4004 quam
1685 3938 1959 3996 notionem
1985 3956 2088 3995 vox

526 4033 546 4064 σ
573 4016 798 4070 Alleluia
830 4036 848 4068 ι
893 4018 1190 4086 subjectam
1227 4021 1461 4088 habeat;
1503 4042 1623 4095 quae
1646 4029 1834 4085 multis
1869 4031 2090 4099 psalmis

520 4107 640 4161 loco
658 4108 1027 4178 inscriptionis
1049 4115 1402 4182 praeponitur.
1421 4116 1518 4170 Est
1535 4117 1698 4186 igitur
1719 4139 1737 4170 ι
1758 4120 1991 4175 Alleluia
2010 4122 2083 4174 “t

519 4201 743 4270 mystica
779 4202 1102 4268 cohortatio,
1135 4203 1200 4258 ad
1246 4204 1435 4260 laudes
1467 4205 1562 4261 Dei
1595 4207 1966 4265 decantandas
1995 4226 2092 4264 au-

518 4289 747 4346 ditorem
779 4295 1054 4358 excitans,
1091 4305 1149 4349 ut
1181 4297 1410 4365 proinde
1449 4297 1590 4353 idem
1631 4301 1703 4356 sit
1734 4303 1854 4370 ejus
1885 4303 2091 4373 signiﬁ-

519 4390 719 4446 catum,
744 4385 885 4453 quod
906 4404 924 4436 ι
945 4385 1184 4441 Laudate
1211 4386 1519 4444 Dominum.
1547 4408 1565 4442 ι
1583 4389 1716 4445 Nam
1746 4393 1835 4447 ubi
1861 4393 1915 4446 in
1945 4393 2090 4448 Scri-

519 4485 677 4543 ptura
719 4475 832 4529 hzec
858 4491 963 4529 vox
993 4476 1222 4532 habetur
1256 4496 1268 4531 :
1307 4497 1325 4530 ι
1365 4477 1605 4535 Laudate
1633 4480 1980 4556 Dominum,»
2007 4483 2088 4540 ibi

523 4565 783 4621 llebraice
812 4583 906 4635 per
932 4585 950 4617 ι
971 4567 1200 4622 Alleluia
1232 4588 1250 4620 ι
1285 4569 1426 4625 idem
1448 4572 1803 4642 exprimitur:
1825 4575 1926 4629 nisi
1957 4574 2092 4630 forte

518 4658 742 4709 verbum
791 4657 893 4710 hoc
926 4659 1096 4728 magis
1138 4675 1388 4728 superna:
1433 4663 1580 4717 illius
1622 4665 1934 4732 psalmodize
1981 4666 2089 4719 vim

519 4745 854 4810 manifestat,
882 4748 1131 4806 indicans
1174 4753 1320 4806 illam
1360 4770 1482 4810 esse
1527 4755 1739 4812 laudem
1778 4757 1890 4812 Dei.
1928 4757 2089 4814 Varie

521 4839 663 4892 enim
697 4839 838 4908 apud
873 4838 1126 4898 Hebraeos
1147 4844 1410 4912 quosdam
1437 4861 1504 4900 ex
1531 4847 1763 4903 diversis
1787 4849 2088 4916 vocabulis,

521 4936 574 4980 ct
605 4929 778 4998 ipsum
815 4949 832 4980 ι
865 4933 937 4996 ia,
967 4951 984 4982 ι
1026 4934 1311 5004 ipsumque
1344 4956 1362 4988 ι
1391 4939 1572 5003 allelu,
1605 4959 1622 4992 ι
1661 4942 1872 4997 laudem
1915 4945 2087 5014 signi-

523 5019 704 5074 ﬁcant.
736 5019 920 5090 Neque
951 5022 1164 5080 mireris
1192 5027 1234 5080 si
1265 5028 1328 5094 is,
1350 5029 1442 5098 qui
1472 5042 1652 5087 rectus
1677 5049 1839 5090 casus
1865 5033 2084 5099 dicitur,

525 5109 832 5181 huiusmodi
863 5113 934 5169 sit
964 5115 1017 5169 in
1043 5115 1146 5171 hoc
1171 5119 1462 5186 vocabulo;
1498 5137 1605 5177 non
1629 5124 1772 5178 enim
1805 5139 1953 5182 more
1985 5141 2087 5182 no.-

584 5289 628 5324 “
677 5291 818 5349 Psal.
855 5307 1000 5358 xcrx,
1041 5295 1090 5347 1.
1166 5295 1210 5326 “
1239 5294 1379 5352 Psal.
1405 5311 1491 5364 cx,
1519 5311 1626 5364 cxi,
1656 5306 1760 5353 etc.

599 5453 710 5522 (15)
740 5452 841 5506 Καί
871 5454 995 5511 add.
1019 5457 1104 5512 ed.

599 5525 711 5592 (14)
745 5525 842 5577 Διά
869 5542 976 5579 om.
1017 5528 1104 5582 ed.

595 5595 708 5732 (15)
755 5596 1208 5666 Ἐφευρίσκονται,
1234 5599 1318 5654 cd.

627 5666 709 5732 16)
747 5665 851 5718 Τοῦ
879 5667 1002 5721 add.
1037 5669 1120 5722 ed.

627 5666 709 5734 16)
747 5665 851 5718 Τοῦ
879 5667 1002 5721 add.
1037 5669 1120 5722 ed.

2176 491 2274 564 τὴν
2303 492 2606 563 ἀνάμνησιν
2631 493 2728 562 τῆς
2752 492 2990 562 ἐντολῆς,
3016 493 3045 544 ό
3073 491 3228 560 λόγος
3256 490 3384 561 ἡμῖν
3419 490 3751 559 ὑποτίθεται,

2179 583 2234 634 ὲν
2265 581 2358 634 δύο
2385 581 2722 652 ψαλμφδίαις
2753 580 2910 635 τοῦτο
2939 581 3126 635 ποιῶν.

2261 689 2349 742 Ἐν
2374 683 2452 752 οἷς
2478 689 2534 742 δὲ
2562 691 2594 760 ἡ
2623 689 3006 762 ἐξομολόγησις
3032 690 3372 762 πρόσκειται,
3405 688 3575 744 ταῦτα
3601 690 3758 762 παρὰ

2178 780 2276 851 τῆς
2304 781 2485 851 φωνῆς
2505 781 2884 852 διδασκόμεθαο
2907 781 3109 853 Διπλῆς
3136 780 3303 851 οὐσης
3325 781 3381 832 ὲν
3408 784 3475 852 τῇ
3501 781 3752 852 Γραφικῇ

2181 874 2456 945 συνηθείᾳ,
2485 875 2584 944 τῆς
2624 875 2764 928 κατὰ
2805 876 2904 944 τὴν
2932 872 3314 944 ἐξομολόγησιν
3345 873 3634 944 σημασίας,
3659 873 3757 926 καὶ

2182 961 2276 1014 νῦν
2319 962 2416 1032 μὲν
2448 956 2542 1026 τὴν
2580 959 2952 1031 ὲξαγόρευσιν,
2986 958 3141 1025 αὖθις
3177 961 3234 1014 δὲ
3258 961 3357 1032 τὴν
3403 961 3756 1031 εὐχαριστίαν

2181 1050 2623 1122 ἐνδεικνυμένηςσ
2668 1051 2898 1106 ἐνταῦθα
2925 1051 3043 1104 κατ’
3066 1051 3382 1122 ἀμφοτέρας
3416 1051 3514 1115 τὰς
3546 1051 3756 1114 ἐννοίας

2183 1141 2317 1210 πρὸς
2361 1141 2450 1198 τὸν
2496 1145 2614 1196 κατ’
2645 1145 2844 1214 ἀρετὴν
2889 1144 3002 1213 βίον
3051 1143 3552 1215 χειραγωγούμεθα.
3579 1145 3654 1197 Ἥ
3690 1161 3756 1196 τε

2180 1233 2287 1305 γὰρ
2320 1232 2667 1304 ὲξαγόρευσις
2702 1235 2976 1305 χωρισμόν
3018 1252 3080 1288 τε
3131 1235 3226 1288 καὶ
3265 1234 3755 1306 ἀλλοτρίωσιν·τῶν

2180 1323 2364 1377 κακῶν
2389 1324 2788 1394 ἀπεργάζεται,
2820 1325 2880 1378 τό
2934 1345 2995 1381 τε
3054 1329 3190 1392 πρὸς
3234 1329 3342 1398 (τὴν
3395 1326 3754 1394 εὐχαριστίαν

2181 1412 2458 1483 πρόθυμον
2495 1414 2776 1478 πλεονάζει
2812 1413 2944 1483 (15)
2986 1413 3084 1484 τὴν
3131 1415 3280 1484 παρὰ
3325 1413 3417 1466 τοῦ
3463 1413 3756 1483 εὐεργέτου

2180 1506 2338 1576 χάριν
2378 1507 2468 1559 ἐπὶ
2513 1507 2619 1560 τῶν
2656 1506 2989 1577 εὐαισθήτως
3031 1506 3332 1577 δεχομένων
3360 1505 3456 1569 τὰς
3486 1504 3754 1566 εὐποιίας.

2183 1597 2470 1666 Πρόκειται
2494 1593 2584 1651 οὖν
2610 1600 2637 1651 ό
2657 1598 2868 1669 ψαλμὸς
2890 1617 2908 1649 ι
2934 1599 3026 1660 Εἰς
3050 1597 3429 1668 ἐξομολόγησιν
3453 1616 3470 1648 ι
3491 1595 3680 1657 οὑτως,
3703 1597 3758 1648 εί

2185 1689 2281 1759 μέν
2305 1707 2388 1753 τις
2411 1689 2682 1760 ἁμαρτίας
2709 1689 3012 1760 ὑποσμύχει
3042 1706 3097 1742 σε
3127 1691 3336 1759 μνήμη,
3372 1685 3759 1757 συμϐουλεύων

2181 1779 2242 1832 τὸ
2263 1780 2352 1833 διὰ
2375 1781 2486 1852 (14)
2511 1781 2610 1851 τῆς
2643 1782 2927 1851 μετανοίας
2969 1781 3282 1850 καθάρσιον.
3309 1781 3370 1832 El
3409 1779 3466 1832 δέ
3501 1796 3583 1831 σοι
3616 1779 3759 1849 πρὸς

2181 1873 2241 1926 τὸ
2265 1876 2509 1945 κρεῖττον
2552 1873 2822 1926 εὐοδοῦται
2857 1874 2885 1925 ὁ
2933 1872 3066 1942 βίος,
3099 1871 3318 1942 βεϐαίαν
3363 1888 3442 1924 σοι
3487 1872 3628 1923 ποιεῖ
3664 1869 3758 1923 διὰ

2181 1968 2278 2038 τῆς
2323 1966 2458 2039 πρὸς
2497 1966 2559 2018 τὸ
2591 1966 2741 2019 Θεῖον
2772 1963 3119 2037 εὐχαριστίας
3168 1963 3267 2035 τὴν
3311 1962 3518 2017 ἀμείνω
3563 1962 3761 2033 προαί-

2184 2075 2243 2129 ρε
2251 2076 2355 2114 σιν.

2264 2173 2327 2226 ’11
2359 2173 2414 2226 δὲ
2441 2191 2460 2225 ι
2491 2173 2887 2244 Στηλογραφία,
2925 2192 2943 2224 ι
2976 2171 3072 2226 καὶ
3103 2169 3162 2224 τδ
3198 2189 3217 2222 ι
3245 2170 3337 2242 Μὴ
3365 2167 3700 2240 διαφθείρῃς,
3733 2186 3755 2220 ι

2183 2258 2290 2312 εἴτε
2325 2262 2441 2330 μετ’
2475 2260 2738 2330 ἀλλήλων,
2780 2260 2890 2313 εἴτε
2920 2259 3338 2330 κεχωρισμένως
3370 2257 3480 2310 τισὶ
3501 2256 3608 2311 τῶν
3637 2259 3762 2309 ἐπι-

2183 2351 2408 2420 γραφῶν
2437 2351 2810 2421 ὲφευρίσκοιτο
2845 2351 2976 2421 (15),
3007 2349 3309 2421 συμϐουλὴν
3339 2349 3465 2419 περὶ
3491 2348 3587 2418 τῆς
3616 2347 3760 2400 κατὰ

2180 2443 2276 2513 τὴν
2315 2442 2691 2513 μακροθυμίαν
2737 2443 2941 2512 ἀρετῆς
2986 2442 3316 2513 περιέχουσι.
3348 2441 3421 2493 Τὸ
3456 2439 3563 2511 γὰρ
3607 2458 3625 2490 ι
3662 2439 3759 2510 Μὴ

2181 2531 2514 2604 διαφθείρῃς,
2546 2552 2562 2583 ι
2597 2531 2691 2584 τοῦ
2719 2533 2878 2586 Δαυῒδ
2909 2535 3053 2585 ἐστιν
3082 2535 3115 2602 ἡ
3143 2532 3313 2601 φωνὴ,
3344 2530 3638 2594 κωλύοντος
3664 2530 3760 2583 τὸν

2183 2621 2528 2692 ὑπασπιστὴν
2555 2621 2862 2692 χρήσασθαι
2893 2620 3034 2675 κατὰ
3055 2621 3163 2691 (16)
3195 2619 3365 2674 Σαοὺλ
3390 2622 3456 2690 τῇ
3483 2619 3683 2690 πληγῇ.

2264 2736 2326 2788 'H
2340 2735 2395 2788 δὲ
2422 2736 2520 2806 τῆς
2541 2755 2560 2787 ι
2585 2734 2994 2806 Στηλογραφίας
3019 2755 3037 2786 ι
3063 2735 3286 2802 διάνοια,
3306 2735 3366 2788 τὸ
3380 2734 3489 2789 δεῖν
3511 2731 3620 2788 οἶόν
3651 2752 3759 2788 τινι

2186 2827 2351 2899 στήλῃ
2408 2827 2486 2897 τῷ
2545 2826 2858 2898 μνημονικῷ
2909 2831 3008 2898 τῆς
3051 2828 3227 2899 ψυχῆς
3277 2827 3763 2898 ἐγκεχαραγμένην

2183 2918 2327 2989 ἔχειν
2372 2921 2470 2992 τὴν
2513 2920 2767 2991 τοιαύτην
2817 2920 3021 2992 φωνὴν,
3061 2920 3137 2984 ὡς
3184 2920 3250 2974 ἂν
3293 2920 3385 2973 ἐπὶ
3422 2919 3530 2972 τῶν
3555 2919 3764 2987 ὁμοίων

2186 3009 2544 3080 πραγμάτων,
2579 3011 2632 3063 εἰ
2667 3026 2742 3072 τις
2770 3009 3083 3078 περίστασις
3117 3009 3253 3079 πρὸς
3281 3008 3378 3078 τὴν
3406 3006 3498 3061 τοῦ
3527 3005 3765 3074 λελυπημ-

2187 3101 2340 3164 κότος
2385 3101 2596 3170 ἄμυναν
2621 3101 2713 3155 τὸν
2757 3101 2924 3170 θυμὸν
2959 3099 3117 3170 ἡμῶν
3149 3099 3548 3170 διαναστήσειεν
3569 3138 3585 3163 ,
3623 3098 3762 3150 ἀνα-

2185 3190 2539 3259 γινώσκοντες
2592 3194 2658 3262 τῇ
2708 3192 2914 3262 διανοίᾳ
2962 3191 3036 3244 τδ-
3089 3189 3384 3244 κωλυτικδν
3437 3187 3532 3242 τοῦ
3595 3187 3762 3256 φόνου

2187 3284 2531 3354 πρόσταγμα,
2571 3284 2666 3337 καὶ
2713 3285 2866 3338 αὐτοὶ
2899 3282 3009 3354 (17)
3054 3283 3190 3354 πρὸς
3244 3280 3623 3353 μακροθυμίαν
3665 3278 3763 3332 τὸν

2188 3371 2354 3442 θυμὸν
2415 3373 2856 3443 κατευνάσωμεν.
2921 3370 3327 3442 Ἀκριϐέστερον
3381 3370 3438 3422 δὲ
3493 3369 3582 3422 τὸν
3630 3369 3764 3436 περὶ

2186 3461 2389 3513 τούτων
2423 3460 2533 3530 (18)
2566 3461 2722 3529 λόγον
2753 3463 2834 3524 είς
2873 3455 3028 3524 αὖθις
3069 3459 3455 3529 διαληψόμεθα,
3484 3457 3619 3526 πρὸς
3659 3456 3766 3525 τὴν

2188 3550 2294 3602 τῶν
2324 3550 2522 3604 λοιπῶν
2553 3549 2872 3623 ἐπιγραφῶν
2904 3550 3135 3619 θεωρίαν
3163 3546 3649 3620 ὲπαναδραμόντες.

2728 3764 3122 3821 ΚΕΦΑΛΑΙΟΝ
3159 3767 3230 3820 Z'.

2260 3942 2378 4013 Χρὴ
2410 3941 2518 4013 γὰρ
2546 3942 2638 3995 καὶ
2682 3940 2743 3994 τὸ
2776 3959 2795 3993 ι
2831 3941 3171 4011 Ἀλληλούῖα,
3201 3959 3220 3993 t
3251 3941 3278 3994 ὅ
3307 3939 3360 3992 τί
3392 3955 3517 3992 ποτε
3555 3939 3766 4008 σημαί-

2190 4051 2288 4100 νει,
2312 4035 2660 4104 κατανοῆσαι.
2687 4036 2823 4104 ὅπερ
2853 4033 3063 4097 πολλοῖς
3097 4034 3203 4086 τῶν
3226 4032 3453 4102 ψαλμῶν
3481 4032 3767 4102 ὲπιγραερὴ

2189 4125 2580 4194 γίνεται.”Εστι
2603 4128 2780 4178 τοίνυν
2807 4126 2868 4179 τὸ
2903 4145 2921 4177 ι
2951 4125 3283 4196 Ἀλληλούῖα,
3309 4143 3328 4178 ι
3368 4123 3769 4204 παρακέλευσις

2193 4217 2447 4288 μυστικὴ,
2478 4218 2613 4288 ⁸πρὸς
2645 4219 2741 4288 τὴν
2767 4218 2859 4272 τοῦ
2885 4217 3016 4271 Θεοῦ
3045 4217 3313 4289 ὑμνῳδίαν
3338 4217 3434 4287 τὴν
3467 4218 3634 4288 ἀκοὴν
3659 4219 3767 4270 ὲπ·

2190 4308 2496 4377 εγείρουσα,
2516 4307 2604 4361 ἵνα
2618 4305 2905 4381 τοιοῦτον
2926 4309 3116 4361 τούτου
3133 4309 3242 4378 (19)
3267 4308 3326 4361 τὸ
3347 4307 3767 4378 σημαινόμενον,

2191 4397 2271 4449 ὃτι
2315 4417 2333 4448 ι
2367 4398 2573 4450 Αἰνεῖτε
2617 4397 2706 4451 τὸν
2748 4397 2980 4469 Κύριονο
3015 4417 3032 4448 ι
3073 4399 3131 4451 ὲν
3167 4393 3248 4462 οἷς
3285 4399 3392 4470 γὰρ
3435 4397 3624 4469 μέρεσι
3663 4399 3770 4469 τῆς

2194 4488 2352 4554 ἁγίας
2404 4488 2624 4559 Γραφῆς
2666 4487 2802 4561 αὕτη
2856 4489 3174 4560 πρόσκειται
3214 4491 3248 4560 ὴ
3291 4490 3440 4560 φωνὴ
3487 4489 3724 4556 λέγουσα
3749 4530 3767 4552 ,

2198 4597 2217 4629 ι
2243 4579 2451 4631 Αἰνεῖτε
2483 4579 2575 4632 τὸν
2603 4579 2824 4652 Κύριον,
2851 4599 2869 4632 ι
2899 4579 2985 4634 διὰ
3013 4581 3104 4634 τοῦ
3131 4600 3149 4633 ι
3171 4579 3484 4652 Ἀλληλούῖα
3509 4599 3527 4630 ι
3558 4582 3615 4632 ἐν
3641 4581 3772 4643 ταῖς

2205 4669 2514 4740 Ἑϐραϊκαῖς
2546 4675 2784 4741 γραφαῖς
2813 4672 2874 4724 τὸ
2904 4672 3142 4726 τοιοῦτον
3175 4672 3591 4743 σημαίνεται.Ἦ
3622 4673 3770 4741 τάχα

2195 4759 2391 4829 μᾶλλον
2417 4762 2669 4832 γνωρίζει
2705 4765 2733 4815 ό
2764 4762 2920 4832 λόγος
2949 4758 3100 4827 οὗτος
3126 4765 3224 4835 τῆς
3255 4762 3614 4834 ὑποκειμένης
3647 4761 3765 4832 (20)

2190 4851 2505 4923 ψαλμῳδίας
2552 4855 2650 4926 τὴν
2706 4854 2949 4927 δύναμιν,
2996 4855 3166 4925 λέγων
3215 4856 3380 4926 αὐτὴν
3427 4853 3570 4909 αἶνον
3622 4851 3771 4909 εἶναι

2193 4945 2347 4998 Θεοῦ.
2395 4947 2660 5011 Ποικίλως
2707 4947 2816 5018 γὰρ
2851 4949 2924 5002 ,ὲκ
2966 4948 3232 5021 διαφόρων
3296 4947 3571 5017 ὀνομάτων
3624 4949 3775 5003 κατά

2191 5053 2310 5090 τινα
2339 5037 2668 5109 συμϐολικὴν
2699 5040 2973 5108 σημασίαν
3014 5040 3113 5110 τῆς
3155 5040 3302 5104 θείας
3337 5041 3546 5110 φύσεως
3574 5039 3776 5111 δηλου-

2197 5129 2360 5201 μένης
2412 5115 2474 5183 ὲν
2511 5133 2630 5193 ταῖς
2664 5129 2930 5202 Ἐϐραίων
2961 5135 3197 5201 φωναῖςο
3235 5132 3292 5186 ἓν
3337 5131 3445 5186 τῶν
3495 5147 3776 5204 σημαντιο

2269 5461 2382 5528 (17)
2404 5460 2509 5542 Kal}
2541 5457 2720 5580 αὐτοὶ(
2747 5457 2906 5529 αὐτῇ,
2939 5458 3025 5514 ed.

2269 5531 2378 5580 (18)
2404 5529 2608 5580 Τουτου
2656 5545 2702 5580 et
2729 5567 2741 5580 .

2268 5531 2378 5596 (18)
2404 5529 2608 5581 Τούτου
2656 5529 2741 5580 ed.

2269 5600 2379 5664 (tu)
2420 5599 2609 5656 Τοῦτο,
2640 5597 2725 5650 ed.

2267 5667 2379 5738 (20)
2416 5665 2864 5739 ’Υπερκειμένης,
2886 5667 2971 5722 ed.
