4054 6436
348 237 434 294 513
1679 229 1748 286 ΙΝ
1789 229 2125 289 PSALMOS.

3450 237 3554 292 5H

346 355 440 410 κῶν
468 349 574 422 περὶ
604 348 739 402 Θεοῦ
787 348 1064 419 ὀνομάτων
1106 348 1255 420 παρὰ
1291 348 1562 421 Ἑϐραίοις
1594 353 1728 420 φησὶ
1773 351 1884 422 (21)

1991 361 2104 407 stro
2132 349 2432 406 formantur
2464 350 2606 420 apud
2645 350 2900 408 Hebraeos
2943 351 3204 419 nomina;
3237 349 3332 408 sed
3375 350 3556 407 diver-

344 444 422 498 καὶ
441 442 493 495 τὺ
513 461 530 493 ι
550 440 625 505 ία,
653 459 672 492 ι
694 440 754 494 τὸ
774 441 830 494 δὲ
847 439 957 511 (22)
987 458 1006 490 ι
1040 439 1289 510 Ἀλληλοῦ
1323 459 1340 492 ι
1377 437 1523 504 αἶνος
1535 445 1751 498 νοεῖται.
1775 444 1886 497 Καὶ

345 535 407 605 μὴ
430 531 711 602 θαυμάσῃς,
739 531 788 584 εί
822 531 920 601 τὴν
957 531 1256 602 λεγομένην
1301 532 1513 585 εὐθεῖαν
1540 533 1597 586 ὲν
1627 536 1694 604 τῇ
1737 533 1884 587 πτώ-

340 645 407 680 σει
435 624 515 678 τοῦ
542 623 802 692 ὀνόματος
832 623 890 676 τὸ
917 623 1155 677 τοιοῦτον
1182 623 1366 694 σχῆμα
1397 625 1496 694 τῆς
1536 625 1718 695 φωνῆς
1751 625 1887 678 ταύ-

337 735 418 788 της
463 716 803 770 ἐνδείκνυται.
843 715 917 768 Ού
948 715 1057 787 γὰρ
1097 713 1232 785 πρὸς
1273 716 1372 787 τὴν
1412 716 1542 787 παρ’
1581 719 1714 787 ἡμῖν
1765 734 1888 769 συν-

333 811 494 881 ήθειαν
514 807 774 861 τυπώται
801 809 893 860 καὶ
920 807 1070 877 παρὰ
1097 810 1208 870 τοῖς
1245 807 1515 878 Ἑϐραίοις
1544 806 1613 860 τὰ
1647 811 1885 879 ῥήματα,

334 901 427 953 ἀλλ’
450 898 628 968 ἕτερος
655 898 824 962 τύπος
866 899 964 970 τῆς
999 901 1124 970 παρ’
1165 900 1346 962 αὐτοῖς
1382 900 1740 969 ὲκφωνήσεως
1781 899 1888 951 τῶν

330 991 578 1060 ὀνομάτων
628 988 782 1059 παρὰ
826 989 918 1044 τὸν
975 990 1262 1062 ἡμέτερον.
1314 989 1470 1043 Οὕτω
1517 988 1647 1056 γοῦν
1695 989 1754 1042 τὸ
1793 987 1888 1042 τοῦ

330 1083 578 1152 προφήτου
605 1081 796 1151 ὄνομα,
825 1083 987 1152 ἡμεῖς
1033 1081 1132 1151 μὲν
1179 1080 1318 1134 κατὰ
1351 1081 1440 1133 τὸν
1483 1079 1614 1152 παρ’
1640 1082 1768 1150 ἡμῖν
1794 1079 1889 1133 τύ-

330 1191 412 1226 πον
458 1171 913 1243 ἐξελληνίζοντες,
952 1190 970 1222 ι
1002 1171 1186 1225 Ἠλίαν
1223 1191 1241 1222 ι
1277 1171 1476 1241 φαμέν.
1530 1171 1592 1223 Ἠ
1643 1170 1700 1222 δὲ
1760 1173 1890 1240 παρ’

338 1261 582 1333 Ἑϐραίοις
610 1262 912 1331 εύγλωττία
945 1263 1043 1332 τὴν
1064 1261 1277 1315 εὐθεῖαν
1304 1258 1399 1315 τοῦ
1425 1261 1687 1331 ὀνόματος
1709 1257 1888 1312 Ἥλιοῦ

327 1353 473 1423 λέγει.
507 1353 691 1419 Οὕτως
740 1349 832 1407 οὖν
880 1353 974 1407 καὶ
1012 1353 1266 1416 ἐνταῦθα,
1305 1354 1434 1407 ὅταν
1469 1354 1580 1422 (25)
1624 1353 1713 1406 τὸν
1743 1347 1890 1406 αἶνον

327 1445 399 1496 ἐπ’
417 1444 623 1508 εὐθείας
646 1443 903 1507 πτώσεως
931 1445 1169 1515 σημᾶναι
1194 1444 1462 1514 βούλεται,
1483 1443 1590 1496 τῶν
1626 1443 1890 1514 Ἑϐραίων

327 1535 353 1603 ἡ
404 1534 605 1602 γλῶττα
637 1553 655 1586 ι
691 1534 945 1606 Ἀλληλοῦ
1005 1534 1119 1604 (24)
1164 1553 1183 1586 ι
1244 1534 1624 1606 κατονομάζει.
1675 1535 1888 1606 Ἐπειδὴ

326 1629 373 1682 δλ
399 1628 497 1697 (25)
522 1629 550 1680 ὁ
576 1624 731 1692 αἶνος
771 1630 850 1692 είς
875 1628 1004 1682 Θεδν
1049 1627 1268 1691 πάντως
1301 1626 1400 1701 τὴν
1442 1629 1720 1701 ἀναφορὰν
1753 1631 1886 1701 ἔχει,

329 1721 376 1772 τὸ
401 1719 449 1772 δὲ
475 1739 491 1770 ι
523 1720 576 1772 τα
607 1738 627 1770 ι
663 1718 720 1772 ἒν
762 1718 869 1772 τῶν
918 1718 1328 1790 ὲρμηνευτικῶν
1361 1719 1460 1790 τῆς
1497 1719 1644 1784 θείας
1678 1721 1889 1790 φύσεώς

327 1812 449 1862 ἐστιν
473 1809 667 1879 ὄνομα,
695 1809 813 1862 ὅλον
839 1811 990 1880 κοινῇ
1022 1809 1083 1861 τὺ
1122 1828 1140 1860 ι
1178 1809 1493 1880 Ἀλληλούῖα
1524 1829 1542 1861 ι
1573 1807 1723 1874 α’ίνος
1751 1812 1883 1866 Θεοῦ

327 1900 684 1969 ἑρμηνεύεται.
717 1900 885 1952 Ὅταν
941 1899 1123 1951 τοίνυν
1173 1898 1330 1952 τοῦτο
1387 1899 1448 1953 τὸ
1490 1898 1640 1971 ῥῆμα
1692 1918 1890 1971 προγε-

327 1989 612 2058 γραμμένον
752 1987 854 2056 τῆς
903 1988 1245 2058 ψαλμῳδίας,
1301 1987 1519 2058 νοητέον
1571 1989 1636 2042 ἂν
1677 1990 1782 2061 εἴη,
1832 1990 1892 2044 τὸ

326 2076 415 2130 δεῖν
461 2079 682 2141 πάντως
730 2077 789 2130 τὸ
814 2079 1169 2147 ὑποκείμενον
1213 2079 1293 2140 είς
1341 2078 1644 2148 δοξολογίαν
1689 2082 1892 2150 ἁναγα.⁴

327 2171 420 2235 γεῖν
449 2168 555 2237 (26)
583 2167 750 2221 Θεοῦ.
780 2167 936 2221 Οὕτω
964 2185 1046 2220 τοι
1090 2169 1185 2221 καὶ
1221 2171 1332 2232 τοῖς
1377 2169 1705 2233 τελευταίοις
1736 2171 1893 2242 μάλι-

332 2275 414 2310 στα
439 2257 532 2326 τῆς
559 2257 754 2328 βίϐλου
785 2257 892 2310 τῶν
922 2256 1153 2326 ψαλμῶν
1181 2259 1236 2311 αἱ
1270 2257 1460 2312 πολλα).
1489 2257 1597 2314 τῶν
1638 2261 1892 2315 τοιούτων

326 2347 615 2419 ἐπιγραφῶν
667 2346 1103 2417 ἐφευρίσκονται,
1142 2347 1208 2400 δι’
1245 2340 1320 2400 ὧν
1364 2347 1512 2400 ἔστιν
1549 2349 1768 2415 ἐννοεῖν,
1809 2352 1891 2405 ὅτι

326 2440 417 2500 τοῖς
442 2437 534 2508 ήδη
581 2437 730 2510 πρὸς
779 2437 838 2490 τὺ
874 2437 1079 2491 τέλειον
1125 2437 1361 2507 φθάσασι
1400 2439 1499 2510 τῆς
1545 2440 1664 2492 κατ’
1692 2441 1892 2512 ἀρετὴν

326 2529 591 2596 πολιτείας,
621 2532 726 2583 καὶ
771 2529 858 2584 διὰ
895 2529 1004 2584 τῶν
1041 2530 1418 2600 προλαϐόντων
1458 2529 1557 2600 τῆς
1576 2531 1893 2603 ψαλμῳδίας

323 2625 596 2694 τμημάτων
653 2622 797 2675 κατὰ
843 2621 943 2694 τὴν
988 2623 1272 2693 νοηθεῖσαν
1315 2624 1401 2675 ἐπ’
1442 2624 1620 2677 αὐτῶν
1661 2624 1892 2694 θεωρίαν

322 2714 722 2786 ἐκχαθαρθεῖσιν
761 2714 989 2784 ἁρμόζει
1035 2714 1098 2767 τὸ
1137 2716 1305 2768 αίνεῖν
1348 2715 1439 2768 τὸν
1489 2713 1651 2767 Θεόν·
1696 2715 1789 2767 καὶ
1836 2715 1893 2767 ὲν

319 2807 504 2870 τούτοις
530 2803 698 2869 εἶναι,
729 2807 787 2859 ὲν
821 2799 900 2870 οἷς
931 2806 1024 2858 καὶ
1062 2807 1095 2876 ἡ
1144 2805 1253 2859 τῶν
1282 2805 1530 2876 ἀγγέλων
1558 2803 1720 2874 φύσις
1753 2800 1912 2864 εἶναι,

322 2897 681 2950 πεπίστευται.
724 2894 862 2949 Οὔτε
902 2895 1010 2966 γὰρ
1042 2896 1264 2949 ἐκείνων
1297 2895 1694 2966 μεμαθήκαμεν
1727 2897 1895 2964 ἀσχο-

1987 459 2101 500 sam
2125 458 2153 496 a
2176 450 2362 497 nostra
2393 445 2655 498 rationem
2681 451 2736 497 et
2760 445 2983 513 ﬁguram
3019 443 3220 498 habent
3242 443 3552 513 proferendi

1990 549 2169 590 voces.
2203 533 2336 588 Nam
2363 541 2415 588 et
2439 534 2711 603 prophetae
2734 549 2932 588 nomen
2959 549 3060 589 nos
3079 535 3298 605 quidem
3320 536 3386 590 ad
3407 535 3558 591 Grae-

1987 639 2106 678 cam
2133 624 2398 678 rationem
2424 623 2794 691 eﬂ‘ormantes,
2836 643 2854 677 ι
2887 624 3096 679 Heliam
3130 643 3149 677 ι
3176 626 3551 695 appellamus:

1986 714 2055 767 At
2089 715 2392 784 proprietas
2416 715 2615 786 linguae
2638 714 2920 771 Hebraicae
2950 717 3005 770 in
3058 731 3190 772 casu
3225 725 3374 772 recto
3400 718 3555 774 Heliu

1987 804 2150 870 dicit;
2191 805 2262 857 ita
2296 804 2463 875 igitur
2507 813 2561 860 et
2606 806 2662 859 in
2709 806 3026 875 proposito,
3063 805 3287 875 quando
3339 805 3557 860 laudem

1988 901 2138 948 recto
2180 908 2310 948 casu
2354 895 2662 966 signiﬁcare
2693 897 2839 958 vult,
2881 897 3033 965 ponit
3078 895 3427 951 Hebraeorum
3454 896 3560 949 lin-

1988 993 2124 1056 g‘ua,
2162 1005 2180 1037 ι
2215 986 2450 1042 alleluia.
2492 1007 2510 1040 ι
2564 987 2700 1042 Cum
2737 997 2918 1042 autem
2965 987 3086 1042 laus
3117 987 3186 1040 ad
3225 985 3393 1040 Deum
3421 985 3561 1040 rcla-

1990 1076 2196 1132 tionem
2228 1078 2448 1139 habeat,
2484 1078 2728 1148 illudque
2759 1097 2777 1128 ι
2815 1078 2886 1142 ia,
2927 1098 2946 1129 ›
2978 1079 3048 1134 sit
3082 1093 3249 1131 unum
3273 1093 3340 1132 ex
3378 1075 3562 1131 nomi-

1990 1168 2186 1234 nibus,
2232 1184 2352 1237 qnae
2388 1167 2485 1222 Dei
2531 1177 2781 1221 naturam
2815 1168 3132 1233 declarant,
3171 1174 3346 1221 totum
3397 1165 3562 1220 simul

1997 1277 2015 1311 ι
2056 1260 2314 1330 alleluia,
2354 1280 2374 1313 ι
2415 1261 2535 1316 laus
2581 1259 2676 1315 Dei
2714 1275 2813 1329 per
2844 1261 3347 1330 interpretationem
3379 1257 3564 1313 reddi-

1989 1356 2099 1403 tur.
2143 1349 2375 1415 Quando
2426 1351 2610 1419 itaque
2659 1364 2763 1404 vox
2805 1350 2918 1404 hwc
2967 1350 3128 1402 alicui
3166 1349 3378 1418 psalmo
3425 1361 3564 1418 pra!-

1991 1439 2196 1508 scripta
2225 1447 2331 1503 est,
2365 1441 2604 1509 cogitare
2636 1448 2884 1510 oportet,
2917 1439 2970 1494 id
3003 1440 3149 1510 quod
3181 1439 3456 1504 subditur,
3495 1439 3563 1492 ad
3626 1439 3628 1441 ’

1990 1530 2084 1585 Dei
2116 1530 2484 1584 laudationem
2519 1539 2574 1586 et
2621 1531 3064 1600 praedicationem
3095 1532 3317 1586 ducere.
3355 1531 3564 1596 Quibus

1993 1618 2444 1688 inscriptionibus
2512 1620 2668 1674 multi
2724 1635 2791 1674 ex
2850 1621 3139 1689 postremis
3211 1621 3560 1690 potissimum

1997 1707 2221 1777 psalmis
2257 1707 2421 1777 hujus
2470 1708 2594 1762 libri
2637 1708 3038 1778 insigniuntnr;
3077 1725 3142 1764 ex
3172 1709 3371 1778 quibus
3402 1709 3565 1764 intel-

1994 1798 2250 1869 ligimus,
2282 1799 2479 1854 horum
2529 1800 2623 1870 qui
2663 1800 2776 1870 jam
2829 1801 2896 1857 ad
2941 1800 3298 1872 perfectionis
3344 1802 3561 1856 culmen

1994 1891 2357 1946 ascenderunt
2385 1891 2546 1963 inque
2577 1893 3012 1962 praecedentibus
3062 1895 3394 1964 psalmorum
3435 1909 3565 1963 par-

1993 1983 2170 2046 tibus,
2204 1983 2504 2038 secundum
2553 1984 2973 2053 explicationem
3017 1985 3086 2040 de
3136 1985 3246 2039 illis
3275 1985 3562 2052 traditam,

1992 2074 2276 2144 expurgati
2313 2084 2475 2141 sunt,
2520 2090 2722 2131 munus
2749 2090 2906 2140 esse,
2942 2073 3110 2128 Deum
3145 2075 3401 2130 laudibus
3428 2089 3562 2146 pro-

1994 2167 2170 2235 sequi,
2217 2176 2272 2221 et
2309 2167 2360 2220 in
2399 2167 2485 2222 bis
2519 2168 2760 2232 versari,
2804 2169 2858 2220 in
2903 2167 3106 2236 quibus
3135 2168 3299 2222 etiam
3337 2166 3563 2236 angelo-

1993 2271 2114 2310 rum
2152 2264 2348 2310 natura
2379 2258 2586 2312 versari
2628 2257 2887 2312 creditur.
2917 2257 3104 2329 Neque
3133 2258 3280 2312 enim
3314 2272 3564 2328 comper—

1993 2359 2106 2403 tum
2148 2350 2308 2405 nobis
2344 2356 2431 2404 est
2481 2349 2643 2404 aliam
2679 2350 2895 2404 illorum
2945 2365 3068 2405 esse
3112 2350 3562 2420 occupationem,

1992 2455 2154 2510 quam
2205 2440 2430 2494 laudare
2471 2439 2662 2496 Deum.
2695 2439 2880 2511 Neque
2910 2442 2978 2496 ab
3022 2441 3130 2496 illis
3179 2456 3429 2511 quoque,
3468 2441 3562 2510 qui

1993 2532 2156 2586 vitam
2193 2531 2262 2586 ad
2307 2532 2527 2587 virtutis
2561 2546 2808 2586 normam
2852 2531 3068 2600 exigere
3115 2531 3372 2595 student,
3414 2529 3562 2584 aliud

1996 2623 2199 2694 agitur,
2230 2639 2390 2693 quam
2439 2633 2496 2678 ut
2522 2625 2688 2678 vitam
2717 2639 2872 2679 suam
2910 2623 3144 2678 elliciant
3177 2623 3336 2692 quasi
3366 2637 3561 2692 peren-

1995 2731 2116 2770 nem
2135 2713 2227 2770 Doi
2243 2713 2478 2766 laudem.
2497 2713 2632 2769 Cum
2647 2729 2797 2785 ergo,
2812 2712 2906 2782 qui
2927 2731 2946 2766 ι
2961 2713 3177 2794 alleluia
3197 2733 3214 2763 ι
3230 2713 3558 2800 inscriptum

1996 2806 2216 2871 habent,
2246 2821 2436 2870 omnes
2467 2804 2858 2874 propemodum
2901 2804 2954 2856 in
2984 2804 3172 2856 ultima
3213 2802 3558 2857 Psalmorum

1997 2898 2240 2954 scotione
2271 2884 2636 2967 reperiantur,
2666 2896 2954 2966 perspicue
2982 2894 3324 2965 intelligitur,
3352 2902 3563 2964 postre-

315 2985 419 3038 λίαν
451 2986 614 3058 άλλην
643 2987 773 3040 τινὰ
801 2985 936 3056 (2Ἲ),
967 2986 1107 3058 πλὴν
1145 2985 1239 3040 τοῦ
1272 2989 1440 3040 αἰνεῖν
1465 2987 1555 3040 τὸν
1589 2987 1740 3051 Θεὸν,
1771 2985 1890 3039 οὔτε

1996 3004 2138 3042 mam
2172 2989 2507 3044 Psalmorum
2551 2989 2848 3043 sectionem
2878 2985 3216 3056 superiorem
3251 3001 3374 3041 esse
3411 2986 3561 3040 omni

314 3081 411 3141 rei;
447 3082 563 3132 κατ’
607 3079 820 3150 ἀρετὴν
863 3078 1086 3142 τελείοις
1113 3079 1299 3149 ἔτερόν
1337 3096 1388 3132 τι
1435 3076 1811 3142 σπουδάζεται,
1857 3076 1889 3147 ἢ

1997 3081 2211 3135 excelsa
2253 3095 2350 3149 per
2399 3078 2649 3134 Psalmos
2699 3078 3057 3142 ascensione,
3107 3085 3294 3150 utpote
3345 3077 3399 3131 in
3453 3091 3562 3147 qua

309 3169 361 3220 τι
385 3172 477 3239 τὴν
509 3171 666 3242 ζωὴν
699 3171 907 3224 ἑαυτῶν
954 3166 1101 3224 αἶνον
1129 3168 1265 3225 εῖναι
1299 3171 1430 3226 Θεοῦ
1455 3171 1888 3242 παρασκευάσαι.

1996 3170 2288 3225 maximam
2328 3178 2537 3239 partem
2580 3168 2671 3223 Dei
2714 3169 2833 3223 laus
2879 3170 3210 3235 continetur,
3253 3169 3334 3224 vel
3368 3167 3563 3224 cohor-

319 3261 462 3314 Ἐπεὶ
502 3264 694 3316 τοίνυν
739 3259 789 3316 σι
835 3261 932 3332 τὴν
973 3263 1283 3334 ἐπιγραφὴν
1302 3261 1514 3332 ἔχοντες
1534 3257 1629 3312 τοῦ
1658 3277 1676 3310 ι
1713 3261 1890 3330 Ἀλλη-

1999 3260 2132 3314 talio
2163 3259 2230 3313 ad
2260 3260 2725 3314 concelebrandas
2754 3258 2923 3313 divini
2949 3259 3202 3316 Numinis
3227 3261 3439 3318 laudes.

298 3353 460 3420 λούῐα,
483 3373 502 3405 ι
529 3357 745 3419 πάντες
771 3356 958 3428 σχεδὸν
977 3355 1053 3426 τῷ
1083 3354 1372 3424 τελευταίῳ
1399 3355 1648 3425 τμήματι
1689 3353 1788 3421 τῆς
1823 3351 2138 3424 ψαλμῳδίας
2168 3353 2508 3426 εὑρίσκονται
2540 3355 2672 3424 (28),
2709 3355 2894 3424 σαφῶς
2932 3355 3049 3408 ἔστι
3083 3355 3446 3426 κατανοῆσαι.
3483 3355 3562 3409 ὅτι

303 3453 469 3526 πάσης
498 3454 838 3525 ὑπέρκειται
870 3453 967 3522 τῆς
991 3451 1199 3522 ὑψηλῆς
1225 3451 1312 3504 διὰ
1343 3448 1450 3502 τῶν
1478 3448 1707 3518 ψαλμῶν
1735 3448 2050 3512 ἀναϐάσεως
2069 3449 2130 3503 τὸ
2149 3450 2452 3505 τελευταῖον
2479 3450 2674 3522 τμῆμα
2701 3450 2797 3520 τῆς
2819 3449 3153 3522 ψαλμῳδίας,
3176 3453 3233 3505 ὲν
3257 3445 3302 3518 ᾧ
3321 3451 3382 3504 τὸ
3415 3447 3561 3507 πλεῖ·
3608 3499 3609 3502 η

291 3563 406 3600 στον
445 3547 590 3600 Θεοῦ
623 3541 782 3608 α’ίνός
815 3543 980 3607 ἐστιν,
1014 3543 1131 3612 ἦτοι
1165 3544 1244 3605 είς
1272 3541 1332 3594 τὸ
1353 3543 1522 3595 αἰνεῖν
1552 3539 1644 3592 τὸν
1673 3539 1803 3593 Θεὸν
1831 3539 2248 3610 παρακέλευσις.

834 3692 1230 3748 ΚΕΦΑΛΑΙΟΝ
1282 3693 1362 3747 B'.

2567 3695 2792 3752 CAPUT
2837 3696 2976 3754 VIII.

340 3852 620 3906 Λείπεται
649 3851 717 3906 δὲ
743 3851 854 3905 ἀπὸ
877 3850 987 3920 (29)
1015 3849 1122 3903 τῶν
1149 3849 1539 3920 άνεπιγράφων
1562 3849 1660 3921 τὴν
1686 3849 1885 3914 αίτίαν,

2063 3848 2344 3918 Superest,
2382 3857 2440 3903 ut
2498 3852 2678 3920 quoad
2717 3853 2860 3908 vires
2892 3853 3091 3920 ferunt,
3120 3853 3389 3910 rationem
3431 3855 3558 3915 illo-

265 3941 336 4004 ὥς
365 3947 489 3997 ἑστι
541 3943 814 4007 δυνατὸν,
860 3943 1211 4011 κατανοῆσαι.
1257 3940 1338 3994 Τὰ
1377 3941 1432 3994 δὲ
1481 3942 1540 3993 ὲν
1597 3941 1674 4011 τῷ
1733 3941 1888 4011 μέρει

1991 3957 2108 3995 rum
2153 3942 2558 4011 disquiramus,
2615 3943 2708 4012 qui
2759 3944 3120 4015 inscriptione
3166 3955 3385 4010 carent;
3435 3963 3558 4018 quae

265 4034 440 4105 τούτῳ
471 4036 622 4108 παρ’
657 4034 822 4106 ἡμῶν
855 4033 1234 4105 εὑρισκόμενα,
1263 4034 1322 4086 ὲν
1352 4035 1418 4103 τῇ
1459 4033 1747 4103 δοκιμασίᾳ
1775 4031 1882 4086 τῶν

1991 4045 2118 4084 vero
2143 4031 2243 4084 hac
2271 4031 2325 4084 in
2351 4041 2505 4100 parte
2530 4031 2825 4087 affereuius
2843 4073 2857 4096 ,
2883 4034 3094 4102 judicio
3121 4036 3382 4090 lectorum
3411 4052 3559 4091 com-

255 4128 741 4198 ἐντυγχανόντων
785 4126 1110 4199 προκείσθω,
1152 4126 1184 4196 ἢ
1221 4126 1470 4191 δέξασθαι
1509 4126 1578 4180 τὰ
1613 4125 1880 4196 ἡμέτερα,

1991 4123 2295 4187 mittimus,
2341 4133 2400 4178 nt
2440 4125 2521 4178 vel
2568 4134 2756 4180 nostra
2803 4125 3034 4195 probent
3060 4135 3115 4181 ct
3151 4129 3439 4198 recipiant,
3472 4130 3556 4184 vel

255 4216 288 4284 ἢ
333 4219 480 4287 πρὸς
534 4220 788 4290 μείζονα
832 4217 1065 4290 θεωρίαν
1117 4218 1408 4288 προσάγειν
1440 4218 1616 4271 αὐτῶν
1640 4219 1740 4288 τὴν
1769 4218 1883 4271 διά-

1991 4212 2054 4268 ad
2104 4215 2311 4283 majora
2358 4216 2716 4285 excogitanda
2764 4216 3091 4271 industriam
3136 4231 3290 4272 suam
3324 4233 3556 4274 conver-

246 4325 418 4363 νοιαν.
450 4311 716 4380 Ταύτην
743 4309 922 4362 τοίνυν
945 4309 1042 4380 τὴν
1072 4308 1331 4380 διαφορὰν
1359 4310 1414 4361 ὲν
1452 4311 1561 4370 τοῖς
1588 4309 1883 4381 ἀνεπιγρά-

1991 4311 2124 4360 tant.
2162 4305 2310 4359 llanc
2351 4320 2479 4375 ergo
2518 4307 2572 4360 in
2617 4307 2874 4376 psalmis,
2925 4307 3284 4378 inscriptione
3320 4313 3558 4366 carenti-

244 4410 368 4461 φοις
423 4402 898 4469 κατενοήσαμεν.
947 4398 1071 4462 Τοῖς
1120 4398 1219 4468 μὲν
1260 4396 1368 4469 γάρ
1407 4397 1586 4451 αὑτῶν
1620 4399 1734 4452 ἀντ’
1772 4401 1886 4452 ἐπι-

1991 4397 2124 4459 bus,
2157 4397 2513 4451 diﬂ‘erentiam
2561 4397 2901 4467 reperimus,
2938 4400 3066 4468 quia
3109 4400 3391 4456 nonnullis
3435 4402 3556 4458 loco

238 4489 476 4558 γραφῆς
498 4487 540 4558 ἢ
566 4489 708 4558 (50)
725 4487 1035 4558 ψαλμῳδίας
1051 4487 1256 4555 γίνεται
1279 4487 1508 4549 ἐπίνοια,
1524 4481 1693 4555 ἐφ’ὦν
1709 4489 1884 4542 κοινὸν

1991 4489 2357 4559 inscriptionis
2385 4498 2469 4543 est
2495 4491 2614 4559 ipsa
2647 4491 2816 4546 totius
2848 4491 3042 4560 psalmi
3090 4493 3363 4548 sententia
3387 4536 3402 4560 ,
3433 4495 3557 4565 qui-

241 4581 336 4629 ut
372 4583 522 4648 παρ’
569 4578 872 4649 Ἑϐραίοις
914 4579 1008 4632 καὶ
1059 4579 1188 4650 παρ’
1212 4579 1363 4650 ἡμῖν,
1411 4578 1471 4632 τὸ
1514 4579 1588 4650 μὴ
1633 4575 1770 4634 εἶναι
1798 4580 1884 4634 ἆλ-

1991 4581 2089 4635 bus
2120 4589 2174 4634 et
2203 4579 2344 4650 apud
2381 4595 2481 4636 nos
2502 4622 2515 4646 ,
2559 4589 2613 4636 et
2645 4583 2785 4651 apud
2818 4580 3073 4638 Hebraeos
3113 4597 3405 4640 commune
3445 4592 3552 4648 est,

239 4667 339 4737 λην
369 4673 743 4741 ἐπιγραφὴν
783 4671 890 4724 τῶν
933 4671 1320 4741 ὑποκειμένων,
1353 4673 1404 4726 εί
1443 4671 1518 4743 μὴ
1560 4671 1761 4741 ταύτην
1794 4673 1885 4742 μό-

1991 4680 2045 4726 ut
2087 4671 2192 4724 alia
2225 4671 2577 4740 inscriptione
2605 4688 2727 4742 quae
2760 4681 3083 4741 sequuntur,
3115 4690 3224 4730 non
3252 4677 3555 4744 insignian-

237 4776 338 4826 νην
375 4764 489 4830 τὴν
539 4767 684 4826 τοῖς·
731 4765 910 4833 ῥητοῖς
950 4766 1345 4842 ἐμφαινομένην
1382 4767 1639 4822 διάνοιαν.
1680 4764 1803 4827 Τοῖς
1825 4764 1881 4818 δὲ

1991 4770 2102 4828 tur,
2163 4777 2326 4833 quam
2378 4764 2534 4833 ipso,
2590 4765 2685 4834 qui
2733 4766 2915 4822 verbis
2969 4766 3164 4836 psalmi
3230 4767 3546 4836 subjicitur,

237 4844 460 4913 λοιποῖς
509 4853 850 4920 ἐπιγραφαὶ
889 4853 987 4922 μέν
1026 4853 1157 4905 είσιν
1187 4852 1642 4936 ἐκκλησιαστικαί
1685 4869 1744 4906 τε
1786 4856 1881 4906 καὶ

1991 4869 2169 4910 sensu.
2213 4854 2351 4909 Aliis
2393 4863 2572 4910 autem
2618 4855 2972 4927 praeﬁguntur
3002 4858 3424 4926 inscriptiones,
3454 4859 3550 4913 sed

246 4943 556 5037 μρστικαὶ,
614 4942 730 4994 καὶ
776 4943 870 5012 τῆς
1201 4961 1507 5037 μυστήριον
1561 4945 1721 5019 ἡμῶν
1765 4944 1878 5037 (51)

1991 4945 2367 5001 ecclesiasticae
2405 4955 2460 5001 et
2506 4951 2785 5019 mysticae,
2844 4949 3233 5022 mysteriique,
3289 4948 3433 5018 quod
3480 4947 3550 5001 ad

248 5027 556 5096 ιὺτεϐεἰας
607 5033 969 5100 σημαντικαὶ,
1003 5031 1127 5088 ἀλλὰ
1154 5054 1256 5139 τοῖς
1301 5027 1594 5137 οΕὲραίοις
1624 5037 1728 5094 ούκ
1753 5036 1877 5104 εἰσὶ,

1991 5044 2184 5091 nostra:
2244 5037 2462 5106 pictatis
2521 5038 2870 5110 disciplinam
2928 5039 3204 5111 pertinet,
3265 5035 3548 5110 signiﬁca—

326 5219 446 5298 ‘3‘3
474 5221 648 5298 ’Σιεξίν
684 5222 774 5298 εέἀο
810 5291 824 5298 -

2051 5230 2165 5298 (27)
2199 5233 2333 5287 Τινά
2374 5249 2480 5289 om.
2523 5234 2610 5290 ed.

479 5293 606 5374 ﬁat
650 5291 841 5374 161w.
894 5311 905 5326 ι
2208 5289 2657 5374 Ἐνευρίσκονται,
2687 5303 2773 5359 ed.

333 5303 445 5364 (zz)
479 5303 606 5374 ξιαι
650 5303 741 5354 το,
765 5303 841 5346 ed.
894 5311 905 5326 ι
2073 5303 2164 5368 28)
2208 5304 2657 5374 Ἐνευρίσκονται,
2687 5303 2773 5359 ed.

327 5360 443 5426 (23)
494 5362 648 5448 ρτε,
679 5362 787 5445 εὐ..
2051 5303 2167 5493 (ξω
2199 5373 2332 5426 Ἀπό
2363 5388 2472 5428 om.
2501 5375 2706 5446 aliquot
2744 5371 2908 5430 codd.

482 5502 495 5508 _
517 5429 831 5508 ᾼλληλουια,
850 5427 923 5484 ed.
2050 5443 2068 5508 (
2109 5440 2162 5508 0)
2197 5441 2279 5505 Ἦ,
2307 5444 2393 5497 cd.

465 5499 559 5582 Af,
604 5483 724 5582 οὐκ
747 5483 832 5582 ed;
911 5483 917 5484 ⁷

2047 5483 2162 5581 (Ξῖ)
2201 5483 2393 5582 ’ἧξιὶξξ
2407 5511 2496 5570 ed.

489 5566 756 5632 Ἀγαγεῖν,
777 5562 846 5617 ed.
