4054 6436
641 312 745 369 εις

1916 318 1973 372 S.
2017 314 2345 373 GREGORII
2379 320 2675 379 NYSSENI

640 426 837 488 trices,
866 425 963 482 sed
1008 428 1151 499 apud
1193 428 1448 486 Hebraeos
1475 438 1582 487 non
1627 440 1784 497 sunt,
1821 435 2218 495 convenienter

2196 452 2218 490 r
2246 443 2293 498 Α
2320 437 2461 491 κατὰ
2484 438 2581 508 τὴν
2614 439 2982 512 γεγενημένην
3013 441 3073 493 ὲν
3108 439 3185 510 τῷ
3227 438 3608 511 Εὑαγγελεῳ
3651 455 3797 494 κατ

638 518 891 573 videlicet
932 519 1010 573 illi
1055 521 1108 575 in
1154 520 1450 593 Evangelio
1499 524 1763 579 adversus
1791 524 1942 594 ipsos
1981 540 2216 581 accusa-

636 606 775 663 tioni
807 628 820 663 :
853 628 872 662 ι
914 610 1184 676 Quoniam
1218 614 1388 682 legem
1417 616 1683 679 tulerunt,
1731 623 1790 669 ut
1815 617 1859 669 si
1889 616 2015 685 quis
2039 617 2213 672 conti.

636 707 816 755 teatur
833 700 1138 766 Christum,
1158 714 1311 759 extra
1335 721 1665 776 synagogam
1698 706 1857 764 ﬁat".
1890 726 1907 758 ι
1931 707 2214 773 Quascun-

635 806 742 860 que
787 792 951 862 igitur
984 793 1372 867 inscriptiones
1393 796 1490 864 ipsi
1513 794 2011 849 animadverterunt
2032 796 2212 849 conti-

635 900 767 938 nere
783 884 1306 940 demonstrationem
1329 886 1621 955 quamdam
1652 886 1893 956 mysterii
1917 885 2209 951 Dominici,

637 974 761 1028 illas
807 976 1185 1046 repudiarunt.
1240 978 1359 1044 Qua
1405 977 1474 1031 de
1520 990 1685 1031 causa
1736 985 1992 1031 accurate
2047 976 2210 1031 etiam

636 1068 822 1132 verba,
858 1085 978 1137 qua:
1008 1068 1225 1124 lectioni
1256 1067 1627 1136 inscriptionis
1655 1068 2044 1124 ecclesiasticae
2076 1082 2211 1138 pra:-

636 1159 744 1213 iixa
776 1170 931 1227 sunt,
975 1169 1229 1226 monent,
1280 1169 1335 1215 et
1377 1171 1567 1214 contra
1618 1161 1743 1217 illos
1773 1168 1999 1225 notant,
2030 1159 2215 1230 hujus-

635 1254 781 1307 modi
835 1254 1076 1323 psalmos
1128 1251 1271 1322 apud
1325 1250 1581 1307 Hebraeos
1636 1252 2090 1323 inscriptionibus
2121 1267 2214 1307 ea-

635 1359 776 1399 rere.
816 1343 972 1399 llunc
1003 1345 1059 1397 in
1095 1342 1317 1397 modum
1358 1342 1611 1412 exposito
1642 1341 1985 1397 Psalmorum
2013 1342 2211 1421 discri-

2322 526 2674 596 κατηγορίαν,
2699 548 2718 581 ι
2742 533 2863 584 Ὅτι
2885 531 3063 601 δόγμα
3088 528 3293 595 ἔθεντο,
3313 529 3383 581 Et
3434 543 3553 591 τις
3618 528 3798 598 ὁμο)

2320 616 2411 670 τὸν
2447 617 2704 689 Χριστὸν,
2735 618 3158 688 ἀποσυνάγωγος
3192 620 3453 690 γένηται.
3504 636 3531 672 ι
3578 620 3798 673 Ὀσαε

2321 710 2517 762 ἐκεῖνοι
2569 708 2674 763 τῶν
2722 709 3041 780 ἐπιγραφῶν
3092 711 3464 780 κατενόησαν,
3553 711 3795 777 ἔνδειξ

2320 800 2593 870 περιέχειν
2632 800 2725 855 τοῦ
2772 802 3104 874 μυστηρίου,
3152 804 3355 866 ταύτας
3421 804 3502 856 οὐ
3567 804 3798 874 παρεξ

2318 888 2410 941 Διὸ
2445 891 2539 942 καὶ
2581 895 3006 964 παρεσημήνατο
3053 894 3121 948 δι’
3170 895 3473 966 ἀκριϐείας
3541 897 3662 947 ἐπ’
3718 898 3798 947 αἱ

2319 978 2555 1034 τοιοῦτον
2593 983 2622 1035 ὁ
2661 982 2817 1051 λόγος
2859 987 2925 1055 τῇ
2965 984 3266 1053 ἀναγνώσει
3307 986 3418 1056 τῆς
3462 986 3798 1056 ὲκκλησιε

2318 1070 2626 1147 ἐπιγραφῆς
2673 1073 2983 1145 προστιθεὶς
3008 1075 3142 1146 (52),
3170 1076 3249 1129 ὅτι
3283 1077 3424 1145 παρ’
3462 1076 3789 1147 Ἐϐραίοι

2320 1163 2711 1234 ἀνεπίγραφος.
2738 1165 2847 1237 Τῆς
2891 1168 3065 1221 τοίνυν
3095 1169 3418 1241 διαιρέσεως
3455 1169 3729 1237 ταύτης
3793 1192 3798 1219 ι

2318 1255 2709 1326 ἀνεπιγράφοις
2732 1258 3176 1329 προεκτεθείσης,
3208 1260 3404 1331 καιρὸς
3437 1260 3523 1313 ἂν
3559 1262 3670 1332 εἴη
3705 1261 3793 1314 δι’

2313 1345 2423 1398 τῶν
2457 1348 2634 1417 ῥητῶν
2668 1349 2850 1404 δοῦναι
2881 1350 2959 1418 τῷ
2986 1350 3127 1421 λόγῳ
3154 1352 3252 1423 τὴν
3283 1353 3671 1423 μαρτυρίαν.

635 1439 802 1502 mine,
840 1440 935 1509 qui
969 1438 1326 1507 inscriptione
1350 1453 1458 1491 non
1493 1445 1893 1506 praenotantur,
1927 1444 2147 1507 tempus
2176 1439 2393 1509 exigere
2428 1442 2663 1508 videtur,
2699 1453 2757 1499 ut
2786 1445 2839 1499 id
2870 1443 3015 1516 quod
3044 1445 3367 1511 asserimus,
3411 1447 3580 1516 ipsis
3616 1446 3797 1518 psalr

634 1531 818 1589 verbis
854 1531 1269 1585 conlirmemus.

706 1662 850 1731 Ergo
882 1661 1093 1731 primus
1130 1660 1373 1714 omnium
1410 1660 1655 1730 psalmus
1691 1659 2048 1731 inscriptione
2080 1675 2217 1732 opus

636 1770 744 1811 non
778 1754 1000 1817 habuit;
1037 1766 1160 1805 nam
1193 1753 1317 1821 quis
1341 1752 1413 1807 sit
1444 1753 1567 1807 ﬁnis
1614 1754 1834 1821 eorum,
1864 1767 1985 1823 qum
2025 1753 2080 1808 in
2126 1754 2219 1810 illo

636 1849 914 1912 dicuntur,
955 1844 1306 1900 manifestum
1360 1852 1444 1901 est
1489 1845 1806 1901 lectoribus.
1836 1845 1929 1900 Est
1986 1861 2220 1915 namque

634 1942 783 1997 velut
809 1937 1143 1994 introductio
1167 1937 1234 1991 ad
1270 1937 1668 2008 pliiloSOpbiam
1696 1936 2057 2006 spiritualem,
2093 1951 2220 1991 sua-

637 2034 773 2089 dens
799 2041 858 2088 ut
891 2048 923 2086 a
956 2032 1099 2085 malo
1131 2030 1489 2094 recedamus,
1538 2035 1592 2083 et
1641 2029 1708 2082 ad
1742 2029 1943 2083 bonum
1993 2028 2219 2083 acceda-

637 2141 781 2187 mus,
812 2133 866 2179 et
890 2131 948 2177 ut
971 2137 1070 2193 pro
1090 2120 1303 2176 viribus
1329 2118 1396 2173 ad
1427 2118 1840 2173 similitudinem
1876 2118 1965 2174 Dei
1993 2126 2220 2173 conten-

637 2218 853 2274 damus.

708 2350 1004 2422 Postquam
1050 2356 1229 2405 autem
1280 2350 1335 2405 in
1385 2350 1507 2420 ipso
1559 2349 1914 2405 beatitudinis
1952 2348 2220 2420 principio

637 2444 830 2500 moniti
859 2457 1074 2509 sumus,
1106 2448 1163 2495 ut
1191 2442 1260 2495 ab
1288 2441 1565 2512 impietate
1605 2442 1971 2507 desistamus,
2004 2443 2132 2496 hinc
2162 2451 2220 2496 ut

638 2535 709 2589 ab
737 2548 799 2588 ea
833 2533 1145 2597 liberemur,
1169 2528 1372 2601 profert
1400 2531 1560 2587 nobis
1587 2532 1917 2601 insonatque
1948 2533 2219 2587 secundus

639 2624 883 2695 psalmus
912 2624 1285 2689 evangelicum
1318 2623 1661 2694 mysterium,
1680 2631 1740 2678 ut
1763 2625 1986 2693 proinde
2012 2625 2220 2695 primus

641 2717 883 2791 psalmus
910 2716 1404 2785 sitquodammodo
1438 2716 1724 2787 inscriptio
1763 2718 2010 2772 secundi.
2042 2717 2216 2788 Expo-

640 2808 721 2862 nit
741 2806 883 2863 enim
910 2805 1249 2860 nativitatem
1276 2805 1580 2861 secundum
1603 2821 1822 2862 carnem
1843 2806 1986 2876 ejus,
2010 2808 2103 2878 qui
2132 2808 2224 2861 b0-

640 2900 729 2954 die
761 2905 978 2971 propter
1008 2913 1110 2953 nos
1145 2905 1308 2953 natus
1347 2908 1432 2953 est
1460 2898 1609 2969 (nam
1640 2899 1774 2953 illud
1806 2918 1825 2951 ι
1854 2900 2015 2956 hodie
2040 2918 2058 2952 ι
2094 2915 2222 2972 pars

640 2991 902 3062 temporis
930 2991 1171 3060 est),qui
1208 3004 1424 3059 semper
1454 3005 1518 3044 ex
1549 2988 1742 3054 Patre,
1772 2998 1825 3046 et
1853 2992 1907 3045 in
1938 2991 2100 3047 Patre
2133 2991 2223 3047 Fi-

2407 1670 2464 1723 '0
2516 1658 2953 1743 προτεταγμένος
2994 1672 3099 1726 τῶν
3153 1672 3286 1727 ὅλων
3330 1672 3582 1743 ψαλμὺς
3647 1673 3798 1741 ὲπιγ

2323 1761 2421 1813 οὐκ
2456 1761 2666 1831 ἐδεήθη.
2698 1762 2930 1834 Φανερὸς
2972 1762 3079 1834 γάρ
3126 1763 3239 1815 ἐστι
3286 1764 3404 1826 τοῖς
3455 1761 3795 1831 ἀναγινώσ-

2323 1855 2351 1906 ὁ
2380 1852 2486 1905 τῶν
2519 1852 2821 1923 λεγομένων
2862 1853 3081 1919 σκοπὸς,
3119 1855 3202 1908 ὄτι
3247 1855 3656 1923 εἶσαγωγικὸς
3710 1872 3798 1925 πρ

2325 1940 2576 2011 λοσοφίαν
2607 1942 2775 2002 ἐστὶν.
2813 1943 3108 2015 ἀποστῆναι
3152 1944 3243 1997 τοῦ
3292 1943 3477 1998 κακοῦ
3520 1945 3798 2015 συμϐου)

2325 2032 2419 2084 καὶ
2447 2033 2503 2084 ὲν
2534 2030 2610 2103 τῷ
2640 2032 2827 2104 ἀγαθῷ
2867 2035 3139 2104 γενέσθαι,
3188 2035 3279 2090 καὶ
3324 2034 3690 2105 ὁμοιοῦσθαι
3731 2036 3798 2104 τι]

2326 2120 2466 2176 κατὰ
2495 2122 2740 2193 δύναμιν.

2408 2348 2546 2402 Ἀλλ’
2578 2348 2765 2420 ἐπειδὴ
2804 2348 2865 2402 τὸ
2916 2349 2989 2420 μὴ
3036 2350 3145 2403 δεῖν
3166 2348 3408 2412 ἀσεϐεῖν,
3441 2350 3508 2403 ὲν
3549 2352 3624 2421 τῇ
3677 2351 3797 2421 ἀρχ

2329 2440 2678 2512 μακαρισμοῦ
2727 2441 3053 2512 προετάχθη,
3092 2443 3120 2494 ὁ
3166 2441 3441 2512 δεύτερος,
3501 2443 3671 2507 ὅπως
3727 2444 3798 2497 ἂν

2324 2531 2425 2601 τῆς
2473 2533 2724 2595 ἀσεϐείας
2753 2532 3049 2603 γενώμεθα,
3091 2532 3404 2587 ὑποτίθεται
3457 2533 3526 2588 τὸ
3575 2535 3796 2603 εὐαγγε

2327 2624 2798 2693 προαναφωνήσας
2848 2625 3163 2695 μυστήριον·
3200 2624 3340 2679 ὥστε
3392 2626 3612 2697 τρόπον
3660 2626 3794 2679 τινὰ

2326 2715 2541 2784 γραφὴν
2570 2713 2663 2767 τοῦ
2696 2714 2945 2787 δευτέρου
2976 2714 3189 2785 ψαλμοῦ
3230 2716 3320 2771 τὸν
3362 2718 3595 2789 πρῶτον
3637 2713 3791 2770 εἶναι

2328 2820 2413 2872 γει
2433 2805 2540 2877 γὰρ
2555 2805 2654 2876 τὴν
2667 2805 2755 2859 διὰ
2776 2805 2975 2877 σαρκὸς
3001 2808 3115 2860 ἐκεῖ
3142 2809 3352 2875 γένεσιν
3394 2810 3495 2863 τοῦ
3534 2811 3653 2880 (55)
3691 2810 3798 2879 σήρ

2332 2896 2430 2967 μὲν
2458 2897 2809 2969 γεννηθέντος
2838 2898 2906 2951 δι’
2931 2898 3078 2969 ἡμᾶς
3123 2900 3334 2969 (χρόνου
3377 2900 3435 2953 δὲ
3480 2899 3655 2970 μέρος
3706 2902 3798 2952 ἐστ

2334 3008 2352 3042 ι
2379 2992 2617 3062 σήμερον
2642 2985 2709 3062 ἱ),
2736 2991 2821 3044 ἀεὶ
2852 2991 2908 3044 δὲ
2943 2993 3006 3044 ὲκ
3039 2990 3132 3044 τοῦ
3168 2992 3380 3063 Πατρὸς
3409 2994 3507 3045 καὶ
3539 2994 3600 3051 ἐν
3631 2992 3713 3064 τῷ
3752 2994 3798 3045 Π

642 3085 751 3141 lius
789 3091 907 3151 est,
962 3090 1018 3136 et
1064 3082 1230 3136 Deus.
1284 3080 1567 3151 Simulque
1617 3083 1854 3151 explicat
1897 3098 2125 3153 regnum
2171 3091 2225 3137 et

2171 3091 2225 3137 et
2255 3079 2293 3090 “”
2325 3081 2477 3143 δντος
2526 3079 2657 3133 Υἱοῦ
2705 3081 2799 3133 καὶ
2854 3079 3010 3134 Θεοῦ.
3066 3082 3179 3150 Τήν
3227 3098 3286 3134 τε
3338 3081 3623 3151 βασιλείαν
3674 3086 3766 3139 ἐπὶ

643 3175 932 3240 imperium
972 3175 1029 3228 ia
1060 3188 1156 3228 eos
1182 3174 1275 3242 qui
1312 3173 1415 3227 sub
1443 3171 1675 3242 imperio
1712 3182 1873 3227 antea
1904 3189 2014 3229 non
2041 3183 2223 3241 erant,

644 3267 738 3337 qui
774 3282 837 3321 ea
867 3266 935 3320 de
959 3279 1123 3319 causa
1142 3304 1159 3330 ,
1187 3264 1333 3334 quod
1364 3262 1473 3319 Deo
1500 3279 1606 3317 non
1640 3264 1930 3330 servirent,
1964 3266 2223 3336 gentibus

646 3358 1169 3419 annumerabantur,
1221 3355 1305 3408 sui
1346 3355 1487 3425 juris
1538 3366 1591 3410 et
1632 3356 1877 3426 exleges,
1913 3361 1995 3411 vel
2049 3359 2228 3427 potius

648 3450 840 3520 iniqui,
872 3464 938 3504 eo
963 3447 1108 3517 quod
1131 3447 1369 3501 divinam
1402 3447 1574 3515 legem
1618 3462 1728 3501 non
1767 3448 2098 3517 reciperent,
2131 3448 2228 3503 sed

642 3541 835 3613 iugum
877 3556 909 3595 a
961 3557 1022 3597 se
1063 3540 1363 3604 abiicerent
1397 3556 1409 3591 :
1440 3540 1631 3611 jugum
1679 3549 1858 3595 autem
1893 3547 2053 3595 vocat
2084 3554 2228 3609 prae.

647 3643 883 3704 ceptum.

719 3767 817 3823 His
844 3775 1022 3823 autem
1052 3770 1104 3823 in
1140 3784 1368 3841 regnum
1396 3784 1635 3841 quoque,
1663 3768 1809 3840 quod
1849 3769 2112 3825 omnibus
2136 3782 2231 3823 su-

2326 3171 2715 3237 ἀῦασιλεύτων,
2760 3174 2810 3225 οἶ
2861 3172 2948 3227 διὰ
2998 3172 3059 3225 τὸ
3087 3171 3161 3243 μὴ
3208 3171 3480 3225 δουλεύειν
3515 3173 3657 3245 Θεῷ,
3711 3177 3771 3228 ἐν

2328 3260 2534 3315 ιθνεσιν
2570 3257 2707 3332 ἦσαν
2734 3262 3136 3333 κατειλεγλμένοι
3160 3279 3174 3293 ·
3223 3261 3511 3332 αὐτόνομοί
3556 3280 3703 3327 τινες
3740 3266 3796 3318 ὅν

2331 3352 2531 3423 μᾶλλον
2563 3352 2621 3406 δὲ
2668 3354 2877 3423 ἄνομοι,
2925 3354 3002 3425 τῷ
3048 3353 3139 3407 τὸν
3189 3351 3328 3406 θεῖον
3385 3352 3458 3421 μὴ
3502 3355 3796 3425 παραδέξαε

2329 3447 2509 3516 νόμον,
2540 3445 2654 3499 ἀλλ’
2688 3442 2987 3517 ἀποῤῥίψαι
3019 3447 3111 3518 ἀφ’
3144 3446 3356 3501 έαυτῶν
3386 3448 3477 3502 τὸν
3515 3447 3694 3516 ζυγόνο
3739 3448 3794 3512 ξι

2328 3537 2387 3591 δὲ
2414 3538 2561 3606 λέγει
2588 3538 2685 3609 τὴν
2709 3538 2950 3608 ἐντολήν.

2400 3766 2512 3836 Τῆς
2531 3766 2586 3819 δὲ
2611 3764 2704 3820 τοῦ
2730 3765 2926 3829 παντὸς
2944 3767 3342 3839 ὑπερκειμένης
3373 3766 3650 3837 βασιλείας,
3670 3770 3761 3823 καὶ

648 3860 951 3931 peretninet
972 3900 987 3925 ,
1018 3861 1230 3929 ascitis,
1271 3861 1405 3915 ﬁunt
1438 3863 1513 3917 illi
1550 3863 1642 3932 qui
1673 3862 1803 3916 olim
1848 3862 1968 3918 sine
1998 3860 2229 3915 Domino

2188 3876 2229 3915 ιο
2329 3858 2539 3922 τούτοις
2577 3857 2856 3927 ἐλθούσης,
2884 3859 2932 3911 οἱ
2971 3858 3099 3911 ποτὲ
3125 3858 3426 3922 ἁδέσποτοι,
3467 3859 3593 3913 Θεοῦ
3628 3860 3789 3933 κληρο

648 3951 927 4017 vivebant,
954 3951 1198 4007 haeredes
1233 3951 1325 4007 Dei
1352 3968 1446 4020 per
1479 3953 1635 4007 [idem
1669 3953 1727 4006 in
1764 3951 1915 4006 illum
1946 3951 2039 4022 qui
2068 3950 2229 4006 hodie

2190 3952 2229 4005 ie
2332 3950 2431 4021 μία
2462 3949 2572 4021 (55)
2592 3948 2828 4017 γίνονται
2858 3946 2946 4000 διὰ
2974 3950 3070 4019 τῆς
3097 3948 3175 4011 είς
3201 3948 3293 4001 τὸν
3320 3950 3544 4021 σήμερον
3563 3952 3791 4020 γεννηθέι

648 4040 871 4110 genitus
916 4049 1021 4104 est,
1049 4051 1102 4096 et
1140 4043 1232 4113 qui
1260 4058 1355 4096 rex
1395 4058 1562 4111 super
1593 4043 1716 4098 illos
1742 4042 2079 4097 constitutus
2105 4049 2190 4097 est
2210 4082 2227 4109 ,

2210 4082 2227 4109 ,
2331 4039 2596 4102 πίστεως·
2627 4038 2822 4092 ’τοῦτον
2866 4038 3026 4106 λέγω,
3064 4037 3154 4090 τὸν
3201 4039 3530 4094 καταστάντα
3556 4037 3791 4109 βασιλέαὶ

650 4132 743 4201 qui
772 4140 827 4186 et
848 4132 950 4203 ipsi
975 4134 1148 4187 renati
1179 4142 1232 4186 et
1256 4148 1411 4202 reges
1438 4132 1566 4186 facti
1592 4141 1740 4196 sunt,
1772 4132 1829 4186 in
1849 4130 2050 4200 quibus
2076 4132 2227 4201 virga

2188 4146 2227 4198 ζει
2332 4129 2509 4183 αὐτῶν
2528 4145 2542 4160 ο
2572 4131 2666 4183 καὶ
2694 4129 2849 4183 αὐτοὶ
2877 4128 3226 4198 γεννηθέντες
3272 4129 3364 4183 καὶ
3410 4130 3619 4200 βασιλεῖς
3647 4133 3789 4204 γενόμ

649 4218 997 4287 ferrea,,boe
1023 4233 1141 4287 est,
1173 4221 1533 4277 immutabilis
1561 4221 1653 4274 illa
1698 4221 1961 4290 potentia,
1996 4219 2049 4273 id
2081 4219 2226 4289 Quod

2188 4219 2226 4273 ιι
2332 4238 2433 4275 νοι.
2471 4221 2584 4289 Ἐφ’
2610 4213 2685 4273 ὧν
2708 4221 2740 4290 ἡ
2766 4221 2960 4291 σιδηρᾶ
3001 4220 3211 4290 ῥάϐδος,
3245 4222 3519 4284 τουτέστιν,
3552 4225 3580 4293 ἡ
3610 4225 3789 4295 ἄτρεπτ

650 4320 915 4369 terrestre
940 4319 994 4368 et
1035 4312 1242 4368 luteum
1276 4319 1394 4367 erat
1428 4320 1737 4376 conterens,
1771 4311 1826 4364 in
1854 4310 2223 4379 incorruptam

2188 4323 2223 4363 n
2258 4383 2285 4385 _
2332 4312 2557 4382 δύναμις
2583 4311 2738 4383 περιθ
2749 4311 2961 4381 ρύψασα
2979 4312 3038 4365 τὸ
3067 4313 3250 4383 γήῖνόν
3267 4330 3325 4365 τε
3345 4314 3433 4366 καὶ
3453 4314 3744 4385 ὀστράκινον,
3772 4333 3789 4369 ε

650 4412 904 4461 naturam
935 4419 1030 4459 eos
1065 4404 1370 4467 transtulit,
1397 4404 1669 4474 simulque
1695 4402 1904 4465 docuit,
1938 4402 1994 4456 in
2026 4400 2225 4456 ﬁducia

2185 4403 2225 4454 ia
2258 4383 2304 4438 D
2329 4403 2427 4475 τὴν
2442 4404 2712 4474 ἀκήρατον
2737 4402 2899 4472 φύσιν
2925 4404 3383 4473 μετεστοιχείωσε,
3399 4383 3580 4470 διδάξας
3603 4405 3670 4457 ὅτι
3692 4410 3784 4476 μόν

650 4509 781 4564 erga
826 4495 994 4549 Deum
1039 4494 1433 4550 beatitudinem
1485 4496 1648 4551 sitam
1694 4509 1839 4549 esse.
1881 4492 2021 4547 Cum
2061 4492 2227 4561 igitur

2185 4506 2227 4544 Ir
2331 4495 2447 4548 ἐστὶ
2498 4495 2767 4565 μακάριον
2814 4493 2876 4546 τὸ
2916 4493 3002 4545 ἐπ’
3049 4493 3194 4562 αὐτῷ
3239 4492 3347 4561 (36)
3393 4494 3676 4549 πεποιθέναι.
3707 4496 3781 4549 Τα

653 4585 791 4648 haec,
816 4601 979 4655 quam
1010 4586 1260 4655 exposui,
1286 4586 1357 4642 sit
1384 4587 1580 4656 psalmi
1611 4585 1913 4649 sententia,
1953 4585 2227 4653 integrum

2186 4598 2227 4637 [η
2330 4601 2430 4654 της
2455 4585 2512 4638 δὲ
2540 4584 2705 4656 οὔσης
2732 4583 2826 4638 τοῦ
2850 4584 3065 4653 ψαλμοῦ
3108 4583 3204 4652 τῆς
3241 4582 3476 4650 διανοίας,
3504 4586 3559 4655 ῆν
3580 4584 3787 4655 ὲξεθέμηε

653 4681 740 4730 est
787 4675 1051 4739 cuilibet,
1081 4677 1177 4747 qui
1208 4677 1480 4741 voluerit,
1510 4692 1579 4731 ex
1616 4676 1754 4746 ipsis
1801 4675 2005 4731 divinis
2048 4673 2231 4729 verbis

2186 4673 2231 4729 is
2332 4676 2508 4744 ἔξεστι
2540 4676 2617 4747 τῷ
2656 4676 2963 4747 βουλομένῳ
3003 4675 3072 4728 δι’
3108 4674 3283 4728 αὐτῶν
3321 4674 3420 4728 τῶν
3445 4675 3576 4729 θείων
3600 4678 3787 4746 ῥημάτω

653 4765 887 4837 probare
914 4767 1223 4836 opinionem
1252 4776 1308 4823 et
1338 4768 1774 4837 explanationem
1796 4776 2063 4831 nostram,
2098 4775 2231 4819 num

2184 4778 2231 4818 ιιι
2332 4767 2622 4839 δοκιμάσαι
2659 4769 2757 4839 τὴν
2796 4768 3068 4839 ἡμετέραν
3099 4765 3381 4836 ὑπόληψιν,
3410 4767 3537 4839 εἴπερ
3567 4768 3785 4838 ὲφαρμόζε

652 4870 720 4913 ea
750 4872 872 4927 qua:
900 4856 1175 4922 diximus,
1225 4857 1484 4915 divinitus
1521 4859 1802 4928 inspiratis
1832 4859 2064 4913 vocibus
2093 4870 2231 4926 qua-

2184 4870 2231 4909 ι-
2335 4860 2404 4913 τὰ
2441 4860 2570 4931 παρ’
2598 4858 2753 4929 ἡμῶν
2784 4860 3049 4929 εἰρημένα
3082 4862 3148 4930 τῇ
3180 4858 3494 4930 θεοπνεύστῳ
3521 4860 3670 4931 Γραφῇ
3696 4862 3785 4929 (δη

652 4949 833 5004 drent.
858 4948 1071 5019 Reliqui
1093 4950 1287 5020 psalmi
1312 4950 1761 5020 inscriptionibus
1784 4961 2054 5013 carentes,
2074 4950 2231 5019 juxta

2184 4956 2231 5003 la
2337 4953 2400 5004 Οἱ
2449 4951 2507 5005 δὲ
2556 4950 2730 5004 λοιποὶ
2765 4949 2873 5003 τῶν
2911 4952 3295 5023 ἀνεπιγράφων
3334 4951 3454 5005 κατὰ
3487 4951 3557 5004 τὸν
3596 4968 3785 5020 προαποι

653 5052 719 5094 ea
764 5054 886 5108 qua:
922 5055 1088 5109 supra
1119 5040 1479 5105 tradidimus,
1521 5041 1822 5114 Synagoga)
1851 5043 2073 5113 quidem
2122 5040 2233 5097 He-

2184 5056 2233 5097 Ξ·
2334 5040 2553 5096 δοθέντα
2597 5041 2753 5111 λόγον
2796 5043 2928 5111 ἡμῖν
2947 5083 2962 5106 ,
3008 5045 3073 5114 τῇ
3134 5044 3410 5112 συναγωγῇ
3452 5042 3536 5095 τῶν
3568 5041 3785 5114 Ἐϐραίων

655 5131 949 5195 ιιι-ιοοινυηι,
977 5148 1084 5187 non
1114 5132 1371 5201 Ecclesia:
1401 5133 1498 5189 Dei
1539 5135 1678 5191 tales
1709 5142 1859 5191 sunt.
1888 5135 1944 5189 In
1977 5134 2230 5189 omnibus

2181 5148 2230 5188 Is
2334 5132 2398 5184 οὐ
2444 5135 2510 5203 τῇ
2565 5131 2660 5186 τοῦ
2704 5131 2838 5186 Θεοῦ
2899 5133 3193 5203 Ἐκκλησία
3216 5173 3231 5197 ,
3291 5129 3488 5200 τοιοῦτοί
3533 5134 3654 5185 εισιν.
3697 5133 3782 5187 Ἐπ

653 5222 801 5276 enim
836 5223 1074 5294 reperire
1099 5232 1183 5280 est
1213 5225 1624 5298 inscriptionem
1651 5226 1911 5298 aliquam,
1945 5241 2108 5298 quam
2133 5223 2229 5281 Ju-

2182 5241 2229 5281 ι-
2335 5223 2552 5279 πάντων
2608 5223 2715 5296 γὰρ
2752 5222 2899 5278 ἔστιν
2934 5225 3113 5295 εὑρεῖν
3151 5240 3269 5277 τινα
3314 5225 3495 5288 πάντως
3527 5225 3783 5297 ἐπιγραφὴ-ιτ

728 5403 776 5438 δ’
798 5404 956 5461 Joan.
986 5421 1064 5471 ix,
1101 5405 1194 5461 22.

731 5582 845 5653 (52)
871 5580 1213 5653 Προστεθείς,
1254 5583 1339 5640 ed.

731 5655 845 5726 (£53)
875 5655 1038 5726 Γέννη
1047 5672 1149 5720 σιν,
1179 5656 1265 5709 ed.

732 5725 846 5797 (34)
893 5725 980 5779 Ἐν
1012 5725 1120 5781 0m.
1151 5726 1237 5779 ed.

2416 5576 2527 5644 (35)
2554 5578 2668 5649 Κλη
2679 5578 2913 5649 ρονόμοι,
2936 5578 3023 5636 cd.

2415 5649 2522 5714 (56)
2555 5648 2743 5710 Αὐτόν,
2768 5649 2851 5702 ed.

2412 5717 2524 5788 (37)
2553 5717 2727 5787 Φωνῇ,
2756 5718 2841 5772 ed.
