4054 6436
372 300 448 358 557
1710 292 1780 349 IN
1818 290 2157 349 PSALMOS.

3443 294 3547 353 518

368 422 460 493 ι)νὸ
490 415 702 488 Ἐϐραῖος
745 413 807 467 οὐ
849 413 1064 487 δέχεται
1099 413 1190 469 διὰ
1224 414 1314 469 τὸν
1347 414 1447 486 τῆς
1476 413 1756 479 εὐσεϐείας
1783 415 1874 469 λό-

1984 414 2129 470 [ιεοιιε
2164 428 2273 469 ηοη
2298 412 2492 483 recipit
2517 413 2587 469 oh
2616 413 2834 485 pietatis
2880 431 3001 486 quae
3036 415 3091 471 in
3121 430 3186 473 ea
3217 416 3350 472 latet
3378 418 3550 473 ratio-

367 526 454 579 γον,
476 507 550 561 καὶ
586 505 658 576 ἦν,
688 503 795 557 ὑπὸ
840 505 1095 569 ἀπιστίας
1136 506 1198 558 οὐ
1245 505 1627 576 παρεδέξαντο.
1662 506 1784 559 Είσὶ
1818 506 1875 560 δὲ

366 602 403 655 oi
437 597 620 653 τοιοῦτοι
661 596 886 667 ψαλμοὶ,
929 597 1005 660 ὡς
1026 598 1089 650 ὲν
1114 597 1395 668 κεφαλαίῳ
1421 598 1518 669 μὲν
1555 598 1750 662 εἰπεῖν,
1785 598 1875 651 τὸν

364 690 539 763 ἀριθμὸν
562 688 646 741 δύο
676 688 771 741 καὶ
797 687 964 751 δέκα,
1001 687 1078 751 ὡς
1102 688 1149 740 δ’
1179 687 1292 757 (58)
1323 687 1391 741 ἂν
1421 689 1514 742 καὶ
1549 689 1872 759 ἀκριδέστε-

362 797 432 853 ρον
448 778 502 832 τὰ
528 778 643 847 περὶ
670 776 850 830 αὐτῶν
876 776 1147 848 ἐκτεθείη,
1196 779 1292 831 καὶ
1318 778 1416 849 τὴν
1447 779 1600 846 τάξιν
1623 781 1723 852 τῆς
1747 782 1875 834 dm-

357 870 526 932 λουθίας
567 868 646 938 ἐφ’
691 869 909 938 ἑκάστῳ
961 861 1350 938 γνωρίσωμεν
1402 871 1432 922 6
1488 869 1738 940 δεύτερος
1783 872 1875 924 καὶ

359 954 633 1032 τριακοστὸς,
654 958 747 1012 κα).
762 959 1193 1029 τεσσαρακοστὸς
1219 961 1312 1012 καὶ
1339 959 1607 1029 δεύτερος.
1633 963 1740 1014 Καὶ
1762 963 1874 1030 (59)

356 1055 422 1107 lui
439 1053 613 1116 τούτοις
639 1054 671 1104 6
693 1051 1110 1121 ἑϐδομηκοστὺς,
1134 1048 1252 1104 εἶτα
1286 1051 1314 1103 6
1339 1052 1518 1123 τρίτος
1545 1055 1662 1122 μετ’
1691 1054 1872 1119 αὑτὸν,

356 1144 424 1197 καὶ
450 1143 566 1214 μετὰ
586 1142 808 1205 τούτους
839 1142 867 1193 6
911 1142 1309 1212 ὲννενηκοστός.
1349 1139 1481 1196 Εἶτα
1510 1143 1620 1214 (40)
1643 1146 1671 1197 6
1699 1144 1879 1197 δεύτεο

355 1254 438 1307 ρος,
463 1236 544 1288 καὶ
582 1231 814 1305 καθεξῆς
852 1234 957 1298 ἕως
994 1234 1087 1288 τοῦ
1135 1234 1314 1297 ἕκτου,
1362 1235 1455 1288 καὶ
1501 1236 1661 1291 πάλιν
1700 1237 1729 1289 6
1763 1237 1875 1306 (41)

243 1360 255 1373 ι
352 1327 493 1395 ὃγδοος
531 1327 613 1379 καὶ
659 1327 968 1389 τελευταῖος
1001 1328 1057 1380 ἐν
1100 1329 1211 1389 τοῖς
1253 1328 1641 1398 ἀνεπιγράφοις
1684 1327 1820 1399 (42),
1847 1330 1878 1380 6

353 1419 585 1483 ἑκατοστάς
612 1435 674 1472 τε
702 1424 794 1473 καὶ
829 1420 1031 1490 τρίτος.
1072 1419 1134 1472 'H
1166 1420 1263 1490 μὲν
1301 1415 1394 1473 οὖν
1424 1420 1574 1487 τάξις
1608 1420 1716 1473 τῶν
1747 1422 1878 1491 παρ’

360 1508 580 1580 Ἑϐραίοις
609 1508 1005 1579 ἀνεπιγράφων
1031 1510 1262 1581 ψαλμῶν
1286 1510 1443 1582 αὕτη.
1474 1511 1583 1583 Τὴν
1615 1512 1670 1565 δὲ
1699 1513 1879 1566 αίτίαν

350 1599 420 1654 τοῦ
461 1599 524 1670 μὴ
568 1601 970 1672 παραδεχθῆναι
1018 1602 1147 1674 παρ’
1194 1602 1373 1656 αὐτῶν
1425 1603 1523 1667 τὰς
1568 1606 1880 1675 ἐπιγραφὰς

351 1689 520 1753 ταύτας,
547 1691 638 1744 οὐκ
694 1691 858 1762 ἄλλην
899 1686 1053 1763 οἶμαί
1098 1711 1218 1748 τινα
1268 1693 1419 1765 παρᾶ
1454 1696 1552 1765 τὴν
1585 1698 1896 1768 εἰρημένην·

351 1779 469 1837 εἶναι.
520 1782 727 1836 Μᾶλλον
770 1783 815 1837 δ’
858 1782 925 1836 ἂν
966 1785 1095 1854 ἡμῖν
1137 1786 1164 1836 6
1206 1785 1333 1855 περὶ
1368 1786 1571 1839 τούτων
1613 1786 1767 1856 λόγος
1804 1792 1881 1854 εἰς

351 1874 563 1939 ἀπόδειξιν
587 1871 756 1945 ἦλθεν
790 1875 925 1942 (45),
966 1877 1014 1928 εί
1050 1874 1116 1927 δι’
1144 1876 1338 1943 ὀλίγων
1378 1877 1529 1941 τινὰς
1556 1877 1663 1933 τῶν
1700 1881 1882 1935 ἀνεπι-

353 1968 525 2035 nain
552 1967 786 2039 ψαλμῶν
829 1967 888 2031 ἐξ
928 1966 1226 2039 ἐπιδρομῆς
1266 1967 1609 2043 θεωρήσομεν
1644 1971 1776 2043 (44),
1806 1972 1881 2038 ὡς

352 2058 396 2111 ἂν
427 2062 453 2131 ἡ
492 2060 792 2131 κατηγορία
836 2059 933 2131 τῆς
960 2059 1068 2114 τῶν
1100 2061 1364 2116 Ἰουδαίων
1396 2065 1784 2137 ἀγνωμοσύνης
1811 2066 1878 2120 δι’

351 2150 481 2222 alti‘;
506 2154 588 2223 τῆς
623 2152 744 2223 (45)
768 2150 875 2204 τῶν
898 2152 1077 2223 ῥητῶν
1110 2152 1338 2224 θεωρίας
1368 2153 1427 2208 τὸ
1457 2156 1645 2211 πιστὸν
1676 2157 1807 2227 ἔχοι.

407 2328 592 2403 Ἐπειδὴ
626 2332 715 2403 τῷ
746 2332 806 2398 ἐξ
840 2332 1084 2402 οὐρανῶν
1131 2333 1221 2385 ἐπὶ
1252 2332 1348 2404 τὴν
1398 2334 1502 2403 γῆν
1541 2334 1747 2391 ὲλθόντι
1792 2353 1884 2391 κε-

345 2419 495 2476 λεῦειὸ
515 2423 727 2493 ψαλμὸς
761 2422 1178 2491 ἐπαγάλλεσθαι,
1212 2422 1401 2491 λέγων,
1442 2443 1458 2475 ι
1505 2425 1877 2495 Ἀγαλλιᾶσθε,

349 2507 502 2561 δίκαιοι
529 2510 580 2561 ὲν
610 2510 831 2580 Κυρίῳ,
880 2528 899 2561 ι
936 2510 1011 2573 ῶς
1032 2510 1126 2563 τοῦ
1157 2512 1356 2575 παντὸς
1375 2513 1680 2567 ἐπιστατῶν
1721 2516 1877 2586 (45⁸),

350 2602 420 2653 καὶ
442 2600 493 2664 ἐξ
519 2602 609 2655 οὐκ
633 2602 796 2664 ὄντος
823 2603 886 2655 τὸ
908 2604 1014 2656 πᾶν
1041 2605 1119 2666 είς
1144 2603 1205 2655 τὸ
1233 2598 1368 2657 εἶναι
1399 2605 1757 2678 παραγαγὼν,
1787 2607 1882 2662 καὶ

354 2693 583 2761 συντηρῶν
610 2694 731 2764 (66;
775 2695 834 2745 ἐν
877 2693 956 2763 τῷ
1003 2689 1142 2747 εἶναι
1184 2693 1249 2746 τὰ
1294 2695 1501 2748 πάντα·
1541 2693 1690 2751 eos?)
1717 2697 1883 2767 πρόσ-

346 2799 493 2851 ταγμα
533 2785 686 2838 οὐσία
738 2784 967 2853 γίνεται.
1006 2785 1150 2854 Δῦτη
1186 2785 1293 2856 γὰρ
1342 2787 1449 2839 τῶν
1502 2788 1659 2843 θείων
1704 2789 1883 2862 ῥημά-

345 2889 429 2926 των
453 2878 480 2946 ἡ
508 2876 703 2940 ἔννοια,
731 2878 813 2930 ὅτι
853 2895 872 2929 t
909 2877 1082 2940 Αὐτὸς
1107 2875 1226 2931 εἶπε
1250 2879 1341 2931 καὶ
1366 2880 1880 2952 ἐγεννήθησανμἹ),

340 2964 471 3030 αὐτὸς
492 2967 800 3021 ἐνετείλατο
835 2967 931 3020 καὶ
958 2967 1304 3039 ἐκτίσθησαν.
1352 2989 1371 3023 ι
1414 2966 1579 3034 Οὗτος
1616 2972 1882 3043 μακάριον

1974 519 2134 568 nem,
2180 519 2344 573 quam
2394 510 2615 574 propter
2660 504 3034 560 inﬁdelitatem
3054 505 3184 576 '_ipsi
3235 508 3546 576 repudient.

1975 594 2301 664 Hujusmodi
2346 596 2539 665 psalmi
2586 596 2641 649 in
2694 596 3011 653 universum
3062 606 3191 653 sunt
3236 598 3546 665 duodecim,

1979 689 1997 746 (
2014 696 2071 741 ut
2102 688 2415 742 summatim
2442 702 2731 742 numerum
2760 688 2963 754 dicam,
2997 703 3107 758 quo
3131 696 3186 743 et
3210 692 3547 754 accuratius,

1978 795 2100 849 quae
2144 780 2209 834 ad
2255 780 2501 850 singulos
2536 781 2832 849 pertinent,
2875 780 3237 849 explicentur,
3280 779 3552 850 simulque

1978 871 2280 939 cujuslibet
2319 872 2457 927 ordo
2500 880 2555 927 et
2586 871 2881 943 dispositio
2912 872 3299 942 innotescat),
3333 887 3549 941 nempe,

1978 960 2290 1016 tricesimus
2320 963 2630 1025 secundus,
2660 970 2714 1016 et
2744 962 3204 1032 quadragesimus
3248 962 3547 1018 sectandus.

1977 1050 2110 1107 Post
2140 1054 2241 1108 hos
2269 1055 2707 1124 septuagesimus
2730 1096 2745 1119 ,
2792 1061 2848 1108 et
2880 1055 3074 1109 tertius
3104 1056 3174 1109 ab
3200 1056 3328 1111 isto.
3354 1055 3551 1111 Postea

1977 1145 2368 1214 nonagesimus
2392 1186 2407 1211 ,
2462 1144 2660 1200 deinde
2695 1144 2970 1200 secundus
3013 1145 3084 1200 ab
3122 1145 3225 1200 hoe
3264 1162 3441 1214 usque
3483 1148 3549 1200 ad

1977 1240 2214 1289 sextum.
2259 1234 2474 1290 Rursus
2510 1244 2736 1290 octavus
2756 1276 2770 1301 ,
2792 1244 2854 1290 'et
2880 1235 3105 1292 ultimus
3134 1237 3276 1291 inter
3301 1237 3425 1293 illos
3456 1240 3552 1309 qui

1978 1323 2335 1394 inscriptione
2368 1333 2579 1391 carent,
2615 1327 2948 1382 centesimus
2978 1327 3195 1383 tertius.
3233 1326 3359 1383 Haec
3384 1329 3553 1399 igitur

1975 1422 2064 1471 est
2090 1415 2262 1471 series
2284 1415 2643 1484 psalmorum,
2679 1417 2773 1486 qui
2804 1416 2948 1487 apud
2985 1415 3243 1473 Hebraeos
3268 1419 3435 1474 nullis
3467 1420 3554 1473 in-

1981 1507 2378 1577 scriptionibus
2409 1507 2804 1577 insigniuntur.
2850 1508 3087 1562 Causam
3122 1524 3223 1564 cur
3256 1525 3365 1565 non
3405 1513 3551 1568 reci-

1980 1600 2132 1670 piant
2167 1600 2303 1656 istas
2335 1600 2727 1669 inscriptiones
2777 1599 2938 1654 aliam
2970 1615 3083 1654 non
3125 1602 3364 1658 arbitror
3393 1620 3548 1668 esse,

1981 1705 2142 1761 quam
2166 1706 2287 1745 eam
2317 1706 2439 1762 qua:
2463 1704 2628 1760 supra
2646 1704 2676 1743 a
2707 1704 2795 1744 me
2821 1690 3058 1745 adducta
3087 1699 3192 1746 est.
3216 1689 3323 1747 Sed
3350 1693 3553 1748 clarior

1981 1791 2035 1839 et
2064 1783 2356 1838 dilueidior
2387 1783 2552 1853 hujus
2585 1783 2664 1838 rei
2700 1781 3098 1838 demonstratio
3128 1783 3255 1850 erit,
3284 1784 3333 1840 si
3360 1786 3552 1855 paucis

1983 1865 2246 1944 quosdam
2279 1875 2523 1945 psalmos
2572 1875 2954 1944 inscriptionis
2986 1883 3268 1945 expertes,
3304 1877 3464 1946 quasi
3495 1879 3549 1935 in

1984 1975 2307 2021 transcursu
2338 1966 2731 2036 inspiciamus,
2767 1976 2826 2022 ut
2860 1968 3216 2036 reprehensio
3239 1974 3295 2022 et
3326 1982 3555 2025 accusa-

1985 2060 2081 2124 tio,
2104 2074 2269 2129 quam
2308 2058 2363 2113 in
2410 2057 2650 2128 perﬁdos
2680 2066 2735 2115 et
2776 2058 3099 2128 insipientes
3132 2057 3355 2114 Judaaos
3390 2058 3554 2114 insti-

1982 2152 2210 2218 tuimus,
2246 2166 2310 2206 ex
2344 2149 2461 2220 ipsa
2489 2150 2776 2205 verborum
2801 2158 2854 2205 et
2884 2151 3276 2206 sententiarum
3303 2151 3555 2208 conside-

1982 2242 2197 2296 ratione
2218 2240 2601 2308 conﬁrmetur,
2634 2234 2905 2309 ﬁdemque
2930 2239 3037 2296 sibi
3068 2241 3350 2296 conciliet.

2056 2330 2304 2388 Venienti
2333 2332 2501 2401 igitur
2533 2347 2598 2388 ex
2638 2331 2778 2388 ccelo
2804 2331 2862 2387 in
2897 2339 3099 2386 terram
3120 2332 3278 2402 jubet
3304 2334 3554 2404 psalmus

1982 2425 2414 2494 applauderehis
2432 2425 2613 2480 verbis
2630 2429 2685 2491 εἷς
2711 2424 3154 2497 Exsultatc,,justi
3172 2425 3224 2480 in
3249 2425 3498 2489 Domino,
3530 2446 3548 2479 ι

1981 2523 2035 2569 et
2068 2516 2397 2586 applaudite,
2426 2523 2681 2586 tanquam
2713 2518 3087 2571 universitatis
3115 2518 3277 2586 hujus
3308 2519 3555 2591 modera-

1983 2607 2107 2669 tori,
2140 2607 2231 2675 qui
2262 2621 2324 2661 cx
2356 2607 2525 2660 nihilo
2552 2621 2713 2662 omne
2730 2607 2997 2676 quodest,
3026 2608 3091 2661 ad
3118 2623 3239 2663 esse
3259 2608 3471 2672 eduxit,
3500 2622 3554 2664 et

1983 2697 2163 2752 omnia
2194 2698 2246 2750 in
2284 2712 2385 2752 suo
2406 2712 2529 2752 esse
2556 2706 2877 2763 conservat,
2908 2698 3068 2767 cujus
3114 2710 3444 2769 praeceptum
3472 2708 3556 2754 cst

1983 2803 2166 2843 rerum
2186 2789 2514 2843 substantia.
2551 2787 2674 2843 Haec
2688 2776 2833 2843 enim
2862 2791 3013 2844 notio
3030 2790 3322 2860 subjicitur
3354 2790 3556 2847 divinis

1984 2878 2093 2933 illis
2106 2878 2288 2933 verbis
2306 2896 2318 2932 :
2341 2897 2358 2929 ‹
2384 2877 2505 2947 Ipse
2517 2877 2653 2931 dixit
2670 2886 2722 2931 et
2750 2879 2887 2932 facta
2909 2887 3058 2943 sunt,
3074 2880 3188 2948 ipse
3206 2879 3483 2934 mandavit
3502 2888 3557 2934 ct

1984 2978 2169 3026 creata
2192 2976 2341 3024 sunt.
2377 2988 2397 3022 ι
2421 2969 2520 3023 llic
2550 2970 2763 3024 beatam
2787 2970 2915 3024 facit
2933 2978 3168 3041 gentem,
3194 2987 3313 3041 quae
3339 2972 3558 3028 nomine

341 3059 459 3109 ποιεῖ
481 3058 536 3110 τὺ
576 3058 737 3121 ἔθνος
774 3057 836 3111 τὸ
863 3058 953 3110 ἐπὶ
982 3058 1060 3129 τῷ
1089 3059 1307 3129 ὀνόματι
1347 3060 1509 3114 αὐτοῦ
1557 3063 1883 3132 στηριζόμε-

1986 3064 2157 3133 ipsius
2191 3062 2401 3127 nititur,
2447 3078 2548 3117 nos
2582 3077 2678 3134 per
2715 3072 2928 3133 gentem
2973 3064 3309 3135 intelligens,
3352 3065 3555 3135 quibus

338 3164 425 3209 νον,
459 3152 596 3220 ἡμᾶς
629 3151 814 3218 λέγων
840 3150 900 3203 τὸ
943 3151 1112 3215 ἔθνος,
1143 3147 1223 3214 οἷς
1249 3155 1281 3224 ἡ
1315 3154 1469 3216 ἐλπὶς
1489 3154 1588 3224 τῆς
1616 3156 1897 3237 σωτηρίας,

335 3238 385 3292 τὸ
400 3240 553 3310 ὄνομα
574 3242 666 3296 τοῦ
696 3242 945 3313 Χριστοῦ
971 3244 1139 3307 ἐστιν,
1221 3245 1696 3316 συνονομαζὸμεθα
1716 3248 1764 3299 oi
1790 3264 1888 3298 πε-

335 3336 672 3398 πιστευκότες.
720 3354 742 3386 ¢
782 3336 903 3388 Ὅτι
935 3335 992 3399 ἐξ
1024 3336 1250 3405 οὐρανοῦ
1287 3336 1582 3405 ἐπέϐλεψεν
1607 3339 1635 3390 ὁ
1663 3337 1886 3407 Κύριος,

330 3423 405 3476 τοῦ
439 3426 557 3479 ἰδεῖν
589 3428 810 3490 πάντας
850 3428 996 3490 υἱοὺς
1027 3426 1133 3479 τῶν
1160 3427 1480 3497 ἀνθρώπων,
1518 3429 1584 3482 ὲκ
1627 3428 1722 3480 τοῦ
1753 3429 1891 3481 ἑτοί-

327 3532 415 3583 μου
451 3519 877 3589 κατοικητηρξου
924 3517 1089 3571 αὐτοῦ
1117 3518 1253 3588 (48).
1292 3537 1311 3570 ι
1351 3519 1786 3589 Κατοικητήριον
1831 3520 1889 3573 δὲ

324 3607 464 3659 αὑτοῦ
499 3609 731 3677 ἕτοιμον
770 3608 830 3662 τὸ
863 3607 950 3660 ἀεὶ
990 3607 1071 3670 ὃν,
1119 3610 1212 3662 τὸν
1245 3611 1461 3680 Πατέρα
1498 3611 1799 3681 ὠνόμασεν,
1828 3606 1889 3666 οὗ

324 3697 376 3748 τὸ
394 3694 523 3751 εἶναι
552 3700 641 3753 ἀεί
673 3702 863 3757 ἐστινν
887 3700 987 3752 οὐκ
1010 3699 1071 3752 ἔκ
1095 3716 1238 3762 τινος
1266 3700 1576 3771 γενόμενον,
1603 3703 1735 3756 ἀλλὰ
1765 3703 1890 3757 πάν-

318 3805 420 3841 τοτε
462 3791 731 3862 ἕτοιμονο
787 3792 882 3844 καὶ
937 3792 999 3843 οὐ
1058 3791 1394 3861 ξενιζόμεθα,
1450 3794 1532 3845 ὃτι
1576 3794 1634 3859 ἐξ
1682 3795 1887 3847 ἐκείνου

320 3880 399 3931 τοῦ
425 3882 531 3951 (ιο)
554 3900 872 3953 κατοικητη
883 3883 995 3951 ρίου
1022 3887 1134 3946 τοῖς
1162 3883 1269 3936 τῶν
1301 3883 1601 3954 ἀνθρώπων
1635 3887 1769 3949 υἱοῖς
1793 3903 1889 3940 κα-

311 3973 656 4041 ταμίγνυται,
694 3974 831 4036 Υἱὸς
882 3974 1167 4046 ἀνθρώπου
1217 3974 1531 4045 γενόμενος,
1562 3975 1649 4029 διὰ
1695 3975 1756 4028 τὸ
1788 3994 1888 4030 πε-

314 4065 534 4125 πεῖσθαι,
564 4066 652 4118 ὅτι
690 4066 863 4128 αὑτός
894 4067 1040 4118 ἐστιν
1069 4083 1088 4115 ι
1112 4065 1168 4117 '0
1204 4063 1414 4129 πλάσας
1449 4068 1759 4137 καταμόνας
1791 4066 1889 4132 τὰς

304 4155 511 4223 καρδίας
551 4157 733 4228 ἡμῶν
765 4157 901 4226 (50).
941 4177 959 4210 ι
1000 4156 1062 4210 Εἰ
1088 4156 1196 4229 γὰρ
1233 4156 1442 4210 ἐκείνου
1488 4157 1710 4228 πλάσμα
1733 4160 1887 4229 η’ἁν-

306 4241 537 4317 Θρωπίνη
571 4249 775 4316 φύσις,
810 4249 867 4301 τί
903 4246 1089 4301 καινὸν
1124 4249 1187 4300 ὲκ
1222 4248 1324 4301 τοῦ·
1354 4248 1650 4318 μυστηρίου
1684 4248 1890 4319 μανθά-

296 4349 482 4402 νομεν;
513 4337 653 4390 Ὅτι
672 4339 706 4391 ὁ
722 4336 1003 4405 Δεσπότης
1019 4335 1119 4402 τῆς
1144 4335 1358 4405 φύσεως
1380 4338 1459 4399 εἰς
1486 4337 1554 4391 τὰ
1575 4336 1679 4389 ῐδια
1702 4333 1884 4407 ἦλθεν

1990 3169 2114 3225 spes
2145 3157 2336 3211 salutis
2375 3156 2430 3209 in
2468 3158 2689 3210 nomine
2724 3155 2926 3209 Christi
2956 3155 3133 3225 posita
3154 3197 3168 3223 ,
3202 3156 3402 3226 quique
3432 3171 3556 3210 cum

1988 3248 2343 3310 credidiums,
2368 3264 2395 3299 a
2419 3246 2640 3302 Christo
2658 3262 2854 3301 nomen
2877 3247 3211 3317 accepimus.
3241 3266 3259 3299 ι
3292 3246 3559 3314 Quoniam

1989 3340 2058 3395 de
2095 3341 2235 3393 cmlo
2278 3341 2519 3410 respexit
2556 3341 2820 3395 Dominus
2845 3379 2857 3403 ,
2892 3348 2951 3394 ut
2982 3339 3162 3395 videat
3201 3354 3392 3395 omnes
3425 3338 3562 3393 ﬁlios
3636 3394 3639 3401 λ

1989 3432 2272 3487 hominum
2297 3473 2311 3496 ,
2338 3434 2403 3487 de
2440 3441 2746 3502 praeparato
2772 3428 3081 3484 habitaequ
3096 3427 3273 3484 suo“.
3303 3449 3319 3480 ι
3348 3430 3565 3500 Praepa-

1988 3532 2168 3579 ratum
2198 3525 2319 3592 ejus
2361 3514 2764 3587 habitaculum,
2799 3523 3056 3592 quodque
3083 3537 3299 3591 semper
3323 3529 3439 3589 est,
3470 3520 3567 3575 Pa-

1989 3623 2128 3670 trem
2160 3615 2482 3685 appellavit',
2517 3615 2677 3683 cujus
2707 3628 2829 3668 esse
2852 3629 3066 3683 semper
3094 3620 3208 3679 est;
3236 3611 3438 3682 quippe
3468 3611 3563 3681 qui

1989 3724 2056 3761 ex
2099 3708 2247 3760 nullo
2288 3707 2355 3759 sit
2394 3705 2650 3776 genitus,
2690 3704 2784 3759 sed
2827 3718 3044 3772 semper
3076 3713 3443 3771 praeparatum
3477 3709 3565 3757 est

1989 3799 2093 3853 hoc
2118 3798 2510 3865 habitaculum;
2547 3812 2723 3866 neque
2757 3795 3161 3859 aberrabimus,
3196 3794 3241 3848 si
3275 3794 3565 3851 credamus

1989 3905 2113 3944 eum
2158 3904 2222 3943 ex
2270 3887 2365 3943 illo
2402 3897 2707 3958 praeparato
2746 3887 3064 3942 habitacula
3109 3886 3566 3951 descendentem,

1991 3980 2117 4034 ﬁliis
2164 3980 2445 4035 hominum
2479 3987 2830 4049 aggregatum
2871 3993 3024 4040 csse,
3080 3978 3282 4031 factum
3328 3976 3567 4031 hominis

1989 4070 2208 4137 Filium,
2242 4086 2308 4126 eo
2341 4070 2485 4141 quod
2521 4072 2678 4126 nobis
2708 4077 2859 4124 certo
2891 4083 3210 4139 persuasum
3236 4069 3308 4123 sit
3330 4107 3342 4127 .
3388 4067 3568 4136 ipsum

1989 4176 2111 4218 esse
2131 4165 2220 4232 qui
2244 4181 2262 4213 ι
2298 4160 2455 4215 ﬁnxit
2481 4160 2755 4230 sigillatim
2785 4159 2950 4213 corda
2981 4159 3243 4227 ipsorum.
3287 4176 3305 4208 ι
3341 4154 3397 4209 Si
3422 4156 3567 4209 enim

1988 4254 2163 4324 ipsius
2198 4254 2514 4324 ﬁgmentum
2548 4259 2634 4307 est
2672 4251 2909 4304 humana
2935 4260 3153 4313 natura,
3192 4246 3387 4303 merito
3416 4261 3570 4316 quze-

1986 4353 2075 4400 rat
2102 4346 2245 4414 quis.
2292 4343 2431 4410 Quid
2464 4342 2592 4397 novi
2624 4342 2729 4396 hoc
2773 4341 3037 4411 mysterio
3070 4338 3393 4395 discamus?
3429 4338 3569 4392 Illud

435 4427 487 4477 οἱ
529 4426 803 4497 Ἑϐραῖοι
838 4423 997 4477 αὑτὸν
1029 4425 1128 4478 οὐκ
1168 4425 1439 4489 ἐδέξαντο.
1479 4427 1571 4479 Διὸ
1616 4425 1885 4498 τούτοιςὴ

1993 4437 2282 4498 videlicet,
2317 4434 2607 4489 Dominum
2642 4441 2854 4489 natura;
2894 4434 2947 4487 in
2981 4431 3200 4503 propria
3235 4430 3476 4496 venisse,
3514 4439 3570 4484 ct

294 4516 569 4589 ἐπιγραφὴ
604 4518 724 4571 οὐκ
780 4518 950 4579 ἐστιν.
975 4516 1098 4569 οὐδὲ
1138 4518 1167 4570 6
1204 4516 1356 4585 ἥλιος
1387 4516 1464 4587 τῷ
1493 4516 1567 4588 μὴ
1619 4516 1891 4587 βλέποντι.

293 4604 446 4659 Ὅθεν
467 4610 567 4662 τὸν
600 4608 766 4663 κατά
792 4607 970 4679 σάρκα
1000 4607 1092 4660 τοῦ
1133 4608 1299 4679 νόμου
1322 4608 1543 4680 δρόμον,
1570 4608 1629 4661 δν
1673 4629 1692 4661 ι
1723 4610 1890 4681 ψευδῆ

290 4696 445 4754 ἵππον
478 4720 497 4753 ο
536 4701 737 4769 λέγει,
778 4702 874 4755 καὶ
917 4701 1030 4770 (δι)
1072 4704 1253 4755 πᾶσαν
1296 4701 1396 4770 τὴν
1436 4700 1735 4772 σωματώδη
1784 4702 1893 4755 τῶν

290 4792 515 4847 Μώὡν
544 4793 901 4864 κατανόησιν
932 4792 1111 4864 (τοῦτο
1141 4793 1188 4846 δ’
1218 4792 1285 4846 ἂν
1312 4793 1396 4861 εἴη
1425 4794 1453 4845 6
1484 4793 1687 4861 γίγας),
1717 4794 1891 4866 ἄχρη-

291 4898 405 4936 στον
442 4886 526 4950 είς
568 4884 873 4955 σωτηρίαν
933 4884 1213 4957 κρίνομεν*
1272 4882 1455 4948 καθὼς
1506 4883 1780 4940 διαϐάλλει
1822 4884 1893 4940 τὰ

354 5040 397 5070 ⁵³
420 5038 579 5096 Psal.
617 5056 817 5108 xxxii,
858 5042 884 5095 l
916 5056 1036 5113 sqq.

358 5194 471 5263 (38)
503 5196 565 5250 A’
590 5213 722 5252 om.
760 5200 849 5255 ed.

360 5265 475 5333 139)
496 5269 625 5323 Καί
660 5285 791 5323 om.
818 5270 904 5324 ed.

386 5337 475 5401 ιο)
506 5338 621 5391 Καί
657 5338 803 5392 add.
832 5340 917 5394 ed.

386 5405 477 5473 tt)
515 5410 582 5460 Ὀ
603 5423 731 5461 om.
773 5408 859 5464 ed.

376 5474 482 5541 (ἢ)
496 5477 903 5546 Ἑπιγράφοις,
931 5485 1017 5533 ed.

377 5547 481 5611 (Β)
516 5547 745 5610 Ἕλθοι,
780 5548 862 5600 ed.

379 5616 485 5689 (μ)
507 5617 925 5689 Θεωρήσωμεν,
958 5616 1040 5672 ed.

389 5688 487 5749 N5)
507 5688 625 5755 τῆς
657 5702 782 5741 om.
814 5688 887 5741 ed.
1018 5721 1025 5729 -

1992 4526 2060 4580 ab
2086 4525 2327 4582 Hebraeis
2358 4533 2635 4596 receptum
2671 4541 2779 4579 non
2810 4540 2951 4580 esse.
2988 4522 3260 4590 Quocirca
3285 4522 3572 4593 inscriptio

1994 4618 2102 4673 illis
2137 4620 2321 4682 nulla,
2354 4629 2414 4674 ut
2459 4632 2561 4673 nec
2610 4618 2690 4672 sol
2739 4618 2848 4682 illi,
2891 4617 2983 4687 qui
3020 4616 3155 4670 nihil
3189 4616 3355 4671 videt.
3416 4612 3573 4669 Unde

1993 4719 2213 4761 Cursum
2253 4706 2387 4777 legis
2424 4706 2723 4761 secundum
2755 4720 2979 4761 carnem
3006 4745 3022 4770 ,
3068 4719 3228 4776 quem
3270 4722 3289 4756 ι
3325 4703 3572 4760 fallacem

1992 4812 2191 4867 equum
2225 4816 2244 4849 ι
2271 4797 2540 4862 nominat,
2569 4805 2623 4854 et
2646 4813 2862 4853 omnem
2884 4798 3031 4851 illam
3058 4796 3399 4867 corporalem
3419 4811 3576 4850 man-

1993 4888 2247 4944 datorum
2275 4889 2713 4962 intelligentiam,
2751 4904 2872 4961 quae
2897 4887 3154 4945 fortassis
3180 4887 3345 4944 fuerit
3374 4886 3466 4942 ille
3486 4886 3570 4957 gi-

2091 5196 2204 5267 ιε’)
2242 5195 2668 5257 Ἐπιστατοῦντι,
2690 5194 2788 5267 οὐ.

2091 5260 2589 5337 ᾆθΥΠαραγαγὸντι
2618 5265 2713 5319 καὶ
2747 5262 3120 5337 συντηροῦντι,
3154 5260 3246 5317 ed.

2090 5336 2180 5406 47)
2208 5336 2593 5406 Ἐγενήθησαν,
2608 5339 2708 5406 fed.

2093 5405 2180 5460 48)
2205 5405 2395 5460 Αὐτοῦ
2411 5405 2522 5458 om.
2556 5405 2643 5458 ed.

2093 5406 2180 5472 48)
2205 5406 2377 5460 Αὐτοῦ
2411 5421 2522 5458 om.
2556 5406 2643 5458 ed.

2069 5406 2186 5546 $69)
2225 5474 2476 5546 Ἑτοίμου
2503 5474 2631 5546 add.
2657 5474 2743 5529 ed.

2096 5544 2187 5613 50)
2213 5544 2429 5611 Αὐτῶν,
2458 5544 2545 5613 ed.

2096 5550 2187 5613 50)
2213 5550 2429 5611 Αὐτῶν,
2458 5550 2545 5597 ed.

2074 5550 2186 5687 (51)
2212 5615 2367 5669 Κατά
2388 5612 2609 5685 quidam
2638 5612 2798 5670 codd.
