4054 6436
583 394 686 452 519

1866 377 1924 431 5.
1956 371 2284 432 GREGORII
2321 370 2610 428 NYSSENI

3723 365 3816 420 5‘20

585 516 706 576 gas,
737 496 873 553 nihil
908 495 976 552 ad
1005 495 1236 553 salutem
1271 493 1525 549 conferre
1545 491 1853 564 judicamus
1879 508 1894 556 ;
1926 495 2087 560 prout
2115 494 2167 542 et

2276 488 2488 542 τοιαῦτα
2516 487 2544 538 ὁ
2569 485 2871 558 Ψαλμῳδὸς
2902 485 2967 539 δι’
2997 485 3310 556 αἰνίγματος
3335 482 3530 552 λέγων’
3565 501 3583 534 ι
3616 484 3818 555 Ψευδὴς

590 593 707 661 ipse
752 589 1093 645 Psalmorum
1142 587 1380 654 scriptor
1429 585 1560 638 talia
1595 584 1886 653 aenigmate
1923 579 2162 650 quodam

587 680 861 744 traducit,
898 694 1024 732 eum
1058 677 1134 732 ait
1175 693 1188 730 :
1230 695 1248 728 ι
1288 673 1473 730 Fallax
1506 689 1685 744 equus
1710 674 1779 728 ad
1812 672 2079 734 salutem,
2116 678 2172 724 et

587 771 742 841 gigas
773 785 882 826 non
914 769 1214 825 salvabitur
1246 768 1300 822 in
1331 765 1682 822 multitudine
1721 765 1942 820 virtutis
1973 777 2104 818 suae.
2143 780 2162 813 ι

589 861 969 932 Respicientes
997 876 1124 915 vero
1150 864 1206 914 in
1229 874 1354 915 eum
1373 901 1388 925 ,
1417 860 1510 930 qui
1551 859 1745 914 liberat
1771 872 1801 911 a
1843 864 2020 911 morte
2051 855 2171 909 ani-

590 969 708 1008 mas
739 963 958 1008 nostras
982 967 1078 1021 per
1109 952 1388 1006 caelestem
1425 950 1631 1013 cibum,
1676 939 2168 1021 (quemadmodum

589 1040 862 1112 Propheta
906 1041 1040 1095 dicit
1081 1058 1096 1094 :
1133 1059 1152 1091 ι
1202 1038 1358 1094 Oculi
1405 1038 1622 1093 Domini
1650 1053 1816 1108 super
1863 1043 2170 1092 metuentes

594 1147 742 1196 eum,
778 1143 832 1186 ct
866 1131 918 1185 in
940 1131 1021 1186 eis
1045 1130 1137 1200 qui
1169 1139 1393 1199 sperant
1411 1145 1589 1199 super
1615 1127 1999 1185 misericordia
2023 1127 2165 1197 ejus,

590 1233 647 1276 ut
679 1222 875 1276 liberet
921 1235 950 1274 a
985 1229 1158 1274 morte
1192 1220 1406 1275 animas
1445 1234 1671 1285 eorum,
1711 1227 1767 1274 et
1818 1219 1928 1272 alat
1974 1234 2071 1275 eos
2111 1219 2166 1272 in

590 1313 734 1369 fame
755 1313 798 1383 ι)
831 1313 964 1367 illud
996 1312 1348 1382 proferimus,
1376 1330 1394 1364 ι
1419 1311 1614 1366 Anima
1650 1319 1839 1368 nostra
1871 1311 2168 1368 sustinebit

589 1405 901 1467 Dominum,
944 1405 1035 1474 qui
1083 1420 1149 1459 ex
1196 1405 1354 1460 caelis
1394 1419 1497 1461 nos
1517 1405 1894 1475 intuetur,»et
1920 1425 1939 1458 ι
1981 1404 2166 1469 :Fiat,

589 1495 837 1560 Domine,
876 1495 1256 1550 misericordia
1297 1504 1388 1549 tua
1435 1510 1603 1565 super
1642 1510 1765 1561 nos,
1814 1495 2171 1565 quemadmo-

589 1588 718 1642 dum
754 1587 1094 1656 speravimus
1128 1586 1182 1639 in
1213 1593 1284 1640 te.
1331 1604 1350 1635 ι

659 1709 889 1779 Propter
929 1708 1045 1762 hinc
1081 1707 1334 1774 repudiat
1366 1705 1590 1762 Judaeus
1633 1707 1830 1777 psalmi
1875 1709 2027 1765 illius
2087 1709 2170 1764 in-

2271 580 2435 643 ἵττπος
2480 581 2561 642 είς
2605 579 2896 650 σωτηρίαν,
2945 578 3041 632 καὶ
3097 577 3259 645 γίγας
3313 577 3373 629 ού
3422 575 3718 646 σωθήσεται
3768 580 3823 630 ὲν

2269 669 2464 740 πλήθει
2484 668 2666 739 ίσχύος
2682 668 2868 723 αὑτοῦ.
2913 685 2930 720 ι
2951 667 3250 728 Βλέποντες
3273 666 3331 719 δὲ
3350 666 3442 718 ἐπὶ
3465 666 3554 720 τὸν
3573 668 3826 738 ῥυόμενον

2265 761 2332 814 ἐκ
2371 760 2600 814 θανάτου
2644 759 2742 823 τάς
2767 759 2942 830 ψυχὰς
2968 757 3127 828 ήμῶν
3172 757 3260 811 διά
3288 758 3388 827 τῆς
3430 757 3683 827 οὐρανίας
3709 775 3830 827 τρο-

2270 851 2376 922 φῆς
2408 850 2612 920 (καθώς
2639 849 2842 920 φησινό
2876 849 3189 918 Προφήτης,
3224 847 3303 900 ὅτι
3333 847 3443 917 (52)
3475 866 3493 897 ‹
3537 846 3832 916 Ὀφθαλμοὶ

2267 942 2476 1012 Κυρίου
2505 943 2594 994 ἐπὶ
2625 941 2749 1003 τοὺς
2778 925 3140 1009 φοϐουμένους
3176 939 3356 1002 αὑτὸν,
3394 940 3502 1008 (55)
3530 939 3654 1000 τοὺς
3682 938 3832 990 ἑλπί-

2267 1032 2460 1096 ζοντας
2487 1032 2579 1084 ἐπὶ
2607 1031 2668 1084 τὸ
2695 1030 2841 1091 ἕλεος
2872 1027 3059 1090 αὐτοῦ,
3087 1027 3351 1099 ῥύσασθαι
3380 1031 3445 1081 ἐκ
3478 1027 3704 1082 θανάτου
3737 1025 3836 1088 τὰς

2266 1123 2446 1194 ψυχὰς
2476 1123 2673 1184 αὐτῶν,
2703 1122 2797 1174 καὶ
2833 1120 3120 1192 διαθρέψαι
3156 1121 3353 1184 αὐτοὺς
3384 1121 3440 1172 ὲν
3474 1118 3618 1189 λιμῷ
3640 1121 3706 1185 ι),
3737 1135 3838 1185 φα-

2273 1216 2369 1288 μὲν
2398 1217 2592 1278 ἐκεῖνο,
2619 1215 2699 1268 ὅτι
2732 1234 2751 1266 ι
2785 1213 2848 1267 Ἦ
2876 1213 3020 1285 ψυχὴ
3051 1213 3205 1284 ἡμῶν
3239 1213 3498 1282 ὑπομενεῖ
3521 1211 3597 1280 τῷ
3627 1211 3835 1281 Κυρίῳ,

2269 1309 2346 1381 τῷ
2375 1310 2432 1376 ἐξ
2452 1308 2693 1381 οὐρανῶν
2724 1310 2872 1379 ἡμᾶς
2891 1306 3257 1376 ἐπιϐλέψαντι.
3280 1324 3298 1356 ι
3315 1305 3529 1366 Καὶῶτι
3557 1321 3574 1354 ι
3604 1299 3835 1368 Γένοιτο,

2269 1401 2463 1474 Κύριε,
2501 1402 2562 1454 τὸ
2606 1401 2754 1463 ἔλεός
2800 1417 2896 1454 σου
2933 1399 3019 1468 ἐφ’
3049 1399 3216 1471 ἡμᾶς,
3257 1397 3508 1466 καθάπερ
3535 1395 3839 1466 ἠλπίσαμεν

2269 1495 2361 1548 ἐπὶ
2390 1495 2468 1549 σέ.
2503 1513 2523 1546 ι

2344 1713 2441 1767 Διά
2487 1713 2655 1767 ταῦτα
2706 1712 2801 1782 τὴν
2835 1709 3143 1782 ἐπιγραφὴν
3197 1708 3287 1763 τοῦ
3331 1707 3542 1778 ψαλμοῦ
3593 1705 3784 1760 τούτου
3815 1709 3844 1760 ὁ

590 1801 960 1869 scriptionem.
993 1795 1208 1852 Rursus
1241 1797 1314 1851 ob
1339 1797 1588 1851 eamdem
1622 1799 1892 1852 rationem
1928 1798 2173 1868 psalmus

2283 1807 2532 1879 Ἐϐραῖος
2557 1806 2616 1859 ού
2642 1805 2872 1876 δέχεται.
2899 1805 3066 1858 Πάλιν
3105 1803 3247 1857 κατά
3272 1803 3360 1855 τὸν
3388 1801 3549 1855 αὑτὸν
3588 1799 3790 1872 τρόπον
3817 1800 3846 1850 ὁ

587 1890 1040 1960 quadragesimus
1058 1889 1334 1944 secundus
1365 1890 1508 1958 apud
1530 1887 1788 1943 Hebraeos
1812 1888 2173 1960 inscriptione

593 1995 704 2036 non
739 1986 1100 2049 praenotatur.
1127 1975 1398 2039 Ostendit,
1427 1977 1687 2040 arbitror,
1723 1976 1841 2046 ipsa
1873 1978 2189 2056 verborum‘

588 2071 786 2143 psalmi
816 2069 1008 2133 series,
1041 2068 1284 2138 mysterii
1311 2067 1364 2121 in
1386 2067 1595 2136 psalmo
1619 2068 1723 2121 hoc
1749 2067 2026 2136 explicati,
2055 2059 2170 2132 eo's,

589 2165 683 2232 qui
719 2170 883 2217 sectae
915 2160 1158 2214 Judaictr
1189 2158 1392 2213 addicti
1427 2165 1586 2224 sunt,
1622 2173 1853 2228 capaces
1874 2175 1985 2214 non
2018 2175 2169 2225 esse,

587 2254 923 2308 Coliortatur
958 2265 1192 2320 namque
1217 2291 1232 2315 ,
1269 2256 1329 2303 ut
1363 2257 1627 2304 renovata
1664 2249 1957 2319 juventute
2000 2252 2176 2305 intro-

592 2358 785 2397 camus
816 2340 883 2395 ad
918 2341 1112 2394 altare.
1146 2338 1252 2394 Sed
1281 2337 1527 2394 Judaeum
1558 2339 1706 2392 nulla
1739 2339 1902 2408 hujus
1932 2339 2008 2393 rei
2043 2354 2176 2393 cura

591 2434 785 2504 tangit.
812 2431 932 2486 Non
955 2431 1100 2486 enim
1130 2431 1383 2485 renovari
1412 2444 1535 2486 sese
1566 2429 1774 2499 patitur
1807 2430 2068 2501 mysterio
2099 2443 2182 2487 sa-

593 2527 724 2580 lutis
761 2539 858 2596 per
888 2538 1186 2594 supernam
1219 2523 1719 2593 regenerationem.

663 2649 954 2720 Inscriptio
995 2647 1192 2718 psalmi
1240 2647 1652 2718 septuagesimi,
1691 2664 1813 2718 quae
1849 2648 1903 2702 in
1937 2647 2178 2705 editione

593 2742 856 2798 Ecclesiae
882 2741 961 2796 sic
1000 2740 1162 2795 habet
1187 2757 1199 2793 :
1229 2758 1248 2791 ι
1277 2739 1385 2794 Pro
1411 2740 1538 2794 ﬁliis
1559 2739 1906 2804 Jonadab,et
1929 2741 2174 2810 priorum

593 2835 958 2904 captivorum,
987 2851 1005 2883 ›
1036 2832 1104 2885 ab
1135 2827 1378 2886 Hebraeis
1401 2831 1624 2886 omnino
1653 2831 1925 2901 praterita
1949 2837 2049 2887 est.
2077 2831 2178 2885 Cu-

589 2925 681 2998 jus
705 2940 870 2980 causa
898 2925 1048 2980 clare
1077 2923 1268 2994 liquet.
1297 2921 1430 2976 Nam
1467 2937 1590 2977 cum
1628 2923 1680 2976 in
1715 2923 1799 2978 liis
1827 2930 1936 2976 tam
1964 2924 2177 2992 perspi-

594 3033 695 3074 cua
732 3017 843 3072 sint
875 3016 942 3071 de
973 3015 1202 3070 Domino
1234 3022 1422 3069 nostro
1462 3014 1707 3076 oracula,
1739 3013 2054 3083 coarguitur
2081 3012 2177 3068 Ju-

2272 1894 2703 1967 τεσσαρακοστὸς
2750 1911 2809 1947 τε
2849 1893 2942 1946 καὶ
2984 1893 3232 1964 δεύτερος
3272 1893 3382 1955 τοῖς
3423 1890 3691 1962 Ἑϐραίοις
3729 1891 3848 1943 ὲπι-

2275 1987 2492 2057 γραφὴν
2514 1984 2614 2037 οὐκ
2639 1983 2770 2054 ἔχει,
2803 1983 3123 2046 δεικνύντος,
3149 1977 3323 2052 οἶμαι,
3353 1980 3445 2034 τοῦ
3469 1981 3647 2049 λόγου,
3681 1981 3765 2034 ὅτι
3790 1978 3849 2034 τὺ

2275 2078 2333 2129 ὲν
2359 2079 2434 2148 τῷ
2455 2073 2652 2146 ψαλμῷ
2674 2073 2846 2144 τούτῳ
2873 2075 3164 2143 μυστήριον
3185 2075 3294 2136 τοῖς
3327 2072 3665 2144 Ἐϐραϊξουσι
3705 2071 3849 2125 κατά

2274 2168 2373 2240 τὴν
2401 2167 2608 2238 αἵρεσιν
2633 2163 3009 2235 ἀπαράδεκτον
3044 2157 3130 2234 ἦν.
3165 2161 3582 2215 Είσελεύσεσθαι
3623 2161 3734 2232 γὰρ
3771 2162 3848 2224 είς

2275 2259 2336 2312 τὸ
2365 2257 2747 2328 θυσιαστήριον
2770 2254 3184 2324 ἐπαγγέλλεται,
3206 2255 3322 2317 νέος
3344 2254 3650 2323 γενόμενος.
3684 2252 3848 2306 Ἀλλά

2277 2349 2354 2452 me
2394 2349 2630 2421 Ἑϐραίῳ
2652 2347 2808 2401 τοῦτο
2833 2347 2931 2401 οὐκ
2960 2346 3122 2401 ἐστιν.
3147 2349 3220 2400 Ού
3255 2347 3363 2417 γὰρ
3395 2346 3608 2416 δέχεται
3635 2344 3714 2414 τῷ
3748 2362 3850 2415 μυ-

2279 2438 2483 2513 στηρίῳ
2514 2443 2613 2510 τῆς
2641 2440 2911 2512 σωτηρίας
2934 2438 3023 2492 διά
3045 2439 3142 2510 τῆς
3169 2439 3371 2496 ἄνωθεν
3396 2440 3700 2506 γεννύσεως
3721 2439 3851 2492 ἀνα-

2281 2534 2466 2588 νεάσαι
2498 2531 2632 2601 (54).

2360 2659 2450 2714 Ἐν
2476 2659 2532 2714 δὲ
2560 2659 2639 2730 τῷ
2668 2658 3044 2730 ἑϐδομηκοστῷ
3070 2659 3166 2730 τῆς
3210 2657 3666 2729 ἐκκλησιαστικῖις
3697 2656 3852 2710 ἐκδό-

2282 2769 2418 2816 σεως
2451 2753 2761 2822 ἐπιγραφὴν
2787 2750 3038 2822 ἐχούσης,
3087 2769 3107 2801 ‹
3150 2751 3321 2821 ’Υπὲρ
3360 2749 3469 2802 τῶν
3495 2749 3626 2802 υίῶν
3669 2749 3852 2804 Ἰωναο

2279 2841 2408 2914 δάμ,
2460 2841 2556 2896 καὶ
2605 2842 2713 2895 τῶν
2764 2841 2994 2912 πρώτων
3037 2840 3596 2911 αἰχμαλωτισθέντων,
3639 2859 3658 2892 ι
3702 2841 3854 2908 παρὰ

2279 2939 2390 2999 τοῖς
2451 2933 2722 3006 Ἑϐραίοις
2769 2934 2926 2988 τοῦτο
2975 2934 3276 3003 σεσίγηται.
3333 2933 3395 2986 Ἢ
3444 2933 3501 2986 δὲ
3554 2933 3702 2986 αἰτία
3759 2950 3857 2984 σα-

2282 3029 2387 3100 φὴς
2417 3029 2550 3100 (55),
2583 3030 2664 3082 ὄτι
2703 3026 3081 3099 φανερωτέρας
3118 3027 3216 3097 τῆς
3249 3027 3329 3089 είς
3365 3026 3454 3080 τὸν
3485 3025 3686 3097 Κύριον
3714 3015 3856 3097 προσ

594 3109 833 3164 denorum
881 3106 1105 3177 perﬁdia
1139 3113 1193 3162 et
1228 3104 1606 3166 incredulitas,
1649 3113 1835 3173 utpote
1872 3105 1966 3174 qui
2006 3105 2175 3159 nolint

2283 3119 2509 3189 φητείας
2539 3121 2595 3172 ὲν
2634 3117 2841 3180 τούτοις
2867 3117 3113 3189 οὔσης,ή
3163 3117 3387 3170 ἀπιστία
3435 3117 3544 3170 τῶν
3583 3117 3858 3172 Ἰουδαίων

595 3207 705 3253 tam
743 3196 1092 3252 manifestam
1133 3197 1200 3250 de
1235 3195 1498 3266 mysterio
1532 3195 1635 3249 hoc
1679 3194 1986 3248 doctrinam
2033 3195 2178 3252 reci-

595 3304 742 3360 pere.
779 3286 1250 3354 Quemadmodum
1285 3286 1430 3341 enim
1463 3286 1543 3340 illi
1573 3286 1666 3356 qui
1703 3288 1880 3343 oculis
1904 3288 2176 3353 laborant,

595 3379 680 3435 vel
700 3377 986 3433 ail'ectione
1009 3377 1098 3430 illa
1123 3384 1398 3440 tenentur,
1431 3391 1552 3444 qua:
1574 3391 1729 3446 aqum
1751 3385 1930 3432 metus
1953 3378 2176 3445 dicitur,

596 3482 777 3538 neque
807 3467 1007 3522 solaris
1037 3466 1178 3521 radii
1209 3466 1604 3530 accessionem,
1628 3482 1804 3537 neque
1827 3479 2178 3540 conspectum

597 3575 751 3631 aquae
786 3560 1018 3614 tolerare
1047 3567 1299 3631 possunt,
1329 3557 1423 3613 sed
1451 3559 1700 3614 tremulis
1732 3560 2066 3630 superciliis,
2101 3563 2180 3617 illi

598 3651 817 3721 quidem
852 3649 992 3704 male
1024 3648 1202 3704 allecti
1229 3649 1418 3704 oculos
1463 3663 1492 3702 a
1538 3649 1743 3718 radiis;
1784 3650 1861 3705 illi
1905 3667 2058 3716 vero,
2086 3655 2180 3724 qui

599 3757 796 3813 aquam
838 3748 1123 3806 metuunt,
1159 3741 1227 3796 ab
1276 3755 1431 3811 aquae
1475 3741 1676 3795 intuitu
1727 3751 2026 3797 avertunt:
2064 3745 2180 3814 pari

599 3834 759 3890 modo
785 3843 839 3890 et
863 3832 1176 3889 Judmorum
1204 3831 1524 3902 improbitas
1552 3833 1768 3890 silentio
1792 3836 2071 3890 veritatem
2097 3851 2182 3891 re-

599 3925 816 3998 probat,
846 3939 911 3980 eo
937 3924 1084 3995 quod
1106 3925 1301 3979 divina:
1321 3926 1727 3995 praedicationis
1747 3927 1977 3997 gloriam
2009 3928 2181 3983 conﬁ-

601 4018 699 4073 teri
732 4017 891 4071 nolit.
923 4015 1073 4071 Licet
1096 4030 1260 4086 porro
1289 4032 1354 4071 ex
1388 4016 1506 4087 ipsa
1539 4019 1732 4086 psalmi
1765 4020 1909 4074 serie
1941 4021 2177 4091 prophe-

603 4111 692 4165 tiae
725 4111 874 4165 illius
905 4125 1105 4165 arcana
1132 4125 1480 4182 cognoscere.
1520 4111 1658 4166 Dicit
1695 4114 1839 4167 enim
1881 4114 1936 4168 in
1971 4116 2180 4184 psalmo

601 4202 1028 4273 septuagesimo,
1054 4201 1215 4272 cujus
1259 4202 1544 4272 inscriptio
1570 4210 1655 4257 est
1687 4221 1700 4258 :
1737 4221 1755 4255 ι
1795 4201 1870 4258 De
1904 4205 2180 4274 prioribus

601 4293 857 4364 captivis,
880 4312 898 4344 ι
921 4300 1180 4362 tanquam
1205 4308 1268 4347 ex
1288 4307 1521 4364 persona
1546 4294 1909 4364 captivorum,
1931 4309 2055 4348 cum
2075 4295 2179 4350 alia

601 4384 849 4455 quadam
879 4384 1241 4453 supplicantis
1273 4384 1512 4438 orationi
1549 4392 1940 4450 consentanea,
1960 4395 2075 4441 tum
2118 4388 2181 4440 il-

2280 3212 2684 3281 κατηγορεῖται,
2711 3210 2786 3273 ὡς
2821 3208 3074 3274 δέξασθαι
3099 3207 3196 3278 τὴν
3227 3207 3463 3277 φανερὰν
3494 3206 3589 3261 τοῦ
3640 3225 3858 3279 μυστη-

2280 3303 2397 3374 ρίου
2421 3300 2765 3356 διδασκαλίαν
2795 3299 2869 3371 μὴ
2889 3298 3243 3369 δυνηθέντων.
3275 3299 3483 3370 Ὥσπερ
3515 3299 3625 3370 γὰρ
3655 3299 3704 3353 οί
3726 3303 3860 3364 τοὺς

2280 3392 2587 3463 ὀφθαλμοὺς
2625 3389 2924 3454 νοσοῦντες,
2957 3389 2989 3458 ἢ
3026 3389 3075 3440 οί
3116 3387 3228 3458 (56)
3263 3388 3338 3458 τῷ
3379 3388 3538 3442 πάθει
3564 3391 3664 3458 τῆς
3698 3390 3860 3461 ὑδροο

2282 3484 2452 3555 φόϐης
2479 3481 2885 3554 περιπεσόντες,
2913 3479 3035 3534 οὒτε
3067 3481 3164 3550 τῆς
3188 3479 3402 3542 ἀκτῖνος
3427 3473 3573 3533 οὗτοι
3605 3479 3716 3549 (57)
3753 3480 3861 3548 τὴν

2281 3576 2606 3650 προσϐολὴν,
2651 3565 2782 3628 ὀὗτε
2820 3573 2914 3627 τοῦ
2966 3572 3158 3635 ὓδατος
3196 3573 3392 3624 ἐκεῖνοι
3445 3571 3543 3643 τὴν
3569 3571 3692 3641 ὄψιν
3739 3577 3862 3635 τοῖς

2279 3668 2575 3739 ὀφθαλμοῖς
2634 3665 2997 3737 ὑποφέρουσιν
3043 3664 3175 3735 (58),
3219 3662 3353 3717 ἀλλά
3410 3664 3677 3735 μεμυκόσι
3742 3667 3865 3729 τοῖς

2283 3756 2590 3828 βλεφάροις,
2622 3755 2671 3808 oi
2718 3753 2816 3825 μὲν
2849 3752 3113 3823 ἐμπαθεῖς
3141 3751 3209 3804 τά
3247 3753 3470 3823 ὄμματα
3509 3754 3606 3822 τῆς
3635 3754 3866 3818 ἀκτῖνος

2280 3848 2631 3919 χωρίζονται,
2681 3846 2730 3899 οί
2779 3844 2836 3898 δὲ
2895 3844 3310 3916 ύδροφοϐοὖντες
3368 3845 3465 3915 τῆς
3516 3845 3610 3899 τοῦ
3661 3845 3867 3911 ὓδατος

2280 3935 2474 4004 ὄψεως.
2511 3935 2614 3987 Τὸν
2643 3933 2804 3986 αὐτὸν
2827 3932 3045 4004 τρόπον,
3079 3933 3169 3985 καὶ
3197 3934 3230 4004 ἠ
3253 3934 3362 3986 τῶν
3398 3933 3659 3987 Ἰουδαίων
3682 3937 3868 3991 κακία.

2279 4027 2367 4080 διὰ
2403 4025 2464 4079 τὸ
2499 4025 2609 4095 (59)
2641 4024 2714 4096 μὴ
2749 4023 2922 4076 θέλειν
2954 4022 3231 4093 ὁμολογεῖν
3261 4023 3360 4095 τὴν
3392 4023 3548 4089 δόξαν
3585 4024 3677 4078 τοῦ
3708 4025 3868 4079 θείου

2281 4118 2654 4189 κηρύγματος,
2698 4113 3071 4186 ἀπαράδεκτον
3104 4118 3246 4168 ποιεῖ
3267 4115 3352 4170 διὰ
3390 4116 3488 4186 τῆς
3521 4117 3730 4186 σιωπῆς
3756 4119 3871 4188 τὴν

2280 4207 2554 4278 ἀλήθειαν.
2586 4204 2801 4272 Ἔξεστι
2836 4205 2893 4258 δὲ
2925 4205 3020 4258 καὶ
3059 4204 3126 4258 δι’
3169 4205 3338 4276 αὐτῆς
3381 4207 3479 4278 τῆς
3518 4208 3630 4276 (60)
3667 4207 3872 4278 ψαλμ-

2279 4298 2439 4369 ῳδίας
2460 4297 2753 4365 ἐπιγνῶναι
2771 4297 2839 4350 τὰ
2863 4297 2960 4368 τῆς
2984 4299 3321 4369 προφητείας
3349 4300 3664 4369 αἰνίγματα.
3688 4301 3870 4369 Λέγει

2280 4391 2386 4461 γὰρ
2429 4391 2485 4442 ὲν
2522 4388 2598 4459 τῷ
2625 4388 3026 4460 ἑϐδομηκοστῷ,
3061 4391 3118 4442 ἐν
3151 4384 3196 4458 ᾧ
3233 4409 3251 4442 ι
3293 4392 3429 4463 Περὶ
3461 4392 3568 4446 τῶν
3617 4393 3874 4463 πρώτων

602 4474 693 4530 lud
718 4493 730 4530 :
763 4492 780 4526 ι
807 4474 969 4544 Eripe
995 4489 1081 4529 me
1116 4474 1183 4528 de
1219 4489 1380 4527 manu
1422 4475 1750 4545 peccatoris,
1773 4475 1840 4530 de
1863 4491 2025 4530 manu
2047 4493 2175 4532 con-

2283 4478 2822 4550 αίχμαλωτισθέντων
2853 4500 2868 4531 ι
2917 4481 3063 4535 ἐστὶν
3092 4483 3124 4551 ἠ
3157 4483 3454 4553 ἐπιγραφὴ,
3481 4485 3554 4548 ὼς
3582 4484 3646 4537 ἐκ
3677 4503 3871 4554 προσ-

603 4577 688 4622 tra
714 4567 884 4637 legem
908 4565 1122 4635 agentis
1141 4573 1194 4620 et
1219 4565 1415 4635 iniqui.
1441 4585 1459 4619 ι
1490 4565 1702 4632 Quibus
1725 4567 1905 4623 verbis
1936 4568 2183 4640 designat

603 4659 781 4721 illum,
822 4659 914 4727 qui
945 4658 1113 4711 vitam
1143 4666 1388 4712 nostram
1423 4658 1478 4711 in
1517 4659 1890 4728 captivitatem
1954 4653 2178 4724 redegit.

603 4746 670 4801 Et
702 4749 1060 4818 sequentibus
1098 4749 1302 4814 verbis,
1351 4758 1474 4818 post
1519 4751 1722 4807 multas
1752 4751 1819 4807 ad
1847 4751 2180 4808 consolatio-

604 4854 728 4894 nem
776 4839 1216 4894 accommodatas
1270 4855 1459 4902 voces,
1496 4842 1728 4896 reditum
1769 4859 1835 4898 ex
1873 4844 2182 4913 captivitate

604 4929 887 4995 describit,
903 4943 1025 4983 cum
1049 4930 1160 4982 ait:
1187 4949 1204 4980 ι
1228 4929 1474 4995 Quantas
1493 4932 1780 4988 ostendisti
1802 4933 1932 4988 mihi
1956 4934 2177 4989 tribula-

605 5018 803 5079 tiones,
827 5017 1027 5072 muitas
1045 5026 1098 5073 et
1124 5019 1316 5084 malas,
1339 5026 1393 5074 et
1411 5033 1712 5076 conversus
1739 5022 2029 5078 viviﬁcasti
2056 5039 2173 5090 me,

602 5108 741 5164 etde
759 5109 973 5179 abyssis
996 5117 1154 5164 terra:
1170 5110 1366 5165 iterum
1385 5110 1650 5167 reduxisti
1674 5128 1780 5178 me,
1801 5114 2174 5184 multiplicasti

603 5199 1070 5270 magniﬁcentiam
1105 5208 1252 5255 tuam
1284 5215 1582 5272 supenme,
1621 5212 1672 5260 et
1707 5220 2006 5261 conversus
2037 5223 2169 5262 con-

603 5290 815 5347 solatus
833 5303 894 5347 cs
911 5303 1016 5346 me.
1037 5309 1054 5343 ι
1069 5291 1283 5350 Clarius
1303 5307 1433 5350 vero
1457 5309 1525 5351 ex
1546 5296 1725 5368 magni
1750 5295 1898 5353 Pauli
1929 5297 2176 5353 doctrina

677 5487 794 5557 (52)
829 5486 950 5542 Ὅτι
975 5503 1084 5544 om.
1110 5491 1198 5546 ed.

705 5559 793 5628 55)
827 5557 937 5612 Καί
972 5560 1094 5615 add.
1125 5563 1213 5617 ed.

701 5630 793 5701 ξι)
823 5629 1378 5701 ’ᾼνανεῶσαιᾳιιίὰεηι
1409 5633 1568 5691 codd.

705 5699 774 5752 55
835 5699 1008 5753 Ἔστιν
1032 5699 1157 5754 add.
1180 5699 1272 5756 ed.

678 5699 796 5839 (56)
831 5769 892 5821 Οί
924 5784 1031 5824 om.
1056 5768 1144 5828 ed.

831 5769 892 5821 0t
924 5784 1031 5824 om.
1056 5768 1144 5828 ed.

2279 4568 2429 4622 ώπου
2469 4570 2562 4623 τοῦ
2611 4570 2954 4640 αἰχμαλώτου
2991 4573 3020 4625 ὁ
3064 4573 3238 4640 λόγος,
3283 4575 3416 4628 ἄλλα
3461 4577 3519 4629 τέ
3563 4593 3683 4629 τινα
3717 4579 3868 4649 πρέ-

2281 4678 2449 4715 ποντα
2474 4664 2538 4732 τῇ
2561 4661 2651 4715 τοῦ
2677 4661 2850 4714 ἱκέτου
2882 4665 3049 4733 φωνῇ,
3075 4665 3167 4718 καὶ
3187 4665 3266 4737 ὅτι
3299 4685 3318 4718 ι
3339 4665 3527 4720 Ῥῡσαί
3553 4685 3620 4738 με
3645 4669 3712 4721 ἐκ
3745 4687 3870 4740 χειο

2283 4753 2371 4824 ρὺς
2386 4752 2729 4823 ἀμαρτωλοῦ,
2757 4754 2821 4806 ἐκ
2842 4754 3020 4826 χειρὸς
3036 4755 3472 4826 παρανομοῦντος
3490 4759 3580 4811 καὶ
3602 4759 3870 4812 ἀδικοῦν-

2279 4861 2388 4907 τος·
2415 4865 2434 4897 ι
2463 4843 2671 4907 τούτοις
2690 4848 2802 4908 τοῖς
2824 4845 3050 4916 ὀνόμασι
3071 4846 3163 4900 τὸν
3190 4849 3665 4919 αἰχμαλωτίσαντα
3692 4853 3874 4923 ἡμῶν

2280 4935 2376 5006 τὴν
2414 4934 2558 5005 ζωὴν
2589 4935 2992 5004 ἐνδεικνύμενος
3018 4936 3150 5007 (61).
3174 4939 3285 4992 Καὶ
3311 4942 3369 4994 ὲν
3401 4943 3514 5005 τοῖς
3541 4941 3876 5009 ὑπολοίποις

2283 5028 2418 5099 μετὰ
2450 5027 2648 5092 πολλὰς
2675 5027 2773 5091 τὰς
2807 5029 3217 5101 παρακλητικάς
3262 5033 3474 5097 ὲκείνας
3502 5033 3705 5103 φωνὰς,
3760 5039 3878 5109 τὴν

2279 5122 2343 5173 ὲκ
2369 5121 2468 5190 τῆς
2498 5119 2866 5190 αίχμαλωσίας
2892 5121 3186 5192 γενομένην
3225 5123 3480 5178 ἐπάνοδον
3502 5125 3879 5197 διασημαίνει

2276 5210 2353 5282 τῷ
2378 5211 2546 5281 λόγῳλ·
2580 5204 2731 5280 ὲνξοῖς
2750 5227 2933 5280 φησιν,
2964 5212 3043 5265 ὅτι
3072 5215 3271 5280 «Ὅσας
3287 5217 3490 5282 έδειξάς
3524 5236 3614 5289 μοι
3642 5219 3878 5291 θλίψεις

2283 5298 2481 5362 πολλὰς
2542 5299 2635 5352 καὶ
2693 5298 2889 5362 κακὰς,
2945 5301 3038 5353 καί⁵
3096 5303 3423 5375 ἐπιστρέψας
3476 5303 3879 5382 ὲζωοποίησάς

2357 5499 2470 5566 (57)
2505 5489 2661 5552 Οὗτοι
2685 5515 2794 5554 om.
2829 5501 2915 5555 ed.

2497 5569 2906 5644 :rgrottsvoactv
2929 5573 3149 5644 quidam
3169 5576 3326 5632 codd.

2353 5639 2466 5707 (59)
2497 5638 2626 5703 Τοῦ,
2653 5638 2742 5695 ed.

2378 5639 2467 5780 59)
2497 5639 2626 5703 Τοῦ,
2653 5639 2742 5695 ed.

2377 5709 2446 5780 tit)
2497 5709 2610 5780 ’ζῆς
2639 5725 2750 5765 om.
2781 5710 2868 5765 ed.

2380 5778 2467 5850 61)
2491 5778 2953 5850 Ἐκδεικνύμενος,
2991 5782 3084 5841 ed.
