4054 6436
333 198 402 253 59.l
1668 203 1735 260 IN
1775 203 2117 262 PSALMOS.

3408 210 3518 266 5'32

328 337 395 392 με,
413 317 486 371 καὶ
510 317 564 371 ἐκ
593 317 701 371 τῶν
732 317 987 373 ἀϐύσσων
1007 320 1107 391 τῆς
1133 320 1236 391 γῆς
1259 320 1417 375 πάλιν
1441 320 1716 391 ἀνήγαγες
1751 338 1840 392 με,

1947 336 2351 394 cognoscemus
2372 362 2388 388 ,
2416 322 2689 396 quomodo
2715 339 2781 380 ex
2813 325 3029 397 abyssis
3061 325 3379 392 reducatur,
3420 328 3517 396 qui

330 410 585 471 ὲπλεόνασας
628 410 715 461 ἐπ’
744 410 845 481 ἐμὲ
887 412 988 483 τὴν
1016 411 1403 485 μεγαλωσύνην
1444 428 1560 475 σου,
1594 413 1686 465 καὶ
1716 413 1838 466 ἐπι-

324 502 507 574 στρέψας
534 502 910 571 παρεκάλεσάς
936 521 1024 573 με,
1067 522 1085 553 ι
1125 503 1294 556 Τοῦτο
1321 502 1379 555 δὲ
1414 504 1744 576 σαφέστερον
1775 506 1839 559 ἐκ

321 595 396 664 τῆς
418 592 492 647 τοῦ
519 594 750 665 μεγάλου
786 595 998 647 Παύλου
1022 595 1373 660 διδασκαλίας
1408 598 1695 667 νοήσομεν,
1724 596 1842 658 πῶς

316 688 365 740 ἐκ
384 684 471 737 τῶν
492 684 731 738 ἀϐύσσων
763 686 1023 755 ἀνάγεται
1060 690 1089 741 ὁ
1121 688 1201 758 τῷ
1235 688 1391 761 βάρει
1436 689 1538 760 τῆς
1566 689 1841 760 ἁμαρτίας

317 777 646 840 καθελκυσθεὶς
689 779 768 842 εἰς
817 780 915 851 τὴν
951 780 1185 835 ἄϐυσσον
1219 781 1307 835 διὰ
1355 781 1450 835 τοῦ
1488 782 1841 846 κατελθόντος

311 868 363 921 δι’
398 870 523 938 ἡμᾶς
564 868 645 931 εἰς
693 869 792 939 τὴν
837 869 1073 923 ἄϐυσσον
1108 915 1121 925 .
1159 872 1298 943 Περὶ⁵
1341 864 1400 924 οὗ
1451 889 1648 943 φησιν’
1686 890 1706 923 ε
1748 872 1839 943 Μὴ

311 959 434 1028 εἴπῃς
456 961 506 1011 ἐν
540 961 605 1028 τῇ
654 960 851 1033 καρδίᾳ
883 978 999 1024 σου,
1034 961 1129 1025 Τίς
1163 962 1495 1032 ἀναϐήσεται
1522 965 1602 1027 εἰς
1633 962 1724 1016 τὸν
1752 963 1841 1015 οὑ-

309 1050 461 1120 ρινόνς
495 1050 737 1103 τουτέστι
767 1050 1003 1123 Χριστὸν
1036 1056 1391 1122 καταγαγεῖν.
1433 1055 1503 1106 Ἢ
1544 1054 1629 1118 τίς
1664 1069 1836 1106 κατα-

307 1140 488 1209 ϐήσεται
515 1142 590 1204 εἰς
621 1141 717 1210 τὴν
750 1141 1027 1210 ἄϐυσσον;
1070 1144 1349 1206 Τουτέστι,
1390 1144 1625 1214 Χριστὸν
1655 1146 1720 1197 ἐκ
1750 1160 1837 1196 νε-

304 1233 418 1301 κμῦν
434 1234 736 1302 ἀναγαγεῖν.
766 1253 785 1287 ι
818 1235 981 1291 ὐθεν
1006 1236 1115 1308 γὰρ
1136 1236 1383 1308 εἰσῆλθεν
1411 1237 1489 1300 εἰς
1516 1235 1607 1288 τὸν
1638 1239 1840 1306 κόσμον

302 1323 555 1387 ὀθὰνατος,
589 1324 804 1378 ἐκεῖθεν
839 1326 1002 1381 πάλιν
1046 1326 1141 1380 καὶ
1194 1324 1482 1397 ἐξῳκίσθη.
1518 1326 1595 1377 Δι’
1626 1324 1838 1395 ἀνθρώ-

304 1430 382 1466 που
410 1415 633 1485 εἰσῆλθε,
663 1417 731 1470 δι’
763 1417 1050 1489 ἀνθρώπου
1084 1419 1179 1471 καὶ
1206 1417 1548 1482 ἐξοικίζεται.
1587 1417 1647 1469 'O
1682 1415 1836 1487 πρῶ-

1936 413 2174 484 pondere
2200 414 2408 484 peccati
2439 415 2493 468 in
2519 414 2849 485 profundum
2876 418 3157 473 detractus
3179 430 3282 485 est,
3314 419 3382 473 de
3407 432 3518 488 quo

1938 504 2116 573 inquit
2150 522 2165 560 :
2207 522 2225 555 ‹
2263 502 2340 559 Ne
2365 504 2517 560 dicas
2549 506 2601 558 in
2632 504 2797 560 corde
2839 514 2931 560 luo
2963 508 3133 574 :Quis
3172 508 3432 563 ascendet
3462 523 3517 563 tn

1937 595 2177 650 caelum?
2206 596 2352 664 quod
2382 604 2467 651 est
2494 595 2775 651 Christum
2821 597 3112 654 deducere.
3144 600 3248 653 Aut
3270 599 3395 669 quis
3423 597 3519 653 de-

1939 686 2164 743 scendet
2210 689 2266 742 in
2313 688 2618 759 abyssum?
2647 688 2763 744 Hoc
2797 698 2881 745 est
2922 688 3199 743 Christum
3224 705 3254 743 a
3290 690 3519 749 mortuis

1944 793 2205 834 revocare
2226 778 2293 835 ‘9.
2320 799 2339 831 ι
2366 780 2522 837 Unde
2543 782 2686 836 enim
2714 781 2956 837 introivit
2982 780 3038 835 in
3062 779 3324 839 mundum
3348 794 3518 843 mors,

1940 867 2069 925 inde
2107 870 2305 925 iterum
2335 871 2508 942 ejecta
2537 881 2643 927 est.
2695 870 2797 927 Per
2829 872 3106 928 hominem
3138 871 3390 935 intravit,
3428 885 3523 939 per

1940 958 2216 1017 hominem
2279 961 2443 1016 etiam
2493 962 2734 1033 ejicitur.
2805 962 3022 1021 Primus
3092 963 3257 1019 homo
3310 965 3520 1025 aditum

1939 1052 2100 1105 morti
2128 1052 2411 1122 patefecit;
2443 1070 2537 1125 per
2560 1056 2862 1112 secundum
2889 1058 2999 1111 vita
3030 1056 3329 1121 reducitur,
3360 1056 3522 1125 cujus

1938 1140 2222 1213 ingressus
2258 1145 2610 1201 abolitionem
2641 1148 2834 1205 mortis
2858 1147 3041 1204 cﬂicit.
3072 1148 3302 1220 Propter
3330 1149 3435 1205 hoc
3464 1149 3523 1203 in

1948 1232 2205 1302 abyssum
2230 1235 2422 1289 mortis
2449 1234 2735 1291 descendit
2760 1253 2856 1308 per
2884 1240 3219 1309 passionem,
3252 1248 3308 1294 ut
3333 1253 3521 1295 secum

1946 1321 2014 1375 ad
2051 1337 2287 1392 superna
2324 1326 2614 1382 reduceret
2646 1344 2768 1383 eum
2810 1330 2904 1400 qui
2943 1332 2998 1385 in
3029 1330 3362 1402 profundum
3392 1344 3517 1384 cor-

1941 1422 2149 1469 ruerat.

296 1523 364 1568 τος
386 1506 656 1577 ἄνθρωπος
685 1509 865 1579 ἧνοιξε
890 1509 970 1580 τῷ
1000 1508 1213 1579 θανάτῳ
1238 1508 1336 1579 τὴν
1362 1508 1566 1560 εἴσοδον
1586 1523 1600 1537 ο
1640 1506 1728 1559 διὰ
1751 1506 1846 1560 τοῦ
1878 1505 2130 1579 δευτέρου
2168 1508 2203 1581 ἡ
2274 1506 2387 1579 ζωὴ
2440 1509 2836 1579 ἀντεισάγεται,
2878 1505 2947 1583 ἦς
2986 1514 3020 1583 ἡ
3052 1511 3256 1574 εἴσοδος
3324 1514 3521 1583 ἀφανιο

300 1597 503 1665 σμοντοῦ
532 1598 764 1653 θανάτου
793 1602 1103 1671 ἐργάζεται.
1128 1602 1226 1654 Διὰ
1254 1601 1411 1655 τοῦτο
1432 1603 1491 1655 ἐν
1520 1603 1586 1672 τῇ
1647 1599 1869 1669 ἀϐύσσῳ
1905 1599 2000 1653 τοῦ
2034 1599 2287 1664 θανάτου,
2336 1604 2702 1674 κατεχομένου
2739 1605 2831 1658 τοῦ
2874 1604 3223 1676 αἰχμαλώτου
3264 1605 3369 1661 ὑπὸ
3426 1606 3519 1660 τοῦ

296 1695 511 1761 θανάτου,
563 1698 774 1769 κατέϐη
821 1698 913 1752 διὰ
958 1698 1051 1752 τοῦ
1086 1699 1289 1763 πάθους
1343 1702 1425 1762 εἰς
1476 1700 1575 1771 τὴν
1614 1699 1851 1755 ἄϐυσσον
1879 1696 2107 1768 ταύτην,
2132 1697 2218 1767 ἐφ’
2239 1691 2283 1766 ᾧ
2334 1716 2391 1751 τε
2417 1703 2741 1769 συναγαγεῖν
2774 1701 2953 1772 ἐαυτῷ
2988 1701 3148 1757 πάλιν
3178 1702 3270 1756 ἐπὶ
3290 1705 3359 1757 τὰ
3408 1704 3520 1759 ἀνω

296 1788 366 1842 τιν
385 1790 569 1859 βύθιον.

348 1882 503 1936 Ταῦτα
527 1884 644 1954 γὰρ
668 1882 735 1935 δι’
759 1883 1046 1955 ἀκριϐείας
1076 1885 1108 1959 ἡ
1141 1883 1348 1954 μεγάλη
1383 1881 1476 1935 τοῦ
1518 1880 1842 1936 Ἀποστόλου

295 1975 412 2044 φωνὴ
436 1974 783 2043 διεσάφησεν,
811 1974 948 2028 ἄλλα
982 1991 1031 2026 τε
1063 1974 1234 2028 πολλὰ
1260 1974 1388 2045 περὶ
1416 1972 1620 2033 τούτων
1650 1970 1841 2037 εἰπὼν,

294 2064 395 2133 φησι
424 2064 512 2118 καὶ
542 2063 729 2117 τοῦτο·
768 2082 786 2114 r
825 2064 1035 2136 Ὥσπερ
1068 2066 1125 2119 ἐν
1153 2062 1231 2135 τῷ
1268 2063 1441 2134 Ἀδὰμ
1468 2063 1672 2126 πάντες
1702 2062 1839 2115 ἀπο-

294 2153 583 2226 θνῄσκομεν·
643 2154 821 2218 οὔτως
863 2156 921 2213 ἐν
952 2154 1031 2226 τῷ
1067 2154 1287 2227 Χριστῷ
1331 2154 1530 2217 πάντες
1576 2150 1844 2222 ζωοποιηέ

288 2246 521 2317 θησόμεθα
541 2246 689 2318 (62).
708 2270 726 2303 ι
747 2247 844 2302 Διὰ
862 2250 1015 2306 τοῦτο
1028 2247 1123 2318 τῆς
1141 2246 1455 2317 ἐπιγραφῆς
1482 2265 1501 2297 r
1537 2244 1708 2314 ’Υπὲρ
1735 2241 1844 2296 τῶν

291 2339 482 2407 πρώτων
516 2341 627 2411 (63)
680 2339 1223 2411 αἰχμαλωτισθέντων
1265 2358 1283 2392 ι
1325 2336 1569 2407 γίνεσθαι
1603 2335 1703 2406 τὴν
1753 2332 1843 2387 διὰ

284 2430 450 2499 σαρκὸς
488 2432 816 2502 οἰκονομίαν
847 2429 940 2482 τοῦ
975 2431 1179 2502 Κυρίου
1235 2428 1465 2505 βοὼσης,
1508 2426 1694 2499 βύουσι
1743 2423 1843 2496 τὴν

286 2520 423 2592 ἀκοὴν
479 2523 766 2595 Ἑϐραῖοι,
822 2523 915 2576 καὶ
965 2522 1065 2594 τὴν
1108 2522 1418 2595 ἐπιγραφὴν
1469 2520 1531 2574 οὐ
1589 2516 1842 2590 προσίεν-

280 2610 481 2682 mea).

337 2700 502 2769 υῦτως
540 2705 600 2757 ἐν
627 2702 718 2774 τῷ
747 2703 1115 2774 ὲννενηκοστῷ
1144 2704 1243 2775 τὴν
1277 2702 1445 2774 αὐτὴν
1470 2702 1724 2773 εὑρήσεις
1751 2702 1843 2757 αἱ·

278 2790 376 2843 τίαν
400 2793 484 2846 τοῦ
520 2794 602 2866 μὴ
639 2794 1047 2864 παραδέχεσθαι
1094 2796 1221 2858 τοὺς
1257 2794 1541 2866 Ἐϐραίους
1574 2793 1688 2865 (65)
1741 2793 1842 2866 τὴν

273 2880 544 2956 δηλωτικὴν
590 2886 701 2955 τῆς
746 2884 840 2937 τοῦ
874 2885 1108 2956 Χριστοῦ
1137 2886 1453 2955 θεοφανείας
1503 2886 1837 2957 ἐπιγράφὴν.

286 2968 421 3041 Ἡμῖν
444 2974 547 3043 μὲν
578 2990 701 3044 γαρ
717 2976 743 3026 ὁ
766 2974 1151 3044 μνημονευθεὶς
1173 2972 1406 3045 ψαλμὺς,
1426 2990 1445 3024 ε
1466 2966 1622 3040 Δῖνός
1645 2994 1663 3025 ι
1689 2976 1838 3028 ἐστιν

271 3062 474 3132 (ᾠδῆς.)
503 3064 619 3127 lli;
639 3063 760 3135 γὰρ
787 3060 935 3128 αἶνος
968 3066 1048 3130 εἰς
1084 3066 1218 3120 Θεὸν
1256 3067 1356 3139 τὴν
1383 3065 1661 3137 ἀναφορὰν
1700 3066 1836 3136 ἔχει.

2018 1877 2141 1933 llaec
2175 1888 2430 1936 accurate
2465 1895 2695 1952 magnus
2720 1882 3020 1953 Apostolus
3048 1884 3341 1954 patefecit,
3374 1896 3434 1942 ut
3464 1894 3519 1942 et
3618 1946 3621 1947 ν

1944 1969 2050 2023 alia
2069 1970 2260 2034 multa,
2289 1978 2343 2026 et
2365 1978 2561 2038 praeter
2581 1979 2776 2027 caetera
2800 1972 2933 2027 illud
2958 1993 2971 2028 :
3004 1993 3023 2026 ‹
3050 1972 3517 2039 Quemadmodum

1942 2060 1998 2116 in
2042 2060 2217 2115 Adam
2266 2075 2460 2115 omnes
2492 2063 2779 2129 morimur,
2828 2065 2911 2120 sic
2958 2064 3012 2118 in
3056 2064 3282 2121 Christo
3327 2081 3519 2122 omnes

1942 2151 2288 2206 viviﬁcamur
2308 2150 2377 2204 '°.
2411 2169 2431 2203 ι
2459 2151 2729 2217 Quocirca
2747 2168 2872 2209 cum
2896 2154 3232 2226 inscriptio,r
3264 2154 3371 2211 Pro
3392 2171 3522 2227 cap—

1944 2240 2093 2309 tivis,
2122 2258 2143 2292 ι
2174 2240 2323 2297 clara
2356 2255 2490 2297 voce
2523 2244 2809 2300 annuntiet
2836 2243 3052 2301 Domini
3076 2247 3251 2302 nostri
3277 2247 3330 2302 in
3356 2262 3520 2302 carne

1943 2330 2307 2387 meonomiam
2343 2338 2399 2386 et
2419 2332 2909 2403 dispensationem,
2943 2351 3107 2395 aures
3135 2338 3399 2394 obturant
3422 2338 3519 2393 Ju-

1942 2419 2068 2487 daei,
2094 2420 2622 2495 inscriptionemque
2642 2425 2922 2497 rejicinnt.

2014 2692 2106 2748 Sic
2136 2692 2191 2748 in
2223 2694 2578 2765 nonagesimo
2598 2696 2809 2766 psalmo
2827 2696 3076 2751 eamdem
3099 2696 3369 2767 rrpereris
3388 2714 3521 2754 cau-

1940 2795 2081 2847 sam.
2139 2781 2393 2837 videlicet
2443 2782 2858 2853 inscriptionem
2907 2784 3104 2841 divinae
3160 2788 3521 2857 apparitionis

1940 2872 2145 2929 Christi
2196 2874 2252 2928 in
2305 2889 2470 2929 carne
2510 2876 2973 2946 significatricem.
3016 2878 3174 2948 Apud
3230 2894 3332 2936 nos
3372 2881 3519 2935 cnim

1943 2963 2238 3035 praedictus
2269 2967 2512 3036 psalmus
2543 2967 2616 3021 ita
2642 2968 2804 3023 habet
2836 2986 2849 3023 :
2885 2987 2904 3019 ι
2933 2968 3077 3024 Laus
3101 2970 3357 3026 cantici.»
3384 2969 3519 3026 Nam

1940 3056 2120 3113 omnis
2175 3056 2294 3111 laus
2339 3055 2408 3110 ad
2458 3056 2624 3112 Deum
2662 3058 2916 3113 refertur.
2952 3061 3018 3114 At
3053 3060 3264 3115 Hebraei
3303 3062 3519 3117 laudem

269 3152 319 3211 υἱ
345 3152 395 3205 δὲ
432 3155 683 3228 Ἑϐραῖοι
716 3155 909 3224 σιγῶσι
940 3158 1032 3215 τὸν
1055 3153 1225 3222 αἶνον,
1256 3159 1484 3222 καὶτοῖς
1506 3156 1716 3221 αἰνοῦσι
1746 3159 1837 3213 τὸν

1944 3145 2196 3209 reticent,
2232 3145 2632 3217 Dominumque
2664 3149 3016 3207 laudantibus
3044 3152 3322 3207 silentium
3352 3154 3523 3223 impe-

262 3244 442 3315 Κύριον
475 3251 642 3320 σιγᾷν
704 3248 1103 3317 ἐγκελεύονται.
1141 3249 1387 3305 κωλύειν
1409 3249 1538 3319 γοῦν
1570 3250 1681 3321 (66)
1719 3252 1839 3304 ἐπι-

258 3338 513 3408 χειροῦσιν
568 3342 632 3393 ἐν
684 3340 766 3409 τῷ
821 3341 950 3412 ἱερῷ
981 3342 1107 3406 τοὺς
1141 3343 1336 3406 παῖδας
1382 3343 1551 3397 αἰνεῖν
1582 3343 1676 3395 ἐπὶ
1720 3344 1838 3406 ταῖς

254 3431 505 3497 εὸποιὶαις
542 3435 644 3487 τὸν
695 3434 922 3504 Κύριον,
957 3433 1141 3498 καθὼς
1182 3432 1484 3504 στηλιτεύει
1531 3432 1712 3486 αὐτῶν
1738 3433 1840 3503 τὴν

256 3521 640 3596 ἀγνωμοσύνην
671 3525 739 3579 τὸ
764 3525 1116 3595 Εὑαγγέλιον.
1147 3525 1295 3578 Αὐτὰ
1330 3525 1387 3578 δὲ
1434 3524 1526 3579 τοῦ
1558 3524 1707 3578 αἴνου
1740 3523 1840 3595 τῆς

244 3610 370 3681 ᾠδῆς
394 3615 615 3685 ταύτης
639 3615 721 3669 τὰ
746 3616 985 3685 ῥήματα,
1015 3616 1268 3685 περιττὸν
1286 3616 1355 3669 ἂν
1376 3616 1460 3688 εἴη
1486 3614 1573 3668 διὰ
1597 3614 1693 3685 τῆς
1713 3612 1843 3668 θεω-

248 3702 353 3769 ρξις
378 3706 805 3767 ἀποδεικνύειν,
834 3706 970 3778 πρὸς
994 3707 1085 3759 τὸν
1111 3707 1314 3779 Κύριον
1337 3707 1621 3778 βλέποντα,
1649 3705 1844 3777 γυμνό-

236 3810 375 3865 τερον
403 3799 590 3869 αὐτῆς
622 3800 738 3868 τῆς
767 3798 965 3864 λέξεως
985 3799 1092 3852 τῶν
1116 3799 1515 3871 γεγραμμένων
1543 3798 1641 3870 τὴν
1663 3797 1844 3853 τοιαύ-

237 3899 323 3954 την
353 3890 639 3959 Emunxi
649 3906 761 3961 σης
788 3890 1049 3945 διάνοιαν.

306 4127 363 4180 ’0
388 4129 449 4183 δὲ
478 4131 650 4201 μετά
689 4129 786 4185 τὸν
822 4129 1040 4200 πρῶτον
1072 4130 1167 4185 καὶ
1216 4130 1619 4203 ἐννενηκοστὸν,
1648 4129 1759 4201 ἔχει
1789 4148 1843 4185 τι

222 4219 373 4272 eam
408 4226 471 4275 ὲν
510 4226 590 4293 τῇ
634 4224 933 4294 ἐπιγραφῇ
960 4222 1359 4296 φανερώτερον,
1385 4218 1447 4278 οὗ
1468 4224 1627 4295 χάριν
1654 4224 1843 4295 φεύγει

221 4309 247 4357 ό
279 4308 601 4378 Ἰουδαῖζων
651 4315 761 4384 τὴν
808 4315 907 4386 τῆς
941 4317 1253 4387 ἐπιγραφῆς
1293 4315 1707 4384 συγκατάθεσιν.
1737 4317 1843 4386 Φη-

215 4403 291 4455 εὶν
326 4405 443 4475 γὰρ
476 4408 519 4476 ἡ
570 4407 747 4473 λέξις
773 4405 967 4469 οὕτως’
999 4427 1017 4459 ι
1050 4403 1210 4471 Αἶνος
1235 4407 1379 4478 ᾠδῆς
1425 4407 1521 4460 τοῦ
1553 4406 1735 4472 Δαυῒδ,
1761 4409 1842 4471 είς

1940 3246 2088 3293 rant.
2116 3237 2328 3293 Etenim
2368 3247 2423 3295 et
2451 3256 2652 3311 pueros
2684 3243 2737 3296 in
2770 3244 2973 3314 templo
3005 3242 3292 3299 Dominum
3324 3245 3397 3301 ob
3430 3247 3524 3303 be-

1942 3334 2134 3387 nelicia
2167 3333 2486 3397 laudantes.
2520 3337 2781 3394 cohibere
2824 3348 3118 3402 conantur,
3154 3350 3315 3410 prout
3348 3339 3524 3394 Evan-

1941 3425 2141 3494 gelium
2171 3426 2237 3481 de
2268 3426 2369 3481 hac
2400 3428 2617 3483 illorqu
2667 3428 3005 3498 insipientia,
3048 3430 3194 3485 velut
3222 3430 3274 3484 in
3308 3432 3520 3491 colum-

1942 3530 2009 3569 na
2101 3517 2294 3578 incisa,
2327 3519 2726 3573 testiﬁcatur“.
2754 3518 3097 3591 Superﬂuum
3125 3536 3251 3576 vero
3271 3520 3522 3579 fortassis

1945 3603 2127 3670 fuerit,
2159 3605 2206 3661 si
2232 3606 2349 3676 ipsa
2384 3607 2559 3663 laudis
2594 3608 2793 3663 cantici
2829 3608 2992 3678 hujus
3026 3611 3211 3675 verba,
3239 3626 3336 3682 per
3389 3628 3521 3665 con-

1944 3694 2328 3751 siderationem
2402 3698 2786 3771 singulorum,
2848 3700 3137 3756 ostendere
3217 3715 3385 3754 coner
3451 3702 3517 3754 ad

1948 3785 2233 3841 Dominum
2284 3795 2553 3857 spectare,
2597 3806 2721 3849 cum
2769 3791 2887 3859 ipsa
2934 3791 3321 3861 descriptionis
3351 3790 3520 3847 dictio

1943 3888 1998 3933 et
2028 3881 2204 3934 oratio
2252 3880 2468 3949 planius
2515 3891 2569 3937 et
2602 3882 2808 3939 clarius
2850 3883 2996 3939 hunc
3046 3898 3266 3939 sensum
3321 3898 3522 3955 reprae-

1945 3976 2146 4024 sentet.

2014 4121 2413 4194 Nonagesimus
2444 4125 2719 4181 secundus
2766 4135 2947 4183 autem
2978 4128 3182 4200 aliquid
3223 4129 3278 4184 in
3325 4130 3521 4186 inscri-

1946 4216 2133 4285 ptione
2188 4217 2535 4274 manifestius
2601 4235 2711 4290 pra:
2769 4235 2830 4275 se
2888 4219 3034 4288 fert,
3098 4231 3318 4294 propter
3373 4227 3520 4295 quod

1944 4306 2166 4364 Judazus
2228 4310 2641 4380 inscriptionem
2717 4312 2865 4367 illam
2934 4329 3044 4369 non
3102 4314 3358 4370 admittit.
3429 4316 3521 4372 Sic

1945 4400 2090 4453 ettim
2122 4400 2191 4455 ad
2220 4402 2442 4455 verbum
2478 4402 2641 4457 habet.
2688 4421 2701 4458 :
2751 4423 2768 4455 ί
2816 4404 2961 4460 Laus
3011 4407 3209 4461 cantici
3245 4406 3411 4465 David
3466 4410 3521 4462 in

215 4490 305 4562 τὴν
331 4497 569 4568 ἡμέραν
626 4498 743 4552 τοῦ
776 4499 1074 4566 Σαϐϐάτου,
1109 4501 1196 4553 ὅτε
1240 4498 1577 4569 κατῴκισται
1613 4502 1646 4570 ἡ
1682 4499 1773 4570 γῆ.
1819 4517 1838 4549 ι

1947 4491 2090 4546 diem
2138 4491 2398 4559 Sabbati,
2454 4495 2673 4564 quando
2721 4494 2944 4551 fundata
2979 4507 3062 4553 est
3116 4508 3277 4554 terra.
3324 4519 3342 4550 ι
3388 4499 3523 4567 Quis

206 4582 296 4645 ’Πις
323 4588 442 4656 γὰρ
478 4590 603 4643 οὐκ
647 4584 777 4643 οἶδε
806 4590 915 4642 τῶν
955 4588 1445 4662 παραδεδεγμένων
1472 4590 1561 4642 τὸν
1587 4590 1716 4660 περὶ
1746 4590 1848 4659 τῆς

1943 4583 2090 4639 enim
2124 4600 2191 4638 ex
2231 4584 2341 4640 illis
2365 4626 2381 4652 ,
2417 4587 2508 4655 qui
2550 4586 2770 4656 pietatis
2812 4590 3098 4658 disciplina
3144 4590 3335 4646 imbuti
3372 4605 3519 4659 sunt,

212 4676 499 4746 εὐσεϐείας
527 4682 749 4750 λόγον,
770 4683 851 4736 ὅτι
872 4686 936 4753 τῇ
966 4682 1149 4754 ἡμέρᾳ
1171 4682 1265 4737 τοῦ
1298 4681 1598 4745 Σαϐϐἀτου,
1626 4683 1686 4736 τὸ
1706 4684 1841 4736 κατά

1946 4677 2139 4741 nescit,
2190 4676 2278 4732 die
2324 4678 2585 4744 Sabbati,
2643 4680 2775 4734 illud
2815 4691 3006 4736 contra
3043 4691 3272 4738 mortem
3321 4696 3526 4757 myste-

202 4764 570 4825 τὸνθάνατον
618 4770 921 4841 ἑνηργήθη
961 4773 1280 4843 μυστήριον,
1308 4771 1556 4842 ἀκριϐῶς
1596 4773 1736 4826 κατὰ
1758 4773 1841 4827 τὸν

1946 4771 2086 4824 rium
2129 4779 2409 4841 peractum
2447 4785 2590 4838 esse,
2624 4771 2887 4828 immobili
2935 4781 3190 4829 manente
3225 4775 3523 4830 secundum

208 4854 364 4925 νόμον
393 4859 710 4929 ἀκινήτου
747 4862 1026 4930 μείναντος
1056 4863 1170 4932 (67.)
1192 4863 1257 4914 iv
1284 4860 1363 4931 τῷ
1393 4863 1635 4933 μνήματι
1664 4863 1841 4932 κοίτης

1952 4863 2088 4933 legis
2125 4862 2599 4932 praescriptionem
2626 4901 2642 4924 ,
2682 4864 2734 4917 in
2786 4864 2955 4918 cubili
2987 4865 3226 4935 sepulcri
3293 4880 3525 4936 corpore

208 4944 417 5005 ἐκείνου
444 4950 559 5009 τοῦ
599 4950 748 5019 (68)
778 4952 1061 5023 adipate“
1088 4953 1201 5006 Καὶ
1233 4953 1334 5025 τὴν
1360 4954 1575 5027 ἡμέραν
1612 4954 1847 5024 ἐκείνην,

1951 4954 2081 5008 illo?
2108 4953 2243 5019 Quis
2279 4953 2406 5007 item
2435 4955 2649 5019 nescit,
2680 4970 2802 5023 qua:
2845 4956 2918 5010 sit
2953 4955 3093 5019 dies,
3126 4954 3345 5025 quando
3376 4962 3521 5008 terra

212 5037 291 5091 kz
322 5042 698 5112 κατῳκίσθη
758 5045 789 5113 ἡ
818 5046 889 5116 γῆ
929 5046 1035 5098 ὑπὸ
1056 5045 1152 5100 τοῦ
1187 5047 1424 5103 οἰκιστοῦ
1465 5046 1646 5122 ἡμῶν,
1683 5046 1740 5109 ὃς
1761 5046 1841 5099 διὰ

1948 5052 2134 5100 creata
2171 5052 2226 5098 et
2256 5042 2481 5097 fundata
2503 5051 2591 5099 est
2623 5059 2653 5099 a
2679 5046 2967 5101 conditore
2999 5053 3212 5113 nostro,
3238 5045 3328 5118 qui
3364 5059 3524 5101 ever-

275 5228 319 5259 “
352 5228 531 5287 Rom.
582 5247 651 5295 ι,
702 5228 839 5293 6,7.
913 5232 1009 5288 '°l
1057 5235 1183 5289 Cor.
1235 5254 1319 5315 xv,
1358 5248 1447 5311 22.
1528 5243 1572 5280 δ’
1628 5233 1832 5299 Μίδαι).

1944 5248 1973 5297 l,
2006 5233 2058 5300 7,
2087 5234 2140 5289 8.

288 5406 400 5478 (βξ)
434 5408 961 5478 Ζωποιησὸμεθα,
984 5411 1070 5467 ed.

436 5475 729 5551 [ιρώτρν
760 5475 863 5531 om.
889 5482 974 5535 ed.

297 5548 406 5613 (δι)
443 5547 903 5615 Προσδέχονται,
932 5549 1015 5604 ed.

300 5617 405 5687 (‘5;
436 5616 581 5681 Τοῖς
626 5616 932 5685 ἙὸραῙοις,
964 5618 1042 5674 ed.

519 5720 830 5775 Ριταοι..
861 5711 968 5772 Gn.
1002 5710 1167 5803 Χίης

2027 5410 2141 5480 (es)
2178 5409 2314 5481 Γὰρ,
2335 5410 2425 5467 ed.

2026 5481 2141 5552 (67)
2173 5480 2297 5552 Earl.
2344 5480 2445 5552 τῆς
2469 5496 2579 5537 om.
2606 5481 2699 5540 ed.

2030 5550 2142 5621 (68)
2175 5549 2283 5607 Τοῦ
2316 5549 2428 5607 σπη’.
2458 5552 2545 5607 ed.

3133 5707 3208 5769 1'1
