4018 6334
571 296 675 349 5'25

1793 291 1847 342 S.
1880 289 2202 344 GLREGOllII
2243 287 2530 341 NYSSENI

3711 290 3810 345 δίει

573 414 737 466 tendo
760 411 1111 466 habitationis
1137 421 1334 465 nostra:
1357 425 1687 472 eversorem,
1713 425 1904 464 rursus
1924 409 1974 461 id
1995 409 2137 477 quod

2252 407 2300 456 ιδ
2351 406 2463 475 (69)
2517 407 2816 462 καταλῦσαι
2861 409 2951 461 τὸν
3009 408 3335 480 καθαιρέτην
3394 409 3490 476 τῆς
3544 407 3812 476 ἡμετέρας

547 505 690 558 "solo
717 513 990 572 aequatum
1022 513 1160 568 erat,
1185 520 1248 559 ex
1285 502 1652 556 fundamentis
1687 501 1954 555 restituit?
1981 502 2140 552 Ever-

571 612 662 648 sor
685 605 863 648 autem
895 603 1081 648 noster
1115 611 1262 648 mors
1302 601 1440 656 erat,
1473 608 1634 661 quam
1671 600 1800 644 tunc
1835 589 2137 651 evacuavit,

570 684 790 751 quando
834 682 992 736 nobis
1041 682 1258 750 quidem
1311 681 1691 749 requiescere,
1743 688 1795 731 et
1843 677 2134 731 Sabbatmr

572 788 733 841 agere
764 771 1070 834 videbatur,
1105 786 1334 824 manens
1363 773 1414 823 in
1447 785 1554 838 quo
1599 777 1717 822 erat
1753 769 1907 827 loco,
1942 768 2139 819 immo-

574 864 717 916 bilis.
750 861 940 915 Mortis
965 877 1091 915 vero
1114 861 1409 930 potentiam
1441 859 1753 921 debellavit,
1789 858 1970 926 scipso
2000 858 2138 910 riam

573 963 825 1006 sternens
865 952 1121 1006 omnibus
1169 953 1403 1004 mortuis
1454 949 1519 1002 ad
1577 949 2028 1004 resurrectionem
2076 961 2142 998 ex

572 1051 763 1097 morte.
793 1044 899 1096 Sed
928 1059 1034 1096 non
1062 1043 1256 1110 recipit
1281 1042 1502 1094 Sabbati
1529 1041 1853 1110 mysterium
1879 1038 2140 1092 inimicus

574 1137 758 1190 erucis
805 1136 1032 1189 Christi.
1074 1134 1419 1203 Quapropter
1466 1142 1523 1185 et
1562 1132 1672 1185 [nec
1715 1131 1954 1184 laudatio
1998 1129 2140 1198 apud

573 1228 722 1295 ipsos
755 1227 1114 1296 inscriptione
1143 1235 1322 1289 caret;
1354 1242 1460 1278 non
1485 1225 1629 1278 enim
1661 1222 1968 1276 concedunt
2000 1222 2143 1274 hunc

571 1333 694 1372 esse
734 1318 1040 1376 Dominum,
1076 1314 1166 1384 qui
1198 1329 1321 1366 eum
1349 1315 1584 1382 seipsum
1622 1313 1777 1366 nobis
1809 1309 2144 1366 conformas-

573 1419 686 1471 set,
724 1417 1078 1476 nostramque
1124 1405 1498 1460 confusionem
1554 1404 1608 1457 in
1647 1403 1818 1456 forma
1859 1402 2000 1458 servi
2056 1402 2142 1455 in-

573 1499 814 1561 duisset,
849 1515 1040 1552 rursus
1073 1498 1336 1567 regnavit,
1371 1504 1424 1549 et
1459 1495 1736 1564 proprium
1763 1493 2016 1546 decorem
2055 1493 2142 1545 in-

575 1590 710 1651 duit,
743 1597 795 1643 et
829 1589 1126 1657 potentiam
1177 1587 1278 1640 sibi
1315 1583 1695 1638 circumdedit.
1738 1582 1984 1636 Potentia
2015 1596 2144 1634 vero

566 1691 627 1734 et
656 1680 818 1733 decor
863 1678 1019 1740 Filii,
1057 1677 1213 1730 Pater
1251 1685 1353 1730 est.
1410 1674 1506 1728 Hic
1558 1673 1878 1728 dissolutam
1925 1681 2147 1741 peccato

2241 499 2524 568 οίκήσεως,
2552 497 2712 551 πάλιν
2734 500 2794 551 τὸ
2824 498 3119 570 ἐρειπωθὲν
3158 499 3218 563 ἐξ
3255 498 3503 567 ὑπαρχῆς
3531 497 3813 566 ᾠκοδόμη-

2245 605 2336 639 σεν
2377 607 2391 656 ;
2427 589 2481 643 '0
2501 589 2556 642 δὲ
2581 589 2909 660 καθαιρέτης
2948 589 3102 659 ἡμῶν
3132 591 3159 640 6
3211 588 3438 651 θάνατος
3466 584 3554 657 ἦν,
3585 588 3645 640 ὃν
3695 587 3817 641 τότε

2245 680 2614 750 κατήργησεν,
2659 683 2746 733 ὅτε
2787 682 2916 750 ἡμῖν
2953 681 3048 750 μὲν
3080 679 3425 744 σαϐϐατίζειν
3459 677 3571 748 (70)
3621 677 3818 740 ἐδόκει,

2248 769 2422 838 μένων
2455 772 2510 823 έν
2630 766 2696 840 ἦν
2727 772 2875 840 τόπῳ
2918 771 3189 841 ἀκίνητος.
3227 771 3338 840 Τὴν
3371 769 3426 822 δὲ
3460 768 3552 822 τοῦ
3587 769 3820 823 θανάτου

2245 858 2647 928 κατηγωνίζετο
2681 859 2931 927 δύναμιν,
2963 859 3219 912 ὁδοποιῶν
3259 859 3324 912 δι’
3365 859 3554 912 ἐαυτοῦ
3590 861 3702 922 τοῖς
3734 875 3824 912 τε·

2247 949 2440 1002 θνεῶσι
2491 951 2623 1002 πᾶσι
2669 949 2766 1021 τὴν
2801 953 2863 1003 ἐκ
2893 951 2986 1003 τοῦ
3039 951 3269 1004 θανάτου
3314 950 3626 1003 ἀνάστασιν.
3680 949 3825 1002 Ἀλλ’

2245 1041 2306 1092 οὑ
2337 1039 2552 1110 δέχεται
2584 1041 2644 1093 τὸ
2673 1041 2764 1094 τοῦ
2801 1041 3077 1095 Σαϐϐάτου
3111 1042 3408 1112 μυστήριον
3439 1043 3467 1094 6
3509 1040 3700 1110 ἐχθρὸς
3727 1039 3826 1091 τοῦ

2247 1132 2481 1201 σταυροῦ
2515 1132 2608 1184 τού
2644 1131 2900 1201 Χριστοῦ.
2950 1135 3040 1186 Διὸ
3090 1134 3181 1185 καὶ
3225 1126 3380 1197 οὗτός
3421 1134 3567 1184 ἐστιν
3594 1134 3622 1184 6
3673 1128 3826 1194 αἶνος

2245 1225 2377 1291 παρ’
2433 1225 2615 1286 αὑτοῖς
2660 1225 3050 1294 ἀνεπίγραφος.
3105 1226 3181 1278 Οὑ
3237 1226 3344 1296 γὰρ
3395 1224 3700 1277 συντίθεται
3739 1223 3825 1276 ὅτι

2245 1308 2398 1377 οὗτός
2432 1317 2578 1368 ἐστιν
2611 1319 2639 1368 6
2677 1317 2899 1386 Κύριος,
2927 1317 2954 1367 ὃ
2981 1316 3090 1384 (71)
3121 1316 3240 1368 καθ’
3271 1318 3416 1386 ἡμᾶς
3460 1316 3648 1369 ἑαυτὸν
3689 1333 3825 1384 σχη-

2249 1403 2502 1472 ματίσας,
2545 1406 2639 1458 καὶ
2678 1405 2775 1474 τὴν
2817 1406 3089 1476 ἡμετέραν
3123 1407 3380 1476 αἰσχύνην
3425 1405 3824 1476 περιϐαλλόμε-

2247 1510 2332 1555 νος
2368 1494 2478 1563 (72)
2511 1496 2568 1546 ἐν
2595 1498 2659 1565 τῇ
2694 1495 2787 1548 τοῦ
2828 1496 3013 1548 δούλου
3047 1500 3248 1568 μορφῇ,
3287 1498 3448 1549 πάλιν
3479 1496 3822 1558 ἐϐασίλευσε,

2247 1584 2340 1636 καὶ
2365 1586 2462 1652 τὴν
2494 1585 2629 1637 ίδίαν
2659 1586 2988 1657 εὐπρέπειαν
3030 1587 3330 1651 ἐνεδύσατο,
3371 1587 3462 1640 καὶ
3490 1588 3586 1656 τὴν
3626 1587 3823 1640 ἐαυτοῦ

2249 1675 2605 1744 περιεϐάλετο
2628 1675 2875 1745 δύναμιν.
2919 1676 3153 1746 Δύναμις
3185 1677 3240 1729 δὲ
3269 1679 3362 1729 καὶ
3391 1676 3690 1744 εὐπρέπεια
3729 1675 3825 1730 τοῦ

577 1777 824 1822 naturam
849 1767 1044 1820 iterum
1069 1764 1467 1825 corroboravit,
1495 1773 1552 1817 ut
1584 1779 1650 1817 ne
1673 1763 1908 1832 amplius
1932 1761 1998 1815 ad
2024 1778 2143 1832 pec-

2253 1764 2380 1816 Υἱοῦ
2412 1767 2441 1816 6
2471 1765 2676 1835 Πατήρ.
2711 1759 2878 1828 Οὗτος
2911 1766 3161 1818 λυθεῖσαν
3192 1767 3257 1820 δι’
3295 1766 3564 1835 ἁμαρτίας
3592 1765 3692 1834 τὴν
3726 1768 3822 1817 ἀν-

576 1869 755 1914 cutum
793 1858 1140 1912 delaberetur
1165 1897 1179 1920 ,
1217 1871 1394 1923 neque
1441 1855 1695 1924 procellis
1740 1854 1884 1916 illis,
1935 1869 2051 1922 qui:
2091 1854 2144 1906 in

575 1956 800 2020 peccato
821 1949 1113 2013 exsistunt,
1149 1948 1480 2016 agitaretur;
1514 1944 1789 2014 multaque
1818 1944 1920 1997 alia
1951 1943 2146 1997 divinae

575 2043 764 2112 gratiae
798 2041 1095 2104 beneﬁcia,
1139 2055 1260 2093 cum
1302 2053 1397 2107 per
1439 2038 1727 2106 aenigmata
1763 2035 2143 2099 decantasset,

575 2135 772 2188 fluvios
799 2133 1063 2202 quosdam
1095 2131 1251 2185 valde
1281 2139 1538 2185 sonantes
1577 2127 1783 2180 inducit
1809 2170 1823 2191 ,
1859 2127 2143 2196 Evangeli-

494 2261 497 2263 -
575 2240 691 2285 eas,
725 2233 780 2277 ut
814 2223 1072 2286 arbitror,
1110 2236 1271 2274 voces
1294 2220 1609 2288 designans.
1644 2216 1709 2269 Et
1741 2217 1868 2285 quid
1896 2230 2033 2284 opus
2061 2224 2144 2270 est

577 2314 813 2383 singula,
846 2326 967 2380 quae
1001 2311 1054 2363 in
1086 2307 1386 2378 psalmodia
1417 2308 1621 2376 scripta
1653 2312 1816 2366 sunt,
1851 2306 2140 2373 persequi;

572 2423 700 2458 cum
725 2405 868 2458 nulla
905 2405 975 2459 sit
1010 2404 1063 2456 in
1104 2400 1308 2455 divinis
1337 2399 1502 2453 dictis
1537 2398 1832 2461 dubitatio,
1871 2398 2001 2467 quin
2031 2406 2142 2450 tota

578 2497 668 2548 illa
717 2494 1010 2563 hymnodia
1046 2494 1100 2546 in
1143 2492 1294 2545 illum
1335 2496 1603 2555 competat
1630 2527 1643 2546 ,
1679 2487 1770 2556 qui
1807 2485 2058 2538 ascendit
2089 2487 2148 2539 in

574 2584 922 2653 jubilatione,
944 2582 1036 2651 qui
1067 2581 1378 2635 testimonia
1410 2592 1507 2632 sua
1544 2575 1782 2645 legitima
1805 2575 2152 2628 confessione

580 2676 760 2728 lii-mat
787 2712 802 2734 ,
842 2673 936 2742 qui
977 2670 1411 2726 sanctificatione
1451 2666 1674 2734 spiritus
1720 2665 1997 2734 propriam
2048 2663 2149 2718 Ee-

579 2765 760 2819 clesiae
801 2764 1022 2817 domum
1067 2759 1327 2830 insignire
1360 2755 1687 2812 constituit?

2252 1853 2529 1925 θρωπίνην
2559 1855 2670 1924 (75)
2705 1855 2884 1923 φύσιν,
2934 1856 3094 1909 πάλιν
3131 1855 3362 1928 στερρὰν
3411 1855 3819 1927 ἀπειργάσατο·

2250 1947 2326 2009 ὡς
2358 1946 2552 2017 μηκέτι
2586 1947 2754 2016 αὑτὴν
2789 1947 2923 2016 πρὸς
2968 1948 3163 2001 κακίαν
3192 1947 3532 2016 ἀπωσθῆναι,
3567 1946 3701 2017 μηδὲ
3733 1947 3828 1999 τον

2251 2037 2310 2088 ἐν
2349 2037 2592 2108 ἁμαρτία
2647 2036 2897 2103 δέξασθαι
2945 2037 3056 2109 (74)
3101 2039 3278 2093 σάλον.
3335 2039 3446 2091 Καὶ
3498 2037 3664 2090 πολλὰ
3709 2037 3824 2106 (75)

2252 2128 2385 2181 ἄλλα
2427 2129 2493 2180 δι’
2520 2128 2855 2198 αἰνιγμάτων
2888 2130 3276 2200 ἀνευφημήσας
3308 2129 3406 2200 τὴν
3442 2129 3621 2200 χάριν,
3658 2146 3826 2181 ποτα-

2254 2220 2386 2290 μούς
2430 2237 2580 2283 τινας
2625 2221 2837 2290 μεγάλα
2879 2221 3140 2290 ῆχοῦντας
3163 2221 3240 2291 τῷ
3287 2221 3432 2291 λόγῳ
3475 2221 3821 2292 προστίθησι,

2248 2309 2345 2372 τὰς
2375 2310 2482 2379 (76)
2543 2310 2650 2363 τῶν
2684 2311 3050 2379 Εύαγγελίων,
3081 2313 3156 2375 ὡς
3197 2309 3371 2382 οἶμαι,
3403 2313 3573 2379 λέγων
3617 2313 3822 2380 φωνάς.

2250 2401 2360 2452 Καὶ
2389 2401 2438 2451 τί
2455 2406 2558 2472 χρὴ
2575 2400 2642 2453 τὰ
2673 2401 2790 2454 καθ’
2810 2403 3036 2456 ἕκαστον
3064 2402 3309 2466 διεξιέναι
3336 2401 3444 2453 τῶν
3470 2404 3526 2454 ἐν
3558 2405 3623 2472 τῇ
3649 2401 3829 2471 ψαλμο

2247 2491 2380 2560 ῳδία
2418 2493 2851 2562 γεγραμμένων,
2895 2493 3150 2562 ούδεμιᾶς
3197 2492 3362 2562 οὔσης
3409 2497 3466 2546 ἐν
3509 2497 3620 2556 τοῖς
3661 2495 3826 2558 θείοις

2251 2583 2432 2650 ῥητοῖς
2461 2581 2787 2649 ἀμφιϐολίας
2832 2581 2926 2634 τοῦ
2961 2585 3040 2644 εἰς
3071 2584 3276 2634 ἐκεῖνον
3301 2582 3516 2651 βλέπειν
3561 2584 3657 2654 τὴν
3693 2584 3826 2653 ὑμν-

2248 2671 2431 2740 ῳδίαν,
2462 2671 2552 2722 τὸν
2580 2673 2852 2725 ἀναϐάντα
2878 2673 3008 2726 Θεὸν
3038 2675 3093 2724 ἐν
3117 2673 3436 2744 ἀλαλαγμῷ,
3463 2675 3557 2726 καὶ
3581 2674 3650 2726 τὰ
3683 2692 3828 2746 μαρ-

2247 2760 2406 2830 τύρια
2433 2760 2596 2814 αὑτοῦ
2626 2761 2712 2814 διὰ
2756 2763 2854 2832 τῆς
2885 2763 3095 2832 ἀγαθῆς
3123 2765 3411 2834 ὁμολογίας
3453 2763 3825 2828 πιστώσαντα,

579 2856 674 2910 καὶ
696 2854 756 2908 τὸ
775 2854 1018 2925 ἀγίασμα
1043 2851 1136 2906 τοῦ
1167 2849 1473 2919 πνεύματος
1495 2847 1572 2918 τῷ
1597 2847 1710 2917 ίδίῳ
1731 2847 1865 2915 οἴκῳ
1893 2847 1990 2917 τῆς
2033 2847 2356 2920 Ἐκκλησίας
2388 2853 2668 2923 ἐμπρέψαι
2697 2857 3221 2924 παρασκευάσαντα;

655 3029 918 3088 Similiter
943 3029 1278 3100 noiiagesimi
1304 3027 1446 3081 tertii
1474 3026 1878 3095 inscriptionem
1910 3024 2152 3080 eamdem

581 3126 652 3179 ob
676 3139 896 3179 causam
926 3121 1147 3176 Judaeus
1177 3135 1285 3174 non
1319 3119 1530 3186 recipit,
1556 3131 1676 3186 qua:
1704 3117 1787 3169 his
1811 3115 1992 3169 verbis
2019 3129 2152 3168 con-

2341 3033 2611 3097 Ὧσαύτως
2644 3034 2734 3088 καὶ
2765 3033 2858 3088 τοῦ
2906 3035 3090 3106 τρίτου
3140 3035 3276 3105 μετά
3317 3037 3406 3091 τὸν
3451 3038 3828 3108 ἐννενηκοστὸν

2258 3125 2344 3178 διὰ
2376 3126 2474 3192 τὴν
2511 3125 2678 3196 αὑτὴν
2716 3127 2890 3180 αἰτίαν
2922 3129 2950 3179 6
2995 3127 3240 3197 Ἐϐραῖος
3279 3128 3375 3199 τήν
3407 3131 3720 3201 ἐπιγραφὴν
3762 3133 3826 3184 οὑ

582 3224 739 3286 cepta
769 3223 871 3277 est,
914 3232 931 3264 ι
964 3211 1147 3266 Davidi
1179 3218 1372 3278 quarta
1401 3182 1621 3262 sabbati
1654 3209 1770 3262 sine
1799 3206 2145 3276 inscriptione

2256 3182 2650 3283 napadéxsut:
2685 3215 2795 3286 ἔχει
2832 3215 2888 3269 δὲ
2917 3219 2949 3286 ἡ
2981 3182 3122 3281 λέξις
3149 3182 3246 3287 τῆς
3279 3182 3588 3290 ἐπιγραέῆς
3615 3182 3826 3283 ξδ’τωέλ

579 3305 727 3376 apud
763 3305 1036 3359 Hebraeos.
1082 3321 1099 3353 ι

657 3530 926 3584 Caeterum
975 3527 1314 3597 mysterium,
1363 3524 1506 3593 quod
1545 3525 1596 3577 in
1645 3523 1746 3578 hoc
1780 3523 1988 3594 psalmo
2018 3538 2152 3576 con-

587 3623 816 3683 tinetur,
851 3616 1209 3671 opeonomiam
1259 3615 1528 3684 passionis
1559 3615 1811 3684 explicat.
1844 3614 1978 3666 Cum
2007 3614 2150 3667 enim

597 3705 864 3764 Dominus
901 3707 1092 3777 quinta
1134 3703 1361 3758 Sabbati
1404 3719 1434 3756 a
1478 3703 1617 3756 Juda
1664 3703 1910 3772 proditus
1963 3701 2054 3764 sit,
2098 3703 2150 3754 iu

587 3818 674 3862 ea,
713 3817 835 3870 quae
876 3800 1014 3852 hanc
1065 3797 1209 3850 diem
1260 3793 1551 3856 antecedit,
1583 3793 1629 3846 is
1659 3793 1752 3863 qui
1788 3801 1959 3847 totum
1992 3808 2150 3845 luun-

586 3892 714 3944 dum
776 3891 954 3959 seipse
1004 3886 1275 3948 redemit,
1336 3899 1366 3936 a
1411 3883 1684 3953 proditore
1750 3881 2152 3950 quodammodo

585 3977 837 4037 venditus
883 3990 1017 4044 est;
1081 3979 1162 4032 sic
1205 3979 1349 4033 enim
1405 3985 1456 4029 et
1525 3990 1553 4027 a
1614 3973 1875 4042 propheta
1917 3969 2150 4025 .leremia

588 4075 788 4126 factum
833 4074 933 4125 hoc
965 4071 1298 4130 nominatur,
1336 4081 1458 4120 cum
1507 4065 1582 4117 ait
1617 4082 1629 4116 :
1669 4081 1686 4112 ι
1721 4061 1786 4114 Et
1821 4069 2152 4130 acceperunt

585 4164 805 4230 triginta
831 4170 1117 4229 argenteos
1142 4159 1374 4229 pretium
1405 4154 1695 4225 appretiati
1719 4153 1785 4205 ⁸².
1813 4171 1829 4203 ι
1866 4151 1940 4204 Eo
1971 4159 2150 4205 autem

587 4255 844 4315 «"0nsili0,
881 4263 940 4308 ut
975 4251 1106 4306 mihi
1159 4248 1481 4320 persuadeo,
1522 4246 1790 4300 venditur.
1830 4252 1888 4296 ut
1920 4258 2018 4297 nos
2049 4242 2151 4297 sub

587 4355 808 4412 peccato
839 4344 1104 4408 venditos,
1130 4358 1228 4398 sua
1261 4339 1568 4394 venditione
1593 4345 1757 4390 emat.
1787 4334 2148 4400 Quamobrem

586 4436 890 4505 praevidens
946 4435 1236 4503 Propheta,
1290 4431 1343 4485 id
1382 4429 1525 4499 quod
1585 4425 1826 4480 futurum
1875 4435 2013 4490 erat,
2069 4425 2148 4478 ira

2261 3325 2279 3357 ι
2320 3305 2407 3376 Τῷ
2441 3305 2621 3369 Δαυῗδ,
2661 3307 2876 3378 τετράδι
2925 3307 3235 3376 Σαϐϐάτων,
3281 3310 3648 3381 ἀνεπίγραφος
3697 3313 3828 3382 παρ’

2266 3397 2556 3468 Ἑϐραίοις.
2597 3417 2613 3448 1

2323 3533 2395 3584 Τὸ
2424 3532 2478 3585 δὲ
2513 3535 2570 3586 ἐν
2614 3535 2786 3606 τούτῳ
2821 3537 3136 3608 μυστήριον,
3169 3540 3266 3611 τὴν
3299 3541 3425 3610 περὶ
3457 3541 3516 3594 τὸ
3556 3541 3726 3604 πάθος
3749 3544 3833 3594 oi-

2253 3624 2510 3692 κονομίαν
2545 3626 2922 3697 προαγορεύει.
2959 3628 3036 3698 Τῇ
3069 3629 3178 3699 γὰρ
3208 3630 3430 3701 πέμπτῃ
3478 3630 3570 3683 τοῦ
3615 3631 3835 3685 Σαϐϐά-

2252 3729 2345 3764 του
2368 3713 2467 3782 τῆς
2491 3715 2777 3784 προδοσίας
2803 3717 2952 3787 παρά
2973 3719 3064 3771 τοῦ
3095 3718 3262 3772 ’ἰούδα
3281 3719 3438 3790 [(76')
3456 3722 3834 3790 γεγενημένης

2252 3803 2311 3854 ἐν
2357 3807 2424 3874 τῇ
2473 3804 2578 3874 πρὸ
2622 3805 2824 3876 ταύτης
2859 3807 3038 3877 ἡμέρα
3074 3811 3106 3862 6
3149 3811 3326 3864 πάντα
3369 3811 3460 3864 τὸν
3504 3813 3706 3881 κόσμον
3755 3813 3832 3865 δι’

2255 3890 2471 3962 ἑαυτοῦ)
2509 3892 2889 3964 λυτρούμενος,
2921 3896 3024 3949 ὑπὸ
3063 3897 3156 3949 τοῦ
3191 3899 3445 3968 προδότου
3478 3901 3675 3971 τρόπον
3705 3905 3833 3956 τινὰ

2253 3981 2538 4035 πωλεῖται·
2569 3983 2710 4037 οὑτω
2754 3986 2862 4056 γάρ
2895 3988 2986 4040 καὶ
3035 3989 3184 4056 παρὰ
3219 3990 3321 4060 τῆς
3359 3992 3689 4061 προφητείας
3730 3994 3837 4046 Ἰε-

2256 4070 2444 4140 ρεμίου
2501 4071 2563 4124 τὸ
2617 4075 2835 4141 γεγονὸς
2887 4077 3250 4148 ὀνομάζεται·
3289 4099 3306 4130 ι
3358 4082 3465 4134 Καὶ
3515 4083 3704 4135 ἔλαϐον
3756 4087 3834 4140 τὰ

2251 4160 2542 4230 τριάκοντα
2570 4163 2804 4236 ἀργύρια
2838 4167 2936 4237 τὴν
2957 4171 3121 4240 τιμὴν
3147 4171 3240 4224 τοῦ
3261 4175 3643 4242 τετιμημένου.
3679 4195 3698 4226 ι
3726 4179 3836 4231 Διά

2251 4251 2408 4304 τοῦτο
2441 4252 2516 4313 δὲ,
2545 4249 2718 4324 οἶμαι,
2743 4257 3018 4323 πωλεῖται,
3052 4261 3140 4314 ἵνα
3166 4265 3230 4332 τῇ
3267 4263 3454 4316 ἑαυτοῦ
3477 4265 3674 4334 πράσει
3698 4269 3835 4330 τοὺς

2253 4341 2358 4393 ὑπδ
2403 4343 2500 4412 τῆς
2542 4347 2816 4417 ἁμαρτίας
2863 4353 3248 4420 πεπραμένους
3289 4353 3610 4426 ἐξαγοράσῃ.
3660 4357 3838 4410 Ὀθεν

2254 4434 2484 4504 προϊδὼν
2515 4437 2543 4488 6
2570 4437 2852 4511 Προφήτης
2890 4443 2950 4495 τὸ
2981 4444 3254 4514 ἐσόμενον,
3286 4445 3442 4516 θυμῷ
3471 4465 3574 4499 τινι
3605 4450 3742 4517 πρὸς
3768 4451 3842 4503 τὸ

587 4527 818 4593 «madam
855 4527 908 4579 in
943 4526 1151 4580 facinus
1184 4523 1315 4578 illud
1347 4521 1675 4582 concitatur,
1725 4517 1889 4572 Deum
1928 4517 2145 4571 ultionis

2252 4528 2538 4596 γενόμενον
2585 4529 2937 4601 διεγείρεται,
2990 4535 3120 4589 Θεὸν
3161 4537 3485 4606 ἐκδικήσεων
3522 4540 3631 4608 (77)
3663 4542 3841 4594 αὑτὸν

586 4617 738 4669 illum
784 4617 1052 4681 vocituns,
1109 4624 1163 4668 et
1213 4626 1271 4667 ut
1313 4613 1604 4671 exaltetur,
1657 4609 1749 4678 qui
1801 4616 2016 4676 propter
2052 4621 2151 4660 nos

587 4707 905 4760 humiliatus
944 4715 1050 4769 est,
1105 4718 1482 4766 conuuonens,
1515 4717 1625 4770 quo
1668 4699 1858 4754 reddat
1900 4697 2152 4765 superbis

584 4798 801 4864 dignam
853 4797 1284 4858 retributionem,
1317 4809 1384 4848 ne
1421 4794 1474 4846 in
1525 4807 1624 4847 sua
1677 4789 1882 4843 malitia
1913 4787 2152 4857 glorien-

492 4908 495 4910 ·
585 4900 673 4941 tur
709 4896 1023 4956 peccatores
1068 4907 1080 4940 ;
1120 4886 1186 4940 ad
1237 4900 1376 4955 quos
1422 4885 1641 4946 clamat,
1682 4882 1877 4952 stultos
1923 4888 1976 4933 et
2022 4879 2155 4934 insi-

586 4981 793 5035 uientes
835 4979 953 5034 illos
999 4979 1312 5049 appellans,
1377 4977 1469 5047 qui
1529 4975 1668 5045 ejus,
1725 4972 1820 5044 qui
1867 4971 2151 5042 apparuit,

656 5148 699 5177 "
746 5147 935 5201 Matth.
966 5166 1134 5214 xxvu,
1169 5150 1222 5206 9.

657 5309 766 5377 (69)
800 5310 929 5367 Τοῦ,
955 5309 1041 5363 ed.

654 5381 766 5440 (70)
796 5380 915 5448 Scip
927 5378 1146 5442 ατίζειν,
1167 5379 1252 5433 ed.

654 5451 764 5509 (7|)
800 5451 916 5512 "0;,
945 5449 1028 5501 ctl.

652 5521 697 5577 (7
710 5519 762 5577 εἰ)
800 5521 869 5573 Πε
882 5518 1248 5588 ριϐαλόμενος,
1292 5519 1379 5572 cd.

653 5591 765 5652 (75)
796 5590 1166 5659 Ἀνθρωπίνην
1196 5606 1304 5643 om.
1340 5588 1426 5644 ed.

655 5661 1064 5732 (“Lagea-01:,
1099 5659 1186 5715 ed.

2255 4617 2553 4686 ὀνομάζων,
2597 4623 2690 4675 καὶ
2725 4623 3004 4694 ὑψωθῆναι
3032 4625 3122 4679 τόν
3145 4627 3212 4679 δι’
3241 4630 3386 4698 ἡμᾶς
3423 4631 3838 4686 ταπεινωθέντα

2255 4709 2604 4777 παρακαλῶν,
2621 4712 2912 4768 ἀποδοῦναι
2925 4719 3034 4778 τοῖς
3045 4717 3410 4788 ὑπερηφάνοις
3427 4721 3521 4790 τὴν
3537 4722 3655 4774 κατ’
3671 4723 3843 4788 ἀξίαν

2257 4796 2537 4862 ἀντίδοσιν,
2569 4801 2644 4864 ὡς
2673 4804 2740 4857 ἂν
2777 4803 2851 4875 μὴ
2881 4805 3256 4877 ἐπικαυχοίντο
3279 4810 3390 4880 (78)
3424 4812 3474 4862 οί
3513 4812 3846 4882 ἁμαρτωλοὶ

2255 4889 2320 4956 τῇ
2352 4889 2532 4961 κακίᾳ.
2565 4893 2707 4963 Πρὸς
2736 4895 2828 4958 οὓς
2854 4895 2972 4967 βοᾷ.
2999 4897 3238 4968 ἄφρονας
3262 4901 3454 4964 αὐτοὺς
3481 4901 3574 4954 κειὶ
3611 4908 3853 4974 μωροὺς

2256 4975 2554 5046 ὀνομάζων,
2572 4982 2695 5046 τοὺς
2733 4983 2806 5054 μὴ
2830 4987 3306 5059 παραδεξαμένους
3332 4991 3430 5061 τὴν
3457 4991 3548 5045 τοὺ
3571 4993 3854 5062 ὀφθέντος

2329 5309 2441 5372 (75)
2475 5312 2541 5364 Δέ
2571 5312 2695 5367 add.
2733 5317 2819 5370 ed.

2330 5380 2441 5445 (76)
2466 5382 2572 5444 Τάς
2601 5398 2710 5437 om.
2742 5385 2826 5439 ed.

2327 5449 2467 5516 (76⁸)
2509 5450 2675 5508 chis
2707 5455 2918 5509 inclusa
2960 5473 3065 5511 non
3102 5460 3258 5515 habet
3291 5462 3379 5517 ed.

2331 5519 2442 5591 (77)
2469 5522 2851 5591 Ἑκδικήσεως,
2876 5526 2962 5579 ed.
3429 5543 3438 5552 ‘

2333 5588 2442 5659 (78)
2476 5588 2925 5664 Ἐπικαυχῶνται,
2950 5598 3035 5653 ed.
