4018 6334
320 45 414 101 525

1714 41 1781 99 IN
1821 41 2156 98 PSALMOS.

3455 36 3558 94 526

321 158 561 226 θεύτητα.
583 156 740 210 Ἴδιον
759 156 869 228 γάρ
884 155 1104 210 ὲστιτοῦ
1126 158 1376 226 ἄφρονος,
1392 158 1466 220 ὼς
1493 159 1717 230 ἑτέρωθί
1731 175 1883 229 φησι,

2003 155 2327 210 livinitatem
2368 152 2703 208 inficiantur.
2748 151 2881 206 Nam
2928 152 3241 224 insipientis
3281 153 3557 223 proprium

317 248 373 299 τὸ
393 246 483 299 τὸν
527 247 656 299 ὄντα
682 246 814 299 Θεὸν
849 247 925 318 μὴ
959 242 1098 302 εἶναι
1137 248 1333 317 λέγειν.
1361 248 1466 320 Βοᾷ
1493 251 1550 302 δὲ
1581 249 1716 318 πρὸς
1763 251 1889 314 τοὺς

317 339 604 400 τοιούτους,
635 338 717 391 ὅτι
741 357 757 387 ι
787 337 1004 403 Σύνετε,
1031 339 1261 411 ἄφρονες
1282 342 1340 394 ὲν
1365 341 1443 412 τῷ
1459 341 1594 411 λαῷ,
1625 343 1742 408 καὶ,
1774 359 1890 411 μω-

319 430 419 500 ροὶ,
456 430 590 482 ποτὲ
614 431 941 500 φρονήσατε.
975 450 993 482 ι
1030 431 1125 494 Τίς
1157 431 1186 482 6
1216 432 1488 500 φυτεύσας
1513 436 1574 486 τὸ
1605 430 1730 499 οὗς;
1757 435 1838 498 τίς
1862 437 1890 486 6

321 521 526 582 πλάσας
565 520 657 572 τὸν
690 520 1002 590 ὁφθαλμόν;
1032 522 1116 585 τίς
1141 524 1169 575 6
1210 524 1479 576 παιδεύων
1515 524 1584 577 τὰ
1617 524 1778 594 {Otii};
1807 523 1890 586 τίς

317 609 345 659 6
369 606 657 675 γινώσκων
704 608 831 672 τοὺς
867 608 1249 680 διαλογισμοὺς
1281 612 1389 664 τῶν
1427 613 1765 684 ἀνθρώπων;
1804 612 1892 665 διὰ

318 699 514 752 τούτων
547 699 658 770 γὰρ
673 695 826 770 οἶμαι
847 702 1066 756 πάντων
1097 703 1188 757 τὸν
1219 703 1506 775 Προφήτην
1538 704 1605 757 τὰ
1633 703 1775 758 κατὰ
1793 704 1891 767 τὰς

321 791 483 853 ἰάσεις
527 791 754 860 μηνύειν
787 791 1060 862 θαύματα,
1090 793 1155 846 δι’
1187 787 1261 847 ὧν
1301 794 1571 867 ὀφθαλμοί
1599 813 1657 849 τε
1687 795 1891 849 ἐπλάσ-

321 899 464 934 σοντο
496 882 590 934 διὰ
612 881 706 934 τού
747 882 1069 953 πτύσματος·
1097 886 1190 938 καὶ
1223 886 1322 954 τῆς
1353 887 1456 956 γῆς
1483 886 1893 957 πηλουργούμε-

318 989 389 1024 νοι
415 1013 431 1034 ,
475 973 574 1025 καὶ
606 973 766 1026 ἀκοαὶ
808 974 1010 1044 τρόπον
1051 975 1172 1028 τινὰ
1218 979 1331 1038 τοῖς
1374 977 1756 1047 ἐστερημένοις
1796 977 1894 1044 τῆς

318 1065 623 1133 αἰσθήσεως
675 1064 881 1135 ταύτης
918 1065 1004 1118 διὰ.
1040 1066 1148 1118 τῶν
1177 1067 1454 1120 δακτύλων
1493 1069 1889 1137 ὲνεφυτεύοντο.

320 1153 420 1206 Καὶ
465 1153 571 1205 ὅσα
604 1155 663 1206 ἐν
701 1153 780 1224 τῷ
827 1155 1055 1226 κρυπτῷ
1105 1157 1213 1209 τῶν
1262 1159 1550 1228 νοημάτων
1586 1158 1892 1222 ἐλάνθανεν,

320 1241 466 1312 παρὰ
487 1242 586 1295 τού
613 1242 902 1312 βλέποντος
922 1245 1022 1308 τὰς
1042 1243 1370 1316 ἐνθυμήσεις
1396 1245 1572 1300 αὐτῶν
1604 1246 1891 1315 διελέγετο.

329 1334 547 1404 Ἐπειδὴ
580 1333 791 1397 τούτοις
823 1334 1036 1403 ὲμῦοῶν
1065 1337 1165 1389 οὐκ
1190 1336 1454 1408 ἠκούσθη,
1490 1338 1626 1407 πρὸς
1664 1338 1753 1391 τὸν
1782 1337 1894 1390 Κύ-

319 1443 420 1500 ριον
450 1427 773 1496 ἐπιστρέφει
795 1427 883 1479 τὸν
911 1427 1068 1496 λόγον
1101 1429 1192 1481 καί
1222 1443 1404 1498 φησιν·
1436 1448 1454 1479 ι
1497 1429 1774 1502 Μακάριος
1798 1431 1893 1484 ἆν-

321 1519 556 1590 θρωπος,
588 1517 648 1570 ὅν
695 1519 760 1574 ἂν
794 1519 1114 1594 παιδεύσῃς,
1142 1522 1345 1591 Κύριε,
1376 1522 1469 1575 καὶ
1497 1523 1562 1574 ὲκ
1589 1521 1684 1574 τοῦ
1728 1522 1892 1592 νόμου

322 1628 399 1664 σου
424 1611 651 1682 διδάξῃς
681 1612 840 1665 αύτόν
867 1629 882 1645 ο
915 1631 933 1662 ι
967 1611 1044 1675 ὡς
1074 1611 1165 1667 τοῦ
1195 1615 1362 1681 νόμου
1391 1613 1509 1666 καθ’
1542 1614 1731 1667 ἑαυτὸν
1753 1615 1895 1682 ὠφε-

317 1701 526 1766 λοῦντος
565 1702 739 1765 οὐδὲν,
776 1704 824 1756 εἰ
857 1702 929 1772 μή
961 1720 1044 1766 τις
1088 1701 1208 1759 θεία
1248 1703 1434 1774 διδαχὴ
1478 1705 1540 1757 τὸ
1572 1705 1891 1774 ἐγκείμενον

318 1795 452 1865 αὐτῷ
505 1796 807 1865 μυστήριον
864 1793 1212 1864 σαφηνίσειε·
1256 1793 1438 1858 καθὼς
1481 1792 1633 1849 εἶπεν
1661 1798 1690 1848 6
1733 1794 1896 1857 αὐτὸς

316 1879 456 1947 οὗτος
491 1884 805 1954 Προφήτης,
834 1883 914 1937 ὃτι
943 1901 962 1934 ι
1011 1883 1382 1952 Ἀποκάλυψον
1423 1886 1547 1947 τοὺς
1587 1884 1895 1954 ὀφθαλμούς

323 1989 427 2040 μου,
455 1973 558 2024 καὶ
580 1972 903 2040 κατανοήσω
925 1970 992 2024 τὰ
1023 1971 1301 2041 θαυμάσια
1320 1975 1382 2025 ὲκ
1405 1973 1496 2026 τοῦ
1527 1975 1691 2043 νόμου
1721 1992 1836 2028 σου.
1871 1995 1890 2027 ι

323 2059 381 2110 Ἦ
428 2059 578 2127 τάχα
632 2059 920 2128 μακαρίζει
965 2059 1055 2113 τὸν
1116 2057 1175 2123 ἐξ
1217 2060 1386 2113 ἐθνῶν
1424 2060 1502 2130 τῷ
1537 2062 1894 2132 πνευματικῷ

322 2148 454 2217 νόμῳ
511 2147 839 2200 πιστεύοντα
860 2190 874 2214 ,
909 2148 967 2210 ὂς
1002 2146 1286 2218 ἄνθρωπος
1316 2146 1392 2200 ὢν
1433 2149 1523 2205 τὸν
1561 2149 1666 2220 πρὸ
1703 2149 1893 2206 τούτου

321 2240 525 2311 χρόνον,
572 2239 860 2310 σαρκώδης
906 2257 962 2292 τε
1004 2241 1098 2292 καὶ
1146 2240 1750 2311 συμπαραϐεὸλημένος
1782 2243 1896 2304 τοῖς

319 2336 590 2400 κτήνεσιν,
636 2331 694 2383 ἐν
733 2333 798 2401 τῇ
838 2331 1116 2384 παιδεύσει
1146 2332 1240 2384 τοῦ
1278 2331 1423 2384 θείου
1454 2332 1640 2401 νόμον,
1669 2333 1767 2402 τῆς
1797 2349 1896 2385 κα·-

319 2423 474 2492 τάρας
513 2423 597 2484 εἰς
631 2421 881 2490 εὐλογίαν
927 2423 1287 2494 ἁναλυθείσης
1311 2465 1324 2483 .
1357 2425 1623 2496 μακάριος
1663 2425 1893 2493 γίνεται.

317 2511 430 2564 Ὀτι
480 2510 646 2581 αὐτῷ
688 2512 784 2580 μὲν
824 2512 931 2564 ἀπὸ
983 2513 1092 2565 τῶν
1139 2514 1361 2586 ἡμερῶν
1402 2515 1509 2567 τῶν
1548 2515 1808 2586 πονηρῶν
1861 2517 1894 2586 ἡ

316 2601 442 2676 ὀργὴ
475 2602 812 2673 πραύνεται,
844 2603 1052 2656 ἐκείνου
1095 2604 1151 2659 δὲ
1178 2607 1205 2657 6
1233 2606 1341 2674 (79)
1371 2605 1562 2676 βόθρος
1586 2605 1891 2678 ὀρύσσεται·

314 2691 426 2747 εἶτα
487 2694 699 2764 μικρὸν
760 2695 1004 2759 ὑποϐὰς,
1039 2696 1131 2750 τὸν
1181 2697 1381 2750 σκοπὸν
1434 2697 1578 2765 λέγει
1616 2701 1714 2767 τῆς
1760 2697 1900 2752 κατὰ

1990 254 2096 310 est,
2148 245 2293 316 quod
2341 245 2469 298 alibi
2519 243 2706 304 tradit,
2753 258 3067 299 asseverare
3099 260 3246 308 eum,
3295 244 3389 314 qui
3437 260 3564 297 vere

1991 334 2136 390 Deus
2179 343 2285 399 est,
2340 349 2448 389 non
2501 349 2660 398 esse;
2706 333 2908 403 quibus
2965 335 3196 404 proinde
3248 335 3558 391 acclamat:

1999 444 2017 475 ι
2053 425 2358 496 lntelligite,
2413 425 2738 495 insipientes
2782 425 2837 478 in
2877 426 3098 494 populo,
3149 433 3224 490 et,
3260 426 3433 490 stulti,
3464 426 3565 479 ali-

1994 517 2214 586 quando
2261 516 2455 586 sapite.
2493 535 2510 567 ›
2562 514 2697 580 Quis
2742 522 2849 578 est,
2895 515 2988 583 qui
3038 517 3301 583 plantavit
3342 518 3568 571 aurem?

1992 609 2116 676 quis
2161 609 2254 677 qui
2287 609 2444 661 finxit
2474 608 2694 661 oculum
2719 608 2742 659 ?
2767 607 2892 676 quis
2921 606 3104 660 erudit
3150 607 3416 675 populos?
3442 611 3566 677 quis

1995 704 2101 760 est,
2150 697 2240 766 qui
2278 697 2563 767 cognoscit
2589 696 2950 766 cogitationes
2981 697 3303 753 hominum?
3335 697 3431 754 His
3459 714 3569 752 oru-

1996 787 2161 842 nibus
2205 794 2336 855 puto
2367 787 2688 855 Prophetam
2718 786 3027 856 signiﬁcare
3075 786 3346 841 mirabilia
3377 787 3430 840 in
3478 803 3568 841 sn—

1996 878 2316 932 nationibus
2353 876 2682 948 peragendis
2734 885 2966 946 patrata,
3016 876 3236 945 quando
3282 877 3426 930 oeuli
3477 892 3573 946 per

1996 977 2216 1038 Sputum
2251 976 2304 1022 et
2356 977 2556 1021 terram
2610 968 2731 1020 illiti
2773 967 3213 1021 reformabantur
3245 975 3299 1021 et
3343 966 3572 1034 reﬁngt-v

1995 1057 2216 1119 bantur,
2265 1056 2487 1126 quando
2537 1056 2762 1111 auditus
2792 1057 2976 1125 aliquo
3011 1057 3175 1113 modo
3215 1057 3282 1112 iis
3323 1056 3414 1125 qui
3468 1055 3571 1109 hoc

1997 1164 2162 1203 sensu
2209 1149 2406 1217 privati
2462 1156 2640 1212 erant,
2686 1163 2782 1216 per
2827 1148 3028 1217 digitos
3086 1149 3244 1217 quasi
3291 1147 3570 1203 inserehuv

1997 1247 2105 1303 tur,
2134 1248 2188 1293 et
2229 1239 2448 1309 quando
2473 1255 2535 1294 ea
2573 1255 2694 1310 quae
2738 1241 2791 1293 in
2844 1241 3060 1294 occulto
3097 1241 3356 1304 latebant,
3401 1239 3567 1293 animi

1997 1347 2181 1394 sensa.
2215 1333 2284 1386 ab
2325 1347 2391 1386 eo
2418 1333 2510 1401 qui
2547 1333 2887 1402 singulorum
2917 1333 3276 1402 cogitationes
3318 1331 3484 1396 videt,
3516 1333 3569 1383 in

1997 1435 2246 1494 apertum
2271 1426 2481 1495 prolata
2511 1437 2658 1480 sunt.
2692 1429 2760 1480 At
2783 1442 2910 1480 cum
2945 1426 3030 1480 his
3066 1427 3378 1482 acc-lanians
3403 1441 3571 1481 exau-

1997 1516 2144 1570 ditus
2185 1533 2290 1570 non
2333 1525 2505 1579 esset,
2556 1517 2621 1571 ad
2673 1516 2958 1570 Dominum
3001 1531 3253 1570 sermone
3303 1532 3570 1572 converso

1997 1608 2215 1674 inquit:
2255 1627 2271 1657 ‹
2313 1606 2534 1668 Beatus,
2570 1623 2732 1676 quem
2780 1616 2833 1661 tu
2883 1607 3176 1670 erudieris,
3237 1606 3485 1673 Domine,
3517 1617 3572 1660 et

1995 1696 2064 1752 de
2095 1699 2209 1768 lege
2243 1707 2333 1750 tua
2366 1699 2616 1752 docueris
2645 1713 2793 1761 eum,
2829 1717 2846 1747 ι
2883 1699 3038 1766 quasi
3073 1698 3156 1751 lex
3195 1712 3288 1764 per
3332 1712 3393 1752 se
3434 1698 3568 1750 nihil

1996 1789 2190 1859 prosit,
2227 1788 2332 1842 nisi
2365 1788 2546 1841 divina
2575 1789 2759 1856 aliqua
2788 1788 3061 1842 institutio
3091 1787 3338 1840 abditum
3363 1789 3416 1841 in
3449 1791 3566 1858 ipsa

1998 1894 2222 1935 sensum
2257 1879 2568 1934 nianifcstet
2604 1901 2615 1933 :
2652 1879 3109 1948 quemadmodmu
3159 1879 3247 1932 hie
3280 1879 3396 1948 ipse
3442 1895 3570 1949 pro-

1998 1971 2160 2040 pheta
2192 1977 2426 2024 testatus
2465 1977 2580 2032 est,
2627 1989 2644 2020 «
2678 1968 2898 2031 Revela,
2931 1989 2949 2020 ι
2987 1971 3261 2038 inquiens,
3315 1988 3334 2020 ι
3377 1971 3567 2024 oculos

1997 2075 2168 2123 meos,
2195 2071 2248 2115 et
2269 2060 2633 2115 considerabo
2658 2060 2928 2115 mirabilia
2951 2061 3018 2114 de
3041 2061 3156 2130 lege
3190 2070 3278 2114 tua
3311 2061 3378 2115 ⁸³.
3419 2080 3437 2110 ι
3474 2059 3569 2112 Vel

1999 2148 2254 2204 fortassis
2306 2149 2522 2202 beatmn
2563 2148 2822 2218 praedicat
2868 2149 3042 2210 illum,
3079 2151 3172 2220 qui
3222 2165 3284 2204 ex
3321 2150 3572 2220 gentibus

1997 2239 2269 2310 spirituali
2304 2240 2407 2308 legi
2434 2255 2722 2294 assensqu
2770 2240 2993 2310 prazbet,
3029 2242 3124 2310 qui
3167 2257 3290 2296 cum
3321 2250 3571 2295 anteacta

1998 2340 2246 2401 tempore
2293 2339 2442 2386 esset
2487 2331 2649 2384 homo
2693 2333 2844 2384 carni
2884 2332 3159 2396 addictus,
3204 2333 3572 2402 jumcmisque

1998 2423 2236 2490 similis;
2289 2423 2345 2476 in
2390 2423 2736 2478 institutione
2765 2423 2902 2493 legis
2928 2424 3148 2488 diviuw,
3194 2427 3571 2483 exsecratione

1999 2514 2052 2567 in
2088 2512 2521 2568 benedictionem
2543 2522 2898 2576 commutata,
2923 2515 3116 2570 beatus
3135 2516 3401 2583 ellicitur;
3437 2534 3571 2586 quo—

2000 2605 2143 2659 niam
2201 2603 2302 2673 ipsi
2346 2603 2566 2672 quidem
2606 2604 2687 2656 ira
2733 2618 2764 2657 a
2810 2604 3003 2669 diebus
3051 2607 3209 2658 malis
3251 2606 3568 2677 mitigatur;

2001 2696 2155 2750 alteri
2207 2710 2335 2749 vero
2375 2694 2530 2752 fovea
2573 2695 2794 2750 foditur.
2850 2695 3056 2750 Deinde
3108 2698 3386 2766 paululum
3447 2716 3564 2768 pro;

313 2784 396 2838 τδν
419 2785 535 2853 (80)
561 2782 847 2850 ἄνθρωπον
865 2783 956 2836 τοῦ
980 2784 1183 2854 Κυρίου
1200 2784 1528 2855 οἰκονομίας.
1572 2805 1589 2836 ι
1623 2785 1683 2836 Εἰ
1715 2787 1788 2854 μὴ
1818 2785 1896 2838 ὅτι

2003 2803 2225 2858 gressus
2273 2789 2434 2840 tinem
2485 2786 2729 2841 declarat
2773 2787 3095 2842 oeconomiae
3142 2788 3494 2842 humanitatis
3543 2805 3571 2840 a

307 2875 512 2946 Κύριος
571 2873 838 2947 ἐϐοήθησέ
899 2892 1027 2944 μοι,
1063 2874 1216 2945 παρὰ
1266 2875 1438 2946 βραχὺ
1495 2875 1789 2946 παρῴκησε
1823 2873 1899 2944 τῷ

314 2966 410 3037 ᾄδῃ
442 2969 478 3036 ἡ
511 2967 672 3037 ψυχή
704 2983 826 3036 μου.
877 2985 895 3018 ι
941 2966 1005 3018 Ἡ
1044 2966 1153 3037 γὰρ
1189 2965 1408 3037 βοήθεια
1432 2967 1524 3019 τοῦ
1547 2966 1772 3035 Κυρίου,
1801 2966 1900 3018 οὐκ

301 3057 518 3127 ἀςῆκεν
549 3058 703 3129 ἡμᾶς
726 3056 819 3108 τοῦ
849 3056 976 3128 ᾅδου
1009 3057 1303 3128 παροίκους
1325 3053 1486 3111 εἶναι.
1520 3059 1626 3111 Καὶ
1647 3061 1729 3112 ὅτι
1760 3057 1900 3111 κατὰ

72 3147 78 3232 ξ
302 3148 362 3199 τὸ
400 3148 617 3219 πλῆθος
659 3147 768 3202 τῶν
797 3151 858 3199 ἐκ
885 3148 987 3217 τῆς
1018 3150 1293 3219 ἁμαρτίας
1329 3149 1549 3210 ὀδυνῶν,
1575 3151 1902 3221 ἀντίρῤοπος

72 3240 74 3242 ’
294 3239 523 3305 ἐγένετο
571 3241 712 3308 ἡμῖν
756 3240 789 3310 ἡ
827 3239 1035 3309 ἰατρεία
1068 3241 1218 3311 παρὰ
1251 3240 1345 3293 τοῦ
1386 3241 1823 3312 ἰατρεύοντοςοὲν

293 3346 346 3380 τι
375 3330 521 3399 (80')
565 3333 670 3384 καὶ
709 3330 893 3400 μεῖζον
920 3332 1224 3402 φιλοσοφεῖ,
1260 3335 1320 3386 τὸ
1356 3334 1429 3404 μὴ
1461 3333 1519 3398 ἐξ
1559 3333 1730 3388 ἀϊδίου
1762 3329 1902 3388 εἶναι

287 3419 346 3472 τὸ
376 3422 570 3473 κακὸν
601 3421 969 3489 δογματίζων.
1006 3423 1142 3493 Φησὶ
1186 3424 1314 3494 γὰρ,
1352 3425 1432 3477 ὅτι
1469 3443 1486 3474 ι
1517 3425 1591 3478 Ού
1622 3441 1901 3496 συμπροσ-

284 3512 447 3564 ἐσται
464 3529 562 3565 σοι
595 3511 792 3579 θρόνος
813 3513 1062 3582 ἀνομίας,
1087 3515 1115 3564 6
1143 3514 1397 3568 πλασσων
1425 3515 1589 3572 κόπον
1621 3515 1712 3568 ἐπὶ
1737 3517 1904 3586 πρόσ-

280 3615 504 3671 ταγμα.
557 3621 579 3650 ι
617 3601 796 3653 Τοῦτο
841 3601 896 3652 δέ
928 3602 1092 3665 ἐστιν,
1114 3602 1196 3656 ὅτι
1223 3605 1297 3659 Ού
1329 3604 1708 3674 συνθεωρεῖταί
1755 3621 1836 3658 σοι
1871 3606 1903 3678 ἡ

269 3689 378 3756 τῆς
420 3691 662 3753 κακίας
701 3691 864 3760 ἀρχή.
913 3692 1080 3762 Ἀρχὴ
1109 3693 1220 3762 γὰρ
1243 3696 1270 3744 6
1304 3693 1510 3764 θρόνος,
1546 3697 1574 3747 ὁ
1597 3694 1694 3764 τὴν
1725 3697 1904 3764 ἁμαρ-

268 3780 399 3832 τίαν
434 3781 678 3845 κτίζων
709 3779 797 3832 διὰ
827 3783 1262 3852 προστάγματος.
1299 3784 1376 3835 Δι’
1417 3778 1491 3837 ὧν
1518 3785 1577 3836 τὸ
1613 3785 1686 3855 μὴ
1729 3785 1788 3848 ἐξ
1824 3787 1907 3839 ἁῖ-

254 3868 381 3921 δύου
395 3871 520 3940 τὴν
550 3870 776 3923 κακίαν
809 3866 971 3935 εἶναι,
997 3873 1129 3942 μηδὲ
1163 3876 1241 3938 εἰς
1270 3875 1356 3929 ἀεὶ
1379 3877 1711 3945 παραμένειν
1738 3877 1906 3946 αὐτὴν

257 3961 644 4028 ἐνεδείξατο.
678 3964 745 4015 Ὀ
767 3961 875 4036 γὰρ
905 3964 979 4038 μὴ
1009 3965 1094 4017 ἀεὶ
1123 3961 1210 4035 ἦν,
1243 3965 1359 4017 οὐδὲ
1386 3968 1464 4028 εἰς
1487 3969 1572 4019 ἀεὶ
1595 3968 1766 4022 ἐσται.
1795 3970 1907 4022 Καὶ

243 4052 348 4104 τὸν
399 4056 662 4124 τρόπον
713 4055 812 4122 τῆς
853 4055 946 4108 τού
1001 4056 1174 4109 κακοῦ
1225 4057 1556 4128 ἀναιρέσεως
1604 4059 1902 4130 διηγεῖται,

2006 2879 2234 2933 Domino
2264 2886 2536 2948 susceptae
2569 2879 2653 2933 his
2681 2878 2862 2932 verbis
2900 2894 2913 2931 :
2947 2898 2965 2930 ι
3000 2877 3112 2932 Nisi
3149 2880 3276 2948 quia
3312 2878 3573 2934 Dominus

2003 2971 2226 3040 adjuvet
2283 2986 2391 3033 me,
2448 2970 2613 3039 paulo
2661 2970 2842 3023 minus
2893 2971 2948 3023 in
3003 2970 3218 3024 inferno
3279 2971 3573 3026 habitasset

2004 3064 2184 3120 anima
2227 3078 2367 3116 mea.
2406 3082 2424 3113 ι
2467 3061 2744 3114 Auxilium
2787 3062 2930 3114 enim
2959 3059 3189 3134 Domini
3231 3078 3336 3118 non
3377 3065 3574 3134 peruri-

2005 3156 2076 3209 sit
2111 3171 2216 3208 nos
2249 3153 2448 3209 inferni
2481 3154 2688 3209 incolas
2716 3169 2872 3220 esse;
2897 3132 3169 3223 simulque
3199 3157 3417 3220 asserit,
3446 3158 3575 3207 mu!-

2005 3245 2225 3300 titudiui
2261 3244 2534 3306 dolorum,
2561 3244 2652 3312 qui
2679 3259 2744 3297 ex
2771 3247 3010 3312 peccatis
3051 3252 3371 3306 nascuntur,
3396 3259 3575 3314 aequa-

2005 3337 2110 3392 lem
2173 3335 2499 3390 medicinam
2549 3349 2578 3388 a
2633 3333 2848 3388 medico
2894 3342 3137 3402 paratam
3181 3351 3322 3390 esse.
3374 3333 3476 3389 Ubi
3524 3347 3577 3388 et

2005 3425 2269 3495 grandius
2306 3424 2566 3493 quiddam
2601 3422 2800 3485 innuit,
2836 3438 2960 3475 cum
2991 3423 3138 3476 velut
3167 3424 3419 3492 dogmate
3442 3439 3575 3492 quo-

2007 3517 2130 3570 dam
2162 3515 2376 3577 statuit,
2406 3514 2608 3568 malum
2643 3529 2750 3566 non
2780 3527 2902 3566 esse
2930 3513 2998 3566 ab
3025 3523 3249 3566 :etcrno.
3277 3513 3363 3566 Ait
3393 3515 3537 3567 enim
3562 3534 3572 3567 :

2015 3627 2032 3658 ι
2072 3605 2189 3660 Non
2255 3607 2498 3660 adhaeret
2547 3605 2644 3658 tibi
2694 3605 2851 3658 sedes
2899 3604 3222 3674 iniquitatis,
3279 3605 3374 3674 qui
3419 3604 3576 3675 ﬁngi:

2008 3696 2247 3750 laborem
2303 3695 2357 3747 in
2403 3701 2695 3762 praecepto.
2735 3711 2753 3743 ι
2797 3691 3004 3747 Sensus
3044 3703 3128 3746 est
3173 3712 3186 3746 :
3233 3692 3434 3747 Tecum
3471 3711 3576 3749 una

2008 3786 2344 3841 considerari
2405 3794 2459 3839 et
2521 3785 2737 3854 concipi
2790 3785 2979 3852 nequit
3039 3785 3166 3841 ninli
3228 3785 3571 3855 principiuu..

2009 3877 2348 3946 Principium
2397 3877 2540 3930 enim
2597 3875 2917 3945 intelligitur
2972 3879 3190 3929 nomine
3248 3876 3411 3941 sedis,
3459 3893 3578 3944 quae

2011 3978 2297 4040 peccatum
2351 3985 2446 4039 per
2495 3977 2824 4038 praeceptum
2856 3967 3036 4022 elIicit.
3070 3968 3280 4034 Quibus
3317 3969 3578 4030 ostendit,
3654 4007 3658 4010 .

2013 4069 2301 4132 peccaturo
2349 4076 2524 4129 neque
2573 4061 2640 4113 ab
2688 4070 2892 4113 :eterno
2923 4073 3068 4120 esse,
3110 4074 3284 4128 neque
3325 4059 3376 4111 in
3421 4071 3576 4112 ιειιιγς

241 4145 306 4195 έν
331 4149 410 4216 τῇ
449 4145 597 4198 τῶν
657 4146 927 4199 Ἰουδαίων
959 4149 1100 4200 κατὰ
1129 4147 1225 4203 τού
1257 4149 1460 4219 Κυρίου
1493 4151 1791 4222 μιαιφονίᾳ,
1815 4153 1896 4204 τδκ

2015 4171 2146 4208 num
2177 4161 2677 4223 perseveraturum.
2711 4150 2866 4216 Quod
2889 4150 3034 4204 enim
3062 4165 3169 4203 non
3194 4165 3406 4218 semper
3439 4159 3578 4212 erat,

233 4238 624 4309 ἀφανισμὸν
679 4239 779 4306 τῆς
813 4240 1006 4302 κακίας
1033 4239 1441 4311 προαγορεύων.
1473 4243 1634 4310 Λέγει
1669 4245 1798 4315 γὰρ,
1825 4244 1907 4296 ὅτι

242 4346 264 4375 ι
293 4321 485 4381 Οὗτοι
521 4329 658 4396 μὲν
701 4325 1015 4397 θηρεύουσιν
1046 4332 1138 4383 ἐπὶ
1165 4329 1342 4405 ψυχὴν
1378 4332 1612 4396 δικαίου,
1645 4334 1736 4388 καὶ
1769 4318 1907 4404 αἷμα

231 4417 438 4469 ἀθῶον
482 4418 1053 4474 καταδικάσονται.»
1087 4421 1255 4476 Τοῦτο
1280 4424 1336 4476 δὲ
1352 4421 1475 4492 ἐμοὶ
1514 4424 1779 4492 σωτήριον
1823 4423 1908 4490 γί-

227 4525 433 4564 νεται.
471 4512 553 4563 ’0
593 4511 732 4583 γὰρ
761 4513 1180 4578 καταδικασθεὶς
1211 4513 1289 4587 τῷ
1322 4515 1536 4587 θανάτῳ
1566 4515 1790 4585 Κύριος,
1823 4515 1910 4571 διὰ

231 4600 454 4655 τούτου
502 4603 764 4672 γίνεταί
799 4621 888 4673 μοι
916 4606 1222 4676 καταφυγή.
1277 4588 1384 4666 Καὶ
1422 4603 1580 4672 οὗτος
1611 4608 1640 4659 6
1671 4607 1800 4670 Θεὸς
1830 4608 1910 4669 είς

238 4691 471 4760 βοηθὸν
505 4697 577 4762 (8
593 4695 660 4763 Ι)
697 4693 910 4757 ἐλπίδος
932 4699 1039 4758 τοῖς
1058 4708 1436 4767 πεπιστευκάσι
1467 4699 1797 4759 καθίσταται
1815 4739 1828 4760 ,
1855 4697 1912 4760 ὃς

14 4813 26 4874 γ
244 4785 586 4848 ἂποὸιδοὺς
617 4787 701 4836 ἐν
731 4788 794 4854 τῇ
829 4786 1008 4857 δικαίᾳ
1042 4789 1207 4857 κρίσει
1240 4807 1298 4872 τὸ
1320 4806 1448 4874 κατ’
1472 4795 1642 4862 ἀξίαν
1674 4790 1911 4857 ἑκάστῳ,

243 4876 496 4940 ἀφανιΞῖ
548 4877 680 4944 τὴν
737 4879 993 4948 πονηρίαν
1026 4877 1126 4931 τῶν
1165 4887 1599 4974 ἡμαηρηκότων,
1649 4883 1771 4952 οὐχὶ
1815 4881 1913 4950 τὴν

308 4971 321 4984 .
543 4973 572 4988 ..
621 4942 634 4944 “
784 4975 796 4987 .
853 4942 884 4987 ζ’
1176 4942 1332 4985 ’βκοτ

261 4989 458 5038 φύσιν.
483 4972 727 5037 Οντως
752 4990 912 5026 ειπων
941 4976 1000 5046 τῇ
1030 4974 1161 5054 λέξει⁹
1192 5028 1211 5064 ο
1231 4987 1332 5064 ,1⁸ιῶ

1248 5048 1340 5110 οτι
1358 5042 1399 5090 κ

1402 5013 1467 5082 αἱ
1483 4978 1788 5061 ἀποδώσει
1820 4975 1916 5032 a9-

341 5170 398 5199 “
435 5167 608 5224 Psal.
656 5181 848 5231 cum,
875 5167 950 5220 18.

352 5366 464 5422 i711}
493 5363 740 5426 Ἐκείνῳ
759 5360 820 5426 δέ,
852 5356 917 5406 ed.

347 5434 452 5496 (80)
483 5433 590 5484 Τόν
617 5425 740 5481 om.
768 5425 834 5479 ed.

2015 4247 2066 4301 id
2096 4262 2274 4316 neque
2304 4259 2518 4312 semper
2543 4243 2679 4304 erit;
2709 4243 3059 4310 modumque,
3085 4258 3194 4312 quo
3217 4243 3416 4294 malum
3449 4241 3582 4294 alio.

2015 4337 2180 4397 letnr,
2226 4333 2495 4403 explicat;
2533 4331 2586 4384 in
2632 4329 2942 4385 Iudaeorum
2989 4330 3301 4400 parricidio,
3334 4330 3477 4400 quod
3528 4330 3582 4386 in

2017 4426 2308 4485 Dominum
2351 4422 2712 4485 admiserunt,
2759 4421 2970 4491 peccati
3009 4421 3354 4476 abolitionem
3393 4419 3586 4491 pradi-

2015 4532 2150 4572 cens
2196 4535 2210 4571 :
2259 4530 2384 4569 cum
2417 4513 2597 4582 inquit
2637 4527 2653 4566 :
2691 4531 2709 4563 ι
2738 4511 3049 4582 Captabunt
3083 4513 3137 4567 in
3171 4513 3404 4566 animam
3427 4512 3582 4581 justi.

2016 4617 2070 4663 et
2096 4612 2413 4676 sanguinem
2448 4607 2792 4658 innocentem
2829 4604 3290 4664 condemnabuut.
3332 4624 3349 4655 ι
3385 4606 3453 4658 At
3483 4605 3584 4658 huc

2017 4700 2150 4752 mihi
2188 4701 2246 4752 lit
2289 4697 2488 4752 salutis
2517 4710 2706 4754 causa.
2743 4695 3006 4751 Dominus
3042 4699 3185 4751 enim
3239 4705 3415 4751 morte
3439 4696 3586 4750 dam-

2018 4801 2202 4853 natus.
2229 4792 2329 4843 hoc
2353 4791 2471 4859 ipso
2495 4789 2764 4858 refugium
2794 4789 2924 4842 mihi
2949 4787 3212 4854 efﬁcitur;
3237 4797 3289 4842 et
3313 4789 3412 4841 iste
3442 4785 3585 4842 Deus

2020 4885 2072 4937 in
2133 4882 2461 4951 adiutorium
2519 4879 2636 4950 spei
2677 4878 3027 4934 credentibus
3082 4877 3452 4938 constituitur,
3493 4875 3582 4944 qui

2020 4978 2073 5030 in
2101 4974 2192 5028 illo
2228 4969 2609 5042 justojudicio
2643 4970 2938 5040 unicuique
2963 4983 3061 5040 pro
3089 4967 3298 5023 meritis
3331 4964 3582 5030 reddens,

2112 5363 2221 5419 30°}
2263 5363 2356 5425 ΤΞ,
2383 5363 2468 5415 ecl.

2113 5434 2200 5500 8|)
2239 5433 2520 5502 Βοήθειαν,
2553 5434 2636 5490 ed.
