4018 6334
571 299 674 355 δἳῖ

1814 295 1870 348 S.
1894 294 2123 349 GREGO

2249 294 2547 352 NYSSENI
3677 310 3764 364 528

575 420 809 473 abolebit
839 427 892 469 et
947 417 998 470 in
1045 417 1271 470 nihilum
1323 416 1523 486 rediget
1570 418 1830 470 malitiam
1885 425 2130 485 peccato-

2240 422 2349 481 τοῖς
2386 418 2584 489 Κύριος
2615 421 2714 491 τὴν
2751 421 2978 491 ἀνομίαν
3023 419 3222 479 αὐτῶν.
3259 421 3351 472 καὶ
3385 424 3516 475 κατὰ
3553 423 3641 494 τὴν
3669 431 3762 493 (82)

573 523 714 565 l'lllll,
765 522 872 559 non
929 515 1217 570 naturam;
1269 509 1344 559 sic
1401 509 1543 559 enim
1605 507 1670 559 ad
1726 506 1948 560 verbum
2011 507 2132 557 ait:

577 617 596 651 ι
632 598 897 663 Quoniam
928 598 1111 652 reddet
1139 599 1245 652 illis
1270 597 1529 652 Dominus
1551 598 1888 666 iniquitatem
1923 611 2135 656 eorum,

573 700 624 744 et
650 691 929 744 in'malitia
960 707 1146 745 eorum
1181 689 1457 760 disperdet
1484 691 1604 744 illos
1638 689 1896 742 llominus
1932 687 2091 742 Dens.
2114 705 2131 738 ι

572 779 782 844 Quibus
816 779 1104 848 signiﬁcat,
1159 794 1256 833 eos
1297 777 1386 848 qui
1434 793 1576 831 nunc
1627 789 1848 847 peccato
1894 778 2136 848 insigniti

573 879 698 925 sunt
740 877 792 924 et
824 871 1168 940 conﬁgurati,
1221 870 1557 924 destruetum
1608 870 1704 936 iri;
1764 885 1885 923 nam
1921 867 2140 938 quando

571 961 777 1015 malitia
823 977 927 1014 non
962 963 1086 1024 erit,
1131 972 1241 1014 tum
1294 977 1466 1031 neque
1509 962 1553 1015 is
1593 963 1683 1030 qui
1733 962 1950 1016 malitia:
1981 962 2136 1031 quasi

574 1051 801 1106 formam
826 1054 978 1124 gerit,
1000 1052 1200 1106 durare
1229 1054 1445 1122 poterit.
1477 1051 1692 1108 Perdita
1715 1054 1882 1121 igitur
1910 1054 2134 1117 malitia,

570 1144 798 1212 ejusque
825 1147 993 1210 ﬁgura
1027 1146 1080 1198 in
1117 1144 1264 1197 nullo
1289 1145 1501 1213 penitus
1529 1145 1807 1207 derelicta,
1843 1159 2032 1200 omnes
2061 1160 2138 1199 se-

570 1235 806 1288 cundum
839 1235 1116 1288 Christum
1151 1233 1527 1294 formabiuzur,
1564 1241 1616 1288 et
1649 1234 1700 1286 in
1741 1234 1996 1288 omnibus
2033 1251 2135 1287 una

569 1324 845 1394 el‘fulgebit
872 1324 1064 1388 forma,
1091 1338 1210 1394 qua:
1233 1323 1300 1376 ab
1330 1323 1484 1376 initio
1506 1332 1712 1378 naturm
1737 1335 1934 1380 nostra:
1963 1325 2134 1378 indita

571 1414 764 1466 fuerat.

1203 1502 1432 1559 CAPUT
1471 1503 1559 1556 IX.

647 1681 774 1734 Post
806 1681 919 1733 inec
950 1681 1014 1733 ad
1049 1680 1156 1732 alia
1184 1681 1444 1750 procedit,
1473 1681 1719 1734 instituto
1747 1681 1956 1743 ordine,
1988 1681 2137 1734 nullo

2240 511 2503 579 πονηρίαν
2526 510 2704 563 αὐτῶν
2729 513 2946 579 ἀφανιεῖ
2972 511 3166 572 αὐτοὺς
3201 510 3398 580 Κύριος
3415 515 3442 564 ὁ
3463 513 3614 576 θεός·
3651 538 3667 568 ι
3695 536 3768 589 ση-

2243 598 2446 666 μαίνων
2489 599 2577 651 διὰ
2627 600 2735 651 τῶν
2768 601 3091 671 εἰρημένων,
3127 600 3206 652 ὅτι
3234 601 3280 652 οἱ
3325 599 3416 652 νῦν
3463 605 3526 672 τῇ
3550 604 3768 676 ἁμαρτίᾳ

2243 691 2657 759 μεμορφωμένοι
2685 689 3162 761 ἁφανισθήσονται.
3192 689 3304 760 Τῆς
3349 691 3452 762 γὰρ
3480 694 3662 756 κακίας
3683 695 3771 747 οὒκ

2237 778 2437 850 οὔσης,
2491 781 2612 832 οὐδὲ
2658 782 2686 833 ὁ
2743 780 2860 833 κατ’
2909 781 3077 850 αὐτὴν
3124 780 3546 852 μεμορφωμένος
3598 782 3767 837 ἔσται·

2238 871 2580 942 ἀπολομένης
2642 868 2734 925 οὖν
2781 873 2878 942 τῆς
2936 872 3153 936 κακίας,
3211 873 3305 926 καὶ
3361 873 3417 926 ἑν
3471 873 3645 943 μηδενὶ
3689 875 3772 929 τοῦ

2239 962 2477 1017 τοιούτου
2528 963 2873 1034 χαρακτῆρος
2919 960 3353 1030 ὑπολειφθέντος,
3409 962 3601 1026 πάντες
3647 965 3773 1017 κατά

2208 1059 2210 1062 ’
2238 1055 2468 1124 Χριστὸν
2504 1054 2973 1124 μορφωθήσονται,
3019 1053 3112 1105 καὶ
3147 1053 3243 1122 μία
3275 1054 3435 1106 πᾶσιν
3460 1053 3766 1125 ἐξαστράψει

2242 1145 2441 1216 μορφὴ,
2472 1148 2504 1218 ἡ
2541 1144 2601 1209 ἑξ
2632 1145 2805 1217 ἀρχῆς
2833 1143 3180 1216 ἑπιὸληθεῖσα
3208 1145 3273 1214 τῇ
3306 1144 3479 1212 φύσει.

2754 1504 3140 1561 κΕψΑΑΑιοΝ
3167 1499 3247 1559 θ’.
3311 1576 3330 1584 η

2306 1683 2458 1737 Μετά
2498 1682 2670 1736 ταῦτα
2712 1681 2924 1753 πρόεισι
2970 1679 3111 1733 κατά
3149 1680 3208 1733 τὸ
3255 1679 3565 1744 ἀκόλουθον,
3614 1681 3784 1752 μηδενὶ

572 1771 783 1824 musico
819 1771 1182 1824 instrumento
1213 1778 1392 1833 utens,
1431 1770 1524 1825 sed
1569 1770 1783 1839 propria
1824 1784 1954 1823 voce
2001 1769 2130 1824 bene

2240 1773 2346 1827 τῶν
2376 1772 2648 1845 μουσικῶν
2675 1789 2948 1844 συγκεχρη
2959 1772 3115 1842 μένος
3139 1773 3408 1844 ὀργάνων,
3439 1771 3570 1825 ἀλλά
3595 1772 3675 1826 διὰ
3695 1771 3785 1841 τῆς

570 1869 852 1914 sonantem
921 1860 1134 1915 laudem
1187 1859 1296 1915 Deo
1350 1877 1635 1930 reponens.
1706 1859 1881 1930 Inquit
1926 1861 2070 1915 enim
2119 1879 2130 1914 :

575 1971 592 2000 ι
633 1950 777 2004 Laus
799 1951 994 2005 cantici
1031 1950 1132 2020 ipsi
1162 1950 1328 2005 David
1359 1951 1406 1983 ”
1438 1972 1448 2006 :
1487 1972 1504 2003 ι
1540 1968 1658 2021 qua:
1687 1953 1968 2022 inscriptio
1993 1954 2133 2023 apud

571 2040 824 2096 llcbrteos
866 2056 972 2094 non
1025 2042 1309 2110 reperitur.
1361 2041 1625 2097 Provocat
1665 2044 1807 2097 enim
1858 2043 2135 2099 auditores

572 2132 638 2184 ad
683 2132 1124 2186 communionem
1187 2133 1592 2190 exsultationis.
1635 2143 1688 2186 et
1740 2135 1805 2188 ad
1854 2135 2134 2204 iubilatio-

571 2237 691 2275 nem
742 2222 1043 2276 victoribus
1085 2232 1531 2277 consentaneam.
1571 2243 1588 2273 ι
1628 2224 1834 2288 Venite,
1869 2247 1886 2278 ι
1936 2227 2131 2296 inquit,

575 2330 592 2361 ι
624 2311 961 2366 exsultemus
1009 2310 1258 2376 Domino,
1299 2311 1596 2380 jubilemus
1634 2315 1742 2368 Deo
1781 2316 2007 2370 salutari
2037 2333 2134 2371 no-

570 2411 706 2458 stro.
752 2422 770 2454 ι
829 2403 942 2457 Sub
990 2402 1148 2457 linem
1200 2405 1500 2473 graviorem
1564 2413 1615 2459 et
1670 2407 2128 2463 vehementiorem

570 2496 863 2563 quamdam
882 2496 1354 2551 comminationem
1375 2509 1561 2551 contra
1583 2499 1894 2554 incredulos
1915 2501 2134 2570 subjun-

569 2589 668 2657 git,
699 2587 790 2656 qui
825 2600 1085 2656 perverso
1115 2596 1271 2640 erant
1311 2596 1546 2656 pectore,
1588 2589 1946 2659 quadraginta
1975 2593 2134 2648 annis

569 2676 1018 2730 commorationis
1065 2675 1117 2729 in
1162 2675 1416 2737 deserto,
1487 2679 1686 2746 quibus
1730 2680 2130 2738 benefactorem

571 2769 878 2830 irritarnnt,
909 2769 1111 2837 quique
1129 2777 1317 2838 postea
1367 2771 1604 2824 oblatam
1648 2786 1742 2840 per
1777 2770 2129 2842 Evangelium

570 2858 947 2913 remissionem
991 2865 1338 2928 peccatorum
1367 2868 1727 2928 respuerunt;
1763 2861 1965 2930 quibus
1995 2861 2128 2917 lice-

575 2949 664 3002 bat
711 2951 816 3022 («si
852 2951 1012 3006 hodie
1040 2953 1228 3007 audire
1261 2953 1557 3008 voluissent
1585 2967 1771 3008 vocem
1799 2953 1940 3024 ejus,
1975 2971 1993 3006 ι
2037 2955 2130 3025 qui

2240 1865 2370 1930 ἰδίας
2408 1864 2590 1934 φωνῆς
2616 1864 2706 1917 τὸν
2759 1863 3001 1935 εὔφημον
3029 1858 3177 1916 αἶνον
3207 1862 3298 1916 διὰ
3325 1863 3426 1933 τῆς
3456 1862 3592 1934 ᾠδῆς
3621 1864 3786 1916 ἀνατι-

2237 1953 2349 2016 θεὶς
2387 1953 2464 2023 τῷ
2511 1952 2649 2022 Θεῷ.
2684 1952 2821 2022 Φησὶ
2852 1953 2979 2024 γάρ’
3019 1971 3038 2003 ι
3074 1949 3230 2015 Λίνος
3271 1952 3420 2022 ᾠδῆς
3463 1951 3539 2022 τῷ
3565 1952 3733 2004 Δαόίδ.
3765 1971 3783 2002 ι

2236 2043 2346 2096 Καὶ
2385 2042 2523 2114 αὓτη
2569 2043 2625 2095 δὲ
2669 2045 2780 2106 τοῖς
2827 2043 3092 2114 Ἐὕραίοις
3137 2045 3169 2113 ή
3216 2041 3500 2112 ἐπιγραφὴ
3539 2041 3634 2094 οὐκ
3664 2041 3783 2094 ἔστι.

2237 2135 2590 2206 Προκαλεῖται
2621 2136 2729 2207 γὰρ
2749 2136 2875 2199 τοὺς
2907 2136 3201 2199 ἀκούοντας
3230 2136 3309 2196 είς
3340 2133 3616 2188 κοινωνίαν
3636 2133 3788 2201 ἀγαλ-

2235 2225 2526 2293 λιάματος,
2556 2226 2652 2278 καὶ
2682 2228 2762 2289 είς
2792 2226 3108 2296 ἀλαλαγμὸν
3153 2226 3451 2286 ἐπινίκιον,
3490 2243 3508 2275 ι
3544 2224 3730 2286 Δεῦτε,
3767 2244 3782 2275 ι

2234 2312 2437 2380 λέγων,
2485 2332 2502 2364 ι
2559 2313 3013 2384 ἀγαλλιασώμεθα
3059 2313 3138 2384 τῷ
3187 2315 3411 2384 Κυρίῳο
3460 2312 3789 2382 ἀλαλάξωμεν

2234 2404 2312 2474 τῷ
2344 2404 2460 2475 Θεῷ
2484 2405 2561 2474 τῷ
2594 2406 2794 2476 σωτῆρι
2817 2405 2994 2476 ἡμῶν.
3041 2425 3058 2456 ι
3092 2404 3201 2458 Καί
3234 2421 3364 2459 τινα
3395 2404 3528 2475 πρὸς
3565 2403 3638 2474 τῷ
3661 2403 3786 2455 τέλει

2234 2499 2746 2569 καταφορικωτέραν
2801 2497 3025 2568 ἀπειλὴν
3081 2497 3220 2550 κατά
3270 2497 3388 2550 τῶν
3443 2495 3790 2550 ἀπιστούντων

2235 2587 2369 2657 ἔχει,
2401 2588 2509 2640 τῶν
2535 2586 2635 2660 τὴν
2664 2589 2833 2658 αὐτὴν
2873 2587 3298 2659 ἐπιδειξαμένων
3327 2589 3609 2642 κακόνοιαν
3629 2629 3642 2651 ,
3668 2589 3719 2640 ἐν
3738 2603 3788 2638 τε

2235 2681 2343 2741 τοῖς
2371 2679 2773 2749 τεσσαράκοντα
2807 2679 2948 2732 ἔτεσι
2974 2679 3072 2749 τῆς
3104 2681 3159 2732 ἑν
3190 2683 3254 2750 τῇ
3289 2681 3487 2751 ἐρήμῳ
3515 2676 3789 2746 διαγωγῆς,

2236 2771 2294 2821 ὲν
2327 2764 2408 2832 οἷς
2443 2769 2534 2822 τὸν
2582 2770 2874 2840 εὐεργέτην
2919 2769 3262 2840 παρώξυναν,
3314 2772 3413 2824 καὶ
3463 2769 3596 2840 μετά
3631 2768 3790 2823 ταῦτα

2237 2857 2335 2926 τὴν
2375 2855 2618 2910 δοθεῖσαν
2661 2860 2791 2928 ἡμῖν
2820 2857 2906 2910 διὰ
2937 2856 3032 2910 τοῦ
3078 2858 3418 2926 Εὑαγγελίου
3469 2859 3793 2912 κατάπαυσιν

2231 2949 2331 3019 τῆς
2363 2949 2633 3021 ἁμαρτίας
2665 2949 2738 3021 μὴ
2760 2949 3176 3020 προσδεχόμενοι
3202 2965 3215 2978 ·
3249 2944 3339 3014 οἷς
3371 2949 3496 3020 ἐξῆν
3527 2967 3545 3000 ι
3575 2949 3792 3019 σήμερον

575 3037 627 3093 in
664 3040 806 3094 hunc
857 3043 1118 3111 temporis
1164 3050 1365 3098 statum
1397 3043 1563 3106 venit,
1600 3051 1654 3097 et
1681 3058 1744 3098 ex
1801 3044 2130 3114 sempiterna

2235 3039 2496 3094 ἀκούσασι
2542 3043 2640 3112 τῆς
2672 3040 2854 3110 φωνῆς
2882 3039 2975 3094 τοῦ
3028 3059 3045 3092 ι
3081 3040 3148 3094 δι’
3178 3041 3335 3112 ἡμᾶς
3370 3043 3449 3105 εἰς
3491 3040 3551 3093 τὸ
3577 3039 3793 3111 σήμερον

568 3131 658 3184 illa
705 3145 759 3185 et
812 3132 1190 3188 antesarculari
1221 3133 1620 3202 magniﬁcentia
1673 3133 1740 3186 ad
1775 3135 2126 3203 temporalem

568 3222 902 3277 nativitatem
934 3222 1237 3290 descendit)
1293 3223 1506 3292 aperire
1527 3222 1630 3278 sibi
1659 3224 1791 3291 ipsis
1823 3225 2127 3292 ingressum

568 3315 622 3368 in
659 3314 929 3383 requiem;
984 3313 1078 3368 sed
1124 3327 1362 3368 errorem
1411 3321 1468 3367 et
1528 3313 1982 3379 incredulitatem,
2015 3321 2133 3368 tan-

563 3419 726 3472 quam
780 3403 948 3458 duces
988 3417 1203 3472 semper
1262 3403 1434 3458 secuti
1513 3411 1657 3467 sunt,
1706 3411 1815 3457 tam
1860 3405 2131 3474 prioribus

567 3510 727 3563 quam
779 3494 1173 3564 posterioribus
1211 3494 1601 3564 temporibus;
1640 3505 1922 3564 propterea
1957 3509 1988 3548 a
2021 3495 2128 3553 Deo

568 3586 636 3638 ab
685 3585 933 3650 ingressu
976 3586 1031 3639 in
1074 3585 1219 3639 illam
1266 3585 1532 3655 requiem,
1574 3587 1736 3640 etiam
1769 3586 2130 3657 jurejurando

570 3676 912 3745 interposito,
943 3677 1146 3730 exclusi
1170 3685 1318 3731 sunt.
1351 3676 1634 3742 Quomodo
1667 3679 1810 3732 enim
1841 3680 2130 3735 introirent

567 3767 620 3820 in
673 3766 934 3836 requiem,
977 3767 1068 3836 qui
1119 3767 1360 3822 volentes
1404 3769 1740 3840 libentesque
1788 3785 1847 3824 se
1887 3785 1916 3823 a
1965 3771 2129 3826 bene-

565 3859 801 3915 dictione
825 3859 1231 3915 abalienarunt?

640 4039 693 4094 Id
715 4041 858 4108 quod
884 4041 1023 4096 infra
1045 4048 1280 4096 testatur
1304 4042 1546 4112 psalmus
1562 4045 1944 4114 nonagesimus
1965 4046 2129 4115 quin-

565 4139 673 4190 lus,
697 4140 750 4183 et
787 4131 900 4200 ipse
931 4129 1169 4187 Hebraeis
1198 4133 1344 4187 nulla
1377 4133 1729 4203 inscriptione
1772 4145 2126 4204 praenotatus.

565 4220 732 4277 Nobis
767 4228 946 4276 autem
986 4229 1070 4276 est
1115 4221 1355 4292 psalmus
1385 4223 1472 4277 ille
1507 4225 1778 4278 canticum
1815 4223 1923 4280 Deo
1945 4237 2129 4282 canta-

568 4318 681 4364 tum
717 4318 838 4380 post
864 4311 1091 4366 reditum
1119 4326 1184 4366 ex
1212 4313 1541 4382 captivitate,
1564 4313 1781 4382 quando
1807 4316 2127 4372 resadiﬁcata

2237 3132 2601 3197 εἰσελθόντος,
2636 3134 2730 3185 καὶ
2763 3134 2826 3185 ἐκ
2851 3133 2950 3202 τῆς
2991 3131 3324 3203 προαιωνίου
3362 3149 3422 3185 τε
3465 3131 3574 3202 (85)
3603 3132 3690 3184 καὶ
3719 3131 3794 3182 di-

2232 3222 2343 3275 δίου
2371 3223 2784 3294 μεγαλειότητος
2821 3225 2898 3286 είς
2925 3221 3176 3293 χρονικὴν
3199 3223 3425 3290 γένεσιν
3460 3223 3792 3284 καταόἆντος,

2233 3311 2440 3377 ἀνοῖξαι
2487 3314 2698 3376 ἑαυτοῖς
2735 3313 2833 3383 τὴν
2873 3312 3075 3365 εἴσοδον
3114 3312 3212 3382 τῆς
3242 3313 3628 3377 ἀναπαύσεως.
3672 3311 3795 3364 Ἀλλ’

2231 3405 2318 3458 ἀεὶ
2361 3404 2460 3474 τὴν
2497 3403 2702 3474 πλάνην
2752 3405 2842 3456 καὶ
2890 3403 2988 3474 τὴν
3037 3404 3300 3459 ἀπιστίαν
3364 3406 3560 3478 ὁδηγὸν
3608 3403 3797 3458 ἑαυτῶν

2234 3492 2678 3564 προϐαλλόμενοι,
2711 3493 2768 3546 ἑν
2803 3511 2860 3547 τε
2891 3496 3000 3558 τοῖς
3033 3494 3268 3566 πρώτοις
3305 3497 3405 3550 καὶ
3445 3499 3503 3550 ἑν
3522 3500 3631 3561 τοῖς
3668 3495 3794 3566 μετά

2229 3585 2405 3638 ταῦτα
2435 3585 2678 3656 χρόνοις,
2711 3587 2859 3657 ὅρκῳ
2899 3587 2999 3656 τῆς
3033 3587 3239 3640 εἰσόδου
3268 3590 3378 3660 τῆς
3404 3590 3486 3654 εἰς
3517 3588 3612 3661 τὴν
3642 3587 3797 3641 κατά-

2232 3693 2431 3729 παυσιν
2458 3676 2553 3730 τοῦ
2584 3676 2715 3730 Θεοῦ
2743 3677 3192 3748 ἀπεκλείσθησαν.
3225 3679 3361 3744 Πῶς
3384 3681 3496 3751 γὰρ
3533 3681 3599 3734 ἂν
3636 3679 3800 3732 εἰσέλ-

2233 3767 2375 3820 θοιεν
2409 3768 2489 3830 είς
2514 3768 2612 3837 τὴν
2654 3767 3015 3834 κατάπαυσιν,
3049 3770 3098 3823 οἱ
3137 3771 3411 3836 ἑκουσίως
3453 3772 3675 3835 ἑαυτοὺς
3709 3770 3796 3840 τῆς

2232 3860 2482 3930 εὐλογίας,
2507 3859 2996 3931 ἀλλοτριὼσαντες;

2302 4043 2457 4096 Οὕτω
2473 4043 2560 4096 καὶ
2575 4044 2604 4096 ὁ
2622 4041 2730 4113 (84)
2751 4043 2886 4114 μετά
2908 4043 3128 4109 τούτους
3153 4047 3181 4099 ὁ
3207 4046 3466 4118 πέμπτος
3489 4049 3584 4104 καὶ
3604 4050 3800 4117 ἑννενη-

2231 4135 2440 4199 κοστὸς,
2473 4138 2581 4198 τοῖς
2608 4135 2704 4206 μὲν
2749 4135 3120 4208 Ἐϐραῒζουσιν
3153 4138 3534 4214 ἀνεπίγραφος
3567 4140 3798 4209 λέγεται’

2231 4229 2360 4297 ἡμῖν
2389 4226 2446 4280 δέ
2475 4228 2620 4280 ἑστιν
2651 4227 2760 4298 ᾠδὴ
2791 4229 2929 4296 μετά
2952 4228 3049 4300 τὴν
3089 4229 3358 4286 ἐπάνοδον
3389 4233 3489 4304 τὴν
3517 4235 3582 4286 ἑκ
3607 4233 3704 4301 τῆς
3723 4232 3802 4283 ai-

2229 4319 2545 4390 χμαλωσίας
2565 4318 2640 4390 τῷ
2661 4319 2778 4390 Θεῷ
2807 4319 3054 4392 ᾀσθείσα,
3084 4320 3172 4374 ὅτε
3205 4323 3612 4396 ἀνῳκοδομήθη
3638 4323 3802 4377 διαλυ-

562 4409 646 4456 est
686 4401 951 4456 dissoluta
980 4412 1190 4459 natura}
1222 4413 1422 4460 nostra:
1463 4405 1666 4460 fabrica
1698 4423 1711 4458 :
1745 4407 1825 4460 sic
1863 4408 2006 4462 enim
2044 4409 2129 4463 in-

2234 4411 2385 4466 θεῖσα
2413 4413 2447 4483 ἡ
2486 4413 2586 4483 τῆς
2622 4413 2834 4482 φύσεως
2867 4411 3026 4484 ἡμῶν
3065 4418 3412 4488 κατασκευή·
3463 4416 3612 4472 οὕτω
3645 4415 3802 4486 γάρὴ

564 4492 788 4560 δι’τὶριίο
831 4493 896 4545 ad
940 4494 1164 4548 verbum
1193 4495 1354 4550 habet
1384 4513 1397 4550 :
1432 4516 1450 4546 ε
1487 4495 1632 4551 Laus
1660 4499 1879 4561 cantici,
1905 4501 2130 4569 quando

563 4575 758 4630 domus
787 4578 1052 4634 aediﬁcata
1079 4588 1163 4636 est
1185 4589 1307 4651 post
1345 4583 1736 4652 captivitatem,
1775 4587 2130 4658 inscriptione

565 4667 704 4736 apud
738 4665 990 4725 Hebraeos
1025 4685 1240 4726 carens.
1267 4689 1286 4722 ι
1321 4671 1424 4738 Qui
1453 4674 1695 4742 psalmus
1718 4677 1898 4730 statim
1924 4687 2128 4750 myste-

567 4759 704 4809 rium
728 4756 861 4810 Novi
889 4758 1221 4816 Testamenti
1249 4764 1555 4828 annuntiat,
1583 4779 1706 4819 cum
1730 4767 1836 4821 ait:
1865 4787 1882 4818 α
1903 4768 2128 4827 Caritate

564 4845 790 4900 Domino
802 4851 1072 4903 canticum
1084 4866 1302 4906 novum.
1317 4871 1336 4904 ι
1356 4853 1546 4910 Merito
1558 4865 1736 4912 autem
1751 4861 1940 4928 psalmi
1961 4861 2123 4933 hujus

562 4937 851 5008 inscriptio
874 4941 1016 5010 apud
1043 4939 1298 4996 Hebraeos
1321 4945 1610 5010 omittitur,
1641 4949 1768 5016 quia
1795 4959 1919 5018 post
1948 4951 2123 5009 Evan-

573 5029 778 5097 gelicas
810 5045 992 5095 voces,
1028 5046 1166 5101 quas
1195 5032 1352 5086 initio
1382 5036 1576 5103 psalmi
1615 5041 1892 5107 praemisit,
1929 5045 1994 5099 ad
2027 5062 2123 5104 eos

559 5119 650 5188 qui
681 5134 745 5173 ex
781 5121 1034 5190 gentibus
1058 5129 1206 5185 sunt,
1229 5125 1566 5180 convertitur
1589 5127 1873 5200 Propheta:
1905 5149 2117 5194 sermo:

566 5228 584 5261 ι
615 5208 815 5266 Aﬁ‘erte
846 5209 1097 5278 Domino,
1134 5212 1323 5282 patriae
1349 5215 1625 5286 gentium;
1674 5219 1860 5279 aﬁerte
1895 5221 2122 5284 Domino

625 5400 673 5433 “
703 5399 848 5458 Psal.
881 5417 1006 5459 xciv
1039 5420 1160 5477 sqq.

631 5565 744 5634 (se)
771 5566 881 5637 Τήν
901 5583 1010 5622 om.
1041 5569 1130 5625 ed.

625 5637 735 5707 (83)
759 5637 828 5689 Τε
852 5653 961 5692 om.
983 5639 1070 5694 ed.

2231 4505 2328 4576 τῆς
2354 4506 2662 4577 ἐπιγραφῆς
2695 4505 2807 4576 ἔχει
2842 4504 2984 4570 λέξις
3004 4523 3018 4536 ·
3047 4525 3064 4556 ι
3085 4502 3242 4571 Αἶνος
3269 4508 3443 4580 ᾠδῆς,
3474 4511 3565 4564 ὅτε
3603 4512 3632 4563 ὁ
3669 4504 3802 4567 οἶκος

2231 4596 2548 4669 ᾠκοδομήθη
2577 4597 2712 4668 μετὰ
2739 4596 2834 4667 τὴν
2857 4596 3250 4667 αἰχμαλωσίαν,
3274 4600 3660 4672 ἀνεπίγραφος
3684 4596 3800 4667 παρ’

2243 4686 2530 4758 Ἑϐραίοις.
2559 4707 2575 4738 ι
2595 4686 2765 4750 Εὐθὺς
2779 4687 2834 4740 δὲ
2853 4687 2913 4739 τὸ
2935 4687 3035 4755 τῆς
3057 4687 3267 4759 Καινῆς
3292 4690 3582 4762 Διαθηκης
3609 4688 3800 4761 μυστή-

2233 4794 2348 4850 ριον
2393 4779 2452 4832 ὲν
2499 4779 2803 4849 προοιμίοις
2835 4782 2868 4851 ἡ
2905 4777 3193 4850 ψαλμῳδία
3235 4781 3684 4851 εὐαγγελίζεται.
3727 4779 3802 4832 λέ-

2229 4885 2420 4938 γουσα·
2461 4871 2694 4940 ι’ᾼσατε
2723 4868 2801 4939 τῷ
2829 4869 3016 4941 Κυρίῳ
3049 4865 3201 4941 ᾆσμα
3230 4873 3450 4930 καινόν.
3489 4893 3510 4926 ι
3576 4871 3802 4931 Εἰκότως

2228 4958 2284 5013 δὲ
2304 4961 2338 5030 ὴ
2359 4958 2634 5030 ἐπιγραφὴ
2649 4956 2740 5011 τοῦ
2762 4958 2976 5032 ψαλμοῦ
2988 4960 3175 5014 τούτου
3211 4962 3370 5034 παρά
3400 4965 3519 5028 τοῖς
3546 4960 3802 5036 Ἐὁραίοις

2231 5048 2534 5118 σεσίγηται,
2568 5049 2647 5103 ὅτι
2680 5049 2817 5120 μετά
2857 5050 2955 5132 τὰς
2997 5051 3369 5123 εὐαγγελικάς
3413 5057 3634 5128 φωνὰς,
3659 5053 3722 5116 ἃς
3748 5052 3802 5104 ἑν

2228 5139 2538 5220 προοιμίοις
2565 5143 2664 5211 τῆς
2703 5139 3027 5212 ψαλμῳδίαςς
3051 5144 3349 5217 πεποίηται
3367 5187 3387 5213 ,
3438 5146 3581 5219 πρὸς
3606 5145 3728 5208 τοὺς
3746 5141 3800 5208 ἑξ

2227 5230 2397 5285 ἐθνῶν
2447 5229 2741 5302 ὲπιγράφει
2780 5230 2871 5288 τὸν
2909 5231 3067 5303 λόγον
3105 5235 3140 5306 ὴ
3186 5239 3510 5309 προφητεία
3554 5237 3797 5306 Λέγουσιν

2298 5586 2411 5659 (ει)
2442 5589 2500 5643 Ὀ
2527 5604 2634 5646 om.
2672 5591 2758 5648 ed.
