4018 6334
517 308 609 372 831

1765 324 1824 379 S.
1853 324 2178 381 GREGORII
2205 325 2246 378 Ν
2259 323 2501 380 YSSENI

3639 333 3730 391 332

520 449 618 487 cro
651 432 889 510 quodam
937 433 1198 489 describit
1227 456 1238 491 :
1277 455 1295 487 ι
1319 435 1502 492 Nubes
1535 441 1676 494 enint
1724 449 1778 496 et
1824 441 1998 512 caligo
2027 441 2080 495 in

2199 441 2402 511 φύσεως
2445 443 2503 494 ὲν
2537 445 2602 512 τῇ
2642 439 2841 514 νεφέλῇ
2876 442 2970 495 καὶ
3011 442 3088 510 τῷ
3121 441 3303 514 γνόφῳ
3335 445 3398 497 δι’
3443 448 3731 520 αἰνίγματος

521 525 753 579 circuitu
790 527 927 594 ejus,
955 547 974 580 ›
1009 526 1280 597 simulque
1315 531 1608 586 terribilem
1665 533 1810 586 illam
1853 537 2088 604 speciem

522 612 780 678 ostendit,
824 617 1046 684 quando
1097 621 1325 684 venerit,
1377 629 1432 674 ut
1485 622 1778 692 unicuique
1829 627 2093 694 rependat

527 721 624 774 pro
657 708 886 770 meritis,
933 725 1059 763 cum
1110 711 1223 764 ait:
1261 730 1278 762 ι
1335 695 1479 781 Ignis
1517 713 1572 767 in
1627 727 1922 785 conspectu
1969 715 2089 787 ejus

526 797 793 866 praecedet
817 806 871 852 et
895 796 1250 856 inllammabit
1280 802 1334 856 in
1358 804 1593 858 circuitu
1622 805 1872 861 inimicos
1895 807 2034 875 ejus.
2068 827 2087 858 ι

526 886 719 942 l’ostea
764 886 1140 958 Evangelicam
1193 888 1404 956 lucem,
1459 893 1706 962 lucisque
1751 893 2092 950 dill'usionem

527 976 888 1045 demonstrat,
919 980 1133 1052 fulgura
1167 981 1448 1052 appellans
1477 983 1672 1040 divina:
1695 985 2094 1056 praedicationis

529 1085 830 1135 sermones,
871 1073 962 1141 qni
1021 1089 1116 1144 per
1167 1083 1338 1128 totum
1381 1082 1650 1129 terrarum
1702 1068 1887 1131 orbem
1941 1077 2096 1132 elTul-

529 1171 675 1227 gent.
713 1160 851 1216 Dicit
881 1163 1067 1219 enim:
1121 1185 1139 1216 ι
1187 1166 1491 1220 llluxerunt
1519 1171 1928 1225 coruscationes
1974 1170 2094 1224 orbi

531 1263 724 1318 teme,
774 1273 791 1306 ι
841 1254 1294 1328 altitudinemque
1328 1257 1780 1327 Evangelicorum
1818 1263 2096 1332 mysterio-

531 1357 649 1396 r-um
675 1347 1032 1413 sequentibus
1067 1349 1252 1404 verbis
1299 1350 1559 1414 ostendit,
1608 1367 1731 1404 cum
1776 1353 1886 1405 ait;
1926 1371 1944 1402 ι
1985 1353 2099 1406 An—

530 1435 916 1488 nttntiaverunt
943 1437 1065 1490 cmli
1087 1437 1355 1506 justitiam
1373 1439 1528 1506 ejus,
1559 1447 1612 1493 et
1639 1440 1880 1493 viderunt
1907 1455 2098 1494 onmes

529 1523 710 1594 populi
734 1524 958 1593 gloriam
985 1525 1126 1594 ejus.
1155 1547 1174 1578 ι
1208 1525 1554 1581 Eversionem
1591 1515 2017 1581 vero‘idolorum
2046 1537 2100 1580 et

529 1615 876 1671 abolitionem
925 1615 1306 1684 hujuscemodi
1346 1618 1680 1687 deceptionis
1725 1617 1972 1685 prtedixit
2014 1617 2099 1671 his

529 1707 708 1762 verbis
739 1725 751 1761 :
793 1726 811 1757 ι
833 1705 1253 1760 Confundantur
1280 1721 1470 1762 omnes
1492 1710 1582 1777 qui
1608 1709 1839 1763 adorant
1871 1710 2100 1780 sculpti-

2194 529 2555 600 ἀποσημαίνει
2579 532 2688 602 (91)
2726 534 2753 585 6
2779 531 2955 600 λόγος.
2985 551 3004 582 ι
3033 530 3246 603 Νεφέλη
3270 533 3394 606 γὰρ,
3428 555 3446 588 ι
3482 540 3607 608 φησὶ
3637 543 3733 611 (9ἳί

2203 639 2221 672 ι
2252 621 2344 674 καὶ
2363 620 2561 690 γνόφος
2588 621 2771 692 κύκλῳ
2797 621 2982 686 αὐτοῦ,
3015 641 3032 673 ι
3065 624 3159 676 καὶ
3193 623 3262 676 τὰ
3292 625 3489 698 φοϐερὰ
3529 632 3620 699 τῆς
3653 634 3735 684 ἀν-

2194 710 2555 780 ταποδοτικῆς
2599 711 2876 782 δυνάμεως
2919 711 3202 777 ὑποδείξας
3225 755 3240 778 ,
3268 713 3331 766 δι’
3362 709 3433 768 ὧν
3462 734 3635 787 φησιν,
3664 721 3739 773 δτι

2202 819 2221 850 ι
2254 800 2371 873 Πῦρ
2393 799 2620 852 ἐνώπιον
2657 800 2817 853 αὑτοῦ
2849 801 3398 873 προπορεύσεται(93)
3420 846 3434 869 ,
3457 807 3541 858 καὶ
3555 789 3742 874 ςξλογιεί

2198 887 2380 960 κύκλῳ
2406 890 2532 954 τοὺς
2555 890 2778 962 ἐχθροὺς
2802 890 2986 956 αὑτοῦ,
3008 911 3025 942 ι
3067 892 3394 946 ἑκκαλύπτει
3413 897 3744 966 τὴνΕύαγγε-

2197 980 2354 1051 λικὴν
2395 982 2775 1050 φωταγωγίαν,
2804 982 3090 1053 ἀστραπὰς
3132 983 3303 1052 λέγων
3339 986 3460 1049 τοὺς
3495 985 3580 1039 τοῦ
3611 986 3744 1043 θείου

2198 1069 2548 1141 κηρύγματος
2588 1069 2781 1138 λόγους
2804 1112 2819 1136 ,
2859 1069 2906 1123 οἳ
2941 1072 3080 1124 κατά
3109 1072 3289 1142 πάσης
3319 1072 3416 1141 τῆς
3444 1075 3746 1145 οἰκουμένης

2197 1159 2588 1229 ὲκλάμπουσιν·
2623 1160 2896 1228 (Ἐφαναν
2927 1178 2945 1211 ›
2979 1159 3107 1232 γὰρ,
3142 1161 3324 1231 φησὶν,
3355 1164 3456 1228 «ζαὶ
3489 1165 3749 1235 ἀστραπαὶ

2198 1250 2363 1305 αὐτοῦ
2392 1253 2457 1321 τῇ
2492 1251 2813 1323 οἰκουμένῃ·
2855 1269 2874 1302 ι
2931 1250 3024 1303 καὶ
3071 1251 3130 1304 τὸ
3185 1251 3317 1320 ὕψος
3342 1252 3448 1304 τῶν
3472 1252 3748 1322 Εὐαγγελι-

2198 1341 2310 1394 κῶν
2347 1339 2658 1410 μυστηρίων
2711 1341 2789 1411 τῷ
2835 1340 3031 1411 ἐφεξῆς
3061 1341 3343 1408 ὑποδείξας
3372 1346 3427 1395 ὲν
3452 1343 3526 1412 τῷ
3572 1347 3748 1407 εἰπεῖν,

2197 1431 2278 1482 ὅτι
2317 1449 2334 1480 ι
2380 1429 2729 1500 ’Λνήγγειλαν
2745 1431 2793 1482 οἰ
2821 1429 3038 1499 ούρανοί
3069 1429 3166 1500 τὴν
3203 1430 3542 1502 δικαιοσύνην
3566 1432 3714 1484 αύτοῦ
3736 1447 3747 1461 ·

2199 1523 2294 1574 καὶ
2323 1519 2533 1572 εἴδοσαν
2556 1521 2754 1584 πάντες
2778 1521 2826 1574 oi
2848 1521 2964 1573 λαοὶ
2999 1520 3096 1590 τὴν
3123 1520 3278 1585 δόξαν
3314 1523 3495 1575 αὑτοῦ.
3525 1542 3542 1574 ι
3575 1524 3677 1593 Τήν
3700 1538 3751 1575 τε

2199 1611 2308 1664 τῶν
2353 1610 2588 1664 εἰδώλων
2635 1611 2972 1682 καθαίρεσιν,
3025 1612 3120 1664 καὶ
3174 1613 3265 1665 τὸν
3325 1614 3620 1684 ἀφανισμὸν
3664 1617 3752 1682 τῆς

2200 1701 2451 1771 τοιαύτης
2493 1701 2699 1772 πλάνης
2733 1702 3141 1773 προαγορεύσας
3167 1743 3181 1764 ,
3212 1704 3271 1754 ἐν
3300 1698 3382 1766 οἷς
3411 1702 3575 1772 λέγει·
3609 1723 3626 1753 ι
3664 1705 3755 1755 Δί-

526 1796 625 1860 lia,
648 1804 703 1850 et
734 1796 827 1867 qui
857 1797 1162 1867 gloriantur
1193 1797 1246 1851 in
1289 1799 1629 1855 simulacris.
1672 1819 1690 1851 ι
1727 1799 1979 1870 Moxque,
2019 1817 2097 1854 vc-

2205 1792 2586 1864 σχυνθητωσαν
2612 1794 2809 1856 πάντες
2835 1797 2883 1845 οἰ
2916 1793 3345 1864 προσκυνοῦντες
3364 1795 3476 1858 τοῖς
3495 1794 3754 1862 γλυπτοῖς,

528 1887 608 1942 lut
634 1889 876 1943 omnium
917 1889 1188 1944 bonorum
1231 1890 1594 1960 signaculum,
1631 1891 1852 1945 adducit
1887 1891 2101 1946 Domini

529 1994 625 2048 per
671 1994 892 2034 carnem
943 1987 1278 2050 assumptam
1325 1981 1466 2035 inter
1513 1981 1763 2036 homines
1807 1983 2101 2052 apparitio-

529 2085 652 2124 nem
684 2089 696 2123 :
737 2089 754 2120 ι
793 2068 934 2132 Lux,
975 2089 994 2120 ι
1028 2071 1302 2137 inquiens,
1342 2087 1362 2122 ι
1396 2079 1516 2126 orta
1553 2085 1632 2127 est
1661 2074 1832 2143 justo,
1859 2084 1912 2128 et
1935 2075 2102 2128 rectis

530 2157 694 2213 corde
724 2158 928 2212 laetitia.
957 2179 974 2210 ι

601 2332 766 2392 Recte
803 2352 967 2402 porro
1013 2345 1068 2394 et
1116 2334 1394 2409 ingeniose
1450 2340 1732 2411 sequentis
1776 2343 1970 2412 psalmi
2026 2343 2096 2407 δ’,

530 2428 622 2498 qui
657 2437 710 2483 et
754 2428 868 2498 ipse
915 2431 1275 2501 inscriptione
1320 2439 1490 2497 caret,
1539 2431 1752 2486 initium
1815 2448 1937 2486 cmn
1997 2433 2100 2487 line

531 2520 693 2590 hujus
730 2519 1093 2576 connectitur.
1129 2517 1386 2590 Ejusdem
1419 2521 1562 2576 enim
1594 2523 1847 2591 potentia:
1878 2533 1994 2587 est,
2043 2533 2100 2576 ut

528 2616 583 2661 et
617 2607 769 2676 justo
803 2610 893 2663 lux
936 2624 1000 2665 ac
1031 2611 1249 2678 laetitia,
1284 2610 1574 2667 incredula:
1600 2622 1776 2668 autem
1813 2615 1955 2684 plchi
2021 2617 2100 2670 ira

527 2705 582 2750 et
614 2697 920 2766 indignatio
952 2701 1181 2768 oriatur.
1214 2699 1394 2773 lnquit
1423 2702 1568 2758 enim
1599 2724 1612 2759 :
1651 2723 1669 2756 ι
1721 2705 1980 2761 Dominus
2016 2724 2099 2761 rc-

529 2790 734 2857 gnavit,
769 2791 1078 2845 irascantur
1105 2794 1309 2863 populi.
1351 2814 1370 2846 ι
1402 2796 1535 2860 Quis
1565 2795 1686 2858 iste,
1733 2797 1826 2866 qui
1857 2798 2098 2866 regnavit
2139 2857 2145 2863 I

534 2879 818 2944 Dominus,
849 2884 1150 2953 angelicam
1185 2892 1239 2938 et
1272 2893 1581 2940 terrestrem
1615 2894 1863 2939 naturam
1895 2902 2099 2956 super-

529 2973 794 3041 gressus?
822 2973 956 3026 Nam
992 2989 1086 3042 per
1113 2973 1409 3029 Cherubim
1446 2977 1769 3031 excellentia
1811 2979 2098 3046 potestatis

531 3063 676 3117 illius
702 3079 866 3132 supra
901 3065 1158 3118 mundum
1189 3067 1332 3120 hunc
1361 3073 1559 3121 evecta:
1587 3068 1958 3136 signiﬁcatur:
1995 3085 2091 3122 cu-

2202 1885 2251 1936 oi
2285 1883 2690 1955 ὲγκαυχώμενοι
2729 1885 2785 1937 ὲν
2835 1887 2946 1947 τοῖς
2982 1884 3218 1948 εἰδώλοις
3270 1885 3472 1950 αὐτῶν,
3514 1905 3532 1937 ι
3579 1885 3757 1952 ἐπάγει

2203 1975 2309 2026 τῶν
2334 1975 2548 2040 ἀγαθῶν
2571 1975 2668 2045 τὴν
2694 1975 2982 2045 σφραγῖδα,
3010 1973 3108 2044 τὴν
3135 1975 3221 2027 διὰ
3253 1976 3458 2046 σαρκὸς
3479 1975 3757 2044 γενομένην

2201 2064 2295 2117 τοῦ
2335 2065 2537 2136 Κυρίου
2563 2068 2673 2129 τοῖς
2706 2065 3010 2136 ἀνθρώποις
3039 2067 3340 2136 ἐμφάνειαν
3369 2067 3560 2135 λέγων’
3598 2083 3616 2116 ι
3649 2065 3756 2126 Φῶς

2201 2157 2439 2210 ἀνέτειλε
2469 2155 2546 2226 τῷ
2579 2156 2806 2227 δικαίῳ,
2845 2157 2939 2209 καὶ
2978 2159 3087 2220 τοῖς
3134 2157 3322 2210 εύθέσι
3357 2160 3420 2228 τῇ
3461 2156 3647 2228 καρδία
3674 2155 3756 2207 ati-

2203 2247 2463 2319 φροσύνη.
2495 2267 2514 2297 ι

2271 2339 2464 2402 Καλῶς
2490 2339 2544 2390 δὲ
2583 2340 2675 2392 καὶ
2715 2338 3000 2410 προσφυῶς
3056 2341 3089 2408 ἡ
3137 2339 3226 2392 τοῦ
3257 2339 3460 2410 ἐφεξῆς
3487 2337 3759 2408 ἀνεπιγρά⁴

2202 2443 2300 2498 φου
2358 2429 2497 2499 ἀρχὴ
2564 2429 2698 2498 πρὸς
2746 2430 2806 2482 τὸ
2851 2427 3021 2501 πέρας
3065 2427 3271 2500 ταύτης
3321 2431 3420 2501 τῆς
3466 2429 3759 2499 ψαλμῳδίας

2201 2517 2546 2571 συνάπτεται.
2598 2519 2661 2570 Ἥ
2708 2517 2816 2588 γὰρ
2857 2519 2994 2588 αὐτὴ
3039 2517 3292 2589 δύναμις,
3333 2519 3414 2590 τῷ
3451 2519 3547 2590 μὲν
3586 2517 3760 2586 δικαίῳ

2201 2607 2316 2680 φῶς
2365 2626 2421 2660 τε
2457 2611 2549 2661 καὶ
2595 2610 2897 2680 εὐφροσύνη
2948 2611 3190 2678 γίνεται,
3235 2613 3378 2683 ὀργὴ
3417 2611 3472 2664 δὲ
3532 2610 3605 2680 τῷ
3644 2612 3757 2663 ἀπι-

2202 2699 2409 2752 στοῦντι
2439 2699 2570 2769 λαῷ.
2596 2720 2612 2750 ι
2635 2700 2692 2751 '0
2721 2700 2920 2771 Κύριος
2945 2721 2963 2752 ›
2996 2703 3124 2772 γὰρ,
3149 2703 3339 2772 φησὶν,
3364 2721 3381 2752 ι
3405 2702 3727 2755 ἐϐασίλευσεν
3746 2739 3758 2758 .

2200 2788 2602 2862 ὀργιζέσθωσαν
2635 2791 2772 2844 λαοί.
2809 2812 2824 2841 ι
2855 2792 2948 2853 Τίς
2991 2786 3139 2854 οὗτος
3162 2793 3189 2844 6
3212 2791 3535 2861 βασιλεύσας
3560 2791 3756 2862 Κύριος.

2199 2885 2227 2935 6
2260 2883 2358 2951 τῆς
2387 2883 2678 2954 ἀγγελικῆς
2701 2875 2756 2936 τε
2785 2885 2877 2936 καί
2904 2884 3161 2954 οὐρανίας
3185 2883 3476 2954 ὕπερκαθή
3487 2901 3637 2954 μενος
3657 2880 3758 2936 Κύ·

2201 2990 2349 3043 ριοςς
2399 2974 2501 3026 Διά
2527 2976 2634 3046 γὰρ
2666 2975 2772 3027 τῶν
2799 2975 3075 3045 Χερουϐὶμ
3101 2975 3160 3026 τὸ
3205 2973 3395 3045 ἐξέχον
3421 2976 3520 3042 τῆς
3546 2974 3759 3043 ὑπερκοι

2199 3061 2356 3132 σμίου
2399 3064 2674 3132 δυνάμεως
2712 3065 2738 3116 6
2780 3063 2933 3133 λόγος
2962 3063 3304 3118 ἐνδείκνυται
3329 3105 3344 3128 ,
3376 3057 3436 3118 οὗ
3473 3066 3504 3135 ἡ
3537 3061 3763 3132 βασιλεία

523 3154 617 3221 jus
648 3171 898 3225 regnum,
927 3157 978 3209 id
1013 3155 1156 3224 quod
1188 3159 1326 3212 male
1351 3158 1574 3220 coaluit,
1608 3173 1800 3214 rursus
1824 3160 2090 3214 diswlvit.

2199 3155 2438 3206 διάλυσιν
2489 3152 2582 3205 τοῦ
2631 3153 2820 3216 κακῶς
2869 3153 3200 3217 συνεστῶτος
3245 3157 3415 3208 ποιεῖ.
3469 3154 3542 3206 Ub
3583 3149 3764 3221 γὰρτὸ

529 3244 645 3298 Non
678 3246 824 3299 enim
859 3246 910 3298 id
938 3247 1082 3315 quod
1114 3247 1334 3301 cwlestc
1361 3248 1413 3300 in
1443 3247 1596 3302 nobis
1619 3257 1730 3310 est,
1753 3249 1846 3304 sed
1874 3250 1924 3302 id
1951 3253 2093 3320 quod

530 3343 792 3388 terrestre
823 3341 927 3396 cst,
961 3344 1288 3398 connnovet,
1329 3343 1386 3388 ut
1425 3344 1656 3391 testatur
1691 3337 1776 3391 his
1812 3340 1942 3407 ipsis
1979 3357 2096 3394 ver-

529 3423 614 3478 bis
649 3443 662 3478 :
699 3443 717 3474 ι
757 3423 858 3488 Qui
910 3424 1067 3478 sedes
1100 3440 1262 3493 super
1292 3423 1584 3480 Cherubin]
1618 3445 1629 3481 :
1669 3438 1949 3482 moveatur
1991 3439 2098 3484 ter-

531 3528 610 3566 ra.
653 3533 671 3564 ι
722 3511 948 3584 Reliqua
998 3515 1210 3578 omitto,
1264 3533 1329 3570 ne
1375 3517 1730 3586 expositionis
1779 3519 2094 3572 continuata

529 3603 672 3657 serie
695 3603 898 3672 aliquid
932 3599 1195 3658 molestia:
1218 3602 1460 3658 aﬂ'cram.
1493 3604 1604 3659 lloc
1634 3614 1844 3660 tantum
1876 3605 2097 3662 addide-

531 3693 656 3757 rim,
689 3695 870 3746 omnia
923 3693 990 3746 ad
1030 3705 1194 3745 unum
1248 3693 1607 3762 enmdemqnc
1643 3696 1801 3749 tinem
1852 3696 2094 3759 tendere,

529 3799 704 3853 usque
729 3785 794 3837 ad
823 3784 979 3837 ﬁnem
1008 3782 1220 3853 psalmi.
1255 3781 1507 3839 Testatur
1533 3787 1674 3840 enim
1706 3787 1867 3841 istum
1904 3786 2095 3848 Deum,

527 3872 620 3940 qui
681 3874 951 3941 regnavit,
995 3889 1101 3926 non
1139 3872 1297 3928 nobis
1328 3875 1559 3943 primtnn
1610 3877 1950 3946 apparuisse,
2001 3877 2094 3931 sed

530 3959 878 4017 manifestum
933 3962 1104 4017 fuisse
1148 3964 1323 4034 magni
1377 3966 1615 4020 nominis
1665 3975 1715 4020 et
1766 3966 2097 4022 celebritatis

533 4053 814 4122 prOphetis
843 4072 858 4108 :
890 4054 960 4107 ob
991 4053 1042 4106 id
1076 4053 1241 4109 Mosis
1272 4055 1515 4109 meminit
1541 4066 1594 4110 et
1625 4056 1877 4121 Aaronis,
1913 4067 1965 4111 et
1991 4056 2093 4110 Sa-

528 4144 760 4210 muelis;
788 4158 1017 4213 quorum
1042 4145 1271 4214 quilibet
1305 4153 1524 4214 propter
1555 4145 1804 4214 pietatem
1839 4148 1891 4200 in
1925 4146 2094 4201 Deum

528 4238 710 4292 clarus
764 4243 848 4292 est
899 4243 952 4288 et
1003 4235 1393 4290 memorabilis.
1444 4234 1646 4304 Adjicit
1689 4245 1868 4290 autem
1907 4246 1960 4291 et
1998 4253 2095 4292 co-

527 4329 768 4384 lumnam
805 4328 983 4391 nubis,
1023 4329 1074 4382 in
1111 4343 1217 4397 qua
1253 4327 1396 4382 Deus
1447 4342 1570 4381 cum
1605 4327 1712 4382 illis
1752 4329 2093 4397 loquebatur,

526 4423 754 4488 docens,
781 4424 883 4476 nisi
911 4423 1089 4484 fallor,
1117 4419 1452 4484 incredulos,
1496 4437 1561 4473 ne
1590 4421 1725 4474 adeo
1763 4421 2094 4476 abhorreant

2201 3246 2445 3314 ούράνιον
2473 3245 2578 3297 τῶν
2602 3248 2659 3297 ἐν
2685 3248 2836 3314 ἡμῖν,
2860 3243 2995 3298 ἀλλὰ
3027 3246 3086 3298 τὸ
3113 3247 3310 3316 γήϊνον
3341 3248 3421 3310 είς
3452 3245 3610 3299 σάλον
3633 3242 3762 3310 ἄγει,

2199 3335 2393 3387 οὑτωσὶ
2442 3334 2614 3402 λέγων
2657 3335 2735 3404 τῷ
2776 3336 2999 3406 ῥήματι,
3036 3333 3136 3388 (Ὀ
3178 3335 3500 3406 καθήμενος
3543 3335 3631 3388 ἐπὶ
3670 3333 3763 3386 τῶν

2200 3425 2476 3494 Χερουείμ
2500 3442 2512 3454 ·
2577 3425 2886 3496 σαλευθήτω
2917 3429 2949 3497 ἡ
2981 3429 3074 3498 γῆ.
3113 3447 3130 3477 ι
3174 3427 3293 3479 Καὶ
3325 3429 3392 3480 τὰ
3415 3425 3608 3495 ἐφεξῆς
3637 3439 3763 3494 παρ’

2203 3515 2341 3584 ίημι.
2387 3515 2462 3577 ὡς
2494 3515 2559 3568 ἂν
2599 3515 2672 3585 μὴ
2709 3516 2876 3570 πολὺν
2919 3516 3070 3586 ὸχλον
3102 3517 3371 3588 ὲπάγοιμι
3407 3519 3472 3588 τῇ
3501 3513 3766 3583 ἀκολουθίᾳ

2197 3606 2294 3675 τῆς
2324 3605 2633 3675 ἐξηγήσεως
2656 3623 2668 3635 ·
2699 3606 2950 3659 τοσοῦτον
2981 3606 3169 3669 εἰπὼν,
3202 3607 3293 3660 ὄτι
3329 3609 3505 3660 πάντα
3532 3605 3657 3678 πρὸς
3681 3604 3767 3656 ἕνα

2199 3697 2291 3749 καὶ
2328 3696 2418 3748 τὸν
2456 3696 2619 3750 αὑτὸν
2663 3695 2860 3750 σκοπὸν
2894 3696 3077 3774 βλέπει
3120 3697 3288 3769 μέχρι
3329 3697 3426 3751 τοῦ
3455 3697 3636 3759 τέλους
3679 3694 3767 3761 τῆς

2197 3785 2538 3856 ψαλμῳδίας.
2578 3786 3015 3856 Διαμαρτύρεται
3044 3789 3152 3858 γὰρ
3180 3788 3268 3841 ὃτι
3295 3784 3451 3852 οὗτος
3479 3790 3507 3840 6
3538 3781 3766 3857 βασιλεύ-

2200 3894 2296 3940 σας
2321 3877 2473 3943 Θεὸς,
2501 3879 2562 3930 ού
2591 3877 2684 3931 νῦν
2726 3880 2856 3948 ἡμῖν
2883 3879 3089 3949 πέφηνε
3116 3878 3363 3950 πρῶτον,
3392 3879 3527 3933 ἀλλὰ
3558 3877 3645 3930 καὶ
3668 3877 3766 3934 τοῖς

2197 3967 2511 4037 ὀνομαστοῐς
2536 3969 2641 4020 τῶν
2675 3969 2965 4040 προφητῶν
2998 3971 3174 4040 ἐμφαν
3186 3971 3250 4040 ης
3278 3973 3307 4024 ὁ
3337 3972 3500 4034 αὑτός
3529 3972 3656 4022 ἐστι.
3685 3963 3764 4016 Διὸ

2197 4059 2477 4122 Μωῦσέως
2521 4059 2810 4130 μέμνηται,
2863 4061 2956 4112 καὶ
3005 4061 3214 4132 Ἀαρὼν
3256 4062 3352 4114 καὶ
3386 4060 3480 4114 τοῦ
3511 4055 3763 4126 Σαμουὴλ.

2199 4140 2273 4202 ὧν
2293 4151 2520 4212 ἕκαστος
2546 4149 2653 4202 ἀπὸ
2685 4150 2785 4217 τῆς
2815 4153 2894 4213 εἰς
2922 4151 3053 4203 Θεὸν
3097 4151 3386 4214 εὐσεϐείας
3432 4144 3764 4221 περίϐλεπτός

2199 4240 2316 4292 ἐστι
2348 4240 2442 4294 καὶ
2459 4239 2716 4309 ἀοίδιμος.
2751 4241 3078 4310 Προστίθησι
3103 4240 3158 4293 δὲ
3179 4242 3263 4312 τῷ
3287 4242 3454 4312 λόγῳ,
3479 4241 3569 4293 καὶ
3591 4239 3679 4306 τῆς
3698 4251 3766 4286 νε·

2199 4331 2368 4401 φέλης
2391 4330 2480 4382 τὸν
2508 4330 2714 4394 στύλον,
2745 4332 2801 4383 ὲν
2898 4331 3031 4402 πρὸς
3054 4332 3255 4396 αὐτοὺς
3282 4335 3310 4385 ὁ
3334 4332 3467 4395 Θεὸς
3495 4330 3761 4394 διελέγετο,

2197 4422 2482 4483 διδάσκων,
2516 4418 2689 4492 οἶμαι,
2725 4423 2851 4485 τοὺς
2881 4423 3139 4486 ἀπίστους
3170 4423 3262 4476 διὰ
3297 4423 3516 4488 τούτου,
3545 4423 3614 4493 μὴ
3641 4417 3762 4483 ξενί-

525 4515 749 4570 credere
782 4515 872 4569 Dei
910 4514 975 4568 ad
1014 4514 1262 4568 homines
1293 4515 1606 4568 adventum.
1637 4511 1769 4566 Nam
1803 4512 1944 4570 Deus
1980 4515 2088 4579 ille,

2203 4513 2387 4576 ζεσθαι
2422 4489 2583 4583 πρὸς*
2608 4514 2706 4583 τὴν
2751 4514 2818 4566 δι’
2854 4513 3138 4583 ἀνθρώπου
3177 4515 3486 4584 γενομένην
3528 4489 3654 4582 ημίν
3683 4505 3762 4559 τοῦ

525 4608 616 4674 qni
653 4617 780 4660 tunc
808 4607 860 4660 in
897 4606 1145 4659 columna
1180 4605 1340 4659 nubis
1370 4606 1584 4659 locutus
1615 4615 1718 4667 est,
1755 4616 1939 4675 postea
1975 4623 2090 4659 ma-
2141 4653 2148 4657 .

529 4698 822 4753 nilcstatns
865 4704 948 4750 est
992 4693 1044 4748 in
1093 4711 1276 4748 carne.
1325 4695 1510 4764 Itaque
1561 4695 1606 4748 si
1651 4696 1776 4764 quis
1818 4696 2091 4767 indignam

525 4805 649 4844 esse
674 4787 819 4841 dicat
848 4801 1088 4848 carnem,
1125 4799 1220 4854 per
1253 4798 1415 4853 quam
1443 4785 1600 4839 nobis
1641 4785 1782 4841 Deus
1819 4787 2090 4857 loquatur,

527 4882 572 4932 is
615 4892 792 4946 neque
825 4875 1132 4928 columnam
1192 4875 1352 4928 nubis
1401 4875 1619 4944 dignam
1664 4876 1833 4932 fuisse
1883 4889 2094 4933 asserat

524 4976 738 5037 oportet
765 4986 776 5017 :
809 4964 940 5035 quid
971 4962 1113 5018 enim
1139 4965 1191 5017 in
1222 4968 1335 5033 ipsa
1369 4965 1637 5033 ejusmodi
1672 4977 1810 5031 erat,
1842 4978 1898 5021 ut
1925 4970 2088 5038 digna

529 5066 846 5114 censeretur
877 5056 1057 5110 divina
1099 5056 1536 5125 magniﬁcentia?
1567 5057 1622 5110 Si
1659 5067 1838 5113 autent
1879 5060 2010 5112 nihil
2061 5077 2090 5112 ιι

526 5152 626 5205 inde
659 5150 895 5204 alienum
935 5149 1167 5214 videtur,
1195 5144 1400 5204 Iudaeis
1429 5148 1596 5204 Deum
1628 5152 1680 5203 in
1714 5151 1967 5204 columna
1997 5164 2091 5204 nu-

525 5243 608 5297 bis
651 5243 890 5296 locutum
934 5257 1091 5305 esse;
1131 5257 1308 5310 neque
1344 5243 1397 5295 in
1445 5256 1615 5297 carne
1665 5243 1905 5296 locutum
1947 5259 2090 5306 esse,

524 5333 810 5403 indignum
845 5333 1014 5387 videri
1067 5333 1263 5401 debet,
1316 5334 1614 5403 praesertim
1663 5350 1786 5389 cum
1823 5344 1874 5390 ct
1923 5335 2091 5390 Isaias

590 5497 634 5529 ⁸⁷
666 5495 812 5552 Psal.
843 5512 1006 5550 acvit.

585 5637 698 5705 (fit)
729 5637 783 5690 Ἀ
794 5655 918 5690 ποσε
929 5639 1132 5708 μνύνει,
1167 5637 1254 5695 cd.

585 5710 699 5775 (μὴ
725 5709 858 5778 Φησί
883 5724 992 5763 οιιι.
1027 5711 1113 5765 cd.

2202 4605 2336 4659 Θεοῦ
2371 4607 2606 4676 ὁμιλίαν.
2651 4606 2706 4658 '0
2739 4606 2846 4675 γὰρ
2874 4605 2992 4657 τότε
3023 4605 3080 4656 ὲν
3106 4604 3184 4673 τῷ
3210 4605 3391 4675 στύλῳ
3424 4605 3522 4673 τῆς
3555 4599 3762 4668 νεφέλης

2201 4698 2436 4767 λαλήσας
2454 4697 2606 4761 Θεὸς,
2630 4696 2764 4766 μετά
2789 4697 2958 4749 ταῦτα
2983 4695 3300 4766 ἐφανερώθη
3333 4698 3391 4747 ἐν
3420 4694 3599 4766 σαρκί.
3620 4694 3761 4742 Ὥστε

2202 4791 2256 4843 εί
2284 4807 2368 4851 τις
2395 4788 2618 4853 ἀναξίαν
2637 4788 2784 4856 λέγοι
2805 4788 2904 4858 τὴν
2935 4788 3111 4857 σάρκα
3135 4785 3228 4838 τοῦ
3246 4782 3314 4838 δι’
3345 4786 3516 4855 αὐτῆς
3535 4785 3661 4853 ἡμῖν
3683 4777 3761 4830 τὸν

2201 4882 2331 4935 Θεὸν
2361 4881 2622 4951 λαλῆσαι,
2675 4879 2782 4932 οὐδ’
2833 4879 2899 4931 ἀν
2929 4878 3005 4948 τῷ
3048 4877 3223 4947 στύλῳ
3262 4879 3366 4948 τῆς
3414 4875 3635 4944 νεφέλης
3676 4872 3762 4939 τὴν

2200 4974 2356 5037 ἀξίαν
2389 4972 2950 5044 προσμαρτυρήσειεν.
2996 4970 3061 5021 Τί
3106 4969 3213 5040 γὰρ
3255 4970 3314 5021 ὲν
3341 4969 3479 5038 αὐτῇ
3521 4963 3758 5019 τοιοῦτον,

2197 5065 2272 5127 ὡς
2302 5063 2401 5134 τῆς
2431 5064 2578 5126 θείας
2619 5062 3034 5132 μεγαλειότητος
3067 5061 3215 5124 ἀξιον
3251 5059 3572 5131 κρίνεσθαι;
3619 5056 3676 5107 Εἰ
3713 5051 3760 5102 δὲ

2198 5155 2386 5208 πιστὸν
2419 5157 2530 5218 τοῖς
2584 5153 2856 5216 Ἰουδαίοις
2890 5153 3005 5204 ἐστὶ
3038 5152 3099 5204 τὸ
3130 5154 3189 5204 ὲν
3217 5152 3400 5221 στύλῳ
3432 5148 3654 5219 νεφέλης
3679 5143 3759 5196 τὸν

2197 5245 2328 5297 Θεὸν
2364 5245 2610 5314 λαλῆσαι,
2664 5242 2797 5313 μηδὲ
2832 5243 2892 5294 τὸ
2941 5244 2998 5293 ὲν
3032 5242 3193 5312 σαρκὶ
3237 5243 3404 5294 αὐτὸν
3427 5236 3758 5306 λελαληκέναι

2198 5340 2422 5394 ἄπιστον
2453 5338 2592 5390 ἔστω
2618 5354 2630 5365 ·
2680 5337 2852 5398 ἄλλως
2882 5353 2939 5388 τε
2977 5337 3068 5388 καὶ
3098 5333 3188 5387 τοῦ
3235 5335 3461 5387 Ἡσαῖου
3483 5331 3579 5404 τὴν
3600 5326 3758 5397 σάρδια

2289 5635 2400 5707 (95)
2435 5634 2855 5707 Προπορεύεται.
2890 5635 2976 5689 ed.
