4018 6334
267 99 340 154 535

1610 102 1672 156 IN
1702 98 2034 159 PSALMOS.

3341 101 3446 159 553

263 215 323 267 διὰ
341 213 419 282 τῆς
450 215 674 282 νεφέλης
701 216 1004 286 νοήσαντος·
1047 237 1065 268 ι
1091 218 1219 272 Ἰδοὺ
1251 239 1267 269 ι
1304 219 1431 289 γὰρ,
1455 222 1606 288 φησι,
1637 221 1775 274 «Ku-

1910 237 2100 277 arnem
2126 222 2286 277 nubis
2311 223 2529 278 nomine
2559 221 2844 292 signiﬁcet.
2875 222 3053 293 lnquit
3081 222 3224 278 enim
3251 241 3263 276 :
3303 240 3321 272 ι
3353 221 3451 278 Ec-

262 321 345 375 ρεος
365 302 578 373 κάθηται
608 306 696 358 ἐπὶ
729 307 957 376 νεφέλης
981 308 1208 376 κούφης.
1235 328 1254 360 ι
1301 309 1408 361 Καὶ
1435 311 1558 372 τοὺς
1579 311 1778 380 ἑπομέ-

263 412 351 460 νους
368 396 506 465 αὑτῷ
525 397 728 450 πάλινὸ
749 398 911 460 αὑτὸς
941 399 1221 468 προφήτης
1251 399 1503 468 ὀνομάζει
1527 399 1774 467 νεφέλας,

263 495 304 544 ὲν
324 484 382 550 οἷς
403 505 561 556 φησιν
583 505 596 517 ·
653 509 670 538 ι
693 490 848 552 Τίνες
893 490 1025 551 οἶδε,
1053 489 1128 552 ὠς
1153 489 1390 558 νεφέλαι,
1430 490 1722 554 πέτανται;
1754 510 1771 540 ι

260 582 312 644 ὠς
331 579 396 631 διὰ
420 579 516 646 τῆς
542 578 650 631 τῶν
675 579 910 648 νεφελῶν
935 579 1274 650 ὁμωνυμίας,
1308 581 1368 632 τὸ
1398 581 1654 648 συγγενὲς
1679 583 1778 651 τῆς

261 670 325 724 τοῦ
351 670 534 738 Κυρίου
573 670 773 739 σαρκὸς
805 671 941 740 πρὸς
988 671 1086 740 τὴν
1115 669 1307 739 λοιπὴν
1350 670 1456 723 τῶν
1483 671 1782 738 ἀνθρώπων

259 761 379 829 φύσιν
413 759 772 824 ἐνδείξασθαι.
836 761 977 831 Πρὸς
1022 760 1208 814 τοῦτον
1249 757 1342 814 οὖν
1383 762 1472 814 τὸν
1505 761 1655 825 Θεὸν,
1691 763 1781 816 τόν

262 867 353 902 ποτε
383 850 472 919 μὲν
513 850 600 902 διὰ
647 849 908 920 νεφέλης,
959 849 1096 919 μετά
1142 849 1314 903 ταῦτα
1351 850 1408 902 δὲ
1457 850 1546 903 διὰ
1583 852 1782 923 σαρκὸς

256 944 338 1004 τοῖς
371 939 670 1012 ἀνθρώποις
707 940 1052 1011 λαλήσαντα,
1109 940 1243 1012 φησὶ
1283 940 1486 1010 προῖὼν
1509 943 1537 993 ὁ
1586 942 1780 994 Δαυΐδ-

262 1033 426 1102 «Κύριε
458 1034 488 1083 ὁ
531 1032 660 1094 Θεὸς
689 1031 868 1101 ἡμῶν,
904 1034 968 1086 σὺ
1014 1034 1285 1102 ὲπήκουες
1319 1031 1519 1087 αὑτῶν.
1559 1039 1616 1091 '0
1635 1036 1785 1099 Θεὸς,

217 1137 219 1140 ·
256 1128 304 1177 σὺ
324 1125 552 1188 εὑῖλατος
585 1123 763 1190 ἐγίνου
792 1124 992 1188 αὑτοῖς,
1024 1125 1118 1178 καὶ
1143 1123 1370 1178 ἐκδικῶν
1398 1123 1490 1176 ἐπὶ
1526 1122 1786 1179 πάντατὰ

257 1215 621 1286 ἐπιτηδεύματα
670 1215 870 1270 αὐτῶν.
911 1234 929 1266 ι

321 1306 516 1370 Ὠςδ’ἀν
538 1308 610 1376 μή
626 1324 706 1368 τις
735 1307 870 1375 πρὸς
887 1307 986 1376 τὴν
1013 1307 1322 1376 οἰκονομίαν
1344 1307 1556 1376 βλέπων
1586 1309 1664 1370 είς
1693 1324 1787 1360 τα-

259 1400 404 1460 πεινάς
423 1416 574 1460 τινας
595 1400 686 1451 καὶ
703 1398 1051 1469 ἀνθρωπίνας
1080 1398 1374 1467 ὑπολήψεις
1414 1399 1540 1470 περὶ
1558 1399 1618 1452 τὸ
1637 1398 1789 1451 Θεῖον

259 1491 674 1560 κατολισοήσειεν,
707 1490 909 1560 ταύτην
929 1491 1020 1542 ἐπὶ
1035 1490 1176 1542 τέλει
1199 1491 1297 1560 τῆς
1317 1490 1632 1561 ψαλμῳδίας
1657 1491 1792 1543 ὲπά⁴

1882 329 1944 368 ce
1970 313 2231 368 Dominus
2258 313 2408 368 sedet
2443 314 2497 368 in
2528 315 2672 368 nube
2701 314 2802 368 levi
2832 313 2898 367 ⁸⁸,
2943 333 2960 365 ι
3012 313 3223 384 Eosque
3254 314 3347 383 qui
3383 315 3447 366 il-

1884 405 1994 458 lum
2041 412 2346 474 sequuntur
2399 420 2592 460 rursus
2629 404 2769 458 idem
2809 404 3072 473 propheta
3124 404 3298 457 nubes
3349 418 3448 456 no-

1886 496 2077 560 minat,
2109 510 2231 549 cum
2265 496 2380 550 ait:
2413 514 2430 546 (
2469 495 2701 560 Quinam
2748 494 2860 558 isti,
2897 494 2989 562 qui
3042 503 3099 547 ut
3138 495 3311 549 nubes
3350 508 3448 568 v0-

1887 587 2000 639 lant
2034 587 2080 618 ⁸⁹
2114 587 2137 638 ?
2178 607 2196 639 ι
2232 585 2300 640 Ut
2347 601 2441 655 per
2477 586 2800 640 vocabulum
2857 584 3018 639 nubis
3072 585 3446 653 cognationem

1888 675 2181 730 Daminicze
2209 677 2392 731 carnis
2415 690 2538 729 cum
2573 676 2778 744 reliqua
2813 675 3093 728 hominum
3126 681 3318 725 natura
3351 672 3448 726 de-

1889 775 2176 821 monstret.
2208 767 2290 820 Ad
2330 768 2474 821 hunc
2495 767 2658 837 igitur
2693 766 2884 825 Deum.
2926 764 3021 834 qui
3053 765 3204 834 prius
3233 763 3450 832 quidem

1890 875 1984 929 per
2011 859 2230 922 nubem,
2259 867 2444 926 postea
2474 874 2602 912 vero
2631 873 2725 927 per
2747 873 2965 912 carnem
2993 873 3114 911 cum
3141 856 3455 910 hominibus

1893 951 2110 1004 locutus
2155 959 2256 1015 est,
2309 951 2384 1004 ait
2424 964 2722 1020 progressu
2753 948 3018 1001 orationis
3047 946 3252 1000 David:
3301 966 3318 996 ‹
3352 946 3452 999 Do-

1893 1038 2037 1092 mine
2081 1039 2222 1092 Deus
2260 1047 2467 1099 noster,
2506 1036 2921 1091 tuexaudiebas
2969 1050 3063 1090 eos
3121 1054 3133 1088 :
3189 1034 3349 1095 Deus,
3398 1043 3453 1086 tu

1894 1130 2160 1198 propitius
2191 1130 2338 1184 fuisti
2367 1129 2469 1192 eis.
2505 1139 2558 1183 et
2585 1129 2856 1184 ulciscens
2889 1129 2942 1181 in
2977 1127 3457 1182 omnesadinven-

1893 1219 2069 1272 tiones
2095 1235 2300 1273 eorum.
2335 1240 2352 1270 ι

1969 1310 2035 1364 Ut
2070 1312 2170 1366 nisi
2197 1313 2318 1381 quis
2343 1314 2394 1366 in
2430 1313 2789 1368 oeconomiam
2824 1311 3060 1366 divinam
3090 1310 3458 1379 et'diSpensa-
3529 1364 3534 1370 ,

1897 1401 2098 1456 tionem
2127 1404 2322 1457 oculos
2348 1414 2642 1468 convertat,
2670 1419 2791 1457 eum
2821 1417 3046 1457 necesse
3076 1402 3145 1457 sit
3178 1403 3230 1454 in
3269 1403 3461 1456 huma-

1897 1507 1996 1547 nas
2027 1493 2288 1563 quasdam
2319 1503 2370 1547 et
2401 1494 2648 1563 indignas
2693 1496 2759 1549 de
2792 1494 2898 1548 Deo
2931 1493 3284 1562 cogitationes
3328 1493 3460 1545 inci~

258 1599 322 1648 γει
343 1583 426 1651 τὴν
441 1581 648 1652 φωνὴν,
678 1582 813 1652 πρὸς
835 1582 978 1652 ἡμᾶς
994 1581 1196 1652 τρέψας
1217 1583 1306 1635 τὸν
1321 1583 1495 1651 λόγον·
1525 1602 1542 1632 ι
1564 1581 1790 1650 ’Υψοῦτε

1910 1585 2042 1651 iere,
2078 1587 2188 1638 haec
2212 1593 2386 1639 autem
2409 1585 2474 1639 ad
2494 1584 2648 1638 ﬁnem
2695 1587 2882 1654 psalmi
2915 1585 3082 1648 addit,
3115 1598 3363 1639 sermone
3394 1582 3460 1634 ad

261 1673 415 1743 Κύριον
437 1674 526 1726 τὸν
545 1673 676 1725 Θεὸν
695 1674 726 1743 ἡ
735 1673 870 1742 μῶν,
887 1674 982 1726 καλ⁸
1021 1676 1372 1742 προσκυνεῖτε
1410 1673 1486 1742 τῷ
1522 1673 1794 1743 ὑποποδίῳ

257 1764 338 1815 τῶν
350 1763 504 1816 ποδῶν
519 1762 805 1824 αὑτοῡ,ὃτι
823 1762 974 1830 ἅγιός
997 1764 1156 1816 ἐστιν.
1172 1781 1188 1812 ι
1217 1762 1325 1833 Τὴν
1349 1764 1404 1816 δὲ
1428 1763 1662 1816 διάνοιαν
1690 1762 1795 1815 τῶν

260 1855 536 1924 εἰρημένων,
575 1853 778 1922 ταὺτην
798 1849 936 1905 εἶναι
969 1852 1322 1922 ὑπονοοῦμεν,
1355 1855 1460 1918 ὅτι,
1485 1850 1555 1906 ’Ὦ
1586 1853 1794 1924 ἀνθρω-

260 1959 342 2005 ποι,
380 1944 682 2013 μεμήνυται
727 1943 825 2011 μὲν
859 1943 1005 2011 ὑμῖν,
1035 1941 1109 2004 ὡς
1153 1943 1373 1996 δυνατὸν
1419 1944 1669 2008 δέξασθαι
1699 1943 1796 2014 τὴν

261 2031 574 2106 ἀνθρωπίνην
599 2031 788 2100 ἀκοὴν,
815 2031 881 2084 τά
916 2032 1034 2084 Οεία
1071 2033 1361 2102 μυστήρια.
1410 2033 1596 2103 Ὑμεῖς
1627 2033 1684 2086 δὲ
1711 2033 1798 2086 διὰ

260 2123 421 2176 τούτων
458 2121 823 2192 ὁδηγηθέντες
873 2121 1008 2192 πρὸς
1058 2123 1156 2192 τὴν
1202 2123 1403 2192 εὑσεὸἧ
1448 2124 1795 2192 θεογνωσίαν,

260 2212 354 2263 ὁδον
381 2216 536 2283 χωρεῖ
589 2212 742 2283 ὑμῶν
769 2213 796 2263 ὁ
827 2212 1104 2283 λογισμὸς.
1138 2214 1385 2268 τοσοῦτον
1408 2215 1499 2268 τοῦ
1529 2216 1667 2269 Θεοῦ
1697 2215 1798 2285 τὴν

256 2301 382 2366 δόξαν
405 2302 682 2372 ὑψὼσατε,
717 2303 934 2366 εἰδότες,
977 2305 1059 2356 ὅτι
1089 2305 1213 2358 ὅσον
1243 2304 1310 2357 ἂν
1339 2304 1614 2376 ὑπερταθῇ
1648 2304 1798 2374 ὑμῶν

257 2396 282 2461 ἡ
306 2393 503 2458 διάνοια,
548 2395 649 2447 καὶ
677 2396 853 2447 πᾶσαν
883 2394 1126 2466 παρέλθῃ
1170 2393 1376 2465 ὑψηλὴν
1407 2395 1705 2463 φαντασίαν
1743 2396 1800 2447 ὲν

255 2485 346 2546 ταῖς
368 2487 483 2555 περὶ
512 2484 658 2537 Θεοῦ
701 2484 1019 2554 ὑπολήψεσι,
1051 2485 1110 2539 τό
1129 2501 1186 2536 τε
1222 2483 1282 2536 τὸ
1310 2485 1438 2555 παρ’
1470 2484 1622 2554 ὑμῶν
1651 2485 1800 2553 εὑρι-

259 2575 482 2641 σκόμενον
513 2576 619 2628 καὶ
654 2574 1140 2647 προσκυνούμενον,
1171 2576 1271 2629 οὑκ
1303 2575 1441 2646 αὑτὴ
1471 2578 1504 2644 ἡ
1532 2575 1805 2644 μεγαλειό-

254 2680 334 2732 της·
368 2666 449 2718 τοῦ
495 2666 838 2736 ζητουμένου
887 2667 1054 2729 ἐστὶν,
1110 2665 1244 2721 ἀλλά
1289 2665 1350 2718 τὸ
1390 2666 1674 2718 ὑποπόδιον
1696 2665 1805 2718 τῶν

254 2756 399 2808 mea»
434 2759 639 2812 αὑτοῦ·
686 2758 746 2811 τὸ
787 2759 1123 2828 ὑποϐεϐηκὸς
1168 2758 1255 2810 διὰ
1301 2758 1489 2811 τούτου
1523 2760 1616 2810 καὶ
1657 2761 1806 2811 κάτω

251 2843 469 2913 κείμενον
486 2848 591 2917 τῆς
625 2848 862 2911 διανοίας
887 2847 1066 2918 ἡμῶν,
1087 2848 1369 2919 συγκρίσει
1393 2848 1489 2918 τῆς
1516 2849 1804 2916 ἀνεφίκτου

248 2937 606 3008 καταλήψεως,
644 2938 1034 3010 διερμηνεύων.

297 3105 423 3160 Εἶτα
473 3108 626 3178 μετὰ
681 3109 836 3161 τοῦτο
890 3109 989 3162 οὑκ
1021 3107 1214 3176 ὀλίγων
1265 3110 1322 3160 ἐν
1367 3106 1442 3177 τῷ
1482 3107 1628 3178 μέσῳ
1669 3123 1809 3176 παρ-

241 3197 450 3250 εθέντων
492 3199 759 3269 ψαλμῶν,
790 3202 846 3252 ὲν
896 3199 1171 3269 ἑκατοστῷ
1203 3199 1390 3269 τρίτῳ,
1421 3197 1478 3249 ὃν
1525 3198 1812 3250 πολλοστὸν

229 3291 280 3340 ὲν
342 3294 452 3353 τοῖς
523 3293 670 3360 παρ’
751 3290 1033 3360 Ἐϐραίους
1104 3289 1494 3360 ἀνεπιγράφοις
1572 3285 1810 3351 ἔδειξεν,

231 3380 512 3452 διαρρήδην
565 3382 819 3449 θεολογεῖ
861 3383 952 3456 τὸν
999 3381 1258 3452 μονογενῆ
1291 3380 1442 3442 Θεὸν,
1487 3378 1678 3448 ἐκείνῳ
1715 3377 1813 3446 τῆς

217 3470 304 3522 τοῦ
332 3475 546 3536 παντὸς
598 3473 919 3534 συστάσεως
966 3471 1236 3534 ἀνατιθεὶς
1275 3471 1373 3541 τὴν
1405 3470 1600 3524 αἰτίαν.
1657 3467 1816 3535 Λέγει

222 3561 318 3629 γὰρ
349 3565 443 3614 ἐπὶ
473 3564 586 3633 τῆς
625 3562 723 3617 τοῦ
756 3564 959 3632 κόσμου
988 3561 1233 3623 κτίσεως,
1260 3559 1353 3612 τοῦ
1386 3559 1547 3612 Δαϐὶδ
1576 3557 1702 3610 ὅντα
1730 3557 1817 3610 τὸν

209 3649 412 3720 φιλμὸν
462 3653 708 3715 τοῦτον,
755 3652 1123 3722 ἀνεπίγραφον
1168 3646 1306 3704 εἶναι
1358 3650 1485 3720 παρ’
1528 3648 1817 3717 Ἑϐραίοις.

209 3740 475 3808 Σημαίνει
519 3745 584 3795 δὲ
624 3744 689 3797 τὸ
719 3743 958 3804 ἐκείνους
987 3741 1077 3794 τὸν
1118 3740 1314 3793 σκοπὸν
1345 3739 1442 3808 τῆς
1489 3738 1821 3808 προφητείας

203 3829 403 3899 ταύτης
421 3834 508 3903 μὴ
533 3832 978 3904 παραδέχεσθαι.
1011 3833 1162 3901 Ἔχει
1193 3831 1252 3883 δὲ
1273 3833 1304 3901 ἡ
1327 3829 1602 3900 ἐπιγραφὴ
1625 3827 1817 3891 οὕτως’

202 3939 219 3969 ι
249 3922 356 3976 Τοῦ
373 3926 513 3976 Δασ
508 3925 562 3979 ιδ
579 3927 686 3978 ἐπὶ
705 3923 804 3992 τῆς
814 3923 907 3976 τοῦ
925 3924 1125 3992 κόσμου
1139 3923 1401 3991 γενέσεως
1419 3963 1434 3986 ,
1457 3921 1824 3991 ἀνεπίγραφος

199 4013 325 4081 παρ’
369 4015 709 4085 Ἑϐραίοις.
742 4033 759 4063 ι
788 4012 894 4064 ’1ὀῦ
919 4013 975 4064 δὲ
993 4011 1207 4082 ψαλμοῦ
1231 4010 1417 4063 τούτου
1445 4011 1542 4080 τὴν
1589 4010 1824 4063 διάνοιαν

188 4102 276 4152 ἐπὶ
311 4105 533 4174 καιροὗ
585 4103 969 4173 ἐκθησόμεθα.
995 4102 1106 4155 Νῦν
1143 4102 1200 4154 δὲ
1231 4104 1358 4172 ἡμῖν
1391 4101 1672 4172 ἐξαρκέσει
1706 4119 1828 4154 τοσ-

523 3309 608 3343 πα
618 3293 670 3360 ρ’

1897 1692 1998 1730 nos
2027 1691 2290 1730 converso
2316 1694 2329 1728 :
2361 1695 2378 1726 ι
2413 1675 2656 1729 Exaltale
2684 1675 2969 1729 Dominum
2997 1675 3164 1728 Deum
3185 1683 3458 1736 nostrum,

1895 1773 1949 1819 et
1976 1765 2199 1818 adorate
2240 1765 2536 1818 scabellum
2584 1763 2778 1832 pedum
2816 1763 2966 1831 ejus,
3026 1763 3282 1832 quoniam
3326 1776 3458 1815 san-

1897 1864 2043 1910 ctum
2074 1868 2175 1910 est.
2233 1874 2251 1907 ι
2291 1854 2519 1909 Sensum
2561 1855 2722 1923 hujus
2773 1856 2873 1908 loci
2906 1856 3050 1908 hunc
3097 1869 3219 1909 esse
3241 1853 3466 1907 arbitra-

1899 1963 2038 2012 mur,
2076 1946 2232 2016 quasi
2265 1946 2414 2000 dicat
2444 1965 2456 1998 :
2489 1943 2533 2000 Ο
2557 1946 2832 2004 mortales,
2866 1945 3018 1999 vobis
3048 1944 3266 2013 quidem
3294 1957 3467 2011 quan-

1899 2047 2011 2092 tum
2052 2039 2269 2092 auditus
2316 2037 2594 2090 humanus
2627 2038 2904 2106 percipere
2950 2045 3155 2104 potest,
3202 2034 3464 2104 patefacta

1899 2141 2026 2188 sunt
2062 2132 2247 2186 divina
2280 2132 2535 2202 mysteria
2585 2151 2600 2186 :
2633 2146 2746 2194 vos,
2769 2131 2850 2185 his
2882 2129 3036 2199 quasi
3080 2130 3144 2183 ad
3187 2129 3328 2197 piam
3373 2125 3465 2180 Dei

1899 2221 2266 2290 cognitionem
2321 2219 2678 2284 manuducti,
2725 2226 2988 2288 quantum
3036 2219 3251 2272 animus
3289 2224 3468 2271 vester

1901 2311 2066 2379 capit,
2093 2318 2302 2363 tantum
2339 2310 2563 2378 gloriam
2597 2308 2689 2362 Dei
2731 2310 2992 2369 extollite,
3031 2309 3163 2362 certi
3194 2307 3336 2375 quod
3361 2321 3469 2375 quo

1903 2402 2068 2455 altius
2147 2403 2408 2469 cogitatio
2457 2408 2637 2454 vestra
2697 2415 2818 2454 sese
2863 2400 3108 2461 elevarit,
3157 2407 3208 2450 et
3254 2411 3468 2450 omnem

1902 2491 2250 2559 quantumvis
2294 2491 2562 2544 exvelsam
2597 2491 3052 2544 existimationem
3086 2489 3152 2542 de
3177 2488 3286 2542 Deo
3316 2503 3472 2556 supc-

1905 2583 2126 2645 raverit,
2165 2592 2342 2636 tamen
2376 2583 2427 2635 id
2463 2581 2612 2650 quod
2639 2597 2668 2634 a
2703 2580 2856 2634 vobis
2892 2581 3164 2633 invenitur
3193 2588 3246 2633 et
3276 2580 3469 2632 adora-

1907 2678 2016 2735 tur,
2052 2687 2159 2725 non
2201 2672 2318 2741 ipsa
2367 2671 2510 2739 ejus,
2545 2670 2636 2739 qui
2669 2671 3035 2738 quaerebatur,
3072 2669 3470 2740 magniﬁcentia

1909 2773 2016 2827 est,
2053 2765 2146 2819 sed
2181 2762 2558 2816 tantummodo
2597 2761 2896 2816 scabellum
2949 2761 3143 2830 pedum
3174 2763 3330 2830 ejus:
3378 2776 3472 2829 per

1911 2853 2012 2906 hoc
2039 2853 2352 2923 signiﬁcans
2371 2851 2568 2906 mentis
2586 2861 2638 2905 et
2659 2850 3003 2920 cogitationis
3023 2860 3220 2905 nostra;
3235 2851 3474 2904 submis-

1859 2933 1877 2955 ¹
1910 2943 2118 2998 sionem
2143 2951 2196 2998 et
2223 2943 2564 3006 tenuitatem,
2596 2942 3002 3011 comparatione
3027 2941 3172 2996 illius
3195 2941 3342 2995 nullo
3361 2947 3476 2994 stu-

1910 3033 2002 3088 dio
2032 3033 2387 3102 assequenda:
2415 3031 2944 3100 comprehensionis.

1977 3125 2173 3179 Postea
2212 3139 2320 3178 non
2355 3124 2542 3193 paucis
2579 3122 2798 3177 omissis
2832 3122 3051 3192 psalmis
3090 3121 3144 3174 in
3183 3119 3481 3175 centesimo

1916 3219 2098 3280 tertio,
2133 3231 2292 3284 quem
2325 3215 2488 3269 etiam
2519 3214 2684 3268 refert
2728 3213 2781 3266 in
2812 3228 2999 3267 eorum
3051 3225 3358 3276 numerum,
3389 3209 3482 3279 qui

1916 3310 2056 3380 apud
2096 3308 2347 3363 Hebraeos
2379 3303 2735 3373 inscriptione
2773 3302 3199 3366 carcnt,diserte
3231 3300 3484 3371 praedicat

1918 3404 2202 3470 unigenam
2239 3399 2386 3451 illum
2413 3396 2599 3456 Deum,
2629 3395 2788 3463 eique
2823 3394 2985 3463 hujus
3017 3394 3256 3447 universi
3279 3390 3484 3447 conditi

1919 3507 2138 3547 causam
2163 3490 2421 3558 assignat.
2448 3485 2586 3539 Dicit
2605 3485 2748 3539 enim
2770 3485 2822 3536 in
2846 3483 3030 3536 mundi
3053 3483 3326 3537 creatione
3347 3483 3486 3550 psal-

1921 3598 2067 3636 mum
2101 3582 2246 3634 hunc
2290 3577 2508 3632 Davidis
2537 3591 2679 3639 esse,
2725 3584 2778 3628 et
2814 3574 3168 3642 inscriptione
3197 3571 3340 3641 apud
3385 3570 3484 3624 He.

1920 3674 2096 3728 braeos
2126 3687 2234 3725 non
2253 3669 2562 3739 praenotari.
2589 3665 2872 3736 Signiﬁcat
2902 3674 3082 3720 autem
3109 3665 3231 3718 illos
3263 3674 3488 3731 scopum

1921 3775 1976 3821 et
2004 3765 2340 3837 pronositum
2363 3761 2483 3829 ejus
2513 3760 2808 3829 prophetia:
2838 3774 2942 3812 non
2976 3759 3232 3826 recipere.
3254 3755 3345 3808 Sic
3365 3769 3488 3807 vero

1925 3872 1984 3910 se
2011 3856 2174 3909 habet
2206 3853 2488 3920 inscriptio
2516 3870 2529 3905 :
2566 3868 2584 3900 ι
2626 3849 2798 3919 Ipsius
2821 3848 3009 3911 David,
3047 3849 3099 3901 in
3124 3845 3306 3900 mundi
3336 3859 3487 3898 crea-

1925 3948 2095 4010 tione,
2131 3943 2504 4012 inscriptionis
2536 3957 2728 4011 expers
2767 3941 2908 4010 apud
2946 3939 3219 3994 Hebraeos.
3263 3957 3281 3989 ι
3325 3935 3490 4004 Hujus

1928 4035 2120 4107 psalmi
2175 4049 2396 4090 sensum
2432 4047 2533 4086 suo
2588 4033 2706 4084 loco
2748 4039 2800 4084 et
2850 4040 3090 4098 tempore
3138 4041 3491 4096 exponemus.

1930 4127 2084 4182 Nunc
2111 4127 2245 4182 satis
2272 4135 2356 4180 est
2396 4125 2497 4178 hoc
2525 4122 2820 4184 monuisse,
2852 4121 3095 4174 eamdem
3129 4133 3374 4179 causam,
3407 4118 3490 4170 in-

187 4191 343 4246 οὕτω
377 4198 616 4254 εξπεῖν.
661 4197 744 4247 ὅτι
771 4197 803 4264 ἡ
837 4193 971 4264 αὑτὴ
1003 4193 1225 4262 αίτία,ή
1258 4191 1398 4246 κατά
1445 4192 1542 4262 τὴν
1571 4191 1804 4244 ἀπιστίαι

1931 4219 2326 4280 credulitatem,
2377 4217 2622 4284 inquam,
2659 4211 2969 4267 Judworum
3005 4210 3270 4276 eﬁ‘ecisse,
3317 4218 3374 4263 ut
3411 4208 3491 4262 in;

179 4282 322 4348 λέγω
357 4287 483 4338 τῶν
529 4286 857 4347 Ἰουδαίων,
886 4285 977 4337 καὶ
1004 4285 1192 4337 τούτου
1222 4285 1321 4354 τὴν
1350 4285 1657 4354 ἐπιγραφὴν
1687 4285 1828 4337 ἀπα-

187 4371 463 4439 ράᾱκτσν
499 4379 644 4438 τοῖς
691 4373 957 4444 Ἑϐραίοις
987 4373 1228 4443 ἐποίησε.

819 4483 1206 4536 ΚΕΦΛΛΑΙΟΝ
1247 4484 1300 4536 l'.

251 4572 379 4642 Χρὴ
404 4575 471 4627 δὲ
516 4574 692 4644 μηδὲ
714 4574 772 4624 τὸ
794 4573 1070 4642 διαψαλμα
1099 4573 1476 4645 παραδραμεῖν
1497 4573 1829 4646 ἀθεώρητον.

179 4662 305 4724 Τοῖς
323 4666 434 4733 μὲν
453 4663 569 4718 οὖν
592 4666 724 4735 πρὸ
740 4668 772 4735 ἡ
779 4665 892 4735 μῶν
908 4664 1202 4735 μεταϐολὴν
1215 4667 1305 4720 τοῦ
1319 4667 1609 4736 νοήματος,
1629 4665 1662 4734 ἢ
1677 4683 1838 4733 προσ-

181 4752 398 4824 ώπου,ῆ
423 4757 825 4826 πράγματος,
859 4755 1139 4825 σημαίνειν
1159 4759 1416 4837 ἐνομίσθη
1445 4758 1505 4810 τὸ
1527 4755 1830 4826 διάψαλμω

193 4845 352 4935 ipsi;
376 4847 440 4898 δὲ
477 4849 596 4908 τὰς
625 4861 702 4897 τε
742 4843 844 4896 τῶν
867 4845 1113 4916 Πατέρων
1137 4847 1438 4935 ὑπολήψεις
1476 4848 1578 4900 οὑκ
1605 4847 1837 4900 ἀποϐάλ-

192 4931 376 4999 Legati.
399 4936 506 4987 καί
533 4954 598 4987 τι
637 4935 749 4987 καὶ
773 4935 901 5004 παρ’
929 4935 1122 4986 ἑαυτῶν
1139 4931 1425 5041 ἐννοῆσαι,
1452 4937 1596 5009 πρὸς
1622 4935 1718 5006 τὴν
1744 4936 1836 4988 τοὺ

209 5023 366 5088 ῥητοῦ
398 5025 618 5076 τούτου
655 5023 946 5091 σημασίαν,
977 5023 1032 5074 οὐ
1067 5023 1286 5122 tumhi;
1299 5049 1521 5119 σομεν,
1571 5025 1838 5097 Τοιαύτην

234 5103 258 5122 ν
516 5113 544 5122 ..
569 5113 595 5122 -
693 5112 708 5122 .
739 5113 770 5122 ..
1074 5113 1084 5122 .
1549 5121 1552 5122 ,
1760 5117 1781 5122 -_

206 5103 289 5158 οὖν
307 5128 427 5163 τινα
439 5113 546 5165 to;
563 5112 857 5182 ὃιαῷἀλμα
870 5129 944 5173 τος
959 5091 1244 5195 #1751023,“

229 5202 508 5270 ἵρθὼύςης
561 5202 726 5254 κατὰ
762 5202 815 5253 τὸ
849 5199 1082 5261 ἀκόλουθον
1105 5176 1255 5276 κῖθμί

1467 5243 1500 5276 ι)

301 5249 505 5270 ,,---_,,
770 5249 808 5253 --
1021 5249 1130 5276 η,
1171 5249 1183 5272 .
1467 5253 1477 5275 ι

277 5310 317 5336 ⁸³
345 5310 445 5362 lu.
484 5328 609 5369 xu.
650 5310 706 5363 1.
777 5308 1058 5396 "153.133.
1109 5259 1194 5394 ἲς
1236 5249 1477 5355 ᾦαλμιι

1322 5117 1443 5219 τῆν
1457 5121 1740 5184 διάνοιαν,
1757 5117 1838 5169 ὅτι

1265 5179 1299 5224 ν
1322 5179 1403 5219 τἸ
1419 5179 1436 5193 ’
1460 5179 1486 5184 ⁷
1722 5179 1743 5222 ..

1265 5269 1276 5276 .
1347 5250 1369 5276 1
1390 5213 1658 5276 "(05549.
1718 5225 1839 5276 ητις

292 5444 391 5509 (ιη)
427 5447 571 5514 Lege
606 5444 668 5495 S.
709 5441 882 5496 Hieron.
907 5437 1001 5542 5/213"
1392 5478 1614 5567 “um.

1255 5535 1385 5583 ..με

1245 5550 1334 5626 [ι’

1021 5583 1091 5728 οι]
1127 5585 1242 5675 ,ilﬂ

1943 4311 2294 4382 scriptionem
2327 4308 2465 4361 hanc
2494 4321 2603 4360 non
2643 4303 3012 4357 admitterent.

2555 4453 2780 4510 CAPUT
2818 4452 2888 4509 Χ.

2008 4571 2191 4642 Neque
2213 4571 2338 4640 quid
2373 4571 2446 4624 sit
2475 4569 2775 4639 diapsalma
2801 4567 3172 4622 indiseussum
3202 4567 3504 4636 relinquere

1940 4677 2168 4733 Oportet.
2214 4665 2326 4718 lllis
2371 4664 2534 4734 igitur
2568 4662 2662 4731 qui
2705 4676 2805 4716 nos
2850 4669 3280 4722 antecesserunt,
3331 4660 3504 4714 visum

1941 4765 2024 4813 est
2084 4755 2382 4827 diapsalma
2429 4755 2738 4825 signiﬁcare
2778 4752 2864 4806 vel
2913 4751 3271 4806 mutationem
3303 4750 3509 4819 cogita-

1944 4851 2107 4905 tionis
2139 4865 2234 4904 seu
2279 4851 2515 4913 consilii,
2559 4849 2641 4902 vel
2673 4845 3029 4916 personae,vel
3073 4844 3174 4898 rei.
3228 4841 3338 4897 Nos
3385 4857 3511 4896 vero

1944 4937 2164 4992 Patrum
2211 4937 2465 5008 opinione
2503 4951 2609 4990 non
2660 4935 2870 5004 ahjecta
2922 4932 3056 5002 (94),
3095 4947 3201 4984 non
3235 4929 3502 4983 cunctabi-

1947 5045 2068 5082 mur
2097 5029 2298 5097 aliquid
2339 5028 2498 5084 etiam
2536 5044 2600 5081 ex
2634 5027 2790 5081 nobis
2821 5025 2888 5079 de
2921 5022 3168 5078 vocabuli
3216 5021 3386 5090 hujus~
3431 5021 3502 5070 si-

1945 5119 2290 5187 gniﬁcatione
2335 5118 2664 5187 excogitare.
2717 5111 3035 5186 llujusmodi
3073 5113 3236 5180 igitur
3275 5108 3504 5177 quadam

1946 5205 2012 5260 de
2038 5205 2396 5276 diapsalmate
2440 5206 2842 5261 existimatione
2887 5202 3077 5254 imbuti
3130 5213 3336 5259 sumus,
3385 5208 3506 5248 cum
