4018 6334
595 280 702 340 535

1855 291 1913 346 S.
1952 290 2280 350 GREGORII
2318 293 2363 349 Ν
2369 292 2612 352 YSSENI
3693 308 3779 364 536

579 419 762 471 cursu
807 417 912 460 suo
947 412 1003 460 et
1044 403 1260 494 ordine,
1303 406 1606 477 psalmodia
1658 410 2010 480 procedente,
2055 413 2160 468 alia

2263 412 2478 483 ὲγένετο
2511 415 2715 487 μεταξὺ
2746 416 3177 487 προφητεύοντος
3211 414 3303 470 τοῦ
3332 419 3502 485 Δαϐὶδ,
3538 422 3679 496 ἑτέρα
3701 429 3777 482 τοῦ

593 495 840 565 ιιιιωιιιιω
871 494 1014 550 inter
1048 490 1483 567 prophetandum
1510 505 1566 554 et
1595 499 1926 566 Cauendum,
1968 518 2000 556 a
2035 501 2162 573 Spi-

593 588 703 643 ritu
729 597 920 644 sancto
943 587 1262 654 illustratio,
1287 595 1343 644 et
1367 588 1512 644 velut
1542 588 1970 648 additamentum
1998 593 2165 664 quod-

593 679 720 734 dam
751 679 992 736 cmlestis
1020 679 1352 752 cognitionis
1385 680 1613 744 veniret,
1644 681 1712 736 ad
1744 683 2035 738 utilitatem
2066 699 2162 739 eo-

593 786 718 826 rum
762 772 1125 843 quioracula
1182 771 1298 827 haec
1347 773 1625 842 recepturi
1668 782 1847 839 erant,
1902 775 2166 830 cohibens

594 879 748 918 suam
769 879 958 919 Vocem
983 863 1173 928 David,
1197 863 1434 933 spatium
1466 864 1648 918 animo
1673 864 1838 920 dabat
1857 865 2162 935 excipiendi

592 955 962 1026 cognitionem
992 955 1297 1010 crelestium
1328 969 1659 1010 arcanorum
1685 968 1715 1011 a
1746 955 1930 1011 divina
1961 957 2165 1012 illumi-

591 1048 817 1104 natione
843 1047 1090 1102 missam.
1143 1045 1209 1100 Et
1230 1047 1689 1116 quemadmodum
1718 1049 1996 1113 nonnulli,
2031 1047 2163 1103 dum

591 1141 678 1194 vel
710 1139 814 1194 iter
837 1139 1002 1196 simul
1034 1137 1262 1203 faciunt,
1302 1140 1384 1194 vel
1419 1139 1474 1194 in
1505 1140 1775 1197 conviviis
1802 1149 1857 1196 et
1887 1142 2164 1198 conventi-

591 1231 741 1288 tibus
787 1231 951 1287 simul
996 1231 1405 1301 colloquuntur,
1447 1231 1494 1288 si
1541 1248 1608 1288 ex
1659 1233 1956 1303 improviso
1991 1247 2162 1289 sonus

591 1319 860 1390 quispiam
898 1318 965 1374 ad
996 1333 1157 1374 aures
1197 1317 1432 1384 accidat,
1461 1319 1694 1389 abrupto
1723 1334 1997 1384 sermone,
2036 1320 2160 1374 ani-

591 1425 740 1465 mum
775 1417 831 1464 et
867 1409 1254 1479 cogitationem
1282 1407 1348 1462 ad
1377 1409 1672 1464 excitatum
1707 1409 1996 1479 strepitum
2028 1424 2163 1465 con-

590 1508 831 1565 vertunt,
862 1501 1145 1572 otiumque
1177 1499 1580 1570 quodammodo
1613 1513 1710 1571 per
1735 1503 1972 1572 quietem
2009 1502 2160 1558 auri-

589 1593 696 1648 bus
725 1593 1052 1660 largiuntur,
1101 1601 1162 1648 ut
1211 1592 1282 1647 ad
1325 1608 1524 1649 sonum
1556 1609 1624 1649 eo
1672 1596 1945 1652 intensius
1985 1597 2162 1651 inten-

2263 501 2420 576 ἁγίου
2473 508 2789 578 Πνεύματος
2836 506 3134 578 ελλαμψις,;
3173 509 3268 562 καὶ
3309 512 3572 586 προσθήκη
3604 533 3678 580 τις
3706 520 3782 572 τοῦ

2264 599 2406 652 κατά
2434 597 2532 669 τὴν
2551 598 2753 666 γνῶσιν
2785 599 3143 671 χαρίσματος,
3180 600 3266 651 ἐπ’
3298 601 3521 674 ὠφελείᾳ
3551 606 3645 657 τῶν
3661 607 3786 678 sexo.

2265 689 2443 759 μένων
2469 691 2568 760 τὴν
2595 689 2930 760 προφητείαν
2955 705 2968 720 '
3015 690 3230 760 ἐπέχων
3269 692 3454 745 ἑαυτοῦ
3480 694 3571 764 τὴν
3610 699 3788 769 φωνὴν,

2263 781 2456 850 καιρὸν
2483 779 2650 833 ἐδίδου
2680 783 2746 851 τῇ
2778 780 2985 850 διανοίᾳ
3012 779 3264 847 δέξασθαι
3288 781 3394 835 τῶν
3420 786 3679 854 νοημάτων
3705 789 3789 857 τὴν

2261 871 2465 938 γνῶσιν
2495 871 2605 924 τῶν
2646 872 2946 941 γινομένων
2985 873 3043 924 ὲν
3087 872 3236 943 αὐτῷ
3283 874 3428 944 παρά
3447 875 3542 946 τῆς
3565 876 3699 938 θείας
3721 879 3793 931 ὲλς

2263 960 2540 1030 λάμψεως.
2574 962 2684 1015 Καὶ
2723 961 2912 1032 ὥσπερ
2941 962 3197 1025 πολλάκις
3226 963 3364 1026 τινες
3389 964 3420 1034 ἢ
3466 967 3520 1017 ὲν
3553 966 3648 1036 ὁδῷ
3674 985 3796 1037 συμ-Δ

2263 1051 2591 1114 ϐαδίζοντες,
2626 1050 2660 1121 ἢ
2711 1053 2769 1104 ὲν
2813 1051 3133 1120 συμποσίοις
3171 1052 3330 1113 τισὶν,
3369 1053 3401 1122 ἢ
3449 1053 3504 1105 ὲν
3549 1053 3794 1122 συλλόγοις

2265 1145 2382 1214 μετ’
2411 1143 2658 1214 ἀλλήλων
2685 1141 3078 1212 διαλεγόμενοι,
3127 1143 3180 1195 εί
3217 1142 3378 1196 ποθεν
3406 1142 3602 1214 ἀθρόως
3625 1145 3794 1216 ἧχησις

2261 1235 2381 1296 ταῖς
2411 1233 2599 1296 ἀκοαῖς
2633 1233 2948 1304 προσϐάλοι,
2997 1235 3334 1304 παυσάμενοι
3367 1232 3456 1286 τοῦ
3490 1233 3636 1302 λόγου
3677 1235 3795 1305 πρὸς

2260 1324 2354 1378 τὸν
2379 1320 2512 1395 ἦχον
2530 1325 2595 1396 τῇ
2624 1325 2832 1396 διανοίᾳ
2857 1325 3215 1378 συντείνονται
3235 1364 3249 1390 ,
3285 1324 3475 1395 σχολὴν
3502 1326 3798 1395 παρέχοντες

2262 1413 2330 1467 δι’
2363 1413 2590 1484 ἡσυχίας
2620 1419 2688 1485 τῇ
2727 1417 2864 1484 ἀκοῇ
2896 1414 2987 1467 τοῦ
3021 1411 3221 1483 γνῶναι
3253 1414 3347 1467 τοῦ
3393 1415 3520 1485 ήχου
3545 1414 3634 1485 τὴν
3657 1415 3795 1466 δύνα-

2265 1517 2387 1575 μιν,
2416 1501 2535 1558 εἶτα
2559 1506 2911 1576 παυσαμένης
2940 1507 3042 1577 τῆς
3083 1505 3462 1576 προσηκούσης
3495 1507 3682 1574 φωνῆς,
3709 1506 3798 1558 πά-

2262 1597 2345 1650 λιν
2369 1599 2477 1650 τῶν
2495 1597 2630 1668 πρὸς
2655 1597 2919 1668 ἀλλήλους
2938 1596 3149 1667 ἔχονται
3176 1596 3352 1666 λόγων
3371 1613 3384 1625 ·
3411 1597 3575 1660 οὕτως
3596 1598 3622 1649 ό
3648 1597 3798 1666 μέγας

589 1684 742 1748 dant,
776 1684 974 1740 deinde
1001 1684 1192 1741 sedato
1216 1686 1476 1756 strepitu,
1503 1701 1791 1743 sermones
1822 1688 2160 1757 interruptos

2267 1687 2431 1741 Δαϐὶδ
2449 1687 2800 1760 ὑποφητεύων
2826 1686 3122 1759 Πνεύματι,
3144 1687 3237 1742 at:
3265 1689 3475 1758 φθάσας
3505 1684 3798 1759 μεμαθήκει,

587 1785 878 1833 resumuut
907 1795 924 1832 :
963 1776 1045 1832 sic
1077 1785 1132 1831 et
1156 1747 1387 1847 magnus
1411 1747 1580 1832 David
1615 1776 1847 1848 Spiritui
1889 1747 2081 1834 sancto
2103 1779 2158 1834 iu

2266 1777 2463 1850 διεξῄει
2493 1747 2821 1851 τῇμελῳδίᾳ
2841 1797 2856 1812 ·
2885 1747 2986 1832 καί
3005 1780 3060 1833 εί
3075 1747 3126 1832 τι
3158 1747 3362 1850 μεταξὺ
3387 1747 3552 1848 λέγων
3575 1747 3798 1833 επεδιδά·

589 1869 832 1924 oraculis
890 1868 1205 1939 promendis
1255 1869 1632 1934 subserviens,
1687 1887 1809 1941 quae
1870 1870 2157 1936 didicerat,

590 1973 688 2030 per
727 1957 1019 2013 melodiam
1049 1959 1378 2028 explicabat,
1419 1966 1474 2014 et
1514 1960 1563 2014 si
1593 1961 1726 2030 quid
1759 1961 1901 2016 inter
1934 1962 2162 2031 loquen-

589 2049 720 2104 dum
751 2049 1101 2112 edocebatnr,
1150 2050 1353 2105 cedens
1396 2049 1444 2104 ei
1495 2051 1588 2119 qui
1618 2050 1974 2120 spiritualiter
2006 2051 2159 2105 audio

591 2147 707 2192 tum
737 2139 937 2194 mentis
965 2139 1273 2203 insonabat,
1308 2148 1643 2211 cautumque
1674 2143 1898 2206 sistens,
1934 2156 2056 2198 cum
2082 2144 2163 2198 di-

589 2230 736 2286 vinis
773 2231 1202 2302 cogitationibus
1228 2247 1424 2288 rursus
1450 2235 1692 2303 repletus
1713 2241 1881 2300 esset,
1907 2250 2002 2290 eas
2027 2247 2161 2306 pau-

589 2320 789 2388 debat;
813 2333 1182 2392 acceptosque
1213 2338 1502 2380 sermones
1531 2325 1777 2381 melodis!
1802 2333 1858 2381 et
1888 2327 2163 2382 concenti-

587 2413 694 2468 bus
716 2414 833 2470 suis
857 2412 1166 2482 adaptabat.
1196 2413 1294 2469 Est
1330 2415 1498 2486 igitur
1524 2415 1846 2487 diapsalma,
1874 2418 1920 2473 si
1953 2419 2078 2488 quis
2107 2418 2160 2472 id

588 2505 907 2561 delinitione
934 2504 1396 2576 comprehendere
1432 2507 1582 2571 velit,
1613 2509 1850 2563 cessatio
1875 2525 1970 2565 seu
2001 2511 2160 2580 quies

588 2598 882 2669 derepente
918 2598 1061 2654 inter
1089 2598 1428 2668 psallendum
1460 2597 1622 2664 facta,
1674 2600 1741 2655 ad
1792 2602 2157 2672 receptiouent

587 2689 852 2746 divinitus
914 2690 1097 2746 missae
1153 2689 1561 2745 illustrationis.
1621 2690 1718 2746 Vel
1766 2693 1978 2747 rectius
2043 2693 2161 2747 diae

588 2782 799 2852 psalma
847 2780 952 2837 hoc
983 2780 1146 2836 modo
1195 2781 1320 2851 quis
1367 2780 1690 2844 deﬁniverit,
1745 2782 1790 2836 si
1831 2781 1998 2846 dicat,
2040 2791 2162 2838 esse

587 2874 894 2930 doctrinam
937 2889 967 2928 a
999 2872 1207 2944 Spiritu
1241 2881 1436 2928 sancto
1480 2874 1676 2928 animae
1723 2873 1775 2927 in
1825 2875 2042 2930 occulto
2078 2874 2160 2929 iu-

587 2965 873 3034 spiratam,
912 2965 1143 3020 melodia
1176 2979 1273 3034 per
1301 2963 1655 3019 attentionem
1682 2964 1747 3017 ad
1775 2964 1918 3020 hanc
1950 2967 2160 3020 instru-

2265 1887 2451 1935 σκετο,
2488 1871 2704 1941 ὑπέχων
2739 1871 2817 1942 τῷ
2858 1870 3243 1941 πνευματικῶς
3279 1870 3554 1941 ἐνηχοῦντι
3595 1869 3684 1940 τὴν
3713 1871 3801 1938 τῆς

2258 1959 2436 2030 ψυχῆς
2463 1959 2652 2029 ἀκοὴν,
2680 1961 2772 2013 καὶ
2801 1959 3182 2027 κατασιγάζων
3201 1959 3262 2012 τὸ
3305 1959 3483 2029 μέλος,
3509 1956 3578 2012 ὢν
3603 1959 3663 2012 ἂν
3685 1959 3802 2028 πλή-

2263 2063 2362 2121 ρης
2386 2050 2601 2118 ἐγένετο
2636 2051 2941 2120 νοημάτων,
2981 2050 3152 2104 ταῦτα
3203 2050 3407 2121 διεξῄει
3433 2051 3586 2104 πάλιν
3607 2051 3801 2120 ὲνείρων

2257 2143 2326 2212 τῇ
2361 2142 2595 2212 μελῳδίᾳ
2620 2141 2748 2204 τοὺς
2775 2141 2982 2210 λόγους.
3028 2142 3212 2195 Ἔστιν
3237 2137 3334 2196 οὖν
3356 2142 3416 2195 τὸ
3440 2141 3716 2210 διάψαλμα,
3739 2141 3802 2203 ὡς

2256 2229 2326 2285 ἄν
2349 2247 2434 2293 τις
2483 2231 2592 2301 ὅρῳ
2621 2230 2928 2302 περιλαϐὼν
2967 2231 3130 2295 εἴποι,
3161 2231 3364 2302 μεταξὺ
3400 2231 3494 2302 τῆς
3519 2227 3828 2300 ψα).μῳδίας’

2260 2322 2526 2393 γενομένη
2557 2321 2697 2375 κατά
2726 2321 2786 2374 τὸ
2813 2321 3006 2394 ἀθρόον
3030 2323 3396 2394 ὲπηρέμησις,
3417 2322 3545 2392 πρὸς
3569 2319 3800 2388 ὑποδοχὴν

2259 2411 2354 2466 τοῦ
2379 2412 2558 2466 θεόθεν
2593 2412 3010 2485 ὲπικρινομένου
3039 2414 3336 2483 νοήματος.
3370 2413 3438 2465 Ἢ
3461 2412 3593 2465 οἵτω
3628 2409 3800 2481 μᾶλλον

2261 2504 2328 2558 ἄν
2357 2521 2442 2568 τις
2467 2503 2710 2575 ὁρίσαιτο
2739 2503 2800 2557 τὸ
2827 2503 3102 2575 διάψαλμα
3124 2499 3261 2557 εἶναι
3317 2501 3648 2558 διδασκαλίαν
3674 2500 3801 2570 παρά

2260 2595 2354 2648 τοῦ
2392 2595 2701 2665 Πνεύματος
2736 2593 2803 2665 τῇ
2833 2595 2978 2665 ψυχῇ
3021 2593 3241 2647 κατὰτὸ
3286 2596 3585 2668 ἀπόρρητον
3618 2596 3801 2662 ἐγγινο-

2265 2687 2553 2758 μένην,τῆς
2584 2685 2796 2757 περιτο
2820 2685 2997 2756 νόημα
3028 2684 3185 2738 τοῦτο
3207 2685 3485 2755 προσοχῆς
3506 2685 3564 2738 τὸ
3601 2673 3800 2754 συνεχὲς

2261 2779 2360 2848 τῆς
2390 2777 2651 2847 μελῳδίας
2678 2775 3091 2846 ὲπικοπτούσης.
3153 2778 3239 2841 Ὠς
3279 2777 3326 2830 δ’
3353 2777 3418 2831 ἂν
3459 2776 3530 2847 μὴ
3556 2772 3800 2844 νομισθείη

2260 2871 2372 2935 τοῖς
2402 2867 2612 2930 πολλοῖς
2638 2871 2859 2939 σημεῖον
2889 2867 3132 2935 γίνεσθαι
3176 2868 3279 2939 τὴν
3313 2867 3521 2938 σιωπὴν
3541 2864 3627 2918 τοῦ
3650 2863 3802 2916 ὲπιλε·

2260 2959 2504 3013 λοιπέναι
2532 2958 2621 3011 τὸν
2647 2957 3055 3028 προφητεύοντα
3081 2959 3184 3028 τὴν
3215 2959 3317 3011 τοῦ
3346 2959 3499 3025 ἀγίου
3524 2957 3804 3024 Πνεύματος

588 3059 826 3113 etioan
860 3056 1185 3126 interrupta,
1237 3063 1298 3110 ut
1333 3057 1611 3111 silentium
1643 3057 1746 3111 hoc
1768 3056 1983 3112 dederit
2017 3057 2158 3110 mul-

2262 3052 2486 3123 δύναμιν
2505 3093 2519 3116 ,
2557 3049 2744 3103 τούτου
2771 3050 2930 3120 χάριν
2955 3050 3097 3112 τινὲς
3127 3051 3235 3102 τῶν
3284 3051 3564 3122 ἑρμηνέων
3591 3047 3699 3102 ἀντί
3726 3041 3805 3098 τοῦ

588 3146 661 3202 tis
707 3145 1056 3201 occasionem
1095 3143 1471 3210 existimandi,
1518 3145 1840 3215 prophetam
1884 3161 1914 3199 a
1960 3145 2160 3201 virtute

2262 3143 2620 3213 διαψάλματος
2643 3142 2704 3194 τὸ
2735 3161 2751 3190 ι
2775 3142 2886 3194 Ἀεὶ
2911 3160 2931 3193 s
2964 3143 3078 3204 τοῖς
3133 3140 3489 3212 διαλείμμασι
3521 3140 3712 3200 τούτοις
3738 3137 3807 3202 ὲγο

591 3233 829 3306 Spiritus
858 3235 1033 3290 sancti
1059 3235 1382 3290 destitutum
1412 3234 1605 3292 fuisse.
1638 3237 1906 3302 Quocirca
1936 3235 2158 3306 quidam

587 3329 921 3397 interpretes
965 3325 1086 3380 loco
1125 3325 1500 3394 diapsalmatis
1539 3327 1823 3382 ascribunt
1849 3326 2160 3396 huiusmodi

588 3415 917 3479 intervallis,
944 3429 1040 3471 seu
1071 3414 1263 3484 spatiis
1291 3415 1638 3480 vocabulum,
1682 3434 1701 3467 ι
1741 3417 1986 3486 Semper,
2030 3433 2049 3467 ι
2103 3422 2162 3470 ιιι

587 3522 654 3564 ex
697 3508 800 3564 hoc
844 3506 1145 3572 discamus,
1194 3505 1357 3561 istam
1398 3521 1428 3559 a
1467 3507 1676 3578 Spiritu
1725 3517 1918 3564 sancto
1963 3509 2159 3562 anima!

588 3601 894 3657 immissam
934 3598 1237 3654 doctrinam
1269 3612 1484 3668 seraper
1511 3599 1817 3664 exstitisse;
1853 3610 2157 3654 sermonem

587 3706 722 3748 vero
746 3691 844 3761 qui
871 3689 1032 3746 nobis
1066 3688 1310 3759 explicat
1343 3702 1505 3744 sensa
1531 3687 1802 3744 divinitus
1831 3690 2029 3743 animae
2060 3688 2163 3741 im-

587 3793 801 3852 pressa,
842 3795 952 3835 non
992 3792 1210 3848 semper
1237 3776 1428 3832 fuisse.
1474 3777 1742 3832 Caeterum
1783 3778 1980 3842 partim
2035 3776 2157 3846 qui-

587 3874 712 3928 dem
761 3871 958 3926 mentis
1007 3884 1169 3926 sensa
1209 3867 1478 3939 propheta
1535 3867 1915 3938 eloquebatur,
1966 3866 2159 3936 partim

589 3959 696 4012 alia
730 3957 947 4012 coalitus
974 3955 1301 4025 excipiebat.
1337 3954 1618 4021 Quatenus
1647 3957 1814 4027 igitur
1840 3955 2110 4012 ell‘abatur
2131 3969 2160 4007 a

591 4049 702 4105 Deo
727 4049 1025 4119 impressas
1051 4049 1157 4104 sibi
1188 4049 1467 4112 netiones.
1495 4050 1830 4119 procedebat
1853 4065 1961 4104 non
2001 4048 2258 4104 intercisa
2304 4052 2446 4104 serie
2477 4050 2810 4120 psalmodia;

2257 3233 2575 3304 γράφουσιν⁸
2621 3231 2707 3292 Ὠς
2758 3230 2825 3284 διν
2878 3230 2965 3283 διὰ
3021 3231 3210 3284 τούτου
3242 3233 3531 3303 μάθοιμεν,
3560 3230 3690 3298 aut;
3727 3226 3808 3296 μὲν

2259 3320 2415 3392 ’παρά
2458 3319 2550 3372 τοῦ
2599 3320 2755 3387 άγίου
2790 3319 3103 3390 Πνεύματος
3147 3321 3206 3373 ἐν
3249 3325 3322 3394 τῇ
3351 3322 3492 3392 ψυχῇ
3527 3316 3807 3374 διδασκαλία

2257 3412 2485 3465 πάντοτε
2518 3405 2585 3480 ἦν
2609 3426 2622 3440 ·
2671 3412 2700 3462 ό
2727 3409 2783 3462 δὲ
2831 3410 3147 3481 ἑρμηνεύων
3192 3411 3263 3465 τὰ
3313 3412 3630 3482 ὲγγινόμενα
3652 3406 3810 3462 θεόθεν

2258 3499 2325 3572 τῇ
2359 3501 2504 3572 ψυχῇ
2531 3501 2774 3571 νοήματα
2806 3500 2979 3568 λόγος,
3007 3503 3066 3554 ού
3093 3503 3328 3558 πάντοτε
3352 3501 3438 3576 ἦν’
3476 3502 3604 3556 ἀλλά
3642 3500 3697 3552 τὸ
3728 3497 3810 3566 μὲν

2260 3591 2517 3660 ὲξεφώνει
2545 3592 2644 3662 τῆς
2693 3590 2962 3654 διανοίας,
3003 3591 3066 3644 τὸ
3099 3593 3154 3645 δὲ
3190 3594 3504 3664 ὑπεδέχετο.
3551 3592 3632 3644 Ἐν
3656 3582 3696 3657 ᾧ
3730 3586 3811 3656 μὲν

2262 3679 2354 3737 οὖν
2386 3681 2677 3752 ἐξηγόρευε
2719 3681 2788 3735 τὰ
2825 3681 3199 3735 ὲντυπωθέντα
3227 3687 3301 3755 τῇ
3329 3682 3533 3753 διανοίᾳ
3575 3681 3808 3749 νοήματα.

2264 3767 2492 3840 προσῄει
2513 3768 2576 3822 δι’
2613 3767 2905 3822 ἀκολούθου
2936 3770 2969 3838 ή
2991 3769 3309 3840 ψαλμῳδία·
3350 3773 3402 3823 εί
3423 3770 3479 3824 δέ
3502 3787 3552 3822 τι
3580 3767 3678 3820 τῶν
3701 3764 3812 3814 θειο-

2260 3863 2434 3932 τέρων
2459 3859 2624 3913 αὐτοῦ
2655 3859 2752 3930 τὴν
2774 3861 2872 3930 τῆς
2903 3861 3080 3930 ψυχῆς
3122 3861 3300 3932 ἀκοὴν
3341 3861 3686 3931 περιήχησεν,
3713 3851 3810 3911 ὅλος

2263 3955 2364 4026 τῆς
2385 3956 2699 4027 ἀκροάσεως
2726 3952 2814 4026 ἦν,
2845 3956 3223 4023 κατασιγάζων
3252 3957 3317 4010 τὸ
3342 3956 3520 4028 μέλος.

2894 4052 2939 4106 si
2980 4051 3106 4121 quid
3160 4066 3295 4105 vero
3355 4067 3420 4105 ex
3487 4042 3816 4104 diriuiuribus

589 4145 757 4201 rebus
799 4143 1046 4199 auditum
1081 4142 1284 4200 mentis
1327 4141 1784 4210 circumsonaret,
1825 4153 1996 4198 totum
2072 4159 2192 4199 sese
2231 4147 2298 4202 ad
2329 4144 2751 4200 auscultandum
2788 4145 3162 4213 comparabat,
3199 4145 3523 4198 intermisso
3584 4147 3753 4195 cantu.

660 4238 720 4295 Si
749 4237 936 4308 igitur,
978 4234 1186 4304 Spiritu
1217 4244 1409 4291 sancto
1438 4237 1602 4292 etiam
1631 4237 1752 4306 ipso
1777 4237 1979 4292 silentii
2018 4246 2156 4294 tem-

590 4343 724 4399 pore
753 4329 810 4382 in
853 4341 922 4382 eo
954 4329 1228 4395 loquente,
1266 4324 1443 4380 oratio
1479 4324 1639 4394 quasi
1686 4325 2034 4380 intervallum
2066 4328 2163 4381 ha-

589 4421 758 4476 bebat
802 4416 1172 4488 (intervallum
1221 4424 1404 4472 autem
1452 4415 1523 4470 ab
1563 4415 1954 4486 interpretibus
1986 4420 2159 4473 uomi-

2345 4241 2456 4294 Ἀεὶ
2475 4238 2651 4292 τοίνυν
2693 4236 2788 4290 τοῦ
2818 4236 2972 4305 ἁγίου
2990 4235 3308 4307 Πνεύματος
3330 4239 3426 4292 καί
3457 4235 3603 4305 παρὰ
3627 4232 3711 4288 τὸν
3737 4233 3813 4299 τῆς

2265 4331 2478 4401 σιωπῆς
2511 4329 2702 4400 καιρὸν
2735 4331 2791 4380 ἐν
2837 4328 2984 4398 αὐτῷ
3020 4329 3314 4393 λαλοῦντος
3334 4369 3348 4393 ,
3392 4331 3421 4382 ὁ
3451 4328 3603 4395 λόγος
3641 4326 3692 4377 έν
3717 4322 3813 4374 δια-

2264 4422 2556 4494 λείμμασιν
2595 4416 2662 4492 ἦν
2698 4418 2791 4487 (τὸ
2823 4419 2879 4471 δὲ
2915 4419 3210 4489 διάλειμμα
3247 4419 3403 4490 παρά
3442 4418 3550 4470 τῶν
3583 4419 3820 4486 ἑρμηνευ-

591 4519 780 4566 uatum
805 4518 891 4566 est
941 4527 961 4562 ι
993 4509 1294 4581 diapsalma
1332 4511 1400 4580 ι),
1433 4509 1744 4580 divisioque
1783 4511 1950 4566 totius
1990 4511 2152 4582 hujus

2266 4517 2472 4571 σάντων
2520 4512 2810 4583 ὠνομάσθη
2857 4510 3330 4580 διάψαλμαΓτῆς
3373 4511 3433 4564 δὲ
3485 4503 3814 4578 θεωρηθείσης

593 4603 716 4658 libri
745 4603 798 4656 in
833 4601 1078 4672 quinque
1105 4611 1285 4672 partes
1323 4602 1603 4658 distributi
1645 4609 1793 4657 recte
1826 4617 1856 4655 a
1886 4603 2046 4659 nobis
2077 4605 2162 4658 in-

593 4692 785 4750 stituta
818 4701 924 4757 est,
959 4691 1147 4747 licebit
1177 4706 1310 4746 sane
1340 4707 1407 4745 ex
1440 4691 1525 4746 his
1553 4691 1718 4747 etiam
1763 4691 2161 4760 demonstrare,

588 4793 776 4837 veram
815 4795 940 4836 esse
971 4785 1235 4835 rationem
1271 4793 1434 4850 quam
1462 4781 1743 4848 dedimus;
1765 4782 1909 4852 quod
1933 4784 2165 4850 scilicet,

590 4875 752 4945 quasi
785 4872 1196 4927 iutroductioue
1223 4871 1457 4942 quadam
1489 4883 1708 4943 semper
1753 4875 1818 4928 ad
1847 4876 2168 4931 sublimiora

585 4979 691 5037 per
709 4965 1010 5036 quamlibet
1034 4965 1333 5020 sectionem
1375 4965 1627 5032 ducatur,
1665 4966 1981 5037 quicunque
2021 4969 2168 5038 psal-

597 5069 810 5112 morum
861 5054 1126 5126 auspiciis
1187 5055 1256 5109 ad
1306 5055 1702 5126 perfectionem
1767 5059 1982 5112 nititur.
2039 5058 2166 5113 Sola

594 5149 743 5204 enim
779 5149 972 5204 ultima
1007 5151 1344 5220 psalmorum
1384 5149 1555 5204 sectio
1580 5150 1653 5204 ab
1694 5150 1851 5205 initio
1891 5167 2064 5223 usque
2098 5153 2164 5207 ad

592 5240 757 5296 ﬁnem
806 5240 1122 5297 centinuatu
1176 5241 1471 5310 quamdam
1525 5249 1580 5296 ct
1632 5256 1742 5296 non
1799 5241 2161 5314 interruptam

591 5332 947 5404 ‘hymnodiam
976 5332 1240 5395 continet,
1287 5341 1343 5387 et
1381 5347 1648 5402 nusquam
1685 5331 2043 5404 diapsalmate
2086 5333 2168 5389 iu-

593 5426 873 5489 tercisam,
907 5431 968 5478 ut
1000 5424 1183 5479 videre
1201 5432 1293 5478 cst
1327 5423 1379 5478 in
1425 5425 1680 5479 omnibus
1713 5425 2004 5496 graduum,
2047 5437 2168 5496 qua;

598 5523 796 5571 vocant
835 5516 1089 5579 canticis,
1123 5523 1176 5570 et
1220 5516 1273 5569 in
1307 5515 1394 5578 iis,
1444 5532 1679 5586 quorum
1730 5518 2016 5587 inscriptio
2064 5525 2170 5581 est,

606 5626 625 5654 s
649 5606 892 5663 Alleluia.
929 5626 947 5659 ι
982 5606 1305 5662 Ostenditur
1341 5607 1510 5672 enim,
1541 5616 1601 5660 ut
1632 5607 1888 5671 arbitror,
1934 5609 2036 5662 hac
2076 5609 2173 5662 ob-

602 5699 932 5767 servatione,
970 5699 1024 5754 in
1055 5699 1177 5754 aliis
1209 5698 1449 5769 quidem,
1489 5707 1547 5752 ut
1581 5697 1952 5765 inferioribus,
1991 5700 2169 5775 locum

2269 4612 2398 4681 ήμῖν
2437 4606 2751 4677 διαιρέσεως
2795 4605 2853 4656 ὲν
2888 4605 3035 4676 πάσῃ
3082 4605 3148 4675 τῇ
3193 4604 3365 4675 βίϐλῳ
3408 4603 3509 4673 τῆς
3535 4595 3812 4670 ψαλμῳδίας

2269 4696 2411 4772 [τῆς]
2441 4697 2678 4767 πενταχῆ
2707 4695 3062 4768 διῃρημένης,
3084 4695 3309 4748 δυνατόν
3325 4698 3443 4750 ἐστι
3463 4695 3556 4747 καὶ
3574 4688 3814 4745 ἐκτούτωγ

2260 4787 2436 4858 ἀληθῆ
2467 4787 2568 4857 τὴν
2617 4784 2798 4837 αἰτίαν
2846 4782 3251 4853 ἀποδειχθῆναι,
3295 4786 3363 4855 ἣν
3409 4784 3716 4853 ὲνοήσαμεν.
3750 4775 3815 4825 ὅτι

2261 4879 2350 4933 διά
2391 4894 2537 4940 τινος
2585 4875 2953 4948 προσαγωγῆς
2984 4875 3070 4928 ἀεὶ
3113 4877 3250 4944 πρὸς
3301 4875 3363 4928 τὸ
3418 4874 3731 4944 ὑψηλότερον
3761 4861 3812 4914 δέ

2263 4967 2494 5024 ἑκάστου
2533 4968 2642 5022 τῶν
2687 4968 2990 5038 τμημάτων
3038 4969 3467 5038 χειραγωγεῖται
3509 4967 3536 5019 ὁ
3580 4961 3643 5014 δι’
3681 4952 3818 5011 αὑτὸν

2256 5060 2646 5132 ’ὁδηγούμενοί
2680 5058 2857 5116 Μόνον
2897 5060 3007 5131 γὰρ
3053 5059 3370 5113 τελευταῖον
3403 5058 3510 5110 τῶν
3549 5049 3819 5124 τμημάτων

2268 5155 2363 5210 ἀπ’
2407 5153 2584 5224 ἀρχῆς
2621 5154 2699 5215 εις
2725 5151 2874 5213 τέλος
2914 5152 3000 5220 ἐφ’
3031 5149 3262 5203 ἑκάστου
3297 5145 3517 5218 ψαλμοῦ
3563 5137 3742 5208 συνεχῆ
3769 5146 3818 5182 τε

2271 5247 2364 5301 καὶ
2393 5245 2754 5299 ἀδιάσπαστον
2773 5241 2872 5312 τὴν
2902 5241 3172 5310 ὑμνῳδίαν
3197 5239 3334 5308 ἔχει.
3362 5233 3596 5305 οὐδαμοῦ
3613 5233 3818 5296 anew

2275 5336 2442 5407 μένην
2471 5334 2548 5405 τῷ
2594 5332 2942 5403 διαψάλματι.
3002 5331 3076 5384 ’Ἡ
3107 5349 3164 5384 τε
3194 5331 3305 5402 γάρ
3336 5330 3422 5398 ἐφ’
3463 5313 3820 5418 ὲκάστουξιξιν

2270 5425 2602 5496 ἀναϐαθμῶν
2646 5424 2756 5494 ᾠδὴ
2815 5421 3002 5476 τοῦτον
3057 5421 3169 5491 ἔχει
3213 5420 3307 5473 τὸν
3357 5418 3584 5492 τρόπον,
3634 5410 3719 5463 καὶ

2273 5492 2550 5583 amputet,
2580 5492 2694 5564 ἐστι
2725 5492 2787 5564 τὸ
2817 5530 2834 5561 ι
2870 5510 3203 5581 Ἀλληλούῒα.
3234 5530 3251 5560 ο
3286 5509 3572 5562 Δείκνυται
3596 5499 3715 5568 γὰρ.
3755 5492 3821 5552 ὡς

2271 5600 2447 5674 οἶμαι,
2493 5603 2580 5656 διὰ
2619 5602 2717 5672 τῆς
2758 5600 3012 5671 τοιαύτης
3045 5604 3505 5670 παρατηρήσεως,
3539 5599 3618 5650 ὅτι
3649 5595 3702 5644 ὲν
3734 5584 3820 5655 μὲν

2271 5699 2380 5760 τοῖς
2415 5695 2622 5759 ἄλλοις,
2680 5696 2771 5748 an
2815 5694 2878 5764 δὴ
2926 5694 3247 5764 κατωτέροις
3292 5687 3432 5752 οὖσι,
3465 5686 3640 5758 χώραν
3666 5681 3763 5752 ἔχει
3797 5675 3820 5724 ὁ
