4018 6334
321 122 405 180 557
1692 128 1762 184 ΙΝ
1801 128 1850 184 P1

1955 130 2136 188 JMOS.

3441 141 3545 198 538

322 239 376 291 τὰ
397 235 690 307 ὑψηλότερα
733 237 1144 296 ὲπεκδιδάσκων
1193 245 1288 315 νοή
1297 260 1442 315 ματα
1458 283 1474 309 ,
1523 244 1619 300 καὶ
1671 246 1850 316 μεταξί

1975 248 2176 304 habere
2203 247 2298 318 qui
2334 246 2656 302 sublimiora
2689 247 2937 313 edoceat,
2970 264 3355 321 sermonisque
3384 253 3545 308 seriei

319 329 626 402 παρενείρων
663 333 732 402 τῇ
767 331 1059 405 ἀκολουθίᾳ
1108 335 1203 389 τοῦ
1253 336 1413 405 λόγου
1469 337 1580 390 τῶν
1621 337 1760 408 πρὸς
1805 337 1868 390 τὸ

320 421 532 491 κρεῖττον
573 419 892 492 δυναμένων
926 424 1221 494 ἀναγαγεῖν
1257 426 1359 497 τὴν
1381 427 1636 482 διάνοιαν.
1706 427 1772 480 Ἦ
1810 427 1867 481 δὲ

313 510 385 564 διὰ
396 509 493 564 τῶν
519 528 540 562 ι
563 512 920 583 Ἀνασαθμῶν
946 533 967 568 t
1006 515 1306 584 τελείωσις,
1341 519 1436 572 καὶ
1463 513 1544 581 οἷς
1573 519 1863 590 προγραφή

312 601 408 654 ἐστι
439 600 498 654 τὸ
535 622 555 654 ι
596 603 911 676 ’Δλληλούϊα
928 646 944 671 ,
979 625 1002 660 ν
1039 607 1137 661 ἅτε
1163 607 1229 679 δὴ
1268 609 1363 662 τοῦ
1402 609 1704 681 ἀκροτάτου
1757 610 1864 664 τῶν

314 694 423 766 πρὸς
461 695 526 748 τὸ
575 697 780 766 ἀγαθὸν
807 701 1116 770 νοουμένων
1152 700 1526 772 ἐπειλημμένη
1549 743 1562 767 ,
1609 702 1864 773 οὐδεμιᾶς

308 787 602 859 προσθήκης
626 789 774 842 ἐστὶν
791 790 1028 861 ἐπιδεὴς,
1046 791 1184 861 αὑτὴ
1205 792 1262 844 ἐν
1283 792 1449 862 ἑαυτῇ
1474 792 1561 844 διὰ
1579 793 1758 864 πάσης
1774 811 1867 848 κα-

313 877 624 948 τηρτισμένη
646 879 746 948 τῆς
761 879 821 933 ἐν
844 880 923 950 τῷ
941 880 1130 952 ἁγαθῷ
1149 880 1483 948 τελειώσεως
1500 899 1514 912 ·
1536 883 1674 954 ὅπερ
1688 884 1752 955 δὴ
1769 886 1865 939 καὶ⁸

302 968 330 1036 ἠ
344 966 538 1020 διάνοια
557 969 869 1040 ἐπιγραφῆς
881 971 972 1024 ἐπὶ
986 971 1190 1026 τούτων
1208 971 1715 1044 μαρτύρεται,αἶνον
1729 976 1862 1029 Θεοῦ

302 1057 353 1109 τὺ
380 1057 930 1129 ὑπερκείμενωζᾶπαν
953 1062 1414 1134 κατονομάζουσα.
1445 1066 1654 1137 Ὠσπερ
1683 1067 1790 1139 γὰρ
1827 1070 1860 1140 ἡ

301 1147 422 1200 κατὰ
447 1147 550 1212 τὰς
571 1149 787 1220 ἡλικίας
825 1152 936 1206 τῶν
968 1155 1238 1225 σωμάτων
1277 1156 1557 1228 ἁναδρομὴ
1587 1159 1712 1229 ὅρον
1746 1159 1859 1230 ἔχει

300 1237 352 1289 τὺ
365 1239 452 1307 τῆς
469 1239 690 1307 φύσεως
705 1244 990 1314 στάσιμον,
1009 1246 1126 1316 μεθ’
1145 1245 1283 1318 ὃτὴν
1308 1249 1399 1300 ἐπὶ
1415 1249 1477 1301 τὸ
1493 1249 1676 1319 μεῖζον
1701 1269 1864 1323 προσο

298 1329 452 1400 θήκην
477 1333 542 1385 οὐ
580 1334 970 1404 παραδέχεται,
1005 1337 1118 1390 ἀλλ’
1147 1341 1207 1392 ἐν
1239 1339 1416 1408 ἐαυτῷ
1446 1340 1690 1411 διαμένει
1723 1343 1860 1414 πρὸς

299 1421 451 1476 πάντα
485 1424 585 1477 τὸν
627 1426 922 1480 ὑπόλοιπον
971 1429 1190 1499 χρόνον
1224 1429 1399 1494 οὕτως
1447 1434 1566 1486 ἐστὶ
1621 1435 1714 1486 καὶ
1751 1435 1861 1489 τῶν

296 1511 434 1566 θείων
457 1514 810 1586 διδᾳγμάτων
833 1518 1062 1589 αὔξησίς
1089 1537 1149 1573 τε
1181 1523 1274 1575 καὶ
1299 1523 1509 1591 στάσις,
1536 1525 1603 1577 δι’
1638 1519 1713 1577 ὧν
1733 1525 1859 1590 τούς

1973 347 2028 394 et
2059 337 2242 394 ordini
2271 337 2568 407 interjiciat
2592 354 2657 392 ea
2688 354 2808 407 qua:
2834 351 3068 395 mentem
3100 342 3169 396 ad
3193 344 3416 397 meliora
3445 345 3547 399 ele-

1973 444 2103 485 vare
2132 440 2186 486 et
2219 430 2524 486 subducere
2575 439 2825 500 possunt.
2879 432 2948 484 At
2980 448 3107 487 vero
3150 452 3168 486 ι
3208 433 3484 488 Gt‘aduttnt
3518 453 3538 486 ι

1972 521 2456 585 consummationi,
2489 529 2545 576 et
2590 521 2793 591 quibus
2836 540 2858 573 ι
2890 523 3142 588 Alleluia,
3183 545 3201 575 ι
3240 527 3543 595 praescribi—

1971 617 2084 674 tur,
2119 619 2379 680 tanquam
2429 613 2495 666 ad
2533 627 2808 666 summum
2849 614 3092 668 omnium
3137 614 3401 670 bonorum
3430 623 3544 672 cul-

1971 718 2094 757 nten
2136 703 2250 772 jam
2287 706 2614 774 progressis,
2651 707 2804 760 nullo
2838 706 3211 762 additamento
3257 725 3394 778 opus
3434 719 3539 770 est,

1970 794 2118 848 velut
2155 794 2210 846 in
2243 795 2573 864 seipsisjam
2603 798 2752 850 onmi
2782 797 3050 851 bonorum
3091 799 3249 866 copia
3287 799 3543 868 perfectis

1969 892 2023 940 et
2045 885 2313 940 absolutis
2338 905 2353 939 :
2379 887 2524 956 quod
2556 898 2608 942 et
2638 892 2753 957 ipse
2777 903 2975 944 sensus
2998 890 3390 960 inscriptionis,
3421 907 3543 961 quas

1971 973 2056 1029 bis
2089 976 2410 1045 praeligitttr,
2444 978 2666 1045 planum
2712 977 2864 1044 facit,
2904 994 3031 1034 cum
3073 989 3246 1034 totum
3280 982 3423 1050 quod
3455 999 3542 1036 se-

1969 1065 2177 1134 quitur,
2210 1065 2427 1120 laudent
2469 1066 2562 1121 Dei
2595 1068 2859 1123 nominat.
2896 1069 3364 1135 Quemadmodum
3393 1075 3539 1127 cuitu

1967 1172 2258 1226 corporum
2295 1174 2393 1228 per
2425 1167 2612 1215 aetates
2651 1161 3049 1217 incrementum
3087 1165 3380 1218 terminum
3429 1173 3541 1220 sta-

1968 1249 2128 1303 bilem
2157 1264 2188 1303 s
2212 1257 2405 1304 natura
2432 1253 2796 1320 praastitutum
2823 1252 3007 1317 habet,
3036 1264 3159 1323 post
3184 1271 3346 1325 quem
3374 1256 3542 1324 majo-

1966 1338 2045 1392 ris
2073 1342 2348 1408 augmenti
2379 1355 2484 1394 non
2521 1349 2606 1395 est
2635 1342 2869 1411 amplius
2902 1358 3095 1412 capax,
3128 1345 3222 1399 sed
3249 1352 3364 1397 toto
3391 1345 3540 1399 inse-

1963 1431 2152 1498 quenti
2177 1439 2425 1499 tempore
2451 1432 2504 1484 itt
2540 1432 2730 1486 eodem
2759 1441 2903 1488 Statu
2939 1445 3141 1490 manet:
3174 1436 3254 1490 sic
3275 1437 3440 1490 etiam
3467 1436 3544 1489 di-

1968 1522 2110 1575 vina:
2134 1521 2398 1577 doctrinm
2428 1533 2480 1577 et
2528 1523 2889 1580 institutionis
2930 1525 3321 1581 incrementum
3362 1528 3539 1596 quod-

295 1621 343 1657 τε
367 1606 655 1676 νηπιώδεις
684 1609 776 1662 καὶ
807 1610 1014 1675 ἀτελεῖς
1059 1613 1159 1684 τὴν
1186 1614 1423 1668 διάνοιαν
1447 1617 1568 1678 ταῖς
1590 1617 1850 1687 καταλλή-

1969 1610 2093 1666 dam
2133 1621 2217 1667 est
2249 1622 2304 1667 et
2335 1622 2533 1668 status.
2581 1613 2818 1671 Infantes
2862 1617 3006 1670 enim
3054 1619 3232 1673 adhuc
3272 1627 3326 1673 et
3355 1619 3537 1674 animo

294 1692 387 1758 λοις
409 1701 642 1768 τροφαῖς
666 1698 1048 1771 τιθηνουμένη,
1097 1703 1187 1758 διὰ
1211 1705 1485 1774 γάλακτός
1513 1723 1572 1758 τε
1611 1708 1705 1786 καὶ
1746 1707 1856 1761 τῶν

293 1787 544 1854 τοιούτων,
580 1791 677 1844 καὶ
705 1794 784 1856 είς
826 1792 1053 1864 αὔξησιν
1082 1795 1229 1863 ἄγει,
1252 1798 1346 1850 καὶ
1371 1800 1482 1861 τοῖς
1513 1799 1613 1869 ἤδη
1630 1798 1857 1863 τελείοις

293 1881 375 1950 τὴν
394 1881 627 1952 στερεὰν
658 1885 945 1956 προτίθησι
963 1886 1265 1958 τράπεζαν,
1298 1891 1413 1953 τοίς
1440 1889 1528 1944 διὰ
1545 1889 1655 1942 τῶν
1682 1889 1857 1944 ἄλλων

293 1972 612 2044 μαθημάτων
626 1977 1094 2047 προγυμνασθεῖσι
1109 1978 1177 2033 τὰ
1190 1979 1290 2051 τῆς
1305 1980 1482 2052 ψυχῆς
1505 1981 1851 2054 αἰσθητήρια.

343 2155 541 2211 οὐκοῦν
557 2155 632 2210 τὺ
655 2155 909 2227 μηδαμοῦ
933 2158 1120 2230 χρείαν
1139 2159 1417 2228 γενέσθαι,
1441 2158 1584 2213 κατὰ
1607 2159 1668 2212 τὸ
1694 2159 1856 2230 ἐσχα-

290 2265 364 2301 τον
387 2246 604 2314 τμῆμα,
631 2247 729 2302 τοῦ
776 2249 835 2301 ἐν
881 2248 1216 2321 διαψάλματι
1265 2251 1374 2304 τῶν
1421 2251 1768 2322 ὑψηλοτέρων
1799 2266 1853 2303 τι

287 2338 549 2406 νοημάτων
560 2337 954 2408 ἐκδιδαχθῆναι
975 2339 1066 2394 τὸν
1092 2341 1376 2411 ὑποφήτην
1396 2341 1490 2394 τοῦ
1514 2341 1848 2412 Πνεῦματος,

287 2429 434 2498 σαφὲς
455 2428 522 2484 ἂν
549 2430 650 2499 εἴη
675 2432 974 2503 τεκμήριον
1006 2431 1098 2485 τὸν
1126 2433 1254 2503 περὶ
1281 2433 1470 2486 τούτου
1497 2432 1652 2500 λόγον
1683 2451 1852 2486 κατα-

281 2519 467 2590 νοῆσαι,
499 2520 820 2592 προσθέντα
843 2521 1026 2574 ἐκεῖνα
1054 2522 1153 2592 τῆς
1173 2522 1493 2592 ψαλμῳδίας
1517 2523 1586 2575 τὰ
1613 2523 1755 2594 μέρη
1783 2523 1853 2576 τὰ

281 2610 628 2682 διεσταλμένα
670 2611 750 2683 τῷ
786 2611 1136 2684 διαψάλματι.
1189 2614 1277 2667 Ἐν
1304 2612 1382 2684 τῷ
1415 2613 1525 2683 γὰρ
1558 2597 1728 2684 τρίτῳ
1752 2613 1851 2683 τὴν

276 2703 553 2772 γενομένην
599 2704 670 2756 ἐκ
714 2703 813 2774 τῆς
846 2702 954 2756 τῶν
989 2703 1200 2774 ἐχθρῶν
1243 2705 1661 2767 ἐπαναστάσεως
1701 2702 1850 2774 αὐτῷ

278 2796 483 2862 συνοχήν
505 2812 569 2848 τι
603 2794 705 2847 καὶ
737 2793 1046 2864 ἀμηχανίαν
1074 2792 1374 2866 προειπὼν,
1400 2790 1518 2846 εἶτα
1544 2793 1848 2856 διαστείλας

267 2884 320 2936 τὸ
345 2886 503 2955 μέρος
525 2885 620 2956 τῷ
644 2885 996 2956 ansatum,
1038 2885 1137 2957 τὴν
1189 2887 1454 2957 σωτήριον
1482 2885 1697 2956 ἐκείνην
1728 2902 1846 2954 φω-

269 2952 355 3045 νὴν
399 2952 789 3049 ἐπιθαρσήσας
950 2952 1182 3031 κατὰ-τὸ
1223 2952 1531 3048 ἀπόρρητον
1571 2952 1848 3046 assus»-
1875 2952 1917 3009 θ

263 3067 534 3138 νικήσαντι,
568 3069 668 3122 ὅτι
709 3085 728 3118 ε
766 3067 838 3120 Σὺ
869 3068 946 3131 δὲ,
978 3066 1148 3137 Κύριε
1169 3106 1184 3128 ,
1213 3066 1562 3137 ἀντιλήπτωρ
1620 3084 1719 3135 μου
1774 3060 1843 3124 εἴ,

259 3159 374 3224 δόξα
421 3178 549 3230 μου,
569 3159 680 3215 καὶ
725 3158 876 3230 ὑψῶν
911 3159 1010 3230 τὴν
1043 3158 1286 3228 κεφαλήν
1329 3173 1452 3228 μου·
1495 3177 1513 3208 t
1573 3156 1736 3210 πάλιν
1787 3157 1845 3208 ἐν

252 3248 600 3322 διαλείμματι
639 3249 736 3321 τὴν
770 3248 1037 3319 μελῳδίαν
1077 3248 1339 3317 ποιήσας,
1383 3249 1520 3316 μετὰ
1559 3245 1656 3315 τὴν
1685 3247 1848 3315 εὐχά-

255 3358 424 3411 ριστον
458 3343 697 3412 ἐκείνην
740 3342 925 3411 φωνὴν
963 3339 1029 3409 ἢν
1072 3337 1362 3408 πεποίηται
1390 3336 1585 3402 λείων
1638 3355 1656 3385 ι
1688 3337 1844 3406 Φωνῇ

242 3451 339 3505 μου
365 3434 512 3505 πρὸς
546 3431 772 3504 Κύριον
817 3431 1128 3501 ἐκέκραξα,
1174 3430 1270 3484 καὶ
1314 3428 1588 3500 ἐπήκουσέ
1642 3445 1744 3499 μου
1786 3430 1845 3496 ἐξ

237 3527 386 3597 ὅρους
414 3527 589 3596 ἁγίου
618 3523 816 3578 αὐτοῦ·
852 3541 872 3574 t
906 3522 1214 3575 διδάσκεται
1231 3520 1321 3584 ’τίς
1355 3523 1472 3575 ἐστι
1519 3521 1618 3590 τῆς
1657 3521 1846 3590 κοινῆς

236 3618 336 3671 τῶν
369 3615 768 3690 ἀνθρωπίνων
809 3613 995 3669 κακῶν
1021 3614 1333 3686 ἀμηχανίας
1378 3616 1411 3684 ἡ
1438 3614 1614 3676 λύσις.
1649 3615 1758 3667 Καὶ
1783 3614 1846 3667 τὸ

228 3709 361 3761 κατὰ
416 3709 486 3762 τδ
540 3705 736 3769 πάθος
787 3704 882 3758 τοῦ
939 3704 1144 3775 Κυρίου
1199 3703 1497 3774 μυστήριον
1545 3701 1842 3772 διδαχθεὶς,

226 3799 282 3852 ἐν
332 3801 399 3869 τῇ
482 3797 782 3868 γενομένῃ
837 3794 978 3848 κατὰ
1035 3794 1098 3848 τὸ
1159 3794 1353 3863 ἀθρόον
1418 3793 1684 3864 ἐλλάμψει
1749 3792 1844 3846 τοῦ

217 3889 580 3958 Ilva-591mg,
617 3887 762 3941 αὐτὸ
787 3885 848 3938 τὺ
879 3885 1166 3956 πρόσωπον
1187 3885 1249 3938 τὸ
1264 3884 1591 3936 Δεσποτικὸν
1619 3883 1844 3936 ὑποδύε-

214 3997 318 4041 ται.
353 3983 452 4036 καί
487 3997 706 4052 φησιν’
742 3998 760 4031 ι
799 3977 941 4048 Ἐγὼ
978 3977 1278 4048 ἐκοιμήθην
1321 3977 1416 4031 καὶ
1454 3976 1680 4030 ὕπνωσα
1706 3993 1720 4007 ο
1750 3975 1839 4040 ἐξ·

201 4075 480 4144 ηγὲρθην,
546 4075 652 4127 ὃτι
690 4069 898 4142 Κύριος
935 4066 1284 4137 ἀντιλήψεταί
1323 4083 1446 4137 μου.
1487 4085 1504 4116 t
1561 4065 1634 4118 Τὸ
1683 4065 1738 4118 δὲ
1777 4066 1843 4118 δι’

203 4166 504 4235 ἀκριϐείας
530 4162 875 4218 ἐκτίθεσθαι
898 4162 997 4231 τὴν
1019 4162 1234 4229 ἑκάστῳ
1253 4159 1361 4212 τῶν
1383 4159 1644 4231 ῥημάτων
1669 4159 1846 4226 ἐγκει-

197 4253 373 4323 μένην
419 4256 736 4315 διάνοιαν,
779 4251 1051 4322 παρέλκον
1099 4249 1166 4303 ἂν
1198 4248 1306 4319 εἴη,
1357 4247 1452 4301 τοῦ
1497 4248 1658 4316 λόγου
1707 4247 1843 4317 πρὸς

194 4344 360 4414 ἕτερα
409 4345 810 4406 σπεύδοντος.
858 4342 978 4412 Χρὴ
1012 4341 1120 4412 γὰρ
1156 4339 1531 4394 πιστώσασθαι
1577 4340 1674 4410 τὴν
1706 4340 1842 4393 ἁπο-

189 4437 450 4492 ὁοθείσαν
471 4438 638 4508 περὶ
663 4435 766 4490 τοῦ
790 4429 1163 4506 διαψάλρατος
1181 4434 1407 4496 ἔννοιαν,
1443 4433 1502 4499 ἐξ
1530 4431 1708 4486 αὐτῶν
1734 4431 1842 4484 τῶν

189 4530 650 4599 τετραμμένων
693 4526 1060 4591 συνιστῶντας
1093 4527 1186 4580 τὸν
1213 4525 1389 4594 λόγον,
1433 4527 1526 4578 καὶ
1560 4526 1619 4578 ἐν
1653 4523 1731 4595 τῷ
1758 4542 1844 4577 τε·

187 4619 801 4690 τάρτῳξδεαψάλματι,
814 4618 880 4671 δι’
895 4613 956 4672 οὗ
975 4617 1038 4670 τὸ
1055 4619 1172 4670 ίσον
1192 4617 1552 4688 μανθάνομεν.
1571 4615 1722 4685 Πάσῃ
1735 4615 1843 4684 γὰρ

186 4710 400 4776 τρόπον
431 4710 584 4764 τινὰ
621 4712 708 4779 τῇ
737 4709 1050 4780 ἀνθρωπίνῃ
1083 4707 1242 4777 φύσει
1262 4709 1393 4783 περὶ
1417 4707 1518 4777 τῆς
1539 4707 1647 4759 τῶν
1675 4724 1832 4759 σπου·

191 4799 532 4873 δεξομένων
577 4801 962 4872 ματαιότητος
991 4802 1185 4872 ἐμϐοᾷ,
1219 4799 1616 4880 βαρυκαρδίους
1643 4798 1832 4868 ὀνομάσ

193 4887 300 4950 ζων
317 4895 462 4956 τοὺς
490 4893 680 4954 υἱοὺς
719 4891 826 4944 τῶν
855 4890 1173 4960 ἀνθρώπων,
1203 4892 1282 4970 οἷς
1316 4897 1380 4955 τὸ
1408 4888 1644 4966 μάταιόν
1662 4905 1722 4940 τε
1745 4887 1840 4940 καὶ

208 4983 612 5038 ἁτῑοπὺνπατον
648 4983 850 5052 ψεῦδος
881 4984 938 5035 ὲν
965 4983 1142 5056 ἀγάπῃ
1171 4989 1297 5062 ἐστι,
1329 4989 1522 5056 Πάλιν
1553 4981 1837 5050 ἐπηρεμή-

213 5076 773 5136 σαξώποδείκνυσιν
795 5075 852 5126 ἐν
866 5072 968 5124 τίνι
984 5043 1163 5156 ἐστὶνῆ
1186 5043 1448 5187 ἀὲἧὸὲια.
1491 5093 1512 5127 ι
1545 5070 1785 5139 Ἔγνω-ιε
1813 5087 1832 5121 ι

215 5165 311 5187 _L-
370 5167 526 5187 _-__.‘._
610 5183 623 5187 -
674 5165 754 5187 9--
789 5165 894 5187 ιιι-.
924 5164 1084 5187 .-1.--μ
1468 5175 1485 5187 ο
1573 5165 1716 5187 2-.-“
1745 5163 1808 5187 ...'.

215 5165 346 5235 ηας),
367 5167 579 5236 φησὶν,
604 5183 626 5216 ι
671 5165 758 5218 ὅτι
785 5164 1139 5234 tempsam,
1172 5163 1380 5238 κ
1415 5175 1531 5237 τὸν
1568 5165 1718 5218 ὅσιον
1739 5163 1841 5216 αὑ-

233 5200 346 5235 ιὛ*
369 5200 579 5236 ’τἰυδνν
606 5200 626 5216 ·
672 5200 758 5218 ν’·
785 5200 1139 5234 "New-"NE
1168 5200 1244 5289 δῖ’
1307 5210 1380 5265 ος
1415 5200 1531 5237 τον
1568 5200 1715 5218 υνυνν
1739 5200 1838 5216 *υ-

224 5255 337 5307 τοῦ·
381 5276 401 5308 ι
434 5257 709 5318 δεικνὺς,
736 5251 901 5325 οἶμαι,
930 5253 1005 5305 διὰ
1029 5262 1149 5355 rogo.
1213 5231 1412 5355 υρίὸν
1460 5259 1712 5328 Κύριον,
1745 5271 1838 5306 και

225 5340 333 5410 εἰς
355 5310 848 5418 ’ςιτβινὶιιωῦτῆςοι
864 5344 1111 5462 ’Ὀτιόἳότπεο
1125 5310 1252 5402 0οίου
1508 5361 1549 5414 ὁ
1571 5310 1796 5418 ίίύριος.
1814 5365 1831 5398 t

1111 5447 1130 5482 ,π
1166 5437 1230 5482 ,Λ

1109 5447 1206 5534 t‘ﬂ
1215 5447 1231 5500 ί

1290 5323 1329 5365 τ

294 5521 354 5550 ⁵⁸⁸
394 5520 542 5577 PSal.
578 5535 669 5580 tu,
720 5520 887 5584 lscqq.

1959 1703 2311 1774 imperfectos
2360 1721 2456 1774 per
2485 1707 2569 1759 Iac
2608 1716 2663 1759 ct
2706 1707 2928 1772 similia,
2981 1717 3239 1778 tanquam
3290 1725 3386 1779 per
3436 1711 3538 1762 ali-

1959 1804 2139 1849 menta
2168 1804 2561 1859 consentanea,
2597 1798 2663 1851 ad
2697 1799 3092 1852 incrementum
3121 1799 3292 1863 ducit,
3328 1815 3391 1853 ac
3413 1815 3537 1869 per-

1957 1881 2116 1938 fectis
2155 1883 2385 1938 solidam
2413 1887 2640 1954 apponit
2677 1900 2948 1947 mensam,
2988 1887 3095 1942 illis
3125 1888 3398 1952 videlicet,
3439 1889 3534 1958 qui

1951 1973 2063 2043 jam
2088 1988 2286 2028 sensus
2315 1973 2438 2028 aliis
2475 1974 2783 2046 disciplinae
2816 1975 3112 2046 generibus
3145 1975 3351 2031 habent
3379 1992 3536 2033 εχει-ο

1955 2064 2176 2118 citatus.

2025 2153 2192 2223 Igitur
2220 2153 2275 2208 in
2307 2153 2494 2208 ultima
2535 2155 2870 2224 psalmorum
2917 2158 3195 2223 sectione,
3235 2174 3377 2228 opus
3423 2174 3534 2214 non

1952 2262 2073 2303 esse
2105 2247 2494 2317 diapsalmate,
2547 2255 2604 2302 ut
2633 2248 2950 2302 sublimiora
2979 2264 3140 2303 sensa
3170 2265 3234 2303 ex
3277 2249 3398 2318 ejus
3428 2251 3534 2304 tui-

1952 2341 2177 2396 nislerio
2203 2347 2257 2394 et
2282 2340 2520 2409 alloquio
2546 2339 2939 2408 percipiantur,
2969 2339 3192 2409 planum
3226 2339 3335 2404 ﬁet,
3367 2342 3413 2396 si
3437 2355 3532 2396 eas

1954 2441 2138 2502 partes
2179 2432 2518 2486 adducamus
2563 2446 2630 2484 ex
2679 2432 2940 2500 psalmis,
2999 2448 3122 2501 quae
3173 2432 3534 2502 diapsalmale

1951 2529 2078 2577 sunt
2129 2525 2464 2591 interrupta.
2514 2520 2571 2574 ltt
2620 2521 2782 2575 tertio
2810 2522 2953 2576 enim
3001 2523 3243 2591 psalmo,
3274 2539 3397 2577 cum
3443 2523 3534 2578 d6

1950 2622 2225 2667 cantasset
2273 2613 2618 2667 alﬂictionem
2666 2620 2720 2665 et
2758 2614 3102 2682 angustiam,
3144 2629 3266 2682 quae
3304 2616 3406 2668 sibi
3462 2629 3527 2666 cx

1951 2705 2186 2760 hostium
2233 2705 2588 2773 impressione
2630 2711 2923 2765 evenerat,
2983 2719 3106 2757 mox
3172 2705 3531 2774 diapsalmate

1950 2807 2157 2868 partem
2202 2795 2346 2850 illam
2377 2796 2796 2862 interrtmtpetts,
2827 2793 3122 2847 salutarem
3160 2793 3305 2846 illant
3337 2808 3527 2847 νοω-ιιι

1960 2885 2170 2950 edidit,
2209 2885 2596 2939 corroboratus
2637 2883 2886 2937 videlicet
2929 2882 2998 2936 ab
3043 2896 3140 2944 eo,
3187 2884 3280 2951 qui
3324 2883 3426 2936 sibi
3472 2883 3528 2936 in

1949 2979 2164 3034 occulto
2213 2975 2418 3048 aliquid
2451 2977 2748 3046 inspirarat
2785 2990 2801 3027 :
2830 2991 2850 3025 ι
2884 2974 2966 3028 Τιι
2996 2982 3174 3028 autem
3196 3013 3212 3037 ,
3264 2973 3489 3028 Domine
3509 3013 3524 3035 ,

1948 3076 2236 3139 susceptor
2260 3083 2414 3122 meus
2439 3082 2498 3123 es
2522 3105 2538 3130 ,
2560 3067 2733 3136 gloria
2769 3080 2887 3120 mea
2917 3106 2933 3131 ,
2983 3074 3038 3120 et
3080 3065 3327 3119 exultans
3362 3071 3528 3134 caput

1949 3173 2127 3211 meum
2151 3157 2233 3210 δ”.
2257 3177 2276 3210 ›
2306 3156 2507 3212 Rursus
2527 3153 2800 3212 intervallo
2831 3156 3153 3226 interposito
3179 3164 3302 3224 post
3338 3169 3526 3210 vocem

1947 3249 2092 3302 illam
2148 3250 2446 3318 gratiarum
2493 3248 2726 3303 actionis
2784 3248 3036 3316 plenam:
3112 3267 3131 3298 ι
3195 3245 3342 3302 Voce
3407 3262 3528 3300 mea

1948 3341 2013 3396 ad
2059 3339 2342 3394 Dominum
2402 3339 2667 3403 clamavi,
2711 3349 2769 3394 et
2803 3339 3084 3393 exaudivit
3129 3355 3214 3394 me
3253 3339 3320 3394 tie
3348 3348 3530 3393 monte

1948 3441 2140 3488 sancto
2187 3447 2322 3498 suo;
2376 3451 2394 3484 ι
2435 3432 2630 3490 discit.
2657 3445 2908 3500 quaenam
2956 3431 3027 3485 sit
3073 3432 3209 3485 ratio
3260 3429 3528 3484 evadendi

1945 3539 2010 3578 ex
2062 3524 2448 3578 communibus
2499 3523 2863 3576 humanarum
2918 3522 3292 3576 calamitatum
3357 3537 3526 3590 angue

1946 3614 2068 3669 stiis
2130 3623 2183 3668 et
2233 3613 2657 3680 afﬂictionibus;
2707 3613 3044 3684 edoctusque
3086 3615 3358 3684 passionis
3419 3615 3526 3668 Do-

1947 3704 2160 3758 ιιιὶιηίθαι
2185 3705 2502 3774 mysterium
2536 3705 2590 3758 itt
2619 3719 2680 3758 ea
2714 3720 2836 3774 quae
2867 3705 2972 3760 sibi
2999 3720 3064 3758 ex
3102 3705 3401 3773 improviso
3430 3720 3525 3759 ve-

1948 3805 2101 3851 nerat
2137 3814 2165 3851 a
2199 3796 2402 3868 Spiritu
2441 3807 2631 3853 sancto
2659 3798 3039 3862 illustrations,
3084 3799 3258 3868 ipsam
3309 3798 3521 3851 Domini

1947 3903 2234 3958 personam
2265 3889 2460 3953 induit,
2491 3889 2544 3943 in
2581 3889 2696 3944 luec
2719 3891 2883 3945 verba
2910 3905 3275 3961 prorumpens
3307 3909 3320 3943 :
3359 3911 3376 3940 ι
3415 3890 3524 3959 Ego

1947 3977 2212 4043 dormivi,
2247 3986 2302 4033 et
2328 3988 2622 4048 seperatus
2657 3995 2800 4045 sum,
2835 3989 2890 4035 ct
2921 3981 3231 4046 exsurrexi,
3257 3980 3384 4048 quia
3419 3979 3522 4033 Do-

1947 4071 2129 4124 minus
2158 4070 2401 4139 suscepit
2427 4086 2532 4125 me.
2576 4089 2594 4122 ι
2636 4069 2970 4125 Sententiam
3001 4079 3180 4124 autem
3201 4113 3216 4135 ,
3253 4085 3374 4139 qua:
3406 4071 3522 4124 siu-

1947 4160 2088 4228 gu-lis
2118 4159 2300 4214 verbis
2336 4159 2546 4223 subest,
2583 4159 2896 4214 accuratius
2929 4175 3225 4230 exponere,
3257 4175 3522 4228 superva-

1947 4265 2177 4304 caneunt
2209 4249 2463 4304 fortassis
2486 4249 2669 4313 fuerit,
2697 4265 2820 4302 cum
2849 4250 3027 4302 oratio
3049 4249 3113 4303 ad
3139 4250 3243 4303 alia
3279 4249 3519 4303 festinet.

1947 4340 2331 4396 Coniirntauda
2361 4342 2504 4394 enim
2531 4351 2614 4395 est
2645 4342 3021 4411 diapsalntatis
3052 4342 3200 4396 notio
3234 4357 3524 4412 argumen-

1949 4433 2020 4487 tis
2052 4449 2114 4486 οι
2149 4432 2284 4501 ipsis
2319 4433 2546 4501 psalmis
2580 4433 2802 4501 petitis;
2831 4434 3032 4488 etenim
3071 4433 3210 4488 idem
3242 4450 3307 4487 ex
3343 4436 3523 4504 quarti

1949 4524 2140 4594 psalmi
2169 4523 2519 4592 diapsalmate
2549 4539 2880 4595 cognoscere
2902 4541 3216 4595 possumus.
3242 4527 3525 4582 Acclamat

1950 4630 2184 4683 namque
2209 4614 2308 4667 toti
2332 4615 2732 4684 quodammodo
2763 4617 3015 4671 humanae
3041 4619 3290 4672 societati
3321 4619 3394 4673 ob
3426 4635 3521 4673 va-

1946 4707 2171 4760 nitatem
2222 4721 2410 4761 earunt
2443 4723 2647 4769 rerum,
2677 4709 2876 4778 quibus
2905 4710 3064 4765 unice
3109 4712 3320 4773 stttdct,
3354 4712 3524 4766 ﬁlios-

1945 4813 2051 4866 que
2100 4797 2383 4852 hominum
2424 4800 2576 4868 gravi
2629 4801 2796 4855 corde
2831 4803 3522 4871 oppressospronttutial;

1944 4889 2143 4960 quippe
2187 4890 2389 4959 quibus
2436 4905 2635 4943 vanum
2691 4899 2745 4944 et
2792 4907 2897 4944 nou
2951 4892 3259 4947 subsistens
3298 4894 3521 4947 menda-

1945 4981 2090 5036 cium
2125 4996 2272 5035 cura:
2306 4983 2377 5035 sit
2407 4990 2461 5034 ct
2485 4983 2671 5049 cordi;
2705 4983 3012 5054 iterumque
3046 4985 3481 5054 iutcrquiescens
3503 5025 3519 5048 ,

1944 5067 2286 5124 demonstrat
2332 5071 2386 5124 in
2440 5087 2678 5139 quonam
2733 5073 2803 5126 sit
2855 5073 3077 5128 veritas.
3131 5073 3268 5127 Dicit
3318 5074 3462 5127 enim
3503 5089 3517 5126 :

1950 5177 1970 5212 ι
2028 5160 2235 5215 Scitote
2284 5157 2540 5230 quoniam
2587 5161 2899 5216 tnirilicavit
2948 5163 3214 5217 Dominus
3267 5171 3518 5216 sanctum

1945 5267 2128 5314 suum,
2166 5271 2185 5303 ι
2249 5252 2582 5322 significans,
2643 5262 2704 5306 ut
2754 5254 3013 5315 arbitror,
3047 5252 3232 5306 Sancti
3275 5250 3518 5308 nomine,

1949 5345 2275 5412 Dominum;
2317 5346 2778 5414 quemadmodum
2812 5353 2866 5400 et
2894 5344 3106 5404 Movscs
3143 5345 3256 5396 ait:
3301 5358 3321 5391 ι
3372 5340 3522 5404 Quo-
