4018 6334
533 319 636 373 559

1791 310 1848 364 S.
1886 307 2210 364 CREGORII
2251 309 2543 366 NYSSENI
3402 269 3411 277 .
3639 318 3733 374 5m

533 437 677 488 niam
707 430 887 499 justus
926 438 982 482 et
1013 435 1238 484 sanctus
1271 427 1554 483 Dominus.
1608 447 1627 479 ι
1676 427 1879 482 Deinde
1921 427 2100 481 consi-

2219 423 2339 481 Εἶτα
2373 428 2680 500 συμϐουλὴν
2711 430 3096 499 καταθέμενος,
3121 428 3188 482 δι’
3217 425 3292 482 ὧν
3314 430 3374 483 ἄν
3395 447 3470 494 τις
3501 433 3553 485 ἐν
3578 434 3729 491 καθα-

533 526 663 579 lium
693 522 806 579 dat.
835 522 1109 590 quomodo
1137 522 1260 591 quis
1284 520 1444 574 vitam
1478 537 1634 576 suam
1669 536 1801 589 pure
1829 529 1881 576 et
1912 529 2102 575 sancte

533 617 834 686 transigat;
867 615 1140 684 jmleane
1183 623 1239 668 et
1279 616 1555 683 inspector
1587 613 1979 684 cogitationum
2021 613 2101 666 fa-

533 716 686 768 ctus,
720 707 828 764 ait:
875 724 893 757 ι
935 705 1066 772 Quae
1093 704 1278 759 dicitis
1311 705 1362 757 in
1399 704 1658 758 cordibus
1687 699 1930 766 vestris,
1955 712 2010 757 et
2044 703 2097 759 in

535 799 806 854 cubilibus
843 797 1042 851 vestris
1075 795 1542 866 compuugimini;
1593 813 1612 846 ι
1663 803 1716 846 et
1759 809 1884 848 mox
1929 793 1999 846 ad
2031 809 2103 862 .se

535 905 788 944 reversus
839 888 1088 958 legalium
1130 887 1473 939 victimarum
1509 885 1861 938 abolitionem
1890 891 1944 938 et
1987 884 2104 953 ipse

472 1005 478 1052 ῃ
537 981 777 1043 audivit,
810 980 1040 1047 aliisque
1069 977 1394 1032 audiendam
1441 976 1806 1045 promulgavit
1856 994 1870 1030 :
1921 983 2106 1029 monet

469 1059 476 1076 ’
537 1072 702 1136 enim,
740 1077 887 1124 utne
916 1076 1097 1138 speret
1120 1069 1172 1120 in
1196 1067 1509 1120 animalium
1543 1067 1769 1120 rationis
1801 1067 2103 1133 expertium

537 1160 809 1221 caedibus,
856 1159 946 1213 ille
982 1158 1072 1226 qui
1111 1167 1232 1226 eget
1273 1156 1663 1210 emundatione
1706 1163 1761 1208 et
1797 1155 2112 1224 expiatione.

541 1252 760 1308 mentis.
782 1251 876 1305 sed
911 1258 970 1302 ut
989 1257 1308 1318 cognoscat,
1331 1247 1532 1314 quibus
1554 1246 1840 1300 sacriﬁciis
1864 1245 2108 1314 placetur

544 1342 709 1396 Deus.
748 1341 958 1396 Idcirco
1007 1341 1205 1410 inquit,
1246 1358 1263 1389 ι
1319 1337 1639 1392 Sacriﬁcate
1667 1337 1994 1390 sacriﬁcium
2021 1336 2107 1405 ju-

544 1433 738 1495 stitia,
775 1443 829 1488 et
861 1442 1076 1502 sperate
1106 1433 1158 1484 in
1193 1430 1444 1484 Domino.
1485 1449 1502 1481 ι
1551 1428 1643 1482 Sic
1682 1437 1736 1483 et
1775 1429 1828 1482 in
1877 1429 2109 1497 septimo

544 1525 754 1594 psalmo
775 1524 1026 1593 prazcedit
1045 1523 1261 1592 quidem
1286 1521 1577 1574 collocutio
1597 1536 1718 1573 cum
1747 1519 1874 1582 Deo,
1893 1518 2110 1588 quando

543 1630 725 1668 coram
753 1615 902 1684 justo
941 1615 1031 1668 illo
1059 1613 1241 1682 judice
1271 1619 1501 1666 testatur
1535 1611 1794 1663 malitiam
1832 1611 1902 1664 ab
1931 1609 2112 1662 inimi-

543 1705 625 1759 cis
652 1720 756 1757 nou
792 1704 1079 1773 provenire
1129 1701 1465 1756 retribuendi
1489 1710 1545 1754 et
1577 1702 1750 1752 vicem
1780 1699 2111 1768 rependendi

543 1810 709 1849 causa
731 1837 745 1860 ,
779 1794 872 1850 sed
923 1796 1068 1864 ipsos
1100 1795 1321 1849 malitia:
1368 1801 1422 1847 et
1457 1793 1825 1862 improbitatis
1863 1799 2116 1846 auctores
2147 1777 2189 1833 Β

543 1900 665 1940 esse
687 1927 702 1948 ,
733 1902 898 1954 seque
938 1886 1128 1940 eodem
1157 1885 1381 1940 sceleris
1417 1885 1537 1938 loco
1587 1885 1787 1938 habere
1807 1923 1820 1945 ,
1859 1892 1913 1937 et
1946 1884 2116 1936 malo-

545 1988 664 2026 rum
701 1983 976 2027 auctorem
1010 1990 1165 2034 esse,
1205 1973 1614 2041 aequalibusque
1649 1971 1807 2024 malis
1838 1979 2114 2025 auctorem

547 2065 770 2128 ulcisci;
806 2073 859 2118 et
888 2079 1010 2118 cum
1047 2065 1158 2117 hinc
1191 2064 1454 2127 dixisset,
1502 2077 1693 2117 rursus
1727 2063 1976 2114 auditum
2025 2076 2116 2114 ac-

545 2155 854 2209 commodat
886 2155 965 2216 ei,
1000 2155 1093 2224 qui
1125 2170 1378 2224 magnum
1409 2154 1628 2222 pietatis
1668 2153 1989 2223 mysterium
2023 2168 2116 2221 pa-

547 2245 731 2299 tcfacit
751 2287 764 2308 ,
794 2261 889 2315 per
916 2246 1059 2314 quod
1093 2246 1151 2298 lit
1183 2252 1372 2299 contra
1412 2260 1572 2299 veros
1603 2244 1788 2299 hostes
1816 2259 1846 2297 a
1887 2243 2116 2296 Domino

547 2337 790 2389 vindicta
833 2355 846 2390 :
877 2336 1036 2390 aliter
1071 2336 1219 2389 enim
1256 2335 1370 2390 ﬁeri
1409 2351 1517 2388 non
1545 2342 1743 2404 potest,
1777 2341 1836 2387 ut
1861 2334 2118 2388 adversa-

549 2429 643 2482 riae
668 2429 953 2497 potestatis
986 2436 1306 2482 coerceatur
1346 2429 1428 2480 vis
1458 2436 1511 2481 et
1541 2428 1832 2489 acerbitas,
1875 2427 1978 2480 nisi
2013 2425 2118 2478 Do-

549 2519 730 2573 minus
779 2535 874 2588 pro
909 2520 1064 2573 nobis
1095 2529 1367 2589 resurgat.
1411 2517 1648 2574 Necesse
1687 2527 2001 2582 autemest,
2058 2528 2116 2572 nt

547 2611 1003 2664 resurrectionem
1037 2625 1186 2665 mors
1221 2611 1510 2679 przecedat.
1545 2609 1646 2675 Qui
1675 2611 1839 2680 igitur
1873 2626 2118 2666 resurre-

501 2701 783 2755 —-ctionem
819 2699 1030 2753 Domini
1054 2700 1408 2770 signiﬁcavit,
1441 2701 1530 2755 ille
1561 2701 1724 2756 etiam
1750 2701 2116 2756 manifestavit

552 2791 604 2845 id
631 2792 772 2861 quod
809 2807 931 2846 eum
960 2793 1362 2846 resurrectione
1385 2793 1737 2861 conjunctum
1773 2800 1877 2857 est,
1916 2805 2117 2864 mystc-

553 2883 728 2944 rium,
763 2882 982 2952 inquam
1009 2921 1024 2944 ,
1058 2883 1355 2952 passionis.
1387 2883 1654 2948 Quocirca
1688 2882 1797 2938 Deo
1827 2885 2018 2952 plenus
2048 2885 2117 2937 ob

551 2973 788 3042 Spiritus
809 2975 982 3028 sancti
1008 2974 1492 3028 inhabitationem:
1525 2993 1543 3024 ι
1573 2973 1835 3041 Exsurge,
1868 2995 1885 3025 ι
1917 2976 2112 3043 inquit,

553 3082 573 3115 ι
606 3062 850 3126 Ο-ιιιιίιιθ,
884 3065 937 3118 in
971 3065 1050 3117 ira
1085 3073 1198 3126 tua,
1221 3073 1274 3117 et
1299 3064 1539 3118 exaltare
1568 3065 1620 3117 in
1651 3065 1846 3118 linibus
1875 3066 2116 3119 inimico.
2147 3102 2188 3126 ,η

549 3172 669 3210 rum
713 3163 966 3217 tuormn;
1005 3175 1022 3205 ι
1058 3155 1309 3208 indicans
1339 3156 1433 3208 ira:
1471 3153 1692 3223 quidem
1719 3156 2002 3218 vocabulo,
2045 3156 2119 3209 fa-

550 3251 806 3304 cultatem
853 3249 1208 3312 retribuendi,
1245 3265 1352 3318 qua
1392 3250 1570 3318 justus
1609 3249 1774 3317 judex
1811 3251 1982 3316 valet;
2025 3265 2120 3318 per

551 3339 760 3406 reliqua
779 3348 954 3391 autem
979 3338 1322 3392 abolitionem
1347 3345 1400 3391 et
1425 3337 1694 3391 excidium
1723 3339 1959 3392 malitiae.
1987 3339 2116 3392 Nam

553 3438 759 3481 naturae
789 3427 918 3480 illud
950 3428 1125 3481 solum
1157 3435 1240 3481 est
1275 3427 1578 3491 inimicom,
1607 3430 1749 3496 quod
1785 3431 1927 3483 bono
1953 3447 2120 3499 oppo-

553 3521 717 3574 situm
746 3521 1100 3588 conspicitur,
1123 3519 1268 3588 quod
1291 3528 1374 3573 est
1402 3521 1628 3585 malitia,
1660 3522 1819 3588 cujus
1848 3522 1969 3576 ﬁnis
1997 3524 2120 3576 abo-

553 3609 702 3671 litio,
755 3619 807 3663 et
859 3610 912 3663 in
965 3610 1193 3662 nihilum
1244 3611 1502 3665 reversio.
1557 3612 1659 3676 Qui
1712 3614 1876 3682 igitur
1928 3613 2116 3668 dixit:

558 3719 578 3749 ι
618 3699 869 3756 Eixaltare
899 3703 952 3754 in
988 3701 1184 3754 ﬁnibus
1227 3703 1574 3757 inimicorum
1614 3714 1854 3766 tuorum,
1896 3726 1914 3757 ι
1953 3708 1998 3760 is
2027 3722 2122 3775 per

555 3791 656 3844 hoc
683 3793 826 3858 quod
848 3795 924 3846 ait
953 3793 1214 3845 malitiam
1246 3794 1588 3847 inimicorum
1623 3795 1826 3848 ﬁnitam
1859 3811 2001 3859 esse,
2038 3797 2120 3850 in-

552 3881 727 3944 dicat,
759 3897 866 3935 non
907 3883 1141 3950 amplius
1187 3884 1419 3953 relinqui
1461 3887 1584 3938 vita:
1622 3898 1822 3941 nostrae
1854 3886 1922 3940 ad
1958 3889 2116 3939 mali-

554 3973 682 4026 tiam
741 3975 990 4027 reditum.
1040 3973 1512 4040 Quemadmodum
1571 3979 1713 4032 enim
1770 3978 1892 4032 ﬁnis
1947 3978 2118 4032 morbi

553 4065 762 4117 sanitas
789 4073 903 4126 est,
949 4074 1002 4118 ct
1033 4067 1206 4119 somni
1242 4065 1363 4121 ﬁnis
1409 4067 1684 4135 evigilatio
1713 4067 1730 4136 (
1759 4085 1934 4136 neque
1975 4069 2117 4122 enim

552 4155 1097 4223 dormiens,quandiu
1132 4172 1325 4211 somno
1355 4166 1588 4219 tenetur,
1623 4159 1798 4211 somni
1829 4161 1983 4213 linem
2028 4161 2120 4212 ba-

549 4233 676 4304 ibet,
714 4257 886 4310 neque
923 4243 1084 4295 etiam
1120 4251 1420 4312 :egrotans,
1456 4243 1583 4296 dum
1616 4260 1739 4297 cum
1775 4246 1960 4300 morbo
1989 4261 2121 4300 con-

553 4330 812 4393 ﬁictatur,
845 4332 896 4385 in
929 4333 1031 4386 ﬁne
1061 4334 1233 4386 morbi
1264 4343 1543 4399 versatur;
1574 4334 1666 4388 sed
1703 4335 1745 4388 si
1791 4351 1994 4404 aegrum
2029 4354 2118 4390 sa-

2210 520 2394 590 ρότητι
2422 522 2678 592 παρέλθοι
2709 523 2799 574 τὸν
2835 522 2966 592 βίον,
3007 524 3198 592 κριτής
3227 539 3284 574 τε
3320 524 3735 595 καὶινὲπιγνώμων

2208 612 2314 664 τῶν
2340 613 2436 680 τῆς
2462 612 2638 681 ψυχῆς
2663 611 3037 681 διανοημάτων
3063 612 3365 680 γενόμενος,
3386 613 3442 664 ἐν
3467 609 3542 676 οἷς
3571 633 3731 684 φησιν,

2208 703 2288 755 ὅτι
2323 721 2340 751 ι
2389 703 2456 754 ’Δ
2492 703 2677 769 λέγετε
2724 703 2782 754 ἐν
2831 706 2953 766 ταῖς
2993 703 3239 774 καρδίαις
3294 705 3461 771 ὑμῶν,
3505 706 3590 756 ἐπὶ
3632 709 3738 768 ταῖς

2209 791 2415 852 κοίταις
2441 790 2593 860 ὑμῶν
2620 791 2980 861 κατανύγητεο
3016 812 3034 844 ι
3077 792 3235 846 πάλιν
3261 792 3392 862 πρὸς
3418 792 3597 844 ἐαυτὸν
3621 795 3739 845 ἀνα-

2210 884 2482 953 χωρήσας.
2513 881 2920 954 τὴνγάναίρεσιν
2945 882 3043 952 τῆς
3065 883 3294 952 νομικῆς
3324 883 3626 946 ζωοθυσίας,
3653 887 3741 937 αύ-

2209 974 2300 1037 τός
2328 991 2385 1026 τε
2421 975 2621 1044 ἡκουσε
2641 1014 2654 1035 ,
2683 974 2776 1027 καὶ
2807 973 2979 1043 ἐμϐοᾷ
3010 976 3119 1036 τοῖς
3150 973 3436 1026 ἀκούουσι·
3465 973 3601 1040 λέγει
3626 975 3743 1042 γὰρ.

2214 1067 2347 1136 μηδὲ
2377 1069 2434 1119 ἐν
2472 1070 2594 1130 ταῖς
2621 1066 2729 1119 τῶν
2763 1065 2976 1134 ἀλόγων
3005 1065 3166 1130 ζώων·
3192 1065 3494 1128 ἐπελπίζειν
3533 1068 3744 1132 σφαγαῖς

2210 1159 2300 1210 τὸν
2327 1157 2419 1210 τοῦ
2450 1157 2682 1227 ψυχικοῦ
2711 1157 3008 1228 καθαρσίου
3034 1156 3303 1225 δεόμενον,
3342 1155 3451 1208 ἀλλ’
3478 1157 3746 1224 ἐπιγνῶναι

2214 1249 2394 1311 ποίαις
2416 1251 2444 1300 ὁ
2471 1249 2602 1310 Θεὸς
2636 1250 3009 1319 εὐαρεστεῖται
3032 1248 3260 1308 θυσίαις.
3292 1248 3382 1299 Διό
3409 1263 3584 1316 φησιν’
3615 1266 3630 1296 ι
3653 1247 3749 1298 Θύ-

2216 1355 2342 1390 σατε
2365 1338 2552 1390 θυσίαν
2581 1339 2922 1404 δικαιοσύνης
2946 1381 2960 1403 ,
2990 1340 3080 1391 καὶ
3100 1337 3352 1390 ἐλπίσατε
3374 1338 3464 1390 ἐπὶ
3491 1336 3698 1406 Κύριον.
3729 1358 3745 1387 ι

2215 1429 2399 1492 Οὕτως
2423 1431 2516 1482 καὶ
2535 1431 2672 1483 κατά
2691 1431 2778 1482 τὸν
2805 1429 3032 1499 ἕϐδομον
3053 1429 3158 1481 τῶν
3181 1427 3428 1498 ψαλμῶν,
3453 1431 3750 1497 προηγεῖται

2220 1521 2318 1590 μέν
2343 1522 2371 1572 ὁ
2398 1524 2494 1590 τῆς
2519 1519 2808 1584 ἐντεύξεως
2843 1521 3020 1588 λόγος,
3051 1523 3108 1572 ἐν
3135 1512 3180 1586 ᾧ
3199 1519 3605 1585 δικαιολογεῖται
3636 1519 3756 1588 πρὸς

2215 1611 2305 1663 τὸν
2335 1611 2538 1664 δίκαιον
2575 1611 2785 1681 κριτὴν,
2815 1612 2896 1664 ὅτι
2918 1611 3016 1663 οὐκ
3045 1609 3103 1672 ἐξ
3131 1609 3536 1672 ἀνταποδόσεως
3564 1609 3754 1674 γίνεται

2220 1703 2370 1772 παρά
2394 1703 2500 1754 τῶν
2540 1703 2746 1773 ἐχθρῶν
2771 1705 2804 1772 ἡ
2834 1703 3018 1764 κακία,
3055 1701 3165 1754 ἀλλ’
3194 1703 3391 1754 ἐκεῖνοι
3417 1702 3636 1771 ἀρχηγοὶ
3669 1700 3760 1767 τῆς

2218 1794 2479 1864 πονηρίας
2502 1794 2759 1861 γίνονται⁶
2787 1794 2879 1845 καὶ
2909 1794 2990 1845 ὅτι
3022 1793 3132 1845 ίσον
3171 1794 3248 1854 είς
3283 1792 3553 1861 ἁμαρτίαν
3581 1789 3754 1852 οἴεται,

2217 1885 2311 1938 καὶ
2351 1884 2722 1953 προκατάρξαι
2759 1883 2975 1945 κακίας,
3020 1883 3113 1935 καὶ
3145 1884 3256 1944 τοῖς
3307 1881 3444 1943 ἴσοις
3474 1879 3759 1948 ἀμύνασθαι

2216 1979 2306 2030 τὸν
2338 1979 2667 2046 ἀπάρχοντα.
2698 1978 2806 2029 Καὶ
2828 1976 2999 2029 ταῦτα
3037 1973 3225 2036 είπὼν,
3268 1974 3430 2027 πάλιν
3458 1973 3638 2041 ὑπέχει
3673 1973 3760 2040 τὴν

2217 2069 2384 2138 ἀκοὴν
2415 2068 2494 2137 τῷ
2528 2067 2588 2120 τὸ
2621 2068 2760 2138 μέγα
2793 2064 3110 2136 φανεροῦντι
3148 2065 3245 2133 τῆς
3275 2063 3556 2125 εὐσεϐείας
3579 2064 3761 2131 μυστή-

2221 2177 2351 2230 ριον,
2391 2159 2457 2212 δι’
2497 2153 2557 2211 οὗ
2601 2159 2807 2225 γίνεται
2856 2158 2889 2226 ἡ
2925 2156 3066 2210 κατά
3113 2156 3219 2208 τῶν
3259 2155 3525 2225 ἀληθινῶν
3575 2154 3766 2223 ἐχθρῶν

2217 2250 2366 2320 παρά
2394 2247 2485 2302 τοῦ
2516 2247 2719 2318 Κυρίου
2750 2247 3044 2318 ἐκδίκησις.
3071 2247 3145 2299 Οὕ
3163 2246 3272 2315 γὰρ
3304 2245 3447 2298 ἐστιν
3463 2242 3626 2306 ἄλλως
3653 2241 3760 2294 καθ-

2217 2342 2498 2412 αιρεθῆναι
2542 2340 2650 2393 τῶν
2695 2340 3080 2410 ἀντικειμένων
3118 2339 3178 2392 τὸ
3210 2342 3420 2406 στῖφος,
3445 2337 3517 2406 μὴ
3549 2336 3636 2389 τοῦ
3667 2337 3762 2387 Κυ-

2220 2436 2333 2506 ρίου
2362 2435 2501 2505 ύπέρ
2527 2433 2685 2504 ἡμῶν
2705 2433 3054 2494 ἀναστάντος·
3083 2433 3181 2500 τῆς
3225 2432 3285 2484 δὲ
3324 2431 3657 2492 ἀναστάσεως
3685 2429 3766 2481 θά-

2217 2542 2371 2578 νατον
2402 2525 2480 2577 δεῖ
2521 2525 2736 2587 πάντως
2769 2522 3203 2594 προηγήσασθαι.
3239 2521 3304 2575 Ὀ
3325 2523 3502 2574 τοίνυν
3531 2520 3622 2590 τὴν
3647 2520 3762 2571 ἀνά-

2219 2631 2404 2667 στασιν
2429 2614 2522 2667 τοῦ
2553 2614 2755 2684 Κυρίου
2790 2613 3032 2683 μηνύσας
3055 2653 3068 2675 ,
3101 2613 3160 2665 τὸ
3194 2612 3540 2682 συνημμένον
3567 2613 3627 2687 τῇ
3654 2611 3765 2662 ἀνα-

2220 2706 2404 2758 στάσει
2436 2704 2945 2774 συμπαρεδήλωσεν,
2979 2704 3120 2768 λέγω
3149 2702 3211 2773 δὴ
3258 2703 3323 2756 τὸ
3370 2703 3507 2755 κατά
3534 2703 3590 2754 τὸ
3617 2701 3769 2759 πάθος

2222 2796 2538 2865 μυστήριον.
2581 2787 2654 2846 Οὕ
2688 2796 2844 2862 χάριν
2887 2791 3232 2860 θεοφορηθεὶς
3279 2793 3342 2844 ἐκ
3367 2793 3464 2860 τῆς
3497 2791 3585 2842 τοῦ
3612 2789 3763 2841 [Ινεύ-

2222 2903 2387 2956 ματος
2412 2885 2503 2937 τοῦ
2526 2885 2678 2952 ἁγίου
2707 2881 3143 2951 ἐπισκηνώσεως,
3177 2900 3194 2932 ι
3235 2883 3548 2952 Ἀνάστηθι,
3580 2901 3596 2932 ι
3631 2883 3769 2948 φησί.

2225 3003 2241 3031 ι
2286 2980 2474 3048 Κύριε,
2507 2983 2564 3031 ἐν
2597 2980 2730 3048 ὀργῇ
2771 2995 2864 3028 σου
2892 3017 2906 3037 ,
2937 2977 3178 3045 ὑψῶθητι
3213 2979 3273 3028 ἐν
3311 2979 3423 3040 τοῖς
3465 2975 3651 3045 πέρασι
3677 2973 3770 3025 τῶν

2222 3068 2430 3137 ἐχθρῶν
2453 3084 2544 3119 σου
2565 3080 2578 3092 ⁸
2610 3085 2627 3116 ι
2664 3065 2941 3134 σημαίνων
2963 3062 3049 3114 διὰ
3081 3063 3176 3131 μὲν
3196 3066 3298 3132 τῆς
3329 3064 3514 3134 ὀργῆς,
3545 3061 3635 3130 τὴν
3661 3061 3771 3111 ἀντ-

2221 3158 2547 3228 αποδοτικὴν
2579 3158 2808 3226 δύναμιν
2847 3155 2940 3209 τοῦ
2987 3154 3193 3208 δικαίου
3235 3153 3452 3226 κριτοῦ·
3495 3153 3578 3206 διά
3600 3152 3650 3204 δὲ
3679 3149 3772 3201 τῶν

2221 3250 2438 3319 ἐφεξῆς,
2469 3249 2558 3302 τὸν
2590 3249 2890 3319 ἀφανισμὸν
2921 3249 3018 3316 τῆς
3053 3247 3276 3309 κακίας.
3332 3246 3553 3316 Ἐχθρὺν
3589 3245 3690 3312 γὰρ
3714 3242 3772 3309 τῇ

2223 3340 2379 3408 φύσει
2419 3341 2576 3408 μόνον
2604 3339 2663 3392 τὸ
2695 3341 2751 3404 ἐξ
2794 3339 3036 3392 ἐναντίου
3065 3337 3142 3407 τῷ
3181 3337 3379 3406 ἀγαθῷ
3406 3335 3770 3404 θεωρούμενον,

2220 3433 2354 3501 ὅπερ
2387 3431 2586 3500 ἐστίνή
2620 3430 2807 3490 κακία,
2829 3426 2896 3501 ἧς
2921 3430 2982 3482 τὸ
3011 3430 3181 3500 πέρας
3205 3428 3517 3499 ἀφανισμός
3549 3427 3675 3482 ἐστι,
3696 3423 3775 3475 καὶ

2222 3525 2298 3586 εἰς
2336 3524 2395 3574 τὸ
2447 3523 2519 3592 μὴ
2565 3522 2624 3575 ὃν
2677 3523 3069 3594 μεταχώρηςις,
3141 3523 3198 3573 Ὁ
3251 3522 3434 3575 τοίνυν
3481 3516 3662 3577 εἰπὼν,
3705 3515 3777 3565 ὅτι

2227 3633 2244 3664 ⁸
2291 3613 2563 3683 ’Υψώθητι
2603 3615 2658 3664 έν
2691 3617 2802 3676 τοῖς
2833 3614 3028 3684 πέρασι
3058 3613 3166 3666 τῶν
3199 3611 3418 3682 ἐχθρῶν
3464 3628 3576 3672 σου,
3613 3628 3629 3658 ι
3663 3621 3777 3674 προ-

2224 3705 2414 3778 μηνύει
2442 3705 2528 3758 διὰ
2551 3705 2642 3758 τοῦ
2675 3705 3054 3776 περατωθῆναι
3083 3703 3186 3756 τῶν
3211 3703 3430 3775 ἐχθρῶν
3460 3702 3554 3770 τὴν
3581 3699 3775 3752 κακίαν.

2219 3798 2280 3850 τὸ
2316 3799 2512 3868 μηκέτι
2547 3798 2636 3849 τὸν
2674 3799 2752 3858 είς
2784 3798 2979 3849 κακίαν
3024 3796 3220 3868 δρόμον
3262 3800 3327 3865 τῇ
3363 3794 3475 3863 ζωῇ
3520 3789 3778 3844 ὑπολείπει

2222 3891 2366 3944 σθαι.
2402 3891 2488 3952 Ὠς
2517 3889 2626 3959 γὰρ
2657 3889 2826 3959 πέρας
2855 3888 3064 3958 νόσουή
3095 3887 3276 3954 ὑγεία,
3309 3888 3402 3939 καὶ
3436 3886 3604 3955 πέρας
3625 3883 3773 3933 ὕπνον

2222 3982 2253 4050 ἡ
2301 3982 2626 4050 ἐγρήγορσις
2664 3979 2869 4046 γίνεται
2921 3978 3074 4047 (οὔτε
3104 3977 3161 4030 δὲ
3193 3980 3221 4030 ὁ
3264 3976 3559 4035 καθεύδων,
3606 3973 3699 4032 ἕως
3731 3970 3779 4017 ἐν

2221 4072 2296 4141 τῷ
2329 4071 2481 4142 ὕπνῳ
2527 4072 2662 4128 ἐστὶ,
2696 4070 2867 4140 πέρας
2899 4069 2990 4121 τοῦ
3032 4068 3197 4121 ὕπνου
3237 4070 3373 4138 ἔχει⁸
3403 4066 3526 4118 οὕτε
3560 4067 3587 4116 ὀ
3632 4059 3781 4113 νοσῶν

2219 4164 2318 4233 τῆς
2358 4163 2542 4229 ὑγείας
2573 4163 2630 4213 ἐν
2664 4161 2860 4229 πέρατι
2886 4159 3035 4228 παρὰ
3064 4158 3156 4211 τοῦ
3187 4159 3626 4228 ἀρῤωστήματος
3651 4151 3778 4218 γίνε·

2219 4269 2328 4304 ταιο
2351 4250 2485 4303 ἀλλά
2508 4247 2891 4317 διαδεξαμένης
2923 4247 3012 4298 τὸν
3039 4246 3134 4315 μὲν
3162 4247 3453 4316 ἄρρωστον
3476 4245 3574 4312 τῆς
3597 4239 3778 4305 ύγείατν

2220 4341 2309 4392 τὸν
2335 4340 2391 4391 δέ
2419 4337 2746 4391 καθεύδοντα
2775 4337 2872 4404 τῆς
2901 4337 3314 4404 ἐγρηγόρσεως,
3350 4334 3578 4402 λέγομεν
3609 4327 3778 4384 αὐτοὺς

556 4420 699 4474 nitas
741 4422 1012 4489 excipiat,
1059 4423 1414 4478 dormientem
1473 4441 1598 4478 vero
1646 4427 1951 4495 evigilatio,
1985 4436 2114 4484 tunc

2219 4435 2274 4485 ἐν
2310 4433 2504 4502 πέρατι
2535 4429 2860 4498 γεγενῆσθαι
2883 4427 2972 4479 τοῦ
2999 4429 3056 4478 ἐν
3079 4421 3122 4494 ᾧ
3151 4427 3418 4495 ἑκάτερος
3447 4421 3515 4493 ἦν
3537 4463 3550 4482 ,
3581 4420 3664 4473 τὸν
3694 4415 3778 4486 μὲν

553 4509 788 4564 dicimus
835 4511 956 4565 illos
1015 4515 1172 4566 ﬁnem
1224 4524 1504 4570 assecutos
1549 4517 1703 4585 ejus.
1739 4534 1846 4586 quo
1887 4527 2114 4588 uterque

554 4600 768 4652 illorum
800 4603 1100 4662 tenebatur.
1127 4606 1274 4660 illum
1310 4606 1526 4674 quidem
1554 4610 1755 4671 somni,
1791 4611 1934 4664 hunc
1960 4614 2116 4681 κει-ἰ-

554 4690 830 4758 tudinis);
868 4692 937 4744 ita
981 4702 1034 4746 et
1085 4697 1137 4747 in
1185 4699 1460 4764 proposito
1510 4701 1861 4754 mutationem
1909 4712 2117 4757 natura:

556 4781 803 4835 humana!
828 4783 880 4835 in
914 4791 1114 4837 statum
1151 4784 1362 4838 felicem
1389 4796 1441 4841 et
1477 4788 1710 4850 beatum,
1745 4791 1902 4844 linem
1937 4790 2117 4845 inimi-

553 4887 740 4924 corum
776 4875 1079 4940 appellavit.
1116 4873 1282 4928 Porro
1309 4872 1501 4929 ‘ttnum
1542 4879 1802 4932 duntaxat
1837 4880 2115 4935 diversmn

553 4960 624 5012 ab
648 4959 773 5014 aliis
801 4961 1017 5013 modum
1043 4961 1438 5030 diapsalmatis,
1467 4973 1580 5018 toto
1613 4965 1947 5022 Psalmorum
1983 4971 2119 5025 libro

552 5052 986 5113 observavimus,
1033 5053 1084 5104 in
1117 5068 1226 5105 uno
1255 5053 1490 5121 quodam
1526 5072 1588 5109 ex
1637 5059 1860 5125 psalmis
1895 5061 1969 5124 5°;
2011 5077 2116 5116 non

551 5143 694 5194 enim
725 5142 800 5194 ait
826 5143 1145 5211 simpliciter
1174 5162 1190 5194 ι
1226 5143 1549 5212 Diapsalma,
1588 5165 1605 5197 ι
1647 5149 1738 5203 sed
1774 5169 1789 5200 ι
1829 5151 2116 5206 Canticum
2143 5147 2162 5160 “

551 5233 960 5300 diapsalmatis,
995 5253 1012 5284 ι
1044 5247 1098 5288 et
1129 5235 1264 5290 forte
1287 5238 1462 5290 oratio
1495 5239 1698 5293 librarii
1725 5242 2117 5312 ctdpeinversa

550 5329 656 5382 est,
689 5328 746 5374 ut
778 5321 1064 5377 dicendum
1102 5326 1281 5393 potius
1306 5327 1396 5388 sit,
1431 5347 1449 5377 ι
1489 5328 1700 5383 Cantici
1736 5331 2055 5402 diapsalma,
2096 5353 2113 5385 ι

551 5421 606 5466 et
629 5429 736 5466 non
771 5413 1042 5467 canticum
1077 5413 1473 5480 diapsalmatis.

622 5505 885 5562 (laetorum
910 5522 1031 5559 cum
1063 5514 1186 5561 ante
1217 5511 1404 5565 mulos
1434 5514 1632 5567 versari
1657 5513 1846 5570 debeat
1876 5515 2115 5570 divinum

624 5660 669 5691 "
702 5659 837 5714 Psal.
877 5678 926 5724 ι,
958 5660 1002 5713 l.

2221 4523 2312 4576 τοῦ
2352 4522 2541 4582 ὕπνου,
2575 4521 2664 4573 τὸν
2689 4521 2745 4573 δέ
2769 4522 2866 4589 τῆς
2898 4519 3053 4571 νόσου
3079 4521 3116 4579 l'
3150 4515 3297 4570 οὕτω
3328 4518 3423 4569 καὶ
3447 4511 3671 4566 ἐνταῦθα
3697 4505 3779 4572 τὴν

2221 4613 2302 4674 είς
2336 4611 2396 4663 τὸ
2424 4611 2689 4679 μακάριον
2717 4609 2814 4678 τῆς
2850 4606 3192 4676 ἀνθρωπίνης
3225 4605 3450 4672 φύσεως
3482 4596 3776 4672 μεταϐολὴν.

2223 4705 2396 4773 πέρας
2451 4704 2559 4755 τῶν
2611 4701 2818 4771 ἐχθρῶν
2873 4697 3280 4766 κατωνόμασεν.
3343 4692 3481 4746 Ἕνα
3529 4691 3584 4742 δὲ
3643 4686 3777 4756 μόνον

2223 4793 2618 4864 ἐξηλλαγμένον
2647 4792 2846 4861 τρόπον
2868 4787 3236 4856 διαψὰλματος
3264 4787 3323 4837 ἐν
3355 4785 3507 4854 πάσῃ
3536 4783 3598 4849 τῇ
3636 4773 3778 4846 βίϐλῳ

2224 4886 2331 4938 τῶν
2366 4883 2609 4953 Ψαλμῶν
2661 4880 2800 4934 κατά
2835 4881 2926 4933 τὸν
2968 4879 3179 4932 ἔννατον
3223 4875 3445 4945 ψαλμὸν
3498 4866 3780 4953 παρετηρήξ

2226 4992 2416 5044 σαμεν.
2467 4951 2541 5025 σύ
2597 4971 2705 5041 γὰρ
2760 4969 2964 5029 ἁπλῶς,
2999 4986 3016 5017 ι
3056 4965 3374 5035 Διάψαλμα,
3411 4985 3429 5014 ι
3467 4963 3644 5030 φησὶν,
3681 4951 3778 5008 ἀλλ’

2229 5085 2246 5117 ⁴
2448 5064 2836 5133 διαψάλματος.
2880 5080 2896 5110 ι
2951 5058 3102 5128 Τάχα
3140 5057 3237 5126 μὲν
3292 5053 3388 5109 οὖν
3439 5055 3779 5120 ἀνέστραπται

2226 5159 2364 5210 κατά
2395 5175 2446 5209 τι
2488 5155 2708 5223 σφάλμα
2735 5150 3002 5222 γραφικδν
3035 5151 3062 5201 ὁ
3092 5149 3278 5215 λόγος.
3313 5147 3454 5200 ὣστε
3500 5145 3605 5197 δεῖν
3646 5138 3778 5202 λέγε-

2228 5246 2349 5298 σθαι
2399 5245 2613 5314 μᾶλλον,
2655 5259 2674 5291 ι
2698 5241 2848 5310 ᾩδῆς
2877 5236 3175 5307 διαψαλμα,
3206 5255 3224 5286 ι
3261 5236 3358 5289 καὶ
3392 5236 3490 5286 οὕκ
3517 5230 3651 5301 ᾠδὴν
3680 5226 3779 5277 δια-

2224 5335 2522 5404 ψάλματος.

2303 5514 2445 5585 Πλὴν
2475 5511 2658 5581 ἐπειδὴ
2700 5508 2962 5581 προσήκει
2999 5507 3102 5579 πρὸ
3134 5504 3431 5574 ὀφθαλμῶν
3463 5503 3599 5572 ἔχειν
3657 5492 3708 5546 τὸ
3730 5492 3780 5542 ἐν
