4018 6334
221 227 293 282 5“
1522 235 1591 292 IN
1627 239 1959 300 PSALMOS.

3284 263 3390 318 542

223 348 273 412 τῇ
305 338 626 412 ’Δπικτλύψει
671 347 766 400 τοῦ
822 349 1066 405 Ἰωάννου
1096 353 1344 425 κείμενον
1376 359 1554 429 κρῖμα
1582 359 1724 412 κατὰ

1831 363 1960 418 illud
2027 367 2082 420 in
2139 365 2362 423 Joannis
2419 369 2738 441 Apocalypsi
2802 373 3069 440 prolatum
3117 376 3385 446 judicium

218 435 298 488 τών
329 436 735 504 μεταποιούντων
765 439 835 494 τὰ
880 441 998 496 θεῖα
1036 446 1102 498 ἐκ
1144 447 1460 519 προσθήκης
1498 451 1529 521 ἢ
1567 452 1727 518 ὑφαι-

219 530 388 599 ρέσεως,
408 528 765 596 φυλάσσοντες
820 534 918 604 τὴν
957 536 1350 606 παραδοθεῖσαν
1387 541 1517 610 ἡμῖν
1551 543 1606 594 ἐν
1649 541 1726 611 τῷ

217 621 335 690 μέρει
372 621 532 692 τούτῳ
581 623 681 692 τῆς
708 625 933 695 Γραφῆς
985 628 1326 693 ἀκολουθίαν,
1391 631 1726 701 ἀναζητῆσαι

215 712 526 783 πειρασόμεθα
555 715 656 784 τήν
685 717 866 769 αἰτίαν
894 718 986 770 τοῦ
1009 718 1110 788 τῆς
1149 721 1306 792 ᾮδῆς
1337 721 1722 792 διαψάλματος,

213 808 303 876 ἣτις
334 806 482 859 ἐστίν.
528 806 868 878 Λογιζόμεθα
901 813 1100 873 τοίνυν,
1145 814 1226 865 ὅτι
1271 814 1379 866 ἀπὸ
1405 812 1592 867 τούτου
1632 816 1726 868 καὶ

213 895 358 969 μέχρις
375 897 460 951 τοῦ
495 900 694 970 ἐφεξῆς
723 901 1104 973 διαψάλματος,
1140 903 1196 956 ἒν
1219 903 1492 975 διάψαλμα
1520 901 1608 975 ἦν,
1629 904 1724 958 τοῦ

209 992 326 1058 ἁγίου
352 989 655 1058 Πνεύματος
689 993 984 1047 ἐντιθέντος
1013 993 1089 1064 τῷ
1140 994 1302 1048 Δαυῒδ
1347 995 1415 1048 τὰ
1455 996 1554 1066 τῆς
1589 1010 1725 1066 προ-

205 1079 382 1149 persia;
407 1080 672 1148 νοήματα.
725 1080 864 1133 Ἀλλ’
890 1081 987 1151 οὐχ
1022 1081 1210 1152 ὥσπερ
1240 1080 1332 1136 ἐπὶ
1369 1083 1476 1136 τῶν
1501 1083 1721 1148 λοιπῶν,

203 1171 311 1223 οὕτω
333 1172 414 1223 καὶ
435 1170 670 1223 ἐνταῦθα
699 1171 932 1238 ἐγένετο.
994 1173 1084 1226 Ἐν
1121 1173 1221 1244 μὲν
1253 1174 1361 1244 γὰρ
1397 1175 1510 1236 τοῖς
1547 1174 1724 1237 ἄλλοις

198 1265 244 1314 οὗ
276 1261 395 1314 κατὰ
427 1262 626 1314 ταυτὸν
663 1264 942 1333 ἐνηργεῖτο
977 1265 1012 1334 ἦ
1058 1281 1116 1316 τε
1147 1266 1449 1335 κατήχησις
1493 1269 1524 1336 ὴ
1580 1269 1724 1320 κατὰ

201 1357 244 1406 τὸ
264 1355 545 1424 ἀπόρρητον
573 1356 639 1424 τῇ
673 1355 818 1425 ψυχῇ
860 1355 1008 1425 παρὰ
1038 1354 1131 1408 τοῦ
1163 1355 1477 1426 Πνεύματος
1521 1359 1724 1425 ἐγγινο-

199 1452 321 1520 μένη,
341 1451 423 1502 καὶ
447 1452 479 1519 ὴ
518 1450 616 1520 τῆς
646 1450 950 1520 ὲντεθείσης
973 1448 1121 1520 αὐτῷ
1157 1451 1411 1520 γνώσεως
1436 1451 1725 1523 ἐξαγόρευ-

200 1554 276 1600 at:
296 1539 411 1592 ἀλλὰ
445 1542 549 1608 τῆς
581 1539 804 1610 καρδίας
835 1540 1041 1593 ἔνδοθεν
1069 1541 1479 1610 διδάσκομέν-ης,
1509 1543 1538 1593 ὁ
1569 1541 1723 1609 λόγος

193 1628 430 1697 ἡσύχαζεν.
472 1629 743 1681 Ἐνταῦθα
771 1629 826 1682 δὲ
857 1628 991 1700 ὁμοῦ
1016 1630 1082 1683 τὰ
1106 1627 1200 1683 δύο
1238 1631 1330 1684 καὶ
1363 1633 1502 1685 κατὰ
1529 1632 1722 1685 ταύτὸν

198 1721 464 1790 ἐνεργεῖται,
495 1721 595 1773 καὶ
649 1721 1010 1791 παραγίνεται
1060 1721 1207 1792 αὐτῷ
1256 1721 1456 1791 μεταξὺ
1511 1739 1724 1793 προφηο

195 1810 356 1863 τεύοντι
383 1812 413 1880 ή
431 1810 549 1863 τῶν
567 1811 909 1883 ὑψηλοτέρων
926 1813 1210 1882 νοημάτων
1229 1813 1545 1865 διδασκαλία
1576 1814 1726 1884 παρὰ

197 1901 263 1952 τοῦ
283 1901 602 1970 Πνεύματος,
635 1901 805 1954 καὶτὸ
829 1902 1050 1971 συνεχὲς
1080 1902 1180 1972 τῆς
1218 1900 1479 1972 μελῳδίας
1509 1902 1570 1956 οὐ
1612 1903 1727 1956 δια-

200 1992 420 2046 κόπτεταιν
473 1993 598 2046 ἀλλ’
627 1993 836 2062 ὲμφυὲν
874 1993 953 2063 τῷ
982 1993 1196 2064 ὀργάνῳ
1227 1993 1320 2046 τοῦ
1352 1997 1630 2065 προφήτου
1664 1994 1726 2049 τὸ

199 2085 366 2154 Πνεῦμα
392 2085 448 2137 τὸ
476 2085 663 2152 ἅγιον,
702 2085 835 2137 αὐτὸ
860 2085 999 2137 κατὰ
1026 2085 1124 2155 τὴν
1168 2085 1304 2138 ἰδίαν
1341 2085 1564 2156 γνώμην
1590 2089 1730 2140 κινεῖ

199 2177 240 2228 τὰ
253 2179 496 2246 φωνητικὰ
531 2177 880 2247 αἰσθητήρια,
901 2175 975 2239 ὡς
1003 2179 1139 2247 μήτε
1163 2176 1259 2246 τὴν
1280 2177 1421 2247 ᾠδὴν
1437 2177 1724 2243 διαλιπεῖν,

193 2272 296 2340 μήτε
337 2269 731 2340 ἐμποδισθῆιαι
779 2269 878 2338 τὴν
934 2265 1283 2322 διδασκαλίαν
1344 2267 1422 2338 τῷ
1481 2269 1725 2338 φθόγγῳ·

192 2364 295 2434 αὕτη
323 2363 474 2434 γὰρὴ
511 2359 839 2413 διδασκαλία
876 2359 970 2413 τοῦ
1009 2359 1322 2429 Πνεύματος
1357 2360 1418 2412 τὸ
1449 2360 1608 2429 μέλος
1635 2356 1722 2430 ἦν,

191 2455 329 2518 καθὼς
349 2454 609 2525 ὀνομάζει
640 2456 668 2506 ὁ
702 2453 1013 2522 Σύμμαχος.
1063 2453 1150 2505 Ἐν
1177 2451 1388 2514 πολλοῖς
1413 2451 1468 2506 δὲ
1509 2453 1728 2523 μέρεσιν

195 2550 263 2617 τῆς
284 2544 593 2617 ψαλμῳδίας
619 2543 1011 2616 εὑρισκομένης
1034 2545 1132 2614 τῆς
1149 2544 1402 2615 τοιαύτης
1423 2543 1724 2613 διαστολῆς,

188 2636 350 2705 ἀρκοῦν
375 2637 435 2689 ἂν
468 2636 588 2706 εἴη,
620 2635 708 2688 διὰ
748 2634 855 2687 τῶν
877 2632 1178 2705 εἰρημένων
1206 2634 1392 2704 ἔφοδον
1417 2636 1598 2710 κοινὴν
1629 2637 1727 2705 τῆς

190 2727 257 2778 τοῦ
285 2728 652 2798 διαψάλματος
693 2725 1073 2797 κατανοήσεως
1099 2726 1550 2796 παρασχομένους
1571 2766 1585 2786 ,
1621 2745 1724 2797 μη-

185 2819 273 2868 κέτι
301 2820 452 2870 πᾶσιν
482 2817 562 2871 δι’
595 2816 881 2887 ἀκριϐείας
927 2815 1200 2879 ἐπεξιέναι
1235 2818 1344 2878 τοῖς
1369 2816 1723 2886 διαψάλμασι.

186 2907 418 2977 Πιρὲλκον
437 2910 556 2979 γὰρ
588 2909 703 2977 ἅμα
725 2907 817 2960 καὶ
848 2906 1100 2977 περιττὸν
1121 2907 1593 2977 ὲμφιλοχωροῦντα
1616 2910 1727 2970 τοῖς

1827 464 2018 509 contra
2065 457 2209 520 illos,
2238 459 2329 526 qui
2359 460 2540 513 divina
2577 463 2798 513 oracula
2839 462 3116 519 additione
3147 469 3227 520 vel
3259 468 3386 522 sub-

1827 548 2092 599 tractione
2127 547 2411 601 immutant
2445 548 2529 613 ⁶¹;
2566 550 2839 602 custodito
2888 567 2953 604 eo
2994 553 3085 620 qui
3131 554 3287 608 nobis
3332 554 3386 608 in

1827 635 1928 690 hac
1974 649 2124 706 parte
2172 635 2465 708 Scriptura:
2511 640 2742 695 traditus
2773 650 2854 694 est
2883 643 3114 706 ordine,
3173 644 3389 697 investi-

1825 743 1952 796 gare
1983 728 2301 782 conabimur
2330 745 2576 798 quaenam
2608 730 2678 785 sit
2708 746 2875 784 causa
2908 733 3102 786 cantici
3150 734 3384 800 diapsal-

1827 819 2006 871 matis.
2040 817 2097 871 In
2135 829 2367 874 mentem
2402 821 2565 890 igitur
2606 836 2922 875 revocemus
2944 863 2956 887 ,
2988 825 3054 874 ab
3085 823 3184 877 hoc
3219 841 3390 893 usque

1825 908 1892 961 ad
1942 924 2177 978 sequens
2237 911 2571 980 diapsalma,
2628 929 2794 966 unum
2841 914 3140 981 diapsalma
3183 909 3388 976 fuisse.

1827 998 2032 1066 Spiritu
2069 1009 2259 1077 sant-to
2305 1001 2486 1054 Davidi
2564 1003 2857 1072 prophetiae
2899 1011 2952 1058 et
2984 1005 3390 1060 vaticinationis

1826 1107 1984 1146 sensa
2009 1101 2061 1145 et
2087 1094 2336 1146 notiones
2361 1093 2691 1161 inspirante;
2716 1094 2807 1148 sed
2839 1110 2944 1148 non
2967 1111 3031 1148 eo
3057 1113 3163 1164 quo
3191 1098 3245 1149 in
3269 1097 3390 1150 aliis

1825 1183 2030 1237 solebat
2064 1184 2223 1237 modo
2253 1224 2266 1248 ,
2297 1185 2367 1236 ita
2396 1193 2448 1238 et
2491 1185 2578 1239 hic
2607 1186 2710 1255 egit
2751 1185 2833 1240 :in
2871 1187 2992 1241 aliis
3034 1189 3176 1241 enim
3226 1190 3387 1243 simul

1826 1291 1931 1327 non
1959 1283 2113 1328 erant
2162 1275 2428 1330 institutio
2475 1276 2540 1330 de
2582 1278 2895 1332 coalestibus
2934 1282 3148 1334 arcanis
3185 1280 3321 1334 facta
3359 1297 3388 1333 a

1827 1363 2029 1430 Spiritu
2078 1373 2299 1430 sancto,
2349 1373 2402 1418 et
2453 1367 2796 1435 cogitationis
2850 1369 3110 1422 divinitus
3153 1377 3391 1436 accepta:

1823 1455 2077 1520 elocutio,
2111 1462 2163 1510 et
2193 1454 2481 1524 patefactio
2503 1497 2517 1519 ,
2551 1458 2643 1510 sed
2681 1473 2800 1512 curn
2831 1475 2924 1513 cor
2949 1460 3178 1513 interius
3206 1459 3389 1513 erudi-

1825 1555 1994 1613 retur,
2049 1563 2230 1602 sermo
2276 1550 2407 1604 foris
2437 1551 2772 1618 quiescebat.
2809 1549 2906 1604 llic
2944 1568 3071 1605 vero
3124 1551 3232 1606 duo
3277 1553 3390 1605 haec

1824 1636 2231 1706 conjunguntur
2262 1637 2420 1691 simul
2455 1647 2507 1692 et
2543 1636 2732 1691 eodem
2766 1647 3026 1707 tempore.
3061 1637 3193 1693 Nam
3225 1648 3279 1693 et
3303 1639 3388 1692 di-

1827 1727 2055 1794 sciplina
2107 1728 2480 1781 sublimiornm
2523 1739 2854 1788 secretorum
2905 1731 3044 1784 inter
3095 1731 3391 1783 vaticinan-

1827 1819 1952 1875 duni
1988 1821 2061 1873 illi
2087 1809 2272 1882 "adest,
2304 1821 2584 1891 seriesque
2617 1823 2873 1874 euntinna
2904 1822 3145 1875 melodiaa
3176 1838 3282 1875 non
3306 1823 3389 1874 in-

1831 1913 2209 1980 terrumpitur,
2259 1913 2385 1981 quia
2437 1910 2670 1981 Spiritus
2705 1923 2926 1968 sanctus
2983 1915 3256 1982 prophctm
3308 1930 3391 1966 or-

1829 2017 1969 2067 gano
2008 2003 2165 2071 quasi
2210 2004 2613 2067 inluerrsceus,
2657 2006 2880 2058 arbitrio
2926 2020 3025 2058 suo
3064 2006 3267 2057 vocalia
3311 2007 3391 2057 in-

1829 2100 2133 2147 strumenta
2167 2100 2364 2158 movet,
2398 2106 2456 2146 ut
2491 2112 2664 2163 neque
2695 2106 2866 2149 cesset
2891 2095 3186 2158 canticum,
3220 2110 3392 2162 nequa:

1828 2185 1990 2239 etiam
2043 2197 2309 2240 concentu
2368 2187 2696 2255 impediatur
2747 2187 3016 2241 doctrina.
3075 2187 3194 2255 lpsa
3246 2189 3391 2238 enim

1828 2275 2074 2329 doctrina
2112 2274 2346 2346 Spiritus
2394 2281 2565 2331 sancti
2626 2285 2818 2330 cantus
2868 2292 2962 2329 seu
3013 2277 3180 2330 melos
3236 2283 3389 2335 erat.

1830 2375 1988 2436 prout
2017 2374 2069 2420 et
2100 2383 2128 2420 a
2165 2368 2490 2438 Symmacho
2526 2369 2857 2421 nominatur.
2889 2365 2957 2418 At
3002 2381 3128 2418 vero
3171 2379 3292 2417 enni
3338 2364 3390 2415 in

1831 2459 2016 2512 multis
2052 2460 2382 2528 psalmorum
2433 2459 2679 2527 partibus
2723 2458 3033 2527 hnjusniodi
3071 2457 3394 2524 interrupiio

1829 2550 2148 2618 reperiatur,
2177 2550 2310 2603 satis
2336 2549 2566 2604 fortasse
2600 2551 2760 2602 fuerit
2788 2565 2879 2617 per
2900 2565 2961 2602 ea
2991 2564 3108 2615 qth
3132 2547 3390 2608 diximus,

1829 2656 2168 2693 (‘UIIIIIIIIIICIII
2208 2642 2363 2710 quasi
2393 2641 2532 2693 viam
2581 2639 2839 2693 stravisse
2871 2638 2935 2691 ad
2990 2637 3391 2707 percipiendam

1829 2733 2199 2801 diapsalniatis
2234 2733 2529 2794 notionem,
2555 2740 2614 2784 ut
2645 2731 2868 2800 proinde
2894 2731 3122 2800 Singulis
3155 2730 3394 2797 diapsal-

1829 2825 1988 2878 matis
2006 2825 2340 2894 explicandis
2363 2839 2467 2878 non
2500 2824 2572 2876 sit
2602 2823 2996 2876 immorandum
3020 2840 3034 2886 ;
3069 2823 3225 2873 inane
3247 2821 3392 2872 enim

1830 2920 1988 2971 simul
2035 2924 2088 2970 et
2127 2932 2521 2984 supervacuum
2584 2915 2760 2979 foret,
2815 2914 3006 2968 sedulo
3053 2912 3392 2966 insistentem

180 3000 501 3070 ἐγνωσμένοις
545 2999 641 3052 διὰ
688 2998 795 3052 τῶν
833 2997 1274 3069 ὁμολογουμένων
1325 2998 1587 3068 μηκύνειν
1635 2998 1726 3053 τὸν

1833 3009 1992 3061 rebus
2016 3007 2126 3076 jam
2164 3007 2332 3068 notis,
2378 3006 2692 3076 protrahere
2720 3020 3026 3058 sermonem
3062 3019 3154 3072 per
3180 3018 3242 3057 ea
3275 3017 3395 3069 quae

182 3087 322 3154 λόγον.

686 3219 1078 3275 ΚΕΦΑΛΑΙΟΝ
1112 3222 1212 3276 IA'.

243 3331 384 3386 Ἀλλὰ
433 3335 530 3386 καὶ
587 3331 747 3385 τοῦτο
787 3331 854 3385 ἄν
891 3347 974 3392 τις
1005 3331 1228 3394 εἰκότως
1260 3329 1635 3402 ἐπιζητήσειε,
1674 3327 1726 3384 τί

166 3424 335 3492 δήποτε
363 3429 429 3496 τῇ
466 3423 773 3492 ἀκολουθίᾳ
813 3423 911 3492 τῆς
947 3423 1186 3492 ἱστορίας
1217 3422 1544 3492 ἀσύμφωνός
1579 3423 1726 3474 ἐστιν

168 3517 194 3583 ἡ
226 3516 358 3580 τάξις
395 3517 498 3587 τῆς
526 3513 877 3586 ψαλμῳδίας.
911 3511 974 3568 Ei
1006 3516 1113 3586 γάρ
1156 3532 1240 3577 τις
1277 3510 1531 3584 προσέχοι
1555 3511 1631 3581 τῷ
1666 3523 1727 3564 τε

163 3610 369 3679 [prmch
405 3609 775 3677 διαστήματι,
805 3608 861 3658 έν
889 3600 933 3674 ᾧ
964 3607 1185 3673 γέγονεν
1212 3603 1244 3674 ή
1279 3604 1391 3673 ζωὴ
1420 3603 1514 3656 τοῦ
1544 3603 1724 3668 Δαυῒδ,

165 3703 239 3750 καὶ
269 3704 328 3770 τῇ
353 3701 465 3754 τῶν
498 3699 854 3770 πραγμάτων
883 3697 1195 3767 ἀκολουθίᾳ,
1223 3698 1321 3749 οὐκ
1354 3696 1419 3749 ἂν
1445 3695 1594 3766 εὖροι
1631 3694 1728 3765 τὴν

155 3790 243 3841 τῶν
262 3792 498 3862 ψαλμῶν
523 3791 686 3844 θέσιν
735 3792 800 3858 τῇ
829 3788 978 3852 τάξει
1009 3789 1103 3858 τῆς
1139 3788 1376 3857 ἱστορίας
1409 3784 1729 3856 συμϐαίνου-

161 3897 256 3936 σαν.
288 3886 476 3955 Φαμὲν
524 3885 718 3937 τοίνυν
754 3883 846 3935 ἐπὶ
873 3881 964 3934 τὸν
1007 3880 1222 3950 πρῶτον
1253 3879 1408 3950 ἡμῶν
1433 3879 1527 3932 τοῦ
1569 3879 1728 3946 λόγου

151 3977 329 4028 σκοπὴν
358 3975 809 4046 ἀνατρέχοντες,
871 3972 954 4026 ὅτι
984 3971 1195 4034 οὐδενὸς
1224 3969 1426 4023 τούτων
1462 3969 1610 4039 μέλει
1653 3965 1730 4039 τῷ

151 4063 437 4136 διδασκάλῳ
480 4065 676 4135 ἡμῶν.
726 4061 1052 4115 Διδάσκαλον
1080 4061 1208 4131 γὰρ,
1241 4057 1413 4127 οἶμαι,
1449 4059 1732 4128 ὀνομάζειν

142 4153 289 4209 δεῖτὸ
325 4157 584 4226 Πνεῦμα.
618 4155 679 4207 τὸ
714 4154 887 4221 ἅγιον,
920 4151 1104 4214 καθώς
1141 4169 1306 4222 φησιν
1339 4150 1366 4200 ὁ
1397 4149 1619 4219 Κύριος’
1651 4150 1731 4201 ὅτι

147 4261 166 4290 1
216 4247 458 4310 Ἐκεῖνος
489 4245 707 4311 διδάξει
753 4245 898 4313 ὑμᾶς
925 4245 1120 4296 πάντα.
1160 4261 1177 4292 ι
1211 4240 1396 4310 Τούτῳ
1432 4240 1610 4293 τοίνυν
1655 4239 1734 4308 τῷ

1826 3098 2068 3152 omnium
2099 3112 2370 3151 consensu
2409 3097 2801 3166 approbantur.

2429 3228 2660 3284 CAPUT
2702 3225 2790 3282 XI.

1897 3321 2002 3377 Sed
2033 3330 2087 3378 et
2117 3322 2220 3377 hoc
2252 3323 2446 3375 merito
2467 3323 2590 3390 quis
2623 3327 2846 3389 quaerat,
2879 3332 3040 3387 quam
3075 3313 3291 3370 tandem
3323 3315 3394 3367 oh

1826 3429 2047 3469 causam
2076 3414 2210 3468 ordo
2256 3412 2592 3466 Psalmorum
2628 3426 2750 3464 cum
2787 3410 3030 3464 historia:
3061 3405 3254 3460 ordine
3291 3421 3396 3458 non

1827 3505 2131 3559 consentiat
2161 3521 2174 3556 :
2208 3502 2254 3555 si
2287 3501 2410 3571 quis
2447 3502 2591 3554 enim
2625 3500 2866 3554 animum
2903 3500 3148 3552 advertat
3174 3496 3239 3549 ad
3273 3512 3399 3563 spa-

1830 3599 1964 3651 tium
2001 3595 2259 3663 temporis
2287 3610 2396 3663 quo
2430 3591 2598 3646 David
2635 3592 2789 3654 vixit,
2825 3598 2878 3644 et
2900 3590 2966 3642 ad
3002 3605 3178 3643 rerum
3215 3596 3398 3655 gesta-

1830 3703 1948 3740 rum
1981 3686 2207 3748 seriem,
2239 3700 2344 3737 non
2383 3699 2514 3737 sane
2556 3683 2794 3736 inveni-et
2830 3680 3172 3734 Psalmorum
3213 3678 3400 3731 distri-

1830 3777 2106 3832 butionem
2150 3786 2204 3830 et
2239 3775 2558 3843 positionem
2595 3790 2718 3826 cum
2753 3773 3010 3839 temporis
3043 3771 3234 3824 ordine
3277 3785 3400 3822 con-

1828 3872 2036 3924 venire.
2080 3866 2299 3922 Reversi
2345 3867 2410 3920 ad
2442 3866 2767 3935 principium
2806 3864 3077 3920 sermonis
3114 3862 3281 3915 nostri
3316 3876 3398 3914 τοι

1831 3958 2192 4028 spondemus,
2230 3956 2362 4010 nihil
2392 3957 2583 4009 horum
2616 3955 2912 4009 doctori‘et
2941 3951 3257 4022 praeceptori
3301 3965 3399 4004 no—

1833 4061 1948 4106 stro
1975 4066 2119 4105 curae
2148 4065 2305 4114 esse;
2341 4050 2617 4103 doctorem
2649 4049 2814 4112 eni-n,
2856 4048 2961 4101 nisi
2997 4028 3202 4104 fallor;
3227 4043 3402 4095 nomi-

1832 4157 1964 4196 nare
1983 4148 2196 4210 oportet
2225 4139 2486 4208 Spiritum
2506 4147 2774 4200 sanctum,
2807 4145 2964 4205 prout
2997 4135 3258 4187 Dominus
3287 4133 3397 4182 ait:

1838 4252 1856 4284 ι
1897 4232 1988 4285 Ille
2013 4248 2108 4286 vos
2147 4230 2366 4284 docebit
2397 4228 2601 4282 omnia.
2642 4247 2658 4278 ι
2705 4225 2844 4279 Huic
2893 4227 3057 4294 igitur
3093 4222 3398 4275 animorum

141 4335 416 4409 καθηγητῇ
443 4338 574 4390 τῶν
607 4337 795 4406 ψυχῶν
825 4335 979 4406 ἡμῶν
1010 4336 1103 4388 καὶ
1130 4333 1433 4402 διδασκάλῳ
1483 4332 1729 4400 πάρεργα

1840 4332 2149 4379 nostrorum
2193 4320 2491 4375 institutori
2537 4319 2718 4372 omnia
2751 4318 2854 4370 alia
2885 4317 2949 4370 ad
2989 4331 3099 4370 rem
3132 4313 3402 4383 pertinere

137 4428 195 4478 τὰ
214 4429 345 4482 ἄλλα
369 4431 578 4483 πάντα
606 4430 772 4492 δοκεῖ,
801 4429 1001 4497 σπουδὴ
1023 4427 1079 4479 δὲ
1099 4425 1162 4478 τι
1181 4422 1584 4494 περισώσασθαι
1610 4423 1734 4484 τοὺς

133 4518 185 4568 ἐν
207 4522 269 4589 :g
321 4522 690 4591 ματαιότητι
718 4521 816 4590 τῆς
847 4520 993 4588 ζωῆς
1021 4516 1435 4588 πλανωμένους,
1481 4515 1572 4567 καὶ
1603 4513 1736 4584 πρὸς

132 4607 220 4675 τὴν
247 4612 431 4682 ἁληθῆ
463 4612 635 4683 ζωὴν
678 4606 1093 4678 ὲφελκύσασθαι.
1126 4608 1295 4660 Παντὶ
1333 4607 1439 4676 γὰρ
1480 4605 1558 4675 τῷ
1596 4603 1738 4657 κατά

131 4713 238 4753 τινα
263 4703 486 4756 σκοπὸν
525 4701 980 4772 κατορθουμένῳ,
1009 4701 1162 4765 τάξις
1189 4715 1274 4761 τις
1316 4697 1500 4750 ἔπεστι
1536 4695 1736 4764 φυσική

129 4803 180 4842 τε
219 4794 315 4844 καὶ
360 4793 703 4861 ἀναγκαία,
756 4795 788 4862 ἠ
833 4793 898 4845 δι’
949 4790 1246 4846 ἀκολούθου
1305 4785 1639 4857 κατορθοῦσα
1678 4785 1740 4837 τὸ

134 4882 619 4954 σπθυδαξὸμενον.
665 4885 874 4954 Ὠσπερ
922 4883 1098 4936 τοίνυν
1131 4881 1224 4934 ἐπὶ
1261 4877 1368 4931 τῶν
1388 4873 1735 4944 λιθογλύφων,

135 4973 323 5034 τῑθπδς
360 4977 470 5044 μὲν
502 4975 703 5037 αὐτοῖς
735 4974 830 5044 τῆς
862 4974 1125 5044 ἐργασίας
1154 4971 1270 5024 ἐστὶ
1298 4970 1358 5023 τὸ
1384 4969 1520 5039 πρός
1551 4983 1601 5018 τι
1633 4964 1739 5017 τῶν

135 5057 291 5112 ᾗ’ντων
330 5064 640 5134 ὁμοιῶσαι
681 5064 772 5117 τὸν
808 5064 973 5126 λίθον,
1025 5064 1124 5116 οὐκ
1166 5061 1326 5126 εὐθὺς
1371 5056 1427 5114 δὲ
1477 5058 1540 5110 τὸ
1585 5055 1740 5125 ἔργον

140 5152 232 5203 ἀπὸ
252 5155 352 5206 τοῦ
391 5157 660 5226 πέρατος
687 5154 929 5225 ἄρχεται,
970 5155 1084 5206 ἀλλ’
1110 5155 1408 5228 ἐπιτίθησιν
1442 5149 1742 5216 ἀναγκαίαν

141 5242 247 5291 τε·θᾶ
291 5245 361 5312 τῇ
413 5243 648 5311 σπουδῇ
686 5244 836 5307 τάξιν
870 5245 903 5313 ἡ
933 5243 1126 5312 τέχνη,
1170 5240 1235 5319 ἧς
1273 5250 1399 5307 ἄνευ
1451 5242 1554 5296 οὐκ
1588 5238 1653 5291 ἂν
1685 5238 1744 5290 τὸ

153 5330 603 5418 ατο-βιαζόμενον
640 5331 846 5395 γένοιτο
874 5331 1013 5400 (χρὴ
1045 5333 1146 5404 γὰρ
1180 5344 1386 5418 πρῶτον
1428 5333 1533 5406 μὲν
1569 5326 1741 5396 ἀπορ-

155 5417 296 5485 ρἧιι
325 5425 432 5490 τῆς
465 5439 536 5473 τι
549 5421 764 5490 μφυοῦς
807 5422 1010 5489 πέτρας
1040 5423 1121 5478 τὸν
1150 5417 1304 5506 λίθον.
1341 5431 1470 5498 εἶτα
1511 5417 1740 5488 περικό-

167 5508 361 5575 ᾢιιτᾶς
398 5512 694 5582 προϐολὰς
723 5514 826 5564 τῶν
865 5513 1144 5599 ἀχρήστων³
1183 5554 1301 5614 “rb.
1326 5539 1436 5595 ,er
1471 5513 1578 5574 τοῦ
1612 5525 1742 5578 προ-

1186 5589 1242 5614 ινλλ
1277 5598 1295 5614 ο
1336 5585 1352 5601 ⁸
1386 5586 1396 5611 ι

1201 5597 1270 5635 νίΙἸ
1277 5598 1295 5623 ς

229 5663 268 5693 ⁸³
306 5669 479 5736 λίνος.
532 5681 678 5726 xw.
722 5666 798 5718 i9.

1841 4433 1948 4470 non
1980 4414 2253 4474 videntur,
2280 4413 2331 4464 in
2365 4410 2417 4464 id
2451 4426 2618 4462 unum
2647 4407 3002 4470 incumlienti,
3031 4414 3089 4459 ut
3114 4412 3404 4458 conservet

1834 4523 1931 4562 eos
1957 4505 2047 4574 qui
2083 4504 2134 4556 in
2169 4503 2268 4556 hac
2299 4502 2423 4555 vita:
2461 4500 2698 4553 vanitate
2737 4499 3012 4557 oberrant,
3044 4504 3099 4550 et
3126 4495 3190 4547 ad
3219 4511 3401 4548 veram

1836 4599 2000 4650 vitam
2031 4595 2282 4649 adducat.
2314 4591 2471 4648 Omni
2512 4591 2656 4645 enim
2701 4590 2809 4652 illi,
2843 4589 3002 4657 cujus
3042 4587 3242 4641 actioni
3280 4587 3404 4637 linis

1837 4687 2173 4758 praestitutus
2217 4693 2336 4744 est.
2367 4682 2529 4736 simul
2568 4681 2730 4736 etiam
2777 4680 2913 4733 ordo
2957 4689 3010 4732 et
3046 4679 3308 4730 naturalis
3351 4684 3405 4729 et

1839 4779 2183 4834 necessarius
2215 4775 2470 4846 pradixus
2509 4783 2611 4838 est,
2645 4772 2738 4839 qui
2774 4771 2914 4825 serie
2938 4770 3176 4838 quadam
3211 4768 3268 4821 id
3296 4767 3406 4818 vili-

1838 4873 1932 4932 cit,
1973 4869 2118 4939 quod
2164 4868 2266 4923 sibi
2315 4865 2585 4935 proponit.
2626 4861 3092 4928 Quemadmodum
3128 4860 3292 4928 igitur
3329 4858 3405 4909 la-

1841 4964 2022 5030 pidum
2052 4959 2421 5027 sculptoribus
2451 4964 2504 5011 et
2534 4954 2835 5013 statuariis,
2876 4952 3000 5005 linis
3037 4949 3272 5004 actionis
3298 4957 3403 5007 est.

1843 5051 2070 5120 lapidem
2095 5050 2160 5104 ad
2187 5049 2418 5116 alicujus
2440 5046 2851 5102 similitudinem
2884 5040 3226 5094 conforniare
3251 5057 3264 5093 :
3299 5054 3405 5090 non

1841 5154 2019 5197 autem
2061 5142 2245 5197 statim
2279 5141 2348 5192 ab
2376 5141 2495 5208 ipso
2529 5138 2631 5203 line
2655 5151 2794 5205 opus
2825 5135 3134 5192 inchoatur,
3159 5130 3250 5183 sed
3281 5131 3430 5197 ραι-ί

1849 5233 2140 5287 cedendum
2170 5239 2254 5285 est
2285 5231 2388 5284 arti
2431 5228 2738 5283 necessario
2767 5225 3000 5294 quodam
3035 5221 3255 5280 ordine,
3289 5218 3407 5270 sine

1842 5340 1949 5393 quo
1998 5324 2202 5377 nullum
2237 5336 2413 5390 operae
2451 5321 2680 5388 pretium
2731 5315 2927 5374 faciat,
2966 5320 3059 5364 ant
3113 5307 3404 5378 quidquam

1845 5415 2129 5486 proﬁciat:
2189 5420 2401 5482 oportet
2452 5410 2600 5464 enim
2656 5407 2831 5474 primo
2886 5403 3116 5470 lapidem
3157 5395 3403 5486 excidere

1844 5481 1912 5556 ab
1962 5503 2028 5556 iis
2063 5481 2326 5571 partibus,
2377 5514 2501 5551 cum
2558 5495 2756 5565 quibus
2796 5490 3113 5545 naturaliter
3161 5481 3398 5536 coaluit:
