4018 6334
647 288 758 350 545

1910 293 1967 348 S.
2008 293 2332 350 GREGORII
2370 295 2663 352 NYSSENI
3737 304 3824 356 5M

647 401 843 458 deinde
884 400 1275 456 circumcidere
1307 399 1632 458 eminentias
1657 445 1671 469 ,
1710 411 1764 458 et
1801 419 2064 461 excursus
2095 422 2211 476 par-

2327 409 2578 479 κειμένου
2625 410 2856 481 μίμησιν
2883 409 3194 479 ἐξεχόντωνυ
3237 408 3332 462 καὶ
3375 407 3534 473 οὕτως
3561 411 3720 483 κοιλᾷν
3754 416 3825 470 διὰ

647 494 780 546 tium
831 492 1098 546 inutilium
1133 491 1199 546 ad
1233 502 1499 564 suscepta:
1531 493 1782 564 imaginis
1830 496 2212 561 imitationem,

647 583 836 654 sicque
864 583 1048 639 labore
1075 593 1130 638 et
1164 583 1344 638 studio
1380 600 1574 642 cavare
1614 587 1735 641 illas
1769 586 1966 656 lapidis
1995 595 2211 656 partes,

647 673 848 742 quibus
869 672 1098 728 sublatis
1133 674 1322 744 incipit
1353 675 1596 731 eminere
1622 678 1676 730 in
1704 693 1769 733 eo
1793 679 1935 746 quod
1968 679 2212 735 relictum

647 769 752 823 est,
778 762 956 831 aliqua
988 763 1198 832 species
1227 764 1500 828 animalis,
1535 768 1622 821 cui
1649 767 1989 823 conﬁciendo
2019 769 2216 826 artifex

647 866 864 922 operam
913 861 1097 907 natat.
1144 851 1273 907 Post
1323 855 1435 909 hmc
1475 856 1854 912 subtilioribus
1887 859 2213 928 quibusdam

645 951 700 997 et
734 943 1075 1000 tenuioribus
1119 946 1494 1000 instrumentis
1526 947 1955 1014 circumradere,
1985 958 2039 1004 et
2072 950 2218 1004 laevi-

647 1048 777 1103 gare
814 1034 1009 1104 lapidis
1059 1037 1409 1105 asperitatem
1459 1037 1793 1108 aggreditur,
1847 1039 2218 1110 subiectatque

646 1125 888 1180 materiae
925 1126 1286 1196 exemplaris,
1321 1142 1419 1182 seu
1478 1131 1746 1201 prototypi
1796 1132 2213 1187 similitudinem

647 1213 856 1277 indere,
895 1223 948 1269 et
980 1223 1238 1285 praetcrea
1281 1218 1476 1287 lapidis
1508 1221 1850 1290 superﬁciem
1883 1223 2122 1292 expolire
2163 1229 2216 1278 et

645 1302 888 1365 elimare,
922 1310 975 1357 et
1007 1304 1275 1360 laeviorem
1305 1306 1548 1372 reddere,
1582 1323 1811 1377 quorum
1843 1311 2080 1364 omnium
2111 1312 2214 1364 mi-

645 1391 872 1447 nisterio
894 1407 984 1449 ars
1006 1394 1317 1464 hujusmodi
1345 1404 1596 1452 ornatum
1619 1401 1767 1468 operi
1791 1400 1960 1454 addit.
2016 1400 2213 1456 Eodem

645 1483 802 1551 plane
835 1484 994 1539 modo
1021 1526 1036 1550 ,
1069 1501 1192 1540 cum
1240 1494 1352 1540 tota
1388 1489 1546 1544 nobis
1573 1499 1767 1544 natura
1800 1491 1870 1545 ob
1911 1491 2216 1559 voluptates

643 1588 936 1643 corporeas
976 1576 1139 1630 veluti
1183 1576 1235 1630 in
1281 1578 1510 1647 lapidem
1543 1594 1806 1634 conversa
1843 1579 1936 1645 sit,
1960 1581 2135 1634 oratio
2162 1590 2216 1636 et

645 1662 939 1730 institutio,
973 1681 1094 1735 quze
1123 1683 1224 1722 nos
1254 1669 1320 1722 ad
1348 1669 1587 1723 divinam
1622 1671 2032 1726 similitudinem
2057 1674 2214 1742 quasi

2316 497 2416 567 τῆς
2450 500 2709 569 ἐργασίας
2736 501 2918 553 ἐκεῖνα
2946 498 3038 551 τοῦ
3084 496 3233 551 λίθου
3265 496 3335 550 τὰ
3369 497 3505 569 μέρη
3525 536 3540 562 ,
3567 492 3634 552 ὧν
3660 502 3830 572 ἐξαιρε-

2316 589 2538 652 θέντων,
2594 591 2818 660 ἄρχεται
2861 590 2985 660 περὶ
3026 589 3089 642 τὸ
3133 588 3444 658 λειπόμενον
3488 590 3744 660 ἐνορᾶσθαι
3783 595 3832 647 τὸ

2318 681 2502 750 σχῆμα
2521 680 2613 732 τοῦ
2641 680 2803 744 ζώου.
2837 681 2961 750 περὶ
2989 681 3017 733 ὃ
3043 680 3142 751 τὴν
3172 679 3405 751 σπουδὴν
3427 681 3454 733 ὁ
3473 682 3694 752 τεχνίτης
3717 684 3830 752 εχει.

2316 769 2410 820 καὶ
2460 769 2597 838 μετὰ
2637 767 2795 821 τοῦτο
2852 768 3196 838 λεπτοτέροις
3242 768 3352 820 τισὶ
3389 767 3478 820 καὶ
3513 769 3833 840 ὁμαλωτέροις

2315 856 2566 929 ὀργάνοις
2599 859 2868 928 περιξέειν
2898 876 2956 911 τε
2988 859 3082 912 καὶ
3106 857 3442 910 ἀπολεαίνειν
3475 858 3565 927 τὴν
3598 860 3680 912 τοῦ
3711 861 3834 914 λίθου

2314 947 2660 1019 τραχύτητα,
2695 949 2789 1002 καὶ
2826 949 2944 1002 τότε
2993 949 3091 1018 τῆς
3140 947 3466 1018 ἀρχετύπου.
3501 949 3695 1018 μορφῆς
3739 952 3838 1002 ἐπι-

2316 1038 2528 1092 ϐάλλειν
2575 1039 2652 1108 τῷ
2679 1039 3117 1108 ὑπολελειμμένῳ
3159 1039 3256 1108 τὴν
3294 1037 3589 1108 ὁμοιότητα*
3622 1037 3836 1110 λαμπρύ-

2315 1145 2426 1181 νειν
2467 1145 2526 1180 τε
2559 1127 2696 1199 μετὰ
2743 1127 2914 1181 ταῦτα
2942 1126 3034 1180 καὶ
3067 1126 3343 1196 λειοτέραν
3389 1129 3556 1179 ποιεῖν
3589 1125 3676 1178 τοῦ
3716 1126 3839 1179 λίθου

2314 1218 2413 1290 τὴν
2452 1220 2787 1289 ἐπιφάνειαν·
2833 1220 2901 1273 δι’
2928 1213 3003 1272 ὧν
3052 1214 3190 1272 οἶδεν
3233 1220 3266 1290 ἡ
3310 1217 3469 1287 τέχνη
3514 1221 3598 1271 τὸν
3636 1218 3840 1272 τοιοῦτον

2316 1309 2623 1364 ἐπιϐάλλειν
2651 1311 2853 1380 κόσμον
2894 1310 2971 1380 τῷ
2999 1309 3200 1380 έργῳ)·
3238 1307 3384 1362 κατὰ·
3422 1308 3512 1360 τὸν
3548 1307 3695 1360 αὑτὸν
3736 1310 3841 1377 τρὸ-

2317 1418 2416 1455 πον
2465 1401 2647 1470 πάσης
2691 1400 2879 1471 ἡμῶν,
2940 1399 3028 1452 διὰ
3074 1400 3174 1470 τῆς
3223 1399 3414 1469 ὑλικῆς
3471 1397 3840 1470 προσπαθείας,

2316 1489 2505 1560 ὥσπερ
2560 1489 2987 1560 ἀπολιθωθείσης
3057 1489 3156 1559 τῆς
3212 1489 3455 1558 φύσεως,
3507 1492 3536 1542 ό
3598 1488 3719 1557 πρδς
3762 1487 3843 1556 τὴν

2317 1577 2465 1630 θείαν
2501 1577 2756 1647 ὁμοίωσιν
2793 1577 3043 1648 λατομῶν
3077 1579 3223 1648 ἡμᾶς
3264 1577 3445 1645 λόγος,
3495 1577 3594 1646 ὁδῷ
3634 1593 3727 1628 τινι
3769 1575 3844 1627 καὶ

2320 1667 2609 1738 ἀκολουθίᾳ
2704 1668 2838 1739 πρὸς
2899 1669 2960 1722 τὸ
3013 1669 3105 1722 τοῦ
3165 1667 3370 1722 σκοποῦ
3411 1667 3577 1739 πέρας
3621 1664 3845 1735 προέρχεο

643 1755 940 1810 erudiendo
967 1756 1148 1812 edolat
1170 1767 1225 1812 et
1264 1759 1547 1825 cﬁ‘ortnat,
1585 1761 1665 1813 via
1709 1761 1945 1830 quadam
1979 1774 2032 1818 et
2068 1741 2215 1819 certa
2249 1741 2290 1799 Β
2317 1775 2427 1813 ται.

645 1845 857 1900 ratione
877 1846 944 1900 ad
975 1849 1314 1918 propositum
1347 1851 1504 1904 linem
1533 1851 1794 1920 procedit.

713 1935 955 1993 Primum
1008 1939 1155 1994 enim
1206 1950 1423 2011 separat
1478 1958 1578 1999 nos
1633 1959 1663 1996 a
1719 1951 1951 2014 cognato
2002 1945 2214 2025 lapide,

646 2041 674 2080 a
708 2029 944 2093 malitia,
974 2029 1232 2100 inquam,
1260 2032 1327 2084 ad
1349 2048 1510 2102 quam
1537 2048 1632 2103 per
1659 2033 1900 2088 habitum
1927 2034 2216 2104 quemdam

645 2118 828 2172 aduati
875 2135 1087 2176 sumus.
1135 2121 1339 2177 Deinde
1387 2130 1632 2192 amputat
1675 2125 2001 2194 superﬂuam
2047 2135 2219 2182 mateo

646 2207 823 2274 riam;
857 2217 1044 2278 postea
1073 2209 1310 2266 formare
1348 2211 1540 2283 incipit
1585 2213 1887 2282 subiectam
1935 2216 2215 2270 materiam

648 2297 715 2350 ad
751 2298 1171 2355 similitudinem
1207 2302 1536 2373 exemplaris
1558 2342 1573 2367 ,
1605 2305 1949 2374 exemptione
1988 2314 2042 2361 et
2069 2321 2219 2361 amo-

641 2386 795 2442 tione
817 2403 1006 2443 eorum
1043 2407 1164 2461 quae
1196 2392 1606 2448 similitudinem
1654 2395 1985 2464 prohibent,
2030 2399 2218 2470 sicque

655 2493 751 2548 per
774 2479 1116 2536 subtiliorem
1143 2483 1533 2552 c03itationum
1569 2492 1622 2539 et
1656 2486 1938 2542 notionum
1968 2487 2217 2559 discipli-

650 2585 776 2624 nam
799 2609 815 2634 ,
848 2570 1045 2627 limans
1075 2581 1130 2627 et
1161 2575 1372 2644 poliens
1405 2584 1652 2632 nostram
1700 2588 1934 2632 mentem
1979 2595 2075 2650 per
2105 2585 2214 2636 vir-

645 2661 780 2716 tutis
811 2669 1033 2733 typum,
1068 2663 1319 2720 eﬁ‘ormat
1362 2667 1416 2720 in
1463 2667 1624 2722 nobis
1664 2667 1941 2722 Christum
1965 2708 1979 2732 ,
2018 2685 2216 2725 secun-

641 2751 771 2805 dum
803 2753 963 2822 cujus
995 2755 1408 2812 similitudinem
1445 2758 1512 2813 ab
1542 2758 1700 2812 initio
1733 2758 2056 2814 conformati
2092 2776 2215 2816 era-

643 2859 802 2906 mus,
842 2844 908 2898 ad
945 2862 1110 2915 quam
1145 2846 1326 2902 denuo
1359 2849 1789 2905 conformamur.
1828 2851 1959 2917 Quis
1994 2861 2075 2906 est
2116 2853 2214 2924 igi-

641 2941 733 2987 tur
771 2935 1067 3006 sculptura:
1109 2946 1311 2993 nostra:
1350 2939 1530 2993 ordo?
1568 2939 1623 2993 In
1666 2942 1838 3010 prima
1883 2942 2213 3010 psalmorum

642 3025 886 3079 sectione
935 3027 1003 3079 ab
1060 3026 1308 3096 improba
1345 3027 1480 3092 vita,
1516 3028 1673 3099 quasi
1713 3030 1942 3085 abscissi
1983 3047 2210 3097 sumus;

641 3112 697 3167 in
731 3115 1088 3185 sequentibus
1121 3132 1248 3171 vero
1271 3156 1285 3180 ,
1323 3117 1584 3172 continua
1621 3118 1790 3181 serie,
1823 3121 2076 3175 omnibus
2110 3137 2214 3174 nu-

642 3205 807 3258 meris
857 3205 1106 3260 absoluta
1140 3215 1224 3262 est
1256 3208 1510 3262 imitatio.
1556 3209 1785 3264 Constat
1817 3226 1946 3279 ergo
1976 3212 2216 3280 psalmo-

639 3311 762 3349 rum
795 3297 929 3351 ordo
952 3337 967 3360 ,
998 3312 1121 3351 cum
1161 3297 1395 3368 Spiritus
1439 3310 1701 3364 sanctus,
1739 3308 1798 3354 ut
1842 3301 2047 3355 dictum
2093 3315 2212 3367 est,

639 3385 836 3440 nonid
888 3389 1228 3456 pr0positum
1264 3388 1496 3453 habeat,
1535 3400 1592 3444 ut
1641 3405 1742 3444 nos
1792 3391 1992 3445 nudam
2045 3392 2216 3448 histo-

639 3475 779 3528 riam
825 3476 1054 3537 doceat,
1085 3478 1178 3532 sed
1221 3488 1282 3531 ut
1317 3478 1529 3534 animas
1572 3488 1793 3536 nostras
1833 3497 1930 3551 per
1962 3481 2213 3536 virtutem

638 3565 940 3620 secundum
994 3566 1161 3622 Deum
1214 3570 1452 3632 formet,
1508 3578 1568 3624 ut
1621 3571 1850 3640 proinde
1910 3587 2107 3628 sensus
2160 3573 2214 3628 in

639 3654 868 3722 psalmis
917 3655 1085 3710 abditi
1118 3657 1291 3712 series
1321 3659 1617 3728 quaerenda
1647 3675 1756 3714 non
1792 3660 1897 3724 sit,
1947 3669 2109 3729 prout
2140 3661 2214 3716 hi-

637 3745 826 3800 storia:
857 3754 914 3801 et
955 3763 1136 3802 rerum
1174 3757 1450 3820 gestarum
1487 3749 1624 3804 ordo
1654 3751 1903 3820 requirit.
1937 3752 2211 3817 Quemad-

640 3838 858 3892 modum
893 3840 1038 3893 euim
1075 3840 1130 3894 in
1171 3841 1336 3895 allato
1367 3856 1398 3893 a
1429 3841 1589 3897 nobis
1619 3841 1687 3896 de
1717 3842 1999 3913 sculptura
2031 3859 2212 3898 exem-

638 3928 762 3997 plo.
796 3944 888 3984 ars
919 3930 985 3984 ad
1016 3938 1211 3985 statum
1251 3931 1590 3987 eﬁectionem
1633 3933 1818 3988 multis
1851 3940 1974 4004 eget
2007 3934 2212 3988 instru—

637 4019 881 4087 mentis;
914 4021 1278 4076 inStrumenta
1311 4038 1440 4077 vero
1476 4023 1591 4078 haec
1630 4038 1738 4078 non
1779 4025 1961 4079 omnia
2001 4025 2208 4080 similia

636 4118 766 4164 sunt
803 4109 974 4180 ﬁgura
1005 4121 1060 4167 et
1089 4113 1308 4182 specie,
1339 4111 1436 4168 sed
1470 4113 1616 4180 aliud
1647 4113 1867 4183 quidem
1898 4129 2111 4170 summa
2153 4115 2207 4169 in

633 4200 862 4269 cuspide
891 4202 944 4254 in
970 4203 1086 4273 gyri
1119 4203 1338 4257 modum
1372 4202 1713 4258 eﬁ'ormatum
1744 4211 1830 4259 est
1849 4243 1864 4268 ,
1891 4205 1996 4259 alia
2021 4209 2210 4276 cuspi-

628 4291 757 4346 dem
785 4291 988 4348 habent
1019 4294 1195 4350 instar
1221 4310 1388 4351 serrze
1410 4332 1426 4358 ,
1454 4295 1559 4348 alia
1585 4295 1783 4366 scalpri
1812 4297 1979 4368 ﬁgura
2012 4315 2122 4367 pra:
2149 4315 2208 4356 se

634 4381 852 4448 ferunt,
907 4385 1013 4438 alia
1069 4395 1237 4450 sunt,
1294 4402 1527 4456 quorum
1581 4386 1754 4442 forma
1801 4390 2204 4446 semicirculum
2242 4415 2282 4468 ο

630 4472 802 4528 refert
833 4491 848 4540 ;
881 4476 1064 4530 omnia
1095 4485 1278 4533 autem
1311 4479 1425 4533 haec
1451 4485 1506 4534 et
1534 4480 1660 4532 talia
1691 4481 1938 4549 apposito
1964 4489 2207 4552 tempore

631 4564 832 4620 artiﬁci
861 4566 1202 4624 inserviunt:
1231 4569 1311 4624 sic
1339 4584 1469 4624 vero
1503 4580 1689 4625 nostro
1713 4571 1895 4639 Opiﬁci
1923 4611 1940 4637 ,
1966 4573 2056 4641 qui
2086 4573 2205 4627 ani-

633 4669 752 4708 mas
797 4663 1016 4710 nostras
1067 4657 1204 4711 scite
1254 4657 1321 4711 ad
1373 4658 1468 4714 Dei
1527 4659 1933 4714 similitudinem
1980 4660 2203 4730 eﬁingit,

631 4744 949 4813 psalmodize
983 4756 1144 4813 sunt,
1189 4749 1335 4804 velut
1371 4750 1669 4818 sculptoria
1709 4750 1958 4819 quaedam
1994 4750 2202 4806 instru-

632 4842 859 4902 menta;
910 4851 1068 4890 usum
1124 4847 1306 4893 autem
1354 4839 1664 4908 bujusmodi
1713 4840 2203 4896 instrumentorum

631 4923 850 4979 ordinat
883 4928 1186 4982 necessitas
1218 4928 1470 4982 actionis.
1499 4927 1683 4999 Neque
1718 4930 1948 4985 sollicite
1977 4931 2204 5000 inquirit

631 5015 865 5082 artifex,
910 5017 1184 5088 quodnam
1241 5035 1304 5073 ex
1363 5019 1470 5072 illis
1523 5020 1900 5076 instrumentis
1938 5023 2092 5091 prius
2126 5023 2201 5077 sit

631 5107 1032 5174 fabrefactum,
1065 5121 1125 5165 ut
1151 5111 1202 5166 id
1231 5111 1377 5180 quod
1409 5111 1560 5181 prius
1589 5110 1945 5168 fabrefactum
1979 5122 2099 5179 est,
2130 5115 2202 5170 sit

629 5199 793 5252 etiam
837 5201 1071 5268 primum
1115 5204 1168 5255 in
1211 5201 1428 5276 actione
1467 5202 1780 5272 sculptura}.
1824 5201 1957 5257 Nam
1996 5205 2090 5272 qui
2131 5206 2198 5260 ad

632 5290 1008 5345 necessitatem
1041 5300 1248 5346 tantum
1280 5293 1627 5353 attendit,ille
1659 5293 1891 5362 quodvis
1917 5301 1970 5348 et
1995 5295 2196 5364 primo,

627 5390 686 5435 et
711 5379 953 5435 secundo
975 5421 991 5446 ,
1023 5390 1076 5437 et
1101 5399 1428 5452 quocunque
1457 5384 1564 5439 alio
1593 5385 1710 5439 loco
1738 5385 2004 5452 collocat,
2039 5393 2199 5455 ptout

628 5472 824 5528 suadet
850 5488 982 5528 usus
1009 5483 1062 5552 et
1096 5476 1414 5530 necessitas.
1464 5475 1589 5531 Sive
1619 5476 1783 5546 igitur
1813 5477 1901 5530 illa
1927 5492 2048 5546 quae
2080 5491 2198 5531 eve-

631 5576 830 5622 nerunt
856 5582 980 5622 cum
1009 5566 1222 5621 Golith
1271 5580 1328 5623 et
1374 5567 1576 5631 Saule,
1632 5570 1971 5623 collocentur
2021 5569 2197 5638 primo

633 5655 784 5721 ioco,
813 5657 926 5712 sive
956 5658 1144 5713 ultimo
1171 5675 1229 5712 ea
1261 5675 1377 5729 quae
1407 5675 1530 5714 cum
1567 5660 1839 5715 Absalonc
1869 5670 1918 5714 et
1951 5657 2072 5714 Uria
2105 5675 2195 5715 ac-

2389 1931 2608 2004 Πρῶτον
2643 1931 2886 2003 χωρίζων
2931 1932 3101 2003 ἡμᾶς,
3147 1927 3260 1985 οἷόν
3297 1949 3447 1994 τινος
3479 1929 3735 2001 συμφυοῦς
3768 1930 3845 1981 πέ-

2316 2039 2452 2094 τροις
2490 2025 2587 2093 τῆς
2633 2025 2829 2087 κακίας
2881 2023 3041 2092 λέγω,
3159 2023 3248 2077 διά
3286 2041 3436 2086 τινος
3469 2023 3687 2093 σχέσεως
3732 2016 3846 2090 ἦμεν

2318 2115 2793 2186 προσπεφυκότες·
2847 2109 2968 2168 εἶτα
3020 2115 3344 2184 περικόπτει
3396 2115 3491 2186 τῆς
3541 2115 3661 2182 ὕλης
3691 2111 3750 2165 τὰ
3774 2128 3848 2164 πε-

2319 2208 2475 2280 ριττά
2494 2225 2506 2239 ·
2542 2209 2690 2279 μετὰ·
2703 2208 2858 2262 τοῦτο
2877 2207 3082 2261 τυποῦν
3105 2207 3329 2280 ἄρχεται
3366 2208 3500 2278 πρὸς
3522 2207 3614 2278 τὴν
3634 2207 3849 2276 ὁμοίωσιν

2315 2297 2409 2349 τοῦ
2457 2297 2658 2350 σκοποῦ
2687 2297 2748 2350 τὸ
2803 2297 3121 2368 ἐγκείμενον
3160 2300 3227 2368 τῇ
3270 2297 3725 2370 περιαιρέσειτῶν
3764 2313 3850 2348 κω·

2316 2387 2545 2440 λυόντων
2572 2387 2668 2458 τὴν
2694 2387 2922 2458 μίμησιν
2950 2402 2962 2416 ⁸
2987 2389 3080 2440 καὶ
3108 2385 3281 2450 οὕτως
3315 2386 3417 2440 διὰ
3447 2389 3541 2457 τῆς
3569 2384 3849 2450 λεπτοτέρας

2316 2477 2422 2530 τῶν
2480 2477 2765 2548 νοημάτων
2815 2477 3179 2542 διδασκαλίας,
3231 2480 3321 2531 ἐπι
3339 2477 3478 2543 ξύων
3513 2494 3569 2530 τε
3602 2475 3685 2530 καὶ
3717 2491 3851 2527 κατα-

2315 2568 2538 2621 λεαίνων
2569 2569 2723 2639 ἡμῶν
2747 2568 2846 2640 τὴν
2883 2563 3142 2636 διάνοιαν,
3180 2569 3295 2622 τότε
3344 2569 3431 2624 διὰ
3459 2569 3546 2621 τὸν
3571 2567 3662 2637 τῆς
3683 2563 3847 2635 ἀρετῆς

2315 2661 2481 2714 τύπον
2532 2661 2806 2730 ἐμμορφοῖ
2832 2661 2960 2732 ἡμῖν
2990 2661 3078 2712 τὸν
3101 2660 3343 2732 Χριστόν
3364 2677 3377 2692 ο
3402 2655 3460 2715 οὗ
3478 2661 3589 2713 κατ’
3619 2657 3777 2722 εἰκόνα
3802 2655 3846 2720 ἐξ

2314 2752 2488 2822 ἀρχῆς
2538 2769 2598 2804 τε
2633 2747 2774 2822 ἦμεν
2825 2751 2918 2803 καὶ
2968 2751 3130 2806 πάλιν
3180 2751 3466 2822 γινόμεθα.
3505 2749 3596 2813 Τίς
3625 2744 3708 2802 οὖν
3728 2749 3846 2798 ἐστιν

2315 2843 2348 2913 ἡ
2391 2843 2490 2913 τῆς
2536 2841 2745 2911 γλυφῆς
2769 2841 2875 2895 τῶν
2907 2841 3189 2913 ἡμετέρων
3233 2841 3426 2913 ψυχῶν
3469 2840 3648 2907 τάξιςς
3687 2838 3763 2890 Ἐν
3785 2835 3846 2904 τῷ

2315 2931 2513 3003 πρώτῳ
2556 2934 2799 3004 τμήματι
2842 2933 2939 3003 τῆς
2967 2931 3314 3003 ψαλμῳδίας,
3350 2933 3450 3004 τῆς
3474 2935 3528 2985 ἐν
3551 2930 3708 3000 κακίᾳ
3728 2928 3848 2996 ζωῆς

2315 3024 2724 3094 ἁπεσχίσθημεν
2747 3041 2759 3054 ⁸
2799 3024 2853 3074 ὲν
2893 3023 2948 3075 δὲ
2977 3026 3088 3086 τοῖς
3120 3023 3325 3094 ἐφεξῆς
3357 3025 3443 3078 διὰ
3469 3023 3564 3088 τῆς
3592 3017 3847 3092 προσεχοῦς

2241 3086 2282 3141 c
2313 3086 2638 3177 ἀκολόύθίαξ
2683 3113 2778 3167 ἐπὶ
2816 3113 2874 3165 τὸ
2903 3112 3102 3166 τέλειον
3129 3086 3384 3186 προήχθη
3411 3116 3442 3184 ἡ
3477 3086 3709 3183 μίμησις.
3739 3086 3848 3176 ξύγ-

2315 3223 2489 3259 κειται
2539 3206 2716 3259 τοίνυν
2741 3205 2848 3257 τῶν
2879 3203 3108 3274 ψαλμῶν
3140 3207 3173 3275 ἡ
3212 3206 3393 3271 τάξις,
3429 3205 3608 3274 ἐπειδὴ
3636 3203 3690 3255 τὸ
3717 3216 3849 3254 σπου-

2313 3296 2601 3366 δαζόμενόν
2649 3297 2764 3348 ἐστι
2809 3294 2884 3365 τῷ
2923 3295 3219 3366 Πνεύματι,
3289 3295 3473 3358 καθὼς
3518 3297 3734 3366 εἴρηται,
3772 3292 3850 3356 οὐχ

2318 3387 2555 3458 ἱστορίαν
2585 3388 2728 3456 ἡμᾶς
2768 3387 2974 3451 διδάξαι
3010 3387 3193 3458 ψιλὴν,
3225 3387 3371 3441 ἀλλὰ
3399 3387 3497 3452 τὰς
3526 3387 3692 3456 ψυχὰς
3723 3383 3850 3453 ἡμῶν

2311 3479 2378 3532 δι’
2406 3480 2603 3550 ἀρετῆς
2656 3479 2798 3534 κατὰ
2853 3479 2985 3535 Θεὸν
3054 3479 3372 3551 μορφῶσαι·
3407 3480 3482 3544 ὼς
3550 3477 3776 3547 ἐπιζητεί
3806 3473 3854 3524 τὸ

2311 3569 2410 3639 τῆς
2429 3569 2662 3633 διανοίας
2686 3570 2793 3623 τῶν
2823 3572 2881 3623 ἐν
2923 3571 3035 3633 τοῖς
3060 3570 3302 3641 ψαλμοῖς
3340 3569 3727 3642 γεγραμμένων
3747 3563 3852 3618 ἀκό-

2311 3660 2518 3725 λουθον,
2543 3661 2640 3734 οὐχ
2667 3661 2742 3724 ὡς
2767 3663 2799 3728 ἠ
2819 3661 3062 3732 ἱστορικὴ
3091 3660 3344 3732 βούλεται
3372 3659 3673 3717 ἀκολουθία.
3699 3652 3853 3711 Καθά-

2313 3769 2417 3824 περ
2447 3753 2554 3823 γὰρ
2587 3753 2678 3806 ἐπὶ
2704 3752 2796 3806 τοῦ
2841 3752 3150 3816 ἐκτεθέντος
3178 3755 3320 3824 ἡμῖν
3345 3754 3442 3808 τοῦ
3475 3752 3612 3806 κατὰ
3637 3749 3726 3820 τὴν
3751 3747 3854 3814 γλυ-

2312 3847 2418 3917 φὴν
2470 3846 2882 3915 ὑποδείγματος,
2925 3845 3134 3900 πολλῶν
3167 3847 3324 3901 ἐστιν
3361 3847 3606 3919 ὀργάνων
3631 3842 3752 3913 πρὸς
3776 3838 3853 3905 τὴν

2309 3934 2402 3988 τοῦ
2447 3935 2760 4006 ἀγάλματος
2806 3937 3147 4008 ἀπεργασίαν
3198 3939 3366 4008 χρεία
3402 3941 3466 4009 τῇ
3501 3938 3660 4006 τέχνῃ
3693 3928 3853 4000 (τὰδὲ

2307 4024 2515 4096 ὄργανα
2537 4025 2730 4091 ταῦτα,
2752 4028 2850 4097 οὐχ
2869 4026 3070 4098 ὁμοίως
3091 4026 3202 4098 ἔχει
3233 4030 3376 4102 πρὸς
3400 4029 3600 4097 ἄλληλα
3629 4022 3756 4078 κατᾶ
3781 4019 3854 4071 τὸν

2306 4113 2476 4166 τύπον
2502 4114 2594 4167 τοῦ
2621 4117 2916 4185 σχήματος,
2945 4115 3080 4169 ἀλλὰ
3110 4116 3171 4168 τὸ
3192 4117 3296 4185 μὲν
3321 4117 3631 4177 ὲλικοειδῶς
3661 4109 3785 4164 κατὰ
3807 4106 3854 4156 τὺ

2307 4203 2475 4272 ἄκρον
2511 4202 2852 4270 τετύπωται,
2889 4203 2958 4257 τὰ
2983 4205 3038 4258 δὲ
3069 4203 3347 4275 πριονώδη
3378 4207 3478 4275 τὴν
3523 4201 3695 4273 ἀκμὴν
3730 4198 3850 4266 ἔχει*

2307 4293 2441 4346 ἄλλα
2470 4293 2780 4361 σμιλοειδῶς
2809 4293 3264 4350 κατεσκεύασται.
3316 4295 3554 4361 Ἐτὲροις
3603 4292 3852 4361 περιῆκται

2307 4384 2367 4437 τὸ
2392 4382 2530 4448 εἶδος
2557 4389 2635 4448 εἰς
2663 4385 3010 4455 ἡμικύκλιον.
3049 4386 3234 4439 Πάντα
3276 4386 3337 4439 δὲ
3359 4386 3537 4439 ταῦτα
3568 4385 3658 4437 καὶ
3683 4381 3744 4434 τὰ
3761 4394 3851 4428 τοι·

2307 4474 2466 4540 αὔτα,
2517 4475 2659 4528 κατὰ
2712 4477 2804 4528 τὸν
2857 4477 2987 4530 [διον
3020 4477 3246 4530 ἕκαστον
3281 4477 3478 4547 καιρὸν
3528 4470 3769 4542 ὑπουργεῖ
3790 4463 3853 4530 τῷ

2306 4567 2543 4636 τεχνίτῃ)
2567 4583 2580 4596 ⁶
2611 4565 2786 4630 οὕτως
2835 4565 2913 4636 τῷ
2944 4566 3181 4637 ἀληθινῷ
3219 4567 3496 4636 ἐπιστάτῃ
3526 4563 3602 4634 τῷ
3628 4554 3849 4629 τεχνικῶς

2305 4658 2647 4726 διαγλύφοντι
2674 4658 2828 4728 ἡμῶν
2878 4659 2977 4722 τὰς
3003 4658 3181 4729 ψυχὰς
3241 4660 3384 4730 πρὸς
3438 4661 3538 4728 τὴν
3595 4653 3684 4707 τοῦ
3722 4647 3846 4700 estw

2303 4750 2581 4820 ὁμοίωσιν,
2620 4743 2732 4802 οἷον
2765 4749 2974 4820 ὄργανά
3014 4768 3132 4804 τινα
3170 4747 3538 4819 λιθογλυερικὰ
3591 4746 3644 4797 αἱ
3696 4737 3846 4809 ψαλμ-

2303 4841 2458 4912 ῳδίαι
2488 4842 3030 4912 παρεσκευάσθησαν,
3058 4843 3156 4912 τὴν
3184 4843 3243 4895 δὲ
3269 4843 3381 4894 τῶν
3407 4840 3651 4910 ὀργάνων
3679 4829 3851 4926 striwa

2303 4932 2498 5002 χρῆσιν
2553 4933 2587 5002 ἡ
2612 4931 2772 5003 χρεία
2802 4932 2900 5002 τῆς
2928 4931 3190 5003 ἐργασίας
3229 4932 3315 4994 είς
3346 4931 3503 4996 τάξιν
3525 4929 3660 5018 tiret-
3692 4917 3851 5018 lia-3'05

2307 5022 2459 5092 βέλει
2490 5022 2568 5093 τῷ
2617 5023 2833 5095 τεχνίτῃ
2860 5021 3361 5093 πολυπραγμονεῖν,
3400 5023 3551 5072 ποῖον
3590 5017 3645 5067 ἐν
3663 5011 3759 5069 1074
3779 5011 3853 5095 ὖρξ

2305 5113 2490 5180 γάνοις
2533 5112 2640 5184 πρὸ
2687 5113 2780 5165 τοῦ
2807 5094 3016 5182 ἐτέρου
3064 5112 3454 5181 κεχάλκευται,
3507 5109 3590 5160 ἵνα
3636 5100 3767 5195 τὸμὲν

2303 5207 2610 5274 κατασκευῇ
2638 5203 2876 5274 πρῶτον,
2907 5202 2998 5254 καὶ
3027 5205 3084 5255 ἐν
3125 5205 3191 5271 τῇ
3226 5200 3527 5271 συνεργείᾳ
3545 5197 3638 5265 τῆς
3667 5189 3848 5260 γλυφῆς

2301 5293 2523 5365 γένηται
2543 5292 2774 5363 πρῶτον.
2806 5293 2864 5344 '0
2894 5292 3003 5363 γὰρ
3028 5295 3094 5362 τῇ
3126 5291 3286 5362 χρείᾳ
3323 5290 3626 5361 προσέχων,
3660 5277 3847 5349 πρῶτον

2301 5387 2393 5440 καὶ
2422 5384 2690 5456 δεύτερον,
2739 5384 2832 5436 καὶ
2862 5382 3146 5435 πολλοστὸν
3191 5383 3376 5433 ἐκεῖνο
3405 5379 3564 5431 ποιεῖ,
3592 5374 3618 5426 ὃ
3639 5365 3847 5456 συμὸοθ·

2300 5477 2442 5531 λεύει
2489 5479 2523 5546 ἠ
2573 5454 2751 5546 χρεία.
2804 5474 2927 5526 Εἴτε
2979 5468 3072 5526 οὖν
3104 5473 3161 5524 ἐν
3211 5469 3457 5539 πρώτοις
3515 5468 3580 5518 τὰ
3620 5459 3746 5556 κατά
3769 5454 3846 5556 τξν

2301 5567 2490 5622 Γολιὰο
2526 5567 2734 5621 καὶτὸν
2761 5564 2930 5619 Σαούλ
2963 5565 3078 5618 ἐστι
3115 5563 3419 5632 πράγματα
3441 5599 3453 5619 ,
3483 5559 3586 5610 εἴτε
3629 5555 3682 5605 ἐν
3715 5550 3844 5615 ἐσχάο

2301 5676 2410 5722 τοις
2432 5659 2498 5711 τὰ
2527 5657 2666 5711 κατὰ
2695 5659 2783 5711 τὸν
2828 5655 3174 5725 Ἀἦεσςαλὼμ
3211 5653 3308 5704 καὶ
3338 5653 3427 5705 τὸν
3463 5647 3674 5715 Οὐρίαν.
3701 5639 3780 5691 καὶ
3803 5633 3845 5683 θί
