4018 6334
201 251 273 308 με
1501 233 1566 288 ΙΝ
1607 231 1938 290 ΡδΑιΜοδ.
3243 233 3346 287 546

191 362 257 414 τοῦ
279 357 406 412 Χουσὶ
420 353 571 421 λόγοι,
599 352 692 405 καὶ
724 353 758 423 ἡ
790 350 928 404 κατὰ
955 350 1052 420 τὴν
1088 324 1357 421 Βερσαὸεὲ
1397 354 1669 423 συντυχίω
1702 378 1715 415 Α

1778 352 2056 416 ciderunt,
2093 359 2144 406 et
2175 353 2336 406 verba
2367 350 2534 406 Chusi
2558 391 2572 415 ,
2607 359 2660 405 et
2692 366 3023 420 congressus
3054 365 3180 406 cum
3209 351 3344 406 Ber-

189 453 299 521 μέλει
344 445 512 499 τούτων
556 442 707 495 οὐδὲν
752 441 833 510 τῷ
877 440 1169 511 μορφοῦντι
1209 441 1296 496 διὰ
1339 443 1542 496 τούτων
1570 444 1669 507 τὰς

187 542 349 612 καρδίας
393 535 565 606 ἡμῶν,
614 535 729 588 ἀλλ’
785 535 930 597 ὅπως
965 536 1031 588 ἂν
1076 535 1144 586 δι’
1193 536 1422 590 ἑκάστου
1467 536 1670 591 τούτων

184 629 336 698 γένοιτό
372 643 445 688 τις
491 625 626 694 πρὸς
672 625 734 676 τὸ
781 622 982 691 ἀγαθὸν
1009 625 1140 693 ἡμῖν
1191 625 1476 695 συνεργία.
1527 625 1670 694 Πρὸς

183 722 294 775 τοῦτο
326 717 483 788 βλέπει
537 716 630 768 καὶ
682 717 714 784 ἡ
761 714 895 785 πρὸς
931 714 1028 784 τὴν
1063 714 1334 784 σωτηρίαν
1359 714 1666 768 ἀκολουθία·

183 814 244 865 ml
283 811 404 874 τάξις
452 806 646 877 ἀρίστη
673 805 880 872 γίνεται
917 805 1027 857 τῶν
1055 806 1136 867 εἰς
1180 805 1311 859 αὐτὸ
1353 805 1512 858 τοῦτο
1545 822 1669 857 συν-

182 903 410 972 εργούντων
428 900 552 968 ἡμῖν
591 896 880 950 ἀκολουθία
907 896 1002 950 καὶ
1027 895 1198 960 τάξις.
1228 890 1372 958 Οἷον,
1409 897 1437 949 6
1460 896 1672 966 πρῶτος

179 994 409 1061 ἀπέστησεν
437 990 530 1059 τῆς
567 988 706 1058 πρὸς
747 987 807 1041 τὸ
840 987 1008 1040 κακὸν
1047 987 1319 1057 συμφυΐας
1346 987 1434 1040 τὸν
1461 985 1672 1057 ἄνθρωε

291 1085 337 1135 '0
365 1081 621 1151 δεύτερος,
665 1079 771 1132 τίνι
814 1077 1309 1149 προσκολληθῶμεν
1358 1079 1670 1145 ὑπέδειξεν,

177 1177 244 1246 τὴν
264 1175 333 1226 διὰ
367 1173 552 1243 σαρκὸς
577 1170 674 1224 τοῦ
709 1171 916 1241 Κυρίου
961 1169 1317 1240 προμηνύσας
1348 1169 1666 1240 ἐμφάνειαν,

62 1268 69 1276 ”
173 1268 239 1318 καὶ
278 1265 445 1328 δείξας,
479 1264 561 1317 ὅτι
617 1263 775 1316 τοῦτο
834 1263 947 1314 tm
999 1261 1269 1332 μακάριον
1301 1261 1362 1314 τὸ
1402 1263 1487 1314 ἐπ’
1525 1263 1672 1333 αύτῷ

175 1355 435 1410 πεποιθέναι.
487 1356 551 1409 ⁸0
595 1355 796 1426 τρίτος,
858 1354 948 1407 τὸν
982 1353 1132 1424 παρὰ
1183 1352 1274 1406 τοῦ
1357 1353 1549 1424 ἐχθροῦ
1589 1371 1671 1408 σοι

171 1447 455 1514 ἐφιστάμενον
475 1445 780 1515 πειρασμὸν
824 1442 1183 1514 προμηνύσει.
1228 1443 1314 1506 Ὠς
1341 1443 1439 1514 ἥδη
1467 1459 1523 1495 σε
1555 1460 1666 1512 χρι-

173 1531 314 1582 σθέντα
337 1532 405 1592 εἰς
434 1529 706 1597 βασιλείαν
754 1529 842 1582 διὰ
868 1528 967 1597 τῆς
1000 1527 1255 1591 πίστεως,
1287 1529 1380 1580 καὶ
1429 1527 1509 1598 τῷ
1537 1528 1669 1598 ἀλη-

167 1619 260 1690 θινῷ
290 1619 483 1690 Χριστῷ
533 1618 1023 1689 συμϐασιλεύοντα,
1053 1618 1153 1670 οὐκ
1183 1617 1378 1684 ἔξωθεν
1410 1618 1675 1688 ἐπιχειρεῖ

1769 446 1964 506 sabee.
2004 445 2138 498 nihil
2167 443 2359 497 horum
2393 458 2538 498 cura;
2563 450 2648 496 est
2679 442 2790 506 illi,
2823 444 2917 512 qui
2947 443 3112 498 corda
3153 451 3345 498 nostra

1771 549 1866 604 per
1897 535 2007 588 [nec
2041 535 2283 600 format;
2336 533 2430 588 sed
2478 532 2530 587 id
2581 533 2757 587 solum
2811 533 3157 600 considerat,
3207 549 3346 602 quo-

1769 623 1928 678 modo
1973 623 2203 693 singulis
2239 623 2432 676 horum
2473 621 2538 676 ad
2585 621 2844 676 virtutem
2895 620 3198 688 adjumenti
3246 623 3346 675 ali-

1771 716 1902 785 quid
1935 714 2162 769 afferat:
2196 713 2260 768 ad
2289 712 2434 783 quod
2471 714 2634 768 etiam
2667 712 2786 780 ipse
2830 711 3027 765 salutis
3058 714 3193 764 ordo
3226 718 3348 765 ten-

1769 807 1850 859 dit
1879 824 1891 860 :
1929 806 2276 876 optimusque
2307 806 2440 860 ordo
2475 812 2559 861 est
2590 803 2911 858 continuata
2948 801 3121 857 series
3155 817 3345 856 eorum

1769 910 1888 965 quae
1916 894 1982 948 ad
2026 895 2129 950 hoc
2160 895 2335 965 ipsum
2370 895 2574 965 aliquid
2615 896 2733 964 opis
2773 893 3152 948 uoutribuuut.
3180 890 3346 947 Verbi

1769 985 1942 1053 gratia
1962 1023 1976 1047 ,
2005 985 2211 1053 primus
2237 987 2480 1054 psalmus
2515 983 2737 1038 abducit
2771 982 3046 1037 hominem
3078 995 3108 1034 a
3138 996 3346 1049 cogna-

1770 1075 1938 1135 tione,
1967 1089 2127 1142 quam
2159 1087 2282 1127 cum
2316 1073 2458 1127 malo
2497 1073 2814 1139 contraxit;
2845 1070 3122 1126 secundus
3162 1077 3348 1124 osten-

1769 1160 1881 1224 dit,
1931 1162 2018 1215 cui
2068 1162 2138 1216 sit
2169 1161 2586 1227 adhaerendum,
2653 1161 2782 1216 dum
2835 1161 2906 1215 ob
2951 1161 3142 1215 oculos
3194 1159 3349 1229 ponit

1768 1251 1972 1307 Christi
2012 1251 2068 1306 in
2096 1266 2259 1308 carne
2311 1252 2806 1308 manifestationem
2827 1293 2842 1318 ,
2881 1251 3156 1322 simulque
3187 1252 3348 1305 docet

1769 1336 2025 1392 fiduciam
2063 1354 2186 1408 erga
2227 1340 2404 1410 ipsum
2456 1341 2846 1396 beatitudinem
2889 1349 3130 1396 nostram
3178 1357 3345 1407 esse;

1769 1429 1964 1482 tertius
1998 1430 2233 1498 explicat
2265 1431 2362 1485 tibi
2395 1432 2762 1487 imminentem
2797 1433 2864 1486 ab
2900 1433 3057 1487 hoste
3089 1434 3348 1488 tentatio—

1771 1534 1917 1572 nem.
1949 1519 2133 1588 Itaque
2159 1528 2214 1575 te
2241 1521 2353 1590 jam
2385 1533 2606 1576 unctum
2646 1524 2698 1578 in
2732 1539 2912 1594 regem
2944 1540 3039 1595 per
3067 1526 3224 1579 [idem
3247 1565 3262 1588 ,
3293 1534 3349 1580 et

1774 1625 1896 1665 cum
1945 1626 2073 1665 vero
2114 1620 2280 1666 uncto
2312 1623 2626 1684 regnantem
2652 1656 2665 1678 ,
2723 1615 2963 1684 dejicere
3008 1625 3239 1670 conatur
3279 1617 3349 1672 de

168 1711 234 1762 τοῦ
259 1709 532 1780 ἀξιώματός
571 1727 632 1762 σε
683 1710 987 1774 ἐκϐάλλειν,
1029 1709 1142 1762 ἀλλ’
1179 1708 1239 1773 ἐξ
1266 1707 1426 1761 αὐτοῦ
1455 1707 1547 1761 τοῦ
1579 1707 1671 1760 σοῦ
1706 1693 1715 1747 Ι

1778 1709 1939 1756 tanta:
1969 1701 2249 1772 dignitatis
2277 1702 2528 1772 fastigio,
2565 1720 2671 1758 non
2702 1704 2836 1760 foris
2856 1746 2871 1771 ,
2905 1704 2999 1759 sed
3030 1720 3094 1759 ex
3135 1714 3188 1760 te
3227 1707 3347 1776 ipso

169 1800 405 1870 γενόμενος.
450 1801 522 1853 Οὐ
565 1801 680 1871 γὰρ
733 1799 997 1871 ἑτέρωθεν
1049 1798 1160 1868 ἔχει
1207 1798 1306 1868 τὴν
1358 1798 1510 1868 ἰσχὺν
1551 1798 1672 1851 καθ’

171 1891 279 1960 ἡμῶν
327 1891 351 1942 6
396 1890 675 1960 πολέμιος,
712 1889 834 1943 οὐδὲ
880 1889 1010 1960 παρ’
1041 1889 1203 1942 ἄλλου
1256 1887 1399 1951 τινὸς
1436 1888 1545 1942 ἀπὸ
1578 1887 1672 1940 τοῦ

174 1980 408 2050 ἀξιώματος
465 1978 865 2050 ὲκόαλλόμεθα,
913 1981 962 2032 ei
1013 1978 1087 2050 μὴ
1133 1979 1284 2031 αὐτοὶ
1324 1978 1556 2048 πατέρες
1581 1977 1673 2032 τοῦ

175 2069 290 2121 κακοῦ
309 2072 633 2140 γεννήματος
655 2069 744 2124 διὰ
767 2069 869 2139 τῆς
891 2071 1138 2141 πονηρᾶς
1159 2070 1346 2133 ὠδῖνος
1362 2069 1670 2140 γενοίμεθα.

175 2160 239 2220 ὀς
253 2161 458 2230 ἀνταίρει
485 2162 552 2231 τῇ
581 2159 829 2230 βασιλείᾳ
855 2159 1034 2231 ἡμῶν,
1063 2160 1156 2213 καὶ
1181 2161 1534 2214 ἐπανίσταται
1554 2160 1674 2213 τότε

167 2250 403 2321 καθ’ἡμῶν
447 2252 513 2304 τὸ
577 2251 782 2322 κράτος
833 2250 1144 2322 λαμδάνων,
1167 2251 1302 2304 ὅταν
1341 2251 1541 2322 μολύνῃ
1579 2249 1677 2313 τὰς

167 2341 448 2406 συνοικούσας
483 2343 645 2412 ἡμῖν,
670 2344 732 2395 ὲν
768 2341 1018 2414 ὑπαίθρῳ
1069 2343 1130 2396 τὸ
1165 2345 1296 2410 ἄγος
1340 2341 1677 2412 κατεργασά-

165 2447 281 2498 μενος
297 2449 310 2462 ·
333 2433 466 2486 τοῦτ’
503 2433 681 2495 ἐστιν,
720 2432 848 2487 ὅταν
868 2432 1199 2504 ὃημοσιεύση
1221 2433 1320 2504 τὴν
1337 2435 1442 2486 τῶν
1460 2433 1677 2504 ἀρετῶν

163 2521 277 2589 ἡμῶν
303 2522 608 2594 διαφθορὰν,
640 2515 729 2585 αἷς
751 2539 881 2576 ποτε
905 2524 1320 2594 συνῳκήσαμεν.

218 2779 338 2833 ἐπεὶ
359 2776 449 2836 οὖν
503 2785 564 2837 ὲν
608 2786 723 2848 τοῖς
757 2783 992 2856 πρώτοις
1049 2784 1202 2839 οὔπω
1233 2789 1519 2843 τετόνωται
1545 2790 1680 2860 πρὸς

157 2867 247 2930 :73;
270 2871 465 2939 ἀγῶνας
513 2875 653 2944 ήμῐν
695 2874 730 2944 ἡ
773 2873 1022 2946 δύναμις,
1065 2876 1142 2939 ὡς
1174 2879 1317 2932 κατὰ
1368 2879 1540 2950 στόμα
1561 2883 1682 2944 ταῖς

156 2959 422 3027 προσϐολαῖς
478 2963 579 3018 τοῦ
633 2963 912 3034 ἀλλοτρίου
976 2966 1404 3035 συμπλέκεσθαι,
1449 2969 1545 3022 καὶ
1585 2969 1705 3022 ’ποῦ’

1776 1791 2086 1847 exsistens:
2115 1805 2223 1845 non
2252 1792 2396 1848 enim
2428 1791 2648 1846 aliunde
2682 1793 2786 1846 vim
2823 1800 3013 1846 contra
3049 1807 3152 1846 nos
3180 1793 3347 1848 habet

1773 1881 2178 1950 hostis,neque
2209 1881 2279 1935 ab
2328 1882 2435 1935 alio
2478 1881 2715 1952 quodam
2764 1897 2829 1936 ex
2879 1879 3142 1951 dignitate
3191 1890 3347 1951 parta

1773 1971 2143 2038 exturbamur,
2177 1973 2283 2026 nisi
2311 1985 2411 2027 nos
2440 1972 2541 2042 ipsi
2569 1973 2699 2026 mali
2734 1972 2898 2041 hujus
2926 1975 3109 2040 gnati,
3142 1973 3346 2030 infelici

1776 2074 1965 2133 partu,
2015 2065 2174 2133 quasi
2230 2073 2416 2134 patres
2471 2066 2702 2129 fiamus,
2750 2067 2845 2136 qui
2884 2067 2939 2121 in
2976 2083 3205 2138 regnum
3247 2082 3348 2121 no-

1777 2164 1949 2211 strum
1985 2156 2220 2226 insurgit
2253 2163 2307 2211 et
2353 2169 2502 2208 arma
2554 2158 2730 2226 capit,
2775 2159 2870 2226 qui
2917 2167 3046 2213 tunc
3081 2159 3349 2214 adversus

1774 2260 1876 2299 nos
1904 2245 2246 2314 potissimum
2277 2244 2593 2311 invalescit,
2622 2260 2744 2299 cum
2773 2247 3225 2301 contaminaverit
3251 2262 3346 2302 eas

1775 2350 1897 2403 quae
1935 2335 2219 2388 nobiseum
2257 2334 2540 2399 habitant,
2594 2335 2715 2388 luce
2765 2336 2976 2404 palam,
3022 2346 3077 2391 et
3126 2336 3178 2391 in
3231 2351 3350 2390 om-

1778 2427 1931 2479 nium
1982 2433 2316 2494 conspectu,
2372 2432 2526 2478 tanto
2572 2426 2790 2493 piacqu
2839 2435 3186 2496 perpetrato,
3246 2427 3349 2481 hoc

1776 2523 1900 2577 est,
1931 2515 2152 2584 quando
2183 2515 2249 2568 ad
2281 2514 2557 2585 publicum
2606 2515 2756 2568 velut
2813 2523 3082 2583 quaestum
3128 2517 3350 2589 exponit

1778 2608 2045 2660 virtutum
2109 2614 2421 2660 nostrarum
2479 2603 2916 2674 corruptionem,
2973 2603 3173 2675 quibus
3217 2605 3348 2660 olim

1780 2693 2236 2750 cohabitavimus.

1848 2782 1983 2838 Cum
2017 2783 2179 2853 igitur
2209 2783 2278 2837 ab
2311 2782 2468 2836 initio
2519 2782 2698 2836 virtus
2743 2789 2931 2837 nostra
2980 2783 3222 2838 nondum
3275 2784 3347 2839 ita

1781 2875 1848 2930 ad
1882 2888 2117 2944 pugnam
2156 2875 2227 2928 sit
2259 2873 2645 2938 corroborata,
2682 2879 2741 2926 ut
2783 2881 2971 2942 aperte
3015 2882 3069 2930 et
3108 2875 3254 2929 velut
3292 2876 3348 2932 in

1784 2964 1975 3020 faciem
2007 2965 2354 3034 impressioni
2392 2963 2564 3019 hostis
2611 2964 2868 3019 resistere
2896 2965 3210 3030 valeamus,
3251 2967 3348 3023 sed

154 3053 300 3114 φυγεῖν
323 3054 410 3106 τοῦ
440 3055 692 3109 τοιούτω
729 3057 828 3124 τὴν
868 3054 1078 3124 ἔφοδον,
1105 3056 1168 3108 ού
1201 3058 1396 3129 μικρὸν
1433 3060 1512 3122 είς
1537 3059 1678 3128 ὠφέ-
1705 3051 1715 3096 ⁴

1783 3070 2006 3110 necesse
2036 3056 2106 3109 sit
2147 3054 2331 3124 fugere
2360 3053 2674 3122 huiusmodi
2715 3052 3062 3120 conflictum,
3105 3071 3212 3109 non
3252 3070 3351 3126 pa-

154 3131 264 3186 >,ιιαν
301 3141 403 3202 τοῖς
449 3139 882 3211 πολεμουμένοις
913 3143 944 3196 6
985 3142 1140 3211 λόγος
1167 3144 1556 3210 ὑπέδειξεν-διὰ
1581 3147 1676 3202 τοῦ

146 3226 256 3278 me
287 3228 375 3298 τὴν
406 3231 639 3302 Γραφὴν
664 3230 1080 3302 ὑποδείγματος,
1120 3234 1276 3288 τοῦτό
1304 3253 1364 3289 σε
1385 3237 1675 3305 διδάσκων,

147 3314 207 3367 ὅτι
228 3318 339 3372 ὅταν
368 3338 444 3375 σοι
471 3322 707 3392 γένηται
757 3323 1116 3394 Ἀὄεσσαλὼμ
1137 3327 1167 3378 6
1199 3328 1266 3396 τῇ
1290 3327 1456 3399 κακίᾳ
1469 3327 1676 3398 κομῶν,

140 3407 590 3480 ιωελφοχτάνος,
649 3415 771 3469 τότε
834 3414 1032 3486 τιμίοις
1076 3433 1170 3470 σου
1232 3418 1431 3488 γάμοις
1477 3418 1574 3471 καὶ
1611 3421 1676 3490 τῇ

144 3494 348 3571 Apris-up
391 3504 554 3578 κοίτῃ
605 3504 997 3576 ὲπιλυσσήσας,
1036 3505 1226 3575 φεῦγε,
1252 3506 1433 3572 καθώς
1465 3525 1628 3577 φησιν
1649 3509 1680 3561 6

136 3582 317 3654 Κύριος,
377 3593 491 3646 ἀπὸ
547 3594 759 3658 πόλεως
790 3595 871 3659 είς
902 3595 1078 3649 πόλιν.
1119 3597 1207 3649 Ἐν
1245 3598 1353 3669 γὰρ
1387 3597 1466 3668 τῷ
1491 3598 1677 3652 ἀποδι-

137 3671 348 3742 δράσκειν
403 3684 520 3738 ἀπὸ
601 3684 894 3754 προσώπου
967 3686 1318 3758 Ἀὁεσσαλὼμ
1373 3687 1544 3756 ἔστιν,
1583 3689 1678 3743 τοῦ

128 3767 328 3823 τοιούτου
355 3773 504 3836 υῑοῦ,
524 3775 624 3829 τὸν
641 3774 1030 3845 συλλεξάμενον
1077 3775 1269 3830 ἑαυτοῦ
1297 3776 1396 3840 τὰς
1426 3776 1680 3848 δυνάμεις

129 3862 181 3929 τῇ
229 3867 481 3938 συνεργία
527 3868 628 3922 τοῦ
689 3867 846 3934 ξύλου
894 3870 990 3924 τοῦ
1029 3872 1087 3925 ὲν
1117 3872 1264 3942 αὐτῷ
1305 3871 1404 3943 τὴν
1438 3876 1680 3944 πονηρὰν

123 3953 255 4006 αὐτοῦ
283 3959 465 4029 κόμην
501 3960 872 4032 ὲκδήσαντος,
905 3961 994 4015 διὰ
1035 3961 1143 4015 τῶν
1170 3961 1337 4030 τριῶν
1371 3964 1540 4034 βελῶν
1583 3965 1680 4018 άν-

126 4043 235 4098 εὶείν
271 4052 361 4104 τὸν
407 4053 707 4124 πολέμιον.
736 4054 906 4124 Δῆλον
931 4054 988 4107 δέ
1016 4071 1097 4109 σοι
1123 4055 1340 4120 πάντως
1369 4059 1485 4111 ἐστὶ
1510 4059 1571 4110 τὸ
1591 4057 1680 4111 διὰ

118 4133 195 4202 τῆς
234 4139 480 4213 ἱστορίας
545 4144 1000 4215 ὑποδεικνύμενον
1041 4147 1286 4217 αἴνιγμα,
1317 4149 1466 4201 ποῖον
1506 4150 1682 4201 ἐκεῖνο

118 4223 164 4273 =6
190 4225 354 4293 ξύλον,
379 4224 429 4298 ᾧ
461 4232 805 4304 προσηλώθη
859 4237 958 4306 τῆς
989 4236 1188 4297 κακίας
1225 4238 1260 4306 ἡ
1294 4238 1461 4307 κόμη,
1490 4239 1625 4309 ὅπερ
1651 4239 1680 4290 ὁ

129 4312 421 4386 lado-mm;
477 4325 852 4395 χειρόγραφον
879 4327 1164 4396 ἁμαρτιῶν
1197 4327 1468 4396 ὀνομάζει,
1498 4329 1681 4393 καθώς

1784 3161 1904 3200 rum
1970 3145 2221 3199 utilitatis
2280 3145 2349 3199 iis
2400 3145 2494 3214 qui
2546 3145 2688 3198 bello
2743 3153 3093 3214 appetunt-nr,
3134 3145 3352 3200 divinus

1784 3251 1966 3293 sermo
2013 3251 2110 3306 per
2163 3237 2389 3291 allatum
2444 3233 2743 3306 Scriptura!
2786 3237 3090 3307 exemplum
3137 3239 3351 3303 attulit,

1783 3326 1888 3380 hoc
1936 3325 2189 3379 videlicet
2226 3332 2280 3379 te
2331 3324 2569 3390 docens,
2621 3333 2680 3377 ut
2724 3323 2942 3392 quando
2975 3324 3073 3378 tibi
3108 3326 3354 3380 nascitur

1783 3416 2018 3471 Absalon
2041 3455 2056 3478 ,
2091 3417 2311 3470 malitiae
2360 3419 2510 3472 velut
2538 3431 2695 3471 coma
2743 3416 2974 3486 insignis
2996 3457 3010 3483 ,
3056 3416 3354 3488 fratrisque

1784 3507 2121 3571 interfector,
2149 3509 2352 3578 quique
2379 3507 2694 3562 venerando
2724 3515 2820 3561 tuo
2864 3507 3023 3562 thoro
3063 3516 3118 3562 et
3159 3509 3353 3564 imma-

1783 3598 1966 3653 culato
1989 3598 2152 3653 cubili
2183 3598 2390 3652 furiose
2431 3597 2689 3660 insultet,
2719 3596 2897 3666 fugias
2923 3637 2938 3661 ,
2987 3605 3048 3652 ut
3090 3597 3354 3656 Dominus

1785 3697 2000 3753 monet,
2029 3689 2097 3743 de
2125 3688 2346 3744 civitate
2379 3689 2432 3742 in
2469 3689 2745 3742 civitatem
2783 3689 2849 3743 “.
2896 3687 3176 3759 Fugiendo
3203 3692 3351 3746 enim

1785 3795 1816 3834 a
1849 3780 1985 3835 facie
2015 3781 2304 3837 Absalonis
2336 3781 2462 3836 talis
2501 3781 2598 3834 filii
2623 3821 2636 3846 ,
2679 3780 3031 3850 cogendoque
3076 3781 3132 3837 in
3179 3798 3350 3838 unum

1785 3872 1973 3942 copias
2005 3879 2159 3934 tuas,
2188 3885 2291 3941 ope
2323 3871 2492 3941 ligni,
2515 3872 2661 3941 quod
2696 3873 2748 3926 in
2779 3872 2959 3942 seipso
2988 3873 3350 3942 perniciosam

1785 3963 1932 4017 illam
1961 3977 2172 4017 comam
2200 3963 2394 4033 religat
2419 3973 2470 4018 et
2503 3965 2792 4034 appendit,
2842 3967 3018 4021 tribus
3059 3966 3185 4021 telis
3224 3968 3354 4022 lice~

1788 4053 1865 4106 bit
1897 4053 1993 4107 tibi
2037 4054 2305 4123 perimere
2341 4054 2635 4109 inimicum.
2682 4053 2961 4110 Neminem
2997 4057 3153 4120 latet,
3185 4073 3352 4127 quor-

1785 4159 1907 4199 sum
1941 4144 2043 4198 hoc
2073 4157 2138 4198 ex
2181 4145 2530 4199 historiarum
2563 4145 2926 4200 monumentis
2957 4147 3182 4216 aenigma
3219 4147 3352 4214 peti-

1787 4245 1898 4288 tum
1920 4237 2218 4306 pertineat,
2248 4245 2301 4292 et
2320 4238 2480 4307 quale
2501 4237 2705 4308 lignum
2733 4237 2836 4299 sit,
2861 4239 2947 4292 cui
2976 4238 3131 4307 quasi
3158 4237 3349 4305 clavis,

1788 4327 2008 4381 malitiae
2041 4341 2196 4381 coma
2234 4327 2387 4381 allixa
2423 4335 2540 4392 est,
2576 4328 2719 4398 quod
2763 4328 3183 4399 chiragraphum
3224 4344 3353 4399 pec-

112 4422 281 4472 φησιν.
313 4413 401 4466 ὅτι
461 4391 595 4468 »ἰὰν
629 4391 664 4466 ιν
1067 4419 1132 4470 ὲκ
1162 4417 1256 4472 τοῦ
1290 4391 1475 4489 μέσου,
1514 4391 1682 4492 προσξ

1785 4423 2029 4468 catmum
2061 4415 2376 4468 nominatur
2403 4415 2471 4468 ab
2499 4391 2787 4484 Apostolo,
2821 4391 3116 4487 qui'et'ait
3141 4434 3154 4472 :
3184 4435 3203 4469 ι
3225 4391 3350 4473 ἸΙοο

108 4494 296 4564 ζὶὼσας
321 4502 405 4571 τῷ
432 4505 675 4576 σταυρῷ
695 4522 708 4535 ·
746 4526 766 4558 ι
800 4506 943 4560 τοῦτ’
977 4507 1123 4560 ἔστιν
1150 4507 1228 4579 τῷ
1257 4509 1419 4581 ξύλῳ.
1461 4513 1568 4564 Καὶ
1595 4513 1678 4576 τίς

105 4584 258 4648 ἡτῶν
316 4591 503 4659 βελῶν
567 4594 805 4666 τριὰς,ή
848 4596 1022 4666 μέσην
1049 4595 1317 4666 βάλλουσα
1347 4598 1439 4652 τοῦ
1481 4597 1676 4670 ἐχθροῦ

107 4674 180 4744 τήκ-
204 4681 456 4750 καρδὶαν,
487 4685 570 4738 δι’
605 4680 670 4756 ἧς
691 4685 898 4753 γίνεται
921 4685 1016 4738 τοῦ
1046 4686 1274 4756 ἐσχάτου
1309 4687 1502 4760 ἐχθροῦ
1528 4691 1558 4743 6
1584 4689 1679 4744 θά-

104 4780 274 4833 νιτοςς
315 4773 409 4836 ἀς
431 4775 484 4826 δ’
519 4775 603 4828 ἂν
656 4775 861 4846 καίριον
903 4776 1131 4844 γένηται
1161 4777 1293 4846 ἡμίν
1332 4778 1392 4830 τὸ
1430 4779 1679 4849 περὶτοῦ

108 4852 500 4935 βέλΰυςνάημα,
531 4868 613 4935 τῇ
637 4868 939 4937 προφητεία
959 4867 1054 4920 τοῦ
1080 4867 1302 4920 Ἡσαΐου
1328 4869 1680 4938 προσέξομεν,

166 4968 320 5021 φησιν
341 4958 413 5010 ἑκ
438 4957 750 5028 προσώπου
771 4960 1091 5031 Κυρίου,ὅτι
1118 4977 1138 5011 ι
1152 4960 1385 5028 Ἐθηκέν
1414 4978 1479 5031 με
1505 4962 1579 5025 ὡς
1597 4961 1684 5032 βέ-

109 5036 177 5102 λπις
199 5042 488 5110 ἐκλεκτὸν,
517 5048 629 5101 καὶ
645 5051 701 5102 ὲν
723 5052 789 5121 τῇ
819 5051 1069 5124 φαρέτρα
1095 5049 1259 5105 αὐτοῦ
1297 5050 1508 5121 ὕψωσέν
1535 5069 1623 5121 με.
1656 5071 1676 5106 ι

113 5128 254 5188 ’τοῦτο
273 5138 466 5192 meum
493 5141 567 5192 τὸ
602 5139 796 5209 βέλος,‹
815 5144 844 5196 6
865 5141 972 5207 ζῶν
994 5161 1014 5194 ι
1037 5141 1130 5197 τοῦ
1154 5142 1348 5217 κυρίου
1369 5143 1524 5212 λόγος
1543 5144 1679 5208 ἐστὶ,

118 5228 223 5317 FP
263 5233 606 5305 πμὼτερος
635 5237 768 5309 ὑπὲρ
799 5243 981 5295 πᾶσαν
1012 5240 1284 5317 μάχαιραν
1339 5237 1612 5307 δίστομονο
1651 5254 1670 5290 ι

122 5312 211 5406 te
233 5317 412 5406 οιγος
457 5321 631 5375 ιοτιιι
651 5326 678 5376 ι
698 5325 966 5396 Χριστός·
991 5327 1136 5396 τῷδε
1161 5312 1588 5406 mammas»
1614 5325 1676 5380 τὺ

127 5400 195 5466 τῆς
230 5405 463 5474 ’τριάδος
519 5410 864 5481 ὁμολογεῖται
913 5417 1208 5492 μυστήριον⁶
1255 5400 1352 5482 Ἓν
1390 5411 1440 5488 ᾧ
1464 5415 1560 5471 καὶ
1587 5415 1678 5468 τδν

135 5497 380 5558 χρισθέντα
430 5502 534 5555 καὶ
568 5501 668 5556 τὸν
709 5505 984 5576 χρίσαντα,
1015 5511 1093 5565 καὶ
1115 5525 1168 5592 τὸ
1197 5523 1248 5597 ᾧ
1271 5510 1518 5597 ἐχρίσθη
1537 5507 1679 5562 διδα-

185 5629 222 5658 ιι
249 5631 434 5689 Iatth.
463 5653 524 5700 ι,
564 5635 672 5703 23;
711 5636 747 5690 ΙΙ
778 5635 903 5707 Reg.
932 5653 1055 5712 xvm,
1082 5657 1112 5719 9
1132 5697 1264 5772 sqq.

1781 4519 1813 4560 e
1844 4504 2024 4558 medio
2054 4505 2324 4559 sublatum
2347 4543 2362 4569 ,
2395 4505 2656 4576 erm-ique
2686 4507 2902 4561 aillxum
2949 4523 3070 4564 esse
3101 4510 3166 4576 ",
3199 4529 3217 4562 ι
3247 4511 3350 4566 hoc

1781 4604 1866 4651 est
1913 4596 2078 4665 ligno.
2121 4595 2187 4648 Et
2229 4611 2475 4666 quaenam
2506 4605 2592 4652 est
2631 4597 2724 4651 illa
2761 4598 2897 4654 trias
2927 4599 3196 4666 telorum,
3227 4617 3351 4671 quae

1785 4686 2022 4741 medium
2057 4686 2231 4742 hostis
2264 4695 2458 4756 peetus
2491 4689 2937 4754 transverberat,
2967 4705 3088 4760 quas
3117 4703 3349 4746 mortem

1779 4776 1966 4847 jurato
1989 4787 2046 4833 et
2072 4779 2292 4848 capitali
2321 4779 2465 4834 hosti
2497 4779 2699 4835 aﬂ'ert?
2729 4779 2795 4835 Ut
2827 4783 2916 4836 teli
2952 4781 3118 4852 hujus
3147 4784 3350 4839 intelli-

1781 4871 2020 4941 gentiam
2053 4872 2339 4927 commode
2369 4888 2748 4944 assequamur,
2786 4874 3031 4929 animum
3065 4873 3351 4931 advertere

1779 4967 1991 5030 oportet
2032 4961 2098 5014 ad
2132 4962 2470 5032 prophetiam
2504 4965 2694 5028 Isaiae,
2729 4965 2820 5034 qui
2857 4981 2920 5020 ex
2969 4979 3202 5034 persona
3245 4965 3350 5020 Do-

1775 5053 1910 5107 mini
1941 5054 2008 5108 ait
2032 5071 2045 5108 :
2070 5071 2089 5104 ι
2118 5053 2303 5110 Posuit
2333 5071 2419 5111 me
2447 5057 2610 5110 telum
2638 5056 2908 5121 electum,
2931 5065 2983 5112 et
3012 5058 3064 5114 in
3092 5057 3347 5128 pharetra

1777 5158 1876 5199 sua
1909 5145 2166 5199 exultavit
2196 5160 2281 5200 me
2310 5147 2376 5201 “.
2413 5165 2430 5199 ι
2457 5145 2570 5202 Hoc
2599 5147 2764 5219 igitur
2791 5149 2952 5203 telum
2976 5189 2990 5213 ,
3021 5157 3106 5202 est
3136 5145 3348 5202 Domini

1781 5248 1999 5298 sermo,
2037 5254 2056 5286 ι
2092 5236 2283 5302 vivus,
2337 5238 2724 5307 penetrabilior
2770 5239 2917 5293 omni
2965 5237 3145 5308 gladio
3196 5236 3348 5291 anci-

1785 5325 1880 5396 piti
1907 5325 1990 5378 "z
2025 5345 2045 5379 ι
2069 5341 2249 5382 sermo
2294 5340 2473 5384 autem
2528 5330 2632 5386 iste
2680 5328 2930 5384 Christus
2959 5339 3078 5394 est,
3109 5344 3217 5398 quo
3247 5340 3348 5379 uo-

1784 5416 1932 5470 mine
1981 5415 2266 5474 Trinitatis
2325 5421 2639 5493 mysterimu
2696 5421 3052 5493 significatur.
3112 5416 3348 5474 Revoca!

1784 5507 1926 5562 enim
1961 5508 2014 5563 in
2046 5521 2303 5575 mentem,
2324 5521 2378 5568 et
2410 5529 2533 5569 eum
2566 5513 2657 5583 qui
2691 5515 2868 5575 unxit,
2891 5522 2943 5568 et
2971 5527 3093 5569 eum
3124 5507 3214 5581 qui
3241 5521 3345 5562 un-

1360 5656 1417 5696 σε
1449 5643 1673 5706 Coloss.
1706 5655 1768 5708 ll,
1805 5641 1889 5696 14.
1967 5643 2012 5675 “
2038 5641 2141 5700 lsa.
2177 5661 2322 5718 χιιι,
2351 5646 2406 5701 2.
2485 5649 2528 5683 ⁸⁸
2556 5645 2717 5702 lichr.
2751 5646 2922 5715 ΝΛΞ.
