4018 6334
644 263 744 317 547

643 393 766 438 ctus
787 390 888 445 est,
918 395 1152 449 eumque
1183 394 1291 449 quo
1319 385 1516 433 unctus
1545 389 1659 445 est;
1692 380 1736 434 si
1762 380 1907 434 enim
1931 381 2013 434 vel
2045 397 2210 434 unum
2243 389 2287 442 Α

645 475 838 528 horum
875 469 1050 531 desit.
1084 470 1282 524 Christi
1317 486 1515 524 nomen
1565 487 1673 524 non
1725 471 1995 526 subsistit.
2049 471 2222 539 Hujus

645 565 810 635 igitur
836 578 1034 616 nomen
1067 563 1286 632 quando
1319 564 1372 615 in
1402 562 1659 632 pharetra
1691 571 1880 617 nostra
1929 565 2223 626 exaltatur,

643 657 747 712 hoc
772 664 858 710 est
877 698 892 722 ,
918 658 1138 726 quando
1166 655 1220 708 in
1249 654 1432 708 anima
1461 663 1650 708 nostra
1677 670 1770 723 per
1798 655 1954 708 [idem
1977 655 2224 709 exoritur

647 752 664 813 ί
688 759 810 799 nam
837 743 1090 814 pharetra
1118 741 1389 796 sermonis
1410 751 1494 796 est
1513 740 1749 810 anima),
1782 749 1913 795 tunc
1935 741 2223 796 confestim

647 833 1032 896 adversarius,
1071 832 1164 901 qui
1201 847 1302 886 nos
1333 831 1642 901 insequitur
1672 840 1726 884 et
1762 832 2004 901 impetit,
2040 830 2226 886 interit

645 937 698 982 et
723 925 998 982 Occumbit
1018 965 1034 988 ,
1064 925 1224 994 cujus
1255 925 1510 980 interitus
1538 925 1592 977 in
1620 925 1765 994 ligno
1792 925 2017 980 accidit.
2045 925 2226 990 Quare

645 1034 769 1072 cum
799 1019 923 1088 quis
954 1017 1008 1074 in
1051 1028 1295 1086 tempore
1337 1015 1472 1084 fugit
1517 1015 1728 1070 hostem
1771 1017 1899 1086 (qui
1933 1032 2076 1072 unus
2105 1017 2226 1085 qui-

645 1109 766 1164 dem
794 1117 876 1163 est
900 1116 1092 1162 natura
1113 1147 1130 1174 ,
1156 1107 1438 1176 multiplex
1466 1122 1593 1160 vero
1623 1106 1682 1160 lit
1705 1109 1973 1161 malorum
2004 1107 2224 1161 auxiliis

645 1209 700 1254 et
723 1199 1166 1270 suppetiis:hiuc
1195 1197 1328 1252 illud
1348 1217 1360 1252 :
1383 1215 1401 1246 ι
1428 1196 1694 1261 Quoniam
1730 1197 2072 1267 multiplicati
2098 1203 2228 1252 sunt

647 1293 738 1361 qui
767 1291 1031 1345 tribulant
1060 1305 1166 1353 me,
1191 1291 1344 1343 multi
1371 1291 1662 1360 insurgunt
1685 1289 1976 1343 adversum
2003 1304 2087 1344 me
2108 1289 2175 1353 “,
2201 1307 2219 1338 ι

645 1393 702 1437 et
726 1384 776 1437 id
805 1398 979 1452 geuus
1003 1382 1108 1436 alia
1128 1423 1143 1446 ,
1169 1397 1290 1450 quae
1316 1382 1368 1434 in
1397 1382 1604 1451 psalmo
1628 1381 1720 1436 illo
1744 1397 1865 1436 sese
1885 1396 2228 1450 consequun-

647 1473 790 1544 tur),
810 1485 939 1528 tunc
957 1473 1016 1527 ﬁt
1035 1475 1190 1542 quasi
1207 1473 1418 1526 initium
1439 1473 1678 1526 victoriae
1699 1491 1712 1526 :
1741 1474 2064 1544 tempestiva
2079 1473 2225 1527 enim

649 1570 720 1623 ab
741 1568 990 1623 hostibus
1021 1565 1144 1635 luga
1172 1579 1338 1619 causa
1372 1565 1589 1618 exsistit
1611 1566 1852 1618 victoria:
1883 1565 1953 1618 ab
1975 1564 2227 1617 hostibus

648 1663 960 1724 reportatae.
983 1652 1253 1719 Quocirca
1285 1652 1526 1720 psalmus
1556 1652 1650 1719 qui
1678 1652 1946 1720 sequitur,
1973 1651 2116 1704 hanc
2143 1652 2227 1704 in-

650 1744 1004 1815 scriptionem
1031 1743 1224 1796 habet:
1250 1760 1268 1792 ι
1298 1741 1354 1795 1η
1389 1743 1547 1796 tinem
1577 1743 1676 1794 ⁸⁷.»
1704 1741 1859 1796 Finis
1887 1751 2070 1796 autem
2104 1755 2225 1795 om—
2257 1726 2299 1780 Β

650 1839 735 1891 nis
768 1851 964 1908 pugna:
993 1843 1078 1892 est
1111 1835 1339 1888 victoria
1362 1874 1377 1894 .
1409 1833 1869 1904 quemadmodum
1907 1848 2076 1903 supra
2100 1831 2214 1900 jam

650 1930 1024 1994 ostendimus;
1046 1943 1110 1981 cu
1120 1943 1278 1996 mque
1296 1927 1463 1981 semel
1481 1925 1821 1980 dulcedinem
1843 1926 2084 1981 victoria:
2101 1926 2225 1996 quis

653 2019 982 2089 gustaverit,
1026 2033 1148 2071 mox
1182 2018 1301 2070 alim
1329 2026 1383 2070 et
1411 2017 1534 2070 alia:
1567 2017 1814 2070 victoriae
1863 2017 1932 2069 ab
1979 2017 2226 2073 hostibus

653 2106 885 2162 feliciter
915 2105 1246 2159 referuntur.
1295 2103 1351 2156 In
1385 2105 1556 2172 prima
1589 2104 1736 2158 enim
1770 2105 2027 2167 victoria,
2061 2105 2220 2158 diuti-

659 2197 904 2252 :antibus
939 2195 1101 2262 hujus
1136 2195 1255 2247 vita:
1281 2193 1722 2262 jucunditatibus
1757 2210 1880 2247 cum
1919 2195 2076 2249 bonis
2111 2196 2226 2248 aui-

655 2303 792 2350 mze,
825 2285 1108 2356 prazvaluit
1138 2286 1191 2339 in
1224 2293 1310 2345 te.
1347 2294 1510 2353 atque
1552 2285 1688 2339 adeo
1731 2286 1940 2339 domuit
1981 2289 2226 2356 corporis

655 2379 1026 2448 deceptionem
1085 2387 1137 2431 et
1186 2376 1458 2441 ludibria,
1517 2377 1800 2431 inclinatio
1854 2378 1920 2431 ad
1979 2379 2224 2432 meliora.

657 2468 942 2524 Damnatis
997 2469 1140 2523 enim
1197 2469 1305 2521 illis
1359 2468 1452 2536 qui
1499 2477 1752 2536 quarunt
1796 2469 2125 2533 vanitatem,
2174 2477 2228 2524 ct

657 2561 888 2632 diligunt
923 2559 1298 2624 mendacium,
1331 2559 1674 2613 commutasti
1706 2560 2011 2630 voluptates
2046 2577 2227 2614 rerum

659 2667 778 2720 qua:
807 2651 910 2704 sub
939 2657 1219 2720 aspectum
1250 2648 1488 2714 cadunt,
1534 2661 1659 2702 cum
1693 2647 1965 2704 desiderio
2010 2665 2226 2714 rerum,

659 2759 782 2813 quae
813 2742 1004 2796 oculos
1035 2738 1320 2808 cﬂugiunt.

731 2830 786 2885 lu
847 2829 1096 2898 sequenti
1147 2826 1418 2896 psalmo“
1452 2827 1556 2880 alia
1605 2827 1815 2882 ratione
1854 2829 2049 2883 vincis.
2094 2829 2231 2883 Cum

659 2923 804 2978 enim
837 2921 948 2974 duo
973 2920 1084 2974 sint
1115 2919 1208 2988 qui
1253 2933 1351 2988 pro
1380 2917 1696 2972 hazreditate
1743 2921 1989 2975 veritatis
2039 2929 2230 2975 mutuo

663 3026 935 3086 pugnant;
995 3015 1087 3068 illo
1139 3011 1360 3082 quidem
1418 3012 1716 3082 objiciente
1767 3013 1960 3082 legem,
2020 3021 2072 3067 te
2103 3029 2232 3068 vero

668 3110 855 3167 ﬁdem;
889 3108 1075 3175 justus
1129 3104 1453 3174 agonotheta
1508 3103 1630 3166 tibi,
1685 3104 1930 3172 neglecto
1979 3105 2093 3169 illo,
2137 3105 2236 3156 tri—

666 3200 784 3253 buit
813 3197 1053 3251 victoria:
1085 3194 1302 3264 praemia
1323 3232 1340 3256 ,
1370 3201 1426 3246 ut
1457 3195 1682 3262 proinde
1713 3209 1882 3262 purus
1913 3196 2106 3248 anima:
2132 3203 2236 3248 tuae

666 3298 844 3344 status
883 3288 956 3342 sit
979 3288 1126 3341 velut
1164 3294 1318 3340 ortus
1345 3285 1500 3346 solis,
1532 3287 1623 3353 qui
1665 3286 1762 3338 tibi
1795 3301 1826 3339 a
1863 3287 2104 3339 tenebris
2143 3301 2228 3338 re-

667 3379 882 3435 cedenti
911 3377 1212 3432 diluculum
1244 3376 1453 3440 aﬂerat,
1494 3377 1637 3446 quod
1673 3378 1915 3444 psalmus
1957 3395 1974 3426 ι
2001 3391 2161 3429 mane
2189 3396 2234 3439 ι,

669 3469 947 3534 nominat;
983 3478 1037 3522 et
1065 3468 1145 3522 sic
1185 3467 1412 3522 victoria
1440 3483 1505 3521 ex
1533 3468 1758 3521 victoria
1792 3469 2012 3522 athletae
2035 3469 2232 3522 .nasci-

670 3572 781 3623 tur,
811 3574 1026 3629 semper
1048 3557 1116 3611 ad
1145 3557 1195 3611 id
1224 3556 1368 3627 quod
1397 3558 1575 3626 majus
1615 3568 1670 3612 et
1704 3558 1977 3614 illustrius
2028 3567 2112 3612 est
2153 3559 2238 3612 vi.

671 3652 858 3706 ctoria:
920 3649 1182 3718 troplueis
1240 3657 1294 3702 et
1353 3649 1692 3704 ornamentis
1733 3649 2236 3718 progredientibus.

675 3743 885 3798 Rursus
934 3742 1040 3794 alia
1095 3741 1324 3794 victoria
1379 3741 1571 3796 ordine
1621 3743 2000 3810 consequitur.
2044 3756 2141 3811 per
2175 3757 2239 3795 ea

671 3849 793 3904 quae
823 3838 1237 3902 praecesserunt,
1254 3838 1426 3898 parta.
1453 3829 1586 3884 Nam
1619 3831 1712 3900 qui
1738 3831 2108 3886 luereditatem
2144 3847 2241 3884 no-

673 3934 782 3978 tam
818 3923 965 3986 fecit,
989 3923 1076 3976 ille
1109 3921 1270 3974 etiam
1318 3939 1335 3971 ι
1365 3918 1581 3974 Octava:
1609 3923 1652 3954 ⁸⁸
1683 3942 1701 3973 ι
1736 3921 2004 3986 meminit,
2029 3937 2150 3990 qua:
2187 3931 2241 3977 et

677 4018 800 4070 linis
830 4022 913 4068 est
941 4013 1226 4082 pra‘seutis
1259 4013 1404 4077 vitae,
1444 4020 1498 4066 et
1532 4011 1861 4081 principium
1896 4013 1995 4067 arvi
2045 4013 2237 4067 futuri.

673 4105 962 4176 Proprium
1007 4119 1132 4159 vero
1177 4121 1196 4154 ι
1223 4103 1440 4158 Octava:
1467 4122 1485 4154 ι
1515 4111 1622 4168 est,
1677 4118 1782 4156 non
1823 4106 2058 4173 amplius
2111 4107 2243 4160 sub-

676 4197 992 4251 ministrare
1021 4194 1089 4248 iis
1113 4193 1205 4263 qui
1239 4193 1292 4246 in
1318 4193 1437 4262 ipsa
1467 4193 1690 4262 degunt,
1718 4195 2067 4248 occasionem
2110 4213 2235 4264 per-

675 4283 925 4353 petrandi
961 4282 1100 4335 bona
1138 4279 1223 4334 vel
1248 4280 1411 4343 mala,
1439 4280 1533 4334 sed
1575 4295 1916 4349 quaecunque
1958 4283 2082 4350 quis
2123 4298 2248 4352 ope-

676 4388 798 4426 rum
829 4370 1035 4426 semina
1083 4369 1172 4424 hic
1221 4369 1508 4437 sparserit,
1559 4368 1776 4422 illorum
1814 4369 1885 4422 ibi
1937 4369 2243 4439 manipulos

681 4461 849 4529 capit.
895 4457 1262 4524 Quamobrem
1323 4456 1412 4511 hic
1455 4457 1828 4526 pamitentiam
1881 4473 2043 4527 agere
2091 4459 2244 4527 jubet

677 4549 844 4619 (quod
888 4551 941 4602 in
981 4547 1194 4602 inferno
1238 4547 1550 4616 hujusmodi
1605 4549 1790 4602 studio
1821 4549 1955 4603 nihil
2011 4551 2246 4619 amplius

681 4640 782 4694 loci
823 4640 1070 4691 relictum
1104 4639 1196 4707 sit)
1241 4655 1388 4702 eum,
1423 4640 1516 4708 qui
1551 4639 1788 4710 hisipsis
1826 4641 2072 4694 victoriis
2091 4657 2252 4696 exer-

677 4731 878 4784 citatus
924 4737 1028 4784 est.
1081 4727 1562 4786 Vertunenimvero
1637 4733 1835 4786 iterum
1917 4734 1982 4786 ad
2037 4749 2246 4802 pugiias

681 4823 913 4878 deﬂectit
941 4822 1139 4884 oratio,
1207 4837 1400 4878 rursus
1429 4825 1582 4893 ungit
1632 4842 1732 4880 nos
1777 4825 1841 4879 ad
1887 4827 2245 4881 tentatiouum

684 4919 960 4972 incursus.
1017 4913 1162 4967 Idem
1199 4915 1344 4967 enim
1400 4916 1596 4979 hostis,
1651 4917 1889 4971 Absalon
1923 4918 2036 4981 ille,
2091 4919 2248 4986 quasi

683 5025 747 5065 ex
779 5007 937 5060 nobis
963 5012 1209 5070 renatus,
1237 5005 1415 5058 denuo
1456 5006 1652 5060 bellum
1692 5024 1758 5062 ex
1808 5009 1964 5062 nobis
2011 5009 2251 5064 redinte-

683 5107 826 5168 ενοι,
877 5112 1039 5166 quem
1071 5095 1240 5152 caedis
1288 5106 1490 5152 nostra:
1527 5098 1784 5167 cupidum
1826 5099 2022 5153 avertit
2059 5110 2250 5154 nostra

685 5193 753 5246 de
783 5192 887 5246 hac
939 5205 999 5244 re
1044 5189 1270 5259 provida
1319 5204 1452 5242 cura
1485 5198 1539 5242 et
1585 5189 1922 5252 sollicitudo,
1959 5191 2040 5245 vel
2068 5192 2250 5259 potius

690 5281 999 5338 subsidium
1034 5276 1149 5332 Dei.
1172 5277 1307 5331 Nam
1333 5293 1556 5334 causam
1580 5278 1656 5333 rei
1675 5278 1906 5333 leliciter
1931 5289 2096 5349 gestae
2126 5296 2252 5350 pro-

691 5379 811 5441 pter
851 5367 1012 5428 verba
1045 5365 1276 5422 Chusi"
1310 5367 1416 5424 Deo
1450 5369 1716 5438 assignat,
1756 5369 1915 5438 eique
1951 5374 2156 5439 gratias
2193 5386 2252 5424 a-

690 5464 788 5534 git.
845 5458 952 5513 Sed
1003 5457 1254 5540 fortassis
1315 5461 1649 5528 superﬂuum
1718 5459 1885 5515 fuerit
1937 5463 2254 5517 accuratius

692 5565 960 5621 exponere
995 5550 1149 5612 velle,
1209 5550 1482 5622 quomodo
1524 5549 1862 5618 Chusi,cum
1897 5551 2107 5607 amicus
2155 5553 2254 5606 lla-

758 5659 804 5689 "’
837 5659 978 5720 Psal.
1016 5675 1073 5714 ut
1125 5659 1161 5714 2
1258 5663 1300 5693 ετ
1327 5661 1468 5717 Psal.
1500 5679 1572 5727 tv,
1605 5666 1653 5717 l.

2279 4431 2319 4484 D

1729 5663 1772 5695 “
1805 5661 1946 5717 Psal.
1980 5681 2031 5726 v,
2061 5665 2107 5719 1.

1911 264 1966 316 S.
2001 262 2089 316 (ἶΙῖ
2101 263 2326 319 EGORII
2371 263 2661 319 NYSSFNI

2189 5667 2231 5697 θ’
2264 5665 2408 5722 PSal.
2439 5683 2512 5734 νι,
2551 5668 2597 5720 ι.

3729 278 3816 332 548

2319 385 2574 453 σκόμεθα.
2615 387 2674 438 El
2703 385 2810 454 γάρ
2840 382 2895 437 ἓν
2919 401 2970 436 τι
3004 384 3205 437 τούτων
3230 385 3422 464 λείποι,
3438 388 3494 440 τὸ
3520 389 3602 443 τοῦ
3628 392 3819 464 Χριστοῦ

2319 476 2490 545 ὄνομα
2526 477 2622 546 οὐχ
2653 477 2962 544 ὑφίσταται.
2995 476 3166 528 Τοῦτο
3183 460 3360 528 τοίνυν
3387 477 3444 530 τὸ
3472 479 3625 549 δνομα
3651 460 3758 537 όταν
3778 489 3825 539 ὲν

2319 572 2384 638 τῇ
2415 569 2654 639 ἡμετέρᾳ
2679 566 2864 636 ύψωθῇ
2907 566 3154 636 φαρέτρα
3176 581 3190 595 ⁸
3221 565 3366 618 τοῦτ’
3389 565 3545 631 ἔστιν,
3569 571 3681 623 ὅταν
3706 576 3755 627 ὲν
3773 580 3826 644 τῇ

2319 663 2464 730 ψυχῇ
2511 659 2668 729 ἡμῶν
2717 657 2803 712 διά
2837 657 3071 718 πίστεως
3099 656 3322 725 γένηται
3349 657 3367 727 (
3389 659 3613 730 φαρέτρα
3633 662 3728 731 γὰρ
3749 667 3827 718 τοῦ

2321 750 2481 818 λόγου
2492 749 2637 802 ἐστὶν
2654 750 2687 819 ἡ
2703 748 2871 818 ψυχὴ)
2883 786 2896 809 ,
2913 746 3031 799 τότε
3047 746 3384 815 ἀναιρετικὸν
3398 749 3588 815 γίνεται
3602 752 3684 806 τοῦ
3699 755 3833 808 ἔπαν-

2323 838 2612 907 ισταμένου
2666 839 2796 908 ἡμῖν
2843 837 2937 890 καὶ
2973 835 3280 902 διώκοντος,
3323 829 3382 889 οὗ
3423 839 3450 890 0
3495 839 3761 911 ἀφανισμδς
3787 847 3834 896 ἐν

2320 931 2398 1002 τῷ
2427 931 2586 1000 ξύλῳ.
2619 930 2716 982 Διά
2750 927 2908 982 τοῦτο
2935 929 3072 998 μετά
3104 929 3164 982 τὸ
3195 931 3382 999 φυγεῖν
3414 931 3468 981 ὲν
3487 929 3560 1000 τῷ
3586 932 3740 1002 καιρῷ
3760 935 3837 986 τὸν

2322 1022 2749 1091 ἐπανιστάμενον
2778 1021 2857 1089 (ὃς
2903 1014 2982 1082 εἷς
3018 1020 3114 1089 μέν
3145 1021 3260 1072 ἐστι
3293 1023 3359 1090 τῇ
3401 1019 3568 1088 φύσει,
3593 1022 3769 1091 πλῆθος
3791 1023 3836 1076 δὲ

2323 1112 2529 1179 γίνεται
2562 1113 2626 1184 τῇ
2658 1112 2798 1179 κακῇ
2830 1109 3165 1181 συμμαχίᾳ),
3185 1111 3276 1168 καὶ
3314 1110 3500 1172 εἰπεῖν,
3528 1110 3665 1162 «Ὅτι
3706 1112 3841 1182 ἐπλη-

2324 1198 2592 1267 θύνθησαν
2639 1202 2686 1253 οί
2718 1196 2986 1259 θλίϐοντές
3007 1215 3072 1267 με
3098 1236 3112 1261 ,
3165 1198 3261 1253 καὶ
3295 1197 3473 1251 πολλοὶ
3512 1200 3840 1254 ἐπανίστανται

2323 1294 2409 1346 ἐπ’
2453 1294 2573 1361 ἐμὲ,
2609 1311 2626 1342 ι
2660 1292 2754 1344 καλ⁵
2798 1291 2900 1344 ὅσα
2956 1291 3019 1343 ὲκ
3074 1289 3168 1344 τοῦ
3219 1289 3507 1343 ἀκολούθου
3539 1293 3571 1360 ἡ
3601 1291 3844 1361 ψαλμῳδία

2325 1383 2594 1452 περιέχει·
2647 1381 2770 1434 τότε
2794 1380 3003 1447 γίνεται
3030 1382 3064 1450 ἡ
3095 1378 3187 1436 τοῦ
3219 1381 3376 1451 νικᾷν
3401 1381 3637 1451 ἀρχή,Ἡ
3661 1383 3754 1451 γὰρ
3774 1382 3845 1433 εὖ-

2325 1489 2515 1542 καιρος
2578 1472 2685 1524 ἀπὸ
2738 1470 2846 1522 τῶν
2917 1470 3362 1539 ἐπανισταμένων
3398 1473 3558 1539 φυγὴ,
3597 1471 3684 1540 τῆς
3729 1471 3844 1523 κατὰ

2324 1564 2432 1618 τῶν
2463 1561 2671 1634 ἐχθρῶν
2697 1561 2852 1631 νίκης
2881 1562 3024 1614 αἰτία
3057 1562 3288 1629 γίνεται.
3322 1560 3422 1612 Διά
3448 1559 3595 1612 τοῦτο
3621 1563 3650 1630 ἡ
3681 1561 3848 1628 ἐφεξῆς

2325 1655 2631 1726 ψαλμῳδία,
2657 1674 2673 1704 ι
2703 1655 2797 1717 Εἰς
2814 1653 2872 1706 τὸ
2899 1651 3074 1716 τέλος,
3102 1671 3120 1702 ι
3139 1652 3235 1722 τὴν
3263 1651 3565 1722 ἐπιγραφὴν
3584 1650 3848 1720 ἕχει.Τέλος

2328 1742 2383 1794 δὲ
2416 1741 2613 1803 παντὸς
2660 1740 2866 1808 ἀγῶνος
2917 1743 2952 1810 η
3004 1741 3127 1810 νίκη
3181 1739 3327 1794 ἐστίν
3356 1755 3370 1770 ο
3418 1737 3590 1802 καθὼς
3631 1739 3850 1804 φθάσαςό

2330 1835 2485 1902 λόγος
2519 1835 2648 1904 ἡμῖν
2701 1836 2831 1903 περὶ
2860 1837 3064 1886 τούτων
3115 1828 3559 1902 ὲτεχνολόγησεν·
3593 1832 3676 1884 καὶ
3700 1830 3852 1900 ἐπειδὴ

2333 1924 2400 1978 ἂν
2432 1926 2577 1989 ἅπαξ
2608 1925 2701 1978 τοῦ
2731 1925 2885 1994 νικᾷν
2910 1924 3103 1996 γεύσῃ,
3133 1922 3429 1991 ἐπάλληλοι
3455 1922 3594 1975 νίκαι
3619 1920 3744 1974 κατά
3769 1921 3852 1973 τῶν

2331 2015 2540 2086 ἐχθρῶν
2595 2014 3000 2086 κατορθοῦνται.
3022 2015 3106 2066 Ἐν
3139 2014 3248 2084 γὰρ
3292 2015 3364 2082 τῇ
3396 2013 3579 2084 πρώτῃ
3612 2012 3743 2080 νίκῃ,
3768 2009 3852 2061 τῶν

2332 2107 2474 2161 κατά
2526 2107 2615 2159 τὸν
2649 2105 2759 2175 βίον
2787 2105 2959 2176 ἡδέων
2993 2104 3130 2174 πρὸς
3160 2103 3229 2156 τά
3256 2107 3363 2173 τῆς
3393 2103 3568 2172 ψυχῆς
3589 2102 3748 2169 ἀγαθά
3793 2101 3855 2152 δι-

2331 2198 2741 2267 αμιλλωμένων,
2767 2199 2822 2248 ὲν
2857 2198 2938 2248 σοὶ
2959 2196 3258 2266 ἐκράτησεν
3301 2197 3410 2265 τῆς
3431 2193 3612 2262 ὑλικῆς
3632 2193 3813 2262 ἀπάτης
3831 2192 3857 2256 ἡ

2333 2288 2468 2357 πρὸς
2509 2287 2576 2339 τά
2635 2287 2865 2357 κρείττω
2909 2287 3068 2356 ῥοπή.
3102 2286 3429 2352 Καταγνοὺς
3455 2284 3558 2352 γάρ
3582 2282 3680 2334 τῶν
3706 2283 3758 2333 τὸ
3782 2282 3860 2349 pi-

2331 2393 2482 2429 ταιον
2506 2375 2830 2446 ζητούντων,
2865 2375 2958 2427 καὶ
2995 2371 3346 2441 ἀγαπώντων
3379 2374 3440 2425 τὸ
3471 2371 3670 2442 ψεῦδος.
3691 2368 3861 2437 imago

2333 2469 2431 2539 τῆς
2456 2470 2582 2538 περὶ
2607 2467 2675 2520 τὰ
2697 2467 2991 2536 φαινόμενα
3021 2464 3410 2537 προσπαθείας
3426 2467 3523 2538 τὴν
3544 2464 3644 2521 τῶν
3664 2463 3859 2536 ἀοράτων

2336 2560 2648 2628 ἐπιθυμίαν.

2420 2843 2507 2894 Ἐν
2527 2839 2605 2910 τῷ
2631 2838 2826 2908 ἐφεξῆς
2854 2838 3010 2893 ἄλλον
3037 2839 3238 2909 τρόπον
3262 2839 3442 2909 νικᾷς.
3479 2837 3578 2891 Δύο
3607 2836 3859 2906 γάρδντων

2337 2931 2446 2985 τῶν
2477 2932 2616 3002 ὑπὲρ
2644 2931 2744 3000 τῆς
2793 2928 3049 2999 ἀληθείας
3100 2927 3469 2997 κληρονομίας
3507 2925 3866 2996 διαμαχομένων

2293 3031 2302 3094 ζ
2339 3022 2475 3094 πρὸς
2514 3021 2794 3090 ἀλλήλους,
2844 3019 2937 3072 καὶ
2975 3017 3070 3070 τοῦ
3101 3020 3198 3088 μὲν
3227 3018 3660 3089 προϐαλλομένου
3694 3015 3771 3066 τὸν
3801 3012 3866 3063 νό-

2342 3130 2460 3183 μον,
2507 3113 2600 3164 τοῦ
2641 3111 2696 3164 δὲ
2742 3113 2840 3180 τὴν
2874 3111 3086 3162 πίστιν·
3133 3111 3161 3160 0
3202 3109 3418 3172 δίκαιος
3454 3106 3769 3176 ἀγωνοθέτης
3805 3119 3868 3154 σοι

2336 3204 2549 3258 δίδωσιν
2595 3205 2713 3256 κατ’
2765 3201 2972 3253 ἐκείνου
3024 3200 3090 3252 τὰ
3129 3203 3445 3272 νικητήρια.
3478 3201 3631 3251 Ὥστε
3683 3215 3754 3250 σοι
3792 3196 3871 3261 τὴν

2338 3295 2586 3365 καθαρὰν
2609 3295 2708 3364 τῆς
2729 3294 2906 3363 ψυχῆς
2935 3294 3295 3359 κατάστασιν,
3318 3293 3576 3362 ἀνατολὴν
3594 3291 3732 3361 ἡλίου
3758 3287 3872 3354 γενέο

2338 3385 2483 3447 σθαι,
2507 3385 2839 3455 ἀφεστηκότι
2867 3384 2962 3437 τοῦ
2986 3384 3227 3446 σκότους,
3257 3385 3352 3438 τὸν
3379 3383 3572 3455 ὄρθρον
3600 3381 3870 3447 ἐπάγοντοςο

2344 3473 2441 3528 Ὃν
2476 3494 2494 3526 ι
2531 3477 2743 3546 πρωῒαν
2781 3495 2798 3526 ι
2831 3475 3082 3545 ὀνομάζει
3132 3477 3165 3544 ἡ
3221 3475 3537 3546 ψαλμῳδία.
3598 3475 3697 3527 Καὶ
3738 3471 3876 3527 οὕτως

2339 3562 2483 3615 ἔστιν
2508 3565 2594 3617 ἀεὶ
2628 3565 2809 3634 εὑρεῖν
2836 3564 2992 3632 νίκην
3021 3566 3084 3616 ὲκ
3112 3564 3273 3632 νίκης
3294 3565 3375 3634 τῷ
3413 3565 3614 3635 ἀθλητῇ
3643 3573 3877 3633 προσγινο-

2343 3655 2530 3724 μένην,
2585 3653 2720 3723 πρὸς
2746 3653 2807 3705 τὸ
2838 3657 3020 3722 μεῖζον
3047 3653 3282 3708 πάντοτε
3330 3655 3426 3706 καὶ
3463 3655 3877 3722 περιφανέστερον

2341 3747 2635 3816 προϊόντων
2668 3745 2774 3797 τῶν
2807 3747 2872 3798 ὲκ
2919 3745 3018 3814 τῆς
3059 3745 3216 3814 νίκης
3265 3745 3709 3817 κατορθωμάτων.
3744 3740 3876 3792 Πάλιν

2340 3838 2502 3907 ἑτέρα
2539 3835 2837 3904 διαδέχεται
2873 3834 2995 3904 νίκη
3044 3835 3185 3887 κατὰ
3239 3837 3303 3889 τὸ
3343 3837 3651 3897 ἀκόλουθον,
3679 3833 3756 3885 διὰ
3797 3829 3879 3880 τῶν

2343 3925 2812 3996 προδεικνυμένων
2845 3925 3279 3994 κατορθουμένη.
3315 3927 3376 3978 ’0
3406 3928 3514 3998 γὰρ
3541 3928 3636 3996 τὴν
3665 3924 3877 3992 κληρονο-

2346 4019 2474 4088 μίαν
2496 4015 2786 4086 γνωρίσας,
2823 4016 2984 4079 αὐτὸς
3013 4015 3101 4068 καὶ
3127 4017 3223 4086 τῆς
3259 4038 3277 4069 ι
3302 4019 3527 4090 Ὀγδόης
3565 4040 3580 4069 ι
3616 4018 3878 4086 μέμνηταιο

2340 4110 2461 4178 ἥτις
2511 4106 2682 4178 πέρας
2727 4125 2785 4160 τε
2832 4107 2926 4159 τοῦ
2975 4109 3270 4172 ἐνεστῶτος
3318 4112 3514 4180 χρόνου
3565 4112 3773 4178 γίνεται,
3808 4103 3880 4154 καὶ

2345 4200 2486 4269 ἀρχὴ
2515 4198 2608 4251 τοῦ
2639 4199 2917 4268 μέλλοντος
2942 4200 3154 4262 αἰῶνος.
3179 4202 3344 4254 Ἰδιον
3377 4203 3432 4256 δὲ
3463 4203 3559 4272 τῆς
3584 4223 3602 4252 ι
3633 4197 3875 4266 Ὀγδὸηςνι

2345 4288 2406 4339 τὸ
2461 4289 2656 4357 μηκέτι
2705 4287 2890 4358 καιρὸν
2917 4289 2998 4350 εἰς
3037 4291 3399 4360 παρασκευὴν
3426 4289 3698 4358 ἀγαθῶνῆ
3731 4281 3880 4339 κακῶν

2346 4377 2601 4431 ἐνδιδόναι
2656 4382 2767 4441 τοῖς
2815 4381 2873 4431 ὲν
2918 4379 3052 4449 αὐτῇ
3105 4381 3447 4448 γινομένοις·
3486 4379 3598 4434 ἀλλ’
3639 4371 3707 4432 ὧν
3734 4376 3790 4430 ἄν
3818 4386 3882 4430 τις

2348 4467 2526 4538 ἑαυτῷ
2572 4469 2974 4538 καταϐάλληται
3023 4469 3114 4522 διὰ
3159 4470 3271 4521 τῶν
3305 4472 3486 4542 ἔργων
3524 4473 3589 4524 τὰ
3617 4469 3879 4536 σπέρματα.

2346 4561 2550 4613 τούτων
2599 4560 2980 4628 ἀντιπαρέχειν
3029 4559 3099 4611 τὰ
3146 4559 3461 4632 δράγματα.
3521 4556 3596 4615 οὗ
3638 4560 3778 4630 χάριν
3812 4557 3878 4606 ὲνο

2348 4651 2524 4704 ταῦθα
2576 4650 2817 4720 ἐνεργεῖν
2870 4649 3146 4719 νομοθετεῖ
3182 4650 3283 4719 τὴν
3317 4653 3607 4722 μετάνοιαν
3636 4651 3724 4719 (ὡς
3752 4649 3798 4698 ὲν
3821 4639 3879 4706 τῷ

2351 4741 2452 4812 ᾅδῃ
2473 4740 2570 4809 τῆς
2605 4739 2858 4809 τοιαύτης
2881 4740 3111 4809 σπουδῆς
3132 4743 3576 4812 ἀπρακτούσης),
3598 4743 3708 4802 ταῖς
3731 4732 3882 4790 αὐταῖς

2346 4832 2521 4894 νίκαις
2548 4830 3010 4899 ὲγγυμνασθέντα.
3036 4831 3202 4887 Πάλιν
3219 4832 3523 4902 ἀπαλείφει
3550 4830 3680 4902 πρὸς
3708 4827 3886 4894 ἐτέρους

2347 4918 2562 4986 ἀγῶνας
2611 4921 2640 4972 ὁ
2685 4918 2840 4986 λόγος
2863 4934 2880 4950 ⁸
2931 4919 3092 4972 πάλιν
3124 4919 3343 4988 ἀλείφει
3381 4925 3449 4992 τῇ
3480 4921 3586 4974 τῶν
3612 4910 3887 4989 πειρασμῶν

2350 5008 2641 5079 προσϐολῇ.
2706 5007 2763 5059 Ὀ
2821 5007 2982 5071 αὐτὸς
3029 5009 3138 5079 γὰρ
3180 5009 3448 5080 πολέμιος
3499 5013 3529 5064 0
3583 5001 3891 5064 Ἀὁεσσαλὼμ

2351 5103 2551 5161 ἐκεῖνος
2569 5097 2756 5168 ὥσπερ
2781 5098 3162 5168 ἀναγεννηθεὶς
3182 5097 3448 5170 ἐξὴμῶν,
3474 5101 3634 5153 αὑτὸν
3659 5097 3741 5150 τὸν
3763 5091 3888 5145 πόλει

2361 5207 2460 5260 μον
2485 5191 2577 5243 τὸν
2623 5188 2681 5253 ἐξ
2708 5187 2862 5258 ἡμῶν
2883 5188 3220 5259 ἐξαρτύεται,
3263 5192 3326 5244 ὃν
3364 5193 3659 5263 ἀποτρέπει
3685 5186 3888 5256 φονῶντα

2358 5285 2479 5340 καθ’
2509 5285 2663 5356 ἡμῶν
2694 5287 2726 5355 ἡ
2758 5286 2996 5355 ἡμετέρα
3025 5287 3152 5356 περὶ
3181 5287 3280 5338 τοῦ
3312 5289 3631 5358 πράγματος
3661 5278 3887 5336 εὐϐουλία.

2365 5377 2562 5446 μᾶλλον
2603 5376 2659 5428 δὲ
2716 5379 2748 5446 ὴ
2795 5376 2944 5446 παρά
3005 5377 3099 5428 τοῦ
3155 5375 3296 5429 Θεοῦ
3330 5379 3636 5448 συμμαχία.
3675 5371 3781 5427 τῶν
3802 5369 3890 5434 γάρ

2362 5469 2796 5538 κατορθωμάτων
2827 5467 2976 5537 αὐτῷ
3000 5467 3254 5538 χρηστῶν
3281 5469 3374 5521 διὰ
3403 5470 3514 5521 τῶν
3543 5469 3704 5533 λόγων
3729 5458 3886 5516 Χουσὶ.

2359 5557 2436 5626 τῷ
2464 5557 2582 5624 Θεῷ
2605 5557 2702 5626 τὴν
2724 5557 2900 5610 αἰτίαν
2928 5558 3216 5622 ἀνατιθεὶς,
3253 5560 3429 5630 ταύτῃ
3460 5561 3556 5628 τὴν
3584 5550 3891 5626 εὐχαριστίαν

2677 5667 2719 5696 ⁷⁸
2745 5666 2887 5720 Psal.
2924 5685 3020 5733 vn,
3057 5669 3103 5722 ί.
