  <div class='ocr_page' id='page_1' title='image "/cluster/home/n/w/nwhite01/storage/ocr_20150623/44/hvd.32044052767431/282.png"; bbox 0 0 4018 6334; ppageno 0'>
   <div class='ocr_carea' id='block_1_1' title="bbox 347 210 2085 288">
    <p class='ocr_par' dir='ltr' id='par_1_1' title="bbox 347 210 2085 288">
     <span class='ocr_line' id='line_1_1' title="bbox 347 210 2085 288; baseline 0.003 -30"><span class='ocrx_word' id='word_1_1' title='bbox 347 233 422 288; x_wconf 70' lang='lat' dir='ltr'><strong>m</strong></span> <span class='ocrx_word' id='word_1_2' title='bbox 1641 211 1704 265; x_wconf 74' lang='lat' dir='ltr'><strong>IN</strong></span> <span class='ocrx_word' id='word_1_3' title='bbox 1749 210 2085 267; x_wconf 76' lang='lat' dir='ltr'><strong>PSALMOS.</strong></span> 
     </span>
    </p>
   </div>
   <div class='ocr_carea' id='block_1_2' title="bbox 3422 202 3526 258">
    <p class='ocr_par' dir='ltr' id='par_1_2' title="bbox 3422 202 3526 258">
     <span class='ocr_line' id='line_1_2' title="bbox 3422 202 3526 258; baseline 0.029 -3"><span class='ocrx_word' id='word_1_4' title='bbox 3422 202 3526 258; x_wconf 69' lang='lat'><strong>550</strong></span> 
     </span>
    </p>
   </div>
   <div class='ocr_carea' id='block_1_3' title="bbox 346 318 1864 410">
    <p class='ocr_par' dir='ltr' id='par_1_3' title="bbox 346 321 1847 410">
     <span class='ocr_line' id='line_1_3' title="bbox 346 321 1847 410; baseline -0.013 -15"><span class='ocrx_word' id='word_1_5' title='bbox 346 342 582 410; x_wconf 78' lang='grc' dir='ltr'>πεποίηται.</span> <span class='ocrx_word' id='word_1_6' title='bbox 624 335 881 406; x_wconf 63' lang='grc' dir='ltr'>Περιττδν</span> <span class='ocrx_word' id='word_1_7' title='bbox 927 333 970 385; x_wconf 79' lang='grc' dir='ltr'><strong>δ’</strong></span> <span class='ocrx_word' id='word_1_8' title='bbox 1023 332 1090 385; x_wconf 81' lang='grc' dir='ltr'><strong>ἂν</strong></span> <span class='ocrx_word' id='word_1_9' title='bbox 1134 331 1218 398; x_wconf 72' lang='grc' dir='ltr'><strong>εἴη</strong></span> <span class='ocrx_word' id='word_1_10' title='bbox 1250 329 1346 392; x_wconf 87' lang='grc' dir='ltr'><strong>τάς</strong></span> <span class='ocrx_word' id='word_1_11' title='bbox 1388 327 1628 398; x_wconf 79' lang='grc' dir='ltr'><strong>ἱστορίας</strong></span> <span class='ocrx_word' id='word_1_12' title='bbox 1673 344 1754 379; x_wconf 89' lang='grc' dir='ltr'><strong>σοι</strong></span> <span class='ocrx_word' id='word_1_13' title='bbox 1783 321 1847 377; x_wconf 75' lang='grc' dir='ltr'><strong>δι’</strong></span> 
     </span>
    </p>
   </div>
   <div class='ocr_carea' id='block_1_4' title="bbox 1967 318 3522 410">
    <p class='ocr_par' dir='ltr' id='par_1_4' title="bbox 1967 318 3522 391">
     <span class='ocr_line' id='line_1_4' title="bbox 1967 318 3522 391; baseline 0 -18"><span class='ocrx_word' id='word_1_14' title='bbox 1967 324 2097 378; x_wconf 81' lang='lat' dir='ltr'><strong>vidis</strong></span> <span class='ocrx_word' id='word_1_15' title='bbox 2155 330 2208 377; x_wconf 90' lang='lat' dir='ltr'><strong>et</strong></span> <span class='ocrx_word' id='word_1_16' title='bbox 2244 323 2416 377; x_wconf 75' lang='lat' dir='ltr'><strong>fidelis</strong></span> <span class='ocrx_word' id='word_1_17' title='bbox 2439 330 2604 387; x_wconf 88' lang='lat' dir='ltr'><strong>esset,</strong></span> <span class='ocrx_word' id='word_1_18' title='bbox 2656 322 2902 391; x_wconf 90' lang='lat' dir='ltr'><strong>interque</strong></span> <span class='ocrx_word' id='word_1_19' title='bbox 2943 319 3224 389; x_wconf 71' lang='lat' dir='ltr'><strong>adjutores</strong></span> <span class='ocrx_word' id='word_1_20' title='bbox 3247 327 3301 372; x_wconf 85' lang='lat' dir='ltr'><strong>et</strong></span> <span class='ocrx_word' id='word_1_21' title='bbox 3329 318 3522 374; x_wconf 77' lang='lat' dir='ltr'><strong>defen-</strong></span> 
     </span>
    </p>
   </div>
   <div class='ocr_carea' id='block_1_5' title="bbox 340 419 1847 506">
    <p class='ocr_par' dir='ltr' id='par_1_5' title="bbox 340 419 1847 506">
     <span class='ocr_line' id='line_1_5' title="bbox 340 419 1847 506; baseline -0.012 -19"><span class='ocrx_word' id='word_1_22' title='bbox 340 427 872 506; x_wconf 76' lang='grc' dir='ltr'>ἀκριῦείαςὲκτίθεσθαι</span> <span class='ocrx_word' id='word_1_23' title='bbox 897 441 908 454; x_wconf 82' lang='lat'><strong><em>°</em></strong></span> <span class='ocrx_word' id='word_1_24' title='bbox 948 424 1062 487; x_wconf 80' lang='grc' dir='ltr'>πῶς</span> <span class='ocrx_word' id='word_1_25' title='bbox 1091 422 1277 484; x_wconf 83' lang='grc' dir='ltr'>πιστὸς</span> <span class='ocrx_word' id='word_1_26' title='bbox 1296 423 1325 472; x_wconf 77' lang='grc' dir='ltr'>ὁ</span> <span class='ocrx_word' id='word_1_27' title='bbox 1355 419 1516 473; x_wconf 69' lang='grc' dir='ltr'>Δαϐὶδ</span> <span class='ocrx_word' id='word_1_28' title='bbox 1545 419 1621 472; x_wconf 82' lang='grc' dir='ltr'><strong>ὢν</strong></span> <span class='ocrx_word' id='word_1_29' title='bbox 1652 421 1708 471; x_wconf 88' lang='grc' dir='ltr'><strong>ὲν</strong></span> <span class='ocrx_word' id='word_1_30' title='bbox 1736 419 1847 479; x_wconf 82' lang='grc' dir='ltr'>τοῖς</span> 
     </span>
    </p>
   </div>
   <div class='ocr_carea' id='block_1_6' title="bbox 341 510 1847 583">
    <p class='ocr_par' dir='ltr' id='par_1_6' title="bbox 341 510 1847 583">
     <span class='ocr_line' id='line_1_6' title="bbox 341 510 1847 583; baseline -0.013 -2"><span class='ocrx_word' id='word_1_31' title='bbox 341 525 656 583; x_wconf 77' lang='grc' dir='ltr'>ὑπασπισταῖς,</span> <span class='ocrx_word' id='word_1_32' title='bbox 681 517 833 582; x_wconf 72' lang='grc' dir='ltr'>οὗτος</span> <span class='ocrx_word' id='word_1_33' title='bbox 855 520 884 570; x_wconf 83' lang='grc' dir='ltr'>ὁ</span> <span class='ocrx_word' id='word_1_34' title='bbox 915 517 1080 570; x_wconf 76' lang='grc' dir='ltr'>Χουσὶ</span> <span class='ocrx_word' id='word_1_35' title='bbox 1104 517 1161 568; x_wconf 82' lang='grc' dir='ltr'>ἐν</span> <span class='ocrx_word' id='word_1_36' title='bbox 1193 517 1305 574; x_wconf 81' lang='grc' dir='ltr'>τοῖς</span> <span class='ocrx_word' id='word_1_37' title='bbox 1325 514 1499 582; x_wconf 82' lang='grc' dir='ltr'>φίλοις</span> <span class='ocrx_word' id='word_1_38' title='bbox 1528 510 1622 563; x_wconf 77' lang='grc' dir='ltr'>τοῦ</span> <span class='ocrx_word' id='word_1_39' title='bbox 1658 511 1847 563; x_wconf 77' lang='grc' dir='ltr'><strong>’Λϐεσ-</strong></span> 
     </span>
    </p>
   </div>
   <div class='ocr_carea' id='block_1_7' title="bbox 337 601 1850 686">
    <p class='ocr_par' dir='ltr' id='par_1_7' title="bbox 337 601 1850 686">
     <span class='ocr_line' id='line_1_7' title="bbox 337 601 1850 686; baseline -0.014 -13"><span class='ocrx_word' id='word_1_40' title='bbox 337 619 480 686; x_wconf 72' lang='grc' dir='ltr'>σιλὼμ</span> <span class='ocrx_word' id='word_1_41' title='bbox 515 614 926 684; x_wconf 85' lang='grc' dir='ltr'>καταμίγνυται,</span> <span class='ocrx_word' id='word_1_42' title='bbox 983 610 1079 685; x_wconf 70' lang='grc' dir='ltr'>καὶ</span> <span class='ocrx_word' id='word_1_43' title='bbox 1125 606 1492 676; x_wconf 82' lang='grc' dir='ltr'><strong>πιθανώτερος</strong></span> <span class='ocrx_word' id='word_1_44' title='bbox 1533 604 1742 672; x_wconf 89' lang='grc' dir='ltr'>γίνεται</span> <span class='ocrx_word' id='word_1_45' title='bbox 1773 601 1850 671; x_wconf 82' lang='grc' dir='ltr'>τῷ</span> 
     </span>
    </p>
   </div>
   <div class='ocr_carea' id='block_1_8' title="bbox 337 694 1848 779">
    <p class='ocr_par' dir='ltr' id='par_1_8' title="bbox 337 694 1848 779">
     <span class='ocr_line' id='line_1_8' title="bbox 337 694 1848 779; baseline -0.013 -16"><span class='ocrx_word' id='word_1_46' title='bbox 337 710 526 779; x_wconf 71' lang='grc' dir='ltr'>τυράννῳ</span> <span class='ocrx_word' id='word_1_47' title='bbox 544 705 631 775; x_wconf 80' lang='grc' dir='ltr'>τῆς</span> <span class='ocrx_word' id='word_1_48' title='bbox 652 703 746 755; x_wconf 82' lang='grc' dir='ltr'><strong>τοῦ</strong></span> <span class='ocrx_word' id='word_1_49' title='bbox 783 700 1065 771; x_wconf 79' lang='grc' dir='ltr'>Ἀχιτόφελ</span> <span class='ocrx_word' id='word_1_50' title='bbox 1093 697 1422 768; x_wconf 74' lang='grc' dir='ltr'>συμϐουλῆς.</span> <span class='ocrx_word' id='word_1_51' title='bbox 1457 696 1620 748; x_wconf 87' lang='grc' dir='ltr'>Ὅθεν</span> <span class='ocrx_word' id='word_1_52' title='bbox 1652 694 1848 763; x_wconf 77' lang='grc' dir='ltr'>συνέϐη</span> 
     </span>
    </p>
   </div>
   <div class='ocr_carea' id='block_1_9' title="bbox 335 785 1850 864">
    <p class='ocr_par' dir='ltr' id='par_1_9' title="bbox 335 785 1850 864">
     <span class='ocr_line' id='line_1_9' title="bbox 335 785 1850 864; baseline -0.013 -8"><span class='ocrx_word' id='word_1_53' title='bbox 335 803 482 856; x_wconf 76' lang='grc' dir='ltr'>τούτου</span> <span class='ocrx_word' id='word_1_54' title='bbox 503 796 629 850; x_wconf 85' lang='grc' dir='ltr'>κατὰ</span> <span class='ocrx_word' id='word_1_55' title='bbox 669 793 769 864; x_wconf 74' lang='grc' dir='ltr'><strong>τὴν</strong></span> <span class='ocrx_word' id='word_1_56' title='bbox 795 793 1080 861; x_wconf 80' lang='grc' dir='ltr'><strong>εἰσήγησιν</strong></span> <span class='ocrx_word' id='word_1_57' title='bbox 1102 790 1203 858; x_wconf 82' lang='grc' dir='ltr'><strong>τῆς</strong></span> <span class='ocrx_word' id='word_1_58' title='bbox 1230 785 1456 856; x_wconf 79' lang='grc' dir='ltr'><strong>γνώμης</strong></span> <span class='ocrx_word' id='word_1_59' title='bbox 1501 785 1850 856; x_wconf 82' lang='grc' dir='ltr'>κατακρατή-</span> 
     </span>
    </p>
   </div>
   <div class='ocr_carea' id='block_1_10' title="bbox 335 875 1852 953">
    <p class='ocr_par' dir='ltr' id='par_1_10' title="bbox 335 875 1852 953">
     <span class='ocr_line' id='line_1_10' title="bbox 335 875 1852 953; baseline -0.014 -5"><span class='ocrx_word' id='word_1_60' title='bbox 335 909 496 953; x_wconf 75' lang='grc' dir='ltr'>σαντος,</span> <span class='ocrx_word' id='word_1_61' title='bbox 539 885 696 940; x_wconf 75' lang='grc' dir='ltr'>αὑτὸν</span> <span class='ocrx_word' id='word_1_62' title='bbox 749 885 838 952; x_wconf 81' lang='grc' dir='ltr'><strong>ὑφ’</strong></span> <span class='ocrx_word' id='word_1_63' title='bbox 884 880 1076 934; x_wconf 75' lang='grc' dir='ltr'>ἑαυτοῦ</span> <span class='ocrx_word' id='word_1_64' title='bbox 1125 878 1546 946; x_wconf 81' lang='grc' dir='ltr'>καταπνιγῆναι,</span> <span class='ocrx_word' id='word_1_65' title='bbox 1594 877 1684 929; x_wconf 77' lang='grc' dir='ltr'>τὸν</span> <span class='ocrx_word' id='word_1_66' title='bbox 1714 875 1852 928; x_wconf 84' lang='grc' dir='ltr'><strong>κατά</strong></span> 
     </span>
    </p>
   </div>
   <div class='ocr_carea' id='block_1_11' title="bbox 331 966 1852 1046">
    <p class='ocr_par' dir='ltr' id='par_1_11' title="bbox 331 966 1852 1046">
     <span class='ocr_line' id='line_1_11' title="bbox 331 966 1852 1046; baseline -0.014 -8"><span class='ocrx_word' id='word_1_67' title='bbox 331 986 400 1038; x_wconf 79' lang='grc' dir='ltr'>τοῦ</span> <span class='ocrx_word' id='word_1_68' title='bbox 434 978 574 1034; x_wconf 71' lang='grc' dir='ltr'>Δασιδ</span> <span class='ocrx_word' id='word_1_69' title='bbox 615 975 694 1046; x_wconf 82' lang='grc' dir='ltr'>τῷ</span> <span class='ocrx_word' id='word_1_70' title='bbox 735 971 1088 1040; x_wconf 79' lang='grc' dir='ltr'>Ἀδεσσαλὼμ</span> <span class='ocrx_word' id='word_1_71' title='bbox 1133 967 1628 1039; x_wconf 80' lang='grc' dir='ltr'>συμϐουλεύσαντα.</span> <span class='ocrx_word' id='word_1_72' title='bbox 1670 966 1852 1032; x_wconf 76' lang='grc' dir='ltr'>’Ἄξιον</span> 
     </span>
    </p>
   </div>
   <div class='ocr_carea' id='block_1_12' title="bbox 329 1058 1853 1139">
    <p class='ocr_par' dir='ltr' id='par_1_12' title="bbox 329 1058 1853 1139">
     <span class='ocr_line' id='line_1_12' title="bbox 329 1058 1853 1139; baseline -0.011 -13"><span class='ocrx_word' id='word_1_73' title='bbox 329 1077 427 1131; x_wconf 75' lang='grc' dir='ltr'><strong>δ’ἂν</strong></span> <span class='ocrx_word' id='word_1_74' title='bbox 445 1072 517 1139; x_wconf 74' lang='grc' dir='ltr'>εἴη</span> <span class='ocrx_word' id='word_1_75' title='bbox 548 1067 918 1138; x_wconf 78' lang='grc' dir='ltr'><strong>προσαγαγεῖν</strong></span> <span class='ocrx_word' id='word_1_76' title='bbox 944 1063 1020 1132; x_wconf 83' lang='grc' dir='ltr'><strong>τῷ</strong></span> <span class='ocrx_word' id='word_1_77' title='bbox 1044 1063 1162 1116; x_wconf 86' lang='grc' dir='ltr'>κατ’</span> <span class='ocrx_word' id='word_1_78' title='bbox 1190 1061 1389 1130; x_wconf 82' lang='grc' dir='ltr'>ἀρετὴν</span> <span class='ocrx_word' id='word_1_79' title='bbox 1417 1060 1514 1128; x_wconf 84' lang='grc' dir='ltr'><strong>βίῳ</strong></span> <span class='ocrx_word' id='word_1_80' title='bbox 1542 1060 1636 1112; x_wconf 72' lang='grc' dir='ltr'><strong>καὶ</strong></span> <span class='ocrx_word' id='word_1_81' title='bbox 1657 1058 1725 1110; x_wconf 91' lang='grc' dir='ltr'><strong>τά</strong></span> <span class='ocrx_word' id='word_1_82' title='bbox 1754 1058 1853 1127; x_wconf 80' lang='grc' dir='ltr'><strong>τῆς</strong></span> 
     </span>
    </p>
   </div>
   <div class='ocr_carea' id='block_1_13' title="bbox 330 1147 1846 1233">
    <p class='ocr_par' dir='ltr' id='par_1_13' title="bbox 330 1147 1846 1233">
     <span class='ocr_line' id='line_1_13' title="bbox 330 1147 1846 1233; baseline -0.013 -17"><span class='ocrx_word' id='word_1_83' title='bbox 330 1163 522 1233; x_wconf 73' lang='grc' dir='ltr'><strong>ἱστορίας</strong></span> <span class='ocrx_word' id='word_1_84' title='bbox 561 1158 878 1227; x_wconf 88' lang='grc' dir='ltr'>αίνίγματα.</span> <span class='ocrx_word' id='word_1_85' title='bbox 928 1153 1052 1215; x_wconf 83' lang='grc' dir='ltr'><strong>Πῶς</strong></span> <span class='ocrx_word' id='word_1_86' title='bbox 1098 1153 1132 1221; x_wconf 80' lang='grc' dir='ltr'>ὴ</span> <span class='ocrx_word' id='word_1_87' title='bbox 1179 1152 1425 1215; x_wconf 79' lang='grc' dir='ltr'><strong>σώζουσα</strong></span> <span class='ocrx_word' id='word_1_88' title='bbox 1465 1150 1608 1218; x_wconf 78' lang='grc' dir='ltr'>ἡμᾶς</span> <span class='ocrx_word' id='word_1_89' title='bbox 1634 1147 1846 1216; x_wconf 81' lang='grc' dir='ltr'><strong>γνώμη,</strong></span> 
     </span>
    </p>
   </div>
   <div class='ocr_carea' id='block_1_14' title="bbox 327 1237 1852 1325">
    <p class='ocr_par' dir='ltr' id='par_1_14' title="bbox 327 1237 1852 1325">
     <span class='ocr_line' id='line_1_14' title="bbox 327 1237 1852 1325; baseline -0.014 -16"><span class='ocrx_word' id='word_1_90' title='bbox 327 1256 488 1325; x_wconf 71' lang='grc' dir='ltr'>ἀγχόνη</span> <span class='ocrx_word' id='word_1_91' title='bbox 507 1251 710 1320; x_wconf 86' lang='grc' dir='ltr'>γίνεται</span> <span class='ocrx_word' id='word_1_92' title='bbox 729 1245 824 1300; x_wconf 81' lang='grc' dir='ltr'><strong>τοῦ</strong></span> <span class='ocrx_word' id='word_1_93' title='bbox 843 1243 1218 1312; x_wconf 77' lang='grc' dir='ltr'><strong>ἀντικειμένου</strong></span> <span class='ocrx_word' id='word_1_94' title='bbox 1237 1257 1250 1270; x_wconf 89' lang='grc'><strong>·</strong></span> <span class='ocrx_word' id='word_1_95' title='bbox 1276 1243 1309 1311; x_wconf 85' lang='grc' dir='ltr'>ὴ</span> <span class='ocrx_word' id='word_1_96' title='bbox 1328 1241 1383 1294; x_wconf 84' lang='grc' dir='ltr'>δὲ</span> <span class='ocrx_word' id='word_1_97' title='bbox 1421 1241 1684 1310; x_wconf 83' lang='grc' dir='ltr'><strong>σωτήριος</strong></span> <span class='ocrx_word' id='word_1_98' title='bbox 1713 1237 1852 1305; x_wconf 79' lang='grc' dir='ltr'>αὓτη</span> 
     </span>
    </p>
   </div>
   <div class='ocr_carea' id='block_1_15' title="bbox 327 1329 1856 1416">
    <p class='ocr_par' dir='ltr' id='par_1_15' title="bbox 327 1329 1856 1416">
     <span class='ocr_line' id='line_1_15' title="bbox 327 1329 1856 1416; baseline -0.011 0"><span class='ocrx_word' id='word_1_99' title='bbox 327 1347 497 1416; x_wconf 47' lang='grc' dir='ltr'>Ῥώμην</span> <span class='ocrx_word' id='word_1_100' title='bbox 525 1344 554 1413; x_wconf 74' lang='grc' dir='ltr'>ἡ</span> <span class='ocrx_word' id='word_1_101' title='bbox 579 1341 680 1412; x_wconf 77' lang='grc' dir='ltr'>μὲν</span> <span class='ocrx_word' id='word_1_102' title='bbox 707 1341 774 1409; x_wconf 73' lang='grc' dir='ltr'>τῇ</span> <span class='ocrx_word' id='word_1_103' title='bbox 800 1335 1031 1408; x_wconf 59' lang='grc' dir='ltr'>ἱστορίᾳ,</span> <span class='ocrx_word' id='word_1_104' title='bbox 1057 1336 1090 1405; x_wconf 82' lang='grc' dir='ltr'>ὴ</span> <span class='ocrx_word' id='word_1_105' title='bbox 1115 1334 1254 1403; x_wconf 73' lang='grc' dir='ltr'><strong>δὲτῇ</strong></span> <span class='ocrx_word' id='word_1_106' title='bbox 1270 1331 1559 1402; x_wconf 69' lang='grc' dir='ltr'>ψαλμφδίᾳ</span> <span class='ocrx_word' id='word_1_107' title='bbox 1591 1329 1856 1400; x_wconf 70' lang='grc' dir='ltr'>ἐγγέγρα-</span> 
     </span>
    </p>
   </div>
   <div class='ocr_carea' id='block_1_16' title="bbox 327 1418 1855 1503">
    <p class='ocr_par' dir='ltr' id='par_1_16' title="bbox 327 1418 1855 1503">
     <span class='ocr_line' id='line_1_16' title="bbox 327 1418 1855 1503; baseline -0.012 -13"><span class='ocrx_word' id='word_1_108' title='bbox 327 1455 442 1490; x_wconf 82' lang='grc' dir='ltr'>πται.</span> <span class='ocrx_word' id='word_1_109' title='bbox 469 1436 613 1503; x_wconf 82' lang='grc' dir='ltr'><strong>Ἡμῖν</strong></span> <span class='ocrx_word' id='word_1_110' title='bbox 637 1432 696 1484; x_wconf 79' lang='grc' dir='ltr'><strong>δὲ</strong></span> <span class='ocrx_word' id='word_1_111' title='bbox 732 1428 930 1489; x_wconf 84' lang='grc' dir='ltr'>σκοπός</span> <span class='ocrx_word' id='word_1_112' title='bbox 965 1429 1079 1478; x_wconf 75' lang='grc' dir='ltr'>ἐστι</span> <span class='ocrx_word' id='word_1_113' title='bbox 1109 1425 1202 1476; x_wconf 76' lang='grc' dir='ltr'><strong>τὸν</strong></span> <span class='ocrx_word' id='word_1_114' title='bbox 1226 1426 1283 1475; x_wconf 86' lang='grc' dir='ltr'>ὲν</span> <span class='ocrx_word' id='word_1_115' title='bbox 1310 1421 1459 1487; x_wconf 79' lang='grc' dir='ltr'>τάξει</span> <span class='ocrx_word' id='word_1_116' title='bbox 1493 1422 1602 1473; x_wconf 83' lang='grc' dir='ltr'>τῶν</span> <span class='ocrx_word' id='word_1_117' title='bbox 1627 1418 1855 1489; x_wconf 73' lang='grc' dir='ltr'>ψαλμῶν</span> 
     </span>
    </p>
   </div>
   <div class='ocr_carea' id='block_1_17' title="bbox 326 1508 1851 1597">
    <p class='ocr_par' dir='ltr' id='par_1_17' title="bbox 326 1508 1851 1597">
     <span class='ocr_line' id='line_1_17' title="bbox 326 1508 1851 1597; baseline -0.01 -18"><span class='ocrx_word' id='word_1_118' title='bbox 326 1527 475 1597; x_wconf 77' lang='grc' dir='ltr'>εἱρμὸν</span> <span class='ocrx_word' id='word_1_119' title='bbox 525 1522 879 1590; x_wconf 70' lang='grc' dir='ltr'><strong>κατανοῆσαι,</strong></span> <span class='ocrx_word' id='word_1_120' title='bbox 911 1518 976 1571; x_wconf 83' lang='grc' dir='ltr'><strong>δι’</strong></span> <span class='ocrx_word' id='word_1_121' title='bbox 1007 1508 1067 1570; x_wconf 78' lang='grc' dir='ltr'><strong>οὗ</strong></span> <span class='ocrx_word' id='word_1_122' title='bbox 1098 1515 1176 1585; x_wconf 80' lang='grc' dir='ltr'><strong>τῷ</strong></span> <span class='ocrx_word' id='word_1_123' title='bbox 1205 1512 1396 1584; x_wconf 86' lang='grc' dir='ltr'>ἀγαθῷ</span> <span class='ocrx_word' id='word_1_124' title='bbox 1453 1511 1851 1585; x_wconf 78' lang='grc' dir='ltr'><strong>προσαγόμεθα.</strong></span> 
     </span>
    </p>
   </div>
   <div class='ocr_carea' id='block_1_18' title="bbox 321 1601 1853 1682">
    <p class='ocr_par' dir='ltr' id='par_1_18' title="bbox 321 1601 1853 1682">
     <span class='ocr_line' id='line_1_18' title="bbox 321 1601 1853 1682; baseline -0.01 -12"><span class='ocrx_word' id='word_1_125' title='bbox 321 1617 488 1670; x_wconf 62' lang='grc' dir='ltr'>θᾶκοῦν</span> <span class='ocrx_word' id='word_1_126' title='bbox 522 1615 615 1682; x_wconf 76' lang='grc' dir='ltr'><strong>τὴν</strong></span> <span class='ocrx_word' id='word_1_127' title='bbox 659 1609 898 1664; x_wconf 81' lang='grc' dir='ltr'>ἐνταῦθα</span> <span class='ocrx_word' id='word_1_128' title='bbox 948 1607 1174 1678; x_wconf 84' lang='grc' dir='ltr'><strong>γνώμην</strong></span> <span class='ocrx_word' id='word_1_129' title='bbox 1228 1605 1327 1676; x_wconf 82' lang='grc' dir='ltr'>τὴν</span> <span class='ocrx_word' id='word_1_130' title='bbox 1377 1602 1726 1673; x_wconf 75' lang='grc' dir='ltr'>ἀναιρετικὴν</span> <span class='ocrx_word' id='word_1_131' title='bbox 1759 1601 1853 1654; x_wconf 81' lang='grc' dir='ltr'>τοῦ</span> 
     </span>
    </p>
   </div>
   <div class='ocr_carea' id='block_1_19' title="bbox 327 1699 1339 1772">
    <p class='ocr_par' dir='ltr' id='par_1_19' title="bbox 327 1699 1339 1772">
     <span class='ocr_line' id='line_1_19' title="bbox 327 1699 1339 1772; baseline -0.014 -12"><span class='ocrx_word' id='word_1_132' title='bbox 327 1703 714 1766; x_wconf 74' lang='grc' dir='ltr'>ίπιϐουλεύοντος</span> <span class='ocrx_word' id='word_1_133' title='bbox 733 1703 864 1772; x_wconf 74' lang='grc' dir='ltr'>ἡμῖν</span> <span class='ocrx_word' id='word_1_134' title='bbox 887 1699 1339 1768; x_wconf 79' lang='grc' dir='ltr'>κατανοήσωμεν.</span> 
     </span>
    </p>
   </div>
   <div class='ocr_carea' id='block_1_20' title="bbox 375 1849 1852 1928">
    <p class='ocr_par' dir='ltr' id='par_1_20' title="bbox 375 1849 1852 1928">
     <span class='ocr_line' id='line_1_20' title="bbox 375 1849 1852 1928; baseline -0.009 -13"><span class='ocrx_word' id='word_1_135' title='bbox 375 1863 452 1924; x_wconf 85' lang='grc' dir='ltr'>Τίς</span> <span class='ocrx_word' id='word_1_136' title='bbox 479 1857 564 1915; x_wconf 74' lang='grc' dir='ltr'><strong>οὖν</strong></span> <span class='ocrx_word' id='word_1_137' title='bbox 593 1861 746 1912; x_wconf 77' lang='grc' dir='ltr'>ἐστιν</span> <span class='ocrx_word' id='word_1_138' title='bbox 779 1856 950 1928; x_wconf 82' lang='grc' dir='ltr'>αὖτη;</span> <span class='ocrx_word' id='word_1_139' title='bbox 997 1854 1057 1908; x_wconf 79' lang='grc' dir='ltr'>τὸ</span> <span class='ocrx_word' id='word_1_140' title='bbox 1100 1853 1213 1906; x_wconf 81' lang='grc' dir='ltr'>ίσον</span> <span class='ocrx_word' id='word_1_141' title='bbox 1245 1854 1325 1916; x_wconf 89' lang='grc' dir='ltr'><strong>είς</strong></span> <span class='ocrx_word' id='word_1_142' title='bbox 1358 1851 1554 1906; x_wconf 81' lang='grc' dir='ltr'>κακίαν</span> <span class='ocrx_word' id='word_1_143' title='bbox 1604 1849 1852 1920; x_wconf 81' lang='grc' dir='ltr'>ἡγεῖσθαι</span> 
     </span>
    </p>
   </div>
   <div class='ocr_carea' id='block_1_21' title="bbox 322 1941 1849 2023">
    <p class='ocr_par' dir='ltr' id='par_1_21' title="bbox 322 1941 1849 2023">
     <span class='ocr_line' id='line_1_21' title="bbox 322 1941 1849 2023; baseline -0.009 -17"><span class='ocrx_word' id='word_1_144' title='bbox 322 1955 469 2023; x_wconf 66' lang='grc' dir='ltr'>ἄρχειν</span> <span class='ocrx_word' id='word_1_145' title='bbox 511 1969 566 2004; x_wconf 85' lang='grc' dir='ltr'><strong>τε</strong></span> <span class='ocrx_word' id='word_1_146' title='bbox 614 1949 834 2012; x_wconf 80' lang='grc' dir='ltr'>ἀδικίας</span> <span class='ocrx_word' id='word_1_147' title='bbox 883 1947 977 2000; x_wconf 78' lang='grc' dir='ltr'>καὶ</span> <span class='ocrx_word' id='word_1_148' title='bbox 1024 1943 1325 2014; x_wconf 81' lang='grc' dir='ltr'>ἀμύνεσθαι</span> <span class='ocrx_word' id='word_1_149' title='bbox 1375 1943 1465 1996; x_wconf 81' lang='grc' dir='ltr'>τὸν</span> <span class='ocrx_word' id='word_1_150' title='bbox 1513 1941 1849 2009; x_wconf 82' lang='grc' dir='ltr'>ἀπάρξαντα.</span> 
     </span>
    </p>
   </div>
   <div class='ocr_carea' id='block_1_22' title="bbox 325 2029 1852 2113">
    <p class='ocr_par' dir='ltr' id='par_1_22' title="bbox 325 2029 1852 2113">
     <span class='ocr_line' id='line_1_22' title="bbox 325 2029 1852 2113; baseline -0.009 -17"><span class='ocrx_word' id='word_1_151' title='bbox 325 2046 513 2113; x_wconf 78' lang='grc' dir='ltr'>Τιμᾶται</span> <span class='ocrx_word' id='word_1_152' title='bbox 569 2041 683 2111; x_wconf 85' lang='grc' dir='ltr'>γὰρ</span> <span class='ocrx_word' id='word_1_153' title='bbox 742 2039 918 2109; x_wconf 76' lang='grc' dir='ltr'>ἑαυτῴ</span> <span class='ocrx_word' id='word_1_154' title='bbox 950 2037 1215 2106; x_wconf 74' lang='grc' dir='ltr'>ἐσχάτων,</span> <span class='ocrx_word' id='word_1_155' title='bbox 1247 2035 1341 2087; x_wconf 71' lang='grc' dir='ltr'><strong>καὶ</strong></span> <span class='ocrx_word' id='word_1_156' title='bbox 1379 2033 1480 2102; x_wconf 81' lang='grc' dir='ltr'><strong>τῆς</strong></span> <span class='ocrx_word' id='word_1_157' title='bbox 1510 2032 1628 2084; x_wconf 84' lang='grc' dir='ltr'>καθ’</span> <span class='ocrx_word' id='word_1_158' title='bbox 1659 2029 1852 2083; x_wconf 77' lang='grc' dir='ltr'>ἑαυτοῦ</span> 
     </span>
    </p>
   </div>
   <div class='ocr_carea' id='block_1_23' title="bbox 323 2120 1857 2204">
    <p class='ocr_par' dir='ltr' id='par_1_23' title="bbox 323 2120 1857 2204">
     <span class='ocr_line' id='line_1_23' title="bbox 323 2120 1857 2204; baseline -0.009 -19"><span class='ocrx_word' id='word_1_159' title='bbox 323 2134 538 2204; x_wconf 78' lang='grc' dir='ltr'>τιμωρίας</span> <span class='ocrx_word' id='word_1_160' title='bbox 578 2129 809 2202; x_wconf 79' lang='grc' dir='ltr'>ὁριστὴς</span> <span class='ocrx_word' id='word_1_161' title='bbox 839 2129 1066 2197; x_wconf 90' lang='grc' dir='ltr'>γίνεται,</span> <span class='ocrx_word' id='word_1_162' title='bbox 1109 2128 1156 2179; x_wconf 85' lang='grc' dir='ltr'>εἰ</span> <span class='ocrx_word' id='word_1_163' title='bbox 1187 2124 1436 2195; x_wconf 81' lang='grc' dir='ltr'>εὑρεθείη</span> <span class='ocrx_word' id='word_1_164' title='bbox 1467 2120 1636 2176; x_wconf 80' lang='grc' dir='ltr'>κακοῦ</span> <span class='ocrx_word' id='word_1_165' title='bbox 1663 2120 1725 2174; x_wconf 86' lang='grc' dir='ltr'><strong>τὸ</strong></span> <span class='ocrx_word' id='word_1_166' title='bbox 1755 2137 1857 2172; x_wconf 80' lang='grc' dir='ltr'>κα-</span> 
     </span>
    </p>
   </div>
   <div class='ocr_carea' id='block_1_24' title="bbox 321 2215 1856 2293">
    <p class='ocr_par' dir='ltr' id='par_1_24' title="bbox 321 2215 1856 2293">
     <span class='ocr_line' id='line_1_24' title="bbox 321 2215 1856 2293; baseline -0.008 -15"><span class='ocrx_word' id='word_1_167' title='bbox 321 2226 408 2286; x_wconf 76' lang='grc' dir='ltr'>κὸν,</span> <span class='ocrx_word' id='word_1_168' title='bbox 447 2225 621 2293; x_wconf 78' lang='grc' dir='ltr'>ὥσπερ</span> <span class='ocrx_word' id='word_1_169' title='bbox 673 2225 736 2274; x_wconf 83' lang='grc' dir='ltr'>ὲν</span> <span class='ocrx_word' id='word_1_170' title='bbox 788 2215 1651 2290; x_wconf 75' lang='grc' dir='ltr'>συναλλάγματι,διαμείψας,κα“ι</span> <span class='ocrx_word' id='word_1_171' title='bbox 1707 2215 1856 2267; x_wconf 87' lang='grc' dir='ltr'>ἀντι-</span> 
     </span>
    </p>
   </div>
   <div class='ocr_carea' id='block_1_25' title="bbox 319 2301 1856 2380">
    <p class='ocr_par' dir='ltr' id='par_1_25' title="bbox 319 2301 1856 2380">
     <span class='ocr_line' id='line_1_25' title="bbox 319 2301 1856 2380; baseline -0.007 -17"><span class='ocrx_word' id='word_1_172' title='bbox 319 2311 413 2373; x_wconf 66' lang='grc' dir='ltr'>δοὺς</span> <span class='ocrx_word' id='word_1_173' title='bbox 449 2314 551 2373; x_wconf 83' lang='grc' dir='ltr'>τοῖς</span> <span class='ocrx_word' id='word_1_174' title='bbox 598 2307 1157 2380; x_wconf 81' lang='grc' dir='ltr'>προπαρεσχημένοις</span> <span class='ocrx_word' id='word_1_175' title='bbox 1195 2305 1224 2357; x_wconf 84' lang='grc' dir='ltr'>ὃ</span> <span class='ocrx_word' id='word_1_176' title='bbox 1270 2304 1480 2358; x_wconf 78' lang='grc' dir='ltr'>ἔλαϐεν.</span> <span class='ocrx_word' id='word_1_177' title='bbox 1531 2303 1642 2356; x_wconf 75' lang='grc' dir='ltr'><strong>Καὶ</strong></span> <span class='ocrx_word' id='word_1_178' title='bbox 1686 2301 1856 2365; x_wconf 76' lang='grc' dir='ltr'>οὕτως</span> 
     </span>
    </p>
   </div>
   <div class='ocr_carea' id='block_1_26' title="bbox 324 2393 1851 2470">
    <p class='ocr_par' dir='ltr' id='par_1_26' title="bbox 324 2393 1851 2470">
     <span class='ocr_line' id='line_1_26' title="bbox 324 2393 1851 2470; baseline -0.006 -17"><span class='ocrx_word' id='word_1_179' title='bbox 324 2404 428 2470; x_wconf 77' lang='grc' dir='ltr'>μετὰ</span> <span class='ocrx_word' id='word_1_180' title='bbox 450 2404 563 2464; x_wconf 86' lang='grc' dir='ltr'>τοὺς</span> <span class='ocrx_word' id='word_1_181' title='bbox 605 2400 836 2470; x_wconf 83' lang='grc' dir='ltr'>ἀγῶνας</span> <span class='ocrx_word' id='word_1_182' title='bbox 880 2399 1138 2460; x_wconf 77' lang='grc' dir='ltr'>τούτους,</span> <span class='ocrx_word' id='word_1_183' title='bbox 1192 2397 1351 2450; x_wconf 84' lang='grc' dir='ltr'>πάλιν</span> <span class='ocrx_word' id='word_1_184' title='bbox 1391 2394 1614 2466; x_wconf 78' lang='grc' dir='ltr'>νικητὴς</span> <span class='ocrx_word' id='word_1_185' title='bbox 1643 2393 1851 2446; x_wconf 82' lang='grc' dir='ltr'>ἀναδεί-</span> 
     </span>
    </p>
   </div>
   <div class='ocr_carea' id='block_1_27' title="bbox 323 2482 1858 2560">
    <p class='ocr_par' dir='ltr' id='par_1_27' title="bbox 323 2482 1858 2560">
     <span class='ocr_line' id='line_1_27' title="bbox 323 2482 1858 2560; baseline -0.005 -20"><span class='ocrx_word' id='word_1_186' title='bbox 323 2509 487 2544; x_wconf 77' lang='grc' dir='ltr'>κνυται.</span> <span class='ocrx_word' id='word_1_187' title='bbox 511 2491 833 2560; x_wconf 80' lang='grc' dir='ltr'>Διαδὲχεται</span> <span class='ocrx_word' id='word_1_188' title='bbox 876 2489 985 2558; x_wconf 71' lang='grc' dir='ltr'><strong>γὰρ</strong></span> <span class='ocrx_word' id='word_1_189' title='bbox 1019 2486 1342 2556; x_wconf 79' lang='grc' dir='ltr'>ἐπιγραφὴ,</span> <span class='ocrx_word' id='word_1_190' title='bbox 1387 2485 1448 2536; x_wconf 82' lang='grc' dir='ltr'><strong>τὸ</strong></span> <span class='ocrx_word' id='word_1_191' title='bbox 1486 2502 1504 2534; x_wconf 82' lang='grc' dir='ltr'><strong>ι</strong></span> <span class='ocrx_word' id='word_1_192' title='bbox 1553 2482 1724 2551; x_wconf 80' lang='grc' dir='ltr'>’Υπὲρ</span> <span class='ocrx_word' id='word_1_193' title='bbox 1750 2482 1858 2533; x_wconf 79' lang='grc' dir='ltr'><strong>τῶν</strong></span> 
     </span>
    </p>
   </div>
   <div class='ocr_carea' id='block_1_28' title="bbox 319 2572 1858 2652">
    <p class='ocr_par' dir='ltr' id='par_1_28' title="bbox 319 2572 1858 2652">
     <span class='ocr_line' id='line_1_28' title="bbox 319 2572 1858 2652; baseline -0.005 -21"><span class='ocrx_word' id='word_1_194' title='bbox 319 2583 506 2650; x_wconf 57' lang='lat' dir='ltr'><strong>imiimi</strong></span> <span class='ocrx_word' id='word_1_195' title='bbox 557 2580 1000 2652; x_wconf 78' lang='grc' dir='ltr'>προδεικνύουσα</span> <span class='ocrx_word' id='word_1_196' title='bbox 1048 2577 1220 2639; x_wconf 85' lang='grc' dir='ltr'>τέλος.</span> <span class='ocrx_word' id='word_1_197' title='bbox 1270 2576 1346 2628; x_wconf 83' lang='grc' dir='ltr'><strong>Τὸ</strong></span> <span class='ocrx_word' id='word_1_198' title='bbox 1375 2575 1433 2627; x_wconf 84' lang='grc' dir='ltr'>δὲ</span> <span class='ocrx_word' id='word_1_199' title='bbox 1478 2573 1588 2625; x_wconf 83' lang='grc' dir='ltr'><strong>τῶν</strong></span> <span class='ocrx_word' id='word_1_200' title='bbox 1631 2572 1858 2641; x_wconf 80' lang='grc' dir='ltr'>ἀγώνων</span> 
     </span>
    </p>
   </div>
   <div class='ocr_carea' id='block_1_29' title="bbox 320 2664 1853 2742">
    <p class='ocr_par' dir='ltr' id='par_1_29' title="bbox 320 2664 1853 2742">
     <span class='ocr_line' id='line_1_29' title="bbox 320 2664 1853 2742; baseline -0.007 -18"><span class='ocrx_word' id='word_1_201' title='bbox 320 2674 456 2736; x_wconf 76' lang='grc' dir='ltr'>τέλος,</span> <span class='ocrx_word' id='word_1_202' title='bbox 477 2674 596 2742; x_wconf 92' lang='grc' dir='ltr'>νίκη</span> <span class='ocrx_word' id='word_1_203' title='bbox 627 2673 802 2726; x_wconf 78' lang='grc' dir='ltr'>ἐστίν.</span> <span class='ocrx_word' id='word_1_204' title='bbox 829 2671 999 2724; x_wconf 80' lang='grc' dir='ltr'>Πάλιν</span> <span class='ocrx_word' id='word_1_205' title='bbox 1015 2670 1070 2722; x_wconf 83' lang='grc' dir='ltr'><strong>δὲ</strong></span> <span class='ocrx_word' id='word_1_206' title='bbox 1098 2668 1196 2739; x_wconf 80' lang='grc' dir='ltr'>τὴν</span> <span class='ocrx_word' id='word_1_207' title='bbox 1231 2687 1249 2719; x_wconf 82' lang='grc' dir='ltr'><strong>ι</strong></span> <span class='ocrx_word' id='word_1_208' title='bbox 1290 2667 1462 2738; x_wconf 82' lang='grc' dir='ltr'>’Υπὲρ</span> <span class='ocrx_word' id='word_1_209' title='bbox 1484 2665 1592 2718; x_wconf 83' lang='grc' dir='ltr'><strong>τῶν</strong></span> <span class='ocrx_word' id='word_1_210' title='bbox 1621 2664 1796 2735; x_wconf 85' lang='grc' dir='ltr'>ληνῶν</span> <span class='ocrx_word' id='word_1_211' title='bbox 1836 2684 1853 2714; x_wconf 71' lang='grc' dir='ltr'><strong>ι</strong></span> 
     </span>
    </p>
   </div>
   <div class='ocr_carea' id='block_1_30' title="bbox 314 2756 1858 2830">
    <p class='ocr_par' dir='ltr' id='par_1_30' title="bbox 314 2756 1858 2830">
     <span class='ocr_line' id='line_1_30' title="bbox 314 2756 1858 2830; baseline -0.005 -14"><span class='ocrx_word' id='word_1_212' title='bbox 314 2765 487 2817; x_wconf 75' lang='grc' dir='ltr'>ἔννοιαν</span> <span class='ocrx_word' id='word_1_213' title='bbox 535 2762 906 2829; x_wconf 74' lang='grc' dir='ltr'>ἑξαπλοῦσθαι</span> <span class='ocrx_word' id='word_1_214' title='bbox 961 2760 1038 2830; x_wconf 83' lang='grc' dir='ltr'>τῷ</span> <span class='ocrx_word' id='word_1_215' title='bbox 1091 2760 1265 2829; x_wconf 86' lang='grc' dir='ltr'>λόγῳ,</span> <span class='ocrx_word' id='word_1_216' title='bbox 1332 2758 1584 2829; x_wconf 82' lang='grc' dir='ltr'>περιττὸν</span> <span class='ocrx_word' id='word_1_217' title='bbox 1631 2757 1696 2810; x_wconf 83' lang='grc' dir='ltr'><strong>ἂν</strong></span> <span class='ocrx_word' id='word_1_218' title='bbox 1741 2756 1858 2826; x_wconf 68' lang='grc' dir='ltr'>εἴη,</span> 
     </span>
    </p>
   </div>
   <div class='ocr_carea' id='block_1_31' title="bbox 319 2847 1862 2918">
    <p class='ocr_par' dir='ltr' id='par_1_31' title="bbox 319 2847 1862 2918">
     <span class='ocr_line' id='line_1_31' title="bbox 319 2847 1862 2918; baseline -0.005 -12"><span class='ocrx_word' id='word_1_219' title='bbox 319 2854 482 2916; x_wconf 77' lang='grc' dir='ltr'>ίκανῶς</span> <span class='ocrx_word' id='word_1_220' title='bbox 519 2857 576 2906; x_wconf 80' lang='grc' dir='ltr'>ἐν</span> <span class='ocrx_word' id='word_1_221' title='bbox 618 2857 740 2916; x_wconf 79' lang='grc' dir='ltr'>τοῖς</span> <span class='ocrx_word' id='word_1_222' title='bbox 773 2851 916 2904; x_wconf 84' lang='grc' dir='ltr'><strong>κατά</strong></span> <span class='ocrx_word' id='word_1_223' title='bbox 951 2850 1042 2903; x_wconf 73' lang='grc' dir='ltr'>τὸν</span> <span class='ocrx_word' id='word_1_224' title='bbox 1084 2851 1212 2903; x_wconf 81' lang='grc' dir='ltr'>ἴδιον</span> <span class='ocrx_word' id='word_1_225' title='bbox 1251 2849 1415 2902; x_wconf 87' lang='grc' dir='ltr'>τόπον</span> <span class='ocrx_word' id='word_1_226' title='bbox 1471 2847 1862 2918; x_wconf 78' lang='grc' dir='ltr'>ὲξητασμένοις</span> 
     </span>
    </p>
   </div>
   <div class='ocr_carea' id='block_1_32' title="bbox 315 2937 1861 3015">
    <p class='ocr_par' dir='ltr' id='par_1_32' title="bbox 315 2937 1861 3015">
     <span class='ocr_line' id='line_1_32' title="bbox 315 2937 1861 3015; baseline -0.003 -20"><span class='ocrx_word' id='word_1_227' title='bbox 315 2944 744 3015; x_wconf 75' lang='grc' dir='ltr'>τροὸηλωθείσαν.</span> <span class='ocrx_word' id='word_1_228' title='bbox 793 2944 1005 3012; x_wconf 80' lang='grc' dir='ltr'>Ὥσπερ</span> <span class='ocrx_word' id='word_1_229' title='bbox 1027 2942 1087 2995; x_wconf 84' lang='grc' dir='ltr'><strong>δὲ</strong></span> <span class='ocrx_word' id='word_1_230' title='bbox 1115 2941 1254 3010; x_wconf 87' lang='grc' dir='ltr'><strong>μετά</strong></span> <span class='ocrx_word' id='word_1_231' title='bbox 1279 2941 1375 3010; x_wconf 83' lang='grc' dir='ltr'><strong>τὴν</strong></span> <span class='ocrx_word' id='word_1_232' title='bbox 1409 2939 1631 3009; x_wconf 84' lang='grc' dir='ltr'>πρώτην</span> <span class='ocrx_word' id='word_1_233' title='bbox 1673 2941 1736 2992; x_wconf 80' lang='grc' dir='ltr'><strong>ἐκ</strong></span> <span class='ocrx_word' id='word_1_234' title='bbox 1767 2937 1861 2991; x_wconf 83' lang='grc' dir='ltr'>τοῦ</span> 
     </span>
    </p>
   </div>
   <div class='ocr_carea' id='block_1_33' title="bbox 321 3006 1935 3104">
    <p class='ocr_par' dir='ltr' id='par_1_33' title="bbox 321 3006 1935 3104">
     <span class='ocr_line' id='line_1_33' title="bbox 321 3006 1935 3104; baseline -0.003 -20"><span class='ocrx_word' id='word_1_235' title='bbox 321 3006 644 3104; x_wconf 64' lang='grc' dir='ltr'>’Ᾰὸεσσαλὼμ</span> <span class='ocrx_word' id='word_1_236' title='bbox 700 3031 882 3103; x_wconf 70' lang='grc' dir='ltr'>φυγὴν</span> <span class='ocrx_word' id='word_1_237' title='bbox 923 3006 985 3085; x_wconf 43' lang='grc' dir='ltr'><strong>ὲν-</strong></span> <span class='ocrx_word' id='word_1_238' title='bbox 1021 3006 1411 3101; x_wconf 38' lang='grc' dir='ltr'>τῷ-διακρίναι</span> <span class='ocrx_word' id='word_1_239' title='bbox 1453 3006 1865 3098; x_wconf 27' lang='grc' dir='ltr'>’τῶν-ἀληθινῶν</span> <span class='ocrx_word' id='word_1_240' title='bbox 1893 3006 1935 3062; x_wconf 77' lang='lat' dir='ltr'><strong><em>C</em></strong></span> 
     </span>
    </p>
   </div>
   <div class='ocr_carea' id='block_1_34' title="bbox 313 3119 1863 3195">
    <p class='ocr_par' dir='ltr' id='par_1_34' title="bbox 313 3119 1863 3195">
     <span class='ocr_line' id='line_1_34' title="bbox 313 3119 1863 3195; baseline -0.006 -15"><span class='ocrx_word' id='word_1_241' title='bbox 313 3127 623 3195; x_wconf 66' lang='grc' dir='ltr'>πραγμάτων</span> <span class='ocrx_word' id='word_1_242' title='bbox 648 3124 755 3194; x_wconf 76' lang='grc' dir='ltr'>τὴν</span> <span class='ocrx_word' id='word_1_243' title='bbox 773 3123 1007 3193; x_wconf 84' lang='grc' dir='ltr'>ματαίαν</span> <span class='ocrx_word' id='word_1_244' title='bbox 1033 3121 1287 3193; x_wconf 75' lang='grc' dir='ltr'>σπουδὴν,</span> <span class='ocrx_word' id='word_1_245' title='bbox 1307 3119 1551 3186; x_wconf 74' lang='grc' dir='ltr'>ἀξιοῦται</span> <span class='ocrx_word' id='word_1_246' title='bbox 1567 3121 1663 3190; x_wconf 80' lang='grc' dir='ltr'>τῆς</span> <span class='ocrx_word' id='word_1_247' title='bbox 1679 3121 1834 3189; x_wconf 87' lang='grc' dir='ltr'>νίκης</span> <span class='ocrx_word' id='word_1_248' title='bbox 1851 3137 1863 3151; x_wconf 89' lang='grc'><strong>·</strong></span> 
     </span>
    </p>
   </div>
   <div class='ocr_carea' id='block_1_35' title="bbox 309 3211 1867 3286">
    <p class='ocr_par' dir='ltr' id='par_1_35' title="bbox 309 3211 1867 3286">
     <span class='ocr_line' id='line_1_35' title="bbox 309 3211 1867 3286; baseline -0.001 -20"><span class='ocrx_word' id='word_1_249' title='bbox 309 3215 456 3279; x_wconf 73' lang='grc' dir='ltr'>οὓτως</span> <span class='ocrx_word' id='word_1_250' title='bbox 478 3218 570 3270; x_wconf 82' lang='grc' dir='ltr'>καὶ</span> <span class='ocrx_word' id='word_1_251' title='bbox 591 3216 692 3270; x_wconf 78' lang='grc' dir='ltr'><strong>νῦν</strong></span> <span class='ocrx_word' id='word_1_252' title='bbox 724 3215 866 3286; x_wconf 87' lang='grc' dir='ltr'><strong>μετά</strong></span> <span class='ocrx_word' id='word_1_253' title='bbox 886 3216 1012 3277; x_wconf 77' lang='grc' dir='ltr'>τοὺς</span> <span class='ocrx_word' id='word_1_254' title='bbox 1038 3212 1255 3282; x_wconf 86' lang='grc' dir='ltr'>ὁμοίους</span> <span class='ocrx_word' id='word_1_255' title='bbox 1283 3212 1520 3281; x_wconf 72' lang='grc' dir='ltr'>ἀγῶνας,</span> <span class='ocrx_word' id='word_1_256' title='bbox 1549 3211 1627 3282; x_wconf 82' lang='grc' dir='ltr'>τῷ</span> <span class='ocrx_word' id='word_1_257' title='bbox 1659 3232 1676 3264; x_wconf 82' lang='grc' dir='ltr'><strong>ι</strong></span> <span class='ocrx_word' id='word_1_258' title='bbox 1699 3212 1867 3283; x_wconf 83' lang='grc' dir='ltr'>’Υπὲρ</span> 
     </span>
    </p>
   </div>
   <div class='ocr_carea' id='block_1_36' title="bbox 310 3304 1868 3380">
    <p class='ocr_par' dir='ltr' id='par_1_36' title="bbox 310 3304 1868 3380">
     <span class='ocr_line' id='line_1_36' title="bbox 310 3304 1868 3380; baseline -0.003 -20"><span class='ocrx_word' id='word_1_259' title='bbox 310 3309 402 3361; x_wconf 82' lang='grc' dir='ltr'>τῶν</span> <span class='ocrx_word' id='word_1_260' title='bbox 445 3309 616 3380; x_wconf 80' lang='grc' dir='ltr'>ληνῶν</span> <span class='ocrx_word' id='word_1_261' title='bbox 646 3331 666 3362; x_wconf 72' lang='grc' dir='ltr'><strong>ι</strong></span> <span class='ocrx_word' id='word_1_262' title='bbox 725 3309 873 3377; x_wconf 85' lang='grc' dir='ltr'>λόγῳ</span> <span class='ocrx_word' id='word_1_263' title='bbox 938 3306 1209 3376; x_wconf 78' lang='grc' dir='ltr'>συμμάχῳ</span> <span class='ocrx_word' id='word_1_264' title='bbox 1254 3304 1388 3376; x_wconf 85' lang='grc' dir='ltr'>πρὸς</span> <span class='ocrx_word' id='word_1_265' title='bbox 1436 3305 1526 3358; x_wconf 80' lang='grc' dir='ltr'><strong>τὸν</strong></span> <span class='ocrx_word' id='word_1_266' title='bbox 1575 3305 1868 3357; x_wconf 85' lang='grc' dir='ltr'>ἀντίπαλον</span> 
     </span>
    </p>
   </div>
   <div class='ocr_carea' id='block_1_37' title="bbox 303 3394 1868 3468">
    <p class='ocr_par' dir='ltr' id='par_1_37' title="bbox 303 3394 1868 3468">
     <span class='ocr_line' id='line_1_37' title="bbox 303 3394 1868 3468; baseline -0.001 -19"><span class='ocrx_word' id='word_1_267' title='bbox 303 3398 591 3468; x_wconf 75' lang='grc' dir='ltr'>χρώμενος,</span> <span class='ocrx_word' id='word_1_268' title='bbox 625 3398 864 3468; x_wconf 80' lang='grc' dir='ltr'>νικητὴς</span> <span class='ocrx_word' id='word_1_269' title='bbox 915 3396 1123 3464; x_wconf 84' lang='grc' dir='ltr'>γίνεται</span> <span class='ocrx_word' id='word_1_270' title='bbox 1176 3394 1266 3448; x_wconf 78' lang='grc' dir='ltr'>διὰ</span> <span class='ocrx_word' id='word_1_271' title='bbox 1300 3394 1393 3448; x_wconf 79' lang='grc' dir='ltr'><strong>τοῦ</strong></span> <span class='ocrx_word' id='word_1_272' title='bbox 1441 3394 1737 3447; x_wconf 83' lang='grc' dir='ltr'>καταλῦσαι</span> <span class='ocrx_word' id='word_1_273' title='bbox 1779 3394 1868 3448; x_wconf 90' lang='grc' dir='ltr'><strong>τόν</strong></span> 
     </span>
    </p>
   </div>
   <div class='ocr_carea' id='block_1_38' title="bbox 305 3484 1870 3558">
    <p class='ocr_par' dir='ltr' id='par_1_38' title="bbox 305 3484 1870 3558">
     <span class='ocr_line' id='line_1_38' title="bbox 305 3484 1870 3558; baseline -0.001 -20"><span class='ocrx_word' id='word_1_274' title='bbox 305 3487 474 3557; x_wconf 72' lang='grc' dir='ltr'>ἐχθρὸν</span> <span class='ocrx_word' id='word_1_275' title='bbox 497 3489 614 3558; x_wconf 69' lang='grc' dir='ltr'><strong>ἅμα</strong></span> <span class='ocrx_word' id='word_1_276' title='bbox 636 3489 737 3541; x_wconf 72' lang='grc' dir='ltr'><strong>καὶ</strong></span> <span class='ocrx_word' id='word_1_277' title='bbox 771 3487 1083 3556; x_wconf 69' lang='grc' dir='ltr'>ἐκδικητὴν.</span> <span class='ocrx_word' id='word_1_278' title='bbox 1122 3487 1216 3547; x_wconf 90' lang='grc' dir='ltr'>Ὃς</span> <span class='ocrx_word' id='word_1_279' title='bbox 1241 3484 1329 3538; x_wconf 79' lang='grc' dir='ltr'>διὰ</span> <span class='ocrx_word' id='word_1_280' title='bbox 1377 3485 1533 3538; x_wconf 82' lang='grc' dir='ltr'>τοῦτο</span> <span class='ocrx_word' id='word_1_281' title='bbox 1559 3485 1652 3538; x_wconf 69' lang='grc' dir='ltr'><strong>καὶ</strong></span> <span class='ocrx_word' id='word_1_282' title='bbox 1679 3484 1870 3557; x_wconf 75' lang='grc' dir='ltr'>ἐχθρὸς</span> 
     </span>
    </p>
   </div>
   <div class='ocr_carea' id='block_1_39' title="bbox 297 3577 1872 3652">
    <p class='ocr_par' dir='ltr' id='par_1_39' title="bbox 297 3577 1872 3652">
     <span class='ocr_line' id='line_1_39' title="bbox 297 3577 1872 3652; baseline 0 -22"><span class='ocrx_word' id='word_1_283' title='bbox 297 3582 376 3632; x_wconf 75' lang='grc' dir='ltr'>καὶ</span> <span class='ocrx_word' id='word_1_284' title='bbox 401 3581 702 3652; x_wconf 71' lang='grc' dir='ltr'>ὲκδικητὴς</span> <span class='ocrx_word' id='word_1_285' title='bbox 734 3578 1096 3649; x_wconf 74' lang='grc' dir='ltr'>ὀνομάζεται,</span> <span class='ocrx_word' id='word_1_286' title='bbox 1127 3579 1208 3630; x_wconf 83' lang='grc' dir='ltr'>ὅτι</span> <span class='ocrx_word' id='word_1_287' title='bbox 1238 3578 1375 3630; x_wconf 79' lang='grc' dir='ltr'>αὐτὰ</span> <span class='ocrx_word' id='word_1_288' title='bbox 1415 3577 1483 3630; x_wconf 78' lang='grc' dir='ltr'>τὰ</span> <span class='ocrx_word' id='word_1_289' title='bbox 1517 3577 1652 3647; x_wconf 80' lang='grc' dir='ltr'>πρὸς</span> <span class='ocrx_word' id='word_1_290' title='bbox 1689 3578 1872 3649; x_wconf 81' lang='grc' dir='ltr'>ἀμαρ-</span> 
     </span>
    </p>
   </div>
   <div class='ocr_carea' id='block_1_40' title="bbox 297 3668 1869 3741">
    <p class='ocr_par' dir='ltr' id='par_1_40' title="bbox 297 3668 1869 3741">
     <span class='ocr_line' id='line_1_40' title="bbox 297 3668 1869 3741; baseline 0 -21"><span class='ocrx_word' id='word_1_291' title='bbox 297 3672 398 3723; x_wconf 80' lang='grc' dir='ltr'>τίαν</span> <span class='ocrx_word' id='word_1_292' title='bbox 427 3675 594 3728; x_wconf 76' lang='grc' dir='ltr'>αὐτοῦ</span> <span class='ocrx_word' id='word_1_293' title='bbox 633 3673 986 3741; x_wconf 77' lang='grc' dir='ltr'>δελεάσματα</span> <span class='ocrx_word' id='word_1_294' title='bbox 1007 3712 1022 3735; x_wconf 94' lang='grc'><strong>,</strong></span> <span class='ocrx_word' id='word_1_295' title='bbox 1051 3669 1294 3740; x_wconf 79' lang='grc' dir='ltr'>τιμωρία</span> <span class='ocrx_word' id='word_1_296' title='bbox 1317 3671 1430 3732; x_wconf 86' lang='grc' dir='ltr'>τοῖς</span> <span class='ocrx_word' id='word_1_297' title='bbox 1457 3668 1869 3738; x_wconf 82' lang='grc' dir='ltr'>αἰσθανομένοις</span> 
     </span>
    </p>
   </div>
   <div class='ocr_carea' id='block_1_41' title="bbox 287 3755 1870 3836">
    <p class='ocr_par' dir='ltr' id='par_1_41' title="bbox 287 3755 1870 3836">
     <span class='ocr_line' id='line_1_41' title="bbox 287 3755 1870 3836; baseline -0.003 -20"><span class='ocrx_word' id='word_1_298' title='bbox 287 3765 654 3836; x_wconf 65' lang='grc' dir='ltr'>ἡπικροτάτη</span> <span class='ocrx_word' id='word_1_299' title='bbox 705 3764 864 3817; x_wconf 72' lang='grc' dir='ltr'>ἐστί’</span> <span class='ocrx_word' id='word_1_300' title='bbox 903 3762 998 3816; x_wconf 75' lang='grc' dir='ltr'>καλ.</span> <span class='ocrx_word' id='word_1_301' title='bbox 1038 3761 1104 3813; x_wconf 80' lang='grc' dir='ltr'>δι’</span> <span class='ocrx_word' id='word_1_302' title='bbox 1150 3755 1225 3813; x_wconf 80' lang='grc' dir='ltr'>ὧν</span> <span class='ocrx_word' id='word_1_303' title='bbox 1273 3760 1561 3828; x_wconf 76' lang='grc' dir='ltr'>ἐφέλκεται</span> <span class='ocrx_word' id='word_1_304' title='bbox 1607 3759 1742 3830; x_wconf 82' lang='grc' dir='ltr'>πρὸς</span> <span class='ocrx_word' id='word_1_305' title='bbox 1772 3759 1870 3830; x_wconf 83' lang='grc' dir='ltr'>τὴν</span> 
     </span>
    </p>
   </div>
   <div class='ocr_carea' id='block_1_42' title="bbox 289 3853 1872 3924">
    <p class='ocr_par' dir='ltr' id='par_1_42' title="bbox 289 3853 1872 3924">
     <span class='ocr_line' id='line_1_42' title="bbox 289 3853 1872 3924; baseline 0 -19"><span class='ocrx_word' id='word_1_306' title='bbox 289 3856 371 3907; x_wconf 71' lang='grc' dir='ltr'>τοῦ</span> <span class='ocrx_word' id='word_1_307' title='bbox 396 3857 568 3911; x_wconf 81' lang='grc' dir='ltr'>κακοῦ</span> <span class='ocrx_word' id='word_1_308' title='bbox 614 3855 914 3910; x_wconf 83' lang='grc' dir='ltr'>κοινωνίαν</span> <span class='ocrx_word' id='word_1_309' title='bbox 966 3855 1024 3906; x_wconf 81' lang='grc' dir='ltr'>ὲν</span> <span class='ocrx_word' id='word_1_310' title='bbox 1063 3854 1245 3924; x_wconf 82' lang='grc' dir='ltr'>ἀπάτῃ</span> <span class='ocrx_word' id='word_1_311' title='bbox 1274 3853 1364 3906; x_wconf 76' lang='grc' dir='ltr'>τὸν</span> <span class='ocrx_word' id='word_1_312' title='bbox 1402 3853 1706 3921; x_wconf 79' lang='grc' dir='ltr'>ἄνθρωπον,</span> <span class='ocrx_word' id='word_1_313' title='bbox 1740 3853 1872 3906; x_wconf 83' lang='grc' dir='ltr'>αὐτὸ</span> 
     </span>
    </p>
   </div>
   <div class='ocr_carea' id='block_1_43' title="bbox 283 3939 1867 4019">
    <p class='ocr_par' dir='ltr' id='par_1_43' title="bbox 283 3939 1867 4019">
     <span class='ocr_line' id='line_1_43' title="bbox 283 3939 1867 4019; baseline -0.001 -22"><span class='ocrx_word' id='word_1_314' title='bbox 283 3948 442 4002; x_wconf 66' lang='grc' dir='ltr'>ἐκεῖνο</span> <span class='ocrx_word' id='word_1_315' title='bbox 487 3950 555 4002; x_wconf 78' lang='grc' dir='ltr'>τὸ</span> <span class='ocrx_word' id='word_1_316' title='bbox 599 3947 1000 4019; x_wconf 79' lang='grc' dir='ltr'>χαλεπώτατον</span> <span class='ocrx_word' id='word_1_317' title='bbox 1045 3947 1142 4016; x_wconf 76' lang='grc' dir='ltr'><strong>τῆς</strong></span> <span class='ocrx_word' id='word_1_318' title='bbox 1189 3945 1462 4015; x_wconf 86' lang='grc' dir='ltr'>τιμωρίας</span> <span class='ocrx_word' id='word_1_319' title='bbox 1510 3939 1650 4007; x_wconf 78' lang='grc' dir='ltr'>εἶδός</span> <span class='ocrx_word' id='word_1_320' title='bbox 1699 3945 1867 3996; x_wconf 79' lang='grc' dir='ltr'>ἐστιν.</span> 
     </span>
    </p>
   </div>
   <div class='ocr_carea' id='block_1_44' title="bbox 283 4034 1874 4110">
    <p class='ocr_par' dir='ltr' id='par_1_44' title="bbox 283 4034 1874 4110">
     <span class='ocr_line' id='line_1_44' title="bbox 283 4034 1874 4110; baseline -0.001 -23"><span class='ocrx_word' id='word_1_321' title='bbox 283 4036 455 4100; x_wconf 76' lang='grc' dir='ltr'>υὺτως</span> <span class='ocrx_word' id='word_1_322' title='bbox 488 4037 806 4110; x_wconf 76' lang='grc' dir='ltr'>ἑρμηνεύει</span> <span class='ocrx_word' id='word_1_323' title='bbox 837 4037 934 4106; x_wconf 81' lang='grc' dir='ltr'>τὴν</span> <span class='ocrx_word' id='word_1_324' title='bbox 965 4037 1204 4090; x_wconf 82' lang='grc' dir='ltr'>διάνοιαν</span> <span class='ocrx_word' id='word_1_325' title='bbox 1237 4034 1440 4103; x_wconf 77' lang='grc' dir='ltr'>ταύτην</span> <span class='ocrx_word' id='word_1_326' title='bbox 1466 4037 1495 4088; x_wconf 85' lang='grc' dir='ltr'>ὁ</span> <span class='ocrx_word' id='word_1_327' title='bbox 1528 4034 1667 4097; x_wconf 83' lang='grc' dir='ltr'>θεῖος</span> <span class='ocrx_word' id='word_1_328' title='bbox 1713 4034 1874 4088; x_wconf 79' lang='grc' dir='ltr'><strong>Ἀπό-</strong></span> 
     </span>
    </p>
   </div>
   <div class='ocr_carea' id='block_1_45' title="bbox 277 4122 1873 4204">
    <p class='ocr_par' dir='ltr' id='par_1_45' title="bbox 277 4122 1873 4204">
     <span class='ocr_line' id='line_1_45' title="bbox 277 4122 1873 4204; baseline -0.003 -25"><span class='ocrx_word' id='word_1_329' title='bbox 277 4125 484 4190; x_wconf 76' lang='grc' dir='ltr'>στολος,</span> <span class='ocrx_word' id='word_1_330' title='bbox 520 4127 753 4191; x_wconf 84' lang='grc' dir='ltr'>είπών,</span> <span class='ocrx_word' id='word_1_331' title='bbox 813 4127 896 4178; x_wconf 86' lang='grc' dir='ltr'>ὅτι</span> <span class='ocrx_word' id='word_1_332' title='bbox 947 4144 965 4176; x_wconf 83' lang='grc' dir='ltr'><strong>ι</strong></span> <span class='ocrx_word' id='word_1_333' title='bbox 998 4125 1110 4194; x_wconf 74' lang='grc' dir='ltr'><strong>Τὴν</strong></span> <span class='ocrx_word' id='word_1_334' title='bbox 1153 4122 1499 4204; x_wconf 73' lang='grc' dir='ltr'>ἀντιμισθίαν</span> <span class='ocrx_word' id='word_1_335' title='bbox 1531 4124 1596 4194; x_wconf 83' lang='grc' dir='ltr'>ἢν</span> <span class='ocrx_word' id='word_1_336' title='bbox 1629 4123 1736 4175; x_wconf 78' lang='grc' dir='ltr'>ἔδει</span> <span class='ocrx_word' id='word_1_337' title='bbox 1774 4123 1873 4190; x_wconf 82' lang='grc' dir='ltr'><strong>τῆς</strong></span> 
     </span>
    </p>
   </div>
   <div class='ocr_carea' id='block_1_46' title="bbox 280 4213 1874 4286">
    <p class='ocr_par' dir='ltr' id='par_1_46' title="bbox 280 4213 1874 4286">
     <span class='ocr_line' id='line_1_46' title="bbox 280 4213 1874 4286; baseline -0.001 -21"><span class='ocrx_word' id='word_1_338' title='bbox 280 4215 478 4286; x_wconf 72' lang='grc' dir='ltr'>πλάνης</span> <span class='ocrx_word' id='word_1_339' title='bbox 549 4217 755 4270; x_wconf 77' lang='grc' dir='ltr'>αὐτῶν</span> <span class='ocrx_word' id='word_1_340' title='bbox 811 4216 869 4267; x_wconf 85' lang='grc' dir='ltr'>ὲν</span> <span class='ocrx_word' id='word_1_341' title='bbox 919 4215 1132 4276; x_wconf 78' lang='grc' dir='ltr'>ἑαυτοῖς</span> <span class='ocrx_word' id='word_1_342' title='bbox 1178 4213 1676 4284; x_wconf 74' lang='grc' dir='ltr'>ἀπολαμϐάνοντες.</span> <span class='ocrx_word' id='word_1_343' title='bbox 1721 4231 1738 4264; x_wconf 76' lang='grc' dir='ltr'><strong>ι</strong></span> <span class='ocrx_word' id='word_1_344' title='bbox 1778 4213 1874 4274; x_wconf 88' lang='grc' dir='ltr'><strong>Τίς</strong></span> 
     </span>
    </p>
   </div>
   <div class='ocr_carea' id='block_1_47' title="bbox 1950 410 3525 480">
    <p class='ocr_par' dir='ltr' id='par_1_47' title="bbox 1950 410 3525 480">
     <span class='ocr_line' id='line_1_47' title="bbox 1950 410 3525 480; baseline -0.004 -9"><span class='ocrx_word' id='word_1_345' title='bbox 1950 433 2124 480; x_wconf 89' lang='lat' dir='ltr'><strong>sores,</strong></span> <span class='ocrx_word' id='word_1_346' title='bbox 2154 415 2347 470; x_wconf 83' lang='lat' dir='ltr'><strong>amicis</strong></span> <span class='ocrx_word' id='word_1_347' title='bbox 2380 415 2673 469; x_wconf 76' lang='lat' dir='ltr'><strong>Absalonis</strong></span> <span class='ocrx_word' id='word_1_348' title='bbox 2699 411 3088 473; x_wconf 85' lang='lat' dir='ltr'><strong>admisceatur,</strong></span> <span class='ocrx_word' id='word_1_349' title='bbox 3134 410 3364 479; x_wconf 85' lang='lat' dir='ltr'><strong>ejusque</strong></span> <span class='ocrx_word' id='word_1_350' title='bbox 3388 425 3525 464; x_wconf 79' lang='lat' dir='ltr'><strong>con-</strong></span> 
     </span>
    </p>
   </div>
   <div class='ocr_carea' id='block_1_48' title="bbox 1951 501 3523 573">
    <p class='ocr_par' dir='ltr' id='par_1_48' title="bbox 1951 501 3523 573">
     <span class='ocr_line' id='line_1_48' title="bbox 1951 501 3523 573; baseline -0.003 -15"><span class='ocrx_word' id='word_1_351' title='bbox 1951 505 2132 558; x_wconf 85' lang='lat' dir='ltr'><strong>silium</strong></span> <span class='ocrx_word' id='word_1_352' title='bbox 2169 513 2399 573; x_wconf 84' lang='lat' dir='ltr'><strong>tyranno</strong></span> <span class='ocrx_word' id='word_1_353' title='bbox 2421 502 2826 558; x_wconf 81' lang='lat' dir='ltr'><strong>conducibilius</strong></span> <span class='ocrx_word' id='word_1_354' title='bbox 2844 502 3018 555; x_wconf 84' lang='lat' dir='ltr'><strong>visum</strong></span> <span class='ocrx_word' id='word_1_355' title='bbox 3050 501 3140 558; x_wconf 88' lang='lat' dir='ltr'><strong>sit.</strong></span> <span class='ocrx_word' id='word_1_356' title='bbox 3169 517 3332 570; x_wconf 86' lang='lat' dir='ltr'><strong>quam</strong></span> <span class='ocrx_word' id='word_1_357' title='bbox 3357 502 3523 556; x_wconf 83' lang='lat' dir='ltr'><strong>Aelu-</strong></span> 
     </span>
    </p>
   </div>
   <div class='ocr_carea' id='block_1_49' title="bbox 1951 588 3526 663">
    <p class='ocr_par' dir='ltr' id='par_1_49' title="bbox 1951 588 3526 663">
     <span class='ocr_line' id='line_1_49' title="bbox 1951 588 3526 663; baseline -0.003 -15"><span class='ocrx_word' id='word_1_358' title='bbox 1951 595 2181 663; x_wconf 87' lang='lat' dir='ltr'><strong>tOphclis</strong></span> <span class='ocrx_word' id='word_1_359' title='bbox 2200 596 2240 624; x_wconf 85' lang='grc'>⁷¹</span> <span class='ocrx_word' id='word_1_360' title='bbox 2266 613 2278 646; x_wconf 93' lang='lat'>:</span> <span class='ocrx_word' id='word_1_361' title='bbox 2300 593 2442 648; x_wconf 89' lang='lat' dir='ltr'><strong>unde</strong></span> <span class='ocrx_word' id='word_1_362' title='bbox 2471 592 2673 645; x_wconf 79' lang='lat' dir='ltr'><strong>factum</strong></span> <span class='ocrx_word' id='word_1_363' title='bbox 2695 599 2800 650; x_wconf 87' lang='lat' dir='ltr'><strong>est,</strong></span> <span class='ocrx_word' id='word_1_364' title='bbox 2827 597 2887 642; x_wconf 88' lang='lat' dir='ltr'><strong>ut</strong></span> <span class='ocrx_word' id='word_1_365' title='bbox 2910 604 3033 642; x_wconf 84' lang='lat' dir='ltr'><strong>eum</strong></span> <span class='ocrx_word' id='word_1_366' title='bbox 3063 588 3352 641; x_wconf 89' lang='lat' dir='ltr'><strong>consilium</strong></span> <span class='ocrx_word' id='word_1_367' title='bbox 3379 588 3526 644; x_wconf 77' lang='lat' dir='ltr'><strong>illius</strong></span> 
     </span>
    </p>
   </div>
   <div class='ocr_carea' id='block_1_50' title="bbox 1952 679 3523 756">
    <p class='ocr_par' dir='ltr' id='par_1_50' title="bbox 1952 679 3523 756">
     <span class='ocr_line' id='line_1_50' title="bbox 1952 679 3523 756; baseline -0.003 -19"><span class='ocrx_word' id='word_1_368' title='bbox 1952 685 2349 756; x_wconf 68' lang='lat' dir='ltr'><strong>praavaluisset,</strong></span> <span class='ocrx_word' id='word_1_369' title='bbox 2394 686 2440 740; x_wconf 91' lang='lat' dir='ltr'><strong>is</strong></span> <span class='ocrx_word' id='word_1_370' title='bbox 2470 683 2562 752; x_wconf 86' lang='lat' dir='ltr'><strong>qui</strong></span> <span class='ocrx_word' id='word_1_371' title='bbox 2591 692 2782 736; x_wconf 88' lang='lat' dir='ltr'><strong>contra</strong></span> <span class='ocrx_word' id='word_1_372' title='bbox 2814 679 3067 733; x_wconf 84' lang='lat' dir='ltr'><strong>Davidem</strong></span> <span class='ocrx_word' id='word_1_373' title='bbox 3109 679 3368 732; x_wconf 82' lang='lat' dir='ltr'><strong>Ahsaloni</strong></span> <span class='ocrx_word' id='word_1_374' title='bbox 3395 695 3523 733; x_wconf 85' lang='lat' dir='ltr'><strong>con-</strong></span> 
     </span>
    </p>
   </div>
   <div class='ocr_carea' id='block_1_51' title="bbox 1952 769 3523 842">
    <p class='ocr_par' dir='ltr' id='par_1_51' title="bbox 1952 769 3523 842">
     <span class='ocr_line' id='line_1_51' title="bbox 1952 769 3523 842; baseline -0.005 -11"><span class='ocrx_word' id='word_1_375' title='bbox 1952 779 2140 832; x_wconf 82' lang='lat' dir='ltr'><strong>silium</strong></span> <span class='ocrx_word' id='word_1_376' title='bbox 2199 775 2446 836; x_wconf 78' lang='lat' dir='ltr'><strong>dederat,</strong></span> <span class='ocrx_word' id='word_1_377' title='bbox 2507 790 2535 827; x_wconf 90' lang='lat' dir='ltr'><strong>a</strong></span> <span class='ocrx_word' id='word_1_378' title='bbox 2596 773 2782 842; x_wconf 87' lang='lat' dir='ltr'><strong>seipso</strong></span> <span class='ocrx_word' id='word_1_379' title='bbox 2839 769 3166 839; x_wconf 65' lang='lat' dir='ltr'><strong>praet&#39;ocatus</strong></span> <span class='ocrx_word' id='word_1_380' title='bbox 3233 769 3523 824; x_wconf 83' lang='lat' dir='ltr'><strong>interierit.</strong></span> 
     </span>
    </p>
   </div>
   <div class='ocr_carea' id='block_1_52' title="bbox 1953 857 3529 932">
    <p class='ocr_par' dir='ltr' id='par_1_52' title="bbox 1953 857 3529 932">
     <span class='ocr_line' id='line_1_52' title="bbox 1953 857 3529 932; baseline -0.003 -15"><span class='ocrx_word' id='word_1_381' title='bbox 1953 863 2193 932; x_wconf 66' lang='lat' dir='ltr'><strong>Equum</strong></span> <span class='ocrx_word' id='word_1_382' title='bbox 2223 877 2389 931; x_wconf 85' lang='lat' dir='ltr'><strong>porro</strong></span> <span class='ocrx_word' id='word_1_383' title='bbox 2429 861 2586 913; x_wconf 80' lang='lat' dir='ltr'><strong>fuerit</strong></span> <span class='ocrx_word' id='word_1_384' title='bbox 2642 860 2887 913; x_wconf 66' lang='lat' dir='ltr'><strong>historia:</strong></span> <span class='ocrx_word' id='word_1_385' title='bbox 2916 858 3080 911; x_wconf 89' lang='lat' dir='ltr'><strong>etiam</strong></span> <span class='ocrx_word' id='word_1_386' title='bbox 3135 857 3424 926; x_wconf 66' lang='lat' dir='ltr'><strong>aenigmata</strong></span> <span class='ocrx_word' id='word_1_387' title='bbox 3475 869 3529 912; x_wconf 88' lang='lat' dir='ltr'><strong>et</strong></span> 
     </span>
    </p>
   </div>
   <div class='ocr_carea' id='block_1_53' title="bbox 1953 945 3526 1005">
    <p class='ocr_par' dir='ltr' id='par_1_53' title="bbox 1953 945 3526 1005">
     <span class='ocr_line' id='line_1_53' title="bbox 1953 945 3526 1005; baseline -0.005 -1"><span class='ocrx_word' id='word_1_388' title='bbox 1953 952 2239 1005; x_wconf 86' lang='lat' dir='ltr'><strong>involucra</strong></span> <span class='ocrx_word' id='word_1_389' title='bbox 2281 951 2346 1004; x_wconf 93' lang='lat' dir='ltr'><strong>ad</strong></span> <span class='ocrx_word' id='word_1_390' title='bbox 2379 951 2542 1003; x_wconf 81' lang='lat' dir='ltr'><strong>vitam</strong></span> <span class='ocrx_word' id='word_1_391' title='bbox 2592 949 2779 1001; x_wconf 85' lang='lat' dir='ltr'><strong>virtuti</strong></span> <span class='ocrx_word' id='word_1_392' title='bbox 2817 947 3088 1001; x_wconf 87' lang='lat' dir='ltr'><strong>addictam</strong></span> <span class='ocrx_word' id='word_1_393' title='bbox 3136 945 3526 1000; x_wconf 80' lang='lat' dir='ltr'><strong>illustrandum</strong></span> 
     </span>
    </p>
   </div>
   <div class='ocr_carea' id='block_1_54' title="bbox 1953 1039 3528 1112">
    <p class='ocr_par' dir='ltr' id='par_1_54' title="bbox 1953 1039 3528 1112">
     <span class='ocr_line' id='line_1_54' title="bbox 1953 1039 3528 1112; baseline -0.006 -14"><span class='ocrx_word' id='word_1_394' title='bbox 1953 1045 2230 1108; x_wconf 87' lang='lat' dir='ltr'><strong>adhibere,</strong></span> <span class='ocrx_word' id='word_1_395' title='bbox 2291 1043 2568 1112; x_wconf 86' lang='lat' dir='ltr'><strong>quomodo</strong></span> <span class='ocrx_word' id='word_1_396' title='bbox 2622 1041 2876 1094; x_wconf 81' lang='lat' dir='ltr'><strong>videlicet</strong></span> <span class='ocrx_word' id='word_1_397' title='bbox 2916 1055 3068 1094; x_wconf 89' lang='lat' dir='ltr'><strong>mens</strong></span> <span class='ocrx_word' id='word_1_398' title='bbox 3124 1047 3178 1092; x_wconf 93' lang='lat' dir='ltr'><strong>et</strong></span> <span class='ocrx_word' id='word_1_399' title='bbox 3245 1039 3528 1108; x_wconf 87' lang='lat' dir='ltr'><strong>cogitatio.</strong></span> 
     </span>
    </p>
   </div>
   <div class='ocr_carea' id='block_1_55' title="bbox 1956 1130 3528 1204">
    <p class='ocr_par' dir='ltr' id='par_1_55' title="bbox 1956 1130 3528 1204">
     <span class='ocr_line' id='line_1_55' title="bbox 1956 1130 3528 1204; baseline -0.003 -17"><span class='ocrx_word' id='word_1_400' title='bbox 1956 1151 2077 1204; x_wconf 71' lang='lat' dir='ltr'><strong>quae</strong></span> <span class='ocrx_word' id='word_1_401' title='bbox 2112 1150 2213 1189; x_wconf 88' lang='lat' dir='ltr'><strong>nos</strong></span> <span class='ocrx_word' id='word_1_402' title='bbox 2245 1144 2581 1199; x_wconf 80' lang='lat' dir='ltr'><strong>conservat,</strong></span> <span class='ocrx_word' id='word_1_403' title='bbox 2617 1135 2842 1202; x_wconf 75' lang='lat' dir='ltr'><strong>laqueus</strong></span> <span class='ocrx_word' id='word_1_404' title='bbox 2885 1131 3181 1185; x_wconf 85' lang='lat' dir='ltr'><strong>adversarii</strong></span> <span class='ocrx_word' id='word_1_405' title='bbox 3223 1130 3342 1198; x_wconf 83' lang='lat' dir='ltr'><strong>ﬁat;</strong></span> <span class='ocrx_word' id='word_1_406' title='bbox 3380 1130 3528 1183; x_wconf 88' lang='lat' dir='ltr'><strong>salu-</strong></span> 
     </span>
    </p>
   </div>
   <div class='ocr_carea' id='block_1_56' title="bbox 1953 1223 3528 1296">
    <p class='ocr_par' dir='ltr' id='par_1_56' title="bbox 1953 1223 3528 1296">
     <span class='ocr_line' id='line_1_56' title="bbox 1953 1223 3528 1296; baseline -0.005 -16"><span class='ocrx_word' id='word_1_407' title='bbox 1953 1230 2121 1289; x_wconf 82' lang='lat' dir='ltr'><strong>taris,</strong></span> <span class='ocrx_word' id='word_1_408' title='bbox 2153 1228 2398 1296; x_wconf 88' lang='lat' dir='ltr'><strong>inquam,</strong></span> <span class='ocrx_word' id='word_1_409' title='bbox 2428 1227 2517 1280; x_wconf 90' lang='lat' dir='ltr'><strong>illa</strong></span> <span class='ocrx_word' id='word_1_410' title='bbox 2550 1241 2702 1280; x_wconf 80' lang='lat' dir='ltr'><strong>tthIlS</strong></span> <span class='ocrx_word' id='word_1_411' title='bbox 2742 1233 2795 1278; x_wconf 89' lang='lat' dir='ltr'><strong>et</strong></span> <span class='ocrx_word' id='word_1_412' title='bbox 2835 1224 3123 1286; x_wconf 88' lang='lat' dir='ltr'><strong>sententia,</strong></span> <span class='ocrx_word' id='word_1_413' title='bbox 3162 1237 3282 1292; x_wconf 74' lang='lat' dir='ltr'><strong>qua:</strong></span> <span class='ocrx_word' id='word_1_414' title='bbox 3331 1223 3528 1290; x_wconf 86' lang='lat' dir='ltr'><strong>partim</strong></span> 
     </span>
    </p>
   </div>
   <div class='ocr_carea' id='block_1_57' title="bbox 1958 1314 3528 1389">
    <p class='ocr_par' dir='ltr' id='par_1_57' title="bbox 1958 1314 3528 1389">
     <span class='ocr_line' id='line_1_57' title="bbox 1958 1314 3528 1389; baseline -0.005 -17"><span class='ocrx_word' id='word_1_415' title='bbox 1958 1319 2220 1382; x_wconf 67' lang='lat' dir='ltr'><strong>historiae,</strong></span> <span class='ocrx_word' id='word_1_416' title='bbox 2287 1323 2484 1389; x_wconf 85' lang='lat' dir='ltr'><strong>partim</strong></span> <span class='ocrx_word' id='word_1_417' title='bbox 2542 1316 2861 1387; x_wconf 72' lang='lat' dir='ltr'><strong>psalmodia:</strong></span> <span class='ocrx_word' id='word_1_418' title='bbox 2913 1314 3284 1370; x_wconf 89' lang='lat' dir='ltr'><strong>monumentis</strong></span> <span class='ocrx_word' id='word_1_419' title='bbox 3339 1315 3528 1368; x_wconf 83' lang='lat' dir='ltr'><strong>consi—</strong></span> 
     </span>
    </p>
   </div>
   <div class='ocr_carea' id='block_1_58' title="bbox 1957 1406 3526 1477">
    <p class='ocr_par' dir='ltr' id='par_1_58' title="bbox 1957 1406 3526 1477">
     <span class='ocr_line' id='line_1_58' title="bbox 1957 1406 3526 1477; baseline -0.003 -17"><span class='ocrx_word' id='word_1_420' title='bbox 1957 1419 2123 1477; x_wconf 86' lang='lat' dir='ltr'><strong>gnata</strong></span> <span class='ocrx_word' id='word_1_421' title='bbox 2155 1419 2260 1462; x_wconf 88' lang='lat' dir='ltr'><strong>est.</strong></span> <span class='ocrx_word' id='word_1_422' title='bbox 2299 1407 2466 1463; x_wconf 82' lang='lat' dir='ltr'><strong>Nobis</strong></span> <span class='ocrx_word' id='word_1_423' title='bbox 2489 1416 2670 1461; x_wconf 86' lang='lat' dir='ltr'><strong>autem</strong></span> <span class='ocrx_word' id='word_1_424' title='bbox 2729 1407 3068 1476; x_wconf 88' lang='lat' dir='ltr'><strong>propositum</strong></span> <span class='ocrx_word' id='word_1_425' title='bbox 3113 1413 3198 1460; x_wconf 87' lang='lat' dir='ltr'><strong>cst</strong></span> <span class='ocrx_word' id='word_1_426' title='bbox 3258 1406 3526 1458; x_wconf 90' lang='lat' dir='ltr'><strong>rationem</strong></span> 
     </span>
    </p>
   </div>
   <div class='ocr_carea' id='block_1_59' title="bbox 1959 1495 3532 1568">
    <p class='ocr_par' dir='ltr' id='par_1_59' title="bbox 1959 1495 3532 1568">
     <span class='ocr_line' id='line_1_59' title="bbox 1959 1495 3532 1568; baseline -0.004 -18"><span class='ocrx_word' id='word_1_427' title='bbox 1959 1498 2194 1561; x_wconf 86' lang='lat' dir='ltr'><strong>ordinis,</strong></span> <span class='ocrx_word' id='word_1_428' title='bbox 2232 1498 2325 1568; x_wconf 88' lang='lat' dir='ltr'><strong>qui</strong></span> <span class='ocrx_word' id='word_1_429' title='bbox 2380 1499 2431 1552; x_wconf 92' lang='lat' dir='ltr'><strong>in</strong></span> <span class='ocrx_word' id='word_1_430' title='bbox 2462 1497 2689 1568; x_wconf 89' lang='lat' dir='ltr'><strong>psalmis</strong></span> <span class='ocrx_word' id='word_1_431' title='bbox 2719 1505 2966 1564; x_wconf 85' lang='lat' dir='ltr'><strong>apparet,</strong></span> <span class='ocrx_word' id='word_1_432' title='bbox 3018 1510 3126 1564; x_wconf 87' lang='lat' dir='ltr'><strong>quo</strong></span> <span class='ocrx_word' id='word_1_433' title='bbox 3169 1495 3234 1548; x_wconf 90' lang='lat' dir='ltr'><strong>ad</strong></span> <span class='ocrx_word' id='word_1_434' title='bbox 3273 1495 3532 1547; x_wconf 87' lang='lat' dir='ltr'><strong>honesta-</strong></span> 
     </span>
    </p>
   </div>
   <div class='ocr_carea' id='block_1_60' title="bbox 1959 1587 3528 1660">
    <p class='ocr_par' dir='ltr' id='par_1_60' title="bbox 1959 1587 3528 1660">
     <span class='ocr_line' id='line_1_60' title="bbox 1959 1587 3528 1660; baseline -0.002 -19"><span class='ocrx_word' id='word_1_435' title='bbox 1959 1598 2068 1644; x_wconf 89' lang='lat' dir='ltr'><strong>tem</strong></span> <span class='ocrx_word' id='word_1_436' title='bbox 2099 1591 2377 1657; x_wconf 88' lang='lat' dir='ltr'><strong>ducimur,</strong></span> <span class='ocrx_word' id='word_1_437' title='bbox 2410 1589 2766 1660; x_wconf 81' lang='lat' dir='ltr'><strong>perscrutari.</strong></span> <span class='ocrx_word' id='word_1_438' title='bbox 2798 1588 2966 1659; x_wconf 88' lang='lat' dir='ltr'><strong>lgitur</strong></span> <span class='ocrx_word' id='word_1_439' title='bbox 2991 1589 3042 1640; x_wconf 91' lang='lat' dir='ltr'><strong>in</strong></span> <span class='ocrx_word' id='word_1_440' title='bbox 3083 1587 3336 1658; x_wconf 69' lang='lat' dir='ltr'><strong>prwsenti</strong></span> <span class='ocrx_word' id='word_1_441' title='bbox 3381 1587 3528 1640; x_wconf 89' lang='lat' dir='ltr'><strong>aliud</strong></span> 
     </span>
    </p>
   </div>
   <div class='ocr_carea' id='block_1_61' title="bbox 1961 1677 3532 1749">
    <p class='ocr_par' dir='ltr' id='par_1_61' title="bbox 1961 1677 3532 1749">
     <span class='ocr_line' id='line_1_61' title="bbox 1961 1677 3532 1749; baseline -0.004 -17"><span class='ocrx_word' id='word_1_442' title='bbox 1961 1677 2264 1749; x_wconf 81' lang='lat' dir='ltr'><strong>intelligere</strong></span> <span class='ocrx_word' id='word_1_443' title='bbox 2316 1696 2422 1735; x_wconf 90' lang='lat' dir='ltr'><strong>non</strong></span> <span class='ocrx_word' id='word_1_444' title='bbox 2483 1679 2768 1740; x_wconf 87' lang='lat' dir='ltr'><strong>debemus,</strong></span> <span class='ocrx_word' id='word_1_445' title='bbox 2811 1693 2974 1746; x_wconf 88' lang='lat' dir='ltr'><strong>quam</strong></span> <span class='ocrx_word' id='word_1_446' title='bbox 3031 1686 3266 1731; x_wconf 85' lang='lat' dir='ltr'><strong>mentem</strong></span> <span class='ocrx_word' id='word_1_447' title='bbox 3322 1684 3532 1730; x_wconf 87' lang='lat' dir='ltr'><strong>etsen-</strong></span> 
     </span>
    </p>
   </div>
   <div class='ocr_carea' id='block_1_62' title="bbox 1961 1768 3530 1841">
    <p class='ocr_par' dir='ltr' id='par_1_62' title="bbox 1961 1768 3530 1841">
     <span class='ocr_line' id='line_1_62' title="bbox 1961 1768 3530 1841; baseline -0.003 -15"><span class='ocrx_word' id='word_1_448' title='bbox 1961 1773 2186 1828; x_wconf 91' lang='lat' dir='ltr'><strong>tentiam</strong></span> <span class='ocrx_word' id='word_1_449' title='bbox 2226 1773 2372 1826; x_wconf 88' lang='lat' dir='ltr'><strong>illam</strong></span> <span class='ocrx_word' id='word_1_450' title='bbox 2402 1786 2525 1841; x_wconf 74' lang='lat' dir='ltr'><strong>quae</strong></span> <span class='ocrx_word' id='word_1_451' title='bbox 2561 1772 2936 1826; x_wconf 85' lang='lat' dir='ltr'><strong>insidiatorem</strong></span> <span class='ocrx_word' id='word_1_452' title='bbox 2969 1780 3214 1822; x_wconf 89' lang='lat' dir='ltr'><strong>nostrum</strong></span> <span class='ocrx_word' id='word_1_453' title='bbox 3245 1768 3530 1823; x_wconf 86' lang='lat' dir='ltr'><strong>interimit.</strong></span> 
     </span>
    </p>
   </div>
   <div class='ocr_carea' id='block_1_63' title="bbox 2031 1861 3530 1934">
    <p class='ocr_par' dir='ltr' id='par_1_63' title="bbox 2031 1861 3530 1934">
     <span class='ocr_line' id='line_1_63' title="bbox 2031 1861 3530 1934; baseline -0.006 -15"><span class='ocrx_word' id='word_1_454' title='bbox 2031 1863 2163 1930; x_wconf 67' lang='lat' dir='ltr'><strong>Quae</strong></span> <span class='ocrx_word' id='word_1_455' title='bbox 2197 1864 2368 1934; x_wconf 81' lang='lat' dir='ltr'><strong>igitur</strong></span> <span class='ocrx_word' id='word_1_456' title='bbox 2391 1863 2534 1918; x_wconf 85' lang='lat' dir='ltr'><strong>ista?</strong></span> <span class='ocrx_word' id='word_1_457' title='bbox 2571 1862 2773 1916; x_wconf 90' lang='lat' dir='ltr'><strong>Eodem</strong></span> <span class='ocrx_word' id='word_1_458' title='bbox 2803 1861 2923 1916; x_wconf 83' lang='lat' dir='ltr'><strong>loco</strong></span> <span class='ocrx_word' id='word_1_459' title='bbox 2965 1868 3219 1930; x_wconf 83' lang='lat' dir='ltr'><strong>reputare</strong></span> <span class='ocrx_word' id='word_1_460' title='bbox 3252 1870 3530 1913; x_wconf 87' lang='lat' dir='ltr'><strong>auctorem</strong></span> 
     </span>
    </p>
   </div>
   <div class='ocr_carea' id='block_1_64' title="bbox 1963 1950 3530 2024">
    <p class='ocr_par' dir='ltr' id='par_1_64' title="bbox 1963 1950 3530 2024">
     <span class='ocr_line' id='line_1_64' title="bbox 1963 1950 3530 2024; baseline -0.004 -16"><span class='ocrx_word' id='word_1_461' title='bbox 1963 1955 2296 2024; x_wconf 88' lang='lat' dir='ltr'><strong>iniquitatis.</strong></span> <span class='ocrx_word' id='word_1_462' title='bbox 2359 1964 2413 2010; x_wconf 88' lang='lat' dir='ltr'><strong>et</strong></span> <span class='ocrx_word' id='word_1_463' title='bbox 2453 1961 2734 2008; x_wconf 90' lang='lat' dir='ltr'><strong>auctorem</strong></span> <span class='ocrx_word' id='word_1_464' title='bbox 2785 1953 2983 2006; x_wconf 88' lang='lat' dir='ltr'><strong>ulcisci</strong></span> <span class='ocrx_word' id='word_1_465' title='bbox 3031 1952 3212 2006; x_wconf 81' lang='lat' dir='ltr'><strong>velle:</strong></span> <span class='ocrx_word' id='word_1_466' title='bbox 3247 1950 3363 2022; x_wconf 85' lang='lat' dir='ltr'><strong>ipse</strong></span> <span class='ocrx_word' id='word_1_467' title='bbox 3383 1950 3530 2002; x_wconf 90' lang='lat' dir='ltr'><strong>enim</strong></span> 
     </span>
    </p>
   </div>
   <div class='ocr_carea' id='block_1_65' title="bbox 1962 2043 3534 2115">
    <p class='ocr_par' dir='ltr' id='par_1_65' title="bbox 1962 2043 3534 2115">
     <span class='ocr_line' id='line_1_65' title="bbox 1962 2043 3534 2115; baseline -0.005 -13"><span class='ocrx_word' id='word_1_468' title='bbox 1962 2061 2084 2102; x_wconf 87' lang='lat' dir='ltr'><strong>sese</strong></span> <span class='ocrx_word' id='word_1_469' title='bbox 2117 2046 2378 2100; x_wconf 82' lang='lat' dir='ltr'><strong>extremis</strong></span> <span class='ocrx_word' id='word_1_470' title='bbox 2409 2045 2589 2115; x_wconf 67' lang='lat' dir='ltr'><strong>poenis</strong></span> <span class='ocrx_word' id='word_1_471' title='bbox 2634 2045 2938 2106; x_wconf 78' lang='lat' dir='ltr'><strong>ulciscitur,</strong></span> <span class='ocrx_word' id='word_1_472' title='bbox 3003 2055 3059 2098; x_wconf 91' lang='lat' dir='ltr'><strong>et</strong></span> <span class='ocrx_word' id='word_1_473' title='bbox 3124 2043 3389 2097; x_wconf 87' lang='lat' dir='ltr'><strong>adversus</strong></span> <span class='ocrx_word' id='word_1_474' title='bbox 3447 2058 3534 2095; x_wconf 82' lang='lat' dir='ltr'><strong>sc-</strong></span> 
     </span>
    </p>
   </div>
   <div class='ocr_carea' id='block_1_66' title="bbox 1960 2131 3536 2206">
    <p class='ocr_par' dir='ltr' id='par_1_66' title="bbox 1960 2131 3536 2206">
     <span class='ocr_line' id='line_1_66' title="bbox 1960 2131 3536 2206; baseline -0.004 -16"><span class='ocrx_word' id='word_1_475' title='bbox 1960 2136 2138 2204; x_wconf 89' lang='lat' dir='ltr'><strong>ipsum</strong></span> <span class='ocrx_word' id='word_1_476' title='bbox 2173 2149 2391 2206; x_wconf 74' lang='lat' dir='ltr'><strong>pmnam</strong></span> <span class='ocrx_word' id='word_1_477' title='bbox 2443 2134 2545 2189; x_wconf 86' lang='lat' dir='ltr'><strong>sibi</strong></span> <span class='ocrx_word' id='word_1_478' title='bbox 2586 2134 2834 2188; x_wconf 87' lang='lat' dir='ltr'><strong>decernit</strong></span> <span class='ocrx_word' id='word_1_479' title='bbox 2877 2144 2930 2188; x_wconf 92' lang='lat' dir='ltr'><strong>et</strong></span> <span class='ocrx_word' id='word_1_480' title='bbox 2954 2132 3165 2198; x_wconf 82' lang='lat' dir='ltr'><strong>deﬁnit,</strong></span> <span class='ocrx_word' id='word_1_481' title='bbox 3211 2131 3256 2186; x_wconf 90' lang='lat' dir='ltr'><strong>si</strong></span> <span class='ocrx_word' id='word_1_482' title='bbox 3291 2131 3436 2186; x_wconf 87' lang='lat' dir='ltr'><strong>velut</strong></span> <span class='ocrx_word' id='word_1_483' title='bbox 3469 2146 3536 2184; x_wconf 79' lang='lat' dir='ltr'><strong>ex</strong></span> 
     </span>
    </p>
   </div>
   <div class='ocr_carea' id='block_1_67' title="bbox 1962 2223 3536 2296">
    <p class='ocr_par' dir='ltr' id='par_1_67' title="bbox 1962 2223 3536 2296">
     <span class='ocr_line' id='line_1_67' title="bbox 1962 2223 3536 2296; baseline -0.003 -16"><span class='ocrx_word' id='word_1_484' title='bbox 1962 2235 2149 2280; x_wconf 89' lang='lat' dir='ltr'><strong>mutua</strong></span> <span class='ocrx_word' id='word_1_485' title='bbox 2186 2228 2436 2296; x_wconf 86' lang='lat' dir='ltr'><strong>pactione</strong></span> <span class='ocrx_word' id='word_1_486' title='bbox 2464 2236 2518 2282; x_wconf 88' lang='lat' dir='ltr'><strong>et</strong></span> <span class='ocrx_word' id='word_1_487' title='bbox 2549 2234 2838 2280; x_wconf 84' lang='lat' dir='ltr'><strong>contractu</strong></span> <span class='ocrx_word' id='word_1_488' title='bbox 2874 2225 3074 2278; x_wconf 89' lang='lat' dir='ltr'><strong>malum</strong></span> <span class='ocrx_word' id='word_1_489' title='bbox 3104 2223 3246 2279; x_wconf 90' lang='lat' dir='ltr'><strong>malo</strong></span> <span class='ocrx_word' id='word_1_490' title='bbox 3278 2239 3536 2293; x_wconf 85' lang='lat' dir='ltr'><strong>compen-</strong></span> 
     </span>
    </p>
   </div>
   <div class='ocr_carea' id='block_1_68' title="bbox 1964 2313 3537 2384">
    <p class='ocr_par' dir='ltr' id='par_1_68' title="bbox 1964 2313 3537 2384">
     <span class='ocr_line' id='line_1_68' title="bbox 1964 2313 3537 2384; baseline -0.004 -14"><span class='ocrx_word' id='word_1_491' title='bbox 1964 2324 2070 2380; x_wconf 88' lang='lat' dir='ltr'><strong>sat,</strong></span> <span class='ocrx_word' id='word_1_492' title='bbox 2095 2316 2274 2384; x_wconf 89' lang='lat' dir='ltr'><strong>iisque</strong></span> <span class='ocrx_word' id='word_1_493' title='bbox 2305 2314 2509 2384; x_wconf 90' lang='lat' dir='ltr'><strong>quibus</strong></span> <span class='ocrx_word' id='word_1_494' title='bbox 2544 2314 2774 2368; x_wconf 75' lang='lat' dir='ltr'><strong>allectus</strong></span> <span class='ocrx_word' id='word_1_495' title='bbox 2799 2323 2880 2367; x_wconf 90' lang='lat' dir='ltr'><strong>est</strong></span> <span class='ocrx_word' id='word_1_496' title='bbox 2907 2313 3146 2381; x_wconf 88' lang='lat' dir='ltr'><strong>injuriis,</strong></span> <span class='ocrx_word' id='word_1_497' title='bbox 3181 2313 3413 2382; x_wconf 84' lang='lat' dir='ltr'><strong>injurias</strong></span> <span class='ocrx_word' id='word_1_498' title='bbox 3453 2327 3537 2365; x_wconf 81' lang='lat' dir='ltr'><strong>re-</strong></span> 
     </span>
    </p>
   </div>
   <div class='ocr_carea' id='block_1_69' title="bbox 1964 2403 3540 2477">
    <p class='ocr_par' dir='ltr' id='par_1_69' title="bbox 1964 2403 3540 2477">
     <span class='ocr_line' id='line_1_69' title="bbox 1964 2403 3540 2477; baseline -0.004 -18"><span class='ocrx_word' id='word_1_499' title='bbox 1964 2407 2170 2477; x_wconf 88' lang='lat' dir='ltr'><strong>pendit.</strong></span> <span class='ocrx_word' id='word_1_500' title='bbox 2199 2405 2378 2470; x_wconf 81' lang='lat' dir='ltr'><strong>Quare</strong></span> <span class='ocrx_word' id='word_1_501' title='bbox 2392 2417 2515 2474; x_wconf 89' lang='lat' dir='ltr'><strong>post</strong></span> <span class='ocrx_word' id='word_1_502' title='bbox 2546 2405 2648 2459; x_wconf 89' lang='lat' dir='ltr'><strong>ista</strong></span> <span class='ocrx_word' id='word_1_503' title='bbox 2679 2406 2981 2459; x_wconf 86' lang='lat' dir='ltr'><strong>certamina</strong></span> <span class='ocrx_word' id='word_1_504' title='bbox 3008 2419 3201 2458; x_wconf 86' lang='lat' dir='ltr'><strong>rursus</strong></span> <span class='ocrx_word' id='word_1_505' title='bbox 3215 2403 3392 2456; x_wconf 84' lang='lat' dir='ltr'><strong>victor</strong></span> <span class='ocrx_word' id='word_1_506' title='bbox 3412 2416 3540 2470; x_wconf 87' lang='lat' dir='ltr'><strong>pro-</strong></span> 
     </span>
    </p>
   </div>
   <div class='ocr_carea' id='block_1_70' title="bbox 1965 2490 3538 2564">
    <p class='ocr_par' dir='ltr' id='par_1_70' title="bbox 1965 2490 3538 2564">
     <span class='ocr_line' id='line_1_70' title="bbox 1965 2490 3538 2564; baseline -0.002 -16"><span class='ocrx_word' id='word_1_507' title='bbox 1965 2497 2246 2557; x_wconf 86' lang='lat' dir='ltr'><strong>nuntiatus</strong></span> <span class='ocrx_word' id='word_1_508' title='bbox 2267 2495 2356 2549; x_wconf 90' lang='lat' dir='ltr'><strong>sit.</strong></span> <span class='ocrx_word' id='word_1_509' title='bbox 2376 2496 2633 2564; x_wconf 80' lang='lat' dir='ltr'><strong>Sequitur</strong></span> <span class='ocrx_word' id='word_1_510' title='bbox 2651 2496 2793 2548; x_wconf 89' lang='lat' dir='ltr'><strong>enim</strong></span> <span class='ocrx_word' id='word_1_511' title='bbox 2815 2493 3102 2562; x_wconf 89' lang='lat' dir='ltr'><strong>inscriptio</strong></span> <span class='ocrx_word' id='word_1_512' title='bbox 3129 2510 3142 2546; x_wconf 91' lang='lat'><strong>:</strong></span> <span class='ocrx_word' id='word_1_513' title='bbox 3177 2510 3194 2541; x_wconf 85' lang='grc' dir='ltr'><strong>ι</strong></span> <span class='ocrx_word' id='word_1_514' title='bbox 3218 2490 3325 2545; x_wconf 82' lang='lat' dir='ltr'><strong>Pro</strong></span> <span class='ocrx_word' id='word_1_515' title='bbox 3347 2502 3538 2546; x_wconf 88' lang='lat' dir='ltr'><strong>torcu-</strong></span> 
     </span>
    </p>
   </div>
   <div class='ocr_carea' id='block_1_71' title="bbox 1965 2583 3536 2654">
    <p class='ocr_par' dir='ltr' id='par_1_71' title="bbox 1965 2583 3536 2654">
     <span class='ocr_line' id='line_1_71' title="bbox 1965 2583 3536 2654; baseline -0.003 -15"><span class='ocrx_word' id='word_1_516' title='bbox 1965 2586 2244 2647; x_wconf 67' lang='lat' dir='ltr'><strong>laribus,»</strong></span> <span class='ocrx_word' id='word_1_517' title='bbox 2300 2601 2420 2654; x_wconf 68' lang='lat' dir='ltr'><strong>qua:</strong></span> <span class='ocrx_word' id='word_1_518' title='bbox 2500 2586 2656 2638; x_wconf 81' lang='lat' dir='ltr'><strong>tinem</strong></span> <span class='ocrx_word' id='word_1_519' title='bbox 2709 2584 3070 2639; x_wconf 88' lang='lat' dir='ltr'><strong>demonstrat.</strong></span> <span class='ocrx_word' id='word_1_520' title='bbox 3137 2583 3290 2638; x_wconf 85' lang='lat' dir='ltr'><strong>Finis</strong></span> <span class='ocrx_word' id='word_1_521' title='bbox 3355 2591 3536 2635; x_wconf 84' lang='lat' dir='ltr'><strong>autem</strong></span> 
     </span>
    </p>
   </div>
   <div class='ocr_carea' id='block_1_72' title="bbox 1966 2673 3542 2744">
    <p class='ocr_par' dir='ltr' id='par_1_72' title="bbox 1966 2673 3542 2744">
     <span class='ocr_line' id='line_1_72' title="bbox 1966 2673 3542 2744; baseline -0.002 -12"><span class='ocrx_word' id='word_1_522' title='bbox 1966 2679 2328 2740; x_wconf 70' lang='lat' dir='ltr'><strong>certaminum</strong></span> <span class='ocrx_word' id='word_1_523' title='bbox 2369 2676 2594 2730; x_wconf 84' lang='lat' dir='ltr'><strong>victoria</strong></span> <span class='ocrx_word' id='word_1_524' title='bbox 2625 2684 2733 2732; x_wconf 90' lang='lat' dir='ltr'><strong>est.</strong></span> <span class='ocrx_word' id='word_1_525' title='bbox 2783 2677 2850 2729; x_wconf 87' lang='lat' dir='ltr'><strong>At</strong></span> <span class='ocrx_word' id='word_1_526' title='bbox 2887 2675 3223 2744; x_wconf 84' lang='lat' dir='ltr'><strong>superﬂuum</strong></span> <span class='ocrx_word' id='word_1_527' title='bbox 3275 2673 3439 2729; x_wconf 79' lang='lat' dir='ltr'><strong>fuerit</strong></span> <span class='ocrx_word' id='word_1_528' title='bbox 3473 2676 3542 2729; x_wconf 89' lang='lat' dir='ltr'><strong>de</strong></span> 
     </span>
    </p>
   </div>
   <div class='ocr_carea' id='block_1_73' title="bbox 1967 2765 3540 2836">
    <p class='ocr_par' dir='ltr' id='par_1_73' title="bbox 1967 2765 3540 2836">
     <span class='ocr_line' id='line_1_73' title="bbox 1967 2765 3540 2836; baseline -0.003 -12"><span class='ocrx_word' id='word_1_529' title='bbox 1967 2785 2133 2825; x_wconf 84' lang='lat' dir='ltr'><strong>sensu</strong></span> <span class='ocrx_word' id='word_1_530' title='bbox 2194 2767 2592 2836; x_wconf 83' lang='lat' dir='ltr'><strong>inscriptionis,</strong></span> <span class='ocrx_word' id='word_1_531' title='bbox 2657 2786 2675 2818; x_wconf 77' lang='grc' dir='ltr'><strong>ι</strong></span> <span class='ocrx_word' id='word_1_532' title='bbox 2715 2765 2824 2819; x_wconf 86' lang='lat' dir='ltr'><strong>Pro</strong></span> <span class='ocrx_word' id='word_1_533' title='bbox 2878 2765 3314 2826; x_wconf 62' lang='lat' dir='ltr'><strong>torcularibus...</strong></span> <span class='ocrx_word' id='word_1_534' title='bbox 3362 2765 3540 2821; x_wconf 77' lang='lat' dir='ltr'><strong>fusius</strong></span> 
     </span>
    </p>
   </div>
   <div class='ocr_carea' id='block_1_74' title="bbox 1968 2855 3538 2929">
    <p class='ocr_par' dir='ltr' id='par_1_74' title="bbox 1968 2855 3538 2929">
     <span class='ocr_line' id='line_1_74' title="bbox 1968 2855 3538 2929; baseline -0.004 -15"><span class='ocrx_word' id='word_1_535' title='bbox 1968 2859 2268 2929; x_wconf 85' lang='lat' dir='ltr'><strong>disputare.</strong></span> <span class='ocrx_word' id='word_1_536' title='bbox 2301 2873 2424 2911; x_wconf 88' lang='lat' dir='ltr'><strong>cum</strong></span> <span class='ocrx_word' id='word_1_537' title='bbox 2459 2857 2527 2911; x_wconf 89' lang='lat' dir='ltr'><strong>de</strong></span> <span class='ocrx_word' id='word_1_538' title='bbox 2559 2872 2622 2911; x_wconf 90' lang='lat' dir='ltr'><strong>ea</strong></span> <span class='ocrx_word' id='word_1_539' title='bbox 2651 2857 2761 2925; x_wconf 72' lang='lat' dir='ltr'><strong>jam</strong></span> <span class='ocrx_word' id='word_1_540' title='bbox 2788 2857 2905 2912; x_wconf 83' lang='lat' dir='ltr'><strong>suis</strong></span> <span class='ocrx_word' id='word_1_541' title='bbox 2937 2856 3073 2910; x_wconf 87' lang='lat' dir='ltr'><strong>locis</strong></span> <span class='ocrx_word' id='word_1_542' title='bbox 3096 2856 3312 2910; x_wconf 90' lang='lat' dir='ltr'><strong>abunde</strong></span> <span class='ocrx_word' id='word_1_543' title='bbox 3329 2855 3538 2910; x_wconf 90' lang='lat' dir='ltr'><strong>dictum</strong></span> 
     </span>
    </p>
   </div>
   <div class='ocr_carea' id='block_1_75' title="bbox 1971 2944 3538 3016">
    <p class='ocr_par' dir='ltr' id='par_1_75' title="bbox 1971 2944 3538 3016">
     <span class='ocr_line' id='line_1_75' title="bbox 1971 2944 3538 3016; baseline -0.004 -12"><span class='ocrx_word' id='word_1_544' title='bbox 1971 2949 2063 3004; x_wconf 90' lang='lat' dir='ltr'><strong>sit.</strong></span> <span class='ocrx_word' id='word_1_545' title='bbox 2094 2947 2264 3002; x_wconf 88' lang='lat' dir='ltr'><strong>Porro</strong></span> <span class='ocrx_word' id='word_1_546' title='bbox 2305 2945 2764 3016; x_wconf 88' lang='lat' dir='ltr'><strong>quemadmodum</strong></span> <span class='ocrx_word' id='word_1_547' title='bbox 2808 2953 2932 3014; x_wconf 91' lang='lat' dir='ltr'><strong>post</strong></span> <span class='ocrx_word' id='word_1_548' title='bbox 2974 2945 3203 3014; x_wconf 89' lang='lat' dir='ltr'><strong>primam</strong></span> <span class='ocrx_word' id='word_1_549' title='bbox 3237 2945 3306 2998; x_wconf 90' lang='lat' dir='ltr'><strong>ab</strong></span> <span class='ocrx_word' id='word_1_550' title='bbox 3361 2944 3538 2999; x_wconf 81' lang='lat' dir='ltr'><strong>Absa-</strong></span> 
     </span>
    </p>
   </div>
   <div class='ocr_carea' id='block_1_76' title="bbox 1970 3035 3542 3109">
    <p class='ocr_par' dir='ltr' id='par_1_76' title="bbox 1970 3035 3542 3109">
     <span class='ocr_line' id='line_1_76' title="bbox 1970 3035 3542 3109; baseline -0.003 -15"><span class='ocrx_word' id='word_1_551' title='bbox 1970 3041 2094 3094; x_wconf 88' lang='lat' dir='ltr'><strong>Ione</strong></span> <span class='ocrx_word' id='word_1_552' title='bbox 2123 3039 2325 3109; x_wconf 81' lang='lat' dir='ltr'><strong>fugam,</strong></span> <span class='ocrx_word' id='word_1_553' title='bbox 2379 3038 2508 3092; x_wconf 88' lang='lat' dir='ltr'><strong>dum</strong></span> <span class='ocrx_word' id='word_1_554' title='bbox 2533 3052 2731 3090; x_wconf 88' lang='lat' dir='ltr'><strong>vanmu</strong></span> <span class='ocrx_word' id='word_1_555' title='bbox 2766 3037 3009 3090; x_wconf 88' lang='lat' dir='ltr'><strong>studium</strong></span> <span class='ocrx_word' id='word_1_556' title='bbox 3057 3043 3110 3090; x_wconf 92' lang='lat' dir='ltr'><strong>et</strong></span> <span class='ocrx_word' id='word_1_557' title='bbox 3146 3035 3362 3090; x_wconf 88' lang='lat' dir='ltr'><strong>inanem</strong></span> <span class='ocrx_word' id='word_1_558' title='bbox 3407 3052 3542 3104; x_wconf 86' lang='lat' dir='ltr'><strong>ope-</strong></span> 
     </span>
    </p>
   </div>
   <div class='ocr_carea' id='block_1_77' title="bbox 1970 3126 3539 3198">
    <p class='ocr_par' dir='ltr' id='par_1_77' title="bbox 1970 3126 3539 3198">
     <span class='ocr_line' id='line_1_77' title="bbox 1970 3126 3539 3198; baseline -0.003 -13"><span class='ocrx_word' id='word_1_559' title='bbox 1970 3146 2085 3186; x_wconf 88' lang='lat' dir='ltr'><strong>ram</strong></span> <span class='ocrx_word' id='word_1_560' title='bbox 2118 3145 2148 3184; x_wconf 90' lang='lat' dir='ltr'><strong>a</strong></span> <span class='ocrx_word' id='word_1_561' title='bbox 2183 3130 2328 3185; x_wconf 89' lang='lat' dir='ltr'><strong>veris</strong></span> <span class='ocrx_word' id='word_1_562' title='bbox 2358 3137 2412 3184; x_wconf 91' lang='lat' dir='ltr'><strong>et</strong></span> <span class='ocrx_word' id='word_1_563' title='bbox 2456 3129 2616 3184; x_wconf 88' lang='lat' dir='ltr'><strong>seriis</strong></span> <span class='ocrx_word' id='word_1_564' title='bbox 2641 3129 2871 3198; x_wconf 82' lang='lat' dir='ltr'><strong>negotiis</strong></span> <span class='ocrx_word' id='word_1_565' title='bbox 2914 3137 2967 3182; x_wconf 86' lang='lat' dir='ltr'><strong>et</strong></span> <span class='ocrx_word' id='word_1_566' title='bbox 2997 3126 3158 3182; x_wconf 84' lang='lat' dir='ltr'><strong>rebus</strong></span> <span class='ocrx_word' id='word_1_567' title='bbox 3198 3126 3539 3188; x_wconf 84' lang='lat' dir='ltr'><strong>internoscit,</strong></span> 
     </span>
    </p>
   </div>
   <div class='ocr_carea' id='block_1_78' title="bbox 1971 3218 3544 3289">
    <p class='ocr_par' dir='ltr' id='par_1_78' title="bbox 1971 3218 3544 3289">
     <span class='ocr_line' id='line_1_78' title="bbox 1971 3218 3544 3289; baseline -0.003 -16"><span class='ocrx_word' id='word_1_568' title='bbox 1971 3224 2213 3276; x_wconf 64' lang='lat' dir='ltr'><strong>victoriae</strong></span> <span class='ocrx_word' id='word_1_569' title='bbox 2242 3221 2581 3275; x_wconf 83' lang='lat' dir='ltr'><strong>ornamentis</strong></span> <span class='ocrx_word' id='word_1_570' title='bbox 2618 3219 2942 3289; x_wconf 85' lang='lat' dir='ltr'><strong>insignitur:</strong></span> <span class='ocrx_word' id='word_1_571' title='bbox 2985 3218 3060 3272; x_wconf 90' lang='lat' dir='ltr'><strong>ita</strong></span> <span class='ocrx_word' id='word_1_572' title='bbox 3089 3226 3144 3273; x_wconf 91' lang='lat' dir='ltr'><strong>et</strong></span> <span class='ocrx_word' id='word_1_573' title='bbox 3174 3233 3320 3272; x_wconf 90' lang='lat' dir='ltr'><strong>nunc</strong></span> <span class='ocrx_word' id='word_1_574' title='bbox 3346 3218 3544 3272; x_wconf 78' lang='lat' dir='ltr'><strong>simili-</strong></span> 
     </span>
    </p>
   </div>
   <div class='ocr_carea' id='block_1_79' title="bbox 1972 3308 3538 3388">
    <p class='ocr_par' dir='ltr' id='par_1_79' title="bbox 1972 3308 3538 3388">
     <span class='ocr_line' id='line_1_79' title="bbox 1972 3308 3538 3388; baseline -0.007 -19"><span class='ocrx_word' id='word_1_575' title='bbox 1972 3315 2073 3369; x_wconf 91' lang='lat' dir='ltr'><strong>bus</strong></span> <span class='ocrx_word' id='word_1_576' title='bbox 2105 3314 2316 3368; x_wconf 83' lang='lat' dir='ltr'><strong>exactis</strong></span> <span class='ocrx_word' id='word_1_577' title='bbox 2348 3311 2565 3382; x_wconf 80' lang='lat' dir='ltr'><strong>pugnis,</strong></span> <span class='ocrx_word' id='word_1_578' title='bbox 2604 3311 2852 3364; x_wconf 91' lang='lat' dir='ltr'><strong>oratione</strong></span> <span class='ocrx_word' id='word_1_579' title='bbox 2892 3329 2909 3360; x_wconf 82' lang='grc' dir='ltr'><strong>ι</strong></span> <span class='ocrx_word' id='word_1_580' title='bbox 2941 3308 3048 3388; x_wconf 82' lang='lat' dir='ltr'><strong>Pro</strong></span> <span class='ocrx_word' id='word_1_581' title='bbox 3087 3308 3481 3374; x_wconf 84' lang='lat' dir='ltr'><strong>torcularibus,</strong></span> <span class='ocrx_word' id='word_1_582' title='bbox 3521 3327 3538 3358; x_wconf 72' lang='grc' dir='ltr'><strong>ο</strong></span> 
     </span>
    </p>
   </div>
   <div class='ocr_carea' id='block_1_80' title="bbox 1971 3401 3546 3469">
    <p class='ocr_par' dir='ltr' id='par_1_80' title="bbox 1971 3401 3546 3469">
     <span class='ocr_line' id='line_1_80' title="bbox 1971 3401 3546 3469; baseline -0.003 -11"><span class='ocrx_word' id='word_1_583' title='bbox 1971 3405 2119 3458; x_wconf 87' lang='lat' dir='ltr'><strong>velut</strong></span> <span class='ocrx_word' id='word_1_584' title='bbox 2149 3403 2512 3469; x_wconf 82' lang='lat' dir='ltr'><strong>auxiliatrice,</strong></span> <span class='ocrx_word' id='word_1_585' title='bbox 2543 3411 2732 3457; x_wconf 89' lang='lat' dir='ltr'><strong>contra</strong></span> <span class='ocrx_word' id='word_1_586' title='bbox 2759 3401 3136 3456; x_wconf 86' lang='lat' dir='ltr'><strong>adversarium</strong></span> <span class='ocrx_word' id='word_1_587' title='bbox 3165 3415 3321 3464; x_wconf 91' lang='lat' dir='ltr'><strong>usus,</strong></span> <span class='ocrx_word' id='word_1_588' title='bbox 3367 3401 3546 3454; x_wconf 88' lang='lat' dir='ltr'><strong>victor</strong></span> 
     </span>
    </p>
   </div>
   <div class='ocr_carea' id='block_1_81' title="bbox 1969 3491 3548 3563">
    <p class='ocr_par' dir='ltr' id='par_1_81' title="bbox 1969 3491 3548 3563">
     <span class='ocr_line' id='line_1_81' title="bbox 1969 3491 3548 3563; baseline -0.004 -14"><span class='ocrx_word' id='word_1_589' title='bbox 1969 3495 2172 3560; x_wconf 87' lang='lat' dir='ltr'><strong>evadit,</strong></span> <span class='ocrx_word' id='word_1_590' title='bbox 2193 3509 2258 3548; x_wconf 90' lang='lat' dir='ltr'><strong>eo</strong></span> <span class='ocrx_word' id='word_1_591' title='bbox 2279 3495 2422 3563; x_wconf 87' lang='lat' dir='ltr'><strong>quod</strong></span> <span class='ocrx_word' id='word_1_592' title='bbox 2458 3493 2719 3548; x_wconf 87' lang='lat' dir='ltr'><strong>dclcverit</strong></span> <span class='ocrx_word' id='word_1_593' title='bbox 2756 3493 2967 3547; x_wconf 88' lang='lat' dir='ltr'><strong>hostem</strong></span> <span class='ocrx_word' id='word_1_594' title='bbox 3001 3491 3164 3546; x_wconf 91' lang='lat' dir='ltr'><strong>simul</strong></span> <span class='ocrx_word' id='word_1_595' title='bbox 3192 3499 3246 3546; x_wconf 91' lang='lat' dir='ltr'><strong>et</strong></span> <span class='ocrx_word' id='word_1_596' title='bbox 3287 3506 3548 3561; x_wconf 90' lang='lat' dir='ltr'><strong>persecu-</strong></span> 
     </span>
    </p>
   </div>
   <div class='ocr_carea' id='block_1_82' title="bbox 1971 3581 3541 3653">
    <p class='ocr_par' dir='ltr' id='par_1_82' title="bbox 1971 3581 3541 3653">
     <span class='ocr_line' id='line_1_82' title="bbox 1971 3581 3541 3653; baseline -0.002 -14"><span class='ocrx_word' id='word_1_597' title='bbox 1971 3595 2166 3648; x_wconf 90' lang='lat' dir='ltr'><strong>torem,</strong></span> <span class='ocrx_word' id='word_1_598' title='bbox 2197 3585 2288 3653; x_wconf 92' lang='lat' dir='ltr'><strong>qui</strong></span> <span class='ocrx_word' id='word_1_599' title='bbox 2320 3585 2391 3639; x_wconf 90' lang='lat' dir='ltr'><strong>ob</strong></span> <span class='ocrx_word' id='word_1_600' title='bbox 2415 3584 2465 3636; x_wconf 88' lang='lat' dir='ltr'><strong>id</strong></span> <span class='ocrx_word' id='word_1_601' title='bbox 2492 3584 2656 3638; x_wconf 88' lang='lat' dir='ltr'><strong>etiam</strong></span> <span class='ocrx_word' id='word_1_602' title='bbox 2683 3581 2860 3636; x_wconf 87' lang='lat' dir='ltr'><strong>hostis</strong></span> <span class='ocrx_word' id='word_1_603' title='bbox 2916 3591 2969 3634; x_wconf 84' lang='lat' dir='ltr'><strong>et</strong></span> <span class='ocrx_word' id='word_1_604' title='bbox 3000 3583 3143 3636; x_wconf 87' lang='lat' dir='ltr'><strong>ultor</strong></span> <span class='ocrx_word' id='word_1_605' title='bbox 3202 3583 3541 3646; x_wconf 89' lang='lat' dir='ltr'><strong>nominatur,</strong></span> 
     </span>
    </p>
   </div>
   <div class='ocr_carea' id='block_1_83' title="bbox 1971 3673 3548 3746">
    <p class='ocr_par' dir='ltr' id='par_1_83' title="bbox 1971 3673 3548 3746">
     <span class='ocr_line' id='line_1_83' title="bbox 1971 3673 3548 3746; baseline -0.002 -16"><span class='ocrx_word' id='word_1_606' title='bbox 1971 3677 2099 3746; x_wconf 87' lang='lat' dir='ltr'><strong>quia</strong></span> <span class='ocrx_word' id='word_1_607' title='bbox 2141 3676 2314 3745; x_wconf 92' lang='lat' dir='ltr'><strong>ipsius</strong></span> <span class='ocrx_word' id='word_1_608' title='bbox 2342 3676 2409 3728; x_wconf 92' lang='lat' dir='ltr'><strong>ad</strong></span> <span class='ocrx_word' id='word_1_609' title='bbox 2441 3682 2723 3744; x_wconf 82' lang='lat' dir='ltr'><strong>peccatum</strong></span> <span class='ocrx_word' id='word_1_610' title='bbox 2756 3673 3025 3728; x_wconf 65' lang='lat' dir='ltr'><strong>illecebrae</strong></span> <span class='ocrx_word' id='word_1_611' title='bbox 3067 3674 3424 3728; x_wconf 90' lang='lat' dir='ltr'><strong>acerbissima</strong></span> <span class='ocrx_word' id='word_1_612' title='bbox 3452 3674 3548 3727; x_wconf 78' lang='lat' dir='ltr'><strong>de-</strong></span> 
     </span>
    </p>
   </div>
   <div class='ocr_carea' id='block_1_84' title="bbox 1970 3764 3548 3839">
    <p class='ocr_par' dir='ltr' id='par_1_84' title="bbox 1970 3764 3548 3839">
     <span class='ocr_line' id='line_1_84' title="bbox 1970 3764 3548 3839; baseline -0.001 -18"><span class='ocrx_word' id='word_1_613' title='bbox 1970 3768 2324 3839; x_wconf 89' lang='lat' dir='ltr'><strong>gustantibus</strong></span> <span class='ocrx_word' id='word_1_614' title='bbox 2385 3775 2514 3821; x_wconf 85' lang='lat' dir='ltr'><strong>sunt</strong></span> <span class='ocrx_word' id='word_1_615' title='bbox 2561 3779 2746 3836; x_wconf 87' lang='lat' dir='ltr'><strong>poena,</strong></span> <span class='ocrx_word' id='word_1_616' title='bbox 2790 3774 2844 3819; x_wconf 88' lang='lat' dir='ltr'><strong>et</strong></span> <span class='ocrx_word' id='word_1_617' title='bbox 2880 3780 2944 3819; x_wconf 92' lang='lat' dir='ltr'><strong>ea</strong></span> <span class='ocrx_word' id='word_1_618' title='bbox 2991 3765 3188 3834; x_wconf 88' lang='lat' dir='ltr'><strong>quibus</strong></span> <span class='ocrx_word' id='word_1_619' title='bbox 3227 3764 3291 3818; x_wconf 89' lang='lat' dir='ltr'><strong>ad</strong></span> <span class='ocrx_word' id='word_1_620' title='bbox 3327 3765 3548 3819; x_wconf 68' lang='lat' dir='ltr'><strong>malitiae</strong></span> 
     </span>
    </p>
   </div>
   <div class='ocr_carea' id='block_1_85' title="bbox 1972 3853 3540 3924">
    <p class='ocr_par' dir='ltr' id='par_1_85' title="bbox 1972 3853 3540 3924">
     <span class='ocr_line' id='line_1_85' title="bbox 1972 3853 3540 3924; baseline -0.003 -12"><span class='ocrx_word' id='word_1_621' title='bbox 1972 3859 2410 3912; x_wconf 89' lang='lat' dir='ltr'><strong>communionem</strong></span> <span class='ocrx_word' id='word_1_622' title='bbox 2445 3857 2692 3910; x_wconf 90' lang='lat' dir='ltr'><strong>homines</strong></span> <span class='ocrx_word' id='word_1_623' title='bbox 2718 3854 2976 3924; x_wconf 90' lang='lat' dir='ltr'><strong>deceptos</strong></span> <span class='ocrx_word' id='word_1_624' title='bbox 3007 3853 3303 3923; x_wconf 88' lang='lat' dir='ltr'><strong>pertrahit,</strong></span> <span class='ocrx_word' id='word_1_625' title='bbox 3333 3855 3540 3924; x_wconf 86' lang='lat' dir='ltr'><strong>gravis-</strong></span> 
     </span>
    </p>
   </div>
   <div class='ocr_carea' id='block_1_86' title="bbox 1973 3940 3546 4016">
    <p class='ocr_par' dir='ltr' id='par_1_86' title="bbox 1973 3940 3546 4016">
     <span class='ocr_line' id='line_1_86' title="bbox 1973 3940 3546 4016; baseline -0.004 -14"><span class='ocrx_word' id='word_1_626' title='bbox 1973 3948 2100 4002; x_wconf 84' lang='lat' dir='ltr'><strong>simi</strong></span> <span class='ocrx_word' id='word_1_627' title='bbox 2146 3946 2397 4016; x_wconf 84' lang='lat' dir='ltr'><strong>supplicii</strong></span> <span class='ocrx_word' id='word_1_628' title='bbox 2430 3945 2665 4016; x_wconf 88' lang='lat' dir='ltr'><strong>speciem</strong></span> <span class='ocrx_word' id='word_1_629' title='bbox 2709 3944 2929 3998; x_wconf 87' lang='lat' dir='ltr'><strong>habent.</strong></span> <span class='ocrx_word' id='word_1_630' title='bbox 2963 3940 3077 3998; x_wconf 82' lang='lat' dir='ltr'><strong>Iloc</strong></span> <span class='ocrx_word' id='word_1_631' title='bbox 3115 3944 3277 3996; x_wconf 91' lang='lat' dir='ltr'><strong>modo</strong></span> <span class='ocrx_word' id='word_1_632' title='bbox 3325 3957 3546 3996; x_wconf 88' lang='lat' dir='ltr'><strong>sensum</strong></span> 
     </span>
    </p>
   </div>
   <div class='ocr_carea' id='block_1_87' title="bbox 1975 4031 3549 4109">
    <p class='ocr_par' dir='ltr' id='par_1_87' title="bbox 1975 4031 3549 4109">
     <span class='ocr_line' id='line_1_87' title="bbox 1975 4031 3549 4109; baseline -0.004 -15"><span class='ocrx_word' id='word_1_633' title='bbox 1975 4041 2120 4095; x_wconf 91' lang='lat' dir='ltr'><strong>hunc</strong></span> <span class='ocrx_word' id='word_1_634' title='bbox 2173 4038 2397 4109; x_wconf 78' lang='lat' dir='ltr'><strong>exponit</strong></span> <span class='ocrx_word' id='word_1_635' title='bbox 2447 4038 2665 4092; x_wconf 87' lang='lat' dir='ltr'><strong>divinus</strong></span> <span class='ocrx_word' id='word_1_636' title='bbox 2716 4035 3032 4105; x_wconf 87' lang='lat' dir='ltr'><strong>Apostolus,</strong></span> <span class='ocrx_word' id='word_1_637' title='bbox 3081 4049 3205 4088; x_wconf 91' lang='lat' dir='ltr'><strong>cum</strong></span> <span class='ocrx_word' id='word_1_638' title='bbox 3259 4033 3368 4086; x_wconf 88' lang='lat' dir='ltr'><strong>ait:</strong></span> <span class='ocrx_word' id='word_1_639' title='bbox 3404 4031 3549 4088; x_wconf 71' lang='lat' dir='ltr'><strong>«Eos</strong></span> 
     </span>
    </p>
   </div>
   <div class='ocr_carea' id='block_1_88' title="bbox 1975 4124 3576 4202">
    <p class='ocr_par' dir='ltr' id='par_1_88' title="bbox 1975 4124 3576 4202">
     <span class='ocr_line' id='line_1_88' title="bbox 1975 4124 3576 4202; baseline -0.006 -16"><span class='ocrx_word' id='word_1_640' title='bbox 1975 4147 2138 4202; x_wconf 88' lang='lat' dir='ltr'><strong>quam</strong></span> <span class='ocrx_word' id='word_1_641' title='bbox 2173 4139 2452 4185; x_wconf 87' lang='lat' dir='ltr'><strong>merentur</strong></span> <span class='ocrx_word' id='word_1_642' title='bbox 2499 4128 2801 4184; x_wconf 88' lang='lat' dir='ltr'><strong>mercedem</strong></span> <span class='ocrx_word' id='word_1_643' title='bbox 2857 4125 3084 4187; x_wconf 88' lang='lat' dir='ltr'><strong>erroris,</strong></span> <span class='ocrx_word' id='word_1_644' title='bbox 3139 4124 3193 4178; x_wconf 91' lang='lat' dir='ltr'><strong>in</strong></span> <span class='ocrx_word' id='word_1_645' title='bbox 3242 4124 3576 4192; x_wconf 83' lang='lat' dir='ltr'><strong>semetipsis.</strong></span> 
     </span>
    </p>
   </div>
   <div class='ocr_carea' id='block_1_89' title="bbox 1975 4215 3552 4292">
    <p class='ocr_par' dir='ltr' id='par_1_89' title="bbox 1975 4215 3552 4292">
     <span class='ocr_line' id='line_1_89' title="bbox 1975 4215 3552 4292; baseline -0.005 -16"><span class='ocrx_word' id='word_1_646' title='bbox 1975 4223 2308 4292; x_wconf 79' lang='lat' dir='ltr'><strong>accipere&quot;.</strong></span> <span class='ocrx_word' id='word_1_647' title='bbox 2343 4241 2360 4272; x_wconf 84' lang='grc'>›</span> <span class='ocrx_word' id='word_1_648' title='bbox 2403 4221 2541 4286; x_wconf 88' lang='lat' dir='ltr'><strong>Quid</strong></span> <span class='ocrx_word' id='word_1_649' title='bbox 2563 4221 2706 4274; x_wconf 90' lang='lat' dir='ltr'><strong>enim</strong></span> <span class='ocrx_word' id='word_1_650' title='bbox 2732 4219 2799 4271; x_wconf 91' lang='lat' dir='ltr'><strong>ad</strong></span> <span class='ocrx_word' id='word_1_651' title='bbox 2835 4216 3164 4285; x_wconf 79' lang='lat' dir='ltr'><strong>supplicium</strong></span> <span class='ocrx_word' id='word_1_652' title='bbox 3202 4215 3426 4284; x_wconf 81' lang='lat' dir='ltr'><strong>gravius</strong></span> <span class='ocrx_word' id='word_1_653' title='bbox 3456 4230 3552 4268; x_wconf 80' lang='lat' dir='ltr'><strong>ex-</strong></span> 
     </span>
    </p>
   </div>
   <div class='ocr_carea' id='block_1_90' title="bbox 273 4305 1864 4396">
    <p class='ocr_par' dir='ltr' id='par_1_90' title="bbox 273 4305 1864 4376">
     <span class='ocr_line' id='line_1_90' title="bbox 273 4305 1864 4376; baseline -0.003 -14"><span class='ocrx_word' id='word_1_654' title='bbox 273 4306 370 4375; x_wconf 70' lang='grc' dir='ltr'><strong>γάρ</strong></span> <span class='ocrx_word' id='word_1_655' title='bbox 420 4308 491 4362; x_wconf 84' lang='grc' dir='ltr'>ἄν</span> <span class='ocrx_word' id='word_1_656' title='bbox 545 4309 781 4376; x_wconf 83' lang='grc' dir='ltr'>γένοιτο</span> <span class='ocrx_word' id='word_1_657' title='bbox 835 4305 975 4376; x_wconf 85' lang='grc' dir='ltr'>πρὸς</span> <span class='ocrx_word' id='word_1_658' title='bbox 1020 4306 1291 4376; x_wconf 88' lang='grc' dir='ltr'>τιμωρίαν</span> <span class='ocrx_word' id='word_1_659' title='bbox 1329 4305 1462 4375; x_wconf 78' lang='grc' dir='ltr'>ἄλλη</span> <span class='ocrx_word' id='word_1_660' title='bbox 1514 4305 1864 4375; x_wconf 82' lang='grc' dir='ltr'>χαλεπωτέρα</span> 
     </span>
    </p>
   </div>
   <div class='ocr_carea' id='block_1_91' title="bbox 1967 4305 3552 4396">
    <p class='ocr_par' dir='ltr' id='par_1_91' title="bbox 1981 4307 3552 4384">
     <span class='ocr_line' id='line_1_91' title="bbox 1981 4307 3552 4384; baseline -0.006 -15"><span class='ocrx_word' id='word_1_661' title='bbox 1981 4315 2211 4382; x_wconf 83' lang='lat' dir='ltr'><strong>cogitari</strong></span> <span class='ocrx_word' id='word_1_662' title='bbox 2241 4323 2421 4384; x_wconf 89' lang='lat' dir='ltr'><strong>queat,</strong></span> <span class='ocrx_word' id='word_1_663' title='bbox 2448 4327 2610 4382; x_wconf 88' lang='lat' dir='ltr'><strong>quam</strong></span> <span class='ocrx_word' id='word_1_664' title='bbox 2646 4310 2777 4364; x_wconf 92' lang='lat' dir='ltr'><strong>illud</strong></span> <span class='ocrx_word' id='word_1_665' title='bbox 2812 4307 3169 4362; x_wconf 72' lang='lat' dir='ltr'><strong>immunditite</strong></span> <span class='ocrx_word' id='word_1_666' title='bbox 3216 4307 3552 4362; x_wconf 88' lang='lat' dir='ltr'><strong>dehonesta-</strong></span> 
     </span>
    </p>
   </div>
   <div class='ocr_carea' id='block_1_92' title="bbox 274 4395 1871 4466">
    <p class='ocr_par' dir='ltr' id='par_1_92' title="bbox 274 4395 1871 4466">
     <span class='ocr_line' id='line_1_92' title="bbox 274 4395 1871 4466; baseline 0.002 -22"><span class='ocrx_word' id='word_1_667' title='bbox 274 4396 478 4450; x_wconf 65' lang='grc' dir='ltr'>ἐπίνοια</span> <span class='ocrx_word' id='word_1_668' title='bbox 507 4400 620 4466; x_wconf 75' lang='grc' dir='ltr'>τῆς</span> <span class='ocrx_word' id='word_1_669' title='bbox 673 4396 821 4450; x_wconf 86' lang='grc' dir='ltr'><strong>κατά</strong></span> <span class='ocrx_word' id='word_1_670' title='bbox 855 4397 953 4466; x_wconf 85' lang='grc' dir='ltr'>τὴν</span> <span class='ocrx_word' id='word_1_671' title='bbox 983 4395 1372 4466; x_wconf 85' lang='grc' dir='ltr'>ἀσχημοσύνην</span> <span class='ocrx_word' id='word_1_672' title='bbox 1412 4395 1772 4466; x_wconf 83' lang='grc' dir='ltr'>ἀκαθαρσίας,</span> <span class='ocrx_word' id='word_1_673' title='bbox 1804 4397 1871 4466; x_wconf 78' lang='grc' dir='ltr'><strong>ἢν</strong></span> 
     </span>
    </p>
   </div>
   <div class='ocr_carea' id='block_1_93' title="bbox 271 4484 1871 4556">
    <p class='ocr_par' dir='ltr' id='par_1_93' title="bbox 271 4484 1871 4556">
     <span class='ocr_line' id='line_1_93' title="bbox 271 4484 1871 4556; baseline 0.002 -22"><span class='ocrx_word' id='word_1_674' title='bbox 271 4484 324 4534; x_wconf 81' lang='grc' dir='ltr'><strong>ἐν</strong></span> <span class='ocrx_word' id='word_1_675' title='bbox 357 4486 585 4547; x_wconf 72' lang='grc' dir='ltr'>ἑαυτοῖς</span> <span class='ocrx_word' id='word_1_676' title='bbox 645 4484 1088 4556; x_wconf 77' lang='grc' dir='ltr'>κατεργάζονται</span> <span class='ocrx_word' id='word_1_677' title='bbox 1121 4487 1171 4538; x_wconf 82' lang='lat' dir='ltr'><strong>oi</strong></span> <span class='ocrx_word' id='word_1_678' title='bbox 1209 4485 1308 4555; x_wconf 83' lang='grc' dir='ltr'><strong>τῆς</strong></span> <span class='ocrx_word' id='word_1_679' title='bbox 1351 4486 1734 4555; x_wconf 82' lang='grc' dir='ltr'>ἀσχημοσύνης</span> <span class='ocrx_word' id='word_1_680' title='bbox 1781 4486 1871 4554; x_wconf 85' lang='grc' dir='ltr'><strong>ὲρ-</strong></span> 
     </span>
    </p>
   </div>
   <div class='ocr_carea' id='block_1_94' title="bbox 271 4575 1871 4646">
    <p class='ocr_par' dir='ltr' id='par_1_94' title="bbox 271 4575 1871 4646">
     <span class='ocr_line' id='line_1_94' title="bbox 271 4575 1871 4646; baseline 0.001 -19"><span class='ocrx_word' id='word_1_681' title='bbox 271 4577 464 4640; x_wconf 70' lang='grc' dir='ltr'>γαταις</span> <span class='ocrx_word' id='word_1_682' title='bbox 498 4579 565 4631; x_wconf 86' lang='grc'><strong>’0</strong></span> <span class='ocrx_word' id='word_1_683' title='bbox 585 4575 704 4631; x_wconf 73' lang='grc' dir='ltr'><strong>οὖν</strong></span> <span class='ocrx_word' id='word_1_684' title='bbox 733 4577 1040 4640; x_wconf 77' lang='grc' dir='ltr'>καταλύσας</span> <span class='ocrx_word' id='word_1_685' title='bbox 1063 4579 1119 4629; x_wconf 84' lang='grc' dir='ltr'><strong>ὲν</strong></span> <span class='ocrx_word' id='word_1_686' title='bbox 1140 4575 1218 4645; x_wconf 80' lang='grc' dir='ltr'>τῷ</span> <span class='ocrx_word' id='word_1_687' title='bbox 1243 4575 1355 4644; x_wconf 78' lang='grc' dir='ltr'>ἰδίῳ</span> <span class='ocrx_word' id='word_1_688' title='bbox 1388 4575 1486 4646; x_wconf 84' lang='grc' dir='ltr'><strong>βίῳ</strong></span> <span class='ocrx_word' id='word_1_689' title='bbox 1515 4577 1606 4628; x_wconf 80' lang='grc' dir='ltr'>τοῦ</span> <span class='ocrx_word' id='word_1_690' title='bbox 1631 4576 1871 4630; x_wconf 79' lang='grc' dir='ltr'>τοιούτου</span> 
     </span>
    </p>
   </div>
   <div class='ocr_carea' id='block_1_95' title="bbox 271 4667 1873 4739">
    <p class='ocr_par' dir='ltr' id='par_1_95' title="bbox 271 4667 1873 4739">
     <span class='ocr_line' id='line_1_95' title="bbox 271 4667 1873 4739; baseline 0.002 -22"><span class='ocrx_word' id='word_1_691' title='bbox 271 4667 361 4734; x_wconf 81' lang='grc' dir='ltr'>τήν</span> <span class='ocrx_word' id='word_1_692' title='bbox 399 4669 682 4739; x_wconf 71' lang='grc' dir='ltr'>δύναμιν,</span> <span class='ocrx_word' id='word_1_693' title='bbox 722 4669 782 4731; x_wconf 75' lang='grc' dir='ltr'>ὃς</span> <span class='ocrx_word' id='word_1_694' title='bbox 808 4671 1126 4738; x_wconf 84' lang='grc' dir='ltr'>τιμωρεῖται</span> <span class='ocrx_word' id='word_1_695' title='bbox 1157 4667 1250 4720; x_wconf 81' lang='grc' dir='ltr'>τὸν</span> <span class='ocrx_word' id='word_1_696' title='bbox 1286 4669 1343 4720; x_wconf 86' lang='grc' dir='ltr'>ὲν</span> <span class='ocrx_word' id='word_1_697' title='bbox 1376 4669 1544 4738; x_wconf 77' lang='grc' dir='ltr'>κακίᾳ</span> <span class='ocrx_word' id='word_1_698' title='bbox 1584 4669 1873 4738; x_wconf 81' lang='grc' dir='ltr'>γενόμενον</span> 
     </span>
    </p>
   </div>
   <div class='ocr_carea' id='block_1_96' title="bbox 265 4754 1875 4829">
    <p class='ocr_par' dir='ltr' id='par_1_96' title="bbox 265 4754 1875 4829">
     <span class='ocr_line' id='line_1_96' title="bbox 265 4754 1875 4829; baseline 0.004 -23"><span class='ocrx_word' id='word_1_699' title='bbox 265 4754 327 4806; x_wconf 67' lang='grc' dir='ltr'><strong>δι’</strong></span> <span class='ocrx_word' id='word_1_700' title='bbox 355 4760 527 4812; x_wconf 72' lang='grc' dir='ltr'>αὑτοῦ</span> <span class='ocrx_word' id='word_1_701' title='bbox 567 4760 681 4812; x_wconf 73' lang='grc' dir='ltr'>τοῦ</span> <span class='ocrx_word' id='word_1_702' title='bbox 741 4761 1030 4829; x_wconf 83' lang='grc' dir='ltr'>μετασχεῖν</span> <span class='ocrx_word' id='word_1_703' title='bbox 1059 4758 1168 4828; x_wconf 68' lang='grc' dir='ltr'><strong>Δτῆς</strong></span> <span class='ocrx_word' id='word_1_704' title='bbox 1203 4759 1432 4820; x_wconf 85' lang='grc' dir='ltr'>κακίας,</span> <span class='ocrx_word' id='word_1_705' title='bbox 1475 4759 1577 4828; x_wconf 71' lang='grc' dir='ltr'>ὁρᾷ</span> <span class='ocrx_word' id='word_1_706' title='bbox 1609 4759 1736 4822; x_wconf 75' lang='grc' dir='ltr'>τοὺς</span> <span class='ocrx_word' id='word_1_707' title='bbox 1780 4760 1875 4812; x_wconf 85' lang='grc' dir='ltr'>ἀν-</span> 
     </span>
    </p>
   </div>
   <div class='ocr_carea' id='block_1_97' title="bbox 269 4843 1876 4921">
    <p class='ocr_par' dir='ltr' id='par_1_97' title="bbox 269 4843 1876 4921">
     <span class='ocr_line' id='line_1_97' title="bbox 269 4843 1876 4921; baseline 0.002 -22"><span class='ocrx_word' id='word_1_708' title='bbox 269 4843 542 4914; x_wconf 71' lang='grc' dir='ltr'>θρώπους,</span> <span class='ocrx_word' id='word_1_709' title='bbox 586 4852 701 4903; x_wconf 73' lang='grc' dir='ltr'><strong>καὶ</strong></span> <span class='ocrx_word' id='word_1_710' title='bbox 745 4850 838 4920; x_wconf 76' lang='grc' dir='ltr'><strong>τὴν</strong></span> <span class='ocrx_word' id='word_1_711' title='bbox 873 4851 984 4903; x_wconf 84' lang='grc' dir='ltr'>τῶν</span> <span class='ocrx_word' id='word_1_712' title='bbox 1013 4849 1261 4920; x_wconf 78' lang='grc' dir='ltr'>οὐρανῶν</span> <span class='ocrx_word' id='word_1_713' title='bbox 1287 4849 1749 4920; x_wconf 84' lang='grc' dir='ltr'>ὑπερκαθημένην</span> <span class='ocrx_word' id='word_1_714' title='bbox 1780 4867 1876 4921; x_wconf 88' lang='grc' dir='ltr'>με-</span> 
     </span>
    </p>
   </div>
   <div class='ocr_carea' id='block_1_98' title="bbox 271 4938 1873 5010">
    <p class='ocr_par' dir='ltr' id='par_1_98' title="bbox 271 4938 1873 5010">
     <span class='ocr_line' id='line_1_98' title="bbox 271 4938 1873 5010; baseline 0.003 -22"><span class='ocrx_word' id='word_1_715' title='bbox 271 4938 737 5010; x_wconf 76' lang='grc' dir='ltr'>γαλοπρέπειαν,</span> <span class='ocrx_word' id='word_1_716' title='bbox 767 4941 857 4994; x_wconf 76' lang='grc' dir='ltr'><strong>καὶ</strong></span> <span class='ocrx_word' id='word_1_717' title='bbox 884 4941 945 4993; x_wconf 79' lang='grc' dir='ltr'>τὸ</span> <span class='ocrx_word' id='word_1_718' title='bbox 972 4941 1072 5010; x_wconf 79' lang='grc' dir='ltr'><strong>τῆς</strong></span> <span class='ocrx_word' id='word_1_719' title='bbox 1103 4941 1316 5008; x_wconf 78' lang='grc' dir='ltr'>φύσεως</span> <span class='ocrx_word' id='word_1_720' title='bbox 1339 4939 1558 5010; x_wconf 82' lang='grc' dir='ltr'>ἀξίωμα</span> <span class='ocrx_word' id='word_1_721' title='bbox 1578 4981 1592 5005; x_wconf 94' lang='grc'><strong>,</strong></span> <span class='ocrx_word' id='word_1_722' title='bbox 1621 4941 1783 4993; x_wconf 89' lang='grc' dir='ltr'>τίνων</span> <span class='ocrx_word' id='word_1_723' title='bbox 1815 4957 1873 4993; x_wconf 87' lang='grc' dir='ltr'><strong>τε</strong></span> 
     </span>
    </p>
   </div>
   <div class='ocr_carea' id='block_1_99' title="bbox 272 5024 1876 5103">
    <p class='ocr_par' dir='ltr' id='par_1_99' title="bbox 272 5024 1876 5103">
     <span class='ocr_line' id='line_1_99' title="bbox 272 5024 1876 5103; baseline 0.004 -24"><span class='ocrx_word' id='word_1_724' title='bbox 272 5024 422 5097; x_wconf 68' lang='grc' dir='ltr'>ἄρχει</span> <span class='ocrx_word' id='word_1_725' title='bbox 467 5034 572 5083; x_wconf 79' lang='grc' dir='ltr'>καὶ</span> <span class='ocrx_word' id='word_1_726' title='bbox 632 5032 759 5084; x_wconf 81' lang='grc' dir='ltr'>τίσι</span> <span class='ocrx_word' id='word_1_727' title='bbox 805 5031 1211 5101; x_wconf 79' lang='grc' dir='ltr'>συντεταγμένη</span> <span class='ocrx_word' id='word_1_728' title='bbox 1250 5031 1420 5086; x_wconf 77' lang='grc' dir='ltr'>ἐστίν.</span> <span class='ocrx_word' id='word_1_729' title='bbox 1456 5031 1546 5100; x_wconf 85' lang='grc' dir='ltr'><strong>Τῷ</strong></span> <span class='ocrx_word' id='word_1_730' title='bbox 1586 5031 1696 5103; x_wconf 84' lang='grc' dir='ltr'>γὰρ</span> <span class='ocrx_word' id='word_1_731' title='bbox 1727 5031 1876 5102; x_wconf 87' lang='grc' dir='ltr'>αὐτῷ</span> 
     </span>
    </p>
   </div>
   <div class='ocr_carea' id='block_1_100' title="bbox 280 5120 1876 5194">
    <p class='ocr_par' dir='ltr' id='par_1_100' title="bbox 280 5120 1876 5194">
     <span class='ocr_line' id='line_1_100' title="bbox 280 5120 1876 5194; baseline 0.004 -24"><span class='ocrx_word' id='word_1_732' title='bbox 280 5122 364 5170; x_wconf 74' lang='grc' dir='ltr'>καὶ</span> <span class='ocrx_word' id='word_1_733' title='bbox 394 5124 488 5173; x_wconf 70' lang='grc' dir='ltr'>ἐπὶ</span> <span class='ocrx_word' id='word_1_734' title='bbox 523 5124 647 5174; x_wconf 81' lang='grc' dir='ltr'><strong>τῶν</strong></span> <span class='ocrx_word' id='word_1_735' title='bbox 687 5124 899 5192; x_wconf 75' lang='grc' dir='ltr'>ἀλόγων</span> <span class='ocrx_word' id='word_1_736' title='bbox 925 5122 1267 5194; x_wconf 77' lang='grc' dir='ltr'>ἡγεμονεύει,</span> <span class='ocrx_word' id='word_1_737' title='bbox 1314 5124 1411 5180; x_wconf 77' lang='grc' dir='ltr'><strong>καὶ</strong></span> <span class='ocrx_word' id='word_1_738' title='bbox 1441 5125 1557 5184; x_wconf 85' lang='grc' dir='ltr'>τοῖς</span> <span class='ocrx_word' id='word_1_739' title='bbox 1624 5120 1876 5189; x_wconf 86' lang='grc' dir='ltr'>ἀγγέλοις</span> 
     </span>
    </p>
   </div>
   <div class='ocr_carea' id='block_1_101' title="bbox 282 5208 1872 5297">
    <p class='ocr_par' dir='ltr' id='par_1_101' title="bbox 282 5208 1872 5297">
     <span class='ocr_line' id='line_1_101' title="bbox 282 5208 1872 5297; baseline 0.018 -39"><span class='ocrx_word' id='word_1_740' title='bbox 282 5208 363 5261; x_wconf 55' lang='lat' dir='ltr'><strong>id</strong></span> <span class='ocrx_word' id='word_1_741' title='bbox 421 5215 788 5285; x_wconf 73' lang='grc' dir='ltr'>συγκρίσεως</span> <span class='ocrx_word' id='word_1_742' title='bbox 850 5214 1222 5288; x_wconf 78' lang='grc' dir='ltr'>παρισουμένη</span> <span class='ocrx_word' id='word_1_743' title='bbox 1275 5217 1482 5297; x_wconf 81' lang='grc' dir='ltr'>μικρὸν</span> <span class='ocrx_word' id='word_1_744' title='bbox 1535 5212 1872 5268; x_wconf 66' lang='grc' dir='ltr'><strong>ὲλαττοδταιθ</strong></span> 
     </span>
    </p>
   </div>
   <div class='ocr_carea' id='block_1_102' title="bbox 293 5301 1876 5385">
    <p class='ocr_par' dir='ltr' id='par_1_102' title="bbox 293 5301 1876 5385">
     <span class='ocr_line' id='line_1_102' title="bbox 293 5301 1876 5385; baseline 0.022 -32"><span class='ocrx_word' id='word_1_745' title='bbox 293 5301 468 5356; x_wconf 64' lang='grc' dir='ltr'>ΤοΞν-δν</span> <span class='ocrx_word' id='word_1_746' title='bbox 516 5307 690 5372; x_wconf 72' lang='grc' dir='ltr'>λόγος</span> <span class='ocrx_word' id='word_1_747' title='bbox 746 5309 885 5359; x_wconf 72' lang='grc' dir='ltr'>ἐστὶν</span> <span class='ocrx_word' id='word_1_748' title='bbox 933 5307 1000 5359; x_wconf 83' lang='grc' dir='ltr'><strong>δι’</strong></span> <span class='ocrx_word' id='word_1_749' title='bbox 1042 5301 1101 5360; x_wconf 80' lang='grc' dir='ltr'>οὗ</span> <span class='ocrx_word' id='word_1_750' title='bbox 1150 5309 1350 5380; x_wconf 82' lang='grc' dir='ltr'>γίνεται</span> <span class='ocrx_word' id='word_1_751' title='bbox 1396 5315 1434 5385; x_wconf 74' lang='grc' dir='ltr'>ἡ</span> <span class='ocrx_word' id='word_1_752' title='bbox 1485 5305 1632 5361; x_wconf 69' lang='grc' dir='ltr'><strong>κατὰ</strong></span> <span class='ocrx_word' id='word_1_753' title='bbox 1671 5307 1876 5360; x_wconf 66' lang='grc' dir='ltr'><strong>τούτων</strong></span> 
     </span>
    </p>
   </div>
   <div class='ocr_carea' id='block_1_103' title="bbox 295 5395 1878 5474">
    <p class='ocr_par' dir='ltr' id='par_1_103' title="bbox 295 5395 1878 5474">
     <span class='ocr_line' id='line_1_103' title="bbox 295 5395 1878 5474; baseline -0.006 -16"><span class='ocrx_word' id='word_1_754' title='bbox 295 5395 460 5460; x_wconf 61' lang='grc' dir='ltr'><strong>άςῖιῆο</strong></span> <span class='ocrx_word' id='word_1_755' title='bbox 521 5399 624 5449; x_wconf 70' lang='grc' dir='ltr'><strong>καὶ</strong></span> <span class='ocrx_word' id='word_1_756' title='bbox 673 5397 810 5465; x_wconf 80' lang='grc' dir='ltr'>πρὸς</span> <span class='ocrx_word' id='word_1_757' title='bbox 869 5399 993 5460; x_wconf 61' lang='grc' dir='ltr'>τοις</span> <span class='ocrx_word' id='word_1_758' title='bbox 1048 5398 1288 5474; x_wconf 52' lang='grc' dir='ltr'>ἀγγέλους</span> <span class='ocrx_word' id='word_1_759' title='bbox 1336 5403 1654 5473; x_wconf 70' lang='grc' dir='ltr'>οἰκείωσις.</span> <span class='ocrx_word' id='word_1_760' title='bbox 1708 5396 1878 5450; x_wconf 84' lang='grc' dir='ltr'>Πάλιν</span> 
     </span>
    </p>
   </div>
   <div class='ocr_carea' id='block_1_104' title="bbox 307 5461 1877 5590">
    <p class='ocr_par' dir='ltr' id='par_1_104' title="bbox 307 5461 1877 5590">
     <span class='ocr_line' id='line_1_104' title="bbox 307 5461 1877 5590; baseline 0.015 -59"><span class='ocrx_word' id='word_1_761' title='bbox 307 5481 565 5552; x_wconf 54' lang='lat' dir='ltr'><strong>lati-£1211:</strong></span> <span class='ocrx_word' id='word_1_762' title='bbox 616 5486 782 5553; x_wconf 77' lang='grc' dir='ltr'>νὶκης</span> <span class='ocrx_word' id='word_1_763' title='bbox 831 5486 1016 5556; x_wconf 77' lang='grc' dir='ltr'>ἑτέρας</span> <span class='ocrx_word' id='word_1_764' title='bbox 1063 5461 1281 5590; x_wconf 37' lang='grc' dir='ltr'><strong>τρόπος,</strong></span> <span class='ocrx_word' id='word_1_765' title='bbox 1303 5461 1456 5579; x_wconf 47' lang='grc' dir='ltr'><strong>ὅὲαν</strong></span> <span class='ocrx_word' id='word_1_766' title='bbox 1512 5489 1764 5560; x_wconf 75' lang='grc' dir='ltr'>ὑπερϐὰς</span> <span class='ocrx_word' id='word_1_767' title='bbox 1811 5489 1877 5542; x_wconf 67' lang='grc' dir='ltr'>τὰ</span> 
     </span>
    </p>
   </div>
   <div class='ocr_carea' id='block_1_105' title="bbox 1235 5577 1251 5606">
    <p class='ocr_par' dir='ltr' id='par_1_105' title="bbox 1235 5577 1251 5606">
     <span class='ocr_line' id='line_1_105' title="bbox 1235 5577 1251 5606; baseline 0 0"><span class='ocrx_word' id='word_1_768' title='bbox 1235 5577 1251 5606; x_wconf 69' lang='grc'><strong><em>1</em></strong></span> 
     </span>
    </p>
   </div>
   <div class='ocr_carea' id='block_1_106' title="bbox 376 5647 1322 5756">
    <p class='ocr_par' dir='ltr' id='par_1_106' title="bbox 376 5647 1322 5756">
     <span class='ocr_line' id='line_1_106' title="bbox 376 5647 1322 5756; baseline -0.008 -20"><span class='ocrx_word' id='word_1_769' title='bbox 376 5682 415 5711; x_wconf 73' lang='grc' dir='ltr'><strong>ἰ</strong></span> <span class='ocrx_word' id='word_1_770' title='bbox 454 5684 490 5736; x_wconf 84' lang='grc' dir='ltr'><strong>ιι</strong></span> <span class='ocrx_word' id='word_1_771' title='bbox 534 5647 669 5756; x_wconf 68' lang='grc' dir='ltr'><strong>[ιι-ε.</strong></span> <span class='ocrx_word' id='word_1_772' title='bbox 716 5702 798 5747; x_wconf 74' lang='lat' dir='ltr'><strong>xv,</strong></span> <span class='ocrx_word' id='word_1_773' title='bbox 857 5684 916 5736; x_wconf 83' lang='lat' dir='ltr'><strong>l6</strong></span> <span class='ocrx_word' id='word_1_774' title='bbox 953 5692 1042 5749; x_wconf 67' lang='lat' dir='ltr'><strong>sqq.</strong></span> <span class='ocrx_word' id='word_1_775' title='bbox 1105 5698 1143 5752; x_wconf 72' lang='grc' dir='ltr'><strong>γ,</strong></span> <span class='ocrx_word' id='word_1_776' title='bbox 1319 5727 1322 5729; x_wconf 10' lang='grc' dir='ltr'><strong>Α</strong></span> 
     </span>
    </p>
   </div>
   <div class='ocr_carea' id='block_1_107' title="bbox 1164 5755 1354 5847">
    <p class='ocr_par' dir='ltr' id='par_1_107' title="bbox 1164 5755 1354 5847">
     <span class='ocr_line' id='line_1_107' title="bbox 1164 5755 1354 5847; baseline -0.005 0"><span class='ocrx_word' id='word_1_777' title='bbox 1164 5755 1354 5847; x_wconf 62' lang='grc' dir='ltr'><strong>ηοω·</strong></span> 
     </span>
    </p>
   </div>
   <div class='ocr_carea' id='block_1_108' title="bbox 1983 4397 3554 4469">
    <p class='ocr_par' dir='ltr' id='par_1_108' title="bbox 1983 4397 3554 4469">
     <span class='ocr_line' id='line_1_108' title="bbox 1983 4397 3554 4469; baseline -0.004 -10"><span class='ocrx_word' id='word_1_778' title='bbox 1983 4414 2224 4460; x_wconf 86' lang='lat' dir='ltr'><strong>mentum</strong></span> <span class='ocrx_word' id='word_1_779' title='bbox 2261 4411 2314 4458; x_wconf 87' lang='lat' dir='ltr'><strong>et</strong></span> <span class='ocrx_word' id='word_1_780' title='bbox 2339 4402 2596 4465; x_wconf 84' lang='lat' dir='ltr'><strong>dedecus,</strong></span> <span class='ocrx_word' id='word_1_781' title='bbox 2633 4399 2779 4469; x_wconf 82' lang='lat' dir='ltr'><strong>quod</strong></span> <span class='ocrx_word' id='word_1_782' title='bbox 2822 4399 2876 4452; x_wconf 93' lang='lat' dir='ltr'><strong>in</strong></span> <span class='ocrx_word' id='word_1_783' title='bbox 2912 4398 3108 4462; x_wconf 85' lang='lat' dir='ltr'><strong>seipsis</strong></span> <span class='ocrx_word' id='word_1_784' title='bbox 3140 4397 3378 4452; x_wconf 82' lang='lat' dir='ltr'><strong>etIiciunt</strong></span> <span class='ocrx_word' id='word_1_785' title='bbox 3428 4414 3554 4468; x_wconf 88' lang='lat' dir='ltr'><strong>pro-</strong></span> 
     </span>
    </p>
   </div>
   <div class='ocr_carea' id='block_1_109' title="bbox 1983 4489 3555 4558">
    <p class='ocr_par' dir='ltr' id='par_1_109' title="bbox 1983 4489 3555 4558">
     <span class='ocr_line' id='line_1_109' title="bbox 1983 4489 3555 4558; baseline -0.005 -8"><span class='ocrx_word' id='word_1_786' title='bbox 1983 4497 2064 4551; x_wconf 91' lang='lat' dir='ltr'><strong>bri</strong></span> <span class='ocrx_word' id='word_1_787' title='bbox 2096 4504 2148 4548; x_wconf 90' lang='lat' dir='ltr'><strong>et</strong></span> <span class='ocrx_word' id='word_1_788' title='bbox 2181 4494 2462 4548; x_wconf 79' lang='lat' dir='ltr'><strong>dedecmis</strong></span> <span class='ocrx_word' id='word_1_789' title='bbox 2496 4490 2820 4547; x_wconf 74' lang='lat' dir='ltr'><strong>elTectores?</strong></span> <span class='ocrx_word' id='word_1_790' title='bbox 2859 4489 2960 4556; x_wconf 87' lang='lat' dir='ltr'><strong>Qui</strong></span> <span class='ocrx_word' id='word_1_791' title='bbox 2992 4505 3120 4558; x_wconf 87' lang='lat' dir='ltr'><strong>ergo</strong></span> <span class='ocrx_word' id='word_1_792' title='bbox 3147 4490 3269 4543; x_wconf 85' lang='lat' dir='ltr'><strong>vit:e</strong></span> <span class='ocrx_word' id='word_1_793' title='bbox 3307 4505 3420 4543; x_wconf 69' lang='lat' dir='ltr'><strong>sua:</strong></span> <span class='ocrx_word' id='word_1_794' title='bbox 3467 4490 3555 4542; x_wconf 92' lang='lat' dir='ltr'><strong>in-</strong></span> 
     </span>
    </p>
   </div>
   <div class='ocr_carea' id='block_1_110' title="bbox 1981 4580 3554 4652">
    <p class='ocr_par' dir='ltr' id='par_1_110' title="bbox 1981 4580 3554 4652">
     <span class='ocr_line' id='line_1_110' title="bbox 1981 4580 3554 4652; baseline -0.003 -12"><span class='ocrx_word' id='word_1_795' title='bbox 1981 4588 2175 4640; x_wconf 86' lang='lat' dir='ltr'><strong>stituto</strong></span> <span class='ocrx_word' id='word_1_796' title='bbox 2202 4585 2308 4638; x_wconf 92' lang='lat' dir='ltr'><strong>vim</strong></span> <span class='ocrx_word' id='word_1_797' title='bbox 2334 4584 2456 4652; x_wconf 84' lang='lat' dir='ltr'><strong>ejus</strong></span> <span class='ocrx_word' id='word_1_798' title='bbox 2485 4593 2729 4645; x_wconf 82' lang='lat' dir='ltr'><strong>enervat,</strong></span> <span class='ocrx_word' id='word_1_799' title='bbox 2779 4583 2870 4652; x_wconf 83' lang='lat' dir='ltr'><strong>qui</strong></span> <span class='ocrx_word' id='word_1_800' title='bbox 2905 4581 3124 4634; x_wconf 59' lang='lat' dir='ltr'><strong>malitia‘,</strong></span> <span class='ocrx_word' id='word_1_801' title='bbox 3165 4580 3554 4635; x_wconf 88' lang='lat' dir='ltr'><strong>communione</strong></span> 
     </span>
    </p>
   </div>
   <div class='ocr_carea' id='block_1_111' title="bbox 1981 4672 3555 4743">
    <p class='ocr_par' dir='ltr' id='par_1_111' title="bbox 1981 4672 3555 4743">
     <span class='ocr_line' id='line_1_111' title="bbox 1981 4672 3555 4743; baseline -0.003 -12"><span class='ocrx_word' id='word_1_802' title='bbox 1981 4677 2084 4732; x_wconf 89' lang='lat' dir='ltr'><strong>sibi</strong></span> <span class='ocrx_word' id='word_1_803' title='bbox 2120 4675 2472 4743; x_wconf 89' lang='lat' dir='ltr'><strong>conjunctum</strong></span> <span class='ocrx_word' id='word_1_804' title='bbox 2497 4675 2599 4727; x_wconf 88' lang='lat' dir='ltr'><strong>hac</strong></span> <span class='ocrx_word' id='word_1_805' title='bbox 2629 4675 2745 4743; x_wconf 87' lang='lat' dir='ltr'><strong>ipsa</strong></span> <span class='ocrx_word' id='word_1_806' title='bbox 2786 4672 3198 4742; x_wconf 85' lang='lat' dir='ltr'><strong>participatione</strong></span> <span class='ocrx_word' id='word_1_807' title='bbox 3232 4673 3406 4742; x_wconf 91' lang='lat' dir='ltr'><strong>punit,</strong></span> <span class='ocrx_word' id='word_1_808' title='bbox 3464 4672 3555 4727; x_wconf 91' lang='lat' dir='ltr'><strong>ille</strong></span> 
     </span>
    </p>
   </div>
   <div class='ocr_carea' id='block_1_112' title="bbox 1984 4761 3558 4829">
    <p class='ocr_par' dir='ltr' id='par_1_112' title="bbox 1984 4761 3558 4829">
     <span class='ocr_line' id='line_1_112' title="bbox 1984 4761 3558 4829; baseline -0.001 -13"><span class='ocrx_word' id='word_1_809' title='bbox 1984 4770 2037 4816; x_wconf 87' lang='lat' dir='ltr'><strong>et</strong></span> <span class='ocrx_word' id='word_1_810' title='bbox 2073 4761 2339 4824; x_wconf 89' lang='lat' dir='ltr'><strong>homines,</strong></span> <span class='ocrx_word' id='word_1_811' title='bbox 2387 4769 2440 4815; x_wconf 89' lang='lat' dir='ltr'><strong>et</strong></span> <span class='ocrx_word' id='word_1_812' title='bbox 2474 4761 2617 4813; x_wconf 90' lang='lat' dir='ltr'><strong>illam</strong></span> <span class='ocrx_word' id='word_1_813' title='bbox 2661 4777 2781 4829; x_wconf 75' lang='lat' dir='ltr'><strong>qua:</strong></span> <span class='ocrx_word' id='word_1_814' title='bbox 2827 4776 2991 4829; x_wconf 89' lang='lat' dir='ltr'><strong>super</strong></span> <span class='ocrx_word' id='word_1_815' title='bbox 3042 4761 3211 4814; x_wconf 73' lang='lat' dir='ltr'><strong>cmlos</strong></span> <span class='ocrx_word' id='word_1_816' title='bbox 3247 4773 3432 4815; x_wconf 82' lang='lat' dir='ltr'><strong>evecta</strong></span> <span class='ocrx_word' id='word_1_817' title='bbox 3471 4770 3558 4815; x_wconf 90' lang='lat' dir='ltr'><strong>est</strong></span> 
     </span>
    </p>
   </div>
   <div class='ocr_carea' id='block_1_113' title="bbox 1984 4851 3558 4922">
    <p class='ocr_par' dir='ltr' id='par_1_113' title="bbox 1984 4851 3558 4922">
     <span class='ocr_line' id='line_1_113' title="bbox 1984 4851 3558 4922; baseline -0.001 -16"><span class='ocrx_word' id='word_1_818' title='bbox 1984 4852 2466 4922; x_wconf 80' lang='lat' dir='ltr'><strong>magniﬁcentiam,</strong></span> <span class='ocrx_word' id='word_1_819' title='bbox 2493 4851 3181 4922; x_wconf 60' lang='lat' dir='ltr'><strong>dignitatemque&#39;naturte,</strong></span> <span class='ocrx_word' id='word_1_820' title='bbox 3221 4853 3420 4921; x_wconf 82' lang='lat' dir='ltr'><strong>quibus</strong></span> <span class='ocrx_word' id='word_1_821' title='bbox 3454 4853 3558 4906; x_wconf 57' lang='lat' dir='ltr'><strong>imo</strong></span> 
     </span>
    </p>
   </div>
   <div class='ocr_carea' id='block_1_114' title="bbox 1982 4942 3555 5013">
    <p class='ocr_par' dir='ltr' id='par_1_114' title="bbox 1982 4942 3555 5013">
     <span class='ocr_line' id='line_1_114' title="bbox 1982 4942 3555 5013; baseline -0.001 -16"><span class='ocrx_word' id='word_1_822' title='bbox 1982 4952 2156 5013; x_wconf 85' lang='lat' dir='ltr'><strong>peret,</strong></span> <span class='ocrx_word' id='word_1_823' title='bbox 2191 4953 2392 4998; x_wconf 86' lang='lat' dir='ltr'><strong>etcum</strong></span> <span class='ocrx_word' id='word_1_824' title='bbox 2423 4943 2624 5011; x_wconf 88' lang='lat' dir='ltr'><strong>quibus</strong></span> <span class='ocrx_word' id='word_1_825' title='bbox 2649 4944 2894 5012; x_wconf 87' lang='lat' dir='ltr'><strong>ejusdem</strong></span> <span class='ocrx_word' id='word_1_826' title='bbox 2931 4944 3001 4996; x_wconf 91' lang='lat' dir='ltr'><strong>sit</strong></span> <span class='ocrx_word' id='word_1_827' title='bbox 3022 4943 3217 4996; x_wconf 84' lang='lat' dir='ltr'><strong>classis</strong></span> <span class='ocrx_word' id='word_1_828' title='bbox 3244 4951 3296 4996; x_wconf 86' lang='lat' dir='ltr'><strong>et</strong></span> <span class='ocrx_word' id='word_1_829' title='bbox 3322 4942 3555 5005; x_wconf 88' lang='lat' dir='ltr'><strong>ordinis,</strong></span> 
     </span>
    </p>
   </div>
   <div class='ocr_carea' id='block_1_115' title="bbox 1986 5033 3554 5104">
    <p class='ocr_par' dir='ltr' id='par_1_115' title="bbox 1986 5033 3554 5104">
     <span class='ocr_line' id='line_1_115' title="bbox 1986 5033 3554 5104; baseline -0.001 -16"><span class='ocrx_word' id='word_1_830' title='bbox 1986 5035 2409 5104; x_wconf 84' lang='lat' dir='ltr'><strong>contemplatur.</strong></span> <span class='ocrx_word' id='word_1_831' title='bbox 2449 5035 2649 5090; x_wconf 84' lang='lat' dir='ltr'><strong>Eadem</strong></span> <span class='ocrx_word' id='word_1_832' title='bbox 2672 5036 2817 5089; x_wconf 91' lang='lat' dir='ltr'><strong>enim</strong></span> <span class='ocrx_word' id='word_1_833' title='bbox 2871 5049 3022 5104; x_wconf 87' lang='lat' dir='ltr'><strong>parte</strong></span> <span class='ocrx_word' id='word_1_834' title='bbox 3055 5043 3108 5089; x_wconf 91' lang='lat' dir='ltr'><strong>et</strong></span> <span class='ocrx_word' id='word_1_835' title='bbox 3146 5034 3448 5088; x_wconf 89' lang='lat' dir='ltr'><strong>dominium</strong></span> <span class='ocrx_word' id='word_1_836' title='bbox 3498 5033 3554 5086; x_wconf 91' lang='lat' dir='ltr'><strong>iu</strong></span> 
     </span>
    </p>
   </div>
   <div class='ocr_carea' id='block_1_116' title="bbox 1983 5110 3556 5198">
    <p class='ocr_par' dir='ltr' id='par_1_116' title="bbox 1983 5110 3556 5198">
     <span class='ocr_line' id='line_1_116' title="bbox 1983 5110 3556 5198; baseline -0.001 -16"><span class='ocrx_word' id='word_1_837' title='bbox 1983 5127 2150 5182; x_wconf 85' lang='lat' dir='ltr'><strong>bruta</strong></span> <span class='ocrx_word' id='word_1_838' title='bbox 2181 5127 2363 5191; x_wconf 89' lang='lat' dir='ltr'><strong>habet,</strong></span> <span class='ocrx_word' id='word_1_839' title='bbox 2393 5137 2447 5182; x_wconf 91' lang='lat' dir='ltr'><strong>et</strong></span> <span class='ocrx_word' id='word_1_840' title='bbox 2485 5110 2619 5183; x_wconf 37' lang='lat' dir='ltr'><strong>cuml</strong></span> <span class='ocrx_word' id='word_1_841' title='bbox 2644 5129 2852 5198; x_wconf 88' lang='lat' dir='ltr'><strong>angelis</strong></span> <span class='ocrx_word' id='word_1_842' title='bbox 2875 5126 3287 5196; x_wconf 85' lang='lat' dir='ltr'><strong>comparatione</strong></span> <span class='ocrx_word' id='word_1_843' title='bbox 3323 5126 3556 5180; x_wconf 89' lang='lat' dir='ltr'><strong>collatus</strong></span> 
     </span>
    </p>
   </div>
   <div class='ocr_carea' id='block_1_117' title="bbox 1982 5217 3553 5289">
    <p class='ocr_par' dir='ltr' id='par_1_117' title="bbox 1982 5217 3553 5289">
     <span class='ocr_line' id='line_1_117' title="bbox 1982 5217 3553 5289; baseline -0.001 -17"><span class='ocrx_word' id='word_1_844' title='bbox 1982 5219 2262 5288; x_wconf 90' lang='lat' dir='ltr'><strong>paululum</strong></span> <span class='ocrx_word' id='word_1_845' title='bbox 2289 5220 2396 5274; x_wconf 92' lang='lat' dir='ltr'><strong>illis</strong></span> <span class='ocrx_word' id='word_1_846' title='bbox 2422 5219 3016 5289; x_wconf 81' lang='lat' dir='ltr'><strong>inferiorconspicitur.</strong></span> <span class='ocrx_word' id='word_1_847' title='bbox 3053 5218 3207 5271; x_wconf 71' lang='lat' dir='ltr'><strong>ltatio</strong></span> <span class='ocrx_word' id='word_1_848' title='bbox 3230 5217 3412 5288; x_wconf 89' lang='lat' dir='ltr'><strong>itaque</strong></span> <span class='ocrx_word' id='word_1_849' title='bbox 3449 5224 3553 5270; x_wconf 89' lang='lat' dir='ltr'><strong>est.</strong></span> 
     </span>
    </p>
   </div>
   <div class='ocr_carea' id='block_1_118' title="bbox 1981 5303 3554 5380">
    <p class='ocr_par' dir='ltr' id='par_1_118' title="bbox 1981 5303 3554 5380">
     <span class='ocr_line' id='line_1_118' title="bbox 1981 5303 3554 5380; baseline -0.005 -18"><span class='ocrx_word' id='word_1_850' title='bbox 1981 5325 2089 5379; x_wconf 91' lang='lat' dir='ltr'><strong>qua</strong></span> <span class='ocrx_word' id='word_1_851' title='bbox 2119 5317 2173 5364; x_wconf 88' lang='lat' dir='ltr'><strong>et</strong></span> <span class='ocrx_word' id='word_1_852' title='bbox 2209 5309 2388 5366; x_wconf 89' lang='lat' dir='ltr'><strong>brutis</strong></span> <span class='ocrx_word' id='word_1_853' title='bbox 2411 5312 2784 5366; x_wconf 88' lang='lat' dir='ltr'><strong>animantibus</strong></span> <span class='ocrx_word' id='word_1_854' title='bbox 2831 5317 3048 5380; x_wconf 62' lang='lat' dir='ltr'><strong>praeest,</strong></span> <span class='ocrx_word' id='word_1_855' title='bbox 3091 5316 3144 5362; x_wconf 88' lang='lat' dir='ltr'><strong>et</strong></span> <span class='ocrx_word' id='word_1_856' title='bbox 3177 5323 3302 5362; x_wconf 88' lang='lat' dir='ltr'><strong>cum</strong></span> <span class='ocrx_word' id='word_1_857' title='bbox 3347 5303 3554 5373; x_wconf 87' lang='lat' dir='ltr'><strong>angelis</strong></span> 
     </span>
    </p>
   </div>
   <div class='ocr_carea' id='block_1_119' title="bbox 1983 5393 3554 5472">
    <p class='ocr_par' dir='ltr' id='par_1_119' title="bbox 1983 5393 3554 5472">
     <span class='ocr_line' id='line_1_119' title="bbox 1983 5393 3554 5472; baseline -0.007 -18"><span class='ocrx_word' id='word_1_858' title='bbox 1983 5402 2391 5458; x_wconf 86' lang='lat' dir='ltr'><strong>necessitudine</strong></span> <span class='ocrx_word' id='word_1_859' title='bbox 2437 5403 2673 5472; x_wconf 77' lang='lat' dir='ltr'><strong>quadam</strong></span> <span class='ocrx_word' id='word_1_860' title='bbox 2738 5401 3009 5471; x_wconf 89' lang='lat' dir='ltr'><strong>jungitur.</strong></span> <span class='ocrx_word' id='word_1_861' title='bbox 3058 5399 3272 5453; x_wconf 74' lang='lat' dir='ltr'><strong>ltursus</strong></span> <span class='ocrx_word' id='word_1_862' title='bbox 3329 5395 3432 5447; x_wconf 89' lang='lat' dir='ltr'><strong>alia</strong></span> <span class='ocrx_word' id='word_1_863' title='bbox 3473 5393 3554 5440; x_wconf 81' lang='lat' dir='ltr'><strong>vi-</strong></span> 
     </span>
    </p>
   </div>
   <div class='ocr_carea' id='block_1_120' title="bbox 1935 5486 3554 5564">
    <p class='ocr_par' dir='ltr' id='par_1_120' title="bbox 1935 5486 3554 5564">
     <span class='ocr_line' id='line_1_120' title="bbox 1935 5486 3554 5564; baseline -0.006 -19"><span class='ocrx_word' id='word_1_864' title='bbox 1935 5545 1941 5553; x_wconf 55' lang='lat'><em>.</em></span> <span class='ocrx_word' id='word_1_865' title='bbox 1984 5494 2169 5548; x_wconf 66' lang='lat' dir='ltr'><strong>ctoritc</strong></span> <span class='ocrx_word' id='word_1_866' title='bbox 2199 5496 2410 5564; x_wconf 84' lang='lat' dir='ltr'><strong>species</strong></span> <span class='ocrx_word' id='word_1_867' title='bbox 2438 5496 2701 5561; x_wconf 85' lang='lat' dir='ltr'><strong>succedit,</strong></span> <span class='ocrx_word' id='word_1_868' title='bbox 2733 5492 2946 5564; x_wconf 89' lang='lat' dir='ltr'><strong>quando</strong></span> <span class='ocrx_word' id='word_1_869' title='bbox 2978 5492 3090 5545; x_wconf 79' lang='lat' dir='ltr'><strong>hzec</strong></span> <span class='ocrx_word' id='word_1_870' title='bbox 3125 5505 3243 5559; x_wconf 72' lang='lat' dir='ltr'><strong>qua-</strong></span> <span class='ocrx_word' id='word_1_871' title='bbox 3263 5486 3363 5540; x_wconf 88' lang='lat' dir='ltr'><strong>suh</strong></span> <span class='ocrx_word' id='word_1_872' title='bbox 3397 5495 3554 5551; x_wconf 79' lang='lat' dir='ltr'><strong>aspe-</strong></span> 
     </span>
    </p>
   </div>
  </div>
