4018 6334
587 287 684 344 551
1843 282 1902 336 S.
1946 278 2172 335 CREGO

2313 278 2356 334 Ν
2366 274 2610 334 ΥδδΕΝΙ
3690 285 3778 344 “.3

586 408 733 455 ctum
763 398 966 452 cadunt
1007 410 1418 467 supergressus,
1474 397 1743 450 rationem
1789 395 1842 448 in
1875 408 2078 448 arcana
2115 404 2170 449 et

2275 391 2578 462 φαινόμενα.
2626 391 2738 453 τοῖς
2791 387 3121 459 ἀπορρήτοις
3179 386 3479 462 ἐμϐατεύσῃ
3527 391 3597 464 τῷ
3641 394 3772 470 λόγῳ.

588 491 867 547 recondita
919 490 1158 556 inseris;
1207 487 1353 542 ﬁlius
1409 503 1540 543 vero
1589 489 1727 542 ratio
1771 494 1879 554 est,
1920 487 2166 555 satisque

2275 484 2397 547 Υἱὸς
2417 483 2474 539 δέ
2493 485 2522 539 6
2549 483 2705 551 λόγος
2725 520 2742 548 ,
2763 479 2867 538 κᾶν
2892 481 3093 544 ἱκανῶς
3113 481 3214 551 ἤδη
3236 481 3364 554 γένῃ
3385 484 3497 548 ταῖς
3521 486 3780 557 προλαδού.

583 583 696 653 jam
728 581 1156 652 praecedentibus
1180 579 1424 636 victoriis
1448 581 1784 634 exercitatus
1809 597 1828 632 ι
1859 593 1959 649 pro
1979 578 2170 633 occul-

2275 593 2394 639 σαις
2423 575 2602 637 νίκαις
2630 574 3049 644 ἐγγυμνασθεὶς,
3087 593 3105 624 ι
3129 573 3298 644 ’Υπὲρ
3329 565 3434 627 τῶν
3462 579 3682 650 κρυφίων
3706 581 3784 640 τοῦ

589 673 662 726 tis
695 671 879 725 Filii"
908 690 928 722 ι
956 671 1163 741 psallis,
1204 684 1302 738 per
1335 669 1650 724 continuam
1690 683 2096 737 consonamque
2115 673 2171 722 et

2275 669 2401 723 Υἱοῦ
2439 687 2458 722 ι
2487 667 2730 737 ψάλλεις,
2759 667 2848 721 διὰ
2881 667 2979 737 τῆς
3004 665 3341 736 εύαρμόστου
3369 683 3422 718 τε
3447 667 3533 722 καὶ
3553 669 3789 746 ἐμμελοῦς

589 763 889 819 studiosam
910 761 1435 832 contemplationem
1482 778 1496 814 :
1538 761 1846 830 iterumque
1887 760 2041 814 illum
2074 758 2167 828 qui

2275 755 2526 826 θεωρίας.
2577 756 2686 812 Καὶ
2737 755 2899 809 πάλιν
2949 755 3179 824 νικήσας
3211 753 3302 806 τὸν
3356 755 3411 808 ἐν
3445 759 3673 828 κρυφίοις
3716 764 3791 814 ὲν.

591 855 647 908 in
679 856 896 908 occulto
937 851 1200 905 venandis
1246 857 1300 903 et
1333 849 1614 920 capiendis
1644 849 1803 904 nobis
1854 847 2166 911 insidiatur,

2275 847 2560 920 εδρεύοντα
2589 846 2890 919 καθ’έήμῶν
2922 845 3084 916 θῆρα,
3123 844 3263 898 ὥστε
3298 845 3485 916 μηκέτι
3514 848 3599 904 τοῦ
3622 849 3792 921 ἐχθροῦ

590 945 867 1015 prodigas,
901 958 966 997 ne
991 956 1097 1012 qua
1133 942 1368 1010 amplius
1391 941 1530 995 hosti
1555 948 1746 994 contra
1771 953 1872 992 nos
1895 937 2169 1008 gloriandi

2275 940 2330 996 τὸ
2374 939 2496 996 καθ’
2521 938 2677 1010 ἡμῶν
2708 937 2968 1008 καύχημα
3001 936 3412 1006 περιλειφθῆναι
3447 942 3492 1002 (ι
3529 940 3634 992 Ἵνα
3666 959 3682 991 ι
3705 941 3798 1012 γὰρ

590 1036 930 1106 relinquatur
955 1033 1173 1087 occasio
1201 1074 1215 1098 ,
1249 1050 1267 1083 ι
1296 1040 1355 1085 ut
1379 1047 1485 1085 non
1518 1038 1757 1101 apponat
1782 1031 1925 1084 ultra
1959 1030 2172 1100 magni-

2276 1049 2294 1082 ι
2338 1031 2412 1101 μὴ
2442 1031 2653 1102 προσθῇ
2681 1029 2758 1084 ἔτι
2781 1029 2875 1083 τοῦ
2918 1028 3282 1099 μεγαλαυχεῖν
3313 1029 3583 1100 ἄνθρωπος
3609 1032 3689 1084 ἐπὶ
3711 1033 3799 1102 τῆς

592 1128 755 1180 licare
792 1141 852 1180 se
881 1125 1044 1179 homo
1072 1139 1238 1193 super
1271 1133 1492 1178 terram.
1526 1142 1544 1172 ι
1594 1121 1748 1177 Tunc
1797 1138 1864 1176 ex
1920 1121 2171 1189 victoria,

589 1233 710 1288 quae
734 1217 991 1286 deinceps
1013 1216 1109 1269 tibi
1149 1215 1390 1275 obvenit,
1423 1214 1618 1282 majori
1669 1229 1797 1284 erga
1833 1213 2002 1268 Deum
2030 1227 2170 1269 con-

586 1318 743 1378 cepta
778 1307 970 1360 ﬁducia
993 1305 1131 1361 dicis
1169 1325 1182 1360 :
1225 1325 1243 1356 ι
1282 1305 1340 1359 In
1372 1305 1601 1359 Domino
1638 1304 1987 1372 conﬁdo";t
2015 1320 2172 1360 mox-

587 1418 727 1471 que,
773 1402 826 1454 in
853 1416 916 1455 ea
970 1414 1092 1468 qua:
1131 1398 1381 1468 sequitur
1411 1396 1663 1460 victoria,
1727 1412 1924 1452 rursus
1969 1396 2025 1451 in
2057 1411 2174 1450 me-

2270 1123 2375 1191 γῆς
2411 1142 2430 1175 ι
2456 1122 2472 1191 )
2496 1139 2509 1154 ο
2541 1123 2661 1176 τότε
2689 1121 2778 1175 διὰ
2820 1120 2920 1190 τῆς
2948 1123 3012 1174 ἐκ
3040 1120 3132 1174 τοῦ
3155 1120 3441 1174 ἀκολούθου
3483 1138 3569 1176 σου
3602 1139 3802 1192 προσγι-

2271 1212 2503 1282 νομένης
2533 1213 2724 1282 νίκης,
2757 1211 3095 1281 τελειοτέραν
3143 1209 3245 1280 τὴν
3291 1212 3370 1274 εἰς
3417 1211 3505 1266 τὸν
3555 1210 3674 1264 Θεὸν
3721 1229 3802 1264 πε-

2271 1304 2522 1373 ποίθησιν
2544 1304 2681 1374 ἔχων
2709 1303 2904 1372 λέγεις’
2945 1323 2964 1354 ι
3018 1302 3141 1356 Ἐπὶ
3183 1302 3262 1372 τῷ
3293 1301 3476 1373 Κυρίῳ
3501 1301 3735 1356 πέποιθα.
3782 1320 3797 1351 ι

2283 1396 2373 1449 Ἐν
2398 1398 2461 1466 τῇ
2485 1395 2682 1466 ἐφεξῆς
2698 1394 2842 1468 νίκῃ.
2869 1393 3032 1448 πάλιν
3049 1394 3146 1464 τῆς
3167 1412 3185 1445 ι
3212 1393 3457 1462 Ὀγδόης›
3483 1394 3734 1464 μεμνήσῃ,
3755 1393 3804 1450 ἐν

588 1494 819 1565 moriam
854 1506 1082 1547 revocas
1118 1509 1136 1540 ‹
1163 1489 1447 1559 Octavam;
1473 1508 1492 1542 ι
1524 1489 1579 1542 in
1607 1503 1716 1557 qua
1771 1506 1790 1538 ι
1821 1488 2010 1558 lingua
2062 1501 2172 1540 ma-

2275 1483 2307 1561 ᾗ
2339 1488 2738 1560 ὲξολοθρεύεται
2768 1487 2866 1557 μὲν
2899 1488 2932 1558 ἡ
2966 1506 2984 1540 ι
3014 1484 3444 1557 μεγαλορρήμων
3470 1484 3694 1554 γλῶσσα,
3725 1486 3806 1536 καὶ

587 1588 843 1657 gniloqua
888 1584 1104 1654 penitus
1157 1581 1490 1642 destruetur,
1519 1589 1575 1636 et
1659 1580 1802 1634 labia
1833 1579 2046 1642 dolosa,
2069 1597 2088 1630 ι
2120 1587 2172 1632 et

2275 1581 2341 1636 τὰ
2375 1580 2525 1652 χείλη
2557 1577 2626 1635 τὰ
2707 1579 2889 1643 δόλια,
2921 1598 2940 1630 ι
2967 1579 3062 1634 καὶ
3111 1580 3144 1648 ἠ
3192 1576 3338 1634 κατὰ
3362 1576 3452 1631 τοῦ
3481 1575 3608 1629 Θεοῦ
3638 1575 3804 1645 μανία·

586 1679 766 1734 omnis
792 1684 982 1731 contra
1005 1675 1170 1729 Deum
1203 1672 1418 1728 insania
1436 1672 1504 1726 ⁷⁸.
1537 1669 2023 1726 Conservabuutur
2043 1683 2172 1723 vero

2275 1670 2708 1741 φυλαχθήσονται
2755 1670 2812 1724 δὲ
2857 1671 2965 1728 ἀπὸ
3011 1674 3109 1740 τῆς
3148 1669 3348 1738 γενεᾶς
3395 1666 3591 1740 ταύτης
3621 1667 3706 1722 καὶ
3739 1667 3807 1730 εἰς

587 1782 617 1820 a
646 1765 999 1836 generatione
1035 1763 1136 1816 hac
1166 1762 1220 1815 in
1254 1761 1545 1822 saeculum,
1580 1760 1676 1829 qui
1710 1757 1765 1812 in
1799 1758 2035 1814 circuitu
2067 1757 2169 1810 im-

2275 1763 2365 1818 τὸν
2387 1740 2579 1826 αἰῶνα,
2609 1764 2658 1816 οἱ
2692 1763 2765 1833 μὴ
2791 1764 2849 1818 ἐν
2876 1762 3062 1833 κύκλῳ
3085 1763 3184 1832 τῆς
3212 1760 3466 1826 ἀσεϐείας
3496 1775 3808 1830 συμπεριπα-

587 1857 806 1931 pietatis
841 1871 948 1910 non
979 1855 1280 1916 ambulant,
1329 1853 1424 1908 sed
1461 1859 1665 1908 rectam
1701 1852 1966 1907 insistunt
2002 1851 2166 1915 viam,

2275 1854 2526 1918 τοῦντες,
2564 1853 2702 1907 ἀλλὰ
2731 1855 2829 1924 τῆς
2859 1853 3075 1917 εὐθείας
3117 1854 3396 1924 ἐχόμενοι,
3422 1853 3485 1922 ἢν
3512 1853 3808 1905 ἐνεκαίνισεν

587 1963 750 2018 quam
795 1946 940 2001 Deus
983 1945 1142 1999 nobis
1184 1958 1379 1999 novam
1417 1944 1659 2014 prteivit,
1706 1945 1847 1998 viam
1893 1950 2166 1999 recentem

586 2051 643 2095 et
680 2041 976 2094 viventem.
1002 2038 1067 2092 Et
1097 2035 1231 2107 quid
1290 2050 1432 2105 opus
1478 2044 1565 2090 est
1611 2035 1831 2106 singula
1865 2035 2165 2106 explicare,

587 2144 714 2183 cum
775 2143 899 2198 qua:
931 2129 1196 2182 hactenus
1241 2125 1674 2182 introductionis
1722 2125 1882 2195 quasi
1915 2126 2039 2180 loco
2083 2126 2168 2179 al-

589 2221 698 2275 lata
727 2227 857 2274 sunt
890 2218 1029 2275 satis
1061 2233 1337 2288 superque
1396 2218 1492 2272 tibi
1538 2218 1833 2274 ostendant
1884 2217 2026 2271 viam
2057 2231 2166 2286 qua

592 2326 691 2382 per
742 2311 1075 2381 psalmorum
1129 2309 1376 2364 ordinem
1433 2317 1489 2365 et
1553 2310 1942 2380 inscriptiones
1983 2308 2049 2363 ad
2110 2309 2163 2364 id

590 2401 736 2472 quod
765 2401 965 2455 bonum
993 2405 1267 2454 etrectum
1290 2405 1375 2453 est
1391 2397 1723 2453 deducaris?
1747 2413 1856 2452 non
1884 2411 2075 2467 parum
2099 2396 2168 2450 ad

594 2492 736 2546 hanc
787 2491 954 2546 etiam
1004 2489 1415 2559 intelligentiam
1461 2489 1802 2544 eonducente
1838 2489 1951 2553 illa,
2004 2502 2167 2558 quam

604 2598 772 2655 supra
804 2581 1186 2655 praemisimus,
1219 2580 1640 2651 inscriptionum
1671 2577 2058 2650 explicatione.

2272 1946 2408 2015 ἡμῖν
2432 1946 2460 1997 6
2480 1943 2614 2007 Θεὸς
2668 1944 2787 1997 ὁδὸν
2819 1944 3130 2014 πρόσφατον
3155 1945 3251 1998 ml
3278 1943 3478 2008 ζῶσαν.
3519 1943 3623 1996 Καὶ
3647 1943 3697 1996 τί
3719 1941 3808 2012 χρὴ

2272 2032 2341 2085 τὰ
2385 2031 2507 2085 καθ’
2549 2031 2777 2085 ἕκαστον
2820 2031 3103 2097 διεξιέναι,
3158 2031 3363 2095 ἱκανῶς
3405 2047 3486 2084 σοι
3522 2031 3616 2102 τῆς
3643 2030 3806 2098 ἐφόὼυ

2272 2125 2475 2192 ταύτης
2520 2123 2621 2193 τὴν
2660 2124 2756 2176 ἐπὶ
2795 2125 2864 2176 τὰ
2913 2123 3145 2195 κρείττω
3196 2123 3423 2195 πρόοδον
3475 2123 3560 2176 διὰ
3598 2123 3694 2192 τῆς
3716 2121 3807 2174 τῶν

2271 2214 2505 2284 ψαλμῶν
2541 2213 2748 2279 τάξεώς
2788 2231 2848 2268 τε
2897 2218 2992 2269 καὶ
3022 2217 3337 2288 ἐπιγραφῆς
3369 2216 3810 2288 προδεικνυούσηςς

2271 2307 2334 2358 ού
2370 2305 2579 2378 μικρῶς
2614 2309 2748 2377 ἡμῖν
2781 2307 2917 2378 πρὸς
2969 2309 3070 2380 τὴν
3108 2309 3367 2381 τοιαύτην
3399 2308 3804 2378 συμϐαλλομένης

2270 2396 2507 2450 διάνοιαν
2557 2397 2658 2468 τῆς
2715 2399 3112 2470 προδληθείσης
3152 2404 3266 2466 τοῖς
3321 2400 3618 2474 ἔμπροσθεν
3660 2400 3809 2466 λόγοις

2273 2487 2383 2540 τῶν
2415 2489 2738 2561 ἐπιγραφῶν
2771 2491 3088 2563 ἑρμηνείας.

1161 2734 1391 2792 CAPUT
1459 2733 1579 2790 XII.

2761 2739 3156 2820 ΚΕΦΔΛΑΙΟΝ
3195 2740 3299 2796 IB'.

665 2846 841 2902 Finita
869 2845 1044 2917 prima
1077 2846 1323 2901 sectione
1372 2845 1723 2902 ascensionis
1773 2859 1870 2915 per
1904 2844 2170 2916 psalmos,

2362 2847 2502 2901 Ἀλλ’
2528 2850 2611 2902 ὅτι
2646 2851 3014 2924 συνεπεράνθη
3062 2853 3125 2906 τὸ
3156 2852 3380 2924 πρῶτον
3410 2850 3598 2924 τμῆμα
3628 2849 3720 2921 τῆς
3743 2847 3816 2902 διὰ

593 2955 788 2996 rursus
809 2937 1228 3008 quadragesimo
1248 2936 1457 3006 psalmo
1497 2936 1790 2991 resumitur
1821 2934 2172 2993 beatitudinis

2278 2939 2387 2992 τῶν
2413 2927 2644 3010 ψαλμῶν
2673 2942 3013 3005 ἀναδάσεως,
3044 2943 3103 2996 ἐν
3132 2942 3212 3013 τῷ
3242 2940 3657 3014 τεσσαρακοστῷ
3678 2939 3816 2992 πάλιν

595 3033 821 3089 mentio.
851 3031 1024 3086 Aliter
1065 3039 1244 3085 tamen
1275 3030 1331 3084 in
1374 3030 1530 3085 initio
1562 3029 1822 3085 delinitur
1867 3029 2171 3096 beatitudo,

2275 3031 2310 3099 ἡ
2336 3028 2427 3082 τοῦ
2459 3031 2808 3102 μακαρισμοῦ
2832 3032 3168 3102 ἐπανάληψις
3194 3033 3438 3101 γίνεται,
3468 3033 3634 3096 ἄλλως
3649 3029 3734 3084 τοῦ
3752 3028 3818 3081 λό-

593 3131 698 3184 sub
729 3130 942 3184 initium
977 3130 1122 3184 enim
1150 3127 1273 3198 l'uga
1295 3135 1349 3182 ct
1386 3127 1600 3183 aversio
1648 3141 1680 3180 a
1716 3127 1862 3180 malo
1897 3126 1953 3180 in
1997 3125 2172 3181 beati-

2275 3133 2373 3180 γου
2397 3119 2546 3189 παρὰ
2567 3119 2861 3190 τὴνζάρχὴν
2877 3121 3197 3192 ὁριζομένου
3213 3123 3352 3193 ἡμῖν
3366 3123 3427 3176 τὸ
3455 3121 3726 3192 μακάριον.
3743 3117 3817 3170 Ἐν

596 3222 789 3276 tudine
816 3219 1226 3274 numerabatur.
1260 3218 1330 3271 At
1360 3217 1451 3271 hic
1481 3218 1638 3272 beata
1676 3215 2007 3286 praedicatur
2039 3217 2167 3270 boni

2275 3208 2382 3279 γὰρ
2411 3211 2524 3272 τοῖς
2553 3208 2810 3280 πρώτοις,
2835 3210 2895 3264 τὸ
2930 3211 3230 3282 ἀποστῆναι
3257 3213 3355 3266 τοῦ
3387 3211 3554 3266 κακοῦ
3581 3210 3817 3281 μακάριον

594 3322 650 3368 et
692 3312 824 3367 recti
858 3309 1119 3380 cognitio.
1178 3307 1310 3362 Boni
1357 3323 1488 3363 vero
1548 3317 1768 3372 natura,
1817 3309 1906 3364 vel
1943 3308 1990 3365 si
2027 3308 2172 3378 quod

2275 3297 2342 3372 ἦν
2361 3319 2374 3333 ·
2411 3301 2644 3355 ἐνταῦθα
2666 3301 2724 3355 δὲ
2745 3303 2806 3354 τὸ
2825 3302 3122 3370 ἐπιγνῶναι
3158 3302 3220 3356 τὸ
3239 3305 3453 3373 ἀγαθὸν
3473 3301 3816 3374 μακαρίζεται.

594 3402 953 3460 excellentius
982 3403 1107 3467 hoc,
1142 3399 1226 3454 vel
1258 3414 1478 3465 nomen,
1505 3400 1590 3454 vel
1621 3400 1918 3469 cogitatum
1945 3400 2172 3469 reperiri

2287 3395 2351 3448 Ἥ
2381 3394 2438 3448 δὲ
2482 3394 2576 3448 τοῦ
2621 3393 2827 3463 ἀγαθοῦ
2873 3394 3066 3463 φύσις,
3108 3395 3146 3466 ἢ
3185 3395 3240 3448 εἴ
3272 3413 3329 3450 τι
3364 3396 3460 3449 καὶ
3501 3395 3636 3466 ὑπὲρ
3657 3391 3818 3445 τούτου

598 3503 799 3566 potest,
840 3491 977 3546 nihil
1004 3490 1277 3554 estaliud,
1319 3505 1480 3558 quam
1511 3489 1824 3561 unigenitus
1846 3488 1942 3545 Dei
1980 3489 2172 3555 Filius,

2275 3483 2497 3537 δυνατόν
2538 3485 2686 3536 ἐστιν
2719 3483 2962 3555 ἐξευρεῖν
2991 3485 3140 3556 ῥῆμα
3167 3485 3203 3556 ἢ
3234 3487 3440 3558 νόημα,
3469 3481 3615 3549 οὗτος
3637 3485 3664 3536 ό
3688 3498 3822 3553 μονο-

595 3587 689 3659 qui
726 3601 848 3640 cum
885 3585 1038 3640 dives
1069 3593 1234 3649 esset,
1284 3591 1508 3653 propter
1536 3597 1639 3637 nos
1691 3581 1873 3638 lactus
1925 3591 2008 3638 est
2051 3597 2172 3652 ege-

2275 3575 2438 3644 γενής
2475 3575 2590 3627 ἐστι
2619 3573 2787 3638 Θεὸς,
2818 3574 2878 3638 ὃς
2906 3575 2974 3628 δι’
3022 3577 3169 3645 ἡμᾶς
3211 3576 3561 3647 ἐπτώχευσεν
3599 3573 3820 3632 πλούσιος

597 3693 724 3733 nus.
751 3677 924 3745 Cujus
982 3677 1037 3730 in
1110 3691 1277 3730 carne
1335 3681 1636 3746 egestatem
1664 3673 2009 3744 Evangelicis
2036 3674 2172 3728 scri-

2275 3664 2371 3719 ῶν.
2405 3660 2480 3739 Ob
2522 3666 2625 3737 τὴν
2658 3668 2717 3720 ἐν
2749 3668 2914 3738 σαρκὶ
2944 3669 3216 3739 πτωχείαν
3251 3670 3356 3741 τὴν
3381 3670 3470 3724 διὰ
3498 3670 3596 3740 τῆς
3623 3669 3815 3732 εὐαγγεν

598 3770 706 3841 ptis
745 3769 904 3824 nobis
935 3767 1386 3826 demonstratam.
1427 3767 1604 3820 oratio
1635 3765 1737 3820 hoc
1756 3766 1874 3820 loco
1897 3765 2172 3836 praesigni-

2275 3757 2432 3829 λικῆς
2468 3759 2710 3831 ἱστορίας
2746 3761 2878 3830 ἡμῖν
2928 3759 3330 3830 ἐπιδειχθετσαν
3372 3759 3600 3814 ἐνταῦθα
3635 3771 3822 3828 προμην

599 3863 746 3924 licat,
774 3875 899 3914 cum
935 3859 1154 3914 beatum
1191 3857 1474 3926 praedicat,
1503 3857 1596 3928 qui
1625 3857 1812 3912 debita
1865 3857 2172 3928 intelligen-

2275 3850 2389 3902 νύει
2421 3852 2450 3903 6
2493 3850 2682 3919 λόγος,
2742 3850 3064 3922 μακαρίζων
3100 3852 3192 3905 τὸν
3255 3853 3397 3923 μετὰ
3447 3851 3703 3910 συνέσεως
3741 3846 3825 3915 τὴν

597 3951 675 4004 tia
707 3955 1080 4020 paupertatem
1104 3949 1250 4001 illam
1276 3947 1577 4018 cognoscit,
1598 3948 1692 4017 qui
1724 3963 1931 4018 pauper
1955 3949 2172 4018 quidem

2276 3942 2547 4012 πτωχείαν
2580 3942 2794 4012 ἐκείνην
2816 3943 3184 4014 γνωρίσαντα.
3220 3946 3324 4008 ‘Oc
3342 3944 3558 4014 πτωχὸς
3586 3941 3680 4012 μὲν
3705 3934 3827 3990 κατά

599 4051 718 4098 erat
738 4040 1035 4095 secundum
1077 4040 1220 4094 servi
1251 4038 1501 4102 formam,
1538 4039 1860 4094 benedictus
1880 4048 2059 4094 autem
2090 4053 2172 4094 se-

2275 4033 2372 4104 τὴν
2404 4033 2498 4085 τοῦ
2529 4033 2716 4088 δούλου
2763 4035 2976 4106 μορφὴν
2997 4073 3012 4097 ,
3046 4034 3343 4106 εὐλογητὸς
3373 4036 3432 4089 δὲ
3461 4032 3598 4089 κατὰ
3630 4032 3720 4101 τὴν
3741 4027 3826 4095 τῆς

601 4133 838 4188 cundum
871 4131 1180 4186 divinitatis
1207 4138 1481 4186 naturam.
1513 4131 1730 4202 Egenus
1763 4131 1911 4186 enim
1953 4138 2008 4187 et
2035 4146 2174 4201 pau~

603 4239 701 4293 per
757 4223 1028 4294 principio
1073 4223 1237 4291 hujus
1278 4221 1594 4292 psalmodia:
1632 4224 1982 4288 nominatur;
2021 4231 2074 4276 at
2119 4222 2172 4274 in

2275 4125 2524 4195 Θεότητος
2575 4123 2756 4194 φύσιν.
2804 4126 3019 4196 Πένητα
3049 4126 3159 4198 γὰρ
3197 4127 3368 4181 αὐτὸν
3405 4127 3502 4182 καὶ
3543 4122 3740 4192 πτωχὸν
3777 4119 3825 4169 ἐν

2277 4214 2580 4285 προοιμίοις
2621 4217 2720 4288 τῆς
2751 4216 3066 4288 ψαλμῳδίας
3093 4217 3371 4288 ὀνομάσας
3397 4220 3428 4273 ὁ
3453 4217 3634 4287 λόγος,
3664 4212 3745 4266 ἐπὶ
3763 4206 3826 4275 τῷ

604 4318 708 4370 line
739 4313 1000 4370 sectionis
1021 4313 1239 4368 additur
1268 4331 1282 4368 :
1313 4331 1332 4365 ι
1360 4310 1691 4368 Benedictus
1726 4314 1987 4368 Dominus
2022 4312 2166 4367 Deus

2277 4306 2419 4359 τέλει
2443 4306 2536 4360 τοῦ
2553 4307 2661 4377 τμή
2670 4308 2838 4376 ματός
2860 4323 3045 4379 φησιν’
3071 4327 3092 4360 ι
3121 4307 3428 4380 Εὐλογητὸς
3451 4307 3650 4379 Κύριος
3669 4305 3698 4356 6
3715 4299 3824 4359 Θεὸς

605 4407 768 4462 Israel
799 4422 828 4460 a
867 4407 1068 4460 saeculo
1099 4403 1156 4458 in
1182 4404 1465 4470 szeculum,
1500 4403 1609 4471 ﬁat,
1633 4403 1742 4458 fiat.
1767 4420 1786 4454 ι
1814 4401 1914 4470 Qui
1940 4402 2098 4473 igitur
2119 4402 2174 4457 in

604 4499 746 4552 hanc
781 4497 1123 4552 altitudinem
1154 4496 1350 4560 evasit,
1381 4495 1470 4550 ille
1520 4495 1746 4551 alteram
1791 4495 2176 4554 ascensionem

606 4589 816 4657 incipit.
861 4586 994 4641 Nam
1040 4588 1235 4642 relicto
1265 4595 1419 4657 patre
1445 4585 1607 4650 Core,
1654 4586 1748 4657 qui
1790 4602 1886 4656 per
1909 4601 2176 4657 arrogan-

605 4678 736 4733 tiam
759 4677 1125 4732 sacerdotium
1162 4677 1265 4730 sibi
1302 4678 1611 4747 usurpavit,
1644 4685 1699 4732 et
1735 4677 1806 4732 ob
1839 4677 1890 4731 id
1928 4677 2052 4748 igne
2080 4691 2179 4731 ex-

604 4777 783 4832 ustus,
815 4775 868 4822 et
898 4768 966 4821 ab
986 4767 1134 4820 hiatu
1170 4768 1486 4837 absorptus,
1507 4773 1561 4821 et
1588 4767 1692 4821 sub
1715 4776 1915 4822 terram
1946 4775 2166 4837 propter

602 4859 807 4911 scelera
831 4857 1048 4912 abditus
1068 4865 1152 4912 est
1180 4857 1249 4922 ⁷⁸,
1267 4871 1397 4911 vero
1417 4868 1471 4911 et
1491 4856 1732 4928 legitimo
1751 4855 1895 4911 Patri
1918 4873 1976 4913 se
1998 4873 2091 4927 per
2112 4856 2174 4911 li-

603 4946 725 5002 dem
753 4946 1122 5016 adoptandum
1147 4946 1462 5011 committit,
1507 4961 1614 5002 non
1667 4947 1914 5019 ignarus,
1969 4958 2174 5018 quanto

603 5038 920 5093 discrimine
971 5037 1175 5092 distent
1204 5036 1303 5093 "Dei
1335 5031 1540 5092 ‘(llium
1591 5038 1726 5104 ﬁeri,
1784 5049 1838 5094 et
1877 5037 2044 5093 lilium
2081 5039 2177 5094 de-

605 5131 834 5186 sertoris
855 5130 996 5186 Core
1021 5129 1318 5186 nominari.
1344 5128 1589 5201 Adeptus
1640 5147 1772 5203 ergo
1801 5131 1960 5187 ﬁnem
2007 5131 2178 5186 victo-

606 5223 720 5284 riae.
771 5222 1040 5294 simulque
1091 5223 1404 5294 intelligens
1449 5231 1653 5294 quanta
1719 5225 1792 5281 sit
1837 5224 1981 5278 inter
2029 5223 2178 5277 hunc

605 5323 658 5370 et
679 5317 878 5370 malum
918 5315 1068 5369 illum
1123 5322 1331 5386 patrem
1368 5315 1696 5380 differentia,
1743 5323 2180 5385 consumptaque

607 5408 661 5464 in
698 5423 757 5463 se
784 5415 838 5461 et
875 5406 1136 5461 devorato
1166 5421 1231 5460 eo
1264 5405 1408 5476 quod
1440 5405 1615 5462 ferum
1644 5414 1799 5463 estet
1824 5415 2174 5465 venenatum.

609 5512 760 5553 more
791 5511 1100 5560 cervorum,
1137 5495 1342 5567 quibus
1365 5497 1578 5567 reptilia
1611 5512 1934 5555 consumere
1967 5498 2052 5554 vis
2095 5498 2180 5552 in-

2274 4395 2368 4449 τοῦ
2420 4395 2636 4469 Ἰσραὴλ
2665 4397 2773 4450 ἀπὸ
2792 4397 2885 4450 τοῦ
2910 4397 3108 4460 αίῶνος
3162 4399 3260 4451 καί⁵
3292 4400 3375 4462 εἰς
3401 4398 3493 4452 τὸν
3519 4395 3706 4452 αἱῶνα,
3740 4386 3820 4456 γέ·

2275 4505 2437 4553 νοιτο,
2465 4488 2690 4557 γένοιτο.
2731 4509 2750 4542 ι
2791 4490 2850 4544 '0
2880 4490 3059 4544 τοίνυν
3078 4491 3172 4544 ἐπὶ
3191 4491 3356 4544 τοῦτο
3383 4487 3673 4560 φθάσαςτὸ
3695 4481 3822 4550 ὕψος.

2275 4581 2470 4650 ἐτέρας
2495 4580 2814 4646 ἀναϐάσεως
2843 4582 3092 4654 ἄρχεται.
3123 4581 3462 4636 Καταλιπὼν
3487 4580 3597 4652 γὰρ
3630 4577 3713 4631 τὸν
3738 4587 3823 4624 παο

2277 4670 2408 4741 τέρα
2430 4671 2522 4723 τὸν
2556 4672 2734 4742 Κορὲ,
2780 4673 2874 4725 τὸν
2906 4672 2972 4726 δι’
3017 4672 3440 4744 ύπερηφανείας
3478 4664 3822 4725 ἐπαναστάντα

2279 4763 2344 4831 τῇ
2375 4760 2662 4831 ἱερωσύνῃ,
2694 4761 2787 4815 καὶ
2814 4761 2902 4815 διὰ
2925 4761 3084 4816 τοῦτο
3108 4780 3366 4833 καταπρη
3377 4763 3573 4816 σθέντα
3595 4757 3670 4828 τῷ
3695 4751 3824 4822 πυρὶν

2281 4851 2374 4903 καὶ
2421 4851 2841 4922 καταχωσθέντα
2887 4853 2968 4923 τῷ
3012 4855 3254 4925 χάσματι
3277 4896 3292 4916 ,
3339 4856 3436 4909 καὶ
3485 4853 3730 4921 ὑπόγειον
3777 4840 3827 4903 ἐξ

2281 4943 2555 5013 ἁμαρτίας
2581 4946 2873 5015 γενόμενον
2892 4987 2907 5011 ,
2942 4946 3020 5017 τῷ
3055 4947 3296 5018 ἀληθινῷ
3326 4947 3504 5019 Πατρὶ
3532 4942 3712 4998 ἑαυτὸν
3734 4935 3827 4988 sla—

2283 5035 2429 5086 ποιεῖ
2452 5034 2541 5088 διὰ
2583 5038 2682 5107 τῆς
2707 5037 2961 5102 πίστεως.
2987 5040 3172 5102 Συνεὶς
3199 5041 3328 5094 ὅσον
3359 5040 3478 5092 ἐστὶ
3516 5037 3576 5091 τὸ
3594 5034 3830 5103 ,διάφορον

2277 5123 2417 5178 θεοῦ
2465 5125 2655 5180 τέκνον
2701 5126 2954 5195 γενέσθαι
2974 5170 2988 5193 ,
3017 5129 3050 5200 ἦ
3085 5129 3177 5184 τοῦ
3211 5131 3525 5184 ἀποστὰτου
3557 5124 3693 5198 Κορέ
3732 5117 3828 5172 υίδν

2277 5217 2655 5288 χρηματίζειν.
2701 5218 2892 5289 Τυχὼν
2937 5221 3117 5276 τοίνυν
3165 5222 3260 5277 τοῦ
3307 5223 3497 5286 τέλους
3537 5222 3632 5290 τῆς
3663 5216 3826 5284 νίκης.

2279 5313 2373 5364 καὶ
2411 5313 2570 5380 γνοὺς
2597 5312 2722 5366 ὅσον
2750 5313 2869 5389 ἐστὶ
2900 5313 3105 5384 μεταξὺ
3138 5315 3333 5370 τούτου
3366 5317 3462 5370 καὶ
3497 5311 3590 5367 τοῦ
3617 5300 3826 5374 πονηροῦ

2279 5405 2487 5476 πατρὸς
2520 5405 2582 5457 τὸ
2625 5405 2912 5478 διάφορον,
2945 5407 3223 5476 διαφαγὼν
3271 5425 3333 5461 τε
3382 5409 3475 5462 καὶ
3514 5398 3825 5472 ἐξαναλώσας

2280 5495 2339 5548 ἐν
2368 5495 2543 5563 ἑαντῷ
2582 5499 2688 5550 πᾶν
2715 5496 2980 5569 Θηριῶδες
3015 5499 3109 5552 καὶ
3149 5497 3354 5552 ἱούόλον
3388 5497 3480 5550 νότπ
3493 5512 3562 5549 αα
3594 5485 3721 5544 κατὰ
3743 5480 3824 5544 τὴν

677 5692 724 5725 ’³
752 5691 895 5752 Psal.
933 5711 1007 5762 ix,
1042 5696 1094 5751 l.
1169 5697 1217 5729 "
1246 5695 1394 5755 Psal.
1435 5711 1489 5763 ι,
1523 5694 1577 5750 2.
1655 5696 1702 5730 "
1737 5694 1882 5750 Psal.
1908 5710 1984 5759 at,
2016 5694 2068 5750 2.
2148 5696 2194 5727 "
2222 5693 2384 5752 Num.
2414 5711 2527 5763 va,
2557 5696 2622 5750 17
2649 5710 2769 5769 sqq.
