4018 6334
608 317 712 372 555

1848 307 1900 362 S.
1935 307 2258 364 GREGOltll
2296 308 2585 366 NYSSENI
3689 317 3775 375 5:76

606 425 918 482 constituta.
942 421 1073 488 Quae
1101 422 1143 476 si
1170 419 1234 473 ad
1263 420 1488 490 primam
1524 436 1702 475 rerum
1741 422 2166 490 procreationem

2275 439 2332 473 τε
2364 423 2457 474 καὶ
2485 422 2857 493 στερεὼματός
2899 423 3013 476 ἐστι
3048 422 3384 494 κατασκευὴ,
3409 428 3489 478 καὶ
3518 427 3606 479 τῶν
3632 431 3762 486 ἐπου-

606 518 892 580 referatur.
929 514 1058 568 nihil
1082 522 1164 568 est
1190 512 1357 572 aliud,
1391 528 1552 582 quam
1589 514 1712 567 caeli
1741 521 1794 567 et
1841 512 2169 567 ﬁrmamenti

606 605 837 670 eﬂ'ectio,
870 603 1280 674 cmlestiumque
1307 618 1571 673 aquarum
1598 604 1666 658 ab
1704 604 1860 674 aquis
1891 603 2169 659 terrestri-

606 693 706 751 bus
733 696 1012 752 discretio.
1049 692 1144 748 Sin
1171 702 1351 748 autem
1387 694 1454 748 ad
1487 692 1836 764 Evangelium
1882 693 2167 764 respicias,

606 801 730 841 vere
757 787 871 856 ipse
894 796 996 853 est,
1020 787 1111 855 qui
1133 787 1329 840 coelum
1353 786 1508 840 nobis
1521 787 1780 841 condidit.
1807 786 1938 841 Nam
1969 789 2168 843 coelum

606 893 635 930 a
667 876 775 932 Deo
823 876 1222 930 ﬁrmamentum
1275 875 1596 944 appellatur.
1630 876 1829 932 Paulus
1863 885 2041 930 autem
2077 893 2170 947 per

607 965 1002 1019 ﬁrmamentum
1064 963 1197 1018 nihil
1229 963 1375 1018 aliud
1425 979 1584 1034 quam
1618 965 1776 1019 ﬁdem
1811 967 1862 1019 in
1893 963 2169 1020 Christum

606 1055 875 1122 intelligit.
934 1054 1085 1108 Tunc
1117 1054 1261 1109 enim
1319 1054 1476 1109 nobis
1517 1070 1642 1109 vere
1675 1053 1974 1108 secundum
2011 1053 2169 1108 ﬁdem

604 1145 798 1199 coelum
823 1135 1171 1199 creatum—est
1199 1144 1266 1209 ⁸³,
1297 1159 1420 1199 cum
1451 1142 1671 1198 Sabhati
1701 1145 2006 1199 obscuritas
2035 1157 2170 1214 pra:-

607 1235 772 1297 teriit,
794 1233 1032 1302 illudque
1058 1232 1212 1287 ﬁdele
1225 1243 1275 1288 et
1293 1233 1623 1303 acceptabile
1640 1233 1836 1287 accidit
1856 1232 2167 1302 mysterium

603 1328 724 1396 ejus
748 1327 842 1397 qui
873 1325 1291 1396 prmdestinatus
1340 1333 1423 1380 est
1466 1324 1637 1379 Filius
1687 1323 1780 1379 Dei
1843 1325 1896 1378 in
1949 1325 2168 1385 virtute,

603 1417 904 1472 secundum
939 1417 1186 1486 spiritum
1219 1415 2058 1487 sanctiﬁcationis;mysterium,
2095 1415 2172 1468 iu-

602 1525 787 1580 quam,
810 1508 1228 1565 resurrectionis
1253 1523 1318 1564 ex
1342 1509 1572 1562 mortuis
1591 1506 1804 1560 Domini
1824 1507 1997 1560 nostri
2017 1507 2168 1569 Jesu,

601 1601 694 1669 qui
751 1615 874 1654 vere
907 1606 992 1654 est
1023 1614 1250 1669 magnus
1291 1597 1435 1652 Deus
1461 1605 1515 1652 et
1560 1597 1853 1651 laudabilis
1893 1597 2090 1660 nimis;
2116 1604 2171 1650 et

602 1690 821 1753 similia,
860 1705 984 1759 qum
1037 1696 1150 1742 toto
1210 1689 1442 1744 decursu
1495 1689 1737 1758 psalmus
1791 1688 1879 1742 ille
1907 1687 2165 1741 continet.

2277 510 2470 580 ρανίων
2492 511 2696 564 ὑδάτων
2721 512 2827 565 ἀπὸ
2846 512 2952 565 τῶν
2978 513 3204 580 ἐγγείων
3225 513 3492 580 διάκρισις.
3515 517 3568 568 Ei
3588 517 3634 569 δὲ
3661 523 3772 588 πρὶς

2272 601 2332 653 τὸ
2366 601 2695 670 Εὐαγγέλιον
2739 602 2988 672 βλέποις,
3036 603 3249 673 ἀληθῶς
3291 604 3418 674 αὕτη
3464 607 3651 678 ἐστὶνή
3695 612 3774 664 τὸν

2271 688 2498 759 οὐρανὸν
2540 691 2669 760 ἡμῖν
2723 693 3194 746 κατασκευάσασα.
3249 693 3304 743 ’0
3348 693 3448 763 γὰρ
3492 696 3690 765 οὺρανδς
3732 700 3782 752 rh

2273 782 2557 852 στερέωμα
2601 783 2749 854 παρὰ
2785 783 2877 836 τοῦ
2918 784 3051 837 Θεοῦ
3081 785 3412 855 ὀνομάζεται.
3457 787 3508 840 '0
3528 789 3577 841 δὲ
3606 792 3783 855 Παῦλος

2272 876 2382 925 νοεῖ
2412 875 2509 944 τὴν
2543 877 2622 937 εἰς
2667 876 2757 928 τὸν
2788 875 3020 946 Χριστὸν
3064 879 3246 930 πίστιν
3270 878 3328 930 τὸ
3367 880 3648 950 στερέωμα.
3673 885 3789 937 Τότε

2272 961 2381 1033 γὰρ
2421 964 2550 1033 ἡμῖν
2596 963 2764 1026 ὅντως
2792 964 2934 1018 κατά
2971 966 3070 1036 τὴν
3113 965 3290 1019 πίστιν
3328 968 3540 1038 οὐρανὸς
3563 971 3790 1042 δημιουρο

2271 1057 2474 1121 γεῖται,
2503 1055 2589 1106 ὅτε
2621 1055 2893 1126 παρῆλθεν
2919 1057 2952 1127 ἡ
2985 1056 3075 1110 τοῦ
3113 1057 3385 1112 Σαόϐάτου
3420 1061 3694 1128 κατήφεια·
3715 1063 3797 1115 καλ.

2271 1144 2485 1210 ἐγένετο
2528 1146 2657 1214 ἡμῖν
2703 1147 2889 1200 πιστὸν
2935 1147 2995 1200 τὸ
3061 1150 3352 1218 μυστήριον
3393 1149 3483 1202 τοῦ
3522 1151 3798 1218 ὁρισθέντος

2267 1233 2400 1289 Υξοῦ
2432 1234 2566 1288 Θεοῦ
2606 1237 2663 1288 ἐν
2703 1236 2928 1306 δυνάμει
2973 1237 3114 1290 κατὰ
3158 1239 3368 1309 πνεῦμα
3410 1240 3805 1310 ἁγιωσ·3νης,ὶξ

2271 1323 2615 1387 ἀναστάσεως
2643 1325 2847 1394 νεκρῶν
2885 1325 3058 1397 Ἰησοῦ
3084 1326 3175 1379 τοῦ
3203 1328 3402 1397 Κυρίου
3432 1329 3602 1399 ήμῶν,
3629 1331 3682 1392 ὅς
3705 1333 3804 1384 ἐστι

2269 1415 2347 1484 τῷ
2377 1414 2485 1468 δντι
2527 1414 2699 1482 μέγας
2734 1414 2945 1484 -Κύριος
2993 1415 3084 1469 καὶ
3123 1416 3330 1478 αἰνετδς
3370 1415 3585 1485 σφόδρα.
3621 1417 3720 1469 Καὶ
3746 1419 3806 1470 τὰ

2271 1502 2370 1554 ὅσα
2417 1501 2556 1555 κατά
2602 1501 2662 1554 τὺ
2721 1502 3008 1556 ἀκόλουθον
3052 1505 3080 1556 6
3123 1504 3336 1574 ψαλμδς
3376 1505 3632 1576 περιέχει,
3677 1523 3692 1554 ι
3726 1504 3813 1576 τὴν

2272 1590 2420 1644 θείαν
2447 1591 2598 1644 πόλιν
2621 1592 2865 1663 ἐκείνην,
2912 1613 2930 1646 ι
2966 1595 3033 1665 ἣν
3074 1613 3091 1644 ι
3133 1595 3225 1647 καὶ
3256 1594 3382 1665 δρος
3415 1594 3624 1666 εῦριζον
3664 1615 3679 1647 ι
3707 1596 3812 1648 δνο-

2276 1682 2463 1752 μάζει,
2510 1685 2604 1736 καὶ
2652 1685 2831 1756 πάσης
2871 1685 2975 1755 γῆς
3008 1686 3354 1756 ἀγαλλίαμα,
3404 1687 3497 1741 καὶ
3543 1687 3674 1740 Σιὼν
3707 1689 3814 1758 δρη.

601 1781 918 1851 Cujusmodi
949 1788 1075 1834 sunt
1109 1798 1127 1830 ι
1163 1779 1345 1833 divina
1379 1778 1594 1842 civitas,
1639 1799 1658 1829 ι
1691 1793 1852 1848 quam
1885 1786 1934 1832 et
1967 1794 1984 1828 ι
2020 1792 2166 1830 mon-

2284 1775 2400 1843 Έφ“
2446 1772 2514 1846 ἦς
2562 1776 2793 1846 μάλιστα
2840 1777 2901 1829 τὸ
2949 1777 3164 1831 πάντων
3209 1779 3636 1850 παραδοξότατον
3690 1780 3814 1832 ἐκδι-

600 1881 709 1928 tem
747 1875 884 1929 bene
922 1872 1208 1927 fundatum
1252 1892 1269 1922 ι
1314 1873 1580 1936 nominat,
1623 1872 1966 1926 ctuniversa:
2015 1879 2168 1924 terra:

600 1965 1008 2027 cxsultationes,
1040 1974 1095 2017 et
1115 1971 1328 2018 montes
1367 1961 1521 2024 Sion,
1553 1962 1618 2016 de
1641 1976 1746 2030 qua
1773 1961 1905 2014 urbe
1938 1960 2168 2014 maxime

602 2035 917 2108 admirabile
949 2052 1208 2123 quiddam
1265 2051 1452 2114 tradit,
1486 2051 1629 2121 quod
1656 2066 1775 2120 quae
1807 2050 1932 2104 olim
1967 2069 1985 2101 ι
2029 2050 2168 2110 latus

601 2146 869 2215 aquilonis
929 2163 947 2196 ι
990 2151 1130 2210 erat,
1184 2157 1330 2196 nunc
1373 2142 1512 2196 facta
1571 2142 1642 2196 sit
1709 2159 1726 2190 ι
1793 2141 1988 2194 civitas
2024 2139 2168 2210 regis

601 2236 782 2306 magni
825 2255 836 2289 :
877 2255 896 2287 ι
926 2234 1177 2305 quodque
1208 2250 1226 2283 ε
1270 2231 1408 2287 Deus
1439 2233 1490 2285 in
1542 2231 1792 2286 domibus
1822 2231 1940 2299 ejus
1965 2247 2168 2300 cogno-

601 2335 785 2380 scatur
831 2343 844 2377 :
883 2343 900 2375 ι
953 2323 1243 2378 manifeste
1288 2338 1384 2391 per
1419 2323 1533 2377 haec
1563 2321 1818 2396 Ecclesiae
1843 2322 2168 2376 Christiana-3

601 2427 795 2471 statum
825 2425 878 2471 et
900 2416 1215 2486 dignitatem
1249 2413 1564 2482 designans.
1597 2409 1730 2464 Nam
1758 2413 1996 2466 borealis
2038 2428 2166 2481 pars

601 2516 757 2561 terra:
777 2521 843 2561 ex
878 2507 985 2561 illis
1009 2513 1113 2565 est,
1141 2521 1259 2575 quae
1292 2503 1530 2558 nubibus
1569 2504 1846 2573 perpetuis
1882 2512 2164 2572 urgentur,

599 2605 651 2651 et
687 2593 908 2667 frigore,
941 2602 994 2650 ct
1023 2596 1165 2665 gelu,
1197 2596 1313 2650 sine
1329 2594 1638 2664 splendore,
1662 2609 1967 2664 expersque
1989 2593 2168 2648 radio-

601 2703 719 2740 rum
747 2687 1006 2741 solarium
1035 2706 1046 2740 :
1078 2687 1148 2742 ob
1171 2686 1226 2740 id
1257 2687 1572 2742 adversaria
1626 2686 1718 2740 illa
1748 2694 1990 2756 potestas
2019 2689 2169 2757 aqui-

601 2777 739 2831 lonis
768 2777 982 2831 nomine
1007 2775 1318 2832 denotatur.
1356 2776 1527 2846 igitur
1564 2791 1686 2846 qua)
1705 2777 1834 2830 olim
1865 2776 1931 2830 ad
1959 2778 2168 2847 aquilo-

601 2881 719 2920 nem
767 2866 1064 2936 vergebat;
1115 2866 1247 2930 imo,
1277 2882 1398 2937 qua:
1448 2867 1622 2936 ipsius
1663 2867 1803 2921 latus
1858 2874 1994 2933 erat,
2051 2867 2166 2922 haec

602 2957 862 3010 translata
906 2973 936 3010 a
992 2957 1333 3014 tenebricosa
1370 2970 1420 3012 et
1449 2957 1624 3027 algida
1673 2958 1801 3020 vita,
1851 2958 2045 3015 civitas
2072 2959 2168 3014 Dei

601 3048 691 3113 lit,
737 3055 790 3102 et
846 3048 984 3118 regis
1036 3047 1335 3110 habitatio,
1391 3047 1548 3116 cujus
1602 3048 1656 3101 in
1712 3047 1962 3104 domibus
2022 3049 2166 3105 Deus

601 3139 972 3208 c0gnoscitur.
1052 3139 1248 3209 Βάρεις
1313 3147 1470 3192 vocat
1549 3139 1745 3193 mdium
1823 3141 2168 3197 circumscri-

604 3232 944 3301 ptionem,et
974 3231 1140 3285 situm
1189 3231 1361 3284 forma
1413 3239 1468 3285 et
1517 3232 1698 3299 specie
1746 3232 2164 3304 quadrangula:

602 3319 801 3389 quibus
831 3327 1086 3390 tanquam
1119 3319 1414 3376 involucris
1434 3321 1758 3391 quibusdam
1811 3322 2055 3378 insinuat
2087 3323 2170 3378 ﬁr-

601 3426 719 3466 mas
747 3417 801 3465 et
830 3413 1075 3467 excelsas
1104 3412 1360 3467 virtutum
1393 3419 1573 3468 turres
1594 3421 1646 3469 et
1665 3413 2016 3480 munitiones,
2050 3431 2170 3486 qum

602 3501 656 3553 in
686 3509 996 3555 sanctorum
1037 3501 1311 3556 mentibus
1345 3500 1790 3572 conspiciuntur;
1827 3503 1984 3573 quasi
2039 3504 2170 3562 solis

602 3591 752 3647 hisce
781 3591 997 3647 vivendi
1027 3592 1315 3663 generibus
1347 3590 1490 3648 Deus
1517 3603 1898 3664 cognoscatur;
1942 3592 2168 3665 Reliqua

602 3697 722 3750 qum
752 3691 1053 3752 sequuntur
1084 3698 1208 3738 cum
1260 3684 1537 3754 praedictis
1564 3693 1872 3741 consonant
1901 3703 1916 3741 :
1945 3701 2166 3758 congre-

599 3773 706 3842 gati
746 3788 980 3844 namque
1024 3781 1154 3830 sunt
1198 3775 1254 3829 in
1286 3775 1404 3845 ipsa
1445 3791 1601 3848 reges
1628 3783 1787 3832 terrae
1835 3793 1986 3832 :non
2021 3777 2166 3833 enim

601 3877 905 3928 servorum,
975 3864 1069 3919 sed
1115 3878 1302 3934 regum
1367 3872 1671 3920 conventus
1708 3863 1984 3920 civitatem
2014 3864 2165 3919 illam

600 3954 830 4017 habitat,
867 3973 885 4006 ι
921 3954 1036 4025 qui,
1081 3973 1100 4007 ι
1151 3955 1348 4026 inquit,
1409 3973 1427 4005 ι
1468 3954 1714 4011 videntes
1768 3957 1881 4010 haec
1916 3954 2168 4010 admirati

600 4053 747 4100 sunt.
800 4065 818 4096 ›
856 4045 1202 4115 Causamque
1249 4044 1626 4112 admirationis
1672 4044 1840 4100 addit.
1884 4043 2019 4099 Nam
2074 4045 2167 4115 qui

599 4139 750 4206 prius
803 4137 1073 4192 civitatem
1133 4136 1274 4191 hanc
1305 4135 1524 4207 indigne
1569 4136 1899 4202 incolebant,
1948 4137 2167 4207 quando

600 4237 720 4284 erat
760 4230 898 4285 latus
935 4229 1228 4300 aquilonis,
1289 4229 1364 4283 illi
1397 4248 1416 4280 ι
1450 4227 1779 4292 conturbati,
1812 4235 1866 4282 et
1907 4228 2165 4283 commoti

598 4328 745 4385 sunt,
797 4328 850 4375 et
898 4327 1101 4375 tremor
1159 4320 1514 4391 apprehendit
1569 4333 1683 4374 eos.
1741 4337 1759 4370 ι
1797 4317 1906 4374 Nec
1963 4327 2166 4373 tremor

2271 1869 2500 1937 ηγεῖται,
2535 1868 2670 1938 ὅτιή
2709 1869 2835 1922 ποτὲ
2863 1865 2994 1922 οὖσα
3024 1888 3041 1919 ε
3082 1869 3291 1941 πλευρὰ
3331 1869 3426 1923 τοῦ
3455 1870 3651 1942 βορρᾶ,
3687 1890 3704 1922 ι
3739 1870 3819 1923 νῦν

2270 1958 2463 2026 γέγονε
2507 1979 2525 2010 ς
2580 1959 2732 2022 πόλις
2782 1959 2875 2013 τοῦ
2929 1960 3190 2029 βασιλέως
3221 1961 3319 2014 τοῦ
3372 1962 3626 2032 μεγάλου.
3671 1982 3688 2013 ι
3728 1963 3820 2015 Καὶ

2275 2069 2293 2099 ι
2328 2051 2355 2102 6
2383 2050 2512 2113 Θεὸς
2546 2053 2601 2103 ἐν
2643 2053 2760 2114 ταῖς
2801 2051 3020 2123 βάρεσιν
3063 2053 3233 2122 αὐτῆς
3282 2053 3641 2120 γινώσκεται·
3691 2072 3707 2104 ι
3744 2071 3821 2106 σα-

2269 2141 2381 2208 φῶς
2429 2141 2518 2194 διὰ
2566 2142 2767 2195 τούτων
2823 2144 2884 2195 τὸ
2944 2143 3084 2196 κατὰ
3119 2143 3217 2214 τὴν
3285 2144 3611 2214 Ἐκκλησίαν
3663 2144 3821 2212 θαῦμα

2272 2233 2490 2302 μηνύων
2550 2233 2625 2301 τῷ
2669 2234 2830 2302 λόγῳ.
2898 2233 2968 2286 Τὸ
3002 2233 3111 2305 γὰρ
3157 2235 3372 2305 βόρειον
3424 2237 3593 2306 κλίμα
3627 2236 3719 2305 τῆς
3738 2237 3822 2304 γῆς

2266 2320 2374 2373 τῶν
2423 2322 2897 2392 κατεσκιασμένων
2941 2340 2998 2375 τε
3047 2325 3140 2377 καὶ
3191 2326 3627 2396 κατεψυγμένων
3677 2328 3822 2392 ἐστὶν,

2267 2411 2516 2482 ἀλαμπὲς
2556 2413 2642 2465 ἀεὶ
2674 2415 2853 2482 μένον,
2898 2416 2992 2467 καὶ
3030 2415 3136 2468 τῶν
3173 2417 3424 2486 ἡλιακῶν
3448 2419 3676 2472 ἀκτίνων
3709 2419 3820 2488 tius-

2267 2519 2442 2570 τοχον.
2489 2498 2562 2556 Οῦ
2631 2505 2816 2575 χάριν,
2863 2508 2895 2576 ἡ
2959 2507 3310 2581 ἀντικειμένη
3367 2511 3596 2580 δύναμις
3648 2513 3699 2563 ἐν
3755 2511 3820 2577 τῷ

2266 2591 2488 2661 ὀνόματι
2527 2593 2619 2646 τοῦ
2665 2594 2874 2664 βορείου
2919 2597 3361 2667 διασημαίνεται.
3408 2602 3474 2653 ἸΙ
3509 2601 3679 2654 τοίνυν
3706 2601 3826 2653 ἐνοι-

2267 2681 2438 2736 κοῦσά
2464 2699 2590 2735 ποτε
2627 2684 2704 2753 τῷ
2750 2684 2922 2756 βορρᾷ
2964 2687 3057 2738 καὶ
3083 2682 3216 2739 οὖσα
3249 2689 3421 2743 αὐτοῦ
3456 2690 3678 2760 πλευρὰ,
3710 2689 3828 2757 αὕτη

2271 2775 2683 2844 μεταταξαμένη
2716 2776 2823 2828 ἀπὸ
2854 2775 2948 2828 τοῦ
2994 2776 3268 2832 σκότεινοῦ
3301 2797 3359 2832 τε
3388 2782 3482 2834 καὶ
3509 2779 3827 2850 κατεψυγμέ-

2268 2881 2358 2916 νου
2387 2864 2525 2934 βίον,
2555 2865 2687 2918 Θεοῦ
2733 2866 2882 2930 πόλις
2933 2869 3161 2936 γίνεται,
3211 2873 3312 2924 καὶ
3347 2872 3630 2942 βασιλείας
3656 2871 3832 2925 ἐνδιαί-

2268 2972 2438 3026 τημα.
2471 2949 2576 3019 Ἶίς
2602 2957 2658 3010 ἐν
2684 2960 2803 3020 ταῖς
2830 2957 3048 3028 βάρεσιν
3067 2961 3095 3011 6
3120 2961 3258 3026 Θεὸς
3289 2963 3639 3031 γινώσκεται.
3661 2963 3832 3033 Βάρεις

2270 3047 2324 3100 δὲ
2355 3048 2521 3115 λέγει,
2553 3049 2650 3110 τὰς
2679 3048 2786 3102 τῶν
2814 3051 3260 3123 οἰκοδομημάτων
3309 3056 3662 3126 περιγραφας
3687 3058 3737 3106 ἐν
3759 3071 3834 3106 τεο

2270 3135 2532 3206 τραγώνῳ
2566 3137 2642 3207 τῷ
2670 3140 2924 3208 σχήματι,
2944 3137 3007 3191 δι’
3031 3132 3105 3191 ὦν
3127 3139 3229 3204 τὰς
3257 3141 3619 3211 ἐδραίας,καὶ
3650 3140 3835 3210 ὑψηλὰς

2269 3225 2375 3279 τῶν
2416 3226 2623 3296 ἀρετῶν
2676 3229 3174 3300 πυργοποιῖας,τάς
3227 3234 3290 3285 ἐν
3329 3236 3456 3296 ταῖς
3509 3233 3700 3303 ψυχαῖς
3745 3231 3838 3284 τῶν

2269 3319 2438 3386 ἁγίων
2497 3319 2893 3392 θεωρουμένας,
2933 3322 3237 3394 παραδηλοῖ
3267 3324 3338 3377 δι’
3392 3325 3708 3394 αἰνίγματος
3733 3362 3746 3385 ,
3774 3321 3837 3382 ὡς

2273 3409 2450 3478 μόνοις
2474 3412 2585 3474 τοῖς
2612 3412 2870 3476 τοιούτοις
2904 3412 3037 3483 βίοις
3079 3413 3172 3467 τοῦ
3216 3415 3362 3469 Θεοῦ
3417 3415 3838 3486 γινωσκομένου⁸

2270 3498 2360 3552 καὶ
2391 3497 2458 3552 τὰ
2507 3498 2701 3572 ἐφεξῆς
2731 3502 2938 3571 συνῳδά
2980 3507 3091 3566 τοῖς
3129 3505 3670 3575 προαποδεδομὲνοις
3693 3502 3839 3555 ἐστίν.

2269 3589 2616 3659 Συνήχθησαν
2645 3591 2753 3664 γὰρ
2773 3594 2830 3646 ἐν
2845 3593 3016 3667 ταύτῃ
3046 3595 3094 3648 οξ
3120 3595 3376 3665 βασιλεῖς
3396 3616 3405 3627 ι
3423 3598 3488 3650 οὐ
3516 3595 3628 3667 γὰρ
3653 3593 3847 3647 δουλευ-

2269 3677 2454 3744 όντων,
2480 3680 2614 3734 ἀλλὰ
2635 3681 3018 3752 βασιλευόντων
3041 3685 3324 3759 συνδρομὴ
3347 3689 3451 3760 τὴν
3477 3689 3629 3741 θείαν
3653 3686 3850 3752 ἐκείνην

2270 3770 2562 3836 συνοικίζει
2595 3773 2770 3830 πόλιν.
2811 3793 2829 3826 ι
2878 3775 3082 3839 Οἴτινες
3104 3816 3119 3841 ,
3149 3793 3169 3826 ι
3213 3779 3424 3848 φησὶν,
3451 3797 3470 3830 ι
3511 3777 3709 3840 ἰδόντες
3729 3816 3743 3841 ,
3772 3772 3848 3826 οὒ-

2267 3875 2374 3922 τως
2413 3861 2785 3931 ἐθαύμασαν.»
2805 3861 2915 3916 Καὶ
2947 3861 3043 3934 τὴν
3058 3865 3241 3919 αἰτίαν
3279 3866 3568 3938 διηγεῖται
3598 3867 3690 3920 τοῦ
3736 3863 3850 3918 θαύ-

2272 3968 2457 4022 ματος,
2494 3951 2683 4023 ἐπειδὴ
2712 3953 2760 4005 οἱ
2793 3952 3050 4025 πρότερον
3071 3955 3475 4024 κατοικοῦντες
3518 3957 3748 4023 ἀναξίως
3770 3953 3851 4024 τὴν

2269 4042 2418 4096 πόλιν
2449 4040 2665 4114 ταύτην,
2683 4044 2770 4096 ὅτε
2798 4039 2864 4114 ἦν
2898 4042 3102 4114 πλευρὰ
3120 4044 3218 4098 τοῦ
3251 4047 3468 4120 βορρᾶ,
3505 4067 3525 4101 ί
3565 4046 3854 4119 ἐταράχθη·

2270 4150 2388 4196 σαν,
2409 4135 2502 4186 καὶ
2535 4134 3026 4205 ἐσαλεύθησαν,καὶ
3063 4136 3273 4207 τρόμος
3303 4140 3620 4194 ἐπελάϐετο
3637 4137 3848 4194 αὐτῶν.»

2267 4223 2376 4277 Καὶ
2408 4226 2467 4278 οὐ
2520 4225 2677 4295 μόνον
2715 4226 2913 4297 τρόμος
2937 4265 2951 4290 ,
2984 4225 3117 4280 ἀλλὰ
3163 4230 3269 4282 καὶ
3330 4231 3494 4285 πόνοι
3550 4229 3856 4302 μιμούμενοι

2267 4314 2459 4377 ὠδῖνας
2504 4315 2808 4386 τικτούσης.
2861 4318 3041 4387 "Amp
3067 4316 3251 4371 πάντα
3291 4323 3438 4391 φησι
3480 4322 3626 4375 κατὰ
3674 4319 3856 4371 τούτων

599 4420 827 4474 tantum,
853 4410 945 4465 sed
972 4418 1024 4464 et
1049 4411 1306 4467 molestiae
1332 4410 1534 4466 similes
1558 4409 1832 4464 doloribus
1861 4408 2166 4477 parturien-

2270 4405 2595 4474 γεγενῆσθαι
2634 4406 2737 4460 ὑπὸ
2767 4405 2859 4460 τοῦ
2897 4406 3069 4477 βιαίου
3103 4410 3464 4481 πνεύματος,
3491 4413 3592 4466 τοῦ
3624 4413 3689 4466 τὰ
3720 4409 3856 4461 πλοῖα

599 4499 752 4552 tium.
785 4499 915 4563 Qua:
960 4500 1138 4554 omnia
1206 4501 1467 4556 adversus
1517 4501 1652 4555 istos
1693 4499 1936 4554 evenisse
1969 4496 2099 4552 dicit
2131 4514 2160 4552 a

599 4589 792 4659 spiritu
848 4591 1149 4647 vehementi
1200 4592 1292 4662 qui
1329 4591 1586 4660 fugitivas
1626 4606 1790 4646 naves
1845 4589 2157 4660 confringit,

599 4695 718 4747 qua:
746 4681 991 4749 improbo
1025 4682 1160 4738 mari
1193 4681 1352 4749 hujus
1382 4682 1502 4735 vita:
1529 4682 1792 4734 innatant.
1825 4699 1842 4732 ι
1879 4681 1936 4734 In
1967 4680 2166 4749 spiritu

596 4759 1588 4824 vehementiconteresnavesTharsis.
1604 4788 1622 4819 ι
1644 4768 1810 4824 Porro
1835 4768 1923 4823 cui
1945 4769 2089 4839 quod
2109 4768 2162 4822 in

599 4858 970 4926 apostolorum
1009 4859 1157 4913 Actis
1193 4859 1464 4928 proditum
1489 4870 1590 4918 est.
1624 4861 1885 4914 memoria
1919 4875 2026 4914 non
2062 4876 2158 4914 ex-

596 4948 747 5009 cidit,
809 4947 898 5004 ille
928 4964 1036 5004 non
1068 4949 1284 5020 ignorat
1311 4951 1558 5018 spiritum
1594 4951 1740 5003 illum
1765 4949 2158 5014 vehementem,

597 5039 689 5106 qui
755 5036 1035 5110 discipulis
1097 5041 1153 5094 in
1203 5041 1483 5095 cmnaculo
1533 5041 1874 5112 congregatis
1913 5043 2161 5110 cognitus

595 5138 681 5183 est
713 5127 760 5160 ⁸⁵
821 5147 832 5182 :
869 5129 1070 5200 quique
1096 5131 1434 5200 prophetiam
1481 5129 1633 5186 J0me
1685 5139 1890 5186 attente
1937 5132 2087 5201 legit,
2116 5133 2162 5187 is

599 5222 883 5292 perspicue
903 5223 1240 5292 exploratum
1265 5222 1445 5289 habet,
1481 5239 1603 5277 eum
1632 5222 1721 5292 qui
1748 5237 1778 5275 a
1812 5221 1917 5277 Deo
1952 5221 2157 5288 deﬁcit,

597 5328 841 5386 qumrere
883 5329 1075 5368 navem
1116 5313 1170 5368 in
1201 5313 1426 5370 Tharsis
1469 5322 1683 5370 euntem
1715 5313 1780 5366 ⁸⁵.
1808 5311 2012 5368 Deinde
2042 5328 2159 5367 ser-

594 5420 755 5460 mone
780 5407 937 5475 quasi
970 5406 1023 5459 in
1049 5405 1186 5462 duas
1214 5422 1475 5477 personas
1525 5406 1838 5471 distributo,
1883 5406 1935 5458 in
1963 5406 2162 5475 priori-

595 5494 697 5550 bus
723 5495 939 5566 quidem
980 5511 1267 5566 personam
1313 5507 1366 5552 et
1399 5497 1641 5551 habitum
1670 5495 1789 5565 ejus
1833 5494 2028 5559 induit,
2067 5495 2159 5564 qui

1600 5671 1644 5703 ⁸⁸
1681 5668 1803 5723 Jon.
1852 5683 1891 5736 ι,
1915 5667 1948 5720 '5
1976 5682 2103 5738 sqq.

660 5670 710 5706 ⁸³
733 5671 926 5731 Gcnes.
952 5691 991 5744 ι,
1025 5675 1076 5730 8.
1154 5675 1198 5706 ⁸⁵
1232 5674 1352 5727 Act.
1384 5688 1442 5739 ιι,
1469 5671 1522 5724 2.

2266 4496 2366 4566 τῆς
2397 4496 2728 4560 ἁποστασίας
2770 4497 3160 4569 συντρίϐοντος,
3191 4501 3267 4553 τά
3291 4502 3495 4566 κακῶς
3536 4507 3605 4574 τῇ
3638 4500 3856 4566 θαλάσσῃ

2268 4588 2360 4642 τοῦ
2403 4587 2516 4657 βίου
2551 4589 2960 4654 ἐπιπολάζοντα.
2984 4609 3002 4641 ι
3027 4591 3112 4643 Ἐν
3143 4592 3444 4663 πνεύματι
3479 4613 3498 4645 ι
3533 4595 3665 4666 γὰρ,
3697 4589 3853 4661 φησὶν,

2275 4697 2294 4730 ι
2343 4678 2500 4749 βιαίῳ
2533 4681 2842 4750 συντρίψεις
2879 4683 3035 4734 πλοῖα
3080 4681 3354 4752 Θαρσεῖς.
3403 4705 3423 4738 ι
3471 4688 3534 4740 Ὀ
3561 4687 3619 4739 δὲ
3655 4685 3748 4753 τῆς
3766 4678 3854 4731 τῶν

2269 4769 2526 4840 Πρὰξεων
2561 4771 2796 4842 ἱστορίας
2825 4771 2919 4843 τὴν
2953 4775 3168 4844 μνήμην
3200 4773 3380 4844 ἔχων,
3402 4778 3514 4830 οὐκ
3559 4777 3741 4846 ἀγνοεῖ
3779 4769 3862 4839 τὴν

2273 4860 2452 4930 βιαίαν
2492 4861 2655 4932 πνοὴν
2681 4863 2778 4933 τὴν
2810 4863 2867 4916 ἐν
2896 4863 2972 4934 τῷ
3003 4863 3243 4934 ὑπερῴῳ
3276 4869 3404 4930 τοῖς
3439 4867 3714 4937 μαθηταῖς
3740 4877 3864 4928 γνω-

2269 4954 2562 5025 ρισθεῖσαν.
2602 4955 2712 5008 Καὶ
2738 4957 2766 5008 6
2791 4957 2856 5025 τῇ
2885 4955 3191 5026 προφητεία
3231 4955 3338 5009 τοῦ
3380 4959 3550 5011 Ἰωνᾶ
3576 4966 3866 5027 προσεσχη-

2265 5045 2395 5110 κὼς,
2431 5044 2686 5113 γινώσκει
2721 5046 2953 5109 πάντως,
2986 5047 3066 5099 ὅτι
3099 5047 3127 5098 6
3154 5047 3258 5099 τοῦ
3300 5048 3454 5100 Θεοῦ
3504 5046 3752 5106 ἀποστὰς
3779 5041 3866 5106 ξη-

2263 5139 2346 5190 τεῖ
2367 5137 2545 5192 πλοῖον
2568 5137 2627 5190 τὸ
2656 5138 2748 5190 ἐπὶ
2777 5138 3006 5208 Θαρσεῖς
3037 5137 3507 5209 ναυτιλλόμενον.
3535 5135 3673 5193 Εἶτα
3695 5134 3871 5201 ὥσπερ

2263 5229 2356 5282 δύο
2409 5229 2713 5300 προσώποις
2765 5228 3136 5300 ἐπιμερισθεὶς
3186 5230 3219 5282 ὁ
3257 5230 3457 5300 λόγος,
3488 5233 3549 5285 ἐν
3617 5230 3714 5299 μὲν
3768 5225 3870 5282 τοῖς

2268 5317 2626 5387 προλαϐοῦσιν
2649 5317 2707 5370 τὸ
2739 5315 2830 5370 τοῦ
2865 5315 3345 5388 προαγορεύοντος
3379 5318 3688 5372 ὑποδύεται
3716 5311 3870 5383 πρόσ-

2267 5422 2451 5470 ωπον,
2490 5408 2548 5459 ἐν
2585 5405 2640 5458 δὲ
2689 5408 2799 5470 τοῖς
2847 5405 3077 5474 ἐφεξῆς,
3120 5404 3228 5468 τὰς
3282 5406 3406 5458 τῶν
3459 5399 3871 5469 ὑποδεξαμένων

2267 5494 2356 5548 τὸν
2385 5495 2540 5567 λόγον
2565 5498 2744 5566 φωνὰς
2775 5495 3140 5566 ὑποκρίνεται.
3187 5497 3375 5566 Λέγει
3411 5497 3529 5569 γὰρ
3564 5487 3872 5560 συντιθέμεο
