4018 6334
587 325 690 382 559

1820 320 1876 374 s.
1920 302 2245 374 GREGORII
2269 315 2562 372 NYSSENI
3671 317 3756 371 5a)

586 439 735 505 dicii,
773 451 934 506 quam
962 443 1276 508 poteramus
1305 453 1416 490 non
1455 437 1724 502 timuisse,
1759 439 1864 492 nisi
1894 451 2142 506 serpens,

2254 434 2390 503 ὃ).κῷ
2417 436 2535 495 ταῖς
2564 430 2835 493 ποικίλαις
2861 429 2966 482 τῶν
2988 428 3171 482 παθῶν
3199 431 3396 499 φολίσιν
3423 433 3635 505 φοϐερῶς
3660 437 3758 490 ἑπι-

532 589 556 605 ,
583 529 679 598 qui
707 529 965 584 calcaneo
1013 537 1203 582 nostro
1255 529 1565 594 insidiatur,
1617 530 1774 598 cujus
1817 543 2012 583 nomen
2041 526 2148 580 ini-

2257 522 2497 596 φρίσσων
2538 519 2873 589 πανταχόθεν
2919 518 3013 571 καὶ
3047 519 3451 590 τραχυνόμενος.

583 620 792 691 quitas,
853 619 1100 688 undique
1149 619 1295 672 viam
1347 620 1469 674 vitae
1552 621 1710 675 nobis
1757 616 2199 686 circumsepisset
2237 612 2459 681 proprio
2495 625 2596 664 suo
2641 617 2820 663 relatu
2875 617 2929 662 et
2971 623 3126 678 gyro,
3185 618 3240 664 et
3291 611 3444 666 variis
3494 615 3764 683 passionum

583 710 741 780 quasi
768 710 1038 779 squamis,
1066 710 1294 764 terribili
1324 718 1546 779 aspectu
1581 711 1822 779 undique
1844 706 2162 763 infrendens
2199 709 2253 756 et
2293 701 2696 755 inhorrescens.

655 804 858 859 Deinde
904 803 1114 873 psalmo
1171 804 1228 858 in
1283 804 1419 859 duas
1461 813 1643 873 partes
1700 804 2040 865 distributo,
2098 801 2154 852 in

585 901 759 970 prima
808 898 1027 969 quidem
1077 906 1230 968 parte
1271 900 1562 955 consilium
1620 899 1733 965 dat,
1775 914 1843 954 ne
1867 898 1933 952 ad
1985 897 2153 950 alium

585 990 876 1062 quemdam
905 991 1253 1046 liberatorem
1282 992 1579 1061 respiciant
1605 1009 1618 1057 ;
1667 1006 1840 1061 neque
1865 991 2010 1045 enim
2046 987 2156 1041 fra-

585 1091 689 1146 ter,
717 1071 913 1152 inquit,
949 1081 1201 1144 redimet,
1235 1097 1335 1138 nec
1360 1082 1501 1136 alius
1543 1082 1814 1151 quispiam
1846 1079 2148 1140 hominum,

585 1173 680 1230 sed
714 1172 942 1242 quilibet
981 1186 1081 1241 pro
1114 1171 1296 1240 seipse
1328 1171 1597 1234 exorabit,
1650 1171 1696 1226 si
1752 1167 2001 1224 «dederit
2043 1167 2152 1222 Deo

584 1265 972 1334 placationem,
1001 1274 1053 1318 et
1078 1263 1312 1332 pretium
1348 1262 1732 1332 redemptionis
1759 1263 1954 1316 anima:
1979 1276 2142 1316 suae.»

584 1355 740 1420 Quod
787 1353 1008 1423 quidem
1043 1354 1257 1409 consilii
1310 1354 1431 1406 loco
1479 1353 1548 1406 ad
1581 1353 1796 1406 illorum
1839 1351 2148 1422 superbiam

583 1442 988 1514 coarguendam
1020 1441 1171 1506 dicit,
1207 1444 1297 1513 qui
1331 1441 1536 1496 frustra
1567 1456 1784 1511 cperam
1814 1443 1869 1496 in
1901 1441 2002 1494 hac
2045 1443 2152 1493 vita

586 1541 937 1598 consumunt,
973 1534 1324 1602 studiumque
1357 1535 1410 1588 in
1452 1532 1811 1587 infructuosis
1849 1533 2011 1586 rebus
2052 1546 2149 1600 po-

581 1636 739 1682 nunt.
773 1627 945 1694 Quam
968 1627 1137 1681 variis
1165 1627 1443 1682 laboribus
1469 1641 1590 1681 sese
1619 1627 1846 1697 fatigant
1878 1626 2146 1690 homines,

583 1719 739 1788 quasi
770 1732 982 1788 semper
1017 1717 1210 1772 victuri
1263 1725 1446 1774 essent
1471 1737 1484 1784 ;
1513 1733 1674 1790 quam
1712 1720 1899 1787 procul
1931 1719 1999 1774 ab
2044 1720 2151 1774 illis
2185 1754 2224 1807 Β

581 1811 843 1881 cogitatio
873 1808 1264 1879 corruptionis,
1296 1824 1414 1878 quae
1445 1817 1672 1864 mortem
1706 1811 2018 1875 comitatur,
2053 1812 2146 1880 qui

580 1900 824 1972 quatidie
868 1909 995 1954 ante
1039 1901 1230 1954 oculos
1273 1913 1404 1954 suos
1443 1898 1627 1952 vident
1665 1900 1799 1954 alios
1830 1901 2143 1963 morientes,

580 1987 834 2057 quodque
863 1986 1229 2041 certissimum
1269 1994 1323 2041 et
1352 1987 1698 2043 verissimum
1727 1989 1972 2043 stultitia:
1992 1997 2043 2044 et
2074 1991 2150 2043 iu-

582 2077 850 2146 sipientizc
897 2087 1273 2145 argumentum
1325 2084 1430 2135 est,
1489 2076 1583 2144 qui
1632 2078 1882 2130 nesciunt
1915 2093 1974 2133 se
2024 2088 2146 2148 post

581 2168 723 2222 hanc
771 2167 936 2220 vitam
993 2167 1112 2221 aliis
1151 2167 1370 2222 divitias
1420 2167 1522 2221 has
1572 2168 1881 2231 relicturos,
1939 2171 2147 2240 seipsos

583 2267 763 2314 autem
805 2259 858 2312 in
911 2259 1177 2326 sepulcris
1236 2259 1291 2311 in
1332 2265 1652 2327 perpetuum
1699 2275 2003 2328 mansuros,
2053 2265 2146 2332 qui

582 2351 802 2405 nomina
853 2364 950 2404 sua
990 2363 1086 2418 per
1125 2349 1288 2402 vitam
1331 2349 1703 2404 sublimiorem
1757 2351 1809 2404 in
1857 2354 1996 2406 coelo
2038 2369 2145 2407 non

583 2441 1028 2510 descripserunt;
1073 2439 1168 2494 sed
1197 2454 1322 2494 cum
1351 2440 1404 2494 in
1441 2449 1585 2495 terra
1630 2441 1743 2495 fieri
1775 2442 2012 2497 celebres
2047 2459 2146 2498 cu-

583 2543 795 2605 perent,
827 2532 1070 2587 fecerunt
1098 2532 1307 2600 seipsos
1338 2531 1392 2585 in
1433 2533 1641 2588 caelesti
1671 2533 1759 2587 illa
1791 2533 2010 2589 civitate
2049 2535 2148 2588 ob-

583 2639 778 2680 scuros
807 2631 860 2679 et
889 2624 1004 2677 sine
1036 2623 1276 2677 nomine.
1320 2621 1524 2676 Horum
1562 2623 1803 2678 omnium
1844 2639 2014 2678 causa
2042 2635 2146 2688 est,

582 2711 728 2783 quod
761 2712 922 2765 homo
945 2710 1224 2780 proprium
1259 2726 1416 2764 suum
1443 2711 1700 2766 honorem
1728 2728 1836 2768 non
1861 2714 2142 2784 intelligat,

584 2803 677 2858 sed
708 2801 774 2856 ad
806 2801 994 2855 hrutas
1028 2801 1334 2870 voluptates
1381 2809 1573 2870 sponte
1617 2817 1716 2856 sua
1754 2818 1873 2859 sese
1906 2804 2142 2873 abjiciat.

583 2889 854 2944 obnoxius
885 2888 1023 2958 gula:
1063 2895 1115 2943 et
1146 2888 1338 2950 ventri,
1378 2889 1554 2958 iisque
1585 2907 1706 2961 quae
1736 2900 1975 2948 ventrem
2016 2909 2146 2948 eon-

584 2987 908 3050 sequuntur,
943 2979 1223 3032 sordibus.
1259 2977 1383 3032 Ilec
1413 2995 1540 3048 pars
1578 2990 1662 3036 est
1700 2983 1885 3051 prima:
1921 2983 2145 3038 divisio-

583 3072 670 3127 nis
717 3071 876 3141 hujus
917 3069 1128 3140 psalmi.
1180 3068 1404 3140 Reliqua
1441 3086 1564 3138 pars
1603 3072 1671 3127 ad
1716 3073 1817 3126 alia
1852 3075 2140 3142 reprehen-
2172 3095 2214 3149 ο

585 3164 795 3219 sionem
833 3170 886 3217 et
917 3162 1320 3216 accusationem
1351 3163 1577 3234 dirigit;
1614 3181 1915 3234 rursusque
1954 3166 2145 3222 iisdem

582 3255 766 3309 verbis
807 3254 1133 3308 terminatur
1173 3255 1383 3319 oratio;
1424 3255 1680 3311 videlicet
1729 3255 1833 3310 hoc
1869 3256 2029 3313 nobis
2064 3258 2148 3312 iu-

586 3347 768 3398 sinuat
805 3341 1094 3413 Propheta,
1119 3343 1348 3412 primam
1385 3359 1606 3399 causam
1642 3347 1770 3400 mali
1797 3348 1851 3401 in
1884 3348 2146 3402 mundum

585 3433 820 3506 ingressi
850 3432 1040 3498 fuisse,
1067 3433 1210 3503 quod
1241 3432 1404 3487 homo
1430 3434 1605 3489 brutis
1633 3444 1688 3490 et
1719 3450 1748 3488 a
1777 3436 1991 3490 ratione
2018 3438 2150 3492 alie-

585 3529 673 3582 nis
702 3524 1088 3596 cupiditatibus
1118 3523 1314 3579 similis
1341 3524 1413 3578 sit
1439 3522 1662 3580 eﬂ‘ectus
1686 3523 1978 3594 iumentis;
2023 3541 2147 3581 eum

585 3626 766 3672 autem
806 3622 998 3670 contra
1040 3614 1240 3667 malum
1273 3614 1543 3670 medicina
1593 3622 1780 3684 parata
1812 3616 2148 3672 nobis-esset

585 3710 652 3764 ab
701 3723 786 3772 eo,
841 3705 934 3777 qui
980 3705 1282 3759 humanum
1339 3721 1509 3776 genus
1546 3706 1922 3763 misericordia
1967 3719 2149 3767 motus

495 3837 498 3840 λ
582 3798 858 3864 visitavit;
907 3797 1182 3864 homines,
1228 3797 1443 3853 deserto
1477 3815 1672 3856 rursus
1710 3799 1855 3856 bono
1908 3809 2148 3870 pastore,

584 3894 744 3946 morti
780 3889 1084 3960 pascendos
1133 3904 1192 3944 se
1219 3889 1462 3956 tradunt,
1513 3907 1624 3946 non
1665 3893 1732 3947 ad
1767 3893 2013 3949 coelestia
2047 3909 2145 3964 pa-

582 3982 734 4050 bula,
784 3980 880 4037 sed
925 3980 992 4034 ad
1035 3979 1209 4035 infera
1245 3981 1546 4048 tendentes,
1584 3982 1780 4038 inferni
1828 3999 1958 4040 oves
1997 3985 2147 4040 facti.

584 4072 728 4128 Dicit
774 4072 949 4127 enim:
997 4069 1195 4125 «Sicut
1245 4086 1376 4128 oves
1426 4072 1482 4126 in
1532 4073 1744 4128 inferno
1790 4076 1952 4145 positi
1999 4085 2148 4141 sunt,

583 4181 732 4222 mors
752 4164 1004 4234 depascet
1032 4177 1182 4219 eos.»
1221 4163 1314 4218 Sic
1342 4164 1524 4220 denuo
1557 4181 1654 4236 per
1678 4175 1958 4236 peccatum
1985 4168 2149 4223 indu-

584 4257 728 4310 citur
762 4255 964 4308 oblivio
997 4253 1116 4322 ejus
1157 4252 1460 4323 dignitatis,
1493 4270 1616 4324 qua:
1649 4256 1807 4310 nobis
1841 4255 2025 4310 divino
2055 4257 2151 4313 be-

584 4343 780 4398 neficio
808 4342 1020 4412 obtigit,
1051 4348 1104 4396 et
1129 4342 1196 4396 ad
1229 4342 1392 4398 vitam
1425 4344 1656 4400 rationis
1683 4353 1957 4414 expertem
1995 4347 2150 4401 ineli-

2317 791 2460 848 Ἐἶτα
2492 795 2611 865 διχῆ
2645 793 2865 849 διελθὼν
2908 796 3086 848 πᾶσαν
3123 793 3218 866 τὴν
3237 795 3566 866 ψαλμῳδίαν,
3598 801 3648 853 ὲν
3688 801 3772 871 μὲν

2255 886 2330 955 τῷ
2357 885 2554 958 πρώτῳ
2603 886 2791 956 μέρει,
2838 885 3144 956 συμϐουλήν
3196 889 3556 952 κατατίθεται,
3583 890 3667 943 τοῦ
3713 897 3777 962 μὴ

2255 980 2390 1050 πρὸς
2422 979 2576 1034 ἄλλον
2609 979 2824 1048 βλέπειν
2859 979 2980 1032 τινὰ
3024 979 3303 1051 λυτρωτὴν
3334 997 3345 1007 ο
3379 980 3492 1034 οὔτε
3523 983 3621 1054 γὰρ
3647 985 3776 1038 ἀδελ-

2256 1070 2354 1139 φὸς
2381 1069 2688 1139 λυτροῦται,
2715 1069 2904 1139 φησὶν,
2936 1067 3057 1122 οὔτε
3087 1069 3242 1133 ἄλλος
3267 1087 3349 1133 τις
3371 1071 3654 1143 ἄνθρωπος,
3684 1074 3780 1127 ἀλλ’

2255 1159 2288 1229 ἢ
2319 1159 2478 1224 αὐτὸς
2505 1159 2733 1222 ἕκαστος
2767 1159 2958 1213 ἑαυτὸν
2997 1159 3337 1230 ἐξαιτήσεται
3356 1159 3477 1216 ’ἐάν
3502 1178 3562 1231 γε
3596 1183 3614 1214 ι
3644 1163 3783 1216 δώσει

2254 1250 2332 1321 τῷ
2355 1252 2474 1321 Θεῷ
2508 1251 2774 1320 ὲξίλασμα
2798 1250 3014 1315 ἑαυτοῦ,
3051 1252 3144 1305 καὶ
3180 1251 3277 1322 τὴν
3306 1252 3467 1324 τιμὴν
3489 1254 3581 1324 τῆς
3600 1253 3786 1324 λυτρώ-

2256 1361 2392 1406 σεως
2438 1344 2538 1413 τῆς
2573 1344 2750 1414 ψυχῆς
2795 1344 2978 1397 αὐτοῦ.
3030 1361 3047 1395 ι
3107 1346 3172 1396 Ὃ
3207 1343 3449 1414 βούλεται
3511 1345 3788 1416 συμϐουλήν

2255 1435 2388 1503 πρὸς
2419 1435 2521 1487 ὑπε
2533 1435 2721 1504 ροψίαν
2746 1436 2855 1488 τῶν
2889 1436 3064 1505 μάτην
3100 1434 3534 1506 σπουδαζομένων
3564 1438 3790 1506 γενέσθαι

2255 1522 2352 1592 τὴν
2382 1524 2818 1594 σπουδαζομένην
2844 1526 2898 1576 ὲν
2920 1524 2998 1593 τῷ
3025 1525 3123 1595 βίῳ
3145 1525 3317 1597 τούτῳ
3337 1527 3473 1581 κατὰ
3501 1527 3559 1580 τὸ
3589 1528 3792 1598 μάταιον

2259 1611 2600 1666 ἀκολουθίαν.
2625 1612 2748 1676 Πῶς
2781 1615 2837 1666 ὲν
2873 1615 3120 1683 ἀνοήτοις
3140 1617 3382 1684 διάγουσι
3430 1619 3610 1680 κόποις
3633 1620 3678 1671 οἱ
3715 1619 3794 1672 ἂν·

2261 1698 2502 1772 θρωποι,
2534 1703 2608 1765 ὡς
2660 1705 2745 1756 ἀεὶ
2783 1703 3039 1774 ζήσεσθαι
3091 1707 3525 1778 προσδοκῶντες;
3564 1709 3676 1772 Πῶς
3713 1711 3802 1778 τὴν

2253 1793 2340 1846 διὰ
2365 1794 2458 1846 τοῦ
2485 1793 2714 1849 θανάτου
2741 1797 3086 1868 καταφθορὰν
3133 1800 3232 1852 οὐκ
3263 1800 3587 1865 ἐλπίζουσιν,
3607 1803 3654 1853 οἱ
3685 1807 3795 1865 τοὺς

2255 1885 2360 1955 πρὸ
2380 1886 2556 1939 αὐτῶν
2596 1888 3032 1959 ἀποθνήσκοντας
3058 1891 3344 1962 βλέποντες
3378 1910 3392 1956 ;
3426 1893 3518 1947 καὶ
3540 1895 3618 1947 ὅτι
3649 1896 3800 1965 ἄφρο-

2253 1974 2343 2037 νές
2381 1977 2517 2028 εἰσιν
2549 1974 2624 2039 ὡς
2663 1978 2894 2048 ἀληθῶς,
2940 1983 3032 2033 καὶ
3071 1983 3326 2052 ἀνόητοι,
3358 1985 3406 2037 οί
3459 1984 3556 2037 οὐκ
3602 1984 3798 2047 εἰδότες,

2253 2067 2334 2117 ὅτι
2362 2067 2498 2135 μετὰ
2525 2068 2614 2121 τὸν
2639 2069 2760 2139 τῇδε
2785 2070 2896 2138 βίον
2925 2073 3100 2136 ἄλλοις
3125 2075 3515 2144 καταλείψουσι
3544 2077 3632 2130 τὸν
3663 2077 3806 2129 πλοῦ-

2253 2171 2343 2206 τον
2371 2157 2548 2208 αὐτῶν
2569 2175 2581 2188 ο
2610 2159 2762 2212 αὐτοὶ
2787 2160 2842 2212 δὲ
2869 2163 3058 2231 τάφοις
3087 2165 3166 2226 είς
3202 2164 3266 2218 τὸ
3290 2165 3534 2236 διηνεκὲς
3567 2169 3804 2236 παροικήο

2257 2260 2458 2308 σουσιν,
2484 2248 2534 2298 οἱ
2561 2247 2626 2299 τὰ
2649 2250 2886 2319 ὀνόματα
2911 2253 3089 2306 αύτῶν
3116 2255 3216 2306 οὐκ
3243 2257 3302 2308 ἐν
3331 2256 3580 2326 οὐρανοῖς
3607 2257 3690 2310 διὰ
3722 2258 3808 2326 τῆς

2255 2334 2588 2406 ὑψηλοτέρας
2618 2339 2760 2410 ζωῆς
2787 2341 3222 2415 ἀπογράψαντες,
3259 2346 3376 2399 ἀλλ’
3395 2349 3454 2401 ὲν
3483 2351 3546 2419 τῇ
3582 2351 3648 2419 γῇ
3677 2350 3807 2416 γενέ·

2256 2421 2375 2474 σθαι
2413 2424 2699 2496 ὀνομαστοὶ
2730 2429 3063 2500 ποθήσαντες
3083 2472 3098 2497 ,
3138 2436 3463 2506 ἀνωνύμους
3518 2437 3728 2500 ἑαυτοὺς
3761 2438 3810 2489 ὲν

2251 2515 2317 2584 τῇ
2352 2515 2464 2568 ἄνω
2488 2517 2636 2570 πόλει
2663 2519 2942 2591 ἐποίησαν.
2977 2522 3190 2576 Τούτων
3227 2525 3286 2580 δὲ
3309 2528 3537 2582 πάντων
3563 2528 3740 2589 αἴτιον,
3760 2526 3812 2578 τὸ

2257 2609 2330 2679 μὴ
2358 2609 2592 2662 συνιέναι
2612 2610 2702 2662 τὸν
2728 2611 3010 2682 ἄνθρωπον
3032 2615 3128 2685 τῆς
3159 2616 3298 2681 ἰδίας
3329 2620 3516 2691 τιμῆς,
3531 2618 3666 2673 ἀλλὰ
3694 2617 3813 2687 προς

2253 2700 2348 2763 τὰς
2380 2700 2673 2769 κτηνώδεις
2697 2701 2887 2771 ἡδονὰς
2921 2705 3181 2770 ἑκουσίως
3217 2712 3619 2781 κατασυρῆναι,
3651 2708 3815 2779 λαιμῷ

2254 2794 2348 2847 καὶ
2394 2795 2622 2865 γαστρὶ,
2656 2797 2748 2850 καὶ
2791 2795 2866 2866 τῷ
2902 2799 3040 2866 μετὰ
3081 2802 3328 2872 γαστέρα
3362 2803 3520 2875 ῥύπῳ
3551 2804 3817 2873 γενόμενον

2254 2885 2486 2940 ἔκδοτον.
2521 2887 2690 2940 Τοῦτο
2720 2887 2818 2955 τῆς
2852 2888 3071 2961 πρώτης
3114 2893 3446 2963 διαιρέσεως
3487 2895 3578 2949 τοῦ
3620 2893 3818 2964 ψαλμοῦ

2253 2975 2314 3028 τὸ
2341 2977 2527 3047 μέρος.
2555 2977 2627 3029 Τὸ
2647 2977 2701 3030 δὲ
2742 2977 3059 3048 λειπόμενον
3099 2983 3156 3035 ὲν
3197 2983 3388 3048 ἄλλοις
3422 2984 3536 3055 ἔχει
3574 2985 3668 3056 τὴν
3704 2999 3817 3036 κατ-

2252 3068 2498 3140 ηγορίαν.
2520 3069 2683 3123 Πάλιν
2717 3069 2770 3122 δὲ
2800 3071 2878 3134 είς
2901 3072 2961 3123 τὸ
2983 3074 3113 3126 αὐτὸ
3145 3075 3309 3145 ῥῆμα
3339 3077 3663 3147 περαιοῦται
3691 3077 3718 3129 ό
3742 3073 3820 3127 λό-

2250 3175 2361 3226 γος.
2396 3158 2564 3211 Τοῦτο
2585 3198 2598 3220 ,
2629 3154 2812 3228 οἶμαι,
2845 3159 3243 3232 φιλοσοφούσης
3294 3165 3436 3233 ἡμῖν
3491 3164 3591 3234 τῆς
3624 3177 3820 3232 προφή-

2249 3246 2415 3309 τείας,
2447 3246 2528 3299 ὅτι
2578 3246 2641 3298 τὸ
2674 3247 2884 3318 πρῶτον
2916 3249 3084 3302 αἴτιον
3120 3250 3224 3319 τῆς
3256 3252 3371 3305 τῶν
3397 3253 3588 3306 κακῶν
3609 3250 3825 3310 εἰσόδου,

2249 3337 2308 3390 τὸ
2351 3337 2802 3408 ἁποκτηνωθῆναι
2848 3339 2938 3392 τὸν
2972 3339 3262 3411 ἄνθρωπον
3295 3346 3414 3406 τοῖς
3446 3341 3824 3410 ζωωδεστέροις

2250 3431 2585 3500 παθήμασιν.
2622 3430 2923 3501 Γενομένης
2943 3431 2997 3483 δὲ
3027 3432 3154 3500 ἡμῖν
3191 3433 3262 3486 ὲκ
3299 3433 3534 3504 χάριτος
3565 3434 3662 3502 τ’ής
3685 3431 3829 3499 θερα-

2252 3523 2410 3587 πείας
2459 3522 2551 3575 τοῦ
2606 3520 2845 3575 τοιούτου
2903 3522 3073 3575 κακοῦ
3115 3522 3205 3576 διὰ
3245 3524 3348 3576 τοῦ
3403 3523 3829 3592 ἐπισκεψαμένου

2249 3613 2517 3684 οἰκτιρμῷ
2542 3613 2602 3665 τὸ
2627 3611 2983 3684 ἀνθρώπινον,
3027 3613 3190 3666 πάλιν
3251 3616 3499 3685 ἀφέντες
3529 3617 3622 3670 τὸν
3651 3612 3834 3682 ἀγαθὸν

2251 3707 2501 3778 ποιμένα,
2526 3705 2630 3760 ὑπὸ
2654 3704 2747 3760 τοῦ
2781 3704 3008 3760 θανάτου
3035 3707 3436 3776 ποιμαίνονται
3458 3725 3472 3738 ο
3505 3709 3569 3760 ού
3601 3707 3726 3778 πρὸς
3747 3704 3833 3772 τὴν

2249 3798 2517 3869 οὐράνιον,
2548 3798 2681 3852 ἀλλὰ
2710 3799 2841 3869 πρὸς
2869 3798 2964 3869 τὴν
2995 3800 3052 3862 ὲν
3084 3799 3214 3869 ᾅδου
3254 3801 3439 3872 νομὴν
3476 3801 3698 3862 ἑαυτοὺς
3733 3799 3835 3850 Em-

2251 3891 2547 3958 κλίναντες,
2590 3891 2836 3963 πρόϐατα
2885 3892 2976 3945 τοῦ
3024 3892 3152 3963 ᾅδου
3194 3895 3523 3966 γενόμενοι.
3553 3893 3689 3965 Φησὶ
3718 3889 3830 3960 γὰρ.

2251 3987 2355 4049 ὅτι,
2386 3997 2406 4032 ι
2439 3981 2528 4047 Ὡς
2555 3981 2801 4054 πρόϐατα
2832 3985 2890 4039 ὲν
2925 3985 3023 4058 ᾅδῃ
3059 3986 3272 4053 ἔθεντο,
3314 3987 3562 4052 θάνατος
3603 3983 3838 4056 ποιμανεῖ

2251 4077 2462 4140 αὐτούς.
2492 4096 2510 4130 ι
2548 4077 2659 4130 Καὶ
2698 4077 2866 4141 οὕτως
2895 4080 2958 4132 ἐκ
2993 4078 3250 4149 δευτέρου
3303 4081 3530 4149 γίνεται
3564 4079 3723 4133 πάλιν
3763 4075 3839 4127 διὰ

2250 4169 2350 4240 τῆς
2388 4169 2658 4240 ἁμαρτίας
2689 4171 2723 4240 ἡ
2763 4169 2862 4240 τῆς
2890 4171 3056 4242 τιμῆς
3080 4172 3178 4242 τῆς
3219 4173 3378 4229 κατὰ
3411 4175 3578 4254 χάριν
3608 4173 3733 4243 ἡμῖν
3755 4183 3839 4236 γε-

2251 4260 2480 4330 νομένης
2507 4259 2849 4331 ἀναισθησία,
2874 4262 2966 4316 καὶ
3006 4262 3142 4330 πρὸς
3170 4263 3271 4317 τὸν
3310 4265 3522 4333 ἄλογον
3552 4263 3665 4334 βίον
3697 4272 3842 4311 κατα-

2251 4352 2412 4420 φορὰ.
2457 4351 2574 4404 Πᾶν
2616 4351 2723 4423 γὰρ
2761 4352 2820 4404 τὸ
2857 4352 2962 4416 ἔξω
3000 4351 3088 4405 τοῦ
3128 4353 3407 4424 ἀληθινοῦ
3440 4355 3607 4424 λόγου
3644 4347 3843 4422 γινόμε-

583 4436 734 4489 natio
763 4435 1042 4489 exoritur:
1072 4447 1234 4488 omne
1257 4434 1400 4488 enim
1425 4434 1579 4498 illud,
1611 4436 1758 4506 quod
1782 4445 1933 4491 extra
1964 4452 2146 4492 veram

2254 4458 2360 4505 νον,
2385 4441 2573 4510 ἀλογία
2601 4421 2765 4498 ἐστίν.
2803 4443 2959 4498 Ἷδιον
2986 4444 3041 4496 δὲ
3068 4442 3162 4497 τοῦ
3190 4421 3450 4518 κτήνους
3484 4421 3550 4501 τὸ
3577 4421 3761 4513 ἄλογόν
3791 4453 3841 4490 τι

585 4525 848 4580 rationem
873 4533 976 4588 est,
1007 4525 1234 4581 rationis
1257 4527 1540 4582 destitutio
1563 4535 1676 4583 est:
1713 4527 1994 4598 proprium
2019 4544 2146 4584 vero

579 4616 808 4686 iumenti
840 4625 923 4672 est
956 4619 1167 4673 ratione
1197 4628 1250 4672 et
1284 4627 1462 4673 mente
1490 4633 1695 4674 carere.

1167 4707 1393 4762 CAPUT
1423 4706 1560 4763 XIII.

657 4795 861 4850 Verum
906 4797 1084 4851 omni‘a
1139 4812 1259 4866 qua:
1296 4801 1352 4851 in
1400 4797 1612 4866 psalmo
1662 4807 1810 4863 sunt,
1870 4800 2143 4869 sigillatim

581 4887 718 4942 velle
756 4891 1034 4958 prosequi,
1090 4897 1145 4946 et
1178 4904 1628 4957 commemorare,
1681 4908 2146 4961 supervacaneum

583 4976 764 5038 fuerit,
797 4990 920 5030 cum
952 4992 1014 5031 ea
1038 4993 1158 5047 qua:
1187 4979 1388 5035 omissa
1416 4990 1562 5045 sunt,
1598 4981 1742 5036 facili
1773 4982 1957 5036 labore
1986 4997 2051 5036 ex
2079 4982 2146 5036 iis

581 5083 702 5137 quae
735 5067 973 5125 diximus
1015 5071 1226 5140 possint
1272 5072 1635 5138 innotescere,
1685 5081 1744 5128 ut
1772 5073 2000 5153 proinde
2035 5089 2142 5126 non

581 5158 815 5214 arbitrer
837 5160 1137 5216 orationem
1164 5161 1379 5231 longius
1414 5163 1835 5232 protraheudam
1863 5180 2005 5228 esse,
2041 5163 2143 5219 nisi

581 5251 720 5305 forte
755 5253 884 5307 illud
921 5254 1299 5309 tantununodo
1325 5257 1674 5325 repetendum
1707 5257 1775 5312 sit
1803 5274 1866 5312 ex
1897 5259 1985 5320 iis.
2024 5275 2144 5327 quae

573 5339 686 5408 jam
744 5355 908 5410 supra
955 5341 1230 5412 disputata
1286 5354 1434 5410 sunt,
1488 5363 1744 5417 magnum
1783 5347 2037 5404 Davidcm
2089 5351 2142 5404 in

579 5428 876 5484 humanum
932 5447 1102 5501 genus
1155 5441 1385 5504 utroque
1432 5435 1594 5490 modo
1643 5435 1946 5491 beneficum
2000 5453 2141 5502 esse,

580 5525 710 5571 tunc
757 5519 982 5586 scilicet,
1033 5535 1158 5576 cum
1199 5525 1428 5579 salutem
1470 5533 1715 5580 nostram
1765 5543 1861 5596 per
1895 5529 2142 5598 symbola

579 5609 829 5676 quadam
855 5611 1102 5667 eﬂ‘ormat
1132 5626 1183 5669 et
1213 5614 1520 5682 adumbrat,
1545 5625 1607 5671 et
1641 5624 1770 5670 tunc
1802 5634 1924 5671 cum
1965 5619 2143 5672 homi-

576 5698 738 5755 nibus
768 5702 985 5758 modum
1019 5706 1350 5776 poenitentia:
1389 5705 1762 5764 demonstrat:
1805 5709 1892 5762 cui
1931 5709 2143 5780 egregie

2255 4529 2348 4583 καὶ
2391 4530 2632 4598 ἀνόητον.

2791 4713 3181 4767 ΚΕΦΛᾹΑΙΟΝ
3217 4716 3326 4770 II".

2323 4799 2402 4852 Τὰ
2426 4799 2482 4852 δὲ
2525 4800 2644 4854 καθ’
2675 4801 2902 4855 ’ἑκαστον
2925 4803 3031 4856 τῶν
3073 4806 3130 4856 ὲν
3158 4808 3230 4876 τῇ
3269 4807 3585 4880 ψαλμῳδίᾳ
3621 4809 3687 4861 δι’
3714 4806 3849 4871 ἀκριο

2253 4887 2404 4952 ϐείας
2432 4889 2524 4940 ἐπὶ
2551 4887 2745 4952 λέξεως
2769 4891 3120 4961 ἀναγράφειν,
3151 4898 3435 4966 περιττὸν
3480 4901 3550 4952 ἂν
3582 4899 3688 4968 εἴη,
3731 4892 3847 4946 πολ-

2252 4979 2348 5050 λῆς
2399 4980 2644 5043 εὐκολίας
2676 4980 2840 5052 οὔσης
2894 4982 2969 5051 τῷ
3021 4982 3350 5058 βουλομένῳ
3412 4989 3511 5042 διὰ
3565 4989 3675 5040 τῶν
3716 4987 3853 5053 εἰρη-

2255 5072 2428 5139 μένων
2497 5070 2690 5125 καὶτὰ
2744 5072 3046 5145 παρεθέντα
3098 5077 3493 5147 κατανοῆσαι.
3519 5078 3686 5132 ’Ὥστε
3713 5072 3852 5127 οὐδὲν

2250 5159 2401 5231 οἶμαι
2447 5163 2556 5217 δεῖν
2606 5165 2864 5233 μηκύνειν
2910 5165 2998 5218 διὰ
3056 5165 3408 5238 πολυλογίας
3458 5173 3556 5225 τὸν
3613 5164 3853 5238 λόγονῆ

2249 5253 2402 5308 τοῦτο
2449 5256 2606 5325 μόνον
2653 5258 2944 5323 ἀναγκαῖόν
3002 5261 3146 5312 ἐστιν
3206 5263 3605 5319 ἐπαναλαϐεῖν
3647 5266 3711 5317 ὲκ
3757 5259 3853 5312 τῶν

2253 5345 2758 5416 προεξητασμένων,
2782 5349 2861 5401 ὅτι
2883 5348 3168 5420 δι’ἀμφοτέ
3181 5369 3304 5422 ρων
3329 5357 3630 5427 εὐεργετεῖ
3655 5356 3750 5426 τὴν
3770 5353 3856 5406 ἁν-

2251 5435 2524 5506 θρωπίνήν
2548 5437 2706 5506 φύσιν
2743 5439 2772 5490 ὁ
2809 5440 2983 5509 μέγας
3027 5441 3218 5504 Δαϐὶδ,
3254 5443 3330 5495 δι’
3364 5439 3447 5498 ὧν
3492 5463 3553 5497 τε
3597 5441 3856 5514 προτυποῖ

2251 5526 2588 5595 συμϐολικῶς
2616 5528 2712 5598 τὴν
2749 5531 3021 5600 σωτηρίαν
3053 5528 3216 5600 ἡμῶν
3238 5572 3254 5595 ,
3292 5533 3398 5586 καὶ
3429 5535 3500 5588 δι’
3543 5529 3620 5589 ὧν
3656 5526 3856 5586 ὑποδεί-

2248 5633 2405 5670 κνυσι
2435 5619 2546 5680 τοῖς
2575 5617 2882 5690 ἀνθρώποις
2903 5621 2999 5691 τῆς
3029 5621 3332 5690 μετανοίας
3376 5624 3475 5676 τὸν
3504 5624 3728 5694 τρόπον,
3753 5615 3856 5670 οἷέν

2248 5726 2366 5763 τινα
2415 5709 2604 5783 τέχνην
2652 5712 2950 5768 ἐπιϐάλλων
2994 5712 3163 5783 τούτῳ
3205 5714 3294 5785 τῷ
3331 5715 3733 5788 κατορθώματι
3773 5706 3857 5766 διὰ
