4018 6334
202 209 282 266 561
990 217 1019 246 τ

1564 214 1628 268 lN
1667 213 2004 271 PSALMOS.
3299 205 3404 263 562

203 329 286 400 τῆς
316 324 659 396 πεντηκοστῆς
703 326 1038 398 ψαλμῳδίας,
1066 328 1132 382 δι’
1153 323 1221 402 ἦς
1255 327 1387 399 άλλη
1421 331 1541 400 νίκη
1589 329 1730 382 κατὰ

1847 330 1981 385 iacto
1999 339 2052 384 et
2084 326 2339 384 laudabili
2377 327 2549 398 operi,
2583 325 2731 382 velut
2771 332 2942 383 artem
2975 323 3264 397 quamdam
3297 326 3400 382 ad-

197 420 277 474 τοῦ
301 417 568 472 ἀντιπάλου
601 419 732 487 ἡμῖν
758 420 1122 490 ἐτοιμάζεται.
1147 419 1220 473 Τὸ
1248 419 1354 491 γάρ
1389 421 1587 474 εἰδέναι
1621 421 1731 476 τῶν

199 509 355 562 κακῶν
383 507 594 570 ἑαυτοὺς
623 509 990 579 ἐκκαθαίρειν,
1022 513 1121 580 τῆς
1152 510 1431 581 διηνεκοῦς
1463 511 1605 564 κατὰ
1634 511 1725 565 τοῦ

202 599 361 671 ἐχθροῦ
382 599 526 666 νίκης
551 599 870 670 παρασκευὴ
900 600 1104 668 γίνεται
1133 602 1225 654 καὶ
1258 601 1529 666 ὑπόθεσις.
1561 602 1736 655 ’Λδια-

201 695 381 745 λείπτου
421 691 525 762 γὰρ
575 692 705 762 ἡμῖν
742 690 908 763 οῦσης
939 693 995 744 ἐν
1033 693 1111 763 τῷ
1152 693 1251 763 βίῳ
1287 694 1386 764 τῆς
1421 694 1594 764 πάλης
1639 694 1736 763 τῆς

205 784 455 854 γενομένης
485 783 621 853 πρὸς
655 784 747 837 τὸν
773 785 1190 855 κοσμοκράτορα
1234 785 1324 838 τοῦ
1361 787 1583 848 σκότους
1611 785 1734 838 τού-

199 894 287 936 του,
316 875 400 927 καὶ
446 874 582 945 πρὸς
623 873 692 926 τὰ
733 875 1080 944 πνευματικὰ
1106 875 1205 944 τῆς
1242 871 1585 946 πονηρίαςέν
1623 879 1734 938 τοῖς

198 964 498 1036 ἐπουρανίοις
538 983 551 996 ·
595 964 778 1036 ἐπειδὴ
827 964 884 1017 ἒν
933 965 1092 1035 μόνον
1145 965 1588 1034 ἀντιπάλαισμα,
1637 966 1732 1018 καὶ

196 1059 305 1126 πρὸς
331 1058 501 1109 πᾶσαν
525 1055 874 1126 πειρατηρίου
903 1056 1202 1125 προσϐολὴν
1229 1056 1420 1127 ἔχομεν
1443 1060 1540 1129 τὴν
1571 1061 1734 1130 μετά-

195 1166 348 1210 νοιαν,
385 1149 411 1200 ὁ
444 1147 602 1200 τοῦτο
634 1149 689 1198 ἐν
737 1147 916 1217 ἐαυτῷ
963 1148 1346 1219 κατορθώσας,
1390 1149 1479 1202 διὰ
1534 1151 1734 1215 παντὸς

194 1239 386 1309 νικητὴς
421 1239 629 1305 γίνεται
651 1237 748 1290 τοῦ
773 1240 858 1292 ἀεὶ
887 1240 1366 1310 προσπαλαίοντος.
1398 1242 1550 1294 Μετὰ
1577 1243 1733 1296 τοῦτο

195 1332 238 1384 δέ
269 1332 399 1399 καὶὴ
431 1331 639 1402 ἱστορία
679 1333 736 1383 ἐν
766 1333 882 1394 ταῖς
911 1333 1242 1402 ἐπιγραφαῖς
1281 1333 1340 1384 τὸ
1378 1333 1734 1388 ἀνακόλουθον

195 1423 304 1491 ἔχει,
327 1421 432 1476 ἀλλ’
455 1423 482 1474 ὁ
531 1421 655 1484 νοῦς
690 1422 826 1492 πρὸς
866 1421 962 1492 τὴν
1010 1422 1326 1476 ἀκολουθίαν
1383 1426 1730 1496 συνήρτηται.

196 1517 312 1569 Πολῦ
360 1517 460 1586 γάρ
511 1517 965 1586 μεταγενέστερον
1003 1515 1064 1568 τὸ
1119 1516 1259 1570 κατὰ
1309 1515 1404 1586 τὴν
1455 1517 1734 1585 Βηρσαὸεέ

194 1605 270 1656 καὶ
300 1604 381 1658 τὸν
413 1605 618 1674 Οὐρίαν
660 1604 818 1672 ἔργον
837 1644 851 1668 ,
881 1602 975 1657 τοῦ
1015 1604 1153 1657 κατὰ
1182 1607 1272 1657 τον
1309 1606 1600 1675 Ἰδουμαῖον
1645 1605 1734 1658 τὸν

197 1696 325 1764 Δωήκ
367 1696 512 1747 ἐστιν
552 1695 614 1748 τδ
645 1695 907 1766 διήγημα.
941 1695 1109 1748 Τοῦτο
1152 1696 1248 1766 μὲν
1293 1696 1402 1765 γάρ
1446 1697 1502 1749 ἐν
1545 1697 1739 1766 ἀρχαῖς

197 1785 277 1852 τῆς
317 1784 403 1838 τοῦ
433 1785 609 1839 Σαοὺλ
633 1787 940 1856 τυραννίδος
971 1786 1205 1851 ἐγένετο,
1250 1787 1426 1840 ἐκεῖνο
1456 1787 1511 1839 δέ
1546 1787 1738 1857 μικρὸν

199 1875 282 1946 πρὸ
308 1875 390 1928 τοῦ
416 1877 605 1939 τέλους
628 1877 728 1945 τῆς
751 1876 843 1943 τοῦ
871 1876 1032 1930 Δαϐὶδ
1055 1877 1328 1947 βασιλείας
1356 1877 1571 1949 συνέϐη.
1603 1877 1739 1929 Ἀλλ’

197 1967 243 2018 οὗ
283 1966 418 2035 μέλει
450 1965 531 2035 τῷ
583 1967 857 2036 Πνεῦματι
897 1967 1039 2036 λόγῳ
1089 1967 1185 2037 τῆς
1233 1968 1486 2037 χρονικῆς
1527 1985 1585 2019 τε
1643 1968 1736 2020 καὶ

201 2057 420 2126 σαρκίνης
448 2057 563 2110 τῶν
593 2057 928 2128 πραγμάτων
961 2057 1183 2122 τάξεως.
1217 2058 1281 2110 Τί
1305 2058 1415 2126 γάρ
1447 2075 1513 2129 με
1547 2057 1738 2110 τοσοῦ-

197 2161 268 2197 τον
310 2145 541 2216 ὀνίνησιν
597 2146 654 2196 ἐν
708 2144 942 2215 πρώτοις
995 2145 1055 2198 τὸ
1106 2145 1251 2199 κατὰ·
1293 2146 1385 2199 τὸν
1446 2147 1738 2216 Ἰδουμαῖον

202 2238 374 2305 μαθεῖν,
404 2239 496 2292 καὶ
531 2237 676 2308 μετά
723 2237 896 2292 ταῦτα
932 2239 992 2291 τὸ
1039 2239 1178 2293 κατὰ
1215 2239 1314 2310 τὴν
1342 2239 1620 2312 Βηρσαεεέ
1663 2239 1740 2292 δι-

198 2327 417 2399 δαχθῆναι
455 2345 472 2393 ;

253 2421 330 2481 Ti;
353 2421 516 2492 ἀρετὴ
549 2420 640 2473 διὰ
666 2420 890 2485 τούτους
919 2421 1046 2476 ποία
1079 2421 1214 2492 πρὸς
1239 2419 1304 2474 τὸ
1333 2425 1577 2492 κρεῖττον
1608 2421 1738 2475 ἀνά-

198 2503 351 2570 ϐασιςς
390 2509 472 2573 τίς
525 2509 670 2583 πρὸς
700 2509 796 2580 τὴν
830 2511 938 2564 τῶν
979 2511 1195 2581 ὑψηλῶν
1236 2511 1539 2582 ἐπιθυμιῶν
1590 2511 1738 2565 διδα-

198 2599 424 2666 σκαλίαν;
474 2603 525 2653 εί
583 2601 641 2654 δέ
689 2602 874 2671 μαθὼν
903 2602 972 2655 τὰ
1009 2603 1066 2654 ἐν
1115 2602 1192 2672 τῷ
1235 2602 1584 2674 πεντηκοστῷ
1636 2622 1740 2674 μυ-

200 2689 382 2759 στήρια,
410 2691 508 2744 ὅσα
537 2691 686 2745 κατὰ
707 2692 768 2744 τὸ
800 2691 1091 2764 βαθύτερον
1116 2693 1358 2764 περιέχει
1389 2695 1417 2746 ὁ
1439 2694 1615 2763 λόγος,
1647 2694 1741 2748 καὶ

198 2779 295 2845 μετ’
322 2781 524 2834 ἐκείνου
571 2782 634 2835 τὸ
669 2781 804 2851 πρὸς
836 2781 934 2852 τὴν
973 2783 1266 2837 κατάλυσιν
1312 2784 1404 2838 τοῦ
1449 2785 1739 2839 ἀντιπάλου

195 2867 321 2922 ὼθέν
395 2874 526 2942 ἡμῖν
595 2873 886 2942 φάρμακον
971 2874 1274 2946 διδαχθείην
1309 2917 1323 2940 ,
1391 2877 1449 2929 ἐν
1508 2877 1586 2947 τῷ
1643 2878 1739 2948 τῆς

197 2962 453 3028 μετανοίας
493 2963 644 3032 λόγῳ
666 3004 680 3028 ,
735 2963 873 3016 ὥστε
913 2964 1002 3018 διὰ
1031 2965 1220 3019 τούτου
1251 2984 1317 3036 με
1362 2967 1586 3020 πάντοτε
1617 2969 1738 3040 νίκῃ

194 3054 247 3121 τῇ
276 3053 402 3105 κατὰ
429 3053 524 3106 τοῦ
564 3053 764 3126 ἐχθροῦ
794 3056 1162 3119 συνεθίζεσθαί
1193 3074 1252 3110 τε
1285 3058 1380 3110 καὶ
1412 3059 1745 3129 ἐγγυμνάζε-

194 3142 313 3209 σθαι,
347 3146 626 3217 σκόπησον
674 3147 821 3209 ὅπως
869 3147 1178 3217 προσϐαίνω
1202 3148 1341 3202 κατά
1371 3149 1430 3202 τὸ
1459 3150 1747 3203 ἀκόλουθον

192 3236 246 3300 τῇ
285 3235 470 3305 ἐφεξῆς
516 3237 715 3301 ἀνόδῳ,
773 3237 927 3308 νίκην
980 3240 1045 3290 ἐκ
1090 3239 1248 3309 νίκης
1298 3241 1744 3311 μεταλαμϐάνων.

205 3325 590 3398 ’Δναγνώσομαι
639 3328 694 3380 δέ
728 3345 806 3381 σοι
846 3329 946 3398 τῆς
980 3330 1257 3401 ἱστορικῆς
1302 3332 1611 3401 ἐπιγραφῆς
1651 3332 1747 3403 τὴν

189 3414 484 3470 ἀκολουθίαν
512 3417 748 3488 ἔχουσαν
779 3417 950 3481 οὕτως
973 3433 987 3447 ⁸
1043 3437 1060 3468 ι
1089 3420 1180 3481 Et;
1208 3419 1266 3471 τὸ
1295 3419 1446 3483 τέλος
1483 3422 1748 3485 συνέσεως

193 3505 255 3574 τῷ
278 3508 450 3574 Δαῦὶδ,
481 3512 541 3561 ἐν
571 3507 652 3578 τῷ
683 3508 856 3562 ἐλθεῖν
889 3510 1047 3580 Δωὴκ
1067 3509 1157 3563 τὸν
1199 3511 1510 3582 Ἰδουμαῖον,
1536 3513 1629 3566 καὶ
1657 3515 1749 3567 άν-

187 3597 409 3661 αγγεῖλαι
440 3597 520 3666 τῷ
561 3597 758 3662 Σαοὺλ,
807 3600 899 3652 καὶ
937 3603 1109 3654 εἰπεῖν
1151 3602 1318 3672 αὐτῷ,
1347 3598 1548 3655 Ἶιλθεν
1588 3602 1750 3656 Δαόὶδ

189 3686 253 3746 ei;
283 3686 366 3739 τὸν
412 3684 570 3741 οἷκον
616 3689 919 3760 Ἀδιμέλεχ·
962 3710 979 3742 ³
1036 3692 1112 3744 Δι’
1160 3687 1235 3746 ὢν
1277 3693 1618 3764 διδάσκομαι’
1668 3695 1748 3746 ὅτι

183 3777 320 3830 τοῦτο
345 3781 446 3848 μὲν
489 3781 574 3842 εἰς
621 3779 682 3832 τὸ
722 3780 871 3843 τέλος
898 3783 996 3849 τῆς
1024 3783 1178 3854 νίκης
1199 3786 1349 3852 -ἄγει,
1381 3786 1508 3838 ὅταν
1539 3785 1750 3849 σύνεσις

187 3869 485 3938 καθηγεῖται
537 3872 636 3926 τοῦ
677 3872 790 3941 βίου
815 3914 829 3933 ,
875 3873 999 3927 καθ’
1035 3876 1326 3948 ὁμοιότητα
1367 3877 1459 3930 τοῦ
1514 3878 1748 3948 μεγάλου

180 3962 338 4015 Δαείδ.
385 3965 502 4018 Καὶ
560 3966 682 4017 τότε
715 3965 946 4034 μάλιστα
988 3967 1142 4020 λυπῶ
1191 3969 1281 4022 τὸν
1318 3970 1476 4040 Δωὴκ
1522 3971 1613 4024 τὸν
1649 3971 1750 4042 τῆς

182 4050 304 4119 ἐμῆς
354 4056 643 4128 σωτηρίας
685 4055 981 4128 τύραννον,
1020 4061 1079 4112 ἐν
1127 4059 1205 4131 τῷ
1254 4061 1389 4132 οἴκῳ
1421 4061 1514 4114 τοῦ
1563 4064 1751 4134 ἱερέως

177 4143 474 4212 γενόμενος,
525 4147 625 4199 καὶ
650 4148 777 4201 ὅταν
809 4149 1045 4218 ἡμιόνων
1078 4150 1379 4222 ὑπηρέτης,
1427 4153 1622 4222 μηκέτι
1661 4172 1750 4224 μοι

179 4237 301 4284 κατά
343 4236 649 4304 πρόσωπον
682 4239 1089 4308 συμπλέκεσθαι
1116 4240 1343 4312 δύναμιν
1372 4243 1534 4313 ἔχων,
1575 4245 1754 4315 λάθρα

1835 420 2037 490 ditper
2066 419 2333 490 psalmum
2373 418 2904 488 quinquagesimum,
2959 432 3067 486 quo
3093 417 3199 471 alia
3233 417 3404 474 victo-

1836 512 1916 564 ria
1969 519 2158 564 contra
2208 509 2578 565 adversarium
2628 508 2785 562 nobis
2835 517 3192 577 praeparatur.
3227 507 3402 565 Nosse

1835 603 1977 656 enim
2011 602 2248 671 seipsum
2297 613 2620 670 expurgare,
2667 598 2812 653 cedit
2847 598 2900 651 in
2949 601 3402 668 prmparationem

1835 702 1888 746 et
1933 692 2494 747 subministrationem
2532 698 2807 760 perpetuae
2852 689 3093 743 victoria:
3131 689 3200 743 ab
3245 690 3404 746 hoste

1835 783 2192 851 reportandm.
2244 781 2376 835 Nam
2429 797 2549 836 cum
2601 781 2653 834 in
2709 781 2811 834 hac
2849 779 2957 834 vita
3009 779 3402 835 indesinentem

1837 861 2036 927 luctati)
2105 875 2383 944 suscipere
2435 873 2732 929 debeamus
2784 871 3053 927 adversus
3105 871 3402 941 principem

1837 966 2184 1020 tenebrarum
2210 965 2424 1029 harum,
2454 973 2506 1020 et
2537 965 2802 1019 adversus
2824 964 3128 1034 spiritualia
3152 964 3407 1033 nequitia:

1836 1056 1892 1109 in
1917 1056 2254 1119 cmlestibus,
2298 1072 2532 1127 cumque
2563 1057 2796 1110 amicam
2850 1062 3058 1109 tantum
3115 1053 3404 1110 resistendi

1836 1147 2122 1210 rationem,
2147 1163 2340 1218 nempe
2365 1148 2761 1218 penitentiam,
2781 1156 2834 1202 et
2856 1149 3072 1218 quidem
3099 1147 3163 1201 ad
3187 1161 3405 1202 omnem

1837 1237 2009 1293 hostis
2055 1239 2362 1292 invadentis
2417 1239 2834 1309 impressionem
2885 1239 3205 1302 habeamus,
3259 1245 3408 1292 certe

1837 1328 2048 1396 qui-illa
2079 1336 2222 1384 recte
2249 1331 2444 1393 utitur,
2480 1331 2525 1384 is
2559 1329 2608 1383 ﬁt
2640 1340 2936 1401 perpetuus
2963 1334 3134 1386 vietor
3161 1333 3403 1402 perpetui

1837 1418 2009 1472 nostri
2051 1419 2370 1474 adversarii.
2412 1420 2682 1476 Caeterum
2736 1421 2982 1476 historia:
3019 1423 3072 1475 in
3109 1422 3194 1477 his
3241 1422 3405 1476 etiam

1837 1523 1958 1577 qua:
1982 1521 2303 1578 sequuntur,
2330 1510 2465 1566 ordo
2498 1527 2604 1566 non
2637 1521 2872 1576 constat,
2911 1514 3003 1568 sed
3034 1515 3184 1569 solus
3212 1529 3407 1568 sensus

1839 1603 1966 1666 apto
2014 1597 2208 1652 ordine
2257 1615 2537 1654 connexus
2569 1609 2623 1655 et
2676 1602 2976 1672 dispositus
3004 1610 3108 1657 est.
3169 1601 3302 1656 Nam
3352 1603 3403 1657 id

1839 1687 1985 1756 quod
2017 1704 2142 1742 cum
2181 1687 2482 1744 Bethsabce
2515 1699 2568 1746 et
2602 1691 2728 1746 Uria
2763 1676 2962 1747 accidit
2999 1694 3066 1758 ",
3106 1693 3266 1764 longe
3309 1709 3406 1764 pe-

1840 1781 2040 1836 sterius
2070 1788 2172 1845 est,
2207 1795 2366 1851 quam
2408 1781 2538 1835 illud
2577 1782 2645 1837 de
2685 1782 3110 1853 Doeg-ldnmteo,
3141 1785 3266 1855 quia
3305 1786 3406 1840 hoc

1839 1871 2332 1942 initio-tyrannidis
2375 1869 2558 1926 Saulis
2589 1873 2822 1939 accidit;
2882 1872 3016 1927 illud
3071 1873 3233 1943 paulo
3283 1882 3407 1928 ante

1841 1960 2000 2015 ﬁnem
2053 1961 2202 2029 regni
2255 1959 2420 2014 David
2445 1961 2522 2016 l"z
2577 1963 2671 2016 sed
2721 1963 3034 2032 temporalis
3073 1973 3125 2017 et
3171 1964 3407 2018 carnalis

1839 2067 2019 2107 rerum
2045 2051 2178 2105 ordo
2202 2051 2426 2121 Spiritui
2450 2062 2641 2107 sancto
2671 2068 2778 2107 non
2799 2061 2882 2108 est
2907 2068 3070 2107 curae.
3097 2052 3234 2120 Quid
3263 2055 3406 2108 enim

1840 2144 2089 2198 utilitatis
2135 2143 2259 2197 inde
2295 2142 2362 2196 ad
2414 2159 2500 2198 me
2551 2143 2775 2206 rediret,
2834 2145 2878 2199 si
2921 2145 3154 2215 primum
3191 2145 3405 2215 quidem

1839 2240 2098 2294 edocerer
2126 2254 2360 2314 ea,_qute
2388 2253 2512 2292 cum
2545 2237 2778 2292 ldumazo
2817 2239 3184 2309 contigerunt,
3221 2246 3407 2308 postea

1838 2329 1951 2391 illa,
1978 2344 2099 2398 qua:
2127 2343 2250 2383 cum
2283 2327 2616 2383 Bethsabee?

1909 2421 2041 2485 Quae
2080 2435 2176 2490 per
2204 2420 2318 2474 haec
2345 2419 2519 2474 virtus
2547 2419 2679 2473 mihi
2708 2420 3167 2489 compararetur?
3193 2433 3314 2487 qua;
3344 2416 3418 2470 ad.

1840 2511 2066 2565 meliora
2121 2509 2409 2564 ascensio?
2455 2524 2576 2578 quae
2620 2509 2872 2564 doctrina
2921 2511 2988 2563 ad
3030 2509 3408 2564 sublimiorum

1840 2602 2252 2673 cupiditatem?‘
2297 2601 2346 2656 si
2408 2616 2537 2655 vero
2595 2601 2801 2656 discam
2856 2603 2910 2655 in
2959 2603 3412 2672 quinquagesimo

1841 2695 2052 2764 psalmo
2087 2694 2366 2764 mysteria,
2406 2709 2526 2763 quae
2546 2693 2599 2747 in
2624 2707 2688 2747 eo
2712 2693 2893 2748 abdita
2926 2694 3117 2758 latent,
3147 2701 3200 2746 et
3226 2699 3420 2761 postea-

1843 2783 1910 2838 ad
1940 2785 2276 2839 eversionem
2303 2784 2600 2840 adversarii
2630 2783 2818 2838 datum
2855 2783 3014 2838 nobis
3044 2783 3412 2838 medicamen-

1845 2885 1958 2930 tum
2003 2877 2054 2929 in
2091 2876 2183 2929 illo
2224 2876 2556 2946 paenitentiae
2591 2890 2844 2930 sermone
2875 2875 3188 2945 intelligam,
3231 2881 3296 2926 ut
3319 2889 3413 2944 per

1845 2966 1949 3019 hoc
1971 2979 2055 3018 me
2074 2979 2290 3034 semper
2315 2965 2554 3018 victoria:
2578 2973 2766 3018 contra
2791 2963 3000 3018 hostem
3026 2963 3411 3030 assuefaeiam,

1845 3066 1899 3110 et
1927 3055 1979 3108 in
2004 3069 2065 3109 ea
2102 3069 2187 3109 me
2217 3069 2523 3119 exerceam,
2559 3055 2759 3109 mirum
2793 3055 2940 3109 dictu
2965 3063 3068 3116 est,
3094 3069 3254 3124 quam
3286 3063 3414 3123 apto

1847 3156 1900 3202 et
1923 3147 2282 3202 conveniente
2305 3148 2496 3202 ordine
2522 3145 2778 3202 accedam
2805 3145 2868 3200 ad
2895 3154 3208 3216 sequentem
3233 3161 3417 3201 ascen-

1847 3253 1991 3303 sum,
2032 3239 2316 3293 victoriam
2349 3255 2412 3293 ex
2443 3238 2670 3292 victoria
2711 3245 3019 3308 reportans.
3057 3236 3256 3308 Legam
3289 3251 3417 3290 vero

1850 3327 1944 3380 tibi
1990 3326 2162 3396 ipsam
2201 3326 2478 3381 historica:
2509 3326 2888 3396 inscriptionis
2926 3327 3144 3389 seriem,
3187 3342 3308 3396 qua:
3337 3326 3419 3380 sic

1851 3418 2048 3472 habet:
2095 3416 2190 3470 cln
2237 3417 2396 3471 linem
2441 3417 2750 3473 intellectus
2784 3416 2972 3481 David,
3023 3417 3242 3488 quando
3272 3418 3420 3471 venit

1853 3507 1995 3577 Doeg
2021 3507 2307 3571 ldntnazus,
2339 3515 2392 3561 et
2423 3507 2769 3561 annuntiavit
2795 3505 2943 3560 Sauli
2971 3515 3024 3561 et
3053 3507 3220 3561 dixit:
3245 3504 3422 3561 'Vcnit

1852 3599 2018 3652 David
2075 3599 2127 3652 in
2182 3599 2402 3653 domum
2459 3597 2826 3652 Abimelech.»
2886 3599 3095 3664 Quibus
3135 3599 3419 3662 docemur,

1854 3699 1965 3742 tum
1987 3688 2052 3742 ad
2075 3689 2234 3743 ﬁnem
2264 3687 2505 3741 victoria:
2537 3687 2833 3756 perveniri,
2865 3687 3086 3756 quando
3111 3688 3420 3744 intellectus

1853 3783 2018 3837 vitam
2048 3781 2183 3851 regit
2207 3780 2505 3834 secundum
2531 3779 2943 3832 similitudinem
2973 3780 3152 3849 magni
3180 3780 3418 3845 Davidis,

1853 3883 2077 3943 tumque
2129 3872 2362 3925 maxime
2412 3871 2631 3925 tristitia
2680 3870 2813 3924 allici
2858 3871 3002 3942 Doeg
3048 3872 3242 3927 salutis
3291 3887 3426 3926 meas

1855 3967 2088 4031 hostem,
2153 3965 2371 4035 quando
2417 3965 2470 4020 in
2529 3965 2691 4020 domo
2754 3964 3057 4020 sacerdotis
3101 3980 3308 4029 versor,
3369 3972 3424 4019 et

1854 4058 2071 4128 quando
2121 4059 2394 4112 mulorum
2451 4056 2686 4112 famulus
2727 4072 2836 4111 non
2863 4057 3096 4126 amplius
3137 4065 3322 4126 aperte
3371 4064 3426 4112 et

1856 4148 2031 4217 palam
2086 4162 2296 4202 mecum
2332 4148 2586 4217 congredi
2621 4147 2803 4211 audet,
2863 4147 2957 4202 sed
2988 4147 3202 4202 occulte
3228 4154 3422 4201 contra

1856 4255 1940 4293 me
1983 4239 2211 4294 insidias
2258 4239 2407 4302 texit,
2436 4239 2563 4293 dum
2596 4239 2799 4292 indicat
2845 4238 2891 4292 ei
2919 4239 3009 4306 qni
3041 4239 3242 4292 caedem
3292 4237 3427 4294 mihi

175 4326 282 4376 κατ’
323 4327 462 4396 ἐμοῦ
502 4329 605 4400 τὴν
636 4329 930 4402 ἐπιϐουλὴν
969 4331 1312 4402 ἐξαρτύεται,
1357 4334 1434 4405 τῷ
1466 4339 1585 4389 κατ’
1616 4337 1743 4406 ἐμοῦ

1856 4330 2215 4395 machinatur,
2239 4344 2410 4383 meam
2437 4329 2488 4383 in
2519 4328 2820 4384 sacerdotis
2845 4328 3008 4382 domo
3039 4329 3427 4382 commoratio-

175 4418 414 4481 ᾳονῶντι,
469 4423 579 4488 τὴν
632 4422 784 4492 παρὰ
825 4423 904 4493 τῷ
963 4425 1099 4495 ίερεῖ
1137 4424 1410 4498 διαγωγήν
1448 4445 1549 4497 μου
1591 4446 1754 4482 κατα-

175 4508 402 4575 μηνύων.
451 4512 633 4580 Δῆλον
662 4513 706 4565 δ’
733 4513 799 4566 ἂν
846 4515 930 4584 εἴη
969 4515 1112 4578 τίνες
1151 4518 1288 4570 εἰσὶν
1326 4519 1381 4570 αί
1417 4519 1646 4590 ἡμίονοι,
1680 4514 1756 4573 ὧν

173 4598 447 4654 ἐπιστατεῖ
480 4597 643 4666 οὗτος
665 4606 693 4655 ὁ
735 4603 1046 4674 Ἰδουμαῖος,
1075 4607 1103 4659 ὁ
1129 4607 1229 4678 τὴν
1266 4607 1456 4675 ἄγονον
1487 4610 1756 4680 βουκολῶν

172 4688 342 4755 φύσιν,
372 4693 432 4746 ἐν
543 4693 636 4746 τοῦ
659 4694 811 4748 Θεοῦ
848 4697 880 4764 ὴ
920 4695 1139 4765 εὐλογία
1172 4699 1334 4751 τόπον
1365 4701 1462 4770 οὐχ
1497 4694 1677 4771 εὗρεν,
1717 4702 1752 4771 ἦ

173 4795 325 4846 quam
355 4782 416 4846 ἐξ
463 4784 645 4853 ἀρχῆς
689 4785 781 4837 τὸν
809 4784 1127 4856 πληθυσμὸν
1159 4787 1429 4840 ἐντιθεῖσα
1463 4791 1527 4860 τῇ
1560 4789 1754 4853 κτίσει,

171 4866 264 4930 ὃτι,
306 4889 323 4921 ι
356 4873 676 4936 Δῦξάνεσθε
717 4875 810 4928 καὶ
839 4875 1196 4945 πληθύνεσθε.
1233 4897 1252 4930 ι
1290 4880 1364 4931 Οὐ
1398 4879 1506 4948 γὰρ
1538 4881 1600 4933 ἐκ
1627 4879 1758 4933 Θεοῦ

175 4961 198 5010 ὁ
229 4963 565 5035 πληθυσμὸς
588 4969 651 5036 τῇ
682 4968 852 5038 κακία
875 4985 888 4998 ο
933 4969 1010 5032 ὡς
1037 4969 1158 5022 οὐδὲ
1187 4969 1244 5036 ἐξ
1273 4971 1516 5041 ἀλλήλων
1542 4973 1692 5026 ἐστὶν
1725 4975 1757 5043 ἡ

174 5051 258 5103 τοῦ
287 5056 490 5121 γένους
512 5057 626 5109 τῶν
654 5059 888 5128 ἡμιόνων
920 5061 1158 5132 διαδοχὴ,
1184 5062 1299 5116 ἀλλ’
1331 5063 1420 5116 ἀεὶ
1452 5069 1763 5136 καινοτομεί

178 5141 232 5192 τὸ
257 5144 394 5205 ζῶον
429 5148 464 5214 ἡ
515 5146 678 5214 φύσις
723 5148 782 5200 τὸ
814 5149 888 5219 μὴ
933 5149 992 5202 ὃν
1037 5152 1094 5204 ὲν
1132 5155 1196 5224 τῇ
1239 5153 1416 5208 κτίσει
1453 5152 1519 5205 δι’
1559 5155 1757 5225 ἑαυτῆς

182 5234 684 5307 παρασοφιζομένη,
709 5240 803 5291 καὶ
819 5242 1240 5310 παρεισάγουσα.
1267 5244 1440 5317 Δῆλον
1463 5243 1519 5296 δὲ
1544 5245 1758 5310 πάντως

185 5318 261 5405 ἐμὲ
284 5322 391 5374 τῶν
421 5325 734 5393 εἰρημένων
769 5329 885 5381 ἐστὶ
917 5331 1049 5400 πρὸς
1091 5339 1207 5396 τινα
1261 5335 1477 5394 σκοπὸν
1511 5334 1696 5405 βλέπει
1729 5339 1757 5390 ὁ

187 5402 348 5475 λόγος.
389 5413 455 5464 Et
496 5413 611 5483 γὰρ
641 5418 812 5470 πάντα
859 5419 958 5472 ὅσα
1001 5423 1240 5512 ἐποίησεν
1283 5436 1312 5489 ὁ
1367 5427 1574 5498 Κύριος
1617 5427 1757 5482 καλὰ

1860 4434 2004 4472 nem.
2053 4418 2247 4488 Liquet
2297 4434 2462 4488 porro
2493 4420 2713 4489 quinam
2748 4420 2858 4474 sint
2907 4419 3060 4486 muli,
3092 4420 3294 4488 quibus
3326 4420 3428 4475 iste

1857 4507 2125 4564 Idumaeos
2164 4518 2379 4580 pricest,
2436 4513 2539 4581 qui
2576 4511 2920 4566 infecunda-tn
2989 4512 3132 4564 illam
3178 4521 3428 4566 naturam

1860 4600 2059 4670 pascit,
2094 4601 2146 4654 in
2201 4617 2305 4669 qua
2351 4601 2533 4671 locum
2580 4617 2686 4655 non
2745 4601 2911 4655 habet
2962 4600 3054 4656 Dei
3096 4601 3428 4666 benedictio,

1851 4707 2021 4761 quant
2077 4691 2300 4760 protulit
2351 4691 2420 4744 ab
2466 4691 2641 4757 initio,
2697 4707 2819 4745 cum
2856 4701 3163 4746 creaturam
3219 4693 3270 4746 vi
3311 4709 3432 4748 sese

1859 4781 2254 4852 multiplicandi
2282 4781 2510 4836 donaret
2534 4782 2620 4836 his
2650 4783 2856 4837 verbis:
2899 4802 2916 4834 ι
2939 4783 3184 4839 Crescite
3210 4793 3263 4838 et
3291 4784 3433 4837 mul-

1860 4873 2302 4944 tiplicamini”.i
2364 4871 2498 4927 Nam
2559 4875 2943 4944 multiplicatio
2995 4875 3216 4929 malitia:
3249 4888 3278 4928 a
3325 4873 3434 4929 Deo

1857 4981 1970 5021 non
2007 4965 2388 5035 proﬁciscitur.
2427 4965 2611 5035 Itaque
2642 4981 2819 5034 neque
2855 4981 2918 5020 ex
2946 4983 3005 5021 se
3030 4977 3220 5019 mutuo
3257 4966 3434 5021 mulo-

1858 5074 1978 5113 rum
2013 5073 2184 5126 genus
2218 5057 2487 5120 nascitur,
2520 5057 2614 5112 sed
2647 5065 2840 5111 natura
2878 5073 3092 5127 semper
3128 5073 3264 5111 nova
3295 5071 3434 5125 qna-

1863 5153 1985 5206 dam
2027 5151 2236 5206 ratione
2278 5157 2600 5221 progenerat
2643 5151 2746 5204 hoc
2785 5149 3008 5208 animal,
3057 5149 3109 5202 id
3153 5148 3428 5207 videlicet,

1864 5244 2009 5314 quod
2041 5245 2093 5298 in
2127 5252 2320 5298 natura
2359 5259 2466 5297 non
2491 5251 2593 5304 est,
2629 5250 2821 5312 suopte
2846 5241 3062 5310 ingenio
3099 5238 3255 5309 quasi
3285 5252 3434 5303 com-

1865 5337 2164 5392 miniscens
2198 5343 2252 5390 et
2288 5335 2742 5405 superinducens.
2781 5331 2855 5386 Ex
2887 5331 3048 5386 dictis
3097 5338 3274 5383 autem
3308 5340 3431 5377 om-

1862 5428 1993 5484 nino
2045 5428 2392 5499 perspicuum
2456 5425 2717 5490 arbitror,
2767 5437 3031 5495 quorsum
3084 5421 3197 5474 hac
3246 5411 3431 5468 tendat

256 5585 297 5619 ”
329 5590 372 5644 ΙΙ
423 5590 565 5664 Reg.
601 5608 655 5659 II,
701 5595 877 5663 isqq.
950 5597 1166 5713 "mes.
1198 5575 1352 5692 nl“,
1405 5612 1441 5669 9
1486 5623 1607 5677 sqq.
1723 5605 1766 5636 ”
1793 5606 1924 5662 Gen.
1965 5624 2000 5672 ι,
2030 5606 2120 5660 28.

82 5859 288 6194 μ

3907 287 3925 408 ρ

3907 423 3923 582 Ξ

3905 601 3921 730 ἓ

3904 743 3920 1160 ἓ

3905 1181 3915 1458 ἔ
