4018 6334
251 107 328 161 διδ
1302 99 1312 117 ’
1599 121 1664 176 IN
1701 122 1753 174 Pi

1854 124 2030 181 μιιοε.
3319 128 3424 186 566

249 229 347 284 ἰδεῖν
369 223 450 294 τῆς
476 221 785 293 ψαλμῳδίας
829 223 1031 292 ταύτης
1077 225 1213 278 κατὰ
1241 226 1301 281 τὸ
1337 227 1504 300 ἄκρον
1530 231 1627 301 τὴν
1655 232 1747 285 τοῦ

1854 236 2010 288 tremi
2043 235 2198 306 quasi
2223 235 2455 304 radium,
2489 234 2644 293 initio
2667 239 2948 309 sequentis
2982 242 3180 310 psalmi
3202 243 3270 307 ",
3303 253 3424 300 tan—

248 320 460 389 νοήματος
484 316 693 380 ἀκτῖνα,
725 313 801 385 τῷ
824 316 1091 388 προοιμίῳ
1109 318 1207 387 τῆς
1227 318 1319 372 τοῦ
1348 326 1752 393 παρακειμένου

241 407 414 478 ψαλμοῦ
435 405 785 475 λαμπηδόνος,
814 405 882 458 δι’
911 408 1203 462 ἀκολούθου
1240 415 1717 488 προσμιγνυμένην
1736 434 1750 448 ·

243 499 348 551 ὥστε
382 496 640 550 λανθάνειν
682 495 741 548 τὸ
791 497 954 567 μέσον
1002 497 1237 564 τούτων,
1287 501 1608 573 αὐτομάτως
1655 506 1755 576 τῆς

236 588 426 648 διανοίας
453 584 556 638 ἀπὸ
599 585 788 638 τούτου
835 586 971 657 πρὸς
1023 586 1122 659 τὴν
1170 589 1533 663 ὑποκειμένην
1571 592 1753 664 ψαλμ-

237 679 362 746 ῳδίαν
388 675 819 747 καταμιχθείσης.
869 678 927 729 '0
952 677 1060 748 γὰρ
1101 678 1177 742 ὡς
1215 680 1368 734 ἐλαία
1400 683 1754 753 κατάκαρπος

238 768 436 839 ριζωθεὶς
460 767 515 819 ἐν
537 767 615 836 τῷ
641 769 772 838 οἴκῳ
805 767 897 820 τοῦ
922 769 1084 832 θεοῦ,
1119 771 1213 824 καὶ
1246 773 1304 825 τὸ
1338 774 1544 842 ἑδραῖον
1572 793 1630 828 τε
1659 775 1751 829 καὶ

235 861 575 929 ἀμετακίνητον
619 858 710 911 τοῦ
765 860 905 912 κατὰ
942 860 1038 930 τὴν
1074 863 1252 916 πίστιν
1291 867 1664 935 στερεὼματος
1695 869 1776 918 ἐν’

232 950 368 1021 ἐτντῷ
393 947 706 1020 βεϐαιώσας.
733 952 826 1004 καὶ
849 950 944 1022 τὴν
975 952 1163 1006 ἐλπίδα
1192 953 1282 1006 τοῦ
1313 955 1454 1010 θείου
1486 946 1662 1011 ἐλαίου
1686 959 1750 1011 δι’

234 1042 525 1111 εὐχαριστίας
560 1045 625 1112 τῇ
656 1043 877 1115 ἀπειρία
911 1043 1020 1096 τῶν
1051 1044 1260 1098 αἰώνων
1287 1051 1745 1119 συμπαρατείνας,

232 1133 351 1202 θυμῷ
376 1133 565 1202 χρῆται
599 1134 737 1187 κατὰ
783 1134 888 1187 τῶν
934 1137 1322 1205 ἅφραινόντων,
1354 1132 1429 1192 ῶν
1459 1141 1750 1210 κεφάλαιον

231 1223 303 1290 τῆς
326 1222 636 1293 ἀφροσύνης,
683 1224 742 1277 τὸ
767 1225 856 1277 τὸν
889 1225 1156 1296 ἀληθινῶς
1190 1229 1338 1295 ὄντα,
1374 1231 1464 1283 τὸν
1492 1234 1583 1285 ἐπὶ
1612 1235 1748 1286 πάν-

231 1327 327 1374 των,
353 1312 434 1363 καὶ
455 1312 508 1363 ἐν
539 1314 724 1379 πᾶσιν,
756 1312 940 1367 τοῦτον
977 1316 1050 1386 μὴ
1082 1312 1221 1369 εῖναι
1249 1318 1448 1388 λέγειν,
1483 1323 1748 1376 Τοιούτων

226 1401 328 1471 γὰρ,
367 1402 538 1471 φησὶν,
585 1403 680 1456 καὶ
713 1405 964 1458 τοιούτων
989 1407 1155 1461 ὄντων
1205 1409 1460 1482 (πρῶτον
1489 1412 1581 1465 τοῦ
1615 1413 1748 1467 Θεοῦ

229 1491 417 1543 δείκνυσι
450 1493 547 1561 τὴν
579 1494 720 1564 ὑπὲρ
749 1495 854 1547 τῶν
901 1497 1200 1568 ἀνθρώπων
1243 1502 1582 1572 προμήθειαν
1611 1521 1624 1534 ·
1665 1508 1748 1574 ἐφ’

227 1574 274 1630 οὗ
300 1581 348 1632 τὸ
371 1581 466 1633 τῶν
496 1582 730 1637 ἐλπίδων
759 1584 972 1655 βέϐαιον
999 1586 1170 1652 οὕτως
1208 1591 1541 1660 ἀμετάθετόν
1582 1595 1750 1662 ἐστιν,
1785 1562 1829 1622 Β

229 1672 286 1734 t'a;
305 1673 368 1743 μὴ
394 1675 622 1744 κάμνειν
645 1679 709 1747 τῇ
742 1677 1001 1750 άῖδιότητι
1032 1680 1137 1733 τῶν
1181 1682 1411 1750 αἰώνων,
1454 1685 1546 1740 τὸν
1589 1688 1752 1742 πόθον

230 1766 697 1836 σννεκτεινόμενον),
723 1767 840 1830 πῶς
871 1788 888 1820 ι
931 1768 1078 1838 λέγει
1107 1773 1136 1824 ὁ
1165 1773 1352 1845 ἄφρων
1378 1779 1446 1830 ἐν’
1465 1781 1527 1849 τῇ
1558 1780 1751 1852 καρδίᾳ

228 1851 387 1904 αὐτοῦ’
429 1855 540 1908 Οὐκ
594 1856 712 1909 ἔστι
763 1858 932 1924 Θεός;
981 1861 1347 1935 διεφθάρησαν
1397 1869 1490 1921 καὶ
1533 1851 1752 1923 sessio;

229 1940 409 2010 χϐησαν,
447 1963 465 1994 ι
514 1945 579 1998 ὲν
613 1949 724 2010 τοῖς
758 1947 1013 2015 τοιούτοις
1053 1953 1153 2024 τῆς
1194 1954 1428 2021 διανοίας
1467 1960 1748 2031 ἐπιτηδεύ-

230 2043 376 2092 μασιν.

276 2118 425 2188 Φθορὰ
463 2122 576 2193 γάρ
630 2127 774 2178 ἐστιν
807 2127 883 2190 ὡς
915 2129 1126 2200 ἀληθῶς
1153 2174 1168 2200 ,
1225 2135 1316 2187 καὶ
1368 2137 1607 2204 διάλυσις
1657 2143 1750 2197 τοῦ

228 2211 520 2278 συνεστῶτος,
560 2216 597 2284 ἡ
637 2216 729 2269 τοῦ
754 2218 919 2282 ὅντως
949 2220 1098 2285 ὄντος
1131 2225 1460 2292 ἀπόπτωσις.
1498 2231 1619 2296 Πῶς
1645 2233 1752 2303 γὰρ

223 2299 273 2351 άν
297 2318 364 2365 τις
385 2307 436 2356 ἐν
460 2306 536 2376 τῷ
567 2304 711 2361 εἶναι
738 2310 844 2379 εἴη,
874 2313 948 2382 μὴ
975 2315 1031 2366 ἐν
1061 2314 1137 2384 τῷ
1169 2316 1280 2370 ὄντι
1307 2318 1412 2386 ῶν;
1463 2321 1586 2384 Πῶς
1617 2322 1660 2375 δ’
1687 2325 1750 2379 ἄν

221 2410 284 2458 τις
303 2397 426 2464 μένοι
454 2403 508 2452 ἐν
529 2401 614 2470 τῷ
647 2401 778 2467 ὄντι,
805 2406 878 2473 μὴ
908 2408 1173 2461 πιστεύων
1203 2411 1280 2480 τῷ
1307 2412 1436 2477 ὄντι,
1465 2415 1544 2466 ὅτι
1577 2416 1749 2481 ἕστινς

232 2484 276 2538 ’0
305 2487 352 2540 δὲ
375 2489 581 2561 άληθῶς
633 2492 727 2556 ῶν,
757 2495 888 2559 Θεός
921 2499 1036 2550 ἐστι
1070 2500 1304 2565 πάντως,
1335 2504 1514 2568 καθὼς
1544 2507 1619 2576 τῷ
1653 2525 1751 2577 με·

221 2579 338 2649 γάλῳ
366 2583 544 2636 films-si
572 2587 608 2655 ἡ
642 2587 875 2640 ὀπτασία
905 2590 1002 2660 τῆς
1046 2592 1357 2660 θεοφανείας
1393 2599 1747 2669 μαρτύρεται.

229 2667 275 2722 ’0
295 2667 675 2728 οὗνέκϐάλλων
719 2678 819 2748 τῆς
865 2681 1056 2735 ἑαυτοῦ
1102 2682 1336 2748 διανοίας
1383 2689 1473 2742 τοῦ
1525 2691 1657 2745 Θεοῦ
1693 2694 1752 2746 τὸ

218 2755 344 2825 εἶναι,
366 2765 425 2815 ἐκ
447 2766 537 2818 τοῦ
569 2769 779 2821 ἐκεῖνον
813 2770 888 2841 μὴ
917 2767 1051 2826 εἶναι
1079 2772 1274 2843 λέγειν,
1306 2779 1497 2832 ἑαυτοῦ
1525 2782 1584 2834 τὸ
1613 2779 1751 2837 εἶναι

217 2851 494 2926 διέᾳθειρεν,
521 2859 635 2925 ἔξω
656 2859 746 2912 τοῦ
769 2860 919 2925 ὄντος
944 2865 1226 2936 γενόμενος
1236 2909 1245 2918 ·
1270 2868 1366 2921 Αιά
1387 2870 1542 2924 τοῦτό
1565 2891 1746 2944 φησινς

213 2943 396 3018 Ἐπειδὴ
417 2951 522 3002 ἀπὸ
549 2949 651 3003 τοῦ
679 2951 812 3005 Θεοῦ
835 2954 1130 3022 ἐξέκλιναν,
1151 2978 1168 3009 ι
1190 2961 1348 3024 εὐθὺς
1378 2963 1752 3036 ἠχρειὼθησαν

213 3036 251 3086 οἱ
272 3038 468 3104 πάντες,
490 3061 508 3094 ι
559 3041 677 3097 οἷον
715 3061 771 3095 τι
802 3045 994 3110 σκεῦος
1021 3048 1341 3121 ἀπόϐλητον,
1374 3058 1753 3122 καταγνωσθὲν

207 3128 493 3198 ἀχρηστίαν.
541 3135 622 3186 Τὸ
670 3133 726 3186 δὲ
772 3136 847 3206 τῷ
895 3138 1042 3207 καλῷ
1070 3140 1359 3214 ἄχρηστον,
1394 3145 1492 3215 τὴν
1528 3147 1663 3217 πρὸς
1694 3149 1753 3202 τὸ

207 3220 806 3296 κακδνίὲπιτηδειότητα,
849 3227 934 3280 διὰ
976 3229 1073 3298 τῆς
1105 3233 1240 3302 πρὸς
1280 3233 1339 3284 τὸ
1373 3239 1616 3304 κρεῖττον
1659 3239 1755 3291 ἀν-

198 3314 494 3378 αρμοστίας,
529 3316 723 3384 σαφῶς
755 3318 1132 3374 ἐπιδείκνυσιν.
1177 3324 1326 3376 Ἐπεὶ
1353 3321 1444 3378 οῦν
1473 3326 1556 3380 διὰ
1584 3327 1754 3380 ταῦτα

199 3401 430 3469 ὀΚύριος
485 3425 504 3455 ι
536 3407 605 3459 ἐκ
638 3407 729 3459 τοῦ
775 3409 1003 3479 ούρανοῦ
1051 3412 1142 3465 ἐπὶ
1189 3415 1312 3477 τοὺς
1347 3416 1495 3480 υἱοὺς
1527 3417 1633 3472 τῶν
1663 3420 1754 3471 ἀν-

191 3486 400 3557 θρώπων
437 3494 704 3565 διέκοψεν
730 3512 744 3526 ⁸
777 3516 796 3547 ι
849 3500 876 3551 ὁ
905 3499 960 3552 δὲ
995 3500 1232 3564 τοιοῦτος
1259 3503 1414 3572 λόγος
1447 3505 1544 3576 τὴν
1576 3509 1632 3560 ὲν
1658 3510 1751 3561 ἀν-

192 3578 405 3647 θρώποις
448 3586 549 3638 τοῦ
587 3589 797 3657 Κυρίου
830 3593 1269 3664 συναναστροφὴν
1307 3597 1629 3667 προμηνύει,
1665 3602 1753 3654 ὅτε

181 3673 278 3734 τοῖς
326 3677 884 3748 προκαθηγουμένοις
931 3682 1064 3751 πρὸς
1101 3683 1198 3754 τὴν
1231 3686 1488 3740 ἀπιστίαν
1534 3692 1644 3752 τοῖς
1678 3692 1753 3743 ίε-

186 3762 347 3828 ρεῦτίν
390 3784 448 3819 τε
486 3769 590 3820 καὶ
619 3769 930 3840 Φαρισαίοις
982 3772 1075 3824 καὶ
1122 3777 1560 3845 γραμματεῦσιν,
1610 3779 1754 3834 ἅπαν

171 3853 580 3931 ἐπηκολούθησε
616 3861 680 3914 τὸ
708 3862 944 3932 ὑπήκοον
969 3878 982 3893 ⁸
1032 3865 1229 3918 ἐκεῖνοι
1257 3867 1364 3938 γὰρ
1395 3864 1532 3939 ἦσαν
1561 3871 1609 3922 oi
1645 3875 1754 3935 τοῖς

174 3944 515 4019 βλασφήμοις
543 3953 759 4006 ἑαυτῶν
787 3953 965 4008 ὀδοῦσι
996 3956 1084 4008 τὸν
1116 3956 1240 4010 λαὸν
1268 3961 1671 4031 σπαράσσοντές
1693 3981 1754 4017 τε

166 4040 248 4091 καὶ
290 4040 673 4107 διεσθίοντες·
707 4046 796 4102 διὰ
820 4047 975 4100 τοῦτό
1006 4067 1191 4119 φησιν,
1220 4052 1302 4104 ὅτι
1359 4071 1377 4102 ι
1410 4054 1555 4107 Ἐκεῖ
1587 4057 1755 4126 φοϐη-

162 4125 413 4197 θήσονται
467 4133 670 4200 φόϐον,
703 4128 764 4188 οὗ
792 4137 892 4189 οὐκ
921 4132 988 4207 ἦν
1014 4138 1208 4206 φόϐος,
1260 4142 1308 4193 oi
1353 4142 1619 4209 ἐσθίοντες
1664 4125 1754 4200 τδν

1856 342 2018 396 quam
2072 329 2309 384 lucernae
2346 329 2734 399 consequentia
2777 331 3034 400 quadam,
3085 334 3321 391 allucere
3368 347 3419 392 et

1856 419 2193 488 permisceri,
2252 428 2312 474 ut
2368 420 2626 486 medium,
2695 421 2840 493 quod
2893 423 3243 495 interjicitur,
3310 445 3420 485 non

1854 519 2132 579 appareat,
2176 519 2370 580 sponte
2412 527 2511 566 sua
2548 512 2731 566 animo
2758 511 2828 566 ab
2868 513 2970 568 bac
3016 516 3086 571 ad
3118 519 3419 588 suhjectam

1854 601 2211 670 psalmodiam
2261 601 2560 656 delabente.
2594 601 2699 668 Qui
2741 605 2885 658 enim
2917 611 2975 657 ut
3005 606 3144 661 oliva
3176 607 3322 666 ferax
3364 613 3418 667 in

1854 691 2016 744 domo
2053 689 2266 744 Domini
2319 693 2529 747 radices
2570 692 2705 757 ﬁxit,
2745 696 3020 764 lixumque
3069 697 3200 754 illud
3231 709 3286 755 et
3316 702 3419 756 im-

1855 789 2059 832 motum
2097 778 2218 833 ﬁdei
2251 780 2651 837 ﬁrmamentum
2692 782 2795 838 sibi
2829 787 3182 853 comparavit,
3226 797 3280 843 et
3328 793 3417 859 qui

1854 884 2003 937 spem
2038 871 2206 925 divini
2239 873 2344 926 olei
2382 888 2478 941 per
2504 873 2800 941 gratiarum
2832 875 3100 930 actionem
3133 879 3199 934 ad
3239 880 3420 934 infini-

1854 966 2016 1014 tatem
2042 962 2367 1017 saiculorum
2396 964 2662 1029 extendit,
2690 943 3050 1022 is‘iracundia
3078 969 3130 1022 in
3156 969 3418 1040 insipien-

1853 1059 1935 1106 tes
1964 1054 2287 1118 exardescit,
2323 1070 2555 1124 quorum
2587 1055 2910 1124 insipientia:
2941 1068 3105 1128 caput
3137 1069 3238 1126 est,
3259 1077 3420 1124 asse.

1852 1159 1972 1199 rere
2005 1161 2128 1198 eum
2157 1161 2263 1200 non
2293 1163 2434 1213 esse,
2468 1149 2560 1216 qui
2601 1164 2725 1204 vere
2748 1161 2850 1215 est,
2883 1161 2936 1206 et
2965 1168 3130 1222 super
3155 1169 3345 1210 omnes
3367 1165 3420 1210 et

1852 1234 1906 1289 in
1938 1237 2214 1292 omnibus.
2251 1236 2386 1292 Cum
2416 1240 2560 1294 enim
2596 1248 2673 1294 tot
2702 1250 2756 1295 et
2788 1243 2915 1296 talia
2947 1244 3078 1304 sint,
3123 1244 3321 1315 inquit,
3353 1263 3415 1300 cx

1850 1328 2048 1396 quibus
2075 1327 2166 1382 Dei
2197 1339 2390 1384 natura
2424 1331 2699 1401 colligitur
2731 1332 2994 1402 (primum
3035 1335 3127 1390 Dei
3158 1351 3284 1408 erga
3321 1339 3410 1391 Im-

1849 1417 2026 1471 mines
2066 1416 2402 1472 demonstrat
2448 1420 2862 1487 providentiam,
2921 1423 3007 1476 cui
3049 1425 3165 1492 spei
3218 1433 3418 1480 nostra:

1857 1507 2256 1563 ﬁrmamentum
2312 1508 2449 1564 adeo
2505 1511 2856 1566 immobiliter
2889 1513 3161 1577 innititur,
3201 1523 3260 1568 ut
3307 1532 3414 1569 non

1855 1597 2130 1668 fatigetur,
2181 1599 2398 1668 quando
2427 1599 2701 1656 desiderio
2743 1617 2846 1656 suo
2890 1611 3060 1656 totum
3097 1607 3416 1659 :Bternitatis

1853 1681 2115 1747 ambitum
2171 1691 2576 1762 amplectitur),
2616 1692 2887 1762 quomodo
2924 1712 2942 1744 ι
2976 1693 3104 1749 dicit
3153 1695 3414 1766 insipiens

1853 1784 1911 1838 in
1938 1783 2103 1838 corde
2134 1792 2276 1838 suo’:
2311 1782 2428 1838 Non
2454 1790 2537 1838 est
2559 1784 2995 1854 Deus?corrupti
3033 1794 3178 1853 sunt,
3213 1797 3266 1844 et
3294 1789 3418 1843 abo-

1853 1875 2140 1931 minabiles
2181 1874 2310 1930 facti
2345 1882 2527 1941 sunt,»
2578 1874 2634 1929 in
2679 1874 2878 1929 talibus
2931 1877 3274 1946 cogitationis
3305 1894 3417 1934 suae

1853 1966 2075 2021 studiis.

1924 2143 2063 2200 Vere
2092 2143 2236 2199 enim
2279 2143 2399 2213 ejus
2439 2143 2584 2214 quod
2618 2144 2888 2210 subsistit,
2923 2146 3203 2214 corruptio
3249 2154 3301 2201 et
3336 2146 3416 2199 in-

1852 2235 2048 2290 teritus
2079 2244 2183 2303 est,
2216 2235 2467 2292 decidere
2505 2237 2572 2292 ab
2613 2251 2680 2292 eo
2712 2238 2804 2306 qui
2841 2252 2965 2292 rere
3002 2247 3106 2292 est.
3135 2239 3432 2303 Quomodo-

1853 2327 1998 2382 enim
2032 2328 2156 2396 quis
2187 2342 2289 2381 suo
2321 2329 2375 2382 in
2407 2343 2530 2385 esse
2557 2328 2738 2395 duret,
2774 2329 2866 2398 qui
2892 2345 2999 2383 non
3033 2336 3116 2385 est
3149 2329 3200 2382 in
3226 2346 3291 2385 eo
3323 2333 3414 2399 qui

1853 2420 1978 2474 est?
2035 2419 2321 2485 Quomodo
2347 2422 2470 2490 quis
2503 2429 2718 2474 maneat
2764 2421 2814 2472 in
2855 2435 2919 2475 eo
2947 2421 3038 2490 qui
3073 2431 3178 2485 est,
3222 2423 3266 2477 si
3311 2439 3414 2476 nou

1853 2509 2041 2565 credat
2067 2510 2116 2564 ei
2151 2511 2243 2580 qui
2282 2521 2385 2576 est,
2427 2511 2570 2581 quod
2603 2512 2711 2566 sit?
2736 2511 3040 2577 Quiaulem
3074 2528 3200 2567 vere
3239 2522 3342 2578 est,
3371 2516 3416 2568 is

1853 2601 2078 2656 omnino
2116 2601 2259 2658 Deus
2285 2609 2370 2657 est
2401 2621 2412 2655 :
2449 2603 2905 2671 quemadmodum
2937 2609 2991 2656 et
3025 2619 3216 2673 magno
3246 2603 3414 2675 Moysi

1854 2692 1992 2747 visio
2017 2690 2212 2747 divinae
2237 2693 2595 2764 apparitionis
2626 2701 2884 2748 testatum
2906 2693 3060 2749 fecit.
3102 2693 3206 2760 Qui
3244 2695 3408 2764 igitur

1854 2799 1916 2837 ex
1965 2799 2066 2839 suo
2103 2784 2283 2837 animo
2328 2783 2517 2852 abjicit
2562 2799 2684 2839 esse
2730 2783 2844 2849 Dei,
2888 2784 2935 2837 is
2980 2784 3085 2839 hoc
3123 2785 3242 2854 ipso
3269 2787 3412 2854 quod

1855 2873 2024 2928 Deum
2054 2888 2174 2928 esse
2208 2881 2394 2943 negat,
2434 2874 2708 2942 proprium
2750 2887 2909 2927 suum
2941 2887 3063 2928 esse
3092 2874 3413 2943 corrumpit,

1855 2967 2056 3036 quippe
2105 2965 2445 3020 abalienatus
2491 2967 2558 3019 ab
2603 2980 2668 3019 eo
2715 2964 2807 3034 qui
2849 2970 2935 3019 est
2969 2981 2981 3016 :
3012 2965 3082 3018 ob
3126 2963 3175 3017 id
3218 2964 3414 3024 innuit,

1855 3059 2148 3128 Postquam
2190 3072 2219 3110 a
2252 3056 2360 3114 Deo
2377 3055 2809 3122 declinaverunt,
2829 3055 3118 3125 derepente
3152 3073 3169 3106 ‹
3203 3054 3418 3109 inutiles

1855 3147 1981 3201 facti
2025 3155 2154 3202 sunt
2183 3162 2396 3210 omnes,
2426 3167 2444 3200 ι
2491 3146 2638 3201 velut
2675 3159 2774 3200 vas
2801 3143 3076 3214 quoddam
3124 3144 3416 3213 abiectum,

1855 3239 2191 3307 cognittequc
2242 3238 2554 3292 inutilitatis
2593 3236 2707 3306 jam
2751 3234 3088 3289 damnatum.
3126 3234 3422 3304 Perspicuc

1855 3339 2033 3385 autem
2079 3345 2260 3384 sermo
2295 3329 2381 3392 hic
2425 3330 2602 3392 docet,
2635 3327 2688 3381 id
2734 3328 2876 3396 quod
2911 3327 3054 3382 bono
3087 3336 3170 3382 est
3205 3327 3420 3391 inutile,

1855 3419 1990 3474 nihil
2024 3418 2172 3472 aliud
2202 3434 2322 3474 esse
2347 3433 2509 3489 quam
2538 3416 2890 3486 aptitudincm
2923 3424 2974 3469 ct
3007 3416 3420 3485 propensionem

1855 3510 1921 3564 ad
1967 3517 2273 3579 peccatum,
2311 3518 2526 3578 propter
2561 3506 3071 3569 inconvenientiam,
3113 3520 3275 3574 quam
3325 3505 3422 3558 ha-

1855 3602 1944 3656 bet
1973 3616 2096 3654 cum
2134 3616 2218 3665 eo,
2264 3599 2409 3669 quod
2442 3606 2525 3654 est
2560 3606 2768 3652 rectum
2803 3603 2855 3650 et
2887 3596 3197 3650 honestum.
3238 3595 3421 3649 Domi-

1856 3709 1960 3748 nus
2011 3694 2175 3763 igitur
2217 3698 2439 3760 propter
2485 3690 2599 3743 hmc
2637 3707 2655 3739 ι
2695 3688 2761 3741 de
2794 3688 2933 3741 cmlo
2977 3687 3216 3756 respexit
3258 3703 3421 3756 super

1857 3786 1996 3838 lilios
2029 3783 2328 3836 hominum.
2365 3799 2383 3831 ι
2418 3778 2549 3845 Qua:
2573 3779 2735 3834 verba
2767 3778 2976 3832 Domini
3005 3780 3145 3833 inter
3177 3778 3423 3835 homines

1855 3873 2326 3929 conversationem
2387 3870 2625 3924 indicant
2655 3909 2669 3933 ,
2720 3869 2940 3938 quando
2990 3877 3293 3938 praeeuntes
3356 3871 3420 3923 ad

1855 3962 2296 4018 incredulitatem
2325 3959 2639 4015 sacerdotes
2672 3966 2725 4014 et
2746 3957 3072 4022 Phariszcos,
3103 3971 3152 4014 et
3178 3958 3422 4021 Scribas,

1855 4067 2046 4107 omnes
2102 4051 2303 4107 subditi
2361 4048 2533 4104 secuti
2582 4056 2710 4102 sunt
2745 4065 2757 4100 :
2792 4047 2864 4100 illi
2908 4049 3051 4103 enim
3106 4057 3282 4113 erant,
3330 4051 3422 4118 qui

1855 4144 2192 4214 blasphemis
2251 4125 2673 4197 suis°dentibus
2723 4140 2983 4209 populum
3040 4138 3325 4192 laniabant
3371 4149 3423 4193 et

157 4218 276 4312 λαόν
298 4242 410 4294 μου
444 4226 669 4298 βρώσει
700 4227 890 4298 ἄρτου,
919 4248 936 4280 ι
985 4229 1170 4300 ὅμοιον
1204 4231 1505 4302 πάσχοντες
1536 4235 1611 4306 τῷ
1649 4238 1753 4292 πά-

1858 4235 2214 4291 devorabant.
2271 4232 2344 4286 Ea
2395 4232 2462 4287 de
2518 4247 2684 4312 causa
2743 4231 2818 4284 ait
2873 4250 2884 4284 :
2935 4250 2952 4281 ι
2989 4229 3423 4300 Trepidaverunt

154 4311 230 4364 θει
261 4317 373 4369 τῶν
413 4319 891 4388 ύδροφοϐούντων.
926 4317 1019 4384 Οἷς
1048 4323 1100 4375 εί
1137 4341 1253 4386 πως
1296 4325 1545 4398 δυνηθείη
1576 4345 1754 4400 παρα-

152 4404 408 4477 δεχθῆναι
465 4411 535 4464 τὸ
575 4411 720 4481 ὕδωρ
745 4453 760 4478 ,
810 4414 1094 4484 ίαματικὸν
1145 4414 1295 4468 ἔσται
1325 4415 1418 4468 τοῦ
1447 4418 1650 4482 πάθους
1678 4419 1756 4490 τῷ

149 4498 415 4566 κάμνοντι
457 4519 472 4530 '
538 4502 683 4556 ἀλλὰ
745 4503 1035 4571 φοϐοῦνταί
1087 4523 1204 4569 πως
1254 4506 1314 4558 τὸ
1362 4507 1454 4560 ἐπὶ
1513 4512 1756 4581 σωτηρίᾳ

152 4592 562 4662 πμκείμενον,
609 4595 702 4648 καὶ
726 4596 1130 4668 ἀλλοτριοῦνται
1159 4597 1253 4651 τοῦ
1286 4597 1567 4663 σώζοντος,
1606 4603 1755 4673 φόϐῳ

144 4681 232 4732 τοῦ
266 4687 344 4753 μὴ
374 4685 699 4739 ἀπολέσθαι
730 4689 1221 4754 κατασκευάζοντες
1245 4693 1460 4754 ἑαυτοῖς
1484 4691 1581 4761 τὴν
1609 4694 1754 4747 ἀπώ-

145 4767 313 4826 λειαν.
349 4775 568 4838 Οὕτως
607 4780 866 4842 κάκεῖνοι,
887 4780 987 4851 τῆς
1008 4781 1187 4852 πηγῆς
1205 4785 1390 4848 αὐτοῖς
1433 4783 1710 4856 ἐκϐοὼσης
1735 4803 1749 4816 ·

154 4877 171 4907 ι
195 4861 262 4912 ει
296 4880 387 4928 τις
423 4864 602 4934 διψᾷ,
632 4868 869 4937 ἐρχέσθω
915 4869 1050 4938 πρὸς
1095 4869 1189 4938 μὲ,
1237 4877 1329 4936 καὶ
1380 4873 1601 4937 πινέτω,
1635 4893 1651 4924 ι
1684 4879 1749 4946 τῇ

151 4947 316 5024 λύπῃ
347 4956 456 5024 τῆς
496 4958 763 5022 ἀπιστίας
806 4960 1316 5042 προκατειλημμένοι
1351 4966 1424 5025 τὰ
1448 4965 1549 5035 τῆς
1575 4965 1751 5035 ψυχῆς

158 5044 526 5116 αἰσθητήρια,
561 5048 847 5116 ἐφοϐοῦντο
887 5049 1060 5118 φόϐον,
1103 5055 1157 5119 οὗ
1193 5080 1294 5140 οὐκ
1328 5063 1407 5141 ἦν
1455 5055 1654 5126 φόϐος,
1690 5058 1750 5110 τὸ

161 5136 313 5185 ποτὸν
340 5138 448 5206 τῆς
480 5141 764 5209 σωτηρίας
792 5141 1165 5226 ἀποστρεφόμεν

399 5197 442 5206 ,-
631 5197 656 5209 ,ι
747 5197 759 5202 ν
962 5197 972 5210 ι
1025 5197 1035 5208 ι
1073 5197 1134 5216 σ”δ

170 5221 220 5273 ὶν
249 5230 413 5296 γενεᾷ
439 5228 672 5280 δικαίων
699 5232 726 5281 ό
751 5229 876 5291 Θεὸς
906 5229 1092 5313 γίνεται⁹
1123 5197 1230 5313 :of'

251 5493 288 5521 "
309 5495 458 5552 Ρωι,
490 5514 595 5554 ιιι.
663 5499 859 5551 “Joan.
893 5509 1029 5597 mg}

1023 5612 1033 5648 ἱ

1859 4328 2073 4390 timore,
2118 4325 2209 4380 ubi
2257 4339 2365 4379 non
2401 4331 2517 4378 erat
2559 4323 2743 4386 timor,
2780 4322 2870 4392 qui
2914 4321 3176 4376 devorant
3212 4321 3419 4391 plebem

1857 4434 2053 4483 meam,
2086 4427 2144 4472 ut
2167 4417 2348 4471 cibum
2374 4416 2552 4484 panis,
2589 4433 2606 4465 ι
2639 4414 2733 4482 qui
2766 4414 2905 4468 idem
2932 4412 3156 4468 morbus
3186 4421 3269 4468 est
3299 4428 3422 4468 cum

1855 4511 1986 4577 illis,
2024 4511 2114 4581 qui
2142 4523 2337 4580 aquam
2367 4516 2617 4562 metuunt
2653 4525 2666 4559 :
2701 4507 2792 4578 qui
2831 4507 2876 4562 si
2903 4521 3011 4577 quo
3040 4505 3200 4561 modo
3227 4520 3424 4575 aquam

1856 4603 2142 4657 admittere
2189 4607 2438 4672 possent,
2478 4599 2938 4654 medicamentum
2978 4600 3167 4668 utique
3208 4600 3424 4668 aliquod

1857 4708 1970 4747 sum
1997 4691 2336 4762 mgritudinis
2362 4691 2640 4754 haberent,
2675 4691 2768 4746 sed
2795 4699 3045 4745 metuunt
3073 4707 3134 4745 ea
3162 4693 3284 4761 ipsa
3306 4706 3425 4760 qua:

1857 4784 1924 4839 ad
1962 4785 2194 4839 salutem
2230 4791 2358 4838 sunt
2391 4783 2692 4852 proposita,
2745 4792 2798 4837 et
2849 4782 3028 4836 alieno
3073 4792 3201 4837 sunt
3239 4784 3422 4836 animo

1858 4878 1926 4931 ab
1958 4891 2024 4932 co
2051 4875 2193 4946 quod
2227 4883 2536 4936 conservat,
2597 4882 2852 4944 metuque
2881 4890 2946 4928 nc
2973 4882 3215 4944 pereant,
3256 4875 3423 4926 intrr-

1859 4969 1990 5021 itum
2025 4968 2130 5022 sihi
2163 4976 2369 5021 creant.
2403 4965 2494 5020 Slc
2519 4973 2571 5018 et
2599 4966 2695 5032 illi,
2731 4966 2998 5020 clamante
3021 4966 3084 5016 ad
3111 4980 3204 5018 eos
3236 4963 3383 5017 fonte
3410 4982 3420 5015 :

1864 5076 1883 5110 ι
1919 5056 1975 5110 Si
2009 5057 2131 5128 quis
2176 5057 2309 5122 sitit,
2352 5057 2534 5111 veniat
2578 5056 2643 5108 ad
2690 5071 2774 5108 me
2826 5063 2879 5108 et
2921 5055 3068 5107 bibat
3091 5054 3157 5117 93,
3192 5071 3208 5102 ›
3244 5051 3425 5104 lurore

1814 5200 1820 5205 .
1855 5149 2256 5203 incredulitatis
2291 5147 2345 5202 in
2372 5148 2567 5201 animze
2602 5146 2857 5216 potentiis
2891 5145 3276 5216 prmoccupati,
3313 5150 3422 5194 trc-

1855 5241 2112 5310 pidabant
2143 5240 2338 5294 timore
2364 5239 2453 5293 ubi
2487 5254 2594 5292 non
2628 5246 2745 5292 erat
2785 5237 2968 5297 timor,
3011 5245 3190 5304 polum
3227 5230 3418 5284 salutis

1857 5329 2155 5398 aspernati,
2179 5329 2483 5384 nescientes
2507 5328 2560 5382 in
2587 5325 3222 5398 generationejustorum
3250 5318 3418 5370 Deum

3949 1305 3959 1360 Ῑ

3949 1383 3959 1438 ἶ

3949 1447 3956 1506 ί

3949 1527 3955 1578 1

3940 1585 3955 1616 4

3949 1657 3953 1674 Ι
