4018 6334
608 286 712 343 567

1832 294 1888 349 S.
1931 293 2256 350 GREGORII
2293 294 2588 351 NYSSENI

3690 304 3780 363 568

602 420 744 465 esse.
779 407 871 475 qui
904 406 997 462 dat
1041 423 1107 464 ex
1160 407 1293 465 Sion
1326 409 1567 466 salutare
1604 409 1805 479 Israel;
1851 413 2055 484 quique
2084 429 2171 469 ca-

2284 414 2459 479 αὑτοῦ,
2493 414 2601 469 ἀπὸ
2629 414 2722 468 τοῦ
2751 414 3001 486 πονηρῶς
3024 414 3113 470 διὰ
3150 417 3242 488 τῆς
3271 417 3526 490 ἁμαρτίας
3553 421 3680 491 ἡμᾶς
3704 427 3780 477 al-

604 499 908 566 ptivitatem
951 499 1125 569 plebis
1156 515 1287 566 suae,
1319 502 1387 556 ab
1419 517 1485 557 eo
1513 504 1605 572 qui
1637 517 1737 558 nos
1766 519 1861 574 per
1891 513 2171 574 peccatum

608 588 859 659 improbe
887 590 943 644 in
974 592 1291 647 servitutem
1330 594 1585 662 conjecit,
1622 610 1816 650 rursus
1841 596 1905 648 ad
1932 595 2173 665 seipsum

605 681 899 748 convertit,
925 680 1147 752 quando
1189 698 1354 738 verus
1377 683 1618 739 Israelita
1654 693 1708 740 et
1745 685 2047 755 Spiritualis
2083 684 2175 740 Ja-

604 770 709 826 cob
740 772 925 826 laetitia
953 782 1006 827 et
1044 774 1414 829 exsultatione
1459 776 1718 845 repletur.
1764 776 1972 831 Sensus
2009 776 2174 846 igitur

608 862 832 929 psalmi,
887 872 1151 935 quantum
1202 865 1418 936 quidem
1467 867 1795 936 investigare
1846 870 2028 938 potui,
2080 884 2176 937 per

608 952 724 1023 ipsa
765 954 959 1024 psalmi
991 956 1175 1021 verba,
1209 956 1255 1011 is
1285 966 1393 1023 est,
1433 973 1592 1027 quem
1632 959 1766 1021 dixi,
1799 974 2035 1028 cumque
2071 960 2177 1014 hoc

610 1058 776 1099 sensu
811 1046 1067 1101 convenit
1100 1047 1389 1121 inscriptio
1417 1049 1632 1119 psalmi.
1664 1047 1797 1103 Nam
1837 1050 2030 1120 psalmi
2055 1065 2178 1106 ora-

610 1135 815 1190 tionem
875 1152 997 1192 esse
1050 1138 1345 1207 epinicium
1410 1146 1644 1194 testatur
1700 1142 2018 1212 inscriptio,
2083 1148 2179 1212 per

610 1222 838 1278 chorqu
880 1226 933 1278 in
988 1226 1266 1280 intellectu
1325 1229 1713 1297 compositum.
1796 1248 1815 1280 ‹
1849 1228 1905 1283 In
1955 1231 2113 1285 tinem
2153 1249 2172 1282 ν

610 1316 775 1382 enim,
807 1317 1001 1387 inquit.
1040 1337 1058 1368 ‹
1088 1333 1187 1389 pro
1214 1317 1464 1386 Maeleth,
1495 1338 1515 1371 ι
1548 1320 1693 1390 quod
1731 1340 1747 1371 ι
1780 1337 1874 1392 per
1895 1322 2120 1377 chorum
2155 1342 2174 1374 ο

611 1410 960 1479 interpretari
1000 1411 1145 1465 licet.
1179 1408 1285 1465 Pro
1327 1411 1420 1465 illo
1457 1428 1477 1463 ι
1512 1412 1566 1466 in
1599 1411 1782 1478 ﬁnem,
1819 1433 1838 1464 ι
1888 1414 1977 1467 alii
2012 1413 2182 1467 inter-

610 1508 794 1572 pretes
830 1499 1184 1555 reddiderunt
1215 1520 1229 1556 :
1261 1519 1280 1552 ι
1318 1500 1633 1571 epinicium,
1666 1523 1684 1556 ι
1721 1503 1824 1559 hoc
1867 1513 1973 1569 est,
2009 1522 2030 1555 ι
2060 1519 2182 1559 car-

610 1607 734 1647 men
764 1592 1022 1647 victorim.
1056 1611 1076 1644 ι
1148 1628 1149 1631 η

680 1683 894 1740 Rursus
950 1684 1203 1740 instituto
1259 1686 1452 1742 ordine
1495 1701 1691 1744 cursus
1743 1688 2009 1745 orationis
2057 1703 2183 1761 pro-

2275 505 2745 575 χμαλωτίσαντος,
2777 507 2938 561 πάλιν
2968 508 3105 579 πρὸς
3141 510 3326 563 ἑαυτὸν
3355 512 3683 582 ἐπιστρέφων,
3710 515 3784 567 ὅτε

2274 596 2487 664 γίνεται
2524 598 2581 649 ὲν
2625 596 2929 668 εὐφροσύνῃ
2970 599 3065 651 καὶ
3113 599 3466 669 ἀγαλλιάματι
3507 603 3533 654 6
3575 602 3788 674 ἀληθινὴ

2274 687 2647 759 Ἰσραηλίτης,
2701 689 2796 741 καὶ⁸
2829 690 3196 760 πλευματικὸς
3233 689 3443 747 Ἰακώϐ.
3496 690 3555 745 Ἢ
3601 696 3686 763 μὲν
3714 689 3791 748 οὖν

2273 776 2477 830 διάνοια
2501 780 2599 848 τῆς
2622 778 2960 849 ψαλμῳδίας,
2994 779 3174 844 καθὼς
3201 780 3403 846 ἔξεστιν
3434 781 3598 856 εὑρεῖν
3616 783 3793 838 sese»

2274 868 2532 938 προϊόντα
2560 868 2666 922 τῶν
2699 868 2895 933 λέξεων
2918 871 3018 940 τῆς
3038 870 3371 942 ψαλμῳδίας,
3402 869 3631 942 τοιαύτη.
3669 873 3725 926 Ἦ
3748 874 3797 928 δὲ

2275 961 2553 1031 ἐπιγραφὴ
2604 959 2698 1014 τοῦ
2723 961 2937 1033 ψαλμοῦ
2968 963 3251 1033 συμϐαίνει
3281 963 3414 1035 πρὸς
3452 964 3546 1033 τὴν
3571 965 3794 1021 διάνοιαν.

2288 1052 2579 1106 Ἐπινίκιον
2605 1052 2714 1124 γὰρ
2734 1049 2872 1107 εἶναι
2894 1054 2985 1108 τὸν
3011 1055 3166 1124 λόγον
3191 1060 3291 1128 τῆς
3313 1056 3678 1130 ψαλμῳδίας,ἡ
3699 1060 3799 1113 ἑπι-

2275 1140 2462 1213 γραιρὴ
2508 1142 2781 1213 σημαίνει,
2814 1142 2901 1196 διὰ
2941 1144 3159 1215 χορείας
3188 1146 3244 1197 ἐν
3284 1143 3493 1197 συνέσει
3517 1146 3795 1216 γινόμενονε

2276 1257 2296 1291 ι
2326 1240 2420 1303 El;
2447 1236 2506 1291 τὸ
2528 1236 2681 1301 τέλος
2710 1256 2729 1288 ι
2757 1234 2888 1307 γὰρ,
2915 1237 3099 1308 φησὶν,
3128 1255 3148 1289 ε
3187 1237 3329 1308 ὑπὲρ
3353 1236 3582 1304 Μαελὲθ,
3608 1254 3627 1290 ι
3646 1236 3672 1290 ὃ
3694 1255 3712 1290 ι
3733 1236 3809 1295 διὰ

2277 1324 2500 1398 χορείας
2530 1342 2549 1375 ι
2584 1322 2969 1395 ἑρμηνεύεται.
2998 1324 3106 1377 Καὶ
3128 1324 3250 1379 ἀντὶ
3275 1323 3370 1379 τοῦ
3393 1344 3411 1376 ι
3442 1325 3520 1389 είς
3540 1323 3598 1378 τὸ
3619 1323 3769 1393 τέλος,
3787 1345 3806 1381 ι

2269 1417 2447 1486 ἕτεροι
2486 1413 2602 1468 τῶν
2630 1412 2915 1485 ἑρμηνέων
2948 1432 2969 1466 ι
2998 1413 3265 1471 ἐπινίκιον
3304 1434 3324 1468 ι
3359 1413 3711 1471 ἐκδεδώκασιν.

2353 1688 2522 1743 Πάλιν
2550 1687 2638 1742 διὰ
2666 1687 2771 1741 τῶν
2819 1686 3125 1741 ἀκολούθων
3160 1684 3366 1756 προῖὼν
3390 1687 3417 1739 6
3440 1683 3607 1754 λόγος,
3642 1684 3804 1740 καταλ-

609 1789 869 1844 gressus,
914 1785 1299 1851 consentanee
1338 1778 1758 1849 cogitationibus
1818 1796 2029 1847 eorum,
2089 1783 2181 1853 qui

2284 1781 2455 1854 λὴλως
2479 1783 2589 1846 τοῖς
2616 1779 2700 1834 διὰ
2723 1779 2823 1849 τῆς
2851 1777 3132 1849 προκοπῆς
3158 1776 3536 1849 εὑρισκόμενος
3581 1775 3809 1846 νοήμασιν

607 1864 922 1934 proﬁciunt,
953 1868 1331 1922 accommodat
1355 1869 1594 1924 historia:
1615 1872 1903 1942 aenigmata
1934 1884 1987 1927 et
2023 1873 2179 1927 invo—

610 1958 784 2024 lucra,
818 1960 1036 2030 quando
1091 1961 1226 2015 nihil
1275 1963 1544 2032 adversus
1593 1978 1694 2017 nos
1738 1962 1884 2033 Doeg
1929 1964 2018 2019 ille
2055 1964 2183 2018 Idu-

609 2069 780 2109 maus
835 2056 1075 2119 molitur,
1114 2055 1168 2109 in
1231 2057 1415 2125 seipso
1464 2056 1770 2126 ambiguam
1812 2056 1980 2119 illam,
2029 2065 2083 2110 et
2125 2057 2178 2110 in

609 2143 809 2213 duplici
838 2143 1075 2197 conﬁnio
1098 2145 1330 2214 positam
1354 2146 1624 2199 mulorum
1652 2155 1908 2205 naturam
1926 2162 2177 2217 pascens.

615 2232 824 2286 Dictum
875 2243 950 2287 est
1010 2242 1190 2288 autem
1241 2244 1295 2289 et
1343 2249 1532 2304 supra,
1592 2244 1876 2306 peccatum
1926 2253 2020 2307 per
2058 2238 2180 2293 ‘hoc

610 2325 817 2379 animal
848 2326 1142 2395 signiﬁcari
1178 2348 1189 2383 :
1224 2328 1681 2397 quemadmodum
1718 2329 1863 2384 enim
1899 2338 2178 2400 peccatum

612 2414 826 2471 fructus
854 2426 938 2472 est
966 2418 1094 2488 ligni
1133 2418 1279 2474 illius
1308 2420 1360 2472 in
1394 2428 1686 2491 utrumque
1712 2422 1928 2491 penduli
1953 2431 2005 2476 et
2038 2423 2182 2476 anci-

610 2507 779 2574 pitis,
823 2506 968 2577 quod
1012 2508 1214 2561 bonum
1256 2514 1313 2562 et
1352 2508 1553 2562 malum
1603 2510 1905 2580 appellatur
1937 2512 2178 2567 :bonum

609 2594 868 2663 quidem,
927 2596 1071 2665 quod
1121 2603 1266 2667 tegat
1329 2604 1609 2664 peccatum
1660 2598 1954 2669 voluptatis
2013 2616 2175 2665 esca,

610 2701 772 2756 quam
814 2688 1062 2756 corporis
1092 2687 1251 2741 amici
1283 2687 1406 2742 loco
1441 2688 1564 2742 boni
1590 2689 1934 2760 corripiunt;
1976 2692 2176 2745 malum

609 2794 761 2845 vero,
806 2778 931 2849 quia
963 2780 1017 2833 in
1062 2795 1307 2835 amarum
1351 2788 1507 2837 creat
1538 2782 1720 2846 ﬁnem,
1755 2781 1900 2852 quod
1942 2798 2089 2837 nunc
2120 2789 2179 2837 ut

609 2872 810 2926 bonum
863 2879 919 2926 et
973 2873 1262 2942 pulchrum
1311 2881 1465 2929 tanto
1521 2874 1703 2928 studio
1752 2874 2016 2943 qumritnr
2051 2890 2063 2927 :
2100 2872 2177 2928 sic

608 2962 769 3017 etiam
801 2962 987 3019 videre
1027 2965 1152 3019 licet
1174 2965 1464 3036 utriusque
1499 2973 1729 3030 natura,
1771 2968 1896 3036 equi
1924 2957 2179 3020 videlicet

608 3063 663 3111 ct
704 3055 866 3120 asini,
907 3057 1153 3127 symbola
1198 3064 1252 3111 et
1292 3066 1453 3112 notas
1501 3058 1555 3110 in
1602 3073 1690 3124 eo,
1732 3057 1800 3113 de
1828 3073 1939 3128 quo
1986 3058 2181 3128 loquor

610 3146 855 3211 animali,
907 3154 967 3201 ut
1008 3147 1234 3217 perinde
1285 3147 1429 3202 idem
1478 3148 1660 3204 mulus
1705 3149 1775 3203 sit
1816 3158 1869 3203 et
1911 3164 2085 3218 equus
2131 3157 2186 3204 et

612 3237 826 3300 asinus,
858 3253 967 3292 non
1009 3239 1228 3308 quidem
1262 3239 1479 3293 divisim
1521 3246 1834 3309 utrumque,
1863 3239 1958 3294 sed
2002 3239 2185 3301 simul,

612 3330 668 3382 in
704 3343 872 3382 unam
918 3329 1125 3399 duplici
1170 3329 1491 3383 animalium
1524 3337 1718 3384 natura
1763 3330 1839 3385 ad
1865 3331 1991 3385 novi
2023 3330 2187 3400 hujus

613 3421 865 3476 animalis
933 3421 1381 3476 constitutionem
1454 3421 1740 3477 commista
1809 3429 1864 3478 et
1935 3422 2184 3478 confusa.

613 3509 846 3575 Quando
874 3510 1041 3579 igitbr
1080 3511 1383 3581 alienigena
1428 3510 1538 3577 ille,
1585 3510 1651 3567 de
1684 3527 1793 3582 quo
1830 3512 2064 3583 agimus,
2104 3521 2190 3583 ty-

612 3615 790 3657 ranno
864 3609 1107 3659 nostram
1182 3604 1324 3673 apud
1393 3603 1731 3659 sacerdotem
1804 3606 2190 3660 commoratio—

613 3708 738 3749 nem
783 3703 837 3749 et
869 3695 1341 3750 conversationem
1388 3696 1615 3757 indicat.
1649 3696 1849 3752 deinde
1896 3712 1998 3753 nos
2039 3712 2187 3762 eum,

612 3783 711 3854 qui
742 3783 797 3839 in
829 3784 1037 3837 malitia
1066 3784 1352 3855 gloriatur,
1386 3793 1439 3841 et
1482 3787 1538 3840 in
1568 3787 1857 3855 iniquitate
1888 3788 2188 3857 potentiam

612 3885 668 3933 ct
695 3877 839 3931 vires
868 3891 1000 3932 suas
1029 3877 1285 3943 collocat,
1320 3877 1504 3932 divina
1533 3894 1636 3948 ope
1660 3880 2104 3950 superaverimus
2134 3884 2189 3934 et

614 3984 681 4025 ex
738 3970 1114 4025 dominatione
1162 3969 1658 4035 deturbaverimus,
1720 3969 2077 4039 funditusque
2122 3983 2190 4023 ex

618 4069 761 4116 terra
794 4063 1091 4116 viventium
1142 4064 1528 4125 evulserimus,
1575 4061 1703 4116 facti
1746 4061 1910 4127 oliva,
1943 4060 2191 4115 multitu-

614 4153 743 4209 dine
773 4152 1049 4208 fructuum
1077 4154 1196 4209 laeta
1229 4165 1280 4210 et
1308 4163 1526 4217 onusta,
1555 4162 1607 4206 et
1638 4168 1733 4222 per
1756 4168 1905 4221 spem
1936 4152 1990 4206 in
2021 4151 2188 4205 Deum

612 4248 982 4311 corrulorati,
1031 4255 1161 4302 tunc
1195 4244 1697 4302 ceiebrabimusin
1732 4243 1949 4298 choreis
1993 4241 2187 4297 adver-

612 4357 710 4399 sus
758 4342 1032 4398 devictum
1072 4356 1103 4396 a
1138 4342 1298 4397 nobis
1344 4341 1555 4397 hostem
1603 4338 1859 4410 epinicia,
1901 4348 2031 4393 tunc
2078 4351 2187 4391 me-

2284 1873 2583 1944 ὲφαρμόζει
2607 1871 2675 1925 τὰ
2700 1871 2799 1942 τῆς
2827 1869 3065 1941 ἱστορίας
3091 1868 3407 1938 αἰνίγματα,
3430 1867 3550 1920 ὅταν
3568 1864 3806 1935 ἄπρακτος

2281 1967 2505 2037 γένηται
2531 1964 2649 2018 καθ’
2683 1963 2838 2034 ἡμῶν
2863 1965 2891 2016 6
2920 1962 3078 2033 Δωὴκ
3104 1964 3313 2024 ἐκεῖνος
3340 1963 3368 2013 6
3407 1961 3700 2029 Ἰδουμαῖος,
3729 1957 3809 2027 τὴν

2282 2055 2821 2128 ὲπαμφοτερίζουσαν
2851 2053 2958 2108 τῶν
3002 2052 3244 2124 ἡμιόνων
3287 2051 3447 2120 φύσιν
3475 2052 3529 2102 ὲν
3562 2048 3717 2117 ἑαυτῷ
3742 2064 3807 2098 νο-

2285 2147 2483 2219 μεύων.
2533 2146 2758 2219 Εἴρηται
2803 2144 2859 2198 δὲ
2900 2142 3056 2197 τοῦτο
3100 2142 3193 2196 καὶ
3240 2144 3299 2196 ὲν
3341 2142 3634 2211 φθάσασιν,
3676 2140 3743 2191 ὅτι
3778 2139 3804 2203 ἡ

2280 2237 2523 2308 ἁμαρτία
2553 2236 2642 2290 διὰ
2686 2234 2778 2288 τοῦ
2814 2233 2952 2299 ζώου
2985 2233 3172 2286 τούτου
3226 2231 3562 2302 σημαίνεται.
3620 2229 3696 2292 Ὠς
3722 2226 3809 2298 γὰρ

2281 2328 2419 2401 αὑτὴ
2456 2326 2981 2398 ἐπαμφοτερίζοντος
3011 2324 3226 2377 ἐκείνου
3268 2323 3362 2376 τοῦ
3392 2322 3540 2386 ξύλου
3567 2320 3671 2373 ἐστὶ
3698 2334 3805 2387 καί)⁴

2281 2421 2403 2485 πὸς,
2432 2420 2489 2472 ὃν
2523 2418 2685 2473 καλὸν
2721 2418 2814 2470 καὶ
2848 2415 3079 2487 πονηρὸν
3109 2413 3368 2486 ὀνομάζει
3403 2415 3430 2466 6
3456 2412 3621 2481 λόγος,
3653 2408 3806 2470 καλὸν,

2281 2514 2373 2567 καὶ
2400 2511 2487 2564 διὰ
2518 2511 2579 2563 τὸ
2610 2507 2945 2576 κεκαλύφθαι
2979 2505 3076 2577 τὴν
3108 2504 3388 2576 ἁμαρτίαν
3425 2502 3499 2573 τῷ
3529 2502 3620 2571 τῆς
3650 2498 3808 2571 ἡδονῆς

2278 2605 2603 2675 δελεάσματι
2629 2642 2643 2665 ,
2682 2602 2751 2673 ἡν
2779 2601 2900 2654 ἀντὶ
2941 2597 3107 2653 καλοῦ
3159 2598 3513 2670 μετέρχονται
3541 2596 3588 2647 οί
3616 2592 3698 2647 τοῦ
3729 2590 3811 2644 σώυ

2285 2714 2454 2769 ματος
2484 2695 2654 2764 φίλοι·
2680 2690 2914 2763 πονηρὸν
2947 2690 3002 2743 δὲ
3034 2689 3223 2753 πάλιν,
3253 2690 3334 2743 ὅτι
3360 2690 3437 2752 είς
3474 2686 3653 2756 πικρὸν
3681 2699 3812 2737 κατα.

2278 2789 2433 2860 λὴγει
2462 2786 2653 2857 πέρας,
2683 2782 2744 2836 τὸ
2764 2782 2858 2837 νῦν
2890 2782 2965 2845 ὡς
2992 2780 3155 2835 καλὸν
3191 2780 3641 2849 σπουδαζόμενον
3670 2775 3810 2835 οὕτως

2280 2882 2424 2935 ἔστιν
2462 2876 2724 2946 ἑκατέρας
2758 2872 2992 2944 φύσεως,
3024 2870 3197 2924 ἵππου
3226 2887 3283 2922 τε
3319 2870 3413 2925 καὶ
3434 2869 3571 2933 δνου,
3610 2865 3671 2921 τὰ
3703 2864 3813 2931 σύμ-

2280 2970 2410 3024 ϐολα
2453 2969 2581 3039 περὶ
2614 2966 2676 3020 τὸ
2710 2964 3065 3034 ὑποκείμενον
3092 2961 3236 3027 ζῶον
3269 2961 3395 3015 ίδεῖν
3415 2976 3428 2989 ⁸
3473 2960 3546 3023 ὠς
3584 2953 3706 3010 εἶναι
3733 2952 3810 3021 τὴν

2284 3062 2503 3133 ἡμίονον
2540 3058 2600 3112 τὸ
2633 3058 2762 3112 αὐτὸ
2793 3058 2888 3110 καὶ
2922 3055 3091 3108 ἵππον
3134 3055 3242 3108 -καὶ
3271 3054 3411 3117 ὄνον,
3439 3053 3498 3106 οὐ
3522 3045 3812 3122 διῃρημένοις

2290 3154 2566 3223 ἑκάτερον,
2608 3149 2723 3204 ἀλλ’
2757 3150 2813 3202 ὲν
2843 3147 2922 3202 ἑνὶ
2954 3147 3020 3201 τὰ
3053 3148 3167 3211 δύο,
3205 3148 3307 3219 τῆς
3345 3145 3535 3216 διπλῆς
3564 3142 3660 3196 τῶν
3690 3136 3813 3203 ζώων

2288 3244 2501 3314 φύσεως
2543 3240 2681 3312 πρὸς
2716 3239 2815 3311 τὴν
2862 3238 2955 3292 τοῦ
3007 3236 3146 3303 ζώου
3198 3234 3535 3307 ἀπεργασίαν
3579 3242 3812 3299 κατακρα-

2288 3334 2494 3405 θείσης.
2539 3334 2709 3385 Ὅταν
2743 3329 2923 3383 τοίνυν
2979 3328 3222 3399 μηνυτὴς
3254 3329 3476 3399 γένηται
3508 3323 3582 3396 τῷ
3608 3322 3813 3394 τυράννῳ

2287 3425 2383 3496 τῆς
2422 3422 2572 3493 παρὰ
2632 3418 2712 3491 τῷ
2767 3421 2901 3491 ἱερεῖ
2950 3417 3237 3488 διαγωγῆς
3282 3417 3436 3489 ἡμῶν
3488 3416 3516 3468 ὁ
3566 3405 3813 3478 ἀλλόφυλος

2288 3518 2514 3580 ἐκεῖνος,
2545 3513 2603 3567 ὃν
2635 3512 2959 3583 ὲνοὴσαμεν,
2993 3505 3112 3562 εἶτα
3137 3510 3303 3578 ἡμεῖς
3337 3507 3425 3561 τὸν
3452 3508 3508 3559 ὲν
3535 3502 3684 3572 κακίᾳ
3707 3514 3813 3552 καυ-

2288 3607 2570 3677 χώμενον,
2616 3604 2712 3657 καὶ
2749 3605 2809 3655 ὲν
2855 3601 3056 3672 ἀνομία
3104 3600 3445 3670 κεκτημένον
3486 3594 3579 3666 τὴν
3603 3593 3810 3658 δύναμιν.

2288 3697 2375 3751 διὰ
2409 3696 2508 3767 τῆς
2555 3694 2703 3757 Θείας
2747 3691 3063 3763 συμμαχίας
3105 3688 3427 3759 καθέλωμεν
3472 3703 3530 3739 τε
3572 3682 3663 3752 τῆς
3686 3678 3811 3767 δυνα-

2289 3760 2493 3848 στείας,
2523 3784 2618 3837 καὶ
2647 3760 3016 3854 προθέλυμνον
3048 3777 3212 3831 αὑτὸν
3243 3779 3307 3831 ὲκ
3334 3775 3432 3846 τῆς
3466 3772 3566 3841 γῆς
3580 3768 3685 3860 Ϋτιῖιν
3709 3760 3813 3860 ζών-

2288 3894 2398 3932 των
2431 3871 2916 3946 ἀναρῤνζὼσωμεν,
2950 3867 3107 3922 ἐλαία
3131 3866 3414 3937 γενόμενοι
3443 3861 3519 3933 τῷ
3541 3854 3710 3935 πλήθει
3728 3854 3812 3946 τῷν

2289 3970 2515 4045 καρπῶν
2540 3942 2888 4038 ἀγαλλομένη
2922 3962 3017 4018 καὶ
3063 3960 3347 4032 βρίθουσα,
3390 3956 3483 4011 καὶ
3523 3952 3604 4008 διὰ
3644 3948 3728 4045 τῆς
3750 3942 3812 4040 eis

2289 4041 2422 4120 656v
2462 4061 2673 4124 ἐλπίδος
2724 4055 3130 4128 δυναμωθέντες
3188 4051 3538 4124 χορεύσωμεν
3581 4041 3704 4098 κατὰ
3739 4048 3809 4128 του

2288 4156 2616 4230 ἡττηθέντος
2652 4150 2719 4204 τὰ
2753 4127 3022 4203 ἐπινίκια·
3059 4145 3180 4200 τότε
3218 4144 3362 4198 κατά
3398 4141 3559 4230 λόγον
3576 4138 3675 4230 τοῖς
3700 4127 3810 4224 Mm:

2289 4224 2529 4319 λοτέροις
2594 4239 2995 4315 προσϐαίνομεν
3021 4278 3036 4303 ,
3090 4237 3264 4300 ὅντως
3322 4233 3463 4288 κατὰ
3515 4229 3605 4300 τὴν
3652 4224 3701 4319 ὲν
3750 4231 3811 4319 ’ξφ

2297 4306 2540 4409 Ἀσματι
2563 4306 2767 4405 φωνὴν,
2792 4351 2810 4384 ι
2836 4306 2941 4403 ὅρη
2955 4328 3325 4401 διαπηδῶντες
3350 4325 3444 4381 καὶ
3474 4320 3663 4395 βουνοῖς
3681 4306 3811 4381 ἔφαλ·

614 4437 725 4489 rito
752 4434 981 4505 gradum
1014 4434 1080 4490 ad
1106 4434 1299 4489 altiora
1328 4432 1617 4497 faciemus,
1645 4446 1789 4498 vere,
1823 4439 1883 4485 ut
1914 4429 1970 4483 in
1997 4428 2182 4483 Canti-

2289 4431 2522 4500 λόμενοι.
2558 4447 2577 4480 ι

613 4528 694 4599 eis
726 4527 952 4592 dicitur,
994 4545 1012 4579 ι
1055 4527 1316 4583 salientes
1350 4526 1403 4582 in
1455 4526 1735 4583 montibus
1789 4531 1843 4581 et
1878 4522 2191 4579 transilien-

614 4626 696 4673 tcs
726 4621 896 4674 colles
914 4620 981 4674 ".
1021 4638 1040 4670 ι
1144 4632 1148 4636 λ

682 4709 948 4776 Quisnam
984 4712 1148 4781 igitur
1179 4713 1281 4768 iste
1316 4727 1474 4767 mons
1508 4719 1610 4776 est,
1653 4711 1720 4766 ad
1753 4725 1914 4780 quem
1945 4724 2091 4764 nunc
2120 4722 2184 4763 ev

611 4803 815 4873 prioris
874 4805 1098 4867 montis,
1149 4805 1309 4874 quasi
1353 4803 1690 4865 notionibus,
1733 4804 1966 4859 resultat
2007 4802 2190 4858 denuo

615 4896 725 4950 alia
752 4894 1004 4960 victoria,
1037 4903 1091 4950 et
1121 4897 1214 4949 alii
1237 4896 1425 4966 hymni
1459 4910 1625 4965 super
1648 4894 1873 4949 victoria
1904 4909 2002 4964 per
2027 4892 2188 4948 intel-

612 4987 889 5059 ligentiam
921 4985 1110 5040 Davidi
1134 4986 1414 5041 confecti?
1446 4985 1547 5051 Qui
1567 4985 1678 5055 jam
1714 4985 1914 5057 bellum
1946 4991 2184 5048 movent,

563 5093 724 5152 ’non
779 5085 909 5132 sunt
953 5077 1188 5147 amplius
1235 5077 1302 5131 de
1352 5092 1516 5148 grege
1558 5076 1852 5140 mulorum,
1895 5074 1991 5130 sed
2039 5072 2188 5127 natio

612 5166 1001 5237 Zipliaeorum,
1071 5166 1165 5236 qui
1219 5167 1501 5237 angustias
1548 5165 1752 5220 arentis
1801 5173 1856 5220 et
1913 5163 2189 5220 siticulosi

612 5258 880 5312 transitus
920 5256 1196 5322 obsident,
1227 5265 1282 5311 et
1324 5254 1549 5326 quando
1589 5261 1868 5325 nequeunt
1900 5254 2188 5325 prohibere

612 5354 862 5403 nostrum
894 5362 990 5417 per
1020 5347 1304 5417 angustias
1344 5347 1467 5401 illas
1496 5346 1620 5409 iter,
1650 5345 1832 5401 tristes
1861 5346 1931 5400 ob
1957 5344 2188 5398 salutem

613 5447 885 5503 nostram,
924 5452 1328 5508 prosperosque
1367 5451 1661 5493 successus
1712 5434 1971 5491 evadunt.
2005 5431 2191 5502 inquit

614 5534 762 5588 enim
796 5549 811 5585 :
849 5547 869 5583 ε
901 5528 961 5585 lu
992 5528 1153 5585 ﬁnem
1204 5529 1514 5587 intellectus
1543 5527 1598 5584 in
1637 5526 1976 5584 carminibus
1998 5523 2190 5590 David,

688 5713 733 5745 ”
779 5710 991 5767 Cantic.
1041 5725 1103 5779 ιι,
1153 5711 1208 5765 8.

2362 4705 2429 4759 Τί
2453 4699 2547 4758 οὖν
2583 4702 2698 4755 ἐστι
2750 4698 2909 4753 τοῦτο
2947 4695 3009 4748 τὸ
3039 4694 3166 4765 δρος
3195 4692 3282 4761 ἐφ’
3317 4681 3393 4755 ὧν
3423 4685 3514 4741 νῦν
3544 4682 3572 4734 ὁ
3603 4666 3802 4765 λόγοςίκ

2291 4758 2385 4851 του
2411 4792 2677 4865 προτέρου
2715 4789 2873 4861 ὅρους
2901 4784 3008 4840 τῶν
3050 4758 3338 4855 νοημάτων
3383 4773 3679 4865 μεοάλλεταξ
3704 4758 3804 4824 ἄλλη

2297 4888 2423 4957 νίκη
2459 4858 2652 4947 ma,
2684 4858 2776 4934 κᾱι
2811 4877 2959 4934 ἄλλοι
3007 4875 3102 4930 ιπι
3148 4876 3217 4944 τῇ
3272 4873 3400 4943 νίκῃ
3432 4858 3678 4957 amotae
3712 4867 3809 4957 auat:

2294 4953 2463 5040 ἐσεως
2499 4972 2575 5040 τῷ
2596 4957 2770 5025 Δαϐὶέ
2793 4965 3252 5038 κατορθούμενοι;
3282 4963 3333 5015 οἱ
3355 4961 3412 5014 δὲ
3436 4953 3685 5012 κινοῦντες
3710 4953 3809 5040 τους
3900 5020 3901 5029 ἡ

2294 5033 2510 5138 ἀγῶνας
2548 5033 2685 5117 εἰσιν
2726 5060 2907 5114 οὐκέτι
2935 5033 3175 5130 ἡμιόνων
3210 5053 3380 5125 ἀγέλη
3399 5093 3415 5115 ,
3444 5046 3575 5138 ἀλλα
3600 5033 3808 5138 Ζτγξαίωλί
3899 5108 3902 5137 ἶ

2293 5128 2584 5223 Eli-vagam
2633 5154 2745 5215 τοῖς
2796 5128 3003 5211 στενοῖς
3042 5148 3141 5219 τῆς
3193 5143 3509 5216 αὐχμώδους
3556 5128 3808 5228 διαϐἀςειξξς

2294 5248 2717 5322 προκαθήμενοι,
2755 5241 2882 5295 ὅταν
2909 5238 3149 5294 κωλῦσαι
3178 5236 3277 5309 τὴν
3315 5233 3402 5289 διὰ
3439 5228 3529 5284 τοῦ
3556 5225 3809 5322 στξνοξδ
3900 5292 3901 5320 ἶ

2294 5308 2444 5416 ρεῖαν
2467 5308 2626 5411 ἡμων
2648 5334 3073 5403 ἀδυνατήσωσιν,
3105 5328 3196 5383 τὸν
3226 5308 3318 5381 ἐπὶ
3339 5327 3403 5394 τῇ
3435 5313 3655 5418 σωτηρίίιι

2290 5398 2459 5490 λυπού
2470 5398 2657 5528 μενονὶ
2687 5428 2813 5528 (Εἰς
2913 5423 3074 5528 ’τέλος
3100 5440 3143 5528 ‘1‘
3157 5398 3803 5528 131631,“:

2294 5530 2351 5582 ἐν
2376 5491 2563 5596 ὕμνοις
2589 5520 2667 5591 τῷ
2692 5516 2876 5572 Δαϐὶδ.
2908 5517 2965 5567 ἐν
2995 5512 3072 5585 τῷ
3097 5510 3267 5565 ὲλθεῑν
3292 5506 3415 5568 τοὺς
3430 5494 3673 5571 Ζηφαίονς
3689 5520 3704 5549 ι
3725 5491 3783 5532 κα
