4018 6334
337 218 427 278 569
1705 237 1769 291 ΙΝ
1815 238 1839 292 ῐ

1947 238 2151 293 LMOS.

3434 245 3538 302 570

331 342 480 394 εἰπεῖν
503 337 574 408 τῷ
598 338 929 404 Eae-61,1606
957 342 1121 395 Δαϐὶδ
1154 343 1458 414 κέκρυπται
1493 346 1622 415 παρ’
1655 348 1803 416 ἡμῖν.
1837 367 1839 395 :

1965 357 2090 396 cum
2121 341 2397 398 venissent
2427 343 2650 414 Ziphaei,
2699 355 2752 400 ct
2787 346 3056 402 dixissent
3083 348 3148 403 ad
3185 350 3312 406 Saul
3354 371 3366 406 :
3397 353 3537 410 Ecce

325 432 524 493 Πάντως
549 431 603 484 δὲ
638 433 664 484 6
702 432 800 502 τὴν
849 433 1088 504 ἱστορίαν
1116 434 1215 487 οὐκ
1241 432 1478 503 ἀγνοῶν,
1511 431 1649 489 οἶδεν
1680 437 1860 490 στενὸν

323 522 404 575 καὶ
422 521 661 592 αὐχμώδη
690 522 853 575 τόπον
883 525 941 576 ἐν
972 524 1050 595 τῷ
1075 525 1226 596 μέρει
1255 526 1428 597 τούτῳ
1457 527 1859 597 μνημονευόμε-

321 628 413 665 νον.
440 612 529 664 Atti
553 612 610 664 δὲ
628 611 740 686 ,τῆς
768 613 1221 686 ἀπεστενωμένης
1252 616 1423 669 διόδου
1450 658 1464 682 ,
1499 616 1596 686 τὴν
1629 618 1859 685 εὐαγγε-

319 702 453 770 λικὴν
484 703 575 772 τῆς
630 703 905 771 βασιλείας
931 705 1048 758 ὁδὸν
1100 707 1435 776 ἐνοήσαμεν,
1492 707 1558 778 ἢν
1591 707 1856 760 κωλύουσι

319 793 402 862 μὲν
418 795 462 847 οί
491 795 732 864 Ζηφαῖοι,
758 796 905 849 τοῦτ’
931 795 1096 861 ἔστιν,
1127 798 1187 851 τὸ
1216 798 1510 868 ἀλλόφυλον
1537 798 1644 852 τῶν
1671 798 1857 868 δαιμό-

315 902 402 936 νων
428 884 597 950 ἔθνος,
639 887 686 939 οἱ
709 887 980 959 ὑπηρέται
1003 889 1100 958 τῆς
1132 889 1511 962 ἀντικειμένης
1538 889 1816 960 δυνάμεως
1837 907 1850 920 ·

312 975 626 1046 εὑρίσκουσιν
654 978 708 1030 δέ
743 981 789 1031 οἱ
819 981 990 1048 ὀλίγοι
1021 983 1068 1033 οί
1092 982 1188 1051 τὴν
1221 981 1478 1034 πλατεῖαν
1517 981 1855 1051 ἀποστρεφό-

313 1084 456 1136 μενοι.
493 1069 644 1137 Ἔχει
676 1069 730 1122 δὲ
760 1071 792 1139 ἡ
843 1071 987 1137 λέξις
1019 1072 1117 1143 τῆς
1167 1073 1404 1143 ἱστορίας
1445 1071 1616 1136 οὕτως
1639 1089 1652 1103 ·
1699 1090 1718 1123 ι
1741 1074 1852 1126 Οὐκ

311 1159 404 1211 ἰδοὺ
449 1158 609 1212 Δαδὶδ
647 1145 953 1230 κέκρυπται
985 1163 1044 1216 ὲν
1072 1165 1300 1233 Μασερά
1338 1166 1468 1234 παρ’
1495 1165 1624 1234 ἡμῖν
1651 1165 1707 1216 ἐν
1738 1166 1851 1226 τοῖς

309 1251 487 1307 στενοῖς
514 1249 573 1300 ἐν
598 1249 678 1319 τῷ
705 1249 905 1320 βουνῷ;
935 1272 952 1303 ι
1003 1250 1216 1322 ἀληθῶς
1257 1251 1365 1322 γὰρ
1402 1253 1467 1322 τῇ
1496 1255 1653 1322 στενῇ
1678 1251 1846 1322 ταύτῃ

305 1340 344 1390 oi
371 1337 500 1391 κατά
550 1339 682 1392 Θεὸν
723 1340 923 1404 ζῶντες
958 1343 1476 1413 ἐναποκρύπτονται.
1505 1343 1754 1396 Δείκνυσι
1792 1343 1849 1396 δὲ

305 1430 481 1500 ταύτην
527 1432 658 1501 ἡμῖν
683 1431 781 1502 τὴν
829 1431 946 1486 ὁδὸν
967 1435 1000 1503 ἡ
1035 1433 1206 1504 Καινὴ
1235 1434 1474 1505 Διαθήκη
1499 1475 1512 1498 ,
1539 1434 1606 1486 δι’
1636 1430 1704 1504 ἧς
1734 1436 1846 1489 ἐστι

305 1520 418 1589 πρὸς
437 1523 532 1590 τὴν
557 1522 870 1594 ἀκροτάτην
896 1523 990 1577 τοῦ
1021 1524 1180 1594 ὅρους
1207 1525 1452 1596 κορυφὴν
1479 1525 1720 1579 ἀνελθεῖν
1744 1569 1756 1587 ,
1780 1528 1846 1597 ἣν

251 1601 261 1615 ’
305 1612 464 1680 βουνὸν
491 1614 747 1682 ὀνομάζει
770 1617 798 1667 6
821 1615 978 1682 λόγος
1000 1616 1096 1684 τῆς
1136 1615 1393 1685 ἱστορίας.
1429 1616 1596 1669 Ὅταν
1626 1612 1716 1669 οὖν
1747 1615 1844 1688 τὴν

1969 431 2136 486 David
2177 433 2534 490 absconditus
2565 445 2647 489 est
2683 437 2824 504 apud
2874 453 2974 492 nos
2999 438 3067 492 ".
3101 458 3118 490 ι
3153 439 3389 497 Omnino
3437 459 3535 498 au-

1968 531 2073 598 tem
2118 526 2163 580 is
2193 526 2285 594 qui
2316 525 2559 580 historia:
2599 527 2822 596 ignarus
2858 542 2965 581 non
3014 536 3116 592 est,
3165 532 3332 598 probe
3364 533 3529 596 videt,

1965 631 2062 685 per
2115 624 2404 686 angustum
2460 625 2514 673 et
2563 627 2802 672 arentem
2857 619 3058 683 locmn,
3120 621 3278 689 cujus
3333 623 3422 678 hic
3470 624 3529 678 tit

1964 709 2193 771 mentio,
2247 716 2301 763 et
2345 724 2440 778 per
2492 709 2782 764 transitum
2840 709 2975 764 adeo
3033 710 3098 766 ad
3135 715 3525 781 penetrandum

1962 796 2254 860 dillicilem,
2305 799 2668 867 evangelicum
2709 797 2854 851 illam
2889 800 3038 868 regni
3089 801 3329 855 cmlestis
3362 802 3527 856 semi-

1962 895 2070 940 tam
2116 887 2520 955 intelligendam
2569 903 2724 951 esse,
2778 905 2883 959 qua
2915 872 3016 944 nos
3053 892 3270 960 quidem
3322 891 3525 960 Ziphai

1960 979 2274 1050 prohibent,
2321 980 2426 1034 hoc
2482 987 2586 1049 est,
2636 981 2938 1052 alienigena
2991 982 3296 1037 dazmouum
3351 985 3523 1049 natio,

1959 1071 2197 1125 ministri
2229 1070 2556 1127 adversariae
2583 1075 2885 1142 potestatis.
2927 1072 3213 1128 lnveniunt
3242 1092 3369 1131 vero
3401 1092 3521 1131 eain

1959 1163 2117 1230 pauci
2165 1163 2260 1225 illi,
2303 1165 2395 1232 qui
2439 1165 2600 1216 latam
2637 1165 2777 1218 viam
2821 1173 3159 1220 aversantur.
3206 1165 3296 1220 Sic
3341 1176 3520 1222 autem

1958 1250 2200 1305 historia:
2246 1267 2366 1307 sese
2426 1254 2569 1308 illius
2619 1256 2864 1309 narratio
2914 1257 2980 1310 ad
3030 1258 3252 1311 verbum
3302 1258 3515 1312 habet:

1961 1357 1978 1390 ι
2008 1338 2199 1396 Nonne
2220 1357 2346 1398 ecce
2369 1341 2536 1399 David
2564 1345 2916 1403 absconditus
2950 1356 3031 1403 est
3061 1349 3113 1402 in
3142 1349 3349 1404 Masera
3374 1350 3537 1420 apud'

1956 1446 2055 1484 nos
2088 1434 2142 1484 in
2180 1434 2468 1500 angustiis,
2499 1434 2552 1488 in
2588 1437 2764 1492 colle?
2793 1456 2811 1488 ι
2847 1453 2973 1492 vere
3013 1439 3157 1493 enim
3201 1441 3253 1493 in
3285 1449 3516 1510 augusta

1955 1519 2056 1575 hac
2095 1523 2179 1576 via
2231 1524 2662 1590 absconduntur,
2713 1530 2803 1596 qui
2853 1531 3016 1583 vitam
3064 1529 3172 1585 Deo
3221 1541 3516 1586 consenta-

1952 1627 2110 1665 neam
2157 1613 2385 1669 ducunt.
2437 1615 2588 1672 llane
2637 1619 2775 1670 viam
2821 1621 3058 1676 ostendit
3106 1623 3264 1675 nobis
3304 1622 3512 1676 Novum

305 1702 467 1771 στενὴν
486 1704 703 1773 ἐκείνην
735 1704 852 1758 ὁδὸν
883 1705 1287 1774 ἀνεμποδίστως
1327 1706 1702 1775 παρέλθωμεν,
1738 1709 1839 1776 Ζη-

1947 1702 2377 1769 Testamentum,
2409 1709 2567 1776 cujus
2592 1710 2855 1764 heneticio
2877 1711 2943 1764 ad
2971 1728 3283 1782 supremum
3312 1713 3513 1768 montis

302 1798 425 1861 ςαῖοι
457 1794 532 1864 τῷ
559 1796 812 1866 τυράννῳ
847 1795 945 1866 τὴν
978 1797 1249 1866 σωτηρίαν
1278 1798 1308 1866 ἡ
1319 1795 1432 1865 μῶν
1464 1796 1846 1867 καταμηνύου-

302 1904 384 1938 σιν.
424 1888 608 1956 Ἡμεῖς
663 1888 719 1940 δὲ
767 1887 844 1956 τῷ
877 1889 1098 1958 ὀνόματι
1134 1888 1228 1940 τοῦ
1262 1886 1558 1950 σεσωκότος
1581 1928 1596 1951 ,
1626 1887 1723 1956 τὴν
1751 1888 1840 1940 δυ-

300 1979 518 2033 ναστείαν
540 1979 646 2047 τῆς
675 1980 753 2040 είς
778 1979 839 2031 τὸ
879 1978 1039 2032 καλὸν
1068 1979 1299 2048 κρίσεως
1333 1979 1485 2049 ἡμῶν
1524 1979 1843 2046 ἀνατίθεμεν

299 2070 536 2137 λέγοντεςο
567 2090 583 2122 ι
607 2070 674 2124 Ὀ
701 2070 854 2135 Θεὸς,
876 2073 934 2124 ἐν
961 2070 1036 2141 τῷ
1069 2071 1291 2140 ὀνόματί
1315 2087 1406 2123 σου
1433 2069 1605 2123 σῶσόν
1628 2088 1716 2141 με,
1748 2071 1843 2123 καὶ

298 2163 343 2212 ἐν
363 2164 418 2231 τῇ
448 2161 678 2232 δυνάμει
707 2178 798 2213 σου
833 2164 1036 2232 κρινεῖς
1066 2179 1186 2233 με.»
1221 2161 1292 2215 Τὸ
1313 2161 1422 2233 γὰρ
1447 2161 1754 2232 γενόμενον,
1767 2163 1843 2228 ὡς

299 2253 739 2323 προσδοκώμενον,
769 2255 873 2306 ὑπὸ
900 2253 993 2306 τοῦ
1019 2254 1176 2324 λόγου
1197 2255 1672 2324 διεσχημάτισται,
1704 2256 1842 2310 οὕτω

295 2343 373 2412 τῆς
398 2345 610 2417 Γραφῆς
634 2345 738 2415 τῆς
767 2346 906 2399 κατά
937 2346 1024 2399 τὸν
1053 2347 1242 2418 χρόνον
1263 2347 1546 2418 ἀκριϐείας
1573 2347 1844 2420 ὑπερορώ-

297 2452 392 2504 σης.
420 2437 521 2488 Καὶ
549 2436 670 2507 γὰρ
705 2437 764 2490 τὸ
793 2437 1047 2507 ἐσόμενον
1073 2440 1106 2509 ἡ
1141 2439 1445 2510 προφητεία
1479 2438 1737 2502 πολλάκις
1764 2439 1838 2502 ὠς

297 2527 590 2600 παρῳχηκδς
625 2528 928 2600 διηγήσατο
954 2569 969 2592 ,
1001 2531 1093 2583 καὶ
1123 2531 1184 2583 τὸ
1222 2531 1471 2598 γεγονὸς,
1501 2530 1576 2594 ὡς
1614 2531 1841 2601 προσδο-

295 2621 631 2690 κὼμενον.Ὠς
671 2623 762 2675 καὶ
793 2625 850 2676 ἐν
881 2622 1050 2694 ταύτῃ
1078 2623 1445 2694 τῇψαλμῳδία
1482 2624 1624 2677 κατά
1649 2624 1708 2676 τὸ
1736 2621 1838 2675 πέ·

292 2729 375 2783 ρας
407 2713 546 2771 ἰδεῖν.
587 2715 672 2768 Οὐ
698 2714 807 2785 γὰρ
849 2711 1033 2779 εἶπεν,
1078 2716 1158 2768 ὅτι
1202 2735 1219 2766 ι
1244 2717 1301 2767 ἐν
1338 2717 1449 2779 τοῖς
1482 2711 1691 2787 ἐχθροῖς
1735 2733 1836 2786 μου

291 2804 519 2873 ἐπόψεται
542 2823 556 2835 ”
583 2825 601 2855 ι
637 2804 754 2859 ἀλλ’
794 2825 812 2857 ι
839 2807 1047 2859 ἐπεῖδεν
1075 2808 1103 2858 6
1129 2806 1402 2876 ὀφθαλμός
1433 2824 1554 2877 μου,
1581 2825 1600 2858 ›
1645 2807 1714 2860 δι’
1761 2801 1836 2863 ὧν
1903 2860 1912 2869 ,

290 2893 434 2946 ταῦτα
462 2896 843 2966 μανθάνομεν,
873 2898 953 2951 ὅτι
980 2897 1057 2968 τῷ
1093 2897 1212 2968 Θεῷ
1251 2896 1376 2949 οὔτε
1406 2915 1456 2950 τι
1487 2897 1832 2969 παρῴχηκεν,

286 2986 382 3038 ἀλλ’
414 2989 466 3040 ἐν
490 2987 564 3058 τῷ
604 2988 864 3041 ἐνεστῶτι
892 2990 960 3042 τὰ
993 2989 1172 3043 πάντα
1203 2989 1369 3044 ἐστίν.
1406 2989 1566 3042 Ὥστε
1611 2988 1711 3048 κᾶν
1738 2989 1832 3042 τοῦ

289 3079 653 3148 παρῳχτμότος
679 3120 693 3140 ,
724 3079 817 3131 καὶ
850 3078 942 3130 τοῦ
971 3079 1251 3149 μέλλοντος
1284 3079 1410 3148 περὶ
1442 3078 1538 3148 τῆς
1569 3077 1717 3141 θείας
1741 3078 1832 3130 δυ-

284 3168 471 3236 vipera;
498 3167 742 3238 ἔμφασίν
768 3185 886 3220 τινα
909 3167 1007 3240 ἔχῃ
1027 3167 1095 3221 τὰ
1121 3170 1340 3240 ῥήματα
1359 3210 1373 3228 ,
1415 3166 1508 3220 τοῦ
1542 3166 1834 3229 ἐνεστῶτος

284 3260 367 3309 οὐκ
392 3259 603 3326 ἐξῆλθεν
659 3261 694 3329 ή
728 3258 926 3312 ἔννοια.
953 3258 1115 3327 Λέγει
1137 3258 1312 3313 τοίνυν
1339 3259 1472 3329 πρὸς
1516 3257 1606 3311 τόν
1643 3258 1774 3310 Θεὸν
1806 3260 1834 3311 6

282 3352 362 3418 τῆς
395 3349 716 3419 αὐχμώδους
747 3367 807 3402 τε
840 3350 935 3403 καὶ
968 3350 1157 3420 στενῆς
1186 3349 1410 3413 ἐπιϐὰς,
1443 3351 1536 3404 καὶ
1571 3349 1836 3418 φυγαδεύ-

283 3457 365 3502 σας
400 3442 456 3494 τὸ
485 3443 594 3495 τῶν
640 3443 897 3513 Ζηφαίων
937 3443 1322 3513 συγκρότημα,
1355 3443 1437 3496 ὅτι
1491 3441 1580 3496 Ἐν
1631 3443 1710 3512 τῷ
1756 3442 1834 3512 σῷ

275 3531 473 3601 ὀνόματι
497 3534 728 3601 γέγονεν
755 3534 884 3604 ἡμῖν
913 3535 946 3604 ἡ
971 3517 1234 3604 σωτηρία,
1265 3535 1358 3586 καὶ
1378 3533 1434 3584 ἐν
1455 3537 1518 3604 τῇ
1549 3534 1833 3604 δυναστείᾳ

279 3639 358 3675 σου
410 3627 442 3694 ἠ
472 3627 527 3678 ἐν
546 3623 631 3695 τῷ
665 3623 817 3692 καλῷ
843 3625 1020 3695 κρίσις
1050 3625 1148 3694 τὴν
1177 3625 1328 3693 ἰσχὺν
1354 3623 1484 3694 ἔχει,
1516 3626 1606 3677 καὶ
1636 3627 1712 3687 είς
1745 3625 1832 3676 ἀεὶ

274 3712 427 3770 ταῦτα
449 3718 767 3787 γενήσεται.
795 3716 902 3768 Καὶ
933 3715 1322 3787 προσκαλεῖται
1349 3714 1489 3785 ὑπὲρ
1510 3714 1712 3767 τούτων
1733 3713 1831 3785 τὴν

276 3805 402 3858 Θείαν
431 3807 599 3874 ἀκοὴν
617 3805 756 3878 πρὸς
769 3807 864 3877 τὴν
881 3806 980 3875 τῆς
997 3806 1339 3876 εὐχαριστίας
1361 3805 1637 3875 ἀκρόασιν,
1657 3807 1830 3874 λέγων

273 3897 363 3950 τῶν
384 3899 690 3971 ἀλλοτρίων
736 3899 833 3969 τὴν
871 3898 1233 3952 ἐπανάστασιν
1254 3939 1268 3962 ,
1294 3899 1388 3952 καὶ
1419 3897 1527 3951 τῶν
1571 3899 1628 3951 ἐν
1664 3899 1830 3970 κακίᾳ

272 3991 530 4057 κραταιῶν
612 3991 718 4062 τὴν
771 3993 871 4062 τῆς
923 3991 1098 4061 ψυχῆς
1144 3989 1306 4043 αὐτοῦ
1353 3989 1612 4059 ζήτησιν,
1655 3983 1728 4042 ὧν
1766 3991 1826 4043 οὐ

273 4082 579 4149 προηγεῖται
609 4079 776 4143 Θεὸς,
814 4080 926 4132 ἀλλ’
953 4081 980 4131 6
1013 4083 1076 4132 ἐκ
1115 4079 1206 4132 τοῦ
1248 4078 1489 4131 ἐναντίου
1519 4076 1825 4147 νοούμενος.

271 4168 356 4220 Δια
383 4169 544 4222 τοῦτο
599 4166 714 4236 γάρ
747 4179 944 4233 φησιν·
985 4164 1213 4218 Ἐκεῖνοι
1258 4164 1357 4236 μὲν
1395 4186 1412 4218 ι
1452 4168 1511 4220 οὗ
1540 4167 1828 4238 προέθεντο

271 4259 347 4309 τὶν
369 4261 496 4313 Θεδν
529 4258 764 4322 ἐνώπιον
792 4256 968 4310 αὐτῶν
987 4272 1002 4287 °
1025 4276 1042 4307 ι
1076 4259 1198 4326 ἐμοὶ
1222 4257 1278 4310 δὲ
1317 4259 1345 4310 6
1384 4257 1514 4320 Θεὸς
1541 4257 1753 4328 βοηθεῖ,
1799 4262 1826 4312 6

268 4350 687 4421 ἐπαναστρέφων
723 4347 792 4400 τὰ
842 4347 989 4401 κακά
1028 4349 1140 4410 τοῖς
1185 4348 1284 4418 τῆς
1333 4349 1528 4412 κακίας
1556 4351 1821 4421 εὑρεταῖς,
1857 4375 1900 4432 D

269 4448 284 4477 σ
310 4435 395 4485 καὶ
420 4437 508 4492 διὰ
539 4441 644 4509 τῆς
656 4437 912 4506 ἀληθείας
927 4439 1265 4510 ἐξαφανίζων
1290 4459 1308 4493 ›
1329 4439 1494 4503 ἅπαν,
1515 4441 1638 4493 ὅσον
1677 4441 1823 4494 ἐστὶν

260 4525 346 4592 τῆς
381 4529 767 4599 ἀληθείαςέχθ
779 4529 886 4600 ρον,
912 4531 1006 4583 καὶ
1035 4530 1348 4599 ἀλλόφυλον.
1375 4530 1513 4599 Ἐγὼ
1534 4530 1609 4592 δὲ,
1639 4531 1821 4600 φησιν,

260 4609 299 4680 ᾧ
323 4619 528 4690 ἐσώθην
557 4621 786 4691 ὀνόματι
809 4660 823 4684 ,
849 4622 1020 4693 τούτῳ
1046 4623 1425 4693 εὐχαριστήσω
1454 4662 1468 4688 ,
1500 4624 1582 4677 ὅτι
1624 4623 1825 4690 ἀγαθὸν

258 4707 287 4771 ἡ
313 4709 652 4779 εὐχαριστία.
682 4713 796 4780 Ἐφ’
818 4709 898 4776 οἷς
929 4713 1033 4776 ἔξω
1065 4731 1123 4766 τε
1145 4712 1253 4765 τῶν
1280 4712 1508 4781 θλίψεων
1536 4713 1820 4783 ἐγενόμην,

257 4800 340 4848 καὶ
370 4801 458 4852 τὸν
481 4803 796 4872 ἀφανισμὸν
847 4803 956 4855 τῶν
976 4803 1184 4874 ἐχθρῶν
1223 4805 1332 4866 τοῖς
1363 4803 1656 4873 ὀφθαλμοῖς
1689 4821 1821 4856 κατ-

257 4888 464 4956 ενόησα.
508 4893 636 4944 Ἐπὶ
679 4892 832 4944 τοῦτο
857 4893 965 4962 γάρ
993 4896 1021 4946 ὁ
1067 4893 1400 4962 προφητικὸς
1431 4892 1701 4962 ὀφθαλμὸς
1735 4893 1825 4945 εὐ-

258 4979 533 5044 φραίνεται
557 5019 573 5042 ,
611 4981 732 5032 ὅταν
789 4981 983 5051 μηκέτι
1035 4981 1198 5050 μηδὲν
1245 4983 1308 5034 ἐκ
1345 4981 1436 5033 τοῦ
1467 4982 1708 5034 ἐναντίου

257 5066 414 5137 ἀρετῇ
439 5071 730 5140 θεωρεῖται
752 5088 765 5101 ’
791 5073 890 5140 τῆς
912 5071 1022 5140 γὰρ
1059 5071 1254 5134 κακίας
1284 5072 1673 5142 ἐξαιρεθείσης,
1707 5075 1827 5142 ἥτις

239 5156 382 5220 at)»;
427 5160 529 5226 τὴν
564 5161 762 5230 ἀρετὴν
795 5164 872 5224 εἰς
920 5161 1116 5232 ἐχθροῦ
1161 5162 1312 5228 τάξιν
1360 5163 1822 5228 ἀντικαθίσταται,

259 5244 427 5298 οὐκέτι
459 5248 523 5300 16
579 5249 680 5302 τῶν
722 5251 930 5322 ἐχθρῶν
965 5253 1416 5325 ὑπολειφθήσεται
1463 5252 1632 5321 ὄνομα
1655 5271 1667 5282 ·
1703 5255 1817 5316 πῶς

260 5336 359 5405 γάρ
377 5353 460 5401 τις
487 5340 585 5410 ὲχθ
596 5341 678 5410 ρὺς
701 5342 777 5395 ἔτι
795 5342 1140 5413 κληθήσεται,
1159 5347 1351 5417 μηκέτι
1375 5347 1477 5418 τῆς
1498 5344 1694 5415 ἔχθρας
1714 5344 1815 5408 ζώ-

329 5637 374 5671 "
403 5637 549 5695 Psal.
583 5657 695 5713 ιιιι,
723 5647 746 5700 ι
773 5665 788 5712 ;
837 5647 857 5701 ι
889 5646 1013 5717 Πεὲ·
1045 5667 1186 5738 “1",
1217 5669 1284 5731 i9.

1948 1793 2208 1848 verticem
2247 1798 2533 1864 pervenire
2596 1814 2925 1868 possumus,
2969 1817 3129 1870 quem
3183 1803 3376 1856 collem
3425 1803 3510 1855 hi-

1947 1885 2130 1937 storiae
2174 1893 2459 1941 contextus
2513 1890 2779 1944 nominat.
2820 1892 3048 1956 Quando
3098 1892 3260 1964 igitur
3305 1894 3510 1961 absque

1945 1970 2333 2041 impedimento
2391 1987 2675 2045 angustam
2737 1979 2880 2032 illam
2930 1982 3073 2033 viam
3131 1983 3512 2050 per-transieri-

1944 2081 2088 2128 mus,
2126 2065 2327 2136 Ziphaei
2368 2069 2596 2123 salutem
2628 2079 2872 2125 nostram
2907 2079 2960 2125 et
2992 2072 3408 2142 prosperitatum
3442 2075 3506 2127 ad

1945 2163 2234 2227 tyrannum
2280 2157 2570 2226 deferunt;
2605 2176 2705 2216 nos
2750 2173 2927 2217 autem
2974 2164 3181 2218 nomini
3229 2163 3369 2232 ejus,
3415 2169 3507 2233 qut

1943 2262 2044 2300 nos
2074 2248 2323 2315 salvavit,
2361 2259 2681 2320 potestatem
2731 2260 2878 2307 recte
2927 2252 2994 2308 de
3040 2254 3196 2309 nobis
3223 2255 3504 2324 judicaudi

1942 2337 2260 2404 deferimus,
2307 2341 2591 2397 dicentes:
2631 2362 2649 2395 ι
2691 2343 2852 2405 Deus,
2908 2345 2962 2398 in
3014 2346 3233 2400 nomine
3273 2354 3366 2399 tuo
3396 2347 3506 2400 sal-

1942 2444 2067 2483 vum
2117 2446 2204 2486 me
2245 2431 2351 2497 fac,
2403 2443 2456 2488 et
2507 2435 2560 2488 in
2609 2437 2809 2491 virtute
2853 2447 2942 2491 tua
2965 2439 3172 2507 judica.
3215 2457 3233 2490 ›
3287 2437 3419 2492 Nam
3451 2440 3503 2494 id

1939 2522 2083 2590 quod
2121 2523 2320 2577 factum
2367 2525 2478 2594 jam
2519 2535 2656 2590 erat,
2713 2530 2962 2584 oratione
3012 2533 3082 2584 ita
3131 2540 3502 2601 repraesentat,

1937 2615 2092 2682 quasi
2147 2615 2322 2669 adhuc
2368 2617 2608 2672 futurum
2655 2631 2820 2676 esset.
2851 2621 2941 2675 Sic
2985 2623 3129 2677 enim
3171 2625 3308 2678 solet
3357 2625 3503 2679 Scri-

1939 2712 2100 2773 ptura
2149 2719 2460 2763 accuratam
2507 2718 2767 2780 temporis
2813 2717 3079 2769 rationem
3130 2717 3287 2785 quasi
3338 2719 3506 2787 negli-

1937 2807 2084 2862 gere.
2128 2793 2261 2848 Nam
2305 2798 2485 2851 divina
2531 2802 2753 2854 oracula
2807 2803 2858 2856 id
2899 2805 3044 2872 quod
3101 2803 3345 2859 futurum
3391 2814 3499 2868 est,

1937 2899 2080 2955 serpe
2108 2897 2159 2941 ut
2194 2889 2528 2957 praeteritum
2561 2891 2826 2955 referunt,
2858 2901 2911 2948 et
2946 2893 2997 2947 id
3045 2894 3188 2964 quod
3216 2895 3326 2963 jam
3359 2911 3498 2964 pra:-

1939 2979 2106 3041 teriit,
2137 2988 2196 3033 ut
2229 2979 2470 3035 futurum
2506 3001 2519 3036 :
2547 2983 2999 3051 quemadmodum
3031 2992 3085 3038 et
3119 2985 3172 3038 in
3205 2984 3308 3038 line
3336 2986 3499 3053 hujus

1860 3051 1902 3108 (ἶ
1936 3070 2130 3139 psalmi
2163 3070 2345 3126 videre
2391 3073 2556 3126 licet:
2588 3089 2695 3127 non
2725 3074 2868 3128 enim
2914 3075 3088 3128 dixit:
3128 3093 3147 3125 ς
3178 3073 3353 3143 Super
3393 3051 3497 3128 ini—

1935 3161 2108 3216 micos
2153 3177 2324 3216 meos-
2353 3163 2650 3234 deSpiciet;
2683 3183 2700 3214 ι
2762 3165 2876 3227 sed,
2937 3183 2954 3215 ι
3001 3164 3250 3235 Despexit
3305 3166 3496 3220 oculus

1936 3269 2110 3308 meus.
2149 3273 2165 3306 ι
2211 3254 2418 3321 Quibus
2467 3257 2747 3318 docemur,
2796 3257 2904 3312 Deo
2943 3258 3076 3334 nihil
3121 3258 3360 3312 futurum
3405 3266 3497 3311 aut

1935 3349 2265 3416 praeteritum
2291 3363 2434 3410 esse,
2473 3350 2566 3404 sed
2595 3350 2774 3403 omnia
2817 3351 3101 3419 prassentia
3141 3349 3350 3404 adesse.
3389 3348 3496 3402 ita-

1933 3456 2039 3510 que
2076 3438 2192 3493 sive
2232 3437 2512 3507 praeteriti,
2551 3437 2666 3492 sive
2706 3438 2871 3492 futuri
2907 3439 3014 3492 vim
3054 3445 3107 3493 et
3141 3439 3496 3508 signiﬁcatio-

1933 3547 2059 3586 nem
2110 3531 2348 3584 habeant
2397 3530 2560 3583 verba
2604 3528 2671 3584 de
2717 3530 2902 3583 divina
2953 3538 3220 3598 potestate
3260 3533 3526 3600 prolata,

1933 3625 2147 3676 animus
2178 3632 2357 3677 tamen
2402 3620 2545 3674 haud
2579 3619 2855 3689 egreditur
2883 3627 3035 3674 extra
3078 3621 3358 3688 praesentis
3391 3628 3498 3672 ter-

1931 3714 2128 3767 minos.
2173 3713 2263 3765 Ait
2294 3713 2454 3782 igitur
2493 3712 2558 3764 ad
2603 3709 2769 3764 Deum
2822 3710 2930 3770 ille,
2986 3711 3074 3778 qui
3111 3725 3205 3777 per
3249 3717 3490 3763 arentem

1929 3813 1984 3858 et
2023 3814 2308 3873 angustam
2350 3804 2598 3857 semitam
2653 3801 2845 3867 evasit,
2883 3799 3333 3870 Ziphaeorumque
3372 3810 3491 3853 tur-

1928 3894 2051 3949 bam
2091 3902 2145 3949 et
2177 3893 2464 3949 coitionem
2519 3893 2726 3963 fugavit
2769 3892 2884 3964 λιιι
2931 3891 3150 3946 nomine
3196 3900 3287 3945 tuo
3341 3891 3492 3945 salus

1927 3985 2088 4040 nobis
2119 3986 2289 4049 venit,
2321 3993 2375 4040 et
2410 3986 2464 4038 in
2504 3987 2705 4039 virtute
2745 3993 2834 4038 tua
2861 3983 3128 4054 judicium
3163 3983 3231 4039 de
3266 3984 3408 4037 bono
3436 3990 3492 4037 et

1928 4086 2078 4131 recto
2107 4077 2273 4130 robur
2312 4076 2492 4141 habet,
2530 4077 2581 4130 id
2613 4075 2758 4146 quod
2790 4091 3001 4144 semper
3035 4075 3243 4129 eveniet
3272 4091 3286 4127 :
3317 4080 3365 4127 et
3395 4088 3491 4141 per

1929 4167 2031 4219 hoc
2067 4167 2293 4220 advocat
2323 4166 2412 4221 Dei
2444 4167 2588 4220 velut
2615 4182 2796 4228 aures,
2829 4175 2885 4219 ut
2917 4167 3208 4236 gratiarum
3245 4165 3488 4218 actiones

1927 4257 2168 4318 audiant,
2194 4259 2814 4330 enumeransquomodo
2838 4257 2996 4309 alieni
3027 4257 3288 4310 adversus
3307 4256 3485 4323 ipsum

1928 4347 2346 4409 insurrexerint,
2396 4355 2448 4400 et
2499 4346 2774 4415 quomodo
2831 4345 2999 4400 fortes
3050 4352 3103 4398 et
3143 4352 3389 4414 potentes
3432 4344 3487 4398 in

1927 4439 2132 4492 malitia
2159 4438 2393 4491 animam
2427 4437 2545 4506 ejus
2577 4438 2946 4508 quaesiverint,
2978 4438 3173 4508 quibus
3210 4436 3351 4492 Deus
3380 4452 3489 4491 non

1926 4531 2076 4597 przeit
2124 4528 2258 4591 dux,
2309 4529 2406 4583 sed
2457 4530 2502 4583 is
2553 4530 2644 4600 qui
2687 4529 2794 4584 Deo
2833 4530 3144 4584 contrarius
3189 4538 3290 4584 est.
3323 4527 3406 4583 0b
3435 4527 3490 4583 id

1926 4619 2059 4671 dicit
2093 4636 2106 4673 :
2139 4616 2219 4672 Illi
2257 4637 2275 4670 ι
2307 4634 2415 4673 non
2459 4629 2862 4689 proposuerunt
2904 4619 3072 4675 Deum
3105 4627 3236 4674 ante
3259 4635 3491 4690 conspe-

1925 4719 2072 4764 ctu-.n
2115 4727 2298 4776 suum,
2329 4729 2348 4762 ›
2385 4727 2470 4765 me
2509 4728 2638 4767 vero
2687 4711 2832 4767 Deus
2879 4713 3119 4782 adjuvat,
3167 4719 3490 4767 convertens

1926 4802 2065 4854 mala
2109 4801 2176 4855 ad
2210 4803 2360 4871 ipsos
2405 4803 2629 4858 malitia:
2669 4812 2924 4859 auctores
2958 4822 2971 4858 :
3001 4810 3074 4866 et,
3111 4821 3128 4854 ι
3163 4804 3221 4856 ln
3262 4804 3490 4857 veritate

1924 4906 2019 4944 sua
2051 4893 2324 4962 disperdct
2357 4911 2374 4944 ι
2408 4909 2568 4949 omne
2616 4895 2748 4949 illud
2778 4896 2921 4965 quod
2952 4895 3162 4949 veritati
3206 4894 3488 4948 inimicum

1922 4991 2006 5038 est
2043 4993 2096 5038 et
2138 4993 2480 5040 extraneum.
2542 4983 2652 5054 Ego
2700 4992 2880 5039 autem
2927 4984 3154 5049 nomini,
3185 4983 3380 5052 inquit,
3433 4983 3486 5036 in

1921 5090 2030 5144 quo
2060 5076 2304 5131 salvatus
2327 5092 2469 5143 sum,
2493 5080 2699 5147 gratias
2727 5092 2904 5148 agam,
2929 5077 3186 5146 quoniam
3225 5078 3366 5130 bona
3402 5082 3488 5129 est

1922 5169 2221 5237 gratiarum
2275 5171 2438 5235 actio,
2503 5171 2628 5239 quia
2686 5185 2959 5224 aerumnas
3005 5177 3058 5224 et
3107 5169 3487 5223 tribulatione:

1923 5259 2092 5323 evasi,
2127 5261 2415 5329 oculisque
2458 5262 2592 5316 meis
2621 5261 2962 5315 inimicorum
3006 5273 3245 5313 meorum
3283 5257 3488 5324 disper-

1921 5347 2182 5403 ditionem
2219 5349 2349 5404 vidi.
2380 5347 2502 5403 Ideo
2523 5350 2668 5404 enim
2696 5348 2977 5419 Propheta;
3013 5347 3205 5403 oculus
3226 5343 3480 5406 exsultat,
