4018 6334
539 184 639 244 5'“

1739 185 1795 242 S.
1818 184 2144 241 GREGORII
2184 183 2476 240 NYSSENI

3646 195 3735 250 572

541 297 686 368 quod
748 298 885 352 nihil
950 300 1184 369 amplius
1246 302 1432 357 virtuti
1493 301 1802 372 oppositum
1867 311 2134 363 cernat;

2237 317 2334 370 ης,
2378 301 2443 368 ἣν
2477 299 2849 370 ἀπέκτεινενή
2883 300 3110 371 εἰρήνη,
3145 297 3322 364 καθώς
3356 317 3511 370 φησιν
3541 305 3567 355 ὁ
3597 305 3738 359 Ἀπά-

541 389 752 443 sublata
799 390 941 443 cnim
981 391 1206 457 malitia,
1240 409 1361 463 quae
1395 392 1600 447 inimici
1640 392 1760 446 loco
1794 397 1847 444 et
1882 389 2100 444 nomine

2210 390 2391 453 στολος
2405 404 2418 451 ;

540 480 728 534 virtuti
763 482 1102 544 adversatur,
1139 501 1248 540 non
1314 487 1551 557 amplius
1619 486 1961 556 relinquetur
2019 484 2368 539 inimicorum
2423 500 2621 540 nomen
2693 493 2746 540 et
2797 487 3080 541 memoria.
3133 484 3413 551 Quomodo
3461 487 3595 542 enim
3637 491 3746 557 quis

542 573 797 630 inimicus
843 580 1223 647 appellaretur,
1274 597 1382 636 non
1458 581 1691 652 amplius
1767 579 2127 652 gliscentibus
2185 591 2239 635 et
2307 580 2613 636 virentibus
2657 578 2996 647 inimicitiis,
3047 595 3186 649 quas
3226 579 3494 634 interemit
3530 597 3653 651 pax,
3698 595 3747 638 ut

543 665 620 720 ait
659 667 987 738 Apostolus?

614 763 876 820 Caeterum
906 775 966 821 ut
999 779 1118 839 apte
1164 780 1216 826 et
1265 771 1448 828 debito
1478 774 1670 830 ordine
1719 789 1934 838 sensus,
1967 787 2106 844 quos

544 855 809 913 hactenus
841 862 1216 930 eXposuimus,
1246 866 1428 922 verbis
1464 868 1658 936 psalmi
1687 868 2106 923 accommoden-

548 955 656 1014 tur,
689 949 860 1019 ipsam
892 953 959 1006 ad
993 955 1215 1009 verbum
1253 957 1384 1027 lege,
1419 959 1777 1042 qum‘ordine
1807 966 1889 1014 est
1945 960 2107 1028 quin-

548 1041 863 1110 quagesima
914 1045 1094 1109 tertia,
1169 1041 1570 1115 psalmodiam,
1605 1050 1826 1119 quando
1876 1049 2110 1119 Ziphteis

550 1133 802 1201 superior
835 1132 1080 1196 eﬂ‘ectus.
1111 1139 1619 1208 contemplatusque
1665 1140 1883 1194 malitia:
1932 1139 2110 1194 omni-

549 1222 771 1279 modum
811 1225 1108 1288 interitum,
1148 1244 1339 1284 rursus
1367 1233 1421 1284 in
1459 1232 1732 1286 intellectu
1761 1232 1981 1301 superni
2016 1246 2114 1285 auo

509 1346 528 1363 .
551 1313 669 1366 xilii
704 1316 1056 1379 constitutus,
1089 1317 1194 1373 Deo
1232 1320 1489 1391 hymnum
1543 1322 1857 1390 epinicium,
1905 1330 1959 1376 et
1988 1336 2114 1376 car-

552 1420 677 1460 men
705 1407 983 1464 victoriale
1021 1409 1272 1465 decantat
1302 1432 1314 1466 :
1363 1415 1443 1469 sic
1505 1417 1647 1470 enim
1682 1416 1883 1470 habent
1919 1417 2117 1470 inscri-

553 1497 755 1565 ptionis
791 1501 950 1555 verba
979 1522 992 1555 :
1040 1521 1058 1553 ι
1097 1503 1152 1560 In
1188 1505 1344 1560 linem
1371 1509 1422 1560 in
1449 1510 1783 1564 carminibus
1809 1509 2114 1565 intellectus

554 1586 745 1642 David.
792 1610 811 1642 ι
847 1590 1018 1647 Porro
1052 1596 1194 1650 sicut
1225 1597 1278 1650 in
1309 1600 1715 1661 certaminibus,
1739 1616 1858 1670 qua:
1889 1615 2117 1668 corpore

2291 769 2380 832 Ὠς
2402 769 2446 822 δ’
2473 768 2537 822 ἂν
2570 766 2872 830 ἀκολούθως
2899 767 3270 838 ὲφαρμοσθείη
3301 767 3370 820 τά
3402 768 3623 838 ρηθέντα
3651 771 3752 842 νοή-

2213 878 2355 932 ματα
2383 862 2495 922 τοίς
2523 860 2726 929 ῥήμασι
2768 858 2867 928 τῆς
2892 857 3233 929 ψαλμῳδίας,
3265 857 3432 930 αὐτὴν
3464 861 3551 912 ἐπὶ
3578 860 3755 924 λέξεως

2211 950 2482 1018 ἀνάγνωθι
2533 947 2632 1020 τὴν
2676 947 3016 1020 ψαλμῳδίαν,
3062 951 3160 1020 τὴν
3197 953 3256 1003 ὲν
3305 948 3382 1020 τῷ
3435 953 3755 1022 πεντηκοστῷ

2211 1042 2377 1112 τρίτῳ
2393 1041 2533 1093 κατὰ
2551 1039 2610 1092 τὸ
2631 1039 2919 1093 ἀκόλουθον
2937 1041 3291 1111 τεταγμένην,
3309 1042 3395 1094 ὅτε
3406 1041 3511 1093 τῶν
3529 1043 3757 1114 Ζηφαίων

2218 1129 2317 1199 1ἢδη
2349 1129 2612 1199 κρείττων
2638 1127 2948 1198 γενόμενος,
2973 1127 3169 1182 ἐπιδὼν
3190 1129 3284 1200 τὴν
3309 1134 3406 1201 τῆς
3435 1131 3618 1193 κακίας
3642 1149 3762 1184 παν-

2217 1218 2501 1288 ωλεθρίαν,
2550 1219 2710 1272 πάλιν
2759 1221 2816 1272 ἐν
2851 1218 3062 1273 συνέσει
3105 1220 3206 1289 τῆς
3254 1221 3456 1276 ἄνωθεν
3515 1225 3761 1286 καταστὰς

2221 1308 2555 1378 συμμαχίας,
2592 1307 2758 1378 ὕμνον
2783 1309 3045 1380 προσάγει
3079 1310 3154 1380 τῷ
3177 1309 3296 1381 Θεῷ
3324 1312 3596 1365 ἐπινίκιον.
3625 1313 3763 1366 Οὕτω

2222 1398 2329 1468 γὰρ
2357 1401 2384 1451 ό
2414 1399 2511 1470 τῆς
2545 1400 2858 1470 ἐπιγραφῆς
2895 1401 3134 1471 περιέχει
3171 1399 3326 1470 λόγος
3345 1419 3358 1433 ο
3383 1421 3402 1454 ι
3435 1405 3526 1467 Εἰς
3547 1404 3602 1457 τὸ
3629 1405 3763 1468 τέλος

2222 1491 2278 1543 ἐν
2309 1489 2498 1560 ὕμνοις
2536 1491 2801 1554 συνέσεως
2825 1490 2903 1562 τῷ
2933 1492 3113 1546 Δαϐίδ.
3149 1512 3168 1545 ι
3196 1495 3406 1564 Ὥσπερ
3428 1495 3482 1547 δὲ
3505 1496 3636 1549 κατά
3655 1497 3765 1560 τοὺς

2225 1581 2564 1650 σωματικοὺς
2611 1581 2846 1650 ἀγῶνας,
2895 1584 2954 1635 ού
3006 1587 3116 1646 τοῖς
3166 1585 3350 1648 αὐτοῖς
3387 1587 3680 1652 ἀντιπάλοις
3722 1590 3766 1641 οἱ

555 1678 934 1752 perﬁciuntur,
955 1698 1064 1737 non
1092 1688 1517 1755 congrediuntur
1543 1690 1754 1760 pugiles
1778 1706 1900 1745 cum
1926 1691 2115 1746 iisdem

2237 1671 2446 1742 ὶθληταὶ
2493 1672 2916 1743 παραμένουσιν,
2952 1667 3027 1748 ὧν
3055 1675 3122 1728 ἂν
3167 1677 3225 1728 ὲν
3272 1677 3481 1748 νεότητι
3520 1677 3652 1732 κατά
3679 1679 3766 1750 τὴν

556 1767 908 1836 adversariis,
939 1790 1077 1842 quos
1131 1775 1430 1844 juventutis
1495 1787 1737 1848 tempore
1785 1781 2118 1844 det-icerant,

557 1859 652 1914 sed
681 1869 842 1916 aucto
872 1864 1082 1931 robore,
1121 1867 1435 1937 viribusque
1483 1871 1835 1938 conﬁrmatis,
1887 1872 2122 1941 majores

556 1955 612 2002 et
651 1951 938 2006 validiores
969 1956 1345 2022 antagonistas
1377 1957 1478 2012 sibi
1509 1958 1848 2029 deposcunt;
1887 1960 1996 2016 illis
2029 1959 2124 2015 de-

558 2040 740 2105 victis,
811 2057 934 2096 eum
996 2045 1470 2102 cxcellentioribus
1522 2049 1701 2104 adhuc
1757 2051 1810 2104 in
1847 2051 2124 2120 pulverem

560 2128 921 2197 descendunt,
946 2149 1161 2204 semper
1193 2137 1387 2191 virium
1428 2139 1763 2196 incremento
1796 2141 2127 2197 convenien-

561 2229 644 2276 ter
676 2238 800 2276 cum
835 2224 1244 2284 robustioribus
1305 2230 1633 2287 adversariis
1666 2246 1884 2286 manum
1933 2247 2127 2290 conse-

562 2321 747 2369 rentes
776 2333 788 2368 :
823 2317 938 2384 pari
975 2320 1155 2386 modo,
1185 2320 1278 2390 qui
1312 2328 1439 2376 tota
1471 2325 1635 2379 tantis
1667 2324 1917 2380 hostibus
1957 2326 2128 2381 victo-

565 2406 676 2462 rias
702 2410 1016 2478 reportavit,
1049 2411 1372 2470 illustriores
1401 2414 1580 2470 adhuc
1615 2417 1874 2473 victorias
1918 2420 1986 2474 ab
2021 2419 2127 2475 illis

563 2496 750 2564 rel‘ert,
783 2515 1108 2571 congressus
1145 2519 1268 2558 cum
1321 2507 1734 2572 celebrioribus,
1797 2511 2129 2582 major-isque

565 2590 804 2645 nominis
831 2597 883 2645 et
919 2591 1074 2647 famae
1122 2599 1502 2666 antagonistis,
1539 2608 1593 2654 et
1637 2601 1708 2656 ob
1745 2602 1795 2657 id
1832 2605 2129 2672 agonothe-

566 2687 676 2730 tam
709 2679 775 2733 ad
842 2683 1166 2737 audiendum
1231 2686 1481 2751 advocat,
1511 2704 1634 2742 cum
1685 2691 1796 2746 ait:
1833 2711 1850 2744 ι
1900 2695 2127 2758 Exaudi,

569 2767 731 2832 Deus,
763 2769 1064 2826 orationem
1096 2789 1294 2839 meam,
1326 2784 1379 2830 et
1418 2792 1488 2832 ne
1522 2777 1838 2848 despexeris
1869 2780 2130 2851 depreca-

572 2861 770 2915 tionem
804 2878 975 2920 meam
1017 2864 1103 2919 "z
1147 2885 1165 2918 ι
1198 2879 1487 2939 rogatque,
1530 2880 1589 2925 ut
1625 2872 1690 2925 ad
1731 2889 1966 2944 pugnam
2009 2876 2130 2930 ani-

572 2968 718 3004 mum
751 2952 1033 3008 advertat:
1069 2976 1085 3008 ι
1132 2957 1376 3024 intende,
1415 2980 1434 3012 ι
1497 2963 1690 3032 inquit,
1733 2985 1751 3016 ι
1788 2967 1919 3020 mihi
1953 2969 2131 3022 et'cx-

573 3044 693 3098 audi
734 3060 836 3110 me,
883 3065 902 3097 ι
931 3055 1307 3118 monstratque
1338 3055 1696 3108 certaminum
1733 3073 1956 3112 suorum
1988 3059 2135 3114 labo-

575 3149 683 3197 res,
724 3150 992 3190 cnarrans
1027 3139 1304 3192 tristitiam
1336 3151 1388 3196 et
1426 3146 1896 3201 conturbationem
1920 3187 1934 3211 ,
1966 3157 2019 3203 et
2052 3165 2140 3203 vo-

574 3240 692 3280 cem
749 3226 988 3290 inimici,
1051 3238 1105 3282 et
1163 3231 1568 3288 tribulationem
1629 3241 1949 3304 peccatoris.
2009 3240 2140 3306 Qum

575 3317 758 3370 omnia
790 3318 1029 3372 ostendit
1051 3322 1365 3376 certaminis
1397 3325 1610 3392 praesidi
1640 3329 1784 3383 velut
1807 3332 2140 3399 palaestricas

576 3406 841 3476 quasdam
867 3409 1125 3465 victorias
1151 3411 1217 3465 ab
1253 3412 1585 3471 adversariis
1616 3418 1834 3484 relatas,
1857 3429 1910 3476 et
1932 3423 2000 3476 ad
2028 3423 2143 3478 hazc

578 3497 741 3552 etiam
771 3500 1242 3556 conturbationem
1269 3505 1471 3567 cordis,
1492 3506 1903 3566 etformidinem
1928 3515 2141 3582 mortis,

579 3601 633 3646 et
658 3593 932 3656 timorem,
957 3601 1010 3647 et
1038 3603 1350 3659 tremorem,
1379 3607 1432 3650 et
1472 3600 1722 3656 tenebras
1754 3603 1918 3657 vitam
1971 3605 2143 3674 ipsius

582 3680 820 3750 undique
849 3683 1199 3752 complexas;
1232 3687 1432 3755 quibus
1460 3691 1715 3747 onmibus
1768 3710 1936 3749 unum
1976 3697 2029 3752 id
2062 3715 2146 3754 re-

582 3772 745 3826 medii
775 3769 999 3836 invenit,
1026 3789 1134 3844 quo
1162 3792 1228 3831 ex
1255 3778 1418 3834 rebus
1447 3788 1554 3834 tam
1581 3783 1796 3838 atlliclis
1824 3797 2142 3857 emergeret,

583 3875 642 3916 ιιι
669 3863 916 3932 pernices
950 3866 1216 3922 columba:
1243 3870 1359 3925 alas
1390 3883 1713 3938 assumeret,
1749 3886 1804 3930 et
1862 3878 1918 3932 in
1978 3880 2144 3934 altum

584 3969 705 4008 sese
738 3954 969 4018 tolleret,
1016 3964 1069 4010 et
1116 3957 1170 4011 in
1228 3973 1294 4012 eo
1352 3961 1470 4015 loco
1527 3965 1765 4018 volatum
1830 3968 2051 4026 sisteret
2085 3987 2149 4027 ac

582 4043 1017 4112 conquiesceret,
1043 4048 1194 4116 quia
1236 4050 1394 4104 malis
1439 4053 1692 4109 omnibus
1737 4071 1984 4121 securus,
2025 4076 2148 4128 per-

586 4141 748 4204 petuo
777 4135 1136 4191 divinioribus
1172 4138 1333 4194 rebus
1356 4141 1706 4198 circumﬂuit.
1741 4143 1922 4214 Inquit
1949 4151 2096 4204 enim
2132 4169 2145 4204 :

589 4244 610 4276 ι
652 4225 826 4281 Mansi
857 4227 912 4281 in
954 4228 1271 4293 solitudine,
1330 4249 1349 4282 ι
1403 4241 1462 4285 ιιι
1512 4234 1583 4288 ibi
1616 4249 1646 4287 a
1706 4238 2152 4305 pusillanimitate

2224 1760 2558 1833 παλαίστραν
2591 1763 2956 1832 κρατήσωσιν,
2997 1764 3110 1817 ἀλλ’
3137 1765 3462 1837 αὐξηθείσης
3491 1767 3658 1830 αὐτοῖς
3681 1768 3766 1838 τῆς

2222 1855 2520 1925 δυνάμεως,
2562 1854 2696 1924 πρὸς
2727 1855 2974 1925 μείζονάς
3005 1874 3064 1909 τε
3098 1857 3190 1910 καὶ
3251 1858 3620 1929 ἰσχυροτέρους
3657 1860 3766 1912 ἀντ-

2224 1945 2528 2014 αγωνιστὰς
2546 1945 2884 2011 ἀποδύονται,
2907 1946 3007 2000 κᾶν
3024 1947 3248 2001 ἐκείνων
3270 1949 3626 2019 κρατήσωσιν,
3648 1948 3770 2001 κατά

2223 2037 2332 2091 τῶν
2369 2037 2740 2109 ὑπερεχόντων
2775 2039 3095 2107 κονίζονται,
3135 2041 3368 2094 πάντοτε
3406 2045 3468 2114 τῇ
3515 2042 3769 2112 προσθήκῃ

2223 2132 2322 2201 τῆς
2360 2130 2639 2201 δυνάμεως
2684 2130 3032 2202 καταλλήλως
3065 2132 3199 2203 πρὸς
3239 2134 3366 2196 τοὺς
3403 2133 3767 2204 δυνατωτέρους

2225 2222 2332 2277 τῶν
2363 2222 2668 2276 ἀντιπάλων
2708 2223 3128 2296 ἀγωνιζόμενοι⁹
3171 2224 3324 2280 κατά
3364 2225 3453 2280 τὸν
3492 2225 3641 2278 αύτδν
3667 2224 3771 2295 τρό-

2227 2332 2348 2381 πον,
2380 2314 2474 2368 καὶ
2493 2316 2522 2368 ό
2546 2314 2632 2368 διὰ
2659 2314 2926 2368 τοσούτων
2949 2319 3066 2380 ταῖς
3088 2316 3231 2370 κατά
3258 2317 3366 2370 τῶν
3397 2316 3596 2388 ὲχθρῶν
3617 2315 3768 2376 νίκαις

2229 2407 2642 2479 ὲγγυμνασθεὶς,
2677 2407 3078 2478 ἐπισημοτέρας
3108 2407 3208 2472 τὰς
3230 2407 3386 2472 νίκας
3409 2407 3606 2462 ἑαυτῶν
3626 2408 3764 2466 ποιεῖ,

2231 2500 2366 2571 πρὸς
2394 2500 2520 2562 τοὺς
2549 2499 2977 2569 ὲπισημοτέρους
3007 2515 3066 2550 τε
3115 2498 3211 2551 καὶ
3250 2499 3498 2568 μείζονας
3536 2497 3635 2551 τῶν
3663 2497 3769 2549 ἀντ-

2229 2590 2542 2659 αγωνιστῶν
2565 2590 3025 2660 συμπλεκόμενος.
3058 2589 3167 2642 Καὶ
3198 2588 3290 2642 διά
3303 2590 3456 2643 τοῦτο
3480 2587 3768 2660 προσκαλεῖ-

2229 2699 2318 2736 ται
2347 2682 2445 2754 τὴν
2471 2682 2639 2754 ἀκοὴν
2666 2681 2758 2734 τοῦ
2785 2680 3142 2749 ἀγωνοθέτου,
3170 2680 3374 2750 λέγων·
3400 2701 3417 2732 ι
3440 2679 3715 2744 Ἐνώτισονδ
3735 2669 3771 2727 ὦ

2232 2775 2383 2840 Θεὸς,
2403 2776 2500 2844 τὴν
2527 2775 2834 2846 προσευχήν
2862 2791 2984 2843 μου,
3007 2774 3101 2827 καὶ
3127 2772 3203 2844 μὴ
3233 2773 3486 2844 ὑπερίδῃς
3505 2772 3592 2843 τὴν
3617 2767 3772 2837 δέησίν

2235 2885 2358 2938 μου.
2390 2886 2408 2917 ι
2450 2867 2560 2919 Καὶ
2600 2868 2882 2936 προσέχειν
2913 2865 3075 2918 αὐτοῦ
3110 2868 3174 2934 τῇ
3225 2865 3444 2934 ἀθλήσει
3482 2859 3770 2932 παρακαλεῖ,

2240 2983 2257 3009 ι
2292 2957 2528 3030 ΙΙρὸσχες
2572 2974 2681 3027 μοι,
2741 2977 2758 3009 ι
2809 2957 3004 3026 λέγων,
3047 2976 3065 3008 ι
3117 2959 3214 3010 καὶ
3264 2955 3569 3010 είσάκουσόν
3614 2968 3719 3022 μου.
3754 2967 3770 2998 ι

2239 3050 2346 3102 Καὶ
2368 3049 2707 3102 ὑποδείκνυσι
2735 3049 2822 3101 διὰ
2859 3048 2953 3101 τοῦ
2983 3048 3139 3116 λόγου
3178 3048 3291 3101 τῶν
3322 3047 3539 3115 ἀγώνων
3564 3044 3675 3110 τοὺς
3699 3039 3776 3092 ms.

2239 3159 2380 3204 νους,
2411 3141 2583 3210 λύπην
2651 3141 2743 3194 καὶ
2773 3141 3103 3210 ἀδολεσχίαν,
3157 3141 3255 3192 καὶ
3296 3138 3533 3209 ταραχὴν
3566 3131 3776 3204 καρδίας,

2175 3297 2183 3300 ν
2240 3237 2333 3288 καλ⁵
2365 3235 2544 3303 φωνὴν
2579 3232 2794 3303 ἐχθροῦ,
2831 3233 2925 3286 καὶ
2959 3232 3134 3302 θλίψιν
3169 3230 3495 3303 ἁμαρτωλοῦ
3527 3224 3778 3305 διηγούμεο

2241 3341 2348 3388 νος,
2372 3319 2481 3377 οἷόν
2508 3341 2628 3376 τινα
2659 3325 2986 3395 κρατήματα
3017 3323 3391 3395 παλαιστρικά
3423 3319 3781 3389 κατα-γινόμενα

2243 3415 2392 3486 παρά
2419 3415 2524 3468 τῶν
2555 3415 3068 3486 ἀνταγωνιζομένων
3096 3414 3252 3486 αὐτῷ
3279 3415 3354 3484 τῷ
3379 3412 3668 3481 ἀγωνοθέτῃ
3691 3411 3783 3460 ἐπε·

2242 3503 2605 3573 δεικνύμενος.
2635 3504 2743 3556 Καὶ
2780 3504 2858 3555 ἔτι
2895 3502 3031 3575 πρὸς
3060 3503 3277 3566 τούτοις
3306 3502 3528 3574 καρδίας
3553 3495 3780 3570 ταραχὴν,

2245 3594 2337 3645 καὶ
2363 3593 2561 3645 δειλίαν
2595 3591 2845 3656 θανάτου,
2876 3594 2971 3645 καὶ
3004 3593 3186 3661 φόϐον,
3227 3594 3320 3646 καὶ
3359 3591 3571 3663 τρόμον,
3608 3588 3689 3640 καὶ
3712 3584 3782 3648 ζό-

2247 3701 2344 3753 φον
2386 3684 2480 3754 τὴν
2513 3682 2655 3754 ζωὴν
2701 3684 2865 3737 αὑτοῦ
2899 3685 3076 3737 πᾶσαν
3121 3683 3464 3747 διαλαϐόντα,
3493 3673 3562 3734 ὧν
3601 3679 3782 3730 πάντων

2251 3772 2376 3841 μίαν
2409 3771 2649 3825 ἐπίνοιαν
2696 3771 2893 3842 εὕρατο
2926 3772 3058 3842 πρὸς
3102 3771 3163 3824 τὸ
3197 3773 3442 3842 κρεῖττόν
3478 3788 3534 3822 τε
3563 3770 3646 3822 καὶ
3671 3763 3784 3819 ἀνώ-

2247 3880 2402 3934 τερον
2432 3863 2528 3932 τῆς
2554 3861 2818 3932 τοσαύτης
2842 3861 3068 3931 συνοχῆς
3096 3862 3378 3929 γενέσθαι,
3395 3861 3454 3912 τὸ
3482 3855 3781 3929 πτερωθῆναι

2250 3954 2410 4008 αὑτὸν
2449 3956 2560 4017 τοῖς
2596 3953 2696 4022 τῆς
2733 3953 3059 4022 περιστερᾶς
3103 3951 3462 4022 ὠκυπτέροις,
3491 3949 3578 4003 καὶ
3616 3944 3782 4016 μετάρ-

2252 4063 2363 4099 σιον
2391 4046 2675 4116 γενόμενον
2701 4046 2816 4098 ἐκεῖ
2846 4046 3051 4098 παῦσαι
3090 4045 3191 4116 τὴν
3223 4047 3419 4116 πτῆσιν
3442 4046 3497 4096 ὲν
3531 4034 3782 4108 ἐκείνῳτῷ

2251 4135 2418 4204 τόπῳ,
2447 4134 2504 4196 ὃς
2536 4132 2642 4186 τῶν
2671 4133 2855 4187 κακῶν
2882 4133 3096 4186 πάντων
3123 4131 3330 4202 ἔρημος
3360 4129 3452 4194 ὢν,
3487 4127 3641 4196 Θαλής
3663 4126 3782 4176 ἐστιν

2251 4229 2363 4290 τοῖς
2407 4226 2714 4297 Θειοτέροις.
2750 4243 2770 4275 ‹
2801 4222 3080 4285 Αὺλισθεὶς
3123 4241 3142 4273 ι
3194 4222 3326 4293 γάρ,
3375 4221 3552 4290 φησιν,
3585 4237 3602 4269 ι
3637 4219 3686 4268 ἐν
3729 4212 3780 4279 τῇ

586 4318 814 4388 spiritus
846 4335 966 4390 qua:
996 4321 1050 4375 in
1082 4330 1250 4388 terra,
1285 4331 1337 4378 et
1383 4338 1413 4377 a
1447 4326 1702 4394 procellis
1761 4333 2134 4399 tentationum,

2255 4319 2444 4388 ἐρήμῳ
2479 4317 2634 4379 ’.ἀπὸ
2659 4318 2756 4386 τῆς
2785 4317 2934 4369 κάτω
2959 4313 3326 4383 ὀλιγοψυχίας,
3350 4313 3442 4366 καὶ
3465 4311 3564 4364 ἀπὸ
3584 4309 3781 4400 τηςῄτῶν

587 4409 685 4466 Dei
707 4427 830 4482 ope,
859 4429 1126 4480 servarer,
1151 4416 1244 4470 ubi
1269 4419 1546 4474 evanescit
1568 4420 1745 4476 omnis
1767 4423 1991 4476 malitia.
2017 4424 2152 4479 Nam

590 4505 949 4574 praecipitatio
1003 4507 1058 4561 in
1101 4523 1270 4574 mare,
1304 4510 1652 4567 abolitionem
1703 4522 1755 4568 et
1788 4502 2154 4574 interitionem

591 4593 877 4660 significat.
915 4593 1053 4660 Quia
1103 4611 1266 4652 omne
1311 4597 1466 4660 illud,
1525 4601 1669 4669 quod
1732 4601 1785 4655 in
1826 4602 2154 4671 profundum

589 4682 942 4752 demergitur,
1005 4688 1303 4750 evanescit,
1344 4697 1398 4742 et
1423 4703 1491 4743 ex
1523 4700 1819 4759 conspectu
1874 4694 2155 4749 hominum

591 4773 868 4843 eripitur;
902 4775 1216 4831 submersio
1249 4777 1415 4847 igitur
1441 4788 1495 4834 et
1520 4782 1788 4850 pernicies
1814 4786 2042 4853 peccati,
2074 4792 2157 4840 est

592 4865 879 4920 dissolutio
920 4869 1296 4924 concretionis
1328 4872 1557 4939 peccati.
1594 4871 1888 4943 PrOpterea
1919 4876 2072 4941 dicit,
2125 4892 2154 4930 a

592 4957 703 5013 Deo
736 4958 1063 5026 praecipitari
1092 4959 1352 5014 malitiam
1383 4962 1436 5016 in
1475 4978 1644 5026 mare,
1675 4979 1797 5019 cum
1834 4966 2029 5021 dividit
2059 4969 2158 5024 lin-

590 5063 727 5118 guas
777 5064 967 5103 eorum
1015 5049 1106 5118 qui
1167 5050 1222 5104 in
1281 5052 1425 5106 malo
1477 5055 1815 5124 conspirant.
1851 5057 1969 5111 Alia
2025 5059 2154 5113 item

593 5139 779 5194 omnia
805 5155 925 5210 quae
957 5140 1010 5194 in
1039 5141 1229 5198 ordine
1263 5144 1505 5213 psalmus
1544 5146 1809 5210 continet,
1848 5159 1906 5202 ut
1938 5159 2020 5203 est
2059 5149 2155 5204 de-

594 5232 818 5299 scriptio
850 5232 1090 5287 civitatis
1123 5233 1378 5290 habitata:
1407 5250 1436 5288 a
1470 5238 1628 5291 malis
1660 5245 1714 5292 et
1744 5240 1928 5308 pravis
1957 5241 2156 5295 studiis

593 5328 649 5376 et
676 5321 962 5388 institutis,
994 5323 1184 5380 eodem
1216 5329 1510 5396 pertinent.
1553 5328 1744 5385 Refert
1797 5331 1940 5384 enim
1984 5332 2156 5387 malos

598 5411 763 5480 hujus
784 5411 1024 5469 civitatis
1053 5415 1280 5484 incolas,
1312 5418 1656 5490 iniquitatem
1693 5421 1920 5486 scilicet,
1952 5431 2004 5476 ct
2025 5436 2152 5476 con-

675 5571 721 5604 "
768 5573 911 5628 Psal.
956 5590 1062 5642 LIV,
1093 5576 1145 5630 2.

2257 4407 2578 4477 πειρασμῶν
2616 4404 2946 4472 καταιγίδος,
2977 4404 3093 4455 ἐκεῖ
3144 4401 3532 4472 προσδέξασθαι
3569 4396 3650 4450 τοῦ
3674 4388 3780 4446 Θεοῦ

2256 4498 2350 4570 τὴν
2385 4497 2674 4569 σωτηρίαν,
2706 4498 2836 4550 ὅπου
2867 4493 3185 4564 ἀφανίζεται
3211 4497 3245 4566 ἡ
3278 4495 3464 4548 κακία.
3503 4493 3555 4546 ’0
3582 4491 3676 4560 γὰρ
3703 4503 3780 4539 κα-

2256 4591 2618 4661 ταποντισμὸς
2662 4591 2752 4643 τὸν
2781 4587 3082 4658 ἀφανισμὸν
3107 4589 3400 4658 ὲρμηνεύει
3424 4603 3438 4616 ’
3467 4586 3591 4638 διότι
3626 4584 3715 4635 πᾶν
3735 4577 3780 4628 τὸ

2257 4685 2315 4736 ὲν
2338 4683 2484 4753 βυθῷ
2514 4683 2752 4751 γεγονὸς,
2776 4679 3110 4749 ἀφανίζεται.
3137 4680 3412 4751 Βυθισμὸς
3439 4673 3528 4731 οὖν
3554 4671 3779 4746 ἁμαρτίας

2258 4776 2372 4827 ἐστὶ
2411 4775 2504 4828 καὶ
2532 4773 2794 4838 ἀπώλεια,
2828 4775 2861 4844 ἡ
2884 4772 2978 4826 τοῦ
3009 4772 3343 4834 συνεστῶτος
3366 4772 3461 4841 τῆς
3489 4768 3666 4827 κακίας
3686 4761 3780 4860 5rd:

2259 4867 2429 4928 λυσις.
2462 4866 2560 4918 Διά
2609 4865 2764 4918 τοῦτό
2812 4883 2941 4936 φησι
2991 4863 3477 4928 καταποντίζεσθαι
3531 4856 3663 4929 παρά
3705 4856 3779 4906 τοῦ

2259 4959 2393 5012 Θεοῦ
2423 4959 2481 5012 τὸ
2526 4959 2692 5012 κακὸν
2737 4960 2794 5011 ὲν
2827 4958 2903 5027 τῷ
2945 4957 3405 5036 καταδιαιρεῖσθαι
3452 4955 3546 5016 τὰς
3575 4951 3780 5019 γλώσσας

2261 5050 2370 5103 τῶν
2398 5051 2491 5102 ἐπὶ
2523 5049 2677 5120 κακῷ
2723 5048 3189 5120 συμφρονούντων.
3224 5047 3328 5099 Καὶ
3367 5048 3463 5099 ὅσα
3503 5041 3676 5112 ἐφεξῆς
3704 5051 3779 5089 πε·

2269 5143 2435 5213 ριέχει
2451 5145 2483 5212 ἡ
2499 5143 2594 5212 τῆς
2605 5141 2710 5210 ψαλ
2719 5141 2921 5210 μῳδίας
2937 5140 3136 5209 ταύτης
3152 5139 3382 5204 διάνοια,
3402 5137 3495 5208 τὴν
3507 5135 3595 5203 τῆς
3609 5131 3776 5185 πόλεως

2268 5235 2606 5305 ὑπογραφὴν,
2626 5233 2722 5302 τὴν
2742 5232 2844 5284 ὑπὸ
2855 5231 2962 5284 τῶν
2985 5229 3233 5300 πονηρῶν
3249 5226 3662 5298 ἐπιτηδευμάτων
3675 5230 3776 5305 συντ

2253 5301 2599 5398 ,ῳκισμένηῆ
2623 5301 2796 5378 πάντα
2818 5322 2953 5393 πρὸς
2978 5321 3036 5374 τὸ
3052 5319 3182 5374 αὐτὸ
3205 5301 3776 5398 βλέπειώέγει-γὰρλκεξὶ

2263 5417 2650 5488 ἀπαριθμεῖται
2689 5417 2811 5479 τοὺς
2836 5415 3037 5476 κακοὺς
3074 5412 3170 5480 τῆς
3199 5409 3401 5472 πόλεως
3429 5405 3612 5472 ταύτης
3649 5391 3772 5460 eisi:-
