4018 6334
303 188 382 246 575

1646 181 1710 236 ΙΝ
1752 182 2085 241 PSALMOS.

300 321 441 376 ωρας,
471 299 681 370 ἀνομίαν
725 298 896 367 λέγων
935 300 1028 352 καὶ
1073 297 1376 366 ἀντιλογίαν
1419 299 1477 352 ἐν
1521 302 1586 369 τῇ
1655 299 1804 355 πόλει

1916 301 2317 363 tradictionem,
2353 313 2475 369 quae
2508 304 2674 352 noctu
2700 295 2938 357 civitatis
2993 309 3178 350 muros
3236 293 3482 348 circum-

297 397 362 450 διὰ
396 391 548 452 νυκτὸς
601 388 1002 458 περιπολούσας
1045 389 1107 440 τὸ
1138 390 1336 457 τεῖχος,
1369 387 1464 440 καὶ
1503 389 1663 441 πάλιν
1689 390 1811 442 ἀνο-

299 490 412 559 μίαν,
440 484 516 536 καὶ
543 481 727 542 κόπον,
767 481 862 532 καὶ
907 479 1119 532 ἀδικίαν
1155 480 1597 550 ἀνατρεφομένας
1637 480 1694 531 ἐν
1731 480 1808 552 τῷ

296 579 411 650 μέσῳ
430 574 507 627 τοῦ
535 573 739 634 ἄστεος.
781 571 1028 623 Δείκνυσι
1065 571 1122 623 δὲ
1161 571 1254 624 καὶ
1287 571 1378 624 τὸν
1411 570 1577 624 κακὸν
1616 571 1806 642 δῆμον,

293 663 359 717 τὸν
379 663 458 723 τὰς
477 660 729 721 πλατείας
763 657 935 727 αὐτῆς
971 657 1280 728 πληροῦντα
1303 675 1317 690 ’
1345 659 1625 729 ὀνομάζων
1653 661 1808 714 τόκον

294 754 362 808 καὶ
395 753 555 805 δόλον·
590 751 679 803 καὶ
726 750 930 802 τούτων
968 749 1075 802 τῶν
1124 749 1430 820 εἰρημένων
1482 751 1696 804 πάντων
1747 753 1808 805 τὸ

291 845 553 914 βαρύτατον,
589 841 687 910 τὴν
713 843 999 910 ὑπόκρισιν
1028 835 1167 894 εἶναι
1204 841 1374 910 λέγει,
1401 843 1434 912 ἢ
1465 839 1526 894 τὸ
1557 842 1807 912 ίσόψυχόν

289 951 330 985 τε
359 933 432 984 καὶ
457 931 786 1000 ἀγαπητικὸν
832 930 1167 1000 ὑποδυομένη
1213 932 1419 1001 σχῆμα,
1453 931 1682 1002 κρύπτει
1715 933 1806 986 τὸν

285 1026 397 1079 δόλον
432 1023 497 1094 τῷ
536 1022 758 1094 χρηστῷ
791 1022 1235 1094 προκαλύμματι.
1273 1023 1372 1076 Διά
1424 1023 1582 1077 τούτο
1626 1025 1805 1090 ἀξίους

285 1119 365 1170 civ
388 1114 620 1168 τοιούτων
649 1114 870 1167 ἐνοίκων
904 1117 932 1167 ό
962 1114 1168 1178 δίκαιος
1195 1115 1386 1186 κριτὴς
1409 1118 1533 1180 τοὺς
1557 1117 1807 1186 ἐποίκους

283 1208 525 1276 ἐκπέμπει.
562 1205 748 1258 Βούλει
782 1205 970 1274 μαθεῖν
1003 1205 1072 1258 τὰ
1100 1206 1211 1259 τῶν
1246 1207 1502 1260 ἐποικίων
1533 1183 1804 1278 ὀνόμ”ατα;

287 1318 301 1351 ι
329 1298 547 1360 Ἐλθέτω,
582 1315 602 1347 ι
629 1297 814 1366 φησὶν,
851 1314 869 1346 ι
906 1295 1133 1359 Θάνατος
1159 1297 1244 1349 ἐπ’
1266 1298 1484 1363 αὑτοὺς,
1505 1299 1599 1352 καὶ
1634 1316 1804 1352 κατα-

281 1390 484 1459 ϐήτωσαν
503 1388 578 1450 είς
611 1387 738 1458 ᾅδου
769 1386 986 1450 ζῶντες.
1021 1406 1039 1439 ι
1065 1389 1175 1441 Καὶ
1194 1389 1370 1442 πάντα
1395 1390 1520 1459 περὶ
1541 1389 1718 1442 αὐτῶν
1738 1390 1806 1444 τά

282 1477 529 1548 σκυθρωπά
546 1476 637 1530 διά
653 1475 745 1530 τοῦ
777 1477 936 1545 λόγου
962 1477 1310 1546 παραδείξας,
1334 1479 1528 1547 ἐπάγει
1552 1480 1650 1550 τὴν
1671 1481 1802 1549 γλυ-

280 1567 611 1637 κεῖανὲκείνην
631 1566 832 1636 φωνὴν,
859 1569 916 1619 ἐν
946 1561 978 1640 ᾖ
997 1568 1089 1619 καὶ
1110 1566 1357 1637 νενίκηκε
1374 1569 1472 1638 τὴν
1487 1569 1638 1623 πόλιν
1655 1569 1802 1640 αύτῷ

1917 399 2086 456 eunt;
2129 405 2322 445 rursus
2350 388 2714 457 iniquitatem,
2760 393 2813 439 et
2845 386 3109 449 laborem,
3159 393 3213 440 et
3267 385 3484 453 injusti-

1915 483 2045 535 tiam
2078 482 2371 535 enutritam
2408 480 2462 532 in
2491 477 2670 532 medio
2699 477 2972 531 civitatis:
3013 477 3250 531 ostendit
3281 485 3334 530 et
3381 477 3484 529 im-

1916 568 2146 637 probum
2189 567 2447 636 populum
2492 567 2582 634 qui
2618 566 2826 634 plateas
2864 564 2982 632 ejus
3035 565 3287 634 complet,
3319 579 3480 633 quem

1917 661 2165 714 nominat
2193 673 2414 713 usuram
2480 666 2534 711 et
2591 656 2796 722 dolum,
2831 673 2926 712 seu
2957 655 3221 718 fraudem,
3256 665 3308 709 et
3362 670 3482 724 quae

1916 752 2159 804 Omnium
2206 749 2529 820 gravissima
2569 750 2739 819 pestis
2793 759 2896 812 est,
2960 749 3314 819 hypocrisim,
3365 761 3484 817 quae

1917 843 2082 895 animi
2116 841 2532 894 consensionem
2591 847 2643 893 et
2675 838 3021 892 dilectionem
3081 837 3267 890 habitu
3306 835 3480 888 simu-

1916 934 2056 995 lans,
2097 932 2336 986 fraudem
2369 931 2596 1001 pulchro
2630 938 2941 1000 legumento
2983 931 3160 982 velat:
3194 935 3481 997 prepterca

1916 1027 2112 1096 dignos
2137 1025 2446 1094 hujusmodi
2480 1023 2674 1078 incolis
2709 1023 2875 1076 mittit
2904 1023 3088 1090 justus
3125 1020 3288 1089 judex
3329 1017 3484 1070 adve-

1914 1134 2032 1172 nas.
2069 1115 2162 1170 Vis
2195 1116 2336 1170 scire
2362 1130 2611 1185 quamam
2651 1114 2762 1168 sint
2804 1114 2996 1167 horum
3027 1120 3358 1168 advenarum
3387 1126 3483 1164 no-

1915 1208 2102 1263 mina?
2129 1226 2146 1258 ι
2195 1205 2384 1262 Veniat
2418 1222 2564 1262 mors
2599 1221 2764 1274 super
2794 1205 2938 1265 illos.
2979 1211 3031 1258 et
3065 1203 3398 1258 descendant
3427 1202 3480 1256 in

1914 1299 2186 1354 infernum
2213 1299 2781 1367 viventes.iCumque
2801 1297 2982 1351 omnia
3011 1296 3186 1350 tristia
3215 1303 3267 1350 et
3289 1309 3481 1363 aspera

1912 1389 2048 1460 ipsis
2074 1396 2333 1445 eventura
2364 1387 2818 1450 demonstrasset,
2869 1387 3052 1442 emisit
3085 1386 3298 1440 dulcem
3333 1385 3480 1438 illam

1909 1495 2132 1545 vocem,
2168 1494 2275 1549 qua
2309 1487 2363 1535 et
2400 1479 2673 1533 civitatem
2703 1478 2851 1532 illam
2886 1493 3008 1532 eum
3051 1485 3163 1530 tota
3205 1491 3303 1532 sua
3343 1476 3482 1530 mul-

1909 1571 2142 1626 titudine
2169 1571 2339 1625 vicit:
2375 1589 2394 1622 ς
2432 1570 2542 1640 Ego
2573 1576 2752 1624 autem
2797 1571 2853 1622 in
2891 1577 2942 1624 te
2977 1569 3229 1638 sperabo.
3267 1587 3286 1621 ι
3341 1567 3480 1622 Tur-

279 1659 577 1730 πληρώματι,
607 1659 816 1726 λέγων·
836 1677 854 1709 ι
903 1659 1043 1726 Ἐγὼ
1079 1658 1136 1711 δὲ
1169 1659 1340 1712 ἐλπιῶ
1379 1659 1471 1712 ἐπὶ
1504 1660 1584 1712 σέ.
1617 1680 1634 1712 ι
1664 1661 1804 1732 Πλή-

1908 1663 2030 1716 bam
2083 1676 2214 1716 vero
2267 1661 2503 1715 civitatis
2566 1661 2815 1714 nominat
2843 1660 3005 1738 ‘viros
3058 1650 3396 1730 sanguinum'
3426 1671 3480 1713 et

277 1769 400 1824 ρωμα
431 1751 482 1804 δέ
510 1751 662 1819 λέγει
689 1752 786 1822 τῆς
815 1751 1018 1814 πόλεως
1054 1751 1278 1821 ταύτης,
1305 1751 1502 1821 ἄνδρας
1532 1753 1802 1822 αἱμάτων,

277 1842 346 1894 καὶ
366 1840 672 1910 δολιότητος,
700 1843 823 1903 τοὺς
848 1840 997 1895 οὐδὲν
1021 1837 1156 1905 εἶδος
1186 1843 1426 1911 πονηρᾶς
1451 1841 1662 1913 ἡμέρας
1686 1845 1808 1914 ἡμιο
1829 1859 1836 1862 ·

277 1933 501 1996 σεύοντας,
527 1932 658 1988 ούδέ
681 1933 846 2004 ἀτελῆ
878 1934 977 2004 τὴν
1012 1935 1274 2004 πονηρίαν
1305 1935 1808 2006 ἐπιδεικνυμένους,

275 2023 361 2076 ἀλλ’
418 2025 469 2078 ἐν
500 2023 580 2094 τῷ
616 2023 774 2094 κακῷ
802 2025 862 2077 τὸ
885 2023 1085 2077 τέλειον
1115 2024 1353 2096 ἔχοντας,
1380 2018 1454 2077 ὧν
1477 2025 1692 2079 πάντων
1728 2043 1806 2078 νι-

276 2115 406 2183 κητὴς
435 2114 642 2182 γίνεται
681 2117 758 2185 τῇ
785 2116 884 2184 μιᾷ
908 2113 1079 2186 ταύτῃ
1104 2115 1276 2183 φωνῇ,
1310 2107 1370 2165 οὗ
1413 2114 1512 2184 τὴν
1548 2113 1683 2183 πρὸς
1713 2113 1805 2166 τὸν

275 2205 372 2257 Θεὸν
400 2206 730 2277 καταμηνύει
764 2206 1025 2270 διάθεσιν,
1068 2206 1240 2274 λέγων
1265 2221 1278 2234 ο
1311 2223 1328 2254 ι
1381 2204 1522 2273 Ἐγὼ
1549 2205 1604 2258 δὲ
1635 2204 1805 2258 ἐλπιῶ

275 2295 341 2347 ἐπὶ
369 2299 433 2349 σέ.
473 2316 490 2348 ι

749 2387 1144 2440 ΚΕΦΑΛΑΙΟΝ
1183 2389 1279 2440 ΙΔν.

322 2474 509 2539 Τούτοις
538 2475 789 2531 ἐπελθὼν
826 2479 938 2540 τοῖς
961 2479 1226 2548 νοήμασιν
1262 2478 1290 2530 ὁ
1314 2476 1617 2545 φιλόπονος,
1646 2475 1803 2538 αὑτὸς

267 2566 514 2633 ἀναγνώτω
552 2570 626 2621 τὰ
677 2568 1007 2622 θεόπνευστα
1045 2569 1145 2638 τῆς
1191 2568 1510 2638 ψαλμῳδίας
1562 2567 1801 2638 ῥήματα,

267 2659 322 2720 ὡς
345 2661 396 2712 ἂν
420 2662 485 2733 μὴ
511 2664 577 2716 δι’
611 2663 769 2734 ἡμῶν
793 2663 948 2732 ὄχλος
970 2664 1342 2734 ἐπεισαχθείη,
1368 2663 1444 2733 τῷ
1467 2664 1644 2716 πάντα
1664 2663 1804 2716 κατά

265 2748 377 2813 λέξιν
425 2753 759 2823 ἐκτιθεμένῳ
809 2753 903 2806 καὶ
957 2753 1248 2824 μηκύνοντι
1296 2755 1396 2824 τὴν
1450 2755 1536 2824 ἐφ’
1589 2754 1803 2824 ἑκάστῳ

265 2844 453 2911 νοήματι
499 2845 757 2914 Θεωρίαν.
796 2846 1005 2917 Ὠσπερ
1038 2846 1096 2898 δὲ
1141 2849 1190 2900 οί
1241 2846 1338 2918 τὴν
1380 2847 1634 2918 ἀνωφερῆ
1709 2846 1804 2900 καὶ

261 2931 579 3005 δυσπόρευτον
638 2935 757 2988 ὁδὸν
808 2937 1068 3000 ἀνιόντες,
1113 2939 1242 2990 ὅταν
1294 2939 1497 3008 μεταξὺ
1535 2938 1801 3009 καθέδρας

260 3023 374 3086 τινος
402 3026 752 3096 ἐπιτυχόντες
788 3027 849 3078 τὸ
875 3025 1005 3079 πολύ
1037 3044 1094 3079 τε
1118 3028 1211 3080 καὶ
1241 3027 1487 3079 σύντονον
1507 3026 1598 3080 τοῦ
1631 3027 1800 3080 κόπου

260 3103 627 3180 ἀναὲαύσωσιν,
674 3118 833 3171 πάλιν
866 3118 965 3188 τῆς
1011 3118 1290 3188 δυνάμεως
1325 3121 1505 3182 αὑτοῖς
1552 3119 1802 3189 ἀναρρω-

259 3204 462 3277 σθείσης,
495 3211 638 3281 πρὸς
668 3211 764 3281 τὴν
790 3210 971 3262 ἄνοδον
999 3210 1104 3262 τῶν
1136 3211 1545 3280 ὑπερκειμένων
1583 3211 1802 3272 ἑαυτοὺς

257 3297 632 3370 ἐπεγείρουσιν·
690 3301 862 3364 οὕτως
908 3301 1002 3354 καὶ
1033 3303 1061 3354 ό
1111 3301 1208 3371 τῆς
1246 3302 1446 3372 ἀρετῆς
1501 3301 1799 3370 ὁδοιπόρος.

252 3383 299 3439 οὗ
321 3391 378 3442 τὰ
397 3392 713 3462 διαδήματα
741 3395 884 3444 νῖκαι
909 3391 1048 3445 κατά
1072 3390 1181 3444 τῶν
1206 3392 1514 3446 ἀντιπάλων
1545 3393 1701 3456 εἰσὶν,
1727 3393 1799 3456 ὡς

255 3480 563 3553 ήέπιγραιρὴ
591 3481 690 3535 τοῦ
726 3481 1086 3553 παρελθόντος
1127 3480 1479 3552 μαρτύρεται,
1509 3486 1574 3553 τῇ
1607 3500 1805 3554 κατορ-

249 3569 384 3626 θώσει
415 3577 480 3644 τῇ
507 3577 638 3646 νίκῃ
668 3575 856 3627 ἑαυτὸν
881 3573 1136 3636 τονώσας,
1165 3573 1324 3628 πάλιν
1350 3574 1485 3646 πρὸς
1511 3575 1608 3646 τὴν
1642 3576 1803 3646 ὑπερ-

250 3666 482 3735 κειμένην
515 3667 876 3720 συντείνεται.
920 3667 1176 3740 Μεγάλης
1205 3668 1313 3739 γάρ
1342 3667 1510 3739 οὔσης
1557 3668 1648 3720 καὶ
1670 3667 1802 3720 ταύ-

241 3769 322 3822 της
343 3757 436 3825 τῆς
463 3758 734 3825 ἀγωνίας,
750 3753 816 3828 ἧς
837 3759 894 3809 ἐν
920 3757 997 3828 τῷ
1015 3776 1117 3828 μνη
1127 3757 1436 3828 μονευθέντι
1462 3757 1658 3828 ψαλμῷ
1681 3775 1804 3810 κατ·

246 3851 539 3919 εκράτησεν,
587 3849 790 3918 λύπης,
848 3850 940 3902 καὶ
995 3849 1342 3919 ἀδολεσχίας,
1394 3851 1486 3903 καὶ
1535 3849 1798 3922 ταραχῆς,

236 3937 411 4009 ἔχθρας
438 3958 497 3993 τε
529 3942 629 3994 καὶ
665 3939 834 4009 ἀκοῆς
859 3955 870 3966 ·
904 3939 1062 3992 τοῦτο
1100 3941 1207 4009 γάρ
1241 3942 1386 3993 ἐστιν
1417 3941 1622 4012 ὴφωνὴ
1648 3943 1678 4012 ἡ
1707 3941 1799 3994 τοῦ

238 4029 407 4099 ἐχθροῦ
427 4050 441 4062 ·
465 4035 563 4087 καὶ
587 4033 692 4102 τῆς
715 4035 778 4086 ἐκ
809 4031 913 4085 τῶν
942 4032 1280 4104 ἁμαρτωλῶν
1311 4033 1563 4102 θλίψεως,
1591 4033 1684 4084 καὶ
1705 4033 1801 4102 τῆς

229 4121 321 4173 τῶν
365 4123 747 4192 ἐγκοτούντων
794 4123 982 4194 ὀργῆς,
1025 4125 1091 4176 δι’
1125 4118 1197 4176 ὧν
1227 4123 1432 4192 γίνεται
1482 4126 1694 4194 ταραχή
1741 4140 1800 4175 τε

230 4211 467 4280 διανοίας,
490 4218 591 4270 καὶ
606 4215 776 4269 δειλία
792 4215 1042 4278 θανάτου,
1059 4216 1152 4268 καὶ
1165 4215 1346 4284 φόϐος,
1360 4215 1451 4268 καὶ
1470 4217 1687 4286 τρόμος,
1710 4215 1803 4268 καὶ

1904 1750 2235 1816 dolositatis,
2257 1751 2348 1820 qui
2383 1749 2586 1804 nullam
2615 1750 2850 1819 speciem
2879 1749 3008 1803 mali
3030 1748 3136 1804 diei
3169 1749 3476 1814 dimidiant,

1905 1858 2083 1914 neque
2135 1841 2503 1914 imperfectam
2554 1842 2814 1895 malitiam
2863 1857 2984 1896 esse
3029 1841 3251 1903 sinunt,
3285 1841 3378 1896 sed
3424 1841 3476 1893 in

1905 1933 2114 1987 malitia
2145 1947 2336 1987 omnes
2367 1947 2626 1986 numeros
2656 1931 2858 1986 habent
2895 1950 2908 1985 :
2952 1945 3182 2000 quorum
3231 1932 3475 1984 omnium

1905 2023 2078 2077 victor
2113 2021 2170 2076 ﬁt
2197 2037 2305 2075 una
2337 2021 2428 2075 illa
2458 2035 2612 2086 voce,
2645 2035 2750 2090 qua
2785 2035 2940 2076 suam
2980 2035 3106 2090 erga
3139 2018 3308 2074 Deum
3342 2019 3476 2074 atie-

1904 2113 2138 2168 ctiouem
2175 2112 2376 2184 prodit,
2416 2126 2539 2167 cum
2579 2109 2658 2165 ait
2690 2127 2703 2164 :
2751 2128 2771 2162 ι
2811 2109 2922 2182 Ego
2957 2118 3138 2164 autem
3179 2111 3236 2163 in
3272 2118 3322 2164 te
3357 2125 3477 2179 spe-

1904 2203 2058 2259 rabo.
2101 2223 2120 2256 ι

2498 2386 2726 2443 CAPUT
2754 2385 2896 2440 XIV.

1974 2479 2258 2534 Praedictis
2286 2479 2544 2534 sensibus
2581 2480 2869 2540 insistens,
2904 2477 3218 2548 quicunque
3284 2476 3478 2531 harmn

1905 2586 2086 2625 rerum
2109 2571 2395 2626 studiosus
2427 2578 2532 2634 est,
2579 2572 2698 2640 ipse
2737 2585 2836 2625 suo
2861 2569 3045 2624 studio
3093 2568 3358 2624 divinitus
3396 2569 3478 2621 in-

1905 2664 2109 2734 Spirata
2145 2663 2461 2732 psalmodite
2496 2661 2660 2730 hujus
2719 2661 2883 2715 verba
2943 2669 3265 2730 percurrat:
3328 2675 3398 2713 ne
3446 2674 3476 2714 a

1906 2755 2064 2810 nobis
2119 2753 2373 2809 confusio
2414 2755 2598 2824 potius
2642 2751 3048 2817 introducatur,
3086 2751 3132 2807 si
3191 2753 3372 2804 omnia
3408 2751 3473 2804 ad

1903 2847 2129 2902 verbum
2184 2860 2488 2916 exponam,
2551 2843 3092 2915 disputationemque
3152 2841 3207 2896 in
3283 2844 3476 2911 quatis

1905 2950 2071 2990 sensu
2108 2935 2324 3004 longius
2381 2933 2714 3003 protraham.
2772 2932 3240 2997 Quemadmodum
3296 2942 3474 2985 autem

1908 3028 2006 3087 illi.
2035 3026 2128 3096 qui
2160 3025 2429 3081 diliicilem
2464 3038 2516 3082 et
2559 3025 2892 3096 prtecipitem
2959 3025 3100 3094 tiam
3148 3024 3474 3087 ascendunt,

1902 3121 1946 3174 si
1979 3122 2185 3175 interea
2223 3121 2406 3175 sedem
2435 3120 2671 3188 aliquam
2723 3119 3016 3188 reperiant,
3071 3118 3474 3172 contentionem

1905 3213 2050 3266 illam
2097 3211 2297 3266 laboris
2328 3212 2632 3275 remittunt,
2671 3217 2730 3263 ut
2759 3209 3056 3279 resumptis
3113 3217 3166 3263 et
3201 3209 3476 3277 reparatis

1902 3304 2111 3359 viribus
2141 3305 2351 3373 seipsos
2384 3301 2452 3356 ad
2487 3301 2796 3372 superanda
2834 3301 3067 3356 celsiora
3111 3315 3233 3370 quae
3270 3307 3477 3354 restant

1905 3394 2118 3466 fastigia
2151 3395 2391 3450 excitent
2433 3411 2448 3448 :
2484 3394 2563 3450 sic
2611 3402 2665 3449 et
2717 3394 2932 3448 virtutis
2993 3400 3253 3458 sectator,
3316 3392 3477 3461 cujus

1901 3487 2256 3543 ascensiones
2295 3493 2426 3540 sunt
2455 3485 2698 3541 victoriae
2731 3484 2800 3538 ah
2859 3483 3190 3540 adversariis
3255 3484 3437 3539 relatae
3459 3522 3474 3546 .

1902 3575 2360 3648 quemadmodum
2391 3575 2676 3645 inscriptio
2699 3575 3056 3644 praecedentis
3079 3575 3272 3643 psalmi
3311 3583 3479 3630 testa—

1903 3679 2010 3734 tur,
2042 3669 2333 3738 adeptione
2374 3667 2621 3721 victorize
2676 3667 2917 3736 seipsum
2959 3668 3318 3729 conlirmans,
3354 3683 3477 3720 rur-

1903 3777 2024 3818 sum
2058 3759 2123 3814 ad
2153 3760 2400 3814 altiorem
2430 3767 2483 3814 et
2515 3759 2918 3828 prteclariorem
2939 3757 3264 3827 accingitur.
3285 3756 3478 3826 Magna

1902 3851 2121 3921 quidem
2152 3851 2298 3904 lucta
2327 3849 2381 3901 in
2412 3847 2741 3918 przecedenti
2777 3847 2988 3917 psalmo
3028 3845 3301 3916 descripta
3350 3856 3433 3900 est
3459 3887 3475 3906 ,

1901 3959 1966 3997 ex
2003 3957 2109 4012 qua
2135 3939 2322 3994 victor-
2345 3940 2479 3994 abiit
2509 3958 2521 3992 :
2557 3939 2723 4004 lucta,
2757 3939 3001 4009 inquam,
3036 3938 3295 4000 tristitite,
3326 3951 3475 3992 exer-

1904 4033 2204 4097 citationis,
2239 4031 2700 4096 conturbationis,
2763 4030 3172 4085 inimicitiarum
3235 4039 3288 4083 et
3320 4029 3475 4081 audi~

1903 4125 2108 4181 tionis:
2139 4124 2218 4181 sic
2240 4125 2385 4180 enim
2437 4139 2626 4178 vocem
2662 4122 2869 4177 inimici
2903 4123 3272 4190 interpretor:
3298 4126 3352 4172 ct
3378 4120 3476 4170 tri-

1902 4219 2202 4275 bulationis
2238 4232 2268 4271 a
2300 4216 2682 4287 peccatoribus
2702 4213 2978 4284 profectae,
3000 4224 3054 4267 et
3076 4214 3168 4265 irae
3197 4209 3477 4279 indignan-

227 4306 435 4372 σκότος,
474 4311 578 4363 καί
618 4309 688 4362 τά
728 4307 968 4362 τοιαῦτα.
1005 4309 1064 4361 '0
1099 4309 1276 4363 τοίνυν
1312 4307 1568 4361 τοιούτων
1612 4325 1668 4361 τε
1710 4309 1802 4362 καὶ

1908 4312 2064 4375 tium,
2102 4310 2304 4380 quibus
2356 4308 2706 4364 concitantur
2739 4305 2974 4359 turbatio
3007 4302 3210 4364 cordis,
3257 4308 3314 4355 et
3366 4299 3476 4352 for-

226 4399 479 4451 τοτοὺτων
517 4399 810 4472 ὑπερσχὼν
835 4398 1161 4464 ἀντιπάλων,
1197 4401 1254 4451 ἐν
1291 4399 1368 4468 τῷ
1393 4399 1576 4470 πτερῷ
1601 4400 1700 4469 τῆς
1728 4399 1802 4463 ὡς

225 4491 549 4558 aptat-195:;
581 4489 933 4558 ἐπιφανείσης
955 4487 1034 4557 τῷ
1061 4486 1180 4557 βίῳ,
1207 4487 1300 4540 καί⁹
1326 4489 1664 4558 μεταναστὰς
1694 4487 1802 4541 ἀπὸ

222 4575 318 4627 τῶν
346 4581 402 4629 ἐν
432 4582 503 4649 τῇ
543 4579 718 4649 κακία
752 4577 1180 4647 ύλομανούντων,
1220 4579 1312 4631 ἐπὶ
1337 4579 1434 4648 τὴν
1467 4579 1672 4650 ἔρημον
1705 4579 1804 4651 τῆς

224 4670 478 4737 πονηρίας
511 4671 628 4723 τῶν
656 4671 906 4736 ζιζανίων
942 4670 1200 4741 βλάστης,
1236 4671 1294 4722 ἐν
1327 4664 1371 4737 ᾧ
1408 4669 1614 4739 γίνεται
1643 4673 1676 4742 ή
1707 4689 1804 4724 κα-

220 4757 505 4823 τάπαυσις,
565 4760 647 4830 τῷ
696 4762 848 4815 πόλιν
893 4762 1023 4831 ὅλην
1077 4761 1187 4814 τῶν
1227 4762 1613 4832 ἀντικειμένων
1657 4761 1804 4832 αύτῷ

223 4846 551 4921 πληᾳῦμςιτι
597 4853 704 4905 τῶν
735 4853 1096 4908 ἐποικούντων
1135 4853 1371 4923 νικῆσαι,
1401 4847 1468 4922 ἧς
1502 4854 1802 4924 οἰκήτορες,

222 4941 433 5010 ἀνομία,
462 4945 569 4997 καὶ
594 4945 776 5009 κόπος,
796 4947 888 4999 καὶ
917 4944 1215 5013 ἀντιλογία,
1247 4945 1406 5007 τόκος
1435 4961 1514 5008 τε.
1537 4945 1629 4998 καὶ
1659 4944 1806 5008 δόλος

226 5035 308 5082 καὶ
340 5034 610 5101 θάνατος,
652 5037 742 5091 καὶ
774 5037 919 5108 ζωῆς
963 5038 1042 5100 εἰς
1077 5036 1206 5106 ᾅδου
1237 5035 1538 5100 κατάϐασις
1561 5051 1574 5064 ·
1625 5037 1718 5088 καὶ
1745 5037 1806 5089 τὺ

229 5123 436 5176 πάντων
492 5130 758 5182 κάκιστον
809 5127 984 5196 γένος,
1042 5127 1148 5181 τῶν
1197 5131 1281 5185 ἀεὶ
1337 5128 1734 5183 κατοικούντων
1771 5129 1805 5198 ἡ

231 5212 537 5314 ὑπόκρισις.
577 5222 614 5288 ἡ
641 5223 703 5291 τῇ
734 5220 951 5285 ἐνδείξει
987 5221 1086 5291 τῆς
1112 5225 1415 5301 ὁμοψυχίας
1456 5221 1556 5292 τὴν
1594 5221 1812 5274 ἐπιϐου-

236 5304 318 5373 λὴν
345 5310 429 5359 ὲνε
441 5310 671 5378 ργοῦσα.
695 5312 806 5375 Ἧς
835 5314 1091 5382 κρείττων
1115 5321 1313 5385 γίνεται
1346 5323 1376 5375 ὁ
1419 5314 1585 5368 παντὶ
1608 5312 1686 5383 τῷ
1712 5312 1811 5380 τῆς

240 5394 358 5458 ἰδίας
393 5399 548 5469 ζωῆς
573 5406 748 5473 χρόνῳ
774 5408 1203 5483 συμπαρατείνιυν
1229 5423 1329 5501 τὴν
1355 5415 1444 5477 εξς
1460 5407 1524 5462 τὸ
1540 5404 1694 5458 Θεῖον
1720 5421 1809 5455 πε-

249 5489 507 5556 τοίίιησιν.
545 5493 810 5564 Ἑσπέραν
831 5495 936 5564 γὰρ
957 5495 1037 5546 καὶ
1062 5489 1292 5587 amcam,"
1309 5509 1417 5577 καὶ
1455 5494 1806 5574 μεσημϐρίαν

249 5577 422 5642 ιξπὼν,
455 5582 584 5635 ὅλον
634 5584 1002 5656 περιλαμϐάνει
1297 5570 1433 5677 ξιον
1457 5570 1468 5574 ⁷
1499 5588 1721 5665 μέτρον,
1752 5587 1806 5636 ἐν

1150 5679 1207 5710 t“
1269 5675 1281 5707 Δ

1150 5675 1247 5710 t'""l’
1260 5675 1281 5707 ’ί

119 5817 282 6178 L

1906 4401 2054 4455 mide
2093 4401 2307 4464 mortis,
2343 4409 2398 4456 et
2445 4401 2629 4462 timor,
2684 4405 2739 4452 et
2768 4404 2994 4461 tremor,
3030 4402 3080 4449 et
3119 4392 3379 4456 tenebrae,
3421 4401 3475 4446 et

1905 4493 2127 4548 similia.
2158 4492 2262 4558 Qui
2290 4492 2457 4562 igitur
2485 4497 2564 4543 tot
2600 4504 2664 4544 ac
2712 4497 2895 4544 tantos
2943 4485 3220 4556 superavit
3267 4484 3476 4547 hostes,

1907 4583 2103 4654 pennis
2140 4583 2262 4652 ejus
2293 4581 2612 4650 assumptis,
2644 4582 2737 4652 qui
2764 4581 2818 4634 in
2844 4580 3026 4650 specie
3058 4578 3326 4634 columba:
3354 4578 3478 4632 vita:

1906 4683 2107 4728 nostra:
2139 4675 2408 4743 apparuit,
2447 4664 2501 4728 is'
2525 4671 2783 4728 transfert
2813 4686 2936 4726 sese
2958 4670 3026 4724 ab
3057 4669 3124 4725 iis
3173 4669 3267 4738 qui
3319 4667 3478 4722 ntali-

1906 4767 1996 4819 tia:
2025 4765 2208 4820 studio
2241 4764 2580 4827 inserviunt,
2613 4764 2666 4817 in
2710 4760 3064 4818 solitudinem
3119 4774 3347 4814 vacuam
3411 4760 3482 4815 ah

1908 4857 2055 4910 onmi
2113 4855 2340 4920 malitia,
2375 4862 2430 4908 et
2467 4853 2778 4925 pernicioso
2836 4853 3177 4908 zizaniorum
3217 4852 3480 4922 germine,

1915 4950 2009 5004 ubi
2055 4948 2270 5018 requies
2307 4947 2632 5016 acquiritur,
2669 4947 2880 5001 devicta
2917 4947 3028 5016 jam
3064 4953 3182 4999 tota
3223 4944 3484 5000 adversa-

1909 5044 2116 5096 riorum
2149 5041 2373 5095 civitate
2411 5055 2537 5094 cum
2569 5040 2715 5094 omni
2751 5040 3054 5094 incolarum
3086 5038 3271 5102 turba,
3321 5037 3483 5103 cujus

1913 5133 2102 5188 incolae
2167 5139 2298 5188 sunt
2352 5131 2614 5212 iniquitas
2657 5139 2710 5186 et
2769 5132 2944 5193 labor,
2992 5139 3046 5184 et
3088 5127 3480 5188 contradictio,

1912 5240 2100 5289 usura,
2125 5234 2177 5278 et
2205 5224 2385 5285 dolus,
2421 5233 2476 5277 et
2505 5238 2676 5285 mors,
2715 5229 2769 5276 et
2802 5221 3104 5275 viventium
3167 5219 3234 5273 ad
3275 5216 3484 5272 inferos

1910 5317 2231 5380 descensus,
2281 5323 2335 5369 et
2365 5313 2513 5385 quod
2551 5315 2796 5368 omnium
2832 5313 3098 5367 malorum
3139 5309 3484 5366 teterrimum

1909 5422 2079 5475 genus
2139 5415 2254 5470 est,
2313 5405 2616 5459 incolarum
2674 5415 2933 5474 perpetua
2967 5401 3304 5474 hypocrisis,
3358 5410 3482 5467 qua:

1909 5498 2084 5565 specie
2122 5496 2430 5550 concordia:
2458 5504 2512 5549 ct
2542 5495 2940 5557 unanimitatis,
2971 5492 3203 5549 insidias
3232 5489 3478 5550 molitur,

1917 5605 2022 5658 qua
2057 5589 2308 5657 superior
2341 5587 2518 5644 evadit
2557 5587 2664 5649 illc,
2703 5587 2793 5655 qui
2826 5584 2994 5639 totius
3052 5583 3173 5636 vita:
3221 5595 3333 5634 sua:
3383 5580 3480 5638 dc:

3417 177 3485 230 7.5
3545 174 3548 178 ’
