4018 6334
519 5574 536 5622 ρ

587 236 694 295 575

1827 248 1882 305 S.
1909 249 2233 308 GREGORII
2273 249 2566 304 NYSSENI

3691 258 3779 315 576

585 371 750 414 cursu
781 371 931 427 spem
965 365 1019 412 et
1051 357 1305 415 ﬁduciam
1340 375 1408 416 ex
1439 361 1550 418 Deo
1592 379 1918 435 suspensam
1968 369 2148 424 habet.

2256 363 2296 437 ᾧ
2318 367 2491 422 ταῦτα
2513 367 2680 434 λέγει,
2701 357 2774 420 ὧν
2791 367 2818 420 ὁ
2839 366 2970 430 Θεὸς
2999 367 3292 422 ἐπακούειν
3310 368 3573 440 ἀνέχεται·
3591 371 3784 440 λυτροῦ-

586 449 880 519 \’esperam
917 452 1061 505 enim
1090 460 1145 506 et
1185 467 1364 518 mane,
1407 463 1462 510 et
1493 457 1776 512 meridiem
1829 459 2150 522 nominans,

585 548 760 595 totum
789 541 1046 596 diurnum
1101 559 1325 599 cursum
1387 547 1820 615 comprehendit,
1886 563 1995 618 quo
2025 550 2152 602 talia

591 638 800 695 narrat,
832 647 952 701 qua:
985 632 1127 687 Deus
1151 633 1409 688 exaudire
1460 636 1718 699 sustinet,
1775 637 2050 693 redimens
2099 639 2152 692 in

593 737 723 790 pace
754 722 920 775 vitam
955 723 1021 775 ab
1048 724 1134 789 iis,
1172 725 1265 792 qui
1306 724 1408 792 ipsi
1444 740 1637 795 magno
1686 741 1914 780 numero
1959 742 2156 797 appro-

591 813 878 880 pinquant,
909 827 1047 882 quos
1089 833 1107 864 ι
1153 816 1300 870 viros
1359 815 1683 885 sanguinum
1719 835 1740 868 ›
1801 817 2064 878 nominat,
2102 824 2155 872 et

596 922 612 952 ι
653 901 871 957 dolosos
903 913 956 958 et
985 905 1039 957 in
1071 905 1276 958 malitia
1307 912 1740 960 consummatos.
1780 924 1798 957 ι
1825 905 1960 959 Cum
1991 907 2156 977 igitur

592 991 788 1046 fiducia
829 993 882 1046 in
925 993 1087 1048 Deum
1120 1001 1200 1048 tot
1234 1009 1296 1049 ac
1341 1002 1525 1050 tantos
1551 995 1740 1050 hostes
1793 995 2151 1062 debellassct,

593 1099 785 1139 rursus
813 1084 969 1153 quasi
995 1084 1255 1138 oblivioni
1291 1085 1569 1154 prioribus
1603 1085 1881 1140 laboribus
1917 1086 2152 1149 traditis,

591 1175 644 1226 in
673 1174 962 1229 validiores
997 1175 1447 1242 robustioresque
1476 1175 1852 1244 antagonistas
1895 1174 2152 1246 insurgit.

592 1264 730 1320 Vide
759 1266 924 1331 enim,
954 1281 1091 1335 quos
1125 1265 1228 1318 sibi
1264 1265 1481 1320 labores
1511 1280 1606 1335 per
1635 1267 1931 1320 certamina
1961 1281 2156 1336 pr0po-

593 1365 721 1411 nat:
761 1376 778 1408 ι
811 1357 914 1411 Pro
943 1357 1162 1426 papulo,
1200 1375 1216 1405 ι
1241 1355 1503 1425 inquit",
1539 1375 1556 1407 (
1593 1357 1740 1426 quia
1769 1358 1976 1412 sanctis
2001 1357 2170 1426 longe

593 1448 770 1502 factus
809 1456 913 1501 est.
948 1466 966 1498 ι
1012 1447 1256 1516 Populus
1297 1449 1401 1501 iste
1428 1455 1513 1502 est
1566 1455 1676 1500 tota
1709 1448 1987 1501 hominum
2017 1449 2158 1501 mul-

589 1540 791 1600 titudo,
818 1553 981 1606 quam
1025 1538 1296 1607 separatio
1343 1552 1373 1590 a
1411 1537 1618 1591 sanctis
1655 1536 1924 1592 mandatis
1953 1536 2156 1606 ingenti

589 1629 822 1698 quodam
854 1637 908 1683 et
945 1629 1157 1681 inlinito
1201 1628 1488 1682 intervallo
1515 1641 1544 1678 a
1578 1626 1691 1681 Deo
1720 1628 1976 1696 sejunxit.
2001 1626 2156 1682 Hunc

2257 477 2416 532 μενος
2439 460 2526 513 διὰ
2551 459 2778 530 εἰρήνης
2803 458 2899 530 τὴν
2923 459 3066 532 ζωήν
3098 460 3204 514 ἀπὸ
3230 460 3338 514 τῶν
3363 459 3498 514 οὕτω
3527 478 3786 532 προσεγγι-

2255 553 2456 617 ζόντων
2486 550 2636 621 αὐτῷ
2673 551 2730 604 ἐν
2762 550 2943 622 πολλῷ
2984 551 3062 622 τῷ
3098 554 3420 624 συστήματι,
3451 552 3540 616 οὒς
3568 573 3584 606 ι
3619 555 3792 626 ἄνδρας

2255 643 2504 715 αἱμάτων
2545 664 2562 696 ι
2595 642 2874 714 ὀνομάζει,
2903 644 2998 697 καὶ
3035 661 3054 695 ι
3095 644 3420 715 δολιότητος,
3452 645 3538 699 καὶ
3572 646 3624 699 ἐν
3648 647 3794 718 κακία

2253 737 2374 790 τελε
2384 735 2517 798 ίους.
2538 746 2560 786 δ
2585 735 2870 789 Τοσούτων
2888 735 3067 787 τοίνυν
3081 735 3175 788 καὶ
3190 734 3440 788 τοιούτων
3455 736 3536 789 διὰ
3558 737 3642 788 τοῦ
3663 737 3790 789 ἐλπί·

2255 820 2367 883 ζειν
2401 819 2494 872 ἐπὶ
2522 820 2611 872 τὸν
2643 819 2772 872 Θεὸν
2802 818 3240 888 κατακρατήσας,
3275 817 3451 881 πάλιν,
3474 817 3646 888 ὥσπερ
3679 819 3788 870 (ivi

2254 910 2422 981 λήθην
2471 909 2580 962 τῶν
2629 908 2992 976 δεικνυμένων
3045 907 3406 978 ποιησάμενος
3461 908 3644 965 πόνων.
3690 911 3787 969 τοῖς

2259 999 2621 1070 ἰσχυροτέροις
2658 1015 2717 1052 τε
2749 1000 2840 1050 καὶ
2866 997 3104 1068 μείζοσιν
3132 996 3239 1050 τῶν
3279 993 3670 1062 ἀνταγωνιστῶν
3713 997 3792 1048 ἐπ-

2253 1090 2544 1161 εγείρεται.
2590 1089 2725 1142 Ἰδοὺ
2752 1088 2858 1158 γάρ
2894 1083 3003 1140 οἷον
3033 1089 3187 1141 πόνον
3214 1085 3387 1156 ἐαυτῷ
3414 1085 3497 1143 διά
3540 1084 3639 1136 τῶν
3669 1083 3792 1151 ἁγῲ-

2253 1196 2358 1232 νων
2389 1178 2772 1249 προστίθησινο
2814 1197 2830 1228 ι
2864 1174 3041 1244 ’Υπὲρ
3059 1176 3148 1228 τοῦ
3188 1176 3344 1236 λαοῦ,
3388 1193 3405 1226 ι
3455 1175 3630 1244 φησὶν,
3661 1194 3676 1225 ι
3710 1174 3791 1227 τοῦ

2253 1269 2361 1323 ἀπὸ
2389 1269 2497 1323 τῶν
2526 1269 2694 1337 ἁγίων
2735 1267 3224 1338 μεμακρυμμένου,
3269 1283 3288 1317 ι
3338 1265 3393 1318 '0
3418 1265 3472 1319 δὲ
3498 1265 3616 1328 λαὸς
3637 1256 3792 1328 οὗτος,

2255 1358 2399 1411 ἅπαν
2441 1357 2588 1409 ἐστὶν
2631 1355 2690 1408 τδ
2717 1355 3056 1426 ἀνθρώπινον
3103 1355 3396 1425 πλήρωμα,
3423 1356 3604 1426 ὅπερὸ
3652 1371 3795 1425 χωρι-

2256 1445 2392 1515 σμὸς
2421 1444 2526 1499 τῶν
2563 1445 2732 1512 ἁγίων
2775 1443 3001 1498 ἐντολῶν
3032 1443 3208 1514 πολλῷ
3232 1461 3339 1496 τινι
3378 1444 3470 1497 καὶ
3506 1445 3702 1514 ἀπείρῳ
3727 1443 3794 1513 τῷ

2259 1537 2460 1606 μεταξὺ
2488 1536 2811 1607 διαστήματι
2836 1537 2928 1590 τοῦ
2950 1535 3084 1589 Θεοῦ
3109 1535 3442 1606 διετείχισεν.
3475 1535 3662 1588 Τοῦτον
3683 1538 3796 1592 ἀνα·

2257 1627 2499 1680 καλεῖται
2526 1627 2613 1680 διὰ
2649 1628 2747 1697 τῆς
2775 1628 2909 1698 πρὸς
2941 1628 3031 1680 τὸν
3067 1628 3355 1680 ἀντίπαλον
3396 1627 3566 1696 νίκης,
3591 1626 3795 1679 ἔπαθλον

587 1735 719 1789 ergo
747 1719 1004 1788 papulum
1038 1727 1259 1773 revocat
1286 1733 1382 1787 per
1411 1718 1696 1772 victoriam
1729 1717 1796 1771 ab
1841 1716 2152 1774 adversario

2257 1718 2366 1771 τῶν
2403 1716 2628 1786 ἀγώνων
2663 1717 2760 1789 τὴν
2796 1718 2903 1771 τῶν
2933 1718 3280 1772 ἀπολωλότων
3331 1718 3592 1787 σωτηρίαν
3638 1717 3796 1770 ποιού-

589 1811 834 1875 relatam,
867 1812 1149 1880 proposita
1187 1811 1239 1864 in
1285 1811 1566 1880 przemium
1617 1811 1980 1866 certaminum
2040 1811 2155 1880 ipsa

589 1901 927 1968 perditorum
959 1903 1154 1967 salute,
1184 1901 1342 1969 cuius
1370 1901 1544 1970 gratia
1572 1903 1624 1954 in
1657 1900 1911 1954 columna
1941 1916 2156 1970 quoque

587 1994 840 2047 inscribit
866 1993 1184 2062 przeclarum
1237 1993 1338 2045 hoc
1374 1990 1606 2052 facinus,
1644 1992 1918 2060 scriptura
1951 1990 2156 2045 indele-

589 2085 705 2146 hili,
744 2084 975 2137 durante
1005 2083 1057 2136 in
1099 2097 1261 2136 omne
1308 2097 1480 2135 aevum
1517 2097 1697 2134 rerum
1731 2091 2003 2151 gestarum
2046 2098 2154 2136 me-

588 2179 780 2229 moria.
815 2171 1021 2244 Obtigit
1054 2174 1218 2244 igitur
1252 2171 1440 2226 Davidi
1491 2172 1721 2226 victoria
1757 2174 1810 2226 in
1853 2173 2014 2237 tituli,
2057 2189 2152 2229 seu

587 2265 853 2319 columna:
907 2264 1280 2334 inscriptione,
1325 2283 1344 2314 ι
1402 2261 1653 2329 Quando,
1695 2281 1714 2315 ι
1763 2263 1962 2334 inquit,
2019 2283 2037 2316 ι
2075 2273 2154 2319 te-

588 2365 826 2412 nuerunt
863 2371 988 2411 eum
1046 2355 1318 2424 Allophyli
1358 2356 1413 2410 in
1464 2353 1622 2409 Getlt.
1670 2373 1689 2406 ι
1750 2354 1828 2410 Ne
1875 2370 2004 2410 vero
2051 2371 2152 2412 nos

589 2454 874 2517 praetereat
909 2461 1107 2500 sensus
1139 2445 1456 2514 subjectus,
1490 2453 1543 2499 et
1582 2446 1739 2516 quasi
1790 2445 2031 2503 intextus
2070 2447 2154 2502 hic

587 2540 772 2595 storim
800 2538 1121 2599 involucris,
1160 2535 1305 2592 facto
1337 2537 1520 2592 verbis
1575 2539 1922 2609 compendio,
1963 2541 2152 2609 paucis

587 2628 1024 2684 commemorabo
1055 2617 1338 2682 historiam
1361 2629 1428 2681 ’⁸.
1462 2627 1666 2682 Invidia
1692 2630 1958 2686 adversus
1995 2631 2152 2684 Davi-

587 2723 710 2776 dem
748 2721 1021 2775 invaserat
1050 2721 1394 2791 tyrannicum
1427 2719 1644 2776 Saulem
1671 2723 1741 2776 ob
1773 2723 2050 2778 victoriam
2085 2721 2152 2778 de

589 2820 861 2882 prostrato
881 2809 1095 2866 Goliath
1132 2819 1488 2882 reportatam,
1522 2813 1782 2883 quodque
1809 2815 2036 2870 victoria
2061 2815 2150 2869 illa

588 2921 683 2973 per
721 2904 940 2970 choros,
963 2904 1205 2958 omnium
1239 2904 1528 2973 applausu,
1559 2905 1945 2960 celebraretur.
1973 2905 2150 2971 Quare

589 2996 719 3048 Sanl
757 2995 907 3049 omni
939 2994 1143 3057 studio,
1192 2994 1330 3049 clam
1359 3003 1414 3050 et
1441 2996 1640 3064 palam,
1678 2995 1954 3049 interitum
1989 2997 2038 3051 ei
2071 2996 2152 3050 af-
2177 3017 2225 3081 ο

587 3085 732 3140 ferre
757 3087 1194 3149 machinabatur,
1223 3102 1368 3140 nunc
1399 3086 1616 3155 quidem
1657 3089 1870 3142 occulte
1927 3088 2152 3143 structis

589 3175 826 3238 insidiis,
859 3190 1053 3229 rursus
1099 3182 1283 3243 aperte
1317 3175 1483 3230 armis
1544 3175 1599 3228 in
1657 3175 1809 3228 illum
1860 3177 2149 3245 correptis,

588 3265 927 3332 subditisque
960 3273 1149 3318 contra
1190 3265 1338 3316 illuzn
1371 3266 1683 3320 concitatis.
1715 3267 1785 3318 At
1816 3283 1940 3321 cum
1984 3270 2151 3325 variis

589 3354 882 3422 multisque
914 3353 1089 3407 modis
1125 3352 1290 3407 David
1323 3368 1352 3406 a
1396 3354 1560 3408 Saule
1588 3357 1897 3426 exagitatus
1934 3369 1988 3413 et
2033 3367 2151 3414 ten—

589 3455 734 3499 tatus
759 3451 926 3506 esset,
968 3443 1187 3498 tandem
1238 3445 1305 3498 ad
1345 3444 1595 3502 Gcthaaos
1636 3449 1934 3516 profectus,
1985 3467 2148 3506 unam

587 3550 653 3588 ex
682 3533 996 3588 civitatibus
1037 3534 1464 3603 alienigenarum
1515 3537 1805 3602 incolebat,
1865 3550 2058 3610 sponte
2103 3544 2152 3597 ei

589 3623 641 3676 id
666 3623 774 3678 illis
803 3622 1250 3689 concedentibus,
1281 3625 1334 3677 in
1363 3639 1468 3694 qua
1501 3641 1607 3680 una
1636 3642 1759 3680 cum
1795 3630 1960 3685 sociis
1989 3630 2151 3702 dege-

587 3715 701 3778 bat,
740 3715 952 3769 duabus
995 3714 1225 3784 junctus
1277 3716 1531 3786 legitimis
1585 3720 1870 3786 uxoribus,
1917 3738 2148 3790 quarunt

585 3803 805 3871 quidem
842 3804 932 3858 illa
964 3802 1226 3859 lsraelitis
1255 3813 1393 3870 erat,
1427 3807 1516 3860 illa
1543 3823 1673 3863 vero
1698 3813 1932 3879 potentis
1962 3813 2149 3883 cujus-

585 3895 708 3948 dam
740 3896 792 3949 in
826 3895 1075 3951 Carmelo
1105 3897 1306 3966 conjux
1374 3898 1572 3965 fuerat,
1613 3917 1724 3971 quo
1752 3913 1988 3972 mortuo,
2051 3907 2152 3960 Da-

585 3987 697 4040 vidi
729 3996 1010 4056 nupserat.
1051 3987 1175 4044 Haec
1205 3989 1448 4044 historia:
1477 3993 1649 4048 series
1675 3995 1939 4050 continet.

656 4078 809 4144 Quod
842 4080 1003 4148 igitur
1058 4081 1312 4136 detentus
1365 4091 1450 4136 est
1477 4083 1619 4152 apud
1679 4084 2032 4156 alienigenas,
2095 4088 2150 4143 id

585 4184 691 4222 non
721 4177 804 4225 est
838 4179 1180 4240 argumento,
1211 4172 1385 4242 ipsum
1434 4174 1502 4228 ab
1538 4174 1882 4242 improbitate
1911 4193 2148 4248 occupa-

588 4269 698 4313 tum
736 4270 789 4315 et
813 4260 1088 4316 detentum
1117 4263 1326 4328 fuisse;
1359 4279 1468 4318 non
1498 4265 1640 4319 enim
1682 4267 1790 4320 tale
1826 4268 1956 4337 quid
2002 4271 2149 4325 acci-

2261 1827 2438 1878 μενος,
2467 1801 2526 1862 οὗ
2566 1811 2721 1881 χάριν
2745 1809 2835 1862 καὶ
2863 1809 3290 1879 ἐνστηλιτεύεται
3329 1809 3387 1862 τὸ
3419 1809 3722 1880 κατόρθωμα
3747 1812 3795 1862 ἐν

2256 1897 2623 1967 ἀνεξαλείπτῳ
2669 1900 2851 1968 γραφῇ
2903 1898 3311 1969 διαιωνιζούσης
3367 1899 3473 1952 τῶν
3529 1901 3797 1968 γεγονότων

2257 1989 2354 2058 τῆς
2387 1989 2624 2058 μνήμης.
2658 1989 2867 2041 Γίνεται
2895 1985 2986 2042 οὖν
3016 1991 3047 2060 ή
3080 1989 3198 2060 νίκη
3227 1990 3309 2060 τῷ
3340 1990 3500 2042 Δαϐὶδ
3531 1993 3604 2052 είς
3633 1991 3796 2057 στηλο-

2256 2081 2515 2150 γραφίαν,
2553 2098 2571 2129 ι
2605 2079 2816 2146 Ὁπότε,
2842 2099 2860 2132 ι
2906 2082 3090 2152 φησὶν,
3130 2101 3148 2132 ι
3202 2083 3514 2152 ἐκράτησαν
3562 2083 3709 2134 αὑτὸν
3753 2083 3794 2134 οἱ

2269 2172 2574 2239 Ἀλλόφυλοι
2603 2173 2658 2223 ἐν
2689 2172 2808 2226 Γέθ.
2850 2193 2869 2224 ι
2917 2161 3075 2234 Ὠς’δ⁹
3110 2173 3174 2226 ἂν
3203 2173 3276 2243 μὴ
3325 2173 3645 2244 παραδράμῃ
3673 2175 3794 2243 ἡμᾶς

2255 2263 2287 2331 ή
2318 2261 2404 2314 διὰ
2431 2262 2538 2314 τῶν
2576 2263 2910 2332 αἰνιγμάτων
2938 2263 3036 2332 τῆς
3075 2263 3320 2335 ἱστορίας
3362 2265 3678 2334 ὑφαινομένη
3701 2265 3796 2317 διάο

2255 2373 2372 2409 νοια
2415 2357 2492 2425 τῷ
2538 2356 2697 2426 λόγῳ,
2742 2356 3046 2424 συντέμνων
3085 2355 3152 2412 δι’
3199 2355 3386 2423 ὀλίγου
3429 2355 3796 2425 ἐπιδραμοῦμαι

2254 2447 2353 2515 τὴν
2383 2448 2640 2516 ἱστορίαν.
2681 2445 2873 2510 Φθόνος
2907 2445 3118 2514 ἐνεφύει
3148 2447 3294 2499 κατὰ
3319 2447 3412 2500 τοῦ
3443 2445 3598 2498 Δαεὶδ
3624 2445 3693 2515 τῷ
3719 2462 3798 2496 τυ-

2256 2537 2490 2607 ραννικῴ
2521 2537 2693 2589 Σαοὺλ
2733 2538 2826 2590 ἐπὶ
2855 2540 2920 2608 τῇ
2953 2538 3078 2609 νίκῃ
3109 2537 3202 2590 τοῦ
3233 2537 3270 2588 Γ
3274 2536 3452 2602 ολιάθ,
3487 2538 3542 2589 ἐν
3573 2539 3636 2605 τῇ
3658 2537 3800 2603 εὐφη-

2259 2629 2357 2698 μία
2388 2628 2495 2682 τῶν
2540 2628 2628 2682 διά
2676 2628 2889 2699 χορείας
2939 2630 3387 2701 φαιδρυνομένων
3435 2632 3500 2700 τῇ
3547 2629 3690 2696 νίκῃ’
3722 2625 3800 2677 καὶ

2257 2721 2461 2784 πάσαις
2500 2721 2764 2784 ἐπινοίαις
2791 2721 2963 2792 λάθρα
2993 2739 3050 2775 τε
3089 2721 3180 2775 καὶ
3209 2722 3277 2774 ἐκ
3320 2720 3411 2773 τοῦ
3442 2719 3690 2790 προδήλου
3726 2716 3799 2767 τὸν

2256 2814 2374 2864 κατ’
2407 2813 2568 2866 αὑτοῦ
2597 2812 2754 2880 φόνον
2799 2815 2826 2864 ό
2862 2813 3034 2866 Σαοὺλ
3079 2811 3402 2883 ἐξηρτύετο.
3434 2810 3544 2864 Νῦν
3575 2809 3664 2880 μὲν
3687 2805 3801 2878 κρύ-

2257 2901 2386 2971 ϐδην
2415 2901 2513 2964 τὰς
2557 2901 2843 2965 ἐπιϐουλὰς
2890 2902 3236 2966 συσκευάζων
3259 2917 3279 2931 ⁸
3328 2897 3482 2963 αὖθις
3514 2899 3567 2952 δὲ
3614 2897 3691 2950 διά
3719 2893 3803 2948 τοῦ

2257 2992 2521 3062 προδήλου
2551 2992 2658 3044 τῶν
2698 2992 2874 3046 ὃπλων
2907 2993 3227 3062 ἁπτόμενος,
3281 2993 3374 3046 καὶ
3419 2988 3677 3060 συγκικῶν
3699 2986 3803 3039 κατ’

2261 3080 2423 3134 αὑτοῦ
2456 3081 2518 3134 τὸ
2543 3082 2796 3151 ὑπήκοον.
2825 3081 3031 3150 Πολλῆς
3058 3081 3114 3133 δὲ
3141 3065 3411 3144 πολλξὰκις
3443 3076 3802 3149 προσαχθείσης

2260 3174 2454 3243 πείρας
2496 3173 2645 3243 παρά
2681 3173 2774 3225 τοῦ
2813 3173 2982 3226 Σαοὺλ
3011 3172 3087 3243 τῷ
3130 3171 3328 3237 Δαϐὶδ,
3362 3173 3509 3235 τέλος
3548 3168 3686 3240 παρά
3710 3166 3802 3226 τοῖς

2258 3266 2298 3318 Γ
2302 3265 2502 3326 εθαίοις
2551 3265 2856 3334 γενόμενος,
2891 3265 3042 3316 πόλιν
3095 3264 3322 3333 ᾤκησεν
3373 3265 3479 3317 τῶν
3529 3258 3808 3328 ἀλλοφύλων

2262 3351 2411 3421 μίαν,
2451 3351 2708 3414 ἑκουσίως
2756 3353 3280 3422 παραχωρησάντων
3327 3353 3500 3423 αὐτῷ,
3538 3347 3592 3405 ἐν
3685 3345 3801 3418 μετὰ

2257 3444 2364 3496 τῶν
2392 3443 2770 3496 συνασπιστῶν
2795 3441 2881 3515 ἦν,
2909 3444 2999 3496 δύο
3028 3443 3284 3514 νομίμοις
3309 3445 3520 3514 γυναιξὶ
3547 3441 3800 3502 συνοικῶν,

2258 3526 2332 3586 ὧν
2366 3537 2399 3602 ἡ
2433 3535 2528 3604 μὲν
2554 3530 2621 3604 ἦν
2645 3534 3001 3604 Ἰσραηλῖτις,
3035 3537 3068 3604 ή
3099 3535 3152 3587 δὲ
3183 3536 3296 3588 τῶν
3322 3537 3463 3590 κατὰ
3492 3536 3578 3588 τὸν
3609 3534 3800 3603 Κάρμι-

2257 3625 2346 3678 λόν
2375 3642 2518 3689 τινος
2561 3626 2984 3680 δυναστευόντων
3011 3627 3276 3698 γενομένη
3308 3627 3467 3697 γυνὴ,
3507 3625 3636 3697 μετά
3663 3623 3802 3676 θάνα-

2258 3733 2346 3768 τον
2377 3717 2582 3769 ἐκείνου
2628 3717 2705 3786 τῷ
2739 3716 2900 3769 Δαϐὶδ
2935 3719 3324 3788 συνοικήσασα.
3368 3718 3549 3771 Ταῦτα
3593 3714 3800 3785 περιέχει

2260 3809 2294 3877 ἡ
2321 3807 2544 3879 ἱστορία.

2327 4079 2400 4131 Τὸ
2430 4078 2608 4131 τοίνυν
2649 4077 3018 4148 κεκρατῆσθαι
3051 4077 3214 4131 αὐτὸν
3251 4080 3312 4132 ἐν
3346 4081 3459 4142 τοῖς
3498 4074 3804 4145 ἀλλοφύλοις,

2256 4170 2315 4222 οὐ
2349 4171 2446 4242 τὴν
2478 4170 2568 4222 ἐπὶ
2592 4168 2746 4240 κακῷ
2767 4170 3063 4240 γενομένην
3092 4169 3358 4240 σύλληψιν
3391 4171 3517 4240 περὶ
3544 4165 3694 4222 αὐτοῦ
3711 4165 3804 4217 διαο

2258 4262 2538 4333 σημαίνει’
2571 4263 2631 4314 οὑ
2679 4261 2785 4332 γάρ
2819 4261 2992 4324 οὕτως
3021 4261 3240 4328 ἐγένετο
3260 4277 3274 4291 ’
3313 4262 3451 4316 ἀλλὰ
3484 4263 3577 4331 τὴν
3614 4260 3802 4326 ἀγαπη-

584 4351 802 4416 dit;sed
845 4352 1051 4407 indicat
1098 4354 1308 4422 plenam
1340 4355 1629 4424 quamdam
1681 4372 1865 4413 amore
1903 4359 2152 4415 humani-

2256 4355 2411 4425 τικὴν
2437 4353 2826 4424 φιλοφροσύνην
2849 4370 2906 4405 τε
2936 4353 3030 4406 καὶ
3054 4353 3316 4410 διάθεσιν.
3355 4354 3460 4406 Τὸν
3486 4353 3590 4425 γάρ
3627 4352 3684 4402 ἐκ
3718 4345 3798 4413 τῆς

583 4452 748 4498 tatem
782 4452 836 4498 et
863 4444 1224 4510 aﬂ‘ectionem,
1258 4461 1363 4516 qua
1403 4447 1715 4517 alienigenae
1753 4464 1878 4504 eum
1907 4452 2146 4521 comple-

581 4535 896 4588 ctebantur.
934 4535 1066 4590 Nam
1115 4553 1274 4606 quem
1323 4554 1386 4593 ex
1419 4540 1660 4607 paternis
1703 4541 1924 4596 sedibus
1977 4543 2152 4610 ejece—

586 4644 627 4682 r:
655 4634 737 4688 nt,
768 4627 911 4681 hunc
940 4627 1144 4681 Gethaei
1175 4629 1289 4683 suis
1320 4628 1373 4681 in
1411 4628 1632 4684 sedibus
1671 4631 1960 4688 collocant.
2009 4633 2150 4699 Quid

585 4719 746 4786 igitur
778 4718 880 4774 iste
912 4717 1104 4779 David,
1139 4718 1281 4772 ﬁlius
1303 4716 1476 4784 Jesse,
1509 4721 1668 4775 homo
1697 4737 1760 4774 ex
1793 4722 2108 4780 hominibus
2133 4763 2148 4788 ,

583 4806 719 4860 adeo
754 4807 986 4875 propriis
1011 4808 1401 4862 certaminibus
1443 4807 1640 4871 effecit,
1678 4817 1736 4862 ut
1765 4819 1931 4864 totam
1985 4825 2149 4868 natu-

581 4913 699 4952 ram
728 4897 1038 4958 humanam,
1092 4898 1522 4966 transgressione
1576 4900 1885 4956 divinorum
1922 4905 2148 4959 manda-

583 4998 784 5052 torum,
815 5003 844 5041 a
880 4987 988 5044 Deo
1027 4988 1244 5058 longius
1297 4989 1568 5052 abactam,
1622 5006 1930 5059 revocasse,
1985 4997 2146 5066 eique

581 5079 722 5132 tituli
756 5095 850 5134 seu
883 5082 1148 5134 columnae
1179 5080 1457 5148 inscriptae
1485 5083 1769 5152 aenigmata
1827 5087 2143 5155 nuntiasse,

583 5169 866 5238 praedicari
898 5170 1114 5240 possit?
1145 5169 1559 5242 lnscriptionem
1599 5188 1729 5227 vero
1764 5177 2051 5241 columnze,
2096 5181 2144 5234 si

578 5262 706 5330 quis
731 5261 996 5318 divinitus
1027 5262 1349 5333 inspiratam
1399 5262 1740 5334 Scripturam
1770 5270 2032 5335 nominet,
2095 5273 2141 5326 is

579 5352 803 5407 minime
829 5353 1180 5409 aberraverit.
1217 5357 1299 5410 An
1342 5355 1482 5410 forte
1507 5372 1571 5412 ex
1606 5357 1720 5426 ipsa
1757 5359 1998 5416 historia:
2023 5378 2143 5417 nar-

579 5444 794 5499 ratione
841 5444 1032 5513 liqttct,
1067 5448 1228 5502 talem
1269 5457 1590 5517 tantumque
1623 5451 1808 5512 fuisse,
1854 5454 1946 5523 qui
1992 5463 2142 5510 extra

687 5621 726 5655 "
762 5618 910 5675 Psal.
937 5635 1025 5686 ω’,
1070 5621 1117 5676 1.
1195 5622 1238 5651 ”‘
1271 5621 1285 5675 Ι
1327 5621 1456 5694 Reg.
1493 5641 1602 5690 XXI,
1661 5626 1738 5679 l2.

2255 4444 2512 4516 πατρῴας
2557 4445 2660 4514 γῆς
2700 4445 3052 4514 ἐλαυνόμενον
3093 4445 3140 4496 oi
3191 4446 3230 4497 Γ
3235 4445 3411 4498 εθαῖοι
3467 4445 3594 4515 παρ’
3621 4440 3801 4496 ἑαυτοῖς

2256 4537 2674 4600 κατοικίζουσιν.
2702 4528 2766 4590 Τί
2811 4535 2901 4590 οῦν
2926 4536 3034 4608 ἀρα
3061 4531 3212 4600 οὗτος
3252 4540 3281 4591 ό
3309 4538 3404 4591 τοῦ
3446 4536 3608 4590 ’ῐεσσὲ
3643 4529 3796 4587 Δαϐὶδ.

2256 4633 2284 4684 ὁ
2317 4631 2375 4695 ἐξ
2406 4630 2703 4702 ἀνθρώπιον
2729 4629 3030 4701 ἄνθρωπος,
3055 4627 3314 4683 τοσοῦτον
3343 4632 3457 4692 τοῖς
3485 4629 3626 4690 ίδίοις
3651 4624 3798 4680 ἄθλοις

2259 4721 2639 4792 κατώρθωσεν,
2685 4721 2759 4784 ὡς
2793 4722 2971 4773 πᾶσαν
3012 4719 3110 4791 τὴν
3152 4719 3510 4791 ἀνθρωπίνην
3559 4718 3702 4786 φύσιν
3727 4711 3794 4764 διὰ

2255 4816 2352 4886 τῆς
2399 4813 2504 4866 τῶν
2537 4813 2705 4881 ἁγίων
2744 4811 2968 4864 ἐντολῶν
3019 4811 3393 4881 παραϐάσεως
3437 4807 3798 4882 μακρυνθεῑσαν

2256 4906 2362 4959 ἀπὸ
2392 4905 2484 4958 τοῦ
2507 4904 2659 4970 Θεοῦ,
2695 4905 2855 4957 πάλιν
2891 4904 3358 4970 ἀνακαλέσασθαι,
3399 4903 3628 4970 κάκείνῳ
3657 4893 3796 4968 μηνύ-

2260 5015 2348 5051 σαι
2375 4998 2442 5050 τά
2475 4995 2574 5066 τῆς
2616 4995 3012 5066 στηλογραφίας
3049 4995 3383 5063 αἰνίγματα;
3433 4984 3797 5061 στηλογραφίαν

2256 5089 2313 5142 δέ
2341 5105 2425 5150 τις
2449 5088 2546 5157 τὴν
2579 5086 2930 5138 θεόπνευστον
2951 5081 3170 5154 Γραφὴν
3199 5084 3486 5153 ὀνομάζων
3513 5081 3604 5148 οὐχ
3641 5078 3795 5142 ἁμαρ-

2250 5182 2492 5252 τήσεται.
2526 5179 2595 5231 Ἣ
2643 5176 2795 5246 δῆλόν
2835 5177 2949 5227 ἐστι
3000 5174 3087 5226 διὰ
3127 5173 3229 5240 τῆς
3287 5175 3432 5226 κατὰ
3465 5171 3556 5242 τὴν
3587 5163 3794 5234 ἱστορίαν

2252 5271 2634 5340 συμφρὰσεως,
2674 5267 2753 5319 ὅτι
2780 5264 3028 5328 τοσοῦτός
3056 5266 3201 5316 ἐστιν
3235 5265 3264 5316 ὁ
3291 5264 3397 5326 ἔξω
3424 5262 3527 5315 τῶν
3556 5259 3645 5327 τῆς
3679 5255 3786 5304 Ἰον·
3817 5325 3820 5328 ι

2249 5363 2404 5434 δαίας
2440 5362 2578 5429 ὅρων
2608 5358 2910 5427 γενόμενος,
2942 5355 3034 5408 καὶ
3074 5355 3225 5406 πόλιν
3267 5355 3326 5404 ἐν
3367 5349 3664 5418 ἀλλοφύλοις
3682 5343 3784 5394 ἐαυ-

2252 5454 2327 5525 τῷ
2369 5452 2693 5516 συνοικίσας,
2736 5451 2829 5503 καὶ
2865 5446 3034 5518 διπλῷ
3078 5443 3586 5513 συναναπαυόμενος
3627 5435 3789 5506 γάμῳ,
