4018 6334
231 238 327 293 577
1632 237 1693 291 IN
1732 236 2062 294 PSALMOS.

3387 235 3492 290 578

229 361 320 429 τὴν
360 358 461 428 μὲν
487 357 579 410 τοῦ
626 356 1020 428 Ίσραηλιτικοῦ
1047 356 1254 425 γένους,
1287 353 1384 424 τὴν
1420 355 1476 408 δὲ
1509 354 1572 406 ἐκ
1599 355 1706 407 τῶν
1739 355 1804 407 ἀλ

1925 355 2127 408 Judaem
2151 354 2284 409 ﬁnes
2337 354 2527 424 pulsus
2555 364 2696 418 erat,
2733 356 2932 429 quique
2963 357 3104 414 inter
3151 356 3486 428 alienigenis

229 449 472 514 λοφύλων
521 447 602 517 τῷ
640 447 868 517 θαλάμῳ
909 445 1368 518 παραδεξάμενοςο
1407 445 1567 496 Ὥστε
1612 445 1661 496 εί
1709 445 1812 515 Χρὴ

228 539 316 592 τὸν
368 540 500 610 mp}.
557 538 748 591 τούτου
797 538 953 606 λόγον
1004 536 1343 608 τρανώτερον
1399 535 1810 605 ἀπογυμνῶσαι,

232 624 379 691 οὗτος
408 630 623 692 ἐκεῖνός
651 630 800 681 ἐστιν
846 631 874 680 6
901 629 1128 697 νικητής
1162 643 1219 680 τε
1260 625 1392 695 ὁμοῦ
1429 625 1523 678 καὶ
1561 625 1808 694 νυμφίος.

231 721 302 772 Δι’
324 714 405 773 ὧν
436 721 540 789 μὲν
586 720 693 790 γὰρ
725 719 1133 788 κατηγωνίσατο
1169 717 1259 770 τὸν
1303 716 1364 768 τὸ
1402 716 1599 786 κράτος
1626 715 1813 784 ἔχοντα

230 813 318 867 τοῦ
346 813 608 876 θανάτου,
643 813 671 864 6
694 811 916 873 δυνατὸς
945 813 1001 863 ἐν
1032 809 1275 878 πολέμῳ,
1308 806 1400 859 τὸν
1434 805 1658 877 ἄπειρον
1692 805 1812 858 τοῦ-

229 919 313 955 τον
338 903 490 962 λαὸν,
533 902 625 954 τὸν
654 903 714 954 ἐν
741 901 816 970 τῷ
838 900 938 971 ᾄδῃ
968 897 1357 968 κρατούμενον,
1391 897 1468 957 είς
1501 894 1810 965 ἐλευθερίαν

226 992 484 1058 ἐξεῆετο.
519 992 629 1045 Τοῦ
671 992 726 1045 δὲ
776 991 1107 1062 Ἰσραηλίτου
1149 989 1276 1042 λαοῦ
1311 987 1490 1056 φθόνῳ
1523 987 1615 1039 καὶ
1653 986 1810 1058 ζηλο-

223 1086 391 1155 τυπίᾳ
423 1085 567 1155 πρὸς
600 1083 690 1136 τὸν
731 1085 849 1136 κατ’
884 1083 1049 1136 αὐτοῦ
1089 1081 1246 1150 φόνον
1283 1081 1644 1151 ὁρμήσαντος,
1676 1097 1809 1150 κρα-

220 1178 393 1227 τεῖται
425 1174 495 1225 δι’
521 1174 732 1235 εὐνοίας
760 1173 909 1245 παρὰ
937 1173 1044 1225 τῶν
1072 1171 1404 1240 ἀλλοφύλων,
1433 1171 1526 1224 καὶ
1558 1170 1711 1223 πόλιν
1750 1171 1809 1222 ἐν

220 1268 406 1329 αὐτοῖς
450 1266 792 1334 συνίστησιν,
826 1264 923 1335 τὴν
963 1262 1288 1333 Ἐκκλησίαν
1335 1262 1497 1329 λέγω,
1527 1261 1584 1312 ἐν
1675 1278 1809 1331 κρα-

217 1359 364 1412 τύνει.
422 1359 524 1428 τὴν
571 1357 763 1410 ἐαυτοῦ
817 1357 1163 1427 βασιλείαν,ὁ
1206 1355 1374 1418 εἰπὼν
1409 1357 1523 1418 τοῖς
1572 1355 1676 1408 ὐπὸ
1713 1353 1806 1407 τοῦ

219 1452 392 1506 Σαοὺλ
421 1452 802 1520 τεταγμένοις,
832 1451 934 1510 ὅτι,
964 1469 980 1499 ι
1005 1447 1328 1519 Ἀρθήσεται
1355 1446 1448 1515 ἀφ’
1471 1445 1622 1516 ὐμῶν
1650 1448 1682 1514 ἡ
1713 1445 1808 1514 βα-

218 1544 421 1607 σιλεία,
458 1545 557 1595 καὶ
595 1541 877 1612 δοθήσεται
912 1539 1053 1592 ἔθνει
1102 1537 1338 1591 ποιοῦντι
1393 1537 1516 1600 τοὺς
1566 1535 1808 1606 καρποὺς

218 1633 410 1701 αὐτῆς.
443 1653 460 1684 ι
488 1633 580 1684 Ἐν
601 1631 772 1701 ταύτῃ
798 1629 966 1692 πόλει,
997 1629 1110 1680 ἐστὶ
1139 1627 1236 1696 μέν
1252 1643 1302 1678 τι
1329 1625 1420 1678 καὶ
1443 1624 1539 1694 τῆς
1556 1623 1810 1693 Ἰσραηλι-

1923 447 2122 498 iterum
2149 444 2331 498 sedem
2365 445 2502 508 ﬁxit,
2527 445 2730 514 duplici
2760 461 2854 515 per
2875 447 3277 501 matrimonium
3297 447 3484 516 juncta

1922 551 2110 600 uxore,
2145 537 2315 590 altera
2351 537 2569 605 quidem
2603 535 2888 590 Israelitici
2921 539 3155 607 generis,
3211 539 3382 592 altera
3415 554 3482 592 ex

1919 627 2240 696 alienigenis
2270 627 2323 680 in
2359 627 2655 681 thalamum
2707 627 3014 680 advocata?
3051 626 3235 696 Itaque
3281 629 3326 682 si
3359 642 3485 681 ora-

1917 719 2123 773 tionem
2153 719 2220 774 de
2252 720 2337 774 his
2372 720 2588 789 planius
2614 729 2667 773 et
2691 719 3003 773 distinctius
3040 719 3320 774 instituere
3350 721 3484 773 veli-

1919 826 2064 873 mus,
2105 810 2195 864 hic
2226 810 2474 866 videlicet
2509 811 2599 864 ille
2632 819 2715 864 est
2745 810 2919 864 victor
2950 810 3110 864 simul
3144 817 3197 863 et
3226 825 3481 878 sponsus,

1916 903 2010 971 qui
2055 910 2246 972 potens
2279 902 2332 956 in
2365 903 2528 967 bello,
2567 902 2891 972 validusque
2945 901 3156 955 viribus
3215 899 3484 954 debellato

1917 992 2031 1056 illo,
2065 993 2157 1062 qui
2191 985 2380 1048 mortis
2408 995 2704 1063 potentiam
2751 993 3085 1063 possidebat,
3136 991 3481 1046 innumerum

1915 1082 2069 1136 illum
2109 1084 2364 1153 populum
2406 1100 2566 1154 quem
2605 1084 2766 1138 inferi
2799 1084 3074 1149 tenebant,
3100 1083 3153 1136 in
3178 1082 3480 1136 libertatem
3555 1142 3561 1148 ,

1915 1173 2189 1227 asseruit:
2248 1188 2372 1226 cum
2431 1183 2610 1227 autem
2647 1173 2880 1244 pOpqus
2920 1171 3248 1228 Israeliticus
3282 1170 3482 1224 invidia

1915 1273 1966 1317 ct
1995 1264 2338 1318 aemulatione
2375 1263 2639 1320 incitatus
2675 1274 2841 1330 esset,
2881 1264 3141 1331 recipitur
3171 1276 3361 1332 magna
3388 1260 3484 1316 beo

1915 1353 2229 1406 nevolentia
2274 1354 2343 1407 ab
2379 1354 2718 1424 alienigenis,
2751 1364 2804 1408 et
2827 1354 3100 1408 civitatem
3163 1351 3306 1422 apud
3360 1351 3482 1405 illos

1915 1442 2122 1506 condit,
2160 1443 2478 1504 Ecclesiam.
2508 1449 2761 1516 inquam,
2797 1445 2850 1498 in
2897 1458 3003 1513 qua
3059 1451 3205 1497 tenet
3254 1455 3480 1511 regnum

1914 1541 1968 1586 et
2007 1535 2295 1603 imperium
2328 1551 2486 1590 suum
2529 1537 2619 1590 ille
2693 1535 2786 1606 qui
2825 1535 3058 1590 subditis
3091 1533 3274 1588 Saulis
3301 1531 3432 1585 dixit
3461 1549 3477 1586 :

1920 1639 1938 1671 ι
1969 1621 2262 1676 Anferetur
2291 1638 2322 1676 a
2366 1625 2523 1678 vobis
2557 1639 2805 1694 regnum,
2861 1631 2916 1678 et
2945 1621 3164 1676 dabitur
3195 1621 3341 1689 genti
3400 1618 3481 1674 fe-

219 1725 377 1793 τικῆς
412 1723 714 1790 εὐγενείας,
750 1721 890 1774 κατά
928 1719 1030 1789 τὴν
1072 1717 1413 1789 προφητικὴν
1442 1714 1804 1784 ἀναφώνησιν,

1912 1713 2050 1766 renti
2079 1711 2287 1766 fructus
2314 1713 2432 1780 ejus
2454 1713 2521 1767 ”.
2553 1731 2572 1765 ι
2602 1714 2660 1769 In
2690 1715 2792 1769 ista
2815 1715 3036 1770 civitate
3071 1710 3277 1781 aliquid
3309 1709 3476 1764 etiam

220 1811 252 1879 ἦ
281 1826 472 1878 φησιν,
505 1809 590 1861 ὅτι
623 1826 642 1856 ι
672 1808 764 1860 Ἐν
791 1807 1108 1876 ἐκκλησίαις
1135 1806 1403 1872 εὐλογεῖτε
1425 1804 1513 1856 τὸν
1539 1804 1669 1856 Θεὸν
1703 1802 1808 1855 Κύο

226 1917 334 1969 ριον
386 1901 457 1952 ἐκ
497 1898 688 1966 πηγῶν
734 1898 969 1967 Ἰσραήλ.
1011 1915 1030 1949 ι
1067 1898 1129 1950 Oi
1157 1896 1264 1967 γὰρ
1312 1895 1680 1966 κατάρξαντες
1711 1893 1805 1947 τοῦ

226 1987 381 2053 λόγου
413 1988 514 2057 τῆς
549 1987 801 2049 πίστεως,
835 1986 884 2038 οἱ
926 1987 1162 2056 κήρυκες
1207 1987 1304 2054 τῆς
1332 1984 1608 2054 ἀληθείας,
1650 1984 1696 2036 οἱ
1721 1981 1810 2035 θε-

232 2078 494 2146 μελιωταὶ
512 2080 612 2148 τῆς
641 2077 983 2147 Ἐκκλησίας,
1014 2079 1061 2128 οἱ
1097 2076 1353 2145 μαθηταὶ,
1373 2075 1533 2142 λέγω,
1555 2075 1648 2128 καὶ
1677 2073 1806 2127 ἀπόο

231 2170 425 2233 στολοι,
466 2172 528 2222 ἐκ
561 2169 751 2238 πηγῶν
781 2165 920 2240 ἦσαν
963 2168 1054 2221 τοῦ
1101 2168 1334 2238 Ἰσραήλ.
1371 2187 1388 2218 ‹
1430 2170 1743 2238 Ἄρχοντες,
1780 2185 1798 2218 ι

228 2262 413 2327 φησὶν.
436 2278 455 2310 ›
477 2259 666 2324 Ἰούδα,
695 2260 958 2329 ἡγεμόνες
984 2259 1480 2330 αὐτῶν.”Αρχοντες
1503 2257 1802 2323 Ζαϐουλὼν,

227 2345 488 2412 ἄρχοντες
517 2345 853 2415 Νεφθαλείμ.
890 2366 909 2396 ι
939 2345 1037 2398 Διά
1071 2347 1311 2416 σημείων
1352 2347 1511 2401 τινῶν
1543 2347 1634 2398 καὶ
1667 2363 1804 2415 συμ-

229 2436 404 2488 ὕόλων
451 2438 814 2506 προσημαίνει
845 2439 876 2506 ἡ
910 2439 1211 2507 προφητεία
1251 2438 1320 2490 τὰ
1346 2438 1438 2490 τοῦ
1472 2439 1661 2506 γένους
1696 2437 1804 2489 τῶν

232 2528 493 2598 μαθητῶν
526 2527 810 2598 ἰδιώματα.
828 2529 914 2582 Ἐν
935 2524 1014 2592 οἷς
1038 2531 1151 2582 ἐστι
1182 2531 1275 2582 καὶ
1299 2531 1328 2582 6
1353 2529 1615 2600 νεώτερος
1640 2546 1655 2578 ι
1685 2529 1806 2582 Βεν-

229 2621 387 2688 ιαμὶν
438 2619 524 2672 διὰ
558 2621 657 2688 τῆς
687 2619 995 2682 ἐκστάσεως
1027 2638 1045 2670 ι
1077 2620 1384 2684 παιδευθεὶς
1411 2621 1476 2673 τὰ
1507 2620 1801 2690 μυστήρια.

224 2712 328 2763 καὶ
378 2713 440 2763 ἐκ
477 2712 786 2780 σπέρματος
839 2711 1108 2781 Ἀϐραὰμ,
1157 2711 1250 2764 καὶ
1305 2711 1474 2782 φυλῆς
1525 2702 1800 2781 Βενιαμὶν,

223 2802 442 2866 Παῦλος
467 2803 494 2854 6
524 2802 666 2866 θεῖος
695 2801 1008 2865 ἀπόστολος.

299 3070 472 3140 Πλὴν,
504 3071 550 3121 εἰ
579 3069 672 3122 καὶ
696 3071 760 3138 τῇ
813 3067 1156 3139 ἰσραηλίτιδι
1185 3072 1453 3124 συνοικεῖν
1483 3072 1510 3124 6
1552 3071 1804 3141 βασιλεὺς

224 3165 548 3231 ἱστορεῖται,
576 3161 688 3214 ἀλλ’
713 3164 993 3230 ἀγαπᾶται
1028 3161 1210 3216 πλεῖον
1242 3165 1275 3231 ἠ
1317 3162 1588 3230 Ἀϐιγαία,
1682 3181 1806 3216 συν-

221 3256 371 3324 ᾤκει
406 3255 467 3306 τὸ
511 3255 768 3324 πρότερον
822 3256 850 3306 ὁ
888 3254 1203 3325 Καρμήλιος
1236 3253 1458 3317 Νάϐαλ,
1510 3257 1538 3308 ὁ
1589 3255 1804 3318 κυνικὸς

223 3347 487 3416 ἐπίκλην,
519 3348 546 3398 6
577 3347 780 3416 τραχὺς
813 3347 1016 3408 ἐκεῖνος
1045 3346 1136 3398 καὶ
1167 3345 1362 3416 ὄρειος,
1395 3349 1423 3398 6
1456 3346 1524 3399 τὰ
1558 3347 1806 3416 πρόϐατα

221 3439 457 3507 κείρων.
482 3433 551 3491 Οὐ
569 3435 973 3505 διαφθαρέντος,
1002 3439 1236 3488 συνοικεῖ
1255 3436 1330 3506 τῷ
1353 3437 1562 3506 βασιλεῖ
1590 3439 1620 3506 ἡ
1643 3439 1802 3509 γυνὴ,

223 3531 330 3582 καὶ
377 3528 631 3597 βασιλέων
669 3528 876 3595 γίνεται
914 3528 1113 3597 μήτηρ.
1159 3527 1224 3579 'Il
1265 3527 1362 3598 μὲν
1399 3524 1491 3580 οὖν
1526 3529 1804 3602 ἐπιγραφὴ

225 3624 336 3692 τῆς
376 3621 689 3691 ψαλμῳδίας
776 3619 1011 3674 τοσαῦτα
1055 3619 1311 3692 περιέχει
1359 3621 1668 3692 μυστήρια,
1707 3623 1806 3693 τὴν

227 3716 382 3784 ὑπὲρ
419 3713 511 3766 τοῦ
559 3712 690 3768 λαοῦ
737 3711 831 3765 τοῦ
880 3711 1281 3783 μακρυνθέντος
1329 3712 1435 3765 ἀπὸ
1497 3713 1596 3768 τῶν
1639 3715 1807 3783 ἁγίων

187 3843 199 3853 .
229 3806 595 3875 σημαίνουσα,
631 3806 725 3858 καὶ
766 3804 864 3875 τὴν
898 3804 988 3856 ἐπὶ
1020 3807 1132 3866 τοῖς
1171 3803 1591 3874 κατορθώμασιν
1665 3807 1805 3877 ὑπὲρ

226 3898 346 3949 τῶν
377 3897 682 3964 ἀλλοφύλων
712 3897 932 3966 στήλην,
961 3898 1080 3966 ἥτις
1109 3896 1196 3949 διὰ
1224 3895 1330 3947 τῶν
1358 3897 1415 3948 ἐν
1445 3897 1580 3967 αὐτῇ
1622 3914 1803 3968 γραμ-

230 3988 447 4056 μάτων,
493 3990 602 4048 τοῖς
643 3985 742 4056 μὲν
793 3986 901 4038 ἀπὸ
933 3985 1031 4056 τῆς
1077 3985 1332 4048 ἀπιστίας
1371 3985 1478 4038 τῶν
1520 3985 1803 4049 Ἰουδαίων,

229 4077 439 4140 Mettio;
485 4079 740 4147 ἕστηκεν,
789 4078 901 4140 τοῖς
943 4077 998 4130 δὲ
1043 4076 1130 4130 διὰ
1179 4078 1413 4142 πίστεως
1459 4077 1803 4147 σωζομένοις,

227 4170 426 4237 ὸᾶηγία
455 4169 588 4238 πρὸς
627 4168 688 4221 τὸ
723 4167 924 4236 ἀγαθὸν
961 4167 1052 4220 καὶ
1092 4167 1413 4238 ὑπόδειγμα.
1448 4168 1595 4221 Αὐτά
1625 4168 1680 4221 δὲ
1710 4169 1806 4239 τῆς

231 4260 550 4330 ψαλμῳδίας
575 4263 641 4314 τὰ
674 4262 891 4330 ῥήματα
924 4259 1124 4330 μᾶλλόν
1155 4275 1269 4322 πως
1291 4260 1435 4312 δοκεῖ
1460 4260 1520 4313 οὐ
1553 4259 1804 4313 τοσοῦτον

235 4354 379 4421 πρὸς
404 4352 493 4403 τὸν
519 4351 857 4418 ἀναφανέντα
885 4349 1105 4418 βασιλέα
1136 4349 1371 4418 βλέπειν,
1395 4350 1516 4402 ὅσον
1544 4350 1679 4418 πρὸς
1706 4349 1804 4402 αὐ-

233 4445 329 4493 τὸν
360 4441 443 4492 τὸν
473 4442 637 4493 Δαῦὶδ
669 4441 759 4492 τὸν
793 4439 932 4492 κατὰ
971 4439 1070 4508 τῆς
1113 4439 1310 4502 κακίας
1341 4428 1664 4508 ἀγωνιστὴν,
1710 4439 1804 4492 καὶ

233 4531 335 4598 τῆς
367 4531 558 4599 ἀρετῆς
584 4531 842 4599 ἐργάτην.
879 4531 992 4582 Οὐκ
1024 4529 1089 4581 ἂν
1120 4529 1176 4580 δέ
1206 4545 1287 4591 τις
1316 4529 1536 4600 ἀπᾴδειν
1570 4531 1711 4582 εἴποι
1737 4527 1806 4580 τὰ

232 4621 337 4689 τῆς
376 4620 686 4690 ψαλμῳδίας
714 4620 964 4688 νοήματα
986 4656 1001 4679 ,
1048 4617 1184 4688 πρὸς
1225 4616 1292 4668 τὰ
1326 4618 1424 4686 τῆς
1459 4617 1682 4688 Γραφῆς
1723 4619 1807 4670 αἱ·

233 4714 493 4781 νίγματα.
553 4714 610 4766 ’0
657 4712 766 4782 γάρ
813 4711 949 4782 πρὸς
986 4712 1086 4782 τὴν
1135 4709 1409 4777 θεολογίαν
1441 4710 1674 4780 ἀληθῶς,
1711 4711 1805 4764 καὶ

236 4805 360 4858 καθ’
389 4805 444 4857 ὃν
473 4804 550 4856 δεῖ
572 4805 771 4876 τρόπον
801 4803 1032 4873 βλέπων,
1066 4801 1355 4872 σύμφωνον
1377 4802 1645 4866 ἀποδείξει
1670 4802 1806 4855 πάν·

237 4913 346 4958 τως
376 4896 465 4948 τὴν
509 4896 619 4965 βίον
643 4899 711 4966 τῇ
740 4896 941 4950 πίστει.
975 4895 1145 4949 Τοῦτο
1185 4894 1240 4948 δὲ
1271 4895 1370 4947 οὐκ
1402 4893 1602 4956 ἄλλως,
1647 4895 1694 4946 εί
1731 4894 1804 4964 μὴ

238 4986 336 5054 τῆς
386 4988 648 5057 σαρκικῆς
701 4986 1115 5047 ἐπαναστάσεως
1163 4985 1249 5038 διὰ
1301 4983 1412 5036 τῶν
1460 4983 1560 5051 τῆς
1606 4983 1805 5052 ἀρετῆς

243 5079 675 5148 ἐπιτηδευμάτων
698 5077 1126 5147 καταπεσούσης.
1163 5079 1388 5155 Ἀρετῆς
1408 5077 1463 5131 δὲ
1491 5076 1804 5144 κεφάλαιον,

245 5173 275 5237 η
323 5169 410 5221 τοῦ
454 5169 586 5222 Θεοῦ
642 5170 958 5239 συμμαχία,
988 5164 1052 5239 ἧς
1084 5170 1325 5237 ἀξιοῦται
1371 5173 1398 5225 ὁ
1451 5169 1592 5223 0Ξῖον
1630 5166 1806 5220 ἔλαιον

247 5260 416 5329 ἐαυτῷ
440 5261 528 5313 διὰ
559 5261 653 5329 τῆς
698 5259 841 5328 ζωῆς
885 5260 1256 5344 οἰκειούμενος,
1298 5272 1516 5333 Ὥσπερ
1561 5257 1616 5310 δὲ
1651 5256 1704 5309 εί
1725 5274 1806 5320 τις

248 5349 434 5420 λῃστοῦ
500 5368 638 5414 τινος
691 5350 1003 5412 ἐπελθόντος
1043 5351 1070 5422 ἦ
1121 5363 1494 5452 ἀνδροφόνου,
1558 5349 1700 5405 κατά
1748 5348 1808 5400 τὸ

251 5441 453 5510 ἀθρόον,
477 5441 783 5494 ἐπικαλοῖτο
800 5439 906 5492 τῶν
930 5439 1075 5506 φίλων
1097 5439 1244 5552 an”;
1267 5439 1351 5535 εὶς
1379 5447 1683 5539 βοήθειαν,
1707 5441 1808 5493 οὐκ

317 5620 359 5652 ³³
404 5618 586 5674 )Ialtb.
627 5633 736 5683 xxi,
775 5617 856 5670 45.
928 5615 1065 5694 ¹Ρεπι

1063 5692 1078 5713 .
1113 5705 1274 5764 um,
1341 5660 1384 5724 2
1403 5650 1459 5712 7-

1914 1801 2224 1856 Israeliticae
2250 1804 2496 1858 civitatis
2529 1803 2770 1873 reperire
2812 1803 2958 1866 licet,
2991 1803 3147 1871 juxta
3198 1799 3477 1870 propheti-

1912 1907 2033 1946 cam
2076 1894 2221 1946 illam
2251 1909 2460 1960 vocem,
2491 1911 2612 1964 quae
2639 1895 2714 1948 ait
2755 1914 2768 1949 :
2811 1915 2828 1946 ι
2867 1894 2922 1948 In
2961 1893 3209 1949 ecclesiis
3255 1890 3479 1947 benedi-

1911 1985 2017 2038 cite
2041 1983 2210 2039 Deum
2245 1984 2532 2039 Dominum
2561 1986 2628 2040 de
2660 1986 2902 2040 fontibus
2925 1985 3089 2040 Israel
3112 1986 3162 2048 ¹;
3189 2007 3206 2036 ι
3235 2000 3360 2040 nam
3383 1983 3476 2054 qui

1913 2076 2069 2129 initio
2109 2075 2228 2129 ﬁdei
2266 2075 2572 2129 doctrinam
2610 2077 2971 2142 tradiderunt,
3008 2091 3285 2147 praecones
3331 2075 3474 2150 veri.

1913 2167 2064 2230 tatis,
2124 2165 2380 2223 Ecclesia:
2415 2167 2752 2231 I'undatores,
2806 2169 3086 2238 discipuli.
3127 2167 3381 2237 inquam,
3417 2174 3473 2220 et

1912 2256 2166 2326 apostoli,
2198 2256 2598 2320 descenderunt
2627 2273 2692 2313 ex
2750 2257 2994 2312 fontibus
3037 2256 3224 2312 Israel.
3263 2274 3281 2307 ι
3320 2253 3477 2310 Prin-

1912 2347 2080 2415 cipes,
2113 2365 2132 2398 ι
2170 2348 2370 2417 inquit,
2413 2366 2430 2398 ι
2462 2347 2625 2411 Juda,
2662 2349 2938 2418 principes
2961 2363 3171 2408 eorum.
3201 2346 3478 2418 principes

1912 2439 2177 2504 Zabulon,
2205 2449 2259 2493 et
2297 2439 2572 2509 principes
2610 2439 2976 2510 Nephthalim.
3013 2461 3031 2495 ι
3061 2438 3166 2496 Ubi
3198 2454 3294 2511 per
3320 2441 3475 2511 signa

1909 2529 2156 2600 quaedam
2189 2537 2243 2585 et
2273 2530 2516 2600 symbola
2549 2531 2818 2601 Propheta
2862 2533 3193 2595 vaticinans,
3234 2532 3473 2602 generis,

1912 2635 1978 2675 ex
2015 2635 2123 2690 quo
2154 2621 2259 2676 orti
2319 2630 2478 2676 erant
2539 2623 2817 2692 discipuli,
2859 2623 3221 2692 pr0prietates
3253 2621 3478 2676 demou-
3511 2667 3518 2674 .

1912 2719 2068 2767 strat.
2103 2711 2246 2767 Inter
2285 2727 2421 2782 quos
2471 2713 2742 2782 reperitur
2806 2713 2989 2766 itidem
3036 2711 3478 2766 adolescentulus

1911 2805 2004 2859 ille
2055 2823 2072 2855 ι
2141 2803 2446 2873 Beniamin,
2508 2803 2564 2858 in
2599 2803 2803 2858 mentis
2849 2817 3077 2858 excessu
3139 2819 3158 2852 ›
3219 2800 3478 2871 mysteria

1910 2897 2276 2961 edoctus;ex
2331 2895 2540 2953 semine
2594 2894 2892 2962 Abraham,
2954 2893 3099 2948 tribu
3154 2890 3476 2962 Benjamin,

1911 2985 2114 3041 Paulus
2143 2986 2358 3041 divinus
2383 2986 2470 3041 ille
2497 2986 2799 3055 apostolus.

1832 3049 1875 3107 ο
1978 3077 2245 3131 Ceterum
2281 3075 2408 3129 licet
2444 3049 2565 3129 cum
2601 3072 2902 3128 Israelitica
2937 3086 3156 3144 quoque
3189 3086 3280 3126 rex
3317 3069 3475 3124 habi-

1906 3176 2029 3224 tare
2081 3177 2565 3230 commemoretur,
2621 3175 2860 3220 attamen
2923 3163 3201 3219 ardentius
3261 3169 3476 3216 amatur

1906 3260 2146 3331 Abigail,
2201 3275 2363 3329 quam
2406 3258 2558 3327 prius
2593 3271 2816 3312 uxorem
2854 3255 3120 3311 habuerat
3169 3253 3477 3308 Carmelius

1909 3353 1998 3406 ille
2018 3351 2215 3417 Nabal,
2241 3351 2482 3422 Cynicus
2509 3349 2945 3420 cognominatus,
2983 3360 3144 3416 asper
3173 3345 3286 3407 ille,
3318 3359 3476 3398 mon-

1908 3445 2055 3499 tibus
2077 3452 2354 3506 assuetus,
2383 3441 2610 3497 tondere
2637 3442 2834 3497 solitus
2860 3456 3009 3496 oves.
3042 3441 3162 3505 Quo
3193 3439 3475 3500 defuncto,

1905 3537 2154 3607 jungitur
2211 3538 2302 3591 illa
2368 3537 2566 3598 mulier
2624 3537 2828 3605 nuptiis
2880 3534 3046 3604 regis,
3103 3533 3269 3602 ﬁtque
3305 3540 3477 3586 mater

1907 3643 2117 3696 regum.
2183 3626 2355 3696 Igitur
2420 3625 2711 3694 inscriptio
2769 3623 2966 3693 psalmi
3036 3622 3167 3678 talia
3229 3621 3476 3675 continet

1908 3719 2188 3790 mysteria,
2222 3718 2472 3772 indicans
2502 3715 2755 3770 videlicet
2787 3715 3004 3768 titulum
3028 3729 3125 3767 seu
3161 3713 3501 3766 columnam'

1910 3825 2007 3878 pro
2039 3810 2240 3878 populo
2280 3823 2310 3862 a
2346 3809 2556 3864 sanctis
2587 3808 2863 3877 elongato,
2903 3813 2958 3860 et
2988 3803 3206 3874 egregia
3249 3802 3343 3856 illa
3373 3817 3474 3873 pro

1906 3900 2230 3969 alienigenis
2261 3898 2506 3953 facinora
2535 3917 2549 3964 ;
2586 3914 2708 3969 qua:
2739 3914 2835 3969 per
2864 3898 3074 3952 litteras
3121 3895 3225 3952 sibi
3278 3895 3476 3950 inscri-

1907 3997 2048 4059 ptas,
2079 3989 2281 4046 Judaiis
2310 3991 2527 4060 quidem
2575 3990 2647 4044 ob
2672 3988 2949 4060 perﬁdiam
3011 3987 3064 4041 in
3120 3986 3470 4056 Opprobrium

1906 4093 2091 4137 erecta
2126 4090 2249 4138 est:
2284 4084 2391 4139 illis
2423 4099 2571 4142 vero.
2604 4081 2696 4151 qui
2732 4097 2827 4152 per
2860 4079 3019 4135 ﬁdem
3079 4080 3380 4141 salvantur,
3418 4079 3471 4130 in

1907 4174 2100 4231 ducem
2148 4185 2204 4230 ct
2253 4175 2556 4246 exemplum
2593 4173 2660 4228 ad
2691 4188 2908 4228 onmem
2954 4172 3315 4227 honestatem.
3352 4169 3474 4238 Ipsa

1909 4278 2088 4323 autem
2138 4267 2334 4336 psalmi
2371 4266 2534 4320 verba
2594 4279 2703 4318 non
2749 4271 2858 4316 tam
2908 4263 3186 4331 respicere
3220 4259 3474 4315 videntur

1909 4372 2087 4427 regem
2138 4357 2312 4418 illum,
2347 4354 2441 4423 qui
2498 4369 2621 4410 sese
2669 4353 2828 4408 nobis
2859 4367 2888 4406 e
2937 4351 3078 4406 ccelo
3133 4347 3476 4405 descendens

1908 4448 2191 4518 patefecit,
2225 4462 2389 4516 quam
2428 4446 2604 4515 ipSum
2661 4444 2940 4506 Davidem,
2975 4442 3155 4496 omnis
3212 4441 3478 4510 improbi-

1909 4537 2038 4591 tatis
2071 4535 2484 4598 debellatorem,
2522 4533 2848 4602 virtutisque
2901 4539 3249 4586 scctatorem.
3286 4528 3472 4599 Neque

1909 4639 2038 4678 vero
2079 4623 2276 4677 dixerit
2331 4621 2454 4692 quis
2484 4619 2808 4675 sententiain
2855 4617 3057 4690 psalmi
3090 4631 3120 4669 a
3177 4615 3475 4684 Scriptura:

1908 4715 2212 4786 aanigmatis
2245 4713 2608 4782 obscurisque
2654 4711 2910 4768 sensibus
2945 4710 3279 4776 discrepare.
3340 4703 3474 4759 Nam

1909 4805 2002 4876 qui
2037 4820 2161 4860 vere
2217 4812 2271 4858 et
2323 4819 2390 4859 eo
2437 4819 2544 4872 quo
2604 4803 2761 4857 decet
2797 4801 2982 4863 modo,
3009 4800 3076 4853 ad
3125 4797 3476 4866 theologiam,

1911 4912 2206 4966 rerumque
2246 4896 2551 4951 caelestium
2577 4894 2943 4966 cognitionem
2967 4893 3159 4948 oculos
3180 4889 3476 4953 convertit,

1913 4988 2005 5043 ille
2025 4989 2192 5042 vitam
2221 5002 2344 5042 cum
2378 4987 2481 5041 ﬁde
2511 4986 2858 5040 conformat:
2883 4983 3026 5054 quod
3060 4982 3218 5035 aliter
3253 4995 3359 5034 non
3395 4979 3474 5040 ﬁt.

1914 5097 2078 5152 quam
2112 5082 2157 5135 si
2189 5079 2442 5136 carnales
2482 5079 2850 5149 appetitiones
2904 5076 3088 5131 studio
3134 5074 3394 5127 virtutum
3426 5081 3481 5126 et

1913 5170 2302 5228 exercitatione
2347 5171 2798 5239 comprimantur,
2835 5175 2888 5221 et
2917 5167 3261 5220 edomeutur.
3295 5161 3472 5229 Caput

1913 5275 2044 5316 vero
2064 5260 2288 5314 virtutis
2328 5267 2411 5314 est
2443 5259 2534 5314 Dei
2567 5258 2870 5313 subsidium
2915 5264 2970 5310 et
3017 5254 3301 5315 auxilium,
3331 5246 3475 5319 quod

1914 5352 1961 5405 ei
1999 5351 2250 5421 obtingit,
2283 5350 2374 5420 qui
2421 5349 2660 5403 divinam
2705 5345 3138 5402 misericordiam
3188 5357 3283 5411 per
3312 5341 3475 5392 vitam

1916 5443 2018 5498 sibi
2048 5443 2328 5496 conciliat.
2359 5437 2827 5507 Quemadmodum
2856 5446 3037 5490 autem
3067 5436 3275 5488 latrone
3296 5436 3348 5484 et
3381 5429 3476 5481 ho-
