4018 6334
571 303 674 358 F579

1798 299 1854 354 S.
1885 297 2204 354 GREGORII
2229 298 2520 356 NYSSE‘NI
3663 308 3745 366 580

567 425 764 477 ﬂtlt’ida
789 420 1039 490 quopiam
1067 434 1130 473 ex
1166 417 1464 488 improviso
1485 417 1746 482 irruente,
1768 421 1985 472 invocat
2005 419 2128 486 quis

2232 415 2411 488 ἀρκῶν
2438 419 2614 488 ἐαυτῷ
2646 419 2780 489 πρὸς
2807 421 2904 490 τὴν
2935 419 3042 473 τῶν
3073 421 3329 474 κινδύνων
3361 422 3644 496 ἀποφυγήν·
3670 431 3744 482 οὗ.

566 513 796 576 amicos,
831 519 888 564 ut
915 510 1194 579 suppetias
1232 508 1433 571 ferant,
1467 523 1575 562 non
1615 517 1908 564 contentus
1950 509 2134 578 seip‘so

565 605 632 658 ad
684 603 912 674 periculi
969 603 1115 656 illius
1148 604 1326 671 fugam
1360 615 1371 649 :
1403 602 1476 655 ita
1511 609 1566 655 et
1619 601 1707 656 hic
1748 601 1801 654 in
1835 601 2135 654 certamine

565 697 944 758 constitutus,
1010 703 1234 764 propter
1301 693 1716 761 impressionem
1783 693 1850 745 ab
1913 691 2134 744 homine

563 790 787 852 factam,
823 788 1118 857 (hominem
1170 787 1484 844 nominans.
1531 794 1740 838 natura:
1780 791 1982 838 nostra
2011 798 2135 852 per-

565 880 906 934 turbationes
953 889 1005 934 et
1035 879 1351 933 affectiones
1399 878 1608 932 indicat
1652 892 1783 931 voce
1824 874 2131 942 collectiva)

564 972 780 1025 invocat
833 987 1133 1042 supernum
1173 970 1462 1032 auxilium,
1517 969 1831 1024 conculcari
1891 983 2012 1023 sese
2065 967 2132 1020 ab

561 1063 784 1118 inimico
817 1064 1026 1124 dicens,
1060 1063 1383 1132 fatigarique
1413 1071 1466 1116 et
1487 1061 1762 1123 tribulari,
1794 1074 1972 1130 pugna
2001 1073 2133 1112 con-

562 1155 744 1208 tinuos
776 1155 892 1208 dies
926 1155 1177 1207 durante.
1924 1211 1927 1214 _

631 1243 816 1313 Neque
845 1244 991 1298 enim
1030 1259 1195 1297 unum
1227 1243 1493 1297 duntaxat
1526 1241 1903 1297 adversarium
1943 1257 2129 1297 secum

559 1333 884 1405 conﬂigendi
922 1348 1088 1388 causa
1122 1334 1404 1402 congredi,
1459 1334 1552 1388 sed
1592 1335 1814 1388 unicum
1853 1333 2130 1387 hominem

562 1427 734 1479 instar
760 1424 1125 1478 multitudinis
1153 1424 1393 1477 hostium
1423 1438 1568 1477 esse.
1592 1423 1680 1476 Ait
1701 1423 1847 1476 enim
1872 1441 1884 1476 :
1923 1440 1940 1472 ι
1981 1422 2130 1476 Con-

559 1516 913 1569 culcaverunt
944 1529 1030 1568 me
1086 1513 1294 1570 inimici
1349 1514 1454 1567 mei
1491 1521 1604 1565 tota
1637 1513 1746 1574 die,
1789 1531 1807 1562 ι
1845 1511 2034 1566 missis
2064 1512 2131 1565 ab

557 1609 667 1660 alto
686 1607 904 1676 jaculis,
929 1621 993 1660 eo
1020 1606 1162 1675 quod
1189 1606 1497 1674 superiores
1521 1608 1630 1659 sint
1658 1619 1762 1668 me,
1783 1603 1875 1672 qui
1908 1603 2131 1657 concul-

556 1714 672 1752 ror.
695 1697 879 1766 Neque
903 1697 954 1750 id
981 1697 1123 1765 quod
1157 1695 1378 1758 accidit,
1401 1695 1468 1750 de
1491 1696 1579 1749 die
1605 1696 1660 1748 iit
1685 1704 1736 1750 et
1759 1695 1881 1748 luce
1904 1695 2082 1762 palam
2113 1712 2126 1746 :

557 1805 664 1842 non
696 1789 838 1842 enim
895 1787 1223 1850 timuissem,
1275 1787 1318 1840 si
1352 1787 1531 1856 palam
1571 1802 1784 1840 mecum
1842 1787 2126 1855 congressi

558 1892 762 1935 essent.
818 1879 900 1933 Ob
960 1880 1010 1932 id
1068 1879 1261 1933 addit:
1328 1897 1345 1928 ι
1391 1877 1463 1932 De
1502 1877 1589 1932 die
1645 1893 1754 1931 non
1815 1878 2060 1940 timebo;
2102 1895 2121 1928 ι

557 1969 722 2022 tacite
756 1970 1044 2022 insinuans
1080 1969 1132 2021 in
1169 1967 1409 2021 tenebris
1458 1981 1516 2020 se
1554 1967 1622 2019 ab
1660 1966 1910 2020 hostibus
1946 1974 2128 2020 exter-

555 2061 758 2124 retieri,
797 2069 849 2113 et
884 2058 1174 2112 formidine
1227 2057 1468 2125 percelli.
1510 2055 1614 2109 Sed
1673 2056 1797 2108 talis
1829 2056 1973 2110 diem
2013 2057 2128 2125 ipse

556 2151 661 2207 sibi
713 2157 988 2221 procreat,
1044 2148 1322 2216 sperando
1374 2155 1428 2200 In
1480 2146 1677 2210 lucem,
1730 2160 1836 2214 qua
1889 2149 2128 2201 tenebrre

555 2241 916 2310 dispellantur
944 2258 957 2292 :
999 2256 1018 2288 ‹
1061 2237 1135 2291 De
1163 2236 1253 2291 die
1287 2253 1395 2290 non
1430 2235 1657 2302 timebo,
1691 2251 1793 2306 ego
1825 2252 1955 2291 vero
1986 2238 2040 2290 in
2074 2246 2127 2292 te

556 2331 808 2402 sperabo.
851 2349 868 2382 ι
903 2329 1064 2383 Forte
1095 2338 1274 2383 autem
1317 2329 1644 2382 sententiam
1679 2341 1889 2392 eorum,
1923 2342 2043 2396 qua:
2072 2327 2127 2382 in

559 2425 662 2476 hoc
700 2421 910 2491 psalmo
941 2421 1144 2490 scripta
1176 2427 1328 2483 sunt,
1359 2417 1534 2487 magis
1562 2426 1908 2486 assequetur,
1933 2419 2025 2487 qui
2060 2417 2127 2471 ad

560 2513 939 2582 inscriptionis
967 2512 1194 2581 :enigma
1221 2525 1342 2564 sese
1367 2517 1648 2564 convertet
1673 2525 1687 2575 ;
1715 2508 1955 2578 quandiu
1980 2509 2125 2564 enim

556 2606 794 2656 humana
837 2602 984 2656 natio
1016 2617 1044 2654 a
1075 2601 1282 2655 sanctis
1313 2599 1521 2670 angelis
1567 2602 1726 2670 longe
1758 2600 1952 2653 dissita
1985 2607 2123 2665 erat,

553 2693 985 2747 conculcabatur
1059 2691 1162 2744 ab,
1201 2689 1686 2744 immoderatarum
1777 2688 2123 2742 aﬂ‘eetionum

556 2787 772 2841 natura,
803 2778 1213 2849 angebaturque
1251 2785 1306 2832 et
1339 2777 1743 2846 defatigahatur
1782 2793 1976 2848 pugna:
2006 2793 2126 2846 per-

554 2871 816 2940 petuitate
849 2886 912 2924 ex
946 2870 1108 2924 editis
1148 2879 1201 2925 et
1233 2869 1610 2939 superioribus
1647 2869 1782 2923 locis
1818 2868 2078 2938 impedita
2109 2887 2122 2922 :

555 2973 843 3032 propterea
897 2972 1065 3016 noctu
1129 2963 1366 3017 maxime
1413 2961 1850 3031 pertimescebat.
1895 2961 2125 3026 Quando

554 3062 735 3106 autem
777 3053 1015 3124 speravit
1067 3053 1122 3108 in
1159 3051 1290 3115 Deo,
1352 3069 1449 3124 spe
1490 3055 1581 3106 illa
1635 3053 1690 3107 in
1744 3054 1902 3108 vanis
1960 3053 2125 3107 rebus

553 3145 753 3214 posita,
785 3146 932 3200 velut
968 3145 1218 3213 pondere
1256 3144 1517 3214 quodam,
1575 3145 1784 3213 abjeeta
1816 3161 1830 3209 ;
1886 3152 2015 3198 tunc
2069 3143 2125 3196 in

557 3235 746 3290 laudes
783 3235 986 3306 preprii
1021 3236 1293 3290 sermonis
1314 3238 1494 3305 erupit
1550 3237 1641 3306 qui
1678 3237 1810 3290 nihil
1842 3237 1986 3291 aliud
2022 3244 2124 3299 est,

553 3343 716 3396 quam
749 3326 1024 3383 confessio
1057 3326 1200 3382 ﬁdei.
1236 3327 1326 3380 Ait
1355 3330 1501 3384 enim
1536 3349 1549 3382 :
1590 3349 1608 3380 ‹
1653 3329 1709 3382 ln
1752 3327 1860 3382 Deo
1891 3328 2128 3382 laudabo

555 3435 841 3474 sermones
893 3435 1065 3475 meos.
1105 3439 1123 3471 ι
1164 3418 1270 3474 Sed
1307 3421 1406 3476 hos
1461 3437 1615 3478 meos
1650 3436 1934 3477 sermones
1967 3421 2128 3474 laude

554 3511 751 3580 dignos
787 3520 1149 3567 exsecrantur
1179 3511 1386 3566 inimici
1421 3512 1550 3578 mei,
1589 3514 1681 3583 qui
1727 3527 1942 3566 onmem
1976 3512 2129 3582 cogi-

557 3603 820 3657 tationem
857 3617 1010 3658 suam
1061 3618 1127 3658 eo
1180 3609 1530 3668 convertunt,
1567 3611 1626 3658 ut
1681 3603 1812 3657 mihi
1874 3611 2128 3667 noceant,

554 3694 911 3763 occultasque
938 3701 992 3749 et
1019 3695 1371 3750 absconditas
1405 3695 1660 3762 insidias,
1682 3695 1811 3751 dum
1841 3711 1963 3752 cum
1993 3697 2130 3768 ipsis

556 3782 762 3844 habito.
795 3791 1050 3850 struant;
1087 3786 1180 3854 qui
1225 3799 1378 3839 suam
1417 3794 1587 3840 artem
1625 3784 1960 3853 iactitantes,
2018 3802 2128 3841 non

555 3882 775 3928 cessant
825 3874 1120 3930 observare
1170 3876 1491 3931 calcaneum
1547 3892 1767 3932 meum:
1827 3876 1931 3930 hoc
1983 3877 2128 3933 enim

557 3978 698 4034 opus
735 3972 818 4018 est
843 3966 983 4033 ejus,
1007 3965 1100 4035 qui
1133 3966 1202 4021 ab
1235 3967 1392 4020 initio
1425 3966 1700 4020 homicida
1731 3966 1912 4034 fuit’,
1939 3966 2130 4022 obser-

555 4070 682 4108 vare
734 4056 1051 4110 calcaneum
1111 4057 1422 4120 hominis':
1460 4064 1516 4110 at
1575 4056 1720 4111 enim
1770 4056 1899 4111 licet
1954 4056 2129 4112 hostis

560 4147 849 4216 impressio
901 4147 1084 4217 gravis
1141 4148 1233 4212 sit,
1271 4147 1569 4216 repelletur
1615 4157 1796 4202 tamen
1863 4147 2128 4202 beneficio

557 4238 744 4292 auxilii
782 4239 902 4292 tui:
936 4253 1061 4292 nam
1091 4239 1261 4308 gratis
1298 4239 1609 4292 hominibus
1643 4239 1792 4293 salus
1823 4248 1928 4294 ate
1957 4241 2125 4306 venit,

557 4342 665 4380 non
693 4343 758 4382 ex
785 4329 1044 4398 operibus
1077 4327 1322 4397 iustitiae,
1376 4327 1468 4382 sed
1497 4344 1562 4382 ex
1615 4329 1730 4382 sola
1785 4338 1877 4382 tua
1907 4331 2080 4400 gratia
2109 4349 2122 4384 :

2234 526 2312 560 τω
2357 511 2450 562 καὶ
2492 509 2725 562 ἐνταῦθα
2773 510 3064 579 ἐναγώνιος
3119 512 3214 573 ῶν,
3256 514 3343 565 διὰ
3391 515 3484 584 τῆς
3528 519 3648 587 πρὸς
3675 521 3754 574 τον

2233 598 2517 667 ἄνθρωπον
2548 601 2870 670 συμπλοκῆς
2893 604 2912 671 (
2932 602 3216 673 ἄνθρωπον
3240 603 3296 655 δέ
3324 603 3506 672 λέγων,
3535 611 3593 676 τῇ
3623 627 3754 678 περι-

2233 689 2470 759 ληπτικῇ
2511 693 2660 761 φωνῇ
2712 691 2782 744 τὰ
2829 693 2928 763 τῆς
2973 693 3187 762 φύσεως
3229 694 3545 748 ἐνδείκνυται
3586 698 3757 768 πάθη)

2236 782 2576 835 ἐπικαλεῖται
2609 784 2706 853 τὴν
2746 785 2950 838 ἀνωθεν
2983 784 3254 855 βοήθειαν,
3302 787 3574 839 πατεῖσθαι
3609 787 3759 856 λέγων

2235 891 2309 924 πα
2318 873 2384 938 ρὰ
2404 873 2496 925 τοῦ
2520 873 2900 943 πολεμοῦντος,
2932 877 3028 926 καὶ
3054 874 3130 945 τῷ
3157 893 3298 946 πανη
3309 877 3475 946 μερίῳ
3497 877 3585 948 τῆς
3607 877 3762 948 μάχης

2232 967 2592 1036 ἀπαγορεύειν
2621 985 2680 1021 τε
2713 969 2804 1021 καὶ
2833 969 3191 1023 ἐκθλίϐεσθαι.

2303 1239 2447 1310 Μηδὲ
2491 1238 2600 1310 γὰρ
2653 1239 2810 1309 μόνον
2858 1239 3144 1308 τυγχάνειν
3177 1239 3267 1292 τὸν
3311 1239 3396 1292 διὰ
3426 1241 3530 1293 τῶν
3569 1242 3770 1310 ἀγώνων

2232 1333 2379 1402 αὑτῷ
2416 1333 2883 1402 συμπλεκόμενον,
2923 1332 3057 1385 ἀλλά
3094 1333 3261 1402 δῆμον
3307 1332 3512 1402 ἐχθρῶν
3540 1329 3666 1386 εἶναι
3694 1335 3774 1388 τὸν

2231 1423 2326 1476 ἕνα
2355 1423 2656 1492 ἄνθρωπον.
2686 1440 2703 1472 ι
2739 1422 3138 1492 Κατεπάτησαν
3163 1421 3270 1491 γάρ
3301 1439 3390 1492 με,
3429 1441 3446 1472 ι
3479 1423 3652 1492 φησὶν,
3687 1441 3703 1473 ι
3731 1425 3772 1476 ot

2233 1513 2416 1584 ἐχθροί
2449 1531 2548 1584 μου
2579 1514 2707 1583 ὅλην
2735 1513 2832 1583 τὴν
2864 1512 3075 1584 ἡμέραν
3112 1532 3130 1563 ι
3165 1514 3273 1566 ἀπὸ
3305 1513 3471 1583 ὕψους
3499 1514 3775 1583 βάλλοντες,

2231 1605 2317 1658 διά
2338 1604 2432 1656 τοῦ
2458 1604 2708 1672 γενέσθαι
2739 1602 2832 1656 τοῦ
2861 1603 3194 1672 πατουμένου
3227 1603 3533 1674 ὑπέρτεροι.
3562 1605 3666 1656 Kal.
3691 1605 3778 1657 οὐκ

2235 1699 2290 1761 ἐν
2326 1697 2509 1766 ἡμέρᾳ
2541 1697 2707 1758 ἐστὶν,
2741 1695 2858 1748 οὐδὲ
2895 1699 2952 1747 ἐν
2983 1695 3122 1763 φωτὶ
3165 1695 3226 1747 τὸ
3257 1695 3568 1764 γινόμενον,
3595 1695 3651 1747 οὐ
3684 1695 3780 1764 γάρ

2235 1784 2301 1837 ἂν
2349 1783 2619 1855 ἐφοϐήθην
2662 1785 2770 1836 ἀπὸ
2809 1783 2902 1836 τοῦ
2955 1783 3131 1850 φωτὸς
3179 1782 3645 1852 συμμαχούμενος.
3695 1785 3780 1834 Διὰ
3849 1855 3852 1858 γ

2236 1874 2391 1926 τοῦτό
2447 1891 2607 1944 φησιν
2633 1892 2646 1905 ·
2682 1893 2700 1925 ‹
2750 1874 2990 1944 Ἡμέρας
3027 1874 3086 1925 οὐ
3124 1872 3520 1944 φοϐηθήσομαι,
3558 1890 3575 1923 ι
3618 1872 3782 1942 Δηλῶν

2237 1964 2377 2017 κατὰ
2407 1965 2466 2017 τὸ
2502 1965 2874 2034 σιωπώμενον,
2903 1965 2962 2017 τὸ
2989 1965 3076 2017 διὰ
3103 1965 3194 2017 τοῦ
3229 1965 3454 2027 σκότους
3484 1963 3626 2034 αὐτῷ
3649 1965 3782 2035 παρὰ

2234 2054 2342 2106 τῶν
2371 2052 2582 2122 ἐχθρῶν
2612 2053 2704 2106 τὸν
2736 2052 2896 2121 φόϐον
2928 2054 3248 2121 ἐπάγεσθαι.
3294 2053 3435 2107 Ἀλλ’
3462 2054 3633 2124 ἐαυτῷ
3668 2055 3785 2125 ἡμέ-

2238 2161 2335 2214 ραν
2373 2147 2402 2196 ὁ
2439 2143 2673 2205 τοιοῦτος
2711 2147 2870 2206 ποιεῖ,
2909 2142 2995 2196 διὰ
3030 2140 3126 2196 τοῦ
3162 2143 3406 2208 ἐλπίζειν
3449 2147 3538 2198 ἐπὶ
3574 2146 3632 2198 τὸ
3664 2146 3781 2213 φῶς,

2231 2235 2298 2287 δι’
2324 2229 2383 2287 οὗ
2415 2234 2475 2286 τὸ
2508 2235 2696 2297 σκότος
2726 2235 3121 2302 ἐξαφανίζεται.
3160 2254 3178 2286 ‹
3216 2236 3463 2306 Ἡμέρας
3486 2237 3543 2289 οὐ
3574 2236 3785 2306 φοϐηθή-

2237 2343 2418 2396 σομαι·
2453 2325 2562 2394 ἐγὼ
2594 2326 2649 2378 δὲ
2679 2327 2849 2378 ἐλπιῶ
2872 2327 2963 2379 ἐπὶ
2993 2327 3076 2379 σέ.
3104 2345 3124 2378 ι
3151 2327 3309 2398 Τάχα
3337 2329 3393 2381 δὲ
3417 2328 3482 2382 ἄν
3511 2345 3591 2392 τις
3609 2328 3784 2396 μᾶλλον

2233 2416 2510 2470 καθίκοιτο
2557 2415 2658 2484 τῆς
2709 2416 2818 2467 τῶν
2867 2415 3264 2485 γεγραμμένων
3309 2417 3566 2480 διανοίας,
3602 2415 3658 2468 τὸ
3701 2414 3786 2483 τῆς

2233 2507 2542 2578 ἐπιγραφῆς
2573 2508 2799 2575 αἴνιγμα
2841 2504 3070 2574 βλέπων.
3103 2505 3246 2568 Ἕως
3277 2506 3394 2576 γὰρ
3426 2502 3492 2578 ἦν
3519 2509 3546 2559 ὁ
3572 2505 3673 2558 τῶν
3704 2506 3790 2556 ἀν-

2233 2599 2463 2669 θρώπων
2498 2598 2625 2660 λαὸς
2668 2597 2774 2650 τῶν
2813 2597 2982 2664 ἁγίων
3019 2597 3263 2664 ἀγγέλων
3325 2595 3785 2668 μεμακρυμῖμένος,

2235 2691 2326 2743 καὶ⁸
2357 2692 2611 2742 ἐπατεῖτο
2635 2689 2739 2741 ὑπὸ
2766 2688 2872 2740 τῶν
2899 2687 3236 2757 παθημάτων
3260 2689 3373 2757 τῆς
3399 2688 3628 2758 φύσεως,
3653 2690 3703 2740 ἐν
3722 2686 3788 2754 τῷ

2231 2783 2441 2854 διαρκεῖ
2465 2780 2559 2833 τοῦ
2587 2780 2822 2849 πολέμου
2849 2778 3207 2849 ἀπαγορεύων
3233 2781 3339 2832 καὶ
3369 2779 3785 2849 συνθλιϐόμενος,

2233 2875 2325 2928 καὶ
2357 2875 2421 2926 ἐκ
2451 2873 2556 2926 τῶν
2602 2871 3013 2941 ὑπερκειμένων
3047 2870 3404 2941 βαλλόμενος.
3447 2873 3538 2924 καὶ
3570 2874 3622 2923 ἐν
3653 2869 3791 2924 νυκτὶ

2231 2964 2321 3017 τὸν
2356 2963 2518 3034 φόϐον
2557 2961 2730 3031 ἔχων·
2762 2961 2849 3014 ὅτε
2879 2961 2936 3013 δὲ
2975 2961 3200 3030 ἡλπισεν
3241 2961 3346 3013 ἐπὶ
3391 2962 3483 3014 τὸν
3521 2961 3677 3022 Θεὸν,
3706 2959 3789 3029 τὴν

2235 3057 2361 3127 περὶ
2386 3056 2452 3108 τά
2477 3055 2680 3124 μάταια
2708 3053 3133 3124 πεπλανημένην
3157 3052 3380 3116 ἐλπίδα,
3411 3049 3521 3106 οἷον
3545 3052 3602 3105 τὸ
3630 3051 3791 3122 ἄχθος,

2231 3147 2679 3217 ἀποσεισάμενος,
2703 3145 2823 3197 τότε
2843 3143 3103 3214 ἐπῄνεσεν
3127 3146 3252 3207 τοὺς
3275 3145 3481 3198 ἑαυτοῦ
3509 3145 3704 3212 λόγους,
3733 3143 3796 3194 οῖ-

2229 3240 2372 3303 τινές
2399 3241 2536 3292 είσιν
2565 3241 2597 3308 ή
2626 3237 2882 3308 ὁμολογία
2907 3237 3006 3306 τῆς
3035 3237 3300 3300 πίστεως.
3337 3259 3358 3290 ‹
3401 3238 3524 3290 Ἐπὶ
3543 3236 3617 3307 τῷ
3640 3235 3748 3305 Θεῷ
3775 3252 3791 3285 ι

2230 3331 2358 3402 γὰρ,
2386 3331 2569 3399 φησὶν,
2599 3348 2616 3379 ι
2642 3330 2916 3383 ἐπαινέσω
2936 3328 3056 3392 τοὺς
3080 3328 3279 3395 λόγους
3293 3347 3426 3400 μου.
3457 3348 3476 3380 ι
3515 3329 3666 3382 Ἀλλά
3687 3325 3793 3379 τοὺ-

2229 3438 2374 3483 τους,
2417 3421 2610 3491 φησὶν,
2643 3421 2767 3484 τοὺς
2802 3420 3115 3481 ἐπαινετοὺς
3144 3419 3365 3487 λόγους,
3402 3421 3452 3474 οί
3484 3419 3660 3492 ἐχθροί
3703 3435 3791 3488 μου

2234 3514 2632 3585 βδελύσσονται,
2650 3516 2776 3578 τοὺς
2796 3516 2912 3568 κατ’
2935 3513 3068 3583 ἐμοῦ
3095 3513 3398 3586 λογισμοὺς
3428 3517 3508 3579 είς
3539 3515 3697 3568 κακὸν
3718 3514 3793 3566 εὑ-

2233 3605 2526 3677 ρίσκοντες,
2563 3608 2657 3659 καὶ
2683 3605 3045 3660 λανθάνουσαν
3086 3605 3180 3658 καὶ
3221 3606 3618 3678 κεκρυμμένην
3647 3605 3700 3658 ἐν
3726 3601 3796 3672 τῷ

2231 3699 2515 3766 παροικεῖν
2545 3696 2644 3766 τὴν
2683 3696 2970 3769 ἐπιϐουλὴν
2997 3697 3475 3763 διασκευάζοντες.
3507 3697 3568 3751 Οἳ
3595 3697 3652 3748 τὸ
3679 3695 3796 3748 ἴδιον

2231 3788 2438 3842 ἐαυτῶν
2467 3789 2799 3858 ἐπιτήδευμα
2835 3787 3145 3852 ποιοῦντες,
3176 3791 3239 3842 οὑ
3288 3790 3558 3844 παύονται
3593 3787 3674 3842 ἀεί
3707 3800 3796 3857 μου

2229 3879 2327 3951 τὴν
2372 3881 2609 3952 πτέρναν
2655 3881 3131 3950 ἐπιφυλάσσοντες.
3169 3882 3349 3936 Τοῦτο
3393 3882 3505 3953 γάρ
3541 3881 3598 3948 ἐξ
3642 3878 3798 3948 ἀρχῆς

2231 3973 2675 4043 ἀνθρωποκτόνου
2705 3973 2764 4025 τὸ
2789 3972 2970 4043 ἔργον,
3000 3973 3061 4025 τὸ
3089 3975 3376 4044 ἐπιτηρεῖν
3405 3973 3501 4028 τοῦ
3529 3970 3796 4044 ἀνθρώπου

2230 4064 2328 4135 τὴν
2362 4066 2619 4136 πτέρναν.
2683 4064 2820 4116 Ἀλλ’
2865 4066 2912 4117 εί
2955 4065 3048 4118 καὶ
3081 4066 3279 4134 βαρεῖα
3314 4067 3429 4120 τῶν
3464 4067 3728 4136 πολεμίων
3768 4063 3796 4131 ή

2232 4155 2527 4227 προσϐολὴ,
2557 4157 2645 4210 διὰ
2672 4157 2772 4225 τῆς
2801 4156 3115 4228 συμμαχίας
3142 4157 3244 4223 τῆς
3279 4158 3384 4227 σῆς
3409 4155 3794 4226 ἀπωθήσονται·

2230 4247 2428 4317 προῖκα
2465 4249 2575 4308 τοῖς
2606 4245 2914 4316 ἀνθρώποις
2943 4245 3091 4317 παρά
3126 4246 3221 4300 σοῦ
3256 4251 3560 4321 γινομένης
3584 4251 3676 4319 τῆς
3705 4263 3797 4299 σω-

2228 4337 2440 4407 τηρίας.
2486 4337 2598 4389 Οὐκ
2636 4335 2696 4399 ἐξ
2734 4335 2907 4406 ἔργων
2939 4335 3046 4388 τῶν
3081 4339 3143 4390 ἐκ
3189 4338 3574 4410 δικαιοσύνης.
3610 4337 3717 4392 ἀλλ’
3743 4337 3797 4388 ἐκ

560 4431 580 4466 ι
620 4412 726 4468 Pro
747 4415 920 4469 nihilo
947 4415 1090 4469 enim
1117 4417 1300 4471 salvos
1330 4415 1496 4471 facies
1519 4417 1663 4470 illos.
1699 4436 1716 4468 ι
1746 4415 1883 4471 Tota
1914 4427 2119 4480 autem.

2232 4428 2400 4496 μόνης
2432 4427 2527 4496 τῆς
2557 4426 2656 4496 σῆς
2679 4429 2918 4496 χάριτος.
2945 4443 2962 4476 ι
2989 4427 3155 4497 ’Υπὲρ
3183 4428 3298 4499 γὰρ
3325 4429 3422 4483 τοῦ
3456 4431 3680 4500 μηδενὸς
3706 4428 3798 4480 σώ-

556 4521 677 4575 ηιιιε
706 4506 978 4575 sequitur,
1026 4507 1220 4576 psalmi
1266 4507 1456 4569 series,
1509 4509 1910 4564 revocationcm
1937 4518 1990 4565 et
2042 4511 2126 4565 in-

559 4599 947 4652 staurationem
980 4597 1202 4652 humani
1229 4600 1446 4669 generis
1469 4601 1748 4669 explanat.
1773 4601 1932 4668 cujus
1960 4615 2126 4671 caput

559 4699 661 4751 est,
687 4689 914 4742 victoria
945 4690 1012 4742 ab
1039 4689 1358 4747 adversario
1391 4691 1556 4745 relata
1580 4734 1593 4757 ,
1628 4692 1936 4759 indelebile,
1969 4696 2124 4764 quasi

559 4781 613 4833 in
645 4781 897 4833 columna
949 4782 1223 4851 quapiam,
1263 4782 1459 4836 divinae
1507 4800 1635 4850 erga
1689 4784 1940 4840 homines
1979 4787 2128 4841 beni-

558 4870 782 4940 gnitatis
839 4881 1274 4938 monumentum,
1327 4875 1472 4927 omni
1539 4885 1805 4929 creaturae
1862 4885 2123 4945 tanquam

561 4960 787 5013 materia
821 4960 1077 5014 laudandi
1112 4961 1226 5024 Dei,
1258 4971 1311 5016 et
1341 4965 1655 5019 celebrandi
1691 4955 2053 5037 propositum.

630 5050 842 5106 Idcirco
873 5053 1142 5108 extremis
1183 5053 1347 5123 hujus
1401 5057 1598 5124 psalmi
1633 5059 1814 5113 verbis
1848 5061 1926 5113 sic
1956 5061 2124 5126 canit,

559 5139 626 5193 ad
678 5140 822 5197 hanc
870 5143 1016 5196 \elut
1078 5144 1387 5197 columnam
1446 5148 1787 5215 respiciens:
1831 5167 1848 5200 ι
1895 5151 1954 5203 1η
2017 5150 2127 5205 Deo

562 5231 796 5287 laudabo
830 5235 1083 5301 verbum,
1116 5236 1169 5290 in
1221 5235 1449 5292 Domino
1506 5239 1743 5294 laudabo
1793 5257 2125 5305 sermonem,

561 5325 614 5378 in
639 5323 750 5379 Deo
771 5327 983 5396 speravi
1009 5345 1021 5381 :
1044 5346 1062 5379 ι
1086 5335 1307 5398 propter
1332 5346 1495 5399 quem
1520 5347 1627 5386 non
1652 5334 1886 5404 amplius
1909 5334 2132 5388 incessit

2234 4532 2348 4578 σεις
2369 4515 2583 4578 αὐτούς.
2624 4534 2641 4567 ι
2679 4517 2789 4569 Καὶ
2831 4518 2978 4570 πᾶσα
3020 4517 3253 4588 καθεξῆς
3295 4522 3331 4589 ἡ
3375 4521 3481 4591 τῆς
3507 4519 3799 4591 ψαλμῳδίας

2232 4605 2550 4671 ἀκολουθία,
2583 4605 2680 4676 τὴν
2719 4607 3015 4676 ἀνάκλησιν
3055 4609 3152 4675 τῆς
3195 4609 3560 4682 ἀνθρωπίνης
3607 4611 3800 4681 φύσεως

2233 4697 2543 4767 έρμηνεύει.
2579 4691 2685 4760 Ἶίς
2721 4698 3034 4764 κεφάλαιον,
3065 4699 3164 4764 τῆς
3198 4703 3348 4755 κατά
3389 4704 3486 4756 τοῦ
3525 4701 3797 4756 ἀντιπάλου

2233 4789 2388 4860 νίκης
2434 4789 2580 4840 ἐστὶν
2629 4787 3044 4857 ἀνεξάλειπτον,
3091 4789 3281 4862 ῶσπερ
3325 4794 3537 4864 στήλης
3583 4794 3679 4863 τῆς
3718 4790 3800 4844 τοῦ

2231 4879 2364 4932 Θεοῦ
2393 4879 2800 4949 φιλανθρωπίας
2823 4882 3179 4951 μνημόσυνον,
3207 4886 3367 4956 πάσῃ
3389 4889 3458 4956 τῇ
3488 4887 3660 4939 κτίσει
3684 4883 3801 4954 πρὸς

2231 4970 2485 5024 ὑπόθεσιν
2521 4971 2824 5038 δοξολογίας
2856 4972 3234 5042 προκείμενον.

2299 5062 2388 5114 Διό
2435 5079 2566 5132 φησι
2613 5065 2726 5124 τοῖς
2756 5060 3082 5124 τελευταίοις
3123 5063 3223 5130 τῆς
3270 5065 3629 5136 ψαλμῳδίας,
3680 5062 3803 5134 πρὸς

2227 5152 2432 5222 ταύτην
2461 5151 2558 5224 τὴν
2593 5151 2793 5222 στήλην
2839 5151 3071 5222 βλέπων,
3121 5173 3139 5204 ι
3176 5155 3309 5208 Ἐπὶ
3352 5157 3435 5225 τῷ
3460 5158 3580 5226 Θεῷ
3623 5155 3800 5210 αἰνέσω

2234 5245 2402 5315 ῥῆμα,
2441 5244 2537 5296 ἐπὶ
2565 5242 2641 5311 τῷ
2675 5243 2863 5312 Κυρίῳ
2902 5243 3100 5295 αἰνέσω
3124 5242 3312 5309 λόγον,
3344 5247 3440 5298 ἐπὶ
3470 5247 3550 5317 τῷ
3575 5247 3686 5316 Θεῷ
3713 5245 3800 5313 ἦλ-

2232 5351 2385 5388 πισα.
2424 5353 2442 5385 ι
2478 5333 2554 5386 Δι’
2585 5333 2644 5386 ὃν
2672 5333 2763 5384 τὸν
2795 5332 2895 5401 τῆς
2927 5333 3126 5402 σαρκὸς
3151 5335 3322 5402 φόϐον
3358 5339 3546 5392 οὐκέτι
3583 5339 3796 5392 δέδοικα.

552 5431 641 5469 me
673 5414 904 5469 formido
932 5416 1138 5471 carnis.
1165 5434 1183 5467 ι
1209 5415 1344 5472 Etin
1375 5435 1485 5484 me,
1518 5439 1535 5471 ι
1565 5420 1762 5489 inquit,
1794 5441 1812 5473 ‹
1837 5428 1984 5486 vota,
2017 5439 2138 5494 quae

554 5507 778 5562 reddam
804 5523 899 5578 per
924 5507 1289 5573 laudationes,
1323 5512 1580 5581 quoniam
1619 5513 1862 5569 liberasti
1894 5515 2134 5570 animam

2237 5445 2255 5475 ‹
2294 5425 2402 5478 Καὶ
2437 5426 2493 5475 ἐν
2539 5423 2680 5493 ἐμοὶ,
2723 5441 2741 5473 ι
2797 5422 2981 5491 φησὶν,
3034 5441 3051 5474 ι
3099 5425 3280 5494 εὐχαὶ,
3335 5428 3405 5492 ἃς
3455 5429 3712 5484 ἀποδώσω
3739 5425 3799 5479 δι’

2238 5516 2511 5580 αἰνέσεως.
2549 5516 2666 5568 ’Ὁτι
2698 5511 2912 5584 ἐρρύσω
2947 5511 3044 5584 τὴν
3091 5512 3269 5588 ψυχήν
3304 5538 3410 5590 μου
3457 5523 3524 5577 ἐκ
3565 5518 3798 5582 θανάτου,

624 5687 646 5717 ⁸
687 5685 844 5741 Joan.
887 5703 1001 5752 rm,
1032 5689 1119 5742 M.
1199 5689 1218 5719 ³
1249 5687 1381 5742 Gen.
1417 5705 1497 5754 ιιι,
1545 5689 1625 5746 lii.
