4018 6334
213 239 304 293 581
1543 240 1555 260 ¹
1619 235 1688 290 ΙΝ
1719 235 1791 291 PS

1896 234 2049 290 MOS.

212 355 302 408 καὶ
339 353 465 415 τοὺς
513 353 678 414 πόδας
727 369 826 422 μου
868 352 971 404 ἀπὸ
1005 351 1384 422 ὀλισθήματος.
1425 371 1443 402 ι
1493 351 1790 422 Ὀλίσθημα

1894 364 2066 403 meam
2095 363 2158 402 ex
2189 347 2426 411 inferno,
2451 355 2502 400 et
2526 345 2690 415 pedes
2714 360 2860 402 meos
2885 347 2951 402 de
2980 347 3157 418 lapsu:
3189 365 3208 400 ι
3235 348 3448 418 lapsum

212 446 266 498 δὲ
293 446 462 512 λέγει,
496 444 596 513 τὴν
642 441 997 513 παρατροπὴν
1028 443 1127 512 τῆς
1157 441 1243 494 διὰ
1271 441 1378 493 τῶν
1411 440 1636 494 ἐντολῶν
1684 459 1784 494 πο-

215 537 379 608 ρείας,
419 536 512 602 ἀφ’
550 530 618 606 ἧς
642 535 704 587 τὸ
743 534 940 604 πτῶμα
979 534 1211 601 ἐγένετο.
1253 533 1663 602 Ἐλευθερωθεὶς
1693 530 1785 584 οὖν

211 626 301 680 τοῦ
349 627 586 680 Θανάτου
607 665 621 688 ,
665 628 756 680 καὶ
786 625 1111 697 ἀνορθωθεὶς
1143 627 1206 677 ὲκ
1247 624 1341 677 τοῦ
1374 623 1692 694 πτώματος,
1724 625 1786 676 ὲκ

214 719 507 789 προσώπου
537 718 744 786 γίνεται
783 718 877 770 τοῦ
915 717 1071 781 Θεοῦ,
1100 710 1160 770 οὗ
1192 715 1252 770 τὸ
1295 715 1508 786 πρῶτον
1535 715 1642 766 τῶν
1683 715 1786 766 ὑπὸ

212 811 306 879 τῆς
329 810 554 877 ἐντολῆς
581 809 1072 880 ἁπηγορευομένων
1099 808 1383 878 ἐμφαγὼν,
1417 807 1782 876 ἀπεφύτησεν,

214 907 274 973 τῇ
307 904 434 972 σκιᾷ
479 904 580 974 τῆς
609 905 778 972 συκῆς
825 901 1013 955 ἑαυτὸν
1053 902 1144 954 ὑπ’
1188 901 1446 971 αἰσχύνης
1485 898 1780 970 ἐγκρύψας.

224 992 537 1047 Ἀπολαὸὼν
568 989 662 1046 οὗν
690 994 851 1047 πάλιν
876 995 971 1063 τὴν
1000 993 1332 1064 παρρησίαν,
1358 991 1786 1045 ἀποκαθίσταται

211 1083 284 1152 τῷ
307 1085 451 1152 φωτὶ
474 1084 552 1154 τῷ
580 1083 763 1147 ζῶντι.
796 1103 812 1133 ι
852 1085 1217 1156 Εὐαρεστησω
1244 1103 1262 1135 ι
1293 1082 1422 1152 γάρ,
1449 1083 1599 1151 φησὶ,
1631 1102 1648 1133 ι
1685 1084 1790 1134 Κυ-

215 1174 307 1244 ρίῳ
336 1175 397 1226 ἐν
426 1174 572 1242 φωτὶ
594 1173 830 1238 ζώντων,
863 1194 881 1225 ι
917 1175 1038 1228 ὅθεν
1067 1176 1345 1244 καταρχὰς
1372 1173 1458 1226 διὰ
1485 1173 1583 1242 τῆς
1607 1175 1788 1244 ἁμαρ-

211 1266 324 1327 τίας
356 1265 704 1335 ἀπεξενώθη.
749 1268 858 1320 Καὶ
896 1267 1023 1338 περὶ
1057 1267 1152 1336 μὲν
1193 1265 1397 1319 τούτων
1428 1265 1682 1319 τοσαῦτα.
1713 1267 1786 1317 Οὐ

212 1355 314 1424 γὰρ
352 1350 513 1424 οἶμαι
545 1356 654 1408 δεῖν
680 1356 748 1409 τὰ
795 1357 915 1410 καθ’
957 1357 1186 1409 ἕκαστον
1233 1353 1656 1425 φιλοπονώτερον
1699 1355 1786 1418 ὲξο

213 1447 475 1510 εταξοντα
502 1488 516 1508 ,
545 1449 623 1510 είς
652 1448 915 1517 ἀμετρίαν
958 1447 1304 1518 παρατείνειν
1335 1445 1424 1499 τὸν
1449 1445 1624 1514 λόγον.
1657 1445 1788 1499 Πολ-

211 1537 314 1588 λῶν
342 1538 400 1590 δὲ
434 1538 609 1590 ὄντων
638 1539 694 1589 ὲν
717 1541 834 1600 ταῖς
863 1539 1034 1607 ἱεραῖς
1061 1537 1353 1607 ὑμνῳδίαις
1378 1537 1483 1589 τῶν
1511 1537 1789 1590 ἐπινικίων

209 1629 462 1699 ᾧαλμῶν,
496 1628 592 1692 οὓς
618 1630 651 1699 ἡ
682 1628 960 1702 ἐπιγραφὴ
995 1647 1013 1680 ι
1041 1625 1134 1680 τοῦ
1168 1626 1355 1690 τέλους
1390 1646 1408 1678 ι
1436 1627 1793 1690 ἐνδείκνυται,

1889 441 2466 494 vocataberrationcm
2495 456 2522 493 ιι
2548 442 2634 493 via
2662 440 3062 504 mandatorum,
3093 455 3211 509 quae
3234 456 3447 493 ruinam

1888 533 2087 584 attulit.
2143 530 2428 585 Liberatus
2485 531 2652 600 igitur
2705 546 2735 582 a
2789 539 2981 589 morte,
3017 538 3069 584 et
3119 541 3335 585 erectus
3382 547 3448 585 ex

1887 634 2039 684 casu,
2062 635 2089 670 a
2120 628 2272 688 parte
2300 619 2389 672 Dei
2414 627 2542 685 stat,
2570 635 2598 672 a
2623 635 2730 688 quo
2759 619 2989 688 primum
3015 622 3255 674 omnium
3292 622 3448 691 quasi

1889 711 2321 779 transplantatus
2348 710 2540 777 fuerat,
2560 725 2681 762 eum
2705 724 2824 763 sese
2849 709 2916 764 iis
2940 709 3306 780 ingurgitavit,
3331 729 3450 780 quae

1887 801 2131 854 divinum
2195 803 2510 855 mandatum
2564 802 2942 873 prohibuerat,
3010 803 3293 857 occultans
3329 819 3449 859 sese

1889 907 1998 960 pra:
2035 891 2244 960 pudore
2270 894 2374 946 sub
2407 893 2596 946 umbra
2633 893 2787 946 ficus.
2827 892 3063 962 Recepta
3092 908 3219 963 ergo
3258 909 3450 950 rursus

1887 982 2158 1045 libertate,
2190 983 2393 1036 viventi
2449 983 2641 1036 lumini
2674 981 3000 1037 restituitur.
3062 982 3240 1038 Induit
3265 987 3447 1038 enim:

1894 1093 1910 1124 ‹
1946 1071 2180 1128 Placebo
2212 1073 2442 1127 Domino
2469 1075 2523 1127 in
2558 1074 2763 1128 lumine
2791 1073 3108 1136 viventium,
3154 1094 3171 1125 ›
3213 1076 3356 1130 unde
3383 1081 3452 1131 ab

1889 1162 2045 1216 initio
2083 1178 2179 1232 per
2212 1171 2497 1233 peccatum
2532 1172 2853 1219 recesserat.
2890 1163 2954 1216 Et
3003 1165 3069 1219 de
3121 1164 3204 1221 his
3232 1167 3450 1235 quidem

1889 1254 1989 1309 ista
2021 1273 2032 1307 :
2070 1271 2178 1308 non
2210 1256 2352 1310 enim
2392 1256 2627 1310 arbitror
2657 1271 2793 1325 Opus
2831 1271 2953 1310 esse
2988 1258 3202 1324 singula
3240 1260 3449 1313 studio-

1887 1346 2002 1400 sius
2061 1347 2336 1416 persequi,
2393 1363 2460 1400 ne
2518 1347 2744 1400 nimium
2793 1358 3007 1402 crescat
3064 1351 3260 1404 oratio.
3313 1350 3450 1404 Cum

1889 1446 2067 1490 autem
2104 1441 2155 1490 in
2191 1439 2389 1492 divinis
2422 1439 2542 1493 istis
2583 1439 2797 1508 hymnis
2832 1440 2983 1492 multi
3017 1441 3124 1494 sint
3171 1441 3362 1510 psalmi
3394 1442 3449 1495 in

1887 1529 2193 1593 victoriam,
2220 1547 2357 1600 quos
2379 1531 2716 1585 demonstrat
2739 1532 3052 1602 inscriptio:
3083 1552 3100 1583 ‹
3132 1533 3187 1586 1η
3216 1534 3396 1599 finem;
3427 1553 3445 1586 ι

1890 1625 2092 1670 etcum
2149 1620 2201 1671 in
2257 1620 2342 1673 his
2393 1621 2558 1674 variis
2609 1620 2783 1673 modis
2827 1622 3051 1674 victoria
3087 1621 3154 1674 ab
3207 1622 3450 1676 hostibus

209 1723 298 1773 καὶ
319 1720 688 1791 πολυτρόπως
701 1719 801 1791 τῆς
823 1721 962 1773 κατά
979 1719 1086 1772 τῶν
1107 1719 1416 1773 ἀντιπάλων
1432 1719 1588 1790 νίκης
1605 1720 1661 1770 ἐν
1676 1716 1791 1770 τού-

1894 1716 2166 1776 reportata
2189 1711 2419 1776 spectari
2441 1710 2634 1779 possit,
2661 1712 2935 1780 propriam
2959 1723 3135 1765 tamen
3161 1713 3449 1782 quamdam

208 1828 315 1874 τοις
339 1811 756 1882 θεωρουμένης,
792 1811 918 1864 ἴδιὸν
945 1829 1063 1864 τινα
1086 1810 1245 1879 λόγον
1275 1810 1448 1863 ἔοικεν
1479 1810 1624 1879 ἔχειν
1653 1811 1685 1878 ἡ
1711 1808 1798 1861 διὰ

212 1896 317 1948 τῶν
347 1897 449 1965 τῆς
481 1897 722 1966 ἱστορίας
748 1899 1080 1967 αἰνιγμάτων
1106 1901 1474 1970 σημαινομένη
1504 1901 1642 1953 κατὰ
1667 1900 1793 1963 τοὺς

216 1987 696 2054 προσπαλαίοντας
728 1987 872 2057 νίκη.
913 1987 1126 2056 Ταύτης
1158 1989 1300 2056 λέγω
1332 1991 1428 2058 τῆς
1464 1989 1722 2060 ἱστορίας,

216 2076 283 2127 τὰ
309 2077 438 2146 περὶ
469 2076 566 2128 τοῦ
602 2077 771 2130 Σαοὺλ
793 2077 1140 2150 διεξέρ’χεται’
1175 2081 1232 2130 ἑν
1263 2074 1340 2142 οἷς
1367 2082 1398 2150 ἡ
1430 2079 1537 2132 τῶν
1563 2079 1792 2148 ψαλμῶν

218 2168 366 2231 τάξις
395 2169 496 2219 οὐκ
524 2169 588 2220 ἐκ
617 2172 715 2238 τῆς
752 2169 1071 2233 ἀκολουθίας
1108 2169 1214 2222 τῶν
1251 2170 1533 2240 ἱστορικῶν
1563 2171 1791 2240 συνέστη

221 2261 590 2328 πραγμάτων,
635 2260 769 2312 ἀλλὰ
807 2264 917 2323 τοῖς
964 2261 1104 2313 κατὰ
1152 2261 1432 2332 προκοπὴν
1482 2261 1550 2314 δι’
1593 2261 1792 2331 ἀρετῆς

219 2351 615 2421 τελειουμένας
661 2351 1092 2421 ἐπηκολούθησεν
1119 2369 1131 2380 ·
1170 2351 1398 2405 ἕκαστον
1436 2351 1544 2404 τῶν
1590 2351 1646 2404 ὲν
1681 2352 1794 2413 τοῖς

220 2440 510 2508 πράγμασι
561 2439 932 2509 δηλουμένων,
973 2441 1054 2501 είς
1102 2439 1322 2503 ἔνδειξιν
1356 2439 1455 2508 τῆς
1504 2437 1645 2492 κατά
1695 2437 1792 2508 τὴν

221 2522 426 2590 ἀρετὴν
456 2522 736 2590 αὐξήσεως
762 2521 1106 2591 καταλλήλως
1133 2523 1442 2593 ἁρμόσασα,
1475 2522 1568 2574 καὶ
1603 2521 1792 2592 πρῶτα

222 2606 321 2664 κάξ
354 2612 630 2664 τελευταῖα
657 2612 794 2664 κατὰ
823 2611 911 2664 τὸν
939 2611 1093 2679 λόγον
1119 2613 1217 2682 τῆς
1246 2613 1442 2683 ἀρετῆς
1465 2613 1530 2678 δι’
1570 2612 1792 2666 ἀκολού-

222 2704 321 2755 θου
362 2704 643 2772 ταχθῆναι,
679 2705 773 2756 καὶ
821 2704 894 2774 μὴ
929 2707 996 2773 τῇ
1027 2705 1182 2775 ὑλικῇ
1225 2706 1476 2774 συντυχίᾳ
1505 2699 1610 2756 τῶν
1650 2721 1791 2774 πρα-

221 2796 451 2865 γμάτων
481 2797 761 2849 δουλεῦσαι
794 2798 890 2868 τὴν
919 2799 1089 2864 τάξιν.
1123 2799 1221 2851 Διά
1262 2797 1417 2850 τοῦτο
1450 2798 1584 2868 μετά
1627 2797 1792 2851 πολλὰ

222 2887 586 2956 ἑρμηνεύεται
626 2889 659 2956 ἠ
691 2890 795 2957 πρὸ
829 2888 1036 2941 πολλῶν
1064 2889 1404 2960 πραγμάτων
1457 2891 1793 2960 γεγενημένη

221 2977 368 3028 κατὰ
396 2976 458 3028 το
487 2978 745 3046 σπήλαιον
780 2979 1048 3051 συνδρομὴ
1081 2979 1176 3031 τοῦ
1204 2997 1263 3031 τε
1300 2980 1490 3042 Σαοὺλ,
1526 2979 1618 3032 τοῦ
1658 2982 1794 3050 πρὸς

218 3069 321 3120 τὶν
357 3068 512 3136 φόνον
549 3068 830 3132 διώκοντος
853 3111 867 3135 ,
904 3071 997 3122 καὶ
1049 3070 1142 3123 τοῦ
1178 3070 1342 3124 Δαὸὶδ
1379 3069 1473 3124 τοῦ
1503 3073 1591 3123 τὸν
1635 3072 1792 3141 φόνον

222 3157 588 3220 ἐκκλίναντος.
642 3159 729 3210 Ἐν
756 3152 799 3226 ᾧ
825 3159 960 3230 πρὸς
987 3159 1046 3212 τὸ
1077 3160 1316 3214 ἐναντίον
1355 3161 1663 3233 ἀνεστράφη
1699 3162 1792 3216 τοῦ

223 3249 394 3315 φόνου
433 3248 465 3317 ἡ
514 3248 748 3313 ἐξουσία,
784 3251 860 3313 ὡς
905 3253 995 3305 τὸν
1045 3253 1136 3305 ἐπὶ
1183 3252 1399 3325 θανάτῳ
1445 3255 1791 3325 διωκόμενον,

220 3339 418 3391 τοῦτον
446 3340 730 3408 ἐφεστάναι
760 3344 826 3413 τῇ
859 3342 952 3396 τοῦ
985 3344 1252 3412 φονῶντος
1287 3350 1489 3418 σφαγῇ,
1521 3347 1613 3400 καὶ
1640 3346 1792 3412 ἐξου-

225 3431 353 3483 σίαν
393 3431 586 3501 σχόντα
621 3432 720 3503 τὴν
763 3435 903 3488 κατὰ
936 3434 1029 3488 τοῦ
1069 3435 1327 3507 πολεμίου
1367 3439 1635 3510 τιμωρίαν
1667 3440 1793 3510 στῆ-

225 3539 346 3581 σαι,
385 3523 480 3574 καὶ
517 3523 656 3592 μετὰ
697 3525 799 3593 τῆς
837 3524 1080 3592 ἐξουσίας
1114 3527 1214 3598 τὴν
1242 3527 1490 3599 δύναμιν,
1537 3530 1658 3583 ἀντὶ
1701 3530 1793 3583 τοῦ

225 3613 488 3683 πολεμίου
519 3615 607 3669 τὸν
646 3615 836 3669 ἑαυτοῦ
867 3617 1035 3686 θυμὸν
1069 3618 1125 3670 ἐν
1158 3618 1335 3689 ἑαυτῷ
1376 3620 1790 3676 ἀποκτείναντα.

298 3800 381 3852 Τὰ
416 3798 512 3868 μὲν
539 3795 631 3852 οὖν
673 3801 770 3868 τῆς
818 3799 1057 3869 ἱστορίας
1092 3801 1224 3853 πᾶσι
1278 3801 1540 3872 πρόδηλον
1580 3803 1794 3866 πάντως

227 3893 398 3951 ἐστὶν,
453 3884 531 3952 οἷς
569 3891 669 3943 οὐκ
722 3893 779 3943 ὲν
823 3892 1086 3962 παρέργῳ
1131 3892 1198 3945 τά
1246 3892 1362 3944 θεῖα
1418 3893 1791 3958 σπουδάζεται.

237 3980 501 4050 Ἐροῦμεν
531 3980 586 4032 δὲ
616 3980 704 4032 διὰ
737 3979 997 4050 βραχέων,
1029 3981 1104 4044 ὡς
1129 3981 1192 4034 ἂν
1222 3975 1330 4034 οἷόν
1357 3999 1415 4034 τε
1508 3984 1794 4054 συντεμόν-

227 4090 320 4135 τες
357 4073 409 4124 ἐν
446 4072 606 4140 ὀλίγῳ
649 4072 711 4124 τὸ
747 4073 875 4142 περὶ
903 4072 1090 4125 τούτου
1131 4073 1392 4145 διήγημα.
1433 4076 1677 4146 Ἔρημός
1711 4093 1794 4139 τις

225 4159 295 4232 ἦν
326 4163 487 4226 τόπος
513 4163 653 4214 κατὰ
680 4161 778 4233 τὴν
813 4161 1088 4226 Ἰουδαίαν,
1119 4164 1175 4215 ὲν
1206 4156 1249 4230 ᾧ
1275 4163 1598 4234 διωκόμενος
1628 4165 1656 4216 ὁ
1688 4167 1792 4217 Δα-

228 4253 317 4304 ῶδ
344 4252 444 4304 in?)
477 4252 785 4322 ἀμηχανίας
818 4251 1086 4322 ηὐλίζετο.
1135 4253 1222 4304 Ἐν
1248 4252 1419 4322 τούτῳ
1448 4268 1502 4305 τι
1532 4253 1792 4324 σπήλαιον

1895 1798 2162 1852 rationem
2192 1798 2392 1853 habere
2421 1801 2639 1854 videtur
2690 1802 2916 1855 victoria
2962 1803 3147 1856 illaab
3203 1804 3452 1860 hostibus

1893 1889 2081 1953 relata,
2098 1906 2220 1958 qum.
2241 1907 2335 1959 per
2353 1892 2594 1947 historia}
2612 1895 2878 1948 velamina
2898 1896 3057 1949 nobis
3078 1895 3448 1967 significatur:

1896 1979 2039 2031 illam
2071 1980 2194 2033 dico
2227 1981 2536 2046 historiam,
2565 2000 2670 2052 qua
2701 1987 3019 2054 exsequitur
3046 2001 3106 2040 ea
3163 2003 3281 2054 quze
3327 2003 3452 2042 cum

1895 2067 2058 2122 Saule
2094 2071 2432 2138 occiderunt,
2467 2073 2518 2126 in
2551 2074 2750 2142 quibus
2798 2077 3129 2144 psalmorum
3180 2078 3312 2131 ordo
3345 2093 3453 2132 non

1894 2170 2109 2212 constat
2141 2177 2203 2213 ex
2251 2176 2430 2213 rerum
2488 2170 2762 2230 gestarum
2811 2166 2953 2220 serie
2991 2174 3042 2218 et
3097 2167 3307 2229 ordine,
3362 2167 3455 2221 sed

1895 2249 2161 2319 profectui
2194 2267 2407 2313 eorum,
2447 2254 2536 2321 qui
2569 2257 2771 2309 virtute
2817 2255 3191 2326 perficiuntur,
3237 2273 3455 2311 accom-

1894 2341 2168 2396 modatur.
2195 2341 2486 2407 Quodlibet
2508 2344 2650 2396 enim
2679 2361 2867 2399 corum
2902 2363 3020 2416 quae
3050 2364 3143 2417 per
3165 2365 3248 2403 res
3274 2357 3453 2418 gestas

1895 2433 2271 2499 insinuantur,
2300 2437 2364 2488 ad
2393 2437 2879 2492 demonstrandum
2912 2441 2964 2492 in
2997 2440 3292 2496 virtutibus
3328 2459 3457 2510 prc-

1897 2524 2101 2578 fcctum
2149 2528 2537 2580 convenienter
2591 2536 2762 2596 aptat,
2798 2537 2855 2582 ut
2906 2530 3134 2598 proinde
3183 2532 3351 2601 prima
3405 2544 3458 2587 ct

1897 2621 2167 2682 postrema
2201 2614 2500 2667 sec/{indum
2531 2615 2748 2668 virtutis
2786 2615 3051 2670 rationem
3097 2627 3150 2672 et
3201 2621 3456 2688 praescri-

1895 2704 2131 2772 ptionem
2177 2704 2277 2756 sibi
2313 2711 2502 2757 mutuo
2528 2719 2772 2759 connexa
2807 2705 2955 2770 sint;
3013 2723 3186 2776 neque
3235 2724 3458 2764 necesse

1899 2795 2061 2848 fuerit
2116 2795 2361 2848 ordinem
2429 2781 2694 2850 materiali
2769 2797 2924 2864 quasi
2996 2813 3174 2852 rerum
3239 2801 3457 2856 eventui

1895 2886 2114 2939 servire.
2150 2886 2279 2950 Qua:
2309 2900 2474 2940 causa
2511 2895 2613 2948 est,
2649 2899 2747 2940 cur
2775 2894 2897 2954 post
2931 2888 3096 2940 multa
3133 2889 3233 2941 alia
3260 2895 3480 2944 recen-‘

1899 2987 2079 3030 seatur
2121 2976 2172 3029 id
2220 2975 2374 3044 quod
2424 2977 2598 3028 multo
2655 2985 2780 3030 ante
2832 2986 3124 3043 evenerat,
3183 2980 3458 3048 quomodo

1898 3066 2104 3122 scilicet
2133 3064 2261 3120 Saul
2285 3073 2338 3121 et
2370 3064 2536 3120 David
2565 3067 2616 3119 in
2644 3066 2906 3135 spelunca
2930 3069 3306 3132 convenerint,
3332 3083 3457 3123 cum

1898 3158 2028 3212 Saul
2063 3157 2315 3212 Davidem
2345 3158 2410 3212 ad
2445 3166 2672 3212 mortem
2711 3165 2998 3227 quaereret,
3043 3167 3097 3213 et
3143 3157 3306 3213 David
3340 3161 3458 3214 exi-

1895 3248 2029 3302 tium
2059 3248 2286 3318 fugeret.
2317 3249 2436 3315 Quo
2468 3264 2600 3304 easu
2627 3249 2679 3302 in
2732 3249 3072 3303 contrarium
3097 3251 3268 3305 evasit
3291 3253 3457 3307 caedis

1894 3341 2170 3406 violentia,
2201 3341 2427 3406 cumis,
2486 3342 2578 3411 qui
2639 3340 2705 3395 ad
2737 3341 2938 3396 caedem
2984 3343 3346 3412 qua'rebatur,
3401 3345 3456 3398 in

1895 3440 2165 3500 potestate
2185 3445 2284 3486 sua
2310 3446 2432 3485 eum
2459 3430 2702 3492 haberet.
2733 3432 2824 3501 qui
2849 3433 3168 3501 sanguinem
3195 3433 3456 3502 apirabat,

1895 3524 2074 3578 oblata
2105 3523 2155 3578 ei
2186 3522 2446 3576 facultate
2502 3522 2834 3591 supplicium
2871 3523 2923 3576 in
2956 3523 3162 3578 hostem
3189 3525 3456 3590 vertendi,

1894 3613 2250 3683 ejusdemque
2295 3613 2592 3682 potentiam
2642 3612 3076 3680 comprimendi:
3127 3613 3220 3668 sed
3281 3625 3460 3670 tamen

1898 3702 2017 3756 loco
2050 3702 2225 3756 hostis
2261 3701 2536 3756 interemit
2570 3701 2623 3753 in
2655 3701 2838 3769 seipso
2872 3715 3025 3754 suam
3059 3701 3214 3755 iram.

1965 3792 2094 3858 Quae
2147 3793 2314 3860 igitur
2371 3791 2436 3845 ad
2487 3790 2776 3844 historiam
2841 3792 3149 3860 pertinent,
3202 3792 3459 3849 omnibus

1896 3896 2020 3938 nota
2056 3894 2201 3947 sunt,
2241 3884 2332 3952 qui
2363 3897 2469 3936 non
2499 3882 2674 3936 obiter
2703 3890 2913 3935 tantum
2941 3898 3119 3938 rerum
3147 3881 3456 3938 divinarum

1896 3974 2075 4030 studio
2104 3981 2321 4028 vacant.
2351 3973 2814 4030 Percensebimus
2840 3974 3196 4028 nihilominus
3224 3989 3310 4040 ea,
3345 3983 3458 4028 tota

1896 4067 2207 4118 narratione
2239 4079 2401 4136 quam
2440 4065 2554 4118 fieri
2581 4072 2761 4134 potest
2814 4065 3165 4134 paucissimis
3207 4080 3459 4134 compre-

1897 4157 2088 4212 hensa.
2125 4155 2382 4210 Desertus
2405 4165 2521 4210 erat
2544 4156 2700 4211 locus
2729 4157 2781 4208 in
2810 4154 3017 4219 Iudaea,
3050 4155 3103 4208 in
3128 4169 3238 4224 quo
3267 4154 3458 4221 David,

1895 4263 2018 4301 eum
2050 4248 2118 4302 ab
2151 4248 2404 4302 hostibus
2428 4248 2543 4302 suis
2573 4247 2964 4317 exagitaretur,
2989 4261 3097 4314 pra:
3117 4247 3296 4316 inopia
3327 4261 3460 4300 con-

229 4343 538 4413 εὖρύχωρον
562 4339 649 4413 ἦν,
683 4343 750 4394 δι’
783 4343 900 4406 ἑνὸς
931 4343 1150 4412 στομίου
1182 4344 1306 4403 τοὺς
1336 4344 1393 4395 ὲν
1431 4343 1577 4413 αὐτῷ
1622 4362 1789 4398 κατα-

1897 4341 2003 4394 silii
2029 4341 2339 4395 oberrabat.
2370 4341 2428 4394 In
2457 4340 2558 4393 hoc
2591 4340 2698 4393 late
2727 4347 2920 4408 patens
2963 4339 3221 4408 spelunca
3250 4338 3463 4394 viseba-

227 4434 517 4503 δεομένους
551 4433 1007 4503 παραδεχόμενον.
1054 4432 1158 4485 Τοῦ
1186 4432 1241 4484 δὲ
1268 4433 1437 4486 Σαοὺλ
1469 4434 1795 4505 ἀναζητοῦν-

231 4543 324 4588 τος
373 4527 456 4578 τὸν
489 4526 682 4588 Δαδίδ,
723 4528 816 4579 καὶ
850 4528 1193 4596 πανστρατιᾷ
1235 4526 1653 4597 διερευνωμένου
1700 4527 1796 4596 τὴν

233 4615 454 4683 ἔρημον,
484 4614 916 4682 καταφεύγουσιν
950 4614 1041 4666 ὑπ’
1073 4614 1318 4683 ἀνάγκης
1358 4615 1517 4678 αὐτός
1554 4633 1609 4668 τε
1639 4619 1666 4668 ὁ
1695 4618 1797 4667 Δα-

232 4706 343 4766 ὒῖδ,
375 4706 459 4757 καὶ
485 4709 530 4758 οἱ
563 4707 680 4775 μετ’
703 4706 931 4768 ἐκείνου,
969 4704 1072 4757 ὑπὸ
1102 4705 1162 4756 τὸ
1190 4705 1466 4774 σπήλαιον.
1506 4699 1711 4759 Ὄντων
1740 4706 1798 4759 δὲ

233 4797 337 4865 ἤδη
371 4797 562 4850 τούτων
602 4799 658 4850 ὲν
693 4796 773 4867 τῷ
810 4797 1085 4868 σπηλαίῳ,
1129 4797 1256 4848 εἴσω
1295 4796 1499 4864 γίνεται
1541 4795 1634 4849 τοῦ
1681 4814 1797 4850 στο-

240 4885 364 4950 μίου
391 4887 478 4938 καὶ
504 4889 532 4938 ὸ
557 4887 727 4940 Σαοὺλ
761 4887 876 4955 μετ’
900 4886 1158 4950 ἐκείνους,
1188 4886 1272 4955 ἐφ’
1359 4902 1416 4938 τε
1450 4885 1582 4956 πρός
1607 4903 1659 4939 τι
1688 4885 1796 4939 τῶν

238 4977 539 5042 ἀναγκαίων
559 4975 1102 5048 παρασκευάσασθαι,
1125 4976 1336 5044 ἀγνοῶν
1358 4975 1457 5044 τὴν
1479 4975 1798 5045 αὐτομάτως

243 5067 515 5134 συμϐᾶσαν
563 5067 704 5120 κατὰ
749 5067 851 5134 τῆς
904 5067 1169 5136 σωτηρίας
1221 5067 1390 5124 αὑτοῦ
1441 5067 1792 5136 στρατηγίαν.

250 5156 335 5217 ὐς
361 5153 448 5209 οὖν
473 5159 553 5226 ἐφ’
579 5156 774 5210 ἑαυτοῦ
797 5153 886 5227 ἦν,
915 5157 1008 5208 καὶ
1027 5157 1119 5230 τὴν
1137 5159 1388 5218 διπλοΐδα
1415 5155 1795 5226 περιελόμενος

246 5250 366 5316 παρ’
391 5249 571 5300 ἑαυτὸν
599 5265 702 5300 που
737 5247 987 5300 κατέθετο
1005 5285 1019 5309 ,
1043 5257 1357 5340 καταφανὴς
1386 5247 1468 5303 ὢν
1492 5245 1581 5298 διὰ
1609 5245 1708 5315 τῆς
1733 5248 1797 5298 ἐκ

246 5338 331 5389 τοῦ
371 5341 582 5408 στομίου
617 5339 820 5407 αὐγῆς,
851 5341 958 5400 τοῖς
985 5338 1112 5404 ἔνδον
1150 5337 1681 5429 ύξτοκρυπτομθόις
1718 5337 1795 5406 τῷ

251 5425 401 5496 ξάςκρ·
422 5432 530 5491 τοῖς
559 5429 655 5497 μὲν
685 5428 859 5488 ἄλλοις
883 5422 949 5523 ἧκέ
965 5434 1124 5523 γνώμη
1156 5422 1341 5523 ἆσέ,
1376 5436 1509 5494 τοῖς
1542 5428 1677 5498 μετὰ
1702 5428 1794 5480 τοῦ

434 5473 649 5534 mir-~—
686 5473 855 5533 ἴαν-Γ
888 5473 936 5495 -ι-
972 5473 1124 5546 ,ζωμη
1157 5473 1341 5529 πᾶσιν
1376 5473 1506 5494 ww
1542 5473 1677 5498 r'""
1713 5473 1790 5534 πῖ

250 5517 396 5619 Δαεὶὸ
429 5521 738 5617 ἐπιορυαμειν
774 5513 1026 5619 τιτηέχορῳ,
1060 5562 1142 5619 ξω
1181 5518 1797 5619 ἀμύνασθαιᾳτὸνεπι

290 5566 390 5569 ’“““
433 5566 728 5588 ’““’⁷Γ⁷ήί⁷“⁷”
789 5566 830 5585 ⁷ο
895 5566 1002 5586 “Ir
1411 5566 1552 5583 va'
1598 5566 1664 5569 7"
1709 5566 1795 5570 ’Μή

255 5605 302 5657 τὸ
327 5607 570 5674 ἐξονεῦσαι
611 5566 1144 5727 παραγενόμενον,’ώξαῖ
1181 5566 1449 5710 ξμὲζῖῦ
1501 5607 1796 5668 δεδωκότας

1075 5711 1100 5727 ι
1126 5687 1228 5727 mu
1342 5682 1359 5696 ¹

1069 5687 1228 5772 μου
1269 5682 1359 5710 σς,

1898 4439 2006 4498 tur,
2039 4447 2148 4486 uno
2179 4430 2326 4484 aditu
2360 4429 2794 4500 ingredientibus
2848 4438 3052 4499 aperta.
3087 4428 3250 4484 Saule
3279 4435 3460 4484 autem

1889 4519 2146 4574 Davidcm
2174 4531 2469 4590 quaerente,
2494 4529 2718 4590 totoque
2750 4535 2854 4576 suo
2889 4535 3015 4575 cum
3051 4524 3296 4576 exercitu
3332 4521 3467 4577 soli-

1889 4610 2130 4665 tudinem
2167 4611 2562 4680 perlustrante,
2593 4610 2924 4682 confugiunt
2955 4613 3286 4669 necessitate
3310 4627 3466 4668 com-

1887 4702 2033 4773 pulsi
2065 4702 2260 4768 David,
2284 4713 2338 4759 et
2364 4705 2603 4774 quicum
2626 4719 2714 4770 eo,
2742 4704 2795 4758 in
2827 4705 3168 4775 speluncam.
3193 4705 3330 4761 Cum
3349 4704 3466 4775 jam

1886 4795 2139 4850 essentia
2156 4796 2443 4865 spelunca,
2473 4795 2779 4867 ingreditur
2800 4806 2923 4867 post
2942 4796 3067 4851 illos
3090 4807 3144 4868 et
3169 4797 3286 4868 ipse
3304 4797 3460 4861 Saul,

1887 4887 2096 4954 utquid
2119 4902 2300 4942 rerum
2331 4889 2772 4944 necessariarum
2801 4898 3006 4959 ageret,
3036 4887 3300 4959 ignorans
3321 4888 3467 4945 illam

1897 4984 2015 5037 quae
2045 4969 2268 5022 fortuito
2300 4978 2489 5022 contra
2517 4985 2670 5024 suam
2704 4970 2929 5025 salutem
2961 4982 3314 5035 convenerat,
3344 4987 3463 5026 ma-

1898 5074 2046 5111 num.
2083 5058 2224 5129 Ergo
2260 5073 2382 5112 cum
2420 5059 2570 5113 solus
2597 5067 2762 5126 esset,
2787 5061 3272 5130 complicatamque
3298 5061 3462 5115 tuni-

1896 5163 2014 5202 cam
2036 5148 2190 5218 juxta
2217 5164 2274 5204 se
2297 5149 2494 5204 alicubi
2517 5149 2879 5217 deposuisset,
2908 5151 3226 5207 manifestus
3250 5160 3302 5206 et
3327 5167 3460 5205 con-

1897 5241 2140 5310 spicuus,
2171 5242 2241 5294 ob
2267 5241 2607 5310 splendorem
2649 5257 2746 5310 per
2780 5243 2980 5296 ostium
3026 5243 3296 5312 speluncae
3329 5243 3460 5297 sub-

1896 5339 2110 5385 euntem
2147 5331 2271 5393 illis,
2303 5347 2438 5400 quos
2474 5332 2618 5386 intus
2647 5332 2881 5388 tenebrae
2926 5333 3264 5394 occulebant,
3291 5330 3458 5385 sociis

1897 5422 2110 5490 quidem
2141 5420 2361 5476 Davidis
2399 5423 2613 5478 animus
2642 5433 2753 5476 erat
2786 5423 3008 5492 irruere'
3032 5423 3085 5475 in
3121 5421 3350 5485 hostem,
3375 5419 3460 5472 ul-

1897 5513 2136 5581 ciscique
2163 5526 2309 5575 eum,
2340 5513 2432 5582 qui
2466 5513 2626 5567 caedis
2651 5511 2940 5568 inferendm
2961 5526 3124 5566 causa
3147 5507 3456 5572 advenerat,

1897 5606 2051 5676 quasi
2084 5605 2338 5660 nimirum
2367 5606 2482 5674 ipse
2512 5605 2653 5661 Deus
2690 5604 2744 5658 in
2778 5617 2972 5658 manus
3012 5601 3322 5658 tradidisset
3361 5600 3460 5656 ho-

3352 235 3462 291 58⁵2·
