4018 6334
555 291 658 347 583

1781 282 1837 342 S.
1869 287 2198 344 UltECORll
2231 288 2274 343 Ν
2282 287 2521 346 YSSENI
3671 298 3759 352 585

556 415 692 456 stem
725 401 792 456 iis
817 401 908 472 qui
940 400 1004 456 ad
1047 400 1250 457 caedem
1288 403 1691 473 quazrebantur.
1726 407 1791 460 At
1820 407 1987 462 David
2019 409 2129 462 ho-

2231 412 2342 472 τοῖς
2369 411 2459 463 ἐπὶ
2485 409 2700 479 θανάτῳ
2740 408 3086 480 διωκομένοις
3116 409 3206 463 τὺν
3244 409 3428 482 ἐχθρὸν
3467 412 3756 486 ὑποχείριον.

519 503 529 509 "
561 508 679 546 rum
715 494 972 562 impetum
1009 494 1355 562 compressit,
1388 495 1646 564 injustam
1681 512 1802 552 esse
1830 509 1981 553 ratus
2011 499 2128 553 illo-

557 599 678 640 rum
710 583 764 635 in
807 598 987 651 regem
1033 583 1511 638 machinationem.
1557 587 1761 640 Stricto
1800 589 1985 658 itaque
2014 589 2128 658 gla-

559 674 656 728 dio
683 674 994 727 clanculum
1029 690 1058 726 a
1111 680 1263 744 tergo
1315 673 1463 728 Sauli
1509 677 1712 739 astitit,
1758 693 1879 732 cum
1915 678 2128 733 nemine

556 767 779 819 conscio
806 781 933 819 eum
983 765 1238 820 invadere
1274 775 1490 835 posset,
1528 769 1765 822 tenebrae
1797 770 1941 823 enim
1984 770 2126 824 antri

557 856 731 909 oculis
773 854 957 908 olfusa:
1018 855 1278 921 arcebant
1318 871 1504 909 eorum
1535 896 1548 920 ,
1583 872 1704 926 qua:
1739 857 1956 922 fiebant,
1994 873 2128 912 con—

555 957 798 1014 spectqu
857 952 911 998 et
967 943 1497 1001 manifestationem.
1549 947 1682 1000 Cum
1731 949 1900 1017 igitur
1937 947 2122 1002 liceret

554 1049 664 1086 uno
702 1034 833 1096 ictu,
868 1032 1046 1086 medio
1077 1032 1262 1098 dorso,
1295 1049 1391 1102 per
1433 1035 1610 1104 ipsum
1647 1051 1742 1090 cor
1771 1037 2006 1104 gladium
2045 1046 2126 1088 to-

554 1132 670 1175 tum
701 1123 941 1190 adigere,
980 1135 1180 1190 corpus
1216 1123 1433 1192 quidem
1474 1123 1655 1178 Saulis
1707 1141 1881 1196 neque
1919 1127 2122 1197 tetigit,

554 1226 732 1278 neque
771 1219 995 1279 tangere
1034 1211 1256 1264 omnino
1297 1212 1483 1266 voluit.

627 1299 880 1356 Praacidit
919 1309 1097 1355 autem
1134 1301 1358 1356 silenter
1390 1303 1569 1372 gladio
1597 1320 1748 1358 oram
1785 1306 2088 1376 chlamydis
2109 1347 2123 1369 ,

557 1404 616 1446 ut
648 1393 700 1446 in
732 1403 1006 1462 posterum
1035 1393 1117 1446 vel
1145 1393 1389 1464 chlamys
1416 1395 1571 1449 testis
1600 1406 1744 1450 esset
1775 1412 1886 1463 sua:
1915 1399 1967 1449 in
1997 1396 2128 1450 Sau-

559 1485 662 1538 lem
698 1482 1088 1546 humanitatis,
1141 1483 1436 1536 osmndens
1484 1483 1601 1552 ipsa
1651 1484 1876 1538 ﬁmbrize
1917 1485 2124 1538 abscis-

559 1577 711 1631 sione
747 1581 1104 1644 potes-tatem,
1139 1589 1302 1642 quam
1348 1573 1615 1626 habuerat
1659 1574 1712 1626 in
1757 1590 1958 1642 corpus
1985 1574 2124 1641 ejus.

558 1667 768 1732 Quibus
799 1664 1150 1719 manifestum
1197 1664 1407 1725 evasit,
1451 1678 1612 1732 quam
1660 1663 1903 1732 insignes
1949 1664 2128 1733 profe-

555 1769 678 1812 ctus
712 1756 878 1809 David
927 1755 983 1808 in
1020 1754 1433 1823 longanimitate
1481 1762 1534 1807 et
1583 1755 2006 1808 mansuetudine
2052 1754 2130 1808 fc-
2161 1743 2201 1797 Β

554 1851 690 1904 ccrit
710 1892 724 1914 ,
754 1848 846 1918 qui
883 1861 1044 1900 manu
1077 1845 1284 1899 nudum
1315 1845 1552 1914 gladium
1584 1853 1776 1899 tenens
1799 1885 1812 1906 ,
1843 1846 2126 1914 supposito

555 1940 737 1994 manui
771 1938 836 1990 ad
871 1939 1038 1991 ictum
1069 1937 1188 2007 ipso
1220 1935 1396 1990 hostis
1425 1950 1654 2004 corpore
1675 1976 1689 1999 ,
1727 1950 1853 1989 cum
1884 1945 2127 2006 potestas

555 2029 860 2083 trucidandi
896 2011 1018 2081 eum
1057 2034 1404 2095 suppeteret,
1445 2035 1701 2093 superato
1732 2040 1826 2093 per
1859 2027 2125 2083 rationem

556 2121 756 2189 impetu
793 2117 886 2171 irae
910 2157 924 2181 ,
956 2125 1008 2170 et
1045 2117 1231 2170 divino
1264 2117 1459 2169 timore
1496 2115 1841 2169 interimendi
1871 2116 2130 2170 facultate

555 2222 898 2278 compressa,
930 2223 1036 2261 non
1068 2207 1243 2261 solum
1277 2207 1356 2259 ira
1395 2221 1494 2259 sua
1533 2206 1728 2258 fortior
1764 2208 2005 2271 exstitit,
2033 2207 2129 2262 sed

555 2312 607 2353 et
647 2302 976 2368 armigerum
1007 2314 1166 2353 suum
1196 2296 1307 2366 jam
1342 2305 1589 2350 ruentem
1633 2297 1687 2350 in
1721 2295 1902 2352 Saulis
1947 2298 2129 2367 perni-

555 2390 691 2442 t-iem
747 2388 1027 2449 cohibuit,
1083 2380 1421 2440 memorabili
1476 2387 1564 2441 illa
1611 2402 1745 2441 voce
1779 2388 1964 2443 edita:
2001 2408 2017 2437 ι
2052 2386 2129 2443 Ne

554 2495 879 2547 corrumpas
911 2479 1175 2532 christum
1213 2476 1446 2542 Domini.
1485 2496 1502 2526 ι
1548 2475 1669 2530 Exit
1711 2493 1841 2547 ergo
1886 2477 2015 2531 Saul
2061 2495 2126 2532 ex

554 2572 811 2640 spelunca
846 2571 1067 2639 ignarus
1098 2568 1340 2621 omnium
1373 2581 1492 2636 quae
1525 2567 1840 2620 acciderant
1861 2607 1874 2631 ,
1907 2569 2129 2622 indutus

552 2663 749 2718 accisae
766 2677 873 2715 orae
899 2659 1204 2732 chlamyde.
1227 2661 1294 2713 At
1321 2659 1482 2713 David
1511 2675 1646 2728 pone
1664 2661 1910 2715 eumdem
1939 2661 2131 2716 subse-

553 2771 728 2826 quens
751 2797 764 2820 ,
799 2769 922 2808 cum
952 2768 1014 2808 ea
1046 2769 1151 2823 qua
1180 2760 1395 2820 poterat
1428 2753 1754 2816 securitate,
1786 2762 1839 2808 et
1865 2763 2130 2824 occupato

553 2849 726 2910 colle,
762 2847 853 2917 qui
896 2845 1217 2900 imminebat
1266 2845 1577 2914 speluncze,
1624 2861 1780 2898 oram
1815 2847 2129 2902 vestimenti

551 2944 778 2991 extensa
812 2951 974 2990 tnanu
1016 2935 1358 2988 monstravit.
1397 2932 1520 2988 "th
1555 2942 1735 2989 autem
1791 2936 1926 2989 nihil
1980 2939 2130 2993 aliud

551 3039 700 3093 erat,
733 3044 892 3098 quam
928 3027 1226 3095 trophzcmn
1265 3025 1608 3080 incruentum
1645 3037 1837 3081 contra
1870 3028 2130 3083 adversa-

552 3120 665 3174 rios
708 3125 996 3181 ercctum;
1041 3124 1093 3169 ct
1147 3115 1461 3168 acclamans
1513 3112 1665 3168 Sauli
1720 3131 1912 3183 magna
1963 3132 2129 3182 voce,

554 3227 749 3266 novam
786 3210 926 3262 hanc
961 3215 1013 3260 ct
1047 3205 1426 3259 admirabilem
1450 3246 1464 3269 ,
1499 3206 1592 3263 sed
1627 3208 1878 3262 eximiam
1913 3208 2131 3261 fortitu-

551 3305 700 3358 dinis
733 3311 786 3355 et
816 3297 1160 3355 strenuitatis
1192 3297 1431 3364 explicat
1465 3298 1702 3367 speciem
1729 3338 1742 3360 ,
1767 3315 1929 3368 quant
1965 3315 2130 3354 cruor

553 3411 662 3450 non
698 3392 1029 3454 fmdavcrat,
1061 3405 1169 3460 qua
1206 3398 1257 3445 et
1296 3389 1631 3445 fortissimus
1664 3391 1812 3460 pugil
1850 3391 2015 3455 vicit,
2049 3391 2131 3444 vi-

552 3496 786 3554 ctusque
815 3491 1064 3538 servatus
1096 3493 1180 3538 est
1221 3483 1532 3536 incolumis.
1567 3480 1686 3536 Non
1717 3483 1862 3537 enim
1903 3483 1954 3536 in
1997 3499 2129 3538 casu

551 3588 607 3634 et
637 3579 859 3632 interitu
903 3578 1077 3632 hostis
1111 3585 1219 3630 tam
1272 3576 1594 3645 prmclarum
1648 3575 1867 3631 Davidis
1918 3575 2130 3632 facinus

550 3672 834 3734 consistit,
871 3669 965 3724 sed
996 3671 1047 3724 in
1085 3669 1187 3723 hoc
1221 3668 1566 3736 potissimum
1605 3667 1732 3722 facti
1766 3669 1915 3723 illius
1947 3671 2128 3724 excel-

551 3762 718 3819 lentia
755 3770 808 3814 et
837 3759 1152 3830 magnitudo
1187 3759 1365 3828 posita
1396 3767 1513 3824 est,
1554 3759 1700 3827 quod
1749 3760 2128 3813 adversarium

553 3870 621 3910 ex
648 3853 890 3924 periculo
926 3851 1170 3922 eripuit;
1202 3850 1292 3905 cui
1327 3859 1538 3904 tantum
1573 3850 1785 3904 fiduciae
1820 3851 1997 3903 iuerat
2019 3889 2033 3914 ,
2073 3859 2130 3903 ut

553 3959 708 3998 suam
736 3943 964 3996 salutem
993 3940 1092 3992 niti
1121 3939 1290 3993 nollet
1318 3954 1519 3994 occasu
1549 3948 1602 3994 et
1633 3941 1853 3993 interitu
1883 3939 2132 3993 adversa-

551 4035 791 4094 riorum,
825 4030 922 4086 sed
954 4030 1120 4084 salvis
1144 4030 1393 4100 vivisque
1427 4030 1839 4084 insidiatoribus
1872 4030 2129 4098 sperabat

553 4139 612 4178 se
647 4124 762 4177 fore
795 4136 1048 4176 securum
1075 4161 1088 4181 ,
1119 4122 1276 4190 quasi
1309 4136 1467 4176 nemo
1497 4130 1678 4183 esset,
1706 4121 1797 4190 qui
1831 4121 2127 4189 quidquam

552 4213 814 4267 molestiae
854 4210 1102 4266 inferret.
1141 4209 1402 4276 Quamvis
1437 4212 1536 4264 hac
1569 4211 1797 4266 historia
1832 4212 2014 4280 potius
2045 4211 2128 4263 di-

553 4306 713 4358 vinus
744 4319 926 4358 sermo
952 4305 1154 4359 docere
1181 4305 1308 4359 velit
1373 4319 1496 4358 eum
1528 4303 1619 4372 qui
1648 4303 1848 4358 virtute
1873 4304 2125 4369 excellit,

552 4407 662 4448 non
691 4403 882 4447 contra
919 4394 1042 4450 illos
1074 4397 1164 4464 qui
1201 4393 1446 4463 ejusdem
1484 4409 1669 4449 secum
1704 4403 1833 4447 sunt
1865 4397 2043 4464 gentis
2072 4401 2126 4448 et

483 4512 485 4514 -
551 4485 742 4553 stirpis
761 4525 775 4545 ,
811 4485 904 4539 sed
933 4492 1126 4538 contra
1157 4485 1548 4539 immoderatas
1576 4484 1896 4540 affectiones
1926 4484 2124 4539 fortem

552 4583 607 4630 et
639 4582 922 4628 strenuum
955 4591 1100 4629 csse.
1143 4573 1482 4630 luterimitur
1514 4591 1644 4645 ergo
1693 4591 1786 4646 per
1815 4576 1918 4630 hoc
1959 4591 2125 4644 gene-

555 4663 900 4718 rosissimum
932 4663 1152 4719 Davidis
1183 4663 1398 4720 facinus
1428 4666 1481 4719 in
1517 4668 1766 4735 utrisque
1803 4667 2086 4720 iracundia
2109 4704 2125 4727 ,

553 4756 682 4811 dum
722 4755 812 4809 ille
849 4755 1068 4824 quidem
1109 4756 1322 4810 ratione
1359 4757 1637 4826 proprium
1674 4758 1936 4828 impetum
1971 4759 2127 4812 cohi-

556 4848 672 4902 buit
695 4887 711 4912 ,
745 4847 991 4914 iramque
1022 4845 1090 4900 ad
1121 4846 1418 4900 vindictam
1450 4857 1698 4901 ruentem
1718 4890 1733 4915 ,
1765 4849 2124 4918 compressit;

555 4939 685 4993 Saul
714 4953 840 4992 vero
872 4937 943 4991 ob
976 4937 1367 4991 humanitatem
1389 4977 1402 4999 ,
1431 4953 1593 5007 quam
1622 4949 1879 5008 expertus
1913 4938 2086 4992 fuerat
2111 4979 2126 5004 ,

552 5029 814 5084 malitiam
842 5037 894 5082 et
921 5017 1322 5096 improbitatem
1355 5029 1618 5083 adversus
1649 5029 1902 5084 Davidem
1934 5032 2130 5084 exstir-

552 5122 718 5192 pavit.
773 5119 966 5185 Qualia
1010 5117 1154 5172 enim
1197 5118 1437 5188 postlmc
1484 5118 1551 5172 ad
1603 5119 1865 5174 victorem
1914 5119 2129 5175 locutus

554 5214 659 5275 sit,
689 5212 863 5266 oculis
896 5225 1006 5281 pra:
1033 5209 1241 5280 pudore
1269 5224 1459 5264 eorum
1485 5251 1498 5275 ,
1533 5225 1651 5279 qum
1683 5217 1949 5274 tentarat,
1981 5210 2129 5263 humi
2181 5223 2186 5228 ·

553 5303 783 5366 defixis.
820 5313 872 5358 ct
906 5301 1183 5371 quomodo
1237 5301 1490 5355 lamentis
1538 5309 1591 5354 et
1639 5301 1896 5370 lacrymis
1953 5311 2131 5356 mente

553 5403 872 5465 conceptam
910 5410 939 5446 a
975 5395 1179 5449 malitia
1198 5395 1536 5450 aversiouem
1561 5400 1795 5448 testatus
1831 5392 2028 5454 fuerit,
2064 5409 2127 5446 ex

557 5487 784 5541 historia
817 5486 934 5555 ipsa
967 5486 1180 5540 discere
1216 5484 1359 5539 licet.
1398 5486 1792 5555 Argumentum
1829 5498 1960 5552 ergo
1991 5485 2130 5537 sexti

555 5586 612 5634 et
638 5578 1075 5648 quinquagesimi
1130 5575 1324 5646 psalmi
1379 5575 1525 5630 istud
1579 5583 1691 5638 est,
1749 5584 2010 5643 quantum
2063 5590 2128 5627 cx

560 5669 675 5737 ipsa
699 5683 878 5726 rerum
902 5678 1178 5739 gestarum
1205 5667 1519 5722 narratione
1547 5675 1782 5722 constat.
1815 5666 2129 5736 Inscriptio-

2245 497 2304 554 Ὀ
2333 500 2388 552 δὲ
2417 500 2580 554 Δαϐὶδ
2604 499 2811 562 τούτοις
2847 501 2944 569 μὲν
2973 500 3171 553 ἀπεῖπε
3199 499 3300 570 τὴν
3323 501 3506 572 ὁρμὴν.
3541 503 3765 575 ἀθέμιτον

2231 589 2422 661 κρίνας
2461 591 2559 661 τὴν
2598 590 2739 644 κατά
2781 590 2876 643 τοῦ
2924 590 3186 660 βασιλέως
3227 591 3397 646 αὐτῶν
3443 594 3765 665 ἐπιχείρησιν.

2230 679 2528 750 Γυμνώσας
2569 680 2625 733 δὲ
2671 681 2772 750 τῆς
2825 680 2995 751 θήκης
3039 680 3098 732 τὸ
3143 679 3314 748 ξίφος,
3365 682 3456 735 καὶ
3500 682 3770 753 λεληθότως

2229 771 2514 841 παραστὰς
2556 770 2635 841 τῷ
2671 770 2842 823 Σαοὺλ
2875 769 3134 833 κατόπιν,
3159 770 3466 842 ἀμάρτυρον
3495 771 3623 842 ἔχων
3666 782 3769 825 κατ’

2227 860 2394 913 αὐτοῦ
2432 861 2530 932 τὴν
2569 861 2910 931 ἐγχείρησινο
2945 859 2972 910 ὁ
3009 859 3116 930 γὰρ
3151 860 3210 912 ἐν
3254 860 3330 930 τῷ
3366 860 3601 930 σπηλαίῳ
3630 860 3772 927 ζόφος

2231 949 2587 1020 ἐπικρύπτων
2620 949 2719 1021 τὴν
2763 949 2884 1018 ὄψιν
2929 953 3210 1022 περιεῖργε
3241 949 3348 1002 τῶν
3380 950 3658 1018 γινομένων
3695 950 3774 1003 τὸν

2228 1040 2467 1111 ἔλεγχον.
2522 1043 2826 1110 Δυνάμενος
2875 1041 3053 1093 τοίνυν
3111 1043 3209 1111 μιᾷ
3267 1041 3444 1110 πληγῇ
3498 1039 3630 1092 κατὰ
3681 1041 3774 1092 τῶν

2231 1131 2581 1202 μεταφρένων
2609 1130 2695 1183 διὰ
2726 1131 2823 1201 τῆς
2852 1130 3077 1202 καρδίας
3106 1131 3223 1184 ὅλον
3250 1131 3491 1184 διελάσαι
3521 1131 3576 1182 τὸ
3611 1131 3773 1198 ξίφος,

2225 1221 2320 1275 τοῦ
2350 1222 2448 1291 μὲν
2479 1220 2728 1292 σώματος
2757 1223 2930 1276 Σαοὺλ
2956 1223 3076 1276 οὔτε
3101 1223 3298 1293 ἥψατο,
3331 1219 3450 1273 οὕτε
3476 1221 3770 1291 ἐμέλλησεν.

2310 1313 2627 1383 Ἀποτέμνει
2658 1314 2715 1366 δὲ
2765 1313 2843 1384 τῷ
2869 1313 3012 1383 ξίφει
3052 1313 3229 1368 λαθὼν
3255 1313 3458 1366 ἐκεῖνον
3494 1312 3550 1364 τὸ
3577 1313 3668 1382 τῆς
3709 1312 3777 1365 δι·

2227 1403 2436 1468 πλοΐδος
2465 1404 2777 1475 πτερύγιον,
2812 1405 2886 1468 ὡς
2927 1406 2993 1459 ἂν
3039 1406 3404 1476 μαρτυρήσειε
3455 1403 3585 1474 μετά
3624 1403 3778 1456 ταῦτα

2226 1494 2327 1564 τῆς
2355 1497 2434 1558 εἰς
2475 1494 2564 1548 τὸν
2607 1495 2776 1549 Σαοὺλ
2824 1495 3232 1566 φιλανθρωπίας
3274 1495 3308 1564 ἠ
3355 1493 3669 1564 χλανὶς,τῆς
3695 1493 3775 1546 τοῦ

2228 1587 2522 1657 πτερυγίου
2547 1587 2716 1655 τομῆς
2748 1586 2848 1655 τῆς
2889 1585 3029 1638 κατά
3063 1585 3157 1638 τοῦ
3196 1585 3447 1654 σώματος
3476 1583 3631 1637 αὑτοῦ
3659 1584 3779 1654 πλη-

2229 1679 2330 1748 γῆς
2356 1678 2452 1746 τὴν
2479 1675 2723 1741 ἐξουσίαν
2745 1676 3082 1730 δεικνύουσα.
3109 1679 3184 1729 Δι’
3205 1671 3272 1747 ἧς
3301 1674 3516 1743 ἐγένετο
3545 1673 3776 1744 φανερὸν,

2233 1769 2379 1829 ὅπως
2399 1769 2426 1820 ὁ
2449 1768 2612 1820 Δαόὶδ
2633 1767 2730 1837 τὴν
2755 1767 3135 1838 μακροθυμίαν
3164 1767 3535 1830 ἐπεπαίδευτο,
3565 1766 3620 1827 ὃς
3646 1766 3778 1831 ξίφος

2234 1858 2372 1928 ἔχων
2402 1859 2459 1912 ἐν
2491 1860 2555 1928 τῇ
2605 1855 2832 1929 παλάμῃ
2873 1857 3108 1928 γυμνὸν,
3165 1857 3525 1926 ὑποκειμένου
3553 1858 3614 1926 τῇ
3655 1855 3780 1926 χειρὶ

2233 1950 2327 2003 τοῦ
2368 1949 2623 2020 πολεμίου
2658 1948 2936 2019 σώματος,
2981 1951 3038 2003 ἐν
3072 1948 3290 2020 ἐξουσίᾳ
3330 1948 3422 2002 τοῦ
3457 1947 3654 2000 ἀνελεῖν
3690 1948 3777 1998 ὑπ-

2236 2038 2438 2109 άρχων,
2474 2039 2700 2108 νικήσας
2743 2038 2837 2092 καὶ
2870 2037 2947 2108 τῷ
2968 2038 3212 2108 λογισμῷ
3248 2038 3343 2091 τδν
3373 2036 3555 2106 ουμδν,
3591 2035 3676 2088 και
3712 2034 3779 2105 τῷ

2237 2129 2364 2200 θείῳ
2397 2129 2544 2200 φόϐῳ
2581 2129 2675 2201 τὴν
2701 2130 2797 2200 τῆς
2836 2129 3049 2200 πληγῆς
3078 2127 3360 2193 ἐξουσίαν,
3400 2129 3459 2180 οὐ
3489 2128 3638 2197 μόνον
3669 2127 3778 2180 ίδίου

2237 2218 2407 2289 θυμοῦ
2446 2220 2706 2291 κρείττων
2739 2221 2982 2288 ἐγένετο,
3025 2220 3159 2273 ἀλλά
3209 2221 3310 2273 καλ¹
3353 2219 3442 2274 τὸν
3468 2217 3777 2287 ὑπασπιστὴν

2236 2308 2372 2379 πρὸς
2416 2307 2505 2360 τὸν
2549 2308 2642 2360 τοῦ
2669 2308 2839 2360 Σαοὺλ
2880 2309 3037 2377 φόνον
3087 2308 3415 2378 ὁρμήσαντα
3467 2307 3778 2361 κατέστειλεν

2235 2398 2415 2468 ἐκείνῃ
2455 2398 2680 2468 ἀοιδίμῳ
2727 2403 2896 2470 φωνῇ,
2927 2398 3092 2452 εἰπὼν
3131 2399 3265 2470 πρὸς
3308 2400 3500 2452 αὐτόν’
3538 2397 3659 2469 «Μὴ
3686 2399 3780 2450 δια-

2235 2486 2462 2557 φθείρῃς
2508 2487 2600 2539 τὸν
2650 2488 2866 2556 χριστὸν
2912 2489 3134 2559 Κυρίου.
3179 2508 3197 2539 ι
3279 2489 3605 2560 Προὲρχεται
3642 2485 3779 2541 οὗνὸ

2235 2579 2409 2631 Σαοὺλ
2438 2579 2502 2629 ἐκ
2530 2577 2624 2630 τοῦ
2657 2578 2918 2650 σπηλαίου
2955 2578 3234 2646 γινώσκων
3263 2579 3381 2631 τῶν
3415 2581 3694 2648 γεγονότων
3712 2579 3780 2631 οὑ-

2235 2669 2320 2723 δὲν
2349 2670 2450 2754 καὶί
2477 2669 2944 2739 περικεκομμένον
2978 2668 3297 2739 περιϐαλὼν
3339 2669 3514 2741 ἐαυτῷ
3547 2670 3601 2722 τὸ
3627 2669 3782 2740 χλανί-

2234 2761 2476 2814 διονΓὉ
2527 2760 2582 2812 δέ
2625 2760 2804 2825 Δαϐὶδ,
2854 2759 3181 2825 συνεξελθὼν
3214 2761 3373 2832 αὐτῷ
3418 2762 3631 2816 κατόπιν
3663 2761 3781 2829 μετὰ

2234 2853 2332 2922 τῆς
2365 2851 2484 2904 καθ’
2525 2851 2714 2904 ἑαυτὸν
2762 2851 3078 2920 ἀσφαλείας,
3110 2853 3203 2904 καὶ
3246 2852 3670 2923 προκαταλαϐὼν
3705 2853 3780 2904 τὸν

2237 2944 2624 3015 ὑπερκείμενον
2663 2943 2754 2996 τοῦ
2805 2943 3066 3014 σπηλαίου
3105 2945 3406 3014 γεώλοφον,
3439 2945 3689 3017 προτείνει
3724 2945 3779 3012 τῇ

2234 3034 2376 3104 χειρὶ
2392 3034 2699 3104 πτερύγιον.
2730 3034 2900 3088 Τοῦτο
2913 3034 2968 3086 δὲ
2996 3035 3146 3087 οὐδὲν
3171 3036 3257 3088 ἐτε
3277 3055 3369 3108 ρον
3389 3033 3475 3107 ἦν,
3555 3037 3781 3108 τρόπαιον

2234 3123 2376 3178 κατά
2401 3125 2506 3176 τῶν
2539 3124 2844 3177 ἀντιπάλων
2882 3126 3236 3195 ἀναίμακτον,
3291 3128 3403 3180 Καὶ
3436 3127 3693 3197 ἐμϐοήσας
3718 3123 3783 3192 τῷ

2232 3214 2403 3268 Σαοὺλ
2435 3215 2643 3285 μεγάλῃ
2673 3218 2845 3285 φωνῇ,
2873 3215 2970 3286 τὴν
3000 3215 3190 3285 καινὴν
3223 3217 3438 3287 ταύτην
3477 3219 3566 3272 καὶ
3601 3217 3784 3286 θαυμα-

2233 3305 2363 3375 στὴν
2408 3305 2684 3375 ἀριστείαν
2727 3305 3076 3374 ἐκδιηγεῖται,
3123 3307 3189 3375 ἢν
3220 3305 3428 3379 λύθρος
3459 3309 3676 3378 αἵματος
3700 3307 3783 3357 οὐκ

2232 3393 2471 3464 ἐμίανεν,
2500 3388 2673 3467 ﬁxa).
2699 3396 2727 3446 ό
2774 3395 3028 3464 ἀριστεὺς
3070 3395 3347 3467 ἐνίκησεν,
3385 3399 3475 3450 καὶ
3501 3401 3527 3450 ό
3558 3395 3781 3467 ἡττηθεὶς

2233 3484 2612 3556 περισώζεται.
2647 3487 2718 3538 Οὐ
2750 3485 2855 3557 γὰρ
2876 3485 2953 3555 τῷ
2980 3485 3234 3555 πτώματι
3259 3488 3354 3540 τοῦ
3382 3489 3631 3558 πολεμίου
3663 3503 3783 3556 μαρα

2231 3593 2293 3628 τυ
2304 3576 2476 3646 ρεῖται
2505 3574 2596 3627 τοῦ
2619 3575 2831 3646 Δαϐὶδὴ
2864 3576 3112 3646 ἀριστεία
3134 3592 3145 3607 ·
3178 3577 3296 3630 ἀλλ’
3323 3579 3380 3630 ἐν
3405 3578 3480 3648 τῷ
3502 3579 3781 3649 περισώσα-

2233 3663 2355 3718 σθαι
2388 3665 2481 3717 τοῦ
2517 3666 2762 3718 κινδύνου
2797 3666 2887 3719 τὸν
2917 3666 3312 3736 ἀντικείμενον,
3340 3670 3679 3740 φανερωτέρα
3709 3668 3782 3735 γίο

2231 3774 2376 3809 νεται
2402 3757 2494 3810 καὶ
2520 3758 2759 3829 ὑπεροχὴ
2786 3760 2885 3828 τῆς
2917 3759 3221 3829 δυνάμεως,
3249 3755 3295 3829 ᾧ
3335 3762 3580 3827 τοσοῦτον
3615 3760 3781 3831 περιῆν

2229 3847 2325 3916 τῆς
2357 3848 2754 3918 πεποιθήσεως,
2799 3849 2878 3920 μὴ
2912 3853 2978 3921 τῇ
3009 3851 3259 3924 ἀπωλείᾳ
3289 3853 3398 3906 τῶν
3425 3851 3783 3921 ἀντιτεταγμέ-

2229 3954 2333 3991 νων
2368 3939 2642 3993 πιστεύειν
2664 3939 2759 4010 τὴν
2784 3941 2974 3996 ἑαυτοῦ
3004 3945 3302 4014 σωτηρίαν,
3323 3945 3458 3999 ἀλλά
3475 3946 3566 3998 καὶ
3596 3943 3783 4014 περιόν·

2228 4045 2334 4081 των
2372 4028 2480 4081 τῶν
2531 4030 3004 4099 ἐπιϐουλευόντων,
3034 4030 3109 4096 ὡς
3144 4034 3365 4101 οὐδενὸς
3393 4035 3694 4097 λυποῦντος.
3732 4031 3782 4085 at

2229 4120 2469 4188 ἀσφαλὲς
2501 4120 2664 4191 ἐχειν.
2692 4122 2910 4177 Μᾶλλον
2932 4123 2988 4176 δὲ
3017 4123 3173 4177 τοῦτο
3199 4125 3290 4180 διὰ
3311 4128 3411 4199 τῆς
3434 4127 3658 4199 ἱστορίας
3683 4141 3785 4176 παι·

2228 4210 2371 4263 δεύει
2407 4214 2435 4264 ό
2473 4212 2651 4278 λόγος,
2683 4213 2763 4266 ὅτι
2805 4215 2832 4266 ό
2867 4216 2986 4267 κατ’
3024 4216 3226 4288 ἀρετὴν
3258 4219 3531 4288 προέχων.
3578 4219 3634 4271 οὐ
3662 4214 3782 4270 κατὰ

2226 4302 2334 4355 τῶν
2376 4304 2693 4373 ὁμοφύλων,
2741 4305 2876 4358 ἀλλά
2918 4307 3060 4360 κατά
3108 4307 3218 4362 τῶν
3249 4309 3442 4363 παθῶν
3483 4309 3777 4380 ἀνδρίζεται.

2157 4424 2201 4478 D
2243 4393 2568 4465 Ἀναιρεῖται
2594 4391 2686 4449 οὖν
2705 4395 2791 4449 διά
2811 4397 2910 4466 τῆς
2928 4397 3182 4469 τοιαύτης
3211 4401 3308 4454 τοῦ
3331 4402 3497 4455 Δαϐὶδ
3536 4396 3782 4470 ἀριστείας

2229 4484 2258 4535 ὁ
2289 4485 2347 4536 ἐν
2379 4484 2706 4555 ἀμφοτέροις
2752 4485 2919 4556 θυμός
2944 4502 2958 4516 ⁸
3000 4486 3092 4539 τοῦ
3146 4489 3247 4560 μὲν
3295 4490 3386 4543 διὰ
3424 4491 3518 4543 τοῦ
3551 4484 3778 4556 λογισμοῦ

2228 4574 2326 4646 τὴν
2358 4574 2492 4628 ίδίαν
2535 4575 2766 4638 ἑλόντος·
2793 4576 2984 4648 ὀργὴν,
3023 4579 3116 4630 καὶ
3166 4581 3264 4651 τὴν
3313 4581 3613 4652 ἀμυντικὴν
3638 4574 3780 4647 ὀργὴν

2231 4663 2739 4728 κατασκευάσαντος
2759 4681 2772 4695 ·
2817 4665 2911 4718 τοῦ
2939 4666 2995 4718 δέ
3025 4667 3197 4721 Σαοὺλ
3243 4670 3333 4723 διὰ
3382 4673 3479 4742 τῆς
3513 4667 3778 4738 γενομένης

2230 4754 2376 4824 αὐτῷ
2407 4755 2813 4826 φιλανθρωπίας
2838 4759 2936 4829 τὴν
2957 4759 3095 4812 κατά
3125 4759 3217 4812 τοῦ
3249 4762 3414 4815 Δαϐὶδ
3453 4763 3642 4816 κακίαν
3663 4761 3775 4812 ἀπο-

2230 4845 2617 4916 νεκρώσαντος.
2656 4842 2755 4901 Οἷα
2788 4848 2896 4919 γὰρ
2930 4850 3065 4919 μετά
3089 4851 3260 4904 ταῦτα
3291 4854 3431 4921 πρὸς
3469 4853 3555 4907 τὸν
3586 4848 3779 4918 νικητὴν

2231 4936 2658 5005 ἀποφθέγγεται,
2683 4939 2772 4991 ὑπ’
2795 4940 3054 5010 αἰσχύνης
3073 4941 3182 4993 τῶν
3205 4943 3625 5015 τετολμημένων
3647 4945 3781 4993 καταο

2229 5027 2502 5097 δυόμενος,
2555 5029 2650 5081 καὶ
2693 5028 2896 5102 θρήνῳ,
2950 5033 3043 5085 καὶ
3082 5032 3312 5103 δάκρυσι
3364 5035 3464 5104 τὴν
3513 5031 3780 5085 ἐνδιάθετον

2231 5118 2396 5171 αὑτοῦ
2419 5120 2514 5190 τῆς
2547 5120 2745 5181 κακίας
2763 5123 3112 5193 ἀποστροφὴν
3143 5124 3572 5197 ἐνδεικνύμενος,
3600 5122 3779 5188 ἔξεστιν
3843 5163 3849 5170 .

2232 5208 2289 5274 ἐξ
2320 5209 2486 5281 αὐτῆς
2532 5212 2772 5282 ἱστορίας
2818 5215 3025 5282 μαθεῖν.
3089 5215 3153 5266 ἸΙ
3185 5215 3288 5282 μὲν
3318 5213 3410 5270 οὖν
3435 5216 3673 5273 ὑπόθεσις
3696 5209 3778 5275 τῆς

2233 5301 2395 5370 ἕκτης
2424 5302 2517 5355 καὶ
2552 5305 2920 5373 πεντηκοστῆς
2952 5303 3293 5375 ψαλμῳδίας,
3323 5308 3445 5360 ὅσον
3474 5307 3535 5357 ὲκ
3562 5302 3662 5355 τῶν
3689 5295 3776 5349 ὑπὸ

2232 5393 2331 5461 τῆς
2375 5392 2615 5462 ἱστορίας
2667 5391 3036 5463 δηλουμένων,
3080 5396 3307 5466 τοιαύτη
3355 5396 3519 5448 ἐστίν.
3569 5390 3700 5445 arma
3725 5384 3774 5437 δὲ

2233 5484 2330 5552 τῇς
2358 5484 2668 5554 ἐπιγραφῆς
2692 5485 2758 5538 τὰ
2782 5487 3019 5556 ῥήματα,
3038 5487 3105 5540 δι’
3133 5481 3208 5541 ὧν
3299 5488 3441 5541 κατὰ
3462 5487 3520 5538 τὸ
3544 5479 3774 5549 σπήλαιον

2236 5578 2491 5644 συντυχία
2519 5575 2791 5645 δηλοῦται,
2837 5575 3023 5632 τοῦτον
3069 5578 3179 5648 ἔχει
3209 5579 3302 5631 τὸν
3334 5579 3575 5649 τρόπον’‹
3614 5573 3696 5632 Εἰς
3721 5565 3773 5620 τδ

2232 5669 2382 5729 τέλος
2436 5667 2509 5737 μὴ
2557 5666 2890 5738 διαφθείρῃς,
2943 5669 3021 5739 τῷ
3062 5668 3225 5722 Δαϐὶδ
3258 5673 3337 5732 εἰς
3384 5660 3770 5738 στηλοτραφίανι
