4018 6334
289 190 371 248 585
1630 186 1698 245 IN
1728 189 2068 248 PSALMOS.

3367 181 3472 239 526
3556 262 3559 271 Ι

286 304 332 356 ὲν
352 299 415 371 τῷ
438 300 579 354 αὐτὸν
605 298 1015 374 ἀποδιδράσκειν
1056 304 1164 383 {me
1193 307 1482 377 προσώπου
1508 307 1680 362 Σαοὺλ
1712 308 1792 373 είς

1895 308 1980 365 nis
2008 316 2187 365 autem
2218 309 2379 365 verba
2397 346 2412 373 ,
2448 307 2647 379 quibus
2676 319 2977 362 concursus
3012 304 3101 361 ille
3128 302 3183 359 in
3207 301 3465 375 spelunca

280 392 329 446 τὸ
359 392 605 455 σπήλαιον,
637 411 655 445 ι
721 395 809 457 Ὠς
842 396 890 448 δ’
940 396 1007 451 ἂν
1047 398 1414 470 ἐφαρμοσθείη
1458 399 1566 462 τοῖς
1608 400 1799 468 ὲπιγε-

278 481 567 551 γραμμένοις
604 482 670 534 τὰ
707 483 808 555 τῆς
854 484 1173 557 ψαλμῳδίας
1215 488 1480 558 νοήματα,
1512 486 1702 559 καιρὸς
1732 487 1798 542 ἂν

280 569 347 640 εἴη
376 570 432 623 δι’
454 570 633 640 ὀλίγων
660 574 755 626 καὶ
794 574 894 644 τὴν
942 577 1000 630 ὲν
1041 562 1251 647 τούτοις
1278 573 1506 646 θεωρίὰν
1539 578 1799 649 κατανοῆ-

273 662 834 731 σειι,προδιεξελθόντας
848 664 919 718 τὰ
945 663 1277 719 θεόπνευστα
1309 668 1547 737 ῥήματα.
1576 686 1594 718 ι
1618 668 1799 739 Ἐλέη-

273 754 344 805 σόν
372 771 451 821 με,
481 756 508 806 ὁ
550 755 699 818 Θεὸς,
728 755 948 827 ἐλέησόν
989 773 1078 826 με,
1123 758 1204 811 ὄτι
1246 758 1337 811 ἐπὶ
1376 757 1456 811 σοὶ
1483 756 1736 813 πέποιθεν
1764 762 1797 830 ἡ

265 847 381 915 ψυχή
414 864 527 916 μου,
562 847 656 899 καί¹
687 848 745 899 ἐν
768 850 834 919 τῇ
870 848 995 919 σκιᾷ
1034 849 1141 901 τῶν
1167 846 1455 920 πτερύγων
1485 868 1578 903 σου
1607 849 1794 916 ὲλπιῶ,

266 939 346 999 ἕως
365 932 417 990 οὗ
449 937 688 1008 παρέλθῃ
714 939 747 1008 ἡ
779 939 998 1010 ἀνομία.
1028 960 1049 992 ι
1090 941 1201 1010 Τῆς
1232 941 1313 1002 είς
1338 939 1426 994 τὸν
1455 939 1587 994 Θεὸν
1617 958 1800 994 πεποι-

260 1036 435 1105 θήσεως
453 1032 479 1084 ὁ
493 1032 789 1102 Ψαλμῳὸος
809 1038 903 1087 καὶ
934 1031 1033 1101 τῆς
1064 1031 1285 1099 βεϐαίας
1306 1032 1385 1095 εἰς
1410 1031 1569 1084 αὑτὸν
1589 1032 1799 1096 ἐλπίδος

261 1118 331 1170 τὸν
350 1118 477 1169 θεῖον
506 1117 652 1170 ἔλεον
690 1118 1030 1188 ἀναδοθῆναι
1065 1118 1402 1190 παρακαλεῖ,
1447 1138 1465 1171 ι
1488 1119 1632 1184 Ἕως
1660 1115 1741 1185 οὗ,
1772 1140 1790 1173 t

258 1209 410 1279 φησὶν,
446 1209 516 1280 ιή
546 1209 746 1279 ἀνομία
776 1209 1040 1283 παρέλθῃ.
1071 1229 1090 1263 ι
1136 1211 1223 1275 Ὧς
1250 1210 1294 1263 δ’
1329 1208 1395 1264 ἂν
1422 1209 1797 1282 φανερώτερον

256 1301 362 1369 ἡμῖν
390 1300 446 1352 τὸ
470 1300 647 1370 νόημα
684 1300 892 1369 γένοιτο
912 1344 927 1366 ,
975 1302 1175 1355 οὑτωσὶ
1207 1302 1297 1355 τὸν
1341 1300 1497 1371 λόγον
1535 1301 1800 1371 διαληψώ-

256 1392 392 1461 μεθα·
432 1392 694 1458 Ἀστατός
734 1395 851 1447 ἐστι
893 1394 987 1447 καὶ
1022 1392 1289 1465 παροδικὴ
1328 1394 1426 1466 τῆς
1460 1393 1793 1466 ἁμαρτίαςή

258 1482 390 1551 φύσις
409 1523 423 1546 ,
454 1481 572 1536 οὔτε
608 1483 748 1536 κατὰ
773 1486 838 1537 τὸ
869 1483 1083 1556 πρῶτον
1115 1485 1496 1539 συνυποστᾶσα
1520 1486 1586 1556 τῇ
1624 1482 1797 1537 κτίσει

254 1575 376 1644 παρὰ
410 1573 498 1628 τοῦ
550 1575 618 1628 τὸ
650 1577 758 1629 πᾶν
802 1576 1249 1647 ύποστησαμένου
1289 1577 1383 1630 καὶ
1416 1574 1794 1640 ούσιώσαντος,

253 1635 351 1717 οὔτε
382 1665 508 1735 πρὸς
539 1666 603 1719 τὸ
637 1666 880 1734 διηνεκὲς
915 1635 1027 1731 τοῖς
1063 1635 1180 1721 ούσι
1218 1667 1662 1737 συνδιαμένουσα.
1714 1635 1795 1721 ΤΞ
1828 1635 1869 1690 Β

254 1756 335 1825 μὲν
356 1757 452 1827 γὰρ
488 1758 551 1809 ἐκ
573 1756 671 1809 τοῦ
702 1757 853 1820 ὄντος
871 1757 1019 1822 ὄντα,
1051 1759 1143 1812 καὶ
1173 1760 1229 1812 ὲν
1261 1756 1338 1828 τῷ
1371 1753 1509 1812 εἶναι
1530 1758 1618 1812 διὰ
1656 1776 1790 1813 παν-

251 1847 323 1910 τὸς
345 1849 573 1918 διαμένει
595 1867 610 1879 ·
650 1850 697 1902 εί
738 1848 793 1901 δέ
827 1867 881 1901 τι
914 1848 1019 1914 ἔξω
1046 1849 1140 1903 τοῦ
1169 1850 1319 1913 ὄντος
1346 1850 1513 1912 ἐστὶν,
1537 1841 1612 1903 ὀὗ
1638 1848 1792 1903 οὐσία

251 1937 329 1990 οὒκ
348 1938 398 1989 ἐν
422 1937 495 2009 τῷ
522 1933 688 2001 εἶναι,
712 1939 825 1992 ἀλλ’
856 1941 913 1992 ἐν
944 1937 1021 2009 τῷ
1048 1938 1250 2007 ἀγαθὸν
1287 1938 1362 2009 μὴ
1387 1934 1525 1992 εἶναι
1552 1937 1649 2009 τὴν
1670 1938 1795 1992 ὑπό-

253 2046 407 2082 στασιν
436 2029 566 2099 ἔχει,
594 2029 758 2082 τοῦτό
780 2030 976 2109 ἐστινρ
1001 2029 1364 2100 ὲπιδωμάτιος
1390 2028 1605 2099 χόρτος,
1641 2029 1799 2099 ἄρρι-

251 2120 322 2183 ζᾶς
344 2138 435 2186 τις,
454 2121 546 2174 καί
580 2122 864 2193 ἄσπαρτος
896 2122 990 2175 καὶ
1013 2121 1291 2193 ἀνήροτος,
1324 2120 1425 2174 κᾶν
1451 2120 1587 2191 πρὸς
1607 2119 1668 2173 τὸ
1687 2136 1798 2173 πα-

253 2214 325 2283 ρὸν
354 2214 600 2286 διοχλήσῃ
655 2218 720 2285 τῇ
758 2215 1115 2285 ἀνυποστάτῳ
1170 2213 1406 2286 βλάστῃ,
1457 2214 1567 2276 τοῖς
1613 2212 1797 2282 μέντοι

252 2306 507 2374 καθήκουσι
536 2305 778 2377 χρόνοις,
817 2308 874 2359 ἐν
901 2308 967 2377 τῇ
999 2305 1094 2360 τοῦ
1127 2305 1325 2368 παντὸς
1354 2304 1487 2373 πρὸς
1512 2303 1573 2357 τὸ
1596 2301 1798 2371 ἀγαθὸν

249 2396 687 2464 ἀποκαταστάσει,
744 2396 1075 2468 παρέρχεταί
1101 2413 1161 2450 τε
1207 2395 1300 2450 καὶ
1325 2393 1678 2463 ἀφανίζεται,
1723 2392 1798 2458 ὡς

251 2486 387 2555 μηδὲν
411 2488 549 2557 ἴχνος
574 2488 676 2542 τοῦ
699 2487 797 2541 νῦν
833 2488 1250 2551 ἐπιπολάζοντος
1276 2488 1409 2557 ἡμῖν
1434 2483 1604 2539 κακοῦ
1651 2487 1707 2538 ὲν
1730 2487 1794 2557 τῇ

248 2575 344 2628 κατ’
371 2576 550 2631 ἐλπίδα
579 2577 921 2649 προκειμένῃ
961 2575 1071 2648 ζωῇ
1124 2574 1533 2630 ἀπολείπεσθαι.
1552 2602 1557 2607 ’
1579 2591 1598 2622 ι
1627 2574 1746 2627 Ἔτι
1772 2594 1792 2627 ι

247 2666 334 2736 γὰρ
363 2684 379 2717 ι
419 2668 623 2735 ὀλίγον,
657 2686 676 2718 ι
717 2668 880 2738 φησιν
899 2706 915 2731 ,
967 2687 983 2717 ι
1009 2667 1100 2720 καὶ
1125 2668 1186 2721 ού
1217 2666 1291 2738 μὴ
1321 2665 1537 2739 ὑπάρξῃ
1559 2667 1597 2719 -ὁ
1617 2666 1799 2739 ἁμαρ-

244 2756 413 2823 τωλὸς,
452 2761 544 2813 καὶ
595 2760 861 2829 ζητήσεις
912 2759 1002 2812 τὸν
1032 2759 1192 2812 τόπον
1232 2756 1419 2823 αὐτοῦ,
1470 2756 1563 2811 καὶ
1610 2757 1671 2811 ού
1720 2756 1793 2828 μὴ

244 2850 428 2922 εὑρεθῇ.
460 2872 479 2905 ι

1901 401 2226 464 declaratur,
2269 400 2350 457 sic
2380 415 2439 456 se
2467 399 2710 454 habent:
2744 416 2762 449 ι
2794 397 2850 452 1η
2897 396 3059 453 ﬁnem
3082 439 3096 464 ,
3141 410 3212 451 ne
3256 393 3467 464 disper-

1899 489 2251 555 das,-l)avidi
2284 492 2341 545 in
2374 474 2517 545 tituli
2551 489 2964 559 inscriptionem
2987 528 3005 554 ,
3037 502 3161 543 eum
3194 487 3403 558 fugeret
3436 501 3468 539 a

1901 581 2038 637 facie
2067 582 2193 635 Saul
2226 582 2280 635 in
2316 581 2651 651 speluncam.
2683 599 2701 632 ι
2728 575 2799 634 Ut
2840 595 2972 635 vero
3015 579 3301 649 inscriptio
3341 594 3465 634 cum

1900 674 2165 727 sententia
2216 673 2409 741 psalmi
2451 672 2721 728 cohaereat
2763 679 2818 726 et
2862 670 3200 735 consentiat,
3251 678 3467 740 tempus

1901 764 2175 834 postulare
2201 764 2435 830 videtur,
2485 771 2540 818 ut
2588 763 2777 832 paucis
2810 777 3057 832 quaenam
3092 760 3271 817 verbis
3301 761 3467 830 hujus

1900 855 2092 924 psalmi
2130 856 2397 911 sententia
2433 855 2781 924 subjiciatur,
2813 853 3221 909 consideremus
3245 892 3259 916 ,
3288 854 3466 922 ipsas-

1900 959 2006 1014 que
2037 944 2301 1000 divinitus
2333 945 2628 1015 inspiratas
2674 959 2837 1000 voces
2870 944 3225 1016 explicemus.
3257 961 3276 995 ι
3307 938 3471 998 Mise-

1900 1052 2019 1091 rere
2053 1036 2193 1100 mei,
2230 1036 2401 1102 Deus,
2444 1038 2702 1093 miserere
2734 1037 2871 1103 mei,
2905 1037 3033 1107 quia
3068 1035 3123 1090 in
3158 1042 3211 1091 te
3243 1032 3469 1089 conﬁdit

1901 1126 2081 1182 anima
2115 1144 2233 1183 mea
2262 1147 2276 1196 ;
2309 1138 2363 1185 et
2393 1133 2447 1183 tn
2479 1129 2669 1184 umbra
2706 1129 2913 1184 alarum
2949 1126 3429 1197 tuarum.spetabo
3449 1166 3463 1189 .

1899 1217 2073 1273 donec
2095 1227 2337 1274 transeat
2353 1218 2632 1289 iniquitas.
2648 1212 2901 1290 pPropter
2915 1218 3164 1273 ﬁduciam
3184 1218 3238 1272 in
3265 1213 3429 1272 Deum
3448 1256 3463 1280 ,

1898 1314 1953 1361 et
1985 1307 2056 1362 ob
2089 1307 2297 1361 ﬁrmam
2327 1309 2382 1363 in
2412 1310 2589 1378 ipsum
2624 1324 2774 1379 spem
2796 1351 2812 1376 ,
2860 1309 3010 1377 cupit
3043 1307 3145 1363 sibi
3176 1304 3466 1361 Psalmista

1900 1396 2136 1451 divinam
2179 1398 2612 1459 misericordiam
2648 1397 2847 1467 tribui,
2877 1418 2894 1451 ι
2932 1396 3104 1454 donec
3129 1402 3410 1459 transeat,
3442 1414 3460 1445 ι

1899 1486 2110 1558 inquit,
2131 1507 2150 1539 ι
2175 1489 2458 1558 iniquitas.
2486 1510 2504 1542 ι
2527 1486 2597 1545 Ut
2626 1500 2803 1546 autem
2834 1488 3044 1560 planior
3073 1488 3234 1545 nobis
3268 1503 3464 1544 sensus

1900 1577 2027 1641 ﬁat,
2070 1576 2196 1633 inde
2229 1579 2493 1635 orationis
2536 1578 2819 1635 exordium
2850 1594 3151 1635 sumemus:
3188 1577 3463 1634 Instabilis

1897 1672 1981 1721 est
2009 1672 2063 1719 et
2097 1668 2407 1722 transitoria
2444 1670 2650 1738 peccati
2692 1677 2920 1733 natura,
2954 1684 3130 1738 neque
3163 1667 3219 1722 in
3254 1665 3464 1736 princi-

1898 1756 1987 1825 pio
2033 1772 2158 1811 cum
2189 1766 2439 1813 creatura
2472 1767 2653 1816 creata
2693 1769 2746 1814 et
2787 1757 3007 1814 fundata
3044 1757 3113 1812 ab
3146 1772 3211 1813 eo
3240 1756 3331 1827 qui
3374 1771 3463 1810 res

1898 1862 2086 1903 omnes
2114 1849 2452 1917 procreavit,
2478 1858 2531 1906 ct
2552 1852 2805 1906 essentiis
2830 1849 2946 1906 suis
2967 1848 3255 1914 instruxit;
3289 1861 3466 1917 neque

1897 1938 1954 1993 in
1984 1939 2339 2010 longinquum
2374 1947 2587 2011 tempus
2620 1955 2745 1995 eum
2778 1939 2943 1996 rebus
2974 1944 3276 2011 permanet.
3324 1936 3461 1992 Nam

1894 2039 2015 2093 quae
2063 2033 2190 2078 sunt
2233 2027 2288 2080 in
2325 2041 2390 2080 eo
2436 2028 2579 2096 quod
2625 2036 2744 2091 est,
2790 2042 3006 2098 semper
3047 2028 3210 2083 etiam
3256 2027 3313 2081 in
3362 2042 3464 2082 suo

1895 2129 2016 2171 esse
2045 2123 2412 2185 perseverant.
2462 2114 2616 2183 Quod
2661 2118 2706 2172 si
2744 2117 2873 2189 quid
2916 2128 3002 2174 est
3047 2126 3204 2175 extra
3235 2117 3289 2173 id
3317 2119 3462 2189 quod

1894 2212 2010 2270 est,
2046 2202 2203 2275 cujus
2232 2203 2373 2260 ratio
2400 2221 2507 2261 non
2554 2206 2614 2277 in
2658 2222 2810 2273 esse,
2861 2208 2956 2264 sed
2999 2208 3054 2263 itt
3103 2223 3212 2264 non
3260 2207 3462 2264 bonum

1896 2311 2018 2353 esse
2046 2297 2342 2355 consistit:
2375 2298 2478 2354 hoc
2516 2314 2575 2355 se
2606 2299 2768 2355 habet
2836 2308 2897 2355 ut
2940 2315 3162 2371 gramen
3210 2300 3266 2354 in
3305 2298 3464 2355 tectis

1898 2387 2183 2445 domorum
2208 2390 2358 2446 nasci
2383 2402 2702 2446 consuetum
2719 2432 2734 2457 ,
2759 2391 2879 2447 sine
2902 2392 3085 2447 radice
3105 2434 3119 2456 ,
3150 2407 3257 2446 non
3285 2401 3461 2447 satum
3548 2424 3554 2431 -

1898 2493 1950 2538 et
1980 2483 2279 2548 inaratum,
2310 2484 2523 2540 etiamsi
2548 2471 2624 2537 'ad
2661 2484 2823 2540 breve
2854 2492 3065 2555 tempus
3098 2482 3341 2555 germine
3368 2484 3463 2538 illo

1897 2573 2064 2629 nullis
2096 2572 2463 2629 fundamentis
2505 2574 2741 2630 subnixo
2783 2575 3058 2641 exsultet;
3101 2582 3340 2629 attamen
3377 2572 3463 2628 fu-

1898 2665 2037 2722 turis
2070 2663 2438 2735 temporibus,
2494 2663 2548 2718 in
2596 2663 2942 2749 restitutione
2989 2678 3171 2719 rerum
3218 2662 3459 2718 omnium

1898 2758 1954 2813 in
1989 2759 2257 2829 integrum
2283 2797 2297 2821 ,
2333 2756 2527 2812 transit
2552 2762 2606 2814 et
2634 2757 2949 2825 evanescit;
2977 2764 3039 2811 ut
3070 2770 3140 2811 ne
3170 2755 3458 2827 vestigium

1819 2829 1863 2890 (ἶ
1894 2848 2113 2919 quidem
2164 2848 2329 2914 mali,
2371 2846 2519 2918 quod
2565 2850 2803 2927 nuncin
2845 2847 3005 2904 nobis
3059 2844 3355 2912 redundat,
3404 2846 3460 2899 in

242 2942 330 2997 vita
374 2943 459 2998 illa
514 2944 639 3015 spei
700 2949 903 3001 nostrae
952 2941 1227 3013 proposita
1277 2955 1661 2995 remansurum
1710 2939 1801 2995 sit.
1849 2959 1868 2992 ι
1899 2939 2088 2994 Adhuc
2117 2940 2628 3013 pttsillum,tinquit
2650 2981 2663 3006 ,
2687 2960 2706 2992 ι
2739 2949 2791 2997 et
2825 2954 2933 2995 non
2967 2939 3068 2995 erit
3107 2944 3378 3005 peccator,
3406 2948 3462 2993 et

292 3126 559 3197 Φιλοσοφεῖ
607 3126 796 3181 τοίνυν
838 3127 894 3179 ὲν
933 3123 1237 3196 προοιμίοις
1280 3123 1385 3195 τῆς
1418 3121 1735 3195 ψαλμῳδίας
1765 3125 1793 3178 ό

231 3215 363 3284 λόγος
400 3219 455 3272 ὲν
496 3218 731 3288 ὑψηλοῖς
767 3217 996 3287 δόγμασι
1042 3215 1374 3299 φυσιολογῶν
1421 3214 1520 3284 τὴν
1572 3214 1788 3269 κακίαν.

227 3306 455 3362 Διδάσκει
473 3308 610 3380 γὰρ,
640 3308 729 3361 ὅτι
759 3308 950 3379 μέχρις
976 3307 1184 3360 ἐκείνου
1208 3307 1307 3378 τῆς
1330 3306 1422 3359 τοῦ
1451 3305 1633 3369 ἐλέους
1665 3323 1795 3375 συμ-

226 3399 406 3468 μαχίας
440 3400 707 3471 δεόμεθα,
760 3398 866 3461 ἕως
909 3399 975 3451 ἃν
1016 3396 1261 3470 παρέλθῃ
1294 3397 1384 3451 τὸν
1432 3397 1543 3467 βίον
1571 3395 1727 3467 ἡμῶν
1758 3398 1791 3467 ἡ

224 3489 386 3555 κακῶς
417 3489 496 3560 τῷ
521 3491 630 3560 βίῳ
664 3488 1048 3560 ὲπιδημήσασα
1071 3488 1288 3559 ἀνομία.
1317 3487 1427 3559 Τὴν
1447 3486 1505 3540 δὲ
1535 3486 1792 3557 τοιαύτην

211 3583 330 3649 ἡμῖν
357 3580 695 3652 συμμαχίαν
726 3579 1011 3651 χαρίζεται
1036 3580 1099 3633 τὸ
1131 3579 1446 3634 πεποιθέναι
1473 3581 1540 3650 τῇ
1567 3577 1792 3648 δυνάμει

216 3670 296 3723 τοῦ
328 3673 781 3742 συμμαχοῦντος.
823 3670 917 3724 καὶ
957 3672 1024 3740 τῇ
1069 3670 1197 3741 σκιᾷ
1240 3669 1348 3723 τῶν
1384 3668 1667 3739 πτερύγων
1697 3668 1791 3723 τοῦ

204 3761 324 3814 Θεοῦ
350 3765 815 3830 καθοπλίζεσθαι-
862 3764 1030 3819 Σκιὰν
1062 3766 1121 3819 δὲ
1160 3764 1316 3819 θείων
1357 3761 1642 3835 πτερύγων
1673 3763 1794 3816 ἀντὶ

207 3853 490 3925 περιδολῆς
517 3859 671 3928 ἡμῖν
696 3856 1007 3926 γινομένην,
1042 3853 1142 3919 τὰς
1170 3854 1370 3926 ἀρετάς
1394 3872 1476 3919 τις
1504 3853 1660 3920 νοῶν,
1692 3850 1792 3923 ούχ

193 3941 609 4015 ἁμαρτήσεται.
645 3946 789 3999 Λύτδ
842 3947 941 4016 μὲν
991 3945 1100 4017 γὰρ
1128 3945 1190 3999 τὸ
1216 3944 1370 3999 Θεῐον
1404 3944 1433 3999 ὅ
1476 3945 1528 3999 τί
1563 3961 1689 3998 ποτε
1721 3946 1788 4015 τῇ

194 4029 340 4094 ςύτει
387 4036 592 4100 ἐστὶν,
648 4035 939 4105 ἀνέφικτον
991 4034 1140 4106 μένει
1174 4038 1239 4106 τῇ
1286 4035 1600 4107 ἀνθρωπίνῃ
1631 4034 1790 4102 φύσει

184 4122 270 4174 καὶ
296 4125 595 4196 ἄληπτον,
647 4127 761 4181 ἄνω
811 4144 913 4180 που
946 4127 1087 4181 κατὰ
1110 4127 1170 4180 τὸ
1212 4126 1488 4196 ἄφραστον
1524 4124 1615 4179 τοῦ
1645 4125 1792 4193 λογι-

186 4213 313 4280 σμοῦ
358 4216 480 4269 τῶν
531 4215 850 4288 ἀνθρώπιον
892 4216 1351 4289 ὑπερπετόμενον.
1392 4215 1686 4287 Χαρακτὴρ
1734 4214 1792 4268 δέ

98 3002 101 3033 Γ
240 3048 420 3101 quaeres
452 3002 641 3091 locum
685 3034 832 3104 ejus.
871 3042 925 3091 et
952 3002 1072 3089 non
1095 3033 1342 3089 invenies
1375 3032 1417 3087 ‘.
1454 3052 1473 3085 ι

292 3126 559 3197 Φιλοσοφεῖ
607 3126 796 3181 τοίνυν
838 3127 894 3179 ὲν
933 3123 1237 3196 προοιμίοις
1280 3123 1385 3195 τῆς
1418 3123 1473 3194 ψ(

88 3036 105 3345 ἐ
231 3215 363 3284 λόγος
400 3219 455 3272 ὲν
496 3218 731 3288 ὑψηλοῖς
767 3217 996 3287 δόγμασι
1042 3215 1374 3299 ιρυσιολογῶν
1421 3214 1473 3268 τί

229 3306 451 3345 Arabe-ven
473 3308 588 3345 vi’nn
640 3308 723 3345 an
760 3308 950 3345 υένησρ
976 3307 1184 3345 ἓνείυνιιι
1208 3307 1307 3345 ηιῗν·
1330 3306 1422 3345 an;
1452 3308 1473 3345 ἒ·

176 4317 256 4366 τες
281 4305 386 4376 τῆς
415 4307 735 4377 ἁφράστου
762 4306 977 4378 φύσεως
1009 4308 1099 4383 διὰ
1125 4301 1228 4376 τῆς
1258 4307 1363 4360 τῶν
1395 4306 1604 4378 ἀρετῶν
1637 4308 1790 4359 σκια-
1824 4343 1868 4397 D

174 4397 418 4465 γριφιας
450 4402 589 4463 τοῖς
627 4398 764 4471 πρὸς
794 4400 961 4471 αὐτὴν
982 4399 1180 4470 ὁρῶσιν
1203 4397 1495 4466 ἐγγίνεται,
1518 4396 1593 4460 ὠς
1616 4398 1791 4467 πᾶσαν

172 4488 393 4557 σοφίαν,
456 4494 575 4548 καὶ
632 4494 919 4565 φρόνησιν,
979 4491 1073 4546 καὶ
1120 4488 1455 4560 ἐπιστήμην,
1489 4489 1583 4541 καὶ
1615 4489 1795 4541 πᾶσαν

169 4576 358 4645 ἔξοδον
387 4583 505 4653 τῆς
567 4582 989 4652 καταληπικῆς
1030 4579 1293 4645 ἐπινοίας,
1323 4576 1425 4631 οὐκ
1457 4575 1625 4640 αὑτὰς
1655 4571 1793 4629 εἶναι

168 4666 267 4730 τὰς
291 4667 460 4735 θείας
492 4672 824 4743 πτέρυγας,
860 4671 996 4725 ἀλλὰ
1043 4669 1142 4741 τὴν
1168 4670 1275 4724 τῶν
1319 4667 1482 4723 θείων
1509 4665 1793 4737 πτερύγων

172 4760 350 4814 σκιάν.
380 4763 651 4833 Μεγάλη
678 4764 734 4816 δὲ
784 4764 913 4833 ἡμῖν
960 4759 1096 4830 αὕτη
1126 4762 1266 4821 ἐστὶν
1314 4764 1349 4834 ἡ
1383 4756 1670 4828 εὐεργεσία
1700 4756 1795 4811 καὶ

173 4848 319 4901 σκιά..
375 4870 398 4902 ι
432 4853 816 4924 Κεκράξομαι
838 4871 856 4902 ι
902 4850 1030 4922 γὰρ,
1070 4856 1239 4932 φησὶν⁹
1296 4881 1319 4918 ι
1351 4848 1497 4928 πρὸς
1523 4846 1613 4900 τδν
1636 4846 1791 4911 θεὸν,

175 4937 261 4989 thy
291 4939 574 5009 ὖψιστον,
621 4944 708 4996 τὸν
732 4943 861 4996 Θεὸν
905 4942 1331 5029 εὐεργετήσαντά
1371 4961 1471 5024 με.
1508 4957 1527 4991 υ
1571 4936 1794 5029 διὰᾼῖῆς

176 5030 331 5123 *ξι-ἰρις
363 5031 628 5099 ταύτης,
656 5032 718 5103 ἢν
746 5031 804 5097 ἐξ
834 5031 999 5123 ὕψους
1021 5025 1327 5123 ἀπέστῢεν
1353 5037 1447 5114 τῷ
1479 5028 1637 5123 κᾴτω
1672 5025 1789 5123 βίιμ.

190 5073 328 5091 '"““I
374 5073 628 5099 """t‘l’
662 5073 714 5103 ἰ’
746 5073 804 5097 *ν
836 5073 988 5100 '7"!
1021 5073 1327 5143 π”ευτειλεν
1353 5073 1447 5114 τῳ
1481 5073 1634 5087 ιη’--
1672 5073 1789 5131 ι-πῗ-

190 5116 432 5175 Ἕσωσὲν
465 5140 547 5191 με
575 5123 665 5177 διὰ
691 5123 781 5177 τοῦ
799 5120 1162 5198 ἑπισκιάσαντὼ
1186 5192 1202 5198 _
1284 5153 1369 5198 Α
1396 5122 1620 5198 νεφέλῃ
1640 5136 1795 5171 πνευ-

186 5220 367 5318 patr,
529 5214 662 5313 τούς
690 5216 745 5267 ἐν
769 5215 881 5318 ταῖς
909 5169 1793 5318 προτέρζροῗξῐῷἓῖαιςυκατα-

202 5261 568 5393 ξιτήᾱσαντας,
588 5261 675 5354 νῦν
691 5304 767 5365 είς
788 5261 877 5369 τὴν
900 5261 1138 5393 τάνόνζρίρ
1156 5261 1794 5393 ἵζυέιέιπεριο

198 5351 383 5451 ἤγαγεν
683 5351 1413 5516 iéaém’mﬂe‘dz'i;

1029 5488 1038 5516 t
1192 5500 1211 5516 ι
1334 5482 1369 5509 ⁵

279 5566 293 5582 ⁵
315 5558 458 5614 Psal.
490 5578 660 5635 xxxvi,
696 5562 765 5614 10.

483 5562 816 5712 ςίξιειιτ
831 5644 892 5776 λζ
1017 5488 1111 5658 ἀμ
1169 5522 1211 5571 θ

895 5726 918 5776 Δ

858 5726 926 6095 Ξ

1968 3123 2027 3179 In
2062 3122 2250 3179 arduis
2279 3124 2447 3196 igitur
2475 3120 2852 3195 dogmatibus,
2888 3124 3046 3195 quasi
3070 3121 3460 3195 philosophano

1895 3216 1997 3282 do,
2041 3216 2198 3271 initio
2228 3215 2424 3286 psalmi
2455 3200 2704 3271 versatur
2739 3212 2950 3281 oratio,
2997 3216 3322 3286 malitithue
3366 3230 3462 3269 na-

1895 3313 2073 3361 turam
2121 3304 2401 3363 describit.
2453 3305 2619 3362 Docet
2656 3306 2800 3362 enim
2849 3321 2949 3363 nos
2982 3321 3225 3377 eousque
3265 3304 3463 3387 divinae

1897 3397 2288 3453 misericordia:
2342 3398 2548 3454 auxilio
2597 3397 2878 3468 indigere,
2921 3397 3101 3469 quoad
3144 3398 3310 3451 vitam
3357 3413 3461 3452 no-

1897 3495 2065 3542 stram
2105 3496 2447 3557 pertranseat
2476 3488 2777 3558 iniquitas,
2805 3503 2927 3557 qua:
2964 3503 3061 3558 per
3104 3485 3247 3542 hanc
3293 3486 3459 3543 vitam

1893 3584 2122 3648 vagatur
2173 3586 2227 3634 et
2272 3579 2510 3635 oberrat.
2562 3576 2677 3635 lloc
2720 3595 2850 3635 vero
2896 3579 3159 3634 auxilium
3205 3578 3459 3634 conciliat

1894 3670 2052 3725 nobis
2088 3670 2284 3725 ﬁducia
2309 3686 2438 3742 erga
2468 3671 2574 3725 vim
2605 3678 2658 3725 et
2683 3671 2979 3741 potentiam
3005 3670 3148 3741 ejus,
3176 3670 3267 3740 qui
3296 3671 3456 3726 nobis

1894 3773 2050 3829 opem
2097 3758 2239 3814 ferre
2280 3754 2459 3827 solet‘;
2498 3766 2554 3815 et
2598 3758 2644 3814 si
2676 3758 2869 3813 umbra
2914 3758 3122 3813 alarum
3155 3756 3253 3815 Dei
3284 3773 3462 3813 arme-

1896 3864 2038 3904 ntur.
2064 3844 2171 3904 Per
2200 3849 2448 3904 umbram
2482 3849 2689 3902 alarum
2718 3847 2808 3927 Dei
2832 3888 2846 3910 ,
2873 3865 2994 3918 quae
3020 3848 3305 3905 velamenti
3340 3849 3460 3903 loco

1894 3938 2055 4017 nobis
2086 3947 2171 3995 est
2190 3980 2205 4003 ,
2237 3935 2284 3995 si
2314 3939 2438 4010 quis
2463 3939 2692 3995 virtutes
2720 3937 3018 4010 intelligat;
3051 3939 3274 3995 minime
3300 3939 3457 3994 aber-

1897 4030 2121 4085 raverit.
2158 4028 2331 4096 Quale
2359 4031 2503 4086 enim
2535 4027 2835 4086 secundum
2879 4046 3035 4086 suam
3087 4043 3336 4085 naturam
3389 4029 3460 4082 sit

1898 4120 2074 4191 ipsum
2129 4119 2371 4176 divinum
2422 4136 2657 4186 numen,
2709 4120 2944 4175 humana
2993 4127 3187 4174 natura
3240 4119 3457 4188 assequi
3542 4174 3545 4177 ,

1898 4220 1952 4267 et
2000 4210 2454 4281 comprehendere
2495 4212 2714 4282 nequit,
2760 4225 2883 4266 cum
2930 4208 3186 4265 ineﬁ‘abili
3223 4209 3457 4279 quodam
3515 4246 3519 4249 .

1900 4301 2061 4357 modo
2090 4317 2304 4357 omnem
2333 4303 2623 4356 humanam
2660 4301 3041 4373 cogitationem
3073 4299 3456 4363 transcendat,

1896 4400 1952 4446 et
1983 4394 2137 4463 quasi
2168 4391 2499 4463 supervolet.
2554 4395 2623 4446 At
2664 4392 2834 4464 ﬁgura
2878 4392 3125 4463 qumdam
3178 4395 3461 4452 inenarra-

1896 4486 2023 4540 bilis
2064 4486 2211 4539 illius
2258 4490 2497 4549 naturae,
2548 4499 2643 4554 per
2686 4481 3027 4539 umbratilem
3072 4484 3333 4542 virtutum
3365 4488 3463 4545 de-

1896 4575 2250 4647 scriptionem
2308 4575 2522 4632 exsistit
2589 4577 2643 4630 in
2690 4575 2760 4631 iis
2807 4577 2901 4646 qui
2954 4577 3143 4633 oculos
3193 4579 3258 4633 ad
3312 4580 3460 4637 illam

1897 4675 2260 4733 convertunt,
2291 4674 2351 4722 ut
2403 4666 2630 4738 proinde
2676 4668 2856 4723 omnis
2911 4669 3002 4723 illa
3052 4670 3357 4740 sapientia,
3409 4687 3463 4728 rt

1897 4761 2163 4819 scientia.
2211 4769 2264 4815 et
2302 4760 2481 4814 omnis
2520 4772 2812 4830 apparatus
2857 4764 3028 4833 partis
3067 4764 3220 4833 ejus,
3257 4782 3378 4837 qua:
3408 4768 3461 4823 in

1894 4851 2337 4921 apprehensione
2364 4850 2647 4917 consistit,
2694 4852 2918 4907 minime
2962 4855 3072 4908 sint
3104 4856 3233 4925 ipsa:
3266 4842 3463 4913 divina'

1894 4940 2028 5005 alae,
2060 4939 2154 4994 sed
2192 4936 2499 4996 divinarum
2533 4939 2742 4994 alarum
2791 4943 3035 5010 quaedam
3085 4946 3297 5001 umbra.
3351 4947 3466 5000 Ma-

1892 5047 2057 5101 gnum
2090 5046 2221 5086 vero
2246 5030 2367 5085 hazc‘
2388 5030 2508 5100 ipsa
2538 5031 2733 5086 umbra
2764 5033 3085 5088 beneﬁcium
3115 5045 3238 5101 est,
3272 5037 3461 5094 nobis-

1893 5134 1999 5189 que
2028 5133 2056 5171 a
2093 5117 2203 5173 Deo
2228 5119 2484 5174 collatum
2514 5138 2526 5174 :
2552 5119 2869 5189 (Clamabo,
2900 5141 2920 5176 ι
2945 5123 3139 5192 inquit,
3166 5125 3261 5179 cad
3292 5122 3457 5180 Deira

1893 5208 2254 5276 altissimum,
2304 5208 2471 5265 Deum
2516 5212 2610 5283 qui
2653 5211 2918 5269 benefecit
2947 5214 3078 5268 mihi
3107 5230 3121 5277 ;
3155 5233 3175 5267 ι
3208 5230 3303 5284 per
3342 5231 3460 5268 um-

1893 5300 2042 5355 bram
2079 5301 2218 5356 hanc
2238 5344 2251 5369 ,
2282 5317 2444 5372 quam
2480 5319 2545 5358 ex
2583 5304 2693 5359 alto
2722 5303 2849 5360 huic
2878 5304 3003 5359 vita:
3034 5305 3255 5362 caducae
3287 5304 3458 5360 demi-

1897 5387 1987 5453 Sil,
2033 5390 2269 5446 servavit
2299 5397 2352 5447 et
2385 5390 2636 5448 liberavit
2673 5406 2760 5447 me
2788 5405 2950 5461 opera
2985 5393 3243 5463 spiritus,
3277 5391 3370 5459 qui
3403 5389 3455 5441 in

3106 5655 3225 5730 .19
