4018 6334
614 305 716 361 58⁸7

1875 291 1930 345 S.
1974 291 2301 347 GREGORII
2335 291 2625 346 NYSSENI
3707 293 3793 349 588

616 418 760 475 nube.
791 408 1167 464 umbraeulum
1196 405 1420 476 przebuit
1447 443 1461 467 ,
1489 412 1541 457 et
1574 418 1669 458 eos
1699 401 1791 471 qui
1825 417 1909 454 me
1937 401 2184 470 superio—

2298 403 2451 458 κὺτοῦ
2502 404 2595 458 καὶ
2641 401 2737 471 τὴν
2787 400 3042 468 ἀλήθειαν
3076 399 3275 466 αὑτοῦ,
3324 383 3410 455 καὶ
3455 406 3688 476 ὲῤῥύσατο
3716 414 3796 482 τὴν

616 508 766 560 ribus
809 499 1036 569 psalmis
1076 497 1460 552 couculcarant
1485 536 1497 557 ,
1531 494 1679 548 dedit
1715 494 1766 547 in
1798 492 2186 563 opprobrium,

614 600 667 643 ct
700 589 909 660 pudore
939 587 1135 642 alfecit.
1167 605 1184 636 ι
1216 585 1361 640 illisit
1397 586 1539 640 enim
1589 584 1729 639 Deus
1759 582 2189 638 misericordiam

615 695 805 745 suam,
856 687 910 733 et
962 679 1245 733 veritatem
1302 692 1489 738 suam,
1538 683 1592 729 et
1651 673 1906 728 liberavit
1955 673 2190 726 animam

612 787 790 826 meam
842 770 910 824 de
959 767 1138 823 medio
1193 767 1518 820 catulorum.
1551 783 1569 816 ι
1600 763 1740 820 Vere
1772 764 1933 817 catuli
1974 763 2193 832 luerunt

622 861 756 914 mihi
817 861 966 929 prius
1019 865 1271 927 peccata,
1323 856 1407 910 vel
1455 854 1620 908 catuli
1674 853 1926 918 leonum,
1961 852 2053 922 qui
2109 866 2193 906 me

617 947 854 1004 terriﬁco
891 947 985 1001 illo
1023 945 1172 1000 hiatu
1208 952 1262 998 et
1293 943 1554 1014 unguium
1599 943 1946 997 acuminibus
1989 940 2194 994 dilace-

619 1042 810 1096 rabant
838 1081 853 1106 ,
880 1038 975 1094 sed
1024 1045 1292 1092 venerunt
1337 1035 1692 1089 auxiliatores
1739 1031 2110 1089 misericordia
2141 1040 2195 1086 et

617 1132 843 1186 veritas.
885 1129 1122 1184 Pulchra
1171 1127 1527 1198 conjunctio;
1563 1141 1738 1195 neque
1769 1126 1914 1180 enim
1959 1126 2075 1180 sine
2109 1125 2196 1193 ju-

617 1223 760 1277 dicio
787 1221 1166 1277 misericordia
1196 1228 1314 1280 est,
1361 1234 1537 1288 neque
1581 1219 1780 1273 veritas
1827 1217 1946 1272 sine
1983 1216 2196 1271 miseri-

619 1314 805 1369 cordia
831 1331 844 1366 :
883 1314 1188 1382 harumque
1217 1310 1462 1366 subsidio
1493 1309 1767 1364 liberabor
1797 1323 1827 1362 a
1861 1306 2114 1363 convictu
2141 1314 2194 1360 et

621 1405 1022 1462 consuetudine
1052 1405 1382 1458 catulorum.
1417 1402 1539 1456 Istae
1571 1400 1758 1456 bestia:
1787 1407 1913 1455 sunt
1933 1439 1946 1463 ,
1981 1398 2190 1467 inquit,

623 1519 639 1547 ι
668 1497 761 1551 lilii
793 1497 1072 1551 hominum
1098 1535 1112 1560 ,
1143 1515 1160 1547 ι
1187 1509 1420 1565 quorum
1439 1513 1459 1544 ι
1484 1493 1675 1548 dentes
1702 1505 1850 1545 arma
1881 1498 1933 1543 et
1956 1489 2192 1558 sagittae,

617 1599 669 1642 et
701 1590 882 1659 lingua
910 1604 1096 1642 eorum
1123 1587 1337 1658 gladius
1362 1593 1578 1641 acutus.
1605 1604 1622 1636 ι
1645 1583 1761 1638 Νοη
1794 1583 1958 1636 habet
1988 1590 2196 1635 naturae

619 1690 820 1734 nostrae
865 1679 1069 1733 fabrica
1116 1678 1242 1732 talia
1287 1677 1565 1738 membra,
1621 1674 1901 1729 hominum
1946 1672 2026 1724 ori
2077 1672 2195 1725 loco

2290 495 2468 564 ψυχήν
2499 510 2598 563 μου
2642 494 2704 545 ὲκ
2757 495 2922 562 μέσου
2968 493 3243 562 σκύμνων.
3277 511 3294 544 ι
3344 494 3559 565 Σκύμνοι
3585 497 3635 550 δὲ
3662 500 3799 565 δντως

2295 602 2382 654 μοι
2415 580 2552 654 ἦσαν
2581 585 2636 636 αἱ
2693 583 2957 652 ἁμαρτίαι
3004 583 3065 635 τὸ
3116 583 3407 655 πρότερον,
3463 586 3569 656 ἤτοι
3610 589 3802 660 σκύμνοι

2292 676 2537 738 λεόντων,
2584 674 2634 727 οἶ
2684 674 2760 744 τῷ
2792 674 3008 745 φοϐερῷ
3040 676 3302 744 χάσματι,
3343 677 3432 728 καὶ
3459 681 3568 740 ταῖς
3595 681 3689 734 τῶν
3710 683 3806 736 ὀνύ-

2291 785 2399 838 χων
2423 769 2626 837 ἀκμαῖς
2651 767 3120 835 κατεσπάρασσον.
3152 767 3290 819 Ἀλλ’
3311 763 3465 838 ἦλθον
3483 771 3528 822 οί
3551 770 3806 842 σύμμαχοι,

2291 859 2319 910 6
2347 856 2490 920 ἐλεὸς
2517 874 2572 910 τε
2602 857 2696 910 καὶ
2719 859 2751 927 ἡ
2779 856 3024 927 ἀλήθεια,
3059 859 3092 927 η
3125 857 3264 928 καλὴ
3294 857 3528 926 συζυγία.
3567 859 3692 914 Οὔτε
3719 863 3812 933 γὰρ

2293 947 2512 1018 ἄκριτος
2555 950 2584 1000 6
2616 948 2762 1011 ἕλεος
2785 987 2800 1012 ,
2852 947 2975 1000 οὔτε
3011 947 3234 1017 ἀνελεὴς
3271 950 3304 1018 ἡ
3345 948 3576 1018 ἀλήθεια.
3622 952 3720 1005 Καὶ
3741 953 3813 1006 διὰ

2291 1037 2494 1091 τούτων
2529 1036 2810 1107 ἐλευθεροῦ
2821 1054 2917 1107 μαι
2947 1038 3048 1107 τῆς
3077 1038 3214 1108 μετὰ
3245 1037 3350 1092 τῶν
3381 1039 3616 1110 σκύμνων
3641 1043 3814 1098 τούτων

2291 1129 2584 1198 διαγωγῆς.
2625 1128 2703 1180 Τὰ
2727 1127 2783 1180 δὲ
2818 1127 2980 1196 θηρία
3005 1126 3198 1190 ταῦτα,
3225 1127 3406 1198 φησὶν,
3447 1148 3465 1180 ι
3510 1131 3608 1184 υίοὶ
3636 1131 3819 1203 ἀνθρώ-

2293 1237 2409 1272 πων
2438 1239 2455 1294 ι
2489 1220 2643 1281 sio-iv,
2697 1205 2774 1268 ὧν
2800 1230 2820 1263 ‹
2853 1219 2902 1270 οἱ
2945 1217 3153 1281 ὀδόντες
3200 1218 3338 1272 ὅπλα
3373 1219 3462 1272 καὶ
3493 1219 3635 1291 βέλη,
3679 1223 3762 1276 καὶ
3790 1225 3819 1293 ἡ

2292 1309 2510 1377 γλῶσσα
2540 1309 2718 1362 αὐτῶν
2752 1309 2995 1380 μάχαιρα
3028 1309 3192 1375 ὀξεῖα.
3222 1329 3239 1359 ι
3280 1309 3390 1362 Οὐκ
3413 1305 3597 1380 οἶδενὴ
3624 1314 3710 1381 τῆς
3737 1312 3823 1382 φύ-

2296 1413 2428 1461 σεως
2454 1397 2612 1467 ἡμῶν
2645 1397 2957 1466 κατασκευὴ
3006 1395 3074 1449 τὰ
3106 1397 3338 1466 αἰσθητὰ
3387 1397 3515 1468 μέλη
3553 1397 3708 1451 ταῦτα
3729 1403 3823 1461 τοίς

2294 1488 2649 1557 ἀνθρωπίνοις
2687 1488 2945 1558 στόμασιν
2984 1489 3104 1542 ἀντὶ
3148 1488 3376 1542 ὀδόντων
3405 1488 3702 1557 ὲγκείμενα,
3727 1489 3822 1542 ἀλλ’

2294 1579 2370 1632 ὅτ’
2392 1580 2457 1633 ἄν
2486 1598 2569 1644 τις
2601 1581 2839 1653 ὁμοιωθῇ
2869 1582 3002 1652 πρὸς
3040 1581 3100 1634 τὸ
3133 1580 3324 1644 πάθος,
3346 1581 3436 1633 καὶ
3464 1582 3824 1652 μεταμορφωοῇ

2297 1669 2432 1740 πρὸς
2467 1673 2565 1742 τὴν
2608 1673 3003 1743 ἐπικρατοῦσαν
3035 1673 3253 1736 κακίαν,
3294 1673 3559 1735 ἀπολέσας
3585 1674 3676 1744 τὴν
3709 1675 3828 1726 κατὰ

617 1771 862 1824 dentium
916 1769 1120 1832 indita,
1173 1767 1268 1823 sed
1322 1783 1444 1820 cum
1493 1765 1616 1836 quis
1660 1764 1857 1819 similis
1891 1763 1977 1826 lit,
2014 1763 2193 1831 quoad

2299 1762 2460 1832 φύσιν
2513 1765 2759 1835 μορφὴν,
2814 1765 3010 1836 θηρίον
3045 1767 3272 1833 γίνεται.
3319 1765 3415 1817 Διὰ
3455 1764 3605 1818 τοῦτο
3631 1765 3829 1818 λεόντων

618 1859 967 1922 aliectiones,
1012 1868 1065 1914 et
1108 1856 1530 1912 transformatus
1575 1854 1741 1909 fuerit
1785 1853 1837 1907 in
1887 1853 2186 1916 malitiam,

618 1953 896 2022 deperdita
938 1950 1171 2004 naturali
1219 1948 1430 2010 forma,
1488 1947 1660 2001 bestia
1696 1944 1927 1999 eﬂicitur
1967 1959 1980 1995 :
2025 1943 2094 1997 ob
2136 1941 2190 1996 id

2300 1853 2552 1922 μνησθεὶς
2568 1855 2693 1918 τοὺς
2714 1857 2860 1918 υἱοὺς
2886 1856 2994 1909 τῶν
3017 1857 3111 1910 ἀνθ
3122 1858 3321 1927 ρώπων
3337 1858 3627 1928 ὠνόμασεν,
3648 1847 3689 1925 ᾧ
3712 1857 3829 1910 ὀδόν-

2299 1960 2386 2008 τες
2415 1945 2508 1998 καὶ
2538 1945 2778 2016 γλεῖὒσσα,
2807 1947 2874 2000 τὰ
2899 1948 2991 2000 τοῦ
3023 1949 3257 2020 πολέμου
3280 1950 3512 2020 δργανα.

618 2046 889 2100 mentione
918 2043 1134 2097 leonum
1164 2039 1328 2105 facta,
1357 2039 1496 2092 ﬁlios
1525 2036 1802 2090 hominum
1843 2035 2120 2100 nominat,
2164 2035 2362 2105 quibus
2391 2036 2582 2092 dentes
2611 2047 2666 2092 et
2694 2039 2872 2109 lingua
2905 2049 3035 2095 sunt
3070 2041 3196 2096 belli
3229 2042 3617 2097 instrumenta.

685 2133 790 2199 Qui
827 2133 992 2202 igitur
1018 2132 1347 2201 cogitatione
1378 2136 1588 2183 tantum
1625 2128 1948 2183 sublevatus
1977 2135 2080 2190 est,
2120 2135 2182 2182 ut

618 2226 720 2280 sub
771 2223 960 2277 umbra
1019 2223 1228 2275 alarum
1277 2221 1584 2275 divinarum
1637 2218 1878 2284 habitet,
1933 2229 2100 2290 utque
2153 2233 2183 2272 a

618 2325 763 2368 terra
799 2314 854 2367 in
895 2313 1175 2367 caelestem
1212 2321 1412 2364 sortem
1445 2320 1759 2366 assumatur
1805 2309 1959 2380 (dicit
2000 2310 2180 2365 enim:

625 2428 641 2458 ι
691 2405 836 2460 Misit
864 2404 931 2458 de
963 2403 1124 2466 cmlo,
1160 2409 1215 2457 et
1254 2401 1502 2456 liberavit
1535 2417 1619 2457 me
1657 2401 1722 2472 ι),
1742 2401 1790 2456 is
1811 2416 1919 2454 non
1966 2401 2188 2469 respicit

618 2497 852 2566 amplius
889 2495 954 2549 ad
1004 2503 1249 2558 terrena,
1294 2492 1390 2547 sed
1429 2493 1477 2548 ei
1509 2509 1627 2562 qua:
1668 2502 1750 2548 est
1789 2494 1846 2547 in
1875 2492 2189 2549 ctelestibus

619 2590 802 2659 gloria:
823 2587 1006 2643 studet
1035 2627 1048 2641 .
1085 2605 1104 2638 ι
1131 2586 1436 2648 Exaltare,»
1467 2585 1738 2654 inquiens,
1767 2604 1784 2637 ι
1817 2601 1980 2655 super
1999 2584 2187 2644 cmlos,

622 2681 783 2739 Deus.
819 2690 873 2736 et
908 2694 1072 2748 super
1115 2693 1331 2732 omnem
1364 2687 1562 2732 terram
1594 2677 1766 2748 gloria
1812 2684 1927 2742 tua;
1972 2696 1989 2728 ι
2035 2690 2195 2731 enar-

621 2785 858 2840 ransque
913 2769 1155 2824 hostium
1223 2769 1630 2838 impressiones,
1692 2767 1824 2837 ipsis
1874 2769 1988 2823 suis
2036 2767 2196 2822 malis

619 2877 715 2916 eos
744 2859 1047 2931 circumagi
1087 2858 1240 2925 dicit,
1289 2868 1345 2916 et
1370 2859 1516 2914 velut
1563 2859 1618 2913 in
1654 2856 1864 2913 foveam
1897 2857 2192 2924 decidere;

622 2954 696 3006 ait
725 2967 998 3022 namque:
1038 2970 1055 3002 ι
1090 2949 1366 3022 Laqueum
1407 2957 1738 3020 paraverunt
1767 2949 1996 3020 pedibus
2035 2953 2193 3016 meis,

2375 2129 2432 2181 '0
2464 2125 2556 2182 οῦν
2590 2129 2840 2186 τοσοῦτον
2875 2133 3198 2204 ὑπεραρθεὶς
3231 2134 3338 2203 τὴν
3378 2134 3627 2196 διάνοιαν,
3655 2133 3724 2195 ὡς
3751 2131 3836 2186 ὕπό

2292 2221 2390 2289 τὴν
2423 2220 2579 2274 σκιὰν
2612 2222 2720 2275 τῶν
2750 2222 2907 2276 θείων
2943 2225 3227 2296 πτερύγων
3253 2226 3598 2290 αὐλίζεσθαι,
3637 2227 3722 2278 καὶ
3749 2224 3837 2278 ἀπὺ

2293 2312 2391 2382 τῆς
2418 2312 2521 2380 γῆς
2538 2313 2617 2376 είς
2644 2313 2740 2384 τὴν
2767 2315 3016 2386 οὐράνιον
3034 2313 3182 2387 λῆξιν
3203 2317 3584 2388 ἀναληφθῆναι
3605 2319 3648 2387 (ι
3677 2316 3841 2381 Ἐξαπο

2299 2403 2536 2457 ἔστειλεν
2572 2423 2590 2456 ι
2651 2407 2791 2478 γὰρ,
2828 2409 3019 2476 φησὶν,
3077 2427 3096 2460 ι
3125 2408 3183 2472 ἐξ
3225 2408 3498 2480 οὐρανοῦ,
3543 2410 3632 2463 καλΙ
3672 2407 3842 2460 ἔσωσέν

2300 2514 2365 2566 με
2407 2491 2668 2561 ³),ούκέτι
2707 2499 2840 2570 πρὸς
2881 2499 2948 2554 τὰ
2976 2502 3224 2572 περίγεια
3261 2502 3480 2569 Βλέπει,
3514 2501 3643 2555 ἀλλὰ
3676 2500 3760 2576 την
3797 2500 3843 2550 ἐν

2298 2593 2407 2652 τοῖς
2429 2590 2769 2662 ἐπουρανίοις
2799 2593 2952 2659 δόξαν
2988 2596 3437 2665 περιεργάζεται,
3481 2614 3498 2646 ι
3531 2593 3793 2663 ’Υψώθητι,
3819 2610 3834 2641 ι

2293 2677 2486 2746 λέγων,
2501 2698 2518 2728 ι
2539 2680 2632 2734 ἐπὶ
2656 2682 2779 2744 τοίις
2811 2682 3090 2752 οὐρανοὺς,
3113 2685 3141 2737 6
3159 2683 3318 2748 Θεὸς,
3337 2685 3430 2738 καὶ
3463 2684 3552 2737 ἐπὶ
3577 2685 3741 2736 πᾶσαν
3761 2681 3840 2748 τὴν

2293 2771 2396 2842 γῆν
2435 2774 2467 2842 η
2494 2772 2620 2836 δόξα
2667 2789 2782 2826 σου.
2815 2793 2832 2823 ι
2882 2773 2992 2827 Καὶ
3020 2773 3384 2850 διηγούμενος
3413 2773 3510 2838 τὰς
3537 2774 3640 2827 τῶν
3665 2771 3840 2842 ἐχθρῶν

2295 2859 2620 2928 προσϐολὰς,
2649 2863 2877 2925 ἐκείνοις
2906 2862 3067 2931 φησὶν
3096 2863 3284 2928 αὐτοῖς
3313 2866 3427 2927 τοῖς
3454 2863 3654 2917 ἑαυτῶν
3683 2859 3843 2919 κακοῖς

2297 2951 2749 3022 περιστρέφεσθαι
2804 2955 2915 3016 τοῖς
2968 2953 3180 3024 βόθροις
3230 2955 3680 3016 καταπίπτοντας.
3729 2951 3843 3019 Φησὶ

621 3059 676 3102 et
706 3048 1144 3102 incurvaverunt
1180 3045 1416 3098 animam
1449 3059 1647 3109 meam,
1677 3042 1934 3098 foderunt
1963 3049 2086 3095 ante
2122 3042 2191 3094 fa-

2298 3041 2420 3112 γὰρ,
2444 3043 2524 3095 ὃτι
2549 3061 2566 3094 ι
2601 3042 2811 3111 Παγίδα
2837 3043 3136 3114 ἡτοίμασαν
3166 3047 3286 3109 τοῖς
3321 3046 3447 3098 ποσί
3476 3062 3594 3116 μου,
3628 3043 3715 3098 καὶ
3739 3057 3845 3095 κατ-

621 3139 762 3192 ciem
814 3151 986 3190 meam
1023 3135 1255 3200 foveam,
1301 3141 1355 3188 et
1393 3132 1704 3188 inciderunt
1749 3131 1803 3184 in
1845 3145 1987 3185 eam.
2021 3147 2040 3180 ι
2078 3128 2195 3198 Ipse

621 3244 752 3283 vero
798 3243 857 3282 se
889 3235 1134 3296 paratum
1177 3226 1253 3279 ait
1304 3223 1561 3278 laudibus
1609 3222 1920 3276 celebrandi
1951 3221 2194 3278 divinam

623 3318 873 3386 gloriam.
910 3315 1082 3381 Quam
1121 3315 1314 3369 beatus
1349 3315 1456 3378 ille,
1513 3314 1583 3368 ob
1631 3320 1835 3366 tantam
1867 3320 2075 3365 natura
2112 3310 2196 3364 in-

623 3405 864 3473 genitam
901 3403 1240 3468 felicitatem,
1270 3404 1356 3457 cui
1394 3417 1493 3456 cor
1523 3402 1590 3456 ad
1621 3400 2016 3455 decantandam
2058 3399 2196 3455 divi-

626 3509 750 3548 nam
783 3493 1014 3564 gloriam
1049 3503 1410 3564 przeparatum
1446 3501 1548 3556 est,
1585 3493 1856 3564 recipiens
1887 3491 2027 3545 intra
2057 3506 2116 3546 se
2142 3491 2194 3545 id

625 3587 770 3657 quod
817 3587 936 3656 capi
988 3586 1196 3656 nequit.
1247 3585 1566 3656 Expeditum
1619 3594 1798 3640 autem
1851 3591 1903 3639 et
1948 3591 2194 3653 paratum

627 3695 746 3733 sese
778 3678 1075 3740 allirmans,
1113 3692 1218 3732 non
1255 3677 1433 3731 dill‘crt
1461 3677 1620 3730 odam
1647 3693 1740 3732 seu
1777 3677 2070 3738 canticum,
2101 3675 2194 3730 sed

627 3770 862 3822 animata
905 3769 994 3821 illa
1041 3783 1162 3837 qua:
1193 3767 1423 3822 habebat
1463 3768 1825 3822 instrumenta
1859 3767 1923 3820 ad
1957 3767 2196 3821 celebra-

628 3860 790 3914 tionis
819 3860 1179 3914 ministerium
1219 3857 1470 3918 advocat.
1504 3877 1521 3909 ι
1553 3857 1818 3929 Exsurge,
1855 3877 1874 3909 ι
1921 3859 2194 3928 inquiens,

634 3971 650 4000 ι
684 3950 998 4021 psalterium
1025 3963 1076 4003 ct
1108 3951 1339 4016 cithara,
1371 3970 1390 4001 ι
1421 3949 1473 4004 id
1504 3951 1646 4021 quod
1673 3950 1904 4019 duplicis
1933 3949 2192 4010 hominis,

627 4043 746 4109 ejus
776 4042 868 4110 qui
905 4041 1140 4103 videtur,
1169 4049 1223 4095 et
1247 4043 1339 4111 qui
1372 4043 1561 4097 oculos
1594 4041 1750 4112 fugit,
1782 4042 2120 4100 harmoniam
2144 4050 2197 4094 ct

629 4140 954 4186 concentum
998 4132 1213 4188 divinas
1259 4132 1515 4188 efferendi
1560 4135 1767 4198 laudes,
1819 4134 2042 4197 indicat,
2077 4135 2197 4188 obe-

629 4224 893 4294 diuntque
920 4224 1137 4278 voeanti
1184 4238 1406 4295 organa.
1440 4222 1674 4294 Tempus
1708 4239 1837 4279 vero
1883 4224 2192 4294 hujusmodi

632 4315 868 4369 musices
906 4313 1204 4368 diluculum
1247 4322 1367 4377 est;
1399 4328 1574 4383 neque
1601 4314 1742 4368 enim
1780 4313 1866 4369 his
1913 4313 2001 4382 qui
2031 4329 2192 4383 opera

2296 3133 2548 3204 έκαμψαν
2578 3133 2676 3204 τὴν
2695 3134 2872 3205 ψυχήν
2905 3151 3027 3204 μου.
3056 3134 3300 3205 Ὠρυξαν
3321 3137 3429 3207 πρὸ
3456 3135 3734 3209 προσώπου
3761 3148 3844 3202 μου

2299 3221 2506 3292 βόθρον,
2532 3222 2623 3276 καὶ
2651 3223 2905 3276 ἐνέπεσον
2933 3226 3013 3288 είς
3044 3224 3226 3280 αὐτόν.
3259 3245 3277 3278 ι
3308 3227 3481 3290 Αὐτὸς
3509 3225 3566 3280 δὲ
3591 3228 3645 3278 ὲν
3676 3223 3848 3292 ἑτοίμῳ

2297 3307 2434 3366 εἷναί
2462 3329 2622 3384 φησιν
2655 3313 2748 3366 τοῦ
2781 3315 2879 3386 τὴν
2913 3314 3060 3368 θείαν
3089 3315 3249 3381 δόξαν
3275 3317 3342 3370 δι’
3371 3317 3648 3389 εὐφημίας
3670 3315 3846 3386 ὑμνεῖν.

2308 3401 2393 3465 Ὠς
2417 3403 2681 3472 μακάριος
2713 3405 2811 3473 τῆς
2837 3405 3104 3476 τοσαύτης
3136 3410 3516 3477 μεγαλοφυῖας
3557 3409 3766 3467 ἐκεῖνος,
3803 3395 3850 3454 οὗ

2295 3495 2327 3563 ἡ
2364 3493 2559 3561 καρδία
2591 3493 2726 3564 πρὸς
2751 3494 3025 3564 εὐφημίαν
3046 3496 3143 3567 τῆς
3171 3497 3330 3561 θείας
3355 3498 3519 3568 δόξης
3542 3497 3850 3569 ἡτοίμασται,

2296 3583 2550 3654 χωροῦσα
2580 3586 2637 3637 ὲν
2680 3585 2841 3656 ἑαυτῇ
2871 3587 2930 3639 τὸ
2969 3585 3260 3657 ἀχώρητον
3286 3603 3304 3618 ο
3341 3589 3614 3660 εὐτρεπής
3651 3603 3707 3639 τε
3739 3581 3853 3637 εἶναι

2295 3675 2468 3744 λέγων
2513 3677 2605 3730 καὶ
2655 3676 2890 3747 ἕτοιμος,
2936 3677 3030 3730 καὶ
3060 3679 3158 3731 οὐκ
3192 3679 3568 3732 ἀναϐάλλεται
3597 3677 3690 3746 τὴν
3715 3674 3852 3744 ᾠδὴν.

2297 3767 2431 3820 ἀλλὰ
2465 3768 2851 3839 προσκαλεῖται
2889 3768 2956 3822 τὰ
2988 3769 3172 3832 ζῶντα
3203 3771 3375 3824 αὐτοῦ
3403 3771 3611 3842 ὄργανα
3631 3763 3854 3837 ὀνομαστὶ

2298 3857 2430 3927 πρὸς
2452 3857 2547 3926 τὴν
2584 3860 2681 3928 τῆς
2713 3857 2984 3927 ὐμνῳδίας
3008 3857 3322 3929 ὑπηρεσίαν
3357 3859 3562 3924 καλῶν,
3589 3877 3608 3910 ι
3639 3853 3856 3922 Ἐξεγέρ-

2297 3947 2438 4018 θητι,
2481 3967 2498 3998 ι
2528 3947 2719 4016 λέγων,
2754 3967 2772 3999 ι
2804 3947 3097 4019 ψαλτήριον
3139 3950 3238 4002 καὶ
3267 3950 3494 4023 κιθάρα.
3525 3969 3544 4001 ι
3589 3949 3756 4014 ὐπερ
3779 3939 3854 3993 τοῦ

2299 4037 2483 4092 διπλοῦ
2507 4037 2793 4108 ἀνθρώπου
2819 4037 2910 4090 τοῦ
2932 4035 3260 4106 φαινομένου
3284 4058 3346 4092 τε
3371 4041 3468 4092 καὶ
3489 4033 3857 4109 κεκρυμμένου.

2295 4129 2394 4197 τὴν
2424 4128 2740 4198 ἐναρμόνιον
2782 4128 3045 4199 συνῳδίαν
3078 4127 3218 4200 πρὸς
3266 4131 3372 4198 τὴν
3406 4131 3559 4183 θείαν
3586 4122 3858 4190 δοξολογίαν

2299 4219 2650 4281 ἐνδείκνυται,
2699 4219 2796 4272 καὶ
2839 4220 3100 4274 ὑπακούει
3145 4221 3227 4291 τῷ
3260 4222 3524 4276 καλοῦντι
3573 4219 3639 4273 τὰ
3666 4218 3863 4288 δργαναν

2313 4310 2370 4383 'Q
2407 4310 2463 4362 δὲ
2509 4309 2698 4380 καιρὸς
2732 4309 2831 4380 τῆς
2862 4310 3115 4382 τοιαύτης
3164 4314 3444 4383 μουσικῆς
3483 4311 3673 4383 ὄρθρος
3719 4304 3857 4358 ἐστίν·

631 4407 976 4460 tenebrarum
1029 4421 1134 4460 non
1163 4407 1452 4477 abjiciunt,
1481 4407 1652 4477 gloria
1681 4405 1770 4461 Dei
1800 4406 2191 4462 exsuscitatur.

2301 4373 2433 4452 eis:
2464 4398 2571 4470 γὰρ
2601 4373 2708 4451 τῶν
2763 4373 2835 4470 μὴ
2864 4373 3217 4471 ἀποθεμένων
3266 4404 3338 4457 τὰ
3375 4373 3527 4474 ἔργα·
3557 4373 3646 4454 τεῦ
3676 4397 3861 4451 σκότους

639 4515 654 4545 r
699 4495 1001 4567 Exsurgam
1042 4517 1058 4548 ι
1118 4497 1283 4568 igitur
1335 4515 1353 4547 ι
1389 4497 1651 4561 diluculo,
1702 4517 1720 4550 ι
1751 4497 1947 4551 clamat
1996 4499 2195 4567 psalte-

633 4588 772 4640 rium
805 4595 858 4640 et
889 4587 1098 4640 cithara
1141 4587 1205 4641 ad
1240 4596 1548 4648 vocantem,
1598 4589 1785 4656 sicque
1827 4588 2112 4658 pollicetur
2137 4603 2195 4641 se

637 4674 744 4726 Deo
779 4676 1073 4743 gratiarum
1109 4675 1373 4730 actionem
1405 4677 1828 4744 persoluturum,
1874 4692 2034 4745 quam
2065 4691 2196 4730 cou-

633 4766 923 4819 l'essioncm
965 4766 1210 4819 nominat
1237 4769 1561 4834 completam
1607 4767 1658 4819 in
1695 4767 1908 4836 populis
1941 4774 1993 4821 et
2025 4767 2198 4835 genti-

633 4855 756 4909 bus.
788 4854 1052 4908 Dividitur
1077 4858 1220 4910 enim
1244 4857 1396 4926 juxta
1427 4857 1536 4911 duo
1571 4858 1683 4911 haec
1724 4859 1941 4911 nomina
1975 4857 2198 4927 aequali~

633 4952 717 4998 ter
748 4945 919 5012 gratia
975 4943 1095 4998 ﬁdei
1136 4945 1200 4998 ad
1251 4946 1479 5015 populos
1529 4955 1582 4999 et
1622 4956 1833 5017 gentes.
1884 4947 2002 5001 Non
2053 4947 2196 5001 enim

634 5033 944 5089 Judreorum
978 5036 1152 5090 solum
1191 5036 1351 5100 Deus,
1391 5037 1483 5091 sed
1515 5045 1568 5089 et
1608 5041 1870 5105 gentium,
1897 5053 2018 5091 cum
2057 5051 2198 5090 unus

637 5125 707 5178 sit
747 5145 764 5176 ι
815 5124 977 5184 Deus.
1022 5127 1406 5196 quijustilicat
1446 5129 1919 5182 circumcisionem
1966 5145 2029 5181 ex
2073 5127 2197 5186 fide.

637 5219 959 5286 prccputium
993 5235 1088 5287 per
1126 5218 1282 5274 ﬁdem
1315 5222 1355 5273 ⁵.
1402 5241 1417 5271 ι
1472 5220 1762 5289 Pr0pterca
1807 5219 1959 5288 quasi
1995 5215 2200 5287 duplici

638 5311 785 5362 l’ontc
828 5309 1022 5363 divina:
1069 5309 1463 5366 benedictionis
1497 5326 1661 5380 super
1702 5318 1964 5378 utrosque
2004 5309 2195 5369 elTuso,

637 5410 690 5454 et
716 5410 867 5470 parte
915 5403 1133 5471 quidem
1177 5403 1230 5458 in
1283 5403 1502 5472 populo,
1549 5414 1698 5472 parte
1750 5417 1878 5455 vero
1923 5401 2200 5469 ingentes

638 5490 852 5554 diffusa,
891 5507 987 5560 pro
1015 5502 1242 5562 utraque
1273 5494 1619 5562 propheticus
1649 5509 1831 5550 sermo
1855 5492 2059 5562 gratias
2093 5492 2200 5562 agit

716 5667 735 5698 ⁵
772 5664 927 5720 Rom.
965 5684 1045 5728 ιιι,
1090 5668 1177 5722 50.

2303 4492 2334 4560 ἡ
2364 4489 2489 4555 δόξα
2517 4488 2608 4542 τοῦ
2637 4489 2770 4542 Θεοῦ
2800 4492 3142 4562 διεγείρὶται.
3170 4512 3187 4543 ι
3238 4493 3707 4563 Ἐξεγερθήσομαι
3742 4506 3756 4536 ι
3788 4479 3860 4534 οὖν

2309 4599 2325 4631 ι
2340 4583 2394 4632 ὲν
2425 4580 2501 4650 τῷ
2522 4580 2725 4652 ὖρθρῳ,
2749 4601 2766 4632 ι
2796 4583 2927 4651 φησὶ
2963 4583 3098 4654 πρὸς
3119 4583 3211 4635 τὸν
3229 4585 3517 4658 καλοῦντα
3532 4583 3592 4636 τδ
3603 4572 3859 4651 ψαλτήριόν

2302 4690 2361 4724 τε
2381 4673 2474 4724 καλ⁸
2503 4674 2532 4740 ἡ
2573 4672 2795 4743 κιθάρα.
2824 4675 2932 4726 Καὶ
2956 4673 3126 4736 οὕτως
3158 4676 3571 4744 ἐπαγγέλλεται
3597 4669 3859 4741 πληρώσειν

2303 4761 2379 4830 τῷ
2408 4761 2524 4830 Θεῷ
2554 4761 2652 4832 τὴν
2675 4763 3045 4833 εὐχαριστίαν,
3093 4764 3159 4833 ἣν
3197 4765 3605 4836 ἐξομολόγησιν
3645 4761 3792 4828 λέγει,
3817 4755 3861 4804 ἐν

2303 4851 2448 4914 λαοῖς
2484 4851 2864 4922 πληρουμένην
2901 4854 2994 4905 καὶ
3030 4853 3233 4909 ἔθνεσι.
3280 4857 3589 4927 Μερίζεται
3629 4852 3729 4918 γὰρ
3755 4843 3865 4913 πρὸς

2302 4943 2370 4996 τὰ
2399 4943 2488 4995 δύο
2514 4942 2685 4995 ταῦτα
2725 4943 2961 5013 ὀνόματα
2993 4946 3135 4998 κατὰ
3173 4946 3238 4998 τὸ
3277 4947 3397 5000 ἴσον
3429 4949 3464 5017 η
3496 4945 3651 5016 χάρις
3669 4939 3756 5006 τῆς
3791 4931 3866 4982 πί-

2307 5051 2492 5096 στεως,
2520 5034 2655 5102 πρός
2685 5049 2743 5085 τε
2779 5034 2901 5096 τοὺς
2927 5033 3089 5097 λαοὺς
3115 5035 3212 5088 καὶ
3239 5037 3314 5091 τὰ
3351 5037 3504 5104 ἔθνη.
3532 5035 3606 5087 Οὐ
3626 5031 3726 5098 γὰρ
3753 5026 3868 5118 ρουτ

2305 5122 2465 5174 δαίων
2489 5124 2516 5174 6
2543 5121 2672 5182 Θεὸς
2703 5122 2878 5189 μόνον,
2916 5121 3050 5175 ἀλλὰ
3083 5123 3180 5174 καὶ
3214 5123 3414 5177 ἐθνῶν.
3461 5112 3820 5180 Ἐπείπερεὶς(
3840 5112 3863 5146 ο

2307 5213 2433 5274 Θεὸς
2456 5253 2470 5275 ,
2516 5212 2572 5275 ὃς
2609 5211 2884 5265 δικαιώσει
2931 5215 3237 5285 περιτομὴν
3274 5217 3343 5267 ἐκ
3377 5217 3633 5273 πίστεως,
3664 5201 3866 5275 ἀκροϐυ-

2310 5305 2460 5356 στίαν
2488 5303 2574 5356 διὰ
2613 5303 2711 5372 τῆς
2764 5304 3170 5368 πίστεως.ιΔιὰ
3216 5307 3386 5359 τοῦτο
3431 5305 3678 5370 καθάπερ
3703 5287 3866 5350 διπλοῦ

2307 5416 2445 5461 τινος
2473 5397 2739 5469 ῥεύματος
2762 5399 2858 5468 τῆς
2885 5398 3032 5461 θείας
3055 5397 3312 5465 εὐλογίας
3334 5388 3866 5468 ἐπ’ἇμφωχυθείσηξν

2311 5487 2384 5556 πῆ
2425 5488 2522 5558 μὲν
2574 5488 2663 5540 ἐπὶ
2697 5489 2820 5551 τοὺς
2847 5488 3027 5553 λαοὺς,
3063 5489 3134 5556 πῆ
3179 5488 3237 5541 δὲ
3279 5491 3421 5558 πρὸς
3452 5488 3522 5542 τὰ
3551 5487 3669 5553 ἔθνη
3690 5479 3862 5548 διαιρε.
