4018 6334
112 2543 128 2818 >

118 2821 124 2898 ᾗ

104 3331 110 3482 ἶ

104 2940 128 3328 l

226 5201 310 5241 tr.

117 5213 138 5423 Ι
233 5279 310 5348 δεμ

233 5365 310 5435 εκεῖ

297 146 386 202 580

1704 146 1772 202 lN
1805 146 2143 204 PSALMOS.

3446 158 3550 215 590

296 262 488 334 θείσης,
526 261 667 335 ὑπὲρ
698 261 1027 336 ἀμφοτέρων
1055 267 1086 337 ἡ
1127 265 1432 339 προφητεία
1461 265 1538 338 τῷ
1571 266 1689 338 Θεῷ
1709 282 1849 339 προσ

1974 268 2104 334 Deo,
2153 267 2282 338 quia
2329 273 2556 337 peccato
2586 265 2639 320 in
2691 265 2964 323 infinitum
3017 267 3272 335 adaucto,
3325 283 3549 343 superat

292 353 403 420 ἀγει
433 353 535 424 τὴν
579 355 953 426 εὐχαριστίαν,
975 357 1057 410 ὅτι
1087 356 1188 426 τῆς
1226 356 1498 426 ἁμαρτίας
1541 357 1620 419 εἰς
1642 357 1868 428 ἄπειρον

292 445 633 517 αὐξηθείσης,
669 448 924 518 ὑπερέχει
947 449 1004 501 ὲν
1042 446 1120 518 τῷ
1163 446 1276 517 ἰδίῳ
1308 446 1526 517 μεγέθει
1555 449 1585 500 ὁ
1613 446 1707 501 τοῦ
1729 448 1866 502 Θεοῦ

290 538 444 601 ἕλεος,
481 539 578 592 καὶ
615 539 782 592 αὐτοῦ
821 539 914 593 τοῦ
948 539 1196 612 οὐρανίου
1230 537 1398 608 ὕψους
1428 539 1685 610 ὑπεράνω
1717 539 1868 608 γενό-

289 646 458 699 μενος.
520 649 538 680 ς
561 631 721 699 Μέγα
744 650 763 683 ο
796 631 928 703 γάρ,
964 632 1149 702 φησὶν,
1197 650 1216 684 ι
1258 631 1443 685 ἐπάνω
1479 632 1585 685 τῶν
1621 631 1865 702 οὐρανῶν

283 723 337 775 τὸ
360 721 510 786 ἔλεός
543 740 657 776 σου.
682 741 700 774 ι
744 723 825 776 Τά
849 725 1069 795 ῥήματα
1104 719 1205 794 τῆς
1247 723 1389 795 ὑπὲρ
1417 721 1621 777 τούτων
1658 722 1866 789 δοξολο-

282 814 394 882 γίας
413 807 576 885 οἶμαι
597 815 697 879 τὰς
717 816 1032 880 τελευταίας
1047 810 1184 870 εῖναι
1205 816 1305 887 τῆς
1321 814 1643 886 ψαλμῳδίας
1659 813 1864 881 φωνὰς,

280 905 330 955 ὲν
360 899 442 968 οἷς
477 922 649 975 φησιν
667 923 682 937 ο
734 925 753 958 ι
786 904 1066 977 ’Υψώθητι
1096 907 1189 960 ἐπὶ⁵
1213 907 1340 970 τοὺς
1367 906 1692 977 οὐρανοὺς,ὁ
1709 903 1864 972 Θεὸς,

279 996 359 1049 καὶ
388 997 484 1049 ἐπὶ
526 999 712 1053 πᾶσαν
729 999 829 1070 τὴν
855 997 958 1069 γῆν
980 1000 1012 1070 ή
1039 997 1167 1064 δόξα
1197 1014 1312 1053 σου.
1341 1016 1360 1051 ι
1389 999 1554 1052 Ὅσον
1578 997 1688 1068 γὰρ
1713 997 1865 1050 πλεο-

276 1088 415 1152 νάξει
447 1091 600 1144 κατά
625 1091 729 1161 γῆν
755 1093 788 1162 ἡ
818 1091 913 1146 τοῦ
938 1091 1075 1144 Θεοῦ
1095 1090 1370 1158 δοξολογία
1397 1090 1430 1159 ὴ
1458 1089 1546 1142 διὰ
1565 1087 1674 1141 τῶν
1701 1087 1864 1152 σωζο-

278 1179 447 1248 μένων
469 1182 538 1233 ὲκ
559 1182 795 1246 πίστεως
813 1181 1181 1253 ὲπαυξομένη,
1196 1180 1448 1234 τοσοῦτον
1465 1179 1522 1234 αἰ
1539 1179 1862 1248 ὑποκόσμιοι

1972 366 2151 413 tamen
2195 358 2412 429 propria
2460 372 2560 412 sua
2603 357 2976 426 magnitudine
3018 358 3202 414 divina
3238 361 3550 420 misericor.

1971 449 2080 514 dia,
2098 450 2215 520 ipsa
2239 451 2403 505 etiam
2425 449 2633 506 caelesti
2659 447 2949 503 altitudine
2969 448 3130 504 altior
3147 450 3361 520 eﬂ‘ecta;
3382 457 3552 512 verba

1971 547 2153 592 autem
2205 538 2539 594 laudationis
2570 552 2668 609 pro
2702 537 2789 592 his
2832 537 3114 602 institutae,
3149 540 3387 596 arbitror
3413 544 3548 597 ulti-

1970 644 2090 686 mas
2115 645 2240 686 esse
2267 645 2432 686 voces
2459 630 2678 700 psalmi,
2723 643 2847 683 eum
2879 629 2956 683 ait
2991 644 3006 682 :
3043 647 3061 680 ι
3099 627 3354 686 Exaltare
3381 648 3546 703 super

1969 721 2158 787 eoelos,
2192 719 2358 787 Deus,
2386 729 2440 776 et
2469 735 2634 791 super
2668 734 2885 775 omnem
2919 726 3121 775 terram
3162 721 3333 790 gloria
3367 731 3479 779 tua.
3520 743 3540 777 ι

1967 810 2242 878 Quantum
2285 815 2430 869 enim
2464 814 2518 867 in
2564 812 2727 868 terris
2774 811 3018 867 abundat
3065 811 3159 866 Dei
3195 813 3542 884 glorificantia,

1964 911 2178 958 tantum
2209 905 2442 960 virtutes
2474 905 2582 959 illa;
2626 918 2793 974 supra
2834 902 3100 958 mundum
3142 914 3344 960 evecta:
3381 921 3547 976 super

1965 995 2142 1051 salute
2196 1003 2390 1052 nostra
2437 998 2798 1060 exsultantes,
2831 994 3000 1050 Deum
3026 996 3438 1063 concelebrant,
3488 1007 3547 1056 et

1967 1087 2299 1157 glorificent,
2329 1096 2493 1159 prout
2525 1088 2591 1143 ad
2624 1097 2872 1158 pastores
2906 1087 3041 1142 dicit
3065 1088 3306 1144 caelestis
3335 1091 3546 1147 exerci-

1968 1185 2077 1242 tus,
2109 1178 2330 1248 quando
2383 1179 2562 1250 angeli
2593 1179 2849 1234 viderunt
2881 1193 3093 1250 pacem,
3130 1195 3252 1252 qua
3288 1182 3417 1238 vita
3445 1198 3548 1238 no—

273 1272 531 1342 δυνάμεις
589 1274 682 1327 ἐπὶ
717 1277 783 1345 τῇ
829 1274 1077 1346 σωτηρία
1113 1273 1274 1345 ἡμῶν
1307 1271 1734 1342 ἀγαλλιώμεναι,
1770 1268 1849 1322 τδι

1969 1277 2096 1322 stre:
2126 1269 2181 1322 in
2212 1269 2528 1325 hominibus
2571 1271 2728 1325 bona)
2761 1271 3063 1327 voluntatis
3095 1272 3296 1338 illuxit,
3344 1273 3548 1331 decan-

272 1362 396 1414 Θεὸν
426 1364 738 1434 ἀνυμνοῦσί
765 1383 824 1418 τε
845 1366 938 1418 καὶ
961 1363 1356 1434 δοξολογοῦσιν,
1376 1361 1556 1426 καθώς
1583 1378 1745 1432 φησιν
1769 1358 1849 1413 ἐπί

1971 1367 2270 1431 taruntque
2297 1379 2308 1414 :
2347 1379 2364 1412 ι
2405 1358 2590 1416 Gloria
2617 1362 2673 1415 in
2699 1363 2934 1418 excelsis
2956 1362 3068 1419 Deo
3089 1364 3132 1419 °.
3173 1383 3194 1419 ι

273 1454 371 1507 τῶν
412 1457 700 1526 ποιμένων
740 1459 773 1526 ἡ
807 1457 1127 1527 ἐπουράνιος
1161 1455 1408 1527 στρατιά,
1439 1456 1530 1508 ὅτε
1562 1454 1669 1508 [δον
1700 1452 1748 1506 οἱ
1789 1449 2010 1520 ἄγγελοι
2053 1451 2146 1504 ἐπὶ
2182 1452 2285 1522 γῆς
2316 1451 2413 1521 τὴν
2454 1454 2679 1523 εἰρήνην
2709 1453 2811 1523 τὴν
2841 1453 2980 1525 ὑπὲρ
3017 1454 3120 1526 τῆς
3151 1455 3210 1509 ἐν
3234 1454 3546 1528 ἀνθρώποις

275 1547 513 1612 εὐδοκίας
542 1545 624 1618 τῷ
655 1548 755 1619 βίῳ
778 1549 934 1620 ἡμῶν
966 1551 1342 1618 ἐπιφανεῖσαν,
1370 1549 1452 1601 ὅτι
1487 1569 1505 1602 ι
1531 1548 1670 1614 Δόξα
1701 1548 1758 1599 ὲν
1775 1542 2019 1613 ὑψίστοις
2044 1542 2182 1614 Θεῷ.
2218 1560 2240 1596 ι

789 1643 1190 1727 ΚΒΞΦΑΔΑΙΟΝ
1235 1643 1336 1696 1Ε’.

337 1731 544 1786 Τούτου
568 1732 626 1786 δὲ
651 1732 746 1787 τοῦ
771 1733 939 1803 ὕψους
962 1737 1059 1805 τῆς
1079 1734 1399 1805 ψαλμῳδίας
1427 1735 1460 1805 ἡ
1489 1731 1859 1804 ὑπερκειμένη

1889 1641 1934 1696 Β

2557 1635 2788 1692 CAPUT
2826 1635 2943 1692 XV.

2033 1720 2210 1791 Hujus
2242 1737 2371 1778 vero
2409 1723 2625 1793 psalmi,
2661 1726 2754 1795 qui
2804 1725 3075 1796 sequitur,
3115 1728 3386 1787 celsitudo
3417 1740 3545 1788 tan-

272 1825 482 1897 διαδοχὴ
514 1825 773 1879 τοσοῦτον
805 1824 898 1879 ἐπὶ
919 1826 978 1878 τὸ
1001 1825 1413 1896 μεγαλειότερον
1437 1823 1704 1894 διαφέρει,
1735 1823 1849 1877 ὅσον

1961 1821 2076 1868 tum
2119 1814 2526 1886 magnificentia
2575 1816 2814 1885 priorem
2865 1827 3108 1888 superat,
3163 1830 3431 1891 quantum
3471 1839 3540 1880 ex

273 1915 326 1980 ἐξ
352 1915 533 1968 αὐτῶν
572 1914 692 1968 ἔστι
722 1915 830 1968 τῶν
858 1915 1258 1987 γεγραμμένων
1289 1915 1501 1986 μαθεῖν.
1531 1913 1642 1967 Καὶ
1668 1913 1857 1985 ῶσπερ

275 2007 325 2057 ἐν
361 2009 472 2068 τοῖς
504 2003 802 2076 δρομεῦσιν
819 2007 849 2058 ὁ
870 2005 961 2059 τὸν
991 2006 1218 2076 νικητὴν
1240 2005 1348 2059 τῶν
1373 2003 1547 2060 ἄλλων
1577 2004 1857 2076 παραδρα-

275 2095 407 2165 μὼν,
441 2097 671 2171 μείζονα
701 2097 797 2151 τοῦ
832 2097 1098 2170 προτέρου
1129 2097 1227 2170 τὴν
1255 2096 1410 2161 δόξαν
1432 2098 1635 2167 ἡρατυ,
1669 2095 1853 2167 κρείτ-

271 2205 375 2241 των
431 2189 765 2259 ἑπιδειχθεὶς
790 2191 883 2244 τοῦ
929 2191 1352 2262 προτρέχοντος·
1405 2188 1579 2253 οὕτως
1617 2189 1792 2243 ἔοικεν
1815 2189 1850 2260 ἡ

271 2280 466 2352 ἑϐδόμη
497 2299 558 2334 τε
603 2283 698 2335 καὶ
731 2283 1070 2356 πεντηκοστὴ
1099 2281 1388 2352 ψαλμῳὸία
1409 2320 1424 2344 ,
1457 2281 1700 2353 μεγάλης
1729 2282 1850 2334 ἐπι-

267 2368 574 2442 δειχθείσης
615 2373 734 2425 κατ’
765 2372 972 2424 ἔννοιαν
1021 2370 1122 2441 τῆς
1150 2368 1620 2442 προδιηνυσμένης
1647 2411 1661 2435 ,
1691 2370 1852 2440 νικᾷν

270 2464 428 2533 αὐτὴν
455 2467 527 2533 τῇ
559 2464 904 2534 μεγαλοφυῂ
949 2465 1060 2526 τοῖς
1103 2462 1254 2526 ἰδίοις
1301 2462 1568 2532 νοήμασιν
1588 2478 1601 2492 ·
1635 2460 1712 2525 ὡς
1740 2460 1851 2535 γὰρ

269 2555 444 2626 ἐκείνη
476 2558 624 2610 κατά
657 2556 766 2609 τῶν
813 2557 988 2610 ἄλλων
1039 2551 1151 2626 εἶχε
1198 2554 1268 2608 τὰ
1319 2559 1648 2625 νικητήρια,
1677 2552 1851 2620 οὕτως

271 2647 392 2718 αὕτη
417 2648 525 2716 τῆς
557 2647 936 2718 ὑπερεχούσης
956 2647 1065 2700 τῶν
1092 2646 1268 2700 ἄλλων
1297 2645 1357 2698 τὸ
1386 2645 1546 2699 πλέον
1575 2645 1689 2716 ἔχει
1712 2662 1726 2678 ·
1754 2647 1848 2699 καὶ

267 2736 430 2807 ταύτῃ
454 2736 566 2806 γὰρ
591 2739 862 2806 μαρτυρεί
888 2735 985 2806 τὴν
1007 2736 1163 2806 νίκην
1195 2737 1228 2807 ἡ
1251 2755 1269 2786 t
1290 2736 1384 2797 Εἰς
1407 2735 1468 2788 τὸ
1497 2733 1648 2798 τέλος
1669 2753 1688 2785 ι
1725 2735 1848 2788 ὲπι-

269 2831 470 2897 γραφή.
520 2827 662 2879 Ἀλλ’
690 2827 834 2880 ἔοικε
872 2827 946 2898 μὴ
977 2825 1228 2880 τοσοῦτον
1261 2827 1360 2897 τὴν
1392 2826 1501 2879 τῶν
1539 2826 1846 2880 ἀντιπάλων

263 2913 444 2987 ἧτταν,
487 2917 628 2971 ἀλλά
660 2909 752 2971 τὸν
772 2921 829 2971 έν
856 2921 967 2981 τοῖς
995 2919 1219 2985 ἀγαθοῖς
1241 2917 1578 2988 πλεονασμὸν
1604 2919 1697 2972 ἐπὶ
1723 2917 1848 2972 ταύ-

263 3025 349 3079 της
374 3012 482 3080 τῆς
520 3010 680 3079 νίκης
709 3011 737 3061 ὁ
763 3009 919 3078 λόγος
960 3008 1444 3080 διαμαρτύρεσθαι.
1484 3007 1634 3078 Ἔχει
1665 3008 1722 3062 δὲ
1745 3009 1846 3077 τῆς

259 3096 574 3168 ἐπιγραφῆς
605 3097 778 3161 οὕτως
799 3099 833 3169 ὴ
858 3098 1002 3166 λέξις
1023 3112 1036 3128 ⁸
1069 3116 1087 3148 ι
1116 3099 1212 3161 Εἰς
1233 3099 1294 3150 τὸ
1313 3099 1491 3164 τέλος,
1521 3097 1846 3169 μὴδιαῳθεί-

260 3189 470 3268 ρης,τῷ
501 3188 668 3242 Δαειδ
697 3190 777 3251 εἰς
797 3188 1223 3259 στηλογραφίαν.
1256 3207 1275 3239 ι
1310 3189 1546 3252 Ποσάκις
1567 3188 1709 3258 ὁτῆς
1739 3205 1846 3258 μα-

249 3281 564 3352 κροθυμίας
585 3281 897 3350 ἀγωνιστὴς
922 3281 1015 3333 ἐπὶ
1039 3281 1118 3351 τῷ
1141 3280 1388 3352 στεφάνῳ
1413 3280 1511 3351 τῆς
1539 3280 1694 3350 νίκης
1721 3279 1846 3333 ταὺ-

249 3388 341 3441 της
369 3373 470 3425 ὑπ’
519 3374 687 3426 αὐτοῦ
735 3371 828 3426 τοῦ
861 3371 1198 3440 ἀγωνοθέτου
1237 3371 1712 3444 ἀνακηρὺσσεται;
1749 3371 1844 3425 καὶ

240 3462 406 3516 αὐτοῦ
439 3464 592 3533 τάχα
633 3460 727 3516 τοῦ
754 3463 1067 3534 Πνεὺματος
1099 3463 1190 3518 τοῦ
1243 3465 1396 3532 ἁγίου
1440 3464 1830 3534 θαυμαστικῶς

241 3554 334 3620 τὴν
390 3555 596 3626 φωνὴν
643 3554 848 3625 ταύτην
895 3554 1157 3618 πολλάκις
1205 3554 1715 3626 ἀναλαμϐάνοντος,
1767 3555 1844 3620 ὼς

237 3644 541 3712 κρείττονα
591 3640 758 3698 οὖσαν
792 3644 890 3715 τῆς
934 3644 1043 3699 τῶν
1069 3644 1371 3718 ἀνθρώπων
1407 3645 1716 3716 δυνάμεως,
1748 3645 1843 3698 καὶ
1865 3663 1872 3670 ··

231 3734 334 3786 τῶν
375 3737 488 3804 τῆς
527 3737 746 3805 φύσεως
773 3737 914 3807 ὅρων
945 3736 1480 3808 ὑπερεκπίπτουσαν.
1517 3739 1700 3809 Μόνης
1731 3737 1840 3808 γὰρ

227 3827 321 3895 vi;
349 3829 674 3899 ἀσωμάτου
708 3845 767 3880 τε
803 3829 896 3882 καὶ
938 3829 1104 3882 ἀύλου
1139 3828 1353 3897 φύσεως
1391 3829 1453 3882 τὸ
1497 3828 1739 3882 τοιοῦτον
1772 3824 1841 3900 ἦν

219 3919 399 3972 εἰπεῖν
423 3963 440 3985 ,
486 3918 564 3994 ἧς
596 3921 752 3975 οὐδὲν
794 3922 964 3984 πάθος
1011 3920 1120 3975 τῶν
1153 3923 1504 3992 ἀνθρωπίνων
1531 3921 1842 3993 προσάπτε-

217 4025 326 4064 ται.
360 4013 718 4083 ’Δνθρωπος
744 4011 803 4065 δέ
837 4031 918 4076 τις
945 4012 1020 4066 ῶν
1055 4014 1149 4066 καὶ
1196 4011 1366 4084 θυμὸν
1412 4011 1840 4082 συνουσιωμένον

208 4098 352 4166 ἔχων
383 4106 464 4172 τῇ
497 4102 667 4171 φύσει
688 4142 704 4165 ,
723 4103 949 4173 πάσχων
971 4120 1030 4155 τε
1059 4102 1245 4164 κακῶς
1273 4101 1424 4172 παρὰ
1447 4101 1540 4155 τοῦ
1572 4100 1841 4172 μηδεμίαν

209 4189 312 4255 μὲν
342 4192 666 4263 εἰληφότος
712 4194 792 4256 εἰς
829 4194 891 4247 τὸ
941 4194 1113 4247 κακὸν
1166 4193 1456 4265 ἀφορμὴν,
1498 4193 1710 4247 πολλῶν
1748 4197 1840 4249 καὶ

1872 2967 1915 3026 C

1959 1903 2097 1973 ipsis
2121 1920 2243 1975 quae
2261 1905 2583 1960 scribuntur
2611 1907 2794 1962 verbis
2815 1908 3073 1979 colligere
3101 1911 3252 1980 licet,
3273 1921 3329 1970 et
3357 1930 3543 1985 quem-

1957 1997 2250 2052 admodum
2306 1999 2452 2054 inter
2499 2015 2779 2064 cursores,
2837 2001 2932 2071 qui
2975 2001 3238 2060 victorem
3301 2007 3538 2063 aliorum

1955 2082 2230 2145 currendo
2270 2091 2423 2155 vicit,
2455 2092 2749 2148 clariorem
2797 2109 2961 2165 quam
2990 2097 3144 2168 prior
3175 2099 3406 2170 gloriam
3445 2117 3536 2157 re-

1955 2182 2101 2246 tulit,
2149 2183 2345 2238 melior
2379 2183 2606 2240 ell'eetus
2654 2200 2721 2240 eo
2759 2187 2853 2256 qui
2903 2198 3340 2256 praeeucurrerat
3381 2209 3396 2246 :
3456 2193 3537 2248 sic

1951 2273 2170 2330 videtur
2199 2276 2462 2345 septimus
2494 2284 2548 2332 et
2568 2277 3060 2348 quinquagesimus
3086 2281 3334 2351 psalmus
3363 2283 3536 2338 multo

1951 2365 2149 2436 majori
2182 2366 2545 2432 incremento,
2578 2368 2758 2437 quoad
2796 2370 3149 2435 sententiam,
3176 2372 3533 2443 magnificen-

1951 2458 2025 2512 tia
2057 2459 2264 2528 proprii
2301 2475 2500 2516 sensus
2530 2457 2930 2529 praecedentem
2955 2475 3215 2530 superare
3241 2479 3254 2516 :
3297 2470 3358 2518 ut
3382 2464 3530 2520 enim

1950 2546 2042 2602 ille
2072 2547 2196 2602 aliis
2232 2547 2470 2617 palmam
2504 2547 2808 2618 praeripuit,
2851 2547 2932 2603 sic
2961 2549 3066 2604 iste
3104 2550 3228 2620 plus
3262 2550 3426 2608 habet
3463 2553 3532 2608 de

1948 2655 2035 2704 eo,
2085 2655 2196 2710 quo
2228 2641 2446 2698 exteris
2479 2641 2777 2708 antecellit,
2817 2641 2978 2712 eique
3029 2643 3402 2700 testimonium
3444 2646 3529 2701 vi-

1948 2733 2134 2788 ctoria}
2163 2732 2364 2802 prabet
2390 2733 2508 2803 ipsa
2542 2733 2870 2804 inscriptio:
2901 2753 2919 2786 ι
2949 2733 3006 2788 In
3038 2733 3222 2791 finem.
3261 2755 3282 2788 ι
3318 2735 3426 2794 Sed
3453 2739 3530 2794 vi-
3629 2755 3642 2768 κ

1948 2825 2108 2880 detur
2147 2825 2327 2878 oratio
2359 2840 2469 2878 non
2512 2836 2621 2880 tam
2652 2824 3094 2881 adversariorum
3136 2825 3527 2893 devictionem.

1949 2930 2112 2985 quam
2143 2915 2536 2970 abundantiam
2567 2917 2856 2981 bonorum,
2905 2931 3025 2986 qua:
3061 2930 3126 2972 ex
3161 2917 3265 2972 hac
3295 2919 3524 2975 victoria

1948 3009 2328 3078 consequitur,
2368 3010 2666 3063 eontestari
2715 3026 2727 3062 :
2780 3008 2862 3063 sic
2911 3022 3042 3062 vero
3093 3008 3162 3062 ad
3201 3009 3427 3064 verbum
3465 3026 3528 3067 se

1949 3100 2150 3155 habent
2193 3099 2574 3170 inscriptionis
2606 3100 2813 3155 verba:
2858 3117 2876 3152 ι
2929 3097 2991 3153 In
3039 3097 3246 3154 finem:
3293 3100 3376 3156 Ne
3407 3099 3526 3156 dis—

1949 3190 2166 3259 perdas,
2218 3191 2389 3245 David
2429 3191 2484 3244 in
2535 3191 2677 3245 tituli
2727 3191 3163 3262 inscriptionem.
3223 3209 3242 3243 ι
3295 3190 3526 3258 Quoties

1947 3283 2382 3351 longanimitatis
2413 3284 2514 3338 iste
2549 3284 2719 3354 pugil,
2757 3285 2829 3338 ob
2861 3298 3127 3339 coronam
3161 3283 3326 3354 hujus
3353 3286 3529 3341 vieto-

1947 3373 2075 3436 rite,
2134 3389 2166 3428 a
2226 3377 2410 3445 seipsa
2460 3384 2719 3445 tanquam
2772 3377 3103 3446 agonotheta
3159 3378 3530 3456 praedicatur?

1945 3468 2066 3536 ipso
2117 3464 2371 3522 fortassis
2419 3465 2626 3535 Spiritu
2689 3473 2882 3520 sancto
2933 3465 3259 3523 mirabiliter
3324 3470 3527 3540 saepius

1943 3569 2131 3611 vocem
2168 3555 2307 3609 hanc
2338 3555 2590 3619 iterante,
2627 3555 2784 3624 quasi
2821 3557 3173 3626 prmstantior
3217 3558 3286 3612 sit
3327 3560 3528 3616 virtute

1895 3639 1900 3644 ’
1946 3647 2184 3701 humana
2211 3653 2266 3702 et
2305 3661 2469 3716 supra
2504 3655 2713 3700 naturae
2744 3645 2880 3702 fines
2913 3655 3100 3702 evecta
3130 3668 3140 3701 :
3176 3649 3348 3704 solius
3375 3651 3524 3705 enim

1945 3737 2284 3807 incorporea:
2328 3745 2382 3791 et
2428 3735 2807 3791 immaterialis
2857 3743 3068 3791 natura:
3117 3735 3221 3793 hoc
3278 3745 3398 3794 erat
3440 3739 3526 3794 di-

1943 3843 2092 3891 cere,
2128 3843 2290 3898 quam
2336 3827 2483 3882 nulla
2515 3827 2881 3882 humanarum
2925 3826 3274 3882 aﬂ'ectionum
3325 3830 3520 3900 tangit.

1943 3920 2178 3975 Protulit
2210 3929 2390 3976 tamen
2429 3919 2571 3976 hanc
2615 3933 2805 3975 vocem
2838 3919 3024 3985 homo,
3057 3920 3149 3990 qui
3192 3922 3328 3974 iram
3362 3937 3394 3976 a
3425 3936 3525 3976 na-

1943 4027 2064 4072 tura
2089 4030 2202 4070 suaa
2223 4013 2546 4070 substantiae
2578 4013 2822 4066 innatam
2856 4011 3036 4076 habet,
3069 4012 3164 4082 qui
3189 4012 3359 4066 multa
3378 4013 3523 4067 mala

1943 4107 2348 4179 perpetiebatur
2381 4104 2450 4159 ab
2478 4119 2542 4160 eo
2571 4102 2660 4158 cui
2693 4103 2898 4156 nullam
2931 4102 3061 4156 mali
3094 4101 3403 4171 cuiuspiam
3435 4101 3524 4156 in-

1943 4197 2150 4254 ferendi
2201 4195 2549 4252 occasionem
2597 4193 2821 4248 dederat
2850 4212 2862 4246 :
2889 4192 2997 4245 imo
3040 4191 3111 4246 ab
3151 4205 3216 4247 eo
3263 4193 3319 4246 in
3357 4207 3520 4261 quem

200 4282 493 4347 μετείλων
529 4283 758 4353 ἀγαθῶν
787 4285 1095 4356 ἠξιωμένου
1115 4326 1129 4349 ,
1162 4287 1304 4357 ὑπέρ
1335 4304 1395 4341 τε
1421 4288 1520 4359 τῆς
1547 4289 1710 4361 κενῆς
1739 4292 1836 4362 ἀρ-

1950 4289 2114 4344 multa
2144 4295 2198 4342 et
2230 4285 2466 4356 insignia
2496 4282 2760 4340 beneficia
2799 4282 3139 4349 contulerat;
3168 4284 3261 4353 qui
3299 4290 3523 4354 propter

197 4369 302 4437 κῆς
331 4375 444 4426 καὶ
477 4377 635 4447 ὑπὲρ
662 4375 773 4429 τῶν
797 4377 877 4440 είς
902 4377 1064 4430 αὐτὸν
1087 4377 1293 4431 ἐκεῖνον
1317 4380 1716 4450 γεγενημένων,
1747 4375 1838 4435 οὗ·

193 4475 288 4522 τος
321 4466 712 4537 μετανάστης
747 4466 841 4520 ὑπ’
874 4466 1040 4520 αὐτοῦ
1075 4466 1172 4520 τοῦ
1204 4470 1302 4538 τῆς
1334 4469 1580 4534 εὐποιίας
1609 4488 1837 4543 τετυχη-

193 4549 362 4613 κότος
423 4554 547 4606 καὶ
581 4554 760 4623 φυγὰς
790 4555 999 4622 γίνεται
1029 4553 1129 4622 τῆς
1157 4555 1360 4619 οἰκείας
1398 4555 1584 4618 ἑστίας
1614 4557 1706 4610 ἐπὶ
1742 4557 1838 4610 θα-

193 4641 351 4713 νᾶτῳ
388 4645 583 4715 παρὰ
609 4646 702 4699 τοῦ
731 4642 791 4699 εὖ
827 4645 1160 4709 πεπονθότος
1188 4647 1664 4717 συνελαυνόμενος.
1706 4647 1835 4701 Ἀλ-

194 4732 318 4786 λοτε
345 4737 546 4790 ἄλλον
579 4738 681 4791 ὑπὸ
708 4737 1020 4808 ἀμηχανίας
1050 4737 1216 4794 ἐπιὼν
1237 4744 1404 4802 τόπον
1428 4741 1660 4815 ἐρήμοις
1682 4740 1837 4792 ἐναυ-

197 4823 512 4896 ’λιζὸμενος
537 4869 556 4890 ,
594 4830 921 4899 ἀκρωρείαις
958 4833 1338 4911 προσφεύγων,
1371 4829 1699 4900 ἀλλοφύλων
1733 4831 1838 4884 ἰκέ-

204 4930 302 5019 ῗτὲς
360 4921 722 5019 γενόμενος,
745 4922 828 5019 ,ἐν
1071 4921 1171 4978 τῶν
1192 4931 1527 5019 ἀναγκαίων
1584 4937 1834 5019 κακοπαῖ

208 5003 669 5110 ςξὲνηῐατταιθρος
699 5011 775 5110 τά.
797 5011 961 5110 πολλὰ
985 5003 1356 5110 διακαρτεὲὲὺξλ,
1383 5017 1676 5110 πολλάκιξ
1702 5013 1832 5110 παῌρν

1247 5125 1520 5209 ἷποστάς
1548 5153 1567 5179 ’
1586 5103 1700 5209 fg"
1727 5104 1833 5209 ,μὲν

1275 5189 1422 5216 νιν-’-
1584 5203 1616 5216 ..ρ

1332 5254 1347 5272 ο
1403 5225 1618 5272 Αὐτου
1673 5198 1832 5266 φόνον

1950 5217 2040 5257 sua
2073 5216 2260 5264 manu,
2293 5199 2449 5254 hasta
2479 5206 2716 5268 arrepta,
2755 5199 2956 5252 caulem
2992 5197 3067 5250 illi
3099 5197 3348 5263 intentat,
3388 5212 3512 5250 rur-

221 5098 376 5151 αὑτοῦ
403 5101 509 5152 τὸν
557 5102 720 5171 μέχρι
753 5101 972 5154 θανάτου
998 5102 1121 5166 κίνδυ

226 5187 482 5261 iniriam
511 5192 612 5244 διὰ
638 5197 729 5262 τῆς
761 5193 944 5260 λόγχης
969 5193 1070 5260 πρὸς
1103 5187 1208 5291 υυν
1237 5187 1347 5278 νηῒ

233 5243 571 5350 ὁρμίσαντκ
591 5298 608 5312 ο
623 5243 774 5338 πάλιν
797 5243 953 5335 δέ’τὸν
971 5243 1082 5371 0.}ng
1103 5243 1184 5351 τὸν
1204 5279 1324 5344 κατ

233 5365 535 5450 ἴιτττρμυρ
567 5372 897 5432 διαλαϐόντος,
917 5369 967 5432 ὡς
978 5376 1028 5443 βυ
1060 5365 1093 5425 ’δ
1117 5408 1179 5476 ἐν
1199 5379 1252 5475 ᾧ

1453 5247 1488 5284 υ

272 5539 285 5562 ⁴
323 5540 445 5595 Luc.
478 5559 540 5602 tt.
579 5541 651 5594 Η.

1934 4387 2101 4440 inane
2128 4380 2412 4444 imperium
2433 4417 2448 4441 ,
2471 4383 2524 4429 et
2549 4375 2620 4430 ob
2643 4374 2735 4429 illa
2763 4374 2902 4444 ipsa,
2925 4389 3047 4444 qua:
3074 4374 3223 4430 illius
3245 4375 3419 4444 gratia
3443 4374 3523 4431 fe-

1936 4482 2109 4535 cerat,
2141 4467 2298 4524 exsul
2323 4466 2556 4523 eliicitur
2587 4468 2658 4522 ab
2693 4466 2786 4520 illo
2815 4466 2936 4536 ipso
2959 4465 3360 4535 qui’heneliciis
3391 4466 3523 4524 affe-

1936 4574 2058 4620 ctus
2103 4563 2315 4622 fuerat;
2359 4557 2734 4628 profugusque
2765 4557 2844 4621 fit,
2883 4556 3102 4627 propria
3138 4555 3326 4621 domo,
3358 4557 3428 4610 ab
3454 4573 3521 4614 eo

1936 4655 2004 4709 de
2055 4665 2167 4722 quo
2214 4649 2354 4703 bene
2407 4647 2636 4702 meritus
2688 4655 2828 4708 erat,
2881 4645 3114 4715 ejec1us,
3163 4646 3300 4701 alias
3352 4646 3518 4701 alium

1941 4759 2056 4816 prae
2098 4740 2485 4810 desperatione
2518 4738 2698 4791 locum
2747 4744 2959 4808 petens,
3004 4738 3056 4790 in
3089 4737 3386 4793 solitudine
3426 4738 3522 4794 de-

1935 4851 2089 4906 gens,
2145 4835 2200 4886 in
2251 4830 2517 4889 montium
2564 4829 2800 4884 vertices
2837 4844 2905 4884 .se
2949 4830 3242 4898 recipiens,
3280 4830 3520 4900 supplex

1935 4923 2258 4994 alienigenis
2327 4920 2751 4990 factus,in0p‘ia
2818 4935 3002 4974 rerum
3079 4921 3517 4976 necessariarum

1934 5018 2188 5082 amictus,
2224 5015 2327 5071 sub
2351 5015 2444 5068 dio
2470 5013 2794 5084 plerumque
2827 5028 3014 5083 agens,
3041 5028 3184 5082 saepe
3214 5013 3513 5082 periculum

1932 5110 2128 5164 mortis
2156 5109 2225 5163 ab
2249 5108 2466 5177 ingrato
2485 5113 2732 5160 creatum
2759 5105 2972 5170 adiens,
3001 5106 3092 5173 qui
3122 5119 3270 5158 nunc
3295 5103 3512 5174 quidem

1495 5331 1561 5376 ν,
1593 5294 1696 5356 διὰ
1724 5290 1832 5343 τῶν
1939 5307 2146 5362 susque
2176 5291 2398 5346 domum
2435 5289 2488 5343 iu
2518 5304 2625 5359 qua
2661 5289 2912 5356 degebat,
2957 5289 3290 5376 satellitibus
3320 5286 3508 5376 stipat,

1537 5404 1575 5462 θ
1586 5394 1822 5453 ἀνατον.

1938 5397 2010 5436 ne
2041 5389 2268 5437 mortem
2303 5380 2602 5450 eﬂ‘ugeret:
2637 5379 2730 5448 qui
2776 5377 2973 5432 deinde
3013 5370 3242 5426 sollicite
3257 5368 3500 5438 inquirit.
