4018 6334
605 328 700 382 591

1867 310 1925 366 S.
1966 301 2294 364 GR’EGORH
2323 301 2617 357 NYSSENI

3702 308 3789 363 ενι

605 449 695 507 ubi
735 450 976 502 locorum
1009 448 1341 503 versaretur,
1385 439 1477 493 ubi
1521 438 1698 492 cibum
1737 434 2082 503 sumpsisset,
2123 437 2175 481 et

2305 421 2410 479 εἶτα
2437 423 2710 495 πανταχοῦ
2746 423 3322 496 πολυπραγμονοῦντος
3342 464 3354 486 ,
3387 424 3439 477 ἐν
3469 422 3542 488 οἷς
3583 427 3793 498 ηὐλίζετο

604 541 744 612 apud
777 553 916 609 quos
951 543 1156 605 ageret,
1196 542 1248 587 et
1277 532 1341 585 ad
1374 546 1512 600 quos
1547 527 1902 596 confugisset,
1929 532 1978 578 et
2029 528 2177 590 post-

605 645 768 702 quam
802 628 882 682 bis
930 626 1032 696 ipsi
1076 625 1256 678 oblata
1305 629 1389 675 est
1437 620 1555 688 ejus
1578 614 1878 680 .occidendi
1917 616 2180 682 Opportu-

605 725 770 785 nitas,
813 727 943 772 tunc
971 714 1190 786 quidem
1233 728 1357 766 cum
1399 711 1452 763 in
1483 709 1740 778 spelunca
1789 722 1854 760 ex
1889 699 2182 771 improviso

609 814 736 869 Saul
773 813 827 865 in
862 823 1056 863 manus
1089 805 1309 858 Davidis
1347 801 1650 860 incidisset,
1683 811 1878 850 rursus
1917 794 1970 846 in
2002 791 2183 844 taber-

609 907 839 967 naculo,
893 900 1113 973 quando
1168 910 1361 950 somno
1414 893 1660 961 sepultus
1706 887 1951 959 jacebat;
1989 881 2182 940 .David

609 1012 739 1051 vero
767 993 1057 1050 dormienti
1089 988 1282 1049 astitit.
1325 985 1545 1055 quando
1573 995 1786 1037 omnem
1823 976 2019 1031 licebat
2047 974 2181 1026 iram

613 1095 666 1145 in
707 1090 852 1144 caule
901 1085 984 1142 sui
1025 1081 1393 1154 persecutoris
1447 1083 1802 1136 exsaturare;
1851 1083 2024 1137 neque
2071 1067 2186 1135 ipse

612 1197 807 1236 manus
844 1181 892 1234 ei
928 1177 1127 1236 attulit,
1171 1174 1322 1227 etilli
1355 1171 1446 1240 qui
1507 1168 1572 1221 ad
1621 1167 1820 1220 caedem
1873 1159 2182 1218 festinabat,

614 1273 766 1334 illud,
807 1291 823 1322 ‹
866 1269 944 1322 Ne
989 1264 1291 1334 disperdas,
1329 1281 1346 1312 ι
1386 1260 1554 1313 dixit:
1599 1256 1709 1311 Deo
1737 1255 1897 1323 digna
1935 1258 2019 1306 est
2054 1263 2181 1309 vox,

615 1381 734 1436 quae
762 1361 998 1417 hominis
1026 1355 1304 1410 interitum
1336 1360 1500 1406 vetat.

685 1545 952 1613 Quocirca
985 1535 1448 1611 quemadmodum
1479 1529 1579 1597 illi,
1610 1531 1700 1601 qui
1739 1528 2066 1582 illustriores
2092 1537 2187 1575 no-

617 1648 701 1692 tas
739 1638 794 1690 in
846 1631 1118 1702 lapidibus
1161 1626 1522 1693 exsculpunt,
1560 1623 1614 1674 in
1653 1617 1979 1689 profundum
2029 1613 2188 1666 caela-

615 1743 735 1784 tura
773 1725 1021 1780 incidunt
1064 1720 1458 1773 elementorum
1501 1713 1866 1766 characteres,
1911 1705 2052 1775 stylo
2094 1716 2187 1755 εξε-

2282 521 2374 572 καὶ
2397 515 2478 580 οἷς
2504 517 2829 586 κατέφαγεν,
2859 516 3010 586 παρὰ
3026 515 3176 578 τίνας
3201 514 3308 582 εἴη,
3329 515 3415 567 καὶ
3438 516 3560 586 πρὸς
3582 517 3664 581 οὒς
3688 537 3796 586 μετ,

2282 609 2551 663 ανίστατο.
2619 607 2729 660 Καὶ
2780 604 2966 675 ἐπειδὴ
3014 604 3094 667 δὶς
3141 603 3288 674 αύτῷ
3332 604 3796 676 συνέδραμενὴτού

2283 699 2600 751 ἀποκτεῖναι
2629 695 2718 748 τὸν
2744 694 2934 764 ἐχθρὸν
2969 693 3240 762 εὐκαιρία,
3274 693 3364 746 νῦν
3389 694 3480 762 μὲν
3509 697 3559 747 ἐν
3587 695 3658 765 τῷ
3685 711 3802 768 σπη-

2283 788 2418 855 λαίῳ
2449 787 2768 855 ἀπδεοόπτως
2799 783 2892 836 τοῦ
2922 784 3096 836 Σαοὺλ
3137 786 3256 846 ταῖς
3283 782 3371 836 τοῦ
3399 784 3550 838 Δαϐὶδ
3577 787 3804 856 ἐμπεσόν-

2283 896 2371 942 τος
2395 877 2607 948 χερσίν*
2641 876 2801 930 πάλιν
2830 875 2886 928 δὲ
2916 875 3056 928 κατὰ
3080 873 3176 944 τὴν
3217 875 3434 946 σκηνὴν,
3469 876 3551 928 ὅτε
3575 877 3601 927 ὁ
3632 878 3717 946 μὲν
3741 879 3806 946 τῷ

2287 969 2438 1040 ὕπνῳ
2471 968 2705 1039 πάρετος
2731 963 2818 1037 ῆν,
2851 967 2879 1018 ὁ
2917 967 2973 1018 δὲ
2999 965 3162 1018 Δαϐὶδ
3187 967 3489 1036 ἐφειστήκει
3515 967 3807 1028 καθεύδοντι,

2284 1062 2372 1114 ὅτε
2403 1061 2581 1113 πᾶσαν
2611 1057 2736 1129 ἐξῆν
2765 1056 2910 1126 αὐτῷ
2933 1055 3029 1126 τὴν
3061 1055 3229 1126 ὀργὴν
3255 1057 3310 1108 ἐν
3334 1054 3408 1124 τῷ
3441 1056 3575 1126 φόνῳ
3603 1045 3685 1109 τὸὖ
3709 1059 3813 1110 διώ-

2288 1169 2473 1215 κοντος
2523 1151 2682 1204 αὑτὸν
2730 1147 3158 1220 όιττοο-τληρῶσαι⁸
3201 1147 3324 1201 οὔτε
3370 1147 3524 1210 αὐτὸς
3562 1148 3649 1217 τὴν
3679 1151 3813 1218 χεῖρα

2289 1247 2584 1314 ἐπήγαγεν,
2641 1244 2732 1306 καὶ
2789 1240 2865 1310 τῷ
2913 1239 3048 1309 πρὸς
3095 1238 3191 1309 τὴν
3238 1239 3507 1308 ἀναίρεσιν
3545 1237 3811 1300 σπεύδοντι,

2294 1354 2311 1384 ι
2348 1333 2441 1404 Μὴ
2476 1332 2819 1404 διαφθείρῃς,
2843 1349 2860 1379 ι
2891 1329 3055 1397 λέγει.
3095 1328 3228 1381 Θεοῦ
3257 1346 3340 1392 τις
3369 1327 3613 1398 ἄντικρύς
3639 1329 3815 1397 ἐστινὴ

2290 1419 2456 1490 φωνὴ,
2483 1420 2580 1490 τὴν
2614 1419 2818 1488 φθοράν
2851 1420 2942 1472 ἐπὶ
2965 1417 3056 1470 τοῦ
3088 1417 3372 1488 ἀνθρώπου
3399 1416 3681 1471 κωλύουσα.

2356 1510 2454 1562 Διὰ
2484 1509 2638 1562 τοῦτο
2663 1510 2912 1580 καθάπερ
2934 1512 2982 1564 οἱ
3011 1509 3385 1579 ἐπισημότερα
3412 1508 3674 1572 ποιοῦντες
3689 1508 3750 1561 τὰ
3773 1509 3819 1560 ἐν

2287 1605 2399 1665 τοῖς
2453 1601 3035 1671 λίθοις-χαράγματα,
3085 1603 3163 1662 είς
3219 1598 3380 1669 βάθος
3431 1599 3724 1668 ἐντέμνουσι
3763 1601 3817 1667 τῇ

2289 1695 2464 1765 γλυφῇ
2513 1695 2620 1748 τῶν
2672 1693 2947 1762 στοιχείων
2994 1693 3120 1755 τοὺς
3171 1693 3552 1763 χαρακτῆρας,
3599 1691 3820 1753 πολλάκις

617 1762 735 1784 ιιι...
775 1762 1021 1780 meum...
1065 1762 1458 1773 ν.ν...ν..---τ---
1681 1762 1691 1764 ,
1856 1762 1864 1765 ,
1967 1762 1982 1775 υ

617 1822 740 1889 pius
779 1815 968 1870 formis
1009 1811 1271 1874 inducto;
1316 1807 1396 1861 sic
1428 1811 1688 1875 perpetua
1723 1796 2043 1869 repetitione
2074 1793 2189 1862 Spi-

2305 1787 2584 1854 ἐπάγοντες
2623 1786 2720 1856 τὴν
2763 1784 3000 1854 γραφίδα
3032 1785 3144 1847 τοῖς
3176 1783 3401 1853 τύποιςς·
3439 1783 3602 1847 οὕτως
3638 1783 3716 1835 διὰ
3742 1779 3822 1850 τῆς

616 1913 758 1964 ritus
799 1913 1046 1967 sanctus,
1098 1899 1397 1972 planiorem
1437 1903 1490 1950 et
1531 1891 1988 1949 manifestiorem,
2032 1885 2188 1955 quasi

618 2004 671 2057 in
700 2001 954 2054 columna
978 1991 1254 2048 memoria:
1279 1995 1501 2050 nostras,
1537 1981 1879 2052 magnificam
1909 1979 2068 2031 istam
2095 1989 2190 2027 vo-

619 2104 736 2147 cem
781 2088 989 2145 edicere
1031 2091 1283 2146 conatur,
1329 2088 1386 2132 ut
1431 2077 1577 2131 clare
1623 2079 1676 2126 et
1709 2072 1828 2126 sine
1872 2067 2194 2122 confusione

621 2182 951 2250 scripturam
1000 2175 1144 2227 hanc
1178 2169 1335 2224 nobis
1375 2164 1726 2233 insculptam,
1768 2167 2009 2226 tempore
2043 2155 2192 2208 cala-

623 2245 873 2324 mitatum
923 2271 976 2319 et
1022 2258 1492 2331 perturbationum
1537 2253 1782 2322 legamus
1830 2266 1844 2302 :
1891 2247 1992 2300 hoc
2048 2245 2193 2298 enim

626 2368 876 2416 sanctum
913 2353 1178 2425 Spiritum
1213 2347 1506 2404 consilium
1552 2349 1801 2414 spectare
1828 2338 2088 2397 arbitror,
2137 2341 2196 2387 ut

628 2450 884 2523 praeclare
917 2446 1059 2499 facta
1106 2448 1423 2498 sanctorum
1473 2436 1716 2490 virorum
1758 2432 1868 2486 sint
1912 2431 1965 2483 in
2015 2442 2197 2483 exem-

628 2519 798 2612 plum,
826 2548 879 2594 et
909 2536 1067 2609 quasi
1094 2534 1352 2589 ducatum
1380 2524 1673 2600 posteriori
1694 2524 1838 2584 vitae,
1871 2521 1936 2574 ad
1969 2519 2196 2574 similem

627 2608 996 2703 pmstantiam
1026 2623 1332 2681 imitatione
1358 2635 1460 2675 nos
1485 2617 1771 2672 invitante.
1801 2611 2030 2678 Quando
2053 2608 2196 2663 enim

628 2725 697 2779 ad
725 2724 867 2792 ejus,
901 2720 995 2791 qui
1031 2733 1132 2772 nos
1167 2716 1249 2771 ira
1301 2709 1742 2770 inllammaverit,
1787 2706 2046 2760 ultionem
2090 2701 2202 2756 ani-

629 2827 752 2869 mus
779 2817 1061 2872 exaestuat,
1091 2815 1144 2863 et
1166 2803 1518 2862 excandescit
1545 2802 1720 2855 iratus
1742 2797 1964 2867 sanguis
1993 2796 2200 2849 circum

629 2903 951 2975 praecordia,
999 2901 1057 2954 in
1098 2899 1251 2953 illum
1280 2897 1373 2966 qui
1416 2908 1519 2949 nos
1553 2889 1802 2946 molestia
1832 2887 2030 2950 affecit,
2073 2894 2204 2939 tunc

631 2974 699 3052 ad
741 2998 882 3050 hanc
909 2993 1244 3052 columnam,
1274 3000 1438 3057 quam
1485 2982 1727 3054 Spiritus
1758 2985 1988 3035 sanctus
2016 2974 2202 3030 Davidi

631 3090 824 3150 erexit,
878 3080 1198 3152 respiciens,
1249 3083 1304 3131 et
1353 3073 1520 3130 verba
1565 3072 1620 3125 in
1675 3071 1763 3124 illa
1813 3068 2037 3138 scripta,
2085 3080 2273 3156 quaeC

633 3176 806 3232 David
850 3189 948 3246 pro
990 3173 1076 3227 sui
1123 3164 1493 3224 interfectoris
1537 3160 1913 3217 incolumitate
1955 3157 2202 3228 protulit,

636 3271 918 3341 relegens,
975 3259 1355 3332 tranquillabit
1413 3255 1641 3311 omnino
1697 3251 1991 3306 tumultum
2054 3250 2205 3303 illum

635 3360 1051 3434 cogitationum,
1096 3349 1218 3425 quae
1268 3354 1322 3405 in
1372 3349 1558 3403 animo
1601 3345 1969 3408 exstiterunt;
2016 3349 2206 3413 pacata

635 3431 784 3509 omni
808 3445 1239 3520 perturbatione,
1272 3439 1545 3496 desiderio
1584 3436 1908 3491 imitationis
1945 3445 2052 3488 tam
2082 3431 2210 3487 insi-

639 3543 824 3614 gnium
875 3537 1202 3592 facinorum.
1238 3533 1410 3587 Porro
1455 3528 1884 3600 magnitudinem
1930 3523 2210 3595 profectus

637 3634 758 3702 ejus
793 3629 887 3699 qui
925 3641 1089 3697 super
1125 3625 1289 3694 hujus
1325 3620 1518 3693 psalmi
1563 3619 1790 3691 gradum
1841 3615 2108 3676 ascendit,
2143 3629 2207 3670 ex

639 3722 774 3792 ipsis
803 3716 988 3772 itidem
1031 3713 1230 3785 psalmi
1266 3711 1448 3766 verbis
1498 3708 1809 3780 perspicere
1854 3706 2002 3766 licet,
2037 3717 2212 3773 quan-

637 3821 753 3864 tum
798 3809 1048 3864 videlicet
1087 3802 1460 3875 magnitudine
1516 3809 1571 3854 et
1598 3797 1912 3854 excelsitate
1965 3793 2213 3865 superio-

635 3920 749 3962 rem
799 3906 1089 3969 exsuperet
1127 3917 1142 3952 :
1177 3911 1286 3951 non
1314 3894 1458 3949 enim
1506 3891 1741 3962 amplius
1773 3905 1832 3945 se
1861 3889 1930 3942 ab
1973 3885 2213 3940 inimicis

643 3992 962 4050 conculcari
1012 3988 1392 4059 conqueritur,
1443 3999 1618 4056 neque
1674 3980 2108 4038 misericordiam
2156 3977 2214 4031 in

641 4085 948 4141 subsidium
981 4081 1234 4143 advocat,
1271 4079 1368 4134 sed
1411 4078 1468 4132 in
1513 4077 1680 4129 altum
1727 4081 1970 4137 evectus,
2007 4070 2155 4125 velut
2183 4083 2214 4122 e

641 4167 866 4248 specula
916 4172 1154 4244 quadam
1197 4171 1440 4231 excelsa,
1487 4168 1574 4222 bis
1626 4166 1718 4236 qui
1768 4164 1912 4219 infra
1961 4164 2016 4216 in
2042 4159 2214 4230 hujus

642 4271 896 4323 humana:
930 4265 1053 4320 vita:
1083 4263 1319 4319 vallibus
1349 4260 1574 4331 degunt,
1609 4252 2060 4326 reprehensionis
2097 4265 2214 4305 mo-

641 4358 722 4416 do
754 4361 857 4414 ista
898 4359 1112 4412 intonat
1141 4374 1154 4410 :
1185 4353 1373 4408 Heus!
1408 4350 1689 4413 mortales,
1723 4347 1853 4417 quid
1891 4342 2218 4414 loquimini?

2295 1877 2548 1947 συνεχοῦς
2579 1876 2968 1948 ἐπαναλήψεως
2987 1916 3001 1938 ,
3035 1877 3096 1928 τὸ
3121 1874 3349 1946 Πνεῦμα
3387 1873 3446 1928 τδ
3473 1871 3824 1943 ἅγιοντρανώ-

2293 1989 2446 2042 τερον
2474 1971 2565 2024 καὶ
2593 1969 2809 2040 εὔδηλον
2838 1971 2895 2022 ἐν
2915 1972 2980 2040 τῆ
3008 1969 3176 2041 στήλῃ
3208 1971 3312 2040 τῆς
3341 1968 3555 2039 μνήμης
3581 1969 3611 2037 ἠ
3622 1966 3724 2036 μῶν
3745 1964 3824 2034 τὴν

2299 2062 2538 2132 μεγάλην
2566 2061 2768 2128 ταύτην
2816 2061 2974 2134 ῥῆσιν
3020 2059 3271 2128 γενέσθαι
3324 2056 3825 2128 παρασκευάζειοιῖκ

2296 2153 2361 2205 ἂν
2381 2150 2575 2222 τρανόν
2593 2169 2649 2203 τε
2673 2153 2766 2204 καὶ
2786 2151 3084 2220 άσύγχυτον
3104 2150 3541 2221 ἐντετυπωμένον
3561 2151 3682 2219 ἡμῖν
3699 2148 3827 2200 τοῦτο

2294 2243 2355 2294 τὸ
2381 2243 2612 2313 γράμμα
2636 2283 2650 2305 ,
2682 2243 2740 2294 ἐν
2777 2241 2855 2312 τῷ
2888 2241 3065 2313 καιρῷ
3094 2241 3202 2295 τῶν
3230 2241 3569 2314 παθημάτων
3594 2240 3827 2309 ammo-

2299 2350 2498 2386 σκοιτο.
2525 2333 2667 2402 Πρὸς
2693 2333 2850 2386 τοῦτο
2871 2334 2979 2404 γὰρ
3007 2329 3159 2403 οἶμαι
3188 2334 3294 2404 τὴν
3325 2334 3418 2387 τοῦ
3447 2334 3592 2402 ἁγίου
3619 2331 3829 2400 Πνεύμαο

2298 2443 2388 2488 τος
2412 2427 2720 2496 οἰκονομίαν
2749 2428 2902 2498 ὸρᾷν,
2927 2426 3065 2479 ὥστε
3090 2425 3158 2479 τά
3189 2426 3529 2498 προλαϐόντα
3556 2424 3658 2477 τῶν
3689 2424 3828 2491 ἁγίων

2300 2519 2507 2586 ἀνδρῶν
2543 2517 2939 2589 κατορθώματα
2965 2559 2978 2581 ,
3017 2518 3094 2581 είς
3151 2519 3378 2589 δδηγίαν
3422 2518 3720 2591 προκεῖσθαι
3771 2515 3830 2584 τῷ

2306 2608 2442 2678 μετὰ
2477 2609 2648 2662 ταῦτα
2684 2607 2783 2679 βίῳ
2809 2651 2822 2673 ,
2849 2610 2981 2680 πρὸς
3014 2609 3073 2662 τὸ
3107 2608 3220 2662 ἴσον
3249 2627 3310 2662 τε
3342 2610 3434 2662 καὶ
3460 2611 3632 2680 ὅμοιον
3661 2606 3828 2674 ἀγαθὸν

2305 2698 2649 2771 προαγούσης
2667 2702 2814 2770 ἡμᾶς
2839 2703 2943 2771 τῆς
2970 2701 3279 2770 μιμήσεως.
3301 2701 3418 2754 Ὂτ²
3433 2701 3496 2755 ἂν
3512 2699 3613 2771 γὰρ
3626 2697 3829 2765 διοιδήσῃ

2304 2790 2441 2861 πρὸς
2473 2791 2571 2860 τὴν
2623 2789 2716 2842 τοῦ
2771 2787 3160 2858 παροξύνοντος
3206 2791 3489 2861 ἂμυνανή
3542 2788 3712 2859 ψυχὴ,
3755 2783 3834 2837 καὶ

2305 2881 2438 2953 ζ’έσῃ
2465 2880 2541 2952 τῷ
2575 2880 2728 2952 θυμῷ
2770 2880 2830 2932 τὸ
2861 2880 3205 2952 περικάρδιον
3240 2877 3380 2953 αἷμα
3427 2881 3562 2935 κατά
3585 2878 3670 2932 τοῦ
3709 2876 3836 2928 λελυ-

2307 2974 2542 3044 πηκότος
2567 3012 2581 3035 ,
2609 2973 2728 3026 τότε
2767 2973 2902 3044 πρὸς
2933 2973 3136 3043 ταύτην
3163 2991 3250 3037 τις
3297 2972 3598 3041 ἀναϐλέψας
3615 2968 3702 3040 τὴν
3734 2967 3836 3035 στή-

2312 3067 2430 3136 λην,
2461 3066 2527 3137 ἣν
2564 3067 2623 3120 τὸ
2659 3066 2812 3134 ἅγιον
2844 3065 3066 3135 Πνεῦμα
3089 3064 3165 3134 τῷ
3191 3065 3360 3119 Δαϐὶδ
3387 3063 3736 3134 ἁνεστήσατο,
3762 3056 3839 3109 καὶ

2308 3160 2405 3230 τὴν
2434 3159 2490 3210 ἐν
2518 3157 2666 3228 αὐτῷ
2712 3157 2893 3227 φωνὴν
2933 3157 3198 3224 ἀναγνοὺς
3229 3195 3242 3220 ,
3264 3157 3331 3226 ἢν
3373 3158 3400 3210 ὁ
3434 3153 3590 3208 Δαϐὶδ
3613 3151 3740 3220 ὑπὲρ
3763 3145 3838 3200 τού

2309 3250 2576 3320 φονῶντος
2624 3248 2922 3318 ἐφθέγξατο
2955 3265 2968 3278 ·
3005 3249 3398 3322 καταστορέσει
3444 3247 3652 3308 πάντως
3681 3242 3765 3312 τὴν
3799 3241 3842 3290 ἐν

2307 3345 2373 3414 τῇ
2395 3341 2538 3413 ψυχῇ
2557 3342 2663 3394 τῶν
2683 3341 2958 3411 λογισμῶν
2981 3341 3246 3412 ταραχὴν,
3273 3341 3422 3411 πόθῳ
3441 3343 3537 3412 τῆς
3554 3338 3656 3390 τῶν
3675 3332 3842 3405 ὁμοίων

2311 3434 2594 3505 μιμήσεως
2626 3431 3027 3501 καταπραΰνων
3079 3430 3139 3482 τὸ
3186 3429 3384 3494 πάθος.
3425 3432 3656 3501 Πάρεστι
3704 3425 3753 3477 δὲ
3798 3421 3845 3473 τὸ

2313 3522 2538 3594 μέγεθος
2566 3519 2660 3574 τοῦ
2689 3519 2776 3573 διὰ
2797 3521 3076 3591 προκοπῆς
3103 3519 3194 3572 ἐπὶ
3221 3519 3314 3573 τὸν
3348 3518 3552 3590 βαθμὸν
3580 3518 3670 3584 τῆς
3696 3511 3846 3582 dala-

2313 3612 2475 3683 ῳδίας
2524 3609 2724 3679 ταύτης
2772 3609 3206 3679 ἀναϐεϐηκότος,
3243 3610 3340 3662 καὶ
3395 3609 3461 3664 δι’
3527 3604 3696 3661 αὐτῶν
3736 3617 3844 3655 κατ-

2314 3703 2440 3756 ιδεῖν
2467 3700 2574 3754 τῶν
2603 3699 3029 3771 τῆςψαλμῳδίας
3059 3701 3345 3772 ῥημάτων,
3375 3701 3499 3754 ὅσον
3525 3698 3614 3752 τοῦ
3639 3709 3850 3766 παρῳχηο

2312 3794 2466 3857 κότος
2495 3793 2758 3864 μεγέθους
2788 3794 3247 3864 ύπερανέστησεν.
3286 3791 3488 3846 Οὐκέτι
3523 3790 3628 3861 γὰρ
3657 3787 3767 3841 οὔτε
3802 3781 3849 3832 τὸ

2313 3883 2600 3938 πατεῖσθαι
2630 3881 2780 3954 παρὰ
2809 3883 2915 3934 τῶν
2943 3881 3034 3952 ἐχθ
3045 3881 3156 3952 ρῶν,
3180 3882 3450 3946 αἰτιᾶται,
3479 3879 3598 3934 οὔτε
3625 3879 3707 3931 τὸν
3731 3875 3851 3926 ἔλεον

2313 3979 2392 4040 εἰς
2421 3975 2732 4047 συμμαχίαν
2756 3971 3060 4043 ἐφέλκεται,
3091 3972 3206 4025 ἀλλ’
3233 3975 3348 4029 ἄνω
3368 3972 3678 4042 γενόμενος,
3697 3966 3849 4030 ὥσπερ

2313 4068 2377 4121 ἐκ
2409 4084 2553 4130 τινος
2581 4065 2791 4136 ὑψηλῆς
2823 4065 3092 4128 σκοπιᾶς,
3122 4067 3240 4127 τοῖς
3276 4065 3433 4119 κάτω
3458 4063 3597 4117 κατὰ
3632 4060 3694 4114 τὰ
3729 4055 3852 4110 κοῖλα

2312 4161 2412 4229 τῆς
2455 4157 2549 4211 τοῦ
2601 4155 2714 4225 βίου
2772 4155 2877 4208 τῶν
2934 4146 3238 4228 ἀνθρώπων
3297 4154 3578 4226 ὑπωρείας
3621 4151 3852 4217 διάγουσιν

2313 4247 2640 4318 ἐλεγκτικῶς
2666 4247 2838 4320 ἐμϐοᾷ
2866 4247 3036 4300 ταῦτα
3064 4246 3260 4315 λέγων’
3287 4243 3362 4299 Ὦ
3403 4246 3694 4318 ἄνθρωποι,
3712 4239 3756 4293 τί
3779 4239 3854 4288 λα-

2315 4341 2456 4393 λεῖτε
2487 4340 2578 4393 καί⁴
2617 4339 2882 4409 πράττετε
2910 4355 2924 4404 ;
2964 4333 3070 4408 ἆρα
3106 4337 3427 4408 δικαιοσύνη
3463 4335 3579 4389 ἐστὶ
3611 4333 3668 4386 τὸ
3702 4325 3854 4381 λαλού-

642 4451 772 4522 quid
808 4447 1032 4504 facitis?
1070 4461 1200 4500 num
1225 4443 1456 4513 justitia:
1486 4446 1753 4495 consonat
1790 4439 1840 4492 id
1865 4437 2010 4508 quod
2041 4434 2203 4504 loqui-

2329 4448 2522 4504 μενον;
2561 4426 2670 4504 ἆρα
2712 4430 2778 4484 δι’
2829 4430 3119 4499 εὐθύτητος
3167 4430 3273 4501 τὴν
3326 4431 3514 4502 κρίσιν
3565 4421 3853 4494 προσάγετε;

642 4543 815 4596 mini?
843 4556 971 4595 num
996 4546 1205 4594 rectum
1228 4537 1493 4606 judicium
1528 4531 1848 4589 instituitis?
1869 4530 2032 4599 Atqui
2059 4528 2216 4583 video

643 4641 826 4686 vestra
860 4628 1122 4683 corda'in
1176 4633 1320 4680 terra
1356 4639 1498 4683 esse,
1546 4621 1837 4691 omnisque
1887 4619 2114 4690 agitatio
2164 4626 2218 4672 et

646 4723 813 4776 motio
846 4720 1028 4775 cordis
1068 4732 1207 4788 opus
1237 4724 1342 4777 est,
1376 4730 1482 4770 non
1520 4714 1809 4785 cogitatio;
1849 4713 2011 4767 simul
2055 4720 2216 4784 atque

646 4814 845 4866 malum
892 4818 1088 4865 vestrae
1139 4807 1307 4860 luenti
1360 4807 1624 4870 occurrit,
1678 4805 2032 4874 conjungitur
2078 4816 2215 4872 opus

645 4921 767 4958 cu:n
821 4899 1282 4972 cogitationibus,
1331 4913 1544 4952 summa
1599 4896 1879 4950 celeritate
1929 4909 2212 4948 manuum.

641 5001 770 5055 llaec
806 5011 884 5060 ex,
903 4991 1116 5062 psalmo
1147 4989 1415 5044 claritatis
1448 5003 1614 5043 causa
1646 4989 1808 5043 latius
1837 4984 2084 5041 nonnihil
2118 4999 2216 5039 ex-

641 5092 869 5160 planare
898 5085 1066 5140 volui.
1105 5081 1286 5138 Verba
1319 5083 1397 5136 sic
1429 5097 1490 5136 se
1531 5081 1772 5135 habent:
1817 5097 1834 5129 ι
1872 5077 1927 5132 Si
1961 5091 2087 5131 vere
2112 5075 2218 5129 uti-

643 5195 751 5250 que
775 5178 1047 5248 justitiam
1079 5172 1396 5244 loquimini,
1424 5178 1573 5226 recte
1603 5171 1866 5239 judicate,
1912 5167 2004 5220 filii
2049 5165 2218 5220 homi-

640 5286 799 5325 num.
837 5266 1050 5320 Etenim
1098 5267 1154 5320 in
1199 5263 1364 5319 corde
1415 5261 1732 5331 iniquitates
1775 5256 2116 5327 operamini;
2163 5255 2215 5307 in

641 5371 792 5418 terra
829 5359 1075 5429 justitias
1106 5372 1302 5410 manus
1329 5362 1525 5430 vestra:
1563 5352 1916 5407 concinnant.
1957 5367 1976 5400 ι
2017 5346 2219 5400 Deinde

645 5453 940 5522 deplorans
978 5464 1072 5504 eos
1099 5449 1189 5516 Qui
1215 5461 1243 5498 a
1274 5445 1451 5499 salute
1495 5442 1832 5506 exciderant,
1857 5439 1973 5494 haec
2001 5437 2223 5505 subjun-

653 5540 765 5608 git:
805 5562 824 5594 ‹
873 5540 1106 5596 Alienati
1133 5546 1259 5593 sunt
1289 5544 1605 5606 peccatores
1635 5549 1664 5586 a
1695 5533 1851 5586 vulva
1884 5539 1938 5586 et
1968 5539 2138 5584 utero.
2174 5547 2191 5578 ι

724 5727 850 5783 Haec
909 5724 1264 5786 intellexeris,
1333 5722 1376 5776 si
1428 5717 1697 5787 inquiras,
1749 5723 1996 5782 quaenam
2043 5710 2214 5779 prima

2318 4525 2426 4577 Kal.
2459 4522 2568 4592 μὴν
2608 4519 2717 4590 δρῶ
2743 4521 2849 4597 ὅτι.
2875 4523 2932 4573 ἐν
2982 4522 3051 4590 γῇ
3089 4519 3189 4589 μὲν
3219 4520 3378 4590 ὑμῶν
3407 4521 3546 4571 εἰσιν
3577 4519 3630 4570 αἱ
3657 4509 3850 4581 καρδίαι.

2319 4616 2413 4667 καὶ
2466 4616 2575 4666 πᾶν
2631 4594 2914 4686 ἐγκάρδιον
2965 4610 3206 4680 κίνημα,
3273 4610 3438 4681 ἔργον
3493 4606 3609 4662 ἐστὶ
3660 4603 3742 4658 καὶ
3763 4594 3854 4663 οὐχὶ

2319 4709 2515 4778 νόημα.
2548 4706 2722 4768 Εὐθὺς
2746 4706 2854 4776 γὰρ
2881 4703 3015 4774 ὁμοῦ
3042 4703 3120 4772 τῷ
3154 4703 3426 4772 συστῆναι
3457 4702 3518 4754 τὸ
3547 4698 3705 4754 κακὸν
3740 4695 3784 4744 ἐν
3803 4687 3852 4753 τῇ

2319 4797 2558 4867 διανοίᾳ,
2590 4795 2960 4865 συμπλέκεται
2988 4794 3048 4845 τὸ
3091 4793 3257 4864 ἔργον
3295 4791 3387 4845 διὰ
3421 4790 3531 4844 τῶν
3561 4783 3740 4859 χειρῶν
3770 4779 3856 4836 τοῖς

2320 4890 2414 4960 νοή
2425 4904 2607 4958 μασιν.
2638 4886 2823 4940 Ταῦτα
2851 4884 3147 4956 σαφηνείας
3177 4885 3348 4957 χάριν
3372 4925 3386 4948 ,
3433 4881 3623 4954 μικρόν
3648 4894 3695 4929 τι
3720 4884 3860 4935 παρα·

2323 4981 2536 5051 φράσας
2593 4980 2690 5049 τῆς
2739 4978 3016 5048 ψαλμικῆς
3068 4976 3315 5042 λέξεως,
3377 4975 3637 5044 ἐξεθέμην
3681 4967 3863 5038 ῥήματα

2324 5073 2514 5142 ἔχοντα
2549 5070 2741 5132 οὕτως’
2772 5088 2790 5119 ι
2811 5070 2873 5121 Ei
2905 5068 3119 5138 άληθῶς
3149 5069 3262 5139 ἄρα
3291 5067 3636 5133 δικαιοσύνην
3665 5056 3860 5111 λαλεῖτε.

2323 5163 2538 5225 εὐθείας
2568 5160 3040 5232 κρίνετε,υἱοὶτῶν
3066 5159 3397 5230 ἀνθρώπων.
3423 5158 3531 5210 Καὶ
3563 5153 3663 5223 γὰρ
3683 5152 3732 5202 ὲν
3753 5157 3864 5211 X3?”

2325 5255 2412 5325 δίᾳ
2451 5254 2679 5324 ἀνομίαν
2727 5251 3024 5319 ἐργάζεσθε
3064 5254 3122 5304 ἐν
3147 5254 3215 5322 τῇ
3248 5255 3320 5324 γῇ
3343 5291 3358 5314 ,
3389 5249 3598 5304 ἀδικίαν
3643 5243 3693 5295 αἱ
3716 5239 3864 5309 κεῖρεῖ

2328 5343 2480 5414 ὑμῶν
2507 5342 2927 5414 συμπλέκουσιν.
2955 5359 2974 5392 ι
3009 5337 3140 5395 Εἶτα
3168 5323 3372 5410 ἐπάγει
3409 5334 3720 5411 σχετλιάζων
3749 5323 3864 5388 ὑπὲρ

2326 5435 2433 5487 τῶν
2482 5435 2580 5505 τῆς
2629 5432 2902 5504 σωτηρίας
2941 5433 3384 5487 ἐκπεπτωκότων
3435 5431 3533 5492 τὰς
3568 5424 3695 5496 μετὰ
3721 5413 3864 5471 ταῦτα

2330 5501 2570 5596 φωνάςξε
2609 5501 3172 5596 Ἀπηλλοτριώθησαν,
3195 5543 3213 5574 ι
3249 5523 3446 5592 λέγων,
3485 5540 3502 5571 ε
3526 5520 3573 5572 οἱ
3595 5501 3864 5586 ἁμαρτωλοὶ

2328 5617 2435 5670 ἀπὸ
2459 5617 2668 5686 μήτρας
2687 5655 2701 5676 ,
2731 5615 2822 5666 καὶ
2856 5614 2964 5666 ἀπὸ
2992 5616 3088 5686 τῆς
3119 5613 3363 5683 γαστρὸς
3386 5605 3763 5677 ἐπλανήθησαν.
3787 5615 3803 5645 ι

2421 5709 2609 5778 Γνοίης
2637 5708 2681 5761 δ’
2711 5707 2776 5762 ἂν
2795 5707 2865 5768 «τὸ
2891 5708 3181 5777 λεγόμενον
3222 5705 3489 5772 ἐξετάσας
3515 5701 3594 5764 τίς
3631 5699 3660 5767 ἡ
3703 5687 3861 5762 πρώτη
