4018 6334
551 246 654 303 595

548 448 752 518 quique
783 443 954 514 ignita
982 441 1088 496 tela
1125 439 1332 511 peccati
1379 447 1571 492 contra
1607 438 1903 491 humanum
1944 451 2117 506 genus

548 535 754 606 dirigit,
789 549 899 589 non
930 531 1083 602 prius
1115 529 1330 584 absistit
1364 528 1432 581 ab
1461 528 1528 581 iis
1565 525 1912 596 impetendis,
1952 540 2114 594 quam

548 629 765 682 illorum
806 626 950 680 vires
1011 623 1304 678 enervarit.
1368 618 1663 673 «Intendet
1713 619 1859 672 enim
1929 630 2116 669 arcum

547 735 729 784 suum,
762 718 934 773 donec
963 714 1334 780 inlirmentnr;
1371 732 1388 765 ι
1423 719 1478 767 et
1513 710 1666 774 (inut,
1710 718 1769 764 ut
1799 724 1922 764 cera
1948 709 2119 777 lique-

547 825 730 873 scens,
767 808 834 863 ad
858 821 1074 863 omnem
1105 806 1332 860 formam
1368 803 1852 880 improbitatisqne
1885 801 2113 871 ﬁguram

546 902 760 956 faciles.
796 899 893 955 His
942 897 1092 952 addit
1128 895 1505 950 lamentabiles
1556 893 1678 948 illas
1720 891 1982 947 adversus
2025 889 2120 943 mi-

547 1005 701 1046 seros
731 1004 896 1044 voces
927 1011 940 1042 ι
990 1007 1008 1039 ι
1035 985 1410 1056 Supercecidit
1444 983 1587 1054 ignis
1609 996 1666 1038 et
1700 998 1808 1037 non
1862 981 2118 1036 viderunt

546 1084 737 1138 solem.
777 1099 797 1134 ι
842 1080 1089 1136 Declarat
1120 1079 1313 1134 horum
1349 1077 1674 1132 sententiam
1720 1075 1860 1130 alius
1897 1073 2116 1144 quidam

545 1174 926 1242 interpretum,
997 1170 1092 1240 qui
1144 1167 1584 1239 intempestivum
1641 1166 1792 1220 illum
1837 1165 1905 1218 ab
1959 1171 2118 1217 utero

545 1268 782 1336 lapsum,
831 1271 991 1318 vocat
1039 1263 1310 1318 abortum.
1363 1258 1460 1314 llis
1496 1259 1641 1315 enim
1685 1258 1863 1312 verbis
1913 1257 2113 1310 utitur:

555 1375 572 1406 ι
593 1354 852 1418 Abortus,
881 1372 898 1404 ι
932 1352 1129 1422 inquit,
1164 1371 1182 1403 ι
1210 1349 1455 1406 mulieris
1510 1363 1618 1403 non
1642 1347 1845 1402 videbit
1875 1347 2064 1402 solem.
2093 1365 2112 1397 ι

550 1445 686 1500 Cum
721 1444 886 1514 igitur
907 1443 1065 1497 initio
1095 1441 1291 1512 psalmi
1336 1439 1568 1494 dixisset
1597 1457 1608 1491 :
1647 1457 1665 1488 ι
1696 1437 1931 1493 Alienati
1989 1447 2120 1493 sunt

547 1544 864 1606 peccatores
899 1549 930 1588 a
966 1533 1156 1598 vulva,
1190 1533 1338 1588 etab
1375 1538 1528 1585 utero
1561 1536 1903 1593 erraverunt,
1933 1549 1952 1581 ι
1975 1528 2120 1583 nunc

545 1628 736 1682 eodem
774 1643 938 1684 sensu
966 1625 1211 1697 adjnngit
1237 1621 1733 1695 τὺ,ὴμ6λώθησαν,
1777 1641 1795 1673 ι
1830 1638 1924 1692 per
1955 1623 2119 1676 abor-

549 1725 662 1771 tum
690 1717 849 1786 ejecti
880 1727 1026 1773 sunt.
1065 1735 1084 1767 ι
1135 1713 1368 1771 Causam
1416 1728 1546 1769 vero
1597 1713 1760 1783 hujus
1813 1713 1942 1766 mali
1986 1712 2118 1767 dicit

547 1823 670 1863 esse
713 1791 1123 1863 similitudinem
1156 1821 1319 1877 quam
1356 1821 1480 1860 cum
1516 1805 1861 1874 serpentibus
1897 1803 2115 1860 habent.

545 1900 724 1966 Quare
747 1899 981 1956 similem
1042 1899 1347 1954 orationem
1402 1911 1694 1966 usurpans,
1754 1896 1832 1950 ait
1873 1910 1968 1951 eos
1997 1911 2120 1952 esse

545 1991 897 2063 imperfectos
923 1993 979 2047 in
1004 1992 1218 2047 ratione
1245 1998 1475 2055 natura,
1503 2001 1557 2045 et
1582 1990 1858 2045 abortivos
1891 2004 1986 2059 per
2004 2005 2120 2043 ma-

545 2081 718 2135 iitiam
744 2083 1008 2147 redditos,
1059 2083 1423 2152 delapsosqne
1488 2091 1541 2137 et
1599 2076 1871 2137 excidisse
1917 2081 1985 2135 ab
2025 2082 2117 2136 illa

545 2181 706 2240 quam
749 2186 915 2241 supra
945 2171 1185 2228 diximus
1225 2170 1471 2234 matrice,
1521 2169 1737 2240 sibique
1779 2170 1960 2240 ignem
1992 2171 2120 2226 eﬂ'e-

545 2270 664 2315 ctos
690 2275 833 2329 esse,
864 2261 935 2316 ob
969 2260 1189 2318 carnale
1216 2269 1268 2315 et
1293 2258 1530 2313 materia:
1563 2258 1877 2314 immersam
1906 2260 2119 2315 vivendi

545 2352 876 2420 institutum,
937 2352 1106 2423 hujus
1143 2354 1316 2424 gratia
1365 2351 1554 2406 oculos
1587 2351 1653 2406 ad
1694 2351 1866 2408 solem
1899 2368 2006 2407 non
2038 2353 2115 2408 le-

547 2460 722 2500 vasse.
755 2443 898 2500 Solis
928 2445 1149 2500 nomine
1177 2444 1451 2516 signiﬁcat
1489 2458 1672 2499 veram
1709 2443 1856 2498 illam
1914 2445 2113 2508 lucem,

543 2548 710 2606 quam
739 2531 1093 2603 imperfectus
1135 2533 1227 2588 ille
1256 2531 1570 2586 Iudaeorum
1615 2533 1758 2586 fetus
1814 2538 1868 2586 et
1916 2546 2116 2586 conce-

543 2635 669 2698 plus
703 2625 929 2681 minime
959 2625 1227 2682 sustinuit
1264 2625 1468 2680 videre.
1497 2623 1776 2679 Consonat
1825 2637 1987 2693 porro
2035 2639 2120 2678 se-

542 2732 719 2788 quens
774 2717 952 2771 oratio
979 2733 1104 2772 cum
1153 2716 1533 2787 praecedente;
1594 2731 1721 2771 nam
1750 2717 1896 2786 quod
1953 2731 2120 2787 supra

542 2809 847 2867 nominavit
881 2829 901 2862 ι
926 2810 1170 2881 aspidem
1207 2809 1453 2875 surdam,
1482 2829 1502 2862 ι
1541 2809 1644 2865 hoc
1699 2823 1848 2864 nunc
1883 2809 2121 2879 appellat

543 2901 758 2972 spinam
791 2917 898 2956 non
921 2902 1318 2973 intelligentem
1344 2919 1358 2956 :
1386 2916 1512 2956 nam
1540 2917 1608 2957 ex
1641 2899 1831 2956 auditu
1868 2903 2119 2956 nascitur

541 2993 930 3066 intelligentia,
1001 2993 1208 3065 quique
1251 2993 1590 3048 auditionem
1645 3008 1756 3048 non
1800 2994 2012 3063 recipit,
2071 2995 2118 3049 is

543 3085 708 3141 simul
771 3086 938 3142 etiam
1012 3099 1140 3140 cum
1210 3084 1494 3140 auditione
1560 3086 1975 3155 intelligentiam
2032 3102 2121 3143 re-

539 3176 681 3244 jicit.
878 3180 887 3187 ·

616 3258 885 3324 Quocirca
920 3265 1066 3322 sicut
1118 3267 1212 3324 ubi
1277 3268 1522 3338 generali
1571 3270 1847 3338 serpentis
1897 3270 2123 3326 nomine

541 3357 743 3430 posito,
763 3358 1228 3429 aadduxitpustea
1261 3359 1500 3429 speciem
1537 3360 1703 3429 hujus
1745 3361 2025 3426 animalis,
2067 3371 2122 3417 et

545 3448 768 3520 quidem
789 3451 963 3518 illam,
1017 3467 1140 3521 quae
1168 3450 1227 3505 in
1259 3466 1325 3507 eo
1353 3467 1553 3523 genere
1573 3462 1658 3509 est
1690 3454 1936 3509 omnimn
1987 3470 2120 3526 per-

546 3541 938 3609 niciosissima,
977 3543 1224 3614 aspidem
1257 3544 1487 3610 scilicet,
1523 3545 1602 3600 ita
1633 3555 1688 3601 et
1708 3547 1797 3601 hic
1820 3549 2120 3618 generatim

546 3635 718 3706 spinae
753 3635 1023 3692 vocabulo
1059 3638 1262 3707 posito,
1317 3636 1475 3693 alIert
1512 3638 1774 3709 deinceps
1824 3653 1944 3696 eam
1992 3655 2122 3712 spe-

545 3727 708 3792 ciem,
747 3743 868 3798 qua:
902 3729 1045 3783 inter
1076 3728 1266 3798 spinas
1289 3729 1534 3785 omnium
1574 3739 1660 3786 est
1704 3732 2120 3798 molestissima,

546 3833 740 3889 nempe
799 3819 1114 3883 rhamnum,
1157 3819 1318 3890 cujus
1353 3831 1530 3876 acuta:
1579 3830 1710 3877 sunt
1743 3823 2023 3894 cuspides,
2071 3836 2124 3879 et

545 3911 822 3967 continuae
851 3912 1236 3982 prominentia:
1267 3915 1334 3967 ad
1365 3915 1675 3969 nocendum
1701 3917 2124 3986 propinquanti-

544 4003 650 4058 bus
681 4014 838 4072 aptze,
867 4003 1142 4074 plagasque
1175 4004 1390 4059 inﬂictae
1411 4004 2121 4062 venenosaﬂerumtamen

543 4093 704 4163 spina
733 4093 925 4157 eratis,
954 4093 1050 4160 ait,
1082 4100 1138 4150 et
1171 4093 1227 4147 in
1260 4093 1460 4164 spinis,
1495 4092 1784 4157 rhamnus,
1807 4103 1868 4148 ut
1888 4093 2124 4163 proinde

541 4184 841 4241 videamini
872 4186 1076 4241 vivere.
1103 4184 1221 4241 Non
1260 4186 1405 4246 enim
1451 4201 1577 4242 vere
1607 4186 1763 4248 vivit,
1811 4185 1905 4255 qui
1937 4201 2122 4240 veram

542 4280 713 4334 vitam
746 4294 854 4336 non
890 4279 1073 4336 habet.
1100 4277 1186 4334 lra
1229 4279 1546 4340 absorbehit
1583 4293 1680 4334 vos
1714 4295 1728 4333 :
1760 4287 1814 4334 et
1855 4279 2123 4350 quemad-

1785 229 1840 284 S.
1880 229 2203 286 GREGORH
2241 229 2530 284 NYSSENI
3657 245 3740 299 59:3

446 385 456 392 -
546 357 840 425 jaculator,
894 352 988 422 qui
1029 348 1242 403 animas
1303 357 1520 402 nostras
1559 347 1680 402 telis
1721 347 1835 400 suis
1879 344 2117 412 infestat,

2224 344 2463 398 εὐθύνων
2493 345 2638 415 ζωῆς
2657 383 2670 406 ,
2701 344 2760 396 οὐ
2808 343 3041 397 παύεται
3067 344 3185 396 κατ’
3217 340 3389 396 αὐτῶν
3416 342 3745 416 τοξαζόμενις,

2219 433 2322 498 ἕως
2345 434 2523 487 αὐτῶν
2550 433 2861 505 ὲκνευρώσῃ
2890 434 2989 505 τὴν
3015 433 3266 503 δύναμιν.
3310 453 3327 485 ι
3349 435 3566 488 Ἐντενεῖ
3597 438 3706 510 γὰρ,
3729 461 3743 490 ι

2221 525 2383 594 φησὶν
2405 566 2418 588 ,
2452 543 2470 576 ι
2499 525 2559 577 τὸ
2587 525 2740 590 τόξον
2767 525 2952 592 αὑτοῦ,
2981 527 3086 591 ἕως
3114 519 3175 578 οῦ
3201 525 3584 595 ἀσθενήσουσιν.
3611 547 3628 578 ι
3662 530 3754 585 Καὶ

2227 615 2466 682 γίνονται
2497 615 2665 686 κηρὸς
2688 615 3007 686 τηκόμενος,
3047 615 3182 686 πρὸς
3216 616 3320 669 πᾶν
3343 611 3469 677 εἶδος
3511 615 3595 668 τοῦ
3643 619 3755 672 κατὰ

2217 706 2318 774 τὴν
2343 706 2613 778 ἁμαρτίαν
2637 710 2983 777 χαρακτῆρος
3003 706 3240 769 εὐκόλως
3274 704 3644 775 μορφοὺμενος
3674 712 3755 760 καὶ

2219 797 2424 860 τούτοις
2454 797 2534 850 ἔτι
2571 798 2892 868 προστίθησι
2921 799 3018 862 τὰς
3062 796 3347 869 eamme;
3394 798 3594 859 ὲκείνας
3636 801 3758 853 κατὰ

2219 887 2328 940 τῶν
2351 887 2595 941 δειλαίων
2617 887 2848 956 φωνὰς,ι
2870 886 3107 941 Ἔπεσεν
3138 888 3265 958 πῦρ,
3288 906 3305 938 ι
3335 887 3545 954 λέγων,‹
3567 890 3652 941 καὶ
3675 893 3760 944 οὐκ

2221 979 2326 1033 ἴδον
2351 981 2441 1032 τὸν
2466 979 2632 1050 ἥλιον.
2647 999 2664 1031 ι
2683 979 2974 1050 Σαφηνίζει
3001 979 3056 1032 δὲ
3077 979 3171 1032 τοῦ
3200 977 3360 1049 ῥητοῦ
3381 978 3558 1031 τούτου
3581 979 3666 1049 τὴν
3685 980 3758 1031 ἕν-

2219 1088 2368 1124 νοιαν
2386 1071 2570 1142 ἕτερος
2590 1071 2698 1125 τῶν
2723 1073 3026 1144 ἑρμηνέων.
3051 1071 3147 1142 τὴν
3181 1070 3328 1140 παρὰ
3356 1072 3537 1141 καιρὸν
3565 1073 3763 1141 γενομέ-

2220 1179 2318 1233 νην
2343 1163 2451 1215 ἀπὸ
2477 1165 2577 1233 τῆς
2612 1165 2822 1234 μήτρας
2866 1163 3142 1232 ὀλίσθησιν
3187 1161 3281 1214 τοῦ
3314 1160 3655 1231 ἀμϐλώματος
3687 1165 3765 1234 ἑρ-

2224 1253 2496 1325 μηνεύσας
2527 1255 2734 1316 τούτοις
2780 1257 2892 1317 τοῖς
2929 1257 3199 1324 ῥήμασιν’
3238 1272 3255 1304 ι
3295 1253 3598 1324 Ἐκτρωμα,
3628 1271 3643 1302 ι
3672 1270 3764 1322 φη.

2223 1347 2326 1410 civ,
2367 1365 2385 1398 ι
2428 1347 2684 1411 γυναικὸς
2722 1347 2820 1416 οὐχ
2838 1345 3338 1417 όραματισθήσεται
3364 1344 3528 1414 ἥλιον.
3567 1364 3584 1396 ›
3627 1334 3760 1397 Ἐπεὶ

2219 1438 2396 1491 τοίνυν
2427 1439 2574 1511 παρὰ
2603 1439 2702 1509 τὴν
2739 1438 2910 1508 ἀρχὴν
2949 1437 3049 1507 τῆς
3099 1435 3410 1506 ψαλμῳδίας
3455 1434 3640 1503 φησιν,
3694 1435 3763 1487 ὅτι

2229 1549 2247 1581 ι
2289 1529 2828 1601 Ἀπηλλοτριώθησαν
2860 1532 2908 1582 οἱ
2934 1529 3247 1600 ἁμαρτωλοὶ
3267 1528 3374 1580 ἀπὸ
3403 1528 3621 1599 μήτρας,
3685 1529 3765 1579 καὶ

2223 1621 2329 1674 ἀπὸ
2382 1621 2617 1692 γαστρὸς
2673 1619 3086 1691 ἐπλανήθησαν,
3145 1640 3162 1672 ι
3217 1622 3356 1691 ὅπερ
3421 1620 3605 1672 ταύτόν
3667 1622 3766 1674 ἐστι

2225 1711 2302 1782 τῷ
2328 1710 2693 1782 ὴμὸλώθησαν
2713 1757 2724 1773 ,
2759 1710 2929 1764 αἴτιον
2959 1711 3014 1763 δὲ
3056 1709 3147 1763 τοῦ
3177 1711 3417 1763 τοιοῦτον
3464 1710 3653 1771 πάθους
3683 1709 3768 1761 αὖ·

2226 1801 2334 1854 τῶν
2382 1801 2529 1869 λέγει
2578 1802 2673 1872 τὴν
2721 1803 2856 1874 πρὸς
2900 1802 2991 1855 τὸν
3042 1803 3162 1871 ὅφιν
3211 1821 3268 1856 τε
3321 1803 3413 1856 καὶ
3455 1803 3549 1872 τὴν
3592 1801 3770 1853 ἀσπίδα

2226 1893 2504 1964 ὁμοίωσιν,
2523 1895 2611 1948 διὰ
2639 1893 2799 1948 τοῦτο
2826 1895 2920 1948 καὶ
2951 1895 3046 1949 νῦν
3068 1895 3157 1947 τὸν
3185 1895 3298 1947 ἴσον
3334 1891 3671 1947 ὲπαναλαῦὼν
3693 1891 3770 1943 λό-

2227 2002 2342 2053 γον,
2383 1986 2534 2056 φησὶ,
2567 1986 2649 2040 ὃτι
2689 1986 2895 2051 ἀτελεῖς
2937 1989 2995 2041 ἐν
3040 1986 3116 2057 τῷ
3155 1986 3298 2057 λόγῳ
3333 1987 3430 2054 τῆς
3462 1985 3659 2054 φύσεως
3693 1985 3773 2036 καὶ

2227 2067 2620 2151 ἀμϐλωθρίδιοι
2661 2079 2748 2136 διὰ
2779 2081 2974 2144 κακίας
3004 2081 3315 2150 γενόμενοι,
3351 2078 3698 2147 ὲξωλίσθησάν
3722 2094 3772 2128 τε

2227 2171 2320 2223 καὶ
2371 2169 2570 2224 ἔπεσαν
2619 2171 2773 2225 αὐτοὶ
2813 2171 2920 2224 ἀπὸ
2951 2172 3053 2242 τῆς
3085 2171 3372 2242 νοηθείσης
3421 2172 3547 2241 ἡμῖν
3586 2168 3773 2237 ἐκεενης

2229 2263 2463 2334 μήτρας,
2498 2261 2610 2334 πῦρ
2643 2263 2761 2316 καθ’
2798 2261 3004 2316 ἑαυτῶν
3034 2263 3338 2333 γενόμενοι,
3368 2263 3454 2316 διὰ
3490 2262 3583 2330 τῆς
3610 2259 3774 2326 ὑλικῆς

2227 2354 2632 2424 προαιρέσεως⁸
2689 2347 2748 2408 οῦ
2783 2353 2940 2425 χάριν
3007 2354 3107 2406 οὑκ
3161 2353 3462 2422 ἀνέϐλεψαν
3527 2351 3652 2422 πρὸς
3701 2347 3775 2400 τὸν

2227 2445 2394 2515 ἥλιον.
2441 2445 2802 2499 Ἐνδείκνυται
2823 2445 2878 2498 δὲ
2914 2447 2977 2498 ὲκ
2996 2444 3088 2498 τοῦ
3119 2445 3270 2515 ἡλίου
3308 2444 3368 2496 τὸ
3398 2443 3637 2512 ἀληθινὸν
3659 2439 3775 2508 φῶς»

2229 2538 2364 2609 πρὸς
2415 2537 2443 2590 ὂ
2499 2538 2533 2608 ἡ
2583 2537 3012 2608 ἀτελεσιρόρητος
3054 2536 3161 2590 τῶν
3207 2535 3483 2590 Ἰουδαίων
3529 2533 3649 2602 γονὴ
3694 2531 3776 2584 οὐκ

2227 2628 2538 2697 ἀνέϐλεψεν.
2590 2629 2700 2682 Καὶ
2746 2629 2774 2681 ό
2831 2628 3026 2697 ἐφεξῆς
3070 2628 3226 2696 λόγος
3278 2628 3508 2700 ἁρμόζει
3555 2624 3682 2678 κατὰ
3727 2619 3777 2672 τὸ

2226 2719 2516 2772 ἀκόλουθον
2551 2718 2626 2790 τῷ
2659 2720 2969 2791 προάγοντι.
3003 2720 3067 2771 Ὃ
3101 2719 3208 2788 γάρ
3243 2719 3365 2771 ἐκεῖ
3397 2716 3578 2786 κωφὴν
3604 2712 3778 2765 ἀσπίδα

2225 2809 2526 2881 ὠνόμασεν,
2555 2809 2713 2863 τοῦτο
2745 2808 2839 2862 νῦν
2885 2807 3222 2880 μεταϐαλὼν,
3273 2807 3527 2862 ἀσύνετον
3566 2801 3777 2858 ἄκανθαν

2224 2901 2406 2970 λέγει·
2449 2905 2513 2954 ὲκ
2533 2901 2643 2972 γάρ
2678 2900 2773 2954 τοῦ
2809 2899 3040 2955 ἀκοῦσαι
3071 2900 3130 2953 τὸ
3156 2901 3406 2955 συνιέναι
3436 2901 3633 2969 γίνεται
3656 2913 3668 2925 ’
3691 2894 3779 2948 όδὲ

2223 2992 2320 3062 τὴν
2346 2992 2515 3064 ἀκοὴν
2543 2993 2603 3046 οὐ
2636 2991 2948 3062 δεξάμενος,
2981 2991 3380 3047 συναποϐάλλει
3416 2992 3622 3052 πάντως
3652 2985 3773 3059 μετά

2223 3084 2322 3155 τῆς
2356 3083 2526 3155 ἀκοῆς
2558 3086 2653 3138 καὶ
2686 3085 2785 3155 τὴν
2821 3085 3054 3138 σύνεσιν.

2295 3264 2394 3318 Διά
2425 3263 2581 3317 τοῦτο
2610 3264 2798 3336 ὥσπερ
2826 3266 2943 3318 ἐκεῖ
2976 3267 3073 3336 μὲν
3103 3266 3470 3338 γενικώτερον
3503 3261 3780 3336 μνημονεύ-

2226 3373 2324 3419 σας
2361 3355 2454 3409 τοῦ
2485 3356 2626 3410 κατά
2653 3355 2743 3408 τὸν
2760 3356 2884 3424 ὅφιν
2911 3354 3195 3426 ὀνόματος,
3231 3358 3434 3424 ἐπάγει
3465 3355 3526 3407 τὺ
3547 3348 3675 3413 εἶδος
3700 3345 3780 3400 τοῦ

2225 3447 2415 3518 θηρίου
2442 3448 2504 3501 τὸ
2531 3448 2586 3500 ὲν
2608 3447 2684 3516 τῷ
2709 3447 2856 3514 γένει
2885 3447 3231 3516 πικρότατον,
3257 3449 3363 3520 τὴν
3389 3447 3583 3501 ἀσπίδα
3599 3444 3780 3510 λέγων’

2223 3539 2366 3592 οὕτω
2400 3539 2493 3592 καὶ
2525 3537 2770 3597 ἐνταῦθα,
2796 3531 2906 3590 οἷον
2933 3541 2990 3592 ὲν
3021 3539 3168 3604 γένει
3201 3541 3316 3594 τινὶ
3343 3539 3404 3592 τὸ
3437 3539 3535 3608 τῆς
3567 3532 3783 3601 ἀκάνθης

2223 3631 2396 3701 ὄνομα
2420 3629 2843 3701 προεκθέμενος,
2883 3629 3078 3697 ἐπάγει
3109 3630 3170 3682 τὸ
3199 3631 3582 3700 χαλεπώτερον
3609 3629 3663 3680 ὲν
3683 3627 3784 3685 ταῖς

2223 3721 2485 3786 ἀκάνθαις
2546 3717 2702 3785 εἶδος,
2756 3723 2855 3794 τὴν
2885 3725 3089 3794 ῥάμνον
3117 3722 3316 3788 εἰπὼν,
3364 3719 3433 3795 ἧς
3487 3721 3647 3785 ὀξεῖαι
3700 3716 3783 3786 μὲν

2225 3814 2333 3888 [αἱ]
2356 3817 2552 3887 ἀκμαὶ,
2573 3819 2814 3888 συνεχεῖς
2845 3817 2902 3870 δὲ
2925 3820 2980 3872 αἱ
3004 3817 3293 3888 προϐολαὶ,
3323 3815 3608 3887 βλαπτικαὶ
3623 3813 3673 3866 δὲ
3693 3808 3783 3862 τῶν

2225 3906 2692 3978 προσεγγιζόντων
2713 3908 2807 3964 καὶ
2834 3907 3005 3974 ίώδεις
3035 3912 3090 3962 αί
3121 3911 3358 3982 ἀμυχαί.
3396 3908 3538 3979 Πλὴν
3560 3903 3683 3959 ἀλλά
3704 3900 3783 3953 καὶ

2223 3999 2434 4055 ἄκανθα
2457 3995 2576 4070 ἦτε,
2610 4000 2794 4072 φησὶν,
2829 3999 2935 4078 κκᾶν
2986 4004 3044 4055 ὲν
3087 4001 3359 4063 ἀκάνθαις
3404 4003 3437 4072 η
3467 3999 3679 4072 ῥάμνος,
3721 3993 3783 4056 ὡς

2223 4090 2304 4144 ἐτι
2336 4091 2543 4144 οἴεσθαι
2579 4087 2714 4166 ζῇν·
2750 4093 2812 4144 οὐ
2847 4091 2955 4163 γάρ
3005 4091 3221 4163 ἀληθῶς
3269 4093 3360 4164 ζῇ,
3394 4093 3490 4163 τὴν
3521 4089 3680 4160 ἀληθῆ
3719 4083 3781 4154 μὴ

2224 4181 2362 4252 ἔχων
2408 4182 2573 4251 ζωήν.
2620 4183 2684 4235 Ἦ
2715 4183 2851 4255 ὀργὴ
2907 4183 3234 4237 καταπίεται
3278 4186 3454 4256 ὑμᾶς·
3488 4181 3580 4237 καὶ
3621 4178 3782 4244 ὥσπερ

2223 4273 2332 4328 τῶν
2364 4272 2701 4347 ἁμαρτωλῶν
2736 4275 2769 4345 ἡ
2800 4275 2914 4347 ζωὴ
2987 4276 3088 4330 οὐκ
3123 4275 3189 4330 ἂν
3237 4274 3458 4347 ἀληθῶς
3488 4275 3627 4326 ἐστιν
3658 4269 3682 4321 ό
3710 4265 3782 4318 λέ·

543 4373 765 4429 modum
823 4373 937 4427 vita
991 4381 1340 4442 peccatorum
1369 4387 1480 4429 non
1529 4385 1658 4427 vere
1703 4379 1806 4436 est,
1847 4370 1995 4442 quod
2033 4371 2119 4426 di-

2225 4381 2400 4433 γεται,
2443 4363 2558 4417 ἀλλ’
2605 4363 2928 4434 ὀνομάζεται
2969 4367 3127 4436 μόνον
3165 4365 3250 4434 (τὸ
3281 4364 3392 4436 γὰρ
3421 4365 3520 4434 τῆς
3553 4354 3780 4428 ἀληθινῆς

544 4463 710 4529 citur,
764 4462 862 4519 sed
902 4462 1284 4519 tantummodo
1330 4463 1455 4517 talis
1481 4461 1689 4516 dicitur
1737 4461 1887 4532 (nam
1927 4475 2050 4532 quae
2090 4475 2121 4516 a

543 4569 676 4610 vera
702 4554 814 4610 vita
839 4554 1089 4624 sejuncta
1111 4562 1218 4619 est,
1255 4554 1348 4608 illa
1378 4553 1566 4630 utique
1601 4569 1742 4610 verm
1776 4555 1897 4610 vitm
1917 4569 2122 4610 nomen

545 4662 656 4702 non
690 4646 976 4716 meretur),
1008 4647 1090 4702 sic
1122 4654 1177 4702 et
1209 4647 1265 4701 in
1283 4645 1390 4702 Deo
1424 4647 1504 4701 ira
1532 4647 1704 4701 nihilo
1726 4648 1899 4716 magis
1920 4648 2118 4714 iraest,

547 4738 676 4792 licet
704 4751 734 4790 a
767 4738 1149 4808 peccatoribus
1172 4738 1296 4793 talis
1321 4747 1373 4793 et
1397 4737 1686 4804 habeatur,
1709 4744 1763 4793 et
1783 4739 2116 4794 nominetur.

545 4827 665 4884 Non
699 4836 784 4885 est
809 4828 913 4893 ira,
942 4827 1038 4883 sed
1075 4845 1096 4880 ι
1123 4829 1266 4884 sicut
1297 4829 1400 4894 ira,
1423 4849 1442 4882 ι
1479 4829 1787 4899 appellatur
1805 4829 2117 4894 retributio,

549 4934 714 4990 quam
745 4918 890 4975 Deus
915 4918 1185 4988 rependit,
1219 4929 1379 4989 prout
1409 4920 1500 4988 jus
1541 4919 1731 4990 fasque
1758 4920 1946 4990 exigit.
2002 4919 2118 4975 hoe

545 5011 714 5080 igitur
761 5016 848 5066 est
899 5009 1031 5064 illud
1063 5027 1076 5062 :
1113 5026 1131 5060 ι
1159 5006 1314 5063 Sicut
1385 5009 1668 5075 viventes;
1700 5027 1719 5060 ι
1782 5015 1837 5064 et
1873 5025 1887 5062 :
1919 5026 1938 5060 ι
1965 5005 2120 5062 Sicut

543 5101 598 5158 in
643 5105 723 5160 ira
753 5103 1069 5160 absorbebit
1091 5118 1212 5168 vos,
1237 5120 1259 5155 ι
1295 5103 1389 5172 qui
1417 5103 1471 5158 in
1500 5118 1628 5159 vera
1670 5104 1782 5158 vita
1815 5120 1924 5160 non
1955 5106 2112 5171 estis,

544 5200 662 5269 ipse
687 5206 870 5252 tamen
910 5211 1038 5252 vere
1086 5197 1260 5251 iratus
1314 5210 1424 5250 non
1469 5206 1574 5252 est.
1629 5195 1837 5254 Deinde
1885 5198 2115 5254 subdit:

547 5308 568 5344 ι
612 5287 911 5344 Laetabitur
943 5287 1129 5358 justus
1169 5302 1296 5343 cum
1350 5286 1546 5343 viderit
1596 5288 1958 5352 vindictam,»
2007 5304 2117 5343 non

541 5379 688 5452 quod
711 5387 933 5451 propter
950 5378 1194 5448 perditos
1211 5378 1466 5450 gaudeat,
1485 5378 1580 5436 sed
1604 5380 1750 5450 quod
1769 5396 1838 5437 ex
1864 5381 2117 5452 opposito

543 5485 632 5527 res
675 5483 807 5526 suas
847 5483 971 5523 cum
1006 5467 1172 5524 rebus
1217 5469 1434 5525 illorum
1469 5483 1826 5540 componens,
1872 5478 2004 5525 tunc
2031 5487 2117 5527 se-
2164 5492 2170 5500 ·

552 5559 732 5629 ipsum
764 5561 984 5617 beatum
1017 5560 1415 5632 praedicaturus
1449 5562 1540 5627 sit,
1573 5562 1643 5618 ob
1672 5573 1822 5620 recta
1862 5563 2112 5632 consilia,

557 5648 758 5717 quibus
779 5651 978 5725 eﬂ'ecit,
1012 5667 1082 5712 ne
1112 5668 1254 5712 unus
1286 5669 1354 5712 ex
1383 5653 1620 5730 -illorum
1660 5671 1887 5717 numero
1938 5657 2108 5725 ﬁeret,

2229 4455 2374 4526 ζωῆς
2420 4454 2818 4526 διεζευγμένον,
2851 4455 2965 4527 ζωὴ
2987 4457 3086 4510 οὐκ
3113 4455 3284 4527 ἐστιν)
3313 4474 3328 4488 ·
3367 4456 3540 4519 οὕτως
3576 4453 3662 4507 καὶ
3706 4448 3780 4502 ἐπὶ

2228 4544 2319 4601 τοῦ
2364 4545 2498 4601 Θεοῦ
2550 4549 2584 4617 ἠ
2641 4546 2800 4618 ὀργὴ,
2825 4547 2929 4602 κάν
2974 4551 3086 4612 τοῖς
3135 4548 3481 4621 ἁμαρτωλοῖς
3505 4545 3652 4599 τοῦτο
3704 4537 3779 4592 καὶ

2230 4640 2476 4710 φαίνεται
2529 4639 2623 4692 καὶ
2657 4640 2784 4710 παρ’
2820 4639 2997 4693 αὐτῶν
3034 4640 3386 4710 ὀνομάζεται,
3423 4639 3574 4692 οὐδὲν
3605 4631 3776 4705 μᾶλλόν

2228 4733 2374 4784 ἐστιν
2415 4729 2571 4802 ὀργὴ,
2617 4732 2732 4785 ἀλλ’
2771 4748 2795 4785 ι
2843 4731 2919 4794 ὡς
2952 4731 3088 4802 ὀργὴ
3149 4750 3169 4782 ι
3207 4733 3325 4795 τοῖς
3355 4730 3500 4783 οὕτω
3540 4728 3631 4798 τὴν
3663 4717 3777 4776 κατὰ

2228 4823 2287 4877 τὸ
2329 4823 2536 4877 δίκαιον
2581 4824 2676 4878 τοῦ
2727 4823 2866 4877 Θεοῦ
2905 4823 3308 4897 ἀντιδιδομένην
3345 4822 3577 4894 ἀμοιϐὴν
3607 4812 3778 4883 ὀνομᾶο

2230 4916 2401 4981 ζουσι.
2430 4916 2600 4970 Τοῦτο
2647 4911 2738 4970 οῦν
2785 4917 2932 4969 ἐστιν
2964 4915 3045 4980 τὸ,
3084 4933 3102 4966 ι
3152 4915 3300 4968 Ὠσεὶ
3341 4915 3566 4980 ζῶντας.
3601 4929 3619 4960 ο
3666 4904 3777 4967 Καὶ,

2236 5029 2253 5062 ι
2301 5010 2388 5073 Ὠς
2443 5012 2500 5064 ἐν
2545 5011 2681 5081 ὀργῇ
2728 5008 3056 5062 καταπίεται
3098 5009 3263 5080 ὑμᾶς,
3303 5032 3324 5059 ρ
3355 5009 3459 5062 οὐκ
3487 5008 3542 5058 ὲν
3578 4997 3777 5070 ἀληθινῇ

2227 5103 2340 5174 ζωῇ
2385 5102 2564 5168 ὄνταςν
2596 5101 2720 5155 οὔτε
2766 5100 2981 5172 ἀληθῶς
3006 5101 3212 5164 ἐκεῖνος
3243 5102 3303 5153 ἐν
3335 5099 3471 5174 om
3500 5090 3779 5166 θεωρούμε-

2229 5213 2338 5261 νος.
2401 5191 2538 5250 Εἶτά
2601 5211 2785 5265 φησιν*
2828 5213 2848 5246 ι
2903 5193 3357 5264 Εὑφρανθήσεται
3398 5193 3599 5250 δίκαιος
3624 5186 3693 5239 ὅτ’
3721 5179 3778 5233 ἂν

2227 5289 2311 5360 ἴδῃ
2339 5286 2632 5358 ἐκδίκησιν.
2676 5305 2697 5339 ι
2735 5286 2844 5355 Οὐχ
2877 5283 2955 5348 ὡς
2996 5284 3300 5358 ὲπιχαίρων
3341 5287 3455 5346 τοῖς
3499 5269 3775 5360 ἀπολλυμέέ

2224 5359 2356 5444 νοις,
2402 5379 2516 5434 ἀλλ’
2561 5377 2636 5441 ὡς
2686 5378 2751 5431 ὲκ
2798 5376 3142 5448 παραλλήλου
3189 5375 3258 5429 τὰ
3302 5372 3498 5429 ἑαυτοῦ
3547 5368 3672 5438 πρὸς
3715 5359 3775 5414 τὰ

2225 5472 2450 5527 ἐκείνων
2482 5469 2774 5538 ἀνατιθεὶς,
2817 5469 2940 5522 τότε
2993 5469 3288 5541 μακαρίσει
3341 5464 3530 5519 ἑαυτὸν
3560 5461 3650 5530 τῆς
3691 5453 3772 5506 εὑ-

2224 5565 2462 5630 6ουλίας,
2509 5564 2592 5618 ὅτι
2623 5562 2698 5635 μὴ
2729 5564 2788 5616 ὲν
2823 5562 3052 5627 ἐκείνοις
3096 5563 3335 5632 ἐγένετο,
3365 5561 3422 5612 ὲν
3464 5551 3543 5619 οἷς
3565 5551 3659 5623 ὁρᾷ
3678 5545 3772 5600 τῶν

2223 5655 2563 5729 ἁμαρτωλῶν
2593 5655 2693 5728 τὴν
2739 5654 3036 5726 ἐκδίκησιν.
3083 5655 3192 5728 Τὴν
3221 5651 3333 5725 γὰρ
3373 5651 3480 5705 τῶν
3514 5645 3648 5701 ἰδίων
3671 5653 3772 5711 χει-
