  <div class='ocr_page' id='page_1' title='image "/cluster/home/n/w/nwhite01/storage/ocr_20150623/44/hvd.32044052767431/306.png"; bbox 0 0 4018 6334; ppageno 0'>
   <div class='ocr_carea' id='block_1_1' title="bbox 246 233 324 288">
    <p class='ocr_par' dir='ltr' id='par_1_1' title="bbox 246 233 324 288">
     <span class='ocr_line' id='line_1_1' title="bbox 246 233 324 288; baseline -0.051 0"><span class='ocrx_word' id='word_1_1' title='bbox 246 233 324 288; x_wconf 76' lang='lat'><strong>597</strong></span> 
     </span>
    </p>
   </div>
   <div class='ocr_carea' id='block_1_2' title="bbox 1575 182 2015 278">
    <p class='ocr_par' dir='ltr' id='par_1_2' title="bbox 1575 182 2015 278">
     <span class='ocr_line' id='line_1_2' title="bbox 1575 182 2015 278; baseline 0.007 -3"><span class='ocrx_word' id='word_1_2' title='bbox 1575 224 1636 277; x_wconf 77' lang='lat' dir='ltr'><strong>IN</strong></span> <span class='ocrx_word' id='word_1_3' title='bbox 1679 182 1804 278; x_wconf 69' lang='lat' dir='ltr'><strong>i‘SA</strong></span> <span class='ocrx_word' id='word_1_4' title='bbox 1817 224 2015 278; x_wconf 73' lang='lat' dir='ltr'><strong>LMOS.</strong></span> 
     </span>
    </p>
   </div>
   <div class='ocr_carea' id='block_1_3' title="bbox 3311 230 3413 287">
    <p class='ocr_par' dir='ltr' id='par_1_3' title="bbox 3311 230 3413 287">
     <span class='ocr_line' id='line_1_3' title="bbox 3311 230 3413 287; baseline 0.049 -5"><span class='ocrx_word' id='word_1_5' title='bbox 3311 230 3413 287; x_wconf 66' lang='lat'><strong>598</strong></span> 
     </span>
    </p>
   </div>
   <div class='ocr_carea' id='block_1_4' title="bbox 248 345 1774 427">
    <p class='ocr_par' dir='ltr' id='par_1_4' title="bbox 248 345 1741 427">
     <span class='ocr_line' id='line_1_4' title="bbox 248 345 1741 427; baseline -0.005 -20"><span class='ocrx_word' id='word_1_6' title='bbox 248 356 327 427; x_wconf 81' lang='grc' dir='ltr'><strong>ρῶν</strong></span> <span class='ocrx_word' id='word_1_7' title='bbox 351 347 675 418; x_wconf 79' lang='grc' dir='ltr'><strong>καθαρότητα,</strong></span> <span class='ocrx_word' id='word_1_8' title='bbox 710 349 776 416; x_wconf 80' lang='grc' dir='ltr'>τῇ</span> <span class='ocrx_word' id='word_1_9' title='bbox 808 346 941 417; x_wconf 70' lang='grc' dir='ltr'>πρὸς</span> <span class='ocrx_word' id='word_1_10' title='bbox 966 346 1027 398; x_wconf 85' lang='lat'><strong>16</strong></span> <span class='ocrx_word' id='word_1_11' title='bbox 1053 345 1247 416; x_wconf 78' lang='grc' dir='ltr'><strong>λύθρον</strong></span> <span class='ocrx_word' id='word_1_12' title='bbox 1269 345 1373 399; x_wconf 86' lang='grc' dir='ltr'><strong>τῶν</strong></span> <span class='ocrx_word' id='word_1_13' title='bbox 1405 347 1741 417; x_wconf 77' lang='grc' dir='ltr'><strong>ἁμαρτωλῶν</strong></span> 
     </span>
    </p>
   </div>
   <div class='ocr_carea' id='block_1_5' title="bbox 1875 345 3418 427">
    <p class='ocr_par' dir='ltr' id='par_1_5' title="bbox 1875 347 3418 417">
     <span class='ocr_line' id='line_1_5' title="bbox 1875 347 3418 417; baseline 0.002 -18"><span class='ocrx_word' id='word_1_14' title='bbox 1875 364 1898 399; x_wconf 88' lang='lat' dir='ltr'><strong>u</strong></span> <span class='ocrx_word' id='word_1_15' title='bbox 1935 347 2134 416; x_wconf 85' lang='lat' dir='ltr'><strong>quibus</strong></span> <span class='ocrx_word' id='word_1_16' title='bbox 2164 347 2278 414; x_wconf 86' lang='lat' dir='ltr'><strong>ipse</strong></span> <span class='ocrx_word' id='word_1_17' title='bbox 2320 353 2664 413; x_wconf 86' lang='lat' dir='ltr'><strong>peccatorum</strong></span> <span class='ocrx_word' id='word_1_18' title='bbox 2700 347 2996 402; x_wconf 84' lang='lat' dir='ltr'><strong>vindictam</strong></span> <span class='ocrx_word' id='word_1_19' title='bbox 3027 349 3418 417; x_wconf 85' lang='lat' dir='ltr'><strong>conspicatur;</strong></span> 
     </span>
    </p>
   </div>
   <div class='ocr_carea' id='block_1_6' title="bbox 241 435 1738 508">
    <p class='ocr_par' dir='ltr' id='par_1_6' title="bbox 241 435 1738 508">
     <span class='ocr_line' id='line_1_6' title="bbox 241 435 1738 508; baseline -0.006 -10"><span class='ocrx_word' id='word_1_20' title='bbox 241 439 540 506; x_wconf 81' lang='grc' dir='ltr'><strong>ἀντεξετάσει,</strong></span> <span class='ocrx_word' id='word_1_21' title='bbox 573 437 768 507; x_wconf 79' lang='grc' dir='ltr'>μᾶλλον</span> <span class='ocrx_word' id='word_1_22' title='bbox 803 435 1115 504; x_wconf 87' lang='grc' dir='ltr'>κατόψεται.</span> <span class='ocrx_word' id='word_1_23' title='bbox 1156 454 1173 486; x_wconf 81' lang='grc' dir='ltr'><strong>ι</strong></span> <span class='ocrx_word' id='word_1_24' title='bbox 1225 437 1428 508; x_wconf 79' lang='grc' dir='ltr'>Χεῖρας</span> <span class='ocrx_word' id='word_1_25' title='bbox 1479 437 1663 499; x_wconf 76' lang='grc' dir='ltr'>αὐτοῦ,</span> <span class='ocrx_word' id='word_1_26' title='bbox 1721 459 1738 489; x_wconf 73' lang='grc' dir='ltr'><strong>ι</strong></span> 
     </span>
    </p>
   </div>
   <div class='ocr_carea' id='block_1_7' title="bbox 244 526 1740 606">
    <p class='ocr_par' dir='ltr' id='par_1_7' title="bbox 244 526 1740 606">
     <span class='ocr_line' id='line_1_7' title="bbox 244 526 1740 606; baseline -0.005 -19"><span class='ocrx_word' id='word_1_27' title='bbox 244 538 384 606; x_wconf 72' lang='grc' dir='ltr'>φησιν,</span> <span class='ocrx_word' id='word_1_28' title='bbox 421 551 437 583; x_wconf 82' lang='grc' dir='ltr'><strong>ι</strong></span> <span class='ocrx_word' id='word_1_29' title='bbox 479 530 681 598; x_wconf 82' lang='grc' dir='ltr'>νίψεται</span> <span class='ocrx_word' id='word_1_30' title='bbox 733 530 791 580; x_wconf 79' lang='grc' dir='ltr'>ὲν</span> <span class='ocrx_word' id='word_1_31' title='bbox 831 528 913 598; x_wconf 71' lang='grc' dir='ltr'>τῷ</span> <span class='ocrx_word' id='word_1_32' title='bbox 961 528 1151 598; x_wconf 87' lang='grc' dir='ltr'>α’ίματι</span> <span class='ocrx_word' id='word_1_33' title='bbox 1188 526 1280 580; x_wconf 77' lang='grc' dir='ltr'>τοῦ</span> <span class='ocrx_word' id='word_1_34' title='bbox 1335 528 1676 600; x_wconf 84' lang='grc' dir='ltr'>ἁμαρτωλοῦ.</span> <span class='ocrx_word' id='word_1_35' title='bbox 1724 549 1740 579; x_wconf 72' lang='grc' dir='ltr'><strong>ι</strong></span> 
     </span>
    </p>
   </div>
   <div class='ocr_carea' id='block_1_8' title="bbox 242 615 1745 692">
    <p class='ocr_par' dir='ltr' id='par_1_8' title="bbox 242 615 1745 692">
     <span class='ocr_line' id='line_1_8' title="bbox 242 615 1745 692; baseline -0.011 -13"><span class='ocrx_word' id='word_1_36' title='bbox 242 625 422 692; x_wconf 79' lang='grc' dir='ltr'>Οἴδαμεν</span> <span class='ocrx_word' id='word_1_37' title='bbox 442 620 511 685; x_wconf 82' lang='grc' dir='ltr'><strong>δὲ,</strong></span> <span class='ocrx_word' id='word_1_38' title='bbox 543 619 622 671; x_wconf 81' lang='grc' dir='ltr'><strong>ὅτι</strong></span> <span class='ocrx_word' id='word_1_39' title='bbox 654 618 754 670; x_wconf 85' lang='grc' dir='ltr'><strong>ούκ</strong></span> <span class='ocrx_word' id='word_1_40' title='bbox 797 616 958 670; x_wconf 83' lang='grc' dir='ltr'>ἄλλου</span> <span class='ocrx_word' id='word_1_41' title='bbox 991 616 1133 678; x_wconf 87' lang='grc' dir='ltr'>τινὸς</span> <span class='ocrx_word' id='word_1_42' title='bbox 1161 615 1317 686; x_wconf 85' lang='grc' dir='ltr'>χάριν</span> <span class='ocrx_word' id='word_1_43' title='bbox 1347 616 1663 686; x_wconf 85' lang='grc' dir='ltr'>νιπτόμεθα,</span> <span class='ocrx_word' id='word_1_44' title='bbox 1713 617 1745 684; x_wconf 82' lang='grc' dir='ltr'>ἢ</span> 
     </span>
    </p>
   </div>
   <div class='ocr_carea' id='block_1_9' title="bbox 241 706 1749 782">
    <p class='ocr_par' dir='ltr' id='par_1_9' title="bbox 241 706 1749 782">
     <span class='ocr_line' id='line_1_9' title="bbox 241 706 1749 782; baseline -0.007 -14"><span class='ocrx_word' id='word_1_45' title='bbox 241 718 306 768; x_wconf 81' lang='grc' dir='ltr'><strong>ἵνα</strong></span> <span class='ocrx_word' id='word_1_46' title='bbox 341 712 402 782; x_wconf 84' lang='grc' dir='ltr'>τῷ</span> <span class='ocrx_word' id='word_1_47' title='bbox 439 710 578 763; x_wconf 77' lang='grc' dir='ltr'>ὕδατι</span> <span class='ocrx_word' id='word_1_48' title='bbox 619 709 710 762; x_wconf 84' lang='grc' dir='ltr'><strong>τὸν</strong></span> <span class='ocrx_word' id='word_1_49' title='bbox 767 707 937 779; x_wconf 77' lang='grc' dir='ltr'>ῥύπον</span> <span class='ocrx_word' id='word_1_50' title='bbox 986 706 1456 777; x_wconf 81' lang='grc' dir='ltr'>ἀποκλυσώμεθα⁶</span> <span class='ocrx_word' id='word_1_51' title='bbox 1488 709 1516 760; x_wconf 99' lang='lat'><strong>6</strong></span> <span class='ocrx_word' id='word_1_52' title='bbox 1555 708 1611 760; x_wconf 86' lang='grc' dir='ltr'><strong>δὲ</strong></span> <span class='ocrx_word' id='word_1_53' title='bbox 1654 707 1749 759; x_wconf 81' lang='grc' dir='ltr'>τοῦ</span> 
     </span>
    </p>
   </div>
   <div class='ocr_carea' id='block_1_10' title="bbox 240 795 1751 873">
    <p class='ocr_par' dir='ltr' id='par_1_10' title="bbox 240 795 1751 873">
     <span class='ocr_line' id='line_1_10' title="bbox 240 795 1751 873; baseline 0.001 -25"><span class='ocrx_word' id='word_1_54' title='bbox 240 805 418 873; x_wconf 76' lang='grc' dir='ltr'>αἵματος</span> <span class='ocrx_word' id='word_1_55' title='bbox 435 797 696 869; x_wconf 74' lang='grc' dir='ltr'>μολυσμὸς</span> <span class='ocrx_word' id='word_1_56' title='bbox 717 796 816 848; x_wconf 77' lang='grc' dir='ltr'><strong>οὐκ</strong></span> <span class='ocrx_word' id='word_1_57' title='bbox 836 795 1198 864; x_wconf 66' lang='grc' dir='ltr'><strong>ἀποκαθαίρει</strong></span> <span class='ocrx_word' id='word_1_58' title='bbox 1224 795 1314 848; x_wconf 82' lang='grc' dir='ltr'><strong>τὸν</strong></span> <span class='ocrx_word' id='word_1_59' title='bbox 1334 797 1751 866; x_wconf 81' lang='grc' dir='ltr'>προϋπάρχοντα</span> 
     </span>
    </p>
   </div>
   <div class='ocr_carea' id='block_1_11' title="bbox 238 885 1752 966">
    <p class='ocr_par' dir='ltr' id='par_1_11' title="bbox 238 885 1752 966">
     <span class='ocr_line' id='line_1_11' title="bbox 238 885 1752 966; baseline -0.006 -19"><span class='ocrx_word' id='word_1_60' title='bbox 238 895 386 966; x_wconf 72' lang='grc' dir='ltr'>ῥύπον,</span> <span class='ocrx_word' id='word_1_61' title='bbox 414 890 516 944; x_wconf 78' lang='grc' dir='ltr'>ἀλλ’</span> <span class='ocrx_word' id='word_1_62' title='bbox 551 888 711 950; x_wconf 73' lang='grc' dir='ltr'>αὐτὸς</span> <span class='ocrx_word' id='word_1_63' title='bbox 752 887 960 956; x_wconf 87' lang='grc' dir='ltr'>γίνεται</span> <span class='ocrx_word' id='word_1_64' title='bbox 996 885 1187 955; x_wconf 79' lang='grc' dir='ltr'>ῥύπος.</span> <span class='ocrx_word' id='word_1_65' title='bbox 1236 886 1445 939; x_wconf 81' lang='grc' dir='ltr'>Ούκοῦν</span> <span class='ocrx_word' id='word_1_66' title='bbox 1476 885 1663 956; x_wconf 79' lang='grc' dir='ltr'>ὥσπερ</span> <span class='ocrx_word' id='word_1_67' title='bbox 1692 888 1752 938; x_wconf 87' lang='grc' dir='ltr'><strong>τὸ</strong></span> 
     </span>
    </p>
   </div>
   <div class='ocr_carea' id='block_1_12' title="bbox 236 975 1753 1050">
    <p class='ocr_par' dir='ltr' id='par_1_12' title="bbox 236 975 1753 1050">
     <span class='ocr_line' id='line_1_12' title="bbox 236 975 1753 1050; baseline -0.003 -14"><span class='ocrx_word' id='word_1_68' title='bbox 236 984 386 1036; x_wconf 72' lang='grc' dir='ltr'>λευκὸν</span> <span class='ocrx_word' id='word_1_69' title='bbox 411 979 597 1050; x_wconf 86' lang='grc' dir='ltr'>χρῶμα</span> <span class='ocrx_word' id='word_1_70' title='bbox 639 981 704 1048; x_wconf 81' lang='grc' dir='ltr'>τῇ</span> <span class='ocrx_word' id='word_1_71' title='bbox 744 976 1165 1046; x_wconf 83' lang='grc' dir='ltr'>ἀντιπαραθέσει</span> <span class='ocrx_word' id='word_1_72' title='bbox 1214 975 1306 1029; x_wconf 81' lang='grc' dir='ltr'>τοῦ</span> <span class='ocrx_word' id='word_1_73' title='bbox 1336 977 1564 1047; x_wconf 77' lang='grc' dir='ltr'>αἵματος</span> <span class='ocrx_word' id='word_1_74' title='bbox 1597 978 1753 1047; x_wconf 80' lang='grc' dir='ltr'>ἐκδη-</span> 
     </span>
    </p>
   </div>
   <div class='ocr_carea' id='block_1_13' title="bbox 232 1065 1751 1144">
    <p class='ocr_par' dir='ltr' id='par_1_13' title="bbox 232 1065 1751 1144">
     <span class='ocr_line' id='line_1_13' title="bbox 232 1065 1751 1144; baseline -0.005 -17"><span class='ocrx_word' id='word_1_75' title='bbox 232 1076 404 1144; x_wconf 84' lang='grc' dir='ltr'>λότερον</span> <span class='ocrx_word' id='word_1_76' title='bbox 432 1071 654 1140; x_wconf 85' lang='grc' dir='ltr'>γίνεται,</span> <span class='ocrx_word' id='word_1_77' title='bbox 690 1067 863 1132; x_wconf 79' lang='grc' dir='ltr'>οὕτως</span> <span class='ocrx_word' id='word_1_78' title='bbox 892 1069 982 1122; x_wconf 80' lang='grc' dir='ltr'><strong>καὶ</strong></span> <span class='ocrx_word' id='word_1_79' title='bbox 1013 1069 1046 1138; x_wconf 82' lang='grc' dir='ltr'><strong>ἡ</strong></span> <span class='ocrx_word' id='word_1_80' title='bbox 1076 1067 1182 1120; x_wconf 84' lang='grc' dir='ltr'><strong>τῶν</strong></span> <span class='ocrx_word' id='word_1_81' title='bbox 1203 1067 1398 1138; x_wconf 90' lang='grc' dir='ltr'>χειρῶν</span> <span class='ocrx_word' id='word_1_82' title='bbox 1424 1065 1516 1119; x_wconf 77' lang='grc' dir='ltr'>τοῦ</span> <span class='ocrx_word' id='word_1_83' title='bbox 1544 1067 1751 1121; x_wconf 80' lang='grc' dir='ltr'>δικαίου</span> 
     </span>
    </p>
   </div>
   <div class='ocr_carea' id='block_1_14' title="bbox 235 1158 1752 1236">
    <p class='ocr_par' dir='ltr' id='par_1_14' title="bbox 235 1158 1752 1236">
     <span class='ocr_line' id='line_1_14' title="bbox 235 1158 1752 1236; baseline -0.007 -16"><span class='ocrx_word' id='word_1_84' title='bbox 235 1164 512 1236; x_wconf 73' lang='grc' dir='ltr'><strong>καθαρότης,</strong></span> <span class='ocrx_word' id='word_1_85' title='bbox 538 1160 628 1214; x_wconf 74' lang='grc' dir='ltr'><strong>διὰ</strong></span> <span class='ocrx_word' id='word_1_86' title='bbox 651 1163 749 1231; x_wconf 81' lang='grc' dir='ltr'>τῆς</span> <span class='ocrx_word' id='word_1_87' title='bbox 791 1160 886 1213; x_wconf 78' lang='grc' dir='ltr'>τοῦ</span> <span class='ocrx_word' id='word_1_88' title='bbox 920 1159 1162 1212; x_wconf 78' lang='grc' dir='ltr'>ἐναντίου</span> <span class='ocrx_word' id='word_1_89' title='bbox 1206 1158 1561 1229; x_wconf 80' lang='grc' dir='ltr'>συγκρίσεως,</span> <span class='ocrx_word' id='word_1_90' title='bbox 1612 1159 1752 1228; x_wconf 77' lang='grc' dir='ltr'>λαμ-</span> 
     </span>
    </p>
   </div>
   <div class='ocr_carea' id='block_1_15' title="bbox 233 1251 1803 1328">
    <p class='ocr_par' dir='ltr' id='par_1_15' title="bbox 233 1251 1803 1328">
     <span class='ocr_line' id='line_1_15' title="bbox 233 1251 1803 1328; baseline -0.004 -17"><span class='ocrx_word' id='word_1_91' title='bbox 233 1258 430 1328; x_wconf 79' lang='grc' dir='ltr'>προτέρα</span> <span class='ocrx_word' id='word_1_92' title='bbox 469 1253 806 1308; x_wconf 81' lang='grc' dir='ltr'>καθίσταται.</span> <span class='ocrx_word' id='word_1_93' title='bbox 850 1252 923 1304; x_wconf 78' lang='grc' dir='ltr'>Τὸ</span> <span class='ocrx_word' id='word_1_94' title='bbox 955 1253 1064 1323; x_wconf 77' lang='grc' dir='ltr'><strong>γὰρ</strong></span> <span class='ocrx_word' id='word_1_95' title='bbox 1092 1251 1188 1306; x_wconf 79' lang='grc' dir='ltr'>νῦν</span> <span class='ocrx_word' id='word_1_96' title='bbox 1227 1251 1638 1322; x_wconf 83' lang='grc' dir='ltr'>ἀπιστούμενον,</span> <span class='ocrx_word' id='word_1_97' title='bbox 1674 1253 1754 1304; x_wconf 78' lang='grc' dir='ltr'><strong>ὅτι</strong></span> <span class='ocrx_word' id='word_1_98' title='bbox 1797 1286 1803 1293; x_wconf 91' lang='grc'><strong>-</strong></span> 
     </span>
    </p>
   </div>
   <div class='ocr_carea' id='block_1_16' title="bbox 233 1333 1755 1414">
    <p class='ocr_par' dir='ltr' id='par_1_16' title="bbox 233 1333 1755 1414">
     <span class='ocr_line' id='line_1_16' title="bbox 233 1333 1755 1414; baseline -0.003 -15"><span class='ocrx_word' id='word_1_99' title='bbox 233 1349 296 1411; x_wconf 84' lang='grc' dir='ltr'><strong>τίς</strong></span> <span class='ocrx_word' id='word_1_100' title='bbox 334 1348 433 1399; x_wconf 75' lang='grc' dir='ltr'>ἐστι</span> <span class='ocrx_word' id='word_1_101' title='bbox 474 1348 585 1406; x_wconf 84' lang='grc' dir='ltr'>τοῖς</span> <span class='ocrx_word' id='word_1_102' title='bbox 629 1344 717 1398; x_wconf 83' lang='grc' dir='ltr'><strong>διὰ</strong></span> <span class='ocrx_word' id='word_1_103' title='bbox 763 1343 868 1396; x_wconf 85' lang='grc' dir='ltr'><strong>τῶν</strong></span> <span class='ocrx_word' id='word_1_104' title='bbox 904 1343 1006 1411; x_wconf 83' lang='grc' dir='ltr'><strong>τῆς</strong></span> <span class='ocrx_word' id='word_1_105' title='bbox 1037 1333 1238 1414; x_wconf 75' lang='grc' dir='ltr'>ἀρετῆς</span> <span class='ocrx_word' id='word_1_106' title='bbox 1280 1342 1456 1395; x_wconf 88' lang='grc' dir='ltr'>πόνων</span> <span class='ocrx_word' id='word_1_107' title='bbox 1497 1343 1755 1407; x_wconf 80' lang='grc' dir='ltr'>ἑκουσίως</span> 
     </span>
    </p>
   </div>
   <div class='ocr_carea' id='block_1_17' title="bbox 230 1431 1756 1506">
    <p class='ocr_par' dir='ltr' id='par_1_17' title="bbox 230 1431 1756 1506">
     <span class='ocr_line' id='line_1_17' title="bbox 230 1431 1756 1506; baseline -0.005 -15"><span class='ocrx_word' id='word_1_108' title='bbox 230 1436 596 1506; x_wconf 78' lang='grc' dir='ltr'>κακοπαθήσασι</span> <span class='ocrx_word' id='word_1_109' title='bbox 627 1434 884 1506; x_wconf 86' lang='grc' dir='ltr'>μετουσία</span> <span class='ocrx_word' id='word_1_110' title='bbox 914 1431 1007 1485; x_wconf 81' lang='grc' dir='ltr'><strong>τοῦ</strong></span> <span class='ocrx_word' id='word_1_111' title='bbox 1043 1433 1367 1503; x_wconf 85' lang='grc' dir='ltr'>κρείττονος,</span> <span class='ocrx_word' id='word_1_112' title='bbox 1399 1431 1518 1483; x_wconf 87' lang='grc' dir='ltr'>τότε</span> <span class='ocrx_word' id='word_1_113' title='bbox 1544 1432 1630 1484; x_wconf 78' lang='grc' dir='ltr'><strong>διὰ</strong></span> <span class='ocrx_word' id='word_1_114' title='bbox 1659 1433 1756 1501; x_wconf 80' lang='grc' dir='ltr'>τῆς</span> 
     </span>
    </p>
   </div>
   <div class='ocr_carea' id='block_1_18' title="bbox 231 1519 1752 1595">
    <p class='ocr_par' dir='ltr' id='par_1_18' title="bbox 231 1519 1752 1595">
     <span class='ocr_line' id='line_1_18' title="bbox 231 1519 1752 1595; baseline -0.005 -17"><span class='ocrx_word' id='word_1_115' title='bbox 231 1527 386 1594; x_wconf 81' lang='grc' dir='ltr'>πείρας</span> <span class='ocrx_word' id='word_1_116' title='bbox 416 1524 888 1595; x_wconf 78' lang='grc' dir='ltr'>φανερωθήσεται·</span> <span class='ocrx_word' id='word_1_117' title='bbox 935 1522 964 1574; x_wconf 91' lang='lat'><strong>6</strong></span> <span class='ocrx_word' id='word_1_118' title='bbox 1001 1521 1109 1592; x_wconf 79' lang='grc' dir='ltr'><strong>γάρ</strong></span> <span class='ocrx_word' id='word_1_119' title='bbox 1157 1521 1329 1574; x_wconf 83' lang='grc' dir='ltr'>ταῦτα</span> <span class='ocrx_word' id='word_1_120' title='bbox 1362 1519 1570 1588; x_wconf 78' lang='grc' dir='ltr'><strong>βλέπων</strong></span> <span class='ocrx_word' id='word_1_121' title='bbox 1617 1521 1752 1589; x_wconf 83' lang='grc' dir='ltr'>ἐρεῖ,</span> 
     </span>
    </p>
   </div>
   <div class='ocr_carea' id='block_1_19' title="bbox 229 1611 1757 1684">
    <p class='ocr_par' dir='ltr' id='par_1_19' title="bbox 229 1611 1757 1684">
     <span class='ocr_line' id='line_1_19' title="bbox 229 1611 1757 1684; baseline -0.004 -16"><span class='ocrx_word' id='word_1_122' title='bbox 229 1618 292 1668; x_wconf 82' lang='grc' dir='ltr'>ὅτι</span> <span class='ocrx_word' id='word_1_123' title='bbox 315 1612 388 1684; x_wconf 78' lang='grc' dir='ltr'><strong>ἢν,</strong></span> <span class='ocrx_word' id='word_1_124' title='bbox 419 1615 489 1678; x_wconf 85' lang='grc' dir='ltr'><strong>ὡς</strong></span> <span class='ocrx_word' id='word_1_125' title='bbox 531 1613 724 1678; x_wconf 75' lang='grc' dir='ltr'>ἔοικεν,</span> <span class='ocrx_word' id='word_1_126' title='bbox 745 1612 820 1682; x_wconf 81' lang='grc' dir='ltr'><strong>τῷ</strong></span> <span class='ocrx_word' id='word_1_127' title='bbox 849 1611 1040 1682; x_wconf 86' lang='grc' dir='ltr'>δικαίῳ</span> <span class='ocrx_word' id='word_1_128' title='bbox 1070 1612 1280 1682; x_wconf 79' lang='grc' dir='ltr'>καρπὸς</span> <span class='ocrx_word' id='word_1_129' title='bbox 1313 1611 1671 1680; x_wconf 80' lang='grc' dir='ltr'>ἀποκείμενος</span> <span class='ocrx_word' id='word_1_130' title='bbox 1701 1612 1757 1662; x_wconf 83' lang='grc' dir='ltr'><strong>ἐν</strong></span> 
     </span>
    </p>
   </div>
   <div class='ocr_carea' id='block_1_20' title="bbox 1850 435 3416 508">
    <p class='ocr_par' dir='ltr' id='par_1_20' title="bbox 1850 435 3416 508">
     <span class='ocr_line' id='line_1_20' title="bbox 1850 435 3416 508; baseline 0.003 -19"><span class='ocrx_word' id='word_1_131' title='bbox 1850 435 2191 506; x_wconf 88' lang='lat' dir='ltr'><strong>propriarum</strong></span> <span class='ocrx_word' id='word_1_132' title='bbox 2225 435 2367 488; x_wconf 91' lang='lat' dir='ltr'><strong>enim</strong></span> <span class='ocrx_word' id='word_1_133' title='bbox 2396 450 2653 488; x_wconf 86' lang='lat' dir='ltr'><strong>manuum</strong></span> <span class='ocrx_word' id='word_1_134' title='bbox 2690 438 2984 504; x_wconf 73' lang='lat' dir='ltr'><strong>puritatem</strong></span> <span class='ocrx_word' id='word_1_135' title='bbox 3019 438 3191 508; x_wconf 83' lang='lat' dir='ltr'><strong>magis</strong></span> <span class='ocrx_word' id='word_1_136' title='bbox 3214 453 3416 508; x_wconf 85' lang='lat' dir='ltr'><strong>cogno-</strong></span> 
     </span>
    </p>
   </div>
   <div class='ocr_carea' id='block_1_21' title="bbox 1850 527 3419 600">
    <p class='ocr_par' dir='ltr' id='par_1_21' title="bbox 1850 527 3419 600">
     <span class='ocr_line' id='line_1_21' title="bbox 1850 527 3419 600; baseline 0.001 -17"><span class='ocrx_word' id='word_1_137' title='bbox 1850 537 1983 592; x_wconf 86' lang='lat' dir='ltr'><strong>seet,</strong></span> <span class='ocrx_word' id='word_1_138' title='bbox 2036 529 2082 583; x_wconf 91' lang='lat' dir='ltr'><strong>si</strong></span> <span class='ocrx_word' id='word_1_139' title='bbox 2110 541 2227 580; x_wconf 91' lang='lat' dir='ltr'><strong>eam</strong></span> <span class='ocrx_word' id='word_1_140' title='bbox 2273 541 2395 580; x_wconf 91' lang='lat' dir='ltr'><strong>eum</strong></span> <span class='ocrx_word' id='word_1_141' title='bbox 2453 527 2765 594; x_wconf 85' lang='lat' dir='ltr'><strong>iniquorum</strong></span> <span class='ocrx_word' id='word_1_142' title='bbox 2803 529 3058 584; x_wconf 82' lang='lat' dir='ltr'><strong>sordibus</strong></span> <span class='ocrx_word' id='word_1_143' title='bbox 3107 541 3419 600; x_wconf 75' lang='lat' dir='ltr'><strong>componat.</strong></span> 
     </span>
    </p>
   </div>
   <div class='ocr_carea' id='block_1_22' title="bbox 1855 617 3421 691">
    <p class='ocr_par' dir='ltr' id='par_1_22' title="bbox 1855 617 3421 691">
     <span class='ocr_line' id='line_1_22' title="bbox 1855 617 3421 691; baseline 0.005 -23"><span class='ocrx_word' id='word_1_144' title='bbox 1855 636 1873 667; x_wconf 74' lang='grc' dir='ltr'><strong>ι</strong></span> <span class='ocrx_word' id='word_1_145' title='bbox 1900 619 2116 682; x_wconf 78' lang='lat' dir='ltr'><strong>Manus,</strong></span> <span class='ocrx_word' id='word_1_146' title='bbox 2148 635 2166 668; x_wconf 69' lang='grc' dir='ltr'><strong>ι</strong></span> <span class='ocrx_word' id='word_1_147' title='bbox 2206 617 2403 686; x_wconf 88' lang='lat' dir='ltr'><strong>inquit,</strong></span> <span class='ocrx_word' id='word_1_148' title='bbox 2431 636 2449 668; x_wconf 78' lang='grc' dir='ltr'><strong>ι</strong></span> <span class='ocrx_word' id='word_1_149' title='bbox 2488 633 2618 672; x_wconf 88' lang='lat' dir='ltr'><strong>suas</strong></span> <span class='ocrx_word' id='word_1_150' title='bbox 2648 618 2852 672; x_wconf 85' lang='lat' dir='ltr'><strong>lavabit</strong></span> <span class='ocrx_word' id='word_1_151' title='bbox 2896 619 2948 672; x_wconf 93' lang='lat' dir='ltr'><strong>in</strong></span> <span class='ocrx_word' id='word_1_152' title='bbox 2989 620 3253 691; x_wconf 80' lang='lat' dir='ltr'><strong>sanguine</strong></span> <span class='ocrx_word' id='word_1_153' title='bbox 3292 637 3421 691; x_wconf 91' lang='lat' dir='ltr'><strong>pec-</strong></span> 
     </span>
    </p>
   </div>
   <div class='ocr_carea' id='block_1_23' title="bbox 1851 706 3422 772">
    <p class='ocr_par' dir='ltr' id='par_1_23' title="bbox 1851 706 3422 772">
     <span class='ocr_line' id='line_1_23' title="bbox 1851 706 3422 772; baseline 0.004 -11"><span class='ocrx_word' id='word_1_154' title='bbox 1851 708 2078 762; x_wconf 90' lang='lat' dir='ltr'><strong>catoris.</strong></span> <span class='ocrx_word' id='word_1_155' title='bbox 2112 728 2130 760; x_wconf 76' lang='grc' dir='ltr'><strong>ι</strong></span> <span class='ocrx_word' id='word_1_156' title='bbox 2162 706 2358 763; x_wconf 84' lang='lat' dir='ltr'><strong>Notum</strong></span> <span class='ocrx_word' id='word_1_157' title='bbox 2410 716 2513 772; x_wconf 88' lang='lat' dir='ltr'><strong>est,</strong></span> <span class='ocrx_word' id='word_1_158' title='bbox 2572 725 2672 766; x_wconf 87' lang='lat' dir='ltr'><strong>nos</strong></span> <span class='ocrx_word' id='word_1_159' title='bbox 2717 727 2826 764; x_wconf 90' lang='lat' dir='ltr'><strong>non</strong></span> <span class='ocrx_word' id='word_1_160' title='bbox 2881 712 2989 766; x_wconf 88' lang='lat' dir='ltr'><strong>alio</strong></span> <span class='ocrx_word' id='word_1_161' title='bbox 3044 710 3151 766; x_wconf 84' lang='lat' dir='ltr'><strong>fine</strong></span> <span class='ocrx_word' id='word_1_162' title='bbox 3223 729 3422 768; x_wconf 89' lang='lat' dir='ltr'><strong>manus</strong></span> 
     </span>
    </p>
   </div>
   <div class='ocr_carea' id='block_1_24' title="bbox 1853 799 3421 874">
    <p class='ocr_par' dir='ltr' id='par_1_24' title="bbox 1853 799 3421 874">
     <span class='ocr_line' id='line_1_24' title="bbox 1853 799 3421 874; baseline 0.005 -24"><span class='ocrx_word' id='word_1_163' title='bbox 1853 799 2095 862; x_wconf 83' lang='lat' dir='ltr'><strong>abluere,</strong></span> <span class='ocrx_word' id='word_1_164' title='bbox 2160 816 2322 869; x_wconf 90' lang='lat' dir='ltr'><strong>quam</strong></span> <span class='ocrx_word' id='word_1_165' title='bbox 2361 810 2419 855; x_wconf 90' lang='lat' dir='ltr'><strong>ut</strong></span> <span class='ocrx_word' id='word_1_166' title='bbox 2460 801 2649 856; x_wconf 86' lang='lat' dir='ltr'><strong>sordes</strong></span> <span class='ocrx_word' id='word_1_167' title='bbox 2694 818 2789 872; x_wconf 87' lang='lat' dir='ltr'><strong>per</strong></span> <span class='ocrx_word' id='word_1_168' title='bbox 2839 818 3036 874; x_wconf 90' lang='lat' dir='ltr'><strong>aquam</strong></span> <span class='ocrx_word' id='word_1_169' title='bbox 3099 805 3421 869; x_wconf 86' lang='lat' dir='ltr'><strong>abluamus;</strong></span> 
     </span>
    </p>
   </div>
   <div class='ocr_carea' id='block_1_25' title="bbox 1853 891 3425 964">
    <p class='ocr_par' dir='ltr' id='par_1_25' title="bbox 1853 891 3425 964">
     <span class='ocr_line' id='line_1_25' title="bbox 1853 891 3425 964; baseline 0.004 -22"><span class='ocrx_word' id='word_1_170' title='bbox 1853 899 1906 942; x_wconf 89' lang='lat' dir='ltr'><strong>at</strong></span> <span class='ocrx_word' id='word_1_171' title='bbox 1932 891 2217 958; x_wconf 79' lang='lat' dir='ltr'><strong>sanguinis</strong></span> <span class='ocrx_word' id='word_1_172' title='bbox 2253 894 2500 961; x_wconf 88' lang='lat' dir='ltr'><strong>aspersio</strong></span> <span class='ocrx_word' id='word_1_173' title='bbox 2533 909 2640 947; x_wconf 87' lang='lat' dir='ltr'><strong>non</strong></span> <span class='ocrx_word' id='word_1_174' title='bbox 2696 895 2962 948; x_wconf 89' lang='lat' dir='ltr'><strong>emuudat</strong></span> <span class='ocrx_word' id='word_1_175' title='bbox 3000 896 3268 962; x_wconf 83' lang='lat' dir='ltr'><strong>maculas,</strong></span> <span class='ocrx_word' id='word_1_176' title='bbox 3305 913 3425 964; x_wconf 80' lang='lat' dir='ltr'><strong>qua:</strong></span> 
     </span>
    </p>
   </div>
   <div class='ocr_carea' id='block_1_26' title="bbox 1852 981 3423 1055">
    <p class='ocr_par' dir='ltr' id='par_1_26' title="bbox 1852 981 3423 1055">
     <span class='ocr_line' id='line_1_26' title="bbox 1852 981 3423 1055; baseline 0.004 -23"><span class='ocrx_word' id='word_1_177' title='bbox 1852 981 2005 1049; x_wconf 89' lang='lat' dir='ltr'><strong>prius</strong></span> <span class='ocrx_word' id='word_1_178' title='bbox 2027 981 2263 1042; x_wconf 90' lang='lat' dir='ltr'><strong>inerant.</strong></span> <span class='ocrx_word' id='word_1_179' title='bbox 2297 998 2420 1037; x_wconf 90' lang='lat' dir='ltr'><strong>cum</strong></span> <span class='ocrx_word' id='word_1_180' title='bbox 2457 985 2575 1055; x_wconf 90' lang='lat' dir='ltr'><strong>ipse</strong></span> <span class='ocrx_word' id='word_1_181' title='bbox 2601 987 2824 1054; x_wconf 84' lang='lat' dir='ltr'><strong>sanguis</strong></span> <span class='ocrx_word' id='word_1_182' title='bbox 2855 985 2925 1039; x_wconf 91' lang='lat' dir='ltr'><strong>sit</strong></span> <span class='ocrx_word' id='word_1_183' title='bbox 2957 985 3204 1054; x_wconf 62' lang='lat' dir='ltr'><strong>quaedam</strong></span> <span class='ocrx_word' id='word_1_184' title='bbox 3230 993 3423 1039; x_wconf 83' lang='lat' dir='ltr'><strong>conla-</strong></span> 
     </span>
    </p>
   </div>
   <div class='ocr_carea' id='block_1_27' title="bbox 1853 1073 3424 1146">
    <p class='ocr_par' dir='ltr' id='par_1_27' title="bbox 1853 1073 3424 1146">
     <span class='ocr_line' id='line_1_27' title="bbox 1853 1073 3424 1146; baseline 0.003 -20"><span class='ocrx_word' id='word_1_185' title='bbox 1853 1073 2106 1129; x_wconf 85' lang='lat' dir='ltr'><strong>minatio.</strong></span> <span class='ocrx_word' id='word_1_186' title='bbox 2146 1075 2414 1141; x_wconf 85' lang='lat' dir='ltr'><strong>Quocirca</strong></span> <span class='ocrx_word' id='word_1_187' title='bbox 2451 1078 2910 1146; x_wconf 85' lang='lat' dir='ltr'><strong>quemadmodum</strong></span> <span class='ocrx_word' id='word_1_188' title='bbox 2959 1079 3111 1133; x_wconf 90' lang='lat' dir='ltr'><strong>color</strong></span> <span class='ocrx_word' id='word_1_189' title='bbox 3138 1078 3294 1133; x_wconf 89' lang='lat' dir='ltr'><strong>albus</strong></span> <span class='ocrx_word' id='word_1_190' title='bbox 3334 1093 3424 1146; x_wconf 87' lang='lat' dir='ltr'><strong>op-</strong></span> 
     </span>
    </p>
   </div>
   <div class='ocr_carea' id='block_1_28' title="bbox 1855 1152 3425 1242">
    <p class='ocr_par' dir='ltr' id='par_1_28' title="bbox 1855 1152 3425 1242">
     <span class='ocr_line' id='line_1_28' title="bbox 1855 1152 3425 1242; baseline 0.003 -23"><span class='ocrx_word' id='word_1_191' title='bbox 1855 1167 2064 1234; x_wconf 92' lang='lat' dir='ltr'><strong>positus</strong></span> <span class='ocrx_word' id='word_1_192' title='bbox 2111 1169 2363 1239; x_wconf 80' lang='lat' dir='ltr'><strong>sanguini</strong></span> <span class='ocrx_word' id='word_1_193' title='bbox 2413 1170 2747 1238; x_wconf 87' lang='lat' dir='ltr'><strong>splendidior</strong></span> <span class='ocrx_word' id='word_1_194' title='bbox 2792 1152 3038 1242; x_wconf 82' lang='lat' dir='ltr'><strong>apparet,</strong></span> <span class='ocrx_word' id='word_1_195' title='bbox 3090 1171 3172 1225; x_wconf 91' lang='lat' dir='ltr'><strong>sic</strong></span> <span class='ocrx_word' id='word_1_196' title='bbox 3222 1179 3276 1226; x_wconf 87' lang='lat' dir='ltr'><strong>et</strong></span> <span class='ocrx_word' id='word_1_197' title='bbox 3310 1185 3425 1224; x_wconf 86' lang='lat' dir='ltr'><strong>ma-</strong></span> 
     </span>
    </p>
   </div>
   <div class='ocr_carea' id='block_1_29' title="bbox 1855 1257 3426 1332">
    <p class='ocr_par' dir='ltr' id='par_1_29' title="bbox 1855 1257 3426 1332">
     <span class='ocr_line' id='line_1_29' title="bbox 1855 1257 3426 1332; baseline 0.003 -22"><span class='ocrx_word' id='word_1_198' title='bbox 1855 1273 2020 1310; x_wconf 85' lang='lat' dir='ltr'><strong>nuum</strong></span> <span class='ocrx_word' id='word_1_199' title='bbox 2049 1257 2182 1327; x_wconf 85' lang='lat' dir='ltr'><strong>justi</strong></span> <span class='ocrx_word' id='word_1_200' title='bbox 2203 1261 2498 1317; x_wconf 89' lang='lat' dir='ltr'><strong>mundities</strong></span> <span class='ocrx_word' id='word_1_201' title='bbox 2531 1262 2868 1332; x_wconf 84' lang='lat' dir='ltr'><strong>splendidior</strong></span> <span class='ocrx_word' id='word_1_202' title='bbox 2895 1263 3113 1318; x_wconf 82' lang='lat' dir='ltr'><strong>exsistit</strong></span> <span class='ocrx_word' id='word_1_203' title='bbox 3138 1262 3426 1317; x_wconf 89' lang='lat' dir='ltr'><strong>collatione</strong></span> 
     </span>
    </p>
   </div>
   <div class='ocr_carea' id='block_1_30' title="bbox 1858 1346 3415 1423">
    <p class='ocr_par' dir='ltr' id='par_1_30' title="bbox 1858 1346 3415 1423">
     <span class='ocr_line' id='line_1_30' title="bbox 1858 1346 3415 1423; baseline 0.006 -25"><span class='ocrx_word' id='word_1_204' title='bbox 1858 1355 1910 1398; x_wconf 90' lang='lat' dir='ltr'><strong>et</strong></span> <span class='ocrx_word' id='word_1_205' title='bbox 1966 1346 2403 1419; x_wconf 84' lang='lat' dir='ltr'><strong>juxtapositione</strong></span> <span class='ocrx_word' id='word_1_206' title='bbox 2436 1352 2719 1407; x_wconf 84' lang='lat' dir='ltr'><strong>contrarii.</strong></span> <span class='ocrx_word' id='word_1_207' title='bbox 2754 1351 2888 1416; x_wconf 84' lang='lat' dir='ltr'><strong>Nam</strong></span> <span class='ocrx_word' id='word_1_208' title='bbox 2917 1353 3063 1421; x_wconf 90' lang='lat' dir='ltr'><strong>quod</strong></span> <span class='ocrx_word' id='word_1_209' title='bbox 3104 1367 3250 1407; x_wconf 88' lang='lat' dir='ltr'><strong>nunc</strong></span> <span class='ocrx_word' id='word_1_210' title='bbox 3274 1367 3415 1423; x_wconf 65' lang='lat' dir='ltr'><strong>aegre</strong></span> 
     </span>
    </p>
   </div>
   <div class='ocr_carea' id='block_1_31' title="bbox 1858 1437 3427 1512">
    <p class='ocr_par' dir='ltr' id='par_1_31' title="bbox 1858 1437 3427 1512">
     <span class='ocr_line' id='line_1_31' title="bbox 1858 1437 3427 1512; baseline 0.003 -22"><span class='ocrx_word' id='word_1_211' title='bbox 1858 1437 2129 1503; x_wconf 53' lang='lat' dir='ltr'><strong>creditur,</strong></span> <span class='ocrx_word' id='word_1_212' title='bbox 2182 1456 2302 1497; x_wconf 90' lang='lat' dir='ltr'><strong>esse</strong></span> <span class='ocrx_word' id='word_1_213' title='bbox 2348 1442 2598 1498; x_wconf 80' lang='lat' dir='ltr'><strong>videlicet</strong></span> <span class='ocrx_word' id='word_1_214' title='bbox 2631 1444 2739 1498; x_wconf 90' lang='lat' dir='ltr'><strong>illis</strong></span> <span class='ocrx_word' id='word_1_215' title='bbox 2771 1445 2862 1512; x_wconf 86' lang='lat' dir='ltr'><strong>qui</strong></span> <span class='ocrx_word' id='word_1_216' title='bbox 2907 1459 3000 1512; x_wconf 90' lang='lat' dir='ltr'><strong>per</strong></span> <span class='ocrx_word' id='word_1_217' title='bbox 3045 1442 3266 1496; x_wconf 87' lang='lat' dir='ltr'><strong>virtutis</strong></span> <span class='ocrx_word' id='word_1_218' title='bbox 3307 1452 3427 1496; x_wconf 90' lang='lat' dir='ltr'><strong>stu-</strong></span> 
     </span>
    </p>
   </div>
   <div class='ocr_carea' id='block_1_32' title="bbox 1858 1528 3512 1600">
    <p class='ocr_par' dir='ltr' id='par_1_32' title="bbox 1858 1528 3512 1600">
     <span class='ocr_line' id='line_1_32' title="bbox 1858 1528 3512 1600; baseline 0.002 -20"><span class='ocrx_word' id='word_1_219' title='bbox 1858 1528 2006 1582; x_wconf 89' lang='lat' dir='ltr'><strong>dium</strong></span> <span class='ocrx_word' id='word_1_220' title='bbox 2074 1533 2273 1588; x_wconf 91' lang='lat' dir='ltr'><strong>multos</strong></span> <span class='ocrx_word' id='word_1_221' title='bbox 2327 1533 2542 1588; x_wconf 87' lang='lat' dir='ltr'><strong>labores</strong></span> <span class='ocrx_word' id='word_1_222' title='bbox 2611 1535 2912 1596; x_wconf 82' lang='lat' dir='ltr'><strong>exantlant,</strong></span> <span class='ocrx_word' id='word_1_223' title='bbox 2985 1532 3426 1587; x_wconf 86' lang='lat' dir='ltr'><strong>communionem</strong></span> <span class='ocrx_word' id='word_1_224' title='bbox 3505 1592 3512 1600; x_wconf 18' lang='grc' dir='ltr'><strong>ἢ</strong></span> 
     </span>
    </p>
   </div>
   <div class='ocr_carea' id='block_1_33' title="bbox 1861 1620 3430 1692">
    <p class='ocr_par' dir='ltr' id='par_1_33' title="bbox 1861 1620 3430 1692">
     <span class='ocr_line' id='line_1_33' title="bbox 1861 1620 3430 1692; baseline 0.001 -21"><span class='ocrx_word' id='word_1_225' title='bbox 1861 1620 2154 1687; x_wconf 80' lang='lat' dir='ltr'><strong>quamdam</strong></span> <span class='ocrx_word' id='word_1_226' title='bbox 2205 1624 2609 1680; x_wconf 82' lang='lat' dir='ltr'><strong>excellentioris</strong></span> <span class='ocrx_word' id='word_1_227' title='bbox 2661 1623 2945 1692; x_wconf 88' lang='lat' dir='ltr'><strong>cujusdam</strong></span> <span class='ocrx_word' id='word_1_228' title='bbox 2996 1624 3144 1688; x_wconf 89' lang='lat' dir='ltr'><strong>boni,</strong></span> <span class='ocrx_word' id='word_1_229' title='bbox 3196 1623 3249 1676; x_wconf 91' lang='lat' dir='ltr'><strong>id</strong></span> <span class='ocrx_word' id='word_1_230' title='bbox 3301 1631 3430 1676; x_wconf 87' lang='lat' dir='ltr'><strong>tunc</strong></span> 
     </span>
    </p>
   </div>
   <div class='ocr_carea' id='block_1_34' title="bbox 229 1699 1774 1784">
    <p class='ocr_par' dir='ltr' id='par_1_34' title="bbox 229 1702 1762 1777">
     <span class='ocr_line' id='line_1_34' title="bbox 229 1702 1762 1777; baseline -0.004 -17"><span class='ocrx_word' id='word_1_231' title='bbox 229 1712 278 1776; x_wconf 80' lang='grc' dir='ltr'>τῇ</span> <span class='ocrx_word' id='word_1_232' title='bbox 307 1707 467 1777; x_wconf 76' lang='grc' dir='ltr'>δικαίᾳ</span> <span class='ocrx_word' id='word_1_233' title='bbox 509 1705 608 1760; x_wconf 79' lang='grc' dir='ltr'>τοῦ</span> <span class='ocrx_word' id='word_1_234' title='bbox 656 1705 790 1759; x_wconf 77' lang='grc' dir='ltr'>Θεοῦ</span> <span class='ocrx_word' id='word_1_235' title='bbox 830 1703 1030 1776; x_wconf 88' lang='grc' dir='ltr'>κρίσει.</span> <span class='ocrx_word' id='word_1_236' title='bbox 1076 1704 1240 1774; x_wconf 78' lang='grc' dir='ltr'>Ὁρᾷς</span> <span class='ocrx_word' id='word_1_237' title='bbox 1278 1703 1396 1765; x_wconf 80' lang='grc' dir='ltr'>οἵας</span> <span class='ocrx_word' id='word_1_238' title='bbox 1438 1702 1762 1772; x_wconf 74' lang='grc' dir='ltr'>ἐπιϐέϐηκεν</span> 
     </span>
    </p>
   </div>
   <div class='ocr_carea' id='block_1_35' title="bbox 1875 1699 3430 1784">
    <p class='ocr_par' dir='ltr' id='par_1_35' title="bbox 1875 1712 3430 1784">
     <span class='ocr_line' id='line_1_35' title="bbox 1875 1712 3430 1784; baseline 0.001 -22"><span class='ocrx_word' id='word_1_239' title='bbox 1875 1712 1984 1779; x_wconf 84' lang='lat' dir='ltr'><strong>ipso</strong></span> <span class='ocrx_word' id='word_1_240' title='bbox 2018 1713 2393 1781; x_wconf 84' lang='lat' dir='ltr'><strong>experimento</strong></span> <span class='ocrx_word' id='word_1_241' title='bbox 2428 1713 2775 1769; x_wconf 74' lang='lat' dir='ltr'><strong>manifestum</strong></span> <span class='ocrx_word' id='word_1_242' title='bbox 2814 1714 2934 1778; x_wconf 81' lang='lat' dir='ltr'><strong>fiet;</strong></span> <span class='ocrx_word' id='word_1_243' title='bbox 2995 1713 3085 1784; x_wconf 88' lang='lat' dir='ltr'><strong>qui</strong></span> <span class='ocrx_word' id='word_1_244' title='bbox 3131 1713 3277 1768; x_wconf 90' lang='lat' dir='ltr'><strong>enim</strong></span> <span class='ocrx_word' id='word_1_245' title='bbox 3306 1714 3430 1766; x_wconf 63' lang='lat' dir='ltr'><strong>bare</strong></span> 
     </span>
    </p>
   </div>
   <div class='ocr_carea' id='block_1_36' title="bbox 229 1792 1757 1869">
    <p class='ocr_par' dir='ltr' id='par_1_36' title="bbox 229 1792 1757 1869">
     <span class='ocr_line' id='line_1_36' title="bbox 229 1792 1757 1869; baseline -0.003 -19"><span class='ocrx_word' id='word_1_246' title='bbox 229 1799 491 1869; x_wconf 77' lang='grc' dir='ltr'>ἀκρωρείας</span> <span class='ocrx_word' id='word_1_247' title='bbox 537 1799 569 1850; x_wconf 90' lang='lat'><strong>6</strong></span> <span class='ocrx_word' id='word_1_248' title='bbox 613 1796 799 1864; x_wconf 86' lang='grc' dir='ltr'>λόγος;</span> <span class='ocrx_word' id='word_1_249' title='bbox 830 1796 952 1848; x_wconf 83' lang='grc' dir='ltr'>ὅσον</span> <span class='ocrx_word' id='word_1_250' title='bbox 981 1795 1270 1866; x_wconf 80' lang='grc' dir='ltr'>ὑπεραίρει</span> <span class='ocrx_word' id='word_1_251' title='bbox 1308 1793 1416 1846; x_wconf 88' lang='grc' dir='ltr'><strong>τῶν</strong></span> <span class='ocrx_word' id='word_1_252' title='bbox 1444 1792 1757 1865; x_wconf 80' lang='grc' dir='ltr'>προδεικνυ-</span> 
     </span>
    </p>
   </div>
   <div class='ocr_carea' id='block_1_37' title="bbox 231 1884 1250 1956">
    <p class='ocr_par' dir='ltr' id='par_1_37' title="bbox 231 1884 1250 1956">
     <span class='ocr_line' id='line_1_37' title="bbox 231 1884 1250 1956; baseline 0.01 -18"><span class='ocrx_word' id='word_1_253' title='bbox 231 1888 374 1956; x_wconf 85' lang='grc' dir='ltr'>μένων</span> <span class='ocrx_word' id='word_1_254' title='bbox 401 1888 456 1940; x_wconf 83' lang='grc' dir='ltr'>ὲν</span> <span class='ocrx_word' id='word_1_255' title='bbox 477 1888 593 1948; x_wconf 87' lang='grc' dir='ltr'>τοῖς</span> <span class='ocrx_word' id='word_1_256' title='bbox 619 1885 868 1956; x_wconf 78' lang='grc' dir='ltr'>Ψαλμοῖς</span> <span class='ocrx_word' id='word_1_257' title='bbox 899 1885 958 1938; x_wconf 88' lang='lat'><strong>16</strong></span> <span class='ocrx_word' id='word_1_258' title='bbox 990 1884 1215 1956; x_wconf 78' lang='grc' dir='ltr'>μέγεθος</span> <span class='ocrx_word' id='word_1_259' title='bbox 1235 1901 1250 1949; x_wconf 83' lang='grc'>;</span> 
     </span>
    </p>
   </div>
   <div class='ocr_carea' id='block_1_38' title="bbox 1868 1798 3428 1880">
    <p class='ocr_par' dir='ltr' id='par_1_38' title="bbox 1868 1798 3428 1880">
     <span class='ocr_line' id='line_1_38' title="bbox 1868 1798 3428 1880; baseline 0.004 -30"><span class='ocrx_word' id='word_1_260' title='bbox 1868 1798 2082 1863; x_wconf 82' lang='lat' dir='ltr'><strong>viderit,</strong></span> <span class='ocrx_word' id='word_1_261' title='bbox 2128 1801 2174 1855; x_wconf 91' lang='lat' dir='ltr'><strong>is</strong></span> <span class='ocrx_word' id='word_1_262' title='bbox 2204 1802 2352 1857; x_wconf 89' lang='lat' dir='ltr'><strong>dicet</strong></span> <span class='ocrx_word' id='word_1_263' title='bbox 2384 1818 2527 1868; x_wconf 91' lang='lat' dir='ltr'><strong>esse,</strong></span> <span class='ocrx_word' id='word_1_264' title='bbox 2575 1812 2634 1856; x_wconf 93' lang='lat' dir='ltr'><strong>ut</strong></span> <span class='ocrx_word' id='word_1_265' title='bbox 2660 1803 2834 1869; x_wconf 87' lang='lat' dir='ltr'><strong>decet,</strong></span> <span class='ocrx_word' id='word_1_266' title='bbox 2879 1804 3027 1870; x_wconf 87' lang='lat' dir='ltr'><strong>justo</strong></span> <span class='ocrx_word' id='word_1_267' title='bbox 3054 1802 3297 1880; x_wconf 81' lang='lat' dir='ltr'><strong>fructum</strong></span> <span class='ocrx_word' id='word_1_268' title='bbox 3339 1819 3428 1857; x_wconf 85' lang='lat' dir='ltr'><strong>re-</strong></span> 
     </span>
    </p>
   </div>
   <div class='ocr_carea' id='block_1_39' title="bbox 1867 1891 3430 1964">
    <p class='ocr_par' dir='ltr' id='par_1_39' title="bbox 1867 1891 3430 1964">
     <span class='ocr_line' id='line_1_39' title="bbox 1867 1891 3430 1964; baseline 0.003 -22"><span class='ocrx_word' id='word_1_269' title='bbox 1867 1891 2106 1957; x_wconf 90' lang='lat' dir='ltr'><strong>positum</strong></span> <span class='ocrx_word' id='word_1_270' title='bbox 2130 1893 2184 1946; x_wconf 93' lang='lat' dir='ltr'><strong>in</strong></span> <span class='ocrx_word' id='word_1_271' title='bbox 2219 1893 2373 1963; x_wconf 84' lang='lat' dir='ltr'><strong>justo</strong></span> <span class='ocrx_word' id='word_1_272' title='bbox 2411 1893 2501 1949; x_wconf 88' lang='lat' dir='ltr'><strong>Dei</strong></span> <span class='ocrx_word' id='word_1_273' title='bbox 2549 1894 2776 1964; x_wconf 88' lang='lat' dir='ltr'><strong>judicio.</strong></span> <span class='ocrx_word' id='word_1_274' title='bbox 2815 1893 2974 1949; x_wconf 85' lang='lat' dir='ltr'><strong>Vides</strong></span> <span class='ocrx_word' id='word_1_275' title='bbox 3010 1895 3064 1947; x_wconf 94' lang='lat' dir='ltr'><strong>in</strong></span> <span class='ocrx_word' id='word_1_276' title='bbox 3097 1908 3259 1964; x_wconf 87' lang='lat' dir='ltr'><strong>quam</strong></span> <span class='ocrx_word' id='word_1_277' title='bbox 3303 1892 3430 1946; x_wconf 87' lang='lat' dir='ltr'><strong>alti-</strong></span> 
     </span>
    </p>
   </div>
   <div class='ocr_carea' id='block_1_40' title="bbox 227 1975 3432 2057">
    <p class='ocr_par' dir='ltr' id='par_1_40' title="bbox 227 1975 3432 2057">
     <span class='ocr_line' id='line_1_40' title="bbox 227 1975 3432 2057; baseline 0.001 -26"><span class='ocrx_word' id='word_1_278' title='bbox 227 1979 430 2034; x_wconf 82' lang='lat' dir='ltr'><strong>tudinem</strong></span> <span class='ocrx_word' id='word_1_279' title='bbox 492 1976 802 2035; x_wconf 76' lang='lat' dir='ltr'><strong>ascenderit</strong></span> <span class='ocrx_word' id='word_1_280' title='bbox 867 1977 1064 2041; x_wconf 86' lang='lat' dir='ltr'><strong>oratio,</strong></span> <span class='ocrx_word' id='word_1_281' title='bbox 1131 1984 1398 2047; x_wconf 89' lang='lat' dir='ltr'><strong>quantum</strong></span> <span class='ocrx_word' id='word_1_282' title='bbox 1463 1975 1697 2032; x_wconf 80' lang='lat' dir='ltr'><strong>excedat</strong></span> <span class='ocrx_word' id='word_1_283' title='bbox 1734 1975 2117 2037; x_wconf 87' lang='lat' dir='ltr'><strong>celsitudinem</strong></span> <span class='ocrx_word' id='word_1_284' title='bbox 2168 2001 2380 2050; x_wconf 92' lang='lat' dir='ltr'><strong>eorum,</strong></span> <span class='ocrx_word' id='word_1_285' title='bbox 2445 2002 2567 2056; x_wconf 80' lang='lat' dir='ltr'><strong>quae</strong></span> <span class='ocrx_word' id='word_1_286' title='bbox 2595 1987 2650 2040; x_wconf 91' lang='lat' dir='ltr'><strong>in</strong></span> <span class='ocrx_word' id='word_1_287' title='bbox 2706 1985 3140 2057; x_wconf 81' lang='lat' dir='ltr'><strong>praecedentibus</strong></span> <span class='ocrx_word' id='word_1_288' title='bbox 3208 1979 3432 2048; x_wconf 84' lang='lat' dir='ltr'><strong>psalmis</strong></span> 
     </span>
    </p>
   </div>
   <div class='ocr_carea' id='block_1_41' title="bbox 227 2076 628 2132">
    <p class='ocr_par' dir='ltr' id='par_1_41' title="bbox 227 2076 628 2132">
     <span class='ocr_line' id='line_1_41' title="bbox 227 2076 628 2132; baseline 0 -3"><span class='ocrx_word' id='word_1_289' title='bbox 227 2083 418 2132; x_wconf 86' lang='lat' dir='ltr'><strong>tractata</strong></span> <span class='ocrx_word' id='word_1_290' title='bbox 453 2076 628 2132; x_wconf 87' lang='lat' dir='ltr'><strong>sunt?</strong></span> 
     </span>
    </p>
   </div>
   <div class='ocr_carea' id='block_1_42' title="bbox 699 2166 1264 2234">
    <p class='ocr_par' dir='ltr' id='par_1_42' title="bbox 699 2166 1264 2234">
     <span class='ocr_line' id='line_1_42' title="bbox 699 2166 1264 2234; baseline 0.002 -14"><span class='ocrx_word' id='word_1_291' title='bbox 699 2166 1094 2220; x_wconf 77' lang='grc' dir='ltr'><strong>ΚΕΦΑΛΑΙΟΝ</strong></span> <span class='ocrx_word' id='word_1_292' title='bbox 1133 2169 1264 2234; x_wconf 72' lang='lat' dir='ltr'><strong>rq&#39;.</strong></span> 
     </span>
    </p>
   </div>
   <div class='ocr_carea' id='block_1_43' title="bbox 289 2253 1762 2330">
    <p class='ocr_par' dir='ltr' id='par_1_43' title="bbox 289 2253 1762 2330">
     <span class='ocr_line' id='line_1_43' title="bbox 289 2253 1762 2330; baseline -0.001 -19"><span class='ocrx_word' id='word_1_293' title='bbox 289 2259 407 2311; x_wconf 81' lang='grc' dir='ltr'>Ἀλλ’</span> <span class='ocrx_word' id='word_1_294' title='bbox 435 2259 559 2311; x_wconf 77' lang='grc' dir='ltr'>οὐδὲ</span> <span class='ocrx_word' id='word_1_295' title='bbox 592 2253 744 2322; x_wconf 74' lang='grc' dir='ltr'>οὗτος</span> <span class='ocrx_word' id='word_1_296' title='bbox 775 2260 898 2330; x_wconf 79' lang='grc' dir='ltr'>ὅρος</span> <span class='ocrx_word' id='word_1_297' title='bbox 943 2259 1041 2328; x_wconf 82' lang='grc' dir='ltr'>τῆς</span> <span class='ocrx_word' id='word_1_298' title='bbox 1086 2261 1164 2324; x_wconf 84' lang='grc' dir='ltr'><strong>είς</strong></span> <span class='ocrx_word' id='word_1_299' title='bbox 1196 2260 1256 2312; x_wconf 87' lang='grc' dir='ltr'><strong>τὸ</strong></span> <span class='ocrx_word' id='word_1_300' title='bbox 1287 2259 1418 2329; x_wconf 75' lang='grc' dir='ltr'>ὕψος</span> <span class='ocrx_word' id='word_1_301' title='bbox 1449 2259 1762 2320; x_wconf 79' lang='grc' dir='ltr'>ἀναϐάσεως</span> 
     </span>
    </p>
   </div>
   <div class='ocr_carea' id='block_1_44' title="bbox 226 2349 1762 2421">
    <p class='ocr_par' dir='ltr' id='par_1_44' title="bbox 226 2349 1762 2421">
     <span class='ocr_line' id='line_1_44' title="bbox 226 2349 1762 2421; baseline 0.001 -21"><span class='ocrx_word' id='word_1_302' title='bbox 226 2353 311 2413; x_wconf 82' lang='grc' dir='ltr'>τοῖς</span> <span class='ocrx_word' id='word_1_303' title='bbox 349 2351 407 2404; x_wconf 81' lang='grc' dir='ltr'><strong>δι’</strong></span> <span class='ocrx_word' id='word_1_304' title='bbox 439 2351 646 2421; x_wconf 83' lang='grc' dir='ltr'>ἀρετῆς</span> <span class='ocrx_word' id='word_1_305' title='bbox 693 2349 1060 2420; x_wconf 83' lang='grc' dir='ltr'>προκόπτουσι</span> <span class='ocrx_word' id='word_1_306' title='bbox 1101 2350 1330 2418; x_wconf 88' lang='grc' dir='ltr'>γίνεται.</span> <span class='ocrx_word' id='word_1_307' title='bbox 1367 2351 1429 2402; x_wconf 78' lang='lat' dir='ltr'><strong>.‘U</strong></span> <span class='ocrx_word' id='word_1_308' title='bbox 1472 2349 1579 2419; x_wconf 79' lang='grc' dir='ltr'>γὰρ</span> <span class='ocrx_word' id='word_1_309' title='bbox 1625 2349 1762 2418; x_wconf 85' lang='grc' dir='ltr'>μετὰ</span> 
     </span>
    </p>
   </div>
   <div class='ocr_carea' id='block_1_45' title="bbox 221 2440 1760 2515">
    <p class='ocr_par' dir='ltr' id='par_1_45' title="bbox 221 2440 1760 2515">
     <span class='ocr_line' id='line_1_45' title="bbox 221 2440 1760 2515; baseline 0.001 -22"><span class='ocrx_word' id='word_1_310' title='bbox 221 2441 376 2494; x_wconf 78' lang='grc' dir='ltr'>τοῦτον</span> <span class='ocrx_word' id='word_1_311' title='bbox 401 2446 463 2511; x_wconf 83' lang='grc' dir='ltr'>τῇ</span> <span class='ocrx_word' id='word_1_312' title='bbox 491 2442 788 2512; x_wconf 75' lang='grc' dir='ltr'>ἀκολουθίᾳ</span> <span class='ocrx_word' id='word_1_313' title='bbox 813 2442 913 2512; x_wconf 85' lang='grc' dir='ltr'>τῆς</span> <span class='ocrx_word' id='word_1_314' title='bbox 938 2440 1164 2510; x_wconf 83' lang='grc' dir='ltr'>τάξεως,</span> <span class='ocrx_word' id='word_1_315' title='bbox 1196 2443 1334 2515; x_wconf 86' lang='grc' dir='ltr'>ὑπὲρ</span> <span class='ocrx_word' id='word_1_316' title='bbox 1362 2443 1549 2497; x_wconf 80' lang='grc' dir='ltr'>τοῦτον</span> <span class='ocrx_word' id='word_1_317' title='bbox 1575 2443 1667 2496; x_wconf 80' lang='grc' dir='ltr'>καὶ</span> <span class='ocrx_word' id='word_1_318' title='bbox 1696 2445 1760 2511; x_wconf 85' lang='grc' dir='ltr'>τῇ</span> 
     </span>
    </p>
   </div>
   <div class='ocr_carea' id='block_1_46' title="bbox 227 2528 1762 2601">
    <p class='ocr_par' dir='ltr' id='par_1_46' title="bbox 227 2528 1762 2601">
     <span class='ocr_line' id='line_1_46' title="bbox 227 2528 1762 2601; baseline 0.001 -20"><span class='ocrx_word' id='word_1_319' title='bbox 227 2530 523 2601; x_wconf 69' lang='grc' dir='ltr'>μεγαλοφυτᾳ</span> <span class='ocrx_word' id='word_1_320' title='bbox 581 2531 681 2601; x_wconf 83' lang='grc' dir='ltr'><strong>τῆς</strong></span> <span class='ocrx_word' id='word_1_321' title='bbox 731 2528 962 2600; x_wconf 87' lang='grc' dir='ltr'>θεωρίας</span> <span class='ocrx_word' id='word_1_322' title='bbox 1017 2529 1349 2600; x_wconf 75' lang='grc' dir='ltr'>εὑρίσκεται.</span> <span class='ocrx_word' id='word_1_323' title='bbox 1405 2531 1573 2584; x_wconf 87' lang='grc' dir='ltr'>Πάλιν</span> <span class='ocrx_word' id='word_1_324' title='bbox 1616 2531 1673 2585; x_wconf 84' lang='grc' dir='ltr'><strong>δὲ</strong></span> <span class='ocrx_word' id='word_1_325' title='bbox 1728 2534 1762 2600; x_wconf 78' lang='grc' dir='ltr'>ἡ</span> 
     </span>
    </p>
   </div>
   <div class='ocr_carea' id='block_1_47' title="bbox 220 2618 1763 2693">
    <p class='ocr_par' dir='ltr' id='par_1_47' title="bbox 220 2618 1763 2693">
     <span class='ocr_line' id='line_1_47' title="bbox 220 2618 1763 2693; baseline 0.003 -23"><span class='ocrx_word' id='word_1_326' title='bbox 220 2621 464 2692; x_wconf 71' lang='grc' dir='ltr'>ἐπιγραφὴ</span> <span class='ocrx_word' id='word_1_327' title='bbox 517 2618 978 2690; x_wconf 88' lang='grc' dir='ltr'>ἀνακηρύσσουσα</span> <span class='ocrx_word' id='word_1_328' title='bbox 1034 2619 1126 2674; x_wconf 80' lang='grc' dir='ltr'><strong>τὸν</strong></span> <span class='ocrx_word' id='word_1_329' title='bbox 1191 2622 1546 2693; x_wconf 66' lang='grc' dir='ltr'>στεφανίτηνδ</span> <span class='ocrx_word' id='word_1_330' title='bbox 1604 2623 1763 2676; x_wconf 86' lang='grc' dir='ltr'>πάλιν</span> 
     </span>
    </p>
   </div>
   <div class='ocr_carea' id='block_1_48' title="bbox 222 2709 1765 2786">
    <p class='ocr_par' dir='ltr' id='par_1_48' title="bbox 222 2709 1765 2786">
     <span class='ocr_line' id='line_1_48' title="bbox 222 2709 1765 2786; baseline 0.004 -25"><span class='ocrx_word' id='word_1_331' title='bbox 222 2710 290 2761; x_wconf 75' lang='grc' dir='ltr'><strong>ἐπ’</strong></span> <span class='ocrx_word' id='word_1_332' title='bbox 314 2711 478 2765; x_wconf 74' lang='grc' dir='ltr'>αὐτῶν</span> <span class='ocrx_word' id='word_1_333' title='bbox 507 2710 683 2780; x_wconf 81' lang='grc' dir='ltr'>στήλη</span> <span class='ocrx_word' id='word_1_334' title='bbox 709 2709 771 2762; x_wconf 91' lang='lat'><strong>16</strong></span> <span class='ocrx_word' id='word_1_335' title='bbox 803 2710 943 2780; x_wconf 79' lang='grc' dir='ltr'>ὑπὲρ</span> <span class='ocrx_word' id='word_1_336' title='bbox 976 2710 1262 2782; x_wconf 79' lang='grc' dir='ltr'>ἄνθρωπον</span> <span class='ocrx_word' id='word_1_337' title='bbox 1290 2709 1427 2767; x_wconf 80' lang='grc' dir='ltr'>εἶναι</span> <span class='ocrx_word' id='word_1_338' title='bbox 1458 2715 1556 2786; x_wconf 81' lang='grc' dir='ltr'>τήν</span> <span class='ocrx_word' id='word_1_339' title='bbox 1583 2714 1765 2768; x_wconf 85' lang='grc' dir='ltr'>τοιαύ-</span> 
     </span>
    </p>
   </div>
   <div class='ocr_carea' id='block_1_49' title="bbox 215 2803 1764 2876">
    <p class='ocr_par' dir='ltr' id='par_1_49' title="bbox 215 2803 1764 2876">
     <span class='ocr_line' id='line_1_49' title="bbox 215 2803 1764 2876; baseline 0.004 -22"><span class='ocrx_word' id='word_1_340' title='bbox 215 2818 297 2870; x_wconf 75' lang='grc' dir='ltr'><strong>την</strong></span> <span class='ocrx_word' id='word_1_341' title='bbox 321 2803 469 2874; x_wconf 83' lang='grc' dir='ltr'>νίκην</span> <span class='ocrx_word' id='word_1_342' title='bbox 499 2803 862 2875; x_wconf 76' lang='grc' dir='ltr'>μαρτύρεται.</span> <span class='ocrx_word' id='word_1_343' title='bbox 907 2821 925 2855; x_wconf 80' lang='grc' dir='ltr'><strong>ι</strong></span> <span class='ocrx_word' id='word_1_344' title='bbox 961 2804 1056 2867; x_wconf 86' lang='grc' dir='ltr'>Είς</span> <span class='ocrx_word' id='word_1_345' title='bbox 1089 2804 1150 2857; x_wconf 88' lang='grc' dir='ltr'><strong>τὸ</strong></span> <span class='ocrx_word' id='word_1_346' title='bbox 1191 2805 1344 2868; x_wconf 83' lang='grc' dir='ltr'>τέλος</span> <span class='ocrx_word' id='word_1_347' title='bbox 1378 2825 1398 2859; x_wconf 76' lang='grc' dir='ltr'><strong>ι</strong></span> <span class='ocrx_word' id='word_1_348' title='bbox 1439 2806 1572 2876; x_wconf 86' lang='grc' dir='ltr'>γὰρ,</span> <span class='ocrx_word' id='word_1_349' title='bbox 1609 2809 1764 2876; x_wconf 71' lang='grc' dir='ltr'>φησι,</span> 
     </span>
    </p>
   </div>
   <div class='ocr_carea' id='block_1_50' title="bbox 223 2894 1767 2970">
    <p class='ocr_par' dir='ltr' id='par_1_50' title="bbox 223 2894 1767 2970">
     <span class='ocr_line' id='line_1_50' title="bbox 223 2894 1767 2970; baseline 0.005 -27"><span class='ocrx_word' id='word_1_350' title='bbox 223 2911 239 2943; x_wconf 84' lang='grc' dir='ltr'><strong>ι</strong></span> <span class='ocrx_word' id='word_1_351' title='bbox 279 2894 344 2965; x_wconf 76' lang='grc' dir='ltr'>μὴ</span> <span class='ocrx_word' id='word_1_352' title='bbox 369 2895 710 2969; x_wconf 74' lang='grc' dir='ltr'>διαφθείρῃς.</span> <span class='ocrx_word' id='word_1_353' title='bbox 751 2913 770 2946; x_wconf 74' lang='grc' dir='ltr'><strong>ι</strong></span> <span class='ocrx_word' id='word_1_354' title='bbox 805 2895 1033 2965; x_wconf 75' lang='grc' dir='ltr'>Εἴρηται</span> <span class='ocrx_word' id='word_1_355' title='bbox 1066 2896 1346 2961; x_wconf 86' lang='grc' dir='ltr'>πολλάκις,</span> <span class='ocrx_word' id='word_1_356' title='bbox 1375 2899 1456 2952; x_wconf 83' lang='grc' dir='ltr'><strong>ὅτι</strong></span> <span class='ocrx_word' id='word_1_357' title='bbox 1487 2898 1609 2970; x_wconf 89' lang='grc' dir='ltr'>νίκη</span> <span class='ocrx_word' id='word_1_358' title='bbox 1653 2900 1767 2953; x_wconf 75' lang='grc' dir='ltr'>ἐστὶ</span> 
     </span>
    </p>
   </div>
   <div class='ocr_carea' id='block_1_51' title="bbox 2428 2165 2830 2221">
    <p class='ocr_par' dir='ltr' id='par_1_51' title="bbox 2428 2165 2830 2221">
     <span class='ocr_line' id='line_1_51' title="bbox 2428 2165 2830 2221; baseline 0.002 -1"><span class='ocrx_word' id='word_1_359' title='bbox 2428 2165 2658 2220; x_wconf 81' lang='lat' dir='ltr'><strong>CAPUT</strong></span> <span class='ocrx_word' id='word_1_360' title='bbox 2697 2165 2830 2221; x_wconf 84' lang='lat' dir='ltr'><strong>XVI.</strong></span> 
     </span>
    </p>
   </div>
   <div class='ocr_carea' id='block_1_52' title="bbox 1933 2254 3430 2330">
    <p class='ocr_par' dir='ltr' id='par_1_52' title="bbox 1933 2254 3430 2330">
     <span class='ocr_line' id='line_1_52' title="bbox 1933 2254 3430 2330; baseline 0.003 -24"><span class='ocrx_word' id='word_1_361' title='bbox 1933 2254 2132 2310; x_wconf 84' lang='lat' dir='ltr'><strong>Verum</strong></span> <span class='ocrx_word' id='word_1_362' title='bbox 2182 2272 2357 2325; x_wconf 84' lang='lat' dir='ltr'><strong>neque</strong></span> <span class='ocrx_word' id='word_1_363' title='bbox 2401 2258 2492 2312; x_wconf 90' lang='lat' dir='ltr'><strong>hic</strong></span> <span class='ocrx_word' id='word_1_364' title='bbox 2549 2260 2818 2313; x_wconf 90' lang='lat' dir='ltr'><strong>terminus</strong></span> <span class='ocrx_word' id='word_1_365' title='bbox 2859 2259 3201 2314; x_wconf 84' lang='lat' dir='ltr'><strong>ascensionis</strong></span> <span class='ocrx_word' id='word_1_366' title='bbox 3251 2260 3430 2330; x_wconf 75' lang='lat' dir='ltr'><strong>[igitur</strong></span> 
     </span>
    </p>
   </div>
   <div class='ocr_carea' id='block_1_53' title="bbox 1861 2345 3428 2420">
    <p class='ocr_par' dir='ltr' id='par_1_53' title="bbox 1861 2345 3428 2420">
     <span class='ocr_line' id='line_1_53' title="bbox 1861 2345 3428 2420; baseline 0.003 -22"><span class='ocrx_word' id='word_1_367' title='bbox 1861 2345 1994 2413; x_wconf 89' lang='lat' dir='ltr'><strong>illis,</strong></span> <span class='ocrx_word' id='word_1_368' title='bbox 2047 2347 2141 2416; x_wconf 90' lang='lat' dir='ltr'><strong>qui</strong></span> <span class='ocrx_word' id='word_1_369' title='bbox 2175 2362 2273 2417; x_wconf 90' lang='lat' dir='ltr'><strong>per</strong></span> <span class='ocrx_word' id='word_1_370' title='bbox 2296 2348 2552 2404; x_wconf 82' lang='lat' dir='ltr'><strong>virtutem</strong></span> <span class='ocrx_word' id='word_1_371' title='bbox 2613 2348 2928 2418; x_wconf 86' lang='lat' dir='ltr'><strong>proliciunt.</strong></span> <span class='ocrx_word' id='word_1_372' title='bbox 2972 2349 3114 2402; x_wconf 89' lang='lat' dir='ltr'><strong>Nam</strong></span> <span class='ocrx_word' id='word_1_373' title='bbox 3156 2349 3428 2420; x_wconf 82' lang='lat' dir='ltr'><strong>psalmus,</strong></span> 
     </span>
    </p>
   </div>
   <div class='ocr_carea' id='block_1_54' title="bbox 1861 2436 3428 2510">
    <p class='ocr_par' dir='ltr' id='par_1_54' title="bbox 1861 2436 3428 2510">
     <span class='ocr_line' id='line_1_54' title="bbox 1861 2436 3428 2510; baseline 0.001 -21"><span class='ocrx_word' id='word_1_374' title='bbox 1861 2436 1955 2506; x_wconf 90' lang='lat' dir='ltr'><strong>qui</strong></span> <span class='ocrx_word' id='word_1_375' title='bbox 1987 2437 2178 2492; x_wconf 89' lang='lat' dir='ltr'><strong>ordine</strong></span> <span class='ocrx_word' id='word_1_376' title='bbox 2205 2439 2473 2509; x_wconf 88' lang='lat' dir='ltr'><strong>sequitur,</strong></span> <span class='ocrx_word' id='word_1_377' title='bbox 2496 2438 2642 2494; x_wconf 90' lang='lat' dir='ltr'><strong>hunc</strong></span> <span class='ocrx_word' id='word_1_378' title='bbox 2675 2453 2937 2510; x_wconf 86' lang='lat' dir='ltr'><strong>superare</strong></span> <span class='ocrx_word' id='word_1_379' title='bbox 2973 2440 3194 2495; x_wconf 85' lang='lat' dir='ltr'><strong>videtur</strong></span> <span class='ocrx_word' id='word_1_380' title='bbox 3212 2440 3428 2510; x_wconf 82' lang='lat' dir='ltr'><strong>magni-</strong></span> 
     </span>
    </p>
   </div>
   <div class='ocr_carea' id='block_1_55' title="bbox 1870 2528 3432 2604">
    <p class='ocr_par' dir='ltr' id='par_1_55' title="bbox 1870 2528 3432 2604">
     <span class='ocr_line' id='line_1_55' title="bbox 1870 2528 3432 2604; baseline -0.001 -22"><span class='ocrx_word' id='word_1_381' title='bbox 1870 2528 2058 2584; x_wconf 88' lang='lat' dir='ltr'><strong>tudine</strong></span> <span class='ocrx_word' id='word_1_382' title='bbox 2094 2529 2409 2584; x_wconf 81' lang='lat' dir='ltr'><strong>abditarum</strong></span> <span class='ocrx_word' id='word_1_383' title='bbox 2441 2544 2702 2604; x_wconf 86' lang='lat' dir='ltr'><strong>sensuum</strong></span> <span class='ocrx_word' id='word_1_384' title='bbox 2740 2549 2752 2584; x_wconf 89' lang='lat'><strong>:</strong></span> <span class='ocrx_word' id='word_1_385' title='bbox 2787 2531 2880 2584; x_wconf 88' lang='lat' dir='ltr'><strong>ubi</strong></span> <span class='ocrx_word' id='word_1_386' title='bbox 2913 2545 3110 2585; x_wconf 86' lang='lat' dir='ltr'><strong>rursus</strong></span> <span class='ocrx_word' id='word_1_387' title='bbox 3143 2529 3432 2599; x_wconf 88' lang='lat' dir='ltr'><strong>inscriptio</strong></span> 
     </span>
    </p>
   </div>
   <div class='ocr_carea' id='block_1_56' title="bbox 1868 2619 3436 2690">
    <p class='ocr_par' dir='ltr' id='par_1_56' title="bbox 1868 2619 3436 2690">
     <span class='ocr_line' id='line_1_56' title="bbox 1868 2619 3436 2690; baseline -0.003 -14"><span class='ocrx_word' id='word_1_388' title='bbox 1868 2619 2136 2676; x_wconf 79' lang='lat' dir='ltr'><strong>victorem</strong></span> <span class='ocrx_word' id='word_1_389' title='bbox 2171 2635 2376 2675; x_wconf 87' lang='lat' dir='ltr'><strong>corona</strong></span> <span class='ocrx_word' id='word_1_390' title='bbox 2418 2620 2737 2690; x_wconf 79' lang='lat' dir='ltr'><strong>insignitum</strong></span> <span class='ocrx_word' id='word_1_391' title='bbox 2773 2619 3036 2690; x_wconf 79' lang='lat' dir='ltr'><strong>praedicat</strong></span> <span class='ocrx_word' id='word_1_392' title='bbox 3074 2638 3087 2673; x_wconf 88' lang='lat'><strong>:</strong></span> <span class='ocrx_word' id='word_1_393' title='bbox 3123 2635 3316 2674; x_wconf 89' lang='lat' dir='ltr'><strong>rursus</strong></span> <span class='ocrx_word' id='word_1_394' title='bbox 3343 2634 3436 2674; x_wconf 85' lang='lat' dir='ltr'><strong>co-</strong></span> 
     </span>
    </p>
   </div>
   <div class='ocr_carea' id='block_1_57' title="bbox 1870 2709 3435 2780">
    <p class='ocr_par' dir='ltr' id='par_1_57' title="bbox 1870 2709 3435 2780">
     <span class='ocr_line' id='line_1_57' title="bbox 1870 2709 3435 2780; baseline 0.001 -17"><span class='ocrx_word' id='word_1_395' title='bbox 1870 2711 2058 2764; x_wconf 88' lang='lat' dir='ltr'><strong>lumna</strong></span> <span class='ocrx_word' id='word_1_396' title='bbox 2083 2716 2317 2765; x_wconf 86' lang='lat' dir='ltr'><strong>testatur</strong></span> <span class='ocrx_word' id='word_1_397' title='bbox 2349 2725 2514 2780; x_wconf 87' lang='lat' dir='ltr'><strong>supra</strong></span> <span class='ocrx_word' id='word_1_398' title='bbox 2536 2711 2831 2763; x_wconf 86' lang='lat' dir='ltr'><strong>humanam</strong></span> <span class='ocrx_word' id='word_1_399' title='bbox 2880 2709 3197 2764; x_wconf 77' lang='lat' dir='ltr'><strong>facultatem</strong></span> <span class='ocrx_word' id='word_1_400' title='bbox 3241 2710 3435 2780; x_wconf 56' lang='lat' dir='ltr'><strong>hujus.</strong></span> 
     </span>
    </p>
   </div>
   <div class='ocr_carea' id='block_1_58' title="bbox 1871 2798 3438 2865">
    <p class='ocr_par' dir='ltr' id='par_1_58' title="bbox 1871 2798 3438 2865">
     <span class='ocr_line' id='line_1_58' title="bbox 1871 2798 3438 2865; baseline 0.003 -13"><span class='ocrx_word' id='word_1_401' title='bbox 1871 2799 2017 2854; x_wconf 86' lang='lat' dir='ltr'><strong>modi</strong></span> <span class='ocrx_word' id='word_1_402' title='bbox 2040 2801 2326 2855; x_wconf 84' lang='lat' dir='ltr'><strong>victoriam</strong></span> <span class='ocrx_word' id='word_1_403' title='bbox 2355 2815 2497 2856; x_wconf 87' lang='lat' dir='ltr'><strong>esse.</strong></span> <span class='ocrx_word' id='word_1_404' title='bbox 2519 2799 2608 2853; x_wconf 85' lang='lat' dir='ltr'><strong>Ait</strong></span> <span class='ocrx_word' id='word_1_405' title='bbox 2631 2800 2777 2856; x_wconf 91' lang='lat' dir='ltr'><strong>enim</strong></span> <span class='ocrx_word' id='word_1_406' title='bbox 2815 2818 2826 2854; x_wconf 92' lang='lat'>:</span> <span class='ocrx_word' id='word_1_407' title='bbox 2861 2820 2878 2852; x_wconf 80' lang='grc' dir='ltr'><strong>ι</strong></span> <span class='ocrx_word' id='word_1_408' title='bbox 2917 2798 2978 2854; x_wconf 83' lang='lat' dir='ltr'><strong>In</strong></span> <span class='ocrx_word' id='word_1_409' title='bbox 3009 2801 3193 2865; x_wconf 82' lang='lat' dir='ltr'><strong>finem,</strong></span> <span class='ocrx_word' id='word_1_410' title='bbox 3225 2817 3294 2856; x_wconf 88' lang='lat' dir='ltr'><strong>ne</strong></span> <span class='ocrx_word' id='word_1_411' title='bbox 3325 2801 3438 2856; x_wconf 86' lang='lat' dir='ltr'><strong>dis-</strong></span> 
     </span>
    </p>
   </div>
   <div class='ocr_carea' id='block_1_59' title="bbox 1873 2893 3436 2963">
    <p class='ocr_par' dir='ltr' id='par_1_59' title="bbox 1873 2893 3436 2963">
     <span class='ocr_line' id='line_1_59' title="bbox 1873 2893 3436 2963; baseline -0.001 -16"><span class='ocrx_word' id='word_1_412' title='bbox 1873 2893 2150 2962; x_wconf 80' lang='lat' dir='ltr'><strong>perdas“.</strong></span> <span class='ocrx_word' id='word_1_413' title='bbox 2172 2911 2195 2945; x_wconf 74' lang='grc' dir='ltr'><strong>ι</strong></span> <span class='ocrx_word' id='word_1_414' title='bbox 2233 2894 2388 2962; x_wconf 82' lang='lat' dir='ltr'><strong>Saepe</strong></span> <span class='ocrx_word' id='word_1_415' title='bbox 2423 2893 2629 2947; x_wconf 89' lang='lat' dir='ltr'><strong>dictum</strong></span> <span class='ocrx_word' id='word_1_416' title='bbox 2667 2900 2770 2957; x_wconf 89' lang='lat' dir='ltr'><strong>est,</strong></span> <span class='ocrx_word' id='word_1_417' title='bbox 2807 2913 2824 2944; x_wconf 78' lang='grc' dir='ltr'><strong>ι</strong></span> <span class='ocrx_word' id='word_1_418' title='bbox 2859 2893 2978 2949; x_wconf 85' lang='lat' dir='ltr'><strong>finis</strong></span> <span class='ocrx_word' id='word_1_419' title='bbox 3013 2914 3030 2945; x_wconf 77' lang='grc' dir='ltr'><strong>ι</strong></span> <span class='ocrx_word' id='word_1_420' title='bbox 3074 2893 3436 2963; x_wconf 76' lang='lat' dir='ltr'><strong>significatum</strong></span> 
     </span>
    </p>
   </div>
   <div class='ocr_carea' id='block_1_60' title="bbox 214 2973 1774 3061">
    <p class='ocr_par' dir='ltr' id='par_1_60' title="bbox 214 2984 1768 3061">
     <span class='ocr_line' id='line_1_60' title="bbox 214 2984 1768 3061; baseline 0.004 -25"><span class='ocrx_word' id='word_1_421' title='bbox 214 2984 291 3038; x_wconf 75' lang='grc' dir='ltr'>τοῦ</span> <span class='ocrx_word' id='word_1_422' title='bbox 325 2985 506 3050; x_wconf 81' lang='grc' dir='ltr'>τέλους</span> <span class='ocrx_word' id='word_1_423' title='bbox 547 2986 616 3038; x_wconf 82' lang='lat'><strong>16</strong></span> <span class='ocrx_word' id='word_1_424' title='bbox 651 2985 1068 3056; x_wconf 86' lang='grc' dir='ltr'>σημαινόμενον,</span> <span class='ocrx_word' id='word_1_425' title='bbox 1117 2989 1210 3042; x_wconf 76' lang='grc' dir='ltr'><strong>καὶ</strong></span> <span class='ocrx_word' id='word_1_426' title='bbox 1254 2990 1407 3042; x_wconf 77' lang='grc' dir='ltr'>οὐδὲν</span> <span class='ocrx_word' id='word_1_427' title='bbox 1455 2992 1561 3061; x_wconf 77' lang='grc' dir='ltr'>χρὴ</span> <span class='ocrx_word' id='word_1_428' title='bbox 1610 2991 1768 3044; x_wconf 83' lang='grc' dir='ltr'>πάλιν</span> 
     </span>
    </p>
   </div>
   <div class='ocr_carea' id='block_1_61' title="bbox 1875 2973 3437 3061">
    <p class='ocr_par' dir='ltr' id='par_1_61' title="bbox 1875 2984 3437 3055">
     <span class='ocr_line' id='line_1_61' title="bbox 1875 2984 3437 3055; baseline -0.003 -15"><span class='ocrx_word' id='word_1_429' title='bbox 1875 2999 1995 3040; x_wconf 88' lang='lat' dir='ltr'><strong>esse</strong></span> <span class='ocrx_word' id='word_1_430' title='bbox 2028 2984 2348 3048; x_wconf 89' lang='lat' dir='ltr'><strong>victoriam;</strong></span> <span class='ocrx_word' id='word_1_431' title='bbox 2382 2999 2560 3054; x_wconf 90' lang='lat' dir='ltr'><strong>neque</strong></span> <span class='ocrx_word' id='word_1_432' title='bbox 2586 2999 2725 3055; x_wconf 92' lang='lat' dir='ltr'><strong>opus</strong></span> <span class='ocrx_word' id='word_1_433' title='bbox 2751 2995 2835 3040; x_wconf 89' lang='lat' dir='ltr'><strong>est</strong></span> <span class='ocrx_word' id='word_1_434' title='bbox 2860 2985 3041 3040; x_wconf 89' lang='lat' dir='ltr'><strong>denuo</strong></span> <span class='ocrx_word' id='word_1_435' title='bbox 3065 2985 3343 3055; x_wconf 76' lang='lat' dir='ltr'><strong>explicare</strong></span> <span class='ocrx_word' id='word_1_436' title='bbox 3384 2984 3437 3036; x_wconf 91' lang='lat' dir='ltr'><strong>id</strong></span> 
     </span>
    </p>
   </div>
   <div class='ocr_carea' id='block_1_62' title="bbox 215 3076 1770 3152">
    <p class='ocr_par' dir='ltr' id='par_1_62' title="bbox 215 3076 1770 3152">
     <span class='ocr_line' id='line_1_62' title="bbox 215 3076 1770 3152; baseline 0.005 -25"><span class='ocrx_word' id='word_1_437' title='bbox 215 3077 590 3148; x_wconf 60' lang='grc' dir='ltr'>ὲῃερμηνεύειν</span> <span class='ocrx_word' id='word_1_438' title='bbox 619 3076 700 3147; x_wconf 83' lang='grc' dir='ltr'>τῷ</span> <span class='ocrx_word' id='word_1_439' title='bbox 737 3077 879 3148; x_wconf 80' lang='grc' dir='ltr'>λόγῳ</span> <span class='ocrx_word' id='word_1_440' title='bbox 915 3078 976 3131; x_wconf 86' lang='lat'><strong>16</strong></span> <span class='ocrx_word' id='word_1_441' title='bbox 1003 3079 1362 3150; x_wconf 79' lang='grc' dir='ltr'>ἐγνωσμένον.</span> <span class='ocrx_word' id='word_1_442' title='bbox 1402 3081 1474 3134; x_wconf 87' lang='grc' dir='ltr'>Τὸ</span> <span class='ocrx_word' id='word_1_443' title='bbox 1504 3081 1581 3146; x_wconf 87' lang='grc' dir='ltr'>δὲ,</span> <span class='ocrx_word' id='word_1_444' title='bbox 1623 3101 1640 3134; x_wconf 78' lang='grc' dir='ltr'><strong>ι</strong></span> <span class='ocrx_word' id='word_1_445' title='bbox 1681 3083 1770 3152; x_wconf 82' lang='grc' dir='ltr'><strong>Μὴ</strong></span> 
     </span>
    </p>
   </div>
   <div class='ocr_carea' id='block_1_63' title="bbox 211 3167 1773 3244">
    <p class='ocr_par' dir='ltr' id='par_1_63' title="bbox 211 3167 1773 3244">
     <span class='ocr_line' id='line_1_63' title="bbox 211 3167 1773 3244; baseline 0.004 -23"><span class='ocrx_word' id='word_1_446' title='bbox 211 3167 529 3244; x_wconf 61' lang='grc' dir='ltr'>διαφθείρῃς.</span> <span class='ocrx_word' id='word_1_447' title='bbox 569 3190 591 3223; x_wconf 71' lang='grc' dir='ltr'><strong><em>ι</em></strong></span> <span class='ocrx_word' id='word_1_448' title='bbox 627 3172 658 3241; x_wconf 86' lang='grc' dir='ltr'><strong>ή</strong></span> <span class='ocrx_word' id='word_1_449' title='bbox 688 3170 1066 3242; x_wconf 83' lang='grc' dir='ltr'>φιλάνθρωπος</span> <span class='ocrx_word' id='word_1_450' title='bbox 1092 3171 1229 3244; x_wconf 76' lang='grc' dir='ltr'>αὕτη</span> <span class='ocrx_word' id='word_1_451' title='bbox 1272 3172 1443 3243; x_wconf 81' lang='grc' dir='ltr'>φωνὴ,</span> <span class='ocrx_word' id='word_1_452' title='bbox 1470 3174 1564 3226; x_wconf 77' lang='grc' dir='ltr'><strong>καὶ</strong></span> <span class='ocrx_word' id='word_1_453' title='bbox 1594 3175 1773 3228; x_wconf 76' lang='grc' dir='ltr'>πᾶσαν</span> 
     </span>
    </p>
   </div>
   <div class='ocr_carea' id='block_1_64' title="bbox 213 3259 1774 3333">
    <p class='ocr_par' dir='ltr' id='par_1_64' title="bbox 213 3259 1774 3333">
     <span class='ocr_line' id='line_1_64' title="bbox 213 3259 1774 3333; baseline 0.005 -24"><span class='ocrx_word' id='word_1_454' title='bbox 213 3259 575 3330; x_wconf 84' lang='grc' dir='ltr'>μακροθυμίας</span> <span class='ocrx_word' id='word_1_455' title='bbox 613 3260 918 3332; x_wconf 77' lang='grc' dir='ltr'>ὑπερϐολὴν</span> <span class='ocrx_word' id='word_1_456' title='bbox 962 3261 1256 3332; x_wconf 81' lang='grc' dir='ltr'>παριοῦσα,</span> <span class='ocrx_word' id='word_1_457' title='bbox 1300 3262 1542 3333; x_wconf 84' lang='grc' dir='ltr'>μείζονος</span> <span class='ocrx_word' id='word_1_458' title='bbox 1593 3265 1774 3317; x_wconf 75' lang='grc' dir='ltr'>ἐπιϐέ-</span> 
     </span>
    </p>
   </div>
   <div class='ocr_carea' id='block_1_65' title="bbox 210 3346 1776 3426">
    <p class='ocr_par' dir='ltr' id='par_1_65' title="bbox 210 3346 1776 3426">
     <span class='ocr_line' id='line_1_65' title="bbox 210 3346 1776 3426; baseline 0.004 -24"><span class='ocrx_word' id='word_1_459' title='bbox 210 3346 360 3419; x_wconf 77' lang='grc' dir='ltr'>δηκεν</span> <span class='ocrx_word' id='word_1_460' title='bbox 383 3351 440 3405; x_wconf 82' lang='grc' dir='ltr'>ἑν</span> <span class='ocrx_word' id='word_1_461' title='bbox 467 3351 550 3423; x_wconf 81' lang='grc' dir='ltr'>τῷ</span> <span class='ocrx_word' id='word_1_462' title='bbox 576 3351 728 3418; x_wconf 83' lang='grc' dir='ltr'>τόπῳ</span> <span class='ocrx_word' id='word_1_463' title='bbox 759 3351 932 3422; x_wconf 85' lang='grc' dir='ltr'>τούτῳ</span> <span class='ocrx_word' id='word_1_464' title='bbox 975 3353 1073 3423; x_wconf 81' lang='grc' dir='ltr'><strong>τῆς</strong></span> <span class='ocrx_word' id='word_1_465' title='bbox 1115 3353 1370 3417; x_wconf 87' lang='grc' dir='ltr'>διανοίας.</span> <span class='ocrx_word' id='word_1_466' title='bbox 1403 3355 1500 3418; x_wconf 86' lang='grc' dir='ltr'><strong>Τίς</strong></span> <span class='ocrx_word' id='word_1_467' title='bbox 1530 3354 1638 3426; x_wconf 82' lang='grc' dir='ltr'>γὰρ</span> <span class='ocrx_word' id='word_1_468' title='bbox 1677 3357 1776 3409; x_wconf 84' lang='grc' dir='ltr'><strong>οὐκ</strong></span> 
     </span>
    </p>
   </div>
   <div class='ocr_carea' id='block_1_66' title="bbox 204 3433 1777 3513">
    <p class='ocr_par' dir='ltr' id='par_1_66' title="bbox 204 3433 1777 3513">
     <span class='ocr_line' id='line_1_66' title="bbox 204 3433 1777 3513; baseline 0.006 -23"><span class='ocrx_word' id='word_1_469' title='bbox 204 3433 360 3503; x_wconf 73' lang='grc' dir='ltr'>οἶδεν,</span> <span class='ocrx_word' id='word_1_470' title='bbox 422 3441 508 3494; x_wconf 70' lang='grc' dir='ltr'>ὅτι</span> <span class='ocrx_word' id='word_1_471' title='bbox 581 3442 873 3513; x_wconf 82' lang='grc' dir='ltr'>πρόχειρος</span> <span class='ocrx_word' id='word_1_472' title='bbox 933 3444 1030 3513; x_wconf 81' lang='grc' dir='ltr'><strong>μὲν</strong></span> <span class='ocrx_word' id='word_1_473' title='bbox 1079 3444 1158 3508; x_wconf 87' lang='grc' dir='ltr'><strong>εἰς</strong></span> <span class='ocrx_word' id='word_1_474' title='bbox 1211 3444 1454 3499; x_wconf 76' lang='grc' dir='ltr'>εὐποιίαν</span> <span class='ocrx_word' id='word_1_475' title='bbox 1513 3447 1630 3499; x_wconf 80' lang='grc' dir='ltr'>ἐστὶ</span> <span class='ocrx_word' id='word_1_476' title='bbox 1684 3447 1777 3500; x_wconf 73' lang='grc' dir='ltr'><strong>καὶ</strong></span> 
     </span>
    </p>
   </div>
   <div class='ocr_carea' id='block_1_67' title="bbox 207 3519 1778 3608">
    <p class='ocr_par' dir='ltr' id='par_1_67' title="bbox 207 3519 1778 3608">
     <span class='ocr_line' id='line_1_67' title="bbox 207 3519 1778 3608; baseline 0.006 -27"><span class='ocrx_word' id='word_1_477' title='bbox 207 3529 299 3582; x_wconf 82' lang='grc' dir='ltr'><strong>τῶν</strong></span> <span class='ocrx_word' id='word_1_478' title='bbox 331 3531 710 3604; x_wconf 72' lang='grc' dir='ltr'>ἐπιτυχόντων</span> <span class='ocrx_word' id='word_1_479' title='bbox 738 3534 964 3598; x_wconf 73' lang='grc' dir='ltr'>ἕκαστος</span> <span class='ocrx_word' id='word_1_480' title='bbox 1010 3535 1100 3586; x_wconf 77' lang='grc' dir='ltr'><strong>ἐπὶ</strong></span> <span class='ocrx_word' id='word_1_481' title='bbox 1144 3535 1253 3589; x_wconf 87' lang='grc' dir='ltr'><strong>τῶν</strong></span> <span class='ocrx_word' id='word_1_482' title='bbox 1279 3519 1546 3607; x_wconf 85' lang='grc' dir='ltr'>μηδεμίαν</span> <span class='ocrx_word' id='word_1_483' title='bbox 1588 3554 1778 3608; x_wconf 87' lang='grc' dir='ltr'>προεν-</span> 
     </span>
    </p>
   </div>
   <div class='ocr_carea' id='block_1_68' title="bbox 197 3622 1780 3700">
    <p class='ocr_par' dir='ltr' id='par_1_68' title="bbox 197 3622 1780 3700">
     <span class='ocr_line' id='line_1_68' title="bbox 197 3622 1780 3700; baseline 0.006 -26"><span class='ocrx_word' id='word_1_484' title='bbox 197 3622 520 3695; x_wconf 80' lang='grc' dir='ltr'>δειξαμένων</span> <span class='ocrx_word' id='word_1_485' title='bbox 563 3625 806 3680; x_wconf 77' lang='grc' dir='ltr'>κακίανο</span> <span class='ocrx_word' id='word_1_486' title='bbox 847 3626 1106 3691; x_wconf 79' lang='grc' dir='ltr'>πολλάκις</span> <span class='ocrx_word' id='word_1_487' title='bbox 1153 3627 1208 3680; x_wconf 83' lang='grc' dir='ltr'><strong>δὲ</strong></span> <span class='ocrx_word' id='word_1_488' title='bbox 1251 3629 1344 3683; x_wconf 72' lang='grc' dir='ltr'><strong>καὶ</strong></span> <span class='ocrx_word' id='word_1_489' title='bbox 1393 3633 1594 3700; x_wconf 83' lang='grc' dir='ltr'>μικροῖς</span> <span class='ocrx_word' id='word_1_490' title='bbox 1634 3647 1780 3694; x_wconf 87' lang='grc' dir='ltr'>τινος</span> 
     </span>
    </p>
   </div>
   <div class='ocr_carea' id='block_1_69' title="bbox 200 3711 1778 3792">
    <p class='ocr_par' dir='ltr' id='par_1_69' title="bbox 200 3711 1778 3792">
     <span class='ocr_line' id='line_1_69' title="bbox 200 3711 1778 3792; baseline 0.006 -27"><span class='ocrx_word' id='word_1_491' title='bbox 200 3711 364 3785; x_wconf 76' lang='grc' dir='ltr'>λύπης</span> <span class='ocrx_word' id='word_1_492' title='bbox 413 3718 971 3789; x_wconf 84' lang='grc' dir='ltr'>προσγεγενημένης,</span> <span class='ocrx_word' id='word_1_493' title='bbox 1027 3720 1056 3772; x_wconf 90' lang='lat'><strong>6</strong></span> <span class='ocrx_word' id='word_1_494' title='bbox 1109 3719 1206 3788; x_wconf 82' lang='grc' dir='ltr'>μὲν</span> <span class='ocrx_word' id='word_1_495' title='bbox 1258 3720 1778 3792; x_wconf 80' lang='grc' dir='ltr'>μεγαλοψυχότερος,</span> 
     </span>
    </p>
   </div>
   <div class='ocr_carea' id='block_1_70' title="bbox 191 3803 1782 3884">
    <p class='ocr_par' dir='ltr' id='par_1_70' title="bbox 191 3803 1782 3884">
     <span class='ocr_line' id='line_1_70' title="bbox 191 3803 1782 3884; baseline 0.006 -27"><span class='ocrx_word' id='word_1_496' title='bbox 191 3803 380 3874; x_wconf 73' lang='grc' dir='ltr'>ἧνεγκε</span> <span class='ocrx_word' id='word_1_497' title='bbox 432 3807 544 3880; x_wconf 71' lang='grc' dir='ltr'>τὴν</span> <span class='ocrx_word' id='word_1_498' title='bbox 605 3807 701 3860; x_wconf 75' lang='grc' dir='ltr'><strong>ἐπὶ</strong></span> <span class='ocrx_word' id='word_1_499' title='bbox 754 3810 866 3870; x_wconf 87' lang='grc' dir='ltr'>τοῖς</span> <span class='ocrx_word' id='word_1_500' title='bbox 919 3811 1132 3879; x_wconf 86' lang='grc' dir='ltr'>μικροῖς</span> <span class='ocrx_word' id='word_1_501' title='bbox 1190 3810 1400 3881; x_wconf 81' lang='grc' dir='ltr'>ἀηδίαν,</span> <span class='ocrx_word' id='word_1_502' title='bbox 1455 3813 1549 3865; x_wconf 71' lang='grc' dir='ltr'><strong>καὶ</strong></span> <span class='ocrx_word' id='word_1_503' title='bbox 1600 3815 1658 3866; x_wconf 87' lang='grc' dir='ltr'>ὲν</span> <span class='ocrx_word' id='word_1_504' title='bbox 1704 3813 1782 3884; x_wconf 84' lang='grc' dir='ltr'>τῷ</span> 
     </span>
    </p>
   </div>
   <div class='ocr_carea' id='block_1_71' title="bbox 194 3896 1778 3975">
    <p class='ocr_par' dir='ltr' id='par_1_71' title="bbox 194 3896 1778 3975">
     <span class='ocr_line' id='line_1_71' title="bbox 194 3896 1778 3975; baseline 0.008 -30"><span class='ocrx_word' id='word_1_505' title='bbox 194 3896 356 3967; x_wconf 75' lang='grc' dir='ltr'>καιρῷ</span> <span class='ocrx_word' id='word_1_506' title='bbox 384 3899 494 3968; x_wconf 79' lang='grc' dir='ltr'><strong>τῆς</strong></span> <span class='ocrx_word' id='word_1_507' title='bbox 525 3898 788 3961; x_wconf 80' lang='grc' dir='ltr'>εὐποιίας</span> <span class='ocrx_word' id='word_1_508' title='bbox 807 3899 907 3953; x_wconf 81' lang='grc' dir='ltr'><strong>οὐκ</strong></span> <span class='ocrx_word' id='word_1_509' title='bbox 939 3901 1230 3973; x_wconf 86' lang='grc' dir='ltr'>ἀπετράπη</span> <span class='ocrx_word' id='word_1_510' title='bbox 1256 3903 1412 3956; x_wconf 81' lang='grc' dir='ltr'>τοῦτο</span> <span class='ocrx_word' id='word_1_511' title='bbox 1437 3903 1658 3975; x_wconf 82' lang='grc' dir='ltr'>ποιῆσαι</span> <span class='ocrx_word' id='word_1_512' title='bbox 1685 3923 1778 3958; x_wconf 81' lang='grc' dir='ltr'>κα-</span> 
     </span>
    </p>
   </div>
   <div class='ocr_carea' id='block_1_72' title="bbox 185 3987 1785 4068">
    <p class='ocr_par' dir='ltr' id='par_1_72' title="bbox 185 3987 1785 4068">
     <span class='ocr_line' id='line_1_72' title="bbox 185 3987 1785 4068; baseline 0.01 -32"><span class='ocrx_word' id='word_1_513' title='bbox 185 3987 306 4053; x_wconf 82' lang='grc' dir='ltr'>λῶς,</span> <span class='ocrx_word' id='word_1_514' title='bbox 345 3991 443 4043; x_wconf 81' lang='lat' dir='ltr'><em>16v</em></span> <span class='ocrx_word' id='word_1_515' title='bbox 478 3990 591 4044; x_wconf 73' lang='grc' dir='ltr'><strong>ἐπὶ</strong></span> <span class='ocrx_word' id='word_1_516' title='bbox 626 3990 867 4062; x_wconf 89' lang='grc' dir='ltr'>μετρίοις</span> <span class='ocrx_word' id='word_1_517' title='bbox 907 3991 1252 4064; x_wconf 82' lang='grc' dir='ltr'>λυπήσαντα·</span> <span class='ocrx_word' id='word_1_518' title='bbox 1298 3996 1327 4047; x_wconf 90' lang='lat'><strong>6</strong></span> <span class='ocrx_word' id='word_1_519' title='bbox 1373 3995 1434 4048; x_wconf 84' lang='grc' dir='ltr'><strong>δὲ.</strong></span> <span class='ocrx_word' id='word_1_520' title='bbox 1477 3999 1785 4068; x_wconf 80' lang='grc' dir='ltr'>μικροφυὴς</span> 
     </span>
    </p>
   </div>
   <div class='ocr_carea' id='block_1_73' title="bbox 186 4077 1784 4158">
    <p class='ocr_par' dir='ltr' id='par_1_73' title="bbox 186 4077 1784 4158">
     <span class='ocr_line' id='line_1_73' title="bbox 186 4077 1784 4158; baseline 0.006 -27"><span class='ocrx_word' id='word_1_521' title='bbox 186 4077 275 4149; x_wconf 72' lang='grc' dir='ltr'>τὴν</span> <span class='ocrx_word' id='word_1_522' title='bbox 298 4081 587 4145; x_wconf 82' lang='grc' dir='ltr'>διάνοιαν,</span> <span class='ocrx_word' id='word_1_523' title='bbox 629 4080 735 4134; x_wconf 77' lang='grc' dir='ltr'><strong>κᾶν</strong></span> <span class='ocrx_word' id='word_1_524' title='bbox 774 4080 946 4151; x_wconf 84' lang='grc' dir='ltr'>βραχύ</span> <span class='ocrx_word' id='word_1_525' title='bbox 973 4099 1026 4135; x_wconf 87' lang='grc' dir='ltr'><strong>τι</strong></span> <span class='ocrx_word' id='word_1_526' title='bbox 1063 4082 1124 4136; x_wconf 88' lang='lat'><strong>16</strong></span> <span class='ocrx_word' id='word_1_527' title='bbox 1153 4083 1450 4155; x_wconf 81' lang='grc' dir='ltr'>παροξύνον</span> <span class='ocrx_word' id='word_1_528' title='bbox 1477 4086 1633 4158; x_wconf 87' lang='grc' dir='ltr'>τύχῃ,</span> <span class='ocrx_word' id='word_1_529' title='bbox 1678 4091 1784 4141; x_wconf 75' lang='grc' dir='ltr'>πᾶ-</span> 
     </span>
    </p>
   </div>
   <div class='ocr_carea' id='block_1_74' title="bbox 180 4171 1784 4250">
    <p class='ocr_par' dir='ltr' id='par_1_74' title="bbox 180 4171 1784 4250">
     <span class='ocr_line' id='line_1_74' title="bbox 180 4171 1784 4250; baseline 0.007 -29"><span class='ocrx_word' id='word_1_530' title='bbox 180 4184 271 4222; x_wconf 81' lang='grc' dir='ltr'><strong>σαν</strong></span> <span class='ocrx_word' id='word_1_531' title='bbox 310 4171 646 4242; x_wconf 69' lang='grc' dir='ltr'>ἐπαφίησιν</span> <span class='ocrx_word' id='word_1_532' title='bbox 671 4171 817 4243; x_wconf 81' lang='grc' dir='ltr'>αύτῷ</span> <span class='ocrx_word' id='word_1_533' title='bbox 860 4171 956 4243; x_wconf 82' lang='grc' dir='ltr'>τὴν</span> <span class='ocrx_word' id='word_1_534' title='bbox 984 4173 1285 4246; x_wconf 81' lang='grc' dir='ltr'>ἀμυντικὴν</span> <span class='ocrx_word' id='word_1_535' title='bbox 1315 4175 1564 4248; x_wconf 84' lang='grc' dir='ltr'>δύναμιν,</span> <span class='ocrx_word' id='word_1_536' title='bbox 1594 4179 1784 4250; x_wconf 82' lang='grc' dir='ltr'>καιροῦ</span> 
     </span>
    </p>
   </div>
   <div class='ocr_carea' id='block_1_75' title="bbox 179 4261 1786 4334">
    <p class='ocr_par' dir='ltr' id='par_1_75' title="bbox 179 4261 1786 4334">
     <span class='ocr_line' id='line_1_75' title="bbox 179 4261 1786 4334; baseline 0.009 -25"><span class='ocrx_word' id='word_1_537' title='bbox 179 4275 318 4322; x_wconf 78' lang='grc' dir='ltr'>τινος</span> <span class='ocrx_word' id='word_1_538' title='bbox 355 4265 445 4325; x_wconf 81' lang='grc' dir='ltr'><strong>είς</strong></span> <span class='ocrx_word' id='word_1_539' title='bbox 477 4261 820 4316; x_wconf 78' lang='grc' dir='ltr'>κακοποιίαν</span> <span class='ocrx_word' id='word_1_540' title='bbox 856 4263 1170 4334; x_wconf 76' lang='grc' dir='ltr'>λαϐόμενος.</span> <span class='ocrx_word' id='word_1_541' title='bbox 1205 4264 1414 4320; x_wconf 80' lang='grc' dir='ltr'>Οὐκοῦν</span> <span class='ocrx_word' id='word_1_542' title='bbox 1445 4268 1545 4320; x_wconf 73' lang='grc' dir='ltr'><strong>οὐκ</strong></span> <span class='ocrx_word' id='word_1_543' title='bbox 1584 4268 1696 4323; x_wconf 83' lang='grc' dir='ltr'>τσον</span> <span class='ocrx_word' id='word_1_544' title='bbox 1726 4271 1786 4324; x_wconf 97' lang='lat'><strong>16</strong></span> 
     </span>
    </p>
   </div>
   <div class='ocr_carea' id='block_1_76' title="bbox 175 4349 1786 4429">
    <p class='ocr_par' dir='ltr' id='par_1_76' title="bbox 175 4349 1786 4429">
     <span class='ocr_line' id='line_1_76' title="bbox 175 4349 1786 4429; baseline 0.009 -29"><span class='ocrx_word' id='word_1_545' title='bbox 175 4349 381 4421; x_wconf 73' lang='grc' dir='ltr'>θαῦμα,</span> <span class='ocrx_word' id='word_1_546' title='bbox 416 4351 542 4406; x_wconf 77' lang='grc' dir='ltr'>κᾶν</span> <span class='ocrx_word' id='word_1_547' title='bbox 573 4353 765 4422; x_wconf 81' lang='grc' dir='ltr'>ὅμοιον</span> <span class='ocrx_word' id='word_1_548' title='bbox 808 4352 867 4406; x_wconf 88' lang='lat'><strong>16</strong></span> <span class='ocrx_word' id='word_1_549' title='bbox 892 4353 1239 4424; x_wconf 82' lang='grc' dir='ltr'>εὐεργέτημα</span> <span class='ocrx_word' id='word_1_550' title='bbox 1263 4354 1424 4429; x_wconf 80' lang='grc' dir='ltr'>τύχῃ,</span> <span class='ocrx_word' id='word_1_551' title='bbox 1466 4357 1558 4409; x_wconf 84' lang='grc' dir='ltr'>ὲπί</span> <span class='ocrx_word' id='word_1_552' title='bbox 1592 4375 1652 4411; x_wconf 84' lang='grc' dir='ltr'><strong>τε</strong></span> <span class='ocrx_word' id='word_1_553' title='bbox 1693 4359 1786 4414; x_wconf 82' lang='grc' dir='ltr'>τοῦ</span> 
     </span>
    </p>
   </div>
   <div class='ocr_carea' id='block_1_77' title="bbox 178 4441 1787 4514">
    <p class='ocr_par' dir='ltr' id='par_1_77' title="bbox 178 4441 1787 4514">
     <span class='ocr_line' id='line_1_77' title="bbox 178 4441 1787 4514; baseline 0.007 -21"><span class='ocrx_word' id='word_1_554' title='bbox 178 4441 344 4508; x_wconf 74' lang='grc' dir='ltr'>μηδὲν</span> <span class='ocrx_word' id='word_1_555' title='bbox 395 4443 868 4513; x_wconf 69' lang='grc' dir='ltr'>προπεπονθότος</span> <span class='ocrx_word' id='word_1_556' title='bbox 899 4444 1088 4510; x_wconf 81' lang='grc' dir='ltr'>κακὸν,</span> <span class='ocrx_word' id='word_1_557' title='bbox 1132 4445 1227 4499; x_wconf 79' lang='grc' dir='ltr'>καὶ</span> <span class='ocrx_word' id='word_1_558' title='bbox 1256 4447 1348 4499; x_wconf 77' lang='grc' dir='ltr'>ἐπὶ</span> <span class='ocrx_word' id='word_1_559' title='bbox 1373 4446 1467 4500; x_wconf 78' lang='grc' dir='ltr'>τοῦ</span> <span class='ocrx_word' id='word_1_560' title='bbox 1522 4449 1787 4514; x_wconf 84' lang='grc' dir='ltr'>εὐποιίαις</span> 
     </span>
    </p>
   </div>
   <div class='ocr_carea' id='block_1_78' title="bbox 170 4531 1789 4610">
    <p class='ocr_par' dir='ltr' id='par_1_78' title="bbox 170 4531 1789 4610">
     <span class='ocr_line' id='line_1_78' title="bbox 170 4531 1789 4610; baseline 0.007 -27"><span class='ocrx_word' id='word_1_561' title='bbox 170 4531 583 4605; x_wconf 66' lang='grc' dir='ltr'>ἀμειψαμέωο</span> <span class='ocrx_word' id='word_1_562' title='bbox 635 4535 724 4589; x_wconf 77' lang='grc' dir='ltr'><strong>τὸν</strong></span> <span class='ocrx_word' id='word_1_563' title='bbox 765 4534 1208 4607; x_wconf 69' lang='grc' dir='ltr'>προλυπὴσαντα.</span> <span class='ocrx_word' id='word_1_564' title='bbox 1244 4537 1444 4591; x_wconf 86' lang='grc' dir='ltr'>Τούτου</span> <span class='ocrx_word' id='word_1_565' title='bbox 1483 4540 1663 4610; x_wconf 89' lang='grc' dir='ltr'>χάριν,</span> <span class='ocrx_word' id='word_1_566' title='bbox 1713 4543 1789 4605; x_wconf 85' lang='grc' dir='ltr'>ὠς</span> 
     </span>
    </p>
   </div>
   <div class='ocr_carea' id='block_1_79' title="bbox 171 4621 1790 4700">
    <p class='ocr_par' dir='ltr' id='par_1_79' title="bbox 171 4621 1790 4700">
     <span class='ocr_line' id='line_1_79' title="bbox 171 4621 1790 4700; baseline 0.009 -28"><span class='ocrx_word' id='word_1_567' title='bbox 171 4621 234 4673; x_wconf 70' lang='grc' dir='ltr'><strong>ἂν</strong></span> <span class='ocrx_word' id='word_1_568' title='bbox 283 4627 553 4693; x_wconf 78' lang='grc' dir='ltr'>μάλιστα</span> <span class='ocrx_word' id='word_1_569' title='bbox 613 4625 674 4679; x_wconf 87' lang='lat'><strong>16</strong></span> <span class='ocrx_word' id='word_1_570' title='bbox 717 4626 1061 4696; x_wconf 77' lang='grc' dir='ltr'>ἁπαράθετόν</span> <span class='ocrx_word' id='word_1_571' title='bbox 1111 4643 1170 4680; x_wconf 89' lang='grc' dir='ltr'><strong>τε</strong></span> <span class='ocrx_word' id='word_1_572' title='bbox 1212 4629 1307 4682; x_wconf 81' lang='grc' dir='ltr'><strong>καὶ</strong></span> <span class='ocrx_word' id='word_1_573' title='bbox 1353 4629 1627 4700; x_wconf 79' lang='grc' dir='ltr'>ἀζήλωτον</span> <span class='ocrx_word' id='word_1_574' title='bbox 1669 4633 1790 4686; x_wconf 76' lang='grc' dir='ltr'>ἐπι·</span> 
     </span>
    </p>
   </div>
   <div class='ocr_carea' id='block_1_80' title="bbox 169 4709 1788 4795">
    <p class='ocr_par' dir='ltr' id='par_1_80' title="bbox 169 4709 1788 4795">
     <span class='ocr_line' id='line_1_80' title="bbox 169 4709 1788 4795; baseline 0.007 -29"><span class='ocrx_word' id='word_1_575' title='bbox 169 4709 415 4786; x_wconf 76' lang='grc' dir='ltr'>δειχθείη</span> <span class='ocrx_word' id='word_1_576' title='bbox 467 4717 592 4787; x_wconf 76' lang='grc' dir='ltr'>τῆς</span> <span class='ocrx_word' id='word_1_577' title='bbox 637 4717 730 4770; x_wconf 85' lang='grc' dir='ltr'><strong>τοῦ</strong></span> <span class='ocrx_word' id='word_1_578' title='bbox 773 4717 936 4772; x_wconf 77' lang='grc' dir='ltr'><strong>Δαὸὶδ</strong></span> <span class='ocrx_word' id='word_1_579' title='bbox 972 4718 1372 4789; x_wconf 87' lang='grc' dir='ltr'>μακροθυμίας,</span> <span class='ocrx_word' id='word_1_580' title='bbox 1427 4723 1550 4792; x_wconf 80' lang='grc' dir='ltr'>ἥτις</span> <span class='ocrx_word' id='word_1_581' title='bbox 1594 4724 1788 4795; x_wconf 77' lang='grc' dir='ltr'>αὐτὴν,</span> 
     </span>
    </p>
   </div>
   <div class='ocr_carea' id='block_1_81' title="bbox 170 4807 1792 4882">
    <p class='ocr_par' dir='ltr' id='par_1_81' title="bbox 170 4807 1792 4882">
     <span class='ocr_line' id='line_1_81' title="bbox 170 4807 1792 4882; baseline 0.007 -24"><span class='ocrx_word' id='word_1_582' title='bbox 170 4807 377 4876; x_wconf 81' lang='grc' dir='ltr'>μικροῦ</span> <span class='ocrx_word' id='word_1_583' title='bbox 431 4808 593 4873; x_wconf 81' lang='grc' dir='ltr'>δεῖν,</span> <span class='ocrx_word' id='word_1_584' title='bbox 650 4811 895 4879; x_wconf 83' lang='grc' dir='ltr'>μιμεῖται</span> <span class='ocrx_word' id='word_1_585' title='bbox 939 4809 1038 4882; x_wconf 79' lang='grc' dir='ltr'>τῆς</span> <span class='ocrx_word' id='word_1_586' title='bbox 1083 4808 1234 4874; x_wconf 86' lang='grc' dir='ltr'>θείας</span> <span class='ocrx_word' id='word_1_587' title='bbox 1270 4811 1482 4878; x_wconf 80' lang='grc' dir='ltr'>φύσεως</span> <span class='ocrx_word' id='word_1_588' title='bbox 1518 4814 1616 4879; x_wconf 75' lang='grc' dir='ltr'>τὴν</span> <span class='ocrx_word' id='word_1_589' title='bbox 1647 4817 1792 4871; x_wconf 72' lang='grc' dir='ltr'>ἀπάο</span> 
     </span>
    </p>
   </div>
   <div class='ocr_carea' id='block_1_82' title="bbox 172 4894 1793 4974">
    <p class='ocr_par' dir='ltr' id='par_1_82' title="bbox 172 4894 1793 4974">
     <span class='ocr_line' id='line_1_82' title="bbox 172 4894 1793 4974; baseline 0.007 -25"><span class='ocrx_word' id='word_1_590' title='bbox 172 4894 347 4966; x_wconf 73' lang='grc' dir='ltr'>θειαν,</span> <span class='ocrx_word' id='word_1_591' title='bbox 389 4898 759 4970; x_wconf 79' lang='grc' dir='ltr'>παρατίθησι</span> <span class='ocrx_word' id='word_1_592' title='bbox 780 4899 877 4970; x_wconf 77' lang='grc' dir='ltr'><strong>τὴν</strong></span> <span class='ocrx_word' id='word_1_593' title='bbox 928 4902 1170 4972; x_wconf 77' lang='grc' dir='ltr'>πονηράν</span> <span class='ocrx_word' id='word_1_594' title='bbox 1213 4902 1428 4974; x_wconf 76' lang='grc' dir='ltr'>ἐκείνην</span> <span class='ocrx_word' id='word_1_595' title='bbox 1481 4904 1574 4958; x_wconf 81' lang='grc' dir='ltr'>τοῦ</span> <span class='ocrx_word' id='word_1_596' title='bbox 1623 4907 1793 4962; x_wconf 76' lang='grc' dir='ltr'>Σαοὺλ</span> 
     </span>
    </p>
   </div>
   <div class='ocr_carea' id='block_1_83' title="bbox 176 4990 1789 5072">
    <p class='ocr_par' dir='ltr' id='par_1_83' title="bbox 176 4990 1789 5072">
     <span class='ocr_line' id='line_1_83' title="bbox 176 4990 1789 5072; baseline 0.009 -31"><span class='ocrx_word' id='word_1_597' title='bbox 176 4990 408 5055; x_wconf 78' lang='grc' dir='ltr'>μανίαν.</span> <span class='ocrx_word' id='word_1_598' title='bbox 445 4992 708 5063; x_wconf 77' lang='grc' dir='ltr'>Εἴρηται</span> <span class='ocrx_word' id='word_1_599' title='bbox 737 4993 867 5064; x_wconf 82' lang='grc' dir='ltr'>γὰρ,</span> <span class='ocrx_word' id='word_1_600' title='bbox 908 4994 1095 5061; x_wconf 68' lang='grc' dir='ltr'>φησιν,</span> <span class='ocrx_word' id='word_1_601' title='bbox 1127 4995 1206 5066; x_wconf 80' lang='grc' dir='ltr'><strong>τῷ</strong></span> <span class='ocrx_word' id='word_1_602' title='bbox 1253 4996 1417 5048; x_wconf 73' lang='grc' dir='ltr'><strong>Δαόὶδ</strong></span> <span class='ocrx_word' id='word_1_603' title='bbox 1449 4999 1480 5069; x_wconf 77' lang='grc' dir='ltr'>ἡ</span> <span class='ocrx_word' id='word_1_604' title='bbox 1510 4999 1603 5053; x_wconf 81' lang='grc' dir='ltr'>τοῦ</span> <span class='ocrx_word' id='word_1_605' title='bbox 1648 5019 1666 5051; x_wconf 77' lang='grc' dir='ltr'><strong>ι</strong></span> <span class='ocrx_word' id='word_1_606' title='bbox 1699 5003 1789 5072; x_wconf 76' lang='grc' dir='ltr'><strong>Μὴ</strong></span> 
     </span>
    </p>
   </div>
   <div class='ocr_carea' id='block_1_84' title="bbox 172 5078 1794 5162">
    <p class='ocr_par' dir='ltr' id='par_1_84' title="bbox 172 5078 1794 5162">
     <span class='ocr_line' id='line_1_84' title="bbox 172 5078 1794 5162; baseline 0.011 -32"><span class='ocrx_word' id='word_1_607' title='bbox 172 5078 521 5154; x_wconf 67' lang='grc' dir='ltr'>διαφθείρῃς</span> <span class='ocrx_word' id='word_1_608' title='bbox 565 5101 590 5134; x_wconf 72' lang='grc' dir='ltr'><strong>ι</strong></span> <span class='ocrx_word' id='word_1_609' title='bbox 637 5083 802 5156; x_wconf 79' lang='grc' dir='ltr'>φωνὴ,</span> <span class='ocrx_word' id='word_1_610' title='bbox 834 5085 902 5154; x_wconf 73' lang='grc' dir='ltr'>ἢν</span> <span class='ocrx_word' id='word_1_611' title='bbox 937 5087 1002 5156; x_wconf 79' lang='grc' dir='ltr'>τῇ</span> <span class='ocrx_word' id='word_1_612' title='bbox 1049 5087 1234 5160; x_wconf 83' lang='grc' dir='ltr'>μνήμῃ</span> <span class='ocrx_word' id='word_1_613' title='bbox 1265 5089 1370 5143; x_wconf 87' lang='grc' dir='ltr'><strong>τῶν</strong></span> <span class='ocrx_word' id='word_1_614' title='bbox 1399 5090 1794 5162; x_wconf 77' lang='grc' dir='ltr'>ἐπιγενομένων</span> 
     </span>
    </p>
   </div>
   <div class='ocr_carea' id='block_1_85' title="bbox 176 5174 1793 5254">
    <p class='ocr_par' dir='ltr' id='par_1_85' title="bbox 176 5174 1793 5254">
     <span class='ocr_line' id='line_1_85' title="bbox 176 5174 1793 5254; baseline 0.009 -32"><span class='ocrx_word' id='word_1_615' title='bbox 176 5174 562 5246; x_wconf 70' lang='grc' dir='ltr'>ὶνπηλιτεύῃ</span> <span class='ocrx_word' id='word_1_616' title='bbox 589 5214 609 5237; x_wconf 87' lang='grc'><strong>,</strong></span> <span class='ocrx_word' id='word_1_617' title='bbox 658 5177 752 5246; x_wconf 85' lang='grc' dir='ltr'><strong>οὐχ</strong></span> <span class='ocrx_word' id='word_1_618' title='bbox 804 5177 892 5229; x_wconf 86' lang='grc' dir='ltr'>ὅτε</span> <span class='ocrx_word' id='word_1_619' title='bbox 934 5176 1158 5244; x_wconf 79' lang='grc' dir='ltr'>φιλικῶς</span> <span class='ocrx_word' id='word_1_620' title='bbox 1195 5181 1328 5254; x_wconf 84' lang='grc' dir='ltr'>πρὸς</span> <span class='ocrx_word' id='word_1_621' title='bbox 1379 5179 1541 5234; x_wconf 78' lang='grc' dir='ltr'>αὐτὸν</span> <span class='ocrx_word' id='word_1_622' title='bbox 1582 5178 1723 5252; x_wconf 77' lang='grc' dir='ltr'>εἶχεν</span> <span class='ocrx_word' id='word_1_623' title='bbox 1765 5185 1793 5236; x_wconf 93' lang='lat'><strong>6</strong></span> 
     </span>
    </p>
   </div>
   <div class='ocr_carea' id='block_1_86' title="bbox 178 5263 1797 5339">
    <p class='ocr_par' dir='ltr' id='par_1_86' title="bbox 178 5263 1797 5339">
     <span class='ocr_line' id='line_1_86' title="bbox 178 5263 1797 5339; baseline 0.011 -27"><span class='ocrx_word' id='word_1_624' title='bbox 178 5263 498 5334; x_wconf 76' lang='grc' dir='ltr'>τύραννος,</span> <span class='ocrx_word' id='word_1_625' title='bbox 559 5265 685 5318; x_wconf 77' lang='grc' dir='ltr'>ἀλλ’</span> <span class='ocrx_word' id='word_1_626' title='bbox 713 5267 814 5338; x_wconf 73' lang='grc' dir='ltr'><strong>ήδη</strong></span> <span class='ocrx_word' id='word_1_627' title='bbox 861 5269 1233 5339; x_wconf 83' lang='grc' dir='ltr'>γεγενημένων</span> <span class='ocrx_word' id='word_1_628' title='bbox 1280 5275 1529 5338; x_wconf 84' lang='grc' dir='ltr'>ἐκείνων,</span> <span class='ocrx_word' id='word_1_629' title='bbox 1577 5275 1664 5327; x_wconf 83' lang='grc' dir='ltr'>ὅτε</span> <span class='ocrx_word' id='word_1_630' title='bbox 1693 5278 1797 5329; x_wconf 80' lang='grc' dir='ltr'>ἀπ·-</span> 
     </span>
    </p>
   </div>
   <div class='ocr_carea' id='block_1_87' title="bbox 187 5356 1794 5435">
    <p class='ocr_par' dir='ltr' id='par_1_87' title="bbox 187 5356 1794 5435">
     <span class='ocr_line' id='line_1_87' title="bbox 187 5356 1794 5435; baseline 0.009 -29"><span class='ocrx_word' id='word_1_631' title='bbox 187 5357 432 5411; x_wconf 78' lang='grc' dir='ltr'>ιττειλεν</span> <span class='ocrx_word' id='word_1_632' title='bbox 464 5356 668 5412; x_wconf 74' lang='grc' dir='ltr'>Σαοὺλ</span> <span class='ocrx_word' id='word_1_633' title='bbox 692 5361 772 5422; x_wconf 88' lang='grc' dir='ltr'>εἱς</span> <span class='ocrx_word' id='word_1_634' title='bbox 822 5360 912 5412; x_wconf 84' lang='grc' dir='ltr'>τὸν</span> <span class='ocrx_word' id='word_1_635' title='bbox 942 5357 1082 5414; x_wconf 77' lang='grc' dir='ltr'>οἷκον</span> <span class='ocrx_word' id='word_1_636' title='bbox 1129 5369 1286 5435; x_wconf 70' lang='grc' dir='ltr'>αὑτοῦ</span> <span class='ocrx_word' id='word_1_637' title='bbox 1337 5368 1436 5428; x_wconf 76' lang='grc' dir='ltr'>τοῦ</span> <span class='ocrx_word' id='word_1_638' title='bbox 1493 5366 1794 5421; x_wconf 84' lang='grc' dir='ltr'>θανατῶσαι</span> 
     </span>
    </p>
   </div>
   <div class='ocr_carea' id='block_1_88' title="bbox 190 5445 1793 5556">
    <p class='ocr_par' dir='ltr' id='par_1_88' title="bbox 190 5445 1793 5556">
     <span class='ocr_line' id='line_1_88' title="bbox 190 5445 1793 5556; baseline 0.006 -58"><span class='ocrx_word' id='word_1_639' title='bbox 190 5445 373 5500; x_wconf 69' lang='grc' dir='ltr'>αὐτόν,</span> <span class='ocrx_word' id='word_1_640' title='bbox 397 5448 660 5511; x_wconf 73' lang='grc' dir='ltr'>Πάντως</span> <span class='ocrx_word' id='word_1_641' title='bbox 682 5449 738 5503; x_wconf 77' lang='grc' dir='ltr'><strong>δὲ</strong></span> <span class='ocrx_word' id='word_1_642' title='bbox 765 5451 864 5503; x_wconf 79' lang='grc' dir='ltr'><strong>οὐκ</strong></span> <span class='ocrx_word' id='word_1_643' title='bbox 882 5450 1099 5518; x_wconf 83' lang='grc' dir='ltr'>ἀγνοεῖς,</span> <span class='ocrx_word' id='word_1_644' title='bbox 1131 5463 1156 5518; x_wconf 72' lang='grc' dir='ltr'>ό</span> <span class='ocrx_word' id='word_1_645' title='bbox 1181 5465 1520 5556; x_wconf 61' lang='grc' dir='ltr'><strong>φιλομαθὴς,</strong></span> <span class='ocrx_word' id='word_1_646' title='bbox 1552 5461 1612 5512; x_wconf 77' lang='grc' dir='ltr'><strong>τὸ</strong></span> <span class='ocrx_word' id='word_1_647' title='bbox 1631 5461 1793 5532; x_wconf 82' lang='grc' dir='ltr'>μέρος</span> 
     </span>
    </p>
   </div>
   <div class='ocr_carea' id='block_1_89' title="bbox 307 5625 1444 5761">
    <p class='ocr_par' dir='ltr' id='par_1_89' title="bbox 307 5625 1444 5761">
     <span class='ocr_line' id='line_1_89' title="bbox 307 5625 1444 5761; baseline 0.052 -85"><span class='ocrx_word' id='word_1_648' title='bbox 307 5628 350 5658; x_wconf 84' lang='grc'><strong>¹⁶</strong></span> <span class='ocrx_word' id='word_1_649' title='bbox 374 5626 543 5682; x_wconf 74' lang='grc' dir='ltr'>ιἐειι.</span> <span class='ocrx_word' id='word_1_650' title='bbox 597 5641 753 5695; x_wconf 75' lang='lat' dir='ltr'><strong>um,</strong></span> <span class='ocrx_word' id='word_1_651' title='bbox 799 5627 881 5681; x_wconf 74' lang='lat' dir='ltr'><strong>ll.</strong></span> <span class='ocrx_word' id='word_1_652' title='bbox 949 5625 1263 5761; x_wconf 44' lang='lat' dir='ltr'><strong>“meg‘x”</strong></span> <span class='ocrx_word' id='word_1_653' title='bbox 1335 5659 1444 5727; x_wconf 68' lang='grc' dir='ltr'><strong>Μ’</strong></span> 
     </span>
     <span class='ocr_line' id='line_1_90' title="bbox 1269 5726 1286 5760; baseline 0.059 0"><span class='ocrx_word' id='word_1_654' title='bbox 1269 5726 1286 5760; x_wconf 74' lang='grc' dir='ltr'><strong>ι</strong></span> 
     </span>
    </p>
   </div>
   <div class='ocr_carea' id='block_1_90' title="bbox 1269 5726 1286 5760">
    <p class='ocr_par' dir='ltr' id='par_1_90' title="bbox 1269 5726 1286 5760">
     <span class='ocr_line' id='line_1_91' title="bbox 1269 5726 1286 5760; baseline 0 0"><span class='ocrx_word' id='word_1_655' title='bbox 1269 5726 1286 5760; x_wconf 80' lang='grc' dir='ltr'><strong><em>Ι</em></strong></span> 
     </span>
    </p>
   </div>
   <div class='ocr_carea' id='block_1_91' title="bbox 1818 4308 1864 4364">
    <p class='ocr_par' dir='ltr' id='par_1_91' title="bbox 1818 4308 1864 4364">
     <span class='ocr_line' id='line_1_92' title="bbox 1818 4308 1864 4364; baseline 0 0"><span class='ocrx_word' id='word_1_656' title='bbox 1818 4308 1864 4364; x_wconf 87' lang='lat' dir='ltr'><strong>D</strong></span> 
     </span>
    </p>
   </div>
   <div class='ocr_carea' id='block_1_92' title="bbox 1873 3076 3440 3148">
    <p class='ocr_par' dir='ltr' id='par_1_92' title="bbox 1873 3076 3440 3148">
     <span class='ocr_line' id='line_1_93' title="bbox 1873 3076 3440 3148; baseline 0.001 -17"><span class='ocrx_word' id='word_1_657' title='bbox 1873 3078 2019 3148; x_wconf 91' lang='lat' dir='ltr'><strong>quod</strong></span> <span class='ocrx_word' id='word_1_658' title='bbox 2064 3079 2177 3148; x_wconf 91' lang='lat' dir='ltr'><strong>jam</strong></span> <span class='ocrx_word' id='word_1_659' title='bbox 2225 3079 2414 3147; x_wconf 86' lang='lat' dir='ltr'><strong>liquet.</strong></span> <span class='ocrx_word' id='word_1_660' title='bbox 2469 3078 2607 3132; x_wconf 85' lang='lat' dir='ltr'><strong>Illud</strong></span> <span class='ocrx_word' id='word_1_661' title='bbox 2659 3093 2828 3145; x_wconf 89' lang='lat' dir='ltr'><strong>vero,</strong></span> <span class='ocrx_word' id='word_1_662' title='bbox 2871 3096 2888 3128; x_wconf 76' lang='grc' dir='ltr'><strong>ι</strong></span> <span class='ocrx_word' id='word_1_663' title='bbox 2926 3077 3004 3133; x_wconf 82' lang='lat' dir='ltr'><strong>Ne</strong></span> <span class='ocrx_word' id='word_1_664' title='bbox 3049 3076 3361 3147; x_wconf 85' lang='lat' dir='ltr'><strong>disperdas,</strong></span> <span class='ocrx_word' id='word_1_665' title='bbox 3422 3101 3440 3132; x_wconf 68' lang='grc' dir='ltr'><strong>ι</strong></span> 
     </span>
    </p>
   </div>
   <div class='ocr_carea' id='block_1_93' title="bbox 1875 3166 3443 3239">
    <p class='ocr_par' dir='ltr' id='par_1_93' title="bbox 1875 3166 3443 3239">
     <span class='ocr_line' id='line_1_94' title="bbox 1875 3166 3443 3239; baseline -0.001 -17"><span class='ocrx_word' id='word_1_666' title='bbox 1875 3169 2052 3223; x_wconf 88' lang='lat' dir='ltr'><strong>amica</strong></span> <span class='ocrx_word' id='word_1_667' title='bbox 2085 3170 2174 3224; x_wconf 90' lang='lat' dir='ltr'><strong>illa</strong></span> <span class='ocrx_word' id='word_1_668' title='bbox 2207 3180 2262 3225; x_wconf 90' lang='lat' dir='ltr'><strong>et</strong></span> <span class='ocrx_word' id='word_1_669' title='bbox 2278 3169 2529 3239; x_wconf 79' lang='lat' dir='ltr'><strong>jucunda</strong></span> <span class='ocrx_word' id='word_1_670' title='bbox 2560 3185 2666 3224; x_wconf 82' lang='lat' dir='ltr'><strong>vox</strong></span> <span class='ocrx_word' id='word_1_671' title='bbox 2699 3178 2804 3233; x_wconf 90' lang='lat' dir='ltr'><strong>est,</strong></span> <span class='ocrx_word' id='word_1_672' title='bbox 2859 3184 3075 3224; x_wconf 82' lang='lat' dir='ltr'><strong>omnem</strong></span> <span class='ocrx_word' id='word_1_673' title='bbox 3115 3166 3443 3238; x_wconf 76' lang='lat' dir='ltr'><strong>longanimi-</strong></span> 
     </span>
    </p>
   </div>
   <div class='ocr_carea' id='block_1_94' title="bbox 1876 3260 3444 3332">
    <p class='ocr_par' dir='ltr' id='par_1_94' title="bbox 1876 3260 3444 3332">
     <span class='ocr_line' id='line_1_95' title="bbox 1876 3260 3444 3332; baseline -0.003 -16"><span class='ocrx_word' id='word_1_674' title='bbox 1876 3265 2002 3317; x_wconf 88' lang='lat' dir='ltr'><strong>tatis</strong></span> <span class='ocrx_word' id='word_1_675' title='bbox 2050 3270 2104 3316; x_wconf 91' lang='lat' dir='ltr'><strong>et</strong></span> <span class='ocrx_word' id='word_1_676' title='bbox 2166 3264 2441 3332; x_wconf 58' lang='lat' dir='ltr'><strong>patientia</strong></span> <span class='ocrx_word' id='word_1_677' title='bbox 2493 3263 2878 3318; x_wconf 82' lang='lat' dir='ltr'><strong>excellentiam</strong></span> <span class='ocrx_word' id='word_1_678' title='bbox 2937 3276 3311 3332; x_wconf 81' lang='lat' dir='ltr'><strong>supergressa,</strong></span> <span class='ocrx_word' id='word_1_679' title='bbox 3355 3260 3444 3314; x_wconf 92' lang='lat' dir='ltr'><strong>cui</strong></span> 
     </span>
    </p>
   </div>
   <div class='ocr_carea' id='block_1_95' title="bbox 1880 3353 3443 3425">
    <p class='ocr_par' dir='ltr' id='par_1_95' title="bbox 1880 3353 3443 3425">
     <span class='ocr_line' id='line_1_96' title="bbox 1880 3353 3443 3425; baseline -0.002 -17"><span class='ocrx_word' id='word_1_680' title='bbox 1880 3355 2053 3424; x_wconf 88' lang='lat' dir='ltr'><strong>major</strong></span> <span class='ocrx_word' id='word_1_681' title='bbox 2085 3354 2335 3425; x_wconf 66' lang='lat' dir='ltr'><strong>quazda&#39;m</strong></span> <span class='ocrx_word' id='word_1_682' title='bbox 2363 3364 2416 3410; x_wconf 90' lang='lat' dir='ltr'><strong>et</strong></span> <span class='ocrx_word' id='word_1_683' title='bbox 2449 3355 2762 3424; x_wconf 70' lang='lat' dir='ltr'><strong>praeclarior</strong></span> <span class='ocrx_word' id='word_1_684' title='bbox 2785 3355 2890 3409; x_wconf 89' lang='lat' dir='ltr'><strong>hoc</strong></span> <span class='ocrx_word' id='word_1_685' title='bbox 2921 3355 2976 3408; x_wconf 89' lang='lat' dir='ltr'><strong>in</strong></span> <span class='ocrx_word' id='word_1_686' title='bbox 3003 3355 3123 3408; x_wconf 90' lang='lat' dir='ltr'><strong>loco</strong></span> <span class='ocrx_word' id='word_1_687' title='bbox 3147 3353 3443 3423; x_wconf 86' lang='lat' dir='ltr'><strong>subjicitur</strong></span> 
     </span>
    </p>
   </div>
   <div class='ocr_carea' id='block_1_96' title="bbox 1879 3443 3445 3517">
    <p class='ocr_par' dir='ltr' id='par_1_96' title="bbox 1879 3443 3445 3517">
     <span class='ocr_line' id='line_1_97' title="bbox 1879 3443 3445 3517; baseline -0.003 -16"><span class='ocrx_word' id='word_1_688' title='bbox 1879 3448 2051 3502; x_wconf 90' lang='lat' dir='ltr'><strong>notio.</strong></span> <span class='ocrx_word' id='word_1_689' title='bbox 2073 3447 2207 3514; x_wconf 87' lang='lat' dir='ltr'><strong>Quis</strong></span> <span class='ocrx_word' id='word_1_690' title='bbox 2226 3447 2368 3501; x_wconf 91' lang='lat' dir='ltr'><strong>enim</strong></span> <span class='ocrx_word' id='word_1_691' title='bbox 2401 3446 2615 3517; x_wconf 77' lang='lat' dir='ltr'><strong>ignorat</strong></span> <span class='ocrx_word' id='word_1_692' title='bbox 2630 3446 2951 3517; x_wconf 89' lang='lat' dir='ltr'><strong>quemlibet,</strong></span> <span class='ocrx_word' id='word_1_693' title='bbox 2979 3446 3144 3499; x_wconf 89' lang='lat' dir='ltr'><strong>etiam</strong></span> <span class='ocrx_word' id='word_1_694' title='bbox 3173 3459 3238 3498; x_wconf 82' lang='lat' dir='ltr'><strong>ex</strong></span> <span class='ocrx_word' id='word_1_695' title='bbox 3260 3443 3445 3512; x_wconf 81' lang='lat' dir='ltr'><strong>vulgo.</strong></span> 
     </span>
    </p>
   </div>
   <div class='ocr_carea' id='block_1_97' title="bbox 1881 3535 3449 3610">
    <p class='ocr_par' dir='ltr' id='par_1_97' title="bbox 1881 3535 3449 3610">
     <span class='ocr_line' id='line_1_98' title="bbox 1881 3535 3449 3610; baseline -0.002 -18"><span class='ocrx_word' id='word_1_696' title='bbox 1881 3553 2110 3610; x_wconf 91' lang='lat' dir='ltr'><strong>pronum</strong></span> <span class='ocrx_word' id='word_1_697' title='bbox 2136 3553 2258 3594; x_wconf 83' lang='lat' dir='ltr'><strong>esse</strong></span> <span class='ocrx_word' id='word_1_698' title='bbox 2282 3537 2349 3591; x_wconf 91' lang='lat' dir='ltr'><strong>ad</strong></span> <span class='ocrx_word' id='word_1_699' title='bbox 2376 3535 2642 3593; x_wconf 85' lang='lat' dir='ltr'><strong>beneficia</strong></span> <span class='ocrx_word' id='word_1_700' title='bbox 2669 3536 3001 3592; x_wconf 88' lang='lat' dir='ltr'><strong>conferenda</strong></span> <span class='ocrx_word' id='word_1_701' title='bbox 3023 3536 3153 3599; x_wconf 88' lang='lat' dir='ltr'><strong>illis,</strong></span> <span class='ocrx_word' id='word_1_702' title='bbox 3184 3549 3214 3588; x_wconf 88' lang='lat' dir='ltr'><strong>a</strong></span> <span class='ocrx_word' id='word_1_703' title='bbox 3246 3536 3449 3605; x_wconf 88' lang='lat' dir='ltr'><strong>quibus</strong></span> 
     </span>
    </p>
   </div>
   <div class='ocr_carea' id='block_1_98' title="bbox 1882 3626 3449 3698">
    <p class='ocr_par' dir='ltr' id='par_1_98' title="bbox 1882 3626 3449 3698">
     <span class='ocr_line' id='line_1_99' title="bbox 1882 3626 3449 3698; baseline -0.006 -12"><span class='ocrx_word' id='word_1_704' title='bbox 1882 3632 2020 3686; x_wconf 91' lang='lat' dir='ltr'><strong>nihil</strong></span> <span class='ocrx_word' id='word_1_705' title='bbox 2065 3630 2382 3686; x_wconf 89' lang='lat' dir='ltr'><strong>nocumenti</strong></span> <span class='ocrx_word' id='word_1_706' title='bbox 2441 3629 2690 3698; x_wconf 90' lang='lat' dir='ltr'><strong>accepit;</strong></span> <span class='ocrx_word' id='word_1_707' title='bbox 2747 3643 2890 3697; x_wconf 85' lang='lat' dir='ltr'><strong>saepe</strong></span> <span class='ocrx_word' id='word_1_708' title='bbox 2947 3642 3078 3681; x_wconf 88' lang='lat' dir='ltr'><strong>vero</strong></span> <span class='ocrx_word' id='word_1_709' title='bbox 3108 3626 3192 3680; x_wconf 92' lang='lat' dir='ltr'><strong>vel</strong></span> <span class='ocrx_word' id='word_1_710' title='bbox 3248 3627 3449 3694; x_wconf 78' lang='lat' dir='ltr'><strong>exigua</strong></span> 
     </span>
    </p>
   </div>
   <div class='ocr_carea' id='block_1_99' title="bbox 1882 3715 3446 3787">
    <p class='ocr_par' dir='ltr' id='par_1_99' title="bbox 1882 3715 3446 3787">
     <span class='ocr_line' id='line_1_100' title="bbox 1882 3715 3446 3787; baseline -0.007 -9"><span class='ocrx_word' id='word_1_711' title='bbox 1882 3722 2182 3778; x_wconf 69' lang='lat' dir='ltr'><strong>offensione</strong></span> <span class='ocrx_word' id='word_1_712' title='bbox 2230 3729 2285 3776; x_wconf 87' lang='lat' dir='ltr'><strong>et</strong></span> <span class='ocrx_word' id='word_1_713' title='bbox 2341 3720 2590 3775; x_wconf 88' lang='lat' dir='ltr'><strong>molestia</strong></span> <span class='ocrx_word' id='word_1_714' title='bbox 2616 3719 2958 3787; x_wconf 84' lang='lat' dir='ltr'><strong>interposita,</strong></span> <span class='ocrx_word' id='word_1_715' title='bbox 3005 3719 3053 3771; x_wconf 90' lang='lat' dir='ltr'><strong>is</strong></span> <span class='ocrx_word' id='word_1_716' title='bbox 3090 3715 3312 3785; x_wconf 91' lang='lat' dir='ltr'><strong>quidem</strong></span> <span class='ocrx_word' id='word_1_717' title='bbox 3349 3715 3446 3784; x_wconf 90' lang='lat' dir='ltr'><strong>qui</strong></span> 
     </span>
    </p>
   </div>
   <div class='ocr_carea' id='block_1_100' title="bbox 1883 3804 3452 3876">
    <p class='ocr_par' dir='ltr' id='par_1_100' title="bbox 1883 3804 3452 3876">
     <span class='ocr_line' id='line_1_101' title="bbox 1883 3804 3452 3876; baseline -0.008 -6"><span class='ocrx_word' id='word_1_718' title='bbox 1883 3815 2066 3871; x_wconf 89' lang='lat' dir='ltr'><strong>animo</strong></span> <span class='ocrx_word' id='word_1_719' title='bbox 2091 3810 2438 3868; x_wconf 88' lang='lat' dir='ltr'><strong>constantior</strong></span> <span class='ocrx_word' id='word_1_720' title='bbox 2463 3817 2569 3876; x_wconf 89' lang='lat' dir='ltr'><strong>est,</strong></span> <span class='ocrx_word' id='word_1_721' title='bbox 2598 3809 2876 3865; x_wconf 81' lang='lat' dir='ltr'><strong>moderate</strong></span> <span class='ocrx_word' id='word_1_722' title='bbox 2909 3807 3014 3862; x_wconf 89' lang='lat' dir='ltr'><strong>fert</strong></span> <span class='ocrx_word' id='word_1_723' title='bbox 3048 3806 3305 3876; x_wconf 78' lang='lat' dir='ltr'><strong>exiguam</strong></span> <span class='ocrx_word' id='word_1_724' title='bbox 3344 3804 3452 3858; x_wconf 84' lang='lat' dir='ltr'><strong>ali-</strong></span> 
     </span>
    </p>
   </div>
   <div class='ocr_carea' id='block_1_101' title="bbox 1884 3894 3453 3977">
    <p class='ocr_par' dir='ltr' id='par_1_101' title="bbox 1884 3894 3453 3977">
     <span class='ocr_line' id='line_1_102' title="bbox 1884 3894 3453 3977; baseline -0.008 -16"><span class='ocrx_word' id='word_1_725' title='bbox 1884 3921 2046 3977; x_wconf 88' lang='lat' dir='ltr'><strong>quam</strong></span> <span class='ocrx_word' id='word_1_726' title='bbox 2086 3903 2416 3968; x_wconf 86' lang='lat' dir='ltr'><strong>molestiam,</strong></span> <span class='ocrx_word' id='word_1_727' title='bbox 2444 3910 2499 3959; x_wconf 91' lang='lat' dir='ltr'><strong>et</strong></span> <span class='ocrx_word' id='word_1_728' title='bbox 2523 3911 2768 3973; x_wconf 87' lang='lat' dir='ltr'><strong>tempore</strong></span> <span class='ocrx_word' id='word_1_729' title='bbox 2805 3898 3183 3955; x_wconf 80' lang='lat' dir='ltr'><strong>benefaciendi</strong></span> <span class='ocrx_word' id='word_1_730' title='bbox 3222 3894 3453 3951; x_wconf 88' lang='lat' dir='ltr'><strong>minime</strong></span> 
     </span>
    </p>
   </div>
   <div class='ocr_carea' id='block_1_102' title="bbox 1888 3990 3456 4064">
    <p class='ocr_par' dir='ltr' id='par_1_102' title="bbox 1888 3990 3456 4064">
     <span class='ocr_line' id='line_1_103' title="bbox 1888 3990 3456 4064; baseline -0.009 -10"><span class='ocrx_word' id='word_1_731' title='bbox 1888 3997 2227 4058; x_wconf 85' lang='lat' dir='ltr'><strong>intermittit,</strong></span> <span class='ocrx_word' id='word_1_732' title='bbox 2251 4009 2362 4064; x_wconf 90' lang='lat' dir='ltr'><strong>quo</strong></span> <span class='ocrx_word' id='word_1_733' title='bbox 2394 3995 2577 4049; x_wconf 91' lang='lat' dir='ltr'><strong>minus</strong></span> <span class='ocrx_word' id='word_1_734' title='bbox 2605 3993 2878 4064; x_wconf 74' lang='lat' dir='ltr'><strong>benignus</strong></span> <span class='ocrx_word' id='word_1_735' title='bbox 2911 3992 2983 4046; x_wconf 92' lang='lat' dir='ltr'><strong>sit</strong></span> <span class='ocrx_word' id='word_1_736' title='bbox 3012 3990 3067 4045; x_wconf 91' lang='lat' dir='ltr'><strong>in</strong></span> <span class='ocrx_word' id='word_1_737' title='bbox 3094 4005 3244 4056; x_wconf 90' lang='lat' dir='ltr'><strong>eum,</strong></span> <span class='ocrx_word' id='word_1_738' title='bbox 3289 4004 3319 4042; x_wconf 87' lang='lat' dir='ltr'><strong>a</strong></span> <span class='ocrx_word' id='word_1_739' title='bbox 3344 4001 3456 4057; x_wconf 86' lang='lat' dir='ltr'><strong>quo</strong></span> 
     </span>
    </p>
   </div>
   <div class='ocr_carea' id='block_1_103' title="bbox 1888 4077 3457 4173">
    <p class='ocr_par' dir='ltr' id='par_1_103' title="bbox 1888 4077 3457 4173">
     <span class='ocr_line' id='line_1_104' title="bbox 1888 4077 3457 4173; baseline -0.007 -31"><span class='ocrx_word' id='word_1_740' title='bbox 1888 4085 2139 4142; x_wconf 89' lang='lat' dir='ltr'><strong>nonnihil</strong></span> <span class='ocrx_word' id='word_1_741' title='bbox 2166 4083 2426 4140; x_wconf 80' lang='lat' dir='ltr'><strong>moleSIiae</strong></span> <span class='ocrx_word' id='word_1_742' title='bbox 2457 4082 2672 4152; x_wconf 80' lang='lat' dir='ltr'><strong>accepit</strong></span> <span class='ocrx_word' id='word_1_743' title='bbox 2711 4100 2724 4135; x_wconf 90' lang='lat'>:</span> <span class='ocrx_word' id='word_1_744' title='bbox 2759 4090 2814 4135; x_wconf 88' lang='lat' dir='ltr'><strong>at</strong></span> <span class='ocrx_word' id='word_1_745' title='bbox 2845 4081 2943 4151; x_wconf 89' lang='lat' dir='ltr'><strong>qui</strong></span> <span class='ocrx_word' id='word_1_746' title='bbox 2978 4080 3164 4135; x_wconf 84' lang='lat' dir='ltr'><strong>animo</strong></span> <span class='ocrx_word' id='word_1_747' title='bbox 3195 4089 3279 4134; x_wconf 91' lang='lat' dir='ltr'><strong>est</strong></span> <span class='ocrx_word' id='word_1_748' title='bbox 3301 4077 3457 4173; x_wconf 64' lang='lat' dir='ltr'><strong>.abje-</strong></span> 
     </span>
    </p>
   </div>
   <div class='ocr_carea' id='block_1_104' title="bbox 1887 4168 3453 4242">
    <p class='ocr_par' dir='ltr' id='par_1_104' title="bbox 1887 4168 3453 4242">
     <span class='ocr_line' id='line_1_105' title="bbox 1887 4168 3453 4242; baseline -0.007 -9"><span class='ocrx_word' id='word_1_749' title='bbox 1887 4187 1976 4234; x_wconf 81' lang='grc' dir='ltr'>οιο</span> <span class='ocrx_word' id='word_1_750' title='bbox 2006 4186 2060 4234; x_wconf 91' lang='lat' dir='ltr'><strong>et</strong></span> <span class='ocrx_word' id='word_1_751' title='bbox 2083 4176 2299 4242; x_wconf 86' lang='lat' dir='ltr'><strong>humili,</strong></span> <span class='ocrx_word' id='word_1_752' title='bbox 2326 4175 2457 4232; x_wconf 88' lang='lat' dir='ltr'><strong>licet</strong></span> <span class='ocrx_word' id='word_1_753' title='bbox 2487 4175 2786 4236; x_wconf 90' lang='lat' dir='ltr'><strong>modicum,</strong></span> <span class='ocrx_word' id='word_1_754' title='bbox 2833 4171 2982 4242; x_wconf 90' lang='lat' dir='ltr'><strong>quod</strong></span> <span class='ocrx_word' id='word_1_755' title='bbox 3017 4171 3218 4233; x_wconf 89' lang='lat' dir='ltr'><strong>irritat,</strong></span> <span class='ocrx_word' id='word_1_756' title='bbox 3264 4168 3453 4230; x_wconf 78' lang='lat' dir='ltr'><strong>fuerit.</strong></span> 
     </span>
    </p>
   </div>
   <div class='ocr_carea' id='block_1_105' title="bbox 1890 4258 3457 4323">
    <p class='ocr_par' dir='ltr' id='par_1_105' title="bbox 1890 4258 3457 4323">
     <span class='ocr_line' id='line_1_106' title="bbox 1890 4258 3457 4323; baseline -0.01 0"><span class='ocrx_word' id='word_1_757' title='bbox 1890 4281 2082 4323; x_wconf 82' lang='lat' dir='ltr'><strong>omnes</strong></span> <span class='ocrx_word' id='word_1_758' title='bbox 2108 4266 2280 4320; x_wconf 88' lang='lat' dir='ltr'><strong>furori</strong></span> <span class='ocrx_word' id='word_1_759' title='bbox 2313 4267 2380 4318; x_wconf 90' lang='lat' dir='ltr'><strong>ad</strong></span> <span class='ocrx_word' id='word_1_760' title='bbox 2411 4261 2786 4319; x_wconf 91' lang='lat' dir='ltr'><strong>ulciscendum</strong></span> <span class='ocrx_word' id='word_1_761' title='bbox 2819 4261 3061 4316; x_wconf 86' lang='lat' dir='ltr'><strong>habenas</strong></span> <span class='ocrx_word' id='word_1_762' title='bbox 3088 4261 3254 4323; x_wconf 87' lang='lat' dir='ltr'><strong>laxat,</strong></span> <span class='ocrx_word' id='word_1_763' title='bbox 3277 4258 3457 4314; x_wconf 86' lang='lat' dir='ltr'><strong>oblata</strong></span> 
     </span>
    </p>
   </div>
   <div class='ocr_carea' id='block_1_106' title="bbox 1895 4351 3461 4426">
    <p class='ocr_par' dir='ltr' id='par_1_106' title="bbox 1895 4351 3461 4426">
     <span class='ocr_line' id='line_1_107' title="bbox 1895 4351 3461 4426; baseline -0.007 -14"><span class='ocrx_word' id='word_1_764' title='bbox 1895 4358 2021 4412; x_wconf 84' lang='lat' dir='ltr'><strong>mali</strong></span> <span class='ocrx_word' id='word_1_765' title='bbox 2051 4356 2382 4426; x_wconf 89' lang='lat' dir='ltr'><strong>rependendi</strong></span> <span class='ocrx_word' id='word_1_766' title='bbox 2409 4353 2834 4425; x_wconf 87' lang='lat' dir='ltr'><strong>opportunitate.</strong></span> <span class='ocrx_word' id='word_1_767' title='bbox 2849 4351 3120 4418; x_wconf 81' lang='lat' dir='ltr'><strong>Quocirca</strong></span> <span class='ocrx_word' id='word_1_768' title='bbox 3145 4365 3255 4403; x_wconf 88' lang='lat' dir='ltr'><strong>non</strong></span> <span class='ocrx_word' id='word_1_769' title='bbox 3277 4363 3461 4417; x_wconf 43' lang='lat' dir='ltr'><strong>aequa.</strong></span> 
     </span>
    </p>
   </div>
   <div class='ocr_carea' id='block_1_107' title="bbox 1895 4440 3460 4515">
    <p class='ocr_par' dir='ltr' id='par_1_107' title="bbox 1895 4440 3460 4515">
     <span class='ocr_line' id='line_1_108' title="bbox 1895 4440 3460 4515; baseline -0.007 -13"><span class='ocrx_word' id='word_1_770' title='bbox 1895 4449 1964 4503; x_wconf 90' lang='lat' dir='ltr'><strong>lis</strong></span> <span class='ocrx_word' id='word_1_771' title='bbox 1993 4447 2308 4511; x_wconf 85' lang='lat' dir='ltr'><strong>admiratio,</strong></span> <span class='ocrx_word' id='word_1_772' title='bbox 2352 4460 2530 4515; x_wconf 88' lang='lat' dir='ltr'><strong>neque</strong></span> <span class='ocrx_word' id='word_1_773' title='bbox 2564 4459 2659 4515; x_wconf 91' lang='lat' dir='ltr'><strong>per</strong></span> <span class='ocrx_word' id='word_1_774' title='bbox 2699 4443 3045 4499; x_wconf 82' lang='lat' dir='ltr'><strong>benefactum</strong></span> <span class='ocrx_word' id='word_1_775' title='bbox 3090 4440 3460 4512; x_wconf 87' lang='lat' dir='ltr'><strong>reputabitur,</strong></span> 
     </span>
    </p>
   </div>
   <div class='ocr_carea' id='block_1_108' title="bbox 1895 4535 3462 4610">
    <p class='ocr_par' dir='ltr' id='par_1_108' title="bbox 1895 4535 3462 4610">
     <span class='ocr_line' id='line_1_109' title="bbox 1895 4535 3462 4610; baseline -0.008 -14"><span class='ocrx_word' id='word_1_776' title='bbox 1895 4547 2146 4610; x_wconf 69' lang='lat' dir='ltr'><strong>respectu</strong></span> <span class='ocrx_word' id='word_1_777' title='bbox 2175 4539 2296 4608; x_wconf 89' lang='lat' dir='ltr'><strong>ejus</strong></span> <span class='ocrx_word' id='word_1_778' title='bbox 2324 4538 2418 4607; x_wconf 90' lang='lat' dir='ltr'><strong>qui</strong></span> <span class='ocrx_word' id='word_1_779' title='bbox 2448 4537 2585 4591; x_wconf 90' lang='lat' dir='ltr'><strong>nihil</strong></span> <span class='ocrx_word' id='word_1_780' title='bbox 2609 4535 2806 4591; x_wconf 91' lang='lat' dir='ltr'><strong>hostile</strong></span> <span class='ocrx_word' id='word_1_781' title='bbox 2825 4543 2984 4589; x_wconf 83' lang='lat' dir='ltr'><strong>antea</strong></span> <span class='ocrx_word' id='word_1_782' title='bbox 3000 4548 3220 4604; x_wconf 87' lang='lat' dir='ltr'><strong>passus,</strong></span> <span class='ocrx_word' id='word_1_783' title='bbox 3241 4540 3294 4587; x_wconf 91' lang='lat' dir='ltr'><strong>et</strong></span> <span class='ocrx_word' id='word_1_784' title='bbox 3312 4546 3462 4585; x_wconf 92' lang='lat' dir='ltr'><strong>com-</strong></span> 
     </span>
    </p>
   </div>
   <div class='ocr_carea' id='block_1_109' title="bbox 1893 4622 3464 4702">
    <p class='ocr_par' dir='ltr' id='par_1_109' title="bbox 1893 4622 3464 4702">
     <span class='ocr_line' id='line_1_110' title="bbox 1893 4622 3464 4702; baseline -0.006 -17"><span class='ocrx_word' id='word_1_785' title='bbox 1893 4632 2180 4702; x_wconf 87' lang='lat' dir='ltr'><strong>paratione</strong></span> <span class='ocrx_word' id='word_1_786' title='bbox 2203 4629 2322 4700; x_wconf 86' lang='lat' dir='ltr'><strong>ejus</strong></span> <span class='ocrx_word' id='word_1_787' title='bbox 2353 4628 2446 4698; x_wconf 91' lang='lat' dir='ltr'><strong>qui</strong></span> <span class='ocrx_word' id='word_1_788' title='bbox 2480 4629 2621 4682; x_wconf 85' lang='lat' dir='ltr'><strong>male</strong></span> <span class='ocrx_word' id='word_1_789' title='bbox 2648 4627 2718 4684; x_wconf 90' lang='lat' dir='ltr'><strong>de</strong></span> <span class='ocrx_word' id='word_1_790' title='bbox 2754 4642 2816 4683; x_wconf 89' lang='lat' dir='ltr'><strong>se</strong></span> <span class='ocrx_word' id='word_1_791' title='bbox 2858 4627 3114 4682; x_wconf 89' lang='lat' dir='ltr'><strong>meritum</strong></span> <span class='ocrx_word' id='word_1_792' title='bbox 3161 4622 3464 4679; x_wconf 81' lang='lat' dir='ltr'><strong>benefactis</strong></span> 
     </span>
    </p>
   </div>
   <div class='ocr_carea' id='block_1_110' title="bbox 1897 4716 3467 4790">
    <p class='ocr_par' dir='ltr' id='par_1_110' title="bbox 1897 4716 3467 4790">
     <span class='ocr_line' id='line_1_111' title="bbox 1897 4716 3467 4790; baseline -0.008 -14"><span class='ocrx_word' id='word_1_793' title='bbox 1897 4729 2232 4776; x_wconf 86' lang='lat' dir='ltr'><strong>remunerat.</strong></span> <span class='ocrx_word' id='word_1_794' title='bbox 2267 4719 2444 4789; x_wconf 83' lang='lat' dir='ltr'><strong>Hujus</strong></span> <span class='ocrx_word' id='word_1_795' title='bbox 2492 4719 2688 4790; x_wconf 77' lang='lat' dir='ltr'><strong>gratia,</strong></span> <span class='ocrx_word' id='word_1_796' title='bbox 2718 4726 2780 4772; x_wconf 92' lang='lat' dir='ltr'><strong>ut</strong></span> <span class='ocrx_word' id='word_1_797' title='bbox 2837 4717 3076 4771; x_wconf 86' lang='lat' dir='ltr'><strong>maxime</strong></span> <span class='ocrx_word' id='word_1_798' title='bbox 3123 4716 3467 4783; x_wconf 87' lang='lat' dir='ltr'><strong>incompara-</strong></span> 
     </span>
    </p>
   </div>
   <div class='ocr_carea' id='block_1_111' title="bbox 1894 4805 3465 4879">
    <p class='ocr_par' dir='ltr' id='par_1_111' title="bbox 1894 4805 3465 4879">
     <span class='ocr_line' id='line_1_112' title="bbox 1894 4805 3465 4879; baseline -0.009 -9"><span class='ocrx_word' id='word_1_799' title='bbox 1894 4813 2057 4870; x_wconf 88' lang='lat' dir='ltr'><strong>bilem</strong></span> <span class='ocrx_word' id='word_1_800' title='bbox 2086 4820 2140 4869; x_wconf 89' lang='lat' dir='ltr'><strong>et</strong></span> <span class='ocrx_word' id='word_1_801' title='bbox 2179 4813 2562 4868; x_wconf 85' lang='lat' dir='ltr'><strong>inimitabilem</strong></span> <span class='ocrx_word' id='word_1_802' title='bbox 2598 4809 2820 4864; x_wconf 87' lang='lat' dir='ltr'><strong>Davidis</strong></span> <span class='ocrx_word' id='word_1_803' title='bbox 2856 4807 3182 4879; x_wconf 89' lang='lat' dir='ltr'><strong>patientiam</strong></span> <span class='ocrx_word' id='word_1_804' title='bbox 3212 4811 3264 4860; x_wconf 90' lang='lat' dir='ltr'><strong>et</strong></span> <span class='ocrx_word' id='word_1_805' title='bbox 3297 4805 3465 4858; x_wconf 89' lang='lat' dir='ltr'><strong>animi</strong></span> 
     </span>
    </p>
   </div>
   <div class='ocr_carea' id='block_1_112' title="bbox 1895 4897 3467 4973">
    <p class='ocr_par' dir='ltr' id='par_1_112' title="bbox 1895 4897 3467 4973">
     <span class='ocr_line' id='line_1_113' title="bbox 1895 4897 3467 4973; baseline -0.008 -12"><span class='ocrx_word' id='word_1_806' title='bbox 1895 4906 2328 4962; x_wconf 87' lang='lat' dir='ltr'><strong>moderationem</strong></span> <span class='ocrx_word' id='word_1_807' title='bbox 2353 4903 2627 4968; x_wconf 88' lang='lat' dir='ltr'><strong>ostendat,</strong></span> <span class='ocrx_word' id='word_1_808' title='bbox 2688 4917 2809 4973; x_wconf 78' lang='lat' dir='ltr'><strong>qua:</strong></span> <span class='ocrx_word' id='word_1_809' title='bbox 2861 4915 3054 4970; x_wconf 89' lang='lat' dir='ltr'><strong>parum</strong></span> <span class='ocrx_word' id='word_1_810' title='bbox 3104 4899 3280 4962; x_wconf 90' lang='lat' dir='ltr'><strong>abest,</strong></span> <span class='ocrx_word' id='word_1_811' title='bbox 3333 4897 3467 4966; x_wconf 88' lang='lat' dir='ltr'><strong>quin</strong></span> 
     </span>
    </p>
   </div>
   <div class='ocr_carea' id='block_1_113' title="bbox 1897 4991 3467 5072">
    <p class='ocr_par' dir='ltr' id='par_1_113' title="bbox 1897 4991 3467 5072">
     <span class='ocr_line' id='line_1_114' title="bbox 1897 4991 3467 5072; baseline -0.013 -14"><span class='ocrx_word' id='word_1_812' title='bbox 1897 5002 2077 5072; x_wconf 89' lang='lat' dir='ltr'><strong>ipsum</strong></span> <span class='ocrx_word' id='word_1_813' title='bbox 2112 5000 2310 5055; x_wconf 75' lang='lat' dir='ltr'><strong>divina:</strong></span> <span class='ocrx_word' id='word_1_814' title='bbox 2356 5006 2590 5060; x_wconf 77' lang='lat' dir='ltr'><strong>naturae,</strong></span> <span class='ocrx_word' id='word_1_815' title='bbox 2642 4993 2823 5048; x_wconf 87' lang='lat' dir='ltr'><strong>omnis</strong></span> <span class='ocrx_word' id='word_1_816' title='bbox 2867 4991 3144 5062; x_wconf 89' lang='lat' dir='ltr'><strong>passionis</strong></span> <span class='ocrx_word' id='word_1_817' title='bbox 3193 4998 3467 5058; x_wconf 73' lang='lat' dir='ltr'><strong>expertem</strong></span> 
     </span>
    </p>
   </div>
   <div class='ocr_carea' id='block_1_114' title="bbox 1897 5079 3466 5155">
    <p class='ocr_par' dir='ltr' id='par_1_114' title="bbox 1897 5079 3466 5155">
     <span class='ocr_line' id='line_1_115' title="bbox 1897 5079 3466 5155; baseline -0.011 -7"><span class='ocrx_word' id='word_1_818' title='bbox 1897 5101 2098 5149; x_wconf 86' lang='lat' dir='ltr'><strong>statum</strong></span> <span class='ocrx_word' id='word_1_819' title='bbox 2143 5092 2420 5155; x_wconf 88' lang='lat' dir='ltr'><strong>imitetur,</strong></span> <span class='ocrx_word' id='word_1_820' title='bbox 2447 5088 2519 5143; x_wconf 91' lang='lat' dir='ltr'><strong>ob</strong></span> <span class='ocrx_word' id='word_1_821' title='bbox 2541 5087 2734 5141; x_wconf 87' lang='lat' dir='ltr'><strong>oculos</strong></span> <span class='ocrx_word' id='word_1_822' title='bbox 2780 5085 2934 5154; x_wconf 91' lang='lat' dir='ltr'><strong>ponit</strong></span> <span class='ocrx_word' id='word_1_823' title='bbox 2975 5081 3276 5151; x_wconf 89' lang='lat' dir='ltr'><strong>improbam</strong></span> <span class='ocrx_word' id='word_1_824' title='bbox 3318 5079 3466 5132; x_wconf 90' lang='lat' dir='ltr'><strong>illam</strong></span> 
     </span>
    </p>
   </div>
   <div class='ocr_carea' id='block_1_115' title="bbox 1907 5169 3470 5244">
    <p class='ocr_par' dir='ltr' id='par_1_115' title="bbox 1907 5169 3470 5244">
     <span class='ocr_line' id='line_1_116' title="bbox 1907 5169 3470 5244; baseline -0.015 -2"><span class='ocrx_word' id='word_1_825' title='bbox 1907 5186 2094 5242; x_wconf 84' lang='lat' dir='ltr'><strong>Saulis</strong></span> <span class='ocrx_word' id='word_1_826' title='bbox 2141 5183 2470 5240; x_wconf 81' lang='lat' dir='ltr'><strong>insaniam“</strong></span> <span class='ocrx_word' id='word_1_827' title='bbox 2510 5223 2522 5234; x_wconf 94' lang='lat'><strong>.</strong></span> <span class='ocrx_word' id='word_1_828' title='bbox 2559 5179 2710 5233; x_wconf 87' lang='lat' dir='ltr'><strong>Dicta</strong></span> <span class='ocrx_word' id='word_1_829' title='bbox 2738 5184 2822 5234; x_wconf 88' lang='lat' dir='ltr'><strong>est</strong></span> <span class='ocrx_word' id='word_1_830' title='bbox 2852 5176 3023 5240; x_wconf 91' lang='lat' dir='ltr'><strong>enim,</strong></span> <span class='ocrx_word' id='word_1_831' title='bbox 3050 5173 3248 5244; x_wconf 91' lang='lat' dir='ltr'><strong>inquit,</strong></span> <span class='ocrx_word' id='word_1_832' title='bbox 3300 5185 3329 5222; x_wconf 90' lang='lat' dir='ltr'><strong>a</strong></span> <span class='ocrx_word' id='word_1_833' title='bbox 3364 5169 3470 5219; x_wconf 82' lang='lat' dir='ltr'><strong>Dn-</strong></span> 
     </span>
    </p>
   </div>
   <div class='ocr_carea' id='block_1_116' title="bbox 1902 5257 3472 5338">
    <p class='ocr_par' dir='ltr' id='par_1_116' title="bbox 1902 5257 3472 5338">
     <span class='ocr_line' id='line_1_117' title="bbox 1902 5257 3472 5338; baseline -0.013 -8"><span class='ocrx_word' id='word_1_834' title='bbox 1902 5276 2032 5331; x_wconf 71' lang='lat' dir='ltr'><strong>vide</strong></span> <span class='ocrx_word' id='word_1_835' title='bbox 2079 5275 2169 5328; x_wconf 83' lang='lat' dir='ltr'><strong>illa</strong></span> <span class='ocrx_word' id='word_1_836' title='bbox 2219 5288 2323 5328; x_wconf 86' lang='lat' dir='ltr'><strong>vox</strong></span> <span class='ocrx_word' id='word_1_837' title='bbox 2362 5289 2423 5326; x_wconf 74' lang='grc' dir='ltr'><strong>ει</strong></span> <span class='ocrx_word' id='word_1_838' title='bbox 2451 5269 2528 5326; x_wconf 87' lang='lat' dir='ltr'><strong>Ne</strong></span> <span class='ocrx_word' id='word_1_839' title='bbox 2575 5264 2892 5338; x_wconf 81' lang='lat' dir='ltr'><strong>dispe&#39;rdas;</strong></span> <span class='ocrx_word' id='word_1_840' title='bbox 2923 5285 2942 5316; x_wconf 84' lang='grc'><strong>›</strong></span> <span class='ocrx_word' id='word_1_841' title='bbox 2988 5277 3148 5333; x_wconf 90' lang='lat' dir='ltr'><strong>quam</strong></span> <span class='ocrx_word' id='word_1_842' title='bbox 3195 5257 3472 5314; x_wconf 67' lang='lat' dir='ltr'><strong>memoria:</strong></span> 
     </span>
    </p>
   </div>
   <div class='ocr_carea' id='block_1_117' title="bbox 1903 5351 3468 5438">
    <p class='ocr_par' dir='ltr' id='par_1_117' title="bbox 1903 5351 3468 5438">
     <span class='ocr_line' id='line_1_118' title="bbox 1903 5351 3468 5438; baseline -0.015 -15"><span class='ocrx_word' id='word_1_843' title='bbox 1903 5366 2245 5438; x_wconf 85' lang='lat' dir='ltr'><strong>posteritatis</strong></span> <span class='ocrx_word' id='word_1_844' title='bbox 2278 5361 2593 5431; x_wconf 87' lang='lat' dir='ltr'><strong>insculpsit,</strong></span> <span class='ocrx_word' id='word_1_845' title='bbox 2659 5373 2766 5412; x_wconf 92' lang='lat' dir='ltr'><strong>non</strong></span> <span class='ocrx_word' id='word_1_846' title='bbox 2797 5355 3018 5426; x_wconf 87' lang='lat' dir='ltr'><strong>quando</strong></span> <span class='ocrx_word' id='word_1_847' title='bbox 3064 5368 3186 5407; x_wconf 79' lang='lat' dir='ltr'><strong>cum</strong></span> <span class='ocrx_word' id='word_1_848' title='bbox 3232 5351 3468 5404; x_wconf 74' lang='lat' dir='ltr'><strong>benevo-</strong></span> 
     </span>
    </p>
   </div>
   <div class='ocr_carea' id='block_1_118' title="bbox 1905 5437 3468 5527">
    <p class='ocr_par' dir='ltr' id='par_1_118' title="bbox 1905 5437 3468 5527">
     <span class='ocr_line' id='line_1_119' title="bbox 1905 5437 3468 5527; baseline -0.016 -14"><span class='ocrx_word' id='word_1_849' title='bbox 1905 5437 2070 5517; x_wconf 87' lang='lat' dir='ltr'><strong>lentia</strong></span> <span class='ocrx_word' id='word_1_850' title='bbox 2117 5455 2552 5527; x_wconf 87' lang='lat' dir='ltr'><strong>prosequebatur</strong></span> <span class='ocrx_word' id='word_1_851' title='bbox 2607 5459 2897 5522; x_wconf 75' lang='lat' dir='ltr'><strong>tyrannus,</strong></span> <span class='ocrx_word' id='word_1_852' title='bbox 2947 5446 3039 5502; x_wconf 90' lang='lat' dir='ltr'><strong>sed</strong></span> <span class='ocrx_word' id='word_1_853' title='bbox 3090 5442 3303 5499; x_wconf 86' lang='lat' dir='ltr'><strong>sublata</strong></span> <span class='ocrx_word' id='word_1_854' title='bbox 3359 5437 3468 5506; x_wconf 85' lang='lat' dir='ltr'><strong>jam</strong></span> 
     </span>
    </p>
   </div>
  </div>
