4018 6334
586 307 692 361 599

583 417 736 474 omni
787 417 1050 480 amicitia,
1105 427 1390 489 postquam
1453 423 1598 478 misit
1657 423 1786 479 Saul
1827 426 1880 479 in
1933 426 2155 481 domum
2186 434 2232 487 Α

533 523 544 535 ί
583 511 727 575 ejus,
763 515 823 562 ut
858 508 1277 564 interficeretur.
1335 511 1570 567 Omnino
1609 522 1790 568 autem
1825 514 2010 585 ignota
2059 514 2155 569 tibi

588 614 695 654 non
727 607 836 664 est,
865 601 1118 670 quisquis
1166 602 1413 658 discendi
1466 605 1702 675 cupidus
1756 623 1835 671 es,
1886 622 2016 680 pars
2065 607 2157 660 illa

587 693 854 752 historiae,
887 708 1006 763 quae
1036 694 1104 747 ab
1139 693 1497 764 inscriptione
1525 699 1860 765 insinuatur,
1884 700 2160 769 quomodo

591 792 880 856 postquam
934 786 1067 841 Saul
1123 803 1152 840 a
1189 788 1332 842 maio
1369 789 1567 859 spiritu
1630 801 1904 860 arreptus,
1957 789 2160 843 Davide

586 877 834 933 Psalterii
873 885 1039 933 cantu
1077 879 1445 934 turbationem
1503 897 1570 936 ex
1609 880 1806 936 aﬂeclu
1841 882 1934 934 illo
1957 889 2156 944 ortam,

587 969 834 1031 seda‘nte,
869 971 1112 1026 lanceam
1143 973 1303 1041 juxta
1338 989 1396 1027 se
1430 971 1570 1028 forte
1602 973 1860 1043 positam,
1897 974 1950 1026 in
1990 973 2156 1027 bene.

587 1059 852 1112 factorem
888 1075 1046 1114 suum
1086 1062 1333 1128 vibrarit,
1370 1062 1577 1118 directa
1621 1063 1676 1117 in
1710 1063 1862 1117 illum
1906 1060 2158 1132 cuspide,

587 1166 712 1203 cum
739 1151 829 1206 ille
857 1164 1049 1219 autem,
1088 1153 1274 1208 divina
1315 1170 1416 1225 ope
1461 1163 1719 1210 conatum
1770 1155 1920 1209 illum
1961 1155 2164 1209 evitas-

589 1248 692 1302 set,
716 1241 986 1311 profunde
1044 1244 1097 1299 in
1151 1260 1366 1300 murum
1427 1247 1697 1317 impactus
1755 1255 1838 1301 est
1883 1245 2163 1308 mucronis

599 1332 854 1402 impetus,
877 1334 972 1389 illo
1010 1335 1065 1390 in
1092 1337 1341 1406 proprias
1374 1337 1517 1392 aedes
1544 1338 1887 1410 dilfugientc.
1921 1353 2045 1391 cum
2080 1327 2190 1391 re?

593 1421 677 1490 gis
707 1420 843 1474 iram
875 1432 1152 1492 sperasset
1167 1439 1262 1493 per
1280 1425 1662 1494 paenitentiam
1685 1428 2032 1481 iu'imutatum
2066 1425 2158 1478 iri.

661 1509 731 1566 At
773 1529 894 1568 cum
924 1515 1054 1568 Saul
1086 1517 1325 1587 undique
1354 1519 1576 1572 domum
1615 1518 1834 1574 Davidis
1861 1519 2166 1574 circumde-

591 1602 784 1665 disset,
846 1604 1284 1676 satellitibusque
1342 1614 1397 1660 et
1453 1607 1740 1662 lictoribus
1789 1608 1988 1662 caedem
2045 1607 2166 1676 ejus

595 1696 939 1762 imperasset,
963 1697 1051 1751 vix
1089 1713 1185 1767 per
1219 1696 1511 1753 fenestram
1542 1700 1804 1769 dejiciens
1838 1702 2077 1769 seipsum
2110 1699 2165 1752 in
2203 1702 2211 1708 ’

592 1786 900 1856 subjectum
931 1788 1132 1855 locum,
1165 1789 1470 1860 fallensque
1508 1793 1836 1858 custodiam,
1861 1791 2163 1862 periculum
2199 1769 2240 1824 Β

593 1879 789 1945 evasit,
841 1878 1078 1949 indeque
1123 1880 1406 1951 digressus
1442 1882 1602 1937 modo
1634 1885 1780 1937 hunc
1812 1883 1971 1937 modo
2014 1883 2194 1935 illum

595 1973 777 2026 locum
820 1973 1060 2042 petebat,
1108 1973 1374 2028 oberrans
1405 1987 1516 2042 pra:
1549 1973 1767 2027 consilii
1804 1973 1985 2041 inopia
2028 1972 2168 2026 inter

593 2070 756 2118 notos
789 2071 843 2118 et
869 2061 1192 2129 familiares,
1240 2063 1571 2133 tandemque
1614 2063 1991 2133 deprehensus
2024 2069 2109 2118 est
2137 2078 2167 2116 a

596 2156 795 2220 Saule;
839 2168 964 2208 cum
1007 2154 1201 2208 collem
1239 2162 1354 2209 toto
1392 2156 1636 2210 exercitu
1675 2155 2164 2219 circumvallasset,

595 2247 652 2302 in
685 2261 845 2318 quem
874 2260 998 2300 eum
1034 2245 1150 2300 suis
1181 2245 1351 2301 David
1382 2259 1442 2300 se
1465 2252 1767 2315 receperat,
1799 2259 2032 2316 cumque
2059 2261 2161 2299 nox

595 2338 914 2392 dilationem
960 2338 1025 2391 ad
1066 2336 1346 2390 interitum
1385 2337 1628 2394 dedisset
1669 2337 1980 2408 (distulerat
2022 2339 2166 2394 enim

598 2428 734 2482 Saul
765 2443 953 2485 necem
985 2429 1125 2498 ejus,
1157 2443 1318 2499 quem
1343 2433 1776 2500 persequebatur
1800 2430 1856 2485 in
1889 2438 2167 2500 posterum

598 2518 791 2590 diem).
824 2519 1132 2590 ingreditur
1170 2520 1470 2574 tentorium
1505 2521 1680 2576 hostis
1710 2523 1818 2585 sui,
1849 2537 2009 2591 quem
2044 2535 2168 2574 cum

599 2623 794 2663 somno
844 2608 1082 2679 sepitum
1127 2609 1180 2663 in
1219 2609 1362 2665 lecto
1405 2610 1640 2680 quodam
1694 2611 2167 2682 deprehendisset,

601 2713 710 2753 non
739 2699 914 2754 solum
945 2700 1218 2754 continuit
1265 2701 1542 2770 propriam
1589 2716 1831 2764 manum,
1874 2717 2170 2772 pr0peran-

600 2801 708 2847 tem
746 2790 1019 2857 fortassis,
1058 2800 1117 2847 ut
1163 2793 1257 2848 irae
1311 2792 1617 2864 indulgeret
1657 2802 1711 2848 et
1753 2794 2168 2865 obsequeretur,

601 2883 695 2938 sed
726 2893 775 2939 et
803 2884 1129 2955 armigerum
1157 2885 1384 2955 jamjam
1440 2886 1504 2940 ad
1527 2885 1917 2942 trucidandum
1953 2886 2170 2943 Saulem

602 2976 952 3034 festinantem
995 2980 1064 3049 (ι
1098 2977 1408 3032 Percutiam
1455 2995 1601 3045 cum,
1637 2998 1655 3031 ι
1711 2980 1908 3049 inquit,
1948 3000 1965 3032 ι
1998 2989 2051 3034 et
2085 2996 2174 3036 se-

599 3067 778 3123 cunda
803 3069 920 3124 vice
942 3083 1080 3138 opus
1113 3083 1222 3122 non
1251 3069 1353 3122 erit
1390 3089 1406 3120 ι
1438 3068 1455 3138 )
1486 3068 1707 3122 abducit
1734 3070 1801 3124 ab
1827 3070 1921 3123 illo
1945 3070 2170 3139 impetu,

603 3161 813 3230 adjecta
853 3160 1053 3230 insigni
1095 3160 1185 3214 illa
1215 3167 1268 3214 et
1298 3159 1508 3232 ubique.
1530 3160 1821 3214 decantata
1844 3176 1976 3215 voce
2004 3179 2016 3215 :
2048 3179 2065 3210 ε
2095 3159 2174 3214 Ne

603 3249 890 3320 d—isperdas
919 3266 1068 3316 eum,
1107 3269 1125 3302 ι
1159 3251 1252 3320 qui
1303 3267 1404 3305 nos
1433 3250 1749 3320 disperdere
1777 3258 1928 3305 tanto
1975 3257 2174 3303 conatu

601 3345 848 3401 molitur.
882 3344 1069 3415 Neque
1101 3345 1206 3399 hoc
1255 3346 1430 3401 solum
1477 3345 1578 3399 hac
1623 3345 1675 3397 in
1713 3359 1771 3400 re
1817 3343 2178 3398 admiratione

603 3434 829 3508 dignum
861 3443 968 3500 est,
999 3435 1146 3506 quod
1169 3435 1334 3490 vitam
1376 3436 1640 3506 largiatur
1667 3436 1737 3499 ei,
1770 3435 1864 3504 qui
1904 3436 2038 3490 nihil
2068 3449 2176 3488 non

605 3536 798 3583 contra
831 3528 996 3581 vitam
1036 3528 1210 3598 ipsius
1241 3527 1675 3592 machinabatur,
1713 3529 1808 3583 sed
1835 3529 1978 3598 quod
2008 3528 2179 3583 David

606 3620 714 3688 jam
757 3629 958 3676 unctus
1007 3621 1061 3676 in
1109 3637 1315 3692 regem.
1355 3631 1409 3676 et
1437 3621 1608 3690 probe
1641 3637 1867 3692 gnarus,
1911 3637 1974 3678 se
2023 3623 2182 3677 aliter

606 3712 891 3782 dignitatis
944 3713 1109 3782 hujus
1150 3724 1457 3783 compotem
1517 3712 1632 3766 fieri
1689 3728 1798 3767 non
1850 3728 2033 3784 posse,
2073 3714 2180 3768 nisi

610 3802 741 3855 Saul
788 3817 818 3856 c
868 3801 1049 3857 medio
1093 3801 1414 3867 tolleretur;
1457 3801 1630 3855 satius
1675 3808 1856 3855 tamen
1897 3801 2178 3870 judicarit,

607 3893 872 3962 patientia
925 3901 979 3948 et
1014 3894 1268 3964 aequitate
1316 3908 1442 3947 eum
1482 3893 1706 3962 privata:
1740 3893 1861 3947 vita:
1905 3893 2182 3948 laboribus

608 3983 932 4048 conflictari,
970 3999 1132 4053 quam
1183 3983 1392 4053 expleta
1435 3983 1489 4036 in
1536 3983 1910 4040 adversarium
1957 3983 2062 4047 ira,
2098 3998 2184 4037 rer

611 4073 729 4142 gale
770 4073 966 4126 solium
1010 4073 1398 4129 conscendere.
1451 4072 1723 4138 Quocirca
1770 4074 2184 4128 humanissimaa

609 4164 686 4218 illi
745 4164 1102 4218 eommotioni
1164 4165 1411 4235 adjungit
1467 4164 1649 4219 illud:
1687 4182 1706 4214 ι
1744 4163 1977 4230 Quando
2037 4165 2186 4219 misit

615 4251 743 4306 Saul
788 4253 842 4308 in
888 4255 1108 4309 domum
1145 4253 1334 4320 David,
1364 4263 1424 4309 ut
1474 4255 1805 4310 interliceret
1835 4271 1980 4320 eum,
2025 4275 2043 4308 ι
2078 4271 2185 4310 non

609 4345 752 4398 enim
777 4354 910 4401 tunc
942 4347 1045 4401 hoc
1073 4345 1281 4402 dictum
1311 4356 1413 4412 est,
1443 4362 1569 4401 cum
1597 4347 1712 4402 haec
1741 4354 2060 4408 evenerunt,
2088 4346 2182 4401 sed

1852 312 1909 366 S.
1954 311 2278 367 GREGORII
2315 309 2606 368 NYSSENI

2873 376 2878 382 .
3695 318 3781 371 690

2259 427 2357 497 τῆς
2403 427 2662 498 ἱστορίας,
2697 425 2757 479 τὸ
2782 425 2886 479 ὑπὸ
2918 425 3016 494 τῆς
3051 427 3358 497 ἐπιγραφῆς
3407 431 3782 502 σημαινόμενον

2259 519 2374 581 πῶς
2408 518 2593 589 ἐπειδὴ
2631 518 2867 587 κατέστη
2894 516 2971 586 τῷ
3018 517 3190 571 Σαοὺλ
3235 521 3267 588 ή
3313 522 3374 574 ἐκ
3413 523 3501 575 τοῦ
3543 523 3786 594 δαιμονίου

2261 608 2568 679 πνεύματος
2598 609 2842 677 πτόησις,
2871 607 2964 660 τοῦ
2998 608 3156 676 ἁγίου
3189 609 3349 663 Δαέῖιδ
3388 612 3471 665 διὰ
3497 613 3583 665 τοῦ
3609 614 3787 685 ψαλτη-

2263 700 2378 771 ρίου
2579 701 2642 751 ἐκ
2687 697 2780 751 τοῦ
2831 697 3036 761 πάθους
3086 701 3330 771 ταραχὴν
3378 704 3788 768 κατευνάσαντος,

2263 791 2622 863 παρεστῶσαν
2653 789 2827 858 ἑαυτῷ
2852 789 2948 859 τὴν
2994 789 3192 860 λόγχην
3239 791 3409 862 εὑρὼν
3445 793 3473 842 6
3520 793 3677 844 Σαοὺλ
3724 793 3791 862 τῷ

2261 885 2524 955 εὐεργέτῃ
2562 883 2753 936 ἐαυτοῦ
2781 884 3092 953 ἐπαφίησιν,
3128 883 3352 946 εὐθύνας
3390 884 3501 936 κατ’
3533 884 3680 936 αὑτοῦ
3711 885 3794 956 τὴν

2261 977 2466 1046 αἰχμήν
2491 993 2504 1005 ·
2539 975 2632 1028 τοῦ
2675 975 2732 1028 δὲ
2786 975 2926 1028 κατὰ
2969 975 3116 1028 Θείαν
3156 975 3466 1046 συμμαχίαν
3528 979 3619 1046 τῆς
3660 976 3795 1045 βολῆς

2263 1067 2452 1122 ἑαυτὸν
2486 1068 2945 1137 ὑπεκστήσαντος,
2979 1066 3056 1137 τῷ
3085 1067 3250 1137 τοίχῳ
3285 1067 3368 1119 διὰ
3409 1067 3594 1136 βάθους
3637 1068 3796 1137 ἐμπή-

2265 1176 2454 1226 γνυται
2562 1158 2662 1228 τῆς
2705 1159 2907 1228 αἰχμῆς
2938 1158 3232 1230 προσϐολή.
3279 1158 3592 1227 Ἐξέδραμεν
3627 1158 3680 1210 δὲ
3705 1159 3798 1210 τῶν

2267 1250 2549 1320 βασιλείων
2598 1253 2654 1302 ἐν
2701 1249 2777 1320 τῷ
2828 1250 2940 1320 ἰδίῳ
2990 1249 3143 1320 οἴκῳ,
3201 1249 3685 1320 μεταϐληθήσεσθαι
3720 1247 3799 1302 τοῦ

2268 1341 2529 1412 βασιλέως
2562 1342 2653 1394 τὸν
2682 1341 2851 1412 θυμὸν
2882 1341 2969 1394 διὰ
3003 1341 3289 1412 μετανοίας
3325 1341 3564 1404 ἐλπίσας,

2337 1523 2444 1577 Τοῦ
2477 1523 2534 1576 δὲ
2565 1523 2735 1576 Σαοὺλ
2766 1523 3096 1594 δορυφόρους
3125 1524 3184 1576 ἐν
3235 1522 3418 1593 κύκλῳ
3461 1524 3524 1592 τῇ
3563 1521 3699 1592 οἰκία
3721 1521 3802 1574 τοῦ

2268 1615 2432 1668 Δαὸὶδ
2481 1616 2934 1686 περιστήσαντος,
2982 1615 3074 1668 καί⁹
3119 1614 3334 1684 δημίοις
3376 1615 3463 1667 τὸν
3507 1615 3616 1665 κατ’
3662 1611 3803 1664 αὑτοῦ

2271 1707 2428 1775 φόνον
2457 1705 2848 1776 ἐντειλάμενος,
2885 1705 3036 1776 μόλις
3068 1705 3155 1758 διὰ
3199 1704 3410 1775 θυρίδος
3433 1704 3570 1766 τινὸς
3595 1702 3802 1755 καταθα-

2272 1795 2376 1848 λὼν
2401 1796 2591 1849 ἐαυτὸν
2635 1799 2714 1860 εἰς
2739 1797 2800 1850 τὸ
2836 1796 3096 1867 ὕπαιθρον
3141 1797 3406 1850 διαλαθὼν
3442 1796 3536 1866 τὴν
3574 1793 3804 1866 φρουρὰν,

2272 1887 2377 1952 ἔξω
2409 1887 2514 1940 τῶν
2559 1887 2816 1941 κινδύνων
2841 1887 3076 1958 κατέστη
3097 1904 3110 1916 ·
3144 1887 3238 1940 καὶ
3274 1885 3607 1956 μεταναστὰς
3649 1885 3808 1938 ἄλλοτε

2273 1978 2429 2031 ἄλλον
2478 1972 2764 2050 ἐπήρχετο’
2786 1977 2970 2044 τόπον,
3002 1978 3106 2031 ὑπὸ
3137 1978 3449 2048 ἀμηχανίας
3494 1979 3600 2038 τοῖς
3641 1975 3807 2044 ἠθάσιν

2275 2068 2578 2138 ἀνθρώποις
2610 2068 3070 2138 ἐπιπλανώμενος.
3106 2069 3215 2122 Καὶ
3247 2068 3422 2131 οὔτως
3451 2067 3506 2120 δὲ
3533 2063 3808 2134 κατελήφθη

2275 2159 2379 2212 ὑπὸ
2407 2157 2498 2211 τοῦ
2525 2157 2694 2211 Σαοὺλ
2731 2159 3068 2229 πανστρατιᾷ
3113 2156 3495 2219 κυκλώσαντος
3524 2157 3609 2208 τὸν
3640 2153 3808 2222 γεώλο-

2276 2267 2394 2319 φον,
2431 2251 2486 2302 ἐν
2515 2242 2558 2316 ᾧ
2591 2248 2726 2318 μετά
2762 2247 2870 2301 τῶν
2899 2249 3024 2318 περὶ
3054 2248 3217 2300 αὑτὸν
3244 2249 3275 2299 6
3303 2247 3464 2300 Δαϐὶδ
3496 2243 3808 2317 προσφεύγει,

2276 2342 2368 2395 καὶ
2414 2340 2605 2404 νυκτὸς
2639 2337 2902 2410 ἀναϐολὴν
2936 2339 3073 2411 πρὸς
3103 2339 3193 2392 τὸν
3234 2338 3467 2392 θάνατον
3491 2335 3629 2407 αὐτῷ
3669 2349 3814 2404 παρα-

2278 2434 2546 2503 σχομένης
2574 2416 2696 2504 (ίῖπε
2709 2432 2889 2502 ρέθετο
2917 2431 3024 2502 γὰρ
3046 2434 3074 2484 6
3093 2430 3269 2485 Σαοὺλ
3305 2430 3398 2484 ἐπὶ
3424 2430 3512 2483 τὸν
3535 2427 3711 2499 ὄρθρον
3733 2424 3814 2494 τὴν

2275 2525 2368 2578 τοῦ
2415 2524 2743 2594 διωκομένου
2789 2523 3021 2591 σφαγὴν)
3073 2523 3366 2591 ἐφίσταται
3421 2525 3487 2592 τῇ
3539 2520 3696 2587 σκηνῇ
3737 2513 3812 2567 τοῦ

2278 2616 2557 2686 πολεμίου,
2592 2616 2687 2668 καὶ
2726 2613 3046 2668 καταλαϐὼν
3082 2615 3172 2667 ἐπί
3200 2631 3352 2676 τινος
3383 2613 3538 2681 εὐνῆς
3565 2607 3814 2678 λελυμένον

2277 2706 2354 2776 τῷ
2389 2706 2559 2776 ὕπνῳ,
2589 2707 2650 2759 οὐ
2681 2705 2836 2776 μόνον
2861 2705 2958 2776 τὴν
2996 2705 3130 2758 ἰδίαν
3157 2704 3396 2780 ἐπέσχεν
3421 2706 3570 2772 χεῖρα
3594 2698 3816 2751 σπεύδου-

2282 2816 2378 2852 σαν
2422 2800 2549 2862 ἴσως
2602 2798 2680 2868 τῷ
2725 2797 2882 2868 θυμῷ
2927 2795 3284 2866 χαρίσασθαι,
3317 2795 3450 2849 ἀλλὰ
3487 2791 3690 2846 καὶτὸν
3733 2788 3814 2838 ὑπ·

2279 2891 2548 2963 ασπιστὴν
2573 2891 2671 2963 ἤδη
2707 2889 2850 2944 κατὰ
2879 2890 2971 2942 τοῦ
3001 2889 3173 2943 Σαοὺλ
3204 2891 3349 2960 πρὸς
3370 2888 3467 2959 τὴν
3508 2883 3818 2954 σφαγὴν

2282 2985 2528 3054 κύψαντα
2579 2984 2626 3055 (ί
2679 2982 2910 3047 Πατάξω
2942 3002 2961 3036 ι
3002 2983 3133 3054 γὰρ,
3177 2985 3373 3052 φησιν,
3420 3000 3438 3032 ι
3473 2979 3562 3033 καί
3587 2978 3643 3030 οὐ
3669 2976 3820 3028 δευτεο

2283 3075 2442 3146 ρὼσω
2490 3077 2538 3146 ³)
2579 3076 2783 3145 ἀπάγει
2824 3076 2924 3147 τῆς
2968 3075 3142 3146 ὁρμῆς
3189 3077 3254 3146 τῇ
3316 3072 3520 3144 μεγάλῃ
3554 3069 3711 3139 ταύτῃ
3748 3062 3822 3117 καὶ

2283 3168 2512 3237 ἀοιδίμῳ
2544 3170 2716 3237 φωνῇ,
2755 3186 2774 3218 ι
2816 3167 2910 3238 Μὴ
2951 3164 3301 3236 διαφθείρῃς,
3341 3184 3361 3217 ι
3394 3163 3578 3228 εἰπὼν,
3604 3161 3687 3213 τὸν
3714 3156 3824 3225 7:96;

2281 3259 2378 3328 τὴν
2413 3258 2532 3311 καθ’
2559 3257 2715 3330 ἡμῶν
2755 3257 3049 3328 διαφθορὰν
3093 3257 3477 3328 ἐπειγόμενον.
3521 3238 3597 3307 Ὀὐ
3625 3246 3825 3304 τοῦτοδὲ

2287 3350 2444 3420 μόνον
2502 3349 2649 3402 ἐστὶν
2690 3350 2748 3401 τὸ
2798 3347 3105 3418 θαυμαστὸν
3157 3350 3214 3400 ἐν
3273 3347 3352 3417 τῷ
3408 3346 3708 3417 πράγματι,
3757 3339 3820 3389 ὅτι

2283 3439 2425 3510 ζωὴν
2465 3439 2746 3511 χαρίζεται
2783 3439 2859 3506 τῷ
2904 3439 3042 3491 κατὰ
3091 3438 3191 3507 τῆς
3241 3434 3592 3508 ζωῆςάὑτοῦ
3641 3433 3824 3485 ἅπαντα

2284 3533 2603 3604 πράσσοντι,
2652 3532 2767 3586 ἀλλ’
2796 3533 2876 3586 ὅτι
2912 3531 3046 3604 πρὸς
3076 3530 3358 3600 βασιλείαν
3383 3527 3616 3601 χρισθεὶς
3639 3526 3665 3576 6
3690 3518 3822 3574 Δαϐὶδ

2284 3627 2380 3680 καί
2402 3625 2578 3688 είδὼς,
2607 3624 2682 3696 μὴ
2712 3622 2825 3696 [ἂν]
2847 3623 3020 3686 ἄλλως
3044 3625 3338 3693 μετασχεῖν
3358 3620 3451 3675 τοῦ
3471 3618 3751 3688 ἀξιώματος
3757 3650 3768 3671 ι
3789 3607 3824 3659 εἰ

2288 3717 2363 3787 μὴ
2394 3718 2458 3770 ἐκ
2485 3716 2658 3769 ποδῶν
2688 3715 2898 3784 γένοιτο
2923 3715 2952 3766 6
2981 3712 3152 3766 Σαούλ
3178 3729 3194 3744 ·
3244 3715 3493 3783 κρεῖττον
3522 3711 3720 3777 ἔκρινεν
3756 3696 3826 3751 ἃᾶ

2283 3808 2384 3877 τῆς
2426 3805 2805 3878 μακροθυμίας
2837 3803 3167 3859 κακοπαθεῖν
3217 3807 3278 3858 ἐν
3326 3802 3564 3870 ἰδιωτικῇ
3609 3789 3826 3850 ταπεινό-

2285 3916 2427 3969 τητι,
2463 3897 2494 3968 ἢ
2521 3895 2689 3966 θυμὸν
2722 3894 2864 3949 κατὰ
2890 3893 2983 3948 τοῦ
3022 3892 3393 3963 λελυπηκότος
3420 3888 3706 3957 ἐκπλήσας,
3731 3881 3828 3969 ἐπιξ

2287 3968 2445 4058 ϐῆναι
2476 3988 2575 4058 τῆς
2626 3985 2920 4057 βασιλείας.
2970 3984 3068 4038 Διὰ
3113 3983 3278 4036 τοῦτο
3326 3975 3748 4053 συμπεριγράφει

2286 4051 2383 4149 τῆς
2412 4051 2820 4146 φιλάνθρωπίας
2841 4074 3012 4142 φωνῇ,
3045 4070 3126 4136 τὸ,
3147 4089 3164 4120 ι
3188 4071 3323 4123 "Ore
3352 4051 3659 4120 ἀπέστειλεν
3687 4051 3828 4149 Σαοθλ

2288 4171 2367 4233 εἰς
2397 4170 2488 4221 τὸν
2520 4163 2666 4220 οἷκον
2703 4164 2885 4228 Δαὸὶδ,
2919 4163 3007 4216 τοῦ
3041 4159 3351 4214 θανατῶσαι
3387 4155 3566 4210 αὐτόν.
3597 4171 3613 4204 ι
3653 4148 3716 4203 Οὐ
3741 4142 3828 4233 γὰρ

2289 4231 2411 4316 τότε
2453 4257 2674 4332 ἐρρέθη,
2724 4258 2813 4309 ὅτε
2851 4254 3023 4308 ταῦτα
3079 4253 3316 4322 ἐγένετο,
3361 4249 3498 4304 ἀλλὰ
3544 4231 3831 4332 προφέρειῤ

2289 4355 2444 4422 λόγος
2467 4353 2544 4415 εἰς
2575 4350 2670 4420 τὴν
2705 4347 2798 4403 τοῦ
2835 4347 3107 4418 θαύματος
3141 4345 3414 4407 ἐπίτασιν,
3461 4341 3541 4393 ὅτι
3583 4332 3738 4388 ταῦτα
3767 4319 3827 4378 εἷ’

611 4439 848 4505 additur,
889 4447 946 4493 ut
985 4448 1200 4496 crescat
1235 4440 1546 4505 admiratio,
1580 4440 1724 4511 quod
1760 4441 1872 4493 haec
1902 4439 2101 4494 dixerit
2135 4439 2177 4493 is

2296 4465 2414 4512 πεν,
2441 4447 2470 4499 6
2501 4447 2683 4499 ἐκεῖνα
2716 4439 2923 4495 παθών.
2959 4437 3218 4509 Περιττὸν
3248 4435 3308 4488 δὲ
3350 4429 3504 4503 οἶμαι
3548 4428 3638 4483 νῦν
3664 4434 3829 4519 cupiit:

611 4531 705 4599 qui
747 4531 876 4585 talia
908 4547 971 4588 ac
1003 4542 1152 4587 tanta
1202 4548 1398 4603 passus
1439 4533 1637 4588 fuerat.
1672 4529 2020 4602 Superfluum
2058 4546 2184 4584 vero

612 4623 871 4690 arbitror,
915 4639 1036 4677 cum
1092 4624 1160 4678 ad
1207 4624 1310 4676 alia
1353 4623 1628 4687 festinem,
1694 4637 1986 4692 exponere,
2026 4621 2185 4692 quid-

613 4729 737 4766 nam
775 4715 866 4778 sit,
908 4713 1052 4781 quod
1096 4714 1151 4767 in
1193 4714 1292 4767 hac
1327 4713 1554 4768 historia
1598 4713 1884 4782 quaeritur,
1911 4713 2186 4782 quomodo

611 4821 737 4860 cum
769 4805 984 4860 dicatur
1026 4803 1154 4859 Saul
1189 4807 1534 4875 percussisse
1563 4806 1753 4860 lancea
1790 4790 2067 4869 Dasidem,
2107 4803 2188 4857 hi-

613 4898 786 4952 storia
839 4896 1006 4951 addat
1059 4897 1114 4950 in
1165 4898 1427 4966 parietem
1487 4897 1696 4952 hastam
1760 4897 1994 4951 delatam
2039 4911 2182 4974 esse,

613 4989 870 5045 Davidem
916 4998 1099 5044 autem
1148 4998 1428 5044 servatum
1463 4989 1759 5059 :quodque
1800 4990 1852 5042 in
1895 4990 2036 5043 lecto
2073 4990 2188 5058 ipse

613 5091 864 5152 repertus
919 5097 1027 5136 non
1077 5081 1264 5144 fuerit,
1285 5079 1394 5135 'sed
1441 5081 1563 5134 loco
1609 5081 1728 5150 ejus
1771 5081 2097 5152 cenotaphia
2134 5087 2188 5134 et

613 5177 878 5250 imagines
911 5175 1157 5246 quaedam
1201 5173 1542 5239 umbratiles,
1589 5180 1642 5224 ct
1678 5172 1845 5243 hcpar
1874 5186 2186 5241 caprarum,

615 5284 767 5323 more
819 5276 952 5324 tunc
1006 5274 1228 5338 recepto
1277 5265 1342 5324 ad
1400 5264 1749 5320 evertendam
1798 5272 2065 5324 mortem,
2130 5268 2189 5314 ut

614 5361 865 5419 infirmus
903 5376 933 5415 a
975 5361 1115 5417 lecto
1165 5360 1515 5423 liberaretur,
1563 5357 1732 5414 vestis
1782 5372 1908 5412 vero
1955 5355 2188 5411 mortuis

613 5450 990 5523 superimponi
1014 5451 1176 5505 solita
1196 5450 1424 5523 grabato
1446 5449 1684 5519 superim
1695 5455 2009 5519 poneretur,
2026 5445 2190 5499 simul

617 5561 736 5600 cum
772 5544 966 5615 hepate
1007 5558 1318 5612 caprarum.
1371 5541 1718 5596 Manifestum
1752 5547 1835 5593 est
1887 5549 2064 5592 autem
2096 5537 2186 5601 iis,

614 5637 708 5698 qui
744 5637 1104 5693 studiosiores
1144 5643 1274 5692 sunt
1303 5635 1529 5699 laboris,
1568 5641 1736 5687 totam
1779 5632 1920 5685 hanc
1951 5630 2188 5699 prOphe-

622 5725 771 5796 tiam,
809 5729 1095 5786 historiam
1145 5744 1268 5786 esse
1314 5741 1528 5792 eorum,
1572 5738 1692 5794 quae
1730 5721 1956 5779 Domino
1999 5728 2190 5777 nostro

2289 4507 2458 4594 θεῖναι
2506 4537 2584 4607 τῷ
2625 4535 2769 4604 λόγῳ
2799 4533 2936 4602 πρὸς
2973 4507 3139 4600 ἕτερα
3189 4526 3498 4586 σπεύδοντι,
3545 4517 3680 4610 τίᾉτὸ
3705 4507 3822 4610 ὲνξῇ⁹

2289 4627 2501 4698 ἱστορίᾳ
2553 4623 2915 4695 ζητούμενον,
2963 4618 3080 4681 πῶς
3122 4617 3374 4679 εἰπόντος
3413 4612 3508 4666 τοῦ
3557 4608 3727 4698 λόγονῖ
3761 4608 3823 4649 στι

2287 4692 2525 4785 ἐπάταξε
2560 4692 2736 4770 Σαοὺλ
2759 4713 2846 4768 τὸν
2885 4710 3046 4764 Δαϐὶδ
3085 4711 3151 4778 τῇ
3197 4708 3393 4778 λόγχῃ,
3436 4702 3627 4768 ἐπάγει
3663 4692 3824 4785 ﬁla-10‘

2291 4815 2402 4886 ρία,
2444 4813 2526 4866 ὅτι
2559 4808 2701 4864 κατὰ
2747 4807 2925 4876 τοίχου
2971 4799 3102 4874 ἦλθε
3151 4801 3210 4854 τὸ
3255 4801 3412 4871 δόρυ,
3456 4798 3485 4849 6
3516 4795 3569 4848 δὲ
3601 4779 3825 4886 M6165:-

2288 4867 2467 4972 ἐσώθη
2489 4921 2500 4932 ·
2540 4901 2634 4954 καὶ
2679 4900 2759 4951 ὅτι
2787 4897 2878 4952 ἐπὶ
2902 4895 3000 4964 τῆς
3021 4893 3209 4960 κλίνης
3247 4890 3343 4943 τοῦ
3372 4887 3534 4942 Δαὸἰδ
3572 4878 3716 4937 αὐτὸς
3736 4867 3825 4972 ’μέν

2291 4953 2467 4972 μην,
2587 4953 2591 4954 ν
2957 4953 2994 4964 ,,
3165 4953 3201 4960 ,ἡ

2287 4996 2385 5064 οὐχ
2421 4991 2761 5064 εὑρίσκεται,
2808 4986 2922 5039 ἀλλ’
2957 4985 3070 5038 ἀντ’
3115 4983 3327 5036 ἐκείνου
3365 4953 3826 5064 κενοτάφιαααῖἦ·

2289 5100 2402 5153 παρ
2435 5079 2627 5148 αἰγῶν,
2668 5079 2803 5145 ὅπερ
2846 5078 2956 5138 τοῖς
2997 5073 3118 5128 τότε
3163 5073 3245 5134 εἰς
3278 5050 3822 5158 ἀποτροπιασμὸνηθα·

2289 5151 2468 5236 νὰτου,
2507 5171 2567 5224 ἐκ
2604 5185 2746 5231 τινος
2777 5164 3082 5236 συνηθείας.
3112 5163 3172 5215 τὸ
3195 5160 3443 5215 τοιοῦτον
3472 5151 3824 5242 ἐγένετοῃὼσῖῗ

2288 5267 2377 5319 τὸν
2421 5265 2700 5336 ἄρρωστον
2737 5257 3102 5325 ὑπεξάγεσθαι
3147 5254 3247 5324 μὲν
3291 5257 3391 5321 τῆς
3435 5237 3738 5336 κλίνηςμςὴν
3775 5229 3820 5329 of

2287 5359 2399 5420 τοῖς
2421 5331 2732 5424 τεθνηκόσιν
2771 5347 3197 5418 ἐπιϐαλλομένην
3234 5344 3429 5413 στολὴν
3461 5331 3731 5424 ἐπιτιθέναι
3757 5335 3821 5422 τιρ

2287 5419 2711 5513 κραεὶὅὰτῳ,καὶ
2753 5433 2906 5512 ἧπαρ
2950 5436 3137 5506 αἰγῶν.
3175 5435 3346 5504 Δῆλον
3379 5431 3487 5500 γὰρ
3525 5427 3586 5480 ἂν
3617 5419 3693 5513 είη
3728 5419 3818 5513 ταῖς

2290 5533 2777 5608 φιλοπονώτέροις,
2846 5531 2928 5584 ὅτι
3018 5524 3319 5600 προφητεία
3381 5521 3477 5592 τῆς
3549 5499 3818 5608 κατάντδν

2289 5595 2494 5698 Ιξύριον
2536 5623 2850 5694 οἰκονομίας
2904 5621 3050 5676 ἐστὶν
3094 5622 3126 5690 ἡ
3167 5616 3399 5688 ἱστορία.
3432 5611 3674 5698 Δαίμονες
3700 5595 3817 5698 ἧξαν

2268 5719 2348 5786 ’ἐν
2388 5716 2559 5774 Σαοὺλ
2588 5713 2664 5786 τῷ
2693 5712 2970 5786 τυράννῳ·
3018 5709 3237 5769 τούτους
3265 5703 3548 5762 ἀπελαύνει
3574 5698 3600 5750 ὁ
3633 5696 3702 5755 εἰς
3734 5686 3815 5758 βα·
