4018 6334
301 212 380 274 60!
1655 198 1723 254 IN
1752 195 2086 256 PSALMOS.

3390 186 3492 244 60?

298 323 476 377 σιλείαν
496 320 747 391 χρισθεὶς,
773 318 851 389 τῷ
880 321 978 391 τῆς
1000 318 1231 391 κιθάρας
1257 318 1471 391 ὀργάνῳ
1511 315 1629 370 κατ’
1647 313 1813 368 αὐτῶν

1927 317 2244 367 evenerunt.
2272 307 2490 365 Saulem
2526 313 2815 378 tyrannum
2842 305 3115 360 daatnoncs
3138 318 3488 375 occuparant,

290 413 556 484 ἐνεργήσας
587 412 685 483 τήν
725 412 950 482 πτόησιν
971 428 986 444 ο
1009 413 1038 464 6
1069 411 1126 465 δὲ
1163 408 1528 479 καταληφθεὶς
1564 407 1670 460 ὑπὸ
1713 406 1823 459 τῶν

294 506 529 559 συνόντων
549 502 695 574 αύτῷ
719 503 1015 574 δαιμόνων,
1046 503 1310 557 πατάσσει
1343 504 1408 572 τῇ
1431 500 1599 572 λόγχῃ
1622 498 1712 551 τὸν
1737 496 1824 549 διὰ

286 599 370 667 τῆς
397 594 613 665 κιθάρας
638 592 736 664 τὴν
769 593 911 646 κατὰ
951 592 1060 645 τῶν
1099 592 1371 662 δαιμόνων
1406 591 1556 659 ἰσχὺν
1585 587 1823 651 ὲνδειξά-
1863 647 1866 650 ,

290 698 443 757 μενον,
460 683 568 737 ἀλλ’
587 686 615 737 6
627 686 804 753 τοῖχος
816 683 1031 753 δέχεται
1047 683 1169 736 ἀντὶ
1184 682 1276 735 τοῦ
1294 681 1457 735 Δαϐὶδ
1471 680 1568 751 τὴν
1585 679 1819 750 πληγήνο

281 781 305 830 ὁ
334 776 384 830 δὲ
428 774 767 840 διασώζεται.

332 956 471 1011 Μετὰ
501 953 673 1008 ταῦτα
717 956 746 1008 6
810 954 1212 1018 ἐπιϐουλευθεὶς
1285 951 1437 1024 παρᾶ
1498 951 1591 1005 τοῦ
1647 951 1821 1005 Σαοὺλ

276 1053 488 1120 ζητεῖται
557 1048 652 1101 ἐπὶ
716 1047 816 1116 τῆς
876 1046 1096 1118 κλίνης,
1161 1045 1257 1099 καὶ
1319 1047 1347 1098 6
1409 1043 1507 1115 μὲν
1575 1043 1672 1113 οὐχ
1733 1044 1822 1096 εὑ-

275 1143 528 1212 ρίσκεται·
615 1139 909 1207 κενοτάφια
966 1137 1023 1191 δὲ
1099 1136 1214 1190 ἀντ’
1292 1135 1499 1189 ἐκείνου
1552 1136 1587 1204 ἡ
1664 1132 1819 1204 κλίνη

272 1233 397 1302 ἔχει,
433 1232 525 1284 καὶ
564 1226 721 1304 ἧπαρ
765 1230 960 1299 αἰγῶν.
1008 1227 1218 1298 Φανερὰ
1253 1227 1310 1281 δὲ
1354 1226 1570 1288 πάντως
1603 1224 1748 1277 ἐστὶν
1784 1224 1817 1294 ἡ

271 1325 451 1378 διάνοια
471 1324 828 1392 αἰνιγμάτων,
857 1321 1071 1389 καὶτῆς
1098 1319 1338 1390 ἱστορίας
1369 1315 1659 1372 ἀκολουθία
1682 1316 1818 1387 πρὸς

267 1418 312 1471 τί
340 1415 529 1486 βλέπει.
576 1414 703 1467 Ὅτι
741 1413 839 1483 μὲν
886 1411 974 1465 διὰ
1006 1407 1098 1464 τοῦ
1144 1409 1308 1464 Δαϐὶδ
1348 1411 1376 1462 6
1415 1410 1480 1462 ὲκ
1530 1407 1622 1461 τοῦ
1655 1406 1818 1460 Δαϐὶδ

269 1506 611 1579 προμηνύεται
632 1545 649 1572 ,
672 1506 762 1559 τὸν
787 1506 843 1558 δὲ
868 1503 1100 1573 Χριστὸν
1121 1505 1149 1556 6
1169 1500 1410 1573 χρισθεὶς
1429 1499 1778 1569 διασημαίνει
1796 1513 1813 1530 ·

270 1600 346 1652 καὶ
375 1600 451 1651 ὅτι
496 1599 529 1669 ἡ
560 1597 798 1667 κιθάρα,
833 1595 894 1647 :6
924 1591 1259 1666 ἀνθρώπινόν
1286 1593 1432 1644 ἐστιν
1461 1590 1690 1661 ὄργανον
1717 1604 1731 1617 ·
1777 1588 1810 1657 ἡ

1923 403 2024 458 hos
2060 402 2308 473 profligat
2363 407 2563 454 unctus
2609 399 2663 451 in
2718 412 2969 467 regnum,
3001 397 3368 452 instrumento
3411 401 3487 452 ci-

1922 495 2094 548 tharae
2123 493 2342 547 incussa
2383 490 2491 546 illis
2526 487 2849 555 formidine;
2886 496 2941 541 at
2977 489 3068 543 ille
3097 503 3125 541 a
3152 488 3490 544 daemonibus

1922 584 2025 639 sibi
2079 583 2442 638 familiaribus
2483 581 2778 644 distentus,
2816 580 3005 633 lancea
3047 581 3281 649 percutit
3311 581 3488 646 illum,

1921 673 2013 743 qui
2041 674 2150 726 vim
2195 687 2350 727 suam
2384 679 2574 726 contra
2614 669 2888 723 dzemones
2921 683 3015 737 per
3049 668 3310 722 citharam
3341 682 3478 738 pate-

1921 766 2189 833 faciebat;
2226 767 2319 821 sed
2350 782 2562 830 murus,
2596 765 2718 819 loco
2757 762 2999 829 Davidis,
3045 763 3213 817 ictum
3257 745 3521 834 recipit}

1921 857 2010 912 ille
2038 858 2323 913 incolumis
2354 857 2552 913 evadit.
3274 861 3280 867 '

1991 944 2239 1000 Posthaec
2287 946 2517 1000 insidias
2565 959 2595 998 a
2645 944 2810 1000 Saule
2848 959 3068 1014 passus,
3121 944 3383 1013 qumritur
3432 944 3488 997 in

1921 1036 2062 1090 lecto
2103 1055 2115 1090 :
2155 1044 2210 1089 at
2245 1052 2354 1091 non
2390 1035 2696 1106 reperitur;
2730 1035 3025 1090 simulacra
3074 1050 3204 1089 vero
3240 1036 3486 1104 quaedam

1918 1129 2037 1184 vice
2073 1128 2220 1183 illius
2282 1128 2461 1182 lectus
2514 1127 2780 1191 continet,
2835 1134 2889 1181 et
2950 1127 3119 1196 hepar
3174 1142 3486 1196 caprarum.

1917 1218 2209 1289 PerSpicue
2251 1226 2431 1273 autem
2474 1218 2664 1288 liquet,
2696 1233 2957 1288 quorsum
2999 1218 3193 1272 horum
3228 1218 3488 1288 aenigma-

1920 1314 2032 1361 tum
2072 1306 2452 1375 intelligentia,
2497 1315 2550 1360 et
2580 1308 2750 1362 totius
2782 1307 3022 1362 historiae
3058 1307 3229 1362 series
3274 1307 3483 1370 tendat,

1917 1396 2164 1451 videlicet
2211 1413 2307 1466 per
2356 1395 2607 1452 Davidem
2656 1396 2998 1466 significatur
3036 1398 3083 1452 is
3137 1397 3231 1466 qui
3279 1406 3365 1452 est
3416 1384 3484 1452 ei

1916 1488 2139 1554 Davide,
2177 1495 2231 1542 et
2276 1487 2579 1552 Christum,
2626 1487 2731 1541 hoc
2771 1497 2876 1552 est,
2910 1497 3132 1542 unctum
3176 1488 3486 1558 prarfigurat

1923 1589 2157 1644 unctus;
2194 1572 2199 1575 ⁷
2233 1588 2286 1633 at
2338 1579 2603 1632 citharam
2666 1593 2789 1633 esse
2844 1578 3140 1632 humanam
3196 1586 3482 1645 naturam,

422 1649 629 1760 ταύτης
836 1690 863 1741 6
900 1687 988 1739 διὰ
1024 1649 1118 1739 τοῦ
1158 1649 1813 1756 σαρκωθέντοςφανερωί

1920 1672 2065 1726 velut
2096 1671 2520 1725 instrumentum
2546 1669 2840 1739 quoddam.
2873 1668 3048 1737 Hujus
3075 1678 3374 1722 concentus
3400 1678 3484 1723 est

268 1783 361 1844 θεὶς
402 1783 529 1852 ἡμῖν
572 1780 766 1849 λόγος,
816 1774 877 1833 οὗ
924 1777 1083 1849 ἔργον
1120 1776 1266 1829 ἐστὶν
1311 1772 1571 1843 ἀφανίσαι
1608 1772 1706 1841 τὴν
1751 1773 1815 1824 ὲκ

267 1877 500 1947 δαιμόνων
530 1873 897 1947 παραφορὰν,
944 1870 1033 1924 ἵνα
1073 1867 1271 1941 μηκέτι
1309 1861 1444 1920 ὦσιν
1476 1867 1524 1917 οἱ
1567 1862 1679 1916 θεοὶ
1706 1861 1815 1914 τῶν

268 1969 407 2021 ἐθνῶν
452 1968 519 2022 :6
552 1966 831 2036 δαιμόνια.
897 1962 1036 2016 Ἀλλ’
1074 1962 1103 2014 ὁ
1140 1959 1390 2030 βασιλεὺς
1437 1958 1642 2017 ἐκεῖνος
1679 1954 1707 2005 6
1756 1953 1815 2005 ὲν

271 2059 415 2130 ἑαυτῷ
447 2059 572 2123 τοὺς
630 2057 891 2127 δαίμονας
941 2054 1099 2125 ἔχων,
1148 2051 1225 2105 ὅτ’
1268 2049 1333 2104 ἂν
1381 2047 1710 2117 ὑποχωρήσῃ
1748 2041 1818 2096 :6

269 2150 518 2221 πνεύματα
556 2150 629 2220 τῇ
660 2147 769 2219 ᾠδῇ
789 2189 803 2212 ,
839 2145 997 2199 τοῦτο
1027 2144 1256 2214 ὄργανον
1307 2140 1399 2194 ἐπὶ
1435 2137 1610 2207 τούτῳ
1643 2137 1816 2206 ἁρμο-

271 2243 466 2311 σάμενον
498 2239 775 2294 πατάσσει
802 2235 881 2307 τῷ
912 2235 1096 2306 δόρατι
1126 2232 1207 2305 (τὸ
1230 2232 1286 2285 δὲ
1315 2230 1441 2301 δόρυ
1461 2268 1475 2293 ,
1502 2226 1657 2292 ξύλον
1691 2225 1810 2278 ἐστὶ

269 2331 438 2402 σιδήρῳ
461 2326 965 2397 καθωπλισμένον),
993 2323 1131 2378 ἀλλὰ
1157 2322 1373 2393 δέχεται
1402 2314 1517 2372 ἀντ’
1546 2314 1753 2370 ἐκείνου
1785 2314 1816 2366 6

266 2424 410 2489 τοῖχος
442 2421 501 2472 :6
535 2419 693 2489 δόρυ.
724 2418 914 2487 Τοίχον
940 2417 998 2469 δὲ
1037 2413 1284 2484 νοοῦμεν,
1313 2410 1411 2482 τὴν
1441 2409 1635 2479 γηῖνην
1668 2407 1814 2458 οἰκο-

265 2511 423 2582 δομὴν,
452 2512 516 2564 δι’
554 2506 628 2582 ἧς
669 2509 730 2561 :‘0
764 2508 925 2576 σῶμα
970 2501 1480 2573 καταμανθάνομεν,
1524 2496 1651 2565 περὶ
1682 2494 1710 2546 ὃ
1752 2491 1813 2546 :6

267 2586 397 2666 ξύλον
420 2601 693 2672 βλέπομεν
724 2597 820 2651 τοῦ
863 2594 1098 2667 σταυροῦ
1129 2596 1220 2647 καὶ
1258 2592 1350 2645 τὸν
1388 2590 1626 2660 σίδηρον.
1668 2587 1724 2639 '0
1756 2584 1813 2637 δὲ

263 2692 400 2745 Δαὸὶδ
441 2694 655 2754 ἐκεῖνος
687 2691 717 2743 6
765 2688 984 2759 χριστός
1020 2703 1080 2738 τε
1120 2685 1217 2738 καὶ
1259 2681 1546 2753 βασιλεὺς,
1577 2677 1680 2743 ἔξω
1715 2676 1810 2731 τοῦ

264 2783 435 2844 πάθους
464 2780 637 2834 ἐστίν.
701 2778 767 2831 Ἦ
794 2777 904 2849 γάρ
949 2775 1138 2846 θεότης
1170 2775 1227 2825 ὲν
1254 2771 1331 2843 τῷ
1360 2769 1577 2842 σταυρῷ
1616 2786 1676 2821 τε
1718 2767 1812 2821 καὶ

261 2878 350 2938 τοῖς
379 2874 520 2944 ἥλοις
545 2872 610 2926 ού
646 2870 876 2940 γίνεται,
914 2866 1127 2941 Μελχὸλ
1161 2866 1217 2918 δὲ
1245 2862 1594 2926 ἀκούσαντες,
1619 2860 1717 2931 τὴν
1746 2861 1811 2913 ὲκ

116 2992 119 3035 ι
256 2964 331 3015 τοῦ
357 2962 523 3017 Σαοὺλ
558 2960 883 3031 γινομένην,
976 2956 1140 3009 Δαὸὶδ
1173 2953 1550 3023 ἐκοινώνησεν,
1580 2952 1640 3004 ού
1670 2950 1808 3015 ξενι-
1836 2979 1879 3035 C

116 3014 119 3093 ί
257 3014 481 3126 saga;
502 3014 648 3124 πρὸς
673 3014 735 3104 μὲδ
755 3014 1046 3103 ἀκόλούθον
1081 3046 1393 3117 βλέποντες.
1423 3014 1663 3112 Ὀἴδαμεν
1700 3040 1808 3111 γὰρ
1836 3014 1874 3088 “ῗ

250 3147 318 3199 ὅτι
349 3146 376 3197 6
401 3144 531 3209 Θεὸς
568 3143 809 3197 θάνατον
839 3141 938 3194 ούκ
967 3139 1244 3209 ἐποίησεν,
1293 3134 1430 3189 ἀλλὰ
1473 3132 1651 3206 πατὴρ
1689 3132 1806 3200 ἐγέ-

116 3190 119 3261 ί
252 3255 355 3291 vero
377 3238 468 3291 τοῦ
501 3236 744 3292 θανάτου
791 3236 820 3287 6
855 3233 952 3302 τῆς
982 3190 1181 3294 κακίας
1218 3227 1490 3300 βασιλεὺς,
1541 3228 1570 3279 6
1602 3190 1808 3278 ’ἐαυτὸν

244 3330 327 3397 τῆς
351 3330 491 3399 ζωῆς
521 3328 822 3399 περήσας.
866 3325 1048 3394 Φθόνῳ
1075 3322 1183 3393 γάρ
1228 3319 1472 3374 διαϐόλου
1521 3318 1550 3370 6
1578 3316 1808 3379 θάνατος

246 3421 502 3490 εἰσῆλθεν·
545 3418 870 3473 ἐϐασίλευσε
911 3417 967 3469 δὲ
1011 3418 1040 3469 6
1081 3414 1308 3476 θάνατος
1353 3411 1460 3465 61:6
1504 3409 1676 3480 Ἀδὰμ
1713 3408 1806 3462 καὶ

235 3515 322 3578 ἕως
350 3514 441 3568 τοῦ
485 3514 690 3584 νόμον.
725 3510 799 3565 Οὐ
850 3508 1096 3580 βούλεται
1141 3504 1336 3577 μηκέτι
1392 3500 1696 3572 βασιλεύειν
1747 3502 1804 3552 ὲν

237 3608 351 3673 ἡμῖν
385 3608 416 3659 6
471 3602 812 3666 Ἀπόστολος
865 3602 923 3655 ὲν
971 3599 1045 3669 τῷ
1103 3596 1283 3668 θνητῷ
1336 3595 1495 3667 ἡμῶν
1564 3592 1793 3662 σώματι.

239 3698 286 3751 Ὀ
313 3695 402 3753 οὖν
433 3698 590 3769 ὑπὲρ
631 3696 837 3758 παντὸς
870 3692 961 3747 τοῦ
997 3692 1226 3745 θανάτου
1256 3687 1618 3757 γευσάμενος,
1649 3685 1707 3738 ὲν
1729 3682 1805 3755 τῷ

228 3791 345 3858 οἴκῳ
380 3790 484 3859 τῆς
537 3787 655 3841 ὑπὸ
689 3784 792 3847 ζτοῦ
829 3782 1111 3852 νοηθέντος
1167 3781 1301 3850 ἡμῖν
1356 3777 1528 3830 Σαοὺλ
1559 3774 1803 3844 γίνεται,

218 3877 376 3948 ὄνομα
427 3878 491 3932 δὲ
538 3879 691 3947 αὑτῇ
743 3872 976 3944 Μελχόλ.
1014 3869 1129 3923 -Τοῦ
1180 3869 1237 3922 δὲ
1288 3867 1553 3937 ὀνόματος
1614 3863 1804 3917 τούτου

219 3974 272 4023 :6
296 3973 719 4043 σημαινόμενον
753 3966 1028 4039 βασιλείας
1065 3965 1234 4027 ἐστὶν,
1268 3961 1356 4015 διὰ
1381 3960 1441 4013 :6
1479 3960 1639 4030 μέχρι
1683 3956 1805 4010 τότε

212 4060 527 4129 βασιλεύειν
570 4063 682 4131 τὴν
717 4057 990 4130 ἁμαρτίαν
1036 4057 1138 4126 τῆς
1168 4053 1404 4124 φύσεως.
1448 4049 1711 4104 Ἐνταῦθα
1750 4048 1808 4102 δὲ

213 4152 533 4221 γενόμενος,
562 4149 736 4212 αὐτὸς
768 4148 864 4219 μὲν
892 4144 981 4199 διὰ
1021 4143 1233 4214 θυρίδος
1254 4138 1559 4208 ἐξέρχεται.
1595 4133 1809 4206 Σημαί-

212 4259 283 4295 νει
318 4244 376 4298 δὲ
409 4247 443 4316 ἡ
480 4243 661 4314 θυρὶς
681 4283 697 4307 ,
737 4240 834 4310 τὴν
867 4239 961 4291 ἐπὶ
986 4236 1045 4289 :6
1078 4234 1196 4304 φῶς
1243 4232 1404 4285 πάλιν
1432 4228 1688 4282 ἐπάνοδον
1714 4224 1806 4279 τοῦ

208 4337 394 4389 ἑαυτὸν
598 4338 661 4389 ὲν
691 4335 869 4389 σκότει
918 4332 1012 4387 καὶ
1044 4330 1174 4400 σκιᾷ
1210 4326 1442 4380 θανάτου
1480 4314 1809 4392 καθημένοις
1842 4322 1885 4377 D
1913 4317 2038 4363 ίθῐιθ

206 4424 514 4493 δείξαντος.
560 4427 652 4481 T6
697 4427 751 4479 δὲ
799 4425 1096 4492 κενοτάφια
1137 4416 1301 4473 αὐτοῦ
1351 4416 1441 4468 ἐπὶ
1478 4414 1577 4484 τῆς
1623 4412 1808 4481 κλίνης

203 4519 421 4587 ὁρᾶται.
452 4519 621 4590 Φησὶ
665 4517 761 4588 {6p
792 4517 887 4570 καὶ
915 4518 943 4568 6
971 4511 1203 4581 ἅγγελος
1228 4510 1342 4572 τοῖς
1369 4509 1426 4559 ὲν
1455 4504 1533 4576 τῷ
1569 4504 1811 4575 μνήματι

204 4609 432 4681 ζητοῦσι
487 4611 598 4667 τὸν
649 4611 876 4683 Κύριον·
918 4628 936 4660 ι
970 4607 1035 4660 Τί
1068 4606 1282 4675 ζητεῖτε
1317 4600 1408 4654 τὸν
1454 4598 1632 4663 ζῶντα
1668 4593 1809 4667 μετὰ

201 4703 307 4755 τῶν
336 4705 613 4774 νεκρῶνς
643 4704 742 4757 οὐκ
774 4700 917 4754 ἔστιν
945 4692 1073 4760 ὧδε,
1101 4693 1333 4765 ἠγέρθη.
1363 4691 1470 4744 Ἴδε
1499 4691 1528 4742 6
1550 4688 1711 4750 τόποι,
1756 4686 1814 4738 ὲν

203 4784 247 4859 ᾧ
268 4794 484 4850 ἔκειτο.
528 4816 554 4849 ι
593 4795 697 4847 Τὸν
718 4794 910 4861 τάφον,
933 4792 990 4843 ὲν
1015 4782 1060 4856 ᾧ
1087 4788 1281 4859 ἐτάφη,
1312 4784 1421 4839 ἴδον
1448 4783 1496 4835 οἱ
1526 4779 1814 4850 ζητοῦντες

208 4886 295 4940 τὸν
340 4888 606 4960 Κύριον,
640 4886 791 4940 κενὸν
822 4882 917 4937 τοῦ
962 4880 1291 4952 ζητουμένου
1340 4879 1614 4947 σώματος.
1661 4872 1814 4960 Μόνα

208 4976 263 5028 ιι
291 4973 364 5048 ἦν
394 4956 461 5030 ἐν
494 4976 662 5047 αὐτῷ
686 4976 756 5030 :6
785 4975 1034 5041 ἐντάφια.
1066 4973 1266 5033 Οὐκοῦν
1312 4968 1571 5040 νοοῦμεν,
1602 4964 1683 5016 ὅτι
1715 4956 1813 5033 τὴν

220 5068 527 5123 ἀνάστασιν
564 5067 665 5121 τοῦ
703 5067 907 5138 Κυρίου
939 5065 1178 5135 σημαίνει
1221 5078 1317 5155 τὴν
1358 5064 1461 5124 ἐπὶ
1641 5055 1816 5155 τάφοῖὲ

220 5156 284 5208 τὰ
310 5160 410 5212 ἐπὶ
443 5160 561 5252 τῆς
586 5159 770 5252 κλίνης
791 5158 886 5252 τοῦ
915 5156 1077 5252 auat:
1098 5140 1416 5252 κενοτάφια,
1453 5150 1527 5210 δι’
1560 5140 1636 5201 ὧν
1669 5146 1814 5252 γίνε-

232 5262 315 5301 ται
339 5253 372 5303 6
404 5250 672 5323 ἀληθινὸς
694 5251 787 5305 τοῦ
815 5247 1030 5303 θανάτου
1056 5249 1191 5338 ἡμῶν
1215 5239 1737 5356 Τέθτροπιασμός.

295 5409 411 5464 Ἰοῖ»
449 5412 513 5465 δὲ.
561 5410 847 5482 τρωθέντος
874 5406 1039 5472 τοίχου,
1081 5430 1132 5494 δ’.
1188 5487 1201 5494 Δ
1239 5458 1308 5494 ,Δ
1369 5413 1497 5494 τοῦ
1555 5401 1809 5474 σώματος

1027 5448 1039 5472 ’
1081 5430 1132 5521 δν
1164 5458 1313 5560 ἀντὶ

309 5587 352 5621 “
377 5588 543 5644 “aut.
577 5605 627 5655 ν,
658 5588 729 5641 14.
836 5584 873 5616 ⁸⁸
885 5579 983 5640 Bal/1.
1021 5637 1045 5692 r

1041 5684 1058 5801 ί
1090 5710 1189 5804 ιβ’

1916 1761 2162 1817 doctrina
2192 1777 2290 1831 per
2318 1776 2466 1826 eum,
2497 1760 2587 1830 qui
2615 1760 2935 1814 incarnatus
2971 1766 3077 1823 est,
3113 1759 3274 1813 nobis
3305 1759 3481 1811 mani-

1917 1852 2137 1918 festata;
2171 1851 2332 1919 cujus
2366 1852 2515 1914 linis,
2543 1850 2763 1925 abolere
2795 1865 3036 1915 omnem,
3071 1866 3193 1919 qua:
3224 1866 3254 1903 a
3275 1849 3480 1904 daemo-

1916 1943 2078 1997 nibus
2111 1942 2420 1997 concitatur
2444 1941 2822 2011 agitationem,
2857 1957 2924 1996 ne
2973 1941 3210 2011 amplius
3238 1940 3312 1995 dii
3352 1955 3479 2009 gen-

1916 2033 2049 2086 tium
2093 2032 2201 2086 sint
2234 2031 2544 2098 daemonia;
2578 2031 2673 2086 sed
2708 2047 2804 2085 rex
2827 2031 2940 2096 ille,
2970 2032 3063 2100 qui
3094 2046 3124 2085 a
3148 2030 3484 2086 daemonibus

1916 2132 2166 2192 arreptus
2201 2130 2306 2185 est,
2353 2137 2474 2176 cum
2527 2122 2756 2191 spiritus
2785 2121 2862 2175 illi
2915 2122 3208 2184 concentui
3260 2121 3481 2184 cedunt,

1916 2229 2179 2283 organum
2209 2214 2315 2268 hoc
2338 2212 2589 2283 iugandis
2618 2200 2957 2267 daemonibus
2988 2212 3481 2274 accommodatum,

1915 2304 2148 2374 percutit
2164 2305 2347 2358 lancea
2370 2321 2386 2369 ;
2415 2304 2604 2358 lancea
2628 2310 2808 2357 autem
2830 2303 3035 2372 lignum
3051 2309 3137 2356 est
3154 2301 3299 2356 ferro
3312 2315 3486 2353 arma-

1916 2403 2055 2463 tum,
2074 2389 2169 2450 sed
2193 2394 2395 2465 excipit
2425 2394 2573 2450 illius
2594 2393 2716 2448 loco
2742 2407 2932 2446 murus
2951 2392 3224 2455 lanceam;
3252 2404 3346 2459 per
3366 2404 3485 2443 mu-

1916 2500 2036 2539 rum
2054 2485 2685 2554 intelligimusterrenam
2703 2480 3138 2543 :ndificationem,
3154 2491 3262 2548 qua
3279 2491 3481 2547 corpus

1915 2578 2072 2633 nobis
2110 2577 2378 2640 innuitur,
2420 2575 2567 2628 circa
2601 2574 2747 2643 quod
2782 2573 3028 2627 videmus
3056 2571 3261 2640 lignum
3298 2570 3480 2624 crucis

1914 2682 1965 2727 et
2003 2671 2229 2727 ferrum.
2268 2671 2334 2724 At
2363 2668 2531 2724 David
2578 2668 2669 2721 ille
2707 2683 2736 2721 a
2772 2665 3002 2719 Domino
3036 2672 3234 2718 unctus
3271 2669 3324 2715 et
3362 2678 3478 2728 rex,

1915 2777 1945 2815 a
1990 2762 2244 2832 passione
2291 2759 2450 2829 longe
2500 2757 2676 2822 abest,
2720 2753 2979 2809 divinitas
3010 2751 3155 2805 enim
3215 2762 3379 2802 cruce
3426 2753 3481 2800 et

1914 2853 2087 2908 clavis
2125 2866 2236 2907 non
2271 2851 2525 2920 anigitur.
2558 2846 2729 2902 Porro
2761 2853 2883 2900 cum
2920 2843 3176 2897 audimus
3207 2838 3477 2894 Melchol:

1914 2961 2034 3016 quae
2058 2961 2123 3000 ex
2156 2943 2319 2998 Saule
2344 2938 2627 3011 progenita
2669 2944 2808 3002 erat,
2838 2949 3000 3006 quam
3036 2932 3203 2986 David
3236 2930 3481 2997 despon-

1912 3053 2028 3095 sam
2059 3037 2331 3101 habebat;
2375 3048 2445 3088 ne
2468 3030 2761 3085 turbemur
2781 3036 2834 3082 et
2866 3026 3260 3087 abalienemur,
3290 3020 3385 3076 sed
3423 3018 3476 3073 id

1908 3128 2054 3201 quod
2109 3127 2357 3198 sequitur
2414 3123 2819 3193 respiciamus:
2852 3119 3059 3173 scimus
3101 3114 3245 3170 enim
3289 3126 3320 3165 a
3369 3109 3482 3164 Deo

1910 3228 2138 3275 mortem
2172 3233 2283 3272 non
2313 3232 2436 3272 esse
2469 3213 2691 3275 factam,
2722 3210 2816 3266 sed
2853 3208 3049 3263 mortis
3080 3219 3277 3277 parens
3309 3201 3483 3257 exsti-

1909 3313 1974 3365 tit
2029 3327 2123 3366 rex
2149 3310 2242 3364 ille
2276 3306 2517 3370 malitize,
2553 3302 2647 3374 qui
2679 3302 2920 3372 seipsum
2959 3297 3065 3351 vita
3097 3293 3363 3367 privavit;
3400 3292 3485 3346 in-

1906 3403 2053 3457 vidia
2092 3400 2236 3456 enim
2278 3397 2482 3453 diaboli
2524 3408 2672 3450 mors
2706 3391 2933 3447 intravit
2966 3408 2979 3443 :
3014 3387 3264 3458 regnavit
3304 3395 3484 3439 autem

1910 3510 2058 3549 mors
2093 3493 2159 3547 ab
2179 3490 2350 3547 Adam
2375 3502 2555 3557 usque
2582 3486 2649 3540 ad
2681 3485 2854 3553 legem
2875 3483 2942 3548 η,
2975 3495 3137 3550 quam
3168 3476 3404 3546 amplius
3430 3475 3484 3528 in

1907 3582 2125 3639 mortali
2164 3587 2355 3635 nostro
2384 3589 2615 3646 corpore
2660 3585 2896 3641 regnare
2943 3583 3052 3622 non
3094 3565 3212 3620 vult
3245 3563 3485 3633 Aposto-

1906 3677 1991 3731 lus
2018 3675 2080 3728 ".
2112 3671 2161 3726 ls
2190 3671 2375 3741 igitur,
2405 3666 2499 3738 qui
2532 3679 2632 3734 pro
2662 3663 2921 3718 omnibus
2953 3665 3182 3712 mortem
3213 3654 3483 3739 gustavit,

1904 3774 2153 3821 versatur
2194 3762 2250 3815 in
2297 3760 2460 3814 domo
2498 3756 2640 3827 ejus,
2683 3769 2846 3825 quam
2894 3751 2941 3807 is
2978 3750 3073 3820 qui
3135 3763 3231 3818 per
3265 3744 3506 3833 Saulem.

1905 3856 2132 3926 mystice
2179 3851 2519 3923 signiﬁcatur
2553 3845 2865 3919 progenuit,
2910 3842 3070 3912 cujus
3119 3854 3317 3894 nomen
3352 3836 3484 3891 Mel-

1907 3945 2052 4011 chol,
2092 3944 2197 3999 hoc
2235 3950 2343 4007 est,
2396 3953 2647 4011 regnum,
2688 3935 2836 4007 quod
2883 3946 2949 3988 eo
2996 3944 3171 4000 usque
3203 3934 3482 3999 peccatum

1907 4046 2118 4093 natura:
2151 4032 2457 4106 imperarit.
2494 4029 2592 4084 Hic
2621 4029 2787 4100 igitur
2818 4025 3171 4085 constitutus,
3215 4022 3329 4090 ipse
3358 4017 3485 4087 qui-

1911 4129 2032 4183 dem
2070 4141 2165 4197 per
2208 4125 2505 4180 fenestram
2543 4121 2673 4175 exit.
2711 4117 2994 4189 Signiﬁcat
3024 4120 3207 4167 autem
3241 4110 3481 4165 fenestra

1913 4219 2145 4273 reditum
2179 4216 2233 4271 in
2269 4216 2443 4269 lucem
2473 4212 2615 4281 ejus,
2658 4209 2753 4280 qui
2806 4208 3047 4276 seipsum
3083 4201 3396 4258 sedentibus
3427 4199 3483 4253 in

2040 4307 2155 4362 bris
2183 4314 2237 4360 et
2269 4303 2462 4357 umbra
2493 4300 2685 4354 mortis
2706 4294 3021 4352 ostenderat
3046 4311 3061 4347 :
3093 4286 3486 4356 atcenotaphia

1914 4411 1967 4458 et
2006 4398 2303 4456 simulacra
2332 4392 2753 4463 conspiciuntur
2800 4382 2856 4441 in
2907 4386 3029 4457 ejus
3064 4384 3225 4438 lecto.
3265 4377 3399 4433 Nam
3431 4386 3487 4432 et

1915 4492 2144 4562 angelus
2189 4484 2569 4558 quaerentibus
2613 4481 2907 4536 Dominum
2958 4480 3014 4532 in
3066 4476 3319 4546 sepulcro
3372 4472 3483 4530 ait:

1922 4615 1935 4631 ν
1974 4582 2113 4651 Quid
2148 4576 2397 4650 quaeritis
2421 4575 2692 4629 viventem
2736 4586 2862 4627 cum
2918 4567 3189 4625 mortuis?
3246 4581 3355 4620 non
3403 4571 3488 4618 est
3567 4588 3573 4595 —

1886 4668 2034 4738 .hic;
2078 4666 2322 4724 surrexit
2362 4684 2378 4721 :
2429 4678 2561 4737 ecce
2606 4662 2764 4717 locus
2822 4660 2875 4714 in
2930 4672 3039 4727 quo
3092 4655 3308 4726 jacebat
3336 4652 3425 4706 “z
3464 4671 3483 4704 ι

1920 4776 2047 4820 ecce
2109 4760 2445 4832 sepulcrum,
2485 4757 2542 4811 in
2596 4770 2707 4826 quo
2749 4753 2999 4822 sepultus
3028 4756 3166 4805 erat.
3198 4745 3488 4810 Viderunt,

1918 4855 2009 4925 qui
2061 4850 2377 4922 quaerebant
2435 4845 2770 4915 sepulcrum,
2825 4841 2923 4897 sed
2971 4853 3204 4895 vacuum
3263 4850 3493 4905 corpore

1919 4944 2063 5016 quod
2089 4942 2405 5013 quarebant
2437 4956 2452 4993 :
2478 4938 2595 4993 sola
2616 4942 2796 4989 autem
2827 4930 3152 5002 sepulcralia
3177 4926 3491 4982 linteamina

1920 5034 2332 5107 comparebant.
2388 5028 2752 5098 Intelligimus
2796 5025 2963 5094 igitur
3013 5019 3290 5075 funebrem
3339 5017 3491 5070 illum

1920 5131 1975 5185 in
2010 5130 2150 5184 lecto
2180 5124 2401 5179 Davidis
2425 5127 2770 5193 apparatum,
2796 5112 3107 5186 significare
3137 5107 3494 5165 resurrectio-

1920 5235 2045 5276 nem
2077 5233 2142 5273 ex
2184 5214 2440 5284 sepulcro
2466 5229 2482 5281 ;
2511 5210 2714 5282 quibus
2744 5221 2870 5264 vere
2897 5218 3045 5260 mors
3071 5216 3102 5256 a
3142 5198 3300 5255 nobis
3331 5208 3488 5249 aver-

1919 5295 2054 5368 titur
2075 5314 2128 5363 et
2160 5305 2398 5376 fugatur.

1986 5398 2160 5456 Venio
2191 5396 2274 5470 .ad
2298 5394 2662 5467 vulneratum
2709 5384 2994 5462 parietem,
3027 5397 3186 5456 quem
3229 5389 3328 5449 pro
3368 5382 3491 5427 cor-

1378 5619 1447 5666 ,ι
1481 5593 1678 5662 ﬂare.
1720 5597 1832 5648 xu,
1861 5578 1909 5635 ϐ.
