4018 6334
577 280 684 336 605

1839 281 1894 334 S.
1925 281 2251 336 ϐιιιςοοιιιι

2310 279 2594 336 NYSSENI
3671 291 3757 346 (ὶοὶ

580 411 711 468 pore
757 394 1076 465 accipimus,
1117 399 1368 466 quamvis
1413 399 1696 471 sanguinis
1736 412 2034 472 expertem,
2078 422 2143 459 ne

2260 406 2562 475 ινοήσαμεν,
2597 397 2734 473 αἷμα
2761 402 2836 472 μὴ
2875 402 3107 472 ἔχοντος,
3141 403 3216 466 ὼς
3243 403 3304 456 ἂν
3329 404 3398 475 μὴ
3425 405 3523 477 ἀρα
3552 408 3760 485 λειφθείη

581 489 632 540 id
666 485 811 555 quod
845 485 1081 540 maxime
1111 487 1178 540 ad
1212 489 1533 558 mysterium
1561 499 1930 560 Opportunum
1957 503 2060 558 est,
2097 503 2151 549 et

579 593 688 645 quo
739 576 1005 645 redempti
1043 593 1269 641 sumus,
1313 581 1676 649 sanguinem,
1711 581 1965 652 inquam,
2013 600 2150 653 prae-

580 673 880 726 tereamus,
917 666 1007 719 hic
1039 666 1094 720 in
1139 667 1248 720 illis
1288 668 1422 736 ipsis
1457 671 1802 740 cenotaphiis
1836 673 2148 740 reperitur:

579 758 756 810 solum
805 758 950 810 enim
997 757 1168 826 hepar
1221 759 1366 813 inter
1418 762 1659 816 membra
1700 762 1984 832 sanguinis
2029 763 2152 818 fons

581 854 666 900 est
698 853 752 899 et
792 845 1029 910 ollicina,
1074 847 1194 903 sine
1225 864 1332 918 quo
1380 849 1493 905 ﬁeri
1525 853 1734 920 nequit,
1765 859 1825 904 ut
1871 853 2152 921 sanguinis

581 949 791 992 natura
822 941 1109 994 subsistat.
1145 938 1201 994 Si
1239 941 1405 1011 igitur
1441 957 1505 996 ex
1548 942 1742 1011 hepate
1770 943 1991 1012 sanguis
2023 957 2152 1011 pro-

581 1029 724 1092 ﬂuit,
771 1031 938 1099 hepar
972 1042 1152 1086 autem
1205 1032 1349 1086 inter
1381 1033 1708 1103 cenotapbia
1755 1033 2049 1101 reperitur,
2098 1034 2154 1086 lit

583 1130 642 1174 ut
671 1136 847 1190 neque
902 1123 1130 1189 sanguis
1163 1123 1302 1177 desit
1335 1124 1405 1185 ei,
1443 1137 1563 1193 quae
1614 1124 1928 1178 mortalium
1967 1123 2153 1193 generi

582 1212 826 1274 obvenit,
858 1214 1056 1267 mortis
1091 1214 1495 1283 prolligationi;
1547 1223 1601 1268 at
1643 1215 1865 1284 species
1902 1214 2153 1268 animalis

582 1301 767 1369 hujus,
812 1304 971 1370 cujus
1022 1305 1190 1372 hepar
1237 1307 1552 1374 appositum
1606 1306 1730 1372 l'uit,
1783 1305 2038 1374 deputata
2071 1311 2156 1358 est

584 1395 990 1464 propitiatoriis
1025 1397 1314 1453 sacriﬁciis
1340 1414 1437 1468 pro
1470 1399 1713 1470 peccatis
1737 1399 1800 1451 ".
1834 1398 2017 1466 Neque
2053 1397 2156 1450 hoc

583 1487 782 1549 solum,
814 1487 908 1540 sed
939 1503 1006 1541 ex
1033 1487 1224 1542 eodem
1264 1506 1462 1558 genere
1505 1490 1572 1545 ad
1611 1491 1824 1546 Pascha
1865 1490 2151 1544 celebran-

585 1575 741 1641 dum,
777 1578 980 1631 animal
1009 1579 1280 1648 quoddam
1317 1582 1588 1649 seligitur,
1633 1582 1888 1650 idemque
1929 1579 2152 1644 animal,

587 1666 666 1720 ait
706 1665 906 1731 Moses,
943 1669 1257 1723 auferendis
1287 1671 1473 1739 p0puli
1518 1672 1757 1740 peccatis
1790 1669 2151 1731 destinatum,

586 1758 792 1827 duplici
833 1761 1037 1814 actioni
1087 1763 1258 1816 servit
1291 1781 1304 1816 :
1340 1763 1556 1817 duobus
1605 1763 1753 1818 enim
1797 1761 1972 1817 hircis
2003 1769 2156 1817 sorte

582 1851 907 1919 propositis,
961 1853 1099 1907 alter
1144 1851 1256 1907 Deo
1289 1854 1658 1918 sacriﬁcatur,
1711 1853 1851 1907 alter
1880 1866 1987 1906 una
2031 1866 2156 1906 cum

583 1945 809 2007 peccato
855 1937 909 1992 in
955 1941 1305 1996 solitudinem
1339 1941 1634 1996 dimittitur
1660 1943 1726 1996 “.
1767 1941 1996 2011 Propter
2041 1940 2158 1995 hanc

583 2027 752 2097 igitur
785 2030 968 2083 omnia
1010 2038 1164 2085 tanta
1208 2045 1272 2084 ac
1304 2031 1455 2095 talia,
1491 2031 1658 2099 hujus
1696 2030 1951 2085 animalis
1989 2031 2158 2098 hepar

586 2119 848 2188 sanguini
887 2121 1248 2190 signiﬁcando
1287 2132 1627 2192 assumptum
1663 2129 1766 2187 est,
1804 2135 1914 2191 quo
1943 2121 2013 2175 ab
2048 2120 2158 2174 illis

587 2210 682 2279 qui
713 2210 946 2266 letaliter
975 2211 1418 2280 inﬁrmabantur,
1467 2228 1617 2269 mors
1647 2213 1874 2284 depulsa
1923 2212 2026 2266 fuit
2058 2227 2158 2282 per

583 2301 1052 2356 resurrectionem
1090 2300 1305 2356 Domini
1338 2303 1532 2368 nostri,
1567 2317 1730 2372 quam
1766 2301 2154 2370 cenotaphium

585 2391 881 2459 signiticat.
911 2391 1016 2447 Sed
1045 2399 1264 2462 tempus
1291 2400 1395 2456 est,
1430 2402 1488 2447 ut
1509 2401 1561 2448 et
1596 2393 1920 2446 sententiam
1960 2394 2156 2462 psalmi

583 2483 826 2538 breviter
860 2499 1268 2554 percurramus,
1316 2485 1397 2540 sic
1432 2499 1554 2540 sese
1600 2484 1910 2538 habentem.
1960 2482 2159 2536 Dividit

584 2569 858 2639 Propheta
925 2573 1259 2640 orationem;
1315 2589 1441 2627 nam
1491 2573 1661 2627 altera
1723 2588 1822 2643 pro
1878 2572 2039 2628 nobis
2090 2573 2159 2627 ad

585 2659 756 2714 Deum
799 2661 1108 2718 instituitur
1135 2665 1411 2718 communi
1442 2665 1688 2718 omnium
1717 2663 2033 2718 mortalium
2067 2678 2161 2718 no-

584 2753 762 2819 mine;
793 2755 964 2808 altera
1005 2754 1072 2808 ad
1100 2769 1199 2809 nos
1231 2754 1492 2826 dirigitur
1531 2772 1596 2811 ex
1627 2770 1865 2826 persona
1889 2755 2032 2824 ejus,
2065 2753 2159 2822 qui

522 2907 524 2909 ν
583 2857 685 2911 pro
731 2844 891 2897 nobis
925 2845 1110 2900 varios
1156 2844 1436 2899 cruciatus
1465 2845 1656 2900 subiit.
1691 2847 1825 2911 Quae
1869 2860 2001 2914 ergo
2053 2859 2158 2914 pro

585 2933 765 2997 nobis,
811 2934 927 2989 haec
973 2946 1147 2990 sunt:
1189 2954 1207 2986 ι
1239 2934 1401 3005 Eripe
1431 2952 1518 2991 me
1563 2936 1631 2991 de
1681 2936 1946 2998 inimicis.
1999 2945 2054 2990 et
2092 2936 2160 2990 ab

585 3025 1002 3095 insurgentibus
1053 3028 1106 3081 in
1143 3043 1229 3082 me
1259 3028 1428 3083 libera
1469 3043 1577 3095 me,
1612 3035 1666 3082 et
1707 3028 1774 3084 de
1804 3029 2159 3098 operantibus

587 3115 962 3186 iniquitatem,
1002 3127 1056 3173 et
1097 3119 1164 3174 de
1193 3118 1326 3174 viris
1364 3119 1719 3188 sanguinum,
1750 3120 1844 3186 qui
1895 3115 2198 3194 ceperunt:

587 3203 828 3255 animam
864 3219 1061 3266 meam,
1095 3223 1112 3255 ι
1145 3211 1201 3258 et
1246 3206 1340 3273 qui
1389 3205 1443 3258 in
1484 3221 1570 3260 me
1610 3204 1825 3260 fortiter
1859 3207 2159 3270 irruerunt,

587 3293 728 3346 nihil
769 3295 897 3347 mali
939 3309 969 3348 a
1016 3295 1179 3350 nobis
1231 3297 1408 3365 passi;
1453 3312 1630 3366 neque
1674 3298 1820 3351 enim
1857 3297 2159 3368 quidquam

590 3383 649 3436 in
681 3383 806 3437 illos
830 3384 1050 3448 admisi,
1083 3401 1260 3454 neque
1293 3385 1556 3454 iniquitas
1587 3385 1698 3438 ulla
1733 3400 1763 3439 a
1802 3402 1887 3440 me
1921 3387 2162 3456 profecta

587 3482 694 3538 est,
743 3489 864 3543 quae
910 3476 965 3528 in
1015 3475 1271 3530 damnum
1321 3477 1561 3533 hostium
1611 3492 1858 3532 meorum
1894 3486 2158 3549 vergeret,

590 3579 698 3635 qua
724 3574 930 3628 tamen,
963 3569 1123 3636 quasi
1163 3566 1345 3622 allecti
1379 3574 1590 3633 essent,
1630 3569 2000 3622 concitantur.
2034 3567 2164 3624 Sine

590 3658 878 3726 iniquitate
945 3661 1106 3714 nobis
1172 3660 1381 3730 primus
1435 3674 1635 3715 cursus
1703 3659 1989 3715 institutus
2057 3669 2164 3715 est.

605 3746 712 3807 Sed
753 3753 908 3818 vide,
976 3753 1184 3824 inquit,
1249 3753 1473 3819 omnia,
1531 3767 1656 3825 qua:
1709 3759 1764 3808 et
1798 3751 1982 3821 qualia
2031 3751 2162 3808 sint.

591 3839 730 3895 Vide
771 3849 826 3896 et
860 3842 1103 3910 intende,
1165 3851 1224 3896 ut
1272 3859 1357 3898 me
1391 3841 1678 3908 defendas,
1731 3858 1912 3912 neque
1945 3842 2166 3899 differas

556 3933 688 4000 ‘per
741 3934 1136 3988 humanitatem
1191 3943 1449 3993 expetere
1497 3933 1760 3989 ultionem
1814 3938 1882 3990 ab
1934 3935 2024 3991 his
2068 3935 2164 4006 qui

590 4025 938 4094 delinquunt.
975 4043 994 4076 ‹
1029 4023 1149 4078 Non
1175 4025 1514 4087 miserearis,
1549 4043 1568 4077 ι
1597 4025 1798 4095 inquit,
1837 4043 1856 4078 ι
1887 4027 2163 4092 omnibus,

592 4113 684 4182 qui
714 4123 1011 4182 operantur
1051 4113 1419 4182 iniquitatem.
1451 4133 1470 4166 ι

663 4203 868 4260 Deinde
889 4205 1150 4261 transfert
1182 4220 1486 4260 sermonem
1524 4204 1589 4258 ad
1629 4205 1999 4260 sublimiorem
2032 4220 2162 4275 per-

2186 1738 2227 1794 Β

2187 3065 2232 3125 C

2251 496 2311 548 τὸ
2337 495 2692 566 καιριώτατον
2724 494 2826 547 τῶν
2858 497 2936 556 εἰς
2969 495 3028 546 τὸ
3061 495 3352 565 μυστήριον
3389 500 3680 569 νοουμένων,
3706 505 3762 559 δι’

2252 580 2312 638 οὗ
2339 585 2740 657 ἐλυτρώθημεν,
2773 585 2832 638 τὸ
2857 580 2997 655 αἷμα
3022 584 3185 651 λέγω,
3209 585 3360 638 τοῦτο
3382 588 3549 657 ῥητοῖς
3576 609 3763 646 rtema-

2254 679 2396 746 φίοις
2427 678 2737 749 εὑρίσκεται
2767 694 2779 707 ’
2843 677 3000 747 μόνον
3037 678 3142 748 γὰρ
3175 681 3232 730 ἐν
3263 680 3372 742 τοῖς
3402 681 3694 750 σπλάγχνοις
3720 689 3770 739 τὸ

2251 766 2403 841 ἧπαρ
2457 769 2686 839 αἵματός
2730 771 2844 820 ἐστι
2885 769 3034 838 πηγή
3084 785 3143 821 τε
3193 768 3287 823 καὶ
3337 771 3687 842 ἐργαστήριον,
3720 771 3770 828 οὗ

2253 863 2420 934 χωρὶς
2453 859 2710 912 ἀδύνατόν
2743 862 2858 912 ἐστι
2895 859 3152 928 συστῆναι
3199 860 3294 928 τὴν
3329 860 3481 929 φύσιν
3511 862 3597 915 τοῦ
3633 867 3774 935 αἰμα-
3855 859 3862 864 ’

2252 969 2363 1014 τος.
2395 951 2457 1003 Εἰ
2486 945 2577 1002 οὖν
2607 951 2671 1002 ἐκ
2702 948 2794 1000 τοῦ
2829 949 3034 1017 ἥπατος
3073 949 3134 1001 τὸ
3163 944 3322 1019 αἷμα,
3351 952 3406 1003 ἐν
3435 951 3489 1003 δὲ
3518 956 3620 1015 τοῖς
3645 972 3776 1008 κενο-

2254 1040 2464 1108 ταφίοις
2497 1039 2556 1092 τὸ
2605 1036 2756 1111 ἧπαρ
2776 1078 2790 1101 ,
2821 1040 2942 1092 οὐδὲ
2970 1041 3028 1092 τὸ
3058 1035 3196 1111 αἷμα
3224 1040 3397 1092 λείπει
3427 1041 3500 1110 τῷ
3532 1045 3778 1114 γενομένῳ

2254 1133 2320 1199 τῇ
2352 1129 2512 1199 φύσει
2541 1129 2647 1183 τῶν
2676 1129 2976 1200 ἀνθρώπων
2999 1131 3427 1201 ἀποτροπιασμῴ
3446 1131 3532 1185 τοῦ
3557 1133 3775 1187 θανάτου·

2254 1222 2315 1274 τὸ
2351 1222 2407 1274 δὲ
2448 1221 2612 1288 γένος
2651 1219 2744 1274 τοῦ
2780 1219 2919 1283 ζώου
2945 1220 3154 1286 τούτου,
3192 1216 3252 1276 οὗ
3289 1222 3350 1274 τὸ
3381 1217 3526 1294 ἧπαρ
3577 1224 3780 1295 ἐλήφθη,

2255 1315 2376 1376 ταῖς
2417 1313 2722 1375 ίλεωτικαῖς
2759 1313 2900 1383 ὑπὲρ
2925 1312 3034 1367 τῶν
3067 1314 3349 1385 ἁμαρτιῶν
3376 1315 3577 1380 θυσίαις
3615 1318 3783 1370 ἀποτε-
3873 1341 3884 1350 ’

2254 1400 2520 1470 ταγμένον
2549 1400 2716 1452 ἐστίν.
2753 1402 2828 1454 Οὐ
2862 1400 3019 1470 μόνον
3049 1401 3105 1454 δὲ
3130 1400 3306 1465 τοῦτο,
3342 1401 3474 1454 ἀλλὰ
3508 1403 3596 1454 καὶ
3625 1405 3679 1454 ἐκ
3704 1405 3784 1456 τοῦ

2254 1487 2416 1541 αὐτοῦ
2464 1487 2653 1554 γένους
2701 1489 2796 1540 καὶ
2843 1490 2922 1551 είς
2956 1488 3017 1541 τὸ
3069 1489 3253 1558 πάσχα
3300 1489 3784 1560 παραλαμϐάνεταιο

2256 1577 2350 1629 καὶ
2382 1572 2798 1647 ἀποπεμπτίκὸν
2835 1577 2934 1646 τῆς
2966 1575 3058 1630 τοῦ
3103 1577 3230 1629 λαοῦ
3263 1578 3534 1646 ἁμαρτίας
3579 1580 3637 1630 τὸ
3671 1579 3789 1642 ζῶον

2255 1667 2412 1720 τοῦτό
2439 1684 2570 1737 φησι
2603 1669 2712 1720 δεῖν
2735 1668 2763 1720 6
2793 1666 3030 1736 Μωῦσῆς
3063 1667 3330 1720 ποιεῖσθαι
3352 1684 3364 1696 ο
3399 1668 3487 1720 ὅτε
3522 1669 3595 1730 εἰς
3623 1667 3793 1736 διπλῆν

2257 1757 2539 1827 ἐνέργειαν
2576 1755 2878 1827 μερίζεται.
2910 1757 3021 1809 Καὶ
3045 1755 3140 1810 δύο
3172 1756 3543 1826 προτεθέντων
3570 1759 3793 1827 χιμάρων

2258 1846 2322 1896 ἐκ
2360 1843 2809 1914 διακληρώσεως,
2861 1843 2923 1896 τὸ
2956 1842 3055 1913 μὲν
3105 1841 3421 1895 ἀνατίθεται
3452 1841 3528 1913 τῷ
3578 1843 3719 1912 Θεῷ,
3746 1844 3796 1894 τὸ

2257 1936 2312 1989 δὲ
2371 1938 2436 2006 τῇ
2487 1937 2732 2007 ἁμαρτίᾳ.
2767 1933 3107 2005 ἐκπέμπεται
3181 1934 3274 1986 ἐπὶ
3322 1932 3419 2004 τὴν
3471 1933 3682 2004 ἔρημον.
3715 1933 3796 1985 Διά

2259 2027 2434 2080 πάντα
2459 2023 2550 2082 οὖν
2573 2027 2742 2081 ταῦτα
2768 2027 2859 2079 καὶ
2886 2026 2954 2079 τὰ
2980 2024 3223 2086 τοιαῦτα,
3256 2023 3450 2076 τούτου
3480 2023 3571 2076 τοῦ
3600 2013 3724 2086 ζώου
3749 2023 3800 2074 τδ

2257 2115 2408 2192 ἧπαρ
2437 2119 2519 2181 είς
2550 2119 2648 2190 τὴν
2679 2117 2772 2170 τοῦ
2813 2119 3041 2188 αἵματος
3087 2116 3316 2183 ἔνδειξιν
3387 2114 3714 2186 παρελήφθη,
3745 2113 3799 2165 δι’

2257 2206 2318 2263 οὗ
2363 2209 2468 2264 τῶν
2503 2208 2862 2274 ἐπιθανατίως
2905 2209 3274 2280 νενοσηκότων
3330 2209 3360 2261 6
3388 2205 3800 2277 ἀποτροπιασμὸς

2256 2300 2349 2354 τοῦ
2384 2300 2615 2354 θανάτου
2649 2300 2884 2368 ἐγένετο,
2907 2300 2993 2354 διὰ
3022 2301 3118 2370 τῆς
3147 2301 3210 2354 ἐκ
3241 2300 3460 2366 νεκρῶν
3489 2299 3803 2357 ἀναστάσεως

2257 2390 2351 2444 τοῦ
2383 2391 2586 2462 Κυρίου
2609 2391 2786 2461 ἡμῶν,
2816 2390 2883 2461 ἢν
2912 2390 3164 2461 σημαίνει
3189 2391 3251 2443 τὸ
3289 2390 3618 2457 κενοτάφιον.
3668 2386 3804 2438 Ἀλλὰ

2259 2479 2448 2551 καιρὸς
2467 2479 2532 2532 ἂν
2559 2479 2667 2548 εἴη,
2693 2481 2785 2532 καὶ
2815 2479 2905 2532 τὸν
2937 2481 2994 2531 ἐν
3025 2482 3091 2549 τῇ
3118 2478 3419 2550 ψαλμῳδίᾳ
3439 2477 3560 2532 νοῦν
3581 2476 3665 2529 διὰ
3697 2475 3808 2545 βρα-

2258 2570 2397 2640 χέων
2425 2569 2766 2642 ἐπιδραμεῖν,
2799 2569 2986 2640 ἔχοντα
3015 2569 3206 2632 οὓτως·
3236 2571 3325 2622 Ms
3337 2569 3473 2640 ρίξει
3493 2568 3581 2621 τὸν
3613 2567 3753 2631 λόγον
3777 2568 3804 2633 ἡ

2261 2661 2590 2731 προφητεία.
2647 2661 2704 2713 ὐ
2739 2661 2837 2730 μὲν
2875 2661 2983 2730 γάρ
3021 2661 3170 2731 ὑπὲρ
3197 2659 3362 2730 ἡμῶν
3402 2660 3539 2730 πρὸς
3573 2658 3659 2712 τὸν
3699 2656 3811 2710 Θεὸν

2258 2751 2494 2819 γίνεται,
2533 2753 2598 2802 ἐκ
2629 2749 2719 2803 τοῦ
2765 2750 2942 2803 κοινοῦ
2985 2750 3084 2820 τῆς
3128 2749 3350 2818 φύσεως
3392 2747 3809 2820 προσαγομένηςυ

2259 2841 2288 2892 6
2314 2840 2370 2892 δὲ
2401 2840 2535 2910 πρὸς
2567 2841 2714 2910 ἡμᾶς
2746 2841 2810 2892 ἐκ
2852 2838 2944 2892 τοῦ
2977 2839 3116 2909 ὑπὲρ
3149 2838 3316 2909 ἡμῶν
3351 2837 3742 2906 ἀναδεξαμένου
3765 2835 3816 2886 τὸ

2262 2928 2449 2992 πάθος.
2487 2929 2566 2982 Τά
2599 2931 2696 3000 μέν
2734 2927 2826 2982 οὖν
2856 2929 2993 3000 ὑπὲρ
3023 2929 3202 2999 ἡμῶν,
3254 2929 3380 2982 ἐστὶ
3427 2927 3616 2982 ταῦτα·
3651 2947 3668 2978 ι
3711 2923 3813 2988 Ἐξ·

2263 3021 2384 3073 ελοῦ
2417 3037 2505 3092 με,
2535 3019 2552 3072 ἱ
2589 3020 2811 3090 λέγων,ι
2848 3019 3034 3073 ἐκτῶν
3065 3017 3281 3091 ἐχθρῶν
3301 3037 3425 3090 μου,
3444 3018 3640 3081 δθεδς,
3669 3016 3751 3070 καὶ
3766 3017 3819 3066 ἐκ

2260 3112 2368 3164 τῶν
2403 3112 2846 3182 ἐπανισταμένων
2891 3111 2976 3165 ἐπ’
3024 3112 3122 3181 ἐμὲ
3156 3109 3445 3182 λύτρωσαί
3491 3127 3580 3181 με.
3627 3109 3730 3163 Καὶ
3764 3109 3819 3159 ἐκ

2260 3204 2368 3257 τῶν
2394 3203 2772 3275 ἐργαζομένων
2807 3203 2902 3273 τὴν
2939 3202 3186 3272 ἀνομίαν,
3221 3203 3326 3256 καὶ
3358 3203 3420 3267 ἐξ
3448 3200 3653 3272 ἀνδρῶν
3676 3197 3823 3269 uiui-

2261 3313 2390 3359 των,
2423 3295 2471 3348 οἳ
2506 3294 2805 3366 ἐθήρευσαν
2851 3296 2948 3366 τὴν
2983 3294 3159 3365 ψυχήν
3200 3311 3338 3366 μου,
3385 3312 3408 3346 ι
3459 3295 3555 3347 καὶ
3597 3290 3824 3346 ἐπέθεντο

2266 3387 2529 3458 ἰσχυρῶς,
2553 3387 2701 3440 οὐδὲν
2730 3390 2860 3458 παρ’
2889 3387 3044 3458 ἡμῶν
3072 3387 3526 3458 προπεπονθότες
3555 3384 3733 3440 κακόν.
3759 3380 3823 3434 Οὐ

2262 3479 2370 3550 γὰρ
2385 3475 2627 3550 ἦμαρτόν
2639 3496 2690 3531 τι
2704 3479 2822 3531 κατ’
2840 3479 3082 3542 ἐκείνων,
3101 3477 3218 3536 οὐδέ
3235 3481 3394 3532 ἐστιν
3416 3478 3612 3548 ἀνομία
3628 3493 3705 3538 τις
3715 3475 3826 3543 παρ’

2261 3569 2420 3640 ἡμῶν
2451 3570 2541 3622 ἐπὶ
2568 3569 2742 3641 βλάϐῃ
2766 3568 2874 3624 τῶν
2905 3568 3112 3640 ἐχθρῶν
3141 3569 3514 3640 ἐνεργηθεωα
3535 3609 3550 3632 ,
3581 3567 3662 3638 ἐφ’
3695 3563 3832 3640 ᾗκαὶ

2264 3659 2676 3730 παροξύνονται.
2717 3661 2878 3712 Ἄνευ
2907 3660 3134 3729 ἀνομίας
3158 3655 3224 3731 ἦν
3259 3663 3400 3731 ἡμῖν
3428 3662 3458 3713 6
3493 3661 3704 3731 πρῶτος
3729 3657 3832 3726 δρό-

2267 3762 2386 3815 μος.
2441 3745 2580 3798 Ἀλλ’
2606 3746 2713 3800 ἰδοὺ
2739 3747 2807 3800 τὰ
2839 3747 3035 3812 πάντα,
3067 3748 3258 3818 φησιν,
3315 3743 3409 3803 οἷά
3439 3750 3576 3802 ἐστι.
3613 3747 3713 3801 Ἴδε
3753 3745 3832 3797 καὶ

2265 3837 2502 3909 πρόσχες
2553 3837 2648 3892 τοῦ
2693 3839 3112 3909 ἐπισκέψασθαι.
3181 3841 3300 3894 Καὶ
3352 3841 3431 3912 μὴ
3481 3840 3717 3909 ἀνασάλῃ
3762 3837 3836 3888 διὰ

2266 3928 2670 3998 φιλανθρωπίας
2702 3929 2843 3984 κατά
2878 3930 2986 3983 τῶν
3031 3930 3596 4003 πεπλημμεληκὸτων
3638 3929 3835 3994 ἐκδίκη·

2267 4037 2371 4073 σιν.
2403 4038 2422 4070 ε
2464 4020 2556 4090 Μὴ
2583 4021 2978 4094 οίκτειρήσῃς,›
3015 4021 3160 4092 γάρ,
3193 4023 3397 4093 φησὶν,
3436 4043 3456 4076 ‹
3494 4024 3700 4085 πάντας
3725 4017 3844 4077 τοὺς

2264 4111 2661 4182 ἐργαζομένους
2684 4111 2781 4182 τὴν
2806 4112 3053 4183 ἀνομίαν.
3094 4132 3111 4164 ι

2334 4199 2467 4256 Εἶτα
2499 4202 2723 4274 μετάγει
2738 4203 2827 4257 τὸν
2843 4202 2999 4273 λόγον
3015 4205 3106 4259 ἐπὶ
3128 4203 3188 4258 τὸ
3209 4205 3628 4277 ὑπερκείμενον
3651 4203 3840 4275 πρόσωο

590 4309 804 4359 sonam,
832 4293 1071 4366 dicitque
1093 4296 1250 4366 quasi
1285 4295 1402 4351 loco
1435 4295 1553 4365 ejus
1581 4297 1673 4367 qui
1711 4311 1900 4366 preces
1936 4295 2159 4376 exaudi-

2265 4312 2385 4360 πον,
2402 4294 2495 4350 καί
2517 4311 2680 4366 φησιν
2699 4295 2774 4359 ὡς
2806 4297 2869 4349 ἐκ
2890 4295 3178 4367 προσώπου
3197 4297 3296 4350 τοῦ
3310 4299 3413 4368 τῆς
3430 4297 3602 4368 εὐχῆς
3629 4289 3838 4348 ἐπακοὺ-

590 4383 748 4449 verit,
777 4385 912 4440 istos
939 4385 1122 4440 hostes
1145 4385 1210 4439 ad
1230 4400 1508 4456 vesperam
1536 4401 1856 4442 conversum
1883 4385 1971 4440 iri.
2007 4385 2159 4452 Quod

2268 4403 2476 4453 σαντος,
2493 4387 2574 4440 ὅτι
2589 4379 2734 4440 οὗτοι
2749 4389 2798 4440 οἱ
2815 4387 2907 4458 ἐχθ
2917 4387 2997 4460 ρο).
3011 4390 3089 4451 είς
3111 4387 3211 4458 τὴν
3227 4389 3485 4460 ἐσπέραν
3502 4387 3707 4442 ἑαυτῶν
3737 4386 3841 4437 ἐπιο

590 4475 724 4529 nibil
757 4475 904 4530 aliud
935 4485 1038 4539 est,
1073 4491 1236 4544 quam
1287 4475 1435 4546 ipsos
1481 4476 1536 4532 in
1578 4477 1830 4532 tenebras
1868 4477 2162 4534 exteriores

591 4565 875 4640 expulsum
909 4570 972 4623 iri
997 4587 1010 4623 :
1043 4586 1167 4624 nam
1195 4585 1418 4642 vespera
1443 4571 1694 4642 caliginis
1723 4570 2048 4642 principium
2077 4577 2162 4626 est

591 4667 648 4714 et
680 4661 932 4730 genitrix.
967 4678 986 4711 ι
1009 4661 1073 4713 Et
1098 4660 1290 4716 famem
1326 4661 1596 4731 patientur
1621 4669 1680 4716 ut
1707 4677 1923 4717 canes.»
1951 4661 2161 4728 Quibus

593 4750 739 4803 enim
775 4750 968 4804 salutis
997 4749 1250 4804 viaticum
1284 4765 1391 4804 non
1426 4751 1684 4821 suppetit,
1721 4752 1820 4807 hos
1853 4751 2174 4831 necessario.

594 4846 960 4907 consequetur
987 4855 1053 4894 ex
1080 4839 1220 4896 fante
1243 4842 1467 4909 penuria
1501 4842 1788 4896 bonorum.
1819 4840 1911 4897 Sic
1938 4842 2164 4898 esurivit

595 4931 652 4987 in
684 4929 899 4986 inferno
925 4930 1076 4986 dives
1101 4931 1286 4986 divino
1313 4929 1605 4986 destitutus
1635 4947 1780 4995 rore,
1825 4939 1880 4986 et
1922 4931 2052 5002 quia
2100 4932 2169 4986 ab

596 5023 682 5076 his
721 5023 880 5078 bonis
916 5023 1214 5093 imparatus
1259 5029 1396 5084 erat,
1428 5022 1549 5078 ideo
1574 5022 1806 5080 ﬂammis
1839 5023 1946 5078 illis
1977 5038 2170 5077 exure-

595 5113 828 5168 batur".
852 5111 956 5168 Sed
975 5126 1028 5169 et
1049 5132 1067 5164 ι
1091 5112 1401 5167 circuibunt
1438 5113 1733 5178 civitatem,
1754 5131 1774 5166 ι
1819 5113 2012 5181 inquit.
2066 5113 2166 5168 Cui

595 5203 760 5258 talem
781 5204 1082 5272 subjectam
1111 5203 1436 5258 sententiam
1467 5203 1724 5258 arbitror.
1761 5204 1895 5260 Cum
1925 5219 2088 5259 omne
2118 5204 2169 5259 id

597 5293 743 5364 quod
769 5293 1132 5363 abjiciendum
1159 5302 1214 5349 et
1245 5293 1436 5348 inutile
1458 5302 1542 5350 est
1567 5293 1633 5348 ad
1662 5294 1959 5350 viventium
1985 5311 2170 5359 usum,

597 5383 849 5454 ejiciatur
889 5390 1044 5439 extra
1078 5384 1374 5450 civitatem,
1415 5386 1528 5440 sive
1554 5385 1786 5440 cadaver
1838 5383 2020 5450 fuerit,
2057 5390 2172 5440 sive

2271 4476 2790 4547 στρέψονσιν.”υπερ
2801 4477 3086 4533 οὐδὲνάλλο
3102 4478 3316 4550 animi)
3330 4481 3417 4534 ὅτι
3431 4498 3456 4534 ε
3467 4483 3515 4545 ῖς
3529 4481 3592 4532 τὸ
3607 4477 3840 4545 ἐξώτερον

2271 4565 2458 4629 σκότος
2479 4565 2980 4639 συνελασθήσονται.
3011 4569 3077 4621 Ἠ
3090 4568 3198 4640 γὰρ
3219 4570 3446 4641 ἑσπέρα
3467 4571 3690 4633 σκότους
3717 4568 3838 4636 γίνει

2267 4674 2356 4710 ται
2377 4658 2517 4730 ἀρχή
2537 4674 2596 4710 τε
2611 4658 2702 4710 καὶ
2724 4659 2924 4729 μήτηρ.
2952 4659 3090 4711 «Καὶ
3110 4657 3457 4729 λιμώξουσιν
3473 4660 3551 4724 ὡς
3565 4659 3726 4715 κύων.
3739 4651 3843 4712 ιοῖς

2281 4745 2377 4818 (ἀρ
2403 4747 2503 4800 οὐκ
2527 4746 2643 4799 ἐστι
2667 4747 2938 4818 σωτηρίας
2960 4747 3190 4815 ἐφόδιον,
3220 4747 3286 4814 ἐξ
3315 4748 3578 4819 ἀνάγκης
3610 4751 3644 4817 ἡ
3679 4747 3738 4798 ἐκ
3765 4739 3842 4794 τοῦ

2268 4835 2427 4906 λιμοῦ
2465 4835 2574 4890 τῶν
2611 4836 2832 4905 ἀγαθῶν
2865 4837 3302 4909 ἐπακολουθήσει
3351 4837 3727 4908 ταλαιπωρία.
3762 4828 3846 4883 05-

2268 4945 2374 4992 τως
2404 4928 2665 4999 ἐλίμωξεν
2687 4930 2744 4982 ἐν
2765 4927 2839 4999 τῷ
2865 4927 2967 5000 ᾅδῃ
2992 4931 3020 4982 6
3043 4928 3328 4995 πλούσιος,
3357 4931 3465 5001 τῆς
3488 4929 3640 4992 θείας
3669 4923 3843 4995 δῴσου

2270 5020 2366 5092 ἔρη
2377 5038 2474 5090 μος
2497 5020 2593 5073 ὤν’
2619 5021 2712 5074 καὶ
2725 5021 2811 5074 διὰ
2827 5021 2887 5072 τὸ
2903 5021 3294 5091 ἀπαράσκευον
3314 5021 3416 5074 τοῦ
3437 5021 3683 5075 τοιούτου
3705 5010 3846 5072 εἶναι,

2269 5113 2337 5182 τῇ
2399 5112 2556 5181 φλογὶ
2609 5111 2990 5180 κατεφλέγετο.
3045 5111 3202 5164 Ἀλλὰ
3256 5113 3361 5166 καὶ
3425 5130 3446 5164 α
3506 5107 3846 5164 Κυκλώσουσι

2268 5201 2448 5263 πόλιν,
2474 5219 2490 5252 ι
2527 5201 2706 5271 φησίν.
2747 5202 2923 5271 Ὅπερ
2946 5200 3186 5254 τοιοῦτόν
3222 5202 3323 5270 μοί
3353 5218 3485 5256 τινα
3502 5199 3628 5254 νοῦν
3660 5199 3847 5260 ὑποση-

2272 5294 2484 5364 μαίνειν
2521 5294 2689 5346 δοκεῖ.
2746 5292 2964 5364 Ἐπειδὴ
3015 5294 3124 5346 πᾶν
3159 5293 3218 5345 τὺ
3250 5293 3488 5365 ἀχρεῖον
3516 5309 3577 5345 τε
3605 5289 3696 5344 καὶ
3727 5281 3840 5336 ἀπό-

2267 5383 2480 5454 ϐλητον,
2532 5386 2607 5446 ὡς
2650 5384 2786 5454 πρὸς
2823 5383 2922 5452 τὴν
2959 5382 3068 5435 τῶν
3113 5381 3340 5446 ζώντων
3372 5384 3599 5454 χρῆσιν,
3639 5378 3741 5441 ἔξω
3770 5372 3845 5442 ρι’

597 5474 728 5546 quid
750 5474 897 5530 aliud
915 5481 1255 5545 corruptum,
1287 5476 1402 5532 sive
1431 5475 1749 5548 graveolcus
1765 5489 2004 5542 cmnum,
2023 5477 2159 5532 circa

2272 5491 2459 5529 πτεται
2497 5476 2592 5544 τῆς
2619 5475 2842 5540 πόλεως,
2893 5477 3014 5542 εἴτε⁸
3037 5473 3228 5546 νεκρὸν
3261 5475 3364 5528 καὶ
3402 5470 3708 5544 διεφθορὸς,
3750 5463 3848 5516 εἴτε

670 5652 890 5713 "Num.
919 5669 1013 5726 vn,
1043 5654 1109 5710 10
1137 5663 1317 5728 sqq.ct
1340 5655 1466 5712 alibi
1492 5655 1716 5728 passim.

1831 5658 1873 5688 η
1899 5655 2070 5714 Levit.
2094 5674 2200 5724 xvt,
2233 5658 2292 5714 lb'
2324 5674 2443 5729 sqq.

2561 5658 2599 5688 ίτ
2631 5656 2761 5711 Luc.
2797 5670 2907 5722 τινι,
2937 5654 3028 5709 at.
