4018 6334
249 104 335 164 605
1548 121 1612 176 ΙΝ
1648 121 1727 176 PS

1828 122 1984 180 510$.
3325 131 3424 182 606

239 225 439 296 δυσώδης
469 243 543 291 τις
578 229 806 300 κόπρος
838 234 966 303 περὶ
993 233 1029 288 ἃ
1054 234 1157 288 ὑπὸ
1179 237 1278 306 τῆς
1303 237 1397 290 τοῦ
1431 237 1590 308 λιμοῦ
1624 240 1726 292 ἀνά

1854 254 1974 308 qua:
2017 253 2124 308 pra:
2171 237 2330 293 famis
2371 239 2756 308 magnitudine,
2802 253 2968 295 canes
3006 248 3301 309 occupatos
3336 245 3419 297 in-

237 335 353 387 γκης
391 320 433 371 oi
473 318 620 383 κύνες
645 322 1047 392 ὲξευρίσκονται
1075 363 1092 388 ,
1144 324 1221 396 τῷ
1256 326 1412 397 ῥύπῳ
1447 327 1524 398 τῷ
1559 329 1621 380 ὲκ
1653 331 1753 399 τῆς

233 404 406 470 πόλεως
428 408 793 481 ὲκὸαλλομένῳ
823 412 1232 481 ὲμῦιοτεύοντες
1250 432 1264 446 ο
1308 416 1395 469 διὰ
1425 417 1616 470 τούτου
1643 417 1750 472 τῶν

229 499 277 550 ἑν
301 500 444 571 ἀρετῇ
482 501 570 553 καὶ
604 504 770 574 κακία
802 503 1018 568 ζώντων
1056 505 1154 577 τὴν
1191 507 1452 579 διαφορὰν
1482 510 1750 563 διδάσκων

225 591 249 640 6
275 590 436 657 λόγος,
469 594 524 644 ἐν
571 593 646 662 τῷ
682 597 781 665 τῆς
820 596 1024 661 πόλεως
1067 597 1410 670 διασημαίνει
1443 601 1745 671 αἰνίγματα’

227 682 355 733 πόλιν
378 682 556 750 λέγων,
589 685 686 754 τὴν
721 687 826 740 ὑπὸ
862 688 962 758 τῆς
993 690 1195 760 ἀρετῆς
1225 692 1630 762 συνῳκισμένην
1660 693 1746 744 εῦ-

222 776 370 842 πρεπῆ
404 791 457 826 τε
496 776 587 827 καὶ
621 777 924 832 εῦδιάοετον
969 781 1243 837 πολιτείαν
1267 799 1280 813 ·
1315 784 1381 836 τὰ
1423 784 1479 836 δὲ
1516 783 1620 847 ἔξω
1646 787 1746 855 τῆς

223 861 420 924 πόλεως,
446 863 538 933 τὴν
572 867 635 917 ἐκ
667 869 761 920 τοῦ
799 869 1040 924 ἐναντίου
1079 872 1610 944 παραθεωρουμένην
1642 891 1741 927 κα-

217 947 314 996 κίαν
339 947 496 1015 δηλοῖ,
537 953 593 1001 ἐν
700 955 849 1006 πᾶσα
881 955 914 1024 ἡ
942 955 1035 1008 τοῦ
1067 959 1408 1030 ἀστειοτέρου
1451 959 1565 1028 βίου
1603 960 1740 1012 dmo-

216 1037 315 1107 δολή
341 1039 416 1100 τίς
435 1042 577 1093 ἐστιν
605 1041 845 1115 δυσώδης
875 1048 1136 1116 ἁμαρτία,
1167 1051 1200 1119 ἥ
1233 1049 1295 1102 ἔκ
1316 1067 1372 1102 τε
1395 1050 1493 1121 τῆς
1529 1051 1742 1121 σήψεως

213 1127 296 1179 τῶν
321 1129 590 1198 σωμάτων,
625 1133 719 1185 καὶ
748 1135 810 1186 ἐκ
837 1135 933 1204 τῆς
963 1140 1211 1210 ῥυπαροῖς
1243 1139 1448 1211 κόπρου
1484 1159 1738 1194 συνιστα⁴

217 1217 323 1285 μένη
351 1219 675 1289 εὑρίσκεται.
725 1223 934 1278 Οὐκοῦν
963 1227 1063 1297 τῆς
1113 1230 1210 1299 μὲν
1259 1229 1468 1294 πόλεως
1501 1233 1739 1304 οἰκήτωρ

212 1309 361 1373 ἐστὶν,
392 1311 450 1362 τὸ
487 1313 634 1381 μέγα
665 1316 759 1367 καὶ
797 1315 975 1386 τίμιον
1008 1319 1219 1390 χρῆμα,
1261 1324 1289 1375 6
1331 1323 1498 1386 ὅντως
1533 1323 1740 1395 ἄνθρω-

211 1415 306 1461 πος,
333 1401 418 1455 καὶ
465 1404 554 1455 τὸν
596 1405 656 1470 ἐξ
698 1407 871 1477 ἀρχῆς
913 1409 1270 1480 ἐπιϐληθέντα
1301 1416 1623 1485 χαρακτῆρα
1668 1420 1733 1486 τῇ

211 1488 334 1556 vim
361 1490 441 1543 διὰ
471 1491 561 1544 τοῦ
597 1493 715 1561 βίου
767 1498 1196 1568 μεμορφωμένον
1229 1501 1384 1571 ἔχων.
1429 1505 1484 1556 '0
1513 1503 1568 1556 δὲ
1611 1507 1736 1576 περὶ

1856 329 2040 384 venire
2063 329 2206 393 licet,
2246 337 2522 384 versantes
2553 330 2605 383 in
2633 319 2884 384 sordibus
2911 337 3060 384 extra
3089 331 3273 385 urbem
3306 348 3425 385 ev».

1857 419 1910 472 hi
1944 419 2152 486 solitis;
2178 429 2464 488 propterea
2486 434 2672 473 eorum
2699 420 2788 487 qui
2822 435 2942 473 cum
2976 421 3194 483 virtute,
3238 431 3292 475 et
3327 440 3421 477 eo-

1852 527 1970 564 rum
2020 512 2111 581 qni
2161 512 2213 565 in
2259 512 2556 566 sceleribus
2594 511 2802 575 vivunt,
2845 511 3138 565 discrimen
3179 513 3419 569 iudicare

1849 602 2036 657 volens
2059 603 2254 665 oratio,
2297 603 2346 655 id
2381 603 2617 657 civitatis
2639 603 2923 671 aenigmate
2955 603 3258 670 signiﬁcat;
3287 604 3419 656 civi-

1849 699 2010 746 tatem
2042 694 2184 746 enim
2215 694 2456 747 nominat
2490 694 2633 746 illam
2675 693 2883 747 vivendi
2919 695 3203 755 rationem,
3235 707 3354 761 qua:
3387 709 3416 746 a

1846 790 2046 836 vrrtute
2071 785 2225 852 quasi
2249 784 2524 849 incolitur,
2551 791 2604 838 et
2649 783 2714 837 ad
2739 798 2953 837 omnem
2999 783 3300 838 decentiam
3332 801 3418 837 re-

1845 879 2100 942 ctumque
2127 874 2370 928 ordinem
2401 873 2794 928 conformatur.
2831 875 2897 926 At
2931 889 3050 942 quae
3083 884 3234 928 extra
3283 877 3418 929 civi-

1849 970 2009 1017 tatem
2045 973 2192 1026 sunt,
2227 965 2537 1034 signiﬁcant
2563 969 2867 1034 oppositam
2911 945 3093 1019 virtuti
3131 967 3414 1032 malitiam,

1843 1053 1897 1107 in
1934 1070 2039 1123 qua
2073 1055 2313 1110 invenire
2349 1064 2432 1110 est
2469 1071 2684 1110 omnem
2731 1056 3147 1126 graveolentiam
3178 1057 3412 1125 peccati,

1841 1144 1998 1212 quasi
2031 1145 2339 1199 urbanioris
2373 1146 2496 1200 vitae
2528 1147 2928 1211 retrimentum,
2979 1147 3093 1201 sive
3131 1163 3194 1202 ex
3229 1159 3415 1216 putre-

1840 1232 1966 1288 dine
1995 1249 2309 1304 corporum,
2335 1237 2448 1291 sive
2478 1253 2543 1291 ex
2589 1237 2869 1292 immundo
2914 1253 3071 1292 emno
3125 1238 3410 1295 conﬁetur.

1840 1323 2107 1388 Quocirca
2123 1324 2360 1379 civitatis
2390 1326 2564 1379 incola
2579 1326 2834 1379 eximium
2854 1325 3108 1396 quiddam
3135 1333 3288 1380 estet
3320 1343 3410 1381 ve-

1840 1417 2164 1480 nerandum,
2203 1433 2326 1469 vere
2361 1417 2546 1478 homo,
2602 1433 2856 1485 eumque,
2908 1432 3069 1486 quem
3127 1417 3215 1470 ab‘
3255 1419 3411 1470 initio

1838 1511 2045 1557 natura:
2093 1507 2414 1573 impressum
2453 1505 2660 1573 accepit
2696 1505 3088 1569 characterem,
3134 1505 3248 1574 ipsa
3299 1505 3408 1559 vita

207 1580 260 1631 ra
282 1580 367 1642 ἔξω
393 1583 486 1651 τῆς
515 1581 726 1647 πόλεως
758 1585 1246 1658 ἀναστρεφόμενος,
1273 1591 1416 1645 κύων
1446 1595 1609 1655 ἐστὶν,
1645 1596 1727 1648 καὶ

1836 1611 1932 1648 sua
1962 1611 2277 1664 expressmn
2312 1596 2726 1650 circumferens.
2796 1596 2864 1648 At
2916 1596 3008 1664 qui
3065 1611 3184 1650 sese
3239 1596 3292 1649 in
3341 1597 3409 1651 iis

209 1671 283 1720 οὐκ
308 1671 593 1742 ἄνθρωπος,
635 1674 777 1726 ὥστε
824 1677 1055 1750 φανερὸν
1085 1675 1224 1733 εἶναι
1255 1682 1438 1746 παντὶ,
1481 1683 1598 1748 πῶς
1632 1687 1734 1756 χρὴ

207 1759 455 1830 διακρίνειν
501 1765 629 1827 τοὺς
659 1765 826 1829 κύνας
859 1769 966 1820 ἀπὸ
994 1769 1102 1822 τῶν
1150 1772 1289 1826 κατὰ
1318 1773 1478 1841 φύσιν
1524 1776 1734 1847 ἀνθρώ-

208 1867 312 1914 πων,
341 1854 431 1905 οὐκ
468 1857 530 1907 ἐκ
565 1856 663 1908 τοῦ
721 1860 996 1930 σχήματος
1038 1860 1180 1930 λέγω
1207 1865 1306 1933 τῆς
1338 1867 1432 1918 τοῦ
1482 1867 1734 1938 σώματος

207 1941 512 2009 διαπλάσεως,
550 1946 670 1999 ἀλλ’
701 1951 764 2002 ὲκ
790 1951 885 2020 τῆς
911 1953 1050 2006 κατὰ
1079 1955 1170 2007 τὸν
1210 1955 1320 2024 βίον
1353 1957 1631 2029 διαφορᾶς.
1677 1961 1733 2014 Ὀ

207 2032 286 2102 γὰρ
317 2035 402 2104 τῆς
447 2038 711 2109 ἐναρέτου
763 2042 966 2106 πόλεως
1029 2043 1268 2109 ἔνοικος,
1321 2049 1535 2119 ἀληθῶς
1585 2053 1732 2104 ἐστιν

207 2125 441 2195 ἄνθρωπος
461 2144 473 2156 ·
510 2132 556 2182 εί
584 2130 645 2183 δέ
677 2148 761 2195 τις
793 2133 921 2202 περὶ
958 2134 1055 2205 τὴν
1093 2135 1301 2208 δυσώδη
1346 2138 1663 2204 ἀκολασίαν,
1696 2141 1728 2209 ἢ

206 2216 277 2284 τὴν
303 2223 762 2294 περιττωματικὴν
805 2222 1132 2290 πλεονεξίαν,
1175 2228 1241 2298 ἣν
1285 2231 1488 2300 κυρίως
1535 2231 1599 2284 ἄν
1630 2249 1708 2295 τις

205 2306 437 2375 ὀνομάσειε
484 2311 714 2381 κόπρον,
747 2311 778 2382 ἢ
821 2315 945 2382 περὶ
971 2313 1042 2366 τὰ
1082 2314 1215 2368 ἄλλα
1247 2318 1346 2386 τῆς
1383 2318 1580 2382 κακίας
1618 2320 1730 2390 εἴδη

201 2395 276 2463 τὴν
300 2400 508 2468 σπουδὴν
536 2400 676 2469 ἔχοι,
703 2401 806 2467 ἔξω
826 2402 920 2455 τοῦ
945 2404 1143 2457 κύκλου
1166 2407 1264 2476 τῆς
1289 2407 1492 2472 πόλεως
1515 2409 1730 2478 ἐκείνης

202 2485 498 2556 πὶανώμενός
543 2507 603 2542 τε
640 2491 736 2544 καὶ
771 2492 1103 2563 περιέρπων,
1143 2496 1241 2566 βοᾷ
1277 2497 1396 2550 καθ’
1437 2497 1630 2550 ἑαυτοῦ
1669 2499 1730 2550 τὸ

204 2576 321 2628 κύων
347 2575 472 2632 εἶναι
501 2622 514 2642 ,
568 2582 1052 2655 μεταπλασοείσης
1081 2587 1188 2638 ἀπὸ
1216 2587 1314 2656 τῆς
1357 2591 1436 2651 είς
1477 2589 1567 2640 τὸν
1601 2589 1730 2642 Θεὸν

198 2663 495 2737 ὁμοιότητος,
545 2672 643 2724 ἐπὶ
693 2672 758 2724 τὸ
798 2674 1036 2738 κυνῶδες
1067 2677 1167 2746 τῆς
1215 2677 1448 2746 φύσεως.
1484 2681 1644 2744 Νοεῖς
1675 2680 1728 2733 δὲ

197 2760 370 2824 παντως
394 2762 478 2815 διὰ
495 2764 616 2816 -τῶν
644 2771 824 2817 κυνῶν
852 2765 942 2818 τὸν
971 2768 1264 2838 ἀρχέγονον
1293 2769 1450 2835 κύνα,
1484 2771 1573 2824 τὸν
1602 2789 1731 2843 σαρ-

196 2847 377 2919 ﬁdem
426 2869 483 2906 τε
531 2854 629 2908 καὶ
690 2853 1168 2925 ἀνθρωποκτόνον,
1234 2858 1413 2922 καθώς
1481 2877 1643 2930 φησιν
1693 2862 1724 2929 ἡ

194 2937 364 3010 Γραςή.

239 3140 331 3190 Καὶ
365 3138 429 3192 τὰ
471 3141 679 3211 ἐφεξῆς
712 3141 803 3195 τοῦ
831 3142 1042 3214 ψαλμοῦ
1070 3145 1359 3217 διαγράφει
1388 3149 1484 3217 τὴν
1515 3148 1722 3220 κυνώδη

184 3224 315 3297 ζωὴν.
365 3231 503 3284 Ἀντὶ
547 3233 661 3304 γὰρ
690 3235 788 3305 τῆς
816 3235 1023 3306 ὑλακῆς
1054 3236 1289 3306 φθόγγον
1319 3239 1441 3292 τινὰ
1487 3240 1575 3293 διὰ
1607 3242 1726 3294 στό-

182 3334 314 3383 ματος
337 3322 511 3374 αὐτῶν
546 3325 806 3391 γενέσθαι
849 3327 1017 3395 λέγει,
1049 3331 1143 3381 καὶ
1170 3329 1291 3382 ἀντί⁵
1332 3330 1438 3382 τῶν
1473 3333 1714 3384 κυνοδὸν-

179 3423 260 3458 των
293 3413 564 3482 ῥομφαίαν
624 3419 742 3478 τοῖς
787 3417 1020 3486 χείλεσιν
1071 3413 1482 3492 ὐποκεκρύφθαι
1537 3421 1722 3491 φησὶν,

168 3500 281 3554 οὕτω
307 3505 477 3572 λέγων
507 3509 625 3570 τοῖς
655 3509 918 3578 ῥήμασιν·
958 3529 976 3562 ι
1032 3511 1162 3565 Ἰδοὺ
1193 3511 1622 3581 ἀποφθέγξονται
1666 3514 1724 3567 ὲν

169 3589 228 3658 τῷ
269 3595 486 3665 στόματι
544 3599 755 3666 αὐτῶν,
803 3602 898 3654 καὶ
945 3603 1184 3673 ῥομφαία
1231 3607 1290 3657 ὲν
1325 3609 1438 3667 τοῖς
1489 3606 1724 3676 χείλεσιν

159 3682 320 3739 αὑτῶν.
362 3706 379 3737 ι
447 3689 624 3741 Ἀλλὰ
658 3689 730 3741 τὰ
769 3690 974 3762 φοϐερὰ
1006 3693 1179 3748 ταῦτα
1216 3698 1328 3758 τοῖς
1376 3697 1466 3749 τὸν
1499 3697 1630 3750 Θεὸν
1663 3700 1722 3751 ὲν

159 3771 334 3838 ἑαυτοῖς
367 3778 556 3847 έχουσι
581 3780 760 3848 γέλως
793 3783 959 3839 ἐστιν.
984 3803 1001 3834 ι
1027 3785 1098 3836 Σὺ
1125 3804 1143 3835 ι
1171 3785 1298 3857 γὰρ,
1335 3789 1515 3857 φησὶν,
1560 3809 1576 3840 ι
1610 3790 1723 3842 Κύ-

148 3869 588 3960 ρικηὲκγελὰσῃ
627 3872 848 3938 αὐτούς·
874 3874 984 3940 ἐγὼ
1012 3875 1070 3928 δὲ
1110 3876 1170 3929 τὸ
1203 3879 1402 3948 κράτος
1442 3896 1543 3949 μου
1585 3880 1720 3949 πρὸς

147 3955 193 4001 οὲ
215 3955 447 4020 ςλυλάξω.
493 3978 512 4009 ι
556 3961 675 4012 Καὶ
703 3962 818 4029 μετ’
848 3963 1002 4030 ὀλίγα
1031 3965 1332 4034 προμηνῦει
1361 3966 1458 4038 τὴν
1487 3968 1720 4039 ὁρισθεί-

137 4057 216 4094 σαν
246 4048 347 4100 ὑπὸ
380 4050 484 4104 τοῦ
539 4052 690 4104 Θεοῦ
721 4053 813 4105 ἐπὶ
855 4053 949 4106 τοῦ
983 4054 1113 4107 ἰδίου
1154 4056 1472 4127 πλάσματος
1512 4060 1719 4113 οἰκονο-

135 4131 260 4198 μίαν.
285 4139 428 4208 Φησὶ
458 4142 583 4212 γάρ
605 4158 622 4172 ο
654 4143 748 4213 Μὴ
778 4144 1100 4217 ἀποκτείνῃς
1143 4147 1362 4212 αὐτοὺς,
1395 4149 1530 4202 ἀλλὰ
1559 4151 1721 4205 κατά-

127 4234 242 4288 γαγε
273 4227 486 4291 αὐτοὺς
525 4229 648 4282 ἀπὸ
671 4229 764 4282 τοῦ
795 4230 961 4301 ὕψους
988 4234 1086 4304 τῆς
1106 4234 1304 4298 κακίας
1327 4238 1405 4300 εἰς
1430 4237 1491 4290 τὸ
1522 4239 1716 4292 ἐπίπε-

222 4330 283 4408 τε
316 4319 426 4370 καὶ
473 4319 700 4389 ὁμαλὸν
741 4321 839 4391 τῆς
863 4322 1003 4375 κατὰ
1031 4323 1166 4376 Θεὸν
1201 4323 1492 4390 πολιτείας.
1539 4329 1716 4400 Ὅπερ

119 4397 172 4496 ξή
203 4403 290 4496 καὶ
336 4407 578 4472 Παῦλος
617 4411 648 4462 6
678 4410 883 4480 μέγας,
917 4411 1012 4464 καὶ⁵
1061 4413 1087 4464 6
1116 4413 1425 4480 Βαπτιστὴς
1463 4397 1714 4489 Ἰωάννης

117 4490 379 4560 ἐποίησεν.
458 4499 560 4550 Ἐν
627 4499 824 4570 Παύλῳ
875 4501 994 4570 μὲν,
1039 4501 1469 4573 καϐαιρουμένου
1517 4507 1715 4572 παντὸς

119 4574 420 4651 tyrr-351110;,
467 4588 578 4641 τοῦ
626 4590 765 4643 κατὰ
808 4591 905 4661 τῆς
937 4591 1087 4656 Θείας
1132 4592 1387 4661 γνώσεως
1415 4597 1713 4668 ἐπαιρομέ-

116 4681 189 4716 Wa
214 4687 226 4698 '
263 4672 370 4725 ὑπὸ
392 4676 455 4727 δὲ
501 4678 789 4743 Ἰωάννου,
819 4681 958 4734 κατὰ
977 4682 1074 4753 τὴν
1101 4685 1436 4754 προφητείαν
1469 4685 1712 4753 Ἡσαΐου,

119 4761 298 4824 truth;
334 4765 546 4834 ὅρους,
601 4770 698 4821 καὶ
732 4770 922 4840 βουνοῦ
963 4772 1101 4843 πρὸς
1139 4774 1201 4826 τὸ
1247 4775 1500 4829 ταπεινὸν
1549 4795 1717 4834 κατα-

123 4855 415 4939 ῖπωμένου.
437 4860 526 4910 Δι’
558 4853 648 4912 ὧν
674 4861 1034 4934 μανθάνομεν,
1059 4865 1140 4917 ὅτι
1168 4867 1277 4920 τῶν
1301 4868 1398 4938 μὲν
1421 4867 1719 4939 ἀνθρώπων

125 4934 413 5036 ﬁliai-r231»;
438 4947 553 4998 οὐκ
587 4948 761 5014 ἔσται,
797 4951 884 5004 ἵνα
919 4955 992 5022 μὴ
1016 4953 1077 5006 τὸ
1096 4953 1234 5014 θεῖον
1255 4934 1415 5034 ἔργον
1446 4934 1715 5032 ἀχέειωοῇ

217 5032 569 5132 ἁνυῖεαρκτῳ
597 5040 1018 5132 αφανιζόμενον.
1069 5046 1204 5108 Ἀλλ’
1224 5032 1340 5116 dny
1363 5051 1548 5109 αὐτῶν
1581 5051 1717 5103 ἁπο-

136 5125 279 5226 ιαῐτῐιι
313 5126 345 5193 ἡ
376 5127 670 5226 any-aptis,
718 5133 928 5226 nisi;
970 5134 1028 5186 τὸ
1062 5141 1134 5219 μὴ
1184 5156 1242 5222 δν
1288 5148 1706 5226 περιστήσεται.

155 5209 454 5313 Ebur?“
494 5220 693 5313 ’,τδερυ
724 5224 908 5313 and”;
944 5243 967 5313 .σ
1001 5209 1468 5313 magni-av
1504 5209 1600 5289 imi
1627 5234 1710 5287 λά

153 5280 262 5330 πμ
329 5280 387 5332 ιιι
539 5280 688 5342 κνᾷ-⁵,
734 5280 746 5291 ’
786 5280 797 5293 ’
890 5280 903 5290 ’
941 5311 953 5325 ο
1065 5280 1465 5342 Ντοςαυῖψ
1505 5280 1599 5289 ’Μ’
1629 5280 1684 5287 ἠ

159 5327 221 5358 Α
248 5319 471 5369 χειλέων
497 5325 706 5363 αδυωθ.
745 5329 764 5362 ι
802 5311 908 5362 Καὶ
933 5329 1260 5447 υπερηφρνίὼ
1307 5338 1422 5416 καὶ
1446 5325 1596 5403 ἀρὰ,
1623 5321 1716 5377 καὶ

1155 5403 1260 5452 νιαι

251 5477 459 5538 "Jcan.
489 5499 614 5550 mi,
649 5487 725 5542 ﬂ.
839 5484 924 5536 "l!
947 5487 1029 5566 Cor

1065 5629 1115 5705 ι,
1154 5590 1214 5667 5'

1838 1704 1958 1757 qua:
1983 1697 2133 1742 extra
2166 1688 2436 1744 civitatem
2468 1697 2615 1752 sunt,
2656 1697 2906 1758 occupat,
2962 1688 3113 1741 canis
3146 1695 3250 1753 est,
3301 1702 3405 1741 non

1835 1779 2017 1845 homo,
2051 1789 2109 1834 ut
2137 1781 2363 1849 proinde
2391 1780 2647 1834 erunibus
2680 1779 2897 1848 planum
2938 1779 3028 1842 sit,
3053 1793 3158 1848 qua
3197 1779 3407 1832 ratione

1833 1870 2143 1926 discernere
2171 1879 2418 1941 oporteat
2450 1885 2634 1932 canes,
2665 1870 2734 1923 ab
2765 1870 2870 1922 illis
2900 1870 2990 1938 qui
3037 1879 3229 1922 natura
3277 1877 3405 1923 sunt

1834 1962 2112 2017 homines:
2150 1979 2259 2016 non
2290 1963 2434 2017 enim
2463 1962 2756 2016 discrimen
2790 1961 2892 2014 hoc
2920 1976 2980 2014 ex
3014 1960 3188 2014 elﬁcta
3211 1976 3406 2029 corpo-

1831 2055 1908 2109 ris
1933 2053 2103 2109 forma
2135 2055 2422 2123 petendum
2448 2062 2553 2118 est,
2571 2055 2664 2110 sed
2689 2071 2753 2108 ex
2772 2053 3072 2107 differentia
3094 2053 3211 2106 vita:
3239 2067 3400 2121 quam

1830 2145 2036 2198 vivunt.
2066 2143 2197 2197 Nam
2222 2145 2312 2214 qui
2348 2145 2581 2199 civitatis
2607 2146 2805 2198 virtute
2834 2145 3072 2214 przedita:
3126 2143 3400 2197 inhabita-

1829 2245 1917 2293 tor
1947 2247 2050 2300 est,
2085 2241 2171 2292 ille
2205 2255 2332 2295 vere
2362 2240 2526 2293 homo
2560 2249 2659 2294 est.
2690 2239 2842 2304 Quod
2874 2240 2917 2293 si
2948 2238 3072 2306 quis
3109 2238 3253 2292 circa
3283 2236 3404 2290 feti-

1780 2369 1790 2379 .
1829 2332 1952 2386 dam
1987 2333 2478 2400 intemperantiam,
2520 2339 2611 2384 aut
2646 2331 2792 2384 circa
2825 2331 3150 2398 superfluam
3183 2327 3400 2397 cupidi-

1827 2427 2014 2480 tatem,
2046 2436 2206 2487 quam
2237 2421 2360 2488 quis
2396 2419 2610 2488 proprie
2658 2419 3017 2472 nominaverit
3046 2433 3284 2484 caenum,
3317 2417 3401 2471 vel

1829 2511 1884 2563 in
1903 2511 2024 2564 aliis
2040 2511 2403 2579 improbitatis
2429 2510 2719 2580 generibus
2736 2510 2978 2562 studium
2997 2519 3051 2564 et
3077 2509 3397 2562 industriam

1828 2604 2075 2666 collocat,
2104 2611 2255 2656 extra
2279 2603 2540 2657 ambitum
2571 2601 2808 2656 civitatis
2843 2601 2990 2655 illius
3035 2601 3319 2658 oberrans,
3354 2600 3402 2655 is

1828 2694 1894 2748 de
1920 2694 2101 2762 seipso
2126 2693 2273 2746 clara
2305 2703 2435 2747 voce
2457 2701 2705 2755 testatur,
2731 2707 2790 2746 se
2829 2707 3018 2746 canem
3043 2705 3184 2753 esse,
3219 2699 3400 2745 trans-

1828 2783 2056 2838 formata
2099 2784 2210 2846 illa,
2253 2798 2415 2854 quam
2457 2799 2579 2838 cum
2609 2783 2720 2839 Deo
2748 2784 3000 2846 habebat,
3051 2782 3400 2837 similitudine

1829 2876 1885 2928 in
1919 2874 2169 2928 caninam
2194 2883 2464 2927 naturam.
2493 2873 2600 2928 Nec
2615 2874 2876 2944 est,quod
2912 2888 3008 2944 per
3037 2888 3200 2927 canes
3229 2873 3393 2926 alium

1761 2951 1802 3006 (ἶ
1837 2966 2126 3034 intelligas,
2176 2980 2337 3034 quam
2361 2964 2674 3034 primaevum
2710 2965 2858 3018 illum
2889 2979 3110 3024 canem,
3147 2962 3398 3016 carnivo-

1829 3072 1947 3110 rum
1981 3068 2034 3110 et
2060 3055 2407 3119 homicidam,
2435 3063 2493 3108 ut
2531 3055 2811 3123 Scriptura
2847 3048 3166 3124 loquitur".

1899 3143 2125 3215 Reliqua
2151 3145 2334 3200 itidem
2360 3145 2553 3212 psalmi
2585 3145 2902 3200 describunt
2927 3143 3176 3197 caninam
3209 3143 3393 3198 vitam.

1827 3233 1960 3289 Nam
1989 3236 2108 3290 loco
2135 3236 2367 3291 latratus
2389 3238 2588 3289 ‘sonum
2617 3235 2904 3305 quemdam
2943 3250 3010 3289 ex
3051 3249 3145 3288 ore
3180 3233 3395 3286 illormn

1824 3326 2062 3395 prodire,
2090 3334 2143 3380 et
2171 3327 2293 3380 loco
2345 3325 2589 3381 dentium
2639 3327 2960 3380 caninorum
3011 3324 3248 3396 gladium
3296 3325 3398 3379 sub

1825 3416 1984 3470 labiis
2008 3431 2194 3471 eorum
2219 3417 2594 3472 absconditum
2616 3417 2771 3470 dicit.
2801 3415 2892 3470 Sic
2913 3417 3056 3470 enim
3083 3415 3247 3470 verba
3275 3429 3396 3469 sese

1825 3507 2064 3563 habent:
2103 3507 2274 3582 «Ecce
2301 3508 2590 3577 loquentur
2623 3507 2676 3560 in
2699 3523 2792 3562 ore
2821 3523 2942 3570 suo,
2995 3516 3047 3560 et
3077 3506 3290 3575 gladius
3341 3505 3397 3559 in

1823 3599 1982 3654 labiis
2009 3614 2250 3654 eorum.»
2281 3597 2384 3652 Sed
2416 3597 2649 3652 terriﬁca
2684 3596 2797 3651 haec
2823 3597 2968 3650 risus
2991 3602 3118 3650 sunt
3148 3595 3276 3656 illis,
3301 3595 3394 3660 qui

1824 3688 1990 3745 Deum
2025 3705 2206 3743 secum
2239 3689 2471 3754 habent;
2519 3687 2593 3740 ait
2619 3688 2761 3740 enim
2789 3703 2802 3739 :
2859 3704 2874 3735 ι
2897 3685 2962 3738 Et
2995 3695 3082 3751 tu,
3132 3683 3392 3744 Domine,

1821 3779 2093 3836 deridebis
2123 3792 2377 3847 eos;ego
2410 3791 2539 3832 vero
2566 3776 2940 3832 fortitudinem
2993 3789 3166 3829 meam
3215 3773 3280 3827 ad
3341 3783 3393 3828 te

1822 3872 2184 3928 custodiam.)
2226 3870 2288 3923 Et
2319 3878 2442 3939 post
2474 3883 2646 3938 pauca
2680 3867 3064 3938 praesigniﬁcat
3114 3865 3390 3921 definitam

1820 3978 1852 4016 a
1884 3962 1994 4018 Deo
2023 3977 2188 4032 super
2212 3976 2312 4017 suo
2333 3959 2589 4030 ﬁgmento
2619 3960 2980 4013 teconomiam
3007 3965 3060 4012 et
3082 3955 3394 4027 dispositio-

1819 4071 1980 4122 nem;
2014 4053 2144 4109 dicit
2179 4057 2321 4109 enim
2349 4072 2361 4106 :
2409 4051 2487 4107 Ne
2510 4051 2728 4107 occidas
2759 4067 2876 4116 eos,
2899 4050 2990 4106 sed
3018 4049 3240 4103 detrahe
3271 4049 3393 4102 illos

1819 4145 1888 4200 ab
1917 4144 2201 4199 altitudine
2227 4142 2445 4197 malitiae
2473 4142 2528 4196 in
2561 4141 2878 4211 aequabilem
2911 4139 3207 4210 et'planam
3237 4137 3384 4190 illam

1818 4233 2033 4289 vivendi
2073 4233 2370 4296 rationem,
2413 4246 2535 4302 quae
2576 4229 2875 4286 secundum
2924 4227 3092 4282 Deum
3139 4226 3385 4281 institui-

1823 4335 1956 4381 tur:
1993 4325 2138 4394 quod
2192 4334 2246 4380 et
2295 4323 2498 4378 Paulus
2554 4335 2784 4394 magnus
2835 4320 2926 4376 ille
2971 4319 3280 4390 apostolus.
3334 4325 3389 4372 et

1836 4413 2075 4470 Joannes
2106 4413 2342 4484 Baptista
2377 4413 2620 4466 fecerunt
2646 4429 2659 4466 :
2695 4409 2897 4464 Paulus
2926 4407 3140 4478 quidem
3171 4407 3264 4477 qui
3295 4405 3392 4460 de-

1822 4503 2244 4558 struxitomnem
2275 4501 2615 4555 altitudinem
2646 4499 2994 4555 extollentem
3034 4513 3092 4553 se
3124 4499 3394 4553 adversus

1822 4595 2104 4650 scientiam
2136 4593 2226 4648 Dei
2246 4594 2320 4658 ¹⁹;
2349 4591 2585 4646 Joannes
2609 4606 2736 4645 vero
2759 4589 3055 4644 secundum
3083 4586 3234 4641 Isaia:
3257 4604 3385 4657 pro-

1821 4689 2100 4760 phetiam,
2154 4700 2345 4740 omnes
2393 4692 2608 4738 montes
2655 4690 2708 4735 et
2761 4682 2930 4736 colles
2984 4680 3290 4734 humiliavit
3335 4689 3389 4735 et

1816 4776 2206 4847 complanavit.
2248 4774 2326 4828 Ex
2358 4774 2560 4844 quibus
2624 4772 2978 4841 intelligimus
3017 4770 3258 4838 ipsorum
3288 4770 3386 4822 ho-

1815 4869 2022 4924 minum
2072 4881 2179 4922 non
2229 4866 2345 4921 fore
2397 4865 2788 4929 abolitionem,
2838 4878 2905 4916 ne
2947 4860 3188 4916 divinum
3247 4877 3389 4932 opus

1817 4961 2008 5015 inutile
2038 4958 2337 5026 _reddatur,
2375 4958 2421 5013 si
2459 4956 2667 5013 recidat
2714 4956 2768 5009 in
2823 4954 3082 5018 nihilum,
3128 4953 3220 5007 sed
3265 4953 3387 5007 loco

1815 5052 2057 5122 ipsorum
2090 5051 2291 5120 peribit
2320 5055 2601 5119 peccatum
2623 5087 2637 5110 ,
2667 5054 2722 5101 et
2755 5046 2809 5099 in
2841 5044 3070 5098 nihilum
3100 5053 3387 5098 converte-

1820 5151 1906 5196 tur
1933 5162 1946 5197 :
1984 5162 2003 5194 ι
2031 5142 2296 5196 Delictum
2345 5140 2456 5194 oris
2501 5153 2688 5193 eorum
2711 5175 2726 5200 ,
2755 5155 2774 5189 ›
2805 5136 3019 5204 inquit,
3051 5153 3069 5186 ι
3097 5143 3150 5190 et
3203 5149 3386 5189 sermo

1817 5234 2085 5288 labiorum
2133 5236 2375 5304 ipsorum
2425 5239 2509 5288 est
2539 5250 2558 5284 ι
2591 5227 2884 5300 superbia,
2941 5227 3278 5289 exsecratio,
3330 5233 3384 5274 et

1814 5326 2156 5383 mendacium
2176 5365 2190 5392 ,
2219 5345 2238 5379 ‹
2264 5326 2317 5382 in
2363 5325 2444 5382 ira
2476 5318 2966 5380 consummationis
2997 5334 3110 5376 non
3135 5317 3307 5370 erunt.
3361 5324 3380 5357 ι

3973 69 3979 126 i

3973 223 3976 252 Ξ

3969 259 3977 294 i

3971 339 3975 370 I

3969 389 3974 418 I

3969 451 3974 476 ι
