4018 6334
631 274 733 329 607

1870 276 1928 333 S.
1963 278 2289 335 GREGORH
2327 277 2617 333 NYSSENI
3712 281 3793 338 θοι

630 383 762 450 Quae
791 393 913 439 cum
946 384 1180 453 amplius
1210 399 1319 438 non
1352 383 1551 439 fuerint
1579 403 1590 438 :
1622 385 2003 456 oCoguoscent
2029 430 2043 454 ,
2072 410 2088 441 ι
2117 392 2199 443 iu-

2309 388 2510 457 ζκεῦδος,
2541 407 2558 439 ι
2588 389 2643 441 ὲν
2668 389 2731 458 τῇ
2755 358 3007 458 ὁργῇδτῆς
3024 386 3324 449 συντελείας
3338 387 3429 458 οὑχ
3445 388 3750 460 ὑπάρξουσιν,
3776 414 3792 444 ι

618 475 983 546 -ᾳυίι,‹‹ιυίιι
1035 475 1178 531 Deus
1225 476 1598 531 dominabitur
1641 476 1844 542 Jacob,
1899 489 1952 533 et
2001 480 2192 535 finium

630 575 794 621 terra).
815 609 831 633 ,
860 586 879 619 ι
902 567 1052 621 nulla
1086 568 1234 622 enim
1272 582 1503 637 usquam
1544 569 1735 623 relicta
1768 571 1977 624 malitia
2003 610 2018 636 ,
2075 587 2194 626 om-

628 658 779 711 nium
838 659 1027 713 tinium
1076 670 1252 714 rector
1298 658 1561 715 Dominus
1611 660 1747 727 erit,
1796 676 1919 715 cum
1958 677 2023 716 ea
2073 678 2196 732 qua:

627 763 775 802 nunc
809 750 997 805 multis
1040 749 1270 819 imperat
1317 750 1610 821 iniquitas,
1638 750 1705 806 de
1740 752 1919 807 medio
1950 753 2190 807 tolletur.

629 837 832 893 Deinde
861 855 1057 896 rursus
1091 856 1399 896 sermonem
1432 844 1627 914 repetit
1658 842 1724 897 de
1753 844 1983 899 canibus
2008 844 2074 898 iis
2099 843 2193 914 qui

635 949 654 980 ι
680 930 746 984 ad
774 946 1055 1001 vesperam
1083 940 1483 998 convertentur,
1514 953 1531 984 ι
1553 933 1754 1003 quique
1777 935 2196 1007 esurientlmore

629 1022 863 1087 canum,
893 1024 1275 1094 civitatemque
1314 1025 1660 1089 circuibunt;
1711 1026 2062 1081 manifestum
2107 1042 2197 1080 ar-

630 1113 805 1166 bitror
836 1128 901 1167 ex
930 1113 1033 1168 hac
1062 1114 1330 1169 sermonis
1364 1113 1650 1169 iteratione
1673 1153 1689 1177 ,
1736 1114 1988 1169 homines
2029 1114 2082 1167 in
2118 1115 2198 1167 al-

628 1212 875 1268 terutro,
908 1221 1002 1260 seu
1049 1205 1222 1270 bono,
1271 1220 1367 1260 seu
1407 1205 1580 1268 malo,
1613 1206 1667 1259 in
1698 1222 1807 1275 quo
1836 1220 1983 1260 nunc
2027 1212 2192 1268 sunt,

630 1290 749 1346 fore
797 1293 980 1347 itidem
1033 1302 1156 1361 post
1203 1294 1343 1347 hanc
1383 1293 1547 1346 vitam
1576 1309 1591 1345 :
1625 1294 1717 1362 qui
1752 1293 1896 1348 enim
1944 1309 2090 1348 nunc
2140 1294 2196 1348 in

630 1382 942 1452 impietate,
972 1385 1129 1452 quasi
1157 1384 1211 1438 in
1243 1384 1473 1439 circuitu
1505 1384 1779 1447 ambulat,
1821 1399 1995 1454 neque
2021 1386 2075 1438 in
2106 1384 2197 1437 illa

629 1473 851 1529 civitate
873 1475 1051 1543 degit,
1072 1491 1247 1545 neque
1270 1475 1568 1529 humanum
1596 1475 1966 1530 characterem
1993 1476 2046 1530 in
2079 1491 2198 1545 pro-

629 1554 883 1632 pria'vita
917 1566 1188 1633 custodit,
1226 1568 1320 1631 sed
1353 1566 1632 1631 ederatur,
1663 1568 1929 1635 canisque
1963 1566 2198 1621 etlicitur

628 1652 907 1712 voluntate
935 1665 987 1712 et
1019 1659 1338 1728 proposito;
1375 1658 1422 1714 is
1452 1665 1507 1712 et
1536 1673 1684 1713 nunc
1723 1673 1753 1712 a
1793 1674 2030 1728 superna
2063 1658 2198 1714 civi-

628 1756 742 1802 tate
767 1749 1027 1804 excidens
1051 1789 1064 1813 ,
1097 1751 1339 1803 omnium
1377 1750 1645 1803 bonorum
1680 1750 1907 1819 penuria
1958 1759 2011 1804 et
2056 1749 2196 1805 fame

628 1842 907 1911 punietur.
937 1843 1005 1894 At
1041 1841 1134 1911 qui
1164 1841 1441 1896 contraria
1473 1842 1644 1896 vincit
1666 1882 1679 1904 ,
1718 1841 2070 1912 proceditque
2098 1840 2199 1912 (ut

631 1933 758 1987 alibi
828 1933 1117 1990 Psalmista
1162 1934 1480 2005 loquitur),
1518 1934 1628 1990 «de
1676 1935 1875 1989 virtute
1922 1935 1977 1988 in
2027 1934 2199 1988 virtu-

629 2033 739 2080 tem
761 2026 825 2091 ὀ,
842 2046 861 2077 ι
886 2026 1275 2095 victoriamque
1295 2026 1454 2087 aliam
1485 2027 1590 2080 alia
1619 2031 1910 2095 permutat,
1936 2026 2004 2090 is,
2031 2024 2201 2080 «Can-

631 2116 794 2180 tabo,
828 2136 846 2167 ι
875 2113 981 2182 ait,
1010 2137 1029 2170 ι
1060 2118 1365 2173 fortitudini
1402 2127 1545 2182 tua};
1583 2119 1870 2173 exsultabo
1897 2132 2058 2172 mane
2091 2118 2200 2171 mi~

631 2210 986 2266 sericordiam
1019 2219 1198 2278 tuatu,
1231 2231 1249 2264 ι
1281 2211 1538 2281 quoniam
1581 2211 1759 2267 factus
1790 2226 1849 2265 es
1894 2210 2118 2292 adjutor
2147 2218 2202 2264 et

633 2299 900 2372 refugium
929 2318 1105 2356 meum
1127 2343 1141 2365 ,
1175 2312 1228 2357 et
1253 2310 1305 2358 te
1332 2302 1486 2358 decet
1518 2303 1686 2373 gloria
1713 2302 1769 2356 in
1800 2303 2001 2359 saecula
2029 2317 2203 2358 smcu-

632 2391 831 2448 lorum.
865 2393 1059 2446 Amen.

705 2548 752 2582 ’θ
782 2547 926 2604 Psal.
959 2564 1164 2603 Lxxxtu
1186 2589 1199 2612 ,
1232 2548 1286 2602 8.

2296 473 2395 532 Ὧν
2428 478 2624 548 μηκέτι
2656 477 2875 541 ὕντων,‹
2906 477 3266 541 Γνώσονται,ι
3293 481 3466 549 φησιν,
3498 499 3514 531 ι
3545 482 3617 534 ὅτι
3640 485 3665 535 ὁ
3691 486 3799 549 θεδς

2294 574 2542 638 δεσπόζει
2570 572 2665 626 τοῦ
2690 573 2904 639 Ἰακὼϐ,
2927 576 3020 628 καὶ
3035 574 3141 628 τῶν
3161 574 3404 642 περάτων
3428 577 3520 648 τῆς
3537 582 3644 649 γῆς.
3670 605 3686 636 ι
3707 590 3801 661 Mn.

2294 662 2480 734 δαμῶς
2507 663 2617 735 γὰρ
2652 664 3069 734 ὑπολειφθείσης
3109 664 3324 728 κακίας,
3343 665 3545 731 πάντως
3568 669 3702 726 ἔσται
3720 677 3808 729 τῶν

2296 744 2545 826 περάτων
2558 756 2819 825 δεσπότης
2834 756 2862 807 ό
2881 754 3100 824 Κύριος,
3126 754 3224 824 τῆς
3244 752 3336 806 νῦν
3355 753 3709 829 βασιλευούσης
3719 763 3808 816 τῶν

2295 849 2502 902 πολλῶν
2520 847 2792 919 ἁμαρτίας
2814 847 2876 898 ὲκ
2899 844 3073 897 ποδῶν
3090 841 3529 915 γενονένηςΕἷτα
3550 849 3812 920 πάλινὶτδει]

2297 940 2457 994 αὑτὸν
2480 937 2921 1007 ὲπαναλαμϐἀνει
2956 934 3111 1003 λόγον
3131 932 3257 1005 περὶ
3268 932 3407 987 τῶν(
3428 936 3812 1005 ἐπιστρεφόντων

2296 1026 2644 1098 είςὲσπέραν,
2657 1045 2675 1078 ι
2691 1022 3253 1093 καὶλιμωττόντωνὼς
3266 1022 3456 1089 κυνῶν,
3475 1028 3562 1079 καὶ
3579 1033 3629 1082 ὲν
3658 1031 3814 1101 κύκλῳ

2297 1118 2731 1191 περιερχομένων
2758 1116 2856 1186 τὴν
2883 1115 3035 1168 πόλιν
3055 1130 3069 1143 ³
3101 1113 3293 1185 δηλῶν,
3328 1112 3494 1187 οἶμαι,
3514 1118 3597 1172 διὰ
3623 1120 3711 1189 τῆς
3738 1123 3815 1175 τοῦ

2295 1212 2457 1280 λόγου
2491 1209 2897 1281 ἐπαναλήψεως,
2932 1209 3011 1261 ὅτι
3046 1207 3166 1261 καθ’
3196 1209 3448 1279 ἑκάτερον
3485 1212 3532 1262 οἱ
3579 1211 3817 1283 ἄνθρωποι

2297 1304 2439 1358 κατά
2468 1319 2528 1355 τε
2556 1303 2616 1355 τὸ
2655 1301 2887 1373 πονηρὸν
2926 1301 3019 1354 καὶ
3072 1300 3133 1352 τὸ
3161 1302 3425 1371 κρεῖττον,
3454 1302 3508 1354 ὲν
3543 1296 3619 1364 οἷς
3660 1303 3715 1356 ἂν
3748 1304 3821 1357 νῦν

2296 1394 2578 1464 γένωνται,
2613 1395 2671 1446 ἐν
2697 1395 2807 1455 τοῖς
2834 1393 3017 1456 αὐτοῖς
3050 1391 3144 1444 καὶ
3165 1391 3303 1462 μετὰ
3323 1391 3491 1445 ταῦτα
3518 1396 3817 1462 γενήσονται.

2309 1485 2368 1537 '0
2388 1485 2495 1554 γὰρ
2524 1483 2618 1536 νῦν
2638 1482 2703 1535 δι’
2732 1481 2984 1543 ἀσεϐείας
3010 1480 3193 1550 κύκλῳ
3220 1481 3552 1552 περιπατῶν,
3582 1482 3650 1552 μὴ
3671 1483 3825 1552 ἐμϐιο-

2295 1569 2468 1622 τεὺων
2499 1571 2563 1638 τῇ
2612 1567 2792 1630 πόλει,
2833 1566 2967 1637 μηδὲ
3002 1565 3094 1618 τὸν
3126 1564 3463 1637 ἀνθρώπινον
3492 1566 3579 1617 ἐπὶ
3605 1566 3688 1618 τοῦ
3717 1566 3825 1619 ἰδίου

2301 1659 2415 1730 βίου
2442 1658 2763 1730 χαρακτῆρα
2783 1656 3092 1726 φυλάσσων,
3120 1655 3269 1709 ἀλλὰ
3288 1654 3732 1725 ἀποθηριούμενος
3758 1655 3830 1707 διὰ

2301 1757 2396 1825 τῆς
2419 1753 2810 1825 προαιρέσεως,
2842 1752 2936 1805 καὶ
2955 1750 3098 1803 κύων
3127 1749 3437 1819 γενόμενος,
3456 1742 3603 1811 οὗτος
3622 1749 3706 1801 καὶ
3729 1748 3828 1800 τότε

2300 1848 2403 1918 τῆς
2433 1847 2545 1901 ἄνω
2574 1845 2783 1908 πόλεως
2820 1839 3091 1905 ἐκπεσὼν,
3128 1842 3183 1893 ὲν
3210 1839 3358 1911 λιμῷ
3386 1840 3492 1893 τῶν
3524 1838 3728 1907 ἀγαθῶν
3756 1855 3832 1891 κο-

2302 1936 2649 2007 λασθήσεται.
2693 1934 2750 1986 ’0
2770 1933 2825 1986 δὲ
2851 1932 3076 2002 νικητὴς
3104 1927 3210 1982 τῶν
3238 1930 3496 1983 ἐναντίων
3542 1930 3632 1983 καὶ
3664 1928 3833 1998 προῖὼν

2307 2026 2523 2098 (καθώς
2556 2040 2720 2093 φησιν
2756 2021 2983 2092 ἑτέρωθί
3035 2036 3138 2072 που
3168 2020 3206 2072 δ
3227 2018 3598 2089 Ψαλμῳδδς)ι
3625 2016 3686 2068 ὲκ
3704 2016 3833 2070 δυνά-

2311 2133 2455 2188 μεως
2484 2117 2563 2179 είς
2599 2109 2848 2184 δύναμιν,
2870 2114 2995 2167 »καὶ
3014 2110 3164 2180 νίκην
3195 2109 3624 2179 διαμειϐόμενος,
3663 2126 3679 2159 ι
3709 2108 3838 2179 ’ᾼσο-

2311 2226 2429 2280 μαι,
2458 2227 2476 2258 ι
2511 2206 2679 2274 λέγει,
2716 2221 2737 2255 ι
2776 2205 2842 2274 τῇ
2872 2203 3097 2273 δυνάμει
3129 2218 3244 2266 σου,
3276 2204 3375 2254 καὶ
3396 2199 3768 2269 ἁγαλλιᾶσομαι
3790 2198 3837 2249 st

2306 2299 2452 2372 πρωῒ
2499 2298 2560 2352 τὸ
2611 2296 2758 2360 ἔλεός
2806 2312 2913 2348 σου.
2979 2314 3000 2367 ρ
3048 2295 3170 2347 Ὅτι
3218 2292 3488 2364 ὲγενήθης
3534 2291 3838 2360 ἀντιλήπτωρ

2312 2408 2434 2463 μου,
2467 2390 2562 2444 καὶ
2593 2389 2882 2458 καταφυγὴ
2929 2404 3030 2458 μου
3053 2425 3067 2451 ,
3100 2385 3194 2438 καί
3225 2401 3311 2454 σοι
3342 2384 3541 2456 πρέπει
3569 2384 3602 2453 ἡ
3636 2380 3750 2446 δόξα
3777 2379 3839 2439 είς

2225 2486 2239 2502 ⁸
2307 2481 2432 2544 τοὺς
2466 2479 2665 2543 αἰῶνας
2691 2478 2796 2533 τῶν
2827 2476 3055 2533 αἰώνων.
3098 2476 3293 2547 Ἀμήν.

637 2682 3841 2717 _______________________________________.—

1132 2813 1358 2949 ΤΟΥ
1426 2774 1804 2901 ΑΥΤΟΥ
1876 2814 2047 2899 ΕΙΣ
2118 2816 2203 2899 Tt

2309 2815 2346 2900 ιτ
2416 2812 2793 2897 ΕΚΤΟΝ
2866 2806 3356 2895 ΨΑΛΜΟΝ
3384 2871 3402 2901 .

1908 2992 2088 3048 ΠΕΡΙ
2126 2994 2263 3046 ΤΗΣ
2302 2992 2437 3044 ΟΓΔ
2448 2993 2607 3047 ΟΗΣ.

1222 3300 1759 3391 EJUSDEM
1841 3303 1965 3393 IN
2068 3302 2551 3394 SEXTUM
2670 3260 3295 3421 PSALMUM,

2015 3494 2130 3553 DE
2162 3491 2505 3554 OCTAVA.

1867 3643 2133 3695 Laurentio
2159 3644 2325 3696 Stfano
2347 3647 2640 3707 interprete.

713 3944 819 4014 Qui
871 3940 1170 4000 secundum
1224 3939 1595 4010 propheticam
1648 3939 2081 3996 aenetiictionem
2140 3955 2207 3994 ex

2252 3811 2320 3830 ..Α

2386 3943 2448 3995 Οἱ
2499 3942 2563 3994 ἐκ
2610 3940 2890 4011 δυνάμεως
2934 3940 3012 4002 είς
3052 3939 3288 4010 δύναμιν
3347 3941 3727 4014 πορευόμενοι,
3759 3934 3874 3989 κατὰ

642 4042 849 4097 virtute
876 4038 934 4092 in
962 4037 1223 4091 virtutem
1250 4032 1694 4104 progrediuntur,
1724 4041 1888 4101 atque
1916 4032 2203 4101 przeclaros

2314 4031 2411 4102 τὴν
2443 4032 2783 4102 προφητικὴν
2817 4030 3083 4098 εὐλογίαν,
3133 4031 3226 4083 καὶ
3264 4031 3371 4096 τὰς
3418 4033 3590 4095 καλὰς
3620 4030 3876 4086 ἀναϐάσεις

644 4146 908 4190 ascensus
958 4131 1015 4184 in
1049 4127 1310 4184 cordibus
1352 4126 1468 4181 suis
1508 4125 1807 4196 disponunt
1832 4127 1900 4192 “,
1953 4142 2075 4182 eum
2114 4127 2212 4180 ali-

644 4240 807 4297 quem
837 4223 1039 4277 bonum
1071 4219 1406 4274 intellectum
1439 4218 1914 4287 apprehenderint,
1963 4234 2058 4288 per
2085 4233 2211 4273 eum

646 4316 715 4371 ad
753 4314 1128 4370 sublimiorem
1161 4311 1490 4367 intellectum
1523 4309 1680 4379 quasi
1713 4324 1879 4364 manu
1901 4309 2207 4377 ducuntur;

644 4424 743 4479 per
769 4421 932 4478 quem
983 4405 1178 4459 anima:
1224 4401 1513 4458 conficitur
1544 4417 1807 4457 ascensus
1844 4403 1900 4456 in
1942 4402 2210 4469 sublime;

647 4508 811 4569 atque
844 4499 919 4552 ita
943 4497 1038 4566 qui
1068 4510 1283 4564 semper
1307 4494 1374 4547 ad
1398 4509 1460 4548 ea
1484 4509 1605 4564 quae
1640 4501 1767 4547 sunt
1797 4493 2002 4563 priora,
2035 4508 2094 4548 se
2120 4510 2214 4549 ex-

646 4589 821 4644 tendit
841 4589 909 4655 “,
968 4599 1247 4655 nunquam
1298 4599 1326 4638 a
1380 4574 1522 4639 bona
1578 4584 1902 4639 ascensione
1952 4583 2210 4649 cessabit,

648 4681 775 4736 dum
812 4693 1027 4748 semper
1063 4692 1158 4747 per
1185 4676 1491 4732 intellectus
1532 4676 1816 4739 sublimes,
1850 4674 1918 4728 ad
1944 4690 2212 4744 superno—

648 4786 771 4827 rum
797 4770 1016 4824 ducitur
1036 4767 1545 4839 contemplationem
1576 4777 1631 4822 et
1660 4767 2209 4823 animadversionem.

649 4862 776 4916 llaec
815 4861 950 4926 dixi,
1001 4859 1220 4920 fratres.
1271 4859 1338 4914 ad
1385 4874 1502 4923 vos,
1534 4868 1685 4914 sexto
1731 4860 1938 4929 psalmo
1978 4867 2213 4915 mentem

651 4953 939 5018 adhibens,
996 4959 1050 5007 et
1096 4954 1460 5006 necessariam
1508 4951 1717 5007 ordinis
1767 4951 2213 5021 consequentiam

650 5061 903 5111 cernens,
936 5043 1392 5116 quemadmodum
1417 5053 1540 5112 post
1560 5058 1678 5098 eam
1703 5059 1824 5113 quae
1846 5043 2213 5098 hereditatem

652 5138 1027 5208 consequitur,
1081 5135 1150 5191 de
1191 5132 1393 5189 Octava
1426 5134 1581 5188 nobis
1615 5149 1795 5205 sermo
1833 5135 2081 5203 adje‘ctus
2116 5133 2212 5188 sit.

653 5231 890 5285 Prorsus
918 5235 1100 5282 autem
1131 5226 1446 5298 mysterium
1470 5221 1685 5279 Octava:
1706 5224 1752 5256 ”
1786 5241 1891 5278 non
1928 5224 2213 5295 ignoratis.

2317 4123 2376 4175 ὲν
2421 4126 2540 4185 ταῖς
2578 4122 2785 4176 ἑαυτῶν
2829 4122 3076 4193 καρδίαις
3122 4120 3522 4195 διατιθέμενοι,
3557 4124 3631 4176 ὅτ’
3660 4122 3720 4176 ἄν
3758 4131 3874 4176 τινος

2318 4216 2527 4283 ἀγαθοῦ
2583 4216 2853 4286 νοήματος
2904 4213 3238 4286 δράξωνται,
3307 4215 3773 4288 χειραγωγοῦνται
3824 4209 3877 4260 δι’

2322 4305 2529 4359 ἐκείνου
2579 4305 2714 4375 πρὸς
2763 4304 3089 4376 ὑψηλότερον
3128 4306 3314 4375 νόημα
3366 4308 3440 4359 δι’
3489 4298 3552 4358 οὗ
3600 4304 3789 4373 γίνεται
3822 4299 3875 4364 τῇ

2319 4397 2463 4468 ψυχῇ
2594 4397 2687 4448 ἐπὶ
2732 4393 2793 4448 τδ
2848 4395 2980 4464 ὕψος
3026 4394 3318 4460 ἀνάδασις.
3372 4399 3492 4451 Καὶ
3532 4396 3701 4458 οὕτως
3745 4394 3771 4444 ὁ
3810 4390 3879 4442 ἀεὶ

2318 4494 2431 4553 τοῖς
2471 4487 2778 4561 ἔμπροσθεν
2826 4487 3307 4559 ἐπεκτεινόμενος,
3348 4490 3611 4543 οὐδέποτε
3639 4487 3732 4553 τῆς
3766 4486 3877 4548 ἀγα·

2320 4581 2418 4650 θῆς
2462 4569 2648 4633 ἀνόδου
2692 4568 2995 4640 παύσεται,
3031 4576 3117 4629 dei.
3166 4575 3260 4630 διὰ
3292 4577 3411 4631 τῶν
3446 4577 3671 4649 ὑψηλῶν
3711 4569 3879 4640 νοημά-

2317 4686 2425 4722 των
2472 4666 2608 4737 πρὸς
2653 4668 2752 4737 τὴν
2798 4667 2905 4720 τῶν
2936 4665 3361 4737 ὑπερκειμένων
3417 4666 3743 4735 κατανόησιν
3781 4660 3879 4724 66f,-

2319 4759 2603 4829 γοὺμενος.
2635 4758 2819 4812 Ταῦτα
2848 4753 3019 4820 εἷπον,
3064 4756 3326 4826 ἀδελφοὶ,
3353 4758 3439 4828 τῷ
3470 4759 3620 4829 ἒκτῳ
3648 4755 3747 4808 τῶν
3777 4749 3883 4821 ψαλ-

2321 4850 2740 4923 μῶν-προσέχων
2778 4848 2873 4920 τὴν
2916 4849 3170 4911 διάνοιαν,
3219 4851 3323 4902 καὶ
3378 4849 3600 4920 βλέπων
3641 4848 3733 4916 τὴν
3776 4844 3884 4895 dva—

2319 4943 2517 5011 γκαίαν
2545 4942 2642 5012 τῆς
2673 4940 2876 5005 τάξεως
2895 4939 3236 5004 ἀκολουθίαν,
3271 4942 3401 5004 πῶς
3455 4940 3600 5011 μετὰ
3637 4939 3731 5009 τὴν
3760 4934 3889 5001 Κλη-

2322 5020 2650 5106 ρονομοῦσαν
2670 5034 2697 5085 ό
2719 5031 2963 5102 περὶτῆς
2988 5030 3208 5101 Ὀγδόης
3233 5032 3379 5102 ἡμῖν
3408 5031 3712 5104 προσετέθη
3728 5027 3889 5091 ελόγος.

2322 5124 2544 5187 Πάντως
2565 5123 2622 5176 δὲ
2647 5124 2746 5176 οὑκ
2762 5124 3003 5190 ἀγνοεῖτε
3020 5121 3079 5175 τὸ
3091 5122 3191 5192 τῆς
3231 5123 3472 5195 Ὀγδὸης
3502 5124 3804 5195 μυστήριον.
3828 5114 3889 5167 Οὐ

2321 5216 2428 5288 γὰρ
2471 5215 2534 5286 δὴ
2574 5215 2707 5286 πρὸς
2748 5213 3043 5276 Ἰουδαῖκὰς
3072 5212 3382 5284 ὑπολήψεις
3417 5216 3570 5277 εἰκός
3618 5215 3756 5265 ἐστιν
3783 5209 3888 5259 ὑπο·

652 5319 775 5375 Νοιι
806 5319 950 5375 enim
983 5319 1167 5389 utique
1195 5316 1449 5373 convenit
1478 5315 1863 5370 nonnullorum
1887 5322 2118 5368 mentem
2146 5314 2203 5368 atl

2329 5307 2584 5379 φέρεσθαί
2626 5322 2784 5359 τινων
2818 5304 2914 5371 τὴν
2958 5305 3211 5359 διάνοιαν·
3256 5306 3311 5358 οἳ
3355 5306 3590 5363 περὶτὰ
3631 5302 3890 5389 ἀσχήμονα

648 5406 963 5465 Iudaeorum
1008 5405 1285 5461 labascere
1312 5414 1364 5460 et
1403 5403 1515 5474 rapi
1552 5403 1864 5473 opiniones,
1899 5404 1990 5473 qui
2027 5405 2093 5457 ad
2131 5405 2218 5457 in-

655 5499 884 5555 decoras
935 5498 1183 5566 corporis
1232 5495 1407 5552 nostri
1462 5504 1667 5567 partes,
1727 5495 1971 5564 mysterii
2006 5494 2221 5548 Octava:

764 5658 805 5691 "
843 5663 981 5723 Psal.
1008 5680 1232 5733 Lnxm,
1270 5665 1381 5720 6-8.
1495 5665 1538 5696 “
1564 5662 1899 5733 Pbilipp.ttt,
1932 5662 2013 5717 ιδ.

2324 5399 2418 5451 τοῦ
2452 5396 2699 5467 σώματος
2718 5395 2869 5465 ἡμῶν
2900 5394 2961 5447 τὸ
2986 5395 3338 5466 μεγαλοφυὲς
3364 5397 3465 5450 τοῦ
3495 5394 3786 5467 μυστηρίου
3810 5388 3894 5455 τῆς

2340 5489 2563 5559 ὐγδόης
2595 5485 2949 5557 κατάγοντες,
2992 5487 3078 5541 τὸν
3109 5469 3205 5557 τῆς
3239 5488 3562 5560 περιτομῆς
3591 5485 3770 5557 νόμον,
3815 5473 3894 5527 καὶ

2127 5659 2336 5716 "Psal.
2377 5677 2428 5724 v,
2472 5662 2517 5713 1.
