4018 6334
611 298 705 351 fill.

1807 303 1866 359 S.
1921 305 2243 365 GREGORll
2284 311 2577 370 NYSSENI
2598 313 2601 316 ’

3703 332 3790 388 6ὶῖ

608 420 729 482 post
755 413 1049 484 septimum
1073 413 1324 481 exsistit;
1348 416 1560 472 numeri
1591 431 1717 473 vero
1743 417 2163 478 vicissitudinen

2281 431 2507 500 γίνεται,
2541 432 2719 486 οὐκέτι
2746 433 2800 488 δὲ
2824 432 2922 506 τὴν
2947 433 3039 488 τοῦ
3071 434 3304 507 ἀριθμοῦ
3335 431 3560 511 διαδοχὴν
3588 444 3660 512 ἐφ’
3687 446 3789 500 ἐαυ-

607 521 661 560 ιη
701 521 822 561 sese
857 523 964 560 non
1000 507 1232 577 amplius
1285 508 1540 563 admittit.
1575 507 1729 565 Unus
1764 511 1909 566 enim
1948 513 2003 566 in
2054 530 2180 583 per-

608 606 825 668 petuum
857 601 1003 653 nulla
1030 614 1267 668 unquam
1305 611 1573 656 nocturna
1609 605 1841 674 caligine
1875 605 2178 677 diremptus

605 699 908 762 permanet.
957 690 1112 746 Alius
1155 692 1297 745 enim
1339 706 1462 746 eum
1496 692 1667 748 efficit
1711 697 1824 762 sol;
1864 695 1957 765 qui
1994 712 2176 752 veram

605 796 706 835 suo
732 781 938 850 fulgore
970 784 1142 837 lucem
1173 786 1303 848 edit,
1336 787 1426 855 qui
1451 795 1804 858 posteaquam
1828 789 1987 844 nobis
2010 791 2179 844 semel

607 873 864 937 illuxerit,
916 885 973 928 ut
1027 874 1208 945 inquit
1237 879 1533 946 Apostolus
1555 879 1621 942 ¹⁹,
1674 881 1930 951 deinceps
1977 896 2178 936 occasu

604 976 712 1014 non
745 964 1072 1025 occultatur,
1111 965 1207 1031 sed
1236 968 1420 1020 omnia
1454 968 1838 1024 illuminatrice
1864 970 1913 1023 vi
1936 986 2033 1025 sua
2063 986 2180 1024 am-

588 1051 792 1120 plexus
836 1061 1154 1122 perpetuum
1195 1057 1400 1124 pariter
1433 1071 1496 1110 ac
1533 1057 1935 1114 vicissitudinis
1981 1074 2178 1129 expers

603 1140 784 1195 lumen
815 1142 994 1213 dignis
1027 1143 1327 1214 ingenerat,
1366 1146 1530 1200 etiam
1573 1146 1743 1217 ipsos,
1786 1149 1878 1218 qui
1911 1149 2057 1204 illius
2093 1149 2178 1203 lu-

602 1229 766 1283 minis
793 1231 1086 1300 participes
1115 1231 1337 1300 fuerint,
1368 1234 1505 1290 alios
1522 1235 1667 1290 soles
1683 1234 1962 1292 efficiens:
1988 1253 2178 1308 quem-

601 1323 893 1378 admodum
939 1326 994 1379 in
1027 1326 1320 1398 Evangelio
1368 1328 1559 1386 Sermo
1606 1331 1769 1388 dicit:
1813 1353 1829 1384 ι
1857 1334 2011 1389 Tunc
2039 1335 2175 1404 justi

599 1411 881 1484 fulgebunt
931 1425 989 1470 ut
1030 1419 1111 1474 sol
1133 1417 1196 1472 ‘°.
1213 1439 1230 1470 ι

669 1507 938 1574 Quoniam
963 1513 1127 1582 igitur
1168 1513 1221 1568 in
1255 1515 1527 1585 superiori
1564 1517 1771 1587 psalmo
1811 1534 1909 1588 pro
1942 1535 2024 1584 ea,
2057 1536 2177 1589 quae

597 1597 970 1654 hacreditatem
993 1604 1158 1672 capit,
1174 1619 1478 1660 sermonem
1502 1606 1660 1660 fecit:
1685 1607 1971 1662 hacreditas
1995 1617 2175 1663 autem

596 1691 652 1746 in
669 1685 872 1745 Octav'a
889 1691 1068 1764 dignis
1083 1697 1319 1765 reposita
1339 1707 1502 1767 atque
1522 1699 1802 1754 recondita
1816 1711 1931 1756 est:
1951 1704 2176 1772 atquein

597 1779 1554 1857 hacjustumquoquejudiciumDei,
1569 1790 1863 1860 unicuique
1876 1791 1949 1857 id,
1967 1810 2074 1863 quo
2090 1795 2175 1848 di-

594 1889 735 1944 gnus
761 1874 944 1939 fuerit,
967 1878 1212 1934 tribuens
1242 1890 1562 1939 exercetur:
1585 1893 1732 1938 recte
1752 1882 2021 1953 Propheta
2051 1902 2173 1940 cum

600 1968 879 2022 mentione
902 1967 1140 2034 Octavae,
1162 1971 1228 2026 de
1245 1973 1560 2041 pmnitentia
1583 1975 1742 2028 simul
1766 1975 1945 2029 intulit
1965 1992 2174 2031 sermo-

592 2072 736 2112 nem.
771 2058 903 2125 Quis
927 2061 1072 2115 enim
1099 2063 1560 2135 terribilisjudicii
1591 2065 1796 2122 Christi
1830 2067 2170 2128 recordatus,

591 2163 698 2204 non
738 2151 922 2204 statim
966 2152 1019 2206 in
1045 2155 1379 2209 conscientia
1412 2172 1509 2210 sua
1542 2158 1698 2225 quasi
1737 2159 2078 2224 convellitur,
2109 2177 2172 2214 ac

589 2247 798 2296 terrore
835 2252 888 2296 et
911 2259 1110 2314 angore
1137 2262 1245 2300 non
1271 2249 1664 2319 constringitur
1687 2251 1709 2303 ?
1738 2259 1901 2322 atque
1929 2253 2090 2308 etiam
2125 2253 2170 2309 si

590 2333 714 2387 vita:
753 2335 948 2390 melius
993 2353 1154 2406 quam
1187 2338 1426 2395 deterius
1460 2350 1595 2395 acta:
1627 2343 1730 2397 sibi
1762 2344 2024 2399 conscius
2065 2347 2166 2400 sit:

588 2430 828 2477 attamen
863 2424 931 2478 ad
957 2438 1205 2481 exactam
1237 2429 1574 2499 diligentiam
1607 2442 1658 2486 et
1713 2433 1944 2504 rigorem
1979 2435 2169 2506 judicii

591 2515 915 2584 respiciens,
950 2517 1003 2570 in
1039 2533 1148 2587 quo
1181 2519 1418 2575 minimae
1462 2538 1681 2594 quoque
1712 2527 1885 2595 culpa:
1917 2527 1970 2580 in
2017 2543 2168 2601 quae-

591 2603 820 2658 stionem
851 2605 1220 2672 adducuntur,
1269 2623 1331 2663 ac
1359 2626 1589 2680 prorsus
1615 2617 2025 2684 exspectatione
2057 2627 2169 2672 ter-

591 2695 836 2749 ribilium
871 2712 1154 2765 pinnarum
1186 2701 1573 2769 perhorrescit,
1624 2705 1883 2774 ignorans
1915 2709 2184 2778 quisnam--

587 2785 692 2840 sibi
741 2786 930 2854 judicii
969 2790 1148 2844 exitus
1187 2798 1240 2845 et
1277 2801 1508 2848 eventus
1545 2794 1765 2852 futurus
1817 2797 1906 2851 sit.
1953 2798 2163 2853 Idcirco

585 2877 741 2946 quasi
793 2878 847 2931 in
893 2880 1069 2936 oculis
1105 2881 1314 2936 habens
1341 2885 1606 2940 terribilia
1643 2888 1932 2957 supplicia,
1962 2889 2164 2960 gehen-

587 2985 711 3024 nam
739 2969 883 3024 illam
907 2979 962 3026 et
989 2975 1335 3029 tenebrosum
1366 2977 1566 3048 ignem,
1591 2989 1639 3034 et
1667 2981 2017 3036 conscientiae
2037 2998 2160 3037 ver-

2279 523 2376 592 τῆς
2407 523 2691 594 δεχομένη.
2725 527 2839 580 Μία
2883 527 2989 598 γάρ
3029 531 3107 593 είς
3143 530 3204 582 τὸ
3237 529 3467 600 διηνεκὲς
3505 538 3792 605 παραμένει,

2279 613 2534 666 οὐδέποτε
2578 617 2877 688 νυκτερινῷ
2921 618 3274 689 διαιρουμένη
3315 620 3473 691 ζόφῳ.
3511 623 3678 689 Ἀλλος
3707 629 3793 699 γὰρ

2280 704 2448 772 αὐτὴν
2472 709 2616 757 ποιεῖ
2646 708 2673 758 ὁ
2709 706 2878 777 ἥλιος,
2909 709 2937 760 ὁ
2970 709 3030 761 τὸ
3065 709 3314 782 ἀληθινὸν
3346 712 3453 780 φῶς
3483 715 3798 786 ἀπολάμπων·

2278 796 2336 858 ὃς
2367 797 2584 850 ἐπειδὰν
2614 799 2757 864 ἀπαξ
2791 801 3025 872 ἐπιφανῇ
3057 802 3212 872 ἡμῖν,
3234 802 3408 866 καθώς
3433 822 3583 874 φησιν
3611 809 3634 858 ὁ
3668 809 3803 860 Ἀπό-

2281 885 2482 949 στολος.
2514 887 2695 942 οὐκέτι
2723 891 2780 942 ἐν
2809 889 3038 961 δυσμαῖς
3069 891 3387 963 κρύπτεται,
3414 893 3539 946 ἀλλά
3569 897 3725 948 πάντα
3748 901 3803 968 τῇ

2278 982 2578 1051 φωτιστικῇ
2597 980 2787 1033 ἑαυτοῦ
2804 981 3743 1056 δυνάμειπεριπτυξάμενοςβιηνεκές
3756 1005 3805 1040 τε

2279 1070 2373 1124 καὶ
2405 1071 2680 1141 ἀδιάδοχον
2711 1074 2822 1136 τοῖς
2853 1074 3023 1138 ἀξίοις
3051 1075 3110 1127 τὸ
3138 1075 3252 1144 φῶς
3277 1077 3504 1146 ἐμποιεῖ·
3534 1079 3618 1131 καὶ
3644 1080 3808 1142 αὐτοὺς

2278 1163 2403 1224 τοὺς
2435 1161 2760 1232 μετέχοντας
2805 1165 2898 1216 τοῦ
2935 1166 3110 1233 φωτὸς
3161 1167 3369 1220 ἐκείνου
3392 1207 3406 1232 ,
3440 1168 3619 1232 ἄλλους
3658 1171 3811 1233 tum;

2279 1253 2744 1325 ἀπεργαζόμενος,
2781 1255 2963 1320 καθώς
2991 1275 3152 1327 φησιν
3176 1259 3233 1310 ἐν
3261 1258 3336 1328 τῷ
3359 1259 3658 1330 Εὑαγγελίῳ
3681 1262 3706 1313 ὁ
3725 1260 3801 1310 M-

2278 1361 2393 1411 γος,
2429 1347 2511 1398 ὅτι
2555 1364 2572 1397 ι
2612 1347 2744 1399 Τότε
2773 1342 2820 1400 οἱ
2854 1347 3052 1401 δίκαιοι
3082 1348 3384 1419 λάμψουσῐν
3413 1350 3484 1414 ὼς
3508 1351 3534 1402 ὁ
3557 1350 3706 1420 ἣλιος,
3736 1371 3750 1401 ι

2359 1520 2510 1572 Ἐπεὶ
2537 1515 2628 1573 οὖν
2661 1521 2801 1592 ὑπὲρ
2835 1522 2931 1590 τῆς
2981 1522 3425 1595 κληρονομούσης
3451 1525 3505 1577 ἐν
3547 1525 3619 1596 τῷ
3645 1525 3814 1598 προλα-

2279 1610 2422 1664 ϐόντι
2460 1611 2660 1682 ψαλμῷ
2698 1612 2788 1666 τὸν
2815 1613 2972 1681 λόγον
3005 1615 3330 1686 πεποίηται,
3371 1618 3404 1686 ἡ
3436 1615 3492 1668 δέ
3520 1616 3813 1688 κληρονομία

2281 1705 2337 1755 ἐν
2365 1706 2432 1773 τῇ
2479 1703 2667 1774 Ὀγδόῃ
2706 1707 2818 1768 τοῖς
2849 1706 3020 1771 ἀξίοις
3046 1707 3356 1774 ἀπόκειται,
3391 1709 3448 1759 ἐν
3471 1708 3636 1780 ταύτῃ
3660 1709 3709 1760 δὲ
3742 1709 3819 1760 καὶ

2213 1771 2250 1825 Β
2277 1796 2310 1864 ἡ
2342 1771 2521 1846 δικαία
2551 1771 2666 1847 τοῦ
2699 1795 2832 1848 Θεοῦ
2866 1796 3074 1864 γίνεται
3103 1800 3287 1868 κρίσις
3307 1771 3350 1863 ,γ
3378 1799 3586 1868 ἑκάστῳ
3608 1771 3681 1851 ’τὸ
3717 1800 3816 1851 κατ’

2278 1882 2435 1947 ἀξίαν
2492 1883 2749 1954 νέμουσα·
2809 1885 2990 1950 καλῶς
3045 1888 3073 1939 ὁ
3118 1888 3412 1960 Προφήτης
3459 1890 3524 1958 τῇ
3573 1888 3689 1958 περὶ
3737 1887 3819 1957 τῆς

2289 1969 2514 2042 Ὀγδόης
2587 1973 2777 2045 μνήμῃ
2817 1973 2907 2026 τὸν
2972 1975 3101 2045 περὶ
3151 1977 3442 2047 μετανοίας
3495 1978 3816 2046 συνεισήγαγε

2275 2060 2450 2129 λόγον.
2493 2061 2588 2124 Τίς
2630 2061 2739 2133 γὰρ
2771 2062 2868 2132 τῆς
2921 2064 3156 2136 φοϐερᾶς
3205 2067 3299 2118 τοῦ
3348 2066 3580 2136 Χριστοῦ
3620 2067 3819 2137 κρίσεως

2278 2152 2497 2222 μνήμην
2535 2151 2735 2217 λαϐὼν,
2770 2154 2868 2206 ούκ
2900 2154 3062 2218 εὐθὺς
3087 2157 3146 2207 ἐν
3191 2156 3271 2228 τῷ
3325 2158 3580 2210 συνειδότι
3611 2157 3683 2227 τῷ
3725 2157 3820 2227 ἰδίῳ

2276 2245 2647 2314 σπαράσσεται
2672 2284 2687 2308 ,
2719 2247 2810 2299 καὶ
2844 2247 2994 2317 φόϐῳ
3035 2251 3129 2302 καὶ
3166 2250 3364 2322 ἀγνοίᾳ
3407 2250 3818 2320 συνέχεται;κΞιν

2275 2337 2409 2407 πρὸς
2433 2337 2493 2390 τὸ
2537 2339 2780 2406 κρεῖττον
2823 2339 3001 2408 ἐαυτῴ
3033 2342 3395 2410 συνεγνωκὼς
3421 2342 3556 2413 τύχῃ
3581 2341 3667 2393 τὸν
3695 2341 3818 2410 βίον,

2271 2426 2384 2480 ἀλλ’
2419 2421 2509 2480 οὗν
2543 2427 2680 2498 πρὸς
2706 2429 2804 2498 τὴν
2830 2429 3111 2500 ἀκρίϐειαν
3137 2432 3236 2501 τῆς
3272 2433 3508 2504 κρίσεως
3542 2433 3754 2502 βλέπων,
3775 2435 3820 2485 ἐν

2270 2511 2304 2590 ᾖ
2343 2517 2437 2570 καὶ
2471 2518 2539 2570 τὰ
2569 2518 2873 2572 λεπτότατα
2908 2519 3016 2572 τῶν
3063 2526 3480 2594 παροραμάτων
3508 2526 3584 2588 είς
3612 2525 3822 2590 ἐξέτασιν

2269 2614 2478 2680 ἄγεται·
2517 2617 2902 2667 καταπτοεῖται
2933 2617 3148 2682 πάντως
3174 2622 3240 2689 τῇ
3278 2620 3388 2672 τῶν
3416 2621 3655 2692 φοϐερῶν
3678 2638 3822 2692 προσ-

2267 2704 2438 2775 δοκίᾳ,
2468 2705 2564 2757 οὐκ
2591 2704 2743 2769 εἰδὼς
2771 2708 2850 2769 εἰς
2885 2708 2913 2760 ὃ
2944 2725 2998 2760 τι
3029 2709 3177 2779 αύτῷ
3207 2710 3274 2762 τὸ
3301 2713 3402 2781 τῆς
3432 2712 3660 2783 κρίσεως
3686 2728 3826 2764 κατα·

2266 2797 2417 2868 λήξει
2445 2799 2636 2870 πέρας.
2668 2799 2868 2851 Τούτου
2897 2801 3055 2871 χάριν
3080 2801 3154 2863 ὡς
3175 2803 3232 2854 ἐν
3259 2803 3561 2875 ὀφθαλμοῖς
3583 2801 3749 2856 λαϐὼν
3771 2800 3827 2854 τὰ

2267 2885 2471 2956 φοϐερὰ
2505 2886 2855 2958 κολαστήρια,
2890 2888 2986 2959 τὴν
3013 2889 3236 2958 γέενναν
3277 2894 3496 2966 ἐκείνην
3522 2895 3612 2946 καὶ
3641 2893 3696 2945 τὸ
3725 2908 3829 2944 σκο-

2264 2978 2436 3029 τεινὸν
2485 2977 2629 3048 πῦρ,
2676 2979 2769 3030 καὶ
2801 2979 2891 3031 τὸν
2931 2981 3296 3053 ἀτελεύτητον
3350 2985 3452 3054 τῆς
3507 2984 3826 3054 συνειδήσεως

585 3075 727 3115 mem
769 3076 1045 3132 nunquam
1080 3066 1438 3120 emorientem
1462 3069 1504 3099 ³¹
1556 3070 1649 3139 qui
1687 3072 1921 3125 animam
1951 3087 2163 3142 semper

2269 3067 2524 3139 σκώληκα
2545 3111 2559 3132 ,
2602 3070 2691 3123 τὸν
2717 3072 2804 3124 ἀεὶ
2834 3072 3087 3141 μυζῶντα
3117 3073 3216 3144 τὴν
3249 3075 3437 3146 ψυχὴν
3470 3077 3536 3129 δι’
3568 3075 3828 3146 αἰσχύνης,

584 3153 795 3222 pudore
833 3155 1072 3224 sugillat,
1138 3171 1202 3210 ac
1251 3157 1628 3214 recordatione
1661 3161 1801 3216 male
1854 3170 1988 3217 actae
2038 3164 2164 3217 vitae

517 3304 521 3308 ,
585 3245 864 3300 cruciatus
893 3253 1119 3299 renovat
1151 3257 1316 3317 atque
1340 3249 1713 3320 redintegrat;
1751 3251 1859 3307 Deo
1886 3253 1998 3322 jam
2034 3270 2164 3324 sup-

588 3336 708 3404 plex
736 3335 813 3401 lit,
841 3349 1004 3389 orans
1036 3338 1185 3391 ne-in
1216 3337 1309 3391 illo
1331 3337 1516 3394 furore
1547 3340 1795 3394 tradatur
1818 3343 1884 3396 ad
1909 3343 2164 3412 quaestio-

587 3441 710 3480 nem
759 3433 812 3480 et
846 3425 1138 3495 judicium,
1195 3444 1298 3482 neu
1334 3445 1430 3498 per
1481 3431 1626 3484 illam
1660 3433 1794 3486 iram
1843 3433 2164 3488 adhibeatur

584 3517 690 3572 sibi
744 3518 1028 3587 castigatio
1069 3531 1287 3589 propter
1333 3521 1532 3576 delicta
1556 3524 1599 3554 ³⁸
1646 3523 1808 3594 (nam
1859 3525 1929 3579 ab
1968 3527 2033 3580 iis
2068 3525 2161 3596 qui

583 3610 780 3662 acerba
829 3611 1189 3680 castigatione
1222 3612 1483 3668 terribilis
1536 3615 1683 3669 illius
1739 3617 1990 3685 supplicii
2029 3633 2163 3671 con-

582 3699 819 3754 demnati
871 3711 1019 3766 sunt,
1071 3701 1275 3758 furoris
1314 3720 1435 3760 esse
1485 3722 1624 3776 opus
1673 3715 1727 3763 et
1767 3695 1861 3763 ira:
1894 3709 2160 3779 judicium

581 3791 714 3845 illud
747 3793 1134 3864 existimatur).
1179 3794 1354 3864 Atque
1389 3795 1594 3852 idcirco
1645 3801 1801 3868 quasi
1837 3801 1951 3870 jam
1982 3802 2037 3856 in
2062 3803 2160 3856 do-

581 3882 788 3936 loribus
839 3893 1000 3952 atque
1052 3885 1389 3942 cruciatibus
1440 3890 1800 3956 constitutus,
1856 3894 2156 3949 dolentium

577 3987 741 4028 voces
771 3975 1038 4040 imitatur,
1093 3978 1292 4046 quibus
1343 3978 1494 4035 furor
1540 3997 1662 4037 esse
1715 3984 1929 4039 videtur
1954 3993 2007 4042 et
2052 3987 2154 4052 ira,

577 4065 841 4136 quidquid
893 4067 959 4121 ad
1020 4069 1355 4136 puniendum
1413 4071 1612 4140 impios
1665 4072 1974 4130 adhibetur.
2017 4075 2157 4130 Dicit

578 4159 781 4230 igitur:
824 4158 939 4213 Non
967 4169 1224 4229 exspecto
1259 4162 1433 4218 donec
1469 4179 1530 4218 ex
1567 4165 1658 4219 illo
1699 4167 1881 4223 furore
1910 4185 2006 4238 per
2039 4179 2153 4225 ter-

575 4250 756 4304 ribilia
782 4247 989 4320 ﬂagella
1010 4250 1076 4304 de
1098 4266 1182 4306 me
1203 4253 1541 4308 occultorum
1571 4254 1897 4311 delictorum
1919 4259 2154 4328 quaestio

574 4337 858 4408 habeatur,
917 4343 1010 4398 sed
1045 4359 1366 4415 przeoccupo
1413 4347 1744 4402 revelatioue
1789 4357 1951 4418 atque
1987 4365 2153 4420 spon-

2266 3159 2358 3211 καλ⁸
2384 3162 2449 3230 τῇ
2483 3161 2670 3230 μνήμῃ
2695 3161 2806 3215 τῶν
2833 3161 3017 3225 κακῶς
3049 3162 3412 3236 βεϐιωμένων
3443 3168 3542 3232 τὰς
3564 3167 3832 3239 ἀλγηδόνας

2265 3252 2697 3316 άνακαινίζοντα·
2724 3253 2823 3324 ἤδη
2856 3253 2948 3306 τοῦ
2977 3254 3111 3308 Θεοῦ
3164 3257 3363 3331 ἱκέτης
3395 3261 3637 3329 γίνεται,
3671 3261 3836 3330 δεόμε-

2263 3361 2372 3407 νοςν
2415 3343 2488 3414 μὴ
2530 3343 2606 3414 τῷ
2660 3344 2817 3415 θυμῷ
2868 3346 3059 3417 ἐκείνῳ
3101 3351 3490 3422 παραδοθῆναι
3529 3352 3661 3422 πρὸς
3705 3351 3834 3417 ἔλεγ’

2263 3451 2377 3503 χον,
2415 3435 2550 3504 μήτε
2576 3435 2662 3487 διὰ
2685 3438 2782 3506 τῆς
2807 3436 2978 3509 ὀργῆς
3001 3438 3214 3509 ἐκείνης
3245 3443 3559 3513 ἐπαχθῆναι
3589 3442 3728 3512 αύτῷ
3753 3442 3836 3509 τὴν

2264 3523 2402 3594 ὑπὲρ
2433 3517 2507 3577 ὧν
2543 3525 2931 3598 ἐπλημμέλησε
2976 3530 3283 3587 παίδευσιν.
3323 3535 3453 3597 Τοῖς
3487 3534 3597 3605 γὰρ
3638 3531 3833 3586 καταδι-

2262 3615 2508 3668 κασθεῖσι
2553 3619 2620 3688 τῇ
2672 3619 2843 3688 πικρᾷ
2888 3619 3166 3673 παιδεύσει
3209 3623 3322 3693 τῆς
3365 3624 3606 3696 φοϐερᾶς
3649 3623 3836 3691 ἐκείνης

2262 3708 2556 3771 κολάσεως,
2601 3709 2772 3778 θυμοῦ
2823 3710 2981 3781 ἔργον
3027 3713 3320 3782 νομίζεται
3356 3718 3454 3770 καὶ
3484 3718 3651 3804 ὀργῇς
3681 3718 3712 3785 ἡ
3742 3715 3838 3767 διὰ-

2262 3816 2460 3869 κρισις.
2493 3799 2603 3853 Καὶ
2631 3799 2717 3852 διὰ
2739 3800 2895 3853 τοῦτο
2915 3841 2930 3864 ,
2978 3801 3053 3866 ὡς
3099 3806 3156 3856 ἐν
3184 3810 3309 3870 τοῖς
3351 3799 3624 3877 ἀλγεινοῖς
3652 3807 3747 3878 ἤδη
3767 3823 3841 3873 γι·
3921 3809 3923 3815 “

2260 3889 2509 3958 νόμενος,
2553 3888 2653 3950 τὰς
2689 3889 2795 3942 τῶν
2829 3890 3180 3962 όδυνωμένων
3226 3898 3426 3964 φωνὰς
3471 3900 3837 3970 ὑποκρίνεται,

2257 3977 2338 4043 οἷς
2368 3979 2535 4051 θυμὸς
2579 3977 2718 4034 εἶναι
2752 3983 2901 4036 δοκεῖ
2931 3985 3023 4037 καὶ
3064 3987 3201 4059 ὀργὴ
3250 3990 3316 4042 τὸ
3351 3991 3448 4045 ἐπὶ
3491 3990 3727 4064 τιμωρία
3750 3989 3840 4041 τῶν

2258 4070 2469 4124 ἀσεϐῶν
2497 4073 2858 4142 ἐπαγόμενον.
2897 4077 3057 4144 Λέγει
3080 4079 3292 4146 τοίνυν,
3331 4084 3418 4137 ὃτι
3459 4084 3578 4139 Ούκ
3611 4083 3840 4154 ἀναμένω

2255 4163 2320 4216 ἐκ
2351 4163 2443 4217 τοῦ
2475 4164 2646 4235 θυμοῦ
2671 4167 2877 4221 ἐκείνου
2912 4168 2996 4222 διὰ
3025 4171 3132 4224 τῶν
3162 4175 3425 4247 φοϐερῶν
3458 4180 3732 4248 μαστίγων
3761 4192 3839 4244 γε·

2255 4254 2439 4309 νέσοαι
2468 4274 2554 4325 μοι
2578 4257 2686 4310 τῶν
2717 4261 3111 4331 κεκρυμμένων
3142 4265 3236 4318 τὸν
3272 4268 3532 4339 ἔλεγχον·
3564 4270 3695 4323 ἀλλὰ
3724 4285 3838 4337 προ·

2254 4345 2515 4415 λαμϐάνω
2547 4351 2613 4418 τῇ
2642 4347 2992 4422 ἐξαγορεύσει
3039 4355 3140 4424 τὴν
3173 4357 3240 4410 ἐκ
3281 4359 3390 4430 τῆς
3425 4363 3602 4433 ὀργῆς
3648 4359 3839 4428 ἐκείνης

572 4445 730 4489 tanea
764 4434 1112 4492 confessione
1143 4438 1522 4493 necessitatem
1549 4455 1615 4494 ex
1643 4439 1734 4493 illa
1771 4440 1850 4493 ira
1887 4442 2017 4496 mihi
2049 4442 2143 4495 im-

2264 4437 2518 4509 ἀνάγκην.
2573 4441 2748 4511 Ὅπερ
2806 4445 2837 4512 ἡ
2888 4443 3046 4514 ὀδύνη
3102 4447 3194 4499 ἐπὶ
3235 4448 3355 4502 τῶν
3408 4451 3839 4522 μαστιγουμένων

573 4526 902 4594 ponendam.
943 4525 1099 4591 Quod
1129 4529 1406 4583 cruciatus
1440 4529 1568 4584 facit
1604 4532 1655 4584 in
1701 4532 1807 4588 illis
1835 4533 1929 4602 qui
1955 4535 2149 4590 verbe-

573 4624 787 4680 rantur,
814 4617 1000 4673 invitis
1025 4618 1106 4672 eis
1127 4621 1342 4674 occulta
1370 4622 1577 4676 scelera
1605 4625 1891 4680 manifesta
1915 4624 2145 4692 faciens,

573 4708 626 4764 id
653 4724 682 4762 a
731 4724 790 4764 se
822 4709 942 4779 ipso
971 4711 1206 4767 liberum
1257 4714 1545 4768 arbitrium
1575 4715 1722 4781 facit,
1777 4721 2015 4789 scipsum
2052 4737 2147 4789 per

571 4800 948 4872 pcenitentiam
979 4811 1032 4856 et
1061 4801 1342 4872 ﬂagellans
1369 4813 1421 4859 et
1456 4809 1710 4875 puniens,
1746 4812 2146 4882 publicansque

571 4896 732 4954 atque
758 4885 1048 4958 divulgans
1073 4892 1126 4942 in
1155 4892 1387 4946 occultis
1413 4895 1799 4952 absconditum
1831 4909 2139 4970 peccatmn.

568 4975 704 5032 Cum
739 4977 970 5034 dixisset
1006 4981 1191 5052 igitur,
1237 5001 1256 5035 ι
1279 4982 1463 5054 Neque
1507 4988 1558 5040 in
1592 4987 1777 5046 furore
1818 5001 1913 5047 tuo
1943 5009 2145 5063 arguas

570 5083 676 5130 me,
731 5085 908 5138 neque
957 5071 1013 5125 in
1057 5072 1137 5126 ira
1177 5081 1271 5129 tua
1306 5077 1542 5149 castiges
1598 5097 1735 5148 me,»
1778 5097 2147 5154 congruenter

569 5157 827 5229 deinceps
853 5163 1099 5233 confugit
1139 5164 1207 5220 ad
1263 5167 1720 5237 misericordiam,
1776 5189 1882 5229 non
1922 5184 2031 5230 tam
2090 5178 2141 5250 in

569 5251 798 5306 liberam
829 5254 1160 5312 voluntatem
1199 5265 1255 5314 et
1283 5261 1594 5327 arbitrium,
1629 5282 1791 5336 quam
1827 5267 1882 5321 in
1912 5267 2142 5324 infirmi-

570 5352 731 5396 tatem
763 5353 970 5400 natura:
1008 5361 1228 5403 causam
1269 5351 1396 5406 mali
1427 5353 1739 5410 conferens.
1794 5354 1851 5410 ln
1883 5358 2030 5413 vitiis
2061 5375 2147 5414 me

569 5442 777 5502 natum,
833 5436 1029 5507 inquit,
1081 5440 1459 5497 misericordia
1508 5461 1675 5513 cura;
1729 5463 1795 5502 ex
1833 5447 2147 5506 infirmitate

567 5523 712 5579 enim
755 5526 922 5583 incidi
956 5528 1008 5582 in
1050 5531 1320 5585 morbum.
1357 5532 1613 5598 Quaenam
1647 5547 1828 5594 autem
1854 5538 2145 5597 infirmitas

2256 4533 2417 4594 ποιεῖ,
2441 4531 2681 4585 ἀκόντων
2710 4533 2888 4586 αὐτῶν
2914 4535 2979 4588 τὰ
3002 4538 3220 4606 κρυπτά
3250 4540 3359 4608 τῆς
3391 4544 3626 4613 ἀνομίας
3644 4538 3836 4612 ἐμφανῆ

2257 4621 2504 4675 ποιοῦσα·
2535 4622 2692 4675 τοῦτο
2718 4627 2861 4677 ποιεῖ
2892 4626 2985 4696 ἀφ’
3031 4628 3235 4698 ἑαυτῆς
3269 4634 3304 4702 ἡ
3356 4637 3703 4705 προαίρεσις,
3732 4634 3838 4684 ἐαυ-

2253 4711 2350 4783 τὴν
2380 4711 2467 4765 διὰ
2500 4713 2598 4783 τῆς
2624 4714 2910 4784 μετανοίας
2941 4717 3284 4787 μαστίζουσά
3311 4739 3374 4776 τε
3405 4726 3503 4778 καὶ
3539 4725 3834 4788 κολάζουσα,

2251 4805 2345 4858 καὶ
2364 4805 2757 4876 δημοσιεύουσα
2781 4807 2881 4878 τὴν
2917 4809 3354 4884 κεκαλυμμένην
3385 4817 3448 4869 ἐν
3477 4820 3595 4880 τοῖς
3623 4831 3841 4884 κεκρυμο

2253 4896 2432 4965 μένοις
2467 4896 2759 4967 ἁμαρτίαν.
2792 4898 2974 4953 Εἰπὼν
3006 4901 3207 4968 τοίνυν,
3243 4905 3334 4959 ὅτι
3382 4925 3401 4958 ε
3429 4907 3590 4980 Μήτε
3608 4908 3682 4977 τῷ
3704 4901 3840 4973 θυμῷ

2251 5003 2342 5039 σου
2395 4987 2616 5060 ἐλέγξῃς
2647 5006 2736 5058 με,
2777 4991 2915 5061 μήτε
2948 4995 3014 5064 τῇ
3043 4993 3182 5066 ὀργῇ
3237 5013 3344 5050 σου
3378 5000 3683 5072 παιδεύσῃς
3712 5013 3792 5068 με,
3823 5014 3838 5044 ι

2249 5079 2557 5142 ἀκολούθως
2595 5081 2931 5151 καταφεύγει
2960 5087 3052 5138 ἐπὶ
3073 5087 3166 5140 τὸν
3193 5082 3382 5155 ἔλεον,
3409 5095 3474 5146 οὐ
3501 5092 3748 5146 τοσοῦτον
3773 5090 3842 5146 εἰς

2254 5171 2590 5241 προαίρεσιν,
2635 5173 2756 5225 ὅσον
2794 5175 2874 5236 εἰς
2914 5176 3200 5231 ἀσθένειαν
3251 5182 3522 5248 φύσεως,
3556 5183 3648 5236 τοῦ
3687 5175 3841 5234 κακοῦ

2249 5262 2347 5332 τὴν
2373 5263 2547 5316 αἰτίαν
2573 5263 2808 5330 ἀνάγων·
2858 5265 2944 5318 Ἐν
2980 5271 3169 5332 κακοῖς
3199 5274 3507 5341 γεγονότα,
3532 5275 3665 5344 ἐλέῳ
3696 5270 3840 5339 θερά-

2245 5372 2466 5407 πευσον·
2507 5356 2564 5420 ἐξ
2586 5356 2864 5420 ἀσθενείας
2897 5359 3005 5430 γὰρ
3025 5355 3184 5430 ἦλθον
3218 5365 3323 5417 ἐπὶ
3347 5365 3414 5418 τὸ
3447 5367 3642 5429 πάθος.
3671 5364 3758 5424 Τίς
3788 5359 3838 5411 δὲ

2248 5447 2280 5514 ἡ
2321 5446 2607 5508 ἀσθένεια;
2651 5447 2999 5521 Ἐξηρθρώθη
3028 5451 3094 5504 τὰ
3140 5452 3286 5506 ὀστᾶ
3338 5473 3471 5525 μου,
3509 5459 3604 5508 καὶ
3635 5449 3832 5516 διελύθη

2248 5538 2354 5590 ἀπὸ
2379 5537 2477 5606 τῆς
2502 5540 2617 5608 μετ’
2643 5538 2884 5610 ἀλλήλων
2912 5543 3192 5613 ἁρμονίας.
3245 5547 3425 5602 Ὀστᾶ
3445 5549 3503 5602 δὲ
3529 5549 3694 5617 λέγει,
3721 5541 3835 5604 τοὺς

635 5697 676 5728 ²⁹
704 5696 750 5754 ll
776 5700 901 5757 Cor.
936 5717 1008 5764 tv.
1035 5704 1084 5758 ι.
1162 5705 1206 5736 ⁶⁰
1231 5705 1420 5763 Matth.
1445 5725 1564 5776 xm,
1589 5711 1675 5767 45.
1755 5714 1797 5746 ⁸⁸
1839 5715 2032 5771 Matth.
2067 5731 2160 5771 vm

2264 5715 2510 5785 !;Marc.
2546 5718 2734 5790 xxiii,
2767 5719 2854 5774 45.
2935 5720 2976 5753 ³³
3007 5719 3150 5776 Psal.
3175 5735 3262 5788 vt,
3301 5721 3340 5777 2
3383 5739 3512 5796 sqq.
