4018 6334
547 284 650 338 615

1759 273 1815 330 5.
1857 272 2181 330 GREGORH
2207 272 2491 330 NYSSENI
3639 286 3720 344 (illi

547 395 815 454 terribilia
865 389 1302 462 praeveniamus;
1373 387 1568 443 deinde
1605 388 1933 457 poenitentia
1999 395 2171 448 cum}

2226 391 2396 461 αὐτῆς
2422 390 2550 460 ἡμῖν
2581 389 2855 460 γινόμενον
2884 386 3070 458 κέρδος
3097 351 3478 460 εὐηγγελίσατο,
3508 396 3723 468 εἰποῦσα,

547 490 760 543 ratione
788 485 900 540 Deo
948 484 1156 546 oblata,
1217 482 1454 548 lucrum,
1509 480 1655 549 quod
1713 495 1777 535 ex
1831 495 1891 536 ca
1952 482 2126 552 magis

549 581 709 636 nobis
743 578 1034 647 contingit,
1069 575 1433 640 denuntiavit,
1467 590 1590 629 cum
1628 574 1804 628 dixit:
1833 593 1853 626 ι
1884 573 2125 628 Exaudi-

549 674 626 726 vit
659 671 922 725 Dominus
956 683 1145 721 vocem
1186 682 1310 721 eum
1341 667 1602 737 lacrymis
1629 681 1689 720 se
1723 665 1791 720 ad
1829 680 1952 720 eum
1991 679 2128 719 con-

547 763 828 817 vertentis.
873 780 892 813 ι
930 759 1050 825 Quo
1085 759 1230 812 facto
1264 765 1321 811 ut
1358 758 1558 811 bonum
1593 757 1725 811 illud
1754 757 1810 810 in
1847 764 2124 827 posterum

549 855 708 909 nobis
763 852 1195 907 illabefaetatum
1233 864 1298 903 ac
1355 849 1552 905 stabile
1611 857 1949 919 permaneat,
2007 857 2160 926 orat.

549 945 840 1014 Propheta,
873 951 931 996 ut
963 943 1309 996 inimicorum
1349 957 1610 996 sensuum
1641 949 1806 1010 atque
1841 941 2126 1011 cogitatio-

549 1039 679 1090 num
709 1051 806 1104 per
835 1034 1097 1104 pudorem
1159 1033 1386 1087 abolitio
1447 1035 1753 1104 contingat.
1811 1031 1929 1087 Non
1981 1032 2123 1087 enim

490 1136 493 1139 ‘
551 1129 655 1181 alia
686 1127 900 1181 ratione
940 1125 1197 1179 inimicus
1227 1124 1426 1193 aliquis
1455 1133 1508 1179 et
1539 1124 1762 1195 iniquus
1789 1124 1956 1179 animi
1991 1125 2125 1179 co'n-

550 1225 744 1284 ceptus
770 1231 832 1269 ac
861 1230 1057 1271 sensus
1093 1215 1369 1282 exstingui
1410 1222 1612 1283 potest,
1649 1215 1754 1270 nisi
1789 1215 1966 1284 pudor
2005 1214 2124 1283 ejus

550 1308 906 1362 abolitionem
938 1307 1272 1360 intrinsecus
1301 1304 1564 1360 elfecerit.
1596 1305 1788 1361 Hiatus
1817 1306 1960 1361 enim
2018 1307 2125 1360 alte

551 1400 850 1470 depressus
905 1406 1071 1466 atque
1105 1398 1380 1452 contritus
1412 1399 1590 1467 pudor
1648 1383 1719 1452 ob
1752 1398 1918 1452 vitam
1984 1397 2124 1452 male

549 1501 728 1547 actam
761 1490 998 1554 exsistit,
1038 1491 1106 1544 ab
1164 1490 1385 1544 homine
1423 1499 1705 1559 peccatum
1758 1491 1924 1545 veluti
1967 1505 2124 1544 muro

549 1601 646 1654 per
685 1599 806 1638 sese
837 1583 1102 1637 dirimens
1137 1590 1302 1651 atque
1331 1583 1666 1638 discludens.
1721 1581 1976 1636 Dicamus
2009 1581 2124 1651 igi-

550 1685 658 1740 tur,
693 1695 710 1726 ι
747 1675 1087 1729 Erubescant
1110 1685 1163 1728 et
1195 1681 1541 1729 revertantur
1561 1675 1909 1729 vehementer
1933 1689 2122 1728 omnes

547 1767 752 1827 inimici
786 1769 910 1820 mei.
955 1788 972 1818 ι
1039 1766 1247 1820 Inimici
1280 1775 1481 1827 autem,
1521 1765 1774 1820 videlicet
1831 1765 2117 1820 domestici

548 1857 690 1921 ejus,
729 1856 824 1926 qui
858 1872 921 1910 ex
955 1856 1123 1910 cerde
1155 1857 1457 1925 procedunt
1506 1864 1560 1910 et
1614 1857 1903 1925 inquinant
1947 1857 2122 1910 homi-

551 1964 693 2011 nem,
725 1947 926 2016 quibus
960 1948 1209 2002 celeriter
1232 1963 1355 2001 cum
1389 1948 1596 2017 pudore
1625 1949 1855 2012 aversis,
1889 1949 2122 2016 excipiet

2230 483 2315 535 ὅτι
2349 483 2678 552 ιΕἰσήκουσε
2711 482 2914 552 Κύριος
2941 482 3038 551 τῆς
3057 483 3237 553 φωνῆς
3266 484 3351 538 τοῦ
3383 487 3504 556 μετὰ
3523 490 3729 560 δακρύων

2230 572 2367 642 πρὸς
2393 570 2554 624 αὐτὸν
2573 571 3014 640 ἐπιστρέφοντος.
3028 566 3129 625 »οὗ
3149 577 3444 643 γενομένων
3461 577 3527 640 ὡς
3551 577 3606 630 ἂν
3625 583 3735 656 πί)δῖ

2226 664 2318 717 τὸν
2352 664 2546 735 ἐφεξῆς
2574 665 2764 734 χρόνον
2790 664 3179 735 ἀμετάπτωτον
3211 668 3336 737 ἡμῖν
3362 669 3418 722 τὸ
3442 670 3616 738 ἀγαθὸν
3651 691 3738 726 πα-

2231 754 2489 824 ραμένοι,
2524 753 2613 805 τὸν
2662 753 2968 824 ἀφανισμὸν
2999 754 3106 807 τῶν
3154 757 3356 827 ἐχθρῶν
3399 759 3654 828 νοημάτων
3688 761 3742 814 δι’

2228 841 2487 913 αἰσχύνης
2516 844 2765 911 γενέσθαι
2816 846 3125 917 παρακαλεῖ
3167 848 3196 899 ὁ
3226 850 3515 918 Προφήτης.
3563 853 3625 903 Οὐ
3653 852 3743 923 γὰρ
3770 854 3772 856 ’

2227 934 2375 987 ἔστιν
2403 934 2575 996 ἄλλως
2604 934 2797 1004 ἐχθρόν
2820 951 2871 986 τι
2898 935 2989 986 καὶ
3013 934 3319 1004 παράνομον
3340 936 3506 1006 νόημα
3529 941 3752 992 κατασϐε-

2229 1027 2443 1098 σθῆναι,
2494 1027 2570 1097 μὴ
2599 1028 2858 1096 αἰσχύνης
2891 1024 3057 1078 αὑτοῦ
3092 1026 3181 1078 τὸν
3211 1026 3501 1096 ἀφανισμὸν
3529 1029 3749 1097 ἐμποιού-

2229 1136 2348 1190 σης.
2388 1119 2588 1188 Χάσμα
2622 1117 2730 1186 γὰρ
2773 1119 2978 1185 γίνεται
3029 1117 3116 1170 διὰ
3149 1116 3340 1187 βάθους
3383 1120 3754 1188 ἐστηριγμένον,

2227 1212 2259 1281 ἠ
2303 1212 2396 1263 ἐπὶ
2428 1214 2538 1273 τοῖς
2569 1211 2752 1273 κακῶς
2787 1210 3139 1280 βεϐιωμένοις
3180 1207 3436 1280 αἰσχύνη,
3481 1210 3544 1262 δι’
3587 1212 3755 1280 ἑαυτῆς

2224 1303 2318 1355 τοῦ
2363 1301 2649 1371 ἀνθρώπου
2698 1302 2796 1372 τὴν
2845 1302 3118 1374 ἁμαρτίαν
3168 1299 3588 1369 ἁποτειχὶζονσα.
3631 1300 3760 1353 Εἴπω

2225 1389 2317 1448 οὖν
2342 1434 2358 1459 ,
2392 1396 2473 1448 ὅτι
2513 1414 2530 1446 ι
2566 1394 2994 1465 Δίσχυνθείησαν
3026 1397 3118 1447 καὶ
3160 1395 3547 1465 ὲντραπείησαν
3585 1393 3761 1463 σφόδρα

2227 1487 2424 1550 πάντες
2451 1488 2501 1539 οἰ
2524 1488 2708 1557 ἐχθροί
2737 1504 2894 1557 μου.»
2917 1486 3129 1556 Ἐχθροί
3159 1486 3213 1538 δὲ
3233 1485 3477 1555 δηλονότι
3499 1485 3764 1537 οἱοὶκιακτίι

2225 1579 2410 1644 αὐτοῦ,
2444 1579 2492 1632 οἰ
2543 1581 2606 1632 ὲκ
2633 1580 2730 1649 τῆς
2779 1578 3002 1647 καρδίας
3046 1577 3486 1649 ἐκπορευόμενοι,
3531 1575 3764 1628 καὶ⁶κοιο

2225 1669 2439 1732 νοῦντες
2459 1669 2546 1722 τὸν
2576 1669 2860 1740 ἄνθρωπον
2883 1687 2896 1698 ·
2931 1662 3004 1721 ὧν
3029 1667 3316 1738 διατάχους
3346 1664 3766 1736 ἀποστραφέντων

2229 1763 2346 1832 μετ’
2381 1763 2660 1832 αἰσχύνης,
2689 1761 2987 1826 διαδέξεται
3018 1763 3162 1832 ἡμᾶς
3185 1763 3218 1830 ἡ
3254 1758 3407 1822 ἐλπὶς
3439 1759 3533 1827 τῆς
3557 1757 3714 1826 δόξης,
3742 1757 3769 1822 ὴ

2226 1855 2304 1917 εἰς
2336 1855 2598 1926 αἰσχύνην
2629 1854 2704 1926 μὴ
2731 1854 3110 1924 καταλήγουσα
3131 1894 3144 1914 ,
3192 1853 3377 1923 χάριτι
3419 1848 3510 1902 τοῦ
3553 1846 3734 1918 Κυρίου
3756 1859 3768 1872 ·

2226 1939 2269 2013 ᾧ
2302 1947 2335 2016 ἡ
2365 1945 2490 2010 δόξα
2523 1947 2603 2008 εἰς
2637 1947 2760 2008 τοὺς
2789 1946 3012 2008 αἰῶνας.
3059 1946 3252 2016 Ἀμήν.

549 2053 648 2092 nos
678 2051 803 2106 spes
825 2037 1030 2105 gloriae,
1060 2052 1179 2105 qua:
1207 2051 1317 2090 non
1339 2036 1540 2091 desinit
1564 2037 1616 2091 in
1647 2037 1932 2106 pudorem,
1951 2038 2127 2107 gratia
2157 2037 2396 2101 Domini,
2425 2037 2514 2091 cui
2545 2037 2722 2108 gloria
2750 2037 2805 2092 in
2843 2037 3042 2093 sucula
3071 2037 3426 2104 smeulorum,
3458 2039 3643 2094 Amen.

563 2225 1896 2260 mm

2947 2231 3760 2258 ω

1924 2379 2061 2431 ΤΟΥ
2091 2378 2179 2430 ΕΝ
2211 2377 2432 2431 ΑΓΙΟΙΣ

1305 2672 1311 2679 .
1417 2567 2274 2682 ΓΡΗΓΟΡΙΟΥ
2337 2567 2914 2680 ΝΥΣΣΗΣ

1797 2832 2176 2885 ΕΞΙΙΓῘΙΣΙΣ
2213 2833 2543 2888 ΛΚΡῙΒΗΣ

891 3021 1062 3108 ΕΙΣ
1133 2977 1356 3106 ToN
1430 3018 2291 3104 ΕΚΚΑΗΣΙΑΣΤΗΝ
2367 3017 2593 3103 ΤΟΥ
2664 3013 3464 3111 ΣΑΛΟΜΩΝΤΟΣ.

1387 3391 1505 3504 S.
1590 3391 2260 3506 GREGORII
2351 3393 2964 3509 NYSSENI

1754 3615 2131 3672 ACCURATA
2173 3617 2589 3676 EXPOSITIO

1075 3782 1212 3874 IN
1305 3783 2316 3875 ECCLESIASTEN
2421 3787 3288 3889 SALOMONIS.

1757 3998 2001 4048 Gentiano
2025 3998 2245 4051 Herveto
2266 4002 2559 4065 interprete.

1128 4383 1410 4440 HOMILlA
1456 4383 1497 4440 1.

2821 4394 3062 4447 OMIMA
3100 4397 3183 4451 A'.

565 4480 726 4534 Verba
773 4476 1110 4532 Ecclesiaste:
1146 4477 1248 4546 ﬁlii
1274 4477 1478 4556 .Davjd,
1515 4478 1648 4548 regis
1696 4475 1870 4531 Israel
1919 4473 2112 4528 [liero-
2141 4456 2171 4514 ί

2231 4476 2482 4544 Ῥήματα
2527 4479 3191 4556 Ἐιιῖςλησςαστοῦμυίοὗ
3256 4489 3471 4555 Δαείδ,
3525 4489 3814 4556 βασιλέως

1203 4548 1441 4616 solymis.

626 4638 846 4692 Vanitas
867 4639 1179 4701 vanitatum,
1216 4640 1394 4692 omnia
1425 4639 1649 4700 vanitas,
1681 4637 1817 4689 dixit
1845 4623 2113 4690 Ecclesia?

546 4739 671 4785 stes.
713 4730 765 4782 5.
802 4728 942 4793 Quid
971 4739 1203 4796 superest
1231 4728 1427 4782 homini
1471 4730 1524 4781 in
1574 4729 1715 4781 omni
1746 4728 1926 4781 labore
1976 4744 2070 4781 suo
2094 4765 2110 4791 ,

545 4835 647 4888 quo
680 4819 885 4872 laborat
911 4819 1004 4872 sub
1029 4819 1184 4874 sole?
1217 4820 1269 4873 ι.
1301 4818 1578 4872 Generatio
1615 4820 1828 4882 transit,
1872 4827 1921 4872 et
1954 4834 2110 4887 gene-

546 4911 687 4964 ratio
707 4909 910 4962 advenit
937 4925 955 4961 :
992 4919 1131 4962 terra
1169 4919 1338 4962 autem
1373 4910 1426 4962 in
1451 4919 1707 4964 aeternum
1743 4918 1868 4968 stat.
1991 4907 2112 4962 Ori-

549 5011 634 5056 tur
663 5002 743 5056 sol
777 5011 824 5055 et
849 5001 1061 5063 occidit,
1087 5011 1136 5055 et
1171 4999 1241 5053 ad
1275 5001 1449 5053 locum
1502 5017 1656 5054 suum
1707 5001 1955 5054 trahitur.
1994 4999 2113 5068 Ipse

546 5094 620 5146 ibi
653 5094 824 5146 oriens
858 5092 998 5146 vadit
1023 5091 1090 5145 ad
1119 5104 1382 5156 austrum,
1405 5100 1453 5146 et
1491 5103 1646 5162 gyrat
1676 5091 1745 5146 ad
1787 5092 2108 5160 aquilonem.

545 5185 598 5238 6.
629 5183 886 5238 Lustrans
918 5186 1160 5238 universa
1205 5185 1368 5255 pergit
1402 5185 1641 5253 spiritus,
1691 5193 1740 5238 et
1792 5186 1846 5238 in
1881 5186 2108 5239 circulos

545 5290 669 5327 suos
701 5275 978 5328 revertitur
1003 5275 1240 5342 spiritus.
1271 5274 1322 5326 7.
1353 5273 1542 5329 Omnes
1597 5283 1853 5347 torrentes
1908 5276 2111 5328 intrant

544 5365 599 5416 in
633 5379 796 5423 mare,
828 5372 876 5416 et
900 5378 1047 5417 mare
1078 5380 1181 5417 non
1209 5373 1286 5417 est
1317 5363 1588 5432 repletum.
1630 5361 1713 5414 Ad
1749 5362 1921 5416 locum
1974 5363 2110 5416 unde

543 5462 731 5509 exeunt
764 5454 987 5523 ﬂumina
1039 5463 1387 5521 revertuntur,
1452 5465 1505 5507 ut
1555 5454 1746 5507 iterum
1802 5463 2008 5506 exeant.
2051 5453 2105 5507 8.

548 5545 740 5602 Omnes
772 5563 1033 5601 sermones
1064 5533 1338 5613 laboriosi,
1371 5563 1473 5600 non
1500 5547 1690 5615 poterit
1727 5546 1804 5599 vir
1825 5562 1911 5599 eos
1947 5547 2105 5616 loqui.

544 5633 670 5692 Non
699 5638 1030 5692 saturabitur
1081 5640 1261 5693 oculus
1309 5640 1444 5702 visu,
1481 5655 1571 5691 nec
1603 5639 1749 5691 auris
1790 5638 1975 5691 auditu
2008 5639 2109 5690 im-

539 5727 789 5794 plebitur.
821 5730 873 5786 9.
906 5729 1046 5794 Quid
1071 5739 1149 5786 est
1197 5729 1335 5789 quod
1358 5729 1504 5797 fuit?
1536 5728 1718 5798 Ipsum
1756 5731 1893 5802 quod
1951 5732 2099 5800 futu-

2610 4549 2856 4617 Ἰσραὴλ
2899 4552 2966 4604 ἐν
3005 4555 3448 4629 Ἰερουσαλήμ.

2289 4641 2623 4707 Ματαιότης
2653 4642 3196 4709 ματαιοτήτωνγτὰ
3235 4650 3454 4705 πάντα
3486 4653 3808 4721 ματιιιότης,

2218 4725 2386 4784 εἶπεν
2427 4733 2460 4783 ὁ
2502 4733 2993 4800 Ἐκκλησιαστής.
3047 4734 3150 4802 Τίς
3208 4743 3556 4808 περισσεία
3607 4739 3684 4806 τῷ
3721 4738 3808 4791 dr-

2219 4820 2426 4888 θρώπῳ
2452 4823 2521 4875 ἐν
2551 4825 2728 4877 παντὶ
2749 4826 2952 4894 μόχθῳ
2981 4828 3197 4894 αὑτοῦ,
3239 4825 3294 4897 ᾧ
3318 4835 3556 4903 μοχθεῖ
3591 4834 3705 4889 ὑπὸ
3729 4829 3818 4882 τὸν

2217 4911 2428 4979 vilior;
2476 4915 2665 4974 Γενεά
2718 4917 3049 4983 πορεύεται,
3094 4923 3291 4988 γενεὰ
3343 4923 3614 4993 ἔρχεται,
3654 4919 3743 4975 καί
3785 4917 3817 4982 ἠ

2216 5002 2290 5072 πῆ
2339 5005 2433 5068 εὶς
2483 5005 2592 5057 τὸν
2641 5005 2826 5058 αἰῶνα
2886 5006 3186 5078 ἕστηκεν..
3233 5013 3358 5066 Kal
3429 5015 3746 5069 ἀνατέλλει
3797 5013 3823 5062 ὁ

2215 5094 2412 5162 ἥλιος,
2450 5095 2548 5148 καί
2589 5099 2675 5161 εἰς
2707 5096 2815 5150 τὸν
2844 5099 3032 5151 τόπον
3069 5101 3276 5156 αὑτοῦ
3309 5104 3513 5158 ἕλκει.
3561 5100 3824 5158 Ἀνατέλ-

2213 5189 2340 5240 λων
2367 5187 2547 5252 αὐτὸς
2571 5187 2711 5253 ἐκεῖ,
2764 5190 3074 5255 πορεύεται
3113 5197 3288 5260 πρὸς
3343 5199 3558 5260 νότον,
3608 5195 3702 5249 καὶ
3731 5208 3826 5245 κυ-

2217 5277 2359 5331 κλοῖ
2389 5278 2536 5344 πρὸς
2554 5276 2804 5345 βορρᾶν.
2838 5281 3116 5335 Κυκλοῦν
3151 5288 3500 5352 πορεύεται
3548 5287 3615 5340 τὸ
3653 5280 3824 5336 ¹πνεῦ-

2210 5385 2315 5439 μα,
2338 5370 2432 5422 καί
2461 5369 2560 5421 ἐπὶ
2588 5369 2850 5435 κύκλους
2870 5371 3053 5425 αὑτοῦ
3075 5371 3456 5447 ἐπιστρέφει
3488 5379 3557 5433 τὸ
3582 5375 3824 5442 πνεῦμα.

2217 5457 2446 5525 Πάντες
2474 5462 2526 5512 οὶ
2554 5459 2857 5528 χείμαρῤοι
2898 5461 3270 5529 πορεύονται
3324 5470 3419 5532 εἰς
3464 5466 3585 5534 τὴν
3610 5467 3827 5520 θάλασ-

2215 5564 2365 5614 σαν,
2412 5551 2512 5604 καί
2553 5551 2591 5618 ἡ
2638 5549 2921 5604 θάλασσα
2968 5553 3078 5605 οὐκ
3135 5551 3333 5609 ἔστιν
3381 5552 3824 5627 ἐμπιπλαμένη.

2215 5643 2319 5704 Εἰς
2347 5640 2450 5693 τὸν
2477 5641 2661 5695 τόπον
2689 5638 2760 5696 οὗ
2810 5645 2858 5696 οἰ
2899 5642 3217 5712 χείμαῤῥοι
3271 5651 3669 5716 πορεύονται,
3715 5643 3832 5699 ἐκεῖ

2211 5731 2378 5786 αὑτοί
2418 5733 2844 5803 ἐπιστρέφουσι
2892 5733 2996 5788 τοῦ
3049 5736 3476 5808 πορευθῆναι.
3518 5738 3748 5804 Πάντες
3777 5733 3824 5790 οἱ
