4018 6334
503 334 515 346 .
610 379 713 431 619

1836 371 1894 427 S.
1935 369 2260 427 GREGORII
2300 371 2591 429 NYSSENI

3692 381 3778 438 620

607 475 976 565 aliisquidem
1019 493 1276 549 omnibus
1319 488 1650 561 Scripturis,
1698 490 2054 561 ltistoriisque
2103 504 2165 543 ac

2287 486 2360 544 ιῦν
2407 493 2554 545 ἐστιν
2601 490 2630 544 ὃ
2679 489 2806 562 περὶ
2843 489 3045 544 τούτων
3073 489 3235 561 ἡμεῖς
3283 489 3784 563 ὖπειλήφαμενςὋιι

607 584 907 655 proplietiis
927 623 940 646 ,
967 583 1032 637 ad
1061 582 1305 652 quaedam
1339 583 1440 636 alia
1477 597 1595 651 quae
1626 581 1880 635 Ecclesiae
1912 596 2018 633 non
2049 588 2176 634 sunt

606 676 764 731 valde
798 675 949 730 utilia
975 714 989 739 ,
1032 689 1231 743 scopus
1266 674 1604 743 preponitur.
1661 672 1798 739 Quid
1845 672 1988 727 enim
2033 684 2178 724 cura:

607 778 689 823 est
740 766 996 820 Ecclesia:
1038 773 1228 820 exacte
1275 773 1327 819 et
1361 772 1616 819 accurate
1665 764 1880 819 discere
1913 764 2175 818 bellorum

609 856 977 917 calamitates,
1012 862 1105 908 aut
1130 855 1351 924 quinam
1386 853 1604 908 fuerunt
1630 855 1870 924 gentium
1902 852 2177 923 principes

607 956 661 1001 et
693 946 908 1000 urbium
939 923 1287 1006 conditores,
1324 951 1377 997 et
1409 923 1696 1013 quinama
1725 942 2051 1013 quibusdam
2080 923 2209 993 de?

608 1038 758 1094 ducti
792 1045 917 1094 sunt
952 1037 1005 1089 in
1040 1036 1287 1090 colonias
1309 1075 1322 1096 ,
1354 1042 1407 1088 et
1436 1050 1682 1105 qumnam
1722 1048 1886 1103 regna
1920 1032 2177 1103 deinceps

608 1139 741 1186 sunt
782 1131 1093 1192 exoritura,
1132 1138 1180 1183 et
1219 1142 1556 1198 quaecunque
1590 1126 1935 1180 matrimonia
1975 1124 2178 1178 libero-

606 1237 837 1292 rumque
875 1220 1284 1290 procreationes
1318 1226 1447 1274 sunt
1482 1217 2178 1273 litterarummonimentis

607 1315 894 1384 diligenter
930 1312 1186 1366 mandata
1210 1352 1224 1375 ,
1261 1320 1313 1364 et
1345 1325 1687 1381 quaecunque
1729 1308 1913 1364 doceri
1945 1316 2179 1378 possunt

608 1405 662 1457 in
694 1403 934 1473 qualibet
964 1401 1287 1472 Scriptura;
1318 1401 1450 1471 quid
1483 1401 1548 1455 ad
1577 1416 1801 1471 scopum
1828 1400 2045 1470 pietatis
2076 1398 2178 1451 Ec-

607 1492 785 1548 clesiae
830 1505 1157 1561 magnopere
1206 1490 1580 1544 contulerint?
1622 1489 1796 1558 Hujus
1838 1495 2018 1543 autem
2051 1486 2178 1541 lilri

607 1584 853 1638 doctrina
902 1582 967 1634 ad
1001 1582 1172 1635 solam
1223 1581 1653 1636 ecclesiasticam
1703 1579 2175 1634 conversationem

609 1674 872 1745 pertinet,
910 1681 969 1726 ut
999 1686 1119 1743 quae
1149 1686 1212 1726 ea
1243 1671 1477 1741 explicet
1505 1686 1601 1739 per
1628 1685 1751 1740 qua:
1782 1669 1907 1741 quis
1940 1676 2091 1723 recte
2124 1676 2178 1723 et

607 1781 672 1819 ex
705 1766 905 1819 virtute
939 1764 1102 1818 vitam
1149 1763 1420 1819 instituat.
1473 1763 1675 1817 Eorum
1722 1762 1863 1816 enim
1921 1776 2042 1831 quae
2090 1760 2179 1816 hic

608 1857 864 1909 dicuntur
892 1866 975 1911 est
1007 1870 1239 1924 scopus,
1300 1864 1532 1909 mentem
1587 1868 1753 1923 supra
1803 1868 2021 1908 sensum
2074 1851 2181 1906 eri-
2212 1838 2251 1889 Β

608 1965 769 2020 gere,
812 1956 864 2002 et
898 1956 954 2001 ut
989 1948 1235 2016 quiescat
1261 1946 1503 2006 ellicerc,
1539 1944 1744 1998 relictis
1776 1943 2031 1999 omnibus
2059 1958 2181 2012 qua

609 2054 804 2111 magna
838 2046 889 2095 et
922 2040 1179 2110 ptazclara
1212 2038 1464 2092 videntur
1512 2037 1567 2091 in
1615 2037 1809 2100 rebus,
1851 2035 1917 2089 ad
1962 2051 2025 2091 ea
2060 2052 2180 2106 qua:

609 2146 802 2186 sensus
837 2128 1251 2200 comprehensio
1289 2127 1513 2182 minime
1560 2134 1737 2197 potest
1784 2128 2040 2197 assequi,
2088 2143 2183 2183 as-

611 2239 870 2294 surgere,
924 2230 978 2277 et
1028 2221 1242 2274 illorum
1292 2220 1463 2273 teneri
1518 2218 1792 2274 desiderio
1826 2235 1946 2289 quat
1984 2235 2180 2276 sensus

611 2330 719 2370 non
768 2314 1004 2383 attingit.
1055 2310 1218 2366 Forte
1267 2299 1448 2365 autem
1500 2319 1554 2365 et
1588 2311 1651 2365 ad
1684 2310 1878 2364 ducem
1921 2309 2181 2365 Ecclesia:

610 2406 856 2461 intuetur
888 2403 1193 2473 inscriptio.
1230 2400 1405 2457 Verus
1453 2403 1596 2457 enim
1642 2402 2037 2465 Ecclesiastes,
2084 2402 2179 2472 qui

611 2499 860 2566 dispersa
899 2495 953 2549 in
986 2507 1154 2547 unum
1189 2502 1388 2547 cretum
1421 2492 1660 2562 colligit,
1698 2499 1751 2546 et
1784 2507 1880 2548 eos
1914 2494 2006 2562 qui
2043 2494 2182 2547 mul-

612 2589 846 2643 tif-ariam
884 2585 1049 2641 variis
1081 2583 1293 2640 seducti
1332 2592 1460 2640 sunt
1486 2583 1770 2639 erroribus
1805 2584 1859 2637 in
1888 2598 2055 2637 unum
2090 2599 2181 2639 co-

612 2679 692 2749 git
728 2684 1086 2737 conventum,
1128 2672 1381 2742 quisnam
1427 2672 1568 2726 alius
1616 2671 1777 2727 fuerit
1822 2688 1984 2743 quam
2021 2689 2181 2729 verus

612 2782 705 2822 rex
737 2760 1120 2829 Israel,Filius
1150 2761 1273 2824 Dei,
1322 2758 1411 2814 cui
1495 2761 1633 2814 dixit
1674 2760 1975 2818 Nathanael
2003 2780 2015 2816 :
2051 2780 2069 2814 ι
2102 2762 2179 2817 Tu

612 2870 673 2913 es
717 2854 889 2910 Filius
925 2852 1013 2907 Dei
1042 2871 1055 2907 :
1107 2861 1162 2905 tu
1218 2867 1277 2906 es
1316 2867 1407 2905 rex
1438 2850 1609 2906 Israel
1641 2846 1682 2884 ³⁷
1708 2853 1732 2906 ?
1763 2871 1781 2905 ι
1818 2853 1872 2908 Si
1908 2869 2038 2923 ergo
2069 2855 2182 2908 hmc

614 2953 744 3000 sunt
794 2942 957 2998 verba
1003 2942 1148 3011 regis
1195 2941 1396 3005 Israel,
1446 2939 1586 2995 idem
1622 2942 1784 2995 etiam
1832 2952 2058 2997 vocatur
2090 2943 2180 2998 Dei

613 3032 802 3096 Filius,
829 3032 971 3086 sicut
1004 3030 1139 3084 dicit
1168 3028 1521 3099 Evangelium
1551 3046 1565 3082 :
1598 3046 1727 3100 ergo
1776 3031 1915 3087 idem
1967 3048 2184 3103 quoque

613 3133 839 3183 vocatur
874 3121 1254 3175 Ecclesiastes.
1303 3120 1560 3176 Fortasse
1613 3130 1792 3175 autem
1838 3139 1944 3177 non
1995 3125 2093 3180 abs
2125 3141 2183 3180 re
2211 3163 2251 3219 Ο

615 3215 681 3269 ad
721 3215 866 3267 hunc
898 3226 1121 3267 sensum
1171 3210 1544 3280 inscriptionis
1581 3212 1870 3269 referimus
1909 3215 2185 3286 signiﬁca-

617 3306 815 3360 tionem
838 3345 851 3367 ,
883 3314 942 3357 ut
980 3317 1077 3373 per
1108 3302 1168 3356 id
1209 3302 1522 3368 discamus,
1550 3304 1695 3373 quod
1724 3304 1790 3359 ad
1817 3321 1938 3359 eum
1965 3307 2058 3376 qui
2086 3308 2181 3364 Ec-

615 3393 839 3448 clesiam
869 3392 986 3446 ﬁxit
1012 3407 1113 3460 per
1143 3390 1494 3462 Evangelium
1518 3432 1532 3454 ,
1566 3393 1757 3448 horum
1789 3396 2073 3451 verborum
2105 3399 2188 3455 vis

614 3484 904 3541 referatur.
935 3502 953 3535 ι
977 3481 1153 3538 Verba
1186 3502 1205 3536 ι
1230 3484 1406 3549 enim,
1438 3483 1647 3552 inquit,
1676 3503 1695 3536 ι
1721 3483 2066 3543 Ecclesiastae
2094 3488 2185 3543 ﬁlii

619 3572 804 3629 David.
838 3593 857 3626 ι
882 3573 959 3627 ita
987 3572 1150 3628 etiam
1187 3570 1470 3628 Matthaeus
1504 3573 1558 3627 in
1592 3574 1860 3644 principio
1904 3577 2181 3649 Evangelii

616 3665 794 3735 ipsum
826 3663 1071 3718 nominat
1100 3661 1270 3718 ﬁlium
1314 3663 1484 3719 David
1511 3702 1528 3729 ,
1559 3663 1751 3722 dicens
1794 3665 2107 3724 Dominum.

2275 586 2394 647 ταῖς
2442 584 2538 654 μὲν
2584 582 2768 646 ἄλλαις
2811 582 3012 659 πάσαις
3051 584 3308 653 Γραφαῖς.
3337 584 3579 655 ἱστορίαις
3617 604 3670 640 τε
3708 588 3787 644 καὶ

2276 675 2650 744 προφητείαις,
2681 676 2773 728 καὶ
2815 675 2950 743 πρὸς
2997 674 3128 728 ἄλλα
3175 676 3295 728 τινὰ
3330 676 3430 730 τῶν
3471 677 3541 748 μὴ
3580 680 3705 735 πάνυ
3734 684 3793 753 τῇ

2287 766 2618 835 Ἐκκκλησίᾳ
2643 766 2923 837 χρησίμων
2953 766 2981 818 6
3006 766 3207 829 σκοπὸς
3238 767 3435 835 βλέπει.
3461 769 3522 822 Τί
3548 770 3646 842 γάρ
3670 771 3794 841 μέλει

2275 861 2340 927 τῇ
2384 857 2674 928 Ἐκκλησία
2718 857 2815 919 τὰς
2854 856 2957 909 τῶν
2995 856 3243 927 πολέμων
3287 859 3552 930 συμφοράς
3579 860 3638 912 δι’
3666 863 3799 932 ἀκρι-

2277 945 2426 1009 ϐείας
2468 947 2676 1016 μαθεῖν,
2734 946 2762 1016 ἢ
2814 945 2957 1008 τίνες
2996 945 3162 998 ἐθνῶν
3200 945 3450 1016 ἄρχοντες
3494 948 3580 1000 καὶ
3623 948 3801 1001 πόλεων

2277 1038 2561 1105 γεγόνασιν
2598 1037 2854 1100 οἰκισταὶ,
2884 1036 2977 1089 καὶ
3017 1035 3158 1099 τίνες
3194 1037 3351 1089 τίνων
3377 1037 3598 1097 ἄποικοι,
3621 1037 3652 1108 ἢ
3675 1040 3803 1092 ποῖαι

2279 1128 2545 1199 βασιλεῖαι
2592 1128 2730 1181 κατὰ
2774 1127 2866 1180 τὸν
2915 1126 3110 1197 ἑφεξῆς
3158 1127 3349 1205 χρόνον
3394 1126 3806 1198 διαφανήσονται,

2278 1215 2371 1268 καὶ
2398 1216 2511 1267 ὅσοι
2533 1215 2701 1285 γάμοι
2741 1212 2835 1267 καὶ
2878 1213 3210 1267 παιδοποιῖαι
3241 1214 3305 1266 δι’
3333 1214 3634 1284 ἐπιμελείας
3662 1216 3804 1286 ἐμνη-

2282 1307 2638 1379 μονεύθησαν,
2697 1306 2789 1359 xal.
2845 1305 3021 1357 πάντα
3067 1305 3136 1358 τά
3178 1304 3423 1367 τοιαῦτα,
3467 1306 3565 1360 ὅσα
3608 1306 3814 1375 ἑκάστης

2277 1398 2394 1452 ὲστλ⁸
2439 1397 2747 1467 διδαχθῆναι
2783 1395 3025 1467 Γραφῆς,
3079 1397 3130 1450 τί
3171 1396 3237 1450 ἂν
3288 1396 3537 1450 τοσοῦτον
3577 1398 3702 1469 πρὸς
3740 1399 3814 1451 τὸν

2279 1488 2476 1542 σκοπὸν
2505 1489 2601 1558 τῆς
2641 1488 2918 1551 εὐσεϐείας
2946 1491 3011 1559 τῇ
3052 1489 3348 1559 Ἐκκλησία
3391 1490 3818 1558 συναγωνίσαιτος

2290 1578 2352 1631 Ἥ
2382 1579 2437 1632 δὲ
2475 1577 2567 1630 τοῦ
2598 1577 2801 1651 βιϐλίον
2831 1577 3015 1631 τούτου
3054 1578 3371 1633 διδασκαλία
3408 1578 3540 1649 πρὸς
3565 1579 3716 1649 μόνην
3739 1578 3820 1648 τὴν

2278 1670 2731 1742 ἐκκλησιαστικὴν
2772 1669 3043 1723 πολιτείαν
3073 1669 3276 1739 βλέπει,
3320 1669 3386 1721 δι’
3417 1662 3491 1723 ὧν
3531 1667 3593 1722 ἂν
3630 1669 3713 1721 τὸν
3750 1671 3825 1722 ὲν-

2279 1762 2468 1834 άρετόν
2508 1776 2583 1825 τις
2626 1761 2987 1833 κατορθώσειε
3026 1760 3347 1837 βίον,ταῦτα
3387 1760 3745 1830 ὑφηγουμένη.
3776 1757 3826 1812 Ὅ

2281 1853 2388 1925 γὰρ
2420 1855 2619 1916 σκοπὸς
2658 1853 2766 1905 τῶν
2805 1852 3037 1906 ἐνταῦθα
3081 1851 3392 1922 λεγομένων
3430 1851 3566 1915 ἐστὶ,
3597 1850 3656 1903 τδ
3684 1850 3831 1920 ὑπερ·

2281 1944 2452 1999 θεῖναι
2488 1946 2575 1999 τὸν
2617 1944 2740 1997 νοῦν
2788 1944 2884 2015 τῆς
2935 1943 3259 2015 αἰσθήσεως,
3311 1943 3407 1996 καὶ
3449 1941 3649 1996 παῦσαι
3690 1959 3834 1996 κατα-

2278 2035 2503 2090 λιπόντα
2526 2037 2631 2089 πᾶν
2652 2034 2841 2106 ὄτιπέρ
2864 2035 2978 2087 ἐστι
3013 2034 3151 2105 μέγα
3177 2051 3236 2087 τε
3269 2034 3366 2087 καὶ
3394 2033 3643 2105 λαμπρὸν
3666 2034 3717 2085 ἐν
3741 2033 3835 2095 τοῖς

2279 2126 2397 2183 οὖσι
2430 2129 2782 2198 φαινόμενον·
2835 2126 2971 2199 πρὸς
3023 2126 3090 2179 τά
3139 2126 3411 2193 ἀνέφικτα
3459 2128 3525 2196 τῇ
3576 2124 3837 2194 αἰσθητικῇ

2280 2218 2580 2289 καταλήψει
2624 2216 2711 2269 διὰ
2759 2216 2855 2286 τῆς
2887 2215 3063 2285 ψυχῆς
3094 2213 3438 2285 ὑπερκῦψαι,
3474 2214 3731 2267 κάκείνων
3755 2212 3839 2283 τὴν

2281 2309 2571 2379 ἐπιθυμίαν
2622 2306 2824 2367 λαϐεῖν,
2871 2297 2944 2358 ὧν
2998 2305 3095 2357 οὐκ
3148 2305 3461 2372 ἐφικνεῖται
3509 2305 3541 2373 ἡ
3597 2302 3842 2371 αἴσθησις.

2281 2404 2430 2472 Τάχα
2461 2401 2517 2454 δὲ
2551 2401 2640 2452 καὶ
2667 2399 2800 2468 πρὸς
2832 2398 2921 2451 τὸν
2953 2397 3314 2468 καθηγεμόνα
3344 2400 3447 2467 τῆς
3487 2394 3846 2465 Ἐκκλησίαςή

2281 2491 2558 2563 ἐπιγραφὴ
2589 2490 2791 2560 βλέπει.
2834 2490 2889 2542 'U
2913 2489 3021 2559 γὰρ
3062 2488 3323 2558 ἀληθινὸς
3359 2487 3801 2559 Ἐκκλησιαστὴς,
3828 2485 3852 2536 6

2280 2584 2348 2638 τὰ
2387 2582 2791 2655 ὲσκορπισμένα
2836 2580 3155 2650 συναγαγὼν
3204 2583 3292 2644 εἰς
3336 2580 3397 2634 ἓν
3442 2580 3731 2652 πλήρωμα,
3771 2576 3851 2631 καὶ

2281 2679 2406 2740 τοὺς
2464 2675 2705 2745 πολλαχῆ
2754 2674 2890 2727 κατὰ
2944 2673 3040 2735 τὰς
3087 2673 3348 2737 ποικίλας
3394 2672 3615 2736 ἀπάτας
3660 2670 3858 2724 πεπλα-

2283 2770 2547 2841 νημένους
2600 2769 2680 2831 είς
2723 2766 2818 2819 ἕνα
2874 2765 3125 2833 σύλλογον
3181 2765 3620 2835 ἐκκλησιάζων,
3671 2761 3750 2825 τίς
3802 2758 3857 2812 av

2282 2862 2435 2923 ἄλλος
2469 2860 2570 2929 εἴη.
2619 2859 2664 2911 εἰ
2714 2858 2786 2928 μὴ
2824 2859 2852 2910 6
2899 2856 3150 2927 ἀληθινὸς
3194 2855 3472 2925 βασιλεὺς
3510 2854 3606 2909 τοῦ
3647 2852 3862 2925 Ἰσραὴλ,

2284 2956 2311 3005 6
2341 2946 2462 3015 Υίδς
2510 2949 2603 3004 τοῦ
2655 2949 2809 3007 Θεοῦ.
2859 2949 2994 3020 πρὸς
3049 2948 3108 3001 ὃν
3159 2943 3326 3001 εἶπεν
3378 2950 3409 3002 6
3452 2946 3764 3017 Ναθαναὴλ,
3795 2946 3866 2996 ὅτι

2288 3063 2306 3095 ι
2349 3044 2420 3096 Σὺ
2470 3037 2520 3096 εἷ
2566 3045 2594 3096 6
2648 3041 2775 3105 Υίδς
2815 3040 2906 3094 ’τοῦ⁹
2968 3040 3133 3093 Θεοῦ·
3176 3044 3250 3095 σὺ
3314 3036 3370 3093 εἳ
3429 3042 3460 3094 6
3507 3040 3755 3110 βασιλεὺς
3789 3034 3871 3089 τοῦ

2300 3133 2546 3205 ’1σραήλ;
2584 3152 2602 3184 ι
2638 3133 2699 3185 Εἰ
2745 3126 2837 3185 οὖν
2876 3131 2943 3185 τὰ
2982 3132 3208 3202 ῥήματα
3253 3131 3443 3185 ταῦτα
3496 3130 3595 3184 τοῦ
3633 3129 3873 3199 βασιλέως

2286 3226 2401 3279 ἐστὶ
2444 3224 2537 3278 τοῦ
2579 3223 2811 3295 Ἰσραὴλ,
2855 3225 2883 3276 6
2927 3223 2982 3275 δὲ
3035 3222 3200 3285 αὐτὸς
3253 3215 3423 3286 οὗτος
3472 3224 3574 3276 καὶ
3617 3220 3750 3275 Θεοῦ
3767 3213 3877 3279 Υἱός

2282 3317 2421 3376 ἐστι,
2450 3307 2632 3376 καθὼς
2670 3313 2817 3382 λέγει
2863 3312 2922 3366 τὸ
2965 3311 3313 3382 Εὐαγγέλιον
3336 3330 3349 3344 ·
3388 3313 3505 3384 ἄρα
3547 3313 3645 3365 καὶ
3675 3312 3703 3363 6
3737 3307 3881 3368 αὐτὸς

2295 3404 2723 3477 Ἐκκλησιαστὴς
2776 3405 3117 3475 ὀνομάζεται.
3172 3405 3348 3475 Τάχα
3398 3405 3462 3458 δὲ
3510 3403 3615 3458 οὐκ
3658 3400 3761 3467 ἔξω
3802 3396 3883 3451 τοῦ

2286 3497 2492 3560 εἰκότος
2526 3497 2606 3560 είς
2636 3494 2840 3565 ταύτην
2876 3495 2973 3566 τὴν
3013 3493 3266 3547 διάνοιαν
3296 3496 3408 3565 τὴν
3451 3495 3561 3566 τῆς
3595 3489 3889 3563 ἐπιγραφῆς

2286 3583 2626 3653 ἀναφέρομεν
2665 3582 2961 3652 σημασίαν,
3005 3582 3091 3634 ἵνα
3135 3581 3237 3635 διὰ
3279 3584 3455 3637 τοῦτο
3507 3583 3791 3655 μάθωμεν,
3820 3579 3889 3631 ὅτι

2287 3675 2366 3737 είς
2409 3674 2568 3727 αὑτὸν
2616 3673 2705 3727 τὸν
2748 3673 2834 3727 διὰ
2877 3673 2971 3727 τοῦ
3025 3674 3391 3743 Εὑαγγελίου
3443 3677 3553 3747 τὴν
3588 3673 3893 3743 Ἐκκλησίαν

615 3755 944 3826 πηξάμενον.
985 3756 1020 3826 ἡ
1064 3753 1172 3809 τῶν
1210 3754 1468 3825 ῥημάτων
1509 3756 1714 3813 τούτων
1744 3759 2069 3832 ἀναφέρεται
2096 3761 2369 3834 δῦναμιςοι
2389 3766 2631 3837 Ῥήματα
2644 3766 2794 3837 ιγάρ,
2823 3753 3007 3835 φησὶν,
3026 3782 3042 3810 ι
3063 3766 3534 3838 Ἐκκλησιαστοῦ
3561 3760 3893 3820 massam.»

618 3845 774 3903 Οὕτω
798 3847 855 3901 δὲ
885 3846 1043 3900 αὐτὸν
1071 3845 1162 3899 καὶ
1188 3845 1462 3907 Ματθαῖος
1487 3848 1545 3902 ὲν
1574 3849 1766 3920 ἀρχαῖς
1803 3852 1895 3904 τοῦ
1934 3850 2261 3922 Εὐαγγελίου
2292 3857 2667 3925 κατονομάζει,
2704 3856 2814 3909 υἱὸν
2846 3855 3028 3920 Δαϐὶδ,
3058 3855 3246 3924 λέγων
3280 3860 3384 3913 τὸν
3430 3860 3675 3932 Κύριον.

692 3960 712 3993 ι
745 3940 969 3995 Vanitas
1011 3939 1344 4002 vanitatem,
1375 3959 1394 3993 ι
1422 3940 1557 3998 dicit
1606 3943 1991 4011 Ecclesiastes,
2018 3964 2038 3998 ι
2063 3962 2184 4002 om~

617 4036 710 4091 nia
741 4034 972 4088 vanitas.
1007 4050 1025 4084 ι
1051 4030 1262 4086 Vanum
1296 4032 1621 4103 intelligitur
1667 4036 1814 4106 quod
1853 4053 1961 4093 non
2010 4050 2189 4109 potest

620 4128 948 4189 consistere,
977 4124 1120 4196 quod
1152 4123 1209 4178 in
1238 4124 1354 4204 sola
1382 4125 1672 4180 verborum
1704 4128 2008 4197 prolatione
2029 4146 2192 4210 suam

620 4217 782 4271 habet
803 4214 1095 4270 essentiam
1121 4230 1136 4279 ;
1168 4226 1256 4267 res
1283 4219 1464 4267 autem
1490 4228 1612 4284 quae
1639 4215 1941 4283 consistat,
1974 4234 2081 4273 non
2112 4220 2189 4275 si-

2363 3971 2382 4003 ι
2404 3951 2715 4021 Ματαιότης
2739 3951 3131 4019 ματαιοτήτων,
3159 3969 3182 4000 ι
3203 3946 3378 4005 εἶπεν
3397 3955 3429 4007 6
3454 3945 3897 4024 Ἐκκλησιαστὴςο

2294 4060 2313 4093 ι
2336 4042 2403 4096 τὰ
2424 4040 2597 4095 πάντα
2625 4039 2936 4112 ματαιότης.
2952 4059 2968 4091 ι
2987 4039 3247 4093 Μάταιον
3268 4044 3496 4096 νοεῖται
3525 4043 3592 4096 τὸ
3614 4040 3900 4096 ἀνυπόσταο

2286 4150 2398 4197 τον,
2434 4132 2464 4185 6
2513 4133 2569 4185 ὲν
2617 4132 2752 4203 μόνῃ
2796 4133 2863 4202 τῇ
2904 4128 2995 4183 τοῦ
3043 4130 3314 4201 ῥήματος
3371 4135 3647 4206 προφορᾷ
3683 4133 3745 4186 τὸ
3783 4126 3901 4183 εἶναι

2288 4223 2425 4295 ἔχει·
2454 4224 2683 4295 πρᾶγμα
2705 4223 2761 4276 δὲ
2781 4221 3009 4290 ὑφεστὸς
3031 4224 3097 4292 τῇ
3129 4221 3233 4275 τοῦ
3270 4208 3571 4295 ὀνόματος
3593 4223 3833 4297 σημασία
3854 4218 3906 4272 οὑ

621 4307 734 4361 mul
783 4312 1008 4374 apparet
1052 4317 1177 4358 cum
1229 4302 1468 4359 nominis
1516 4303 1948 4375 signiﬁcatione,
1983 4308 2076 4362 sed
2106 4316 2186 4363 est

2291 4316 2727 4386 συνεμφαίνεται,
2745 4313 2856 4367 ἀλλ’
2879 4312 2992 4365 ἔστι
3014 4330 3094 4375 τις
3112 4312 3309 4383 ψόφος
3331 4316 3522 4386 ἀργὸς
3542 4315 3641 4369 καὶ
3662 4315 3903 4371 διάκενος.

619 4398 834 4454 otiosus
861 4396 1080 4466 quidam
1107 4402 1161 4449 et
1191 4395 1372 4451 inanis
1401 4411 1571 4452 sonus
1591 4435 1605 4461 ,
1634 4398 1727 4467 qui
1756 4398 1859 4453 sub
1890 4400 2071 4469 specie
2097 4401 2190 4456 ali-

622 4488 781 4558 cujus
813 4485 1072 4541 dictionis
1117 4492 1322 4541 temere
1365 4486 1640 4556 profertur
1678 4503 1775 4558 per
1817 4490 2082 4562 syllabas,
2132 4492 2185 4546 in

626 4592 786 4634 aures
835 4577 1122 4631 incurrens
1171 4575 1380 4646 absque
1435 4577 1870 4648 signiﬁcatione,
1908 4580 2051 4636 sicut
2091 4597 2188 4651 per

629 4669 810 4725 ludum
842 4666 1091 4722 nonnulli
1121 4666 1329 4736 ﬁngunt
1357 4668 1580 4722 nomina
1606 4708 1621 4733 ,
1652 4685 1774 4739 qua
1803 4671 1939 4724 nihil
1968 4672 2186 4741 signiti-

623 4767 768 4816 cant.
799 4757 914 4812 Hoc
941 4764 1027 4812 est
1046 4770 1175 4826 ergo
1209 4771 1378 4810 unum
1405 4771 1578 4827 genus
1602 4760 1882 4816 vanitatis.
1907 4759 2070 4814 Aliud
2096 4774 2188 4814 au-

623 4861 732 4908 tem
756 4848 960 4906 dicitur
1001 4848 1247 4911 vanitas,
1288 4862 1479 4903 eorum
1521 4865 1753 4920 quorum
1798 4852 1983 4907 nullus
2017 4867 2187 4918 usus,

566 4992 571 5005 κ
624 4957 746 5013 quae
784 4953 982 5010 magno
1007 4937 1193 4993 studio
1220 4946 1274 4993 et
1306 4943 1658 4997 contentione
1699 4943 1843 4998 facta
1887 4953 2015 5000 sunt
2040 4945 2191 5000 nullo

625 5048 792 5104 scopo
837 5029 1159 5104 proposito:
1201 5030 1382 5100 qualia
1425 5042 1554 5089 sunt
1602 5051 1897 5106 puerorum
1938 5038 1994 5093 in
2025 5052 2192 5093 arena

624 5126 850 5183 aediﬁcia
870 5164 885 5190 ,
920 5138 1042 5194 quae
1070 5124 1127 5176 lit
1155 5122 1419 5182 adversus
1452 5126 1639 5185 stellas
1678 5129 1973 5199 jaculatio,
2006 5141 2194 5187 vento-

624 5233 746 5273 rum
777 5214 992 5272 venatio
1012 5253 1027 5278 ,
1050 5214 1293 5272 cursoris
1323 5216 1585 5274 adversus
1615 5234 1769 5274 suam
1797 5222 2045 5277 umbram
2068 5237 2193 5278 con-

624 5307 882 5369 certatio,
935 5304 1156 5375 quando
1190 5309 1471 5363 contendit
1516 5310 1785 5380 quispiam
1833 5312 2042 5368 umbrae
2080 5327 2192 5368 sua:

626 5400 885 5455 verticem
919 5395 1216 5453 ascendere
1235 5434 1250 5460 ,
1276 5404 1330 5452 et
1354 5400 1398 5452 si
1434 5400 1566 5470 quid
1589 5401 1855 5470 ejusmodi
1884 5403 2191 5460 invenimus

626 5493 683 5547 in
728 5492 797 5546 iis
837 5505 958 5561 quae
988 5488 1129 5543 facta
1161 5497 1293 5541 sunt
1325 5498 1561 5557 temere,
1596 5509 1718 5563 qua:
1752 5494 1971 5566 quidem
2007 5496 2190 5552 omnia

625 5582 882 5639 vanitatis
912 5579 1078 5635 verbo
1107 5574 1492 5646 subjiciuntur.
1517 5583 1613 5640 Est
1636 5594 1815 5643 autem
1842 5587 1947 5643 hoc
1972 5600 2190 5658 quoque

700 5749 741 5786 ’⁷
766 5756 924 5816 Joan.
958 5775 997 5828 ι,
1030 5764 1122 5821 49.

2290 4409 2347 4461 ὲν
2367 4408 2603 4478 σχήματι
2629 4404 2824 4470 λέξεώς
2852 4421 3015 4469 τινος,
3038 4404 3128 4457 διὰ
3156 4405 3486 4463 συλλαϐῶν
3523 4405 3910 4480 προφερόμενος

2288 4499 2433 4568 εἰκῇ,
2477 4496 2827 4568 προσπίπτων
2859 4497 2924 4565 τῇ
2967 4495 3103 4564 ἀκοῇ
3150 4497 3353 4569 χωρὶς
3404 4500 3722 4570 σημασίας,
3748 4492 3826 4548 οἷα
3852 4492 3905 4561 δὴ

2291 4588 2570 4653 παίζοντές
2594 4605 2735 4651 τινες
2763 4584 3278 4656 ὀνοματοποιοῦσιν,
3306 4582 3394 4644 ὧν
3432 4592 3500 4645 τὸ
3533 4582 3907 4664 σημαινόμενόν

2289 4680 2433 4732 ἐστιν
2472 4678 2641 4732 οὐδέν.
2679 4679 2774 4730 Ἓν
2814 4678 2911 4747 μὲν
2957 4675 3113 4729 τοῦτο
3159 4673 3324 4744 εἶδος
3380 4682 3496 4752 τῆς
3553 4680 3902 4754 ματαιότητος.

2292 4768 2457 4839 Ἀλλη
2490 4768 2546 4821 δὲ
2579 4768 2871 4839 ματαιότης
2902 4767 3117 4835 λέγεται
3152 4769 3285 4823 τῶν
3334 4774 3503 4829 κατά
3541 4792 3672 4829 τινα
3708 4765 3911 4835 σπονδὴν

2294 4859 2431 4929 πρὸς
2474 4857 2913 4915 οὐδένα.σκοπὸν
2951 4856 3275 4926 γινομένων
3315 4863 3355 4932 ἡ
3398 4864 3715 4935 ἀχρηστία,
3759 4859 3827 4921 ὡς
3859 4852 3919 4905 τά

2293 4949 2401 5003 τῶν
2434 4950 2490 5004 ἐν
2518 4948 2730 5020 ψάμμῳ
2758 4948 2984 5002 παιδίων
3033 4949 3525 5024 οἰκοδομήματα,
3570 4956 3671 5010 καὶ
3717 4955 3752 5025 ὴ
3799 4944 3926 5004 κατὰ

2295 5040 2400 5093 τῶν
2430 5040 2639 5110 ἄστρων
2669 5038 2867 5104 τοξεία,
2905 5039 2998 5091 καὶ
3035 5040 3068 5109 ἡ
3097 5040 3225 5095 τῶν
3280 5046 3533 5118 ἀνέμων
3587 5048 3753 5117 θήρα,
3784 5040 3871 5094 καὶ
3897 5037 3927 5104 ἠ

2297 5131 2431 5203 πρὸς
2472 5129 2570 5201 τὴν
2598 5129 2731 5184 ἰδίαν
2763 5129 2918 5183 σκιὰν
2946 5129 3040 5183 τοῦ
3073 5129 3357 5204 δρομέως
3392 5138 3650 5209 ἅμιλλα,
3672 5137 3762 5189 ὅτε
3792 5130 3930 5204 φιλο⁸

2297 5222 2449 5291 νεικῇ
2487 5237 2571 5282 τις
2602 5219 2693 5272 τοῦ
2724 5219 3055 5291 σκιάσματος
3091 5220 3209 5291 τῆς
3248 5229 3534 5299 κορυφῆς
3552 5227 3828 5297 ἐπιϐῆναι,
3848 5220 3932 5273 καὶ

2300 5310 2353 5362 εί
2375 5327 2431 5391 τι,
2464 5307 2700 5361 τοιοῦτον
2746 5308 2931 5378 ἕτερον
2975 5310 3033 5360 ἐν
3072 5313 3203 5374 τοῖς
3250 5316 3396 5389 εἰκῇ
3438 5317 3768 5389 γενομένοις
3805 5307 3935 5381 εὑρί-

2300 5415 2519 5470 σκομενν
2556 5397 2696 5467 ἅπερ
2726 5398 2901 5451 πάντα
2948 5397 3024 5469 τῷ
3065 5398 3178 5469 τῆς
3228 5407 3640 5477 ματαιότητος
3681 5404 3937 5468 ὑπάγεται

2300 5492 2522 5564 ῥήματι.
2552 5488 2705 5541 Ἔστι
2755 5487 2812 5540 δὲ
2868 5488 3128 5552 πολλάκις
3182 5494 3444 5552 κάκεῖνο
3502 5497 3743 5569 μάταιον
3779 5494 3835 5547 ἐν
3876 5489 3937 5557 τῇ

2302 5580 2557 5653 συνηθείᾳ
2619 5579 2943 5651 λεγόμενον,
2995 5582 3127 5635 ὅταν
3194 5588 3359 5657 πρός
3428 5609 3563 5645 τινα
3618 5587 3824 5644 σκοπόν
3865 5596 3941 5645 τις
