4018 6334
168 5917 180 6052 1

280 328 373 385 681

1357 331 1424 388 ΙΝ
1469 329 2000 388 ECCLESIASTEN.
2042 329 2319 388 HOMILIA
2363 329 2402 384 1.

3407 327 3514 392 ὓὲἳ

278 445 437 518 ὀρῶν,
484 441 579 499 καὶ
628 443 704 508 ὥς
747 462 801 498 τι
847 443 1117 509 λυσιτελὲς
1154 442 1259 498 τῶν
1295 444 1664 516 προκειμένων
1705 442 1844 517 κατᾲ

1952 429 2088 512 saepe
2123 443 2355 512 positum
2399 443 2452 497 in
2488 441 2910 505 consuetudine,
2945 451 3002 499 ut
3035 459 3232 500 vanum
3278 443 3510 516 dicatur,

278 537 507 606 σπονδὴν
539 536 760 606 μετιὼν,
790 537 992 590 ἕκαστα
1023 536 1256 608 πράττη,
1288 533 1407 589 είτά
1430 552 1572 598 τινος
1603 534 1840 587 ἐναντίου

279 627 657 696 γεγενημένου,
687 628 767 689 είς
787 627 1040 696 ἀνόνητον
1068 626 1326 698 περιέλθῃ
1354 627 1382 678 ὁ
1411 625 1589 687 πόνος,
1611 624 1702 677 καὶ
1725 623 1842 675 τότε

275 717 366 769 καὶ
397 718 490 769 ἐπὶ
525 717 712 787 μηδενὶ
750 717 1130 788 κατορθώματι
1160 717 1257 786 τὴν
1292 716 1521 785 σπουδὴν
1557 713 1844 783 προχωρῆ-

276 825 363 860 σαι
409 807 487 876 τῷ
545 809 746 878 ῥήματι
796 807 889 860 τοῦ
940 807 1168 878 ματαίου
1217 806 1645 876 διασημαίνεται.
1683 803 1842 870 Λέγει

202 924 208 930 -
272 901 377 969 γὰρ
408 900 500 951 ἐπὶ
546 899 652 950 τῶν
704 899 957 952 τοιούτων
1004 901 1038 969 ἡ
1086 898 1344 969 συνήθεια
1388 900 1469 966 τὸ,
1505 898 1694 966 Μάτην
1725 897 1844 948 ὲκο-

271 989 459 1053 πίασα,
511 991 606 1042 καὶ¹
657 991 834 1060 μάτην
874 990 1170 1058 ὲπήλπισα,
1215 990 1309 1043 καὶ
1346 989 1438 1041 ἐπὶ
1477 989 1688 1059 ματαίῳ
1720 989 1844 1049 τοὺς

272 1077 498 1141 πολλοὺς
550 1079 788 1148 ὑπέστην
838 1079 1134 1148 καμάτους.
1183 1079 1293 1131 Καὶ
1345 1079 1430 1131 ἴνα
1491 1076 1564 1147 μὴ
1611 1077 1678 1129 τὰ
1722 1075 1842 1128 καθ’

270 1170 496 1222 ἕκαστον
521 1169 824 1240 διεξίωμεν,
857 1173 942 1238 ἐφ’
971 1165 1050 1234 οἷς
1079 1170 1138 1222 τὸ
1171 1169 1340 1240 ὄνομα
1366 1169 1465 1238 τῆς
1489 1168 1843 1239 ματαιότητος

269 1261 473 1330 κυρίως
525 1261 762 1328 λέγεται,
818 1263 876 1314 ἐν
927 1261 1090 1331 ολίγῳ
1141 1261 1238 1332 τὴν
1275 1261 1479 1313 ἔννοιαν
1523 1260 1620 1328 τῆς
1664 1260 1844 1328 φωνῆς

269 1351 470 1421 ταύτης
523 1352 967 1423 περιληψώμεθας
1031 1351 1340 1420 Ματαιότης
1393 1351 1556 1412 ἐστὶν,
1613 1350 1644 1420 ἢ
1696 1350 1844 1419 ῥῆμα

269 1442 663 1511 ἀδιανόητον,ἢ
698 1444 926 1511 πρᾶγμα
970 1443 1244 1513 ἀνόνητον,
1275 1441 1308 1511 ἢ
1343 1439 1502 1509 βουλὴ
1541 1439 1843 1492 ἀνυπόστα-

269 1548 375 1594 τος,
415 1531 449 1601 ἦ
495 1532 698 1602 σπουδὴ
747 1533 913 1602 πέρας
960 1533 1054 1585 οὑκ
1084 1532 1299 1601 ἔχουσα,
1329 1531 1364 1600 ἦ
1405 1529 1627 1582 καθόλου
1657 1528 1716 1580 τὸ
1750 1528 1843 1580 ἐπὶ

271 1624 428 1676 παντὶ
455 1623 821 1676 λυσιτελοῦντι
851 1623 1213 1692 ἀνύπαρκτον.
1249 1623 1311 1674 El
1345 1622 1407 1692 δὴ
1437 1622 1680 1690 νενόηται
1716 1621 1842 1689 ἡμῖν

270 1712 356 1766 τοῦ
392 1713 627 1782 ματαίου
653 1715 685 1784 ἡ
717 1713 910 1775 ἔννοια,
938 1713 1244 1777 ἐξεταστέον
1272 1713 1335 1766 ἂν
1378 1712 1484 1782 εἴη,
1515 1711 1566 1762 τί
1601 1710 1843 1780 βούλεται

271 1805 302 1872 ὴ
353 1803 657 1871 ματαιότης
704 1801 810 1854 τῶν
873 1804 1262 1872 ματαιοτήτων.
1311 1801 1465 1870 Τάχα
1518 1799 1560 1851 δ’
1609 1798 1674 1850 ἂν
1721 1798 1850 1866 ἡμῖν

271 1892 690 1964 γνωριμώτερον
718 1892 778 1944 τὸ
823 1891 1148 1962 ζητούμενον
1197 1892 1371 1962 νόημα
1417 1890 1642 1959 γένοιτο,
1677 1890 1724 1941 εἰ
1752 1889 1850 1958 τὴν

271 1983 548 2052 γραφικὴν
589 1982 872 2052 συνήθειαν
907 1983 996 2034 ἐπὶ
1025 1982 1131 2033 τῶν
1175 1981 1309 2050 πρὸς
1347 1981 1405 2033 τὸ
1435 1982 1676 2049 κρεῖττον
1705 1995 1852 2031 νοου-

275 2075 477 2140 μένων,
516 2071 987 2141 συνεξετὰσαιμεν.
1032 2071 1094 2122 'H
1144 2070 1250 2122 τῶν
1293 2069 1602 2136 ἀναγκαίων
1649 2083 1708 2118 τε
1759 2065 1853 2118 καὶ

276 2162 663 2232 συμφερόντων
688 2161 901 2230 πρᾶξις,
952 2161 1108 2232 ἔργον
1157 2159 1308 2230 παρὰ
1349 2159 1446 2229 τῆς
1487 2156 1708 2227 Γραφῆς
1739 2157 1849 2208 ὀνο-

275 2255 494 2323 μὲζεται
528 2273 539 2282 ·
590 2253 726 2306 ἀλλὰ
773 2254 838 2306 τὰ
882 2252 1276 2323 ὑπερϐαίνοντα
1325 2251 1430 2302 τῶν
1484 2247 1850 2317 σπουδαζομέ-

273 2364 388 2402 νων.
415 2347 523 2398 ὅσα
559 2347 638 2406 είς
669 2344 833 2414 αὑτὴν
867 2347 965 2414 ὁρᾷ
997 2346 1092 2414 τὴν
1121 2343 1214 2396 τοῦ
1240 2342 1372 2395 Θεοῦ
1413 2341 1685 2408 λατρείαν,
1716 2341 1850 2410 ἔργα

275 2438 438 2508 ἔργων
471 2437 720 2504 λέγεται,
759 2434 940 2498 καθὼς
987 2437 1018 2504 ἡ
1067 2435 1274 2506 ἱστορία
1322 2434 1488 2503 δηλοῖ,
1526 2433 1848 2493 δεικνύντος,

275 2525 437 2599 οἶμαι,
469 2528 784 2597 τοῦλόγου,
828 2528 914 2581 διά
959 2544 1100 2589 τινος
1141 2526 1427 2593 ἀναλογίας
1474 2527 1603 2594 ἡμῖν
1652 2524 1716 2574 ὲκ
1757 2522 1850 2574 τοῦ

276 2619 425 2692 ἔργου
454 2620 572 2672 τῶν
601 2619 796 2689 ἔργων,
831 2618 882 2670 τί
912 2620 972 2670 τὸ
1012 2619 1068 2670 ἐν
1112 2620 1223 2680 τοῖς
1262 2615 1707 2686 σπουδαζομένοις
1737 2614 1852 2666 ἐστὶ

279 2712 687 2782 προτιμότερον.
733 2712 828 2762 Ὃν
868 2709 976 2780 γὰρ
1006 2709 1187 2778 ἐπέχει
1223 2707 1377 2776 λόγον
1413 2707 1546 2777 πρὸς
1592 2707 1689 2775 τὴν
1727 2703 1848 2757 καθ.

277 2801 388 2854 όλου
421 2800 630 2872 ἀργίαν
675 2800 707 2869 η
747 2800 870 2868 περὶ
916 2799 984 2850 τὰ
1026 2797 1161 2868 ἔργα
1206 2795 1426 2866 σπουδὴ,
1461 2793 1697 2847 τοιοῦτον
1739 2793 1852 2862 ἔχει

276 2889 420 2960 λόγον
451 2890 598 2962 πρὸς
623 2889 692 2942 τὰ
731 2888 894 2942 λοιπὰ
924 2887 1059 2958 ἔργα
1096 2890 1128 2958 ἡ
1169 2887 1303 2959 πρὸς
1325 2887 1393 2939 τὰ
1422 2885 1723 2955 ὑψηλότερα
1759 2883 1853 2937 καὶ

279 2982 648 3053 προτιμότερα
675 2980 781 3032 τῶν
808 2978 1251 3048 σπουδαζομένων
1286 2977 1548 3047 ἐνέργεια.
1579 2975 1734 3027 Οὕτω
1759 2975 1852 3027 καὶ

1947 535 2166 604 quando
2197 533 2464 604 quispiam
2501 532 2566 586 ad
2602 547 2824 602 scopum
2855 533 3092 604 aliquem
3124 535 3394 606 aspiciens
3414 576 3429 600 ,
3458 547 3516 593 et

1949 631 2208 692 tanquam
2249 622 2382 676 utile
2415 621 2691 690 quidpiam
2727 637 2791 675 ex
2824 622 2891 676 iis
2924 639 3045 692 qua:
3078 635 3204 679 sunt
3235 627 3514 696 proposita

1945 715 2124 768 studio
2152 713 2453 768 vehementi
2487 728 2848 782 persequens,
2885 714 2994 783 agit
3025 715 3238 784 singula
3267 735 3282 782 ;
3316 717 3515 772 deinde

1945 820 2067 859 cum
2100 805 2305 874 aliquid
2338 804 2669 859 contrarium
2701 806 2976 868 evenerit,
3010 806 3166 859 labor
3195 807 3357 862 fuerit
3387 810 3514 863 irri~

1947 907 2034 951 tus
2053 915 2065 950 :
2087 904 2141 950 et
2160 904 2288 950 tunc
2309 896 2452 966 quod
2479 912 2540 950 ex
2564 911 2627 951 eo
2645 912 2839 966 magno
2860 898 3046 953 labore
3069 898 3204 951 nihil
3231 908 3374 954 recte
3398 915 3521 956 suc-

1944 987 2209 1048 cesserit,
2242 987 2345 1041 hoc
2379 988 2501 1041 vani
2539 989 2702 1042 verbo
2738 988 3098 1058 signiﬁcatur.
3139 988 3211 1043 De
3257 991 3322 1044 iis
3370 991 3517 1044 enim

1944 1092 2064 1145 quae
2096 1085 2223 1131 sunt
2251 1078 2520 1145 ejusmodi
2552 1079 2690 1133 solet
2723 1079 2831 1134 dici
2863 1100 2875 1134 :
2910 1078 2970 1135 ln
3006 1097 3202 1135 vanum
3236 1082 3474 1137 laboravi
3499 1119 3515 1144 .

1944 1168 1997 1221 in
2042 1182 2238 1220 vanum
2276 1169 2520 1238 speravi,
2580 1177 2634 1223 et
2685 1170 2739 1224 in
2798 1186 2995 1226 vanum
3052 1173 3251 1228 multos
3304 1174 3516 1230 labores

1945 1259 2106 1314 subii.
2139 1261 2201 1312 Et
2231 1277 2298 1316 ne
2324 1261 2534 1331 singula
2558 1277 2966 1334 persequamur,
2997 1265 3052 1320 in
3081 1267 3279 1336 quibus
3307 1268 3518 1322 vanita-

1945 1350 2016 1404 tis
2048 1367 2242 1406 nomen
2274 1356 2550 1423 proprium
2585 1357 2805 1419 dicitur,
2833 1364 3022 1427 paucis
3037 1361 3199 1430 hujus
3214 1362 3364 1416 vocis
3385 1376 3516 1417 sen-

1945 1453 2062 1492 sum
2095 1440 2640 1508 comprehendamus.
2669 1442 2889 1500 Vanitas
2912 1455 2995 1500 est
3017 1447 3099 1501 vel
3128 1449 3347 1502 verbum
3371 1448 3518 1518 quod

1944 1541 2050 1579 non
2083 1527 2227 1581 cadit
2253 1529 2355 1583 sub
2386 1533 2770 1600 cogitationem
2818 1542 2871 1587 et
2922 1535 3336 1606 intelligentiam
3362 1580 3376 1602 ,
3431 1539 3517 1593 vel

1943 1633 2032 1670 res
2062 1618 2269 1673 inutilis
2291 1659 2304 1682 ,
2340 1622 2421 1674 vel
2470 1624 2756 1677 consilium
2788 1625 2930 1693 quod
2964 1642 3070 1680 non
3103 1638 3276 1697 potest
3305 1629 3518 1684 consis-

1945 1713 2059 1760 tere
2079 1749 2092 1770 ,
2130 1709 2214 1762 vel
2246 1709 2485 1763 studium
2517 1713 2660 1780 quod
2692 1728 2798 1767 non
2832 1716 3071 1783 pervenit
3101 1717 3165 1770 ad
3199 1716 3356 1772 finem
3382 1758 3396 1780 ,
3430 1719 3516 1772 vel

1952 1803 2009 1848 ut
2037 1797 2090 1849 in
2123 1813 2335 1852 summa
2361 1801 2538 1854 dicam
2563 1841 2576 1864 ,
2608 1802 2660 1855 id
2689 1805 2833 1872 quod
2867 1805 2919 1858 in
2951 1807 3143 1876 quavis
3170 1824 3226 1861 re
3259 1809 3375 1862 utili
3404 1824 3515 1862 non

1953 1895 2134 1955 potest
2165 1890 2486 1945 consistere.
2535 1896 2708 1963 Atque
2745 1895 2790 1947 si
2821 1895 2932 1964 jam
2978 1898 3196 1966 quidem
3242 1899 3516 1954 intellexi-

1952 1992 2072 2030 mus
2103 1980 2350 2046 quisnam
2394 1982 2463 2035 sit
2512 1984 2637 2037 vani
2690 2001 2915 2053 sensus,
2970 1990 3385 2044 examinandum
3434 2003 3517 2046 eat

1952 2068 2077 2136 quid
2115 2069 2219 2122 sibi
2251 2071 2383 2124 velit
2413 2073 2626 2128 vanitas
2662 2077 2982 2132 vanitatum.
3028 2079 3290 2146 Quisnam
3335 2091 3512 2137 autem

1951 2159 2019 2210 sit
2076 2160 2166 2226 qui
2216 2162 2479 2228 quzcritur
2524 2179 2758 2230 sensus,
2805 2167 2968 2222 fuerit
3009 2172 3166 2226 nobis
3203 2175 3420 2240 notius,
3468 2177 3514 2230 si

1954 2249 2249 2319 Scriptura:
2295 2255 2739 2311 consuetudinem
2791 2261 3163 2318 examinemus
3218 2266 3270 2319 in
3302 2267 3367 2321 iis
3394 2284 3517 2338 qua:

1952 2340 2327 2411 intelliguntur
2359 2360 2480 2400 esse
2514 2348 2736 2401 meliora
2771 2365 2834 2405 ac
2870 2356 3264 2421 prmstautiora.
3314 2357 3513 2412 Eorum

1950 2445 2070 2498 qua:
2121 2441 2248 2486 sunt
2286 2436 2594 2488 necessaria
2628 2446 2683 2492 et
2743 2441 2893 2493 utilia
2939 2444 3103 2506 actio,
3157 2460 3294 2515 opus
3337 2451 3515 2502 nomi-

1951 2527 2112 2573 natur
2166 2536 2196 2574 a
2255 2523 2569 2593 Scriptura;
2620 2529 2712 2583 sed
2758 2544 2944 2584 eorum
3000 2534 3052 2586 in
3101 2551 3222 2604 qua:
3276 2539 3514 2592 studium

1951 2613 2248 2680 confertur,
2279 2632 2618 2695 quaecunque
2650 2622 2949 2689 excellunt,
2998 2636 3050 2681 et
3101 2645 3220 2697 qua:
3267 2638 3516 2701 spectant

1951 2704 2019 2758 ad
2052 2706 2229 2775 ipsum
2264 2706 2356 2762 Dei
2389 2710 2594 2763 cultum
2615 2751 2630 2777 ,
2661 2711 2917 2767 dicuntur
2944 2730 3106 2786 opera
3149 2735 3372 2787 operum
3394 2761 3409 2787 ,
3441 2726 3516 2779 si-

1951 2803 2044 2850 cut
2072 2797 2311 2852 declarat
2343 2801 2626 2870 Scriptura
2648 2843 2664 2867 ,
2694 2805 3015 2863 ostendente
3036 2851 3050 2875 ,
3103 2819 3161 2864 ut
3213 2821 3344 2882 puto
3367 2855 3381 2880 ,
3413 2816 3514 2871 hac

1951 2886 2220 2952 dictione,
2254 2906 2349 2958 per
2376 2893 2662 2962 quamdam
2695 2897 3028 2967 analogiam,
3075 2917 3138 2956 ex
3179 2919 3342 2972 opere
3381 2921 3513 2975 ope-

1952 2993 2107 3042 rum,
2135 2981 2392 3049 quidnam
2428 2984 2498 3038 sit
2537 2989 3040 3053 praestantissimum
3074 3008 3138 3046 ex
3191 2994 3255 3049 iis
3299 2996 3350 3049 in
3395 3013 3516 3066 quae

275 3074 422 3146 ἅγιόν
461 3096 515 3130 τι
559 3076 707 3147 παρᾶ
739 3077 806 3145 τῇ
841 3075 1028 3146 Γραφῇ
1073 3073 1314 3140 λέγεταιο
1355 3071 1448 3123 καὶ
1491 3069 1649 3122 πάλιν
1698 3069 1849 3136 ἆγιον

1953 3070 2193 3124 studium
2225 3073 2520 3130 confertur.
2567 3073 2701 3130 Nam
2748 3094 2911 3148 quam
2959 3081 3118 3136 habet
3150 3085 3412 3140 rationem
3447 3090 3516 3144 ad

278 3170 456 3238 ἁγίων,
486 3170 574 3230 ὼς
615 3169 713 3237 ἴσῳ
758 3167 836 3234 τῷ
866 3165 1050 3236 μέτρῳ
1099 3163 1192 3216 τοῦ
1213 3176 1266 3212 τε
1293 3161 1352 3226 ἐξ
1394 3161 1546 3229 ἁγίου
1593 3161 1653 3213 τὸ
1697 3162 1846 3228 ἅγιον

277 3263 560 3332 ὑπερέχων
607 3260 664 3312 ὲν
711 3258 981 3326 ἁγιότητι·
1038 3255 1132 3308 καὶ
1180 3251 1366 3306 τούτου
1409 3252 1588 3310 πάλιν.
1635 3251 1695 3304 τὸ
1740 3251 1847 3303 τῶν

277 3354 436 3421 ἁγίων
478 3353 664 3421 ᾶγιον,
706 3350 768 3403 τὸ
812 3347 934 3402 καθ’
981 3345 1265 3416 ὑπέρθεσιν
1315 3344 1374 3396 ὲν
1419 3343 1672 3413 ἁγιασμῷ
1717 3342 1849 3395 θεω⁴

275 3463 364 3514 ρον
374 3463 562 3514 μενον.

1952 3163 2122 3216 otium
2148 3164 2200 3218 in
2227 3180 2421 3232 genere
2443 3167 2492 3221 id
2518 3168 2659 3237 quod
2685 3171 2737 3223 in
2761 3185 2923 3240 Opera
2945 3174 3222 3230 confertur
3241 3179 3477 3234 studium
3498 3221 3514 3242 ,

1955 3254 2198 3308 eamdem
2228 3255 2390 3310 habet
2421 3259 2683 3314 rationem
2716 3261 2778 3315 ad
2807 3263 2912 3316 alia
2941 3279 3103 3333 opera
3133 3283 3253 3336 quae
3283 3269 3335 3323 in
3365 3271 3518 3326 altis-

1957 3344 2112 3398 simis
2140 3356 2190 3399 et
2235 3350 2703 3416 pratstantissimis
2735 3368 2956 3418 eorum,
3006 3356 3058 3410 in
3108 3373 3229 3428 quae
3274 3363 3515 3418 studium

1957 3434 2255 3497 confertur,
2288 3439 2510 3506 ponitur
2536 3442 2795 3508 operatio.
2837 3442 2912 3497 Ita
2943 3447 3106 3502 etiam
3143 3460 3389 3507 sanctum
3417 3455 3516 3508 ali-

276 3539 398 3604 quid
446 3537 661 3591 dicitur
705 3535 757 3589 in
806 3534 1132 3601 Scriptura,
1173 3539 1226 3586 et
1267 3541 1459 3585 rursus
1503 3537 1752 3584 sanctum
1809 3537 2160 3592 sanctorum,
2209 3529 2345 3584 adeo
2395 3539 2453 3584 ut
2488 3533 2602 3602 pari
2636 3550 2890 3590 mensura
2921 3547 2974 3592 et
3016 3549 3264 3594 sanctum
3296 3554 3516 3615 superet

275 3631 565 3698 profanum
609 3631 663 3683 in
693 3631 1000 3692 sanctitate,
1058 3636 1111 3683 et
1143 3627 1246 3682 hoc
1307 3640 1500 3680 rursus
1527 3631 1773 3680 sanctum
1805 3631 2118 3678 sanctorum
2139 3660 2155 3689 ,
2186 3625 2329 3694 quod
2362 3641 2570 3680 summe
2601 3633 2654 3681 et
2697 3643 2793 3696 per
2822 3632 3293 3700 exsuperationem
3327 3639 3513 3693 consi-

273 3722 493 3776 deratur
524 3722 586 3774 in
619 3721 1071 3776 sanctiﬁcatione.

337 3815 522 3884 Ὅπερ
559 3808 658 3866 οῦν
702 3811 792 3865 ἐπὶ
822 3811 915 3865 τοῦ
949 3814 1254 3884 κρείττονος
1285 3812 1638 3883 ἐδιδάχθημεν
1669 3812 1844 3881 λόγου,

271 3903 362 3972 τῆς
394 3903 690 3974 γραφικῆς
726 3902 1011 3972 συνηθείας
1041 3903 1118 3974 τῷ
1149 3902 1371 3974 τοιούτῳ
1415 3904 1542 3954 εἴδει
1586 3903 1683 3973 τὴν
1728 3904 1849 3956 ἐπί-

265 4007 420 4048 τασιν
440 3994 543 4047 τοῦ
582 3994 942 4063 ὑποκειμένου
973 3996 1240 4065 νοήματος
1275 3995 1661 4066 σημαινούσης,
1695 3994 1852 4046 τοῦτο

268 4085 360 4138 καὶ
386 4087 485 4138 ἐπὶ
518 4086 625 4155 τῆς
653 4086 760 4137 τῶν
786 4087 1158 4156 ματαιοτήτων
1193 4088 1548 4156 ματαιότητος
1585 4085 1848 4148 νοοῦντες,

265 4175 321 4228 οὐ
359 4177 784 4246 σφαλησόμεθα.
814 4177 974 4244 Λέγει
1007 4177 1112 4248 γὰρ
1139 4177 1235 4247 οὑχ
1266 4177 1448 4241 ἁπλῶς
1478 4173 1616 4231 εἶναι
1651 4179 1853 4247 μάταια

271 4267 325 4317 ὲν
362 4272 479 4330 τοῖς
521 4263 648 4320 οὖσι
689 4268 1008 4337 φαινόμενα,
1039 4269 1171 4322 ἀλλὰ
1206 4269 1344 4322 κατὰ
1391 4269 1678 4340 ὑπέρθεσιν
1733 4285 1853 4321 τινα

267 4357 363 4426 τῆς
402 4357 558 4412 κατὰ
612 4359 672 4410 τὸ
723 4359 948 4426 μάταιον
990 4361 1262 4430 σημασίας
1296 4356 1434 4413 εἶναι
1467 4361 1721 4413 τοιαῦτα·
1775 4360 1851 4422 ὡς

267 4447 319 4497 εἰ
346 4465 430 4509 τις
473 4449 634 4514 λέγοι
668 4448 761 4500 τοῦ
795 4449 986 4519 νεκροῦ
1022 4451 1359 4521 νεκρότερον,
1395 4452 1487 4504 καὶ
1524 4450 1616 4502 τοῦ
1650 4449 1852 4520 ἀψύχου

2023 3809 2176 3875 Quod
2205 3823 2332 3878 ergo
2366 3809 2655 3865 didicimus
2688 3811 2739 3864 in
2776 3827 2834 3865 re
2888 3813 3108 3870 meliore
3147 3831 3211 3870 ac
3251 3827 3514 3888 praestan-

1951 3902 2097 3963 tiori,
2131 3899 2425 3969 Scriptura:
2464 3903 2858 3958 consuetudine
2896 3905 3238 3975 significante
3290 3910 3390 3965 hac
3431 3928 3514 3967 ra-

1952 3993 2099 4046 tione
2139 3991 2492 4045 intentionem
2544 3992 2617 4046 rei
2667 4008 2786 4062 quae
2831 3994 3188 4065 intelligitur:
3223 4000 3324 4054 hoc
3348 4003 3512 4058 etiam

1953 4081 2006 4134 in
2033 4083 2331 4134 vanitatum
2366 4081 2601 4136 vanitate
2632 4082 3012 4153 intelligentes,
3046 4088 3264 4144 minime
3295 4091 3514 4146 aberra-

1955 4169 2152 4224 bimus.
2190 4169 2321 4223 Dicit
2369 4170 2512 4223 enim
2553 4185 2658 4224 non
2703 4173 2952 4228 absolute
2979 4189 3102 4229 esse
3130 4192 3265 4231 vana
3301 4195 3420 4249 quae
3455 4183 3511 4236 in

1955 4261 2119 4315 rebus
2165 4268 2465 4330 apparent,
2511 4262 2602 4315 sed
2655 4278 2716 4316 ea
2751 4278 2873 4318 esse
2920 4264 3186 4332 ejusmodi
3232 4268 3284 4322 in
3333 4271 3513 4340 aliqua

1954 4356 2370 4423 exsuperatione
2415 4355 2536 4408 vani
2591 4355 3046 4424 significationis:
3103 4359 3324 4428 perinde
3370 4377 3433 4416 ac
3467 4364 3515 4418 si

1954 4445 2077 4512 quis
2106 4445 2247 4498 dicat
2281 4453 2492 4497 mortuo
2520 4445 2691 4514 magis
2721 4455 3015 4509 mortuum,
3051 4456 3105 4501 et
3133 4449 3376 4504 inanimo
3403 4467 3519 4505 ma-

267 4537 648 4608 ἁᾲυχότερον·
700 4539 792 4590 καί
839 4557 919 4591 τοι
957 4541 988 4609 η
1031 4541 1351 4612 συγκριτικὴ
1398 4543 1641 4604 ἐπίτασις
1671 4541 1849 4612 χώραν

1957 4530 2049 4602 gis'
2106 4533 2444 4586 inanimum:
2489 4534 2700 4587 etiamsi
2747 4537 3113 4604 comparativa
3163 4538 3392 4594 intentio
3440 4542 3516 4595 lo-

271 4629 359 4680 ὲπὶ
391 4632 505 4682 τῶν
539 4629 801 4681 τοιούτων
829 4631 928 4682 οὑκ
958 4630 1088 4699 ἔχει,
1122 4633 1234 4684 ἀλλ’
1265 4635 1412 4702 ὅμως
1442 4633 1655 4700 λέγεται
1684 4633 1854 4703 τούτῳ

270 4717 344 4786 τῷ
371 4721 442 4788 531';-
452 4736 616 4789 ματι.
649 4718 786 4788 πρὸς
819 4720 915 4789 τὴν
943 4722 1041 4790 τῆς
1076 4723 1378 4793 ὑπερϐολῆς
1410 4723 1498 4776 τοῦ
1531 4724 1854 4793 δηλουμένου

272 4811 606 4877 σαφήνειαν.
627 4811 831 4882 ’Ὠσπερ
850 4809 940 4865 οὖν
959 4815 1155 4867 ἐστιτὰ
1179 4815 1314 4884 ἔργα
1340 4815 1446 4867 τῶν
1471 4815 1665 4885 ἔργων,
1681 4817 1772 4867 καὶ
1789 4815 1854 4867 τὰ

273 4901 404 4964 ἇγια
435 4902 556 4955 τῶν
590 4903 758 4971 ἁγίων
791 4904 1074 4974 νοούμενα,
1103 4899 1176 4959 ὧν
1213 4908 1244 4976 ἡ
1275 4906 1602 4977 ὑπερθετικὴ
1638 4906 1770 4976 πρὸς
1798 4907 1856 4958 τὸ

274 4995 526 5057 κρεῖττον
563 4992 786 5057 ἔνδειξις
814 4995 1172 5064 ἑρμηνεύεται
1197 5014 1210 5027 ο
1237 4997 1378 5050 οὕτω
1418 4997 1508 5049 καὶ
1537 4997 1568 5064 ἡ
1605 4996 1711 5047 τῶν
1753 5013 1855 5065 μα·-

275 5083 590 5148 ταιοτήτων
617 5083 930 5154 ματαιότης,
964 5087 1019 5137 τὸ
1036 5087 1396 5162 ἀνυπέρθετον
1419 5087 1658 5140 δείκνυσι
1684 5090 1780 5156 τῆς
1799 5089 1857 5141 ἐν

279 5170 352 5237 τῷ
377 5175 607 5242 ματαίῳ
631 5176 949 5247 ὑπερϐολῆς·
982 5179 1090 5230 Καὶ
1115 5183 1296 5253 μηδεὶς
1327 5178 1591 5238 ὑπολάϐοι
1621 5195 1858 5248 κατηγο-

283 5263 401 5330 ρίαν
425 5261 576 5318 εἶναι
599 5269 689 5338 τῆς
707 5269 935 5331 κτίσεως
951 5269 1016 5321 τὰ
1036 5269 1290 5346 λεγόμενα
1311 5298 1323 5312 ο
1345 5272 1572 5343 καὶγὰρ
1588 5271 1652 5324 ἂν
1669 5272 1748 5334 είς
1767 5271 1857 5323 τὸν

290 5356 632 5423 πεποιηκότα
676 5357 850 5411 πάντα
886 5358 1134 5416 διαϐαίνοι
1174 5379 1232 5436 τὸ
1257 5375 1544 5450 ἔγκλημα,
1577 5363 1625 5413 εί
1653 5360 1857 5413 τούτων

290 5443 417 5508 ἡμῖν
449 5445 780 5519 δημιουργὸς
806 5451 1103 5524 ἀναφανείη,
1149 5472 1176 5525 ό
1206 5443 1634 5548 συῧξτησάμενος
1669 5453 1726 5517 ἐξ
1753 5453 1854 5505 οὑκ

298 5531 458 5586 ιντων
490 5537 559 5588 τὰ
606 5540 792 5602 πάντα,
825 5542 974 5608 εἴπερ
1004 5531 1337 5627 ματαεάληξζ,
1357 5531 1368 5548 ’
1395 5531 1493 5625 ετῆ
1537 5545 1609 5600 τὰ
1657 5544 1850 5596 πάντα.

784 5600 790 5602 .
947 5600 956 5608 1
1004 5600 1012 5609 1
1100 5600 1147 5619 ’νδ
1185 5605 1211 5618 ο
1249 5602 1276 5617 β
1319 5600 1337 5606 ”
1395 5600 1473 5618 ε..

315 5618 441 5670 Ἀλλ’
474 5625 660 5696 ἐπειδὴ
697 5629 852 5696 δεπλῆ
877 5628 965 5696 μέν
987 5631 1108 5697 ἐστιν
1142 5600 1652 5713 ξυηίοῖῧνθὺιώπου
1689 5649 1855 5684 κατσθ

651 5689 660 5696 ,
843 5689 886 5696 ..
1089 5689 1101 5697 .
1154 5689 1165 5696 .
1271 5689 1281 5690 κ
1402 5689 1410 5702 ι
1445 5689 1558 5705 υψν

315 5713 488 5778 cuni,
515 5714 689 5781 ψυχῆς
720 5717 912 5785 σώματι
946 5694 1169 5808 σύνὸρῆρὶλ⁴
1200 5703 1284 5749 mu
1317 5689 1485 5808 avg:
1505 5730 1766 5798 μέρη-ἰαί
1801 5722 1853 5773 δὲ

1103 5782 1300 5868 δείούσης
1325 5793 1339 5806 ’
1396 5782 1409 5831 ί

174 6059 418 6248 L,

1957 4639 2081 4677 cum
2129 4639 2233 4676 non
2267 4623 2428 4678 habet
2459 4623 2512 4676 in
2556 4623 2622 4676 iis
2657 4639 2776 4691 qua:
2827 4635 2955 4680 sunt
2999 4627 3303 4694 ejusmodi;
3347 4638 3400 4685 et
3439 4638 3522 4685 ta-

1957 4732 2077 4768 men
2111 4716 2212 4768 hoc
2238 4717 2400 4769 verbo
2422 4716 2623 4770 dicitur
2644 4717 2708 4771 ad
2737 4717 3116 4773 declaramlam
3145 4726 3520 4792 exsuperatio-

1958 4824 2080 4861 nem
2126 4808 2246 4875 ejus
2277 4807 2421 4876 quod
2459 4809 2818 4878 significatur.
2852 4810 3136 4875 Quomodo
3166 4829 3297 4884 ergo
3329 4815 3524 4870 intelli-

1954 4901 2132 4970 gimus
2169 4915 2330 4968 opera
2365 4915 2616 4969 operum,
2665 4909 2720 4955 et
2770 4913 2958 4956 sancta
3003 4915 3340 4970 sanctorum,
3387 4924 3522 4978 quo-

1957 5007 2075 5045 rum
2111 4993 2412 5060 explicatur
2441 4995 2786 5058 exsuperatio
2808 4995 2860 5046 in
2890 5009 2955 5048 eo
2987 4997 3128 5064 quod
3161 5005 3243 5050 est
3289 4999 3522 5054 melius:

1960 5093 2028 5136 tta
2061 5083 2224 5135 etiam
2256 5083 2468 5135 vanitas
2496 5084 2794 5136 vanitatum
2822 5087 3058 5139 ostendit
3105 5087 3522 5155 insuperabilem

1961 5176 2015 5228 in
2051 5173 2292 5228 vanitate
2324 5176 2822 5243 exsuperationem.
2850 5175 3035 5246 Neque
3070 5194 3198 5230 vero
3247 5179 3524 5232 existimet

1959 5268 2228 5339 quispiam
2271 5283 2334 5321 ea
2385 5284 2505 5336 quae
2553 5269 2843 5332 dicuntur,
2884 5279 3147 5324 creaturae
3200 5286 3320 5324 esse
3361 5285 3524 5323 accu-

1961 5361 2246 5412 sationem.
2293 5358 2500 5412 Revera
2539 5359 2685 5412 enim
2717 5360 2771 5412 in
2805 5374 2927 5413 eum
2959 5361 3051 5430 qui
3090 5360 3291 5414 creavit
3318 5359 3522 5420 omnia,

1958 5451 2214 5504 transiret
2237 5451 2570 5514 criminatio,
2602 5450 2646 5503 si
2679 5465 2866 5503 eorum
2904 5451 3060 5503 nobis
3091 5449 3371 5504 exsisteret
3403 5448 3521 5515 Opi-

1958 5540 2065 5599 fex.
2104 5540 2196 5608 qui
2228 5554 2292 5593 ex
2337 5539 2405 5593 iis
2443 5554 2564 5607 quae
2595 5553 2703 5592 non
2746 5545 2903 5594 erant
2944 5539 3189 5592 condidit
3232 5535 3436 5592 omnia.
3474 5536 3524 5588 si

1960 5632 2174 5699 quidem
2220 5637 2402 5683 essent
2438 5630 2618 5682 omnia
2649 5631 2920 5682 vanitatis.
2971 5630 3076 5682 Sed
3125 5625 3377 5695 quoniam
3420 5624 3521 5677 dn-

1963 5726 2079 5793 [ιιι-κ
2115 5730 2198 5774 est
2244 5721 2482 5776 hominis
2522 5721 2877 5785 constructio,
2921 5736 3044 5772 cum
3081 5721 3258 5773 anima
3290 5729 3523 5771 concur-

3507 5863 3553 5895 ,ί
