4018 6334
438 392 544 448 623

1635 384 1691 438 S.
1725 377 2053 437 GREGURII
2093 379 2384 438 NYSSENI

3523 376 3634 442 "0‘21

440 522 524 567 rat
561 525 685 565 eum
719 521 967 578 corpore.
1012 506 1395 561 convenienter
1433 508 1612 557 autem
1661 500 1878 569 utrique
1907 511 2000 551 eo-

2105 498 2450 571 καταλλήλως
2493 502 2734 574 ἑκατέρῳ
2769 500 2878 555 τῶν
2908 502 2966 554 ἐν
2995 502 3129 571 ἡμῖν
3158 490 3517 570 θεωρουμένων
3547 501 3634 556 καὶ

441 618 559 658 runt
603 615 726 671 quae
764 601 817 655 in
858 600 1018 655 nobis
1060 597 1498 659 considerantur,
1532 592 1880 663 dispertitum
1920 596 2004 644 est

445 696 563 751 vita:
592 708 802 763 genus:
846 692 949 746 alia
972 690 1117 746 enim
1147 697 1230 744 est
1269 688 1483 752 animae,
1516 684 1621 739 alia
1669 685 1779 739 vita
1811 695 2006 750 corpo-

444 789 519 842 ris
546 805 558 840 :
590 799 713 840 nam
748 785 859 839 haec
891 783 1108 852 quidem
1133 790 1218 837 est
1245 778 1510 842 mortalis,
1548 784 1601 831 et
1629 776 1683 830 in
1723 788 1839 829 eam
1862 772 2026 827 cadit

442 880 696 936 interitus
730 896 744 933 :
783 877 872 930 illa
915 882 1094 931 actem
1135 870 1453 942 impatibilis
1497 876 1551 923 et
1589 867 1764 921 aliena
1804 865 1873 919 ab
1934 862 2009 915 in-

443 973 642 1029 teritu.
677 977 732 1025 et
774 968 887 1023 haec
916 967 1133 1036 quidem
1168 963 1363 1032 aspicit
1398 967 1608 1015 tantum
1651 955 1795 1026 quod
1830 955 2006 1017 adest,

442 1075 496 1122 et
522 1061 668 1134 quod
698 1075 941 1131 prtesens
979 1065 1063 1113 est
1086 1075 1102 1123 ;
1137 1055 1283 1109 illius
1306 1062 1487 1108 autem
1514 1064 1713 1118 scopus
1740 1046 1913 1102 tendit
1939 1046 2006 1100 ad

444 1153 820 1209 aeternitatem.
857 1148 1125 1215 Quoniam
1155 1160 1285 1215 ergo
1318 1143 1545 1197 multum
1579 1139 1758 1195 dill‘ert
1785 1140 2010 1193 immor-

444 1246 551 1300 tale
580 1260 610 1297 a
650 1242 887 1304 mortali,
930 1247 984 1295 et
1021 1245 1282 1293 aeternum
1312 1251 1342 1290 a
1372 1232 1672 1304 temporali,
1697 1231 1806 1285 huc
1838 1228 2010 1284 tendit

444 1351 545 1391 vox
589 1333 951 1396 Ecclesiasue,
1003 1344 1112 1383 non
1161 1334 1413 1398 oportere
1462 1325 1528 1379 ad
1574 1324 1716 1378 hanc
1754 1321 2009 1378 sensilem

420 1425 649 1482 intueri
679 1426 846 1479 vitam
872 1441 885 1476 :
912 1437 1033 1493 qua:
1061 1420 1107 1474 si
1147 1417 1462 1473 conferatur
1484 1428 1609 1469 cum
1644 1428 1707 1468 ea
1736 1426 1857 1482 qua:
1886 1424 2011 1467 vere

444 1527 529 1575 est
559 1518 693 1583 vita,
726 1530 833 1570 non
863 1521 969 1580 est,
1009 1526 1110 1567 nec
1142 1516 1319 1581 potest
1346 1507 1667 1563 consistere.
1701 1503 1807 1559 Sed
1840 1502 2011 1556 nihilo

447 1611 626 1666 secius
669 1607 871 1663 dixerit
916 1603 1194 1675 quispiam
1239 1604 1342 1653 hoc
1373 1612 1595 1668 quoque
1643 1595 1849 1649 dictum
1892 1608 2012 1648 esse

448 1715 557 1756 non
590 1699 726 1759 citra
751 1696 1016 1752 creatoris
1055 1691 1516 1752 criminationem,
1550 1687 1768 1757 quando
1793 1685 2010 1754 quidem

448 1793 516 1846 ab
541 1808 607 1847 eo
633 1799 718 1846 est
747 1790 931 1845 anima
964 1794 1018 1841 et
1046 1799 1269 1854 corpus.
1294 1780 1427 1835 Nam
1452 1781 1498 1835 si
1525 1794 1646 1849 quae
1675 1791 1770 1847 per
1792 1790 2009 1831 carnem

446 1885 624 1955 agitur
657 1883 787 1946 vita,
843 1883 1154 1942 accusatur,
1200 1873 1385 1929 carnis
1430 1879 1612 1925 autem
1662 1873 1880 1922 creator
1929 1854 2011 1919 est

450 1978 610 2033 Deus.
662 1974 717 2027 iu
768 1972 921 2026 illum
966 1964 1280 2023 necessario
1328 1961 1606 2017 confertur
1662 1959 1779 2013 hare
1829 1971 2010 2026 repre-

447 2066 657 2121 hensio.

517 2156 624 2211 Sed
665 2156 777 2208 haec
830 2151 1046 2222 quidem
1104 2148 1248 2201 dicet
1295 2143 1518 2198 omnino
1567 2139 1860 2211 quispiam.
1918 2139 2010 2208 qui

446 2247 685 2303 nondum
730 2250 810 2297 est
842 2250 993 2296 extra
1032 2251 1270 2295 carnem,
1310 2248 1484 2303 neque
1529 2232 1595 2285 ad
1638 2229 2010 2285 sublimiorem

448 2328 611 2393 vitam
655 2335 943 2403 diligenter
992 2338 1046 2385 et
1088 2332 1344 2382 accurate
1381 2323 1615 2394 aspcvit.
1649 2322 1781 2376 Nam
1824 2321 1915 2391 qui
1957 2320 2010 2375 in

447 2430 651 2485 divinis
675 2436 758 2483 est
782 2425 1030 2481 eruditus
1058 2420 1356 2491 mysteriis,
1387 2433 1496 2472 non
1519 2417 1730 2487 ignorat
1763 2414 2008 2480 omnino,

446 2521 591 2593 quod
622 2517 933 2575 hominibus
975 2513 1194 2586 quidem
1235 2509 1568 2565 conveniens
1608 2513 1663 2562 et
1710 2505 2011 2562 secundum

444 2622 698 2667 naturam
744 2615 829 2665 est
857 2610 988 2668 vita,
1025 2619 1146 2675 qua:
1172 2601 1372 2658 divina:
1403 2606 1486 2655 est
1514 2604 1725 2653 natura:
1766 2595 1963 2651 similis
1994 2612 2009 2648 ι

445 2705 553 2758 vita
606 2708 786 2755 autem
830 2697 1068 2760 sensilia,
1123 2709 1245 2764 qua:
1281 2707 1379 2763 per
1407 2704 1667 2746 sensuum
1699 2687 2011 2742 traducitur

444 2793 838 2865 operationem,
870 2788 935 2842 ad
962 2788 1065 2842 hoc
1093 2786 1221 2841 data
1243 2793 1327 2839 est
1347 2790 1576 2845 naturae,
1600 2787 1657 2834 ut
1682 2794 1869 2834 eorum
1892 2793 2012 2848 qua:

445 2884 548 2940 sub
574 2890 850 2953 aspectum
894 2878 1101 2935 cadunt
1146 2874 1409 2946 cognitio,
1465 2872 1575 2927 dux
1608 2873 1679 2927 sit
1720 2870 1915 2925 animae
1945 2870 2010 2923 ad

444 2973 916 3048 notitiam'eorum
969 2983 1090 3038 quae
1131 2981 1242 3021 non
1290 2971 1421 3021 sunt
1461 2960 1834 3033 aspectabilia,
1870 2975 2011 3028 quo-

443 3068 606 3123 modo
643 3064 777 3119 dicit
811 3060 1093 3132 Sapientia
1112 3059 1183 3109 “z
1205 3076 1223 3108 ι
1248 3056 1326 3110 Ex
1366 3052 1739 3125 magnitudine
1766 3052 2009 3123 pulchri-

2103 590 2201 660 τῆς
2228 589 2373 660 ζωῆς
2406 588 2563 657 εἶδος.
2596 593 2763 665 Ἄλλη
2795 592 2901 664 γὰρ
2930 592 3127 663 ψυχῆς,
3156 591 3250 645 καὶ
3287 591 3436 662 ἑτέρα
3468 590 3636 662 σῶμα·

2103 685 2194 746 τός
2227 686 2342 737 ἐστι
2375 685 2486 755 ζωή
2511 702 2527 716 ·
2564 688 2596 757 ἠ
2650 687 2747 757 μὲν
2781 685 2908 756 γὰρ.
2942 684 3107 756 θνητὴ
3159 684 3248 738 καὶ
3291 684 3563 755 ἐπίκηρος·
3604 685 3638 754 ἡ

2103 775 2178 836 δὲ,
2211 777 2427 848 ἀπαθὴς
2454 779 2548 831 καὶ
2574 779 2868 850 ἀκήρατος⁸
2898 777 2993 833 καὶ
3022 777 3161 846 αὕτη
3195 777 3288 847 μὲν
3306 777 3390 838 είς
3412 776 3469 831 τὸ
3488 776 3640 847 παρὸν

2108 866 2292 936 βλέπει
2323 868 2501 938 μόνον,
2534 870 2631 939 τῆς
2652 871 2708 923 δὲ
2737 872 2765 922 ὁ
2796 870 2994 934 σκοπὸς
3022 872 3101 933 εἰς
3134 869 3194 922 τὸ
3218 868 3448 939 διηνεκὲς
3483 885 3639 941 παρα-

2105 959 2357 1013 τείνεται.
2407 960 2555 1014 Ἐπεὶ
2587 959 2680 1014 οὖν
2704 961 2868 1033 πολλὴ
2908 959 3140 1032 διαφορὰ
3170 960 3266 1013 τοῦ
3299 958 3484 1031 θνητοῦ
3524 959 3647 1034 πρὸς

2105 1051 2165 1103 τὸ
2216 1051 2501 1112 ἀθάνατον,
2539 1052 2631 1105 καὶ
2669 1052 2765 1105 τοῦ
2813 1053 3147 1123 προσκαίρου
3194 1050 3329 1121 πρὸς
3371 1048 3430 1103 τὸ
3473 1050 3644 1114 ἀΐδιον,

2108 1144 2243 1214 πρὸς
2270 1143 2428 1197 τοῦτο
2457 1145 2610 1216 φέρει
2637 1145 2732 1198 τοῦ
2775 1143 3193 1215 Ἐκκλησιαστοῦ
3226 1145 3258 1213 ή
3301 1142 3468 1214 φωνὴ,
3489 1143 3547 1197 τδ
3583 1143 3651 1214 μὴ

2107 1234 2217 1287 δεῖν
2249 1233 2385 1305 πρὸς
2412 1234 2510 1305 τὴν
2542 1235 2805 1307 αἰσθητὴν
2848 1236 3049 1308 ταύτην
3092 1235 3306 1306 βλέπειν
3334 1236 3504 1306 ζωήν·
3542 1236 3653 1306 ἥτις

2111 1327 2508 1396 συγκρινομένη
2544 1328 2679 1398 πρὸς
2702 1329 2801 1398 τὴν
2832 1329 2999 1391 ὅντως
3033 1327 3196 1396 ζωὴν,
3228 1325 3561 1397 ἀνύπαρκτός
3582 1341 3656 1388 τις

2109 1417 2203 1469 καὶ
2232 1418 2600 1482 ἀνυπόστατός
2632 1420 2800 1475 ἐστιν.
2850 1418 2988 1471 Ἀλλ’
3030 1418 3182 1471 οὐδὲν
3223 1413 3385 1489 ἦττον
3418 1417 3553 1470 εἶποι
3582 1434 3657 1480 τις

2110 1505 2175 1560 ἂν
2206 1508 2278 1578 μὴ
2310 1508 2413 1575 ἔξω
2441 1512 2539 1580 τῆς
2564 1509 2659 1562 τοῦ
2687 1510 3017 1579 δημιουργοῦ
3056 1511 3387 1582 κατηγορίας
3424 1510 3516 1564 καὶ
3543 1509 3662 1563 τοῦ-

2109 1615 2200 1650 τον
2244 1595 2382 1652 εἷναι
2416 1601 2506 1652 τὸν
2542 1601 2719 1669 λόγον,
2793 1606 2926 1661 διότι
2974 1603 3101 1674 παρ’
3129 1603 3295 1656 αὐτοῦ
3330 1603 3422 1656 καὶ
3452 1605 3485 1673 ἡ
3526 1603 3661 1673 ψυχὴ

2113 1691 2289 1743 καὶτὸ
2320 1692 2496 1761 σῶμα.
2548 1693 2634 1755 Ὡς
2659 1695 2759 1764 είη
2791 1691 2875 1745 διὰ
2908 1694 3105 1765 σαρκὸς
3134 1697 3517 1765 κατηγορεῖται
3539 1694 3664 1762 ζωὴ,

2115 1782 2314 1852 σαρκὸς
2351 1782 2405 1834 δὲ
2442 1783 2667 1855 ποιητὴς
2691 1787 2718 1837 ὁ
2749 1784 2900 1850 θεὸς,
2946 1785 3025 1847 είς
3057 1787 3263 1839 ἐκεῖνον
3287 1785 3592 1853 ἀναγκαίως
3634 1788 3666 1854 ἡ

2113 1874 2331 1945 τοιαύτη
2366 1875 2570 1945 μέμιμς
2597 1877 2695 1947 τὴν
2724 1876 2999 1947 ἀναφορὰν
3036 1875 3167 1945 ἔχοι.

2196 2148 2352 2201 Ἀλλὰ
2379 2147 2545 2202 ταῦτα
2576 2148 2674 2219 μὲν
2701 2151 2812 2220 ἐρεῖ
2841 2151 3052 2212 πάντως
3096 2152 3123 2202 ό
3151 2152 3227 2221 μή
3256 2169 3344 2204 πω
3362 2151 3462 2221 τῆς
3485 2153 3677 2222 σαρκές

2112 2239 2215 2306 ἔξω
2248 2240 2553 2310 γενόμενος,
2585 2242 2718 2311 μηδὲ
2767 2241 3008 2309 ἀκριϐῶς
3043 2243 3176 2313 πρὸς
3215 2244 3315 2314 τὴν
3350 2244 3675 2314 ὑψηλοτέραν

2110 2330 2378 2399 διακύψας
2422 2330 2584 2400 ζωήν.
2638 2333 2788 2385 Ἐπεὶ
2825 2332 2853 2385 ὅ
2889 2351 2949 2400 γε
2996 2334 3430 2404 πεπαιδευμένος
3469 2336 3536 2389 τὰ
3568 2335 3680 2388 θεῖα

2114 2425 2406 2493 μυστήρια,
2458 2424 2557 2475 οὑκ
2605 2424 2789 2492 ἀγνοεῖ
2835 2426 3068 2489 παντως,
3099 2427 3179 2479 ότι
3214 2428 3396 2481 οἰκεία
3440 2427 3539 2498 μὲν
3592 2429 3680 2482 καὶ

2110 2515 2249 2566 κατὰ
2295 2514 2455 2581 φύσιν
2482 2517 2592 2578 τοῖς
2625 2515 2927 2585 ἀνθρώποις
2957 2516 3103 2569 ἐστὶν
3129 2518 3160 2587 ὴ
3202 2518 3320 2589 ζωὴ
3350 2521 3384 2589 ἠ
3428 2519 3563 2590 πρὸς
3588 2521 3682 2589 τὴν

2111 2602 2261 2656 θείαν
2301 2604 2460 2671 φύσιν
2500 2604 2823 2675 ὡμοιωμένη
2849 2623 2860 2635 ’
2913 2607 2944 2675 ἡ
2989 2606 3045 2658 δὲ
3087 2606 3388 2680 αἰσθητικὴ
3436 2610 3567 2681 ζωὴ,
3601 2610 3683 2664 διὰ

2110 2693 2208 2763 τῆς
2258 2694 2365 2747 τῶν
2416 2695 2780 2765 αἰσθητηρίων
2831 2697 3107 2767 ἐνεργείας
3156 2697 3562 2772 διεξαγομένη,
3602 2703 3689 2755 ἐπὶ

2111 2785 2283 2855 τούτῳ
2332 2786 2490 2854 φύσει
2541 2787 2766 2849 δέδοται,
2824 2789 2908 2856 ἐφ’
2953 2781 2996 2856 ᾧ
3038 2790 3135 2860 τὴν
3182 2792 3299 2845 τῶν
3351 2793 3687 2867 φαινομένων

2110 2878 2308 2947 γνῶσιν
2346 2878 2536 2947 ὁδηγὸν
2585 2878 2835 2946 γενέσθαι
2880 2880 2978 2949 τῆς
3025 2880 3210 2950 ψυχῆς
3263 2883 3407 2954 πρὸς
3456 2884 3554 2955 τὴν
3586 2884 3691 2937 τῶν

2109 2969 2351 3036 ἀοράτων
2379 2970 2667 3036 ἑπίγνιιισιν
2687 2985 2699 2998 ⁸
2729 2968 2908 3033 καθώς
2940 2988 3100 3040 φησιν
3128 2974 3159 3042 ἡ
3188 2970 3389 3041 Σοφία.
3418 2994 3438 3025 ι
3482 2977 3577 3028 Ἐκ
3602 2993 3694 3046 με·

2109 3059 2301 3126 γέθους
2346 3060 2602 3126 καλλονῆς
2637 3061 2966 3129 κτισμάτων,
3011 3063 3300 3131 ἀναλόγως
3343 3064 3439 3117 τδν
3485 3066 3696 3120 πάντων

444 3154 650 3211 tudinis
707 3161 1086 3207 creaturarum
1147 3161 1243 3215 per
1291 3144 1706 3215 proportionem
1760 3141 2005 3211 conspici

2110 3150 2484 3220 γενεσιουργδν
2513 3150 2902 3220 καθορᾶσθαι.»
2921 3151 2984 3202 Ἥ
3010 3149 3066 3202 δὲ
3089 3154 3422 3226 ἀνθρωπίνη
3452 3157 3693 3227 ἀϐουλία,

443 3244 685 3300 omnium
714 3242 1039 3312 genitorem,
1062 3245 1117 3292 et
1143 3243 1469 3291 creatorem.
1503 3253 1519 3285 ι
1549 3232 1799 3287 Humana
1829 3240 2008 3286 autem

444 3334 663 3392 consilii
692 3340 927 3402 egestas,
960 3344 1067 3383 non
1093 3344 1187 3398 per
1214 3341 1297 3390 ea,
1325 3340 1445 3395 qua:
1476 3325 1838 3394 aspiciuntur,
1866 3324 2014 3378 videt

426 3440 568 3481 cum
607 3424 701 3493 qui
742 3423 972 3475 habetur
1016 3421 1069 3473 in
1109 3418 1487 3477 admiratione,
1529 3417 1624 3469 sed
1662 3416 1805 3485 quod
1839 3415 2008 3476 videt,

444 3514 767 3569 admiratur.
809 3496 1075 3577 Otioniam
1117 3522 1246 3577 ergo
1279 3514 1363 3561 est
1405 3508 1760 3576 temporaria,
1793 3514 1846 3561 et
1886 3520 2009 3575 quae

445 3620 569 3660 mox
598 3603 805 3667 interit,
830 3616 1086 3657 sensuum
1122 3598 1389 3668 operatio,
1418 3612 1514 3668 per
1544 3598 1829 3653 sublimem
1868 3596 2008 3651 hanc

442 3710 630 3751 vocem
655 3694 760 3749 hoc
788 3691 1076 3752 discimus.
1111 3691 1253 3759 quod
1294 3690 1383 3758 qui
1421 3689 1487 3743 ad
1517 3689 1631 3743 haec
1668 3689 1881 3759 aspicit,
1920 3689 2006 3742 ni-

444 3788 517 3841 hil
544 3786 757 3856 aspicit.
803 3784 905 3850 Qui
937 3793 1116 3837 autem
1149 3798 1246 3852 per
1289 3783 1402 3836 lucc
1431 3781 1721 3837 deducitur
1755 3781 1821 3835 ad
1861 3781 2003 3847 ejus.

441 3875 584 3945 quod
623 3883 726 3934 est,
757 3871 1196 3940 intelligentiam,
1221 3879 1273 3925 et
1300 3888 1393 3940 per
1421 3887 1484 3927 ea
1519 3865 1653 3942 hum.
1694 3880 2008 3940 praetercur-

442 3973 589 4032 runt,
626 3964 878 4019 stabilem
908 3961 1160 4031 intelligit
1216 3972 1496 4030 naturam,
1535 3971 1588 4017 et
1619 3970 1800 4017 mente
1837 3964 2004 4031 agitat

439 4056 494 4111 id
520 4055 664 4126 quod
694 4068 908 4123 semper
937 4052 1190 4109 similiter
1233 4061 1287 4106 et
1320 4054 1507 4109 eodem
1538 4054 1701 4108 modo
1730 4068 1788 4107 se
1824 4054 2002 4115 habet,

443 4146 585 4203 videt
617 4155 673 4201 et
716 4144 859 4215 quod
894 4158 1019 4198 vere
1048 4152 1132 4198 est
1156 4142 1378 4203 bonum,
1417 4152 1471 4197 et
1506 4142 1649 4211 quod
1679 4142 1843 4207 videt,
1882 4155 2005 4210 pos-

436 4238 601 4302 stdet,
641 4238 842 4293 etenim
887 4236 1168 4306 possessio
1213 4235 1340 4290 boni
1389 4235 1553 4304 hujus
1593 4234 1998 4302 coutemplatio.

443 4349 464 4383 ι
498 4327 640 4396 Quid
673 4327 820 4383 enim
861 4335 1110 4398 superest
1144 4326 1373 4390 homini,
1416 4344 1435 4379 ι
1471 4326 1665 4395 inquit,
1701 4343 1717 4375 ι
1768 4325 1821 4378 in
1853 4324 1999 4377 omni

436 4419 624 4475 labore
665 4433 777 4488 quo
830 4418 1040 4472 laborat
1086 4417 1189 4472 sub
1218 4416 1393 4471 εωὶοῖ
1441 4434 1459 4466 ι
1495 4416 1626 4481 Quae
1667 4414 1720 4467 in
1774 4428 2001 4483 corpore

2112 3241 2171 3294 οὐ
2206 3240 2264 3293 τὸ
2299 3240 2386 3293 διὰ
2420 3239 2526 3293 τῶν
2558 3240 2892 3312 φαινομένων
2935 3241 3363 3315 θαυμαζόμενον
3399 3242 3564 3308 εἶδεν,
3589 3246 3697 3301 ἀλλ’

2107 3331 2135 3385 δ
2179 3326 2317 3384 εἶδεν
2370 3330 2697 3401 ἐθαύμασεν.
2765 3333 2913 3385 Ἐπεὶ
2954 3329 3046 3386 οὗν
3102 3336 3458 3409 πρόσκαιρός
3507 3355 3565 3390 τε
3608 3339 3701 3391 καὶ

2108 3422 2394 3493 ὠκύμορος
2425 3423 2457 3493 ἡ
2485 3422 2592 3474 τῶν
2626 3423 2993 3494 αἰσθητηρίων
3024 3426 3309 3496 ἐνέργεια,
3368 3429 3531 3483 τοῦτο
3567 3446 3704 3499 μαν-

2108 3509 2340 3582 θάνομεν
2383 3512 2469 3565 διὰ
2515 3513 2613 3581 τῆς
2647 3512 2852 3582 ὑψηλῆς
2885 3514 3088 3583 ταύτης
3120 3517 3340 3586 φωνῆς,
3376 3520 3460 3572 ὄτι
3508 3523 3536 3573 ό
3571 3522 3706 3592 πρὸς

2106 3600 2274 3654 ταῦτα
2303 3601 2531 3670 βλέπων,
2567 3601 2750 3672 βλέπει
2781 3604 2948 3657 οὐδέν.
2994 3605 3052 3657 '0
3095 3605 3148 3658 δὲ
3196 3607 3291 3661 διὰ
3322 3609 3537 3663 τούτων
3571 3612 3704 3682 πρὸς

2106 3692 2202 3763 τὴν
2231 3692 2323 3744 τοῦ
2353 3692 2502 3757 ὄντος
2531 3694 2855 3765 κατανόησιν
2895 3695 3287 3766 ὁδηγούμενος,
3338 3700 3438 3753 καὶ
3485 3701 3574 3755 διὰ
3602 3703 3708 3755 τῶν

2106 3787 2556 3857 παρατρεχόντων
2582 3787 2680 3857 τὴν
2706 3787 2965 3857 στάσιμον
2995 3786 3156 3854 φύσιν
3194 3794 3584 3862 κατανοήσας,
3613 3792 3707 3845 καὶ

2103 3877 2196 3931 τοῦ
2227 3879 2313 3932 ἀεὶ
2344 3878 2601 3941 ὡσαύτως
2633 3878 2846 3947 ἔχοντος
2875 3880 2931 3929 ὲν
2961 3880 3215 3952 περινοίᾳ
3246 3883 3579 3953 γενόμενος,
3604 3881 3709 3937 εἷδέ

2102 3988 2162 4024 τε
2195 3971 2255 4023 τδ
2281 3971 2447 4033 ὅντως
2475 3969 2533 4023 δν
2559 3969 2775 4037 ἀγαθὸν,
2808 3968 2897 4021 καὶ
2925 3967 2951 4021 ὃ
2985 3963 3121 4021 εἶδεν
3150 3971 3448 4043 ἐκτήσατο
3474 3990 3487 4003 ·
3517 3973 3711 4037 κτῆσις

2104 4064 2211 4133 γάρ
2254 4061 2486 4115 ἐστιτοῦ
2518 4060 2717 4128 ἀγαθοῦ
2748 4060 2932 4113 τούτου
2972 4063 3004 4131 ἡ
3040 4061 3278 4130 είδησις.
3312 4084 3331 4115 ι
3373 4063 3477 4128 Τίς
3518 4084 3539 4116 ι
3579 4071 3706 4134 γὰρ,

2105 4155 2256 4223 φησι,
2302 4172 2321 4204 r
2368 4154 2653 4222 περισσεία
2699 4150 2775 4220 τῷ
2829 4150 3118 4221 ἀνθρώπω,
3175 4153 3241 4204 ἐν
3298 4158 3475 4208 παντὶ
3527 4155 3712 4226 μόχθῳ

2104 4244 2269 4298 αὐτοῦ
2302 4239 2346 4313 ᾧ
2378 4244 2567 4315 μοχθεῖ
2600 4244 2702 4295 ὑπὸ
2728 4243 2819 4295 τόν
2850 4242 3036 4313 ἥλιονς
3074 4263 3091 4293 ι
3132 4244 3259 4314 Τὴν
3292 4247 3357 4298 ἐν
3385 4247 3471 4318 τῷ
3500 4247 3714 4318 σώματι

2104 4332 2247 4404 ζωὴν
2278 4333 2687 4404 προσηγόρευσε
2714 4331 2931 4403 μόχθον,
2957 4332 3049 4384 ἐπὶ
3076 4334 3281 4404 μηδενὶ
3311 4337 3713 4409 κατορθώματι

2106 4423 2290 4494 κέρδος
2322 4422 2904 4493 σπουδαζόμενονΑΤίς
2936 4421 3043 4492 γὰρ
3071 4422 3408 4493 περισσεία,
3446 4427 3606 4499 φησὶ,
3641 4423 3716 4497 τῷ

380 4584 384 4589 Δ
437 4510 618 4578 agitur
662 4509 791 4573 vita,
841 4507 1134 4577 appellavit
1184 4506 1450 4568 laborem,
1505 4505 1597 4575 qui
1650 4505 1798 4557 nullo
1853 4510 1998 4557 recte

2105 4513 2741 4585 ἀνθρώπῳ;ιΤουτὲστι,
2792 4513 2844 4564 τί
2895 4512 3244 4583 περιγίνεται
3303 4519 3377 4587 τῇ
3432 4516 3584 4587 ψυχῇ
3632 4516 3715 4569 διὰ

438 4598 581 4653 facto
622 4599 836 4653 lucrum
863 4598 1075 4667 quaerit.
1111 4616 1129 4647 ι
1177 4595 1318 4662 Quid
1362 4597 1506 4651 enim
1553 4603 1822 4665 superest,
1861 4612 1878 4644 ι
1913 4593 1999 4647 in-

434 4691 572 4760 quit,
625 4707 646 4741 ι
680 4689 931 4743 homini?
963 4707 981 4740 ι
1020 4689 1124 4744 hoc
1164 4695 1269 4750 est,
1304 4688 1433 4758 quid
1480 4688 1617 4742 redit
1661 4686 1727 4740 ad
1763 4688 1997 4740 animam

435 4796 533 4853 per
561 4780 801 4835 laborem
825 4780 921 4849 qui
948 4794 1046 4849 pro
1074 4779 1221 4833 victu
1248 4778 1566 4849 suscipitur,
1597 4779 1663 4834 iis
1685 4779 1999 4849 qui-vivunt

434 4876 750 4943 spectantes
789 4870 840 4925 id
877 4871 1019 4939 quod
1052 4870 1306 4927 videtur?
1332 4869 1389 4924 In
1419 4886 1654 4941 quonam
1699 4880 1783 4925 est
1816 4879 1995 4925 autem

431 4963 581 5018 vita?
621 4962 892 5028 Quidnam
935 4978 999 5016 ex
1054 4963 1121 5016 iis
1169 4976 1289 5031 quae
1333 4963 1436 5016 sub
1468 4973 1745 5033 aspectum
1795 4956 1999 5016 cadunt

431 5054 613 5119 bonis,
647 5053 790 5109 idem
832 5054 1051 5108 manet?
1090 5052 1181 5107 Sol
1226 5070 1384 5109 suum
1431 5042 1637 5126 peragit
1676 5055 1993 5118 circuitum,

429 5143 674 5200 vicissim
715 5143 1073 5213 resplendens
1100 5154 1155 5200 et
1186 5145 1539 5210 obscuratus,
1588 5154 1639 5199 et
1677 5147 1995 5203 ilhtminans

430 5235 525 5307 qui
556 5250 725 5306 super
754 5252 854 5291 nos
881 5242 966 5291 est
1003 5251 1206 5304 aerem,
1242 5250 1365 5291 cum
1400 5252 1459 5292 se
1483 5237 1645 5292 terris
1672 5238 1990 5303 ostenderit,

426 5332 484 5382 et
506 5325 761 5381 tenebras
794 5340 891 5396 per
919 5340 1175 5382 occasum
1201 5326 1504 5382 attrahens.
1538 5326 1657 5380 Stat
1681 5336 1858 5383 autem
1884 5336 1993 5383 ter-

429 5430 513 5481 ra,
538 5422 593 5471 et
615 5414 670 5470 in
698 5414 879 5471 stabili
908 5422 1091 5470 manet
1121 5416 1450 5484 immobilis;
1472 5423 1526 5472 et
1554 5416 1696 5485 quod
1724 5425 1850 5481 stat,
1885 5431 1990 5472 non

429 5512 699 5569 movetur,
731 5512 785 5559 et
814 5519 923 5558 non
950 5511 1058 5560 stat
1094 5504 1240 5574 quod
1268 5513 1535 5561 movetur.
1562 5504 1756 5561 Omnia
1803 5523 1898 5577 per
1935 5523 1993 5565 se

428 5592 484 5649 in
512 5595 661 5649 omni
704 5596 991 5651 intervallo
1029 5597 1314 5667 temporis,
1355 5596 1491 5652 nihil
1534 5611 1659 5653 esse
1691 5597 1991 5653 ostendun-

454 5818 457 5821 Α
498 5767 541 5802 ³⁸
563 5767 696 5839 Sap.
717 5784 840 5836 xm,
881 5772 971 5826 ib.

2102 4603 2194 4659 τοῦ
2225 4602 2477 4674 βιωτικοῦ
2501 4602 2698 4673 μόχθου
2730 4603 2841 4663 τοῖς
2872 4602 3007 4673 πρὸς
3038 4601 3098 4654 τὸ
3127 4604 3493 4675 φαινόμενον
3518 4606 3716 4671 (dictv;

2116 4698 2203 4750 .Ev
2230 4694 2343 4749 τίνι
2368 4695 2425 4747 δὲ
2460 4695 2553 4748 καὶ
2586 4694 2731 4746 ἔστιν
2763 4695 2794 4763 ἡ
2828 4689 2972 4763 ζωῆς
3007 4691 3070 4744 Τί
3098 4692 3265 4762 μένει
3307 4697 3427 4748 τῶν
3464 4695 3719 4767 φαινομέ.

2100 4804 2206 4841 νων
2228 4785 2408 4839 καλῶν
2435 4787 2493 4838 ὲν
2513 4784 2821 4853 ταυτότητι;
2848 4782 3035 4843 Ἥλιος
3055 4783 3443 4855 περιέρχεται
3467 4785 3564 4840 τὸν
3591 4786 3719 4839 ίδιον

2099 4877 2295 4948 δρόμον
2344 4875 2572 4944 λάμπων
2602 4873 2703 4926 ἀνά
2736 4871 2898 4943 μέρος
2936 4871 3030 4924 καὶ
3075 4875 3523 4945 σκοτιζόμενος,
3557 4873 3717 4944 φωτίο

2101 4966 2211 5032 ζων
2261 4967 2353 5021 τὸν
2408 4964 2796 5036 ὑπερκείμενον
2827 4964 2960 5034 ἡμῖν
3010 4961 3174 5034 ἀέρα,
3229 4965 3376 5018 ὅταν
3435 4966 3588 5037 ὑπὲρ
3618 4963 3717 5035 γῆς

2100 5055 2290 5110 ἑαυτὸν
2325 5054 2492 5124 δείξῃ,
2527 5053 2619 5104 καὶ
2659 5051 2848 5113 σκότος
2870 5049 2956 5103 διὰ
2987 5049 3095 5101 τῶν
3129 5049 3384 5122 δυσμῶν
3413 5054 3718 5123 ἐφελκόμε-

2098 5164 2206 5210 νος.
2240 5147 2475 5215 Ἔστηκε
2502 5143 2558 5195 δὲ
2588 5145 2620 5212 ἡ
2646 5142 2737 5210 γῆ,
2770 5140 2863 5192 καὶ
2893 5139 3040 5210 μένει
3069 5140 3124 5191 ὲν
3157 5140 3250 5210 τῷ
3288 5144 3492 5213 παγίῳ
3524 5141 3718 5211 ἀκινη-

2096 5253 2209 5301 τος,
2241 5235 2427 5290 καὶτὸ
2466 5232 2623 5295 ,ἑστὸς
2669 5232 2730 5284 οὐ
2778 5232 3025 5295 κινεῖται,
3063 5229 3162 5282 καὶ
3214 5234 3329 5303 οὐχ
3382 5236 3609 5289 ῐσταται
3660 5233 3718 5286 τὸ

2098 5327 2430 5398 κινούμενον.
2474 5324 2658 5377 Πάντα
2693 5321 2761 5374 δι’
2795 5320 2971 5374 αὐτῶν
3016 5320 3074 5373 ὲν
3107 5323 3299 5376 παντὶ
3347 5324 3436 5395 τῷ
3479 5322 3715 5397 χρονικῷ

2096 5420 2419 5488 διαστήματι
2465 5414 2733 5469 δείκνυται
2785 5413 2904 5464 κατ’
2939 5410 3109 5474 οὐδὲν,
3162 5412 3264 5467 διὰ
3310 5416 3422 5486 τῆς
3465 5416 3615 5488 πρὸς
3655 5414 3716 5467 τὸ

2098 5508 2407 5578 καινότερον
2458 5501 2755 5575 μεταϐολῆς
2800 5500 3236 5570 ἀλλασσόμενον.
3315 5507 3552 5576 Δοχείόν
3601 5507 3715 5558 ἐστι

2098 5599 2205 5653 τῶν
2234 5595 2565 5667 πανταχόθεν
2595 5593 2928 5664 συρρεόντων
2963 5592 3179 5647 ὑδάτων
3221 5598 3259 5665 ἡ
3296 5596 3587 5664 θάλασσα,
3623 5592 3716 5651 καὶ
