4018 6334
329 198 413 253 625
1385 204 1450 259 IN
1491 186 2026 262 scccesusrsu.
2067 203 2349 261 HOMILIA
2389 203 2429 258 ι.

3426 200 3535 257 626

322 314 473 382 οὑτεή
514 311 733 383 σύρροια
767 313 942 385 λήγει,
970 314 1091 368 οὔτε
1127 319 1158 388 ή
1195 317 1438 373 θάλασσα
1480 322 1718 389 αὑξεται.
1762 322 1847 385 Τίς

1963 331 2068 385 tur,
2114 330 2171 375 ιιι
2201 338 2318 391 qua:
2343 326 2622 373 mutantur
2659 333 2750 387 per
2777 333 2892 371 eam
2923 332 3042 387 qua:
3071 316 3128 370 ῆι
3161 316 3225 369 ad
3259 317 3533 372 recentius

325 404 544 468 δσκοπδς
575 404 667 458 τοῦ
714 406 913 477 δρόμου
968 410 1083 472 τοῖς
1135 408 1321 465 ὕδασιν
1362 413 1448 465 ἀεὶ
1492 413 1760 485 πληροῦσι
1799 415 1857 468 τὸ

324 494 690 566 πληρούμενονς
742 498 863 550 Ἐπὶ
908 498 1011 551 τίνι
1054 500 1265 569 δέχεται
1312 502 1411 567 τὰς
1451 505 1708 576 ὲπιρῤοὰς
1752 505 1857 558 τῶν

323 587 495 641 ὑδάτων
536 589 568 658 ή
604 587 871 654 θάλασσα,
913 590 1148 664 ἀναυξὴς
1190 592 1277 647 διὰ
1304 595 1403 666 τῆς
1433 597 1749 667 προσθήκης
1778 599 1858 662 είς

318 678 389 730 ἀεὶ
410 676 730 748 διαμένουσα
750 696 766 739 ;

370 944 540 999 Ταῦτα
570 945 737 1015 λέγει,
772 948 859 1001 ἵνα
904 947 961 1012 ἐξ
1002 948 1179 1004 αὐτῶν
1208 950 1317 1003 τῶν
1356 953 1653 1024 στοιχείων,
1694 956 1750 1007 ὲν
1778 955 1857 1021 οἷς

310 1036 437 1089 ἐστιν
468 1037 500 1106 ἡ
535 1034 650 1107 ζωὴ
688 1037 796 1090 τῶν
842 1036 1165 1108 ἀνθρώπων,
1215 1042 1631 1115 προερμηνεύσῃ
1665 1044 1770 1099 τῶν
1801 1049 1857 1099 ὲν

309 1130 421 1198 ἡμῖν
453 1128 899 1198 σπουδαζομένων
927 1130 987 1183 τὸ
1016 1131 1401 1185 ἀνυπόστατον.
1437 1134 1499 1186 Et
1531 1134 1640 1206 γὰρ
1672 1138 1700 1189 6
1727 1154 1858 1192 συν..

308 1218 612 1289 τεταγμένος
645 1212 800 1283 οὗτος
831 1219 926 1273 τοῦ
969 1220 1121 1291 ήλίου
1159 1222 1358 1294 δρόμος
1396 1224 1520 1294 ὅρον
1564 1226 1662 1295 οὑκ
1704 1226 1853 1296 ἔχει’

306 1311 414 1364 οὑτε
450 1312 481 1383 ή
511 1311 618 1370 ἀνὰ
657 1312 823 1383 μέρος
871 1315 1048 1383 φωτός
1096 1331 1155 1368 τε
1201 1316 1296 1370 καί
1342 1317 1566 1381 σκότους
1619 1319 1855 1393 διαδοχὴ,

309 1401 473 1453 στάσιν
501 1401 803 1471 ἐκδέχεται,
833 1404 868 1474 ἦ
892 1421 951 1456 τε
986 1405 1055 1474 γῆ
1082 1407 1581 1481 καταδεδικασμένη
1610 1411 1707 1482 τὴν
1731 1412 1859 1465 στά-

305 1511 397 1555 σιν,
444 1495 597 1565 μένει
631 1498 688 1548 ὲν
733 1496 810 1567 τῷ
861 1498 1043 1569 παγίῳ
1071 1500 1344 1570 ἀκίνητος,
1389 1503 1627 1573 ἀνήνυτα
1658 1505 1713 1559 δὲ
1764 1524 1859 1574 μο-

303 1584 501 1655 χθοῦσιν
543 1588 592 1639 οἱ
626 1587 880 1658 ποταμοὶ,
912 1591 976 1659 τῇ
1025 1586 1289 1661 ἀπλήστῳ
1318 1592 1477 1659 φύσει
1521 1594 1619 1663 τῆς
1660 1593 1858 1647 θαλάσ-

1965 413 2338 465 mutationem.
2370 410 2511 463 Mare
2547 418 2628 463 est
2660 411 3059 477 receptaculmn
3097 423 3385 478 aquarum,
3412 425 3535 479 qua:

1964 502 2202 571 undique
2229 501 2544 554 conﬂuunt:
2580 507 2633 551 et
2673 512 2846 567 neque
2876 498 3406 562 desinitconﬂuxns,
3438 517 3529 555 nec

1963 608 2068 663 que
2112 607 2262 647 mare
2303 599 2549 662 augetur.
2582 589 2715 656 Quis
2756 606 3020 658 aquarum
3054 605 3255 646 cursus
3288 599 3372 647 est
3406 607 3531 647 sco-

1964 701 2085 754 pus,
2119 700 2238 754 qua:
2271 699 2484 753 semper
2510 682 2718 751 replent
2745 680 2798 735 id
2837 680 2983 749 quod
3011 682 3303 751 impletur?
3337 682 3533 750 Quam-

1964 776 2150 830 obrem
2194 791 2459 845 aquarum
2496 772 2673 828 ﬂuxus
2727 773 2959 844 suspicit
2992 789 3165 838 mare,
3216 790 3311 844 per
3346 790 3532 829 acccsv

1965 869 2174 922 sionem
2215 868 2424 922 nullum
2454 867 2732 936 accipiens
2762 865 3155 936 augmentum?

2036 956 2159 1012 “th
2189 957 2344 1022 dicit,
2378 964 2435 1010 ut
2480 973 2545 1010 ex
2577 958 2709 1026 ipsis
2740 956 3047 1015 elementis,
3085 956 3138 1009 in
3179 956 3380 1026 quibus
3412 973 3533 1012 con.

1965 1052 2109 1107 sistit
2158 1051 2264 1104 vita
2309 1050 2611 1110 hominum,
2663 1048 3049 1115 interpretetur
3096 1062 3259 1117 quam
3312 1049 3534 1104 minime

1964 1144 2263 1199 consistant
2293 1156 2355 1195 ea
2383 1156 2504 1210 qua:
2530 1140 2673 1193 inter
2702 1153 2804 1193 nos
2830 1154 3030 1209 magno
3064 1140 3246 1193 studio
3278 1150 3545 1212 appetitu-

1965 1241 2072 1288 tur.
2107 1233 2162 1286 Si
2198 1232 2342 1287 enim
2370 1233 2460 1286 hic
2486 1230 2821 1285 constitutus
2849 1230 2983 1285 solis
3013 1246 3208 1286 cursus
3238 1246 3345 1285 non
3375 1232 3534 1287 habet

1966 1325 2292 1388 terminum;
2340 1339 2514 1393 neque
2548 1322 2708 1385 lucis,
2737 1328 2791 1376 ct
2814 1322 3160 1376 tenebrarum
3194 1337 3313 1391 qua:
3353 1322 3411 1378 ﬁt
3456 1326 3536 1378 vi-

1964 1418 2148 1473 cissim
2199 1418 2499 1475 successio,
2542 1421 2742 1470 statum
2793 1414 3013 1484 accipit,
3051 1422 3104 1468 et
3134 1418 3279 1468 terra
3316 1429 3439 1485 qum
3478 1420 3537 1468 ut

1966 1517 2072 1564 stet
2111 1488 2196 1563 est
2237 1508 2620 1567 condemnata,
2664 1512 2846 1559 manet
2894 1505 2948 1560 in
2987 1506 3166 1560 stabili
3216 1505 3532 1568 immobilis,

1966 1600 2167 1655 frustra
2202 1606 2379 1653 autem
2433 1598 2681 1653 laborant
2711 1596 2881 1661 ﬂuvii,
2907 1605 2965 1651 ut
2995 1596 3087 1667 qui
3125 1598 3191 1651 ab
3237 1596 3534 1653 insatiabili

302 1692 389 1745 σής
418 1676 836 1748 δαπανώμενοι·
876 1680 1051 1750 μάτην
1100 1681 1156 1733 δὲ
1186 1682 1281 1745 τὰς
1335 1684 1597 1755 ὲπιρροἆς
1647 1685 1847 1756 δέχεται

1962 1690 2128 1744 maris
2179 1700 2372 1744 natura
2425 1696 2852 1751 consumantur,
2916 1687 3282 1757 nequidquam
3345 1695 3528 1742 autem

299 1767 392 1819 τῶν
423 1768 635 1821 ὑδάτων
674 1770 707 1841 ή
749 1769 1012 1833 θάλασσα,
1050 1773 1131 1836 είς
1158 1773 1307 1826 οὐδὲν
1339 1774 1498 1828 πλέον
1536 1776 1856 1847 ὑπολαμϐά-

295 1877 443 1913 νουσα
461 1862 579 1924 τοῖς
601 1861 820 1926 κόλποις
840 1863 899 1915 τὸ
917 1863 1208 1928 διαπαντὸς
1230 1865 1572 1936 εἰσχεόμενον
1590 1885 1601 1897 ο
1622 1870 1669 1920 εἰ
1685 1869 1859 1924 ταῦτα

296 1954 345 2005 ἐν
377 1952 589 2015 τούτοις
621 1953 788 2018 ἐστὶν,
823 1956 881 2006 ὲν
906 1953 1012 2007 τίνι
1049 1954 1195 2017 εἰκὸς
1222 1956 1283 2007 τὸ
1312 1954 1648 2027 ἀνθρώπινον
1694 1953 1854 2024 εἶναι,

290 2043 317 2095 6
355 2046 407 2096 ἐν
447 2043 669 2106 τούτοις
716 2043 812 2114 τὴν
841 2045 985 2115 ζωὴν
1020 2044 1153 2116 ἔχει,
1204 2047 1297 2099 καλ¹
1342 2048 1395 2100 τί
1433 2046 1770 2118 ξενιζόμεθα,
1810 2052 1859 2103 εί

290 2133 436 2201 γενεά
462 2133 761 2206 πορεύεται
784 2136 877 2188 καὶ
901 2136 1059 2204 γενεὰ
1084 2136 1322 2208 ἔρχεται,
1352 2137 1443 2191 καὶ
1470 2140 1569 2192 οὑκ
1592 2140 1859 2193 ἐπιλείπει

288 2226 376 2296 τήν
419 2227 591 2296 φύσιν
634 2219 788 2289 οὗτος
817 2230 846 2280 6
885 2227 1099 2299 δρόμος,
1152 2229 1248 2301 τῆς
1293 2229 1638 2301 ὲπεισιούσης
1666 2233 1861 2300 γενεᾶς

287 2320 386 2370 τῶν
430 2318 534 2372 ἀνθ
545 2317 767 2395 ρώπων,
821 2320 977 2374 τόίτε
1012 2321 1360 2392 προεισελθδν
1403 2322 1731 2393 ἐξωθούσης,
1766 2324 1860 2377 καὶ

287 2408 380 2462 ὑπὸ
410 2408 501 2463 τοῦ
564 2410 893 2473 ἐπεισιόντος
941 2410 1354 2483 ἐξωθουμένηςς
1402 2412 1467 2464 Τί
1517 2409 1610 2466 οὖν
1639 2415 1737 2485 βοᾷ
1771 2414 1861 2468 διὰ

284 2498 476 2551 τούτων
509 2502 588 2569 τῇ
634 2498 931 2572 Ἐκκλησία
978 2502 1006 2553 ό
1055 2501 1244 2571 λόγος;
1290 2504 1407 2569 ὅτι,
1449 2496 1520 2551 Ὦ
1561 2503 1858 2574 ἄνθρωποι,

284 2592 357 2653 είς
381 2591 439 2645 τὸ
472 2593 592 2667 πᾶν
613 2591 1032 2657 ἀποϐλέποντες.
1055 2594 1152 2665 τήν
1180 2593 1387 2648 ἑαυτῶν
1419 2595 1577 2664 φύσιν
1607 2600 1857 2669 νοήσατε.

287 2684 347 2735 ’Δ
377 2686 505 2755 περὶ
550 2684 646 2737 τὸν
681 2683 911 2754 οὑρανδν
946 2685 1040 2738 καὶ
1073 2686 1172 2757 τὴν
1209 2685 1313 2756 γῆν
1342 2684 1581 2755 βλέπεις,
1610 2687 1647 2741 ἃ
1684 2690 1741 2743 ὲν
1783 2690 1860 2760 τῷ

1961 1795 2223 1850 aquarum
2254 1780 2433 1834 ﬂuxus
2457 1795 2605 1835 mare
2627 1779 2858 1848 suscipit
2890 1779 2942 1832 in
2971 1779 3150 1833 sinum
3177 1793 3359 1842 suum,
3384 1779 3531 1832 nulla

1960 1872 2100 1926 facta
2139 1872 2265 1926 inde
2311 1870 2648 1936 accessione,
2693 1871 3003 1940 suscipiens
3051 1870 3105 1924 id
3137 1871 3280 1941 quod
3317 1886 3534 1940 semper

1960 1962 2298 2018 infunditur:
2339 1963 2383 2015 si
2412 1963 2524 2016 haec
2565 1963 2641 2015 ita
2688 1976 2747 2017 se
2782 1961 3017 2021 habent.
3077 1961 3532 2032 quemadmodum

1961 2054 2230 2119 hominem
2270 2069 2328 2107 se
2362 2053 2564 2108 habere
2607 2060 2691 2109 est
2739 2059 3189 2116 consentaneum,
3227 2053 3320 2122 qui
3374 2052 3428 2105 in
3464 2051 3532 2106 iis

1958 2145 2119 2215 etiam
2162 2143 2325 2199 vitam
2370 2142 2552 2207 habet,
2599 2151 2652 2197 et
2685 2158 2784 2197 cur
2813 2143 2972 2197 nobis
3017 2141 3229 2197 videtur
3267 2143 3528 2206 alienum,

1961 2235 2006 2291 si
2055 2236 2331 2306 generatio
2370 2236 2588 2299 transit,
2640 2243 2694 2288 et
2733 2236 3015 2305 generatio
3065 2234 3304 2298 advenit,
3355 2250 3536 2304 neque

1959 2335 2209 2381 naturam
2239 2328 2443 2382 deserit
2482 2327 2572 2382 hic
2605 2341 2823 2388 cursus,
2857 2326 3203 2395 generatione
3243 2325 3525 2379 hominum

1961 2434 2083 2488 quae
2118 2417 2440 2488 ingreditur,
2481 2425 2593 2471 tum
2645 2418 2696 2471 id
2728 2418 2871 2486 quod
2915 2419 3069 2486 prius
3101 2427 3179 2472 est
3225 2418 3532 2487 ingressum

1959 2509 2300 2574 extrudeute,
2333 2518 2386 2565 et
2409 2521 2627 2565 extrusa
2659 2510 2729 2563 ab
2756 2526 2821 2564 eo
2850 2511 2993 2579 quod
3028 2510 3366 2580 ingreditur?
3393 2510 3534 2574 Quid

1960 2616 2087 2670 ergo
2120 2616 2215 2669 per
2260 2600 2375 2654 haec
2414 2599 2671 2654 Ecclesia:
2709 2600 2908 2653 clamat
2951 2599 3165 2652 oratio?
3205 2598 3249 2652 Ο
3283 2597 3535 2653 homines

1960 2692 2052 2759 qui
2087 2690 2499 2744 universitatem
2539 2690 2809 2758 aspicitis,
2844 2698 3081 2745 vestram
3112 2689 3352 2758 ipsorum
3385 2698 3537 2743 natu-

281 2770 410 2843 ἡλίῳ
438 2774 716 2844 καθορᾷς,
750 2773 784 2827 ἃ
810 2774 867 2825 ὲν
892 2776 957 2843 τῇ
984 2773 1227 2846 θαλάσσῃ
1250 2778 1550 2841 κατανοεῖς,
1583 2777 1754 2831 ταῦτά
1779 2795 1847 2831 σοι

1963 2798 2076 2839 ram
2104 2783 2404 2853 intelligite.
2428 2784 2559 2847 Quae
2581 2783 2633 2836 in
2653 2782 2791 2836 caelo
2811 2791 2866 2836 et
2885 2781 2938 2834 in
2954 2787 3098 2835 terra
3122 2780 3453 2849 cernis.qu:e
3479 2780 3531 2832 in

278 2865 367 2915 καὶ
407 2865 508 2935 τὴν
575 2864 672 2935 σὴν
728 2863 887 2931 φύσιν
942 2864 1310 2936 ἑρμηνευέτω.
1369 2866 1524 2919 ’Ἐστι
1570 2866 1679 2937 γὰρ
1737 2870 1847 2923 καθ

1963 2876 2076 2928 sole
2105 2874 2326 2943 aspicis,
2363 2889 2484 2943 quae
2521 2873 2575 2927 in
2610 2873 2747 2927 mari
2779 2872 3117 2934 consideras,
3148 2886 3211 2926 ea
3239 2871 3403 2925 etiam
3434 2871 3530 2924 tibi

278 2954 576 3026 ὁμοιότητα
623 2954 716 3008 τοῦ
747 2956 897 3026 ήλίου
932 2958 1024 3008 καὶ
1056 2956 1155 3025 τῆς
1187 2955 1399 3022 φύσεως
1432 2957 1590 3027 ήμῶν
1624 2960 1847 3031 ἀνατολῆ

278 3061 297 3063 _
439 3048 452 3063 ς
498 3047 557 3063 ..ρ
681 3061 691 3063 _
780 3047 793 3063 .
871 3047 935 3063 ..ι
1059 3050 1081 3063 .
1188 3049 1214 3062 ..
1408 3046 1429 3063 τ
1493 3051 1506 3063 .
1591 3049 1605 3063 .
1648 3049 1664 3063 ς
1794 3052 1821 3063 -

1964 2972 2110 3017 luant
2137 2964 2562 3033 interpretentur
2584 2971 2857 3017 naturam.
2886 2962 2980 3017 Est
3016 2961 3160 3016 enim
3197 2959 3263 3014 ad
3297 2960 3430 3016 solis
3452 2961 3532 3015 si-

271 3061 327 3097 τε
366 3048 464 3099 καύ⁹
492 3047 563 3099 δύ
577 3064 657 3110 σις
679 3061 693 3075 ’
733 3047 831 3116 μία
861 3047 977 3110 οδδς
998 3050 1108 3110 τοῖς
1137 3049 1325 3113 πᾶσιν,
1377 3046 1457 3113 εἷς
1484 3051 1511 3102 6
1541 3049 1736 3114 κύκλος
1760 3052 1847 3123 τῆς

1962 3056 2321 3111 militudinem
2342 3063 2547 3111 nostra:
2568 3069 2784 3125 quoque
2806 3061 3012 3108 natura:
3032 3063 3185 3109 ortus
3205 3063 3258 3107 et
3277 3067 3529 3108 occasus.

274 3137 363 3190 τοῦ
392 3138 511 3207 βίου
573 3138 818 3208 πορείας.
858 3138 1022 3191 Ὅταν
1063 3137 1149 3191 διὰ
1178 3138 1441 3206 γενέσεως
1472 3141 1847 3213 ἀνατείλωμεν1

1962 3145 2078 3201 Una
2096 3155 2189 3203 est
2217 3147 2474 3202 omnibus
2501 3146 2610 3211 via,
2635 3160 2775 3200 unus
2809 3144 3089 3213 ingressus
3119 3144 3242 3199 vita:
3270 3143 3529 3199 circulus.

270 3232 434 3283 πάλιν
484 3233 575 3293 εἰς
630 3231 693 3283 τὸ
744 3231 1001 3298 συγγενὲς
1030 3231 1226 3302 χωρίον
1271 3231 1429 3302 ἡμῶν
1462 3232 1847 3304 καθελκόμεθα.

1962 3238 2195 3305 Quando
2241 3254 2338 3309 per
2399 3238 2797 3309 generationem
2850 3236 2954 3290 orti
3032 3234 3333 3296 fuerimus.
3391 3250 3535 3289 rur-

272 3319 379 3389 Τῆς
420 3323 539 3393 γὰρ
596 3321 743 3391 ζωῆς
786 3321 943 3393 ήμῶν
998 3322 1326 3393 ἐπιδυείσης,
1377 3324 1633 3393 ὑπόγειον
1674 3327 1769 3379 καὶ
1800 3328 1847 3381 τί

1962 3344 2055 3385 sus
2108 3328 2174 3383 ad
2213 3339 2501 3399 cognatum
2554 3327 2710 3383 nobis
2757 3327 2933 3381 locum
2980 3311 3340 3381 detraliimur.
3394 3324 3528 3380 Nam

262 3412 545 3485 ἡμέτερον
602 3413 807 3479 γίνεται
859 3414 1083 3483 φέγγος,
1134 3416 1262 3468 ὅταν
1309 3416 1341 3485 ή
1381 3416 1739 3490 ἀντιληπτικὴ
1766 3419 1847 3473 τοί

1962 3433 2085 3472 cum
2118 3432 2277 3487 passa
2312 3416 2474 3472 fuerit
2502 3432 2760 3472 occasum
2787 3415 2895 3470 vita
2943 3424 3152 3478 nostra,
3197 3415 3300 3469 sub
3335 3422 3532 3469 terram

265 3499 446 3568 φωτδς
472 3503 646 3575 ἡμῶν
678 3503 928 3574 αἴσθησις
961 3505 1172 3573 γίνηται
1190 3519 1204 3534 ⁸
1233 3505 1448 3569 πάντως
1473 3507 1528 3560 δὲ
1561 3508 1593 3577 ἠ
1623 3508 1690 3580 γῆ
1726 3510 1847 3580 πρὸς

1963 3511 2050 3565 lux
2077 3509 2240 3565 etiam
2290 3516 2478 3564 nostra
2518 3507 2825 3571 descendit,
2857 3507 3077 3577 quando
3125 3506 3299 3559 lucem
3347 3500 3535 3559 n‘oster

254 3590 315 3643 τὸ
334 3592 624 3661 συγγενὲς
642 3591 951 3654 ἀναλύεται,
964 3594 1057 3645 καὶ
1069 3588 1221 3656 οὗτος
1248 3592 1445 3656 κύκλος
1464 3592 1581 3645 ἐστὶ
1601 3593 1847 3664 διηνεκῶς

1963 3616 2158 3656 sensus
2192 3597 2585 3669 apprehendit:
2620 3596 2845 3650 omnino
2883 3603 3063 3649 autem
3100 3594 3152 3647 in
3195 3594 3247 3647 id
3276 3594 3422 3663 quod
3450 3602 3540 3648 est

257 3683 316 3734 ὲν
373 3686 501 3747 τοῖς
564 3683 753 3745 αὑτοῖς
808 3683 1171 3753 ἑλισσόμενος.
1221 3682 1487 3754 Καθάπερ
1544 3684 1635 3736 ἐπὶ
1685 3684 1847 3754 ήλίουΕ

1962 3698 2250 3762 cognatum
2278 3696 2421 3744 terra
2457 3687 2768 3751 resolvitur,
2795 3693 2849 3741 et
2880 3685 2969 3739 hic
2996 3684 3240 3738 circulus
3271 3690 3533 3753 perpetuo

250 3776 448 3845 φησὶν,
483 3776 517 3824 ὁ
557 3774 785 3845 δρόμος,
810 3776 890 3828 ὅτι
919 3774 1221 3828 ἀνατέλλων
1247 3774 1345 3845 μὲν
1371 3775 1510 3828 κατά
1538 3775 1600 3827 τὸ
1635 3777 1745 3829 ἄνω
1766 3777 1847 3846 τῆς

1963 3782 2016 3836 in
2050 3779 2242 3837 iisdem
2279 3779 2692 3848 circumagitur.
2721 3776 3004 3842 Quomodo
3041 3782 3144 3838 est,
3187 3775 3385 3843 inquit,
3415 3792 3535 3828 cur-

250 3867 358 3935 γῆς
403 3868 600 3937 μέρος
631 3869 743 3930 τοῖς
789 3867 984 3929 νοτίοις
1007 3865 1312 3927 ὲνδιοδεύει,
1345 3866 1595 3934 ὑπόγειος
1628 3865 1683 3919 δὲ
1721 3866 1847 3919 κατὲ

1962 3889 2055 3927 sus
2084 3872 2239 3932 solis,
2288 3880 2345 3924 ut
2378 3870 2470 3939 qui
2501 3868 2688 3924 oriens
2736 3868 2790 3920 in
2822 3866 3089 3936 superiori
3142 3850 3294 3935 parte
3344 3874 3528 3930 terrm,

247 3960 308 4011 τὸ
355 3961 768 4031 ἀντικείμενον
811 3958 873 4010 τὸ
907 3957 1151 4028 βόρῤειον
1185 3957 1480 4026 ὑπέρχεται
1534 3956 1731 4028 μέροςο
1769 3957 1847 4011 καλ

1964 3961 2265 4015 in‘australi
2293 3962 2512 4029 regione
2534 3957 2867 4028 ingreditur;
2886 3954 3104 4025 quando
3125 3963 3304 4009 autem
3326 3962 3407 4007 est
3428 3956 3532 4009 sub

240 4053 447 4106 τοῦτον
511 4052 618 4105 τὸν
673 4049 874 4121 τρόπον
919 4049 999 4111 είς
1047 4048 1133 4101 ἀεὶ
1177 4047 1505 4120 περιοδεύων
1556 4049 1743 4101 κυκλοῖ
1772 4050 1847 4103 τὺι

1963 4060 2132 4113 terra,
2162 4065 2281 4105 eam
2311 4065 2432 4118 qum
2461 4064 2527 4103 ex
2563 4047 2795 4101 adverso
2833 4047 2938 4099 sita
2973 4052 3077 4105 est,
3114 4060 3308 4112 nempe
3339 4044 3532 4098 borea-

239 4142 458 4196 ἑαυτοῦ
495 4142 737 4214 δρόμον,
780 4140 873 4193 καὶ
920 4138 1082 4191 πάλιν
1120 4138 1443 4192 ἀνακυκλῶν
1492 4139 1837 4209 περιέρχεται

1963 4144 2091 4206 lem.
2133 4144 2282 4199 subit
2325 4151 2556 4213 partem,
2590 4150 2644 4195 et
2690 4140 2793 4193 hoc
2827 4139 2989 4191 modo
3029 4152 3243 4206 semper
3287 4146 3528 4201 vertens,

236 4235 468 4287 κυκλοῖ
505 4234 652 4303 γὰρ.
699 4233 854 4300 φησὶ,
883 4231 1099 4284 κυκλῶν
1124 4246 1139 4260 ’
1166 4231 1307 4283 οὑτω
1350 4231 1528 4283 τοίνυν
1562 4232 1654 4283 καὶ
1683 4232 1743 4284 τὸ
1770 4231 1847 4284 σδι

1963 4254 2121 4292 suum
2148 4236 2201 4290 in
2224 4234 2413 4290 orbem
2447 4230 2655 4301 peragit
2676 4243 2916 4290 cursum,
2949 4238 3003 4280 et
3032 4242 3225 4281 rursus
3259 4226 3311 4278 in
3342 4224 3530 4279 orbem

208 4324 574 4394 ⁸πορεύεται
627 4322 841 4391 πνεῦμα
876 4321 1005 4389 (ἀπὸ
1054 4320 1254 4392 μέρους
1300 4320 1446 4374 ἆπαν
1480 4320 1761 4391 ὀνομάζων
1799 4323 1847 4375 τί

1962 4335 2241 4383 revertens
2271 4324 2467 4380 circuit
2488 4321 2703 4391 :Gyrat,
2735 4318 2931 4388 inquit,
2962 4318 3015 4371 in
3039 4316 3259 4370 orbem:
3297 4316 3373 4371 sic
3400 4331 3531 4386 ergo

227 4415 623 4486 ἀνθρώπινον
666 4415 904 4484 πνεῦμα)
937 4414 1034 4484 τὴν
1073 4414 1360 4481 ἐγκύκλιον
1386 4413 1591 4485 ταύτην
1622 4414 1709 4468 διά
1748 4413 1847 4468 τῶι

1962 4427 2090 4474 tuus
2115 4432 2334 4488 quoque
2370 4413 2670 4483 ingreditur
2704 4413 2929 4480 spiritus
2956 4413 3008 4479 (ιι
3050 4417 3202 4477 parte
3229 4416 3402 4462 totum
3434 4424 3532 4463 no-

229 4507 459 4574 ὁμοίων
494 4501 836 4575 περιτρέχον
862 4502 1549 4579 φοράν.‹Πορεύεται›γὰρ,
1581 4508 1759 4582 φησὶ,‹
1799 4507 1847 4561 τί

1962 4508 2175 4562 minans
2210 4506 2461 4575 spiritum
2502 4501 2760 4571 hominis)
2800 4501 2945 4554 hunc
2993 4502 3046 4553 in
3086 4500 3275 4552 orbem
3322 4506 3530 4552 motunt

222 4599 527 4671 πνεῦμα.
597 4600 692 4653 καὶ
750 4599 844 4652 ἐπὶ
898 4597 1131 4660 κύκλους
1195 4594 1363 4648 αὑτοῦ
1429 4596 1745 4666 ἐπιστρέψει
1801 4597 1847 4649 τε

1962 4614 2058 4669 per
2088 4597 2288 4653 similia
2321 4608 2603 4665 peragens.
2633 4612 2650 4642 ι
2685 4592 2870 4663 Pergit
2915 4587 3107 4649 ienim,
3142 4590 3339 4659 inquit,
3378 4609 3397 4639 ι
3427 4590 3534 4660 spi.

224 4692 504 4760 πνεῦμα.
521 4712 539 4735 ο
568 4691 630 4739 ὐ
648 4689 704 4741 δὲ
734 4689 902 4744 ταῦτα
942 4689 1282 4757 κατανοήσας
1305 4688 1406 4740 οὑκ
1433 4687 1499 4740 ἂν
1525 4677 1701 4759 ’μικρὰ
1727 4687 1847 4758 πρὸς

1962 4689 2120 4752 ritus,
2148 4696 2202 4740 et
2242 4685 2307 4738 ad
2350 4685 2588 4737 circulos
2627 4697 2760 4737 suos
2808 4680 3120 4735 revertitur.
3159 4677 3321 4742 inQui
3350 4686 3530 4733 autem

214 4785 319 4838 τὸν
352 4782 599 4838 ἑαυτοῦ
628 4784 741 4851 βίον
768 4782 1094 4851 ὠφεληθείη.
1127 4780 1191 4833 Τί
1217 4780 1593 4851 λαμπρότερον
1626 4780 1719 4834 τοῦ
1750 4797 1847 4848 φω-

1963 4779 2076 4830 luec
2126 4774 2578 4837 cuusideraverit,
2634 4772 2699 4825 ad
2754 4786 2907 4825 suam
2942 4771 3104 4823 vitam
3149 4783 3257 4821 non
3309 4782 3557 4839 parvam.

216 4875 362 4940 ede;
422 4876 509 4928 Τί
560 4875 676 4928 τῶν
724 4873 954 4929 ἀκτίνων
1007 4870 1419 4943 φανερόηερον;
1469 4871 1584 4925 ἀλλ’
1617 4873 1767 4942 ὅμως
1812 4878 1847 4925 ελ

1963 4869 2175 4937 accepit
2204 4867 2518 4921 utilitatem.
2553 4863 2695 4930 Quid
2728 4871 2810 4916 est
2840 4862 2960 4915 luce
2991 4860 3366 4930 splendidius?
3390 4858 3532 4926 Quid

214 4966 336 5019 ὑπὸ
365 4967 497 5037 γῆν
556 4968 596 5019 ὁ
633 4965 781 5035 ἥλιος
827 4964 976 5035 ἔλθῃ,
1005 4963 1305 5034 κρύπτεται
1335 4963 1397 5015 τὸ
1440 4963 1661 5032 φέγγος,
1695 4965 1787 5017 καὶ
1823 4965 1847 5033 ἦ

1962 4962 2133 5017 radiis
2165 4960 2407 5014 clarius?
2436 4966 2489 5012 et
2520 4971 2699 5010 tamen
2728 4955 2773 5010 si
2796 4954 2878 5009 sol
2907 4953 3009 5006 sub
3040 4960 3185 5006 terra
3217 4952 3399 5015 fuerit,
3441 4953 3531 5006 lux

216 5059 401 5121 ἀκτὶς
434 5056 815 5125 ἀφανίζεται.

1962 5053 2345 5113 absconditur,
2372 5059 2424 5103 et
2457 5066 2563 5103 non
2595 5054 2820 5118 apparet
2848 5045 3058 5099 radius.

292 5151 470 5223 Πρὸς
497 5148 689 5204 ταῦτά
715 5166 800 5212 τις
831 5147 1061 5217 βλέπων,
1086 5150 1525 5218 σωφρονέστερον
1548 5144 1638 5197 τὸν
1664 5146 1847 5198 ἑαυτοί

2031 5144 2110 5200 Ad
2162 5145 2273 5198 haec
2304 5142 2577 5212 aspiciens
2616 5138 2918 5195 modestius
2966 5144 3117 5188 tuam
3158 5133 3414 5187 traduces
3447 5131 3529 5184 vi-

217 5222 645 5314 παρέρχεσθαι»
664 5240 799 5311 βίον,
834 5237 1188 5309 καταφρονῶν
1210 5239 1306 5313 τῆς
1338 5235 1443 5300 ὦδε
1470 5236 1825 5307 περιφανείας

1962 5248 2092 5301 tam,
2118 5236 2209 5309 qui
2241 5234 2329 5290 hic
2359 5242 2464 5298 est,
2505 5232 2849 5303 splendorem
2890 5226 3222 5297 despiciens,
3259 5233 3317 5279 ut
3344 5222 3436 5294 qui
3466 5236 3529 5274 cx

220 5332 443 5405 μαθὼν
502 5332 590 5384 ὲκ
636 5331 743 5384 τῶν
775 5331 1084 5402 δρωμένων,
1135 5330 1210 5385 ὅτι
1252 5344 1310 5403 οὐ
1357 5331 1579 5408 διαρκεῖ
1625 5326 1761 5398 πρὸς
1802 5328 1847 5379 τί

1962 5329 2031 5382 iis
2091 5343 2212 5397 quze
2260 5325 2538 5390 videntur,
2584 5323 2866 5384 didiceris,
2918 5318 3065 5388 quod
3113 5332 3222 5372 non
3272 5322 3529 5385 perpetuo
3576 5368 3581 5383 _

218 5403 511 5497 διηνεκὲς
574 5421 644 5473 τὸ
692 5421 993 5490 ἐπίσημονο
1041 5419 1168 5474 ἀλλά
1201 5403 1568 5529 ἀγχίστράφοί
1616 5420 1753 5472 εἰσιν
1803 5418 1847 5470 αἱ

1963 5420 2123 5475 durat
2142 5418 2192 5472 id
2226 5416 2369 5488 quod
2393 5424 2477 5471 est
2507 5417 2714 5469 clarum
2733 5421 2785 5467 et
2812 5405 3149 5470 illustre,sed
3168 5403 3529 5459 subindemu-

1966 5519 1979 5529 .
1998 5512 2093 5529 is.
2116 5525 2154 5529 ,_
2178 5517 2298 5529 ---μ
2328 5507 2720 5529 ---_._-_:,........
2746 5499 3124 5529 “Humum...”
3148 5514 3161 5527 ι
3191 5492 3321 5529 nihil
3348 5498 3529 5529 sntt‘nl

222 5489 343 5573 tEiv
390 5513 689 5572 ἐναντίων
717 5489 983 5582 διαδοχαί·
1019 5511 1152 5582 μένει
1174 5489 1428 5619 δὲΐῶἐξ
1460 5489 1552 5583 gi;
1590 5512 1654 5565 τὸ
1684 5509 1847 5565 τοιοῦ-

1965 5512 2157 5564 labiles
2175 5517 2301 5563 sunt
2323 5507 2722 5561 contrariorum
2745 5499 3162 5557 successiones:
3191 5492 3323 5548 nihil
3346 5498 3529 5545 autem

1988 5618 1991 5619 ,
2032 5618 2039 5619 ,
2106 5610 2145 5619 Α.
2197 5599 2301 5619 .,ι-
2346 5597 2492 5619 ,---,ι-
2531 5606 2605 5619 --ι
2645 5596 2696 5619 ι..
2749 5590 3031 5619 -..μω-,οἰκ
3110 5600 3214 5619 nun
3252 5580 3528 5619 ἱιινοηιιιε.

225 5625 353 5673 τον,
379 5602 526 5661 οἷον
563 5605 636 5657 ὲν
658 5605 735 5675 τῷ
759 5603 977 5672 παρόντι
1011 5603 1148 5674 ἐστὶν,
1182 5639 1235 5689 0',
1263 5580 1502 5689 ς,
1546 5607 1611 5667 οὺ
1638 5603 1847 5668 κάλλος,

1968 5610 2149 5657 manet
2197 5599 2306 5655 tale
2336 5597 2495 5669 quale
2527 5606 2609 5653 est
2644 5596 2700 5652 in
2747 5590 3057 5665 praesentia,
3108 5600 3216 5641 non
3245 5580 3529 5654 juventus.

1211 5639 1235 5707 ὑ
1265 5640 1502 5729 νεάτης»

79 6056 297 6234 L
1602 6084 1627 6093 _
