4018 6334
456 252 561 313 027

1651 262 1709 321 S.
1748 265 2071 325 GRECORII
2113 268 2402 325 NYSSENl

3549 275 3638 335 628

455 381 565 422 non
605 366 976 438 pulchritudo,
1028 383 1138 423 non
1179 377 1513 439 potestatum
1546 383 1599 430 et
1642 372 2017 434 dominatuum

2125 385 2223 455 οὑχ
2249 385 2361 455 ήὲκ
2386 382 2493 437 τῶν
2507 380 2839 436 δυναστειῶν
2855 380 3201 452 περιφάνεια.
3233 383 3340 437 Καὶ
3361 383 3514 441 ταῦτα
3538 389 3643 458 μὲν,

456 458 700 512 claritas.
727 458 791 510 Et
822 459 933 513 haec
960 460 1180 530 quidem
1205 461 1274 517 iis
1296 463 1496 532 quibus
1522 466 1575 520 in
1599 468 1707 523 vita
1738 484 1859 525 sors
1884 471 2021 525 obti-

455 548 532 618 git
564 563 844 618 prospera.
874 550 1086 617 Quibus
1116 559 1299 607 autem
1333 555 1547 625 videtur
1577 558 1871 626 laboriosa,
1903 578 2024 631 qua:

452 654 521 693 ex
546 640 750 696 virtute
778 642 957 711 agitur
986 644 1115 707 vita,
1150 645 1217 699 iis
1256 653 1414 702 terra:
1440 651 1686 719 exemplo
1719 653 1785 707 ad
1817 669 1878 707 ea
1904 670 2025 724 quat

454 736 583 783 sunt
640 732 823 800 gravia
873 730 1087 787 fortiter
1119 734 1397 812 'ferenda,
1474 740 1761 795 erudiatur
1820 745 2022 798 anima.

459 840 479 873 ι
511 819 681 876 Terra
709 831 816 881 stat
847 825 901 877 in
926 835 1211 881 aeternum.
1254 845 1274 879 ι
1311 827 1450 895 Quid
1482 837 1567 884 est
1611 831 1712 887 hac
1756 833 2020 887 immobili

453 910 711 967 ﬁrmitate
741 928 802 969 ac
833 916 1133 972 stabilitate
1160 918 1522 976 laboriosius?
1548 930 1601 977 et
1642 931 1822 979 tamen
1850 941 2023 996 usque

454 999 510 1053 in
536 1008 797 1055 mternum
834 1005 1145 1059 extenditur
1173 1006 1293 1076 ejus
1332 1011 1529 1064 statio:
1553 1011 1650 1065 tibi
1676 1022 1855 1067 autem
1900 1030 2022 1083 per-

450 1091 706 1160 exiguum
735 1098 820 1146 est
858 1104 1073 1163 tempus
1104 1097 1444 1151 certaminis.
1478 1097 1555 1152 Ne
1584 1101 1661 1155 sis
1702 1102 1875 1172 magis
1905 1103 2022 1157 ina-

450 1181 633 1237 nimus
657 1198 819 1251 quam
852 1193 1015 1238 terra.
1051 1183 1128 1240 Ne
1157 1187 1234 1241 sis
1269 1187 1336 1243 iis
1375 1204 1495 1259 qum
1522 1205 1685 1245 sensu
1716 1202 1904 1247 carent
1935 1194 2021 1248 in-

450 1273 756 1343 sipientior,
792 1276 884 1345 qui
919 1291 978 1332 es
1002 1278 1233 1333 rationis
1266 1267 1561 1350 particeps,
1592 1291 1644 1337 et
1670 1284 1763 1354 qui
1812 1285 2021 1343 ratione

451 1362 616 1417 vitam
654 1368 799 1435 regis
827 1373 881 1421 et
911 1367 1268 1423 administras
1300 1389 1313 1424 :
1355 1371 1449 1425 sed
1482 1388 1501 1422 ι
1535 1387 1715 1437 mane,
1746 1394 1765 1426 ι
1802 1384 1859 1428 ιιι
1886 1375 2020 1430 dicit

447 1453 764 1524 Apostolus,
803 1474 822 1508 ι
863 1457 920 1511 in
964 1458 1033 1513 iis
1061 1474 1185 1530 quae
1210 1459 1474 1525 didicisti,
1518 1472 1571 1517 et
1607 1479 1728 1533 quae
1761 1472 1890 1520 sunt
1920 1466 2019 1521 tibi

447 1547 657 1602 credita
681 1548 747 1613 ",
790 1567 809 1601 ι
862 1549 916 1603 in
947 1557 1094 1605 statu
1127 1551 1285 1606 ﬁrmo
1310 1560 1362 1608 et
1412 1554 1698 1610 immobili.
1736 1555 1873 1611 Nam
1914 1558 2019 1612 hoc

449 1652 666 1709 quoque
707 1648 793 1695 est
823 1640 877 1694 in
921 1640 1125 1696 divinis
1159 1644 1484 1713 praeceptis:
1524 1663 1543 1696 ι
1578 1644 1764 1702 Estote
1792 1648 2017 1703 stabiles

2122 478 2233 539 τοῖς
2278 477 2336 529 ὲν
2386 474 2646 546 εὐκληρίᾳ
2690 475 2795 526 τινί¹
2844 472 3039 538 ζῶσιν·
3082 474 3226 538 ὅσοις
3269 474 3324 527 δὲ
3369 477 3594 543 ἐπίπονος
3620 483 3645 535 δ

2123 565 2258 636 πρὸς
2304 564 2502 635 ἀρετὴν
2545 564 2691 616 δοκεῖ
2737 562 2868 631 βίος,
2910 561 2988 632 τῷ
3033 562 3131 632 τῆς
3179 565 3282 633 γῆς
3327 563 3648 637 ὑποδείγματι

2123 656 2257 726 πρὸς
2292 656 2353 708 τὸ
2399 656 2751 725 ἐγκαρτερεῖν
2783 655 2893 715 τοῖς
2921 651 3133 718 δεινοῖς,
3162 655 3194 724 ἡ
3232 652 3372 724 ψυχὴ
3403 657 3645 729 παιδοτρι.

2121 743 2365 799 6είσθω.‹
2389 742 2449 796 Ἡ
2469 743 2540 812 γῆ
2568 745 2644 805 είς
2669 742 2758 796 τὸν
2782 742 2949 795 αἰῶνα
2971 743 3250 813 ἕστηκεν.»
3269 744 3331 796 Τί
3360 746 3654 818 μοχθηρότει

2123 850 2215 903 ρον
2272 834 2372 903 τῆς
2427 835 2685 904 ἀκινήτου
2728 834 2933 905 ταύτης
2985 835 3339 907 παγιότητοςς
3393 839 3478 891 καί
3521 840 3652 909 ὅμως

2122 926 2506 997 παρατείνεται
2548 925 2737 996 μέχρις
2763 926 2957 990 αἰῶνος
2989 928 3022 997 ἠ
3062 927 3267 990 στάσις.
3308 928 3392 981 Σοὶ
3416 928 3468 981 δὲ
3497 929 3655 999 ὀλίγος

2119 1019 2148 1070 ό
2183 1019 2283 1088 τῆς
2322 1016 2597 1088 ἀθλήσεως
2627 1017 2833 1089 χρόνος.
2866 1017 2957 1087 Μὴ
2996 1017 3148 1086 γίνου
3179 1018 3275 1088 τῆς
3299 1018 3397 1089 γῆς
3422 1019 3656 1092 ἀψυχότε-

2124 1121 2245 1177 ρος*
2293 1106 2366 1177 μὴ
2415 1105 2564 1173 γίνου
2612 1105 2719 1158 τῶν
2752 1106 3091 1176 ἀναισθήτων
3136 1107 3493 1178 ἀνοητότερος.
3525 1113 3551 1162 ό
3577 1111 3658 1166 λο-

2118 1196 2314 1267 γισμὸν
2354 1195 2583 1266 εἰληχὼς
2622 1196 2717 1248 καὶ
2746 1196 2887 1265 λόγῳ
2922 1196 3055 1266 πρὸς
3083 1196 3179 1267 τὴν
3208 1198 3353 1269 ζωὴν
3383 1198 3661 1270 διοικούμε-

2118 1303 2236 1351 νοςσ
2267 1285 2400 1340 ἀλλά
2433 1305 2450 1335 ι
2491 1286 2637 1356 μένε,
2682 1305 2701 1337 ι
2735 1285 2914 1349 καθώς
2947 1303 3109 1355 φησιν
3130 1289 3158 1340 ὁ
3201 1288 3527 1355 Ἀπόστολος,
3562 1311 3577 1343 ι
3612 1294 3662 1344 ὲν

2118 1372 2199 1442 οἷς
2241 1378 2442 1448 ἔμαθες
2473 1377 2567 1430 καὶ
2597 1377 2930 1447 ἐπιστώθης,
2977 1380 3034 1431 ὲν
3067 1378 3254 1449 ὲδραίᾳ
3284 1381 3375 1433 καὶ
3422 1383 3661 1450 ἀμετακι-

2117 1470 2264 1540 νήτῳ
2300 1472 2363 1540 τῇ
2396 1469 2599 1522 στάσει.
2641 1488 2661 1520 ι
2713 1470 2863 1523 Ἐπεὶ
2900 1471 2992 1522 καὶ
3023 1469 3179 1523 τοῦτο
3211 1471 3318 1523 τῶν
3363 1472 3512 1525 θείων
3539 1491 3666 1545 παρ-

2119 1559 2478 1629 αγγελμάτων
2528 1560 2665 1622 ἐστὶ,
2710 1559 2790 1623 τὸ,
2832 1578 2850 1629 ι
2900 1560 3134 1632 Ἐδραίοι
3181 1564 3274 1617 καὶ
3299 1564 3666 1636 ἀμετακίνητοι

2118 1648 2352 1718 γίνεσθε.
2403 1668 2423 1702 ι
2474 1650 2756 1713 Ἀσειστος
2790 1648 2847 1702 ἔν
2893 1667 2974 1703 σοι
3020 1651 3225 1720 μενέτω
3270 1655 3303 1724 ἠ
3343 1655 3664 1726 σωφροσύνη,

448 1740 503 1788 et
532 1733 840 1788 immobiles
862 1732 928 1788 “.
967 1752 986 1785 ι
1023 1732 1080 1787 In
1107 1742 1159 1789 te
1188 1737 1515 1790 inconcussa
1549 1744 1803 1791 maneant
1827 1743 2017 1807 tempe-

2123 1741 2296 1811 παγία
2335 1744 2368 1813 ἠ
2417 1742 2620 1807 πίστις,
2655 1741 3053 1814 ἀμετάθετοςή
3099 1723 3310 1815 ἀγάπη,
3345 1723 3588 1818 ἀκίνητος

449 1824 648 1890 rantia,
678 1823 837 1880 ﬁrma
877 1824 1033 1890 ﬁdes,
1086 1824 1447 1883 immutabilis
1495 1827 1760 1892 charitas,
1805 1830 2018 1886 stabilis

446 1924 504 1972 et
534 1917 828 1974 immobilis
854 1917 909 1973 in
945 1917 1095 1972 omni
1125 1917 1270 1973 bono
1297 1920 1484 1983 statio,
1526 1919 1670 1975 sicut
1701 1930 1755 1976 et
1791 1936 1911 1991 quae
1935 1932 2035 1978 est.

447 2008 599 2076 inte,
630 2017 778 2064 terra
813 2016 921 2064 stat
952 2009 1007 2065 in
1032 2016 1318 2067 aeternum.
1345 2011 1400 2066 Si
1423 2011 1547 2082 quis
1577 2019 1755 2068 autem
1786 2013 2015 2068 avaritia

446 2098 709 2154 laborans
732 2100 982 2170 pluribus
1005 2101 1216 2156 divitiis
1245 2102 1437 2167 inhiat,
1464 2111 1518 2157 et
1544 2104 1710 2158 veluti
1741 2103 2026 2175 quoddam.

445 2204 598 2245 mare
634 2190 953 2246 immensam
1001 2191 1299 2249 extendens
1350 2193 1701 2264 cupiditatem
1730 2233 1746 2260 ,
1779 2195 2024 2266 undique

448 2286 799 2342 afﬂuentibus
845 2286 1017 2343 lueris
1054 2302 1163 2342 non
1209 2296 1387 2359 potest
1429 2289 1635 2353 satiari,
1679 2289 1726 2344 is
1770 2289 1837 2345 ad
1867 2305 2017 2345 mare

445 2378 589 2449 quod
622 2386 707 2432 est
734 2377 844 2440 hic,
878 2377 1176 2448 aspiciens,
1205 2379 1455 2433 morbum
1486 2386 1659 2433 curet.
1689 2377 1809 2444 Quo
1853 2378 2016 2433 modo

445 2469 590 2523 enim
619 2467 751 2522 illud
785 2468 838 2521 in
872 2467 1366 2524 innumerabilibus
1396 2484 1659 2539 aquarum
1700 2467 2015 2522 inﬁuxioni-

446 2560 550 2615 bus
600 2574 758 2614 suum
815 2572 924 2613 non
974 2560 1377 2630 transgreditur
1428 2560 1670 2626 modum,
1715 2559 1810 2615 sed
1863 2574 2027 2633 aeque.

442 2652 660 2724 plenum
689 2665 904 2722 semper
932 2659 1194 2717 remanet,
1224 2651 1451 2722 perinde
1491 2660 1655 2721 atque
1679 2652 1723 2708 si
1764 2667 1829 2706 ex
1858 2650 2015 2720 aquis

443 2742 590 2796 nulla
619 2742 712 2796 ﬁat
743 2744 988 2800 accessio
1016 2763 1028 2798 :
1063 2745 1136 2799 ita
1181 2744 1342 2799 etiam
1378 2743 1613 2797 humana
1642 2750 1837 2797 natura
1860 2743 1914 2797 in
1946 2742 2015 2798 iis

442 2848 564 2902 quae
601 2834 803 2890 adsunt
837 2835 1110 2898 fruendis,
1151 2834 1267 2890 suis
1316 2832 1556 2888 modulis
1596 2833 2009 2902 comprehensa,

441 2938 543 2994 per
574 2933 934 2994 proventuum
962 2940 1024 2980 ac
1065 2924 1413 2993 vectigalium
1449 2923 1873 2984 multitudinem.
1901 2936 2012 2976 non

2117 1833 2176 1885 ἐν
2207 1832 2367 1886 παντὶ
2399 1832 2549 1903 καλῷ
2595 1836 2803 1898 στάσις,
2850 1835 2925 1898 ώς
2970 1834 3036 1888 ἂν
3079 1835 3234 1905 καὶή
3282 1835 3337 1887 ἐν
3384 1854 3464 1890 σοι
3493 1838 3561 1909 γῆ
3597 1839 3670 1902 είς

2116 1924 2208 1977 τὸν
2249 1923 2420 1978 αἰῶνα
2466 1926 2724 1996 εἱστήκει.
2782 1924 2845 1979 Ei
2892 1925 2949 1978 δέ
2997 1942 3082 1989 τις
3130 1926 3376 2000 κεχηνὼς
3412 1930 3541 1997 πρὸς
3581 1930 3673 2000 τὴν

2116 2014 2445 2080 πλεονεξίαν,
2492 2015 2880 2085 καικαθάπερ
2921 2019 3042 2070 τινά
3087 2016 3363 2071 θάλασσαν
3403 2019 3496 2089 τὴν
3543 2020 3670 2088 ἀμε-

2114 2107 2269 2179 τρίαν
2295 2107 2395 2176 τῆς
2446 2107 2738 2177 ἐπιθυμίας
2768 2107 3042 2172 ἁπλώσας,
3081 2110 3217 2180 πρὺς
3247 2110 3317 2162 τὰ
3357 2109 3678 2180 πανταχόθεν

2114 2196 2394 2267 είσρέοντα
2442 2197 2604 2269 κέρδη
2648 2199 2936 2269 ἀπλήστως
2987 2200 3119 2270 ἔχοι,
3198 2195 3359 2266 οὗτος
3412 2201 3543 2274 πρὸς
3584 2201 3673 2277 τὴν

2114 2289 2281 2352 ὅντως
2322 2288 2594 2343 Θάλασσαν
2645 2290 2885 2360 βλέπων,
2937 2290 3323 2361 θεραπευέσθω
3370 2292 3469 2363 τὴν
3515 2293 3678 2346 νόσον.

2127 2379 2213 2442 Ὠς
2240 2380 2345 2451 γὰρ
2375 2381 2557 2452 ἐκείνη
2602 2380 2662 2435 τό
2704 2366 2902 2452 ἑαυτῆς
2931 2382 2991 2435 οὑ
3023 2383 3368 2454 παρέρχεται
3410 2384 3604 2455 μέτρον
3628 2384 3681 2435 ἐν

2113 2472 2233 2533 ταῖς
2287 2470 2508 2542 μυρίαις
2560 2470 2667 2524 τῶν
2717 2471 2924 2525 ὑδάτων
2979 2472 3293 2542 ἐπιρροαῖς,
3347 2472 3463 2526 ἀλλ’
3503 2474 3560 2525 ὲν
3612 2471 3685 2540 τῷ

2116 2561 2215 2631 ῐσῳ
2265 2560 2507 2632 διαμένει
2555 2561 2903 2633 πληρώματι,
2941 2562 3191 2634 καθάπερ
3242 2563 3505 2634 οὐδεμιᾶς
3553 2564 3684 2633 αὑτῇ

2115 2652 2174 2716 ἐξ
2216 2653 2422 2705 ὑδάτων
2472 2653 2763 2722 γινομένης
2811 2653 3162 2727 προσθήκης’
3213 2657 3364 2708 κατὰ
3404 2654 3496 2706 τὸν
3534 2652 3687 2706 αὑτὸν

2113 2744 2310 2814 τρόπον
2344 2744 2436 2796 καλ.
2472 2745 2504 2814 ἡ
2545 2743 2856 2816 ἀνθρωπίνη
2901 2744 3062 2814 φύσις
3094 2744 3248 2808 ἰδίοις
3293 2746 3514 2817 μέτροις
3544 2747 3599 2797 ὲν
3624 2744 3686 2816 τῇ

2115 2832 2409 2885 ἀπολαύσει
2430 2832 2537 2885 τῶν
2566 2833 2873 2901 προσόντων
2901 2833 3285 2905 διειλημμένη,
3316 2834 3691 2903 συμπλατῦναι

2113 2921 2190 2991 τῷ
2219 2921 2408 2990 πλήθει
2436 2922 2546 2973 τῶν
2582 2923 2853 2993 προσόδων
2879 2925 2975 2995 τὴν
3012 2923 3435 2994 ἀπολαυστικὴν
3466 2925 3693 2997 λαιμάρ-

442 3020 622 3082 potest
686 3016 848 3071 simul
885 3016 1111 3070 dilatare
1146 3015 1357 3068 avidam
1411 3024 1604 3082 pratter
1649 3022 1857 3068 natura:
1896 3029 2012 3068 mo-

2117 3029 2227 3082 γως
2268 3014 2328 3065 οὐ
2376 3014 2616 3075 δύναται,
2648 3013 2782 3067 ἀλλά
2820 3014 2879 3068 τι
2911 3016 3007 3084 μὲν
3041 3016 3257 3087 εἰσρέον
3292 3016 3552 3077 παύεται,
3581 3017 3616 3086 ἡ
3641 3014 3695 3068 δὲ

441 3103 567 3157 dum
627 3104 844 3159 fruendi
890 3106 1268 3175 cupiditatem,
1319 3104 1412 3157 sed
1449 3111 1629 3157 cessat
1682 3102 1897 3171 quidem
1956 3103 2008 3156 id

2116 3105 2213 3174 τῆς
2246 3103 2594 3168 ἀπολαύσεως
2639 3104 2865 3175 δύναμις
2899 3109 2966 3159 ὲν⁵
3002 3106 3079 3177 τῷ
3111 3108 3230 3178 ἰδίῳ
3273 3109 3390 3179 ὅρῳ
3432 3108 3698 3177 φυλάσσε-

439 3195 585 3265 quod
626 3194 840 3261 influit;
874 3197 957 3250 vis
982 3204 1162 3249 autem
1199 3194 1412 3248 fruendi
1444 3203 1691 3248 servatur
1716 3194 1767 3246 in
1795 3193 2014 3262 proprio

2116 3212 2220 3248 ται.
2255 3195 2314 3247 Et
2349 3190 2496 3265 οὖνὴ
2531 3194 2827 3257 ἀπόλαυσις
2859 3194 3147 3248 πλεονάσαι
3189 3200 3256 3249 οὑ
3289 3196 3519 3248 δύναται
3551 3190 3699 3264 παρά

440 3287 696 3341 termino.
734 3286 789 3340 Si
822 3302 953 3356 ergo
989 3287 1041 3340 in
1077 3285 1312 3341 fruendo
1349 3300 1456 3339 non
1491 3292 1667 3353 potest
1700 3283 2012 3338 redundare

2116 3285 2170 3337 τὸ
2221 3285 2416 3357 μέτρον
2461 3284 2562 3353 τῆς
2606 3284 2840 3352 φύσεως,
2892 3286 2970 3348 εἰς
3005 3286 3057 3337 τί
3098 3284 3197 3349 τὰς
3252 3284 3367 3339 τῶν
3423 3284 3702 3357 προσόδων

440 3376 599 3446 c0pia
637 3386 832 3446 praeter
881 3386 1091 3432 naturae
1122 3377 1342 3430 modum
1399 3390 1500 3429 cur
1540 3375 1885 3445 vectigalium
1926 3383 2009 3428 at-

2116 3378 2367 3448 ὲπιρῥοάς
2395 3375 2751 3445 ὲφελκόμεθα,
2790 3375 3041 3429 οὐδεποτε
3074 3376 3214 3445 πρὸς
3240 3377 3500 3429 εὐποιΐαν
3532 3374 3701 3429 ἀλλων

439 3469 711 3524 trahimus
743 3467 1003 3533 inﬁuxns,
1049 3484 1148 3539 pro
1188 3469 1257 3523 iis
1297 3484 1417 3538 qua:
1456 3468 1839 3537 ingrediuntur
1873 3483 2013 3521 nun-

442 3574 606 3630 quam
639 3560 798 3616 effusi
839 3563 904 3616 ad
940 3560 1391 3616 benefaciendum
1434 3560 1593 3614 aliis?
1622 3558 1886 3624 Quoniam
1923 3573 2012 3611 au-

439 3660 550 3707 tem
584 3653 978 3708 convenienter
1023 3666 1052 3706 a
1087 3653 1247 3707 nobis
1281 3652 1419 3706 data:
1450 3652 1708 3705 vanitatis
1738 3650 2009 3705 definitio-

439 3742 520 3807 ni,
550 3751 635 3798 cst
667 3743 750 3798 vel
778 3744 1004 3797 verbum
1032 3743 1247 3806 inutile,
1276 3743 1360 3797 vel
1393 3758 1480 3797 res
1520 3742 1730 3797 inutilis
1759 3741 1825 3795 ad
1859 3740 2012 3794 vani-

437 3841 606 3890 tatem
638 3835 891 3905 pertinet,
924 3852 989 3891 ex
1016 3851 1083 3890 eo
1114 3836 1339 3906 pulchre
1365 3850 1523 3889 suum
1561 3835 1760 3889 librum
1794 3833 2005 3901 incipit.

438 3923 513 3980 Ut
551 3940 728 3995 neque
754 3926 1051 3996 quidquam
1087 3941 1152 3980 ex
1176 3927 1244 3981 iis
1275 3940 1395 3996 quae.
1437 3925 1593 3987 ﬁunt,
1641 3939 1817 3992 neque
1849 3921 2011 3991 quid-

436 4031 603 4086 quam
648 4032 715 4072 ex
764 4017 832 4072 iis
867 4033 988 4087 quae
1017 4018 1296 4111 dicuntur.
1334 4019 1379 4073 si
1422 4016 1753 4086 aspiciemus
1784 4014 1848 4067 ad
1884 4028 2008 4069 eum

437 4108 534 4177 qui
568 4107 658 4161 hic
682 4109 1009 4178 proponitur
1046 4103 1295 4179 scopum,
1339 4116 1599 4177 tanquam
1642 4105 1785 4174 quod
1823 4103 2009 4158 consi-

2112 3469 2253 3540 ὑπὲρ
2298 3468 2405 3521 τῶν
2456 3468 2802 3521 ἐπεισιόντων
2865 3468 3300 3539 ὑπερχεόμενοι;
3374 3468 3601 3538 Ἐπειδὴ
3650 3465 3706 3518 δὲ

2110 3559 2251 3613 κατὰ
2285 3559 2375 3612 τὸν
2404 3559 2732 3612 ἀποδοθέντα
2766 3561 2897 3630 ἡμῖν
2922 3559 3021 3628 τῆς
3058 3561 3437 3630 ματαιότητος
3469 3559 3648 3626 λόγον,
3671 3554 3709 3629 ἢ

2109 3649 2169 3701 τὸ
2206 3650 2464 3719 ἀνόνητον
2490 3649 2658 3720 ῥῆμα,
2691 3647 2724 3719 ἥ
2755 3650 2815 3701 τὸ
2849 3649 3105 3719 ἀνόνητον
3133 3652 3382 3725 πρᾶγμα
3415 3647 3712 3720 ματαιότη-

2110 3758 2198 3805 τος
2258 3742 2423 3805 ἐστὶν,
2469 3740 2647 3804 καλῶς
2699 3741 2908 3794 ἐκεῖθεν
2964 3740 3059 3794 τοῦ
3099 3740 3269 3809 λόγου
3318 3742 3578 3812 ἄρχεται.
3625 3740 3712 3801 Ὦς

2109 3828 2175 3884 ἂν
2207 3832 2339 3901 μήτε
2369 3848 2423 3885 τι
2459 3831 2567 3883 τῶν
2603 3831 2921 3901 γινομένων,
2961 3831 3095 3901 μήτε
3124 3848 3176 3884 τι
3220 3830 3342 3886 τῶν
3371 3830 3712 3900 λεγομένων,

2110 3922 2164 3975 εἴ
2183 3940 2265 3987 τις
2311 3923 2446 3994 πρὸς
2489 3923 2579 3976 τὸν
2613 3916 2713 3976 ὦδε
2750 3922 2934 3993 βλέπει
2967 3922 3189 3985 σκοπὸν,
3230 3924 3313 3986 ὼς
3349 3923 3590 3992 ὑφεστὸς
3630 3921 3712 3973 λο-

2109 4013 2412 4085 γισώμεθα.
2464 4015 2620 4067 Πᾶσα
2664 4014 2772 4085 γὰρ
2827 4013 3126 4084 ἀνθρώπιον
3176 4014 3425 4086 σπουδὴ,
3477 4014 3619 4086 πρὸς
3664 4029 3717 4066 τι

2108 4106 2216 4159 τῶν
2258 4107 2388 4177 περὶ
2429 4105 2519 4159 τὸν
2559 4104 2673 4174 βίον
2729 4103 3120 4175 ἀσχολουμένη,
3170 4104 3402 4174 νηπίων
3454 4102 3719 4177 ἄντικρύς

437 4206 567 4264 stat,
624 4207 961 4270 reputemus.
1016 4199 1150 4253 Nam
1200 4213 1362 4253 omne
1408 4195 1648 4252 studium
1700 4193 2006 4260 hominum,

2116 4197 2224 4250 ἑστι
2248 4197 2316 4250 τά
2346 4197 2436 4250 ἐπὶ
2468 4196 2691 4267 ψάμμον
2721 4195 3031 4265 ἀθύρματα,
3069 4190 3151 4258 οἷς
3180 4198 3218 4267 ἡ
3257 4196 3379 4250 τῶν
3411 4196 3721 4267 γινομένων

435 4289 585 4360 quod
618 4300 873 4346 versatur
918 4291 973 4344 in
1007 4290 1075 4345 iis
1114 4305 1235 4360 qua:
1278 4287 1343 4341 ad
1382 4287 1546 4340 vitam
1588 4283 1883 4353 pertinent,
1924 4294 2010 4337 est

2116 4290 2402 4352 ἀπόλαυσις
2421 4292 2486 4359 τῇ
2517 4289 2644 4359 περὶ
2673 4287 2741 4341 τὰ
2761 4289 3018 4358 γινόμενα
3052 4288 3268 4360 σπουδῇ
3307 4286 3717 4359 συναπέληξεν.

434 4384 598 4452 plane
628 4397 925 4452 puerorum
957 4381 1119 4436 ludus
1151 4382 1204 4435 iu
1241 4394 1430 4440 arena,
1466 4378 1519 4431 in
1556 4390 1663 4446 quo
1696 4390 1817 4444 quae
1844 4390 1907 4429 ex
1939 4374 2007 4427 iis

2116 4383 2261 4453 ’Ἅμα
2299 4399 2359 4434 τε
2404 4383 2511 4453 γὰρ
2560 4380 2654 4433 τοῦ
2710 4383 2891 4433 πονεῖν
2923 4379 3228 4442 ἐπαύσατο,
3276 4384 3383 4435 καὶ
3418 4383 3458 4453 ἡ
3491 4380 3722 4452 ψάμμος

435 4487 561 4542 quae
610 4475 745 4529 fiunt
795 4475 1009 4544 capitur
1049 4471 1371 4534 oblectatio,
1425 4468 1585 4524 simul
1635 4467 1836 4522 desiuit
1876 4482 2000 4521 cum

2116 4470 2244 4542 πρὸς
2270 4469 2436 4540 αὑτὴν
2467 4463 2759 4541 συρῤυεῖσα
2783 4468 2935 4522 οὐδὲν
2966 4467 3106 4539 ἴχνος
3140 4468 3263 4522 τῶν
3308 4467 3724 4539 πεπονημένων

435 4563 619 4619 studio
647 4566 789 4636 quod
822 4565 1042 4635 ponitur
1071 4565 1124 4618 in
1156 4564 1226 4619 iis
1253 4578 1374 4632 qua:
1409 4561 1549 4615 facta
1581 4567 1729 4615 sunt.
1760 4558 1894 4613 Nam
1927 4559 2003 4614 si-

2116 4562 2448 4616 ὑπελείπετο.

439 4658 555 4713 mul
583 4667 746 4726 atque
789 4672 819 4709 a
859 4656 1048 4711 labore
1084 4662 1356 4711 cessatum
1391 4661 1498 4719 est,
1532 4650 1696 4707 simul
1733 4664 1900 4705 arena
1966 4651 2207 4723 collapsa
2274 4653 2481 4707 nullum
2530 4651 2792 4721 relinquit
2826 4652 3114 4723 vestigium
3180 4668 3396 4708 eorum
3441 4668 3572 4724 qua
3611 4650 3726 4706 fue-

439 4755 566 4804 rant
591 4747 886 4805 elaborata.

512 4840 627 4909 Hoc
653 4850 736 4897 est
766 4840 1004 4905 humana
1028 4841 1160 4906 vita,
1205 4855 1370 4895 arena
1405 4846 1489 4895 est
1535 4839 1785 4905 ambitio,
1838 4854 2005 4895 arena

2174 4833 2340 4888 Τοῦτό
2369 4836 2514 4887 ἐστιν
2555 4834 2583 4886 ὁ
2622 4831 2957 4903 ἀνθρώπινος
2988 4832 3121 4902 βίος,
3157 4833 3419 4906 ψάμμος
3452 4838 3486 4907 ἠ
3518 4837 3727 4906 φιλοτι-

437 4940 523 4991 est
545 4929 817 5001 potentia,
846 4943 1012 4985 arena
1048 4930 1283 4991 divitiae,
1319 4944 1485 4984 arena
1521 4938 1604 4983 est
1630 4928 1894 4999 quidquid
1924 4937 2007 4983 est

2116 4926 2232 4997 μία,
2261 4925 2480 4995 ψάμμος
2521 4927 2555 4994 ἡ
2589 4923 2892 4989 δυναστεία,
2934 4923 3157 4992 ψάμμος
3189 4925 3542 4990 ὁυπλοῦτος,
3577 4928 3729 4998 ψάμ-

434 5038 502 5079 ex
529 5022 597 5076 iis
617 5020 819 5090 quibus
852 5035 1049 5089 magno
1090 5020 1272 5074 studio
1324 5036 1418 5089 per
1478 5035 1698 5074 carnem
1745 5019 2001 5085 fruimur,

2116 5036 2206 5090 μος
2245 5018 2472 5071 ἕκαστον
2518 5017 2627 5069 τῶν
2656 5016 2797 5069 κατά
2829 5015 3062 5085 σπουδὴν
3085 5015 3178 5068 διά
3223 5022 3454 5091 σαρκὸς
3483 5022 3729 5074 ἀπολαυ-

430 5118 487 5172 in
517 5113 738 5186 quibus.
771 5120 830 5167 ut
862 5127 983 5182 quae
1011 5113 1232 5166 minime
1255 5112 1471 5165 valeant
1504 5112 1831 5174 consistere,
1860 5126 2002 5167 vane

2116 5109 2344 5180 ομένων,
2393 5112 2449 5162 ἐν
2481 5106 2562 5174 οἷς
2598 5108 2693 5163 νῦν
2725 5110 2777 5161 αί
2811 5107 3099 5179 νηπιώδεις
3126 5110 3323 5181 ψυχαὶ
3359 5118 3482 5178 τοῖς
3526 5115 3730 5167 ἀνυπο-

431 5207 748 5264 iaborautes
783 5203 1061 5259 infantilcs
1092 5204 1309 5267 animae,
1338 5213 1393 5257 et
1431 5204 1484 5257 in
1537 5218 1870 5273 unoquoque
1906 5219 2002 5258 eo-

2116 5203 2323 5265 στάτοις
2352 5202 2843 5271 ὲκματαιάζουσαι,
2892 5202 2986 5253 καὶ
3019 5201 3266 5269 πολλοὺς
3306 5209 3449 5279 περὶ
3495 5208 3731 5260 ἕκαστον

430 5313 556 5353 rum
587 5297 789 5354 multos
819 5296 1037 5350 labores
1069 5296 1391 5361 tolerantes,
1432 5296 1476 5350 si
1507 5297 1683 5351 solum
1715 5311 1896 5349 arena:
1917 5297 2004 5350 lo-

2116 5295 2312 5348 τοὺτων
2344 5294 2706 5364 ὑπομένουσαι
2747 5293 2963 5360 πόνους,
3000 5296 3048 5347 εί
3083 5295 3260 5364 μόνον
3300 5299 3642 5352 ἀπολίποιεν
3669 5293 3730 5346 τὸ

431 5404 557 5452 cum
592 5388 934 5459 reliquerint.
967 5402 1086 5457 qum
1111 5388 1166 5442 in
1192 5404 1377 5453 carne,
1402 5389 1647 5457 inquam,
1673 5387 2002 5456 transigitur

2116 5386 2205 5465 τῆς
2232 5385 2455 5456 ψάμμου
2489 5384 2706 5455 χωρίον,
2748 5384 2845 5454 τὴν
2889 5386 2945 5437 ἐν
2977 5384 3141 5456 σαρκὶ
3192 5386 3361 5456 λέγω
3395 5389 3576 5459 ζωὴν,
3609 5385 3731 5439 τότε

431 5482 566 5545 vita,
625 5489 758 5536 tunc
789 5488 1084 5551 agnoscent
1118 5495 1283 5552 quam
1333 5480 1387 5533 in
1430 5481 1531 5536 hae
1570 5494 1630 5534 re
1667 5492 1867 5533 vanum
1904 5494 2003 5549 po-

2116 5476 2164 5531 τὸ
2192 5476 2418 5556 μάταιον
2442 5475 2539 5545 τῆς
2563 5468 2662 5530 ὦδε
2691 5473 2973 5547 διατριὸῆς
3002 5475 3457 5544 ὲπιγνώσονται.
3500 5478 3596 5551 Τῷ
3622 5477 3732 5547 γὰρ

503 5658 546 5701 9'
576 5655 877 5722 llTimoth.
911 5674 993 5728 ιιι,
1030 5656 1115 5713 14.
1191 5657 1235 5689 ⁸⁸
1265 5654 1425 5712 ICOP-
1458 5671 1544 5722 ιν,
1570 5655 1657 5712 58-
