4018 6334
329 136 407 192 029
914 100 924 108 ’
1347 142 1411 196 IN
1434 144 1812 202 accensus

1913 149 1972 207 N.
2015 150 2301 210 llOMlLIA
2341 155 2380 209 1.

3394 164 3498 229 630

320 248 457 319 ὕλικῷ
483 248 570 319 βίῳ
594 243 727 314 καὶή
765 247 1066 318 molitum;
1097 272 1255 308 συνατ
1276 261 1488 328 έμεινεν
1508 278 1522 291 ο
1568 261 1813 330 ἐφέλκον-

1929 269 2139 323 suerint
2191 271 2452 327 studium.
2504 271 2639 330 Nam
2690 291 2814 332 cum
2868 280 2977 333 vita
3028 281 3291 335 materiali
3334 281 3497 337 simul

316 358 386 395 ται
409 341 456 394 δὲ
481 340 585 411 μεθ’
608 342 807 394 ἑαυτῶν
849 344 1000 397 οὐδὲν
1033 347 1114 399 ὅτι
1150 347 1226 418 μὴ
1266 350 1364 421 τὴν
1395 351 1698 424 συνείδησιν
1728 354 1821 425 μό-

311 446 405 501 νην.
432 430 490 483 ’0
514 446 593 500 μοι
614 430 756 483 δοκεῖ
779 433 872 485 καὶ
899 435 929 486 6
952 434 1128 503 μέγας
1162 436 1606 512 Ἐκκλησιαστὴς,
1635 441 1821 515 ὥσπερ

312 524 393 593 ἥδη
416 522 594 575 τούτων
632 523 734 589 ἔξω
766 525 1078 595 γενόμενος,
1120 529 1214 582 καὶ
1245 534 1425 602 γυμνῇ
1453 536 1520 603 τῇ
1550 533 1694 605 ψυχῇ
1722 535 1821 605 τῆς

307 615 442 668 ἀΰλου
466 611 595 684 ζωῆς
621 614 976 680 ἐπιϐατεύων,
1013 618 1198 672 ἐκεῖνα
1223 615 1392 686 εἶπεν,
1437 621 1472 675 ἃ
1514 624 1658 687 εἰκός
1690 642 1818 678 ποτε

309 706 529 777 utqui;
556 708 742 772 εἰπεῖν,
784 708 913 762 ὅταν
957 708 1062 774 ἔξω
1099 711 1193 765 τοῦ
1223 713 1486 784 παραλίου
1519 716 1710 769 τούτου
1736 718 1821 770 τό-

304 816 384 852 που
412 797 691 869 γενώμεθα,
728 803 855 873 περὶ
885 801 944 855 ὃν
985 804 1017 873 ἡ
1046 803 1272 875 ψάμμος
1314 807 1482 871 ἐστὶν,
1526 808 1688 877 ὴὺπὸ
1722 810 1822 880 τῆς

301 891 376 943 τοῦ
414 891 515 960 βίου
557 891 826 964 θαλάσσης
857 895 1201 967 ὲκπτυομὲνη
1221 936 1236 960 ,
1286 898 1380 951 καὶ
1413 900 1629 953 πάντων
1659 917 1821 970 χωρι-

301 983 476 1052 σθῶμεν
523 983 625 1036 τῶν
678 986 1157 1056 περικτυπούντων
1209 990 1355 1059 ἡμᾶς
1408 991 1502 1043 καὶ¹
1546 992 1819 1061 καταϐομ-

299 1074 494 1128 σούντων
519 1076 789 1145 κυμάτων,
812 1079 877 1131 ὲκ
904 1079 1001 1149 τῆς
1034 1080 1320 1152 νοηθείσης
1345 1081 1619 1153 Θαλάσσης
1653 1083 1819 1153 μόνην

298 1167 374 1237 τὴν
396 1168 597 1238 μνήμην
620 1168 730 1220 τῶν
759 1163 859 1222 ὦδε
895 1171 1334 1226 σπουδασθέντων
1376 1173 1703 1243 ἐπαγόμενοι
1735 1172 1821 1225 λέ-

295 1272 428 1325 γομεν
456 1256 542 1321 τὸ,
592 1278 609 1309 ι
635 1260 950 1331 Ματαιότης
986 1264 1378 1333 ματαιοτήτων.
1424 1264 1518 1317 καὶ
1547 1264 1616 1316 τὰ
1644 1264 1819 1317 πάντα

297 1345 582 1416 ματαιότης,
626 1348 723 1400 καὶ
776 1345 924 1413 οὔτις
984 1349 1275 1422 περισσεία
1331 1349 1409 1423 τῷ
1455 1350 1728 1423 ἀνθρώπῳ
1774 1346 1819 1419 ᾧ

295 1437 452 1507 μοχθεί
486 1439 586 1492 ὑπὸ
614 1440 708 1494 τὸν
740 1440 909 1512 ἥλιον.
958 1461 977 1493 ι
1035 1441 1220 1507 Οὕτως
1252 1442 1382 1516 γὰρ,
1432 1445 1574 1499 κατὰ
1616 1461 1680 1514 γε
1726 1445 1817 1498 τὸν

292 1528 395 1598 ὲμδν
418 1529 586 1597 λόγον,
630 1532 814 1605 πάσης
845 1535 961 1586 ἐστὶ
999 1533 1178 1605 ψυχῆς
1219 1527 1374 1600 οὗτος
1404 1538 1432 1589 6
1462 1536 1647 1607 λόγος,
1691 1538 1818 1591 ὅταν

1923 369 2104 415 manet
2134 361 2440 431 delectatio,
2474 380 2658 421 secum
2696 375 2875 423 autem
2910 370 3049 425 nihil
3085 372 3311 426 trahunt
3352 388 3494 443 prte-

1923 458 2006 503 ter
2036 452 2206 506 solam
2251 456 2664 511 conscientiam.
2703 456 3067 523 Quamobrem
3114 462 3248 516 mihi
3283 464 3497 517 videtur

1924 555 2158 610 magnus
2191 541 2578 611 Ecclesiastes,
2626 555 2684 601 ut
2718 548 2811 618 qui
2839 549 2953 619 jam
2990 561 3143 606 extra
3191 552 3303 607 haec
3326 564 3493 617 esset,

1921 638 1975 684 et
2014 632 2159 687 nuda
2197 648 2260 688 ac
2313 646 2566 706 separata
2620 638 2802 694 anima
2856 640 2910 694 in
2964 642 3073 695 vita
3123 645 3362 699 materiae
3400 660 3495 699 ex-

1921 729 2071 789 perte
2100 722 2387 790 insideret,
2424 727 2516 781 illa
2547 728 2752 785 dixisse
2784 745 2904 800 quae
2931 746 3032 786 nos
3062 747 3279 802 quoque
3316 734 3495 788 dictu—

1920 828 2010 868 ros
2040 823 2124 869 est
2153 825 2604 885 consentaneum,
2638 823 2858 891 quando
2882 824 3146 879 fuerimus
3169 835 3321 879 extra
3344 825 3491 880 hunc

1920 920 2098 961 meum
2140 910 2493 975 maritimum,
2526 912 2579 966 in
2627 929 2736 983 quo
2774 924 2858 969 est
2893 930 3078 978 arena,
3127 930 3247 986 qua:
3278 932 3307 969 a
3352 918 3490 970 mari

1918 996 2085 1068 hujus
2116 1000 2239 1053 vitae
2261 1002 2565 1069 exspuitur,
2611 1011 2664 1056 et
2695 1004 2933 1073 separati
2968 1004 3234 1059 fuerimus
3267 1007 3333 1060 ab
3374 1020 3492 1059 om-

1920 1091 2081 1145 nibus
2115 1090 2367 1148 lluctibus
2400 1094 2491 1163 qui
2518 1110 2618 1149 nos
2634 1095 3108 1151 circuntsonantet
3141 1096 3485 1153 circumstre-

1919 1191 2073 1252 punt,
2109 1198 2173 1237 ex
2204 1184 2339 1237 mari
2362 1184 2507 1254 quod
2545 1185 2632 1239 hic
2681 1187 3054 1258 intelligimus,
3104 1188 3273 1243 solam
3310 1206 3490 1260 repor-

1920 1282 2096 1328 tantes
2130 1277 2447 1330 memoriam
2476 1292 2661 1331 eorum
2697 1278 2748 1331 in
2793 1295 2912 1348 quae
2953 1280 3195 1335 studium
3238 1290 3486 1336 nostrum

1918 1365 2272 1433 contulimus,
2324 1367 2556 1425 dicimus
2619 1389 2631 1423 :
2700 1369 2974 1426 «Vanitas
3034 1373 3357 1438 vanitatum,
3439 1384 3490 1430 et

1918 1456 2101 1510 omnia
2131 1457 2367 1512 vanitas.
2415 1457 2603 1529 Neque
2641 1461 2940 1531 quidquam
2990 1472 3241 1533 superest
3282 1462 3487 1518 homini

1918 1564 1984 1604 ex
2020 1550 2168 1603 omni
2214 1550 2401 1605 labore
2446 1552 2539 1621 qui
2588 1560 2670 1606 est
2703 1553 2808 1607 sub
2855 1553 3041 1608 sole.)
3073 1551 3283 1608 Revera
3315 1553 3484 1618 enim,

292 1620 593 1689 γυμνωθείσα
619 1622 732 1674 τῶν
757 1624 885 1694 τῇδε
920 1625 1056 1696 πρὸς
1082 1626 1172 1679 τὸν
1199 1625 1549 1697 ἐλπιζόμενον
1581 1644 1813 1699 μετοικι-

1920 1647 1976 1693 υι
2035 1654 2135 1710 ego
2186 1641 2406 1710 quidem
2444 1620 2651 1712 judico,
2698 1643 2942 1712 cujusvis
2985 1643 3179 1699 animae
3233 1651 3318 1700 est
3372 1643 3487 1699 btet:

292 1709 370 1778 σθῇ
397 1709 517 1779 βίον.
560 1712 684 1765 Εττε
731 1714 840 1786 γάρ
871 1732 926 1767 τι
956 1714 1062 1768 τῶν
1096 1716 1441 1789 ὑψηλοτέρων
1486 1719 1544 1772 ὲν
1593 1721 1661 1790 τῇ
1701 1719 1811 1791 ζωῇ

290 1798 426 1874 ταύτῃ
462 1802 807 1873 κατώρθωσε,
855 1808 1151 1877 κατηγορεῖ
1193 1805 1382 1860 τούτου
1429 1809 1487 1861 ὲν
1535 1802 1580 1875 ᾧ
1621 1806 1710 1880 ἦν,
1747 1812 1813 1881 τῇ

292 1892 397 1963 πρὸς
433 1893 488 1946 τὸ
523 1894 744 1966 εὑρεθὲν
791 1898 1107 1969 συγκρίσει,
1142 1897 1202 1952 τὸ
1232 1899 1498 1973 παρελθόν
1525 1918 1577 1955 τι
1618 1902 1814 1983 ἀτιμάτ

291 1983 439 2047 ζουσα,
458 1984 559 2038 εἴτε
581 1986 679 2038 καὶ
706 1987 1036 2058 προσπαθῶς
1055 1990 1184 2061 περί
1210 1990 1308 2061 τὴν
1334 1989 1466 2061 ὓλην
1488 1990 1812 2057 διατεθεῖσα,

290 2075 365 2128 [But
390 2075 448 2129 τὰ
472 2078 874 2150 ἀπροσδόκητα,
901 2081 994 2135 καὶ
1025 2084 1090 2153 τῇ
1126 2083 1292 2154 πείρᾳ
1322 2084 1483 2154 μάθοι
1514 2084 1622 2137 τῶν
1651 2102 1816 2138 σπου-

287 2165 538 2221 δασθέντων
585 2187 653 2222 πε
664 2170 722 2241 ρὶ
766 2172 859 2225 τὸν
907 2171 1020 2242 βίον
1060 2174 1196 2244 αὐτῇ
1247 2173 1307 2227 τὸ
1350 2174 1604 2245 ἀνόνητον
1633 2192 1646 2205 ·
1695 2175 1813 2229 τότε

289 2256 510 2328 θρηνοῦσα
554 2261 655 2333 τὴν
713 2262 896 2335 φωνὴν
926 2257 1144 2333 ’ταύτην
1207 2265 1519 2336 προοίσεται
1544 2306 1559 2331 ,
1615 2262 1703 2320 οἷα
1748 2266 1813 2336 δὴ

286 2349 501 2420 ποιοῦμεν
528 2352 591 2405 ἐκ
632 2353 1004 2424 μεταμελείας
1027 2356 1077 2408 oi
1107 2355 1402 2427 ἄνθρωποι,
1433 2357 1533 2422 τὰς
1562 2358 1815 2422 ἀϐουλίας

286 2443 452 2496 ἑαυτῶν
478 2446 532 2498 ὲν
567 2449 682 2509 τοῖς
718 2446 1040 2518 ὀλοφυρμοῖς
1069 2447 1432 2520 διηγούμενοι,
1459 2445 1816 2509 τὸμΜαταιόε-

283 2548 362 2602 της
402 2537 766 2607 ματαιοτήτων
793 2538 952 2595 ,ικαὶ
994 2537 1065 2591 τὰ
1105 2538 1417 2611 λειπόμενα.
1478 2558 1495 2590 ι
1526 2540 1734 2605 Πάντες
1763 2542 1813 2594 oi

282 2623 416 2692 λόγοι,
434 2645 454 2681 ι
483 2628 666 2698 φησὶν,
707 2648 727 2680 ι
749 2629 993 2697 ἔγκοποι.
1031 2631 1124 2685 καὶ
1153 2631 1215 2685 οὐ
1241 2633 1524 2702 δυνήσεται
1555 2633 1693 2708 άνὴρ
1718 2632 1812 2687 τοῦ

280 2711 441 2767 λαλεῖν.
469 2735 487 2767 ι
529 2718 637 2770 Καὶ
674 2717 802 2787 μὴν,
833 2715 985 2772 οὐδὲν
1014 2720 1077 2773 ὲκ
1104 2719 1197 2773 τοῦ
1219 2720 1506 2792 προχείρου
1534 2722 1813 2792 νομίζεται

278 2805 352 2859 τοῦ
380 2806 542 2862 λαλεῖν
566 2808 956 2881 εὐκολώτερον.
991 2812 1087 2875 Τίς
1118 2812 1228 2883 γάρ
1260 2815 1376 2866 ἐστι
1407 2814 1574 2876 κόπος
1607 2814 1685 2884 τῷ
1718 2813 1814 2867 λα·-

279 2893 488 2953 λοῦπι’δ
515 2917 597 2964 τις
627 2900 909 2971 βούλεται-ς
953 2902 1128 2974 Ὑγρὰ
1156 2906 1190 2975 ἡ
1221 2904 1439 2973 γλῶσσα
1466 2904 1560 2957 καλ⁸
1589 2905 1811 2976 εὔστρο-

276 3003 370 3055 ςος,
394 2992 480 3044 καὶ
509 2992 644 3063 πρὸς
682 2992 879 3063 ὅτιπερ
915 2970 1087 3046 ἐθέλοι
1122 2970 1380 3065 ῥημάτων
1423 2990 1562 3058 εἶδος
1601 2970 1814 3057 ἀπόνως
1839 2970 1881 3029 c

277 3080 440 3153 ἑαυτὴν
464 3085 879 3154 σχηματίζουσα
903 3102 918 3117 ·
966 3085 1241 3150 ἀκώλυτος
1269 3089 1302 3158 ἡ
1345 3087 1475 3158 ὁλκὴ
1502 3086 1596 3139 τοῦ
1627 3087 1810 3159 άερίου

270 3173 557 3243 πνεύματος,
576 3169 621 3244 ᾧ
637 3177 1060 3248 συγκεχρημένη
1079 3181 1204 3242 τοὺς
1220 3179 1485 3248 φθόγγους
1500 3178 1809 3252 ἐργάζεται·

270 3263 443 3328 ἄλυπος
465 3270 581 3332 ταῖς
639 3272 897 3339 παρειαῖς
922 3273 954 3338 ἠ
998 3270 1287 3342 ὑπουργία,
1324 3273 1417 3325 καὶ
1443 3274 1557 3336 τοῖς
1581 3271 1811 3342 χείλεσιν

262 3354 359 3423 ἅμα
383 3357 415 3426 η
445 3358 579 3428 πρὸς
609 3360 721 3430 τὴν
732 3359 1038 3431 ὲκφώνησιν
1059 3360 1153 3414 τοῦ
1187 3362 1475 3432 λεγομένου
1500 3363 1807 3433 συνέργεια.

261 3446 373 3500 Τίνα
404 3445 494 3503 οὖν
534 3451 709 3523 ἐνορᾷ
773 3452 853 3524 τῷ
901 3453 1044 3523 λόγῳ
1080 3454 1172 3506 τὸν
1206 3454 1400 3518 κόπον;
1450 3455 1522 3509 οὐ
1563 3456 1673 3526 γὰρ
1707 3455 1811 3526 γῆν

254 3541 581 3608 σκάπτοντες,
610 3544 653 3615 ἢ
683 3544 885 3616 πέτρας
913 3545 1316 3611 ἀνακυλίοντες,
1342 3546 1375 3616 ἢ
1400 3547 1493 3600 ἐπὶ
1520 3546 1626 3600 τῶν
1646 3546 1811 3619 ὤμων

255 3631 689 3704 ἀχθοφοροῦντες,
726 3635 759 3705 ἢ
791 3635 919 3689 ἄλλο
949 3654 1003 3689 τι
1032 3637 1144 3690 τῶν
1174 3637 1445 3691 ἐπιπόνων
1478 3638 1809 3710 κατεργαζό-

248 3736 396 3790 μενοι,
442 3724 539 3778 τὸν
592 3724 757 3794 λόγον
799 3725 1164 3798 διεξοδεύομεν
1189 3744 1204 3756 ·
1259 3728 1396 3782 άλλὰ
1438 3729 1500 3783 τὸ
1529 3732 1727 3785 συστὰν
1753 3734 1810 3786 ὲν

245 3815 357 3882 ἡμῖν
381 3816 563 3887 νόημα
595 3817 693 3870 διὰ
737 3817 919 3887 φωνῆς
964 3818 1323 3887 ἐκκαλυφθὲν,
1370 3819 1525 3889 λόγος
1571 3822 1805 3890 ἐγένετο.

256 3903 374 3959 Ἀλλ’
390 3909 591 3981 ἐπειδὴ
618 3911 654 3963 ὁ
679 3909 916 3974 τοιοῦτος
944 3910 1099 3980 λόγος
1126 3911 1292 3965 κόπον
1311 3912 1410 3966 ούκ
1431 3912 1562 3983 ἔχει,
1593 3914 1810 3985 νοητέον

241 3993 295 4047 ἂν
317 4000 399 4069 ειη
427 4001 581 4065 τίνες
626 4003 682 4054 oi
727 4000 1023 4064 κοπιῶντες
1066 4001 1242 4072 λόγοι,
1291 3997 1372 4066 οἷς
1422 4004 1484 4057 οὐ
1524 4004 1809 4076 δυνήσεται

233 4087 361 4162 ἀνὴρ
397 4093 497 4147 τοῦ
531 4093 743 4148 λαλεῖν.
776 4113 795 4146 ι
829 4096 891 4149 Οί
916 4095 1292 4169 πρεσϐύτεροι,
1327 4115 1346 4148 ι
1373 4098 1525 4167 φησὶ,
1567 4117 1585 4149 ι
1614 4096 1807 4168 διπλῆς

230 4182 377 4251 τιμῆς
404 4184 818 4250 ἀξιούσθωσαν,
851 4186 1084 4257 μάλιστα
1111 4189 1159 4240 οἱ
1185 4189 1483 4253 κοπιῶντες
1515 4191 1570 4242 ὲν
1596 4188 1756 4259 λόγῳ.
1784 4210 1801 4240 ι

1916 1734 2110 1798 oratio,
2135 1736 2354 1806 quando
2382 1737 2448 1793 iis
2473 1754 2592 1807 quae
2621 1738 2710 1793 hic
2742 1748 2869 1793 sunt
2899 1739 3151 1810 spoliata,
3202 1739 3269 1795 ad
3312 1739 3481 1794 vitam

1916 1840 2036 1895 quae
2064 1836 2317 1897 speratur
2354 1829 2690 1898 migraverit.
2723 1828 2857 1884 Nam
2892 1833 3005 1886 sive
3036 1829 3172 1902 quid
3196 1837 3341 1886 recte
3357 1844 3484 1900 ges-

1916 1919 1986 1973 sit
2007 1934 2073 1973 ex
2104 1919 2173 1976 iis
2199 1936 2319 1992 quae
2353 1922 2406 1975 in
2438 1921 2541 1975 hac
2570 1921 2679 1975 vita
2710 1930 2838 1977 sunt
2860 1923 3203 1986 sublimiora,
3228 1921 3283 1976 id
3314 1936 3481 1977 accu-

1916 2019 2000 2065 sat
2028 2010 2081 2065 in
2116 2026 2225 2081 quo
2249 2020 2388 2075 erat,
2432 2012 2477 2067 si
2499 2010 2813 2066 conferatur
2846 2028 2970 2067 cum
3001 2028 3066 2067 eo
3104 2013 3250 2084 quod
3277 2021 3361 2069 est
3395 2012 3482 2067 in-

1915 2100 2480 2170 ventum,despicatui
2524 2101 2731 2157 habens
2766 2102 2816 2156 id
2847 2102 2991 2171 quod
3026 2103 3303 2172 praeteriit.
3358 2100 3485 2158 Sive

1914 2189 2079 2243 etiam
2115 2205 2238 2244 cum
2268 2191 2425 2246 valde
2450 2189 2639 2246 aﬂ‘ecta
2683 2178 2846 2246 fuerit
2872 2193 2926 2246 in
2960 2193 3264 2257 materiam,
3290 2193 3485 2248 viderit

1914 2295 1976 2334 ea
2004 2295 2125 2349 quae
2155 2291 2454 2336 evenerunt
2501 2293 2696 2353 praeter
2722 2284 3210 2353 exspectationem,
3243 2292 3294 2337 et
3323 2299 3482 2354 expe-

1915 2372 2109 2427 rientia
2139 2372 2412 2436 didicerit,
2444 2383 2646 2444 quanta
2695 2376 2765 2429 sit
2803 2375 3030 2429 stultitia
3076 2375 3131 2429 in
3176 2376 3243 2431 iis
3282 2376 3335 2430 in
3362 2392 3483 2446 qua:

1916 2465 2155 2520 studium
2190 2464 2471 2521 confertur
2522 2467 2575 2519 in
2608 2467 2709 2521 hac
2740 2467 2849 2521 vita
2884 2487 2896 2521 :
2932 2476 3061 2521 tunc
3113 2467 3302 2537 lugens
3342 2467 3483 2523 hanc

1913 2556 2122 2611 emittet
2175 2572 2385 2621 vocem,
2437 2558 2622 2627 qualia
2674 2574 2775 2613 nos
2820 2560 3067 2614 homines
3119 2557 3371 2624 facimus,
3415 2575 3482 2614 ex

1913 2647 2232 2718 pmnitentia
2263 2649 2428 2703 stulta
2463 2658 2650 2704 nostra
2672 2649 2904 2705 consilia
2931 2650 2984 2704 in
3018 2649 3220 2704 nostris
3245 2665 3480 2703 narran-

1914 2746 1997 2793 tes
2021 2739 2337 2808 ejulatibus,
2364 2748 2417 2796 et
2445 2742 2686 2797 dicentes
2721 2759 2735 2796 :
2767 2760 2785 2794 ι
2820 2742 3046 2797 Vanitas
3099 2743 3422 2807 vanitatum,
3457 2763 3475 2795 ι

1913 2838 1969 2884 et
1987 2844 2049 2884 ea
2089 2846 2210 2900 quae
2248 2838 2573 2901 sequuntur.
2624 2851 2642 2884 ι
2670 2830 2891 2895 Omnes,
2919 2851 2936 2883 ι
2970 2833 3166 2902 inquit,
3224 2853 3241 2885 ι
3267 2849 3479 2888 sermo-

1914 2937 2012 2977 nes
2044 2930 2173 2977 sunt
2199 2921 2477 2987 laboriosi,
2507 2931 2560 2977 et
2596 2938 2703 2977 non
2757 2925 2960 2992 poterit
3002 2923 3086 2977 vir
3138 2938 3232 2978 eos
3256 2923 3423 2994 loqui.
3457 2944 3475 2977 ι

1914 3004 2223 3081 Atqui‘nec
2271 3012 2324 3065 in
2370 3022 2620 3083 promptu
2643 3021 2897 3068 censetur
2925 3012 3219 3083 quidquam
3266 3013 3480 3068 facilius

1913 3119 2076 3173 quam
2109 3104 2279 3174 loqui.
2313 3105 2447 3171 Quis
2471 3113 2555 3161 est
2585 3105 2729 3161 enim
2777 3106 2932 3161 labor
2962 3106 3010 3160 ei
3042 3106 3134 3176 qui
3174 3105 3321 3175 qttod
3366 3106 3480 3159 vult

1915 3195 2199 3264 loquitur?
2231 3195 2442 3268 Lingua
2479 3206 2561 3253 est
2598 3198 2843 3262 humida,
2876 3206 2929 3252 et
2955 3198 3251 3260 versatilis,
3272 3197 3478 3251 etcitra

1912 3288 2152 3342 laborem
2209 3302 2269 3343 se
2304 3288 2512 3359 fingens
2558 3289 2624 3344 ad
2665 3289 3032 3358 quodcunque
3064 3304 3236 3359 genus
3282 3287 3477 3341 verbo-

1910 3393 2032 3457 rum
2070 3397 2081 3434 ;
2124 3381 2264 3435 citra
2309 3380 2760 3450 impedimentum
2820 3389 2904 3436 est
2942 3382 3197 3436 attractio
3247 3380 3476 3451 Spiritus

1911 3473 2080 3535 aerii,
2130 3489 2241 3542 quo
2303 3483 2466 3528 utens
2515 3489 2683 3529 sonos
2741 3472 2903 3529 ellicit
2939 3494 2952 3529 :
2987 3477 3127 3529 citra
3176 3475 3491 3529 molestiam.

1912 3577 2064 3633 genae
2094 3573 2223 3618 sunt
2252 3563 2300 3618 ei
2332 3565 2671 3618 administrata
2709 3574 2762 3619 et
2787 3565 2937 3619 labra
2973 3565 3136 3620 simul
3190 3579 3348 3634 opem
3396 3563 3478 3618 fe-

1912 3662 2041 3708 runt
2093 3654 2159 3708 ad
2216 3670 2351 3709 voce
2399 3656 2800 3709 enuntiandum
2846 3656 2898 3710 id
2954 3655 3101 3725 quod
3147 3656 3369 3709 dicitur.
3419 3652 3476 3707 In

1911 3758 2163 3799 sermone
2203 3759 2335 3815 ergo
2369 3760 2662 3814 quemnam
2692 3745 2837 3799 videt
2870 3745 3148 3801 laborem?
3181 3743 3299 3798 Non
3331 3744 3476 3797 enim

1909 3844 2113 3891 terram
2142 3835 2433 3899 fodientes,
2470 3843 2568 3890 aut
2602 3843 2789 3907 petras
2812 3838 3114 3907 volventes,
3147 3844 3243 3891 aut
3273 3836 3327 3889 in
3367 3835 3472 3889 hu-

1908 3929 2080 3993 meris
2109 3942 2277 3983 onera
2334 3926 2591 3993 ferentes,
2642 3937 2737 3983 aut
2771 3930 2954 3999 aliquo
2992 3929 3100 3983 alio
3149 3928 3336 3983 labore
3377 3940 3477 3982 nos

1910 4029 2230 4078 exercentes
2268 4037 2578 4079 sermonem
2627 4024 3081 4088 transmittimus,
3139 4022 3234 4077 sed
3269 4037 3390 4092 quae
3425 4021 3478 4074 in

1911 4114 2072 4169 nobis
2105 4113 2365 4170 consistit
2392 4115 2685 4184 conceptio
2728 4116 2926 4170 mentis
2964 4130 3060 4184 per
3086 4129 3275 4169 vocem
3324 4128 3478 4168 reve-

1912 4204 2044 4269 lata,
2080 4220 2186 4258 vox
2224 4205 2465 4269 exsistit,
2495 4206 2591 4261 sed
2628 4208 2888 4277 quoniam
2927 4206 3016 4260 hic
3042 4219 3224 4261 sermo
3263 4204 3476 4259 nullum

228 4268 646 4366 ξΙρεοϐύτερος,
693 4278 833 4332 κατὰ
884 4278 984 4350 τὴν
1042 4279 1371 4349 συνήθειαν,
1417 4282 1446 4333 6
1495 4279 1662 4342 ἐκϐὰς
1708 4280 1807 4349 τὴν

1913 4268 2079 4349 habet
2109 4294 2372 4358 laborem,
2420 4268 2774 4366 cogitandum
2822 4305 2905 4351 est
2938 4300 3161 4366 quinam
3215 4297 3324 4351 sint
3360 4311 3478 4351 ser-

223 4359 445 4419 ἄτακτον
474 4369 710 4438 ἡλικίαν
738 4371 832 4425 καὶ
865 4372 923 4424 ὲν
951 4373 1125 4443 γηρεᾷ
1165 4372 1490 4426 καταστάσει
1521 4373 1807 4440 γενόμενος

225 4448 453 4519 λέγεται.
496 4458 583 4522 ὡς
617 4459 673 4512 εἷ
698 4460 764 4529 γέ
794 4479 877 4525 τις
909 4462 1166 4533 άστατοίη
1209 4461 1289 4532 τῷ
1327 4462 1591 4533 λογισμῷ,
1625 4465 1717 4516 καὶ
1748 4464 1806 4515 ἐν

220 4544 409 4618 ἀταξίᾳ
437 4550 540 4603 τὸν
587 4552 704 4621 βίον
732 4552 868 4623 ἔχοι,
898 4553 1050 4608 οὔπω
1080 4554 1448 4626 πρεσὸύτερος
1484 4556 1512 4606 ό
1544 4554 1803 4618 τοιοῦτος,

222 4636 314 4689 κᾶν
340 4642 401 4694 ἐν
431 4644 616 4715 πολιᾷ
640 4646 793 4717 τύχοι
821 4647 1164 4718 φαινόμενος,
1198 4646 1310 4700 ἀλλ’
1340 4646 1420 4701 ἔτι
1460 4648 1623 4717 ἀνήρ,
1666 4647 1808 4699 Οὐκ-

217 4727 302 4781 αῖτν
332 4734 382 4784 οἱ
409 4732 575 4801 λόγοι
610 4736 663 4789 οῖ
690 4753 753 4805 γε
787 4737 1001 4809 άληθῶς
1038 4738 1210 4807 λόγοι,
1244 4740 1293 4792 oi
1336 4740 1472 4811 πρὸς
1517 4739 1578 4791 τὸ
1620 4738 1806 4808 ψυχω-

219 4820 369 4885 ςιλές
385 4840 450 4877 τε
475 4826 582 4880 καὶ
607 4831 872 4900 χρήσιμον
896 4830 1002 4884 τῶν
1024 4830 1322 4901 ἀνθρώπων
1344 4831 1637 4905 γινόμενοι,
1662 4822 1807 4882 οὗτοι

221 4912 441 4984 πλήρεις
482 4918 734 4990 ἱδρώτων
762 4921 866 4974 εἰσὶ
890 4922 983 4976 καὶ
1012 4923 1208 4987 πόνων,
1241 4931 1330 4987 καὶ
1364 4927 1538 4984 πολὺν
1571 4920 1805 4989 ἐπάγον-

220 5017 301 5056 tat
326 5007 528 5100 κόπον,
568 5013 656 5066 ἵνα
684 5014 945 5081 γένωνται
976 5013 1142 5082 λόγοι.
1198 5034 1216 5066 ι
1256 5021 1354 5087 Τὸν
1381 5023 1495 5100 γάρ
1528 5014 1809 5071 κοπιῶντα»

226 5099 465 5196 τεωργδν
520 5102 626 5196 δεῖ
683 5104 896 5175 πρῶτον
951 5105 1041 5159 τὸν
1102 5116 1298 5192 καρπὸν
1318 5103 1798 5196 άπολσιμὸἀνειν,ι

229 5188 383 5287 7:1th
412 5194 445 5245 6
470 5192 594 5287 τῶν
622 5196 868 5250 τοιούτων
913 5195 1077 5264 λόγων
1118 5188 1374 5287 cerva”;
1431 5211 1524 5276 ὡς
1570 5198 1694 5257 δέον
1731 5195 1806 5269 μὴ

240 5248 376 5349 θέωνι
401 5248 785 5341 νοεῖσθαιήτδν
800 5248 994 5356 λόγονί
1030 5248 1378 5431 ἀλλάζὲῗηὲᾷ
1431 5248 1600 5372 :22;
1610 5248 1805 5363 1917‘”;

308 5562 345 5592 δ’
373 5563 394 5615 1
434 5563 672 5621 Timoth.
696 5582 743 5631 v,
785 5566 862 5622 l7.

1908 4397 2098 4438 mones
2124 4383 2454 4449 laborantes,
2473 4398 2613 4453 quos
2650 4384 2732 4438 vir
2750 4384 2897 4454 loqui
2922 4398 3027 4437 non
3052 4382 3271 4453 poterit.
3295 4399 3314 4433 ι
3342 4379 3476 4436 Pre-

1908 4473 2173 4543 sbyteri,»
2224 4472 2419 4542 inquit,
2477 4471 2725 4540 «duplici
2766 4472 2971 4527 honore
3018 4471 3170 4541 digni
3234 4470 3478 4525 habean-

1907 4570 2019 4623 tur,
2050 4561 2284 4615 maxime
2312 4561 2405 4630 qui
2435 4560 2685 4614 laborant
2720 4560 2775 4614 in
2817 4576 3071 4617 sermone
3089 4560 3154 4612 “.
3186 4577 3203 4611 ι
3234 4558 3473 4630 Ρτοειηνο

1908 4659 2010 4714 ter,
2043 4651 2096 4705 id
2113 4658 2197 4704 est
2228 4653 2432 4714 senior,
2466 4651 2574 4707 dici
2604 4654 2763 4719 solet,
2809 4653 2901 4723 qui
2941 4649 3267 4706 insolentem
3300 4658 3354 4706 et
3395 4650 3479 4704 in-

1908 4742 2218 4797 ordinatam
2248 4744 2490 4799 excessit
2520 4751 2761 4809 aetatem,
2795 4754 2849 4799 et
2884 4745 2974 4813 qui
3010 4745 3075 4799 ad
3095 4745 3323 4801 senilem
3356 4751 3476 4801 sta-

1907 4842 2023 4889 tum
2056 4837 2320 4906 pervenit.
2351 4836 2470 4903 Quo
2498 4838 2555 4892 lit
2594 4846 2653 4892 ut
2701 4840 2745 4893 si
2782 4839 2907 4909 quis
2942 4838 3015 4894 sit
3067 4845 3249 4893 mente
3301 4837 3478 4894 insta-

1906 4927 2053 4991 bilis,
2100 4935 2154 4979 et
2182 4927 2349 4980 vitam
2401 4935 2525 4997 agat
2572 4926 2962 4993 inordinatam,
3015 4928 3062 4982 is
3103 4928 3343 4982 nondum
3392 4935 3478 4983 est

1906 5018 2212 5089 presbyter,
2241 5020 2457 5074 etiamsi
2492 5020 2744 5075 videatur
2780 5020 2985 5076 habere
3013 5034 3206 5081 canos,
3243 5019 3340 5076 sed
3378 5020 3477 5075 ad~

1907 5109 2015 5164 huc
2042 5108 2127 5163 vir
2156 5117 2263 5164 est.
2299 5108 2591 5166 Sermones
2626 5124 2757 5181 ergo
2801 5110 2876 5164 illi
2908 5110 2999 5179 qui
3033 5125 3158 5167 vere
3191 5117 3321 5165 sunt
3363 5123 3478 5165 ser-

1907 5214 2120 5265 mones,
2148 5200 2240 5270 qui
2294 5200 2429 5256 fiunt
2450 5202 2517 5257 ad
2558 5202 2862 5257 animarum
2888 5202 3270 5268 utilitatem,et
3299 5200 3477 5256 homi-

1910 5291 2079 5347 nibus
2108 5300 2236 5348 sunt
2268 5292 2663 5359 conducibiles,
2704 5292 2738 5347 ii
2771 5292 2912 5367 pleni
2948 5300 3076 5348 sunt
3101 5291 3397 5348 sudoribus
3420 5297 3476 5350 et
