4018 6334
536 123 632 181 851
1768 132 1822 186 S.
1861 133 2188 190 GREGORII
2228 134 2513 190 NYSSENI
3651 140 3743 194 651

537 238 840 305 laboribus,
871 251 925 296 et
953 245 1155 300 multos
1186 247 1401 302 labores
1432 248 1697 304 imlucunt
1737 260 1794 305 ut
1830 252 1941 307 sint
1981 270 2100 308 scr-

2229 254 2449 325 ιρετὴν,
2498 254 2577 315 εἰς
2623 252 2973 305 διδασκαλίαν
3028 251 3141 321 βίον
3190 254 3298 313 τοῖς
3352 251 3539 322 ὁρῶσιν
3584 271 3746 324 προτιρ

539 346 751 388 mones.
786 351 804 385 ι
831 334 1194 394 Lahorantem
1231 341 1377 395 enim
1408 343 1703 412 agricolam
1737 353 1952 414 oportet
1995 345 2107 414 pri~

2229 345 2469 414 )εμένην,
2504 343 2624 397 ἀντὶ
2649 343 2807 411 λόγου
2834 342 3088 412 γενέσθαι
3120 344 3231 404 τοῖς
3260 341 3655 412 διδασκομένοις.

539 439 687 480 mum
718 427 951 485 fructum
1001 434 1315 504 accipere.)
1355 436 1527 508 inquit
1596 438 1788 494 horum
1839 438 2151 495 sermonum
2193 442 2390 495 artifex
2408 442 2473 504 δ’,
2542 449 2727 510 utpote
2760 440 2904 511 quod
2947 447 3199 510 oporteat
3230 454 3335 494 non
3371 440 3583 494 verbum
3618 441 3750 497 intel-

539 515 632 585 ligi
662 533 993 585 sermonem,
1020 526 1115 579 sed
1147 526 1403 581 virtutem
1432 544 1552 598 quae
1582 539 1664 584 est
1706 531 1759 585 in
1814 532 2094 603 operibus,
2177 534 2457 603 pr0posita
2527 534 2594 587 ad
2642 534 2765 587 vitae
2812 532 3123 586 doctrinam
3179 530 3248 586 iis
3295 531 3386 601 qui
3433 531 3625 598 vident,
3666 548 3749 603 pro

540 620 792 665 sermone
818 626 941 668 esse
963 614 1052 678 iis,
1088 617 1180 685 qui
1211 616 1505 673 docentur.

611 701 815 759 Omnes
846 720 977 776 ergo
1024 708 1293 777 ejusmodi
1329 727 1613 775 sermones
1670 723 1799 770 sunt
1848 716 2110 772 laboriosi

2300 716 2506 780 Πάντες
2561 710 2653 769 οὖν
2714 716 2763 767 oi
2803 712 3035 767 τοιοῦτοι
3082 712 3229 780 λόγοι
3268 712 3485 781 ἑγκοποι
3528 713 3627 767 τῶν
3671 713 3757 787 τὴν

541 809 730 850 eorum
757 798 849 867 qui
894 800 1148 856 virtutem
1181 812 1482 873 exponunt,
1530 814 1589 860 ut
1641 807 1735 877 qui
1772 810 2006 878 primum
2052 810 2112 866 in

2229 810 2413 884 Ξιρετὴν
2445 806 2838 879 ὑψηγουμένων
2867 806 3085 878 πρῶτον
3114 808 3171 858 ἑν
3211 806 3418 870 ἑαυτοῖς
3464 807 3758 878 κατορθούν·

544 888 814 958 seipsisjd
828 900 972 947 recte
999 903 1388 965 exsequantur.
1407 899 1554 968 quod
1582 899 1799 954 docent.
1830 900 1943 956 Hoc
1967 901 2113 956 enim

2229 923 2321 957 των
2348 905 2485 973 ὅπερ
2512 901 2844 955 διδάσκουσι.
2872 898 3043 957 Τοῦτο
3071 898 3183 970 γάρ
3207 900 3321 952 ἑστι
3346 898 3404 951 τὸ
3435 899 3540 953 δεῖν
3569 899 3757 970 πρῶτον

544 989 629 1035 est
657 990 911 1052 oportere
943 987 1178 1054 primum
1220 987 1468 1058 accipere
1501 1007 1564 1044 ev
1602 988 1875 1048 fructibus
1897 1006 2113 1056 eorum,

546 1088 667 1142 quae
694 1083 819 1130 ante
854 1077 992 1133 alios
1039 1080 1196 1135 nobis
1231 1079 1364 1150 ipsis
1416 1098 1514 1152 per
1553 1083 1809 1137 virtutem
1856 1083 2114 1139 colimus.

543 1165 652 1219 Aut
686 1165 826 1222 forte
850 1169 1014 1223 etiam
1050 1170 1258 1226 ratione
1289 1172 1534 1241 praedita:
1560 1183 1777 1227 naturae
1826 1172 2117 1228 imbecilli-

547 1265 709 1313 tatem
737 1259 1129 1331 interpretatur
1157 1266 1300 1335 quod
1334 1265 1423 1320 hic
1461 1264 1681 1320 dicitur.
1714 1265 1945 1331 Quando
1967 1266 2116 1320 enim

547 1359 755 1406 remota
791 1367 821 1405 a
848 1354 1124 1417 sensibus,
1152 1358 1244 1433 qui
1277 1356 1550 1412 nominati
1596 1365 1726 1412 sunt
1771 1359 2003 1425 vanitas,
2031 1372 2115 1413 eo—

548 1454 674 1495 rum
709 1457 830 1511 qua:
881 1444 983 1499 sub
1024 1456 1301 1520 aspectum
1357 1462 1463 1502 non
1512 1448 1748 1512 cadunt,
1789 1449 2124 1519 contempla-

2216 984 2324 1048 τῶν
2378 992 2605 1065 καρπῶν
2662 988 3097 1061 μεταλαμϐάνειν
3119 1028 3135 1053 ,
3191 981 3266 1044 ὧν
3316 988 3419 1059 πρὸ
3463 988 3565 1042 τῶν
3606 989 3759 1043 ἀλλων

2219 1085 2428 1148 ἑαυτοῖς
2459 1082 2550 1136 διὰ
2580 1081 2678 1152 τῆς
2719 1080 2920 1152 ἀρετῆς
2952 1078 3327 1150 γεωργοῦμεν,
3369 1079 3401 1149 ἢ
3436 1079 3567 1149 τάχα
3601 1081 3685 1132 καί
3709 1079 3762 1132 τὸ

2220 1177 2442 1239 ἀσθενὲς
2482 1176 2585 1245 τῆς
2634 1172 2858 1242 λογικῆς
2906 1172 3119 1240 φύσεως
3169 1170 3507 1242 διερμηνεύει
3545 1173 3572 1223 ό
3603 1171 3758 1239 λόγος.

2234 1267 2480 1322 Ἐπειδὰν
2507 1266 2615 1335 γὰρ
2656 1264 2761 1329 ἔξω
2810 1264 3089 1333 γενόμενοι
3132 1263 3239 1317 τῶν
3275 1262 3627 1334 αἰσθητηρίων
3665 1261 3698 1316 ἃ
3732 1264 3762 1332 ή

2227 1360 2522 1432 ματαιότης
2547 1356 2880 1427 ὠνόμασται,
2912 1357 2992 1419 είς
3014 1355 3111 1426 τὴν
3143 1353 3251 1407 τῶν
3288 1353 3529 1424 ἀοράτων
3558 1353 3763 1424 θεωρίαν

2224 1446 2499 1505 διαδυεῖσά
2556 1464 2665 1508 πως
2698 1448 2731 1516 ἡ
2778 1444 2986 1498 διάνοια
3027 1443 3376 1516 παραστῆσαι
3426 1441 3500 1512 τῷ
3543 1440 3674 1512 λόγῳ
3714 1441 3772 1499 τὸ

548 1530 756 1585 tionem
804 1534 1208 1603 quodammodo
1256 1537 1560 1606 pervadens
1607 1538 1886 1607 cogitatio,
1930 1553 2121 1608 aggre-

2229 1539 2409 1611 νοηθὲν
2459 1538 2769 1608 ἐγχειρήσει
2793 1577 2808 1600 ,
2862 1535 2982 1589 τότε
3036 1533 3203 1597 πολὺς
3263 1534 3465 1604 γίνεται
3508 1534 3660 1595 κόπος
3701 1532 3771 1602 τῷ

548 1619 729 1678 dietur
755 1638 1009 1679 sermone
1039 1627 1313 1697 explicare
1342 1630 1485 1696 quoi
1516 1638 1697 1684 mente
1727 1628 1890 1683 fuerit
1936 1644 2125 1684 conce-

551 1717 727 1779 ptum,
760 1720 891 1768 tunc
913 1716 1150 1770 sermoni
1183 1731 1413 1788 magnus
1445 1719 1658 1773 exstitit
1685 1719 1839 1773 labor
1865 1734 1960 1789 per
1984 1719 2123 1774 hanc

550 1817 739 1859 vocem
786 1805 1288 1876 interpretativam,
1334 1825 1453 1877 quae
1484 1810 1684 1867 nullam
1724 1810 1930 1865 invenit
1959 1811 2124 1865 ratio-

550 1910 672 1950 nem
697 1896 753 1951 in
781 1897 849 1955 iis
876 1900 1215 1969 explicandis
1246 1917 1368 1971 quae
1406 1910 1534 1955 sunt
1556 1901 1868 1956 inell'abilia.
1910 1902 2121 1958 leum

550 1987 799 2044 videmus
814 1990 1187 2050 ,luminarium
1208 1992 1549 2062 splendorem
1584 2008 1748 2049 sensu
1767 1994 2121 2065 percipimus,

552 2095 649 2149 per
685 2087 885 2134 terram
917 2082 1269 2152 ingredimur,
1306 2099 1484 2138 aerem
1529 2099 1623 2138 ore
1654 2086 1946 2147 trahimus,
1971 2100 2113 2155 aqua

554 2170 621 2223 ad
663 2169 715 2223 id
747 2171 893 2240 quod
926 2180 1137 2226 natura:
1181 2172 1393 2227 videtur
1460 2175 1685 2240 utimur,
1748 2176 1925 2245 ignem
1977 2178 2122 2231 acci-

553 2259 731 2330 pimus
763 2261 829 2313 ad
861 2260 982 2314 vita:
1012 2263 1586 2330 communicationem,
1619 2272 1671 2319 et
1701 2266 1745 2318 si
1777 2265 1907 2334 quid
1939 2266 2007 2320 de
2036 2266 2123 2320 his

554 2352 786 2406 velimus
818 2352 1082 2420 cogitare,
1133 2353 1395 2423 quidnam
1447 2355 1517 2410 sit
1551 2356 1982 2426 unumquodque
2026 2372 2122 2411 eo-

554 2457 676 2495 rum
705 2457 825 2512 quae
855 2453 1161 2500 cernuntur
1196 2445 1246 2501 in
1278 2446 1492 2500 ratione
1539 2461 1652 2500 suae
1692 2448 1944 2502 essentia!
1975 2466 1986 2501 :
2021 2465 2123 2504 un-

556 2534 751 2589 denam
788 2542 882 2597 aut
924 2535 1197 2604 quomodo
1247 2536 1443 2591 habeat
1488 2540 1633 2608 quod
1687 2539 1969 2603 consistat,
2017 2555 2122 2603 non

464 2684 471 2691 η
555 2625 757 2696 poterit
793 2625 872 2679 vir
906 2626 1075 2696 loqui,
1111 2627 1327 2681 etiamsi
1352 2642 1543 2683 omnes
1576 2629 1714 2685 alios
1731 2639 1971 2700 superet,
2000 2646 2123 2685 cum

556 2716 735 2773 omnis
805 2719 1303 2788 comprehendendi
1358 2720 1586 2775 scientia
1629 2721 1694 2774 ad
1747 2736 1810 2775 ea
1844 2737 1964 2791 quae
2015 2738 2124 2777 non

556 2816 733 2877 poxest
765 2811 985 2879 assequi
1010 2810 1368 2875 enuntianda,
1404 2810 1476 2865 sit
1505 2811 1798 2865 imbecilla.
1844 2810 1899 2866 Si
1938 2823 2122 2867 autem

2227 1633 2370 1702 λόγῳ
2395 1629 2483 1684 διὰ
2506 1630 2602 1700 τῆς
2630 1628 3029 1701 ἑρμηνευτικῆς
3062 1626 3268 1697 ταύτης
3294 1628 3494 1696 φωνῆς,
3527 1625 3769 1695 μηδεμίαν

2233 1722 2477 1794 μηχανὴν
2508 1719 2921 1791 ἑξευρισκοόσης
2957 1718 3086 1790 περὶ
3115 1718 3213 1788 τὴν
3252 1716 3360 1769 τῶν
3404 1716 3767 1785 ἀνεκφωνήτων

2232 1815 2541 1885 σαφήνειαν.
2573 1811 2813 1883 Οὐρανὸν
2840 1809 3077 1881 ὁρῶμεν,
3113 1808 3211 1871 τὰς
3245 1806 3354 1860 τῶν
3384 1806 3665 1875 φωστήρων
3689 1804 3770 1856 aia—

2229 1905 2331 1973 γάς
2365 1906 2427 1975 τῇ
2472 1903 2719 1974 αἰσθήσει
2765 1900 3051 1971 δεχόμεθα,
3096 1900 3199 1968 γῆς
3243 1895 3661 1967 ἑπιόεὸήκαμεν,
3692 1895 3769 1947 τὶν

2229 1976 2370 2068 ἀέρα
2402 1994 2478 2068 τῷ
2511 1994 2735 2063 στόματι
2766 1992 3017 2062 ἕλκομεν,
3049 1991 3199 2043 ὕδατι
3246 1987 3382 2059 πρὸς
3418 1987 3476 2039 τὸ
3517 1984 3689 2038 δοκοῦν
3711 1984 3768 2055 τῇ
3837 2028 3844 2039 .

2231 2085 2384 2155 φύσει
2422 2084 2756 2155 κεχρήμεθα,
2797 2083 2858 2136 τὸ
2890 2081 2999 2153 πῦρ
3033 2082 3113 2143 είς
3157 2078 3445 2132 κοινωνίαν
3477 2076 3585 2145 βίον
3614 2090 3766 2142 παρα-

2228 2176 2513 2247 δεχόμεθα,
2557 2176 2657 2229 κᾶν
2692 2192 2743 2227 τι
2773 2175 2900 2245 περὶ
2936 2172 3138 2227 τούτων
3182 2170 3433 2239 ἑννοῆσαι
3462 2167 3766 2237 θελήσωμεν,

2230 2269 2284 2321 τί
2311 2268 2417 2320 τῶν
2453 2266 2794 2337 φαινομένων
2842 2266 3071 2317 ἕκαστον
3115 2262 3327 2331 πέφυκε
3371 2258 3446 2329 τῷ
3486 2258 3581 2325 τῆς
3608 2254 3768 2316 οὐσίας

2229 2360 2390 2430 λόγῳ,
2410 2358 2568 2411 πόθεν
2590 2359 2623 2430 ἢ
2649 2360 2794 2420 ὅπως
2811 2358 2907 2426 τὴν
2931 2355 3224 2409 ὑπόστασιν
3245 2354 3422 2423 ἔσχεν,
3442 2352 3499 2404 οὐ
3516 2350 3767 2419 δυνήσεται

2230 2452 2368 2525 ἀνὴρ
2395 2449 2488 2504 τοῦ
2532 2449 2762 2520 λαλῆσαι
2796 2464 2808 2477 ⁸
2856 2446 2957 2501 κᾶν
2997 2445 3136 2515 ὑπὲρ
3166 2445 3294 2505 τοὺς
3321 2442 3507 2503 ἀλλους
3536 2439 3604 2492 ὣν
3630 2437 3767 2510 τύχῃ,

2234 2543 2412 2613 πάσης
2441 2539 2851 2609 καταληπτικῆς
2877 2541 3183 2606 ἐπιστήμης
3208 2534 3349 2603 πρὸς
3371 2532 3467 2602 τὴν
3497 2529 3596 2582 τῶν
3618 2526 3771 2595 ἀνεφί.

2233 2649 2375 2686 κτων
2416 2631 2764 2701 ὲξαγόρευσιν
2806 2628 3122 2698 ἀτονούσης.
3169 2626 3233 2678 Εἰ
3281 2626 3339 2682 δὲ
3379 2627 3406 2677 ό
3438 2624 3561 2693 περὶ
3594 2619 3770 2672 τούτων

2232 2723 2387 2791 λόγος
2415 2724 2580 2776 κόπον
2618 2721 2731 2792 ἔχει
2775 2718 3169 2790 ὑπερὸαίνοντα
3211 2717 3316 2787 τὴν
3342 2712 3666 2786 ἀνθρωπείαν
3690 2709 3775 2765 τοῦ

2232 2813 2408 2865 λαλεῖν
2436 2811 2658 2883 δύναμίν
2685 2828 2745 2864 τε
2773 2811 2867 2864 καὶ
2892 2809 3072 2879 φύσιν,
3107 2807 3158 2861 τί
3191 2806 3261 2861 ἄν
3289 2824 3372 2870 τις
3408 2806 3547 2859 εἴποι
3573 2803 3773 2872 πάσχειν

559 2900 652 2969 qui
700 2900 768 2955 de
805 2901 890 2955 his
918 2909 1002 2956 est
1044 2917 1245 2966 sermo,
1300 2902 1463 2957 habet
1502 2903 1765 2967 laborem,
1809 2906 1899 2974 qui
1934 2904 2123 2960 huma-

2229 2905 2351 2966 τοὺς
2382 2907 2503 2975 περ’.
2528 2899 2692 2955 αὐτοῦ
2726 2899 2817 2953 τοῦ
2848 2899 3021 2967 Λόγου
3045 2896 3262 2964 λόγους,
3296 2896 3330 2965 ἢ
3364 2893 3455 2946 τοῦ
3479 2891 3676 2962 Πατρός
3695 2887 3772 2942 τοῦ

560 3006 685 3051 nam
720 2993 979 3062 loquendi
1001 2996 1108 3047 vim
1136 3001 1189 3047 et
1219 3003 1470 3048 naturam
1501 2997 1891 3065 superat,quid
1908 2996 2128 3051 evenire

560 3084 895 3139 censendum
932 3092 1015 3139 est
1046 3085 1113 3139 iis
1147 3085 1238 3154 qui
1270 3084 1336 3139 de
1384 3086 1502 3154 ipso
1525 3084 1700 3141 Verbo
1745 3097 1874 3140 sunt
1919 3102 2127 3143 sermo-

560 3174 743 3241 nibus,
781 3185 873 3229 aut
902 3176 969 3230 de
999 3174 1160 3230 Patre
1189 3174 1387 3231 Verbi?
1420 3176 1635 3242 Quaeris
1666 3190 1814 3233 certe
1844 3185 2128 3247 quantum-

561 3266 645 3321 vis
675 3266 926 3331 sublimis
963 3267 1160 3332 oratio,
1189 3276 1242 3321 et
1273 3282 1376 3321 vox
1408 3269 1762 3337 quantumvis
1809 3278 2128 3339 magna,est

560 3353 869 3413 obscuritas
900 3354 1147 3424 quaxdam
1176 3363 1230 3410 et
1261 3355 1563 3418 silentium,
1593 3357 1637 3412 si
1680 3356 1746 3410 ad
1783 3373 1965 3412 veram
2008 3359 2127 3429 ejus

562 3447 710 3517 quod
745 3432 1031 3517 quaeritur.
1061 3448 1335 3517 iudicetur
1374 3447 1853 3518 signiﬁcationem,
1901 3449 2036 3504 adeo
2064 3467 2122 3513 ut

562 3540 666 3595 hoc
701 3540 875 3595 solum
912 3543 1133 3594 verbum
1167 3540 1235 3595 de
1254 3556 1318 3595 eo
1351 3540 1567 3611 pr0prie
1598 3540 1705 3594 dici
1751 3540 1946 3611 possit,
1979 3540 2126 3610 quod

561 3632 665 3689 etsi
687 3646 877 3697 omnes
912 3638 1236 3687 moveantur
1281 3631 1661 3700 cogitationes,
1705 3640 1757 3685 et
1789 3631 1923 3685 nihil
1967 3631 2128 3685 omit-

560 3730 710 3777 tatur
745 3739 811 3778 ει
849 3724 915 3779 iis
951 3740 1071 3795 quae
1106 3722 1273 3779 Deum
1320 3725 1515 3779 decent
1565 3723 1763 3777 meutis
1813 3723 2129 3793 conceptio-

560 3814 748 3879 nibus,
781 3816 826 3870 si
860 3831 963 3870 vox
991 3817 1359 3887 perpendatur
1396 3817 1464 3870 ad
1496 3816 1668 3888 ipsam
1708 3816 1827 3883 ejus
1849 3815 1999 3887 quod
2046 3826 2131 3873 est

561 3910 903 3985 propositum
939 3910 1286 3981 dignitatem,
1338 3909 1390 3969 id
1448 3909 1595 3978 quod
1648 3909 1848 3963 dixerit
1888 3926 1997 3964 non
2045 3917 2130 3966 est

562 4014 767 4066 sermo.
797 3998 914 4054 Non
946 4002 1090 4059 enim
1150 4002 1350 4072 poterit
1407 4003 1570 4056 homo
1610 4001 1779 4071 loqui.
1824 4001 1944 4055 Non
1981 4003 2127 4058 enim

559 4106 681 4151 eam
729 4109 849 4163 qua:
907 4109 1003 4164 per
1059 4097 1250 4150 oculos
1308 4094 1506 4148 animae
1558 4095 1721 4160 inest,
1781 4094 1835 4148 in
1870 4110 1936 4149 eo
1984 4095 2127 4165 quod

560 4185 811 4246 cernitur
840 4187 1362 4257 contemplationem
1384 4188 1536 4241 sistit
1567 4185 1741 4247 visus.
1782 4186 1877 4241 sed
1909 4202 2128 4257 semper

2230 2995 2404 3061 Λόγου
2432 3012 2446 3060 ;
2489 2990 2669 3046 'Hmu
2703 2992 2853 3046 πᾶσα
2883 2991 3155 3060 ὑψηγορία
3187 3005 3254 3041 τε
3297 2988 3391 3042 καὶ
3433 2981 3775 3057 μεγαλοφωνία

2232 3087 2468 3155 ἀσάφειά
2500 3086 2582 3149 τίς
2612 3086 2727 3138 ἑστι
2760 3084 2853 3137 καὶ
2877 3083 3077 3152 σιωπὴ,
3106 3082 3154 3137 εἰ
3199 3081 3340 3152 πρὸς
3379 3078 3476 3149 τὴν
3508 3074 3671 3146 ἀληθῆ
3695 3071 3772 3125 τοῦ

2230 3176 2557 3247 ζητουμένου
2603 3175 2878 3246 σημασίαν
2920 3173 3175 3245 κρίνοιτο,
3198 3168 3292 3236 ’ὼς
3323 3170 3479 3224 τοῦτο
3519 3167 3666 3239 μόνον
3702 3161 3773 3216 ἐπ’

2229 3270 2391 3323 αὐτοῦ
2420 3270 2480 3322 τδ
2513 3268 2663 3339 ῥῆμα
2690 3267 2892 3339 κυρίως
2922 3268 3117 3329 εἰπεῖν,
3142 3266 3226 3319 ὅτι
3254 3262 3358 3318 κᾶν
3385 3263 3583 3324 πάντας
3604 3258 3774 3327 κινήσῃ

2227 3379 2311 3433 Tt:
2354 3361 2644 3433 ἳονισμοὺς
2671 3401 2685 3423 ,
2728 3360 2823 3414 καὶ
2859 3360 3027 3431 μηδὲν
3071 3359 3299 3431 ἐλλείπῃ
3348 3358 3457 3412 τῶν
3491 3350 3776 3427 θεοπρεπῶν

2229 3430 2544 3522 νοημάτων·
2581 3454 2629 3505 εί
2649 3451 2782 3523 πρὸς
2808 3430 2976 3525 αὐτὴν
3001 3453 3099 3524 τὴν
3127 3451 3292 3516 ἀξίαν
3323 3450 3416 3504 τοῦ
3448 3444 3774 3525 προκειμένου

2229 3544 2466 3615 κρίνοιτο
2495 3547 2526 3615 ἡ
2559 3545 2730 3617 φωνὴ,
2761 3546 2898 3614 ὅπερ
2932 3544 2997 3599 ἂν
3026 3546 3187 3609 εἴποι,
3220 3544 3383 3613 λόγος
3403 3543 3504 3595 οὐκ
3533 3539 3684 3593 ἐστιν.
3713 3535 3777 3588 Οὐ

2228 3635 2335 3705 γὰρ
2364 3633 2648 3705 δυνήσεται
2691 3634 2973 3707 ἄνθρωπος
3002 3634 3095 3687 τοῦ
3124 3633 3327 3687 λαλεῖν.
3376 3633 3451 3686 Οὐ
3479 3631 3584 3707 γὰρ
3605 3628 3695 3698 τὴν
3719 3625 3777 3677 δι’

2228 3727 2520 3798 ὀφθαλμῶν
2564 3728 2916 3798 ὲγγινομένην
2946 3730 3012 3798 τῇ
3061 3725 3204 3797 ψυχῇ
3245 3726 3376 3797 περὶ
3404 3725 3465 3778 τὸ
3492 3720 3781 3792 φαινόμενον

2230 3820 2459 3893 θεωρίαν
2483 3822 2516 3889 η
2544 3818 2669 3889 ’ὄψις
2697 3818 2941 3889 ἔστησεν,
2986 3818 3122 3872 ἀλλά
3154 3817 3245 3873 ἀεὶ
3279 3816 3564 3887 βλέποντες
3586 3812 3656 3875 ὡς
3682 3824 3776 3878 μη·

2228 3913 2375 3966 δέπω
2410 3912 2713 3980 ἑωρακότες
2744 3905 2909 3974 ὦσιν,
2956 3909 3035 3964 ἑτι
3064 3911 3123 3963 ἑν
3155 3910 3354 3981 ἀγνοίᾳ
3383 3909 3445 3962 τὸ
3475 3905 3561 3961 se
3587 3904 3678 3973 τῆς
3706 3900 3776 3955 αἱ·

2232 4006 2474 4075 σθήσεως
2499 4004 2900 4075 λαμϐανόμενον
2930 4003 3142 4074 ἔχομεν.
3175 4003 3441 4072 Διαϐἧναι
3469 4001 3527 4058 τὸ
3550 3992 3773 4070 χρῶμαῆ

2229 4094 2349 4164 ὄψις
2370 4095 2430 4147 οὐ
2452 4094 2671 4148 δύναται
2691 4113 2704 4125 ·
2732 4093 2846 4147 ἀλλ’
2873 4093 2985 4163 ἔχει
3010 4094 3210 4164 μέτρον
3229 4092 3332 4161 τῆς
3366 4092 3499 4154 ίδίας
3525 4083 3773 4159 ἐνεργείας

2231 4187 2290 4240 τὸ
2320 4187 2461 4240 κατά
2493 4187 2590 4257 τὴν
2638 4186 2956 4256 ἐπιφάνειαν
2997 4184 3103 4237 τῶν
3147 4184 3318 4239 ὄντων
3344 4185 3482 4254 αὐτῇ
3516 4174 3777 4253 προφαινό-

559 4277 913 4346 aspicientes,
965 4278 1193 4348 perinde
1251 4293 1316 4333 ac
1358 4278 1402 4334 si
1458 4278 1699 4333 nondum
1780 4277 2123 4345 vidissemus,

2234 4295 2411 4349 μενον.
2445 4254 2907 4346 Διόνφησινᾴοὐκ
2937 4274 3385 4345 ἐμπλησθήσεται
3412 4270 3673 4343 ὀφθαλμὸς
3695 4263 3771 4319 τοῦ

560 4371 741 4427 adhuc
772 4370 826 4425 in
853 4371 1197 4441 ignoratione
1234 4372 1500 4426 habemus
1538 4370 1591 4426 id
1625 4372 1768 4441 quod
1803 4387 1967 4426 sensu
2007 4386 2129 4442 per-

559 4464 783 4534 cipitur.
814 4461 949 4516 Nam
985 4464 1226 4518 colorem
1250 4478 1358 4518 non
1388 4471 1575 4533 potest
1606 4463 1759 4519 visus
1795 4464 2124 4533 pervadere:

560 4558 654 4613 sed
688 4556 908 4610 modum
938 4556 1141 4625 accipit
1167 4571 1278 4611 suae
1306 4556 1646 4626 operationis
1678 4571 1745 4611 ex
1780 4571 1845 4610 eo
1863 4555 2007 4625 quod
2035 4571 2131 4627 ap-

558 4658 714 4720 paret
741 4648 795 4704 in
827 4662 1015 4703 eorum
1052 4662 1173 4717 qua:
1216 4656 1346 4711 sunt
1391 4647 1710 4717 superﬁcie.
1757 4646 2127 4713 Quamobrem

557 4728 690 4809 dicit
722 4759 736 4811 ;
771 4738 932 4796 «Non
959 4734 1255 4816 satiabitur
1275 4739 1472 4793 oculus
1516 4739 1658 4802 visu,
1701 4754 1804 4794 nec
1839 4740 1990 4795 auris
2026 4755 2126 4793 au-

556 4830 677 4895 ditu
710 4827 1022 4900 implebitur
1056 4830 1211 4889 uvis
1231 4827 1489 4882 audiendi
1531 4827 1841 4897 suscipiens
1887 4828 1940 4881 id
1977 4825 2125 4897 quod

2229 4370 2394 4440 όρᾷν,
2446 4369 2539 4421 καὶ
2585 4368 2645 4421 οὑ
2694 4366 3107 4438 πληρωθήσεται
3154 4363 3249 4431 οὖς
3299 4366 3413 4421 ἀπὸ
3436 4365 3766 4439 ἀκροάσεωςῚ

2230 4459 2529 4531 ἁκουστικὴ
2550 4459 2775 4529 δύναμις
2808 4458 3067 4528 δεχομένη
3096 4458 3188 4511 τὸν
3218 4459 3351 4528 περὶ
3375 4457 3601 4509 ἑκάστου
3621 4450 3772 4517 λόγον,

2232 4551 2568 4624 πληροῦσθαι
2597 4551 2757 4619 φύσιν
2783 4552 2883 4603 οῦκ
2927 4551 3061 4619 ἔχει.
3093 4550 3287 4613 Οὑδεὶς
3317 4550 3426 4619 γὰρ
3457 4545 3772 4618 εὑρεθήσεται

2231 4642 2388 4713 λόγος
2428 4646 2455 4696 ὁ
2501 4642 2879 4713 διαλαμϐάνων
2911 4642 2978 4695 δι’
3011 4639 3295 4711 ἀκριϐείας
3332 4643 3389 4693 ὲν
3424 4636 3594 4706 ἑαυτῷ
3618 4634 3674 4685 τὸ
3694 4631 3772 4697 ﬁ"

2229 4733 2509 4804 τοῦμενον.
2559 4732 2681 4797 Πῶς
2715 4728 2808 4786 οὖν
2840 4731 3209 4801 πλησθήσεται
3243 4730 3383 4801 ἀκοὴ
3412 4730 3511 4800 τῆς
3542 4725 3658 4795 περὶ
3684 4718 3772 4774 τῶν

2232 4825 2574 4897 ζητουμένων
2615 4825 2949 4897 ἀκροάσεως,
2980 4822 3074 4877 τοῦ
3120 4821 3455 4894 πληροῦντος
3482 4820 3580 4873 οὐκ
3609 4815 3770 4872 om;

553 4928 625 4985 de
650 4938 980 4996 unoquoque
1005 4922 1230 4989 dicitur,
1262 4936 1293 4976 a
1325 4929 1523 4978 natura
1556 4937 1666 4976 non
1695 4921 1859 4977 habet
1894 4929 1952 4977 ut
1979 4921 2288 4992 impleatur.
2359 4921 2513 4977 Nulla
2545 4921 2690 4975 enim
2726 4920 3034 4981 invenietur
3065 4917 3268 4980 oratio,
3292 4932 3417 4988 qua:
3458 4912 3594 4985 quod
3644 4919 3772 4978 quae.

555 5019 696 5073 ritur
720 5019 776 5073 in
812 5032 874 5073 se
904 5015 1144 5088 perfecte
1184 5013 1633 5084 comprehendat.
1654 5011 2126 5080 Quemadmodum
2165 5028 2301 5084 ergo
2365 5013 2681 5083 implebitur
2724 5012 2876 5067 auris
2944 5009 3226 5070 auditione
3267 5024 3462 5063 eorum
3497 5018 3610 5075 quae
3651 5009 3772 5070 qui?

556 5120 780 5176 runtur,
800 5125 925 5166 cum
952 5123 1065 5179 non
1094 5108 1167 5171 sit
1197 5106 1345 5180 quod
1377 5106 1634 5178 impleat?

628 5204 835 5262 Deinde
866 5213 1161 5276 postquam
1192 5204 1307 5259 haec
1337 5203 1496 5269 dixit,
1524 5204 1643 5274 ipse
1678 5202 1918 5273 seipsum
1953 5192 2123 5258 inter-

557 5303 740 5368 rogat,
785 5306 840 5353 et
884 5296 993 5354 sibi
1043 5296 1358 5367 respondet.
1413 5296 1546 5350 Nam
1603 5310 1728 5351 cum
1777 5294 2123 5366 rogavisset:

565 5386 746 5456 tQuid
775 5397 863 5445 cst
885 5389 1033 5461 quod
1062 5388 1211 5455 fuit?
1249 5387 1328 5456 ld,
1350 5406 1369 5441 ι
1402 5387 1602 5472 inquit,
1647 5386 1831 5463 tquod
1878 5385 2125 5451 futurum

556 5516 565 5526 ι
629 5546 678 5591 ll
711 5545 995 5611 lTimoth.
1030 5566 1087 5618 ιι,
1118 5549 1170 5606 6.

2317 5194 2448 5252 Εἶτα
2496 5195 2633 5268 μετὰ
2671 5196 2796 5259 τοὺς
2838 5192 3029 5262 λόγους
3085 5190 3310 5254 τούτους
3333 5230 3350 5252 ,
3405 5187 3561 5249 αὐτὸς

2233 5294 2258 5345 ἑ
2264 5293 2430 5364 ρωτᾷ,
2447 5264 2541 5344 καὶ
2556 5286 2733 5358 ἑαυτῷ
2748 5285 3123 5357 ἀποκρίνεται.
3153 5283 3210 5337 Ἐ
3219 5282 3364 5353 ρωτή
3373 5297 3467 5343 σας
3480 5276 3598 5347 γὰρ,
3621 5267 3703 5364 «τί
3716 5264 3765 5364 τξ

2234 5354 2485 5454 γεγονός;
2514 5378 2673 5443 Αὐτὸ,
2701 5354 2909 5449 λ’φησὶ,
2934 5397 2951 5430 ι
2975 5378 3035 5431 τὸ
3050 5372 3482 5445 γενηθησόμενον
3501 5393 3516 5414 ο
3559 5354 3766 5423 καὶτίτῆ
