4018 6334
325 123 402 180 £53

1355 124 1419 176 ΙΝ
1460 125 1985 182 ECCLESIASTEN.
2029 125 2310 181 liOMLLIA
2352 127 2392 182 l.

3385 133 3494 190 638

321 233 657 303 πεποιτῃιὲνονς
686 252 704 284 ι
726 235 931 299 Αὐτδ,ι
951 236 1107 307 φησι,
1127 256 1144 287 ι
1170 238 1229 291 τὸ
1257 221 1696 310 ποιηθησόμενον.
1723 262 1740 293 ι
1769 243 1811 294 Τ

1935 236 2052 309 est;
2085 244 2288 313 etquid
2327 253 2411 298 cst
2460 241 2605 311 quod
2641 242 2849 296 factum
2894 242 3020 297 est?
3058 240 3324 312 ldipsum,
3348 260 3364 292 ι
3419 242 3502 296 in-

319 324 389 379 οὗν
408 326 622 395 βούλεται
645 326 703 378 τὺ
723 326 1013 398 ὲρώτημα;
1047 327 1136 395 Ἐξ
1167 329 1485 393 ἀκολουθίας
1516 332 1671 401 ἡμῶν
1694 333 1828 403 πρὸς

317 418 441 470 αὑτὸν
477 417 558 486 ἀφ’
597 409 672 469 ὧν
707 419 1108 490 μεμαθήκαμεν
1132 461 1147 483 ,
1199 421 1573 476 ἅντιτιθέντων
1617 426 1709 477 καὶ
1744 425 1830 478 λε-

317 510 506 576 γόντων·
534 506 595 562 El
635 509 810 564 ταῦτα
853 513 1028 566 πάντα
1063 514 1377 583 ματαιότης,
1424 514 1662 584 δηλονότι
1705 517 1826 570 οὔτε

312 600 489 666 γέγονεν
526 598 582 650 ἓν
629 617 680 652 τι
719 599 923 653 τούτων
951 600 987 654 ἃ
1015 602 1110 671 οὐχ
1141 603 1435 673 ὑφέστηκε.
1478 605 1550 657 Τὸ
1578 605 1686 676 γὰρ
1722 607 1826 676 μά-

310 706 426 742 ταιον
452 689 654 754 πάντως
694 691 1058 761 ἀνύπαρκτον.
1115 695 1186 747 Τὸ
1230 694 1286 748 δὲ
1330 697 1694 766 ἀνύπαρκτον,
1729 699 1826 752 οὐκ

307 781 356 842 ἄν
386 797 456 844 τις
485 782 535 833 ἐν
580 783 692 845 τοῖς
719 784 960 851 γεγονόσι
994 785 1280 853 λογίσαιτο.
1324 788 1386 840 Ei
1423 789 1485 859 δὴ
1530 789 1696 842 ταῦτα
1729 793 1827 845 οὐκ

308 873 438 935 ἐστιν,
480 873 593 930 είπὲ
627 874 677 926 τί
718 876 833 928 ἐστι
870 877 932 929 τὸ
964 877 1270 947 γενόμενον,
1301 879 1333 949 ἢ
1368 883 1426 932 ὲν
1458 881 1534 950 τῷ
1563 877 1698 934 εἶναι
1729 883 1826 951 μὲ-

303 979 378 1015 vat.
415 963 665 1034 Σύντομος
696 961 790 1018 οὖν
822 967 969 1036 αὑτῷ
1015 967 1148 1036 πρὸς
1195 969 1254 1019 τὺ
1299 970 1570 1040 ἐρωτηθὲν
1614 973 1646 1040 ἡ
1691 973 1825 1025 ἀπό-

303 1069 446 1122 κρίσις
467 1071 480 1084 ο
500 1049 688 1106 Βούλει
714 1054 912 1125 γνῶναι
939 1056 990 1109 τί
1019 1058 1133 1132 ἐστι
1160 1057 1219 1109 τὸ
1246 1059 1563 1129 γενόμενον;
1614 1061 1821 1130 Νόησον

299 1146 457 1197 τίέστι
481 1145 535 1198 τὸ
560 1147 834 1216 ἐσόμενον,
867 1148 959 1200 καὶ
1001 1147 1280 1220 ὲπιγνὼσῃ
1322 1149 1350 1202 ὃ
1395 1149 1604 1219 γέγονε.
1657 1151 1826 1204 Τοῦτο

299 1237 342 1288 δέ
365 1240 462 1289 ἐστι
487 1237 563 1303 τὸ,
584 1239 796 1309 Νόησόν
826 1257 935 1310 μοι,
963 1234 1008 1294 ὦ
1029 1240 1303 1315 ἄνθρωπε,
1327 1239 1438 1304 οἷος
1482 1244 1687 1314 γενήσῃ
1734 1244 1822 1298 διὰ

297 1330 377 1398 τῆς
398 1330 580 1400 ἀρετῆς
611 1331 802 1385 ἑαυτὸν
847 1331 1087 1402 ὑψὼσας,
1120 1335 1167 1387 εί
1212 1335 1351 1389 κατὰ
1386 1335 1560 1388 πάντα
1595 1336 1682 1390 διὰ
1714 1337 1823 1389 τῶν

297 1419 478 1485 ἀγαθῶν
504 1426 864 1493 χαρακτήρων
893 1424 989 1494 τὴν
1017 1423 1194 1496 ψυχὴν
1229 1425 1592 1497 μορφωθείης,
1628 1429 1675 1479 εί
1719 1426 1826 1491 ἔξω

298 1511 441 1580 γένοιο
467 1513 566 1565 τῶν
594 1514 693 1581 τῆς
721 1515 920 1578 κακίας
950 1516 1197 1587 κηλίδων,
1229 1519 1276 1574 εί
1307 1519 1482 1577 πάντα
1513 1518 1683 1590 ῥύπον
1715 1519 1823 1573 τῶν

1931 337 2069 404 quit,
2108 357 2124 386 ι
2154 335 2654 405 quod'facicntlum
2686 342 2788 389 est.
2813 352 2832 386 ι
2879 333 3020 400 Quid
3061 347 3190 404 ergo
3225 335 3330 388 sibi
3387 333 3501 386 vult

1932 427 2045 480 hazc
2077 427 2471 497 interrogatio?
2499 425 2635 479 Cum
2661 441 2760 478 nos
2795 442 2860 479 ex
2901 425 3295 493 consequentia
3337 442 3400 478 ex
3431 426 3499 479 iis

1928 536 2049 588 quae
2095 519 2391 574 didicimus
2435 519 2484 572 ei
2537 517 2908 586 objiceretnus
2953 525 3006 571 et
3057 516 3367 571 diceremus
3396 530 3408 565 :
3435 512 3493 570 Si

1927 613 2040 664 lucc
2064 611 2245 663 omnia
2273 619 2401 664 sunt
2425 610 2656 671 vanitas,
2679 609 3024 678 perspicuum
3048 615 3130 661 est
3159 609 3302 676 quod
3321 624 3497 676 neque

1929 703 2028 755 fuit
2060 702 2357 770 quidquam
2403 717 2468 754 ex
2515 701 2582 755 iis
2614 717 2734 770 qum
2788 715 2894 753 non
2939 701 3326 753 constiterunt.
3361 699 3495 752 Nam

1926 795 2069 860 quod
2107 808 2304 846 vanum
2353 800 2458 855 est,
2506 793 2729 846 omnino
2787 807 2892 844 non
2946 798 3126 859 potest
3165 789 3493 843 consistere.

1927 865 2080 944 Quod
2113 890 2296 936 autem
2346 896 2449 934 non
2515 890 2692 950 potest
2731 879 3058 941 consistere,
3121 894 3281 932 nemo
3330 878 3383 931 in
3429 879 3498 933 iis

1924 987 2045 1040 qua:
2070 973 2292 1025 luerunt
2325 972 2682 1041 reputaverit.
2714 973 2809 1026 Sin
2846 980 3027 1026 autem
3059 972 3173 1025 haec
3205 987 3312 1024 non
3345 980 3494 1033 sunt,

1925 1063 2011 1116 dic
2043 1063 2172 1132 quid
2211 1064 2281 1117 sit
2311 1065 2453 1132 quod
2481 1064 2600 1126 fuit,
2634 1072 2728 1117 aut
2779 1063 3233 1132 quemadmodum
3279 1071 3496 1118 maneat

1925 1153 1978 1207 in
2010 1155 2273 1209 essentia.
2301 1156 2380 1208 Acl
2415 1165 2663 1224 rogatum
2689 1169 2819 1224 ergo
2853 1155 3035 1209 brevis
3060 1163 3146 1208 est
3181 1153 3228 1207 ei
3264 1167 3494 1221 respon-

1925 1245 2006 1299 sio
2047 1242 2178 1299 :Vis
2200 1246 2343 1299 scire
2365 1245 2497 1315 quid
2535 1248 2608 1300 sit
2657 1246 2801 1314 quod
2838 1246 2958 1306 fuit,
3010 1245 3188 1314 cogita
3234 1245 3364 1312 quid
3417 1246 3494 1298 sit

1923 1335 2066 1404 quod
2097 1345 2182 1390 est
2207 1334 2474 1398 futurum,
2507 1343 2560 1390 el.
2591 1351 2894 1404 cognosces
2930 1334 2980 1388 id
3013 1335 3160 1404 quod
3206 1334 3326 1388 luit.
3381 1332 3494 1387 lloc

1922 1434 2102 1481 autem
2133 1435 2216 1482 est
2255 1444 2268 1480 :
2301 1425 2512 1496 Cogita,
2542 1444 2574 1478 ι)
2605 1430 2788 1489 1ιοιιιο,
2819 1427 2998 1496 qualis
3033 1426 3252 1482 futurus
3275 1427 3372 1485 sis.
3392 1425 3488 1495 qui

1925 1525 1974 1570 te
2007 1531 2101 1588 per
2132 1518 2388 1571 virtutem
2415 1518 2468 1572 in
2505 1517 2674 1571 altum
2713 1517 2980 1578 extulisti,
3044 1517 3090 1571 si
3138 1518 3190 1569 in
3233 1518 3492 1571 omnibus

295 1603 459 1656 ὑλικῶν
479 1605 836 1675 μολυσμάτων
857 1608 954 1677 τῆς
975 1610 1167 1663 ἑαυτοῦ
1196 1611 1408 1678 φύσεως
1435 1613 1817 1676 άποκλύσειας,

1923 1607 2160 1660 animam
2216 1607 2543 1660 formareris
2606 1606 2766 1661 bonis
2821 1605 3256 1670 characteribus,
3318 1606 3364 1659 si
3423 1606 3493 1660 ab

295 1694 334 1746 τί
370 1697 549 1766 γενήσῃ
596 1697 688 1750 διὰ
719 1698 826 1750 τῶν
856 1699 1109 1753 τοιούτων
1145 1701 1612 1769 καλλωπιζόμενος
1636 1741 1651 1766 ,
1704 1704 1822 1755 οἵαν

293 1787 465 1858 σεαυτῷ
515 1790 833 1860 περιθήσεις
899 1793 1138 1862 μορφήν.
1201 1793 1325 1845 Ἐὰν
1373 1793 1529 1846 τοῦτο
1580 1793 1821 1865 λογισμῷ

291 1879 606 1951 κατανοήσῃς,
631 1879 910 1950 ἐδιδάχθης
936 1881 998 1932 τὺ
1023 1883 1078 1933 ὲν
1108 1885 1219 1944 τοῖς
1248 1884 1484 1953 πρώτοις
1508 1885 1818 1955 γενόμενον,
1844 1917 1852 1925 -

287 1971 454 2023 τὸκατ’
487 1970 672 2023 εἰκόνα
711 1971 843 2024 Θεοῦ
879 1974 968 2024 καὶ
998 1971 1274 2041 ὁμοίωσιν.
1325 1975 1432 2028 Καὶ
1480 1975 1580 2029 ποῦ
1631 1977 1723 2028 νῦν
1763 1979 1818 2030 ὲ-

288 2061 404 2112 naM
431 2063 589 2125 ἐστιν,
618 2060 729 2132 ἐρῶ
776 2061 909 2132 πρὸς
928 2062 1101 2116 ταῦτα
1129 2064 1463 2127 διδάσκοντα,
1501 2066 1529 2117 ὃ
1572 2083 1699 2119 ποτε
1731 2067 1821 2134 γέ-

286 2164 380 2214 γονι
406 2188 419 2209 ,
461 2151 551 2202 καὶ
597 2153 682 2212 εἰς
731 2151 953 2220 ὕστερον
976 2133 1151 2216 ἀὖθις
1187 2154 1482 2218 ἐλπίζει-αι,
1515 2156 1607 2210 νῦν
1635 2157 1689 2209 δὲ
1721 2159 1819 2210 οὐκ

287 2238 430 2302 iam;
488 2240 624 2291 ’Δλλ’
673 2240 1023 2310 ἀποκρίνεται
1057 2243 1272 2305 πάντως
1319 2243 1408 2296 τὸν
1456 2244 1617 2298 αὑτὸν
1663 2245 1818 2312 λόγον

284 2329 388 2399 ἡμῖν
410 2331 436 2381 ό
460 2329 521 2384 τὰ
549 2330 732 2400 ὑψηλὰ
766 2331 1050 2396 παιδεύων,
1077 2332 1156 2384 ὅτι
1185 2332 1270 2385 διὰ
1300 2333 1455 2388 τοῦτο
1484 2334 1551 2388 τὰ
1577 2336 1818 2406 παρόντα

287 2423 538 2491 ματαιότης
563 2421 904 2491 ὠνόμασται,
939 2423 1070 2477 διότι
1100 2427 1280 2477 ἐκεῖνα
1324 2428 1381 2478 ὲν
1412 2428 1523 2489 τοῖς
1553 2428 1818 2498 παροῦσιν

279 2511 358 2562 οὐκ
397 2512 520 2566 ἔστι.
573 2514 688 2566 Kal
733 2513 804 2578 τί,
840 2516 1004 2584 φηεέι,
1046 2516 1105 2568 τὸ
1139 2517 1534 2586 πεποιημένον;
1577 2518 1720 2571 Αὐτὸ
1760 2519 1819 2572 τὸ

280 2602 692 2674 ποιηθησόμενον.
749 2607 953 2676 Μηδεὶς
996 2608 1104 2661 τῶν
1143 2609 1446 2662 ἀκουόντων
1498 2611 1818 2680 πολυλογίαν

280 2686 480 2757 ἠγεὶσθω
514 2691 608 2743 καὶ
643 2693 879 2760 ματαίαν
910 2694 1034 2746 τινὰ
1081 2697 1339 2766 ῥημάτων
1369 2699 1726 2770 ἐπανάληψιν,
1760 2702 1816 2754 ἐν

274 2781 325 2845 τῇ
365 2779 583 2852 διαφορᾷ
638 2782 735 2836 τοῦ
789 2786 1070 2854 γεγονότος
1122 2788 1215 2842 καὶ
1275 2787 1367 2842 τοῦ
1427 2791 1813 2861 πεποιημένου.

272 2872 488 2926 Δείκνυσι
516 2876 627 2948 γὰρ
657 2877 726 2929 δι’
757 2878 1016 2950 ἑκατέρου
1051 2879 1156 2933 τῶν
1183 2882 1444 2952 ῥημάτων
1470 2886 1499 2936 ό
1523 2883 1675 2952 λόγος
1717 2887 1816 2956 τὴν

269 2961 348 3028 τῆς
390 2963 560 3034 ψυχῆς
613 2965 757 3034 πρὸς
811 2967 908 3036 τὴν
952 2968 1131 3038 σάρκα
1176 2970 1458 3042 διαφοράν.
1511 2973 1735 3041 Γέγονεν
1783 2977 1815 3044 ἡ

268 3049 409 3122 ςυχὴ.
432 3055 522 3108 καὶ
548 3057 610 3110 τὸ
638 3056 800 3127 σῶμα
823 3059 1132 3128 πεποίηται.
1163 3061 1278 3114 Οὐκ
1304 3062 1488 3134 ἐπειδὴ
1510 3063 1637 3118 ἄλλο
1653 3082 1705 3118 τι
1725 3067 1818 3119 καὶ

260 3140 369 3193 ἄλλο
397 3145 650 3213 σημαίνει
696 3147 805 3199 τῶν
839 3149 1099 3218 ῥημάτων
1131 3150 1164 3219 ἡ
1207 3148 1441 3220 ἔμφασις
1488 3155 1554 3225 τῇ
1586 3153 1816 3228 διαφορᾷ

261 3233 408 3304 ταύτῃ
435 3237 704 3308 κέχρηται
737 3236 845 3291 τῶν
880 3241 1140 3310 ῥημάτων
1176 3242 1260 3311 ἐφ’
1296 3243 1553 3316 ἐκατέρου
1581 3247 1689 3300 τῶν
1716 3264 1812 3318 σηο

255 3328 577 3395 μαινομένων
620 3332 651 3384 ὁ
686 3329 844 3398 λόγος
867 3347 881 3361 ·
925 3331 1039 3392 ἀλλ’
1070 3333 1155 3386 ἵνα
1204 3351 1284 3388 σοι
1321 3335 1397 3407 δῷ
1427 3338 1495 3392 τά
1533 3339 1816 3412 πρόσφορα

253 3418 363 3484 περὶ
393 3419 662 3493 ἑκατέρου
693 3421 1022 3490 λογίζεσθαι,
1050 3427 1224 3480 ἐκεῖνο
1244 3428 1364 3480 κατ’
1393 3428 1568 3501 ἀρχὰς
1597 3431 1816 3498 γέγονεν

241 3507 269 3574 ή
296 3507 456 3581 ψυχὴ,
483 3512 513 3564 ὃ
537 3514 623 3577 εις
655 3512 883 3586 ὕστερον
912 3515 1321 3588 καθαρισθεῖσα,
1353 3521 1514 3575 πάλιν
1541 3522 1817 3594 ἀναφανή-

245 3611 400 3652 σεται.
467 3602 687 3657 Ἐκεῖνο
737 3607 1031 3676 πεποίηται
1073 3611 1192 3672 ταῖς
1237 3613 1393 3682 χερσὶ
1437 3612 1530 3666 τοῦ
1575 3613 1709 3668 Θεοῦ
1755 3615 1814 3668 τὸ

232 3685 378 3756 σῶμα
408 3691 824 3763 πλαττόμενον,
863 3695 893 3749 δ
922 3696 1084 3764 δείξει
1119 3702 1230 3763 τοῖς
1263 3701 1563 3773 καθήκουσι
1602 3704 1813 3774 χρόνοις

232 3779 350 3832 αὐτο
366 3784 400 3851 ή
435 3783 774 3850 ἀνάστασις.
817 3787 1028 3844 Ὀποῖον
1051 3791 1160 3860 γὰρ
1185 3791 1272 3845 ἀεὶ
1298 3794 1436 3863 μετὰ
1457 3793 1554 3866 τὴν
1581 3796 1814 3850 ἀνάσταο

223 3883 301 3921 σιν
326 3870 484 3938 ἴδοις,
509 3874 772 3929 τοιοῦτον
796 3876 1014 3943 πάντως
1044 3881 1191 3952 παρὰ
1213 3881 1308 3953 τὴν
1335 3883 1555 3955 πρώτην
1583 3887 1813 3958 πεποίη-

221 3977 320 4015 ται.
379 3967 528 4021 υύδὲ
586 3968 707 4039 γάρ
753 3964 885 4022 ἄλλο
930 3971 982 4024 τί
1028 3974 1174 4026 ἐστιν
1217 3976 1249 4043 ἡ
1299 3976 1612 4040 ἀνάστασις,
1660 3979 1813 4049 εἰμὴ

217 4053 429 4121 πάντως
460 4062 494 4129 η
532 4061 631 4122 εἱς
659 4059 723 4114 τὸ
750 4061 969 4133 ἀρχαῖον
999 4065 1458 4130 ἀποκατάστασις.

1921 1699 2175 1755 omnibus
2211 1699 2326 1753 vitii
2358 1699 2599 1753 maculis
2630 1697 2800 1752 fueris
2835 1707 3096 1763 remotus,
3157 1698 3202 1752 si
3239 1699 3492 1751 materia-

1923 1790 2051 1843 lium
2092 1790 2628 1859 inquinamentorum
2669 1789 2860 1844 sordes
2891 1803 2921 1841 a
2961 1794 3055 1842 tua
3105 1796 3301 1842 natura
3336 1788 3492 1844 elue-

1922 1881 1998 1935 ris
2019 1922 2032 1946 ,
2065 1881 2217 1950 quid,
2242 1879 2485 1950 inquam,
2524 1879 2746 1934 futurus
2779 1879 2911 1942 eris,
2939 1879 2982 1934 si
3017 1879 3094 1933 sis
3117 1879 3199 1933 sic
3231 1889 3483 1939 ornatus.

1920 1984 1972 2026 et
2007 1972 2153 2041 quali
2211 1981 2264 2026 te
2313 1970 2491 2024 forma
2541 1985 2602 2026 es
2651 1969 2966 2025 induturus.
3006 1970 3063 2024 Si
3112 1970 3227 2024 haec
3275 1971 3489 2024 ratione

1920 2063 2424 2132 comprehenderis,
2458 2063 2700 2118 didicisti
2729 2063 2861 2132 quid
2910 2063 2982 2118 sit
3013 2063 3063 2116 id
3100 2062 3246 2132 quod
3293 2061 3396 2116 fuit
3426 2063 3481 2116 in

1921 2151 2132 2218 primis,
2175 2165 2368 2220 nempe
2389 2150 2533 2219 quod
2569 2150 2670 2203 fuit
2702 2150 2768 2204 ad
2801 2149 2890 2205 Dei
2929 2151 3216 2222 imaginem
3240 2159 3292 2203 et
3319 2151 3477 2205 simi-

1920 2244 2224 2298 litudinem.
2253 2243 2317 2297 Et
2348 2244 2438 2298 ubi
2476 2259 2620 2297 nunc
2647 2243 2780 2298 illud
2818 2252 2901 2298 est
2927 2243 3125 2313 (dicam
3165 2245 3213 2298 ei
3246 2245 3335 2312 qui
3379 2243 3492 2298 hac

1919 2337 2097 2403 docet)
2131 2335 2275 2406 quod
2302 2334 2407 2388 fuit
2453 2334 2768 2404 aliquando,
2809 2343 2862 2388 et
2896 2335 2948 2388 in
2975 2341 3252 2403 posterum
3297 2349 3490 2388 rursus

1919 2437 2196 2498 speratur,
2231 2441 2376 2480 nunc
2402 2433 2583 2480 autem
2621 2426 2880 2479 nonest?
2907 2424 3050 2480 Idem
3099 2437 3282 2479 autem
3329 2425 3491 2479 nobis

1919 2517 2232 2587 respondet,
2263 2517 2356 2587 qui
2389 2533 2490 2572 nos
2519 2516 2676 2571 docet
2707 2517 3002 2571 sublimia:
3037 2516 3180 2586 quod
3201 2523 3490 2586 prepterea

1917 2609 2208 2678 praesentia
2250 2607 2533 2662 nominata
2580 2616 2709 2662 sunt
2751 2606 2991 2669 vanitas,
3035 2606 3181 2676 quod
3228 2608 3318 2661 illa
3379 2621 3487 2660 non

1919 2710 2046 2758 sunt
2077 2701 2218 2755 inter
2256 2703 2572 2770 praesentia.
2623 2699 2686 2753 Et
2717 2699 2847 2769 quid
2870 2707 2955 2754 est
2983 2698 3130 2768 quod
3161 2698 3359 2752 factum
3381 2695 3492 2752 est?

1920 2795 2097 2863 Ipsum
2135 2791 2280 2861 quod
2327 2790 2638 2846 iaciendum
2682 2796 2784 2845 est.
2843 2788 3014 2844 Nemo
3051 2805 3115 2843 ex
3161 2788 3230 2842 iis
3259 2789 3351 2858 qui
3391 2804 3490 2842 au-

1917 2882 2096 2945 diunt,
2123 2881 2540 2936 existimetesse
2569 2894 3026 2949 supervacaneam
3043 2886 3098 2932 et
3125 2879 3340 2932 inanem
3369 2894 3490 2931 ver-

1920 2975 2115 3028 borum
2147 2973 2525 3043 repetitionem
2579 2972 2634 3025 in
2669 2969 2978 3025 differentia
3029 2970 3148 3038 ejus
3196 2969 3342 3039 quod
3389 2969 3491 3022 fuit

1919 3072 1974 3119 et
2001 3064 2147 3135 quod
2192 3064 2396 3118 factum
2443 3070 2549 3118 est.
2582 3061 2686 3116 Per
2731 3070 3024 3131 utrumque
3061 3061 3206 3114 enim
3263 3061 3488 3116 verbum

1918 3153 2160 3209 ostendit
2188 3152 2367 3207 oratio
2394 3151 2590 3206 animae
2639 3164 2668 3204 a
2723 3164 2890 3204 carne
2935 3135 3322 3203 differentiam.
3364 3145 3493 3200 Fuit

1920 3262 2016 3301 seu
2046 3257 2166 3299 orta
2191 3253 2276 3300 est
2301 3244 2507 3307 anima,
2537 3248 2590 3296 et
2621 3256 2822 3311 corpus
2847 3239 3048 3294 factum
3076 3250 3180 3295 est.
3204 3237 3320 3293 Non
3351 3253 3489 3304 quo-

1919 3336 2066 3388 niam
2093 3333 2240 3388 aliud
2279 3341 2333 3388 et
2366 3332 2514 3386 aliud
2550 3331 2827 3402 signiﬁcat
2873 3329 3163 3385 verborum
3206 3328 3492 3397 emphasis

1917 3426 2019 3480 hac
2043 3426 2328 3480 verborum
2360 3426 2529 3478 utitur
2562 3421 2862 3477 differentia
2915 3421 2970 3475 in
3011 3429 3241 3490 utroque
3271 3419 3486 3490 signiti-

1919 3529 2064 3582 cato,
2096 3515 2190 3572 sed
2218 3523 2272 3570 et
2305 3515 2400 3570 tibi
2439 3513 2701 3569 conced..t
2731 3527 2794 3568 ea
2833 3528 2954 3581 qua:
2999 3525 3238 3582 congrua
3268 3519 3396 3565 sunt
3424 3509 3493 3565 de
3576 3568 3588 3576 ς

1901 3616 2150 3676 -ιιιτοᾳιιε
2182 3605 2490 3670 aestimare;
2552 3605 2606 3656 in
2657 3600 2928 3671 principio
2960 3599 3092 3654 illud
3139 3599 3240 3652 fuit
3284 3599 3488 3662 anima,

1917 3696 2060 3768 quod
2092 3695 2361 3767 posterius
2392 3701 2618 3764 purgata
2648 3707 2841 3746 rursus
2891 3690 3190 3760 apparebit.
3235 3687 3369 3742 Illud
3410 3688 3491 3741 fa-

1921 3794 2066 3840 ctum
2095 3791 2179 3839 est
2208 3783 2298 3839 Dei
2328 3782 2600 3845 manibus,
2637 3781 2781 3852 quod
2814 3787 2868 3834 et
2916 3778 3099 3833 fictum
3141 3785 3228 3833 est
3265 3791 3488 3846 corpus,

1920 3878 2064 3948 quod
2100 3877 2272 3947 ipsum
2335 3875 2784 3931 convenientibus
2843 3871 3179 3941 temporibus
3237 3868 3492 3924 ostendet

1921 3970 2273 4025 resurrectio.
2313 3967 2483 4035 Quale
2525 3969 2671 4022 enim
2709 3980 2924 4035 semper
2976 3963 3182 4017 videris
3227 3970 3350 4032 post
3401 3975 3488 4016 re-

1922 4063 2338 4122 surrectionem,
2376 4061 2482 4114 tale
2521 4062 2744 4114 omnino
2791 4057 2966 4126 primo
2996 4055 3196 4108 factum
3237 4063 3341 4108 est.
3377 4051 3486 4106 Ne-

1843 4202 1886 4254 D
1921 4170 2026 4224 que
2051 4155 2194 4208 enim
2223 4161 2307 4208 est
2339 4150 2542 4221 aliquid
2568 4151 2715 4204 aliud
2745 4147 3104 4204 resurrectio,
3139 4145 3243 4198 nisi
3271 4159 3391 4213 quae
3421 4144 3480 4198 fit

264 4332 357 4384 Διὸ
385 4334 636 4398 τούτοις
669 4336 865 4403 ἐπάγει
909 4337 1003 4389 καὶ
1045 4337 1106 4390 τὸ
1150 4338 1441 4392 ἀκόλουθον
1479 4341 1679 4410 λέγων,
1732 4344 1812 4398 ὅτι

199 4417 299 4483 ἔξω
323 4423 423 4476 τοῦ
453 4427 716 4496 ἀρχαίου
749 4429 894 4480 ἐστὶν
924 4427 1093 4480 οὐδέν.
1148 4447 1166 4479 ι
1193 4429 1306 4481 Οὐκ
1337 4429 1453 4482 ἐστι
1478 4430 1630 4500 map,
1657 4435 1809 4502 φησι,

203 4515 342 4565 «πᾶν
359 4513 717 4584 πρόσφατον
734 4514 939 4570 ὑπὸτὸν
977 4517 1155 4586 ἥλιον·
1205 4537 1224 4568 ι
1276 4518 1351 4582 ὡς
1392 4519 1457 4571 ἂν
1497 4521 1545 4571 εί
1588 4520 1803 4590 ἔλεγεν,

194 4597 269 4649 ὅτι
297 4603 347 4652 εἰ
381 4604 466 4673 μὴ
515 4603 682 4656 κατὰ
723 4604 782 4656 τὸ
810 4604 1031 4674 ἀρχαῖόν
1062 4608 1244 4669 ἐστιν,
1287 4607 1440 4661 οὐδέν
1478 4610 1623 4663 ἐστιν
1655 4610 1809 4674 ὅλως,

194 4689 328 4744 ἀλλά
374 4695 720 4762 νομίζεται.
775 4695 849 4747 Uti
880 4696 987 4766 γάρ
1014 4697 1161 4761 ἐστι,
1209 4697 1372 4768 φησι,
1418 4699 1724 4768 πρόσφατόν
1761 4718 1811 4753 τι

195 4781 296 4834 ιε
322 4786 422 4838 τὸν
453 4787 662 4856 ἥλιον,
692 4787 830 4840 ὥστε
872 4788 1101 4859 λαλῆσαί
1137 4807 1257 4845 τινα
1298 4792 1391 4846 καὶ
1433 4792 1601 4858 δεῖξαί
1628 4792 1810 4844 τιτῶν

194 4875 670 4948 ἐπιγινομένων,
720 4881 799 4932 ὅτι
844 4880 1024 4933 καινόν
1076 4882 1188 4937 ἐστι
1233 4885 1390 4941 τοῦτο
1442 4884 1535 4935 καὶ
1579 4882 1655 4952 τῷ
1699 4882 1812 4936 ὄντι

193 4961 546 5036 ὑφέστηκεν.
613 4968 767 5039 Δῦτη
799 4970 910 5023 τῶν
955 4972 1250 5041 εἰρημένων
1294 4977 1446 5038 ἐστὶν
1498 4974 1530 5043 ἡ
1580 4972 1806 5027 διάνοια.

211 5056 272 5109 Ἡ
295 5059 355 5112 δι
382 5055 776 5125 λέξιξτοῦτον
801 5063 910 5132 ἔχει
934 5064 1022 5116 τὸν
1049 5067 1230 5140 τρόπον
1254 5074 1392 5138 ,Καὶ
1423 5067 1531 5123 οὐκ
1557 5065 1670 5118 ἐστι
1704 5067 1810 5120 πᾶν

204 5151 533 5248 πρόσφατον
557 5153 700 5248 ⁸ὑττίδ
725 5154 812 5208 τὸν
838 5155 984 5248 ἥλιον
1025 5154 1078 5217 ὃς
1106 5161 1318 5248 λαλήσει
1377 5161 1485 5227 καὶ
1534 5155 1810 5248 ὲρείηΊδε

217 5243 369 5296 τοῦτο
399 5246 611 5300 καινόν
643 5247 776 5302 ἔστι.
801 5247 907 5300 Καὶ
930 5231 1467 5328 ἐπαγωνίειςῖξῖτοτς
1495 5247 1810 5319 ειρημένοις

215 5329 294 5384 ea
327 5334 446 5388 τῶν
476 5336 698 5405 ἐφεξῆς
721 5338 914 5405 λέγων’
955 5354 971 5384 ι
992 5307 1049 5387 Εί
1064 5307 1423 5424 ητίξξῖῖῗπέῒ.
1436 5307 1530 5424 ξρη
1543 5307 1810 5406 σὶ,’γέγολ

226 5437 326 5521 νιν,
355 5428 554 5521 intra;
571 5430 742 5521 ἐστιν,
776 5427 1004 5521 ὃλένρτοῖς
1028 5454 1116 5521 ρει)
1131 5427 1525 5521 αωῗῖὶῂτο
1561 5432 1674 5492 τοῖς
1707 5429 1810 5498 πρὸ

225 5511 385 5584 ἡμῶν.
422 5536 444 5569 ι
507 5516 730 5587 ταύτην
765 5518 858 5588 γάρ
888 5511 1198 5604 Μεὰυδηυδσιν
1231 5511 1376 5566 έγμ.

107 5511 300 6125 RV
1040 5599 1136 5734 νδαί
1170 5611 1290 5704 τὴν
1333 5571 1376 5634 ὃ

1915 4247 2136 4301 omnino
2170 4245 2223 4316 in
2255 4244 2543 4314 pristinum
2569 4250 2769 4296 statum
2807 4239 3098 4296 restitutio.

1985 4337 2344 4403 Quamobrem
2379 4335 2464 4388 bis
2508 4333 2694 4401 adjicit
2729 4331 2784 4385 id
2819 4331 2963 4400 quod
2994 4337 3077 4384 est
3108 4341 3484 4396 consequens,

1915 4427 2126 4490 dicens,
2156 4425 2289 4480 nihil
2317 4439 2439 4480 esse
2463 4431 2616 4478 extra
2648 4421 2700 4475 id
2727 4420 2871 4491 quod
2897 4428 2982 4473 cst
3009 4421 3076 4471 ab
3109 4417 3284 4471 initio.
3324 4433 3340 4465 ι
3383 4414 3480 4467 Νί-

1915 4520 1990 4573 hil
2030 4527 2115 4574 est
2143 4531 2162 4566 ι
2184 4517 2352 4585 enim,
2403 4516 2600 4584 inquit,
2626 4533 2644 4564 ι
2675 4529 2868 4568 recens
2896 4511 2998 4564 sub
3017 4509 3130 4563 sole
3161 4526 3173 4562 :
3214 4526 3232 4560 ι
3264 4506 3487 4576 perinde

1914 4628 1978 4666 ac
2005 4611 2052 4667 si
2082 4611 2314 4665 diceret:
2349 4607 2464 4664 Nisi
2487 4608 2558 4662 sit
2585 4617 2643 4660 ut
2681 4606 2780 4659 fuit
2811 4604 3114 4673 antiquitus
3141 4611 3194 4655 et
3215 4601 3282 4653 ab
3309 4599 3508 4659 initio,.

1915 4700 2046 4753 nihil
2075 4706 2162 4754 est
2198 4697 2441 4763 omnino,
2484 4695 2577 4750 sed
2607 4694 2972 4749 existimatur.
3002 4689 3149 4744 Nihil
3198 4695 3283 4744 est
3314 4687 3484 4749 enim,

1915 4789 2113 4859 inquit,
2147 4802 2343 4842 recens
2371 4786 2475 4841 sub
2509 4786 2646 4849 sole,
2685 4795 2742 4838 ut
2770 4782 2971 4852 aliquis
3007 4780 3180 4850 possit
3231 4777 3401 4847 loqui,
3435 4785 3490 4830 et

1913 4884 2199 4936 ostendere
2229 4877 2437 4947 aliquid
2467 4877 2622 4932 exiis
2655 4891 2775 4946 qua:
2807 4881 2930 4944 post
2964 4872 3120 4932 fiunt,
3151 4871 3254 4924 hoc
3283 4883 3487 4922 novum

1912 4989 2033 5030 esse
2082 4983 2136 5028 et
2187 4985 2376 5027 revera
2437 4969 2762 5025 consistere.
2813 4965 2914 5020 llic
2940 4969 3025 5019 est
3060 4976 3254 5018 sensus
3293 4973 3486 5012 eorum

1911 5081 2032 5136 qua:
2062 5065 2207 5120 dicta
2248 5075 2401 5119 sunt.
2436 5060 2551 5114 Hoc
2599 5059 2759 5115 modo
2788 5067 2969 5112 autem
3018 5071 3079 5110 se
3107 5054 3270 5109 habet
3300 5052 3495 5108 dictio:

1913 5157 2055 5211 Nihil
2071 5165 2156 5212 est
2167 5155 2270 5212 sub
2284 5154 2400 5210 sole
2427 5167 2640 5215 recens,
2655 5165 2755 5206 nec
2770 5148 2956 5218 estqui
2976 5148 3229 5216 loquatur
3243 5151 3296 5199 et
3318 5144 3494 5214 possit

1910 5247 2112 5311 dicere,
2133 5245 2271 5301 Ecce
2290 5244 2394 5298 hoc
2414 5250 2498 5298 est
2519 5256 2730 5297 recens.
2748 5237 2816 5295 lis
2833 5245 3011 5293 autem
3031 5249 3153 5307 qua:
3169 5235 3312 5290 dicta
3336 5240 3486 5293 sunt,

1914 5355 2008 5408 per
2036 5354 2098 5393 ea
2131 5351 2251 5408 quae
2277 5334 2539 5404 deinceps
2569 5338 2897 5402 sequuntur,
2934 5327 3136 5382 addere
3176 5321 3485 5394 contendit.

1914 5432 2141 5486 dicens:
2179 5447 2196 5479 ι
2231 5425 2465 5498 Siquid,
2506 5444 2527 5478 ι
2571 5425 2767 5495 inquit,
2807 5441 2824 5474 ι
2874 5435 3000 5475 vere
3035 5419 3158 5483 fuit,
3216 5413 3352 5470 illud
3403 5419 3491 5468 est

1922 5521 2063 5593 quod
2131 5519 2230 5573 fuit
2281 5518 2334 5573 in
2400 5517 2616 5574 saeculis
2669 5531 2791 5586 qua:
2850 5512 3076 5567 fuerunt
3123 5515 3246 5563 ante
3302 5519 3412 5561 nos
3464 5519 3484 5556 ι
