4018 6334
515 271 621 329 655

1738 264 1792 317 s.
1837 259 2161 317 cnnoonn
2194 258 2485 316 NYSSENI
3302 223 3307 232 ’
3601 270 3690 326 636

518 385 676 440 Hunc
701 383 843 438 enim
869 399 1088 438 sensum
1119 384 1414 438 ostendunt
1437 387 1552 452 ipsa
1574 383 1868 451 Scriptune
1893 384 2076 447 verba,

2204 386 2246 438 τὰ
2280 387 2500 455 ῥήματα
2537 385 2632 454 τῆς
2668 385 2909 456 Γραφῆς,
2938 384 3108 448 οὕτως
3137 385 3342 454 ἔχοντα,
3361 389 3489 462 Ἤδη
3503 385 3696 454 γέγονεν

517 495 638 549 qua:
671 479 752 533 sic
788 478 986 530 habent
1017 476 1172 531 :Jam
1227 478 1424 531 factum
1465 486 1548 530 est
1585 478 1637 530 in
1696 476 1910 529 sacculis
1961 490 2082 544 quae

521 569 744 622 fuerunt
781 577 904 620 ante
934 582 1055 620 nos.
1085 565 1140 620 Si
1174 575 1351 620 autem
1380 579 1567 618 eorum
1600 579 1718 630 qua:
1753 565 1892 616 facta
1923 571 2107 626 sunt,,

519 656 727 712 exstitit
751 656 973 715 oblivio,
1003 655 1136 708 nihil
1164 656 1398 708 mireris.
1432 652 1562 705 Nam
1615 661 1667 706 et
1695 667 1755 705 ea
1790 668 1908 720 qua:
1939 665 2085 703 nunc.

523 753 669 811 sunt,
729 743 1152 813 comprehendet
1202 744 1424 796 oblivio.
1462 741 1692 806 Quando
1726 742 1869 795 enim
1903 741 1968 793 ad
2004 743 2084 792 vi-

523 840 657 892 tium
683 853 944 891 conversa
981 846 1060 890 est
1089 843 1302 893 natura,
1337 835 1599 886 bonorum
1633 833 1788 886 nobis
1813 833 2087 900 subrepsit

523 931 750 983 oblivio:
786 931 1000 998 quando
1023 935 1201 979 autem
1222 925 1286 978 ad
1315 928 1512 977 malum
1532 925 1873 984 redierimus,
1896 940 2087 979 rursus

525 1022 724 1074 malum
755 1028 962 1087 tvgetur
989 1019 1278 1072 oblivione.
1316 1015 1468 1070 Hunc
1494 1022 1635 1069 enim
1669 1026 1935 1085 putoesse
1965 1033 2088 1069 seu-

523 1126 643 1165 sum
665 1113 714 1162 in
748 1111 812 1162 iis
843 1125 962 1178 qua:
979 1110 1118 1162 dicta
1149 1116 1295 1169 sunt,
1317 1108 1403 1160 ubi
1425 1105 1708 1165 dieit,Non
1729 1115 1808 1159 est
1831 1107 2088 1159 memoria

525 1197 739 1264 primis,
767 1213 817 1255 et
851 1195 1067 1265 quidem
1090 1193 1404 1248 novissimis
1428 1209 1549 1246 cum
1573 1193 1712 1248 facta
1737 1194 1958 1259 fuerint,
1980 1210 2089 1248 non

524 1287 627 1340 erit
661 1287 938 1339 memoria.
973 1285 1138 1350 Quasi
1181 1287 1421 1339 diceret:
1458 1287 1654 1339 Eorum
1683 1301 1803 1353 qua:
1833 1287 2089 1355 deinceps

525 1384 839 1439 evenerunt,
861 1385 981 1445 post
997 1392 1112 1428 eam
1135 1392 1253 1445 quae
1269 1377 1504 1430 abinitio
1525 1376 1625 1429 fuit
1642 1375 1974 1450 felicitatem,
1996 1392 2092 1446 per

525 1483 647 1535 quae
671 1468 720 1520 iu
755 1467 911 1520 malis
932 1469 1026 1520 fuit
1061 1483 1231 1536 genus
1255 1469 1575 1530 humanum,
1607 1467 1864 1520 delebunt
1892 1482 2090 1520 memo-

526 1557 661 1612 riam
679 1572 740 1610 ea
755 1573 874 1625 qum
890 1559 1175 1626 postremis
1194 1559 1321 1612 olim
1341 1559 1468 1612 ﬁent
1485 1558 1839 1626 temporibus.
1857 1557 1972 1611 Non
1991 1560 2094 1613 erit

526 1645 673 1698 enim
700 1659 887 1698 eorum
940 1647 1200 1699 tneu'toria
1228 1661 1350 1698 cum
1402 1645 1470 1699 iis
1498 1646 1592 1714 qui
1650 1645 1817 1698 futuri
1874 1654 2000 1701 sunt
2040 1647 2092 1700 in

2183 477 2239 528 ἐν
2267 479 2378 539 τοῖς
2418 477 2574 530 αἰῶσι
2618 479 2728 540 τοῖς
2759 477 3037 545 γεγονόσιν
3081 477 3188 530 ἀπὸ
3231 475 3516 546 ἔμπροσθεν
3542 477 3695 547 ήμῶν.

2184 567 2247 620 Εἰ
2291 556 2364 620 δὲ’
2387 567 2727 637 ἐπεκράτησε
2775 567 2911 637 λήθη
2950 568 3058 620 τῶν
3101 567 3416 636 γενομένων,
3448 566 3702 641 θαυμάσῃς

2189 658 2352 727 μηδέν
2380 675 2392 688 ·
2441 659 2532 710 καὶ
2566 657 2672 727 γὰρ
2695 657 2761 710 τὰ
2793 657 2885 710 νῦν
2911 657 3058 718 ὅντα,
3093 656 3227 726 λήθῃ
3255 656 3698 727 καταληφθήσεται.

2187 748 2314 800 Ὅτε
2348 747 2452 817 γὰρ
2486 750 2562 810 εἰς
2592 748 2786 801 κακίαν
2813 749 2844 817 ἡ
2874 748 3033 816 φύσις
3062 747 3276 818 ἔρρεψε,
3307 746 3436 816 λήθη
3459 746 3557 800 τῶν
3587 749 3706 814 ἀγα-

2187 835 2294 888 θῶν
2335 837 2630 904 ἐγενόμεθα
2655 852 2668 866 ·
2715 837 2842 889 ὅταν
2870 837 2925 889 δὲ
2968 837 3191 906 γένηται
3231 837 3366 906 πρὸς
3408 837 3464 889 τὸ
3507 837 3700 904 ἀγαθὸν,

2190 924 2344 988 αὖθις
2379 928 2507 996 ἡμῖν
2543 929 2574 997 ή
2613 928 2885 990 ἀνάλυσις,
2918 928 3074 981 πάλιν
3107 928 3166 980 τὸ
3191 929 3354 980 κακὸν
3378 926 3504 996 λήθῃ
3533 944 3711 995 σύγκα-

2187 1018 2536 1087 λυφθήσεται.
2578 1019 2792 1090 Ταύτην
2821 1019 2928 1090 γὰρ
2959 1015 3110 1089 οἶμαι
3151 1021 3246 1089 τὴν
3288 1019 3512 1072 διάνοιαν
3541 1021 3592 1070 ἐν
3617 1022 3713 1081 τοῖς

2188 1109 2493 1179 εἰρημένοις
2538 1104 2695 1169 εἷναι.
2750 1105 2806 1156 ἐν
2871 1106 2951 1172 οἷς
3003 1123 3185 1180 φησιν,
3215 1109 3326 1162 Οὐκ
3369 1110 3476 1162 ἐστι
3529 1111 3716 1179 μνήμη,

2187 1200 2297 1260 τοῖς
2350 1196 2584 1268 πρώτοις
2625 1196 2716 1249 καί
2757 1213 2820 1264 γε
2875 1199 2987 1259 τοῖς
3015 1199 3262 1267 ἐσχάτοις
3301 1197 3592 1266 γενομένοις
3633 1197 3720 1249 οὐκ

2189 1289 2340 1342 ἔσται
2395 1290 2580 1359 μνήμη
2605 1328 2619 1350 ,
2663 1288 2738 1351 ὡς
2771 1289 2836 1342 ἂν
2867 1290 2914 1340 εἰ
2949 1288 3129 1356 ἔλεγεν
3160 1306 3173 1319 ·
3213 1287 3332 1342 Τῶν
3361 1286 3720 1355 ἐπιγινομένων

2194 1381 2333 1452 μετὰ
2354 1381 2450 1451 τὴν
2473 1381 2528 1446 ἐξ
2558 1381 2728 1451 ἀρχῆς
2751 1381 2912 1450 εύκλη
2921 1381 3062 1450 ρίαν,
3085 1379 3154 1434 δι’
3179 1372 3252 1432 ὧν
3275 1381 3330 1431 ἐν
3355 1381 3532 1440 κακοῖς
3554 1378 3722 1445 γέγονε

2191 1471 2251 1523 τὸ
2283 1471 2636 1542 ἀνθρώπινον,
2672 1471 2936 1540 ἐξαλείψει
2973 1471 3070 1540 τὴν
3102 1471 3320 1540 μνήμην
3347 1469 3414 1522 τὰ
3450 1469 3604 1522 πάλαι
3627 1469 3725 1530 τοῖς

2194 1561 2439 1632 ἐσχάτοις
2487 1563 2858 1632 ἐπιγινόμενα.
2893 1563 3008 1615 Οὐκ
3049 1561 3197 1614 ἔσται
3223 1561 3331 1630 γὰρ
3360 1559 3530 1613 αὐτῶν
3561 1561 3726 1629 μνήμη

2201 1652 2337 1722 μετὰ
2379 1652 2485 1706 τῶν
2518 1653 2822 1722 γενομένων
2851 1655 2929 1716 εἰς
2967 1653 3066 1722 τὴν
3099 1653 3336 1723 ἐσχάτην
3361 1668 3372 1680 ·
3414 1651 3728 1719 τουτέστιν,ή

527 1735 845 1792 novissimo.
878 1735 990 1790 lloc
1019 1745 1142 1791 est:
1177 1738 1400 1790 ultimus
1433 1745 1610 1791 status
1644 1737 1869 1790 omnino
1892 1739 2090 1793 delebit

2204 1744 2390 1813 ἐσχάτη
2417 1744 2744 1806 κατάστασις
2795 1744 3098 1812 ἀφανισμὸν
3131 1741 3368 1812 παντελῆ
3397 1741 3492 1811 τῆς
3514 1741 3615 1794 τῶν
3639 1757 3731 1793 κα-

529 1835 740 1882 naturze
768 1828 1036 1880 malormn
1081 1830 1422 1894 memoriam,
1456 1829 1510 1881 iu
1541 1829 1761 1884 Christo
1788 1829 1949 1895 Jesu,
2004 1831 2091 1886 cui

526 1917 700 1988 gloria
737 1927 791 1972 et
821 1920 1060 1987 potentia
1088 1920 1142 1973 in
1181 1921 1379 1974 sarcula
1409 1920 1750 1974 swculorum.

596 2008 796 2063 Amen.

1121 2121 1402 2176 HOMILIA
1443 2121 1507 2175 ll.

603 2229 625 2263 ι
670 2210 802 2281 Ego,
843 2229 862 2262 ι
895 2210 1090 2278 inquit.
1127 2229 1143 2260 ι
1175 2209 1555 2264 Ecclesiastes.
1599 2230 1617 2262 ι
1665 2209 1964 2263 Didicimus
1997 2224 2095 2261 au-

530 2309 640 2356 tem
670 2285 923 2372 quisnam
953 2302 1025 2355 sit
1057 2301 1438 2364 Ecclesiastes,
1470 2301 1566 2370 qui
1597 2317 1717 2370 qua:
1757 2311 1884 2355 sunt
1935 2302 2096 2355 alier-

529 2394 712 2447 rautia
767 2401 816 2447 et
850 2393 1134 2461 dispersa,
1178 2392 1230 2444 in
1285 2408 1452 2444 unum
1517 2393 1742 2461 colligit.
1808 2405 1860 2446 et
1915 2394 2094 2445 omnia

532 2500 700 2538 unum
732 2499 946 2554 gregem
980 2483 1162 2547 ellicit,
1211 2491 1268 2535 ut
1302 2483 1433 2536 nihil
1471 2483 1540 2536 sit
1575 2484 1717 2550 quod
1754 2500 1860 2536 non
1915 2483 2098 2535 audiat

531 2573 814 2642 pulchram
884 2572 1119 2639 pastoris
1183 2586 1395 2633 vocem,
1436 2586 1556 2639 quat
1600 2571 1840 2624 vivilicat
1893 2575 2095 2626 omnia.

538 2682 557 2714 ι
604 2661 776 2717 Verba
811 2662 975 2723 enim,
1016 2680 1034 2712 ι
1065 2662 1258 2729 inquit,
1292 2680 1311 2713 ι
1345 2678 1465 2729 qua:
1497 2677 1595 2730 ego
1627 2665 1838 2730 loquor,
1875 2663 2098 2730 spiritus

533 2758 662 2806 sunt
701 2759 754 2805 et
787 2752 894 2804 vita
921 2751 986 2804 ".
1025 2771 1042 2802 ι
1079 2751 1129 2806 Is
1156 2754 1395 2820 seipsum
1431 2754 1672 2805 nominat
1703 2751 2097 2816 Ecclesiasten,

534 2853 594 2897 ut
625 2843 915 2906 medicmn,
940 2853 992 2896 et
1014 2844 1200 2904 vitam,
1225 2853 1278 2897 et
1310 2845 1793 2907 resurrectionem,
1824 2854 1875 2897 ct
1901 2845 2097 2906 lucem,

535 2941 591 2988 et
623 2933 784 2997 viam,
815 2941 867 2987 et
901 2934 1127 2996 ostium,
1163 2943 1215 2988 et
1244 2935 1551 2995 veritatem,
1581 2942 1634 2987 et
1665 2935 1847 2987 omnia
1881 2935 2099 2988 nomina

2193 1835 2305 1886 κῶν
2332 1837 2548 1904 μνήμης
2580 1835 2800 1904 ἐποίησε
2831 1835 2928 1903 τῆς
2957 1833 3188 1902 φύσεως,
3217 1836 3274 1886 ἐν
3308 1829 3521 1904 Χριστῷ
3551 1830 3734 1899 Ἰησοῦ,

2193 1918 2236 1992 ᾧ
2266 1927 2298 1995 ή
2327 1924 2452 1990 δόξα
2477 1927 2566 1979 καὶ
2595 1926 2652 1978 τὸ
2683 1927 2878 1996 κράτος
2904 1927 2983 1987 εἰς
3010 1926 3134 1987 τοὺς
3163 1923 3362 1987 αἰῶνας
3383 1923 3489 1976 τῶν
3513 1921 3728 1981 αἰώνων,

2209 2019 2264 2068 Ἀ
2275 2019 2405 2086 μήν.

2788 2107 3023 2160 ΟΜΙΛΙΑ
3066 2108 3137 2160 B‘.

2272 2218 2289 2249 ι
2331 2199 2489 2265 Ἐγὼ,
2519 2220 2534 2248 ι
2554 2201 2735 2267 φησὶν,
2756 2219 2772 2249 ι
2799 2202 2826 2251 6
2853 2199 3302 2268 Ἐκκλησιαστής.
3329 2191 3737 2265 »Ἐμάθομενδὲ,

2197 2288 2277 2351 τίς
2311 2291 2338 2341 ό
2379 2289 2824 2358 Ἑκκλησιαστὴς,
2855 2293 2882 2342 6
2914 2292 2981 2342 τὰ
3016 2287 3407 2356 πεπλανημένα
3445 2303 3498 2338 τε
3528 2286 3618 2336 καὶ
3644 2282 3742 2334 διε-

2199 2382 2570 2452 σκορπισμένα
2600 2383 2913 2450 συναγαγὼν
2939 2386 3017 2445 εἰς
3055 2384 3130 2443 ἓν,
3163 2383 3254 2434 καὶ
3292 2381 3458 2433 ποιῶν
3489 2381 3552 2432 τά
3585 2380 3745 2432 πάντα

2202 2473 2326 2542 μίαν
2347 2475 2611 2543 ποίμνην.
2649 2475 2733 2526 ἵνα
2773 2474 2934 2544 μηδὲν
2983 2475 3209 2543 ἀνήκοον
3323 2475 3420 2543 τῆς
3464 2473 3624 2540 καλῆς
3664 2469 3750 2521 τοῦ

2199 2565 2450 2634 ποιμένος
2499 2568 2680 2636 φωνῆς
2729 2567 2827 2634 τῆς
2870 2566 2935 2619 τὰ
2971 2567 3146 2619 πάντα
3193 2565 3577 2633 ζωοποιούσης.
3631 2582 3648 2612 ι
3676 2562 3746 2613 Τά

2199 2657 2305 2724 γὰρ
2330 2659 2566 2726 ῥήματα,
2593 2676 2610 2708 ι
2633 2658 2814 2724 φησὶν,
2835 2667 2854 2700 ι
2873 2656 2905 2709 ἃ
2923 2656 3030 2723 ἐγὼ
3064 2655 3228 2715 λαλῶ,
3271 2655 3487 2724 πνεῦμά
3513 2657 3639 2714 ἐστι,
3668 2651 3752 2703 καὶ

2201 2748 2312 2818 ζωή
2346 2750 2512 2804 ἐστιν.
2547 2768 2564 2798 ι
2615 2745 2780 2812 Οὗτος
2806 2749 3057 2818 ὀνομάζει
3089 2749 3281 2801 ἐαυτὸν
3325 2743 3748 2814 Ἐκκλησιαστὴν,

2199 2840 2274 2904 ώς
2309 2841 2510 2911 ἰατρὸν,
2552 2841 2644 2893 καί⁵
2685 2841 2846 2910 ζωήν,
2888 2841 2980 2892 καὶ
3028 2841 3346 2903 ἀνάστασιν,
3382 2839 3478 2893 καὶ
3506 2837 3632 2906 σῶς,
3669 2835 3753 2887 καὶ

2199 2929 2337 2994 ὁδὸν,
2373 2929 2539 2998 θύραν
2584 2947 2672 2990 τε,
2716 2929 2808 2982 καὶ
2853 2929 3139 2999 ἀλήθειαν,
3191 2930 3287 2982 καὶ
3341 2929 3513 2981 πάντα
3562 2925 3624 2978 τὰ
3667 2923 3754 2990 τῆς

536 3025 898 3079 humanitatis
927 3032 979 3078 et
1007 3025 1392 3079 benevolentiae
1417 3027 1468 3078 in
1516 3027 1782 3080 homines.
1817 3025 2099 3090 Quomodo

2207 3019 2610 3091 φιλανθρωπίας
2641 3021 2896 3089 ὀνόματα.
2947 3020 3158 3088 ’Ὠσπερ
3186 3016 3282 3072 οὖν
3329 3017 3420 3072 τοῦ
3462 3017 3557 3087 μὲν
3590 3011 3756 3082 ἰατροῦ

536 3131 666 3184 ergo
705 3114 897 3168 medici
949 3115 1168 3183 quidem
1218 3131 1318 3167 vos
1357 3116 1607 3167 convenit
1667 3116 2095 3183 a'grotautibus:

537 3205 774 3259 Verbum
812 3214 992 3257 autem
1052 3205 1170 3257 vita:
1235 3205 1286 3257 in
1322 3207 1551 3259 mortuis
1610 3214 1694 3258 est
1749 3206 1960 3266 ellicax,
2005 3207 2098 3274 qui

537 3297 758 3365 quando
797 3295 1073 3348 audierint
1107 3310 1291 3348 vocem
1317 3293 1434 3348 Filii
1477 3296 1734 3359 hominis,
1772 3298 1825 3350 in
1875 3298 2101 3366 pristina

539 3386 870 3440 mortalitate
902 3401 1007 3438 non
1037 3385 1268 3454 amplius
1294 3396 1574 3441 remanent
1599 3406 1613 3454 ;
1640 3389 1734 3457 qui
1767 3399 1944 3443 autem
1974 3398 2102 3444 sunt

540 3478 596 3532 in
633 3477 894 3545 sepulcris
921 3484 1170 3545 quaarunt
1201 3491 1383 3531 vocem
1414 3480 1850 3540 resurrectionis.
1884 3489 1937 3536 et
1962 3482 2102 3536 lucis

539 3567 685 3623 ratio
719 3568 974 3621 convenit
1008 3569 1073 3622 iis
1125 3567 1217 3636 qui
1276 3579 1404 3621 sunt
1441 3569 1742 3634 obscurati,
1804 3579 1859 3626 et
1893 3573 1976 3626 via
2020 3580 2104 3628 est

539 3658 688 3712 laevis
727 3673 790 3712 ac
822 3658 977 3727 plana
1009 3657 1076 3712 iis
1105 3659 1196 3727 qui
1232 3659 1639 3723 aberraverunt,
1698 3669 1752 3715 et
1787 3663 1989 3716 ostium
2029 3664 2097 3718 iis

541 3747 742 3816 quibus
771 3761 911 3816 Opus
943 3755 1047 3808 est,
1080 3754 1136 3800 ut
1164 3749 1403 3802 intrent:
1440 3749 1514 3802 ita
1548 3749 1908 3808 Ecclesiastes
1929 3752 2106 3807 omni-

542 3853 614 3892 no
644 3838 864 3891 disserit
893 3853 1014 3891 cum
1052 3838 1119 3892 iis
1149 3838 1238 3906 qui
1271 3847 1396 3891 sunt
1424 3839 1476 3894 in
1510 3839 1774 3896 Ecclesia.
1804 3840 1913 3897 Nos
1938 3843 2105 3914 igitur

543 3929 840 3998 alloquitur
863 3927 1240 3983 Ecclesiastes.
1281 3927 1580 3986 Audiamus
1628 3933 1810 4003 itaque
1858 3950 1958 3990 nos
1987 3935 2104 4004 ejus

542 4018 730 4082 verba,
780 4019 872 4088 qui
944 4034 1134 4074 sumus
1193 4019 1454 4076 Ecclesia.
1505 4022 1657 4076 Sicut
1710 4025 1853 4078 enim
1907 4027 2107 4082 chorus

545 4110 743 4179 aspicit
777 4111 843 4165 ad
875 4112 1242 4181 coryphaeum,
1287 4129 1479 4184 nempe
1519 4129 1676 4168 suum
1712 4116 2016 4181 ductorem,
2054 4127 2108 4174 et

543 4209 726 4255 nautae
754 4200 819 4253 ad
853 4201 1296 4271 gubernatorem,
1335 4212 1390 4258 et
1420 4204 1566 4258 acies
1602 4205 1668 4259 ad
1703 4207 2103 4276 imperatorem,

546 4291 620 4346 ita
643 4292 903 4346 etiam'ad
936 4291 1190 4347 Ecclesia:
1227 4294 1417 4349 ducem
1475 4296 1532 4358 ii,
1565 4296 1655 4365 qui
1692 4306 1821 4350 sunt
1862 4299 1913 4351 in
1963 4309 2106 4353 cmtu

2208 3113 2239 3181 ή
2271 3113 2420 3182 φωνὴ
2456 3113 2586 3182 πρὸς
2616 3113 2740 3173 τοὺς
2767 3110 3121 3173 ἀσθενοῦντας
3145 3112 3363 3172 οἰκείως
3391 3109 3520 3178 ἔχει,
3546 3110 3572 3160 6
3599 3105 3651 3157 δὲ
3672 3104 3758 3172 τῆς

2208 3202 2353 3272 ζωῆς
2386 3204 2554 3269 Λόγος
2588 3204 2676 3254 ἐπὶ
2708 3202 2812 3254 τῶν
2859 3202 3063 3272 νεκρῶν
3097 3202 3321 3269 ἐνεργὴς
3378 3200 3615 3267 γίνεται,
3663 3195 3760 3248 τῶν

2207 3295 2334 3347 ὅταν
2382 3293 2650 3346 ἀκούσωσι
2681 3293 2779 3360 τῆς
2807 3293 2992 3360 φωνῆς
3025 3291 3116 3343 τοῦ
3155 3291 3286 3343 Υἰοῦ
3330 3291 3424 3342 τοῦ
3470 3287 3758 3358 ἀνθρώπου,

2212 3386 2404 3454 μηκέτι
2431 3384 2864 3453 ἐναπομενόντων
2894 3387 2956 3452 τῇ
2987 3383 3186 3453 ἀρχαίᾳ
3213 3383 3506 3451 νεκρότητι
3525 3397 3539 3410 ·
3572 3380 3618 3431 οἰ
3641 3379 3691 3430 δὲ
3713 3378 3763 3427 ἐν

2210 3476 2454 3546 χώμασιν
2498 3475 2668 3537 ὄντες,
2711 3474 2806 3543 τὴν
2851 3475 3030 3544 φωνὴν
3059 3473 3159 3542 τῆς
3191 3473 3548 3534 ἀναστάσεως
3589 3468 3766 3536 ἐπιζη-

2209 3568 2357 3620 τοῦσι
2382 3605 2395 3626 ,
2448 3568 2541 3620 καὶ
2595 3567 2622 3616 ὁ
2672 3565 2764 3617 τοῦ
2809 3564 2984 3632 φωτὸς
3025 3564 3178 3631 λόγος
3218 3567 3335 3627 τοῖς
3383 3560 3767 3631 ἐσκοτισμένοις

2210 3658 2532 3728 ἁρμόδιος,ἥ
2553 3673 2611 3707 τε
2657 3655 2772 3718 όδὸς
2811 3641 2922 3716 τοῖς
2963 3654 3407 3725 πεπλανημένοις
3456 3653 3594 3714 λεία,
3628 3650 3770 3716 καὶὴ

2211 3747 2348 3818 θύρα
2379 3750 2489 3810 τοῖς
2521 3746 2614 3798 τοῦ
2661 3746 2918 3798 εἰσελθεῖν
2943 3746 3211 3815 δεομένοις
3232 3765 3248 3780 ·
3284 3745 3431 3798 οὕτω
3472 3744 3564 3798 καὶ
3589 3747 3616 3795 6
3659 3741 3770 3792 Ἐκ-

2211 3838 2681 3909 κλησιαστὴς,τοῖς
2723 3835 3136 3907 ἐκκλησιάζουσι
3181 3835 3498 3903 διαλέγεται
3553 3833 3772 3890 πάντως.

2213 3927 2417 3981 Οὐκοῦν
2466 3927 2599 3998 πρὸς
2629 3929 2774 3998 ἡμᾶς
2806 3926 2956 3979 λαλεῖ
2997 3927 3024 3977 6
3067 3925 3506 3996 Ἐκκλησιαστής
3537 3941 3550 3955 ·
3598 3921 3688 3975 καὶ
3717 3917 3773 3986 δὴ

2212 4020 2530 4090 ἀκούσωμεν
2557 4020 2663 4072 τῶν
2695 4019 2865 4086 λόγων
2888 4016 3048 4071 αὑτοῦ
3077 4020 3240 4088 ἡμεῖς
3267 4019 3300 4088 ή
3346 4016 3662 4086 Ἐκκλησία.
3699 4011 3776 4072 Ὠς

2213 4112 2318 4180 γὰρ
2345 4113 2372 4163 ὁ
2405 4111 2500 4180 μὲν
2520 4111 2674 4181 χορὸς
2705 4109 2838 4180 πρὸς
2865 4108 2953 4162 τὸν
2981 4110 3277 4178 κορυφαῖον
3305 4109 3432 4178 ὁρᾷ,
3467 4107 3601 4177 πρὸς
3625 4103 3675 4156 δὲ
3696 4101 3777 4153 τὸν

2214 4202 2550 4272 κυϐερνήτην
2590 4202 2638 4254 οἰ
2680 4200 2869 4253 ναῦται
2894 4239 2908 4261 ,
2957 4200 3049 4251 καὶ
3092 4199 3228 4270 πρὸς
3275 4199 3370 4252 τὸν
3419 4193 3775 4268 στρατηγὸνὴ

2216 4292 2536 4362 παράταξις,
2565 4289 2710 4344 οὕτω
2730 4291 2821 4342 καὶ
2852 4290 2985 4358 πρὸς
3011 4289 3099 4340 τὸν
3135 4289 3499 4358 καθηγεμόνα
3530 4287 3626 4354 τῆς
3671 4283 3778 4335 Ἐκ·

545 4381 824 4439 Ecclesiae.
860 4383 996 4448 Quid
1032 4401 1163 4455 ergo
1195 4386 1329 4440 dicit
1362 4386 1770 4444 Ecclesiastes?
1807 4409 1827 4440 ι
1866 4389 1978 4460 Ego
2013 4391 2099 4446 Ec-

2216 4383 2461 4453 κλησίας,
2493 4383 2541 4434 οἰ
2575 4383 2632 4434 ἐν
2659 4381 2735 4451 τῷ
2764 4379 3086 4450 πληρώματι
3118 4378 3273 4442 ὄντες
3308 4380 3414 4447 τῆς
3449 4375 3774 4444 Ἐκκλησίας.

545 4475 828 4531 clesiastes
874 4475 950 4530 fui
986 4492 1080 4530 rex
1111 4477 1273 4530 Israel
1337 4479 1390 4531 in
1455 4477 1776 4535 Jerusalem.
1827 4501 1844 4532 ι
1883 4481 2111 4547 Quando

547 4564 803 4619 hociAn
859 4580 969 4620 non
1027 4567 1252 4620 omnino
1287 4569 1504 4637 quando
1544 4569 1644 4623 fuit
1678 4572 1746 4624 ab
1795 4571 1929 4640 ipsis
2023 4589 2109 4627 rex

548 4655 884 4709 constitutus
933 4671 1098 4724 super
1162 4655 1293 4711 Sion
1356 4670 1588 4713 montem
1647 4669 1894 4714 sanctmn
1957 4662 2110 4729 ejus,

549 4743 859 4812 prredirans
893 4754 1218 4814 praeceptum
1253 4746 1616 4803 Domini?Cui
1667 4750 1801 4804 dixit
1830 4750 2112 4816 Dominus,

556 4851 575 4884 ι
593 4831 764 4888 Filius
791 4849 944 4888 meus
960 4851 1018 4889 es
1043 4843 1120 4898 tu,
1146 4851 1244 4905 ego
1267 4837 1428 4891 hodie
1447 4840 1606 4907 genui
1629 4840 1760 4898 te“;
1785 4861 1801 4892 ι
1822 4857 1943 4895 eum
1970 4845 2112 4898 enim

550 4924 644 4994 qui
682 4932 768 4978 est
797 4933 1010 4979 creator
1045 4925 1308 4989 universi,
1342 4936 1396 4980 et
1425 4934 1577 4995 pater
1606 4930 1927 4984 smculorum
1981 4933 2117 4986 dixit

552 5031 613 5071 se
642 5017 801 5072 hodie
827 5018 1101 5087 genuisse,
1137 5026 1196 5070 ut
1227 5034 1322 5086 per
1354 5018 1456 5072 hoc
1492 5021 1632 5088 quod
1695 5024 1922 5092 tempori
1951 5039 2115 5093 gene-

555 5107 806 5173 rationis,
846 5125 1042 5163 nomen
1078 5111 1377 5178 tcmporale
1417 5111 1823 5179 adjecerit,non
1856 5130 1973 5169 eam
1999 5131 2119 5184 quae

555 5197 657 5251 fuit
690 5208 814 5253 ante
839 5201 1034 5255 saecula
1069 5203 1383 5266 essentiam,
1426 5204 1518 5258 sed
1553 5219 1670 5257 eam
1725 5221 1845 5274 qua:
1907 5207 2006 5261 fuit
2060 5209 2114 5261 in

555 5294 800 5358 tempore
835 5290 901 5342 ad
929 5291 1210 5344 hominum
1243 5294 1493 5357 salutem,
1517 5307 1612 5362 per
1641 5309 1860 5350 carnem
1892 5309 2118 5365 genera-

553 5379 758 5435 tionem
817 5383 1042 5436 verbum
1073 5384 1384 5438 ostenderit.

661 5647 702 5680 6-“
730 5647 980 5712 103nm,
1007 5648 1095 5702 63.
1178 5646 1385 5702 “Psal.
1421 5663 1480 5710 ιι,
1515 5647 1546 5701 0
1578 5663 1704 5713 sqq.

2216 4473 2279 4524 Τί
2319 4469 2410 4525 οὖν
2461 4472 2620 4541 φησὶν
2663 4474 2692 4524 6
2743 4471 3205 4540 Ἐκκλησιαστήςς
3278 4489 3299 4521 ι
3342 4470 3490 4538 Ἐγὼ
3536 4467 3778 4535 ἐγενόμην

2219 4564 2469 4634 βασιλεὺς
2503 4564 2594 4616 ἐπὶ
2627 4563 2839 4632 Ἰσραὴλ
2866 4563 2922 4614 ἐν
2965 4561 3352 4632 Ἰερουσαλήμ.
3384 4582 3402 4614 ι
3446 4562 3584 4615 Πότε
3605 4557 3780 4617 τοῦςο;

2221 4658 2290 4709 Ἢ
2321 4657 2534 4717 πάντως
2565 4655 2649 4706 ὅτε
2683 4654 3018 4722 κατεστάθην
3053 4651 3308 4722 βασιλεὺς
3343 4655 3438 4706 ὑπ’
3477 4651 3658 4709 αὑτοῦ,
3703 4644 3780 4698 ἐπὶ

2218 4747 2354 4800 Σιὼν
2381 4746 2503 4817 ὅρος
2533 4745 2591 4797 τὸ
2621 4745 2770 4812 ἅγιον
2801 4744 2980 4803 αὑτοῦ,
3014 4743 3357 4810 διαγγέλλων
3385 4744 3448 4796 τὸ
3477 4743 3779 4813 πρόσταγμα

2219 4837 2452 4907 Κυρίού;
2481 4835 2620 4905 Πρὸς
2670 4835 2728 4886 ὃν
2775 4831 2926 4887 εἶπεν
2953 4837 2979 4886 6
3009 4834 3234 4901 Κύριος,
3271 4835 3360 4887 ὅτι
3416 4856 3434 4884 ι
3467 4833 3593 4893 Υἱός
3621 4847 3714 4900 μου
3740 4819 3784 4876 εἴ

2219 4929 2304 4987 σὺ,
2343 4947 2362 4978 ι
2399 4927 2490 4978 καὶ
2538 4926 2618 4976 ὅτι
2672 4927 2955 4992 (Σήμερον
2999 4925 3314 4994 γεγέννηκά
3364 4939 3505 4988 σεςι
3562 4922 3648 4974 τὸν
3689 4915 3782 4985 γὰρ

2218 5019 2442 5090 ποιητὴν
2465 5017 2556 5071 τοῦ
2582 5018 2797 5080 παντὸς,
2823 5019 2913 5070 τὸν
2932 5018 3038 5069 τῶν
3060 5017 3275 5071 αἰώνων
3305 5023 3546 5088 πατέρα,
3573 5015 3786 5082 σήμερον

2217 5109 2336 5165 εἰπε
2365 5109 2772 5179 γεγεννηκέναι,
2811 5110 2899 5163 ἵνα
2925 5110 3010 5162 διὰ
3039 5109 3130 5163 τοῦ
3165 5110 3512 5180 παραθεῖναι
3542 5106 3600 5158 τὸ
3627 5115 3785 5174 χρονιο

2222 5206 2314 5258 γὸν
2347 5203 2513 5272 ὄνομα
2539 5199 2614 5270 τῷ
2639 5200 2815 5270 καιρῷ
2843 5201 2941 5270 τῆς
2966 5201 3298 5269 γεννήσεως,
3333 5201 3411 5270 μὴ
3449 5199 3547 5268 τὴν
3573 5189 3788 5264 προαιώ-

2221 5312 2331 5348 νιον
2359 5292 2610 5363 ὓπαρξιν,
2657 5292 2790 5344 ἀλλὰ
2822 5292 2917 5361 τὴν
2963 5292 3020 5342 ἐν
3052 5291 3230 5360 χρόνῳ
3277 5291 3375 5344 ἐπὶ
3413 5285 3654 5356 σωτηρίᾳ
3691 5277 3792 5333 τῶν

2223 5384 2527 5457 ἀνθρώπων
2640 5385 2726 5437 διὰ
2794 5383 2990 5454 σαρκὸς
3047 5382 3310 5452 γέννησιν
3384 5379 3705 5452 παραστήσῃ
3760 5369 3788 5420 6

2227 5472 2398 5541 λόγος.
