4018 6334
167 234 238 291 στι
1078 218 1081 221 “
1164 236 1231 292 IN
1267 234 1801 294 ECCLESIASTEN.
1831 231 2105 288 nonth
2149 229 2215 284 ιι.

3211 232 3314 291 658

211 342 361 396 Ταῦτα
384 334 464 395 οὖν
496 345 520 396 6
547 343 789 414 ἀληθινὸς
830 346 1259 420 Ἐκκλησιαστὴς
1289 350 1632 421 διεξέρχεται,

1819 346 1943 402 llaec
1969 361 2099 418 ergo
2120 343 2465 416 persequitur
2490 360 2650 399 verus
2672 344 3056 416 Ecclesmstcs,
3087 349 3320 421 docens,

156 431 380 495 διδάσκων,
407 430 564 502 οἶμαι,
609 434 668 486 τὸ
704 435 847 504 μέγα
893 438 990 507 τῆς
1021 440 1299 504 εὐσεϐείας
1330 443 1645 513 μυστήριον,

156 523 243 574 ὅτου
261 522 393 592 χάριν
412 522 464 573 ἐν
489 524 642 592 σαρκὶ
663 523 691 575 6
712 523 841 583 Θεὸς
871 527 1209 599 ἐφανερώθη.
1251 548 1269 579 ι
1286 531 1498 605 Ἔδωκα
1515 530 1643 600 γὰρ,

151 612 264 681 equi.
292 610 375 680 τὴν
405 611 615 682 καρδίαν
653 630 753 682 μου
786 615 879 666 τοῦ
911 617 1209 687 ἐκζητῆσαι
1235 620 1328 671 καὶ
1360 619 1452 672 τοῦ
1482 637 1647 673 κατα-

154 702 388 770 σκέψασθαι
415 703 467 754 ἐν
494 705 652 774 σοφίᾳ
677 706 803 776 περὶ
835 706 1049 759 πάντων
1076 708 1183 761 τῶν
1214 710 1518 779 γενομένων
1539 711 1646 763 ὑπὸ

148 792 213 847 τὸν
244 793 453 864 οὐρανόν.
487 814 504 845 ι
554 796 699 866 Αὕτη
752 799 785 868 ἡ
840 796 985 851 αἰτία
1037 798 1128 851 τοῦ
1183 801 1516 872 ἐπιδημῆσαι
1559 803 1646 856 διὰ

150 884 297 953 σαρκὸς
337 887 436 947 τοῖς
480 886 783 957 ἀνθρώποις
815 888 903 940 τὸν
934 887 1134 960 Κύριον
1161 931 1177 958 ,
1234 891 1293 944 τὸ
1334 890 1515 944 δοῦναι
1548 891 1644 962 τὴν

147 975 317 1045 καρδίαν
340 974 494 1027 αὐτοῦ
525 979 603 1040 εἰς
633 978 694 1030 τὸ
723 979 1120 1049 ἐπισκέψασθαι
1150 983 1205 1032 ὲν
1229 984 1295 1052 τῇ
1325 982 1484 1052 σοφίᾳ
1515 983 1637 1035 ἐαυ.

145 1064 210 1116 τοῦ
234 1065 460 1133 περὶτῶν
503 1067 607 1120 ὑπὸ
637 1068 726 1120 τὸν
771 1070 999 1140 οὐρανὸν
1049 1072 1372 1141 γενομένων.
1427 1074 1506 1127 Τὰ
1535 1074 1641 1144 γὰρ

146 1155 244 1229 ὑπὲρ
262 1155 338 1207 τὸν
366 1157 583 1229 οὐρανὸν
610 1160 710 1212 οὐκ
736 1160 904 1214 ἐδεῖτο
930 1160 1023 1214 τοῦ
1055 1163 1538 1232 ἐπισκεπτομένου,
1567 1164 1642 1229 ὡς

141 1245 225 1299 aiis
260 1244 338 1296 τοῦ
370 1247 700 1316 ἰατρεύοντος
741 1250 802 1302 τὸ
840 1250 914 1320 μὴ
952 1254 1018 1321 τῇ
1065 1252 1204 1321 νόσῳ
1235 1252 1601 1322 κρατούμενον
1623 1271 1638 1285 ·

140 1335 226 1386 ἐπεὶ
251 1332 329 1389 οὖν
354 1338 470 1408 περὶ
499 1338 604 1407 γῆν
636 1339 704 1393 τὰ
740 1342 904 1394 κακά.
951 1341 1024 1394 Τὸ
1053 1341 1161 1412 γὰρ
1192 1343 1515 1414 ἐρπλστικὸν
1545 1347 1640 1397 καὶ

139 1417 266 1492 βίαιον
292 1425 458 1497 θηρίον
495 1429 523 1480 6
573 1428 698 1498 ὄφις
743 1431 836 1483 ἐπὶ
879 1430 957 1501 τῷ
1008 1432 1195 1501 στήθει
1228 1433 1321 1485 καὶ
1352 1435 1417 1505 τῇ
1464 1434 1640 1506 κοιλίᾳ

138 1513 387 1583 συρόμενος,
429 1516 625 1587 βρῶμα
674 1523 905 1573 ποιεῖται
932 1521 1030 1591 τὴν
1058 1522 1182 1592 γῆν,
1215 1522 1367 1575 οὐδὲν
1398 1522 1505 1575 τῶν
1545 1524 1635 1576 οὐ-

138 1605 287 1672 ρανίων
306 1606 626 1676 σιτούμενος,
654 1608 765 1661 ἀλλ’
796 1612 853 1663 ἐν
873 1610 950 1682 τῷ
978 1612 1296 1683 πατουμένῳ
1321 1612 1636 1684 συρόμενος.

1750 447 1810 491 ιιι
1848 438 2105 504 arbitror,
2165 453 2419 506 magnum
2468 437 2687 506 pietatis
2747 442 3092 510 mysterium,
3125 460 3319 515 nempe

1748 544 1987 597 quanam
2022 527 2088 583 de
2116 543 2281 583 causa
2336 527 2477 583 Deus
2515 530 2567 582 in
2601 544 2766 584 carne
2806 532 2879 586 sit
2910 533 3314 593 maniiestatus.

1753 637 1772 670 ι
1821 619 1973 682 Dedi,
2018 639 2035 670 ι
2078 620 2274 689 inquit,
2332 638 2351 670 ι
2412 636 2506 674 cor
2557 636 2735 675 meum
2791 631 2850 676 ut
2906 638 3203 692 quaererem
3261 634 3316 684 et

1747 710 2133 781 investigarent
2165 712 2219 766 in
2252 713 2518 781 sapientia
2563 714 2631 769 de
2685 714 2943 769 omnibus
2998 731 3118 785 qua:
3173 718 3315 775 facta

1746 800 1999 855 suntsub
2032 801 2165 856 sole.
2213 820 2231 853 ι
2294 801 2417 857 llaec
2454 810 2539 857 est
2599 818 2766 859 causa
2801 819 2902 858 cur
2942 803 3205 861 Dominus
3260 808 3315 862 in

1744 904 1910 945 carne
1937 892 2004 945 ad
2041 891 2290 947 homines
2319 892 2622 957 advenerit,
2664 903 2717 948 et
2764 894 2906 948 inter
2936 909 3033 949 eos
3089 896 3163 950 sit
3193 912 3317 952 ver-

1744 988 1917 1046 satus,
1945 998 2137 1052 nempe
2168 990 2227 1036 ut
2261 983 2416 1049 daret
2446 999 2542 1037 cor
2573 1000 2730 1039 suum
2754 985 2821 1039 ad
2853 986 3313 1042 considerandum

1744 1072 1797 1125 in
1828 1072 2091 1139 sapientia
2124 1088 2244 1136 sua,
2284 1073 2352 1128 de
2383 1074 2640 1128 omnibus
2665 1090 2787 1144 qua:
2844 1075 2985 1128 facta
3047 1084 3174 1130 sunt
3209 1076 3314 1132 sub

1742 1163 1902 1217 cmlo.
1930 1161 2063 1216 Nam
2094 1179 2215 1232 qum
2244 1172 2371 1219 sunt
2410 1180 2574 1234 super
2602 1166 2823 1230 coelum,
2855 1181 2964 1220 non
2989 1180 3125 1236 opus
3146 1166 3313 1223 habe-

1742 1252 1873 1306 bant
1903 1254 2088 1323 aliquo
2122 1255 2216 1323 qui
2256 1254 2578 1324 inquireret,
2614 1272 2791 1326 neque
2824 1272 2888 1312 eo
2934 1258 3028 1328 qui
3064 1258 3312 1314 medere-

1742 1350 1832 1397 tur
1864 1345 1915 1400 ei
1945 1344 2090 1413 quod
2118 1345 2307 1399 morbo
2341 1361 2448 1400 non
2499 1346 2803 1402 laborabat.
2861 1347 3127 1413 Quoniam
3180 1363 3313 1421 ergo

1742 1432 1797 1487 in
1834 1442 1980 1487 terra
2007 1438 2136 1488 sunt
2168 1434 2309 1488 mala
2337 1452 2351 1501 ;
2393 1436 2606 1505 reptilis
2626 1435 2771 1490 enim
2794 1445 2848 1492 et
2873 1437 3109 1492 violenta
3136 1437 3312 1494 bestia

1741 1540 2003 1594 serpens,
2045 1542 2165 1597 quae
2212 1526 2456 1597 rependo
2509 1528 2756 1599 graditur
2789 1544 2955 1600 supra
3014 1538 3209 1601 pectus
3257 1535 3314 1587 et

1740 1625 2006 1677 ventrem.
2038 1626 2241 1672 terram
2272 1618 2532 1683 comedit,
2577 1626 2631 1673 et
2661 1619 2811 1673 nulla
2842 1635 2901 1675 re
2961 1634 3189 1676 vescens
3241 1636 3311 1677 ex

136 1692 235 1762 πρὸς
257 1695 305 1747 τὸ
334 1697 663 1769 πατούμενον
708 1700 794 1753 ἀεὶ
826 1700 1035 1771 βλέπει,
1062 1702 1244 1774 τηρῶν
1275 1703 1372 1775 τὴν
1406 1704 1632 1776 πτέρναν

1741 1708 2057 1763 coelestibus
2083 1709 2153 1774 ⁸⁸,
2191 1708 2288 1765 sed
2316 1715 2539 1780 reptans
2577 1710 2632 1765 in
2668 1725 2733 1765 eo
2760 1709 2904 1781 quod
2936 1712 3201 1777 calcatur,
3240 1711 3310 1768 ad

134 1784 203 1853 τῆς
227 1785 534 1859 ἀνθρωπίνης
580 1790 828 1862 πορείας,
862 1793 953 1845 καὶ
985 1792 1075 1845 τὸν
1106 1793 1183 1846 ίδν
1225 1794 1386 1859 ἐνιεὶς
1412 1795 1640 1859 ἐκείνοις

137 1874 303 1943 tot;th
322 1876 556 1941 ἐξουσίαν
586 1879 681 1932 τοῦ
708 1883 896 1933 πατεῖν
918 1881 1101 1934 ἐπάνω
1119 1882 1294 1953 ὄφεων
1319 1884 1636 1941 ἀπολέσασι.

140 1966 204 2018 Διὰ
236 1967 365 2022 τοῦτο
395 1970 561 2023 ἔδωκε
594 1972 695 2041 τὴν
722 1972 946 2043 καρδίαν
985 1973 1148 2027 αὐτοῦ
1203 1975 1501 2047 ἐκζητῆσαι
1547 1978 1639 2031 καὶ

141 2058 503 2129 κατασκέψασθαι
536 2062 673 2133 περὶ
707 2062 927 2117 πάντων
954 2065 1061 2119 τῶν
1087 2066 1392 2137 γενομένων
1422 2068 1526 2121 ὑπὸ
1547 2068 1639 2122 τὸν

137 2149 316 2222 οὐρανόν.
369 2153 451 2206 Ἐν
482 2155 596 2226 γὰρ
629 2158 739 2218 τοῖς
771 2157 1026 2230 ὑπεράνω
1064 2158 1170 2211 τῶν
1212 2159 1454 2230 οὐρανῶν
1501 2154 1637 2214 ἀτα-

134 2243 327 2297 πείνωτον
356 2245 531 2315 βλέπει
568 2248 671 2318 τὴν
704 2247 852 2302 θείαν
902 2249 1374 2321 μεγαλοπρέπειαν
1423 2254 1452 2305 6
1497 2253 1638 2324 Προ-

134 2332 260 2405 ςήτης
293 2333 447 2403 λέγων
472 2376 488 2401 ,
543 2338 923 2410 ὃτιιἘπήρθη
969 2342 1002 2413 ἡ
1058 2341 1497 2413 μεγαλοπρέπειά
1542 2360 1635 2396 σου

132 2422 323 2495 ὑπεράνω
364 2429 465 2483 τῶν
511 2430 764 2503 οὐρανῶν
800 2449 813 2462 ·
834 2433 1056 2505 »ἐπειδὴ
1091 2434 1182 2487 καὶ
1228 2433 1287 2488 τὸ
1316 2436 1636 2506 ἐπουράνιον

131 2515 251 2586 μέρος
283 2520 356 2573 διὰ
380 2522 472 2594 τῆς
501 2523 708 2587 κακίας
743 2525 1100 2597 ἐταπεινώθη.
1156 2526 1312 2581 Οὕτω
1335 2527 1443 2598 γάρ
1473 2545 1635 2599 φησιν

129 2608 436 2682 ὕφαλμιρδὸς,
466 2616 548 2668 ὅτι
581 2614 673 2671 διὰ
706 2617 802 2675 τὰς
829 2618 1101 2689 ἁμαρτίας
1131 2620 1309 2673 αὐτῶν
1339 2620 1634 2674 ἐταπεινώ-

42 2738 45 2795 γ
130 2694 267 2765 θησαν.
296 2702 449 2757 Τοῦτο
474 2700 646 2777 ἢλθεν
685 2707 713 2757 6
754 2707 1184 2781 Ἐκκλησιαστὴς
1215 2706 1631 2780 ἐπισκέψασθαι,

40 2788 45 2873 ἐ
126 2788 160 2838 τί
181 2790 361 2857 γέγονεν
394 2795 495 2848 ὑπὸ
519 2796 617 2848 τὸν
644 2798 890 2868 οὐρανὸν,
921 2798 949 2851 ὃ
986 2800 1058 2871 μὴ
1091 2799 1353 2871 πρότερον
1384 2797 1451 2873 ἦν
1473 2818 1486 2834 ⁸
1519 2802 1636 2865 πῶς

127 2877 361 2954 abillis“;
392 2887 692 2957 ματαιότης
713 2927 727 2951 ,
779 2887 894 2951 πῶς
927 2889 1268 2960 ἐπεκράτησε
1300 2889 1358 2943 τὸ
1390 2889 1635 2963 ἀνύπαρ-

122 3062 241 3114 κικὺν
279 3068 660 3134 ἀνυπόστατον,
692 3073 775 3125 ὅτι
815 3074 879 3125 ἐκ
928 3071 1020 3125 τοῦ
1070 3072 1145 3143 μὴ
1191 3073 1343 3135 ὄντος
1374 3073 1470 3146 τὴν
1501 3075 1635 3129 ὑπό-

119 3166 254 3207 στασιν
274 3156 376 3228 ἔχει
393 3177 405 3190 ’
436 3161 495 3213 τὸ
518 3160 577 3214 δὲ
604 3165 669 3214 ἐκ
694 3162 787 3215 τοῦ
812 3163 961 3227 ὄντος
992 3165 1069 3235 μὴ
1097 3163 1177 3228 ὃν,
1206 3164 1328 3218 οὐδέ
1357 3167 1470 3219 ἐστι
1505 3166 1635 3219 πάν-

116 3262 188 3310 m;
213 3253 332 3306 κατὰ
354 3255 449 3322 τὴν
482 3256 623 3309 ἰδίαν
648 3256 809 3325 φύσιν
831 3273 846 3289 ο
876 3258 989 3311 ἀλλ’
1019 3258 1167 3329 ὅμως
1190 3259 1297 3312 τῶν
1318 3262 1384 3332 τῇ
1412 3260 1634 3330 ματαιὸ-

32 3336 35 3359 “
108 3342 570 3411 τηπιόμοιωθέντων
608 3348 902 3420 ἐπικρατεῖ
934 3347 1256 3418 ματαιότης.

34 3426 37 3459 ι
110 3429 271 3459 ...;.ι....
308 3443 384 3459 Α-.
422 3438 727 3459 ---_-_J_-_
766 3454 914 3459 ,μμ
955 3448 1140 3459 ..-μμ
1169 3456 1196 3459 __
1231 3457 1239 3459 .

103 3528 167 3573 net
190 3525 400 3580 vanitas.

146 3610 319 3669 Ἦλθεν
342 3614 436 3672 οὖν
479 3617 788 3688 ἐκζητῆσαι
818 3618 884 3688 τῇ
917 3615 1107 3670 ἐαυτοῦ
1139 3615 1299 3688 σοφίᾳ
1328 3615 1380 3668 τί
1411 3616 1631 3685 γέγονεν

98 3701 171 3759 είτό
194 3707 274 3761 τὸν
297 3709 469 3778 ἥλιον,
502 3709 595 3772 τίς
688 3708 947 3779 σύγχυσις
979 3709 1085 3762 τῶν
1115 3709 1238 3780 τῇδε
1270 3708 1630 3781 πραγμάτιον,

96 3795 178 3859 ὠς
196 3799 452 3873 ἐδουλώθη
477 3801 550 3854 τὸ
567 3801 626 3869 ὃν
645 3800 720 3869 τῷ
743 3801 818 3871 μὴ
839 3800 981 3854 ὅντι-
1017 3800 1133 3864 πῶς
1157 3799 1468 3854 δυναστεύει
1491 3799 1632 3853 κατὰ

92 3885 158 3941 τοῦ
195 3889 334 3954 ὄντος
377 3892 443 3945 τὸ
500 3892 896 3969 ἀνυπόστατον.
960 3908 979 3942 ι
1007 3891 1118 3945 Καὶ
1156 3887 1293 3944 οἶδεν
1340 3892 1420 3944 ὅτι
1472 3907 1630 3958 περι-

90 3983 288 4052 σπασμδν
317 3983 566 4055 πονηρὸν
610 3982 808 4036 ἔδωκεν
857 3983 887 4035 6
926 3981 1058 4045 Θεὸς
1093 3983 1203 4045 τοῖς
1246 3983 1379 4045 υἱοῖς
1421 3980 1632 4052 ἀνθρώο

90 4084 191 4135 πων,
218 4073 304 4127 τοῦ
342 4075 729 4143 περισπᾶσθαι
759 4076 816 4127 ἐν
845 4073 1016 4145 αὐτῷ.
1058 4092 1077 4125 ›
1126 4072 1296 4127 Τοῦτο
1325 4072 1401 4137 δὲ,
1434 4073 1530 4143 οὐχ
1557 4071 1634 4136 ὡς

83 4162 215 4227 ἀντι-ς
247 4168 307 4219 ἐκ
334 4167 434 4220 τοῦ
477 4166 775 4237 προχείρου
806 4165 1041 4237 νοήσειε,
1076 4164 1296 4228 εὐσεϐές
1336 4166 1484 4218 ἐστιν
1522 4165 1631 4218 οἴε-

86 4252 194 4315 ἳβκ.
212 4257 288 4310 ὅτι
302 4258 470 4323 αὐτὸς
505 4258 705 4310 ἔδωκεν
720 4259 749 4310 6
767 4256 898 4319 Θεὸς
917 4256 1007 4309 τὸν
1026 4254 1257 4326 πονηρὸν
1274 4256 1387 4318 τοῖς
1410 4255 1506 4308 ἀνθ
1515 4252 1627 4324 ρώ-

78 4361 169 4408 τοις
196 4348 623 4418 περισπασμόν·
674 4343 710 4419 ἦ
750 4348 858 4418 γὰρ
884 4348 951 4402 ἂν
984 4350 1064 4410 εἰς
1093 4349 1297 4402 ἐκεῖνον
1336 4350 1368 4420 ἡ
1398 4348 1506 4402 τῶν
1536 4366 1634 4401 κα-

1741 1800 1795 1855 id
1826 1815 2040 1870 semper
2071 1801 2269 1870 aspicit
2303 1801 2450 1871 quod
2489 1802 2759 1864 calcatur,
2797 1801 3095 1858 observans
3127 1802 3311 1858 calca.-

1739 1906 1901 1946 neum
1931 1906 2152 1963 gressus
2201 1891 2462 1958 hominis,
2525 1908 2794 1949 venenum
2852 1893 3151 1950 immittens
3200 1894 3308 1950 illis

1739 1981 1832 2049 qui
1864 1983 2171 2037 amiserunt
2198 1990 2521 2053 potestatem
2543 1984 2791 2039 calcandi
2819 1999 2982 2055 super
3002 1994 3308 2056 serpentes;

1738 2082 2022 2145 propterea
2054 2073 2204 2128 dedit
2239 2089 2337 2128 cor
2365 2090 2524 2130 suum
2550 2075 2617 2129 ad
2649 2074 3039 2145 inquirendum
3085 2085 3138 2133 et
3176 2091 3311 2131 con-

1740 2160 2094 2216 siderandum
2125 2161 2192 2217 de
2227 2146 2485 2218 cronibus
2518 2180 2641 2233 qua:
2665 2164 2809 2219 facta
2838 2172 2967 2220 sunt
3005 2166 3110 2221 sub
3146 2166 3310 2222 coelo.

1737 2256 1797 2311 In
1834 2255 1904 2311 iis
1934 2255 2077 2310 enim
2107 2271 2230 2325 quae
2269 2265 2399 2311 sunt
2430 2272 2594 2327 supra
2626 2258 2820 2320 caelos,
2865 2258 3090 2314 minime
3122 2260 3309 2329 depri-

1738 2339 1989 2394 mendam
2045 2337 2284 2394 divinam
2337 2341 2483 2396 videt
2524 2340 2984 2414 magniﬁcentiam
3035 2341 3311 2414 Propheta

1737 2430 1925 2486 dicens
1956 2446 1972 2482 :
2005 2449 2025 2481 ι
2062 2430 2277 2486 Elevata
2303 2439 2386 2486 est
2418 2432 2823 2503 magniﬁcentia
2849 2432 2970 2502 ejus
3004 2449 3169 2503 supra
3195 2448 3309 2489 cae-

1737 2520 1896 2577 los“.
1942 2539 1961 2571 ι
1993 2519 2451 2591 Quandoquidem
2483 2536 2547 2576 ea
2574 2536 2700 2591 pars
2740 2539 2859 2592 quae
2885 2532 2968 2579 est
2990 2524 3094 2578 sub
3129 2524 3305 2588 caelis,

1737 2612 1993 2682 depressa
2024 2621 2077 2667 et
2132 2612 2344 2683 abjecta
2383 2611 2484 2665 fuit
2518 2628 2615 2682 per
2667 2613 2881 2668 vitium.
2916 2615 3008 2670 Sic
3055 2616 3199 2670 enim
3233 2616 3309 2669 ait

1735 2702 2466 2775 Psalmographus,Propter
2484 2716 2706 2776 peccata
2731 2723 2829 2762 sua
2854 2708 3126 2762 humiliati
3156 2714 3307 2763 sunt.

1734 2795 1816 2849 Ad
1849 2795 1951 2849 hoc
1983 2794 2441 2850 considerandum
2487 2797 2637 2852 venit
2669 2797 3055 2862 Ecclesiastes,
3112 2813 3309 2869 nempe

1735 2885 1992 2955 quidnam
2026 2884 2226 2939 factum
2257 2887 2327 2940 sit
2360 2886 2462 2942 sub
2493 2891 2655 2952 coelo,
2687 2888 2829 2959 quod
2852 2889 3003 2959 prius
3030 2904 3136 2944 non
3164 2898 3306 2956 erat,

122 2984 224 3033 κτον,
251 2974 323 3037 τίς
348 2977 378 3046 ἠ
406 2977 701 3030 δυναστεία
746 2979 842 3031 τοῦ
897 2980 970 3049 μὴ
1020 2979 1373 3051 ὑπάρχοντος·
1422 2981 1494 3034 Τδ
1523 2981 1632 3053 γὰρ

1739 2976 2189 3046 quemadmodum
2230 2977 2474 3049 ingressa
2522 2980 2592 3035 sit
2643 2981 2896 3035 vanitas:
2952 2979 3310 3051 quemadmo-

1740 3066 1867 3120 dum
1900 3065 1953 3118 id
1991 3066 2135 3136 quod
2180 3083 2285 3120 non
2321 3077 2406 3122 est
2454 3070 2764 3137 invaluerit,
2823 3085 3075 3140 quantum
3119 3071 3192 3125 sit
3226 3069 3308 3123 vis

1738 3158 1859 3228 ejus
1895 3158 2040 3226 quod
2069 3173 2179 3213 non
2211 3167 2333 3215 est:
2374 3161 2574 3215 malum
2598 3162 2741 3215 enim
2772 3176 2879 3215 non
2907 3171 3084 3231 potest
3120 3160 3309 3216 consi-

1739 3263 1903 3315 stere,
1923 3266 2045 3305 cum
2071 3266 2135 3306 ex
2162 3266 2228 3306 eo
2253 3252 2396 3321 quod
2423 3267 2531 3307 non
2561 3261 2664 3317 est,
2681 3253 2876 3308 habeat
2903 3237 3303 3308 substantiam:

1740 3346 1882 3417 quod
1911 3352 2091 3399 autem
2130 3360 2236 3399 non
2267 3354 2351 3400 est
2403 3361 2470 3400 ex
2503 3360 2568 3400 eo
2633 3344 2780 3416 quod
2812 3355 2917 3412 est,
2962 3362 3029 3401 ne
3082 3345 3308 3400 omnino

32 3429 37 3519 ζ
110 3429 272 3495 quidem
305 3443 384 3490 est
419 3438 731 3492 secundum
764 3454 920 3493 suam
952 3448 1243 3508 naturam;
1272 3446 1327 3496 et
1358 3452 1539 3496 tamen
1570 3439 1625 3495 in
1657 3454 1720 3496 ea
1749 3454 1871 3510 qua:
1910 3443 2041 3508 supt
2071 3436 2302 3492 vanitati
2334 3437 2663 3503 assimilata,
2742 3439 3085 3493 dominatum
3156 3439 3304 3494 obti-

1836 3614 1998 3672 Venit
2043 3633 2174 3688 ergo
2230 3618 2296 3673 ad
2328 3619 2713 3689 inquirendum
2757 3635 2853 3690 per
2886 3636 3040 3675 suam
3074 3622 3293 3691 sapien-

1732 3707 1894 3774 tiam,
1946 3709 2204 3777 quidnam
2272 3708 2477 3764 l‘actum
2532 3711 2602 3765 sit
2661 3711 2767 3765 sub
2829 3712 2980 3766 sole:
3047 3727 3298 3780 quaenam

1731 3814 1913 3854 rerum
1938 3813 2058 3869 qua:
2084 3799 2174 3853 hic
2213 3807 2363 3865 sunt,
2401 3800 2472 3854 sit
2516 3798 2789 3866 confusio,
2841 3799 3302 3870 quemadmodum

1730 3890 1784 3945 id
1813 3891 1954 3961 quod
1978 3897 2062 3946 est
2086 3890 2337 3946 etl‘ectum
2368 3891 2439 3947 sit
2472 3906 2692 3947 servum
2722 3891 2841 3960 ejus
2866 3891 3011 3962 quod
3046 3907 3153 3947 non
3191 3900 3300 3958 est,

1734 3982 2197 4052 quemadmodum
2237 3983 2293 4038 in
2329 3983 2381 4038 id
2420 3983 2567 4054 quod
2595 3990 2700 4049 est,
2723 3981 3065 4037 dominatum
3092 3984 3305 4040 obtinet

1733 4075 1785 4130 id
1826 4076 1971 4146 quod
2006 4093 2114 4131 non
2145 4083 2325 4148 potest
2355 4077 2678 4133 consistere.
2712 4094 2730 4127 ι
2773 4073 2840 4128 Ει
2872 4078 3129 4147 cognovit
3157 4074 3305 4145 quod

1733 4169 1932 4222 malam
1989 4169 2403 4225 distractionem
2450 4167 2599 4223 dedit
2644 4166 2788 4223 Deus
2827 4166 2953 4226 ﬁliis
2995 4166 3303 4231 hominum,

1734 4265 1795 4311 ut
1826 4257 2269 4314 distraherentur
2297 4258 2354 4313 in
2379 4272 2464 4313 ea.
2511 4277 2529 4309 ι
2566 4255 2680 4312 Hoc
2706 4264 2886 4311 autem
2931 4271 3040 4310 non
3088 4263 3147 4311 ut
3187 4255 3307 4310 cui-

1734 4363 1896 4419 quam
1928 4349 1982 4403 in
2023 4357 2279 4419 promptu
2318 4347 2484 4403 fuerit
2509 4348 2774 4418 cogitare,
2799 4348 2947 4417 pium
2978 4354 3062 4403 est
3090 4354 3305 4417 putare,

80 4435 162 4485 ιῶν
202 4440 347 4492 αἰτία
398 4437 827 4509 ἐπαναφέροιτο.
888 4439 947 4491 '0
975 4439 1083 4508 γὰρ
1120 4439 1185 4509 τῇ
1223 4437 1378 4507 φύσει
1408 4437 1629 4507 ἀγαθὸς,

1739 4439 1883 4510 quod
1935 4441 2053 4510 ipse
2079 4437 2222 4494 Deus
2257 4437 2467 4493 dederit
2500 4439 2701 4492 malam
2752 4436 3066 4492 hominibus
3109 4435 3309 4492 distra-

70 4528 140 4577 καὶ
166 4530 383 4597 ἀγαθῶν
412 4530 640 4593 πάντως
671 4531 1002 4601 παρεκτικὸς
1038 4529 1284 4599 γίνεται·
1331 4530 1468 4585 διότι
1523 4533 1630 4584 πᾶν

74 4616 253 4690 ἐξιδρον
292 4623 469 4676 καλὸν
508 4624 754 4696 καρποὺς
797 4622 995 4685 καλοὺς
1028 4623 1203 4686 ποιεῖ,
1253 4623 1346 4675 καὶ
1370 4619 1490 4673 οὐτε
1524 4620 1632 4674 ἀπὸ

72 4712 291 4768 ἀκανθῶν
323 4715 604 4787 σταφυλὴ,
635 4715 758 4769 οὐτε
792 4713 852 4779 ἐξ
880 4714 1125 4786 ἀμπέλου
1155 4713 1363 4769 ἄκανθα
1395 4714 1588 4784 φύεται
1612 4731 1627 4745 ο

74 4799 206 4857 ἒοιῖον
246 4811 313 4878 τῇ
346 4805 524 4877 φύσει
559 4809 782 4877 ἀγαθὸν,
826 4810 925 4867 οὐκ
966 4809 1032 4864 ἄν
1068 4824 1122 4861 τι
1162 4806 1395 4880 πονηρὸν
1424 4809 1488 4862 ἐκ
1524 4808 1631 4862 τῶν

71 4891 331 4967 θησαυρῶν
368 4899 545 4953 αὐτοῦ
578 4901 1006 4971 προχειρίσαιτο.
1043 4900 1176 4954 Οὐδὲ
1226 4899 1332 4973 γὰρ
1372 4900 1401 4952 ὁ
1429 4900 1635 4968 ἀγαθὸς

76 4984 324 5055 ὥνθρωπος
363 4993 434 5044 ἐκ
466 4992 557 5045 τοῦ
594 4992 1030 5065 περισσεύματος
1073 4993 1172 5065 τῆς
1219 4992 1445 5065 καρδίας
1490 4991 1634 5045 κακά

76 5070 217 5141 λαλεῖ.
245 5082 388 5136 ἀλλὰ
418 5086 735 5156 κατάλληλα
763 5088 828 5156 τῇ
858 5085 1049 5138 ἑαυτοῦ
1090 5090 1389 5162 φθέγγεται
1432 5087 1591 5153 φύσει
1615 5103 1627 5118 ’

78 5169 201 5240 πόσῳ
218 5170 315 5226 οὖν
342 5176 552 5245 μᾶλλον
582 5181 617 5248 ἠ
663 5179 769 5232 τῶν
801 5176 1015 5246 ἀγαθῶν
1043 5188 1186 5263 πηγὴ
1212 5183 1320 5241 οὐκ
1348 5178 1415 5238 ἄν
1440 5195 1490 5231 τι
1525 5178 1633 5231 τῶν

84 5265 306 5360 νζιιριῖιν
340 5266 411 5320 lx
437 5269 539 5340 τῆς
567 5269 702 5332 ἰδίαις
730 5268 939 5337 φύσεως
980 5284 1222 5360 προχέο,;
1275 5270 1453 5360 Ἀλλὰ
1481 5268 1631 5323 τοῦτο

89 5353 197 5450 ron
234 5357 553 5450 ιιπρτίθεται
585 5364 620 5431 ἡ
650 5358 991 5450 εὐσεθεπέρα
1017 5353 1244 5450 aqvam"
1287 5372 1379 5428 ὅτι
1407 5359 1471 5417 τὸ
1499 5361 1635 5429 ἀγα·

1739 4531 1998 4585 ctionem.
2029 4530 2121 4585 Sic
2145 4530 2291 4585 enim
2329 4529 2594 4583 malorum
2630 4544 2796 4584 causa
2828 4529 2881 4583 in
2909 4528 3061 4582 illum
3093 4525 3311 4582 confer-

1738 4629 1911 4676 retur.
1939 4620 2094 4683 Nam,
2126 4621 2218 4691 qui
2267 4629 2352 4677 est
2382 4629 2577 4675 natura
2633 4620 2834 4683 bonus,
2886 4619 3031 4674 bona
3089 4633 3310 4689 quoque

1739 4713 1942 4785 praebet
1965 4714 2210 4779 omnino,
2240 4714 2497 4784 quoniam
2525 4713 2705 4769 omnis
2740 4712 2907 4768 arbor
2933 4712 3100 4776 bona,
3134 4711 3309 4766 bonos

1742 4804 1953 4860 fructus
1983 4805 2129 4870 facit,
2157 4814 2209 4860 et
2242 4820 2418 4875 neque
2446 4819 2509 4860 ex
2544 4804 2720 4874 spinis
2750 4819 2871 4867 uva,
2905 4818 3081 4872 neque
3110 4818 3175 4857 ex
3205 4802 3311 4858 vite

1742 4900 1898 4971 spina
1926 4899 2173 4953 nascitur
2195 4898 2260 4954 "’.
2288 4897 2445 4964 Quod
2467 4913 2597 4968 ergo
2617 4912 2715 4952 sua
2747 4904 2831 4952 est
2856 4903 3051 4949 natura
3081 4895 3308 4960 bonum,

1740 5008 1806 5048 ex
1839 4992 1954 5047 suis
2009 4991 2290 5046 thesauris
2341 4990 2543 5044 malum
2583 5005 2690 5044 non
2726 4988 3065 5060 produxerit.
3124 4985 3311 5056 Neque

1740 5087 1883 5142 enim
1921 5086 2096 5140 honus
2124 5085 2285 5139 homo
2335 5100 2406 5139 ex
2453 5083 2791 5138 abundantia
2823 5081 3003 5137 cordis
3042 5081 3182 5135 mala
3234 5080 3311 5136 lo-

1739 5179 1927 5248 quitur
1952 5177 2018 5242 ⁸⁸,
2046 5177 2137 5232 sed
2176 5191 2239 5231 ea
2297 5175 2541 5245 loquitur
2576 5190 2696 5246 quae
2751 5182 2877 5229 sunt
2935 5187 3047 5228 suae
3098 5179 3309 5226 natura:

1739 5268 2160 5325 convenientia:
2208 5274 2416 5338 quanto
2471 5282 2600 5336 ergo
2636 5265 2810 5336 magis
2857 5263 2981 5319 fons
3038 5263 3307 5318 bonorum

1739 5360 1876 5416 nihil
1906 5350 2032 5415 mali
2063 5376 2130 5416 ex
2167 5374 2267 5415 sua
2298 5367 2493 5414 natura
2524 5355 2879 5430 profuderit?
2907 5355 3003 5413 sed
3037 5355 3139 5410 hoc
3174 5369 3307 5423 pra:-

93 5434 163 5493 νιν
187 5445 278 5505 τοῦ
306 5446 452 5502 Θεοῦ
492 5450 647 5523 δόμα.
696 5449 858 5505 Τοῦτο
899 5449 949 5502 δέ
980 5434 1216 5566 601;";
1224 5434 1242 5450 1
1262 5452 1632 5533 αὐτεξούσιος

1743 5450 1831 5507 bet
1865 5451 2302 5522 intelligendum,
2330 5450 2424 5521 qui
2453 5458 2537 5506 est
2569 5448 2747 5520 magis
2775 5448 2899 5520 pius
2923 5462 3137 5510 sensus,
3161 5442 3308 5514 quod

1110 5546 1128 5577 1

152 5614 187 5641 ⁸³
212 5616 340 5675 Gen.
367 5636 453 5686 Ill,
489 5622 564 5679 14.
642 5624 681 5655 ⁸⁸
703 5622 999 5707 Ρειιι.ι;ιν,1>

995 5720 1005 5738 ι
1088 5699 1130 5743 ιν
1170 5669 1275 5749 ,91³

195 6168 503 6188 μιμτμτ..

1287 5645 1420 5717 μιι,
1455 5645 1554 5699 vn,
1579 5627 1669 5685 16.
1750 5627 1792 5661 ⁸³
1823 5626 2008 5685 Matth.
2034 5643 2132 5695 xu,
2166 5628 2234 5684 56
2258 5672 2271 5697 ,
2297 5625 2426 5683 Luc.
2468 5643 2539 5694 vl,
2578 5626 2665 5684 45.
