  <div class='ocr_page' id='page_1' title='image "/cluster/home/n/w/nwhite01/storage/ocr_20150623/44/hvd.32044052767431/328.png"; bbox 0 0 4018 6334; ppageno 0'>
   <div class='ocr_carea' id='block_1_1' title="bbox 237 277 2318 347">
    <p class='ocr_par' dir='ltr' id='par_1_1' title="bbox 237 277 2318 347">
     <span class='ocr_line' id='line_1_1' title="bbox 237 277 2318 347; baseline -0.003 -2"><span class='ocrx_word' id='word_1_1' title='bbox 237 290 307 347; x_wconf 77' lang='lat' dir='ltr'><em>6H</em></span> <span class='ocrx_word' id='word_1_2' title='bbox 1265 281 1330 335; x_wconf 79' lang='lat' dir='ltr'><strong>IN</strong></span> <span class='ocrx_word' id='word_1_3' title='bbox 1373 277 1905 336; x_wconf 69' lang='lat' dir='ltr'><strong>ECCLESIASTEN.</strong></span> <span class='ocrx_word' id='word_1_4' title='bbox 1930 281 2221 338; x_wconf 74' lang='lat' dir='ltr'><strong>HOMILIA</strong></span> <span class='ocrx_word' id='word_1_5' title='bbox 2253 283 2318 338; x_wconf 89' lang='grc'><strong>11.</strong></span> 
     </span>
    </p>
   </div>
   <div class='ocr_carea' id='block_1_2' title="bbox 3305 291 3412 350">
    <p class='ocr_par' dir='ltr' id='par_1_2' title="bbox 3305 291 3412 350">
     <span class='ocr_line' id='line_1_2' title="bbox 3305 291 3412 350; baseline 0.019 -2"><span class='ocrx_word' id='word_1_6' title='bbox 3305 291 3412 350; x_wconf 66' lang='grc' dir='ltr'><strong>6η</strong></span> 
     </span>
    </p>
   </div>
   <div class='ocr_carea' id='block_1_3' title="bbox 235 397 1725 472">
    <p class='ocr_par' dir='ltr' id='par_1_3' title="bbox 235 397 1725 472">
     <span class='ocr_line' id='line_1_3' title="bbox 235 397 1725 472; baseline -0.007 -11"><span class='ocrx_word' id='word_1_7' title='bbox 235 405 402 461; x_wconf 61' lang='grc' dir='ltr'>πολλῶν</span> <span class='ocrx_word' id='word_1_8' title='bbox 437 398 543 457; x_wconf 70' lang='grc' dir='ltr'>ἔστι</span> <span class='ocrx_word' id='word_1_9' title='bbox 579 397 974 455; x_wconf 83' lang='grc' dir='ltr'>πιστώσασθαι.</span> <span class='ocrx_word' id='word_1_10' title='bbox 1021 401 1077 454; x_wconf 87' lang='grc' dir='ltr'>Ὀ</span> <span class='ocrx_word' id='word_1_11' title='bbox 1109 400 1218 472; x_wconf 81' lang='grc' dir='ltr'><strong>γὰρ</strong></span> <span class='ocrx_word' id='word_1_12' title='bbox 1259 403 1316 453; x_wconf 85' lang='grc' dir='ltr'><strong>ἐν</strong></span> <span class='ocrx_word' id='word_1_13' title='bbox 1359 403 1522 455; x_wconf 78' lang='grc' dir='ltr'>παντὶ</span> <span class='ocrx_word' id='word_1_14' title='bbox 1553 405 1644 454; x_wconf 76' lang='grc' dir='ltr'><strong>καὶ</strong></span> <span class='ocrx_word' id='word_1_15' title='bbox 1687 403 1725 452; x_wconf 74' lang='grc' dir='ltr'><strong>ἐι</strong></span> 
     </span>
    </p>
   </div>
   <div class='ocr_carea' id='block_1_4' title="bbox 1825 397 3413 472">
    <p class='ocr_par' dir='ltr' id='par_1_4' title="bbox 1847 401 3413 472">
     <span class='ocr_line' id='line_1_4' title="bbox 1847 401 3413 472; baseline 0.01 -20"><span class='ocrx_word' id='word_1_16' title='bbox 1847 409 2043 467; x_wconf 83' lang='lat' dir='ltr'><strong>potest.</strong></span> <span class='ocrx_word' id='word_1_17' title='bbox 2079 402 2180 467; x_wconf 87' lang='lat' dir='ltr'><strong>Qui</strong></span> <span class='ocrx_word' id='word_1_18' title='bbox 2214 402 2361 457; x_wconf 91' lang='lat' dir='ltr'><strong>enim</strong></span> <span class='ocrx_word' id='word_1_19' title='bbox 2394 401 2598 472; x_wconf 89' lang='lat' dir='ltr'><strong>ubique</strong></span> <span class='ocrx_word' id='word_1_20' title='bbox 2628 410 2680 458; x_wconf 89' lang='lat' dir='ltr'><strong>et</strong></span> <span class='ocrx_word' id='word_1_21' title='bbox 2712 401 2854 459; x_wconf 86' lang='lat' dir='ltr'><strong>inter</strong></span> <span class='ocrx_word' id='word_1_22' title='bbox 2883 419 3076 462; x_wconf 88' lang='lat' dir='ltr'><strong>omnes</strong></span> <span class='ocrx_word' id='word_1_23' title='bbox 3099 406 3413 468; x_wconf 83' lang='lat' dir='ltr'><strong>celebratur</strong></span> 
     </span>
    </p>
   </div>
   <div class='ocr_carea' id='block_1_5' title="bbox 232 487 1740 564">
    <p class='ocr_par' dir='ltr' id='par_1_5' title="bbox 232 487 1740 564">
     <span class='ocr_line' id='line_1_5' title="bbox 232 487 1740 564; baseline -0.004 -14"><span class='ocrx_word' id='word_1_24' title='bbox 232 499 335 552; x_wconf 73' lang='grc' dir='ltr'>πᾶσι</span> <span class='ocrx_word' id='word_1_25' title='bbox 361 493 680 564; x_wconf 78' lang='grc' dir='ltr'><strong>μεμνημένος</strong></span> <span class='ocrx_word' id='word_1_26' title='bbox 714 493 944 558; x_wconf 81' lang='grc' dir='ltr'><strong>Παῦλος,</strong></span> <span class='ocrx_word' id='word_1_27' title='bbox 994 487 1099 546; x_wconf 77' lang='grc' dir='ltr'>οἵδε</span> <span class='ocrx_word' id='word_1_28' title='bbox 1143 494 1235 545; x_wconf 68' lang='grc' dir='ltr'>καὶ</span> <span class='ocrx_word' id='word_1_29' title='bbox 1263 493 1604 562; x_wconf 72' lang='grc' dir='ltr'><strong>ὑστερεῖσθαι</strong></span> <span class='ocrx_word' id='word_1_30' title='bbox 1649 492 1740 544; x_wconf 79' lang='grc' dir='ltr'><strong>καὶ</strong></span> 
     </span>
    </p>
   </div>
   <div class='ocr_carea' id='block_1_6' title="bbox 231 583 1740 658">
    <p class='ocr_par' dir='ltr' id='par_1_6' title="bbox 231 583 1740 658">
     <span class='ocr_line' id='line_1_6' title="bbox 231 583 1740 658; baseline -0.005 -17"><span class='ocrx_word' id='word_1_31' title='bbox 231 585 546 658; x_wconf 57' lang='grc' dir='ltr'>πριασεύειν·</span> <span class='ocrx_word' id='word_1_32' title='bbox 597 585 692 638; x_wconf 70' lang='grc' dir='ltr'><strong>κα*⁸</strong></span> <span class='ocrx_word' id='word_1_33' title='bbox 725 587 754 637; x_wconf 99' lang='lat'><strong>6</strong></span> <span class='ocrx_word' id='word_1_34' title='bbox 798 584 885 636; x_wconf 75' lang='grc' dir='ltr'>διὰ</span> <span class='ocrx_word' id='word_1_35' title='bbox 926 585 1025 652; x_wconf 78' lang='grc' dir='ltr'>τῆς</span> <span class='ocrx_word' id='word_1_36' title='bbox 1058 585 1296 647; x_wconf 81' lang='grc' dir='ltr'><strong>ἀσωτίας</strong></span> <span class='ocrx_word' id='word_1_37' title='bbox 1335 585 1431 654; x_wconf 82' lang='grc' dir='ltr'><strong>τὴν</strong></span> <span class='ocrx_word' id='word_1_38' title='bbox 1471 583 1740 653; x_wconf 76' lang='grc' dir='ltr'>πατρικὴν</span> 
     </span>
    </p>
   </div>
   <div class='ocr_carea' id='block_1_7' title="bbox 229 672 1738 747">
    <p class='ocr_par' dir='ltr' id='par_1_7' title="bbox 229 672 1738 747">
     <span class='ocr_line' id='line_1_7' title="bbox 229 672 1738 747; baseline -0.005 -15"><span class='ocrx_word' id='word_1_39' title='bbox 229 678 486 747; x_wconf 75' lang='grc' dir='ltr'><strong>δαπανήσας</strong></span> <span class='ocrx_word' id='word_1_40' title='bbox 524 675 732 737; x_wconf 85' lang='grc' dir='ltr'>οὐσίαν,</span> <span class='ocrx_word' id='word_1_41' title='bbox 779 675 940 745; x_wconf 81' lang='grc' dir='ltr'>λιμοῦ</span> <span class='ocrx_word' id='word_1_42' title='bbox 981 677 1365 746; x_wconf 77' lang='grc' dir='ltr'>κατασχόντος,</span> <span class='ocrx_word' id='word_1_43' title='bbox 1414 675 1615 746; x_wconf 69' lang='grc' dir='ltr'>ἤρξατο</span> <span class='ocrx_word' id='word_1_44' title='bbox 1645 672 1738 726; x_wconf 83' lang='grc' dir='ltr'>τοῦ</span> 
     </span>
    </p>
   </div>
   <div class='ocr_carea' id='block_1_8' title="bbox 229 765 1734 838">
    <p class='ocr_par' dir='ltr' id='par_1_8' title="bbox 229 765 1734 838">
     <span class='ocr_line' id='line_1_8' title="bbox 229 765 1734 838; baseline -0.002 -19"><span class='ocrx_word' id='word_1_45' title='bbox 229 766 507 838; x_wconf 69' lang='grc' dir='ltr'><strong>ὑστερεῖσθαι</strong></span> <span class='ocrx_word' id='word_1_46' title='bbox 527 781 540 794; x_wconf 79' lang='lat'>&#39;</span> <span class='ocrx_word' id='word_1_47' title='bbox 572 765 666 818; x_wconf 81' lang='grc' dir='ltr'>καὶ</span> <span class='ocrx_word' id='word_1_48' title='bbox 701 767 828 835; x_wconf 74' lang='grc' dir='ltr'>περὶ</span> <span class='ocrx_word' id='word_1_49' title='bbox 877 765 978 818; x_wconf 88' lang='grc' dir='ltr'><strong>τῶν</strong></span> <span class='ocrx_word' id='word_1_50' title='bbox 1005 767 1176 834; x_wconf 78' lang='grc' dir='ltr'>ἀγίων</span> <span class='ocrx_word' id='word_1_51' title='bbox 1204 767 1231 818; x_wconf 89' lang='grc' dir='ltr'>ὁ</span> <span class='ocrx_word' id='word_1_52' title='bbox 1267 766 1475 828; x_wconf 81' lang='grc' dir='ltr'><strong>Παῦλος</strong></span> <span class='ocrx_word' id='word_1_53' title='bbox 1506 765 1734 831; x_wconf 82' lang='grc' dir='ltr'>διεξιὼν,</span> 
     </span>
    </p>
   </div>
   <div class='ocr_carea' id='block_1_9' title="bbox 228 853 1737 927">
    <p class='ocr_par' dir='ltr' id='par_1_9' title="bbox 228 853 1737 927">
     <span class='ocr_line' id='line_1_9' title="bbox 228 853 1737 927; baseline -0.004 -14"><span class='ocrx_word' id='word_1_54' title='bbox 228 862 333 915; x_wconf 74' lang='grc' dir='ltr'><strong>τάτε</strong></span> <span class='ocrx_word' id='word_1_55' title='bbox 346 859 460 912; x_wconf 75' lang='grc' dir='ltr'>ἀλλα</span> <span class='ocrx_word' id='word_1_56' title='bbox 490 859 620 925; x_wconf 73' lang='grc' dir='ltr'>φησὶ</span> <span class='ocrx_word' id='word_1_57' title='bbox 651 859 778 927; x_wconf 75' lang='grc' dir='ltr'>περὶ</span> <span class='ocrx_word' id='word_1_58' title='bbox 810 858 988 911; x_wconf 82' lang='grc' dir='ltr'>αὑτῶν</span> <span class='ocrx_word' id='word_1_59' title='bbox 1036 860 1092 910; x_wconf 82' lang='grc' dir='ltr'><strong>ἐν</strong></span> <span class='ocrx_word' id='word_1_60' title='bbox 1130 853 1211 921; x_wconf 71' lang='grc' dir='ltr'>οἷς</span> <span class='ocrx_word' id='word_1_61' title='bbox 1259 859 1631 912; x_wconf 73' lang='grc' dir='ltr'>ἐκακοπάθουν</span> <span class='ocrx_word' id='word_1_62' title='bbox 1659 856 1737 926; x_wconf 81' lang='grc' dir='ltr'><strong>τῷ</strong></span> 
     </span>
    </p>
   </div>
   <div class='ocr_carea' id='block_1_10' title="bbox 230 947 1735 1020">
    <p class='ocr_par' dir='ltr' id='par_1_10' title="bbox 230 947 1735 1020">
     <span class='ocr_line' id='line_1_10' title="bbox 230 947 1735 1020; baseline -0.002 -16"><span class='ocrx_word' id='word_1_63' title='bbox 230 949 513 1019; x_wconf 46' lang='lat' dir='ltr'><strong>arbustum!</strong></span> <span class='ocrx_word' id='word_1_64' title='bbox 540 947 697 1001; x_wconf 76' lang='grc' dir='ltr'>τοῦτο</span> <span class='ocrx_word' id='word_1_65' title='bbox 727 949 1099 1019; x_wconf 86' lang='grc' dir='ltr'>προστίθησιν,</span> <span class='ocrx_word' id='word_1_66' title='bbox 1127 951 1207 1002; x_wconf 80' lang='grc' dir='ltr'>ὅτι</span> <span class='ocrx_word' id='word_1_67' title='bbox 1240 950 1621 1020; x_wconf 78' lang='grc' dir='ltr'>ὑστερούμενοι</span> <span class='ocrx_word' id='word_1_68' title='bbox 1643 949 1735 1002; x_wconf 72' lang='grc' dir='ltr'><strong>καὶ</strong></span> 
     </span>
    </p>
   </div>
   <div class='ocr_carea' id='block_1_11' title="bbox 222 1040 1734 1111">
    <p class='ocr_par' dir='ltr' id='par_1_11' title="bbox 222 1040 1734 1111">
     <span class='ocr_line' id='line_1_11' title="bbox 222 1040 1734 1111; baseline 0 -17"><span class='ocrx_word' id='word_1_69' title='bbox 222 1042 489 1110; x_wconf 73' lang='grc' dir='ltr'>θλιῦόμενοι.</span> <span class='ocrx_word' id='word_1_70' title='bbox 523 1040 734 1092; x_wconf 76' lang='grc' dir='ltr'>Οὑκοῦν</span> <span class='ocrx_word' id='word_1_71' title='bbox 785 1041 877 1092; x_wconf 73' lang='grc' dir='ltr'><strong>καὶ</strong></span> <span class='ocrx_word' id='word_1_72' title='bbox 911 1041 1142 1094; x_wconf 74' lang='grc' dir='ltr'>ἐνταῦθα</span> <span class='ocrx_word' id='word_1_73' title='bbox 1190 1041 1475 1111; x_wconf 83' lang='grc' dir='ltr'>ὑστέρημα</span> <span class='ocrx_word' id='word_1_74' title='bbox 1520 1044 1547 1094; x_wconf 91' lang='lat'><strong>6</strong></span> <span class='ocrx_word' id='word_1_75' title='bbox 1579 1041 1734 1109; x_wconf 87' lang='grc' dir='ltr'>λόγος</span> 
     </span>
    </p>
   </div>
   <div class='ocr_carea' id='block_1_12' title="bbox 224 1131 1732 1201">
    <p class='ocr_par' dir='ltr' id='par_1_12' title="bbox 224 1131 1732 1201">
     <span class='ocr_line' id='line_1_12' title="bbox 224 1131 1732 1201; baseline 0.001 -17"><span class='ocrx_word' id='word_1_76' title='bbox 224 1131 368 1193; x_wconf 78' lang='grc' dir='ltr'>είπὼν,</span> <span class='ocrx_word' id='word_1_77' title='bbox 398 1131 452 1183; x_wconf 79' lang='grc' dir='ltr'>τὸ</span> <span class='ocrx_word' id='word_1_78' title='bbox 489 1131 670 1183; x_wconf 78' lang='grc' dir='ltr'>λεῖπον</span> <span class='ocrx_word' id='word_1_79' title='bbox 711 1131 794 1183; x_wconf 77' lang='grc' dir='ltr'><strong>δια</strong></span> <span class='ocrx_word' id='word_1_80' title='bbox 835 1131 934 1200; x_wconf 83' lang='grc' dir='ltr'>τῆς</span> <span class='ocrx_word' id='word_1_81' title='bbox 973 1133 1157 1201; x_wconf 74' lang='grc' dir='ltr'>φωνῆς</span> <span class='ocrx_word' id='word_1_82' title='bbox 1207 1133 1539 1199; x_wconf 78' lang='grc' dir='ltr'>ἐνεδείξατο·</span> <span class='ocrx_word' id='word_1_83' title='bbox 1573 1133 1634 1185; x_wconf 74' lang='grc' dir='ltr'>τὸ</span> <span class='ocrx_word' id='word_1_84' title='bbox 1677 1134 1732 1186; x_wconf 86' lang='grc' dir='ltr'><strong>δὲ</strong></span> 
     </span>
    </p>
   </div>
   <div class='ocr_carea' id='block_1_13' title="bbox 220 1217 1733 1291">
    <p class='ocr_par' dir='ltr' id='par_1_13' title="bbox 220 1217 1733 1291">
     <span class='ocr_line' id='line_1_13' title="bbox 220 1217 1733 1291; baseline 0.003 -19"><span class='ocrx_word' id='word_1_85' title='bbox 220 1223 358 1274; x_wconf 69' lang='grc' dir='ltr'>λεῖπον</span> <span class='ocrx_word' id='word_1_86' title='bbox 385 1219 690 1291; x_wconf 71' lang='grc' dir='ltr'>ἐναρίθμιον</span> <span class='ocrx_word' id='word_1_87' title='bbox 719 1223 828 1282; x_wconf 86' lang='grc' dir='ltr'>τοῖς</span> <span class='ocrx_word' id='word_1_88' title='bbox 851 1217 970 1274; x_wconf 79' lang='grc' dir='ltr'>οὖσι</span> <span class='ocrx_word' id='word_1_89' title='bbox 994 1221 1243 1288; x_wconf 84' lang='grc' dir='ltr'>γενέσθαι</span> <span class='ocrx_word' id='word_1_90' title='bbox 1267 1225 1327 1274; x_wconf 91' lang='grc' dir='ltr'><strong>οὑ</strong></span> <span class='ocrx_word' id='word_1_91' title='bbox 1355 1222 1602 1276; x_wconf 88' lang='grc' dir='ltr'>δύναται.</span> <span class='ocrx_word' id='word_1_92' title='bbox 1624 1225 1733 1277; x_wconf 69' lang='grc' dir='ltr'>Καὶ</span> 
     </span>
    </p>
   </div>
   <div class='ocr_carea' id='block_1_14' title="bbox 218 1307 1733 1382">
    <p class='ocr_par' dir='ltr' id='par_1_14' title="bbox 218 1307 1733 1382">
     <span class='ocr_line' id='line_1_14' title="bbox 218 1307 1733 1382; baseline 0 -19"><span class='ocrx_word' id='word_1_93' title='bbox 218 1314 297 1380; x_wconf 68' lang='grc' dir='ltr'><strong>γὰρ</strong></span> <span class='ocrx_word' id='word_1_94' title='bbox 321 1312 362 1363; x_wconf 75' lang='grc' dir='ltr'>οἱ</span> <span class='ocrx_word' id='word_1_95' title='bbox 401 1311 648 1380; x_wconf 77' lang='grc' dir='ltr'>μαθηταὶ,</span> <span class='ocrx_word' id='word_1_96' title='bbox 705 1309 807 1371; x_wconf 79' lang='grc' dir='ltr'>ἓως</span> <span class='ocrx_word' id='word_1_97' title='bbox 851 1310 948 1379; x_wconf 81' lang='grc' dir='ltr'>μὲν</span> <span class='ocrx_word' id='word_1_98' title='bbox 985 1311 1184 1374; x_wconf 80' lang='grc' dir='ltr'>πάντες</span> <span class='ocrx_word' id='word_1_99' title='bbox 1214 1307 1350 1382; x_wconf 78' lang='grc' dir='ltr'>ἦσαν</span> <span class='ocrx_word' id='word_1_100' title='bbox 1395 1315 1452 1364; x_wconf 88' lang='grc' dir='ltr'><strong>ἐν</strong></span> <span class='ocrx_word' id='word_1_101' title='bbox 1494 1311 1572 1382; x_wconf 80' lang='grc' dir='ltr'>τῷ</span> <span class='ocrx_word' id='word_1_102' title='bbox 1618 1313 1733 1382; x_wconf 82' lang='grc' dir='ltr'>ίδίῳ</span> 
     </span>
    </p>
   </div>
   <div class='ocr_carea' id='block_1_15' title="bbox 217 1395 1732 1472">
    <p class='ocr_par' dir='ltr' id='par_1_15' title="bbox 217 1395 1732 1472">
     <span class='ocr_line' id='line_1_15' title="bbox 217 1395 1732 1472; baseline 0.002 -19"><span class='ocrx_word' id='word_1_103' title='bbox 217 1400 863 1470; x_wconf 72' lang='grc' dir='ltr'>τληρὼματι,δυοκαίδεκα</span> <span class='ocrx_word' id='word_1_104' title='bbox 900 1395 1041 1468; x_wconf 77' lang='grc' dir='ltr'>ἦσαν</span> <span class='ocrx_word' id='word_1_105' title='bbox 1073 1402 1162 1454; x_wconf 77' lang='grc' dir='ltr'><strong>τὸν</strong></span> <span class='ocrx_word' id='word_1_106' title='bbox 1203 1402 1465 1472; x_wconf 86' lang='grc' dir='ltr'>ἀριθμόν·</span> <span class='ocrx_word' id='word_1_107' title='bbox 1510 1403 1631 1456; x_wconf 76' lang='grc' dir='ltr'>ἐπεὶ</span> <span class='ocrx_word' id='word_1_108' title='bbox 1677 1404 1732 1456; x_wconf 81' lang='grc' dir='ltr'>δὲ</span> 
     </span>
    </p>
   </div>
   <div class='ocr_carea' id='block_1_16' title="bbox 215 1492 1729 1566">
    <p class='ocr_par' dir='ltr' id='par_1_16' title="bbox 215 1492 1729 1566">
     <span class='ocr_line' id='line_1_16' title="bbox 215 1492 1729 1566; baseline 0 -18"><span class='ocrx_word' id='word_1_109' title='bbox 215 1495 410 1548; x_wconf 77' lang='grc' dir='ltr'><strong>ἀπώλετο</strong></span> <span class='ocrx_word' id='word_1_110' title='bbox 435 1497 460 1546; x_wconf 89' lang='lat'><strong>6</strong></span> <span class='ocrx_word' id='word_1_111' title='bbox 492 1494 607 1556; x_wconf 68' lang='grc' dir='ltr'>υἱὸς</span> <span class='ocrx_word' id='word_1_112' title='bbox 642 1493 738 1562; x_wconf 72' lang='grc' dir='ltr'>τῆς</span> <span class='ocrx_word' id='word_1_113' title='bbox 768 1492 1062 1556; x_wconf 82' lang='grc' dir='ltr'><strong>ἀπωλείας,</strong></span> <span class='ocrx_word' id='word_1_114' title='bbox 1098 1495 1400 1565; x_wconf 76' lang='grc' dir='ltr'>ἐκολοὸώθη</span> <span class='ocrx_word' id='word_1_115' title='bbox 1431 1497 1458 1548; x_wconf 92' lang='lat'><strong>6</strong></span> <span class='ocrx_word' id='word_1_116' title='bbox 1481 1495 1729 1566; x_wconf 76' lang='grc' dir='ltr'>ἀριθμὸς,</span> 
     </span>
    </p>
   </div>
   <div class='ocr_carea' id='block_1_17' title="bbox 213 1583 1732 1656">
    <p class='ocr_par' dir='ltr' id='par_1_17' title="bbox 213 1583 1732 1656">
     <span class='ocr_line' id='line_1_17' title="bbox 213 1583 1732 1656; baseline -0.001 -17"><span class='ocrx_word' id='word_1_117' title='bbox 213 1587 268 1656; x_wconf 83' lang='grc' dir='ltr'>τῷ</span> <span class='ocrx_word' id='word_1_118' title='bbox 296 1591 355 1656; x_wconf 82' lang='grc' dir='ltr'>μή</span> <span class='ocrx_word' id='word_1_119' title='bbox 387 1585 831 1656; x_wconf 77' lang='grc' dir='ltr'>συναριθμεῖσθαι</span> <span class='ocrx_word' id='word_1_120' title='bbox 869 1588 982 1647; x_wconf 76' lang='grc' dir='ltr'>τοῖς</span> <span class='ocrx_word' id='word_1_121' title='bbox 1024 1583 1140 1638; x_wconf 73' lang='grc' dir='ltr'>οὖσι</span> <span class='ocrx_word' id='word_1_122' title='bbox 1182 1586 1242 1638; x_wconf 84' lang='grc' dir='ltr'><strong>τὸ</strong></span> <span class='ocrx_word' id='word_1_123' title='bbox 1289 1586 1506 1639; x_wconf 84' lang='grc' dir='ltr'>λεῖπον·</span> <span class='ocrx_word' id='word_1_124' title='bbox 1541 1586 1732 1643; x_wconf 72' lang='grc' dir='ltr'>ἕνδεκα</span> 
     </span>
    </p>
   </div>
   <div class='ocr_carea' id='block_1_18' title="bbox 211 1673 1730 1746">
    <p class='ocr_par' dir='ltr' id='par_1_18' title="bbox 211 1673 1730 1746">
     <span class='ocr_line' id='line_1_18' title="bbox 211 1673 1730 1746; baseline 0 -18"><span class='ocrx_word' id='word_1_125' title='bbox 211 1678 293 1744; x_wconf 67' lang='grc' dir='ltr'><strong>γαρ</strong></span> <span class='ocrx_word' id='word_1_126' title='bbox 322 1677 439 1746; x_wconf 88' lang='grc' dir='ltr'><strong>μετά</strong></span> <span class='ocrx_word' id='word_1_127' title='bbox 479 1678 575 1730; x_wconf 67' lang='grc' dir='ltr'>τὸν</span> <span class='ocrx_word' id='word_1_128' title='bbox 614 1676 813 1729; x_wconf 83' lang='grc' dir='ltr'>Ἰούδαν</span> <span class='ocrx_word' id='word_1_129' title='bbox 845 1677 938 1729; x_wconf 69' lang='grc' dir='ltr'>καὶ</span> <span class='ocrx_word' id='word_1_130' title='bbox 967 1673 1105 1746; x_wconf 80' lang='grc' dir='ltr'>ἦσαν</span> <span class='ocrx_word' id='word_1_131' title='bbox 1144 1677 1236 1730; x_wconf 67' lang='grc' dir='ltr'>καὶ</span> <span class='ocrx_word' id='word_1_132' title='bbox 1262 1677 1622 1746; x_wconf 78' lang='grc' dir='ltr'>ὠνομάζοντο.</span> <span class='ocrx_word' id='word_1_133' title='bbox 1657 1676 1730 1729; x_wconf 84' lang='grc' dir='ltr'>Τὸ</span> 
     </span>
    </p>
   </div>
   <div class='ocr_carea' id='block_1_19' title="bbox 1666 1731 1802 1784">
    <p class='ocr_par' dir='ltr' id='par_1_19' title="bbox 1666 1731 1802 1784">
     <span class='ocr_line' id='line_1_19' title="bbox 1666 1731 1802 1784; baseline 0 0"><span class='ocrx_word' id='word_1_134' title='bbox 1666 1769 1693 1781; x_wconf 88' lang='grc'><strong><em>-</em></strong></span> <span class='ocrx_word' id='word_1_135' title='bbox 1763 1731 1802 1784; x_wconf 84' lang='grc' dir='ltr'><strong><em>Β</em></strong></span> 
     </span>
    </p>
   </div>
   <div class='ocr_carea' id='block_1_20' title="bbox 209 1765 1730 1838">
    <p class='ocr_par' dir='ltr' id='par_1_20' title="bbox 209 1765 1730 1838">
     <span class='ocr_line' id='line_1_20' title="bbox 209 1765 1730 1838; baseline 0 -18"><span class='ocrx_word' id='word_1_136' title='bbox 209 1765 279 1822; x_wconf 72' lang='grc' dir='ltr'>οὖν</span> <span class='ocrx_word' id='word_1_137' title='bbox 313 1769 602 1838; x_wconf 80' lang='grc' dir='ltr'>ὑστέρημα,</span> <span class='ocrx_word' id='word_1_138' title='bbox 653 1769 834 1836; x_wconf 67' lang='grc' dir='ltr'>φησιν,</span> <span class='ocrx_word' id='word_1_139' title='bbox 870 1769 930 1820; x_wconf 85' lang='grc' dir='ltr'><strong>οὑ</strong></span> <span class='ocrx_word' id='word_1_140' title='bbox 969 1768 1253 1836; x_wconf 77' lang='grc' dir='ltr'>δυνήσεται</span> <span class='ocrx_word' id='word_1_141' title='bbox 1295 1767 1386 1820; x_wconf 79' lang='grc' dir='ltr'>τοῦ</span> <span class='ocrx_word' id='word_1_142' title='bbox 1420 1768 1730 1838; x_wconf 84' lang='grc' dir='ltr'>ἀριθμηθῆ-</span> 
     </span>
    </p>
   </div>
   <div class='ocr_carea' id='block_1_21' title="bbox 209 1855 1730 1931">
    <p class='ocr_par' dir='ltr' id='par_1_21' title="bbox 209 1855 1730 1931">
     <span class='ocr_line' id='line_1_21' title="bbox 209 1855 1730 1931; baseline 0 -19"><span class='ocrx_word' id='word_1_143' title='bbox 209 1880 288 1914; x_wconf 79' lang='grc' dir='ltr'>ναι.</span> <span class='ocrx_word' id='word_1_144' title='bbox 323 1862 376 1913; x_wconf 84' lang='grc' dir='ltr'>Τί</span> <span class='ocrx_word' id='word_1_145' title='bbox 403 1859 554 1914; x_wconf 77' lang='grc' dir='ltr'>τοῦτο</span> <span class='ocrx_word' id='word_1_146' title='bbox 593 1861 844 1931; x_wconf 72' lang='grc' dir='ltr'>σημαίνει</span> <span class='ocrx_word' id='word_1_147' title='bbox 884 1859 968 1911; x_wconf 77' lang='grc' dir='ltr'>διὰ</span> <span class='ocrx_word' id='word_1_148' title='bbox 997 1859 1089 1912; x_wconf 76' lang='grc' dir='ltr'>τοῦ</span> <span class='ocrx_word' id='word_1_149' title='bbox 1124 1859 1320 1923; x_wconf 78' lang='grc' dir='ltr'>λόγους</span> <span class='ocrx_word' id='word_1_150' title='bbox 1355 1861 1474 1913; x_wconf 82' lang='grc' dir='ltr'>’Ὁτι</span> <span class='ocrx_word' id='word_1_151' title='bbox 1502 1855 1569 1930; x_wconf 78' lang='grc' dir='ltr'>ἦν</span> <span class='ocrx_word' id='word_1_152' title='bbox 1600 1877 1730 1912; x_wconf 85' lang='grc' dir='ltr'>ποτε</span> 
     </span>
    </p>
   </div>
   <div class='ocr_carea' id='block_1_22' title="bbox 211 1949 1731 2022">
    <p class='ocr_par' dir='ltr' id='par_1_22' title="bbox 211 1949 1731 2022">
     <span class='ocr_line' id='line_1_22' title="bbox 211 1949 1731 2022; baseline -0.001 -19"><span class='ocrx_word' id='word_1_153' title='bbox 211 1955 274 2004; x_wconf 75' lang='grc' dir='ltr'>ιιαὲ</span> <span class='ocrx_word' id='word_1_154' title='bbox 301 1951 349 2004; x_wconf 76' lang='grc' dir='ltr'>τὸ</span> <span class='ocrx_word' id='word_1_155' title='bbox 374 1952 483 2005; x_wconf 85' lang='grc' dir='ltr'>καθ’</span> <span class='ocrx_word' id='word_1_156' title='bbox 513 1954 543 2022; x_wconf 71' lang='grc' dir='ltr'>ἡ</span> <span class='ocrx_word' id='word_1_157' title='bbox 560 1954 672 2020; x_wconf 76' lang='grc' dir='ltr'>μᾶς</span> <span class='ocrx_word' id='word_1_158' title='bbox 709 1950 785 2020; x_wconf 85' lang='grc' dir='ltr'>τῷ</span> <span class='ocrx_word' id='word_1_159' title='bbox 833 1950 995 2004; x_wconf 66' lang='grc' dir='ltr'>παντὶ</span> <span class='ocrx_word' id='word_1_160' title='bbox 1040 1950 1352 2020; x_wconf 82' lang='grc' dir='ltr'>ἐναρίθμιον</span> <span class='ocrx_word' id='word_1_161' title='bbox 1373 1966 1386 1980; x_wconf 71' lang='grc' dir='ltr'><strong>ο</strong></span> <span class='ocrx_word' id='word_1_162' title='bbox 1422 1949 1731 2003; x_wconf 77' lang='grc' dir='ltr'>συνετελοῦ-</span> 
     </span>
    </p>
   </div>
   <div class='ocr_carea' id='block_1_23' title="bbox 214 2041 1729 2114">
    <p class='ocr_par' dir='ltr' id='par_1_23' title="bbox 214 2041 1729 2114">
     <span class='ocr_line' id='line_1_23' title="bbox 214 2041 1729 2114; baseline 0.001 -20"><span class='ocrx_word' id='word_1_163' title='bbox 214 2061 280 2108; x_wconf 77' lang='grc' dir='ltr'><strong>μεν</strong></span> <span class='ocrx_word' id='word_1_164' title='bbox 316 2045 409 2114; x_wconf 65' lang='grc' dir='ltr'><strong>γαρ</strong></span> <span class='ocrx_word' id='word_1_165' title='bbox 454 2045 543 2096; x_wconf 76' lang='grc' dir='ltr'>καὶ</span> <span class='ocrx_word' id='word_1_166' title='bbox 595 2045 752 2112; x_wconf 80' lang='grc' dir='ltr'>ἡμεῖς</span> <span class='ocrx_word' id='word_1_167' title='bbox 791 2045 870 2105; x_wconf 76' lang='grc' dir='ltr'>εἰς</span> <span class='ocrx_word' id='word_1_168' title='bbox 895 2042 994 2112; x_wconf 78' lang='grc' dir='ltr'><strong>τὴν</strong></span> <span class='ocrx_word' id='word_1_169' title='bbox 1025 2041 1173 2111; x_wconf 85' lang='grc' dir='ltr'>ίεράν</span> <span class='ocrx_word' id='word_1_170' title='bbox 1199 2042 1306 2094; x_wconf 89' lang='grc' dir='ltr'><strong>τῶν</strong></span> <span class='ocrx_word' id='word_1_171' title='bbox 1335 2041 1567 2110; x_wconf 85' lang='grc' dir='ltr'>λογικῶν</span> <span class='ocrx_word' id='word_1_172' title='bbox 1595 2059 1729 2114; x_wconf 85' lang='grc' dir='ltr'>προ-</span> 
     </span>
    </p>
   </div>
   <div class='ocr_carea' id='block_1_24' title="bbox 211 2132 1729 2204">
    <p class='ocr_par' dir='ltr' id='par_1_24' title="bbox 211 2132 1729 2204">
     <span class='ocr_line' id='line_1_24' title="bbox 211 2132 1729 2204; baseline 0.002 -19"><span class='ocrx_word' id='word_1_173' title='bbox 211 2136 341 2187; x_wconf 70' lang='grc' dir='ltr'>Εᾶτων</span> <span class='ocrx_word' id='word_1_174' title='bbox 384 2135 734 2188; x_wconf 81' lang='grc' dir='ltr'>ἐκατοντὰδα.</span> <span class='ocrx_word' id='word_1_175' title='bbox 796 2133 1014 2204; x_wconf 78' lang='grc' dir='ltr'>Ἐπειδὴ</span> <span class='ocrx_word' id='word_1_176' title='bbox 1065 2132 1120 2185; x_wconf 79' lang='grc' dir='ltr'><strong>δὲ</strong></span> <span class='ocrx_word' id='word_1_177' title='bbox 1162 2133 1576 2204; x_wconf 73' lang='grc' dir='ltr'>ἁπεϐουκολήθη</span> <span class='ocrx_word' id='word_1_178' title='bbox 1629 2135 1729 2204; x_wconf 81' lang='grc' dir='ltr'><strong>τῆς</strong></span> 
     </span>
    </p>
   </div>
   <div class='ocr_carea' id='block_1_25' title="bbox 206 2224 1724 2296">
    <p class='ocr_par' dir='ltr' id='par_1_25' title="bbox 206 2224 1724 2296">
     <span class='ocr_line' id='line_1_25' title="bbox 206 2224 1724 2296; baseline 0.001 -19"><span class='ocrx_word' id='word_1_179' title='bbox 206 2229 339 2296; x_wconf 68' lang='grc' dir='ltr'>ὀρείου</span> <span class='ocrx_word' id='word_1_180' title='bbox 380 2225 659 2296; x_wconf 70' lang='grc' dir='ltr'>διαγωγῆς</span> <span class='ocrx_word' id='word_1_181' title='bbox 686 2224 744 2278; x_wconf 85' lang='grc' dir='ltr'>τὺ</span> <span class='ocrx_word' id='word_1_182' title='bbox 787 2225 844 2276; x_wconf 84' lang='grc' dir='ltr'>ἓν</span> <span class='ocrx_word' id='word_1_183' title='bbox 877 2224 1164 2294; x_wconf 77' lang='grc' dir='ltr'>πρόϐατον,</span> <span class='ocrx_word' id='word_1_184' title='bbox 1201 2227 1233 2294; x_wconf 80' lang='grc' dir='ltr'>ἡ</span> <span class='ocrx_word' id='word_1_185' title='bbox 1269 2225 1513 2295; x_wconf 77' lang='grc' dir='ltr'>ἡμετέρα</span> <span class='ocrx_word' id='word_1_186' title='bbox 1545 2224 1724 2292; x_wconf 80' lang='grc' dir='ltr'>φύσις,</span> 
     </span>
    </p>
   </div>
   <div class='ocr_carea' id='block_1_26' title="bbox 205 2314 1726 2389">
    <p class='ocr_par' dir='ltr' id='par_1_26' title="bbox 205 2314 1726 2389">
     <span class='ocr_line' id='line_1_26' title="bbox 205 2314 1726 2389; baseline 0.003 -22"><span class='ocrx_word' id='word_1_187' title='bbox 205 2319 266 2370; x_wconf 70' lang='grc' dir='ltr'><strong>διὰ</strong></span> <span class='ocrx_word' id='word_1_188' title='bbox 289 2318 457 2382; x_wconf 82' lang='grc' dir='ltr'>κακίας</span> <span class='ocrx_word' id='word_1_189' title='bbox 486 2319 635 2389; x_wconf 71' lang='grc' dir='ltr'>πρὸς</span> <span class='ocrx_word' id='word_1_190' title='bbox 683 2317 773 2369; x_wconf 86' lang='grc' dir='ltr'><strong>τὸν</strong></span> <span class='ocrx_word' id='word_1_191' title='bbox 804 2315 1060 2389; x_wconf 84' lang='grc' dir='ltr'>ἀλμῶντα</span> <span class='ocrx_word' id='word_1_192' title='bbox 1085 2314 1274 2368; x_wconf 83' lang='grc' dir='ltr'>τοῦτον</span> <span class='ocrx_word' id='word_1_193' title='bbox 1312 2317 1404 2368; x_wconf 77' lang='grc' dir='ltr'><strong>καὶ</strong></span> <span class='ocrx_word' id='word_1_194' title='bbox 1447 2316 1726 2388; x_wconf 76' lang='grc' dir='ltr'>αὐχμηρὸν</span> 
     </span>
    </p>
   </div>
   <div class='ocr_carea' id='block_1_27' title="bbox 202 2386 1727 2477">
    <p class='ocr_par' dir='ltr' id='par_1_27' title="bbox 202 2386 1727 2477">
     <span class='ocr_line' id='line_1_27' title="bbox 202 2386 1727 2477; baseline 0.001 -18"><span class='ocrx_word' id='word_1_195' title='bbox 202 2408 324 2460; x_wconf 70' lang='grc' dir='ltr'>τόπον</span> <span class='ocrx_word' id='word_1_196' title='bbox 351 2386 812 2468; x_wconf 77' lang='grc' dir='ltr'>κατασπασθεῖσα,</span> <span class='ocrx_word' id='word_1_197' title='bbox 860 2386 1112 2460; x_wconf 60' lang='grc' dir='ltr'>οὑκέτίὸ</span> <span class='ocrx_word' id='word_1_198' title='bbox 1157 2406 1318 2470; x_wconf 82' lang='grc' dir='ltr'>αὑτὸς</span> <span class='ocrx_word' id='word_1_199' title='bbox 1361 2407 1592 2477; x_wconf 84' lang='grc' dir='ltr'>ἀριθμὸς</span> <span class='ocrx_word' id='word_1_200' title='bbox 1635 2386 1727 2461; x_wconf 74' lang='grc' dir='ltr'><strong>ἐπὶ</strong></span> 
     </span>
    </p>
   </div>
   <div class='ocr_carea' id='block_1_28' title="bbox 203 2497 1726 2569">
    <p class='ocr_par' dir='ltr' id='par_1_28' title="bbox 203 2497 1726 2569">
     <span class='ocr_line' id='line_1_28' title="bbox 203 2497 1726 2569; baseline 0 -19"><span class='ocrx_word' id='word_1_201' title='bbox 203 2500 269 2552; x_wconf 70' lang='grc' dir='ltr'><strong>τοῦ</strong></span> <span class='ocrx_word' id='word_1_202' title='bbox 297 2500 518 2569; x_wconf 80' lang='grc' dir='ltr'>ποιμνίου</span> <span class='ocrx_word' id='word_1_203' title='bbox 551 2499 672 2550; x_wconf 86' lang='grc' dir='ltr'><strong>τῶν</strong></span> <span class='ocrx_word' id='word_1_204' title='bbox 705 2498 960 2551; x_wconf 82' lang='grc' dir='ltr'>ἀπλανῶν</span> <span class='ocrx_word' id='word_1_205' title='bbox 992 2499 1406 2569; x_wconf 79' lang='grc' dir='ltr'>μνημονεύεται,</span> <span class='ocrx_word' id='word_1_206' title='bbox 1440 2499 1574 2556; x_wconf 84' lang='grc' dir='ltr'>ἀλλ’.</span> <span class='ocrx_word' id='word_1_207' title='bbox 1607 2497 1726 2551; x_wconf 78' lang='grc' dir='ltr'>ἐνε-</span> 
     </span>
    </p>
   </div>
   <div class='ocr_carea' id='block_1_29' title="bbox 197 2587 1724 2658">
    <p class='ocr_par' dir='ltr' id='par_1_29' title="bbox 197 2587 1724 2658">
     <span class='ocr_line' id='line_1_29' title="bbox 197 2587 1724 2658; baseline -0.001 -17"><span class='ocrx_word' id='word_1_208' title='bbox 197 2589 657 2657; x_wconf 73' lang='grc' dir='ltr'>νήκοντακαὶέννέα</span> <span class='ocrx_word' id='word_1_209' title='bbox 701 2588 1189 2656; x_wconf 81' lang='grc' dir='ltr'>κατονομάζονται·</span> <span class='ocrx_word' id='word_1_210' title='bbox 1231 2587 1292 2640; x_wconf 84' lang='grc' dir='ltr'>τὸ</span> <span class='ocrx_word' id='word_1_211' title='bbox 1343 2588 1450 2658; x_wconf 73' lang='grc' dir='ltr'><strong>γὰρ</strong></span> <span class='ocrx_word' id='word_1_212' title='bbox 1498 2589 1724 2657; x_wconf 84' lang='grc' dir='ltr'>μάταιον</span> 
     </span>
    </p>
   </div>
   <div class='ocr_carea' id='block_1_30' title="bbox 199 2676 1721 2748">
    <p class='ocr_par' dir='ltr' id='par_1_30' title="bbox 199 2676 1721 2748">
     <span class='ocr_line' id='line_1_30' title="bbox 199 2676 1721 2748; baseline 0.004 -22"><span class='ocrx_word' id='word_1_213' title='bbox 199 2678 276 2740; x_wconf 73' lang='grc' dir='ltr'>ἔξω</span> <span class='ocrx_word' id='word_1_214' title='bbox 301 2679 380 2730; x_wconf 81' lang='grc' dir='ltr'><strong>τοῦ</strong></span> <span class='ocrx_word' id='word_1_215' title='bbox 407 2676 644 2748; x_wconf 81' lang='grc' dir='ltr'>ἀριθμοῦ</span> <span class='ocrx_word' id='word_1_216' title='bbox 675 2677 782 2729; x_wconf 88' lang='grc' dir='ltr'><strong>τῶν</strong></span> <span class='ocrx_word' id='word_1_217' title='bbox 815 2677 1139 2744; x_wconf 72' lang='grc' dir='ltr'>ὑφεστώτων</span> <span class='ocrx_word' id='word_1_218' title='bbox 1171 2677 1536 2745; x_wconf 87' lang='grc' dir='ltr'>γίνεται,διότι</span> <span class='ocrx_word' id='word_1_219' title='bbox 1567 2679 1721 2732; x_wconf 89' lang='grc' dir='ltr'>ὑστέ-</span> 
     </span>
    </p>
   </div>
   <div class='ocr_carea' id='block_1_31' title="bbox 198 2765 1721 2841">
    <p class='ocr_par' dir='ltr' id='par_1_31' title="bbox 198 2765 1721 2841">
     <span class='ocr_line' id='line_1_31' title="bbox 198 2765 1721 2841; baseline 0.002 -22"><span class='ocrx_word' id='word_1_220' title='bbox 198 2786 310 2836; x_wconf 66' lang='grc' dir='ltr'>ρημα</span> <span class='ocrx_word' id='word_1_221' title='bbox 351 2770 405 2822; x_wconf 79' lang='grc' dir='ltr'><strong>ού</strong></span> <span class='ocrx_word' id='word_1_222' title='bbox 449 2771 746 2841; x_wconf 80' lang='grc' dir='ltr'>δυνήσεται</span> <span class='ocrx_word' id='word_1_223' title='bbox 789 2770 884 2822; x_wconf 80' lang='grc' dir='ltr'>τοῦ</span> <span class='ocrx_word' id='word_1_224' title='bbox 943 2769 1332 2839; x_wconf 72' lang='grc' dir='ltr'>ἀριθμηθῆναι.</span> <span class='ocrx_word' id='word_1_225' title='bbox 1382 2766 1584 2822; x_wconf 80' lang='grc' dir='ltr'>Ἶιλθεν</span> <span class='ocrx_word' id='word_1_226' title='bbox 1629 2765 1721 2823; x_wconf 75' lang='grc' dir='ltr'><strong>οὖν</strong></span> 
     </span>
    </p>
   </div>
   <div class='ocr_carea' id='block_1_32' title="bbox 199 2855 1721 2926">
    <p class='ocr_par' dir='ltr' id='par_1_32' title="bbox 199 2855 1721 2926">
     <span class='ocr_line' id='line_1_32' title="bbox 199 2855 1721 2926; baseline 0.003 -18"><span class='ocrx_word' id='word_1_227' title='bbox 199 2855 377 2925; x_wconf 66' lang='grc' dir='ltr'>ζητῆσαι</span> <span class='ocrx_word' id='word_1_228' title='bbox 417 2860 509 2910; x_wconf 77' lang='grc' dir='ltr'>καὶ</span> <span class='ocrx_word' id='word_1_229' title='bbox 540 2857 722 2911; x_wconf 89' lang='grc' dir='ltr'>σῶσαι</span> <span class='ocrx_word' id='word_1_230' title='bbox 748 2857 808 2911; x_wconf 78' lang='grc' dir='ltr'>τὸ</span> <span class='ocrx_word' id='word_1_231' title='bbox 843 2857 1140 2920; x_wconf 81' lang='grc' dir='ltr'>ἀπολωλὸς,</span> <span class='ocrx_word' id='word_1_232' title='bbox 1179 2860 1270 2911; x_wconf 76' lang='grc' dir='ltr'><strong>καὶ</strong></span> <span class='ocrx_word' id='word_1_233' title='bbox 1301 2858 1393 2910; x_wconf 72' lang='grc' dir='ltr'>ἐπὶ</span> <span class='ocrx_word' id='word_1_234' title='bbox 1422 2859 1528 2912; x_wconf 90' lang='grc' dir='ltr'><strong>τῶν</strong></span> <span class='ocrx_word' id='word_1_235' title='bbox 1555 2857 1721 2926; x_wconf 76' lang='grc' dir='ltr'>ὤμων</span> 
     </span>
    </p>
   </div>
   <div class='ocr_carea' id='block_1_33' title="bbox 193 2946 1720 3020">
    <p class='ocr_par' dir='ltr' id='par_1_33' title="bbox 193 2946 1720 3020">
     <span class='ocr_line' id='line_1_33' title="bbox 193 2946 1720 3020; baseline 0.003 -22"><span class='ocrx_word' id='word_1_236' title='bbox 193 2947 424 3001; x_wconf 69' lang='grc' dir='ltr'>ἀναλαϐὼν</span> <span class='ocrx_word' id='word_1_237' title='bbox 447 2950 902 3018; x_wconf 76' lang='grc' dir='ltr'>ἀποκαταστῆσαι</span> <span class='ocrx_word' id='word_1_238' title='bbox 931 2952 1042 3012; x_wconf 86' lang='grc' dir='ltr'>τοῖς</span> <span class='ocrx_word' id='word_1_239' title='bbox 1072 2946 1189 3002; x_wconf 76' lang='grc' dir='ltr'>οὖσι</span> <span class='ocrx_word' id='word_1_240' title='bbox 1217 2950 1277 3000; x_wconf 81' lang='grc' dir='ltr'><strong>τὸ</strong></span> <span class='ocrx_word' id='word_1_241' title='bbox 1305 2953 1368 3020; x_wconf 82' lang='grc' dir='ltr'>τῇ</span> <span class='ocrx_word' id='word_1_242' title='bbox 1400 2951 1720 3020; x_wconf 84' lang='grc' dir='ltr'>ματαιότητι</span> 
     </span>
    </p>
   </div>
   <div class='ocr_carea' id='block_1_34' title="bbox 1843 489 3411 574">
    <p class='ocr_par' dir='ltr' id='par_1_34' title="bbox 1843 489 3411 574">
     <span class='ocr_line' id='line_1_34' title="bbox 1843 489 3411 574; baseline 0.011 -32"><span class='ocrx_word' id='word_1_243' title='bbox 1843 489 2069 555; x_wconf 77' lang='lat' dir='ltr'><strong>Paulus,</strong></span> <span class='ocrx_word' id='word_1_244' title='bbox 2125 495 2230 550; x_wconf 89' lang='lat' dir='ltr'><strong>scit</strong></span> <span class='ocrx_word' id='word_1_245' title='bbox 2268 502 2322 548; x_wconf 92' lang='lat' dir='ltr'><strong>et</strong></span> <span class='ocrx_word' id='word_1_246' title='bbox 2371 493 2605 548; x_wconf 92' lang='lat' dir='ltr'><strong>deﬁcere</strong></span> <span class='ocrx_word' id='word_1_247' title='bbox 2659 503 2714 550; x_wconf 88' lang='lat' dir='ltr'><strong>et</strong></span> <span class='ocrx_word' id='word_1_248' title='bbox 2765 496 3050 555; x_wconf 84' lang='lat' dir='ltr'><strong>abundare</strong></span> <span class='ocrx_word' id='word_1_249' title='bbox 3074 500 3140 553; x_wconf 81' lang='grc'>⁸⁸.</span> <span class='ocrx_word' id='word_1_250' title='bbox 3197 500 3264 556; x_wconf 87' lang='lat' dir='ltr'><strong>Et</strong></span> <span class='ocrx_word' id='word_1_251' title='bbox 3313 504 3411 574; x_wconf 80' lang='lat' dir='ltr'><strong>qui</strong></span> 
     </span>
    </p>
   </div>
   <div class='ocr_carea' id='block_1_35' title="bbox 1843 585 3397 664">
    <p class='ocr_par' dir='ltr' id='par_1_35' title="bbox 1843 585 3397 664">
     <span class='ocr_line' id='line_1_35' title="bbox 1843 585 3397 664; baseline 0.009 -29"><span class='ocrx_word' id='word_1_252' title='bbox 1843 585 2069 654; x_wconf 79' lang='lat' dir='ltr'><strong>prodige</strong></span> <span class='ocrx_word' id='word_1_253' title='bbox 2095 585 2331 640; x_wconf 76' lang='lat' dir='ltr'><strong>vivendo</strong></span> <span class='ocrx_word' id='word_1_254' title='bbox 2355 595 2616 655; x_wconf 89' lang='lat' dir='ltr'><strong>paternas</strong></span> <span class='ocrx_word' id='word_1_255' title='bbox 2643 585 2936 642; x_wconf 76' lang='lat' dir='ltr'><strong>facultates</strong></span> <span class='ocrx_word' id='word_1_256' title='bbox 2968 604 3397 664; x_wconf 75' lang='lat' dir='ltr'><strong>consumpserat</strong></span> 
     </span>
    </p>
   </div>
   <div class='ocr_carea' id='block_1_36' title="bbox 1840 676 3409 747">
    <p class='ocr_par' dir='ltr' id='par_1_36' title="bbox 1840 676 3409 747">
     <span class='ocr_line' id='line_1_36' title="bbox 1840 676 3409 747; baseline 0.008 -19"><span class='ocrx_word' id='word_1_257' title='bbox 1840 691 1964 729; x_wconf 90' lang='lat' dir='ltr'><strong>cum</strong></span> <span class='ocrx_word' id='word_1_258' title='bbox 2019 691 2144 729; x_wconf 89' lang='lat' dir='ltr'><strong>eum</strong></span> <span class='ocrx_word' id='word_1_259' title='bbox 2200 676 2374 731; x_wconf 90' lang='lat' dir='ltr'><strong>fames</strong></span> <span class='ocrx_word' id='word_1_260' title='bbox 2431 677 2742 742; x_wconf 80' lang='lat' dir='ltr'><strong>invasisset,</strong></span> <span class='ocrx_word' id='word_1_261' title='bbox 2775 679 2943 747; x_wconf 75' lang='lat' dir='ltr'><strong>cmpit</strong></span> <span class='ocrx_word' id='word_1_262' title='bbox 2989 680 3309 738; x_wconf 82' lang='lat' dir='ltr'><strong>deficere&quot;.</strong></span> <span class='ocrx_word' id='word_1_263' title='bbox 3343 685 3409 740; x_wconf 84' lang='grc' dir='ltr'>Ει</span> 
     </span>
    </p>
   </div>
   <div class='ocr_carea' id='block_1_37' title="bbox 1839 767 3408 842">
    <p class='ocr_par' dir='ltr' id='par_1_37' title="bbox 1839 767 3408 842">
     <span class='ocr_line' id='line_1_37' title="bbox 1839 767 3408 842; baseline 0.007 -22"><span class='ocrx_word' id='word_1_264' title='bbox 1839 767 1907 820; x_wconf 91' lang='lat' dir='ltr'><strong>de</strong></span> <span class='ocrx_word' id='word_1_265' title='bbox 1939 768 2146 822; x_wconf 76' lang='lat' dir='ltr'><strong>sanctis</strong></span> <span class='ocrx_word' id='word_1_266' title='bbox 2178 783 2471 823; x_wconf 82' lang='lat' dir='ltr'><strong>recensens</strong></span> <span class='ocrx_word' id='word_1_267' title='bbox 2495 767 2720 834; x_wconf 83' lang='lat' dir='ltr'><strong>Paulus,</strong></span> <span class='ocrx_word' id='word_1_268' title='bbox 2743 769 2884 823; x_wconf 84' lang='lat' dir='ltr'><strong>inter</strong></span> <span class='ocrx_word' id='word_1_269' title='bbox 2904 779 3130 826; x_wconf 71' lang='lat' dir='ltr'><strong>czrteras</strong></span> <span class='ocrx_word' id='word_1_270' title='bbox 3159 776 3408 842; x_wconf 86' lang='lat' dir='ltr'><strong>corporis</strong></span> 
     </span>
    </p>
   </div>
   <div class='ocr_carea' id='block_1_38' title="bbox 1839 855 3405 930">
    <p class='ocr_par' dir='ltr' id='par_1_38' title="bbox 1839 855 3405 930">
     <span class='ocr_line' id='line_1_38' title="bbox 1839 855 3405 930; baseline 0.006 -22"><span class='ocrx_word' id='word_1_271' title='bbox 1839 855 2159 912; x_wconf 74' lang='lat' dir='ltr'><strong>aﬁlietiones</strong></span> <span class='ocrx_word' id='word_1_272' title='bbox 2194 875 2334 928; x_wconf 88' lang='lat' dir='ltr'><strong>quas</strong></span> <span class='ocrx_word' id='word_1_273' title='bbox 2385 859 2535 928; x_wconf 86' lang='lat' dir='ltr'><strong>passi</strong></span> <span class='ocrx_word' id='word_1_274' title='bbox 2569 870 2747 920; x_wconf 90' lang='lat' dir='ltr'><strong>erant,</strong></span> <span class='ocrx_word' id='word_1_275' title='bbox 2798 859 2941 912; x_wconf 90' lang='lat' dir='ltr'><strong>hanc</strong></span> <span class='ocrx_word' id='word_1_276' title='bbox 2984 875 3206 930; x_wconf 88' lang='lat' dir='ltr'><strong>quoque</strong></span> <span class='ocrx_word' id='word_1_277' title='bbox 3233 861 3405 930; x_wconf 88' lang='lat' dir='ltr'><strong>addit,</strong></span> 
     </span>
    </p>
   </div>
   <div class='ocr_carea' id='block_1_39' title="bbox 1836 949 3405 1021">
    <p class='ocr_par' dir='ltr' id='par_1_39' title="bbox 1836 949 3405 1021">
     <span class='ocr_line' id='line_1_39' title="bbox 1836 949 3405 1021; baseline 0.005 -20"><span class='ocrx_word' id='word_1_278' title='bbox 1836 949 2154 1004; x_wconf 88' lang='lat' dir='ltr'><strong>deﬁcientes</strong></span> <span class='ocrx_word' id='word_1_279' title='bbox 2201 960 2254 1004; x_wconf 88' lang='lat' dir='ltr'><strong>ct</strong></span> <span class='ocrx_word' id='word_1_280' title='bbox 2287 950 2469 1004; x_wconf 83' lang='lat' dir='ltr'><strong>amicti</strong></span> <span class='ocrx_word' id='word_1_281' title='bbox 2495 951 2560 1005; x_wconf 81' lang='grc'>⁸⁸.</span> <span class='ocrx_word' id='word_1_282' title='bbox 2599 952 2741 1019; x_wconf 85' lang='lat' dir='ltr'><strong>Ergo</strong></span> <span class='ocrx_word' id='word_1_283' title='bbox 2788 951 2876 1004; x_wconf 89' lang='lat' dir='ltr'><strong>bic</strong></span> <span class='ocrx_word' id='word_1_284' title='bbox 2911 968 3132 1021; x_wconf 91' lang='lat' dir='ltr'><strong>quoque</strong></span> <span class='ocrx_word' id='word_1_285' title='bbox 3179 955 3405 1010; x_wconf 85' lang='lat' dir='ltr'><strong>verbum</strong></span> 
     </span>
    </p>
   </div>
   <div class='ocr_carea' id='block_1_40' title="bbox 1836 1040 3407 1115">
    <p class='ocr_par' dir='ltr' id='par_1_40' title="bbox 1836 1040 3407 1115">
     <span class='ocr_line' id='line_1_40' title="bbox 1836 1040 3407 1115; baseline 0.004 -21"><span class='ocrx_word' id='word_1_286' title='bbox 1836 1057 1958 1094; x_wconf 89' lang='lat' dir='ltr'><strong>cum</strong></span> <span class='ocrx_word' id='word_1_287' title='bbox 1993 1040 2225 1096; x_wconf 80' lang='lat' dir='ltr'><strong>dixisset</strong></span> <span class='ocrx_word' id='word_1_288' title='bbox 2279 1041 2580 1106; x_wconf 82' lang='lat' dir='ltr'><strong>defectum,</strong></span> <span class='ocrx_word' id='word_1_289' title='bbox 2618 1058 2712 1112; x_wconf 92' lang='lat' dir='ltr'><strong>per</strong></span> <span class='ocrx_word' id='word_1_290' title='bbox 2750 1056 2801 1094; x_wconf 71' lang='grc' dir='ltr'>γι</span> <span class='ocrx_word' id='word_1_291' title='bbox 2821 1058 2940 1098; x_wconf 86' lang='lat' dir='ltr'><strong>cem</strong></span> <span class='ocrx_word' id='word_1_292' title='bbox 2988 1044 3040 1097; x_wconf 89' lang='lat' dir='ltr'><strong>id</strong></span> <span class='ocrx_word' id='word_1_293' title='bbox 3077 1045 3221 1115; x_wconf 89' lang='lat' dir='ltr'><strong>quod</strong></span> <span class='ocrx_word' id='word_1_294' title='bbox 3253 1047 3407 1103; x_wconf 85' lang='lat' dir='ltr'><strong>deest</strong></span> 
     </span>
    </p>
   </div>
   <div class='ocr_carea' id='block_1_41' title="bbox 1835 1134 3406 1207">
    <p class='ocr_par' dir='ltr' id='par_1_41' title="bbox 1835 1134 3406 1207">
     <span class='ocr_line' id='line_1_41' title="bbox 1835 1134 3406 1207; baseline 0.004 -21"><span class='ocrx_word' id='word_1_295' title='bbox 1835 1134 2094 1187; x_wconf 87' lang='lat' dir='ltr'><strong>ostendit.</strong></span> <span class='ocrx_word' id='word_1_296' title='bbox 2151 1134 2307 1200; x_wconf 87' lang='lat' dir='ltr'><strong>Quod</strong></span> <span class='ocrx_word' id='word_1_297' title='bbox 2347 1142 2531 1188; x_wconf 89' lang='lat' dir='ltr'><strong>autem</strong></span> <span class='ocrx_word' id='word_1_298' title='bbox 2595 1135 2768 1200; x_wconf 86' lang='lat' dir='ltr'><strong>deest,</strong></span> <span class='ocrx_word' id='word_1_299' title='bbox 2823 1136 2970 1190; x_wconf 91' lang='lat' dir='ltr'><strong>inter</strong></span> <span class='ocrx_word' id='word_1_300' title='bbox 3001 1151 3062 1190; x_wconf 90' lang='lat' dir='ltr'><strong>ea</strong></span> <span class='ocrx_word' id='word_1_301' title='bbox 3117 1153 3238 1207; x_wconf 62' lang='lat' dir='ltr'><strong>qua:</strong></span> <span class='ocrx_word' id='word_1_302' title='bbox 3277 1146 3406 1194; x_wconf 85' lang='lat' dir='ltr'><strong>sunt</strong></span> 
     </span>
    </p>
   </div>
   <div class='ocr_carea' id='block_1_42' title="bbox 1833 1225 3406 1298">
    <p class='ocr_par' dir='ltr' id='par_1_42' title="bbox 1833 1225 3406 1298">
     <span class='ocr_line' id='line_1_42' title="bbox 1833 1225 3406 1298; baseline 0.006 -23"><span class='ocrx_word' id='word_1_303' title='bbox 1833 1239 1943 1277; x_wconf 89' lang='lat' dir='ltr'><strong>non</strong></span> <span class='ocrx_word' id='word_1_304' title='bbox 1998 1233 2176 1293; x_wconf 79' lang='lat' dir='ltr'><strong>potest</strong></span> <span class='ocrx_word' id='word_1_305' title='bbox 2233 1226 2534 1280; x_wconf 89' lang='lat' dir='ltr'><strong>numerari.</strong></span> <span class='ocrx_word' id='word_1_306' title='bbox 2594 1225 2805 1280; x_wconf 78' lang='lat' dir='ltr'><strong>Etenim</strong></span> <span class='ocrx_word' id='word_1_307' title='bbox 2856 1226 3135 1297; x_wconf 89' lang='lat' dir='ltr'><strong>discipuli,</strong></span> <span class='ocrx_word' id='word_1_308' title='bbox 3186 1229 3406 1298; x_wconf 84' lang='lat' dir='ltr'><strong>quando</strong></span> 
     </span>
    </p>
   </div>
   <div class='ocr_carea' id='block_1_43' title="bbox 1835 1314 3402 1384">
    <p class='ocr_par' dir='ltr' id='par_1_43' title="bbox 1835 1314 3402 1384">
     <span class='ocr_line' id='line_1_43' title="bbox 1835 1314 3402 1384; baseline 0.006 -18"><span class='ocrx_word' id='word_1_309' title='bbox 1835 1314 2044 1384; x_wconf 83' lang='lat' dir='ltr'><strong>integer</strong></span> <span class='ocrx_word' id='word_1_310' title='bbox 2071 1324 2188 1370; x_wconf 91' lang='lat' dir='ltr'><strong>erat</strong></span> <span class='ocrx_word' id='word_1_311' title='bbox 2217 1331 2406 1371; x_wconf 88' lang='lat' dir='ltr'><strong>eorum</strong></span> <span class='ocrx_word' id='word_1_312' title='bbox 2434 1324 2632 1379; x_wconf 63' lang='lat' dir='ltr'><strong>cauus,</strong></span> <span class='ocrx_word' id='word_1_313' title='bbox 2659 1325 2817 1371; x_wconf 88' lang='lat' dir='ltr'><strong>erant</strong></span> <span class='ocrx_word' id='word_1_314' title='bbox 2841 1333 3070 1372; x_wconf 88' lang='lat' dir='ltr'><strong>numero</strong></span> <span class='ocrx_word' id='word_1_315' title='bbox 3089 1320 3402 1376; x_wconf 88' lang='lat' dir='ltr'><strong>duodecim.</strong></span> 
     </span>
    </p>
   </div>
   <div class='ocr_carea' id='block_1_44' title="bbox 1834 1404 3404 1478">
    <p class='ocr_par' dir='ltr' id='par_1_44' title="bbox 1834 1404 3404 1478">
     <span class='ocr_line' id='line_1_44' title="bbox 1834 1404 3404 1478; baseline 0.006 -21"><span class='ocrx_word' id='word_1_316' title='bbox 1834 1404 2128 1476; x_wconf 82' lang='lat' dir='ltr'><strong>Postquam</strong></span> <span class='ocrx_word' id='word_1_317' title='bbox 2160 1417 2342 1462; x_wconf 89' lang='lat' dir='ltr'><strong>autem</strong></span> <span class='ocrx_word' id='word_1_318' title='bbox 2394 1409 2557 1478; x_wconf 88' lang='lat' dir='ltr'><strong>periit</strong></span> <span class='ocrx_word' id='word_1_319' title='bbox 2604 1408 2746 1463; x_wconf 90' lang='lat' dir='ltr'><strong>ﬁlius</strong></span> <span class='ocrx_word' id='word_1_320' title='bbox 2785 1409 3135 1478; x_wconf 88' lang='lat' dir='ltr'><strong>perditionis,</strong></span> <span class='ocrx_word' id='word_1_321' title='bbox 3173 1427 3404 1466; x_wconf 88' lang='lat' dir='ltr'><strong>mancus</strong></span> 
     </span>
    </p>
   </div>
   <div class='ocr_carea' id='block_1_45' title="bbox 1834 1499 3403 1570">
    <p class='ocr_par' dir='ltr' id='par_1_45' title="bbox 1834 1499 3403 1570">
     <span class='ocr_line' id='line_1_45' title="bbox 1834 1499 3403 1570; baseline 0.004 -19"><span class='ocrx_word' id='word_1_322' title='bbox 1834 1499 1934 1553; x_wconf 89' lang='lat' dir='ltr'><strong>fuit</strong></span> <span class='ocrx_word' id='word_1_323' title='bbox 1969 1514 2155 1553; x_wconf 87' lang='lat' dir='ltr'><strong>cormn</strong></span> <span class='ocrx_word' id='word_1_324' title='bbox 2206 1515 2492 1560; x_wconf 87' lang='lat' dir='ltr'><strong>numerus,</strong></span> <span class='ocrx_word' id='word_1_325' title='bbox 2546 1499 2691 1568; x_wconf 90' lang='lat' dir='ltr'><strong>quod</strong></span> <span class='ocrx_word' id='word_1_326' title='bbox 2746 1499 2799 1552; x_wconf 87' lang='lat' dir='ltr'><strong>id</strong></span> <span class='ocrx_word' id='word_1_327' title='bbox 2850 1502 2994 1570; x_wconf 90' lang='lat' dir='ltr'><strong>quod</strong></span> <span class='ocrx_word' id='word_1_328' title='bbox 3035 1502 3243 1566; x_wconf 86' lang='lat' dir='ltr'><strong>deerat,</strong></span> <span class='ocrx_word' id='word_1_329' title='bbox 3294 1519 3403 1558; x_wconf 85' lang='lat' dir='ltr'><strong>non</strong></span> 
     </span>
    </p>
   </div>
   <div class='ocr_carea' id='block_1_46' title="bbox 1833 1590 3401 1658">
    <p class='ocr_par' dir='ltr' id='par_1_46' title="bbox 1833 1590 3401 1658">
     <span class='ocr_line' id='line_1_46' title="bbox 1833 1590 3401 1658; baseline 0.005 -17"><span class='ocrx_word' id='word_1_330' title='bbox 1833 1590 2332 1643; x_wconf 88' lang='lat' dir='ltr'><strong>connumerabatur</strong></span> <span class='ocrx_word' id='word_1_331' title='bbox 2360 1590 2501 1644; x_wconf 87' lang='lat' dir='ltr'><strong>inter</strong></span> <span class='ocrx_word' id='word_1_332' title='bbox 2521 1605 2616 1644; x_wconf 87' lang='lat' dir='ltr'><strong>eos</strong></span> <span class='ocrx_word' id='word_1_333' title='bbox 2645 1591 2737 1658; x_wconf 88' lang='lat' dir='ltr'><strong>qui</strong></span> <span class='ocrx_word' id='word_1_334' title='bbox 2765 1599 2942 1645; x_wconf 87' lang='lat' dir='ltr'><strong>erant.</strong></span> <span class='ocrx_word' id='word_1_335' title='bbox 2973 1591 3232 1648; x_wconf 87' lang='lat' dir='ltr'><strong>Undecim</strong></span> <span class='ocrx_word' id='word_1_336' title='bbox 3258 1596 3401 1649; x_wconf 91' lang='lat' dir='ltr'><strong>enim</strong></span> 
     </span>
    </p>
   </div>
   <div class='ocr_carea' id='block_1_47' title="bbox 1835 1679 3403 1748">
    <p class='ocr_par' dir='ltr' id='par_1_47' title="bbox 1835 1679 3403 1748">
     <span class='ocr_line' id='line_1_47' title="bbox 1835 1679 3403 1748; baseline 0.004 -17"><span class='ocrx_word' id='word_1_337' title='bbox 1835 1687 1958 1748; x_wconf 91' lang='lat' dir='ltr'><strong>post</strong></span> <span class='ocrx_word' id='word_1_338' title='bbox 2001 1679 2196 1732; x_wconf 77' lang='lat' dir='ltr'><strong>Judam</strong></span> <span class='ocrx_word' id='word_1_339' title='bbox 2249 1689 2302 1736; x_wconf 89' lang='lat' dir='ltr'><strong>et</strong></span> <span class='ocrx_word' id='word_1_340' title='bbox 2339 1689 2498 1734; x_wconf 88' lang='lat' dir='ltr'><strong>erant</strong></span> <span class='ocrx_word' id='word_1_341' title='bbox 2531 1688 2585 1735; x_wconf 88' lang='lat' dir='ltr'><strong>et</strong></span> <span class='ocrx_word' id='word_1_342' title='bbox 2633 1683 3086 1738; x_wconf 82' lang='lat' dir='ltr'><strong>nominabantur.</strong></span> <span class='ocrx_word' id='word_1_343' title='bbox 3146 1683 3403 1740; x_wconf 76' lang='lat' dir='ltr'><strong>Defectus</strong></span> 
     </span>
    </p>
   </div>
   <div class='ocr_carea' id='block_1_48' title="bbox 1832 1771 3404 1844">
    <p class='ocr_par' dir='ltr' id='par_1_48' title="bbox 1832 1771 3404 1844">
     <span class='ocr_line' id='line_1_48' title="bbox 1832 1771 3404 1844; baseline 0.002 -19"><span class='ocrx_word' id='word_1_344' title='bbox 1832 1786 1989 1840; x_wconf 88' lang='lat' dir='ltr'><strong>ergo,</strong></span> <span class='ocrx_word' id='word_1_345' title='bbox 2023 1773 2222 1840; x_wconf 89' lang='lat' dir='ltr'><strong>inquit,</strong></span> <span class='ocrx_word' id='word_1_346' title='bbox 2253 1787 2363 1825; x_wconf 87' lang='lat' dir='ltr'><strong>non</strong></span> <span class='ocrx_word' id='word_1_347' title='bbox 2399 1772 2602 1840; x_wconf 84' lang='lat' dir='ltr'><strong>poterit</strong></span> <span class='ocrx_word' id='word_1_348' title='bbox 2639 1773 2942 1826; x_wconf 87' lang='lat' dir='ltr'><strong>numerari.</strong></span> <span class='ocrx_word' id='word_1_349' title='bbox 2980 1771 3120 1838; x_wconf 85' lang='lat' dir='ltr'><strong>Quid</strong></span> <span class='ocrx_word' id='word_1_350' title='bbox 3151 1788 3281 1844; x_wconf 88' lang='lat' dir='ltr'><strong>ergo</strong></span> <span class='ocrx_word' id='word_1_351' title='bbox 3307 1789 3404 1844; x_wconf 79' lang='lat' dir='ltr'><strong>per</strong></span> 
     </span>
    </p>
   </div>
   <div class='ocr_carea' id='block_1_49' title="bbox 1833 1859 3400 1934">
    <p class='ocr_par' dir='ltr' id='par_1_49' title="bbox 1833 1859 3400 1934">
     <span class='ocr_line' id='line_1_49' title="bbox 1833 1859 3400 1934; baseline 0.002 -21"><span class='ocrx_word' id='word_1_352' title='bbox 1833 1860 1936 1914; x_wconf 84' lang='lat' dir='ltr'><strong>hoc</strong></span> <span class='ocrx_word' id='word_1_353' title='bbox 1966 1860 2360 1929; x_wconf 83' lang='lat' dir='ltr'><strong>signiﬁcatur?</strong></span> <span class='ocrx_word' id='word_1_354' title='bbox 2390 1859 2618 1916; x_wconf 87' lang='lat' dir='ltr'><strong>Fuimus</strong></span> <span class='ocrx_word' id='word_1_355' title='bbox 2648 1869 2702 1915; x_wconf 93' lang='lat' dir='ltr'><strong>et</strong></span> <span class='ocrx_word' id='word_1_356' title='bbox 2732 1875 2834 1916; x_wconf 90' lang='lat' dir='ltr'><strong>nos</strong></span> <span class='ocrx_word' id='word_1_357' title='bbox 2855 1877 3076 1932; x_wconf 90' lang='lat' dir='ltr'><strong>quoque</strong></span> <span class='ocrx_word' id='word_1_358' title='bbox 3100 1864 3400 1934; x_wconf 85' lang='lat' dir='ltr'><strong>aliquando</strong></span> 
     </span>
    </p>
   </div>
   <div class='ocr_carea' id='block_1_50' title="bbox 1833 1951 3401 2011">
    <p class='ocr_par' dir='ltr' id='par_1_50' title="bbox 1833 1951 3401 2011">
     <span class='ocr_line' id='line_1_50' title="bbox 1833 1951 3401 2011; baseline 0.004 -8"><span class='ocrx_word' id='word_1_359' title='bbox 1833 1951 1886 2004; x_wconf 93' lang='lat' dir='ltr'><strong>in</strong></span> <span class='ocrx_word' id='word_1_360' title='bbox 1946 1965 2179 2004; x_wconf 87' lang='lat' dir='ltr'><strong>numero</strong></span> <span class='ocrx_word' id='word_1_361' title='bbox 2231 1951 2661 2006; x_wconf 84' lang='lat' dir='ltr'><strong>universorum:</strong></span> <span class='ocrx_word' id='word_1_362' title='bbox 2712 1951 3095 2008; x_wconf 86' lang='lat' dir='ltr'><strong>referebamur</strong></span> <span class='ocrx_word' id='word_1_363' title='bbox 3148 1956 3295 2009; x_wconf 90' lang='lat' dir='ltr'><strong>enim</strong></span> <span class='ocrx_word' id='word_1_364' title='bbox 3344 1955 3401 2011; x_wconf 92' lang='lat' dir='ltr'><strong>in</strong></span> 
     </span>
    </p>
   </div>
   <div class='ocr_carea' id='block_1_51' title="bbox 1830 2040 3400 2112">
    <p class='ocr_par' dir='ltr' id='par_1_51' title="bbox 1830 2040 3400 2112">
     <span class='ocr_line' id='line_1_51' title="bbox 1830 2040 3400 2112; baseline 0.005 -20"><span class='ocrx_word' id='word_1_365' title='bbox 1830 2040 2132 2108; x_wconf 76' lang='lat' dir='ltr'><strong>catalogum</strong></span> <span class='ocrx_word' id='word_1_366' title='bbox 2187 2041 2368 2094; x_wconf 82' lang='lat' dir='ltr'><strong>ovium</strong></span> <span class='ocrx_word' id='word_1_367' title='bbox 2405 2043 2620 2096; x_wconf 86' lang='lat' dir='ltr'><strong>ratione</strong></span> <span class='ocrx_word' id='word_1_368' title='bbox 2653 2043 3000 2112; x_wconf 77' lang='lat' dir='ltr'><strong>przeditarum</strong></span> <span class='ocrx_word' id='word_1_369' title='bbox 3037 2045 3177 2098; x_wconf 88' lang='lat' dir='ltr'><strong>sacri</strong></span> <span class='ocrx_word' id='word_1_370' title='bbox 3211 2053 3400 2100; x_wconf 87' lang='lat' dir='ltr'><strong>cente-</strong></span> 
     </span>
    </p>
   </div>
   <div class='ocr_carea' id='block_1_52' title="bbox 1830 2129 3400 2203">
    <p class='ocr_par' dir='ltr' id='par_1_52' title="bbox 1830 2129 3400 2203">
     <span class='ocr_line' id='line_1_52' title="bbox 1830 2129 3400 2203; baseline 0.004 -22"><span class='ocrx_word' id='word_1_371' title='bbox 1830 2130 1990 2184; x_wconf 90' lang='lat' dir='ltr'><strong>narii.</strong></span> <span class='ocrx_word' id='word_1_372' title='bbox 2023 2129 2316 2200; x_wconf 81' lang='lat' dir='ltr'><strong>Postquam</strong></span> <span class='ocrx_word' id='word_1_373' title='bbox 2353 2142 2532 2186; x_wconf 88' lang='lat' dir='ltr'><strong>autem</strong></span> <span class='ocrx_word' id='word_1_374' title='bbox 2583 2147 2613 2185; x_wconf 90' lang='lat' dir='ltr'><strong>a</strong></span> <span class='ocrx_word' id='word_1_375' title='bbox 2645 2135 2923 2187; x_wconf 90' lang='lat' dir='ltr'><strong>montanis</strong></span> <span class='ocrx_word' id='word_1_376' title='bbox 2972 2134 3196 2203; x_wconf 86' lang='lat' dir='ltr'><strong>pascuis</strong></span> <span class='ocrx_word' id='word_1_377' title='bbox 3237 2135 3400 2189; x_wconf 88' lang='lat' dir='ltr'><strong>aber-</strong></span> 
     </span>
    </p>
   </div>
   <div class='ocr_carea' id='block_1_53' title="bbox 1829 2220 3399 2292">
    <p class='ocr_par' dir='ltr' id='par_1_53' title="bbox 1829 2220 3399 2292">
     <span class='ocr_line' id='line_1_53' title="bbox 1829 2220 3399 2292; baseline 0.005 -21"><span class='ocrx_word' id='word_1_378' title='bbox 1829 2220 1969 2272; x_wconf 82' lang='lat' dir='ltr'><strong>ravit</strong></span> <span class='ocrx_word' id='word_1_379' title='bbox 1999 2221 2117 2274; x_wconf 85' lang='lat' dir='ltr'><strong>ovis</strong></span> <span class='ocrx_word' id='word_1_380' title='bbox 2150 2235 2277 2286; x_wconf 90' lang='lat' dir='ltr'><strong>una,</strong></span> <span class='ocrx_word' id='word_1_381' title='bbox 2315 2235 2527 2290; x_wconf 89' lang='lat' dir='ltr'><strong>nempe,</strong></span> <span class='ocrx_word' id='word_1_382' title='bbox 2581 2230 2766 2276; x_wconf 89' lang='lat' dir='ltr'><strong>nostra</strong></span> <span class='ocrx_word' id='word_1_383' title='bbox 2797 2235 3015 2287; x_wconf 85' lang='lat' dir='ltr'><strong>natura,</strong></span> <span class='ocrx_word' id='word_1_384' title='bbox 3062 2239 3159 2292; x_wconf 80' lang='lat' dir='ltr'><strong>per</strong></span> <span class='ocrx_word' id='word_1_385' title='bbox 3200 2225 3399 2280; x_wconf 86' lang='lat' dir='ltr'><strong>vitium</strong></span> 
     </span>
    </p>
   </div>
   <div class='ocr_carea' id='block_1_54' title="bbox 1828 2308 3396 2377">
    <p class='ocr_par' dir='ltr' id='par_1_54' title="bbox 1828 2308 3396 2377">
     <span class='ocr_line' id='line_1_54' title="bbox 1828 2308 3396 2377; baseline 0.005 -15"><span class='ocrx_word' id='word_1_386' title='bbox 1828 2308 1896 2362; x_wconf 79' lang='lat' dir='ltr'><strong>arl</strong></span> <span class='ocrx_word' id='word_1_387' title='bbox 1932 2309 2077 2362; x_wconf 91' lang='lat' dir='ltr'><strong>hunc</strong></span> <span class='ocrx_word' id='word_1_388' title='bbox 2113 2310 2324 2363; x_wconf 87' lang='lat' dir='ltr'><strong>aridum</strong></span> <span class='ocrx_word' id='word_1_389' title='bbox 2356 2317 2410 2365; x_wconf 89' lang='lat' dir='ltr'><strong>et</strong></span> <span class='ocrx_word' id='word_1_390' title='bbox 2437 2311 2707 2364; x_wconf 90' lang='lat' dir='ltr'><strong>incultum</strong></span> <span class='ocrx_word' id='word_1_391' title='bbox 2736 2312 2918 2366; x_wconf 91' lang='lat' dir='ltr'><strong>locum</strong></span> <span class='ocrx_word' id='word_1_392' title='bbox 2947 2313 3250 2377; x_wconf 84' lang='lat' dir='ltr'><strong>abstracta,</strong></span> <span class='ocrx_word' id='word_1_393' title='bbox 3285 2329 3396 2370; x_wconf 88' lang='lat' dir='ltr'><strong>non</strong></span> 
     </span>
    </p>
   </div>
   <div class='ocr_carea' id='block_1_55' title="bbox 1827 2391 3500 2475">
    <p class='ocr_par' dir='ltr' id='par_1_55' title="bbox 1827 2391 3500 2475">
     <span class='ocr_line' id='line_1_55' title="bbox 1827 2391 3500 2475; baseline 0.006 -24"><span class='ocrx_word' id='word_1_394' title='bbox 1827 2399 2064 2468; x_wconf 83' lang='lat' dir='ltr'><strong>amplius</strong></span> <span class='ocrx_word' id='word_1_395' title='bbox 2113 2410 2582 2455; x_wconf 87' lang='lat' dir='ltr'><strong>commemoratur</strong></span> <span class='ocrx_word' id='word_1_396' title='bbox 2634 2402 2774 2455; x_wconf 85' lang='lat' dir='ltr'><strong>idem</strong></span> <span class='ocrx_word' id='word_1_397' title='bbox 2820 2419 3084 2458; x_wconf 85' lang='lat' dir='ltr'><strong>numerus</strong></span> <span class='ocrx_word' id='word_1_398' title='bbox 3136 2403 3190 2458; x_wconf 91' lang='lat' dir='ltr'><strong>in</strong></span> <span class='ocrx_word' id='word_1_399' title='bbox 3237 2420 3398 2475; x_wconf 86' lang='lat' dir='ltr'><strong>grege</strong></span> <span class='ocrx_word' id='word_1_400' title='bbox 3489 2391 3500 2401; x_wconf 72' lang='grc'><em>’</em></span> 
     </span>
    </p>
   </div>
   <div class='ocr_carea' id='block_1_56' title="bbox 1825 2491 3395 2559">
    <p class='ocr_par' dir='ltr' id='par_1_56' title="bbox 1825 2491 3395 2559">
     <span class='ocr_line' id='line_1_56' title="bbox 1825 2491 3395 2559; baseline 0.003 -15"><span class='ocrx_word' id='word_1_401' title='bbox 1825 2504 2014 2544; x_wconf 86' lang='lat' dir='ltr'><strong>earum</strong></span> <span class='ocrx_word' id='word_1_402' title='bbox 2045 2506 2166 2559; x_wconf 70' lang='lat' dir='ltr'><strong>quae</strong></span> <span class='ocrx_word' id='word_1_403' title='bbox 2199 2505 2304 2543; x_wconf 92' lang='lat' dir='ltr'><strong>non</strong></span> <span class='ocrx_word' id='word_1_404' title='bbox 2331 2491 2678 2552; x_wconf 84' lang='lat' dir='ltr'><strong>aberrarunt,</strong></span> <span class='ocrx_word' id='word_1_405' title='bbox 2708 2491 2803 2547; x_wconf 87' lang='lat' dir='ltr'><strong>sed</strong></span> <span class='ocrx_word' id='word_1_406' title='bbox 2833 2493 3188 2547; x_wconf 88' lang='lat' dir='ltr'><strong>nominantur</strong></span> <span class='ocrx_word' id='word_1_407' title='bbox 3219 2511 3395 2549; x_wconf 81' lang='lat' dir='ltr'><strong>nona-</strong></span> 
     </span>
    </p>
   </div>
   <div class='ocr_carea' id='block_1_57' title="bbox 1826 2579 3392 2648">
    <p class='ocr_par' dir='ltr' id='par_1_57' title="bbox 1826 2579 3392 2648">
     <span class='ocr_line' id='line_1_57' title="bbox 1826 2579 3392 2648; baseline 0.003 -15"><span class='ocrx_word' id='word_1_408' title='bbox 1826 2579 1974 2648; x_wconf 73' lang='lat' dir='ltr'><strong>ginta</strong></span> <span class='ocrx_word' id='word_1_409' title='bbox 2006 2589 2058 2635; x_wconf 88' lang='lat' dir='ltr'><strong>et</strong></span> <span class='ocrx_word' id='word_1_410' title='bbox 2093 2597 2286 2636; x_wconf 84' lang='lat' dir='ltr'><strong>novem</strong></span> <span class='ocrx_word' id='word_1_411' title='bbox 2317 2599 2330 2634; x_wconf 90' lang='lat'><strong>:</strong></span> <span class='ocrx_word' id='word_1_412' title='bbox 2364 2597 2490 2634; x_wconf 86' lang='lat' dir='ltr'><strong>nant</strong></span> <span class='ocrx_word' id='word_1_413' title='bbox 2537 2597 2736 2635; x_wconf 84' lang='lat' dir='ltr'><strong>vanum</strong></span> <span class='ocrx_word' id='word_1_414' title='bbox 2769 2590 2852 2636; x_wconf 87' lang='lat' dir='ltr'><strong>est</strong></span> <span class='ocrx_word' id='word_1_415' title='bbox 2903 2593 3060 2636; x_wconf 77' lang='lat' dir='ltr'><strong>extra</strong></span> <span class='ocrx_word' id='word_1_416' title='bbox 3107 2600 3392 2640; x_wconf 87' lang='lat' dir='ltr'><strong>ntttncrum</strong></span> 
     </span>
    </p>
   </div>
   <div class='ocr_carea' id='block_1_58' title="bbox 1824 2668 3395 2742">
    <p class='ocr_par' dir='ltr' id='par_1_58' title="bbox 1824 2668 3395 2742">
     <span class='ocr_line' id='line_1_58' title="bbox 1824 2668 3395 2742; baseline 0.004 -21"><span class='ocrx_word' id='word_1_417' title='bbox 1824 2668 1943 2736; x_wconf 85' lang='lat' dir='ltr'><strong>ejus</strong></span> <span class='ocrx_word' id='word_1_418' title='bbox 1981 2669 2123 2738; x_wconf 92' lang='lat' dir='ltr'><strong>quod</strong></span> <span class='ocrx_word' id='word_1_419' title='bbox 2155 2671 2412 2722; x_wconf 86' lang='lat' dir='ltr'><strong>consistit</strong></span> <span class='ocrx_word' id='word_1_420' title='bbox 2440 2687 2454 2735; x_wconf 89' lang='lat'><strong>;</strong></span> <span class='ocrx_word' id='word_1_421' title='bbox 2484 2670 2744 2738; x_wconf 87' lang='lat' dir='ltr'><strong>qttoniam</strong></span> <span class='ocrx_word' id='word_1_422' title='bbox 2774 2670 3022 2724; x_wconf 80' lang='lat' dir='ltr'><strong>defectus</strong></span> <span class='ocrx_word' id='word_1_423' title='bbox 3054 2687 3162 2726; x_wconf 88' lang='lat' dir='ltr'><strong>non</strong></span> <span class='ocrx_word' id='word_1_424' title='bbox 3195 2676 3395 2742; x_wconf 70' lang='lat' dir='ltr'><strong>poterit</strong></span> 
     </span>
    </p>
   </div>
   <div class='ocr_carea' id='block_1_59' title="bbox 1826 2759 3392 2831">
    <p class='ocr_par' dir='ltr' id='par_1_59' title="bbox 1826 2759 3392 2831">
     <span class='ocr_line' id='line_1_59' title="bbox 1826 2759 3392 2831; baseline 0.003 -17"><span class='ocrx_word' id='word_1_425' title='bbox 1826 2761 2122 2814; x_wconf 89' lang='lat' dir='ltr'><strong>numerari.</strong></span> <span class='ocrx_word' id='word_1_426' title='bbox 2153 2759 2313 2816; x_wconf 80' lang='lat' dir='ltr'><strong>Venit</strong></span> <span class='ocrx_word' id='word_1_427' title='bbox 2336 2777 2466 2831; x_wconf 86' lang='lat' dir='ltr'><strong>ergo</strong></span> <span class='ocrx_word' id='word_1_428' title='bbox 2499 2763 2562 2814; x_wconf 87' lang='lat' dir='ltr'><strong>ad</strong></span> <span class='ocrx_word' id='word_1_429' title='bbox 2595 2763 2948 2830; x_wconf 73' lang='lat' dir='ltr'><strong>quaerendum</strong></span> <span class='ocrx_word' id='word_1_430' title='bbox 2982 2773 3033 2816; x_wconf 89' lang='lat' dir='ltr'><strong>et</strong></span> <span class='ocrx_word' id='word_1_431' title='bbox 3063 2766 3392 2819; x_wconf 74' lang='lat' dir='ltr'><strong>servandum</strong></span> 
     </span>
    </p>
   </div>
   <div class='ocr_carea' id='block_1_60' title="bbox 1824 2840 3393 2924">
    <p class='ocr_par' dir='ltr' id='par_1_60' title="bbox 1824 2840 3393 2924">
     <span class='ocr_line' id='line_1_60' title="bbox 1824 2840 3393 2924; baseline 0.003 -20"><span class='ocrx_word' id='word_1_432' title='bbox 1824 2851 1971 2920; x_wconf 89' lang='lat' dir='ltr'><strong>quod</strong></span> <span class='ocrx_word' id='word_1_433' title='bbox 2009 2853 2266 2920; x_wconf 90' lang='lat' dir='ltr'><strong>perierat,</strong></span> <span class='ocrx_word' id='word_1_434' title='bbox 2301 2861 2354 2905; x_wconf 92' lang='lat' dir='ltr'><strong>et</strong></span> <span class='ocrx_word' id='word_1_435' title='bbox 2386 2861 2728 2922; x_wconf 85' lang='lat' dir='ltr'><strong>assumptum</strong></span> <span class='ocrx_word' id='word_1_436' title='bbox 2765 2855 2817 2907; x_wconf 90' lang='lat' dir='ltr'><strong>iu</strong></span> <span class='ocrx_word' id='word_1_437' title='bbox 2871 2840 3155 2917; x_wconf 78' lang='lat' dir='ltr'><strong>humeros,</strong></span> <span class='ocrx_word' id='word_1_438' title='bbox 3179 2857 3244 2910; x_wconf 89' lang='lat' dir='ltr'><strong>iis</strong></span> <span class='ocrx_word' id='word_1_439' title='bbox 3272 2872 3393 2924; x_wconf 71' lang='lat' dir='ltr'><strong>qua!</strong></span> 
     </span>
    </p>
   </div>
   <div class='ocr_carea' id='block_1_61' title="bbox 1823 2942 3393 3012">
    <p class='ocr_par' dir='ltr' id='par_1_61' title="bbox 1823 2942 3393 3012">
     <span class='ocr_line' id='line_1_61' title="bbox 1823 2942 3393 3012; baseline 0.003 -15"><span class='ocrx_word' id='word_1_440' title='bbox 1823 2951 1952 2997; x_wconf 90' lang='lat' dir='ltr'><strong>sunt</strong></span> <span class='ocrx_word' id='word_1_441' title='bbox 2007 2942 2408 2998; x_wconf 89' lang='lat' dir='ltr'><strong>restituendum</strong></span> <span class='ocrx_word' id='word_1_442' title='bbox 2461 2943 2510 2996; x_wconf 92' lang='lat' dir='ltr'><strong>id</strong></span> <span class='ocrx_word' id='word_1_443' title='bbox 2574 2944 2718 3012; x_wconf 85' lang='lat' dir='ltr'><strong>quod</strong></span> <span class='ocrx_word' id='word_1_444' title='bbox 2776 2945 2986 3009; x_wconf 86' lang='lat' dir='ltr'><strong>peribat</strong></span> <span class='ocrx_word' id='word_1_445' title='bbox 3039 2946 3091 2998; x_wconf 91' lang='lat' dir='ltr'><strong>in</strong></span> <span class='ocrx_word' id='word_1_446' title='bbox 3155 2949 3393 3002; x_wconf 82' lang='lat' dir='ltr'><strong>vanitate</strong></span> 
     </span>
    </p>
   </div>
   <div class='ocr_carea' id='block_1_62' title="bbox 191 3035 1725 3111">
    <p class='ocr_par' dir='ltr' id='par_1_62' title="bbox 191 3036 1720 3111">
     <span class='ocr_line' id='line_1_62' title="bbox 191 3036 1720 3111; baseline 0.005 -25"><span class='ocrx_word' id='word_1_447' title='bbox 191 3036 273 3088; x_wconf 76' lang='grc' dir='ltr'><strong>τῶν</strong></span> <span class='ocrx_word' id='word_1_448' title='bbox 306 3040 663 3109; x_wconf 73' lang='grc' dir='ltr'>ἀνυπάρκτων</span> <span class='ocrx_word' id='word_1_449' title='bbox 710 3039 1160 3109; x_wconf 76' lang='grc' dir='ltr'>ἐναπολλύμενον,</span> <span class='ocrx_word' id='word_1_450' title='bbox 1208 3040 1293 3091; x_wconf 74' lang='grc' dir='ltr'>ἵνα</span> <span class='ocrx_word' id='word_1_451' title='bbox 1333 3039 1492 3092; x_wconf 80' lang='grc' dir='ltr'>πάλιν</span> <span class='ocrx_word' id='word_1_452' title='bbox 1537 3040 1720 3111; x_wconf 78' lang='grc' dir='ltr'>ἄρτιος</span> 
     </span>
    </p>
   </div>
   <div class='ocr_carea' id='block_1_63' title="bbox 1825 3035 3391 3111">
    <p class='ocr_par' dir='ltr' id='par_1_63' title="bbox 1825 3035 3391 3103">
     <span class='ocr_line' id='line_1_63' title="bbox 1825 3035 3391 3103; baseline 0.001 -15"><span class='ocrx_word' id='word_1_453' title='bbox 1825 3048 2012 3088; x_wconf 87' lang='lat' dir='ltr'><strong>eorum</strong></span> <span class='ocrx_word' id='word_1_454' title='bbox 2049 3049 2170 3102; x_wconf 69' lang='lat' dir='ltr'><strong>quae</strong></span> <span class='ocrx_word' id='word_1_455' title='bbox 2200 3049 2307 3087; x_wconf 87' lang='lat' dir='ltr'><strong>non</strong></span> <span class='ocrx_word' id='word_1_456' title='bbox 2340 3041 2489 3098; x_wconf 87' lang='lat' dir='ltr'><strong>sunt,</strong></span> <span class='ocrx_word' id='word_1_457' title='bbox 2523 3043 2581 3086; x_wconf 87' lang='lat' dir='ltr'><strong>ut</strong></span> <span class='ocrx_word' id='word_1_458' title='bbox 2614 3049 2806 3087; x_wconf 89' lang='lat' dir='ltr'><strong>rursus</strong></span> <span class='ocrx_word' id='word_1_459' title='bbox 2857 3035 3006 3087; x_wconf 89' lang='lat' dir='ltr'><strong>ﬁeret</strong></span> <span class='ocrx_word' id='word_1_460' title='bbox 3051 3035 3261 3103; x_wconf 78' lang='lat' dir='ltr'><strong>integer</strong></span> <span class='ocrx_word' id='word_1_461' title='bbox 3294 3035 3391 3091; x_wconf 86' lang='lat' dir='ltr'><strong>Dei</strong></span> 
     </span>
    </p>
   </div>
   <div class='ocr_carea' id='block_1_64' title="bbox 190 3129 1721 3202">
    <p class='ocr_par' dir='ltr' id='par_1_64' title="bbox 190 3129 1721 3202">
     <span class='ocr_line' id='line_1_64' title="bbox 190 3129 1721 3202; baseline 0.003 -20"><span class='ocrx_word' id='word_1_462' title='bbox 190 3130 366 3200; x_wconf 66' lang='grc' dir='ltr'>γένηται</span> <span class='ocrx_word' id='word_1_463' title='bbox 389 3134 415 3184; x_wconf 88' lang='lat'><strong>6</strong></span> <span class='ocrx_word' id='word_1_464' title='bbox 438 3132 534 3202; x_wconf 77' lang='grc' dir='ltr'>τῆς</span> <span class='ocrx_word' id='word_1_465' title='bbox 566 3131 806 3194; x_wconf 74' lang='grc' dir='ltr'>κτίσεως</span> <span class='ocrx_word' id='word_1_466' title='bbox 833 3131 925 3185; x_wconf 85' lang='grc' dir='ltr'>τοῦ</span> <span class='ocrx_word' id='word_1_467' title='bbox 952 3130 1087 3183; x_wconf 81' lang='grc' dir='ltr'>Θεοῦ</span> <span class='ocrx_word' id='word_1_468' title='bbox 1129 3129 1379 3202; x_wconf 74' lang='grc' dir='ltr'>ἀριθμὸς,</span> <span class='ocrx_word' id='word_1_469' title='bbox 1412 3131 1721 3186; x_wconf 84' lang='grc' dir='ltr'>ἀποσωθέν-</span> 
     </span>
    </p>
   </div>
   <div class='ocr_carea' id='block_1_65' title="bbox 187 3223 1434 3294">
    <p class='ocr_par' dir='ltr' id='par_1_65' title="bbox 187 3223 1434 3294">
     <span class='ocr_line' id='line_1_65' title="bbox 187 3223 1434 3294; baseline 0.005 -24"><span class='ocrx_word' id='word_1_470' title='bbox 187 3234 252 3282; x_wconf 62' lang='lat' dir='ltr'><strong>to;</strong></span> <span class='ocrx_word' id='word_1_471' title='bbox 277 3223 361 3274; x_wconf 80' lang='grc' dir='ltr'><strong>τοὺ</strong></span> <span class='ocrx_word' id='word_1_472' title='bbox 392 3224 738 3286; x_wconf 78' lang='grc' dir='ltr'>ἀπολωλότος</span> <span class='ocrx_word' id='word_1_473' title='bbox 774 3227 885 3286; x_wconf 84' lang='grc' dir='ltr'>τοῖς</span> <span class='ocrx_word' id='word_1_474' title='bbox 921 3223 994 3293; x_wconf 75' lang='grc' dir='ltr'>μὴ</span> <span class='ocrx_word' id='word_1_475' title='bbox 1025 3223 1434 3294; x_wconf 81' lang='grc' dir='ltr'>ἀπολλυμένοις.</span> 
     </span>
    </p>
   </div>
   <div class='ocr_carea' id='block_1_66' title="bbox 237 3310 1720 3385">
    <p class='ocr_par' dir='ltr' id='par_1_66' title="bbox 237 3310 1720 3385">
     <span class='ocr_line' id='line_1_66' title="bbox 237 3310 1720 3385; baseline 0.002 -20"><span class='ocrx_word' id='word_1_476' title='bbox 237 3312 316 3374; x_wconf 75' lang='grc' dir='ltr'>Τίς</span> <span class='ocrx_word' id='word_1_477' title='bbox 349 3310 436 3366; x_wconf 77' lang='grc' dir='ltr'><strong>οὖν</strong></span> <span class='ocrx_word' id='word_1_478' title='bbox 483 3316 515 3385; x_wconf 81' lang='grc' dir='ltr'>ἡ</span> <span class='ocrx_word' id='word_1_479' title='bbox 563 3313 668 3366; x_wconf 78' lang='grc' dir='ltr'>τοῦ</span> <span class='ocrx_word' id='word_1_480' title='bbox 720 3313 1080 3384; x_wconf 84' lang='grc' dir='ltr'>πλανηθέντος</span> <span class='ocrx_word' id='word_1_481' title='bbox 1120 3314 1395 3377; x_wconf 81' lang='grc' dir='ltr'>ἐπάνοδος,</span> <span class='ocrx_word' id='word_1_482' title='bbox 1457 3315 1548 3368; x_wconf 79' lang='grc' dir='ltr'><strong>καὶ</strong></span> <span class='ocrx_word' id='word_1_483' title='bbox 1581 3314 1664 3376; x_wconf 89' lang='grc' dir='ltr'><strong>τίς</strong></span> <span class='ocrx_word' id='word_1_484' title='bbox 1692 3316 1720 3368; x_wconf 89' lang='lat'><strong>6</strong></span> 
     </span>
    </p>
   </div>
   <div class='ocr_carea' id='block_1_67' title="bbox 183 3402 1718 3475">
    <p class='ocr_par' dir='ltr' id='par_1_67' title="bbox 183 3402 1718 3475">
     <span class='ocr_line' id='line_1_67' title="bbox 183 3402 1718 3475; baseline 0.003 -21"><span class='ocrx_word' id='word_1_485' title='bbox 183 3402 338 3467; x_wconf 67' lang='grc' dir='ltr'>τρόπος</span> <span class='ocrx_word' id='word_1_486' title='bbox 361 3403 453 3474; x_wconf 79' lang='grc' dir='ltr'><strong>τῆς</strong></span> <span class='ocrx_word' id='word_1_487' title='bbox 496 3403 617 3457; x_wconf 71' lang='grc' dir='ltr'>ἀπὸ</span> <span class='ocrx_word' id='word_1_488' title='bbox 661 3405 768 3455; x_wconf 86' lang='grc' dir='ltr'><strong>τῶν</strong></span> <span class='ocrx_word' id='word_1_489' title='bbox 796 3406 978 3456; x_wconf 82' lang='grc' dir='ltr'>κακῶν</span> <span class='ocrx_word' id='word_1_490' title='bbox 1014 3404 1146 3475; x_wconf 79' lang='grc' dir='ltr'>πρὸς</span> <span class='ocrx_word' id='word_1_491' title='bbox 1174 3405 1236 3457; x_wconf 80' lang='grc' dir='ltr'>τὸ</span> <span class='ocrx_word' id='word_1_492' title='bbox 1279 3404 1482 3472; x_wconf 79' lang='grc' dir='ltr'>ἀγαθὸν</span> <span class='ocrx_word' id='word_1_493' title='bbox 1520 3404 1718 3458; x_wconf 85' lang='grc' dir='ltr'>ἀναλύ-</span> 
     </span>
    </p>
   </div>
   <div class='ocr_carea' id='block_1_68' title="bbox 186 3493 1718 3568">
    <p class='ocr_par' dir='ltr' id='par_1_68' title="bbox 186 3493 1718 3568">
     <span class='ocr_line' id='line_1_68' title="bbox 186 3493 1718 3568; baseline 0.005 -27"><span class='ocrx_word' id='word_1_494' title='bbox 186 3507 304 3554; x_wconf 69' lang='grc' dir='ltr'>σεως,</span> <span class='ocrx_word' id='word_1_495' title='bbox 329 3496 381 3545; x_wconf 80' lang='grc' dir='ltr'><strong>ἐν</strong></span> <span class='ocrx_word' id='word_1_496' title='bbox 408 3498 521 3556; x_wconf 85' lang='grc' dir='ltr'>τοῖς</span> <span class='ocrx_word' id='word_1_497' title='bbox 553 3493 761 3564; x_wconf 68' lang='grc' dir='ltr'>ἐφεξῆς</span> <span class='ocrx_word' id='word_1_498' title='bbox 793 3494 1173 3565; x_wconf 84' lang='grc' dir='ltr'>διδασκόμεθα.</span> <span class='ocrx_word' id='word_1_499' title='bbox 1232 3496 1288 3549; x_wconf 85' lang='grc' dir='ltr'>Ὀ</span> <span class='ocrx_word' id='word_1_500' title='bbox 1314 3495 1421 3567; x_wconf 87' lang='grc' dir='ltr'><strong>γάρ</strong></span> <span class='ocrx_word' id='word_1_501' title='bbox 1454 3513 1718 3568; x_wconf 84' lang='grc' dir='ltr'>πεπειρα-</span> 
     </span>
    </p>
   </div>
   <div class='ocr_carea' id='block_1_69' title="bbox 181 3585 1716 3660">
    <p class='ocr_par' dir='ltr' id='par_1_69' title="bbox 181 3585 1716 3660">
     <span class='ocr_line' id='line_1_69' title="bbox 181 3585 1716 3660; baseline 0.004 -23"><span class='ocrx_word' id='word_1_502' title='bbox 181 3585 301 3648; x_wconf 75' lang='grc' dir='ltr'>μένος</span> <span class='ocrx_word' id='word_1_503' title='bbox 335 3588 472 3640; x_wconf 80' lang='grc' dir='ltr'>κατὰ</span> <span class='ocrx_word' id='word_1_504' title='bbox 499 3588 691 3640; x_wconf 75' lang='grc' dir='ltr'>πάντα</span> <span class='ocrx_word' id='word_1_505' title='bbox 746 3588 868 3640; x_wconf 87' lang='grc' dir='ltr'>καθ’</span> <span class='ocrx_word' id='word_1_506' title='bbox 900 3589 1188 3658; x_wconf 77' lang='grc' dir='ltr'>ὁμοιότητα</span> <span class='ocrx_word' id='word_1_507' title='bbox 1221 3589 1389 3660; x_wconf 64' lang='grc' dir='ltr'>χωρὶς</span> <span class='ocrx_word' id='word_1_508' title='bbox 1423 3590 1716 3660; x_wconf 86' lang='grc' dir='ltr'>ἁμαρτίας,</span> 
     </span>
    </p>
   </div>
   <div class='ocr_carea' id='block_1_70' title="bbox 183 3671 1718 3748">
    <p class='ocr_par' dir='ltr' id='par_1_70' title="bbox 183 3671 1718 3748">
     <span class='ocr_line' id='line_1_70' title="bbox 183 3671 1718 3748; baseline 0.005 -23"><span class='ocrx_word' id='word_1_509' title='bbox 183 3671 224 3722; x_wconf 70' lang='grc' dir='ltr'>ἐκ</span> <span class='ocrx_word' id='word_1_510' title='bbox 258 3675 350 3726; x_wconf 73' lang='grc' dir='ltr'>τιῖιν</span> <span class='ocrx_word' id='word_1_511' title='bbox 379 3678 678 3748; x_wconf 72' lang='grc' dir='ltr'>ἡμετέρων</span> <span class='ocrx_word' id='word_1_512' title='bbox 727 3679 859 3747; x_wconf 77' lang='grc' dir='ltr'>ἡμῖν</span> <span class='ocrx_word' id='word_1_513' title='bbox 886 3677 1254 3744; x_wconf 78' lang='grc' dir='ltr'>διαλέγεται³ό</span> <span class='ocrx_word' id='word_1_514' title='bbox 1297 3678 1396 3741; x_wconf 81' lang='grc' dir='ltr'>τὰς</span> <span class='ocrx_word' id='word_1_515' title='bbox 1435 3679 1718 3743; x_wconf 85' lang='grc' dir='ltr'>ἀσθενείας</span> 
     </span>
    </p>
   </div>
   <div class='ocr_carea' id='block_1_71' title="bbox 173 3763 1718 3838">
    <p class='ocr_par' dir='ltr' id='par_1_71' title="bbox 173 3763 1718 3838">
     <span class='ocr_line' id='line_1_71' title="bbox 173 3763 1718 3838; baseline 0.003 -21"><span class='ocrx_word' id='word_1_516' title='bbox 173 3763 292 3829; x_wconf 60' lang='grc' dir='ltr'>ἡμῶν</span> <span class='ocrx_word' id='word_1_517' title='bbox 331 3767 652 3828; x_wconf 78' lang='grc' dir='ltr'>ἀναλαϐὼν,</span> <span class='ocrx_word' id='word_1_518' title='bbox 685 3767 752 3821; x_wconf 86' lang='grc' dir='ltr'>δι’</span> <span class='ocrx_word' id='word_1_519' title='bbox 804 3767 985 3820; x_wconf 84' lang='grc' dir='ltr'>αὑτῶν</span> <span class='ocrx_word' id='word_1_520' title='bbox 1031 3767 1137 3820; x_wconf 71' lang='grc' dir='ltr'>τῶι</span> <span class='ocrx_word' id='word_1_521' title='bbox 1184 3767 1575 3837; x_wconf 75' lang='grc' dir='ltr'>ἀσθενημόιτων</span> <span class='ocrx_word' id='word_1_522' title='bbox 1619 3769 1718 3838; x_wconf 79' lang='grc' dir='ltr'><strong>τῆς</strong></span> 
     </span>
    </p>
   </div>
   <div class='ocr_carea' id='block_1_72' title="bbox 176 3854 1718 3930">
    <p class='ocr_par' dir='ltr' id='par_1_72' title="bbox 176 3854 1718 3930">
     <span class='ocr_line' id='line_1_72' title="bbox 176 3854 1718 3930; baseline 0.006 -24"><span class='ocrx_word' id='word_1_523' title='bbox 176 3854 363 3922; x_wconf 65' lang='grc' dir='ltr'>ςύσεως,</span> <span class='ocrx_word' id='word_1_524' title='bbox 391 3860 493 3930; x_wconf 71' lang='grc' dir='ltr'><strong>τὴν</strong></span> <span class='ocrx_word' id='word_1_525' title='bbox 532 3861 648 3924; x_wconf 75' lang='grc' dir='ltr'>ἔξω</span> <span class='ocrx_word' id='word_1_526' title='bbox 682 3861 880 3922; x_wconf 84' lang='grc' dir='ltr'>κακίας</span> <span class='ocrx_word' id='word_1_527' title='bbox 913 3860 1029 3912; x_wconf 83' lang='grc' dir='ltr'>ὁδὸν</span> <span class='ocrx_word' id='word_1_528' title='bbox 1061 3859 1442 3914; x_wconf 86' lang='grc' dir='ltr'>ὑποδείκνυσι-</span> <span class='ocrx_word' id='word_1_529' title='bbox 1464 3860 1577 3913; x_wconf 81' lang='grc' dir='ltr'><strong>Νῦν</strong></span> <span class='ocrx_word' id='word_1_530' title='bbox 1610 3863 1718 3929; x_wconf 81' lang='grc' dir='ltr'>γάρ</span> 
     </span>
    </p>
   </div>
   <div class='ocr_carea' id='block_1_73' title="bbox 172 3948 1718 4022">
    <p class='ocr_par' dir='ltr' id='par_1_73' title="bbox 172 3948 1718 4022">
     <span class='ocr_line' id='line_1_73' title="bbox 172 3948 1718 4022; baseline 0.005 -25"><span class='ocrx_word' id='word_1_531' title='bbox 172 3965 235 4010; x_wconf 65' lang='lat' dir='ltr'><strong>3w.</strong></span> <span class='ocrx_word' id='word_1_532' title='bbox 271 3950 455 4020; x_wconf 84' lang='grc' dir='ltr'>νόησον</span> <span class='ocrx_word' id='word_1_533' title='bbox 504 3954 617 4020; x_wconf 73' lang='grc' dir='ltr'><strong>τὴν</strong></span> <span class='ocrx_word' id='word_1_534' title='bbox 663 3948 866 4020; x_wconf 83' lang='grc' dir='ltr'>Σοφίαν</span> <span class='ocrx_word' id='word_1_535' title='bbox 915 3950 972 4016; x_wconf 83' lang='grc' dir='ltr'><strong>ἐξ</strong></span> <span class='ocrx_word' id='word_1_536' title='bbox 1024 3948 1188 4002; x_wconf 83' lang='grc' dir='ltr'>αὑτοῦ</span> <span class='ocrx_word' id='word_1_537' title='bbox 1223 3949 1318 4003; x_wconf 76' lang='grc' dir='ltr'>τοῦ</span> <span class='ocrx_word' id='word_1_538' title='bbox 1368 3949 1507 4003; x_wconf 62' lang='grc' dir='ltr'>κατὰ</span> <span class='ocrx_word' id='word_1_539' title='bbox 1541 3950 1718 4022; x_wconf 85' lang='grc' dir='ltr'>σάρκα</span> 
     </span>
    </p>
   </div>
   <div class='ocr_carea' id='block_1_74' title="bbox 170 4033 1718 4109">
    <p class='ocr_par' dir='ltr' id='par_1_74' title="bbox 170 4033 1718 4109">
     <span class='ocr_line' id='line_1_74' title="bbox 170 4033 1718 4109; baseline 0.004 -22"><span class='ocrx_word' id='word_1_540' title='bbox 170 4033 469 4106; x_wconf 57' lang='grc' dir='ltr'>ᾱλομῶντος</span> <span class='ocrx_word' id='word_1_541' title='bbox 519 4039 874 4109; x_wconf 84' lang='grc' dir='ltr'>διαλέγεσθαι</span> <span class='ocrx_word' id='word_1_542' title='bbox 892 4057 906 4073; x_wconf 86' lang='grc'><strong>·</strong></span> <span class='ocrx_word' id='word_1_543' title='bbox 929 4038 1269 4108; x_wconf 87' lang='grc' dir='ltr'>διαλέγεσθαι</span> <span class='ocrx_word' id='word_1_544' title='bbox 1285 4039 1546 4104; x_wconf 82' lang='grc' dir='ltr'>δὲταῦτα,</span> <span class='ocrx_word' id='word_1_545' title='bbox 1560 4040 1625 4093; x_wconf 83' lang='grc' dir='ltr'>δι’</span> <span class='ocrx_word' id='word_1_546' title='bbox 1643 4034 1718 4094; x_wconf 82' lang='grc' dir='ltr'>ὧν</span> 
     </span>
    </p>
   </div>
   <div class='ocr_carea' id='block_1_75' title="bbox 167 4127 1719 4202">
    <p class='ocr_par' dir='ltr' id='par_1_75' title="bbox 167 4127 1719 4202">
     <span class='ocr_line' id='line_1_75' title="bbox 167 4127 1719 4202; baseline 0.003 -24"><span class='ocrx_word' id='word_1_547' title='bbox 167 4127 357 4188; x_wconf 66' lang='grc' dir='ltr'>μαλιστα</span> <span class='ocrx_word' id='word_1_548' title='bbox 372 4132 518 4202; x_wconf 76' lang='grc' dir='ltr'>πρὸς</span> <span class='ocrx_word' id='word_1_549' title='bbox 546 4132 856 4201; x_wconf 66' lang='grc' dir='ltr'>ὑπεροψίαν</span> <span class='ocrx_word' id='word_1_550' title='bbox 881 4131 1281 4202; x_wconf 83' lang='grc' dir='ltr'>ὁδηγηθείημεν</span> <span class='ocrx_word' id='word_1_551' title='bbox 1303 4130 1412 4184; x_wconf 90' lang='grc' dir='ltr'><strong>τῶν</strong></span> <span class='ocrx_word' id='word_1_552' title='bbox 1433 4131 1582 4202; x_wconf 86' lang='grc' dir='ltr'><strong>παρά</strong></span> <span class='ocrx_word' id='word_1_553' title='bbox 1607 4133 1719 4195; x_wconf 88' lang='grc' dir='ltr'>τοῖς</span> 
     </span>
    </p>
   </div>
   <div class='ocr_carea' id='block_1_76' title="bbox 165 4217 1717 4294">
    <p class='ocr_par' dir='ltr' id='par_1_76' title="bbox 165 4217 1717 4294">
     <span class='ocr_line' id='line_1_76' title="bbox 165 4217 1717 4294; baseline 0.001 -19"><span class='ocrx_word' id='word_1_554' title='bbox 165 4217 428 4288; x_wconf 61' lang='grc' dir='ltr'>ἀνθρώποις</span> <span class='ocrx_word' id='word_1_555' title='bbox 448 4223 931 4294; x_wconf 77' lang='grc' dir='ltr'>σπουδαζομένων.</span> <span class='ocrx_word' id='word_1_556' title='bbox 951 4223 1025 4276; x_wconf 91' lang='grc' dir='ltr'>Οὑ</span> <span class='ocrx_word' id='word_1_557' title='bbox 1041 4223 1148 4293; x_wconf 83' lang='grc' dir='ltr'><strong>γὰρ</strong></span> <span class='ocrx_word' id='word_1_558' title='bbox 1165 4223 1284 4276; x_wconf 81' lang='grc' dir='ltr'>καθ’</span> <span class='ocrx_word' id='word_1_559' title='bbox 1300 4222 1591 4292; x_wconf 86' lang='grc' dir='ltr'>ὁμοιότητα</span> <span class='ocrx_word' id='word_1_560' title='bbox 1609 4221 1717 4276; x_wconf 85' lang='grc' dir='ltr'><strong>τῶν</strong></span> 
     </span>
    </p>
   </div>
   <div class='ocr_carea' id='block_1_77' title="bbox 161 4309 1713 4384">
    <p class='ocr_par' dir='ltr' id='par_1_77' title="bbox 161 4309 1713 4384">
     <span class='ocr_line' id='line_1_77' title="bbox 161 4309 1713 4384; baseline 0.002 -20"><span class='ocrx_word' id='word_1_561' title='bbox 161 4309 350 4376; x_wconf 60' lang='grc' dir='ltr'>παλ-λῶν,</span> <span class='ocrx_word' id='word_1_562' title='bbox 399 4309 488 4378; x_wconf 67' lang='grc' dir='ltr'>οἷς</span> <span class='ocrx_word' id='word_1_563' title='bbox 523 4315 633 4367; x_wconf 84' lang='grc' dir='ltr'><strong>οὑκ</strong></span> <span class='ocrx_word' id='word_1_564' title='bbox 676 4315 790 4366; x_wconf 85' lang='grc' dir='ltr'>ἔστι</span> <span class='ocrx_word' id='word_1_565' title='bbox 835 4315 953 4367; x_wconf 90' lang='grc' dir='ltr'>κατ’</span> <span class='ocrx_word' id='word_1_566' title='bbox 986 4313 1234 4378; x_wconf 79' lang='grc' dir='ltr'>ἐξουσίαν</span> <span class='ocrx_word' id='word_1_567' title='bbox 1264 4314 1324 4365; x_wconf 78' lang='grc' dir='ltr'>τὸ</span> <span class='ocrx_word' id='word_1_568' title='bbox 1356 4313 1713 4384; x_wconf 88' lang='grc' dir='ltr'>καταθύμιον,</span> 
     </span>
    </p>
   </div>
   <div class='ocr_carea' id='block_1_78' title="bbox 1822 3124 3388 3195">
    <p class='ocr_par' dir='ltr' id='par_1_78' title="bbox 1822 3124 3388 3195">
     <span class='ocr_line' id='line_1_78' title="bbox 1822 3124 3388 3195; baseline 0.002 -18"><span class='ocrx_word' id='word_1_569' title='bbox 1822 3134 2087 3178; x_wconf 72' lang='lat' dir='ltr'><strong>creaturae</strong></span> <span class='ocrx_word' id='word_1_570' title='bbox 2134 3140 2413 3179; x_wconf 87' lang='lat' dir='ltr'><strong>numerus.</strong></span> <span class='ocrx_word' id='word_1_571' title='bbox 2450 3132 2777 3178; x_wconf 82' lang='lat' dir='ltr'><strong>conservato</strong></span> <span class='ocrx_word' id='word_1_572' title='bbox 2835 3139 2900 3177; x_wconf 90' lang='lat' dir='ltr'><strong>eo</strong></span> <span class='ocrx_word' id='word_1_573' title='bbox 2957 3124 3098 3193; x_wconf 89' lang='lat' dir='ltr'><strong>quod</strong></span> <span class='ocrx_word' id='word_1_574' title='bbox 3138 3128 3388 3195; x_wconf 83' lang='lat' dir='ltr'><strong>perierat,</strong></span> 
     </span>
    </p>
   </div>
   <div class='ocr_carea' id='block_1_79' title="bbox 1823 3213 2466 3284">
    <p class='ocr_par' dir='ltr' id='par_1_79' title="bbox 1823 3213 2466 3284">
     <span class='ocr_line' id='line_1_79' title="bbox 1823 3213 2466 3284; baseline 0 -18"><span class='ocrx_word' id='word_1_575' title='bbox 1823 3213 1891 3268; x_wconf 91' lang='lat' dir='ltr'><strong>iis</strong></span> <span class='ocrx_word' id='word_1_576' title='bbox 1917 3231 2039 3284; x_wconf 59' lang='lat' dir='ltr'><strong>qua?</strong></span> <span class='ocrx_word' id='word_1_577' title='bbox 2079 3229 2184 3268; x_wconf 91' lang='lat' dir='ltr'><strong>non</strong></span> <span class='ocrx_word' id='word_1_578' title='bbox 2217 3219 2466 3284; x_wconf 86' lang='lat' dir='ltr'><strong>pereunt.</strong></span> 
     </span>
    </p>
   </div>
   <div class='ocr_carea' id='block_1_80' title="bbox 1895 3302 3392 3374">
    <p class='ocr_par' dir='ltr' id='par_1_80' title="bbox 1895 3302 3392 3374">
     <span class='ocr_line' id='line_1_80' title="bbox 1895 3302 3392 3374; baseline 0.001 -16"><span class='ocrx_word' id='word_1_579' title='bbox 1895 3305 2162 3372; x_wconf 86' lang='lat' dir='ltr'><strong>Quisnam</strong></span> <span class='ocrx_word' id='word_1_580' title='bbox 2194 3321 2325 3374; x_wconf 87' lang='lat' dir='ltr'><strong>ergo</strong></span> <span class='ocrx_word' id='word_1_581' title='bbox 2356 3306 2427 3359; x_wconf 93' lang='lat' dir='ltr'><strong>sit</strong></span> <span class='ocrx_word' id='word_1_582' title='bbox 2461 3304 2670 3358; x_wconf 88' lang='lat' dir='ltr'><strong>reditus</strong></span> <span class='ocrx_word' id='word_1_583' title='bbox 2697 3302 2815 3371; x_wconf 85' lang='lat' dir='ltr'><strong>ejus</strong></span> <span class='ocrx_word' id='word_1_584' title='bbox 2845 3303 2990 3373; x_wconf 89' lang='lat' dir='ltr'><strong>quod</strong></span> <span class='ocrx_word' id='word_1_585' title='bbox 3019 3305 3392 3368; x_wconf 80' lang='lat' dir='ltr'><strong>aberraverat,</strong></span> 
     </span>
    </p>
   </div>
   <div class='ocr_carea' id='block_1_81' title="bbox 1819 3395 3392 3466">
    <p class='ocr_par' dir='ltr' id='par_1_81' title="bbox 1819 3395 3392 3466">
     <span class='ocr_line' id='line_1_81' title="bbox 1819 3395 3392 3466; baseline 0.002 -15"><span class='ocrx_word' id='word_1_586' title='bbox 1819 3404 1871 3451; x_wconf 86' lang='lat' dir='ltr'><strong>et</strong></span> <span class='ocrx_word' id='word_1_587' title='bbox 1888 3397 2144 3466; x_wconf 82' lang='lat' dir='ltr'><strong>quisnam</strong></span> <span class='ocrx_word' id='word_1_588' title='bbox 2172 3397 2243 3450; x_wconf 93' lang='lat' dir='ltr'><strong>sit</strong></span> <span class='ocrx_word' id='word_1_589' title='bbox 2272 3396 2467 3450; x_wconf 90' lang='lat' dir='ltr'><strong>modus</strong></span> <span class='ocrx_word' id='word_1_590' title='bbox 2485 3411 2515 3448; x_wconf 90' lang='lat' dir='ltr'><strong>a</strong></span> <span class='ocrx_word' id='word_1_591' title='bbox 2540 3395 2697 3449; x_wconf 87' lang='lat' dir='ltr'><strong>malis</strong></span> <span class='ocrx_word' id='word_1_592' title='bbox 2721 3395 2785 3448; x_wconf 89' lang='lat' dir='ltr'><strong>ad</strong></span> <span class='ocrx_word' id='word_1_593' title='bbox 2821 3396 3020 3450; x_wconf 86' lang='lat' dir='ltr'><strong>bonum</strong></span> <span class='ocrx_word' id='word_1_594' title='bbox 3039 3398 3392 3462; x_wconf 82' lang='lat' dir='ltr'><strong>reversionis,</strong></span> 
     </span>
    </p>
   </div>
   <div class='ocr_carea' id='block_1_82' title="bbox 1819 3485 3396 3556">
    <p class='ocr_par' dir='ltr' id='par_1_82' title="bbox 1819 3485 3396 3556">
     <span class='ocr_line' id='line_1_82' title="bbox 1819 3485 3396 3556; baseline 0.003 -17"><span class='ocrx_word' id='word_1_595' title='bbox 1819 3487 2082 3556; x_wconf 84' lang='lat' dir='ltr'><strong>deinceps</strong></span> <span class='ocrx_word' id='word_1_596' title='bbox 2134 3487 2422 3541; x_wconf 84' lang='lat' dir='ltr'><strong>docemur.</strong></span> <span class='ocrx_word' id='word_1_597' title='bbox 2474 3485 2576 3551; x_wconf 90' lang='lat' dir='ltr'><strong>Qui</strong></span> <span class='ocrx_word' id='word_1_598' title='bbox 2605 3487 2752 3540; x_wconf 88' lang='lat' dir='ltr'><strong>enim</strong></span> <span class='ocrx_word' id='word_1_599' title='bbox 2788 3502 2883 3556; x_wconf 91' lang='lat' dir='ltr'><strong>per</strong></span> <span class='ocrx_word' id='word_1_600' title='bbox 2930 3488 3116 3541; x_wconf 82' lang='lat' dir='ltr'><strong>omnia</strong></span> <span class='ocrx_word' id='word_1_601' title='bbox 3150 3495 3396 3544; x_wconf 89' lang='lat' dir='ltr'><strong>tentatus</strong></span> 
     </span>
    </p>
   </div>
   <div class='ocr_carea' id='block_1_83' title="bbox 1818 3573 3394 3641">
    <p class='ocr_par' dir='ltr' id='par_1_83' title="bbox 1818 3573 3394 3641">
     <span class='ocr_line' id='line_1_83' title="bbox 1818 3573 3394 3641; baseline 0.001 -13"><span class='ocrx_word' id='word_1_602' title='bbox 1818 3581 1903 3628; x_wconf 86' lang='lat' dir='ltr'><strong>est</strong></span> <span class='ocrx_word' id='word_1_603' title='bbox 1933 3574 2000 3626; x_wconf 89' lang='lat' dir='ltr'><strong>ad</strong></span> <span class='ocrx_word' id='word_1_604' title='bbox 2047 3573 2463 3628; x_wconf 89' lang='lat' dir='ltr'><strong>similitudinem</strong></span> <span class='ocrx_word' id='word_1_605' title='bbox 2515 3574 2723 3641; x_wconf 80' lang='lat' dir='ltr'><strong>absque</strong></span> <span class='ocrx_word' id='word_1_606' title='bbox 2777 3583 3027 3641; x_wconf 86' lang='lat' dir='ltr'><strong>peccato,</strong></span> <span class='ocrx_word' id='word_1_607' title='bbox 3068 3589 3133 3628; x_wconf 78' lang='lat' dir='ltr'><strong>ex</strong></span> <span class='ocrx_word' id='word_1_608' title='bbox 3190 3577 3394 3630; x_wconf 80' lang='lat' dir='ltr'><strong>nostris</strong></span> 
     </span>
    </p>
   </div>
   <div class='ocr_carea' id='block_1_84' title="bbox 1820 3659 3393 3734">
    <p class='ocr_par' dir='ltr' id='par_1_84' title="bbox 1820 3659 3393 3734">
     <span class='ocr_line' id='line_1_84' title="bbox 1820 3659 3393 3734; baseline 0.001 -15"><span class='ocrx_word' id='word_1_609' title='bbox 1820 3666 2106 3720; x_wconf 89' lang='lat' dir='ltr'><strong>nobiseum</strong></span> <span class='ocrx_word' id='word_1_610' title='bbox 2141 3666 2382 3720; x_wconf 80' lang='lat' dir='ltr'><strong>disserit.</strong></span> <span class='ocrx_word' id='word_1_611' title='bbox 2419 3663 2524 3729; x_wconf 92' lang='lat' dir='ltr'><strong>Qui</strong></span> <span class='ocrx_word' id='word_1_612' title='bbox 2556 3673 2776 3718; x_wconf 91' lang='lat' dir='ltr'><strong>nostras</strong></span> <span class='ocrx_word' id='word_1_613' title='bbox 2810 3666 3113 3734; x_wconf 86' lang='lat' dir='ltr'><strong>assumpsit</strong></span> <span class='ocrx_word' id='word_1_614' title='bbox 3143 3659 3393 3720; x_wconf 81' lang='lat' dir='ltr'><strong>imbecil-</strong></span> 
     </span>
    </p>
   </div>
   <div class='ocr_carea' id='block_1_85' title="bbox 1820 3751 3392 3821">
    <p class='ocr_par' dir='ltr' id='par_1_85' title="bbox 1820 3751 3392 3821">
     <span class='ocr_line' id='line_1_85' title="bbox 1820 3751 3392 3821; baseline 0.001 -16"><span class='ocrx_word' id='word_1_615' title='bbox 1820 3753 2026 3814; x_wconf 84' lang='lat' dir='ltr'><strong>litates,</strong></span> <span class='ocrx_word' id='word_1_616' title='bbox 2052 3768 2148 3821; x_wconf 87' lang='lat' dir='ltr'><strong>per</strong></span> <span class='ocrx_word' id='word_1_617' title='bbox 2178 3755 2327 3821; x_wconf 89' lang='lat' dir='ltr'><strong>ipsas</strong></span> <span class='ocrx_word' id='word_1_618' title='bbox 2353 3760 2565 3805; x_wconf 64' lang='lat' dir='ltr'><strong>naturae</strong></span> <span class='ocrx_word' id='word_1_619' title='bbox 2593 3751 2960 3816; x_wconf 83' lang='lat' dir='ltr'><strong>inﬁrmitates,</strong></span> <span class='ocrx_word' id='word_1_620' title='bbox 2981 3751 3222 3807; x_wconf 85' lang='lat' dir='ltr'><strong>ostendit</strong></span> <span class='ocrx_word' id='word_1_621' title='bbox 3245 3751 3392 3806; x_wconf 85' lang='lat' dir='ltr'><strong>viam</strong></span> 
     </span>
    </p>
   </div>
   <div class='ocr_carea' id='block_1_86' title="bbox 1819 3839 3392 3913">
    <p class='ocr_par' dir='ltr' id='par_1_86' title="bbox 1819 3839 3392 3913">
     <span class='ocr_line' id='line_1_86' title="bbox 1819 3839 3392 3913; baseline 0.001 -19"><span class='ocrx_word' id='word_1_622' title='bbox 1819 3857 1940 3913; x_wconf 60' lang='lat' dir='ltr'><strong>quae</strong></span> <span class='ocrx_word' id='word_1_623' title='bbox 1967 3849 2050 3896; x_wconf 88' lang='lat' dir='ltr'><strong>est</strong></span> <span class='ocrx_word' id='word_1_624' title='bbox 2079 3848 2232 3896; x_wconf 84' lang='lat' dir='ltr'><strong>extra</strong></span> <span class='ocrx_word' id='word_1_625' title='bbox 2258 3841 2473 3895; x_wconf 88' lang='lat' dir='ltr'><strong>vitium.</strong></span> <span class='ocrx_word' id='word_1_626' title='bbox 2507 3839 2665 3894; x_wconf 82' lang='lat' dir='ltr'><strong>Nunc</strong></span> <span class='ocrx_word' id='word_1_627' title='bbox 2695 3856 2826 3911; x_wconf 85' lang='lat' dir='ltr'><strong>ergo</strong></span> <span class='ocrx_word' id='word_1_628' title='bbox 2854 3839 2940 3895; x_wconf 84' lang='lat' dir='ltr'><strong>fac</strong></span> <span class='ocrx_word' id='word_1_629' title='bbox 2971 3841 3242 3911; x_wconf 86' lang='lat' dir='ltr'><strong>intelligas</strong></span> <span class='ocrx_word' id='word_1_630' title='bbox 3276 3841 3392 3896; x_wconf 88' lang='lat' dir='ltr'><strong>dis-</strong></span> 
     </span>
    </p>
   </div>
   <div class='ocr_carea' id='block_1_87' title="bbox 1820 3931 3398 4004">
    <p class='ocr_par' dir='ltr' id='par_1_87' title="bbox 1820 3931 3398 4004">
     <span class='ocr_line' id='line_1_87' title="bbox 1820 3931 3398 4004; baseline -0.001 -14"><span class='ocrx_word' id='word_1_631' title='bbox 1820 3949 2004 3990; x_wconf 89' lang='lat' dir='ltr'><strong>serere</strong></span> <span class='ocrx_word' id='word_1_632' title='bbox 2020 3933 2360 4004; x_wconf 88' lang='lat' dir='ltr'><strong>Sapientiam</strong></span> <span class='ocrx_word' id='word_1_633' title='bbox 2384 3949 2450 3988; x_wconf 78' lang='lat' dir='ltr'><strong>ex</strong></span> <span class='ocrx_word' id='word_1_634' title='bbox 2481 3933 2600 4003; x_wconf 89' lang='lat' dir='ltr'><strong>ipso</strong></span> <span class='ocrx_word' id='word_1_635' title='bbox 2625 3931 2937 3999; x_wconf 88' lang='lat' dir='ltr'><strong>Salomone,</strong></span> <span class='ocrx_word' id='word_1_636' title='bbox 2965 3935 3055 4002; x_wconf 91' lang='lat' dir='ltr'><strong>qui</strong></span> <span class='ocrx_word' id='word_1_637' title='bbox 3086 3941 3168 3989; x_wconf 88' lang='lat' dir='ltr'><strong>est</strong></span> <span class='ocrx_word' id='word_1_638' title='bbox 3197 3951 3398 3990; x_wconf 70' lang='lat' dir='ltr'><strong>secun»</strong></span> 
     </span>
    </p>
   </div>
   <div class='ocr_carea' id='block_1_88' title="bbox 1817 4025 3395 4095">
    <p class='ocr_par' dir='ltr' id='par_1_88' title="bbox 1817 4025 3395 4095">
     <span class='ocr_line' id='line_1_88' title="bbox 1817 4025 3395 4095; baseline -0.001 -13"><span class='ocrx_word' id='word_1_639' title='bbox 1817 4026 1946 4082; x_wconf 89' lang='lat' dir='ltr'><strong>dum</strong></span> <span class='ocrx_word' id='word_1_640' title='bbox 1975 4039 2232 4080; x_wconf 90' lang='lat' dir='ltr'><strong>carnem:</strong></span> <span class='ocrx_word' id='word_1_641' title='bbox 2266 4040 2329 4080; x_wconf 89' lang='lat' dir='ltr'><strong>ea</strong></span> <span class='ocrx_word' id='word_1_642' title='bbox 2357 4034 2536 4080; x_wconf 88' lang='lat' dir='ltr'><strong>autem</strong></span> <span class='ocrx_word' id='word_1_643' title='bbox 2571 4025 2862 4086; x_wconf 86' lang='lat' dir='ltr'><strong>disserere.</strong></span> <span class='ocrx_word' id='word_1_644' title='bbox 2894 4041 2988 4095; x_wconf 89' lang='lat' dir='ltr'><strong>per</strong></span> <span class='ocrx_word' id='word_1_645' title='bbox 3010 4041 3129 4091; x_wconf 63' lang='lat' dir='ltr'><strong>«tua:</strong></span> <span class='ocrx_word' id='word_1_646' title='bbox 3158 4027 3395 4080; x_wconf 76' lang='lat' dir='ltr'><strong>maxime</strong></span> 
     </span>
    </p>
   </div>
   <div class='ocr_carea' id='block_1_89' title="bbox 1819 4115 3395 4186">
    <p class='ocr_par' dir='ltr' id='par_1_89' title="bbox 1819 4115 3395 4186">
     <span class='ocr_line' id='line_1_89' title="bbox 1819 4115 3395 4186; baseline 0.002 -16"><span class='ocrx_word' id='word_1_647' title='bbox 1819 4115 2157 4170; x_wconf 86' lang='lat' dir='ltr'><strong>deducatuur</strong></span> <span class='ocrx_word' id='word_1_648' title='bbox 2213 4116 2281 4170; x_wconf 90' lang='lat' dir='ltr'><strong>ad</strong></span> <span class='ocrx_word' id='word_1_649' title='bbox 2327 4131 2390 4171; x_wconf 91' lang='lat' dir='ltr'><strong>ea</strong></span> <span class='ocrx_word' id='word_1_650' title='bbox 2441 4116 2860 4177; x_wconf 84' lang='lat' dir='ltr'><strong>contemnenda,</strong></span> <span class='ocrx_word' id='word_1_651' title='bbox 2911 4133 3144 4186; x_wconf 83' lang='lat' dir='ltr'><strong>quorum</strong></span> <span class='ocrx_word' id='word_1_652' title='bbox 3210 4119 3395 4174; x_wconf 86' lang='lat' dir='ltr'><strong>studio</strong></span> 
     </span>
    </p>
   </div>
   <div class='ocr_carea' id='block_1_90' title="bbox 1819 4205 3394 4275">
    <p class='ocr_par' dir='ltr' id='par_1_90' title="bbox 1819 4205 3394 4275">
     <span class='ocr_line' id='line_1_90' title="bbox 1819 4205 3394 4275; baseline 0.001 -15"><span class='ocrx_word' id='word_1_653' title='bbox 1819 4214 2076 4261; x_wconf 87' lang='lat' dir='ltr'><strong>tenentur</strong></span> <span class='ocrx_word' id='word_1_654' title='bbox 2114 4206 2385 4262; x_wconf 86' lang='lat' dir='ltr'><strong>homines.</strong></span> <span class='ocrx_word' id='word_1_655' title='bbox 2421 4205 2538 4262; x_wconf 81' lang='lat' dir='ltr'><strong>Non</strong></span> <span class='ocrx_word' id='word_1_656' title='bbox 2583 4217 2668 4261; x_wconf 90' lang='lat' dir='ltr'><strong>est</strong></span> <span class='ocrx_word' id='word_1_657' title='bbox 2705 4207 2848 4262; x_wconf 91' lang='lat' dir='ltr'><strong>enim</strong></span> <span class='ocrx_word' id='word_1_658' title='bbox 2881 4208 3002 4275; x_wconf 85' lang='lat' dir='ltr'><strong>ejus</strong></span> <span class='ocrx_word' id='word_1_659' title='bbox 3031 4209 3206 4262; x_wconf 88' lang='lat' dir='ltr'><strong>oratio</strong></span> <span class='ocrx_word' id='word_1_660' title='bbox 3240 4211 3394 4263; x_wconf 81' lang='lat' dir='ltr'><strong>sinti-</strong></span> 
     </span>
    </p>
   </div>
   <div class='ocr_carea' id='block_1_91' title="bbox 1820 4297 3392 4367">
    <p class='ocr_par' dir='ltr' id='par_1_91' title="bbox 1820 4297 3392 4367">
     <span class='ocr_line' id='line_1_91' title="bbox 1820 4297 3392 4367; baseline 0.001 -16"><span class='ocrx_word' id='word_1_661' title='bbox 1820 4298 1888 4354; x_wconf 90' lang='lat' dir='ltr'><strong>lis</strong></span> <span class='ocrx_word' id='word_1_662' title='bbox 1935 4299 2169 4354; x_wconf 88' lang='lat' dir='ltr'><strong>orationi</strong></span> <span class='ocrx_word' id='word_1_663' title='bbox 2222 4299 2544 4362; x_wconf 88' lang='lat' dir='ltr'><strong>multorum,</strong></span> <span class='ocrx_word' id='word_1_664' title='bbox 2591 4297 2684 4367; x_wconf 92' lang='lat' dir='ltr'><strong>qui</strong></span> <span class='ocrx_word' id='word_1_665' title='bbox 2732 4297 2786 4352; x_wconf 91' lang='lat' dir='ltr'><strong>in</strong></span> <span class='ocrx_word' id='word_1_666' title='bbox 2834 4305 3102 4366; x_wconf 87' lang='lat' dir='ltr'><strong>potestate</strong></span> <span class='ocrx_word' id='word_1_667' title='bbox 3150 4313 3249 4352; x_wconf 90' lang='lat' dir='ltr'><strong>sua</strong></span> <span class='ocrx_word' id='word_1_668' title='bbox 3285 4314 3392 4352; x_wconf 91' lang='lat' dir='ltr'><strong>non</strong></span> 
     </span>
    </p>
   </div>
   <div class='ocr_carea' id='block_1_92' title="bbox 158 4387 1725 4474">
    <p class='ocr_par' dir='ltr' id='par_1_92' title="bbox 158 4399 1715 4474">
     <span class='ocr_line' id='line_1_92' title="bbox 158 4399 1715 4474; baseline 0.005 -24"><span class='ocrx_word' id='word_1_669' title='bbox 158 4399 228 4450; x_wconf 68' lang='lat' dir='ltr'><strong>tu&quot;.</strong></span> <span class='ocrx_word' id='word_1_670' title='bbox 254 4404 278 4453; x_wconf 73' lang='grc' dir='ltr'><strong>ό</strong></span> <span class='ocrx_word' id='word_1_671' title='bbox 323 4407 458 4474; x_wconf 82' lang='grc' dir='ltr'>παρ’</span> <span class='ocrx_word' id='word_1_672' title='bbox 505 4404 679 4458; x_wconf 82' lang='grc' dir='ltr'>αὑτοῦ</span> <span class='ocrx_word' id='word_1_673' title='bbox 714 4405 917 4471; x_wconf 88' lang='grc' dir='ltr'>γίνεται</span> <span class='ocrx_word' id='word_1_674' title='bbox 957 4405 1110 4472; x_wconf 84' lang='grc' dir='ltr'>λόγος</span> <span class='ocrx_word' id='word_1_675' title='bbox 1134 4421 1148 4434; x_wconf 92' lang='grc'><strong>·</strong></span> <span class='ocrx_word' id='word_1_676' title='bbox 1189 4405 1264 4468; x_wconf 86' lang='grc' dir='ltr'><strong>ὡς</strong></span> <span class='ocrx_word' id='word_1_677' title='bbox 1297 4404 1386 4458; x_wconf 79' lang='grc' dir='ltr'>διὰ</span> <span class='ocrx_word' id='word_1_678' title='bbox 1419 4405 1610 4458; x_wconf 82' lang='grc' dir='ltr'>τούτου</span> <span class='ocrx_word' id='word_1_679' title='bbox 1653 4405 1715 4458; x_wconf 86' lang='grc' dir='ltr'><strong>τὸ</strong></span> 
     </span>
    </p>
   </div>
   <div class='ocr_carea' id='block_1_93' title="bbox 1825 4387 3396 4474">
    <p class='ocr_par' dir='ltr' id='par_1_93' title="bbox 1825 4388 3396 4458">
     <span class='ocr_line' id='line_1_93' title="bbox 1825 4388 3396 4458; baseline 0.001 -16"><span class='ocrx_word' id='word_1_680' title='bbox 1825 4388 2027 4444; x_wconf 87' lang='lat' dir='ltr'><strong>habent</strong></span> <span class='ocrx_word' id='word_1_681' title='bbox 2071 4389 2126 4444; x_wconf 90' lang='lat' dir='ltr'><strong>id</strong></span> <span class='ocrx_word' id='word_1_682' title='bbox 2171 4388 2316 4458; x_wconf 90' lang='lat' dir='ltr'><strong>quod</strong></span> <span class='ocrx_word' id='word_1_683' title='bbox 2373 4388 2521 4443; x_wconf 90' lang='lat' dir='ltr'><strong>lubet</strong></span> <span class='ocrx_word' id='word_1_684' title='bbox 2576 4397 2632 4442; x_wconf 88' lang='lat' dir='ltr'><strong>et</strong></span> <span class='ocrx_word' id='word_1_685' title='bbox 2672 4396 2756 4444; x_wconf 83' lang='lat' dir='ltr'><strong>est</strong></span> <span class='ocrx_word' id='word_1_686' title='bbox 2794 4390 2875 4443; x_wconf 91' lang='lat' dir='ltr'><strong>eis</strong></span> <span class='ocrx_word' id='word_1_687' title='bbox 2917 4389 3106 4456; x_wconf 84' lang='lat' dir='ltr'><strong>cordi;</strong></span> <span class='ocrx_word' id='word_1_688' title='bbox 3167 4390 3304 4444; x_wconf 88' lang='lat' dir='ltr'><strong>adeo</strong></span> <span class='ocrx_word' id='word_1_689' title='bbox 3337 4397 3396 4444; x_wconf 89' lang='lat' dir='ltr'><strong>ut</strong></span> 
     </span>
    </p>
   </div>
   <div class='ocr_carea' id='block_1_94' title="bbox 157 4489 1714 4566">
    <p class='ocr_par' dir='ltr' id='par_1_94' title="bbox 157 4489 1714 4566">
     <span class='ocr_line' id='line_1_94' title="bbox 157 4489 1714 4566; baseline 0.006 -26"><span class='ocrx_word' id='word_1_690' title='bbox 157 4491 507 4555; x_wconf 70' lang='grc' dir='ltr'>ἁναξιόπιστον</span> <span class='ocrx_word' id='word_1_691' title='bbox 541 4497 658 4566; x_wconf 78' lang='grc' dir='ltr'>ἔχει</span> <span class='ocrx_word' id='word_1_692' title='bbox 694 4496 1014 4566; x_wconf 85' lang='grc' dir='ltr'>κατηγορῶν</span> <span class='ocrx_word' id='word_1_693' title='bbox 1046 4497 1272 4550; x_wconf 83' lang='grc' dir='ltr'>ἐκείνων</span> <span class='ocrx_word' id='word_1_694' title='bbox 1304 4489 1379 4550; x_wconf 84' lang='grc' dir='ltr'>ὧν</span> <span class='ocrx_word' id='word_1_695' title='bbox 1415 4497 1477 4550; x_wconf 90' lang='grc' dir='ltr'><strong>οὑ</strong></span> <span class='ocrx_word' id='word_1_696' title='bbox 1522 4497 1714 4550; x_wconf 84' lang='grc' dir='ltr'><strong>πεπεί-⁸</strong></span> 
     </span>
    </p>
   </div>
   <div class='ocr_carea' id='block_1_95' title="bbox 157 4586 1713 4658">
    <p class='ocr_par' dir='ltr' id='par_1_95' title="bbox 157 4586 1713 4658">
     <span class='ocr_line' id='line_1_95' title="bbox 157 4586 1713 4658; baseline 0.006 -27"><span class='ocrx_word' id='word_1_697' title='bbox 157 4596 305 4644; x_wconf 65' lang='grc' dir='ltr'>ραται.</span> <span class='ocrx_word' id='word_1_698' title='bbox 347 4587 552 4656; x_wconf 81' lang='grc' dir='ltr'>Ἡμεῖς</span> <span class='ocrx_word' id='word_1_699' title='bbox 601 4587 707 4654; x_wconf 72' lang='grc' dir='ltr'>γὰρ</span> <span class='ocrx_word' id='word_1_700' title='bbox 737 4587 796 4638; x_wconf 80' lang='grc' dir='ltr'><strong>οὑ</strong></span> <span class='ocrx_word' id='word_1_701' title='bbox 826 4590 892 4656; x_wconf 76' lang='grc' dir='ltr'>τῇ</span> <span class='ocrx_word' id='word_1_702' title='bbox 923 4586 1130 4638; x_wconf 81' lang='grc' dir='ltr'>ἑαυτῶν</span> <span class='ocrx_word' id='word_1_703' title='bbox 1160 4587 1326 4658; x_wconf 72' lang='grc' dir='ltr'>πείρα</span> <span class='ocrx_word' id='word_1_704' title='bbox 1372 4588 1547 4640; x_wconf 86' lang='grc' dir='ltr'>πάντα</span> <span class='ocrx_word' id='word_1_705' title='bbox 1579 4606 1713 4658; x_wconf 90' lang='grc' dir='ltr'>μαν-</span> 
     </span>
    </p>
   </div>
   <div class='ocr_carea' id='block_1_96' title="bbox 156 4669 1712 4748">
    <p class='ocr_par' dir='ltr' id='par_1_96' title="bbox 156 4669 1712 4748">
     <span class='ocr_line' id='line_1_96' title="bbox 156 4669 1712 4748; baseline 0.004 -24"><span class='ocrx_word' id='word_1_706' title='bbox 156 4669 387 4742; x_wconf 53' lang='lat' dir='ltr'><strong>thapsv-</strong></span> <span class='ocrx_word' id='word_1_707' title='bbox 445 4677 598 4729; x_wconf 79' lang='grc' dir='ltr'><strong>ἀλλά</strong></span> <span class='ocrx_word' id='word_1_708' title='bbox 654 4678 744 4730; x_wconf 78' lang='grc' dir='ltr'>διὰ</span> <span class='ocrx_word' id='word_1_709' title='bbox 809 4677 983 4745; x_wconf 86' lang='grc' dir='ltr'>μόνων</span> <span class='ocrx_word' id='word_1_710' title='bbox 1033 4677 1140 4729; x_wconf 89' lang='grc' dir='ltr'><strong>τῶν</strong></span> <span class='ocrx_word' id='word_1_711' title='bbox 1195 4677 1470 4748; x_wconf 83' lang='grc' dir='ltr'>λογισμῶν</span> <span class='ocrx_word' id='word_1_712' title='bbox 1528 4681 1712 4731; x_wconf 88' lang='grc' dir='ltr'>ἐκεῖνα</span> 
     </span>
    </p>
   </div>
   <div class='ocr_carea' id='block_1_97' title="bbox 151 4761 1714 4839">
    <p class='ocr_par' dir='ltr' id='par_1_97' title="bbox 151 4761 1714 4839">
     <span class='ocr_line' id='line_1_97' title="bbox 151 4761 1714 4839; baseline 0.004 -24"><span class='ocrx_word' id='word_1_713' title='bbox 151 4763 483 4833; x_wconf 57' lang='grc' dir='ltr'>τεπίισκομεν,</span> <span class='ocrx_word' id='word_1_714' title='bbox 533 4761 616 4818; x_wconf 76' lang='grc' dir='ltr'>ὧν</span> <span class='ocrx_word' id='word_1_715' title='bbox 663 4768 761 4836; x_wconf 78' lang='grc' dir='ltr'><strong>τὴν</strong></span> <span class='ocrx_word' id='word_1_716' title='bbox 809 4767 1212 4837; x_wconf 82' lang='grc' dir='ltr'>ἀπολαυστικὴν</span> <span class='ocrx_word' id='word_1_717' title='bbox 1261 4767 1370 4820; x_wconf 89' lang='grc' dir='ltr'><strong>τῶν</strong></span> <span class='ocrx_word' id='word_1_718' title='bbox 1415 4767 1586 4837; x_wconf 78' lang='grc' dir='ltr'>ἡδέων</span> <span class='ocrx_word' id='word_1_719' title='bbox 1615 4769 1714 4839; x_wconf 76' lang='grc' dir='ltr'>τὴν</span> 
     </span>
    </p>
   </div>
   <div class='ocr_carea' id='block_1_98' title="bbox 155 4852 1712 4930">
    <p class='ocr_par' dir='ltr' id='par_1_98' title="bbox 155 4852 1712 4930">
     <span class='ocr_line' id='line_1_98' title="bbox 155 4852 1712 4930; baseline 0.01 -32"><span class='ocrx_word' id='word_1_720' title='bbox 155 4852 317 4920; x_wconf 55' lang='grc' dir='ltr'><strong>εἶρα-θ</strong></span> <span class='ocrx_word' id='word_1_721' title='bbox 350 4857 383 4926; x_wconf 73' lang='grc' dir='ltr'>ἡ</span> <span class='ocrx_word' id='word_1_722' title='bbox 415 4858 595 4908; x_wconf 81' lang='grc' dir='ltr'>πενία</span> <span class='ocrx_word' id='word_1_723' title='bbox 640 4857 861 4911; x_wconf 75' lang='grc' dir='ltr'>κωλύει.</span> <span class='ocrx_word' id='word_1_724' title='bbox 911 4858 1028 4911; x_wconf 74' lang='grc' dir='ltr'>Κᾶν</span> <span class='ocrx_word' id='word_1_725' title='bbox 1060 4877 1164 4910; x_wconf 86' lang='grc' dir='ltr'>τινι</span> <span class='ocrx_word' id='word_1_726' title='bbox 1203 4857 1544 4929; x_wconf 80' lang='grc' dir='ltr'>προσάγηται</span> <span class='ocrx_word' id='word_1_727' title='bbox 1573 4877 1712 4930; x_wconf 84' lang='grc' dir='ltr'>συμ-</span> 
     </span>
    </p>
   </div>
   <div class='ocr_carea' id='block_1_99' title="bbox 151 4940 1712 5017">
    <p class='ocr_par' dir='ltr' id='par_1_99' title="bbox 151 4940 1712 5017">
     <span class='ocr_line' id='line_1_99' title="bbox 151 4940 1712 5017; baseline 0.008 -28"><span class='ocrx_word' id='word_1_728' title='bbox 151 4940 282 5012; x_wconf 55' lang='lat' dir='ltr'><strong>buli;</strong></span> <span class='ocrx_word' id='word_1_729' title='bbox 332 4949 470 5016; x_wconf 74' lang='grc' dir='ltr'>παρ’</span> <span class='ocrx_word' id='word_1_730' title='bbox 526 4949 706 5016; x_wconf 73' lang='grc' dir='ltr'>ἡμῶν,</span> <span class='ocrx_word' id='word_1_731' title='bbox 740 4949 801 5001; x_wconf 83' lang='grc' dir='ltr'><strong>τὸ</strong></span> <span class='ocrx_word' id='word_1_732' title='bbox 851 4950 978 5017; x_wconf 76' lang='grc' dir='ltr'>παρ’</span> <span class='ocrx_word' id='word_1_733' title='bbox 1006 4949 1158 5001; x_wconf 76' lang='grc' dir='ltr'>οὐδὲν</span> <span class='ocrx_word' id='word_1_734' title='bbox 1201 4949 1453 5017; x_wconf 77' lang='grc' dir='ltr'>ἡγεῖσθαι</span> <span class='ocrx_word' id='word_1_735' title='bbox 1496 4949 1605 5001; x_wconf 86' lang='grc' dir='ltr'>δεῖν</span> <span class='ocrx_word' id='word_1_736' title='bbox 1645 4949 1712 5002; x_wconf 76' lang='grc' dir='ltr'>τὰ</span> 
     </span>
    </p>
   </div>
   <div class='ocr_carea' id='block_1_100' title="bbox 158 5027 1710 5110">
    <p class='ocr_par' dir='ltr' id='par_1_100' title="bbox 158 5027 1710 5110">
     <span class='ocr_line' id='line_1_100' title="bbox 158 5027 1710 5110; baseline 0.006 -28"><span class='ocrx_word' id='word_1_737' title='bbox 158 5027 230 5082; x_wconf 65' lang='lat'><strong>3&#39;36</strong></span> <span class='ocrx_word' id='word_1_738' title='bbox 264 5035 372 5086; x_wconf 79' lang='grc' dir='ltr'><strong>τῶν</strong></span> <span class='ocrx_word' id='word_1_739' title='bbox 406 5037 722 5106; x_wconf 77' lang='grc' dir='ltr'>ἀνθρώπων</span> <span class='ocrx_word' id='word_1_740' title='bbox 766 5038 1072 5108; x_wconf 79' lang='grc' dir='ltr'>τιμώμενα,</span> <span class='ocrx_word' id='word_1_741' title='bbox 1120 5038 1410 5110; x_wconf 77' lang='grc' dir='ltr'>πρόχειρος</span> <span class='ocrx_word' id='word_1_742' title='bbox 1443 5040 1475 5110; x_wconf 83' lang='grc' dir='ltr'><strong>ἡ</strong></span> <span class='ocrx_word' id='word_1_743' title='bbox 1529 5055 1710 5108; x_wconf 86' lang='grc' dir='ltr'>παρα-</span> 
     </span>
    </p>
   </div>
   <div class='ocr_carea' id='block_1_101' title="bbox 159 5127 1710 5201">
    <p class='ocr_par' dir='ltr' id='par_1_101' title="bbox 159 5127 1710 5201">
     <span class='ocr_line' id='line_1_101' title="bbox 159 5127 1710 5201; baseline 0.003 -21"><span class='ocrx_word' id='word_1_744' title='bbox 159 5127 303 5195; x_wconf 62' lang='grc' dir='ltr'>τρι-,τὴ</span> <span class='ocrx_word' id='word_1_745' title='bbox 345 5128 444 5180; x_wconf 76' lang='grc' dir='ltr'>τοῦ</span> <span class='ocrx_word' id='word_1_746' title='bbox 499 5129 816 5191; x_wconf 79' lang='grc' dir='ltr'>ἀκούοντος,</span> <span class='ocrx_word' id='word_1_747' title='bbox 849 5130 907 5181; x_wconf 77' lang='grc' dir='ltr'>τὸ</span> <span class='ocrx_word' id='word_1_748' title='bbox 938 5129 1025 5181; x_wconf 75' lang='grc' dir='ltr'>διὰ</span> <span class='ocrx_word' id='word_1_749' title='bbox 1049 5129 1208 5181; x_wconf 76' lang='grc' dir='ltr'>τούτο</span> <span class='ocrx_word' id='word_1_750' title='bbox 1239 5131 1385 5199; x_wconf 80' lang='grc' dir='ltr'>ἡμᾶς</span> <span class='ocrx_word' id='word_1_751' title='bbox 1420 5131 1710 5201; x_wconf 76' lang='grc' dir='ltr'>ἀτιμάζειν</span> 
     </span>
    </p>
   </div>
   <div class='ocr_carea' id='block_1_102' title="bbox 163 5211 1710 5297">
    <p class='ocr_par' dir='ltr' id='par_1_102' title="bbox 163 5211 1710 5297">
     <span class='ocr_line' id='line_1_102' title="bbox 163 5211 1710 5297; baseline 0.006 -31"><span class='ocrx_word' id='word_1_752' title='bbox 163 5211 325 5274; x_wconf 54' lang='lat' dir='ltr'><strong>inin.</strong></span> <span class='ocrx_word' id='word_1_753' title='bbox 339 5219 424 5270; x_wconf 74' lang='grc' dir='ltr'>ὅτι</span> <span class='ocrx_word' id='word_1_754' title='bbox 446 5219 529 5288; x_wconf 73' lang='grc' dir='ltr'>μὴ</span> <span class='ocrx_word' id='word_1_755' title='bbox 548 5221 618 5287; x_wconf 73' lang='grc' dir='ltr'>τῇ</span> <span class='ocrx_word' id='word_1_756' title='bbox 632 5221 794 5290; x_wconf 75' lang='grc' dir='ltr'>πείρα</span> <span class='ocrx_word' id='word_1_757' title='bbox 813 5222 876 5289; x_wconf 83' lang='grc' dir='ltr'>τῇ</span> <span class='ocrx_word' id='word_1_758' title='bbox 897 5221 953 5271; x_wconf 81' lang='grc' dir='ltr'><strong>ἐν</strong></span> <span class='ocrx_word' id='word_1_759' title='bbox 969 5221 1149 5282; x_wconf 82' lang='grc' dir='ltr'>αὑτοῖς</span> <span class='ocrx_word' id='word_1_760' title='bbox 1167 5223 1559 5297; x_wconf 79' lang='grc' dir='ltr'>ἐγνωρίσαμεν.</span> <span class='ocrx_word' id='word_1_761' title='bbox 1588 5223 1710 5275; x_wconf 71' lang='grc' dir='ltr'>Ἐπὶ</span> 
     </span>
    </p>
   </div>
   <div class='ocr_carea' id='block_1_103' title="bbox 164 5297 1711 5378">
    <p class='ocr_par' dir='ltr' id='par_1_103' title="bbox 164 5297 1711 5378">
     <span class='ocr_line' id='line_1_103' title="bbox 164 5297 1711 5378; baseline 0.006 -28"><span class='ocrx_word' id='word_1_762' title='bbox 164 5297 293 5356; x_wconf 64' lang='grc' dir='ltr'><strong>ἴεπῦ</strong></span> <span class='ocrx_word' id='word_1_763' title='bbox 321 5305 504 5358; x_wconf 67' lang='grc' dir='ltr'>ταῦτα</span> <span class='ocrx_word' id='word_1_764' title='bbox 527 5307 662 5375; x_wconf 75' lang='grc' dir='ltr'>ἡμῖν</span> <span class='ocrx_word' id='word_1_765' title='bbox 696 5307 1102 5376; x_wconf 77' lang='grc' dir='ltr'>διαλεγομένου,</span> <span class='ocrx_word' id='word_1_766' title='bbox 1126 5309 1282 5378; x_wconf 78' lang='grc' dir='ltr'>ἀργεῖ</span> <span class='ocrx_word' id='word_1_767' title='bbox 1311 5318 1456 5371; x_wconf 78' lang='grc' dir='ltr'>πᾶσα</span> <span class='ocrx_word' id='word_1_768' title='bbox 1481 5307 1711 5376; x_wconf 79' lang='grc' dir='ltr'>τοιαύτη</span> 
     </span>
    </p>
   </div>
   <div class='ocr_carea' id='block_1_104' title="bbox 167 5387 1711 5484">
    <p class='ocr_par' dir='ltr' id='par_1_104' title="bbox 167 5387 1711 5484">
     <span class='ocr_line' id='line_1_104' title="bbox 167 5387 1711 5484; baseline 0.005 -40"><span class='ocrx_word' id='word_1_769' title='bbox 167 5387 469 5484; x_wconf 53' lang='grc' dir='ltr'>ξὴὲρρησις.</span> <span class='ocrx_word' id='word_1_770' title='bbox 501 5397 757 5468; x_wconf 76' lang='grc' dir='ltr'>Σολομὼν</span> <span class='ocrx_word' id='word_1_771' title='bbox 786 5400 893 5467; x_wconf 78' lang='grc' dir='ltr'><strong>γάρ</strong></span> <span class='ocrx_word' id='word_1_772' title='bbox 927 5399 1071 5450; x_wconf 81' lang='grc' dir='ltr'>ἐστιν</span> <span class='ocrx_word' id='word_1_773' title='bbox 1099 5399 1126 5449; x_wconf 85' lang='lat'><strong>6</strong></span> <span class='ocrx_word' id='word_1_774' title='bbox 1154 5402 1317 5468; x_wconf 75' lang='grc' dir='ltr'>ταῦτα</span> <span class='ocrx_word' id='word_1_775' title='bbox 1342 5412 1525 5484; x_wconf 74' lang='grc' dir='ltr'>λέγων</span> <span class='ocrx_word' id='word_1_776' title='bbox 1548 5417 1562 5431; x_wconf 90' lang='grc'><strong>·</strong></span> <span class='ocrx_word' id='word_1_777' title='bbox 1599 5401 1628 5452; x_wconf 94' lang='lat'><strong>6</strong></span> <span class='ocrx_word' id='word_1_778' title='bbox 1653 5399 1711 5452; x_wconf 83' lang='grc' dir='ltr'><strong>δὲ</strong></span> 
     </span>
    </p>
   </div>
   <div class='ocr_carea' id='block_1_105' title="bbox 169 5475 1708 5585">
    <p class='ocr_par' dir='ltr' id='par_1_105' title="bbox 169 5475 1708 5585">
     <span class='ocr_line' id='line_1_105' title="bbox 169 5475 1708 5585; baseline 0.005 -49"><span class='ocrx_word' id='word_1_779' title='bbox 169 5475 377 5554; x_wconf 45' lang='lat' dir='ltr'><strong>uicatim</strong></span> <span class='ocrx_word' id='word_1_780' title='bbox 439 5485 611 5551; x_wconf 69' lang='grc' dir='ltr'>οὗτος</span> <span class='ocrx_word' id='word_1_781' title='bbox 651 5491 830 5560; x_wconf 85' lang='grc' dir='ltr'>τρίτος</span> <span class='ocrx_word' id='word_1_782' title='bbox 883 5486 951 5560; x_wconf 77' lang='grc' dir='ltr'>ἦν</span> <span class='ocrx_word' id='word_1_783' title='bbox 1002 5490 1058 5542; x_wconf 82' lang='grc' dir='ltr'>ὲν</span> <span class='ocrx_word' id='word_1_784' title='bbox 1111 5495 1213 5558; x_wconf 82' lang='grc' dir='ltr'>τοῖς</span> <span class='ocrx_word' id='word_1_785' title='bbox 1263 5475 1554 5585; x_wconf 48' lang='grc' dir='ltr'><strong>βασιλέων</strong></span> <span class='ocrx_word' id='word_1_786' title='bbox 1614 5490 1708 5544; x_wconf 76' lang='grc' dir='ltr'>τοῦ</span> 
     </span>
    </p>
   </div>
   <div class='ocr_carea' id='block_1_106' title="bbox 74 5206 169 5640">
    <p class='ocr_par' dir='ltr' id='par_1_106' title="bbox 78 5210 169 5640">
     <span class='ocr_line' id='line_1_106' title="bbox 78 5210 169 5640; baseline 0 -208"><span class='ocrx_word' id='word_1_787' title='bbox 78 5210 118 5640; x_wconf 41' lang='grc' dir='ltr'><strong>χ</strong></span> 
     </span>
    </p>
   </div>
   <div class='ocr_carea' id='block_1_107' title="bbox 1819 4481 3395 4554">
    <p class='ocr_par' dir='ltr' id='par_1_107' title="bbox 1819 4481 3395 4554">
     <span class='ocr_line' id='line_1_107' title="bbox 1819 4481 3395 4554; baseline 0.001 -18"><span class='ocrx_word' id='word_1_788' title='bbox 1819 4490 2105 4551; x_wconf 88' lang='lat' dir='ltr'><strong>pr0pterea</strong></span> <span class='ocrx_word' id='word_1_789' title='bbox 2134 4481 2236 4536; x_wconf 87' lang='lat' dir='ltr'><strong>ﬁde</strong></span> <span class='ocrx_word' id='word_1_790' title='bbox 2261 4483 2333 4536; x_wconf 91' lang='lat' dir='ltr'><strong>sit</strong></span> <span class='ocrx_word' id='word_1_791' title='bbox 2361 4482 2643 4551; x_wconf 85' lang='lat' dir='ltr'><strong>indignus,</strong></span> <span class='ocrx_word' id='word_1_792' title='bbox 2677 4491 2733 4536; x_wconf 92' lang='lat' dir='ltr'><strong>ut</strong></span> <span class='ocrx_word' id='word_1_793' title='bbox 2764 4481 2855 4551; x_wconf 90' lang='lat' dir='ltr'><strong>qui</strong></span> <span class='ocrx_word' id='word_1_794' title='bbox 2887 4483 2972 4536; x_wconf 90' lang='lat' dir='ltr'><strong>illa</strong></span> <span class='ocrx_word' id='word_1_795' title='bbox 2999 4493 3240 4548; x_wconf 81' lang='lat' dir='ltr'><strong>accuset,</strong></span> <span class='ocrx_word' id='word_1_796' title='bbox 3273 4499 3395 4554; x_wconf 68' lang='lat' dir='ltr'><strong>quae</strong></span> 
     </span>
    </p>
   </div>
   <div class='ocr_carea' id='block_1_108' title="bbox 1818 4571 3391 4643">
    <p class='ocr_par' dir='ltr' id='par_1_108' title="bbox 1818 4571 3391 4643">
     <span class='ocr_line' id='line_1_108' title="bbox 1818 4571 3391 4643; baseline 0.002 -15"><span class='ocrx_word' id='word_1_797' title='bbox 1818 4589 1928 4628; x_wconf 90' lang='lat' dir='ltr'><strong>non</strong></span> <span class='ocrx_word' id='word_1_798' title='bbox 1952 4581 2037 4628; x_wconf 91' lang='lat' dir='ltr'><strong>est</strong></span> <span class='ocrx_word' id='word_1_799' title='bbox 2058 4581 2339 4642; x_wconf 77' lang='lat' dir='ltr'><strong>expertus.</strong></span> <span class='ocrx_word' id='word_1_800' title='bbox 2373 4571 2482 4628; x_wconf 86' lang='lat' dir='ltr'><strong>Nos</strong></span> <span class='ocrx_word' id='word_1_801' title='bbox 2511 4574 2656 4626; x_wconf 91' lang='lat' dir='ltr'><strong>enim</strong></span> <span class='ocrx_word' id='word_1_802' title='bbox 2693 4589 2798 4628; x_wconf 86' lang='lat' dir='ltr'><strong>non</strong></span> <span class='ocrx_word' id='word_1_803' title='bbox 2833 4575 3166 4643; x_wconf 81' lang='lat' dir='ltr'><strong>experientia</strong></span> <span class='ocrx_word' id='word_1_804' title='bbox 3204 4585 3391 4631; x_wconf 84' lang='lat' dir='ltr'><strong>nostra</strong></span> 
     </span>
    </p>
   </div>
   <div class='ocr_carea' id='block_1_109' title="bbox 1818 4663 3391 4735">
    <p class='ocr_par' dir='ltr' id='par_1_109' title="bbox 1818 4663 3391 4735">
     <span class='ocr_line' id='line_1_109' title="bbox 1818 4663 3391 4735; baseline 0.002 -16"><span class='ocrx_word' id='word_1_805' title='bbox 1818 4665 2002 4719; x_wconf 89' lang='lat' dir='ltr'><strong>omnia</strong></span> <span class='ocrx_word' id='word_1_806' title='bbox 2059 4664 2356 4728; x_wconf 85' lang='lat' dir='ltr'><strong>discimus,</strong></span> <span class='ocrx_word' id='word_1_807' title='bbox 2416 4663 2511 4718; x_wconf 85' lang='lat' dir='ltr'><strong>sed</strong></span> <span class='ocrx_word' id='word_1_808' title='bbox 2561 4679 2659 4733; x_wconf 81' lang='lat' dir='ltr'><strong>per</strong></span> <span class='ocrx_word' id='word_1_809' title='bbox 2695 4665 2838 4719; x_wconf 88' lang='lat' dir='ltr'><strong>solas</strong></span> <span class='ocrx_word' id='word_1_810' title='bbox 2893 4666 3253 4735; x_wconf 79' lang='lat' dir='ltr'><strong>cogitationes</strong></span> <span class='ocrx_word' id='word_1_811' title='bbox 3299 4669 3391 4722; x_wconf 92' lang='lat' dir='ltr'><strong>illa</strong></span> 
     </span>
    </p>
   </div>
   <div class='ocr_carea' id='block_1_110' title="bbox 1817 4754 3394 4824">
    <p class='ocr_par' dir='ltr' id='par_1_110' title="bbox 1817 4754 3394 4824">
     <span class='ocr_line' id='line_1_110' title="bbox 1817 4754 3394 4824; baseline 0.003 -16"><span class='ocrx_word' id='word_1_812' title='bbox 1817 4756 2035 4808; x_wconf 90' lang='lat' dir='ltr'><strong>demum</strong></span> <span class='ocrx_word' id='word_1_813' title='bbox 2056 4754 2462 4824; x_wconf 77' lang='lat' dir='ltr'><strong>cognoscimus,</strong></span> <span class='ocrx_word' id='word_1_814' title='bbox 2492 4770 2725 4824; x_wconf 91' lang='lat' dir='ltr'><strong>quorum</strong></span> <span class='ocrx_word' id='word_1_815' title='bbox 2758 4757 3050 4812; x_wconf 80' lang='lat' dir='ltr'><strong>suavitatis</strong></span> <span class='ocrx_word' id='word_1_816' title='bbox 3075 4767 3129 4812; x_wconf 93' lang='lat' dir='ltr'><strong>et</strong></span> <span class='ocrx_word' id='word_1_817' title='bbox 3153 4760 3394 4813; x_wconf 82' lang='lat' dir='ltr'><strong>delecta-</strong></span> 
     </span>
    </p>
   </div>
   <div class='ocr_carea' id='block_1_111' title="bbox 1815 4845 3388 4919">
    <p class='ocr_par' dir='ltr' id='par_1_111' title="bbox 1815 4845 3388 4919">
     <span class='ocr_line' id='line_1_111' title="bbox 1815 4845 3388 4919; baseline 0.004 -19"><span class='ocrx_word' id='word_1_818' title='bbox 1815 4847 1982 4900; x_wconf 89' lang='lat' dir='ltr'><strong>tionis</strong></span> <span class='ocrx_word' id='word_1_819' title='bbox 2038 4845 2372 4915; x_wconf 76' lang='lat' dir='ltr'><strong>experientia</strong></span> <span class='ocrx_word' id='word_1_820' title='bbox 2427 4861 2495 4901; x_wconf 92' lang='lat' dir='ltr'><strong>ne</strong></span> <span class='ocrx_word' id='word_1_821' title='bbox 2557 4846 2806 4902; x_wconf 83' lang='lat' dir='ltr'><strong>fruamur</strong></span> <span class='ocrx_word' id='word_1_822' title='bbox 2865 4856 3011 4902; x_wconf 83' lang='lat' dir='ltr'><strong>vetat</strong></span> <span class='ocrx_word' id='word_1_823' title='bbox 3072 4859 3388 4919; x_wconf 82' lang='lat' dir='ltr'><strong>paupertas.</strong></span> 
     </span>
    </p>
   </div>
   <div class='ocr_carea' id='block_1_112' title="bbox 1814 4937 3391 5003">
    <p class='ocr_par' dir='ltr' id='par_1_112' title="bbox 1814 4937 3391 5003">
     <span class='ocr_line' id='line_1_112' title="bbox 1814 4937 3391 5003; baseline 0.003 -11"><span class='ocrx_word' id='word_1_824' title='bbox 1814 4937 1968 5003; x_wconf 90' lang='lat' dir='ltr'><strong>Quod</strong></span> <span class='ocrx_word' id='word_1_825' title='bbox 2001 4937 2046 4992; x_wconf 90' lang='lat' dir='ltr'><strong>si</strong></span> <span class='ocrx_word' id='word_1_826' title='bbox 2082 4952 2182 4992; x_wconf 90' lang='lat' dir='ltr'><strong>nos</strong></span> <span class='ocrx_word' id='word_1_827' title='bbox 2219 4938 2384 4992; x_wconf 92' lang='lat' dir='ltr'><strong>alicui</strong></span> <span class='ocrx_word' id='word_1_828' title='bbox 2423 4940 2800 5003; x_wconf 89' lang='lat' dir='ltr'><strong>consulamus,</strong></span> <span class='ocrx_word' id='word_1_829' title='bbox 2855 4950 2914 4994; x_wconf 88' lang='lat' dir='ltr'><strong>ut</strong></span> <span class='ocrx_word' id='word_1_830' title='bbox 2948 4941 3100 4994; x_wconf 82' lang='lat' dir='ltr'><strong>nihili</strong></span> <span class='ocrx_word' id='word_1_831' title='bbox 3130 4941 3298 4997; x_wconf 79' lang='lat' dir='ltr'><strong>faciat</strong></span> <span class='ocrx_word' id='word_1_832' title='bbox 3329 4959 3391 4997; x_wconf 85' lang='lat' dir='ltr'><strong>ea</strong></span> 
     </span>
    </p>
   </div>
   <div class='ocr_carea' id='block_1_113' title="bbox 1813 5029 3389 5102">
    <p class='ocr_par' dir='ltr' id='par_1_113' title="bbox 1813 5029 3389 5102">
     <span class='ocr_line' id='line_1_113' title="bbox 1813 5029 3389 5102; baseline 0.002 -19"><span class='ocrx_word' id='word_1_833' title='bbox 1813 5045 1935 5099; x_wconf 69' lang='lat' dir='ltr'><strong>quae</strong></span> <span class='ocrx_word' id='word_1_834' title='bbox 1967 5031 2036 5083; x_wconf 89' lang='lat' dir='ltr'><strong>ab</strong></span> <span class='ocrx_word' id='word_1_835' title='bbox 2071 5029 2386 5085; x_wconf 89' lang='lat' dir='ltr'><strong>hominibus</strong></span> <span class='ocrx_word' id='word_1_836' title='bbox 2414 5031 2683 5085; x_wconf 85' lang='lat' dir='ltr'><strong>habentur</strong></span> <span class='ocrx_word' id='word_1_837' title='bbox 2705 5032 2758 5085; x_wconf 95' lang='lat' dir='ltr'><strong>in</strong></span> <span class='ocrx_word' id='word_1_838' title='bbox 2791 5032 3019 5095; x_wconf 89' lang='lat' dir='ltr'><strong>honore,</strong></span> <span class='ocrx_word' id='word_1_839' title='bbox 3046 5033 3099 5086; x_wconf 92' lang='lat' dir='ltr'><strong>in</strong></span> <span class='ocrx_word' id='word_1_840' title='bbox 3135 5042 3389 5102; x_wconf 88' lang='lat' dir='ltr'><strong>promptu</strong></span> 
     </span>
    </p>
   </div>
   <div class='ocr_carea' id='block_1_114' title="bbox 1815 5110 3420 5194">
    <p class='ocr_par' dir='ltr' id='par_1_114' title="bbox 1815 5110 3420 5194">
     <span class='ocr_line' id='line_1_114' title="bbox 1815 5110 3420 5194; baseline 0.002 -20"><span class='ocrx_word' id='word_1_841' title='bbox 1815 5131 1899 5176; x_wconf 90' lang='lat' dir='ltr'><strong>est</strong></span> <span class='ocrx_word' id='word_1_842' title='bbox 1925 5122 1996 5184; x_wconf 88' lang='lat' dir='ltr'><strong>ei,</strong></span> <span class='ocrx_word' id='word_1_843' title='bbox 2046 5125 2138 5191; x_wconf 88' lang='lat' dir='ltr'><strong>qui</strong></span> <span class='ocrx_word' id='word_1_844' title='bbox 2174 5123 2285 5176; x_wconf 68' lang='lat' dir='ltr'><strong>haec</strong></span> <span class='ocrx_word' id='word_1_845' title='bbox 2313 5122 2485 5186; x_wconf 87' lang='lat' dir='ltr'><strong>audit,</strong></span> <span class='ocrx_word' id='word_1_846' title='bbox 2519 5122 2882 5193; x_wconf 56' lang='lat' dir='ltr'><strong>praescriptio,</strong></span> <span class='ocrx_word' id='word_1_847' title='bbox 2915 5124 3059 5192; x_wconf 89' lang='lat' dir='ltr'><strong>quod</strong></span> <span class='ocrx_word' id='word_1_848' title='bbox 3105 5110 3420 5194; x_wconf 38' lang='lat' dir='ltr'><strong>propterea-</strong></span> 
     </span>
    </p>
   </div>
   <div class='ocr_carea' id='block_1_115' title="bbox 1818 5215 3392 5285">
    <p class='ocr_par' dir='ltr' id='par_1_115' title="bbox 1818 5215 3392 5285">
     <span class='ocr_line' id='line_1_115' title="bbox 1818 5215 3392 5285; baseline -0.001 -16"><span class='ocrx_word' id='word_1_849' title='bbox 1818 5230 1920 5269; x_wconf 88' lang='lat' dir='ltr'><strong>nos</strong></span> <span class='ocrx_word' id='word_1_850' title='bbox 1953 5216 2043 5268; x_wconf 88' lang='lat' dir='ltr'><strong>illa</strong></span> <span class='ocrx_word' id='word_1_851' title='bbox 2074 5215 2465 5284; x_wconf 89' lang='lat' dir='ltr'><strong>despiciamus,</strong></span> <span class='ocrx_word' id='word_1_852' title='bbox 2499 5215 2646 5285; x_wconf 89' lang='lat' dir='ltr'><strong>quod</strong></span> <span class='ocrx_word' id='word_1_853' title='bbox 2678 5231 2742 5270; x_wconf 88' lang='lat' dir='ltr'><strong>ea</strong></span> <span class='ocrx_word' id='word_1_854' title='bbox 2784 5216 2942 5270; x_wconf 83' lang='lat' dir='ltr'><strong>nobis</strong></span> <span class='ocrx_word' id='word_1_855' title='bbox 2979 5224 3104 5269; x_wconf 89' lang='lat' dir='ltr'><strong>nota</strong></span> <span class='ocrx_word' id='word_1_856' title='bbox 3134 5231 3242 5270; x_wconf 90' lang='lat' dir='ltr'><strong>non</strong></span> <span class='ocrx_word' id='word_1_857' title='bbox 3283 5218 3392 5272; x_wconf 89' lang='lat' dir='ltr'><strong>sint</strong></span> 
     </span>
    </p>
   </div>
   <div class='ocr_carea' id='block_1_116' title="bbox 1816 5307 3384 5376">
    <p class='ocr_par' dir='ltr' id='par_1_116' title="bbox 1816 5307 3384 5376">
     <span class='ocr_line' id='line_1_116' title="bbox 1816 5307 3384 5376; baseline -0.002 -13"><span class='ocrx_word' id='word_1_858' title='bbox 1816 5308 2174 5376; x_wconf 79' lang='lat' dir='ltr'><strong>experientia.</strong></span> <span class='ocrx_word' id='word_1_859' title='bbox 2230 5307 2285 5360; x_wconf 83' lang='lat' dir='ltr'><strong>In</strong></span> <span class='ocrx_word' id='word_1_860' title='bbox 2330 5323 2396 5362; x_wconf 88' lang='lat' dir='ltr'><strong>eo</strong></span> <span class='ocrx_word' id='word_1_861' title='bbox 2441 5316 2621 5362; x_wconf 89' lang='lat' dir='ltr'><strong>autem</strong></span> <span class='ocrx_word' id='word_1_862' title='bbox 2651 5307 2743 5376; x_wconf 87' lang='lat' dir='ltr'><strong>qui</strong></span> <span class='ocrx_word' id='word_1_863' title='bbox 2798 5307 2911 5361; x_wconf 71' lang='lat' dir='ltr'><strong>hzec</strong></span> <span class='ocrx_word' id='word_1_864' title='bbox 2949 5308 3106 5361; x_wconf 89' lang='lat' dir='ltr'><strong>nobis</strong></span> <span class='ocrx_word' id='word_1_865' title='bbox 3141 5308 3384 5370; x_wconf 78' lang='lat' dir='ltr'><strong>disserit,</strong></span> 
     </span>
    </p>
   </div>
   <div class='ocr_carea' id='block_1_117' title="bbox 1817 5397 3387 5465">
    <p class='ocr_par' dir='ltr' id='par_1_117' title="bbox 1817 5397 3387 5465">
     <span class='ocr_line' id='line_1_117' title="bbox 1817 5397 3387 5465; baseline -0.003 -13"><span class='ocrx_word' id='word_1_866' title='bbox 1817 5408 1995 5454; x_wconf 88' lang='lat' dir='ltr'><strong>cessat</strong></span> <span class='ocrx_word' id='word_1_867' title='bbox 2029 5399 2210 5454; x_wconf 88' lang='lat' dir='ltr'><strong>omnis</strong></span> <span class='ocrx_word' id='word_1_868' title='bbox 2259 5399 2524 5465; x_wconf 72' lang='lat' dir='ltr'><strong>ejusmodi</strong></span> <span class='ocrx_word' id='word_1_869' title='bbox 2565 5397 2952 5453; x_wconf 88' lang='lat' dir='ltr'><strong>contradictio.</strong></span> <span class='ocrx_word' id='word_1_870' title='bbox 2987 5397 3077 5452; x_wconf 85' lang='lat' dir='ltr'><strong>Est</strong></span> <span class='ocrx_word' id='word_1_871' title='bbox 3111 5400 3254 5452; x_wconf 87' lang='lat' dir='ltr'><strong>enim</strong></span> <span class='ocrx_word' id='word_1_872' title='bbox 3289 5397 3387 5448; x_wconf 82' lang='lat' dir='ltr'><strong>Sn-</strong></span> 
     </span>
    </p>
   </div>
   <div class='ocr_carea' id='block_1_118' title="bbox 1819 5489 3388 5562">
    <p class='ocr_par' dir='ltr' id='par_1_118' title="bbox 1819 5489 3388 5562">
     <span class='ocr_line' id='line_1_118' title="bbox 1819 5489 3388 5562; baseline -0.002 -18"><span class='ocrx_word' id='word_1_873' title='bbox 1819 5493 1999 5545; x_wconf 90' lang='lat' dir='ltr'><strong>lomon</strong></span> <span class='ocrx_word' id='word_1_874' title='bbox 2040 5493 2133 5562; x_wconf 88' lang='lat' dir='ltr'><strong>qui</strong></span> <span class='ocrx_word' id='word_1_875' title='bbox 2181 5493 2294 5546; x_wconf 72' lang='lat' dir='ltr'><strong>lucc</strong></span> <span class='ocrx_word' id='word_1_876' title='bbox 2324 5491 2478 5545; x_wconf 87' lang='lat' dir='ltr'><strong>dicit.</strong></span> <span class='ocrx_word' id='word_1_877' title='bbox 2519 5489 2619 5545; x_wconf 87' lang='lat' dir='ltr'><strong>Hic</strong></span> <span class='ocrx_word' id='word_1_878' title='bbox 2655 5499 2835 5544; x_wconf 86' lang='lat' dir='ltr'><strong>autem</strong></span> <span class='ocrx_word' id='word_1_879' title='bbox 2879 5490 3130 5543; x_wconf 85' lang='lat' dir='ltr'><strong>Salomon</strong></span> <span class='ocrx_word' id='word_1_880' title='bbox 3161 5499 3244 5543; x_wconf 81' lang='lat' dir='ltr'><strong>est</strong></span> <span class='ocrx_word' id='word_1_881' title='bbox 3277 5495 3388 5542; x_wconf 79' lang='lat' dir='ltr'><strong>ter-</strong></span> 
     </span>
    </p>
   </div>
   <div class='ocr_carea' id='block_1_119' title="bbox 250 5659 1902 5789">
    <p class='ocr_par' dir='ltr' id='par_1_119' title="bbox 250 5659 1902 5789">
     <span class='ocr_line' id='line_1_119' title="bbox 250 5659 1902 5789; baseline 0.005 -73"><span class='ocrx_word' id='word_1_882' title='bbox 250 5659 290 5692; x_wconf 69' lang='lat'><strong><em>“</em></strong></span> <span class='ocrx_word' id='word_1_883' title='bbox 318 5660 565 5733; x_wconf 78' lang='lat' dir='ltr'><strong>Philipp.</strong></span> <span class='ocrx_word' id='word_1_884' title='bbox 607 5680 674 5728; x_wconf 83' lang='lat' dir='ltr'><strong>tv,</strong></span> <span class='ocrx_word' id='word_1_885' title='bbox 704 5667 788 5720; x_wconf 74' lang='grc'>19..</span> <span class='ocrx_word' id='word_1_886' title='bbox 897 5667 938 5696; x_wconf 87' lang='grc'><strong>⁵⁷</strong></span> <span class='ocrx_word' id='word_1_887' title='bbox 964 5665 1080 5718; x_wconf 88' lang='lat' dir='ltr'><strong>Luc.</strong></span> <span class='ocrx_word' id='word_1_888' title='bbox 1117 5685 1186 5745; x_wconf 50' lang='grc' dir='ltr'>ιν,</span> <span class='ocrx_word' id='word_1_889' title='bbox 1219 5697 1277 5789; x_wconf 53' lang='lat'><strong>2‘</strong></span> <span class='ocrx_word' id='word_1_890' title='bbox 1419 5694 1474 5731; x_wconf 71' lang='lat' dir='ltr'><strong>as</strong></span> <span class='ocrx_word' id='word_1_891' title='bbox 1496 5673 1679 5739; x_wconf 78' lang='lat' dir='ltr'><strong>Hebr.</strong></span> <span class='ocrx_word' id='word_1_892' title='bbox 1710 5684 1767 5734; x_wconf 91' lang='lat' dir='ltr'><strong>tt,</strong></span> <span class='ocrx_word' id='word_1_893' title='bbox 1811 5667 1902 5724; x_wconf 81' lang='lat'><strong>57..</strong></span> 
     </span>
    </p>
   </div>
  </div>
