4018 6334
615 341 722 398 643
1852 334 1912 392 S.
1953 332 2202 391 GREGOI

2193 332 2284 387 nn
2323 333 2620 392 NYSSENI
3697 353 3778 412 (,4,

616 456 729 512 tius
753 453 809 508 in
834 449 1056 523 regibus
1085 449 1272 514 Israel,
1310 457 1435 521 post
1462 449 1616 504 illum
1651 446 1891 515 Saulem,
1931 455 1985 502 et
2022 448 2191 501 David

2221 452 2265 509 Α
2307 450 2543 521 Ἰσραὴλ,
2577 450 2714 520 μετά
2753 450 2844 504 τὸν
2891 452 3062 508 Σαοὺλ
3096 453 3314 520 ἐκεῖνον,
3337 457 3424 511 καὶ
3455 457 3537 512 τὸν
3561 461 3690 531 παρά
3708 467 3781 520 τοῦ

614 543 712 614 qui
747 558 777 596 ιι
827 541 938 597 Deo
968 540 1070 595 fuit
1111 541 1342 594 electus.
1385 539 1435 594 ls
1462 555 1584 592 cum
1626 553 1654 590 a
1697 546 1851 606 patre
1897 539 2198 606 accepisset

2298 542 2503 608 Κυρίου
2546 541 2916 612 ἐξειλεγμένον
2951 545 3134 600 Δαϐίδ.
3165 543 3328 609 Οὗτος
3366 549 3457 617 τὴν
3484 551 3634 622 ἀρχὴν
3667 557 3786 626 παρὰ

616 637 934 706 imperium,
972 641 1024 687 et
1048 632 1160 700 jam
1198 633 1250 685 in
1284 631 1600 685 dominatus
1631 631 1892 684 crevisset
1922 631 2196 697 magnitu-

2296 633 2388 684 τοῦ
2431 633 2633 701 πατρὸς
2693 634 3066 704 ἐκδεξάμενος,
3101 641 3192 689 καὶ
3226 638 3464 702 αὐξηθεὶς
3505 644 3570 703 εἰς
3606 645 3787 712 μέγεθος

618 729 769 793 dine,
809 743 902 781 rex
939 726 1288 780 renuntiatur
1349 723 1644 778 lsraelitis:
1699 724 1788 792 qui
1822 739 1929 776 non
1967 723 2108 776 bello
2145 730 2196 774 et

2297 724 2396 792 ἤδη
2425 727 2538 786 τοῖς
2581 726 2939 794 Ἰσραηλίταις
2987 728 3088 793 τῆς
3133 728 3440 792 δυναστείας
3479 733 3794 789 ἀναδείκνυται

621 817 824 888 prasliis
889 815 1145 885 populum
1199 813 1301 868 sibi
1353 814 1661 882 subjectum
1721 823 1922 876 terens,
1987 813 2082 866 sed
2143 813 2195 864 in

2299 815 2549 883 βασιλεύς
2572 832 2582 843 ·
2615 817 2672 878 ὃς
2689 818 2974 870 οἰκέτιδιά
2999 819 3234 888 πολέμου
3259 821 3349 872 καὶ
3377 822 3540 890 μάχης
3564 825 3736 894 τρίϐων
3751 829 3796 879 τὸ

622 920 835 962 summa
869 912 1134 974 potestate
1166 913 1216 957 et
1243 918 1376 972 pace
1411 903 1574 956 vitam
1621 917 1806 972 agens,
1844 919 1951 956 non
1978 917 2194 970 operam

2299 907 2628 977 ὑποχείριον,
2661 907 2795 959 ἀλλὰ
2827 908 2966 959 κατὰ
2998 910 3175 960 πᾶσαν
3206 907 3443 972 ἐξουσίαν
3469 915 3526 980 τῇ
3553 915 3716 986 εἰρήνῃ
3733 917 3803 984 ἐμ-

623 996 856 1066 ponebat
887 996 940 1048 in
993 995 1060 1049 iis
1107 1010 1228 1064 quae
1263 1009 1370 1046 non
1422 993 1656 1047 habebat
1689 994 2062 1063 acquirendis,
2100 993 2196 1048 sed

2299 996 2574 1059 ϐιοτεύων,
2591 997 2749 1067 ἔργον
2767 999 2998 1050 ἐποιεῖτο
3017 999 3077 1050 ού
3103 999 3200 1067 τὴν
3219 1000 3403 1068 κτῆσιν
3420 1002 3518 1053 τῶν
3542 1004 3606 1071 μὴ
3623 1007 3803 1073 προσόν·

625 1096 686 1140 ιιι
736 1087 1013 1141 frueretur
1053 1086 1120 1140 iis
1167 1085 1368 1154 quibus
1420 1085 1769 1151 abundabat;
1831 1094 2019 1155 utpote
2051 1083 2198 1154 quod

2298 1103 2424 1147 των,
2458 1086 2589 1139 ἀλλὰ
2613 1089 2707 1156 τὴν
2736 1087 3029 1141 ἀπόλαυσιν
3060 1087 3165 1138 τῶν
3195 1090 3483 1158 περιόντων
3501 1109 3513 1121 ·
3546 1086 3613 1154 ὡς
3638 1095 3807 1156 eadem;

625 1182 761 1236 nihil
798 1181 1040 1235 obstaret
1081 1179 1380 1248 quominus
1412 1195 1472 1234 se
1501 1180 1800 1234 oblectaret
1830 1181 1896 1234 iis
1940 1195 2062 1249 qua:
2092 1178 2197 1233 sibi

2297 1175 2444 1245 αὐτῷ
2476 1177 2609 1247 πρὸς
2641 1177 2812 1229 οὐδενὶ
2845 1177 2949 1229 τῶν
2982 1178 3330 1247 καταθυμίων
3356 1180 3495 1244 ὄντος
3525 1181 3807 1252 κωλύματος.

623 1281 809 1327 essent
842 1270 1016 1324 cordi.
1053 1268 1185 1323 Nam
1223 1286 1346 1324 cum
1394 1271 1690 1340 cupiditate
1735 1271 1898 1326 simul
1940 1270 2198 1325 extende—

2302 1269 2376 1320 Ἥ
2413 1286 2471 1321 τε
2506 1269 2613 1339 γὰρ
2656 1269 2938 1339 περιουσία
2982 1269 3079 1339 τῆς
3126 1270 3412 1338 ἐπιθυμίας
3459 1273 3811 1339 συνεξετείνετο,

626 1363 788 1416 batur
818 1360 995 1430 copia,
1027 1369 1080 1416 et
1120 1361 1183 1414 ad
1211 1359 1501 1414 fruendum
1534 1361 1765 1414 liberum
1791 1371 1844 1416 et
1877 1362 2057 1414 laxum
2081 1365 2199 1414 erat

2299 1362 2394 1415 καὶ
2422 1363 2454 1431 ἡ
2493 1361 2652 1431 σχολὴ
2697 1363 2830 1432 πρὸς
2864 1362 2960 1432 τὴν
2996 1362 3292 1416 ἀπόλαυσιν
3332 1363 3510 1427 ἄνετος
3544 1361 3623 1434 ἦν,
3647 1367 3815 1430 οὐδενὸς

627 1455 820 1515 otium,
853 1469 975 1506 cum
1011 1451 1144 1505 nihil
1184 1450 1327 1520 quod
1361 1451 1550 1512 nollet,
1589 1451 1710 1520 ejus
1755 1451 2195 1518 interrumperet,

2299 1449 2407 1501 τῶν
2450 1449 2762 1519 ἀϐουλήτων
2807 1451 2902 1520 τὴν
2947 1453 3002 1503 ἐν
3053 1454 3164 1513 τοῖς
3214 1453 3556 1522 καταθυμίοις
3591 1453 3816 1526 διαγωγὴν

629 1545 684 1599 in
721 1544 787 1598 iis
829 1559 948 1612 quae
985 1542 1228 1611 jucunda
1279 1549 1458 1606 erant,
1514 1541 1637 1595 vita:
1683 1541 2104 1602 traductionem,
2147 1547 2201 1593 et

2301 1541 2684 1601 ἐπικόπτοντος
2705 1558 2718 1571 ·
2745 1541 2811 1594 τὰ
2840 1542 2895 1594 δὲ
2934 1542 3068 1594 ἄλλα
3104 1544 3266 1612 σοφὸς
3299 1543 3393 1607 ὢν,
3424 1545 3511 1597 καὶ
3541 1547 3758 1615 ἐφευρεῖν
3783 1564 3821 1598 τι

629 1637 834 1705 alioqui
863 1650 986 1689 cum
1031 1644 1176 1689 esset
1223 1635 1466 1703 sapiens,
1516 1641 1570 1688 et
1612 1633 1846 1701 alicujus
1877 1648 1942 1686 ex
1977 1633 2044 1686 iis
2079 1646 2201 1700 quae

2300 1632 2406 1684 τῶν
2434 1631 2552 1684 καθ’
2587 1632 2777 1701 ἡδονὴν
2811 1633 2912 1685 ὑπὸ
2934 1633 3200 1694 συνέσεως
3239 1634 3439 1696 ἱκανὸς,
3463 1631 3575 1687 εἷπε
3600 1636 3661 1687 τὰ
3678 1635 3755 1687 καὶ
3773 1635 3824 1688 τὰ

629 1729 697 1782 ad
744 1729 1076 1796 voluptatem
1107 1726 1378 1793 pertinent
1427 1725 1497 1779 ob
1541 1725 1742 1794 ingenii
1773 1739 2000 1777 acumen
2049 1724 2200 1777 inve-

2239 1781 2271 1796 η
2300 1724 2407 1775 τῶν
2434 1724 2566 1792 πρὸς
2590 1723 2885 1776 ἀπόλαυσιν
2907 1725 3353 1795 σπουδαζομένων
3375 1727 3662 1794 ἐπινοῆσαι,
3688 1727 3826 1779 πάντα

629 1818 812 1874 niendi
837 1828 982 1873 esset
1013 1833 1232 1887 gnarus,
1257 1816 1393 1870 dixit
1421 1832 1478 1870 se
1509 1816 1622 1870 haec
1644 1824 1697 1869 et
1718 1815 1830 1869 lucc
1854 1816 2193 1884 excogitasse

2244 1781 2273 1836 Β
2306 1817 2552 1884 ποιήσας,
2592 1817 2691 1868 ὅσα
2723 1816 2956 1884 καθεξῆς
2996 1817 3070 1886 τῷ
3117 1817 3260 1886 λόγῳ
3311 1818 3737 1888 ἀπηριθμὴσατο,
3779 1817 3831 1869 δι’

628 1932 696 1969 ex
737 1915 824 1978 iis,
864 1914 917 1967 in
967 1928 1088 1982 quae
1122 1910 1335 1965 fruendi
1375 1924 1541 1964 causa
1589 1908 1868 1962 confertur
1914 1907 2192 1961 studium:

2305 1905 2474 1973 αὐτῆς
2515 1900 2634 1956 εἷπε
2677 1907 3051 1975 μεμαθηκέναι
3101 1908 3200 1976 τῆς
3251 1906 3468 1978 πείρας,
3509 1909 3586 1960 ὅτι
3619 1908 3670 1960 ἓν
3699 1909 3833 1978 πέρας

631 2020 756 2060 cum
789 2014 968 2058 autem
1009 2004 1192 2056 omnia
1230 2001 1468 2064 fecisset,
1502 2017 1622 2070 quae
1651 2001 1897 2054 oratione
1944 1999 2198 2067 deinceps

2306 1998 2422 2048 ἐστὶ
2475 1996 2582 2048 τῶν
2630 1998 2685 2047 ἐν
2736 1996 2941 2060 τούτοις
2998 1998 3519 2069 σπουδαζομένωνή
3567 1999 3831 2068 ματαιότης.

631 2098 993 2158 enumeravit,
1049 2097 1185 2149 dixit
1237 2110 1296 2149 se
1357 2095 1474 2162 ipsa
1530 2093 1790 2146 didicisse
1845 2092 2199 2161 experientia,

2308 2089 2470 2154 Τάξιν
2492 2089 2546 2141 δέ
2574 2089 2823 2160 τοιαύτην
2852 2091 3086 2160 ἐπέθηκε
3122 2091 3200 2161 τῷ
3225 2093 3544 2162 διηγήματι.
3574 2094 3643 2154 ὼς
3672 2091 3839 2162 πρῶτον

633 2187 780 2258 quod
813 2187 1063 2249 istorum,
1097 2185 1150 2237 in
1184 2184 1383 2252 quibus
1410 2183 1632 2251 ponitur
1662 2182 1922 2244 studium,
1961 2182 2083 2236 linis
2120 2189 2203 2236 est

2312 2183 2429 2252 μὲν,
2471 2182 2527 2234 ἐν
2578 2180 2810 2252 πρώτοις
2853 2182 3063 2251 χρόνοις
3096 2186 3194 2252 τῆς
3244 2183 3438 2235 ἑαυτοῦ
3471 2183 3626 2253 ζωῆς,
3658 2186 3714 2253 τῇ
3747 2200 3841 2234 παι-

633 2276 868 2329 vanitas.
915 2273 1068 2326 Hunc
1113 2281 1293 2326 autem
1325 2272 1572 2325 ordinem
1615 2270 1864 2323 adhibuit
1920 2270 1974 2323 in
2012 2285 2206 2324 narra-

2308 2274 2483 2326 δεύσει
2513 2274 2692 2327 δοῦναι
2721 2273 2931 2343 σχολὴν,
2970 2276 3063 2328 καὶ
3099 2274 3172 2346 μὴ
3219 2275 3748 2346 καταμαλακισθῆναι
3771 2273 3844 2333 τὰς

636 2366 808 2428 tione,
843 2365 984 2433 quod
1028 2363 1258 2432 primum
1299 2362 1517 2431 quidem
1561 2361 1613 2414 in
1648 2361 1840 2430 primis
1874 2362 2208 2430 temporibus

2310 2367 2374 2419 ὲκ
2413 2365 2519 2419 τῶν
2552 2365 2814 2422 τοιούτων.
2846 2365 3021 2418 πόνων
3066 2367 3306 2430 σπουδάς
3329 2383 3343 2398 ο
3385 2366 3679 2437 χρήσασθαι
3716 2364 3763 2417 δὲ
3793 2353 3845 2431 ’τῇ

636 2456 762 2509 vita:
802 2473 912 2510 suae
941 2455 1236 2510 eruditioni
1266 2454 1562 2514 vacaverit,
1593 2467 1695 2506 nec
1730 2468 1796 2506 cx
1831 2453 2097 2521 ejusmodi
2130 2454 2208 2505 la-

2314 2457 2630 2527 προαιρέσει
2681 2457 2773 2509 τοῦ
2822 2456 3145 2526 πνεύματος,
3201 2459 3454 2512 τουτέστι
3499 2462 3564 2529 τῇ
3609 2459 3738 2529 ὁρμῇ
3778 2456 3852 2524 τῆς

638 2547 864 2601 boribus
889 2546 1127 2600 emollita
1157 2544 1268 2598 sint
1309 2544 1507 2599 studia.
1556 2543 1798 2621 Spiritus
1827 2552 2007 2597 autem
2039 2544 2211 2598 libera

2315 2548 2546 2615 φύσεως,
2578 2550 2656 2610 εἰς
2689 2547 3000 2619 προσθήκην
3030 2549 3313 2616 γνώσεως,
3349 2552 3398 2603 εί
3434 2551 3528 2603 καὶ⁹
3565 2549 3692 2619 μετὰ
3715 2548 3857 2599 πόνων

640 2652 774 2692 usus
817 2638 888 2692 sit
931 2637 1220 2698 electione,
1253 2635 1359 2690 hoc
1391 2643 1474 2691 est
1506 2644 1714 2689 natura:
1741 2635 2096 2704 appetitione,
2145 2634 2211 2688 ad

2315 2637 2656 2708 κατωρθοῦτο
2689 2638 2746 2691 τὸ
2782 2638 3214 2709 σπουδαζόμενον
3235 2659 3250 2672 ο
3317 2643 3415 2695 καὶ
3444 2642 3612 2705 οὕτως
3651 2638 3859 2708 αὐξηθεὶς

639 2731 1038 2786 incrementum
1063 2728 1413 2799 cognitionis,
1447 2727 1661 2782 etiamsi
1695 2742 1818 2780 cum
1851 2728 2034 2781 labore
2066 2736 2212 2781 recte

2314 2730 2400 2782 διὰ
2433 2730 2621 2798 σοφίας
2657 2729 2731 2799 μὴ
2761 2729 2900 2799 λόγῳ
2927 2731 3389 2800 κατασκέψασθαι
3422 2733 3520 2803 τὴν
3564 2731 3765 2800 ἐμπαθῆ
3792 2728 3863 2780 καὶ

638 2819 956 2876 succederet
987 2818 1039 2872 id
1084 2819 1244 2888 cujus
1289 2817 1472 2873 studio
1518 2819 1834 2885 tenebatur;
1868 2833 2100 2887 cumque
2134 2817 2214 2872 sic

2316 2823 2505 2890 ἄλογον
2538 2822 2665 2891 περὶ
2708 2821 2804 2883 τὰς
2853 2824 3167 2891 σωματικὰς
3203 2824 3543 2889 ἀπολαύσεις
3572 2824 3673 2877 τῶν
3693 2820 3866 2891 ἀνθρώ-

639 2911 903 2967 crevisset
935 2911 1222 2979 sapientia,
1255 2925 1363 2962 non
1397 2909 1609 2964 ratione
1648 2910 2051 2975 considerasse,
2095 2923 2216 2978 quae

2319 2929 2434 2966 πων
2460 2913 2672 2982 ἀπάτην
2697 2929 2709 2940 ο
2739 2909 2871 2964 ἀλλὰ
2903 2912 2997 2964 καὶ
3029 2914 3095 2965 δι’
3122 2914 3307 2983 αὐτῆς
3332 2916 3436 2983 τῆς
3463 2916 3652 2985 πείρας
3679 2913 3869 2966 ἑκάστου

641 3002 696 3056 in
747 3001 912 3056 animi
961 3000 1466 3069 perturbationibus
1514 3009 1788 3063 versatur,
1815 3009 1869 3055 et
1901 3009 1983 3055 est
2021 3016 2216 3070 expers

2317 3002 2424 3054 τῶν
2479 2999 2926 3068 σπουδαζομένων
2967 3003 3270 3070 ἐπιγνῶναι
3326 3003 3389 3056 τὸ
3448 3005 3686 3074 μάταιον.
3722 3002 3774 3053 '0
3799 2999 3872 3069 μὲν

641 3093 894 3154 rationis,
921 3100 975 3145 et
999 3091 1052 3144 in
1083 3091 1247 3144 rebus
1265 3091 1548 3158 corporeis
1569 3092 1842 3150 consistit,
1862 3091 2214 3162 voluptatem,

2323 3094 2522 3155 σκοπὸς
2563 3092 2668 3144 τῶν
2714 3089 3113 3162 ἐξητασμένων,
3149 3087 3322 3158 οὗτός
3363 3097 3514 3147 ἐστι·
3553 3093 3732 3163 καιρὸς
3769 3089 3877 3144 δ’ἆν

549 3197 552 3199 ·
640 3198 763 3238 esse
778 3180 1059 3236 hominum
1085 3178 1480 3246 deceptiouem,
1503 3179 1595 3233 sed
1622 3190 1674 3233 et
1701 3195 1796 3249 per
1819 3181 1992 3249 ipsam
2018 3195 2136 3249 cogi

2323 3184 2407 3253 εἴη
2435 3184 2528 3236 καὶ
2554 3182 2721 3251 αὐτὴν
2761 3183 3100 3252 παραθέσθαι
3135 3184 3391 3254 καθεξῆς
3438 3187 3581 3239 κατά
3610 3186 3668 3238 τὸ
3695 3181 3881 3236 ἀκόλου-

641 3275 789 3329 visse
840 3271 1262 3340 experientiam,
1313 3271 1609 3325 vanitatem
1669 3286 1858 3326 eorum
1915 3271 1968 3325 in
2015 3272 2216 3340 quibus

2169 3287 2216 3326 IS
2324 3273 2413 3328 θον
2441 3273 2549 3326 τῶν
2579 3272 2977 3342 γεγραμμένων
3004 3273 3103 3343 τὴν
3131 3275 3232 3327 ἐπὶ
3269 3275 3481 3340 λέξεως
3515 3276 3756 3346 θεωρίαν.

641 3363 864 3433 ponitur
920 3361 1183 3418 studium.
1241 3361 1419 3430 Atque
1473 3361 1560 3415 hic
1614 3371 1693 3416 est
1757 3361 1976 3432 quidem
2055 3378 2253 3434 scopus
2287 3379 2476 3420 eorum
2529 3377 2650 3432 qua:
2699 3370 2826 3416 sunt
2881 3362 3219 3418 examinata.
3285 3364 3538 3435 Tempus
3592 3373 3760 3418 autem
3823 3366 3887 3414 est

641 3456 828 3522 etiam,
883 3470 1155 3526 exponere
1218 3455 1757 3526 contemplationem,
1810 3457 2087 3526 sequendo
2145 3459 2213 3514 ad
2251 3461 2475 3516 verbum
2516 3459 2694 3529 ipsum
2725 3472 2912 3512 eorum
2946 3473 3066 3526 qum
3098 3460 3324 3528 scripta
3370 3469 3534 3522 sunt
3593 3467 3891 3514 contextum.

718 3566 738 3600 ι
773 3548 1012 3602 Locutus
1039 3563 1158 3602 sum
1185 3563 1286 3619 ego
1327 3549 1383 3603 in
1439 3548 1603 3604 corde
1663 3563 1784 3603 meo
1838 3557 1897 3603 ut
1931 3550 2210 3605 dicerem:

2396 3569 2414 3602 ι
2457 3551 2722 3620 Ἐλάλησα
2769 3548 2878 3617 ἐγὼ
2923 3550 2980 3601 ἐν
3033 3551 3098 3619 τῇ
3158 3551 3378 3621 καρδίᾳ.
3425 3568 3529 3620 μου
3579 3550 3670 3603 τοῦ
3718 3549 3889 3615 λέγειν·

644 3639 784 3724 ῌοςθ
817 3638 1198 3709 magnificatus
1230 3655 1349 3694 sum
1382 3653 1501 3709 ego.
1546 3656 1564 3690 ι
1598 3637 1868 3704 Quoniam
1902 3641 2012 3694 vidi
2049 3641 2102 3694 in
2130 3655 2216 3695 me

2332 3643 2463 3698 Ἰδοὺ
2498 3641 2869 3711 ἐμεγαλύνθην
2903 3640 3030 3709 ἐγώ.
3089 3660 3107 3690 ι
3156 3643 3398 3713 Ἐπειδὴ
3449 3632 3582 3715 ιγὰρ
3641 3639 3769 3697 εἶδον
3815 3637 3899 3708 ἐγὼ

642 3743 764 3786 eam
798 3743 920 3799 quae
946 3736 1030 3782 est
1055 3742 1124 3783 ex
1163 3733 1436 3797 potestate
1476 3727 1931 3796 magnitudinem,
1961 3735 2014 3782 et
2062 3726 2216 3797 regni

2321 3734 2449 3805 περὶ
2479 3733 2710 3804 ἐμαυτὸν
2736 3731 2797 3784 τὸ
2839 3734 2902 3784 ἐκ
2935 3731 3035 3800 τῆς
3071 3730 3416 3796 δυναστείας
3449 3733 3697 3806 μέγεθος,
3727 3735 3808 3786 καὶ
3829 3731 3899 3780 τὸν

645 3820 994 3892 splendorem
1025 3834 1361 3874 accrescere.
1401 3817 1507 3872 Sed
1542 3832 1653 3886 prae
1697 3817 1784 3873 bis
1814 3817 2070 3872 omnibus
2097 3831 2216 3870 ma-

2321 3822 2483 3889 ὄγκον
2514 3819 2612 3889 τῆς
2645 3819 2919 3889 βασιλείας
2947 3819 3160 3889 ἁθρόως
3197 3821 3642 3893 ἐπιγενόμενον-
3674 3821 3798 3874 ἀλλὰ
3825 3816 3899 3887 πρὸ

646 3912 778 3966 ximi
809 3911 910 3968 feci
946 3912 1350 3982 possessionem
1381 3909 1684 3979 sapientiai,
1711 3925 1832 3978 quae
1857 3925 1964 3964 non
1992 3910 2095 3964 alia
2130 3924 2220 3963 ra-

2323 3915 2548 3977 τούτων,
2577 3914 2638 3966 τὸ
2667 3913 2765 3983 τῆς
2795 3911 2984 3980 σοφίας
3027 3911 3221 3981 κτῆμα
3265 3916 3406 3984 περὶ
3453 3914 3659 3976 παντὸς
3686 3911 3899 3980 ἐποιηςά.

647 4003 800 4057 tione
829 4002 1036 4072 acquiri
1069 4009 1271 4072 potest,
1318 4017 1480 4070 quam
1516 4001 1799 4054 laboribus
1821 4011 1875 4054 et
1902 4001 2216 4056 sudoribus.

2329 4024 2456 4077 μην,
2489 4005 2555 4076 ἢν
2576 4005 2675 4058 οὐκ
2719 4005 2834 4057 ἐστι
2884 4003 3102 4057 δυνατὸν
3135 4004 3356 4070 ἄλλως,
3393 4008 3445 4060 εἰ
3485 4007 3562 4078 μὴ
3601 4005 3735 4077 μετὰ
3767 4004 3899 4055 atrium

647 4093 944 4163 Propterea
996 4108 1119 4146 cum
1162 4092 1440 4147 dixisset:
1509 4109 1528 4142 ι
1567 4091 1678 4162 Ego
1713 4093 1928 4145 locutus
1983 4109 2102 4146 sum
2163 4093 2216 4147 in

2326 4100 2420 4152 καὶ
2451 4095 2686 4168 ίδρώτων
2715 4095 3038 4166 κτήσασθαι.
3069 4095 3172 4148 Διὰ
3206 4097 3381 4150 τοῦτο
3412 4097 3590 4150 είπών
3611 4114 3624 4126 ·
3655 4099 3732 4149 ὃτι
3755 4113 3770 4144 ι
3792 4089 3889 4143 Ἐλά

648 4186 816 4241 corde
871 4199 993 4240 meo
1037 4191 1098 4238 ut
1153 4185 1433 4240 dicerem:
1465 4180 1606 4236 Ecce
1667 4181 2046 4251 magnificatus
2096 4199 2217 4237 sum

2325 4190 2463 4260 λησα
2498 4187 2608 4256 ἐγὼ
2651 4191 2707 4240 ἐν
2734 4190 2799 4258 τῇ
2827 4187 3024 4258 καρδίᾳ
3060 4205 3164 4256 μου
3201 4188 3307 4241 τοῦ
3351 4189 3546 4257 λέγειν
3567 4205 3578 4217 ·
3603 4189 3728 4245 Ἰδοὺ
3747 4188 3899 4255 ἐμετι·

648 4293 772 4349 ego,
812 4297 828 4329 ι
867 4277 1172 4347 sulijunxit,
1213 4295 1232 4327 ι
1268 4274 1577 4341 Quinetiam
1611 4271 1784 4342 adjeci
1818 4273 2164 4342 sapientiam.
2198 4291 2218 4325 ι

2327 4279 2523 4348 λύνθην
2549 4276 2677 4345 ἐγὼ,
2710 4276 2998 4344 »ἐπήγαγε
3023 4275 3117 4327 καὶ
3138 4274 3228 4334 τὸ,
3263 4295 3282 4325 ι
3317 4275 3665 4348 Προσέθηκα
3695 4275 3899 4341 σοφίαν.ι

651 4369 787 4423 Nam
819 4385 941 4440 qua:
976 4369 1122 4432 mihi,
1151 4383 1259 4421 non
1311 4366 1542 4436 quaesita
1579 4363 1812 4418 accessit
1856 4366 2144 4433 potestatis
2170 4371 2224 4419 et

2328 4371 2431 4423 Τὸν
2459 4369 2566 4439 γὰρ
2595 4367 2735 4421 κατὰ
2766 4367 2826 4418 τὸ
2859 4365 3164 4435 αὐτόματόν
3216 4385 3316 4436 μοι
3368 4365 3802 4438 προσγενόμενον
3838 4359 3898 4427 τῆ

651 4461 966 4515 dominatus
997 4457 1427 4528 magnitudinem
1474 4456 1600 4510 auxi
1658 4456 1979 4510 accessione
2009 4455 2226 4523 sapien-

2297 4459 2645 4538 >Samaritana;
2677 4459 2838 4527 ὄγκον
2866 4455 3075 4527 ηὖξησα
3115 4461 3185 4528 τῇ
3228 4459 3342 4530 τῆς
3388 4461 3593 4528 σοφίας
3639 4456 3884 4526 προσθήκῃ

660 4552 921 4611 tumcum
965 4549 1066 4602 hoc
1115 4547 1256 4616 apud
1288 4561 1375 4601 me
1425 4545 1710 4609 dixissem,
1769 4547 1913 4615 quod
1971 4562 2068 4616 per
2127 4545 2227 4598 hoc

2329 4550 2500 4603 ταῦτα
2560 4551 2678 4602 κατ’
2729 4547 2958 4618 ἐμαυτὸν
3007 4544 3202 4606 εἰπὼν,
3266 4548 3358 4600 ὅτι
3417 4549 3533 4619 χρὴ
3591 4545 3808 4618 μάλιστα
3849 4537 3899 4588 διέ

656 4647 874 4708 oportet
905 4638 1137 4692 evadere
1180 4638 1431 4706 superior
1465 4637 1534 4690 iis
1563 4637 1657 4706 qui
1698 4653 1784 4692 me
1827 4643 2229 4706 praecesserunt

2328 4641 2484 4694 τοῦτο
2531 4640 2636 4693 τῶν
2673 4637 3078 4710 προγεγονότων
3121 4636 3422 4706 βασιλέων
3465 4641 3742 4709 δειχθῆναι
3782 4629 3893 4695 ὑπέρ

658 4728 922 4797 regibus,
967 4734 1021 4780 et
1075 4740 1170 4780 eos
1217 4725 1539 4780 antecellere
1600 4726 1888 4795 sapientia.
1953 4744 1972 4776 ι
2042 4724 2227 4793 Adjeci

2330 4750 2503 4802 τερον,
2535 4731 2628 4784 καὶ
2671 4731 2726 4782 ἐν
2759 4730 2918 4798 σοφίᾳ
2961 4727 3021 4780 τὸ
3072 4727 3250 4782 πλέον
3291 4730 3476 4800 ἔχειν.
3525 4751 3542 4780 ‹
3581 4724 3871 4798 Προσέθτδκα

657 4819 825 4882 enim,
863 4837 881 4870 ι
914 4819 1108 4886 inquit,
1137 4836 1155 4867 ι
1191 4816 1512 4885 sapientiam
1539 4817 1595 4872 in
1617 4817 1873 4872 omnibus
1894 4817 1986 4886 qui
2012 4815 2231 4870 fuerunt

2331 4823 2459 4894 γὰρ,
2503 4821 2657 4893 φησὶ,
2692 4840 2710 4873 ι
2749 4821 2938 4890 σοφίαν
2988 4821 3043 4872 ἐν
3097 4821 3250 4873 πᾶσι
3307 4826 3435 4886 τοῖς
3495 4821 3799 4891 γενομένοις
3848 4809 3899 4877 ἒμ

661 4915 787 4963 ante
815 4924 900 4962 me
929 4909 983 4961 in
1016 4906 1381 4970 Hierusalem,
1411 4917 1464 4961 et
1497 4907 1733 4977 cogitavi
1768 4907 2229 4978 quemadmodum

2335 4913 2566 4985 προσθέν
2596 4930 2695 4984 μου
2737 4914 2793 4964 ἐν
2829 4910 3216 4983 Ἰερουσαλὴμ,
3248 4913 3357 4966 καὶ
3397 4915 3556 4977 ὅπως
3589 4913 3655 4967 ἂν
3683 4908 3839 4962 ταῦτα
3859 4903 3899 4970 γέ

663 5004 779 5057 haec
806 5002 1021 5057 ﬁerent.
1061 5020 1077 5052 ι
1109 5001 1244 5066 Quis
1269 5001 1412 5055 enim
1446 5003 1643 5068 nescit,
1671 5002 1818 5072 quod
1857 5003 2108 5056 consistit
2145 5015 2229 5055 sa-

2338 5023 2478 5058 νοιτο
2525 5003 2846 5070 κατενόησα.
2897 5021 2915 5054 ι
2961 5003 3058 5065 Τίς
3100 5003 3226 5074 γὰρ
3286 5005 3402 5059 οὐκ
3456 5003 3624 5068 οἶδεν,
3671 5004 3748 5055 ὅτι
3793 4999 3844 5050 ἐν
3885 5009 3899 5045 1

662 5096 864 5167 pientia
889 5094 957 5149 iis
994 5093 1086 5163 qui
1117 5107 1339 5163 Operam
1375 5103 1430 5148 et
1464 5093 1705 5148 studium
1752 5093 1982 5148 libentes
2022 5102 2233 5163 ponunt

2337 5093 2534 5163 γνώσει
2571 5091 2679 5145 τῶν
2719 5091 2924 5161 ἑτέροις
2961 5095 3509 5164 προπεπονημένων
3537 5086 3891 5163 φιλοπονοῦσιν

662 5189 721 5243 in
763 5187 1097 5257 cogitatione
1144 5199 1332 5240 eorum
1356 5199 1475 5253 qua:
1502 5186 1571 5239 ab
1609 5184 1731 5239 aliis
1772 5184 1926 5254 prius
1955 5192 2084 5238 sunt
2122 5183 2234 5238 ela-

2339 5183 2498 5252 σοφία
2546 5181 2890 5245 συνίσταται;
2927 5197 2944 5228 ι
2985 5180 3095 5242 Διὸ,
3156 5200 3179 5231 ι
3253 5183 3568 5254 φησιν,ιὴ
3625 5178 3810 5251 καρδία
3862 5191 3898 5242 μη

665 5273 896 5330 borata?
925 5291 945 5325 ι
974 5272 1039 5326 Et
1062 5273 1204 5337 ideo,
1237 5291 1256 5324 ι
1283 5274 1526 5342 inquit”
1555 5287 1651 5328 cor
1676 5288 1852 5328 meum
1884 5273 2015 5326 vidit
2041 5273 2231 5335 multa,

2338 5272 2444 5326 εἶδε
2477 5271 2665 5337 πολλὰ,
2703 5271 2894 5340 σοφίαν
2939 5271 3030 5323 καὶ
3054 5271 3305 5339 γνῶσιν,
3350 5293 3371 5327 ι
3421 5275 3488 5328 ού
3531 5274 3676 5327 κατά
3716 5271 3774 5323 τὸ
3811 5264 3898 5319 αὐτ

664 5382 859 5437 nempe
893 5366 1226 5436 ,sapientiam
1273 5375 1327 5419 et
1365 5365 1750 5434 cognitionem,
1806 5383 1824 5414 ι
1871 5373 2059 5434 utpote
2087 5363 2233 5434 quod

2346 5379 2508 5433 ματον
2533 5361 2740 5430 ἀκμητί
2777 5378 2834 5413 τε
2863 5360 2961 5430 τῆς
2994 5360 3100 5412 τῶν
3140 5363 3439 5417 τοιούτων
3470 5363 3730 5433 γνώσεως
3758 5363 3899 5427 ἐγγεν

662 5474 773 5514 non
793 5473 923 5514 casu
964 5458 1175 5528 acquiri
1203 5458 1375 5528 possit
1410 5472 1601 5512 eorum
1636 5457 1893 5527 cognitio.
1943 5454 2047 5510 Sed
2096 5469 2233 5526 quo-

2347 5455 2532 5524 μένης.
2570 5451 2707 5504 Ἀλλ’
2745 5452 2954 5522 ἐπειδὴ,
2987 5451 3184 5522 φησὶν,
3211 5453 3416 5509 ἔδωκα
3461 5457 3567 5527 τὴν
3612 5453 3834 5523 καρδίαν
3869 5465 3899 5514 μ

664 5556 834 5617 niam,
875 5552 1077 5622 inquit,
1122 5550 1246 5606 dedi
1279 5565 1376 5605 cor
1401 5565 1578 5604 meum
1621 5557 1681 5602 ut
1722 5564 2105 5618 cognoscerem
2150 5563 2237 5603 sa-

2344 5546 2435 5599 τοῦ
2482 5544 2684 5612 γνῶναι
2731 5544 2919 5611 σοφίαν
2966 5543 3058 5596 καὶ
3099 5545 3359 5610 γνῶσιν,
3405 5547 3494 5622 ὡς
3541 5549 3646 5602 οὐκ
3694 5542 3757 5598 ἂν
3796 5537 3899 5611 μαθι

667 5644 926 5715 pientiam
965 5653 1016 5698 et
1064 5641 1465 5713 cognitionem,
1515 5648 1570 5693 ut
1611 5644 1701 5710 qui
1742 5657 1848 5694 non
1877 5640 1966 5693 illa
2015 5637 2240 5693 didicis-

2344 5639 2546 5697 ἐκεῖνα,
2578 5638 2625 5688 εἰ
2658 5635 2731 5705 μὴ
2757 5635 2914 5697 πόνος
2953 5650 3008 5686 τε
3056 5631 3158 5685 καὶ
3206 5636 3430 5705 μελέτη
3469 5639 3576 5708 τῆς
3614 5635 3899 5703 γνὼσεωςε

665 5749 802 5803 sem,
830 5736 932 5792 nisi
957 5736 1112 5791 labor
1140 5743 1192 5790 et
1218 5733 1495 5788 meditatio
1519 5733 1886 5803 praecessisset
1927 5747 2114 5786 eorum
2139 5745 2231 5784 co-

2343 5728 2450 5781 τῶν
2497 5726 2878 5797 καθηγήσατοο
2913 5743 2929 5774 ι
2975 5722 3138 5776 Ἀ).λά
3191 5728 3300 5779 καὶ
3362 5727 3722 5800 παραϐολὰς,
3772 5744 3789 5776 ι
3825 5737 3892 5789 φη
