4018 6334
339 288 426 347 646

1383 277 1449 334 ΙΝ
1487 275 2023 334 ECCLESIASTEN.
2065 274 2349 332 liOMlLlA
2386 275 2447 330 ll.

3461 278 3567 335 646

340 420 360 452 ι
390 397 469 453 καὶ
510 396 820 467 ἐπιστήμην
862 394 1066 464 έγνων³
1108 412 1126 445 ι
1160 391 1422 456 τουτέστι,
1452 391 1550 462 τὴν
1598 390 1658 456 ἐξ
1706 388 1895 443 ἀναλο-

2005 386 2320 456 gnitionem.
2352 405 2369 436 ι
2403 385 2510 441 Sed
2537 393 2591 440 et
2616 385 2926 454 parabolas,
2974 405 2992 437 ι
3023 385 3225 458 inquit;
3259 407 3277 440 ι
3307 399 3358 444 et
3385 391 3566 446 scieno

335 491 440 560 γίας
460 489 755 559 γενομένην
785 487 879 540 τοῦ
913 485 1308 556 ὑπερκειμένου
1338 483 1659 552 κατάληψιν,
1685 481 1770 534 διὰ
1795 480 1893 549 τῆς

339 581 667 653 παραθέσεως
692 579 801 632 τῶν
830 576 1269 648 παρακειμένων.
1299 575 1408 628 Καὶ
1445 572 1615 625 ταῦτα
1645 569 1893 642 μεμαθη-

335 675 464 728 κέναι
489 673 670 740 λέγει’
708 667 1029 742 Παραϐολᾶς
1074 667 1203 738 γὰρ,
1248 667 1398 736 φησὶ,
1445 665 1540 718 καὶ
1586 664 1894 732 ἐπιστήμην

335 765 498 833 ἔγνων.
536 761 804 832 Καθάπερ
831 760 1097 814 διδάσκων
1128 759 1220 811 καὶ
1246 759 1304 809 ὲν
1327 756 1404 827 τῷ
1432 753 1744 822 Εὑαγγελίῳ
1770 753 1895 813 τοὺς

333 853 695 924 ἀκροωμένους
719 855 747 906 ὁ
781 851 1001 923 Κύριος,
1033 850 1122 902 τὸν
1155 847 1405 919 περὶτῆς
1443 842 1894 915 βασιλείαςλόγον

335 949 412 1000 ὑπ’
441 944 562 1014 ὁψιν
595 944 741 1012 ἄγει,
768 944 802 1014 ἢ
837 942 1201 1013 μαργαρίτην,
1235 940 1269 1008 ἢ
1309 936 1601 1008 θησαυρὸν,
1633 935 1665 1003 ἢ
1698 934 1892 1002 γάμον,

333 1039 362 1107 ἢ
389 1037 601 1098 κόκκον,
633 1036 678 1103 ἢ
696 1035 889 1105 ζύμην,
918 1035 951 1104 ἡ
985 1051 1036 1086 τι
1061 1032 1168 1086 τῶν
1200 1030 1451 1084 τοιούτων
1476 1026 1891 1097 διηγησάμενος,

330 1127 382 1180 οὐ
417 1126 590 1179 ταῦτα
622 1125 792 1193 λέγων
830 1120 968 1178 εἶναι
1005 1124 1104 1194 τὴν
1142 1121 1450 1192 βασιλείανο
1492 1119 1626 1173 ἀλλὰ
1670 1117 1758 1171 διὰ
1795 1117 1892 1186 τῆς

329 1216 628 1288 ὁμοιώσεως
669 1216 775 1271 τῶν
819 1218 876 1268 ὲν
918 1215 1125 1278 τούτοις
1175 1211 1610 1284 σημαινομένων,
1662 1209 1894 1276 ὲναυγὰ-

333 1309 498 1379 σματά
523 1326 650 1362 τινα
682 1310 776 1361 καὶ
809 1307 1102 1377 αἰνίγματα
1128 1306 1233 1359 τῶν
1265 1305 1405 1376 ὑπὲρ
1432 1302 1731 1371 κατάληψιν
1756 1318 1893 1372 πρα»

328 1401 537 1470 γμάτων
602 1398 985 1469 παραϐολικῶς
1030 1400 1144 1460 τοῖς
1203 1396 1491 1450 ἀκούουσιν
1538 1392 1890 1447 ὑποδεικνύει.

333 1509 347 1540 ι
378 1489 476 1541 Καὶ
513 1490 600 1552 είς
633 1487 790 1540 τοῦτό
823 1504 912 1558 μοι
941 1487 1149 1555 γέγονε,
1185 1505 1203 1537 ι
1236 1485 1418 1557 φησὶν,
1457 1503 1474 1534 ι
1513 1486 1546 1554 ἡ
1579 1483 1895 1554 προαίρεσις

323 1579 402 1634 τοῦ
432 1580 760 1650 πνεύματος,
789 1578 848 1631 τὸ
870 1576 1122 1646 γενέσθαι
1158 1593 1246 1646 μοι
1288 1575 1486 1646 πλῆθος
1529 1575 1718 1643 σοφίας
1741 1592 1789 1638 ,ι
1821 1574 1895 1636 ὠς

322 1671 380 1722 ἂν
404 1671 483 1722 διὰ
513 1670 616 1722 τοῦ
662 1669 915 1737 γενέσθαι
952 1668 1134 1736 σοφὸς,
1168 1667 1240 1738 μὴ
1273 1667 1628 1736 διαμάρτοιμι
1661 1668 1758 1734 τῆς
1789 1667 1894 1717 τῶν

1976 472 1980 480 ’
2003 477 2133 529 tiam
2160 478 2307 541 novi,
2333 497 2350 528 ι
2388 477 2490 530 hoc
2511 485 2618 540 est,
2650 490 2767 531 eam
2798 492 2918 547 quae
2944 475 3085 531 facta
3106 489 3271 534 estex
3294 481 3567 552 analogia,

2000 568 2120 636 ejus
2151 569 2293 637 quod
2326 578 2408 621 est
2443 569 2695 637 superius
2723 570 3285 638 comprehensionem,
3339 588 3436 642 per
3475 588 3571 628 eo-

2002 674 2120 711 rum
2172 674 2292 727 qua:
2339 659 2493 726 juxta
2550 671 2678 714 sunt
2736 662 2910 729 posita
2959 663 3438 730 comparationem.
3494 663 3568 720 Ea

2001 765 2218 818 quoque
2249 765 2305 804 se
2330 749 2458 804 dicit
2484 751 2780 805 didicisse:
2819 749 3115 807 Parabolas
3158 755 3323 818 enim,
3370 755 3568 825 inquit,

2000 851 2048 893 et
2077 840 2360 893 scientiam
2391 841 2537 894 novi.
2569 840 2850 906 Quomodo
2879 843 3022 895 enim
3058 842 3111 895 in
3142 841 3433 912 Evangelio
3467 844 3571 898 Do-

2001 931 2184 983 minus
2206 931 2411 985 docens
2447 933 2742 994 auditores,
2773 933 2997 1001 subjicit
3045 934 3220 988 oculis
3247 933 3298 987 id
3327 935 3470 1003 quod
3505 935 3572 991 de

2001 1035 2170 1090 regno
2204 1022 2356 1084 dicit,
2401 1023 2486 1076 vel
2515 1025 2889 1093 margaritam,
2936 1025 3018 1077 vel
3054 1027 3290 1094 nuptias,
3327 1027 3409 1080 vel
3450 1041 3574 1098 gra-

2003 1129 2152 1175 num,
2187 1114 2271 1166 vel
2307 1112 2654 1176 fermentum,
2698 1115 2780 1168 vel
2826 1115 3028 1184 aliquid
3065 1115 3334 1185 ejusmodi
3392 1117 3445 1170 id
3477 1133 3574 1189 ap-

2004 1204 2211 1273 pellans
2234 1204 2299 1266 ⁸³,
2339 1219 2446 1257 ηοιι
2483 1205 2595 1258 hare
2635 1205 2826 1260 dicens
2882 1221 3004 1260 esse
3049 1222 3316 1277 regnum:
3353 1209 3444 1262 sed
3477 1224 3574 1278 per

2003 1296 2416 1350 similitudinem
2452 1312 2640 1350 eorum
2675 1313 2794 1367 quae
2835 1300 2888 1351 in
2916 1298 2983 1353 iis
3027 1299 3423 1369 significantur,
3474 1301 3572 1357 de-

2003 1387 2332 1441 clarationes
2355 1387 2616 1456 quasdam
2641 1396 2694 1443 et
2725 1390 2918 1444 tacitas
2935 1390 3360 1460 signiﬁcationes
3391 1409 3571 1448 rerum

2003 1493 2124 1547 quae
2146 1489 2386 1533 nostram
2413 1490 2673 1548 superant
2697 1482 3242 1550 comprehensionem
3269 1485 3574 1551 parabolice

2002 1569 2294 1622 ostendens
2316 1571 2681 1625 auditoribus.
2719 1589 2737 1621 ι
2774 1570 2838 1624 Ει
2863 1571 2927 1623 ad
2960 1571 3084 1635 hoc,
3115 1592 3131 1623 ι
3163 1574 3358 1642 inquit,
3389 1594 3407 1625 ι
3440 1575 3573 1630 mihi

2005 1657 2103 1709 fuit
2140 1659 2286 1726 optio
2319 1657 2565 1726 spiritus,
2601 1666 2660 1710 ut
2693 1667 2836 1712 esset
2868 1659 3000 1712 mihi
3029 1661 3322 1716 multitudo
3354 1665 3574 1732 sapien—

325 1761 473 1814 ὅντων
515 1760 798 1830 γνώσεως,
835 1760 968 1830 μηδὲ
1005 1759 1162 1822 ἐκτὸς
1203 1761 1461 1829 γενοίμην
1495 1758 1593 1827 τῆς
1626 1757 1718 1810 τοῦ
1752 1757 1896 1809 λυσι-

2005 1750 2104 1815 tiae,
2140 1769 2157 1800 ι
2194 1758 2251 1804 ιιι
2279 1759 2564 1819 propterea
2593 1751 2733 1820 quod
2770 1765 2948 1805 essem
2985 1753 3226 1820 sapiens,
3261 1755 3331 1808 ab
3381 1769 3570 1809 eorum

321 1854 591 1916 τελοῦντος
627 1855 917 1924 εὑρέσεως.
961 1853 1054 1906 Ἐκ
1085 1852 1193 1924 γὰρ
1237 1851 1424 1918 σοφίας
1456 1852 1489 1920 ἡ
1524 1849 1722 1918 γνῶσις
1770 1866 1895 1901 συν-

321 1944 550 1997 ίστιιειται⁹
609 1946 643 2013 ὴ
687 1944 743 1996 δὲ
779 1942 998 2009 γνῶσις,
1035 1943 1402 2011 εὑκολωτέραν
1437 1943 1566 2010 ἡμῖν
1614 1942 1756 1991 ποιεῖ
1798 1938 1895 2008 τὴν

315 2033 396 2086 τοῦ
422 2033 787 2103 προσέχοντος
832 2033 1033 2102 κρίσιν.
1081 2031 1251 2084 Τοῦτο
1292 2030 1348 2083 δὲ
1395 2030 1496 2099 οὐκ
1538 2030 1746 2099 ἀκμητὶ
1785 2032 1895 2091 τοῖς

320 2123 667 2186 σπουδάζουσι
705 2122 1096 2194 παραγίνεσθαι
1131 2122 1392 2190 πέφυκεν,
1419 2120 1531 2173 ἀλλ’
1574 2125 1602 2173 ὁ
1639 2119 1894 2190 προσθεὶς

229 2271 239 2282 ,
318 2213 476 2282 ἑαυτῷ
509 2214 722 2281 γνῶσιν
767 2214 1121 2268 συνεπιτείνει
1169 2213 1386 2276 πάντως
1425 2215 1491 2283 τῇ
1537 2211 1768 2281 μαθήσει
1805 2211 1894 2262 τὸν

319 2304 480 2357 πόνον.
514 2305 618 2356 Διὸ
649 2307 832 2375 φησιν,
868 2323 885 2354 ι
921 2305 979 2358 '0
1009 2305 1264 2374 προσθεὶς
1292 2303 1510 2372 γνῶσιν,
1545 2301 1895 2371 προστίθησιν

316 2392 543 2462 ἄλγημα.
590 2413 612 2443 ι
646 2395 755 2446 Καὶ
790 2394 1029 2457 τοιοῦτος
1056 2393 1313 2464 γεγονὼς,
1343 2393 1464 2446 τότε
1489 2392 1595 2446 τῶν
1623 2391 1794 2462 ἡδέων
1820 2391 1894 2453 ὡς

323 2485 562 2553 ματαίων
603 2484 1058 2554 καταψηφίζεται.

373 2757 535 2825 Λέγει
598 2757 736 2827 γὰρ,
785 2758 866 2810 ὅτι
911 2777 928 2807 ι
971 2753 1111 2810 Εἷπα
1166 2759 1276 2826 ἐγὼ
1325 2759 1382 2809 ὲν
1414 2760 1478 2827 τῇ
1523 2757 1716 2826 καρδίᾳ
1774 2773 1894 2824 μου,

315 2850 473 2920 Δεῦρο
505 2851 603 2921 δὴ,
645 2851 889 2919 πειράσω
917 2866 974 2901 σε
998 2851 1054 2901 ὲν
1080 2851 1406 2922 εὐφροσύνῃ,
1434 2851 1525 2902 καὶ
1556 2850 1661 2902 ἰδοὺ
1691 2852 1746 2903 ὲν
1769 2852 1902 2917 ἁγα-

317 2940 433 3002 θοῖς.
478 2941 595 2994 Καί
642 2957 704 3007 γε
749 2940 904 2992 τοῦτο
939 2942 1252 3010 ματαιότης.
1297 2960 1314 2991 ι
1349 2941 1424 2994 Οὐ
1450 2939 1556 3008 γὰρ
1581 2939 1739 3002 εὐθὺς
1773 2940 1902 2992 ἐδω-

314 3047 397 3085 κεν
445 3032 655 3083 ἑαυτὸν
703 3033 770 3100 τῇ
818 3029 1037 3100 τοιαύτῃ
1085 3031 1266 3100 πείρᾳ,
1321 3029 1440 3081 οὐδὲ
1494 3031 1750 3096 ἄγευστος
1813 3029 1900 3082 τοῦ

313 3120 751 3190 κατεπληκὸτος
810 3135 868 3170 τε
918 3119 1012 3170 καὶ
1064 3118 1384 3188 σεμνοτέρου
1449 3117 1583 3187 βίου,
1626 3118 1760 3188 πρὸς
1806 3118 1903 3188 τὴν

307 3209 408 3260 τιῖιν
448 3209 636 3279 ἡδέων
687 3207 974 3277 μετουσίαν
1034 3205 1388 3258 κατώλισθεν·
1422 3205 1536 3258 ἀλλ’
1584 3205 1902 3275 ένασκηθεὶς

309 3296 564 3360 ἐκείνοις,
623 3298 719 3348 καὶ
771 3294 1229 3366 προκατορθώσας
1289 3295 1366 3365 τῷ
1405 3295 1524 3365 ἤθει
1577 3295 1639 3352 τὸ
1687 3297 1904 3365 ἀμειδὲς

303 3390 394 3439 καὶ
431 3388 768 3448 άνένδωτον,
803 3385 870 3437 δι’
897 3379 971 3438 ὧν
1000 3386 1231 3455 μάλιστα
1259 3386 1329 3438 τὰ
1367 3386 1463 3456 τῆς
1506 3387 1696 3454 σοφίας
1732 3387 1905 3457 μαθή-

307 3495 445 3546 ματα
469 3482 589 3542 τοῖς
631 3476 992 3538 σπουδάζουσι
1019 3478 1224 3544 γίνεται
1247 3495 1260 3507 ·
1287 3478 1408 3530 τότε
1432 3478 1650 3548 καθίησι
1681 3479 1814 3549 πρὸς
1837 3479 1904 3532 τὰ

297 3571 359 3639 τῇ
390 3568 670 3638 αἰσθήσει
692 3567 902 3638 τερπνὰ
930 3567 1278 3639 νομιζόμενα,
1296 3569 1355 3620 ού
1383 3569 1542 3621 πάθει
1570 3569 1705 3638 πρὸς
1731 3569 1904 3623 ταῦτα

301 3659 718 3721 καθελκυσθεὶς
738 3700 753 3722 ,
785 3659 920 3712 ἀλλὰ
957 3660 1052 3712 τοῦ
1092 3660 1492 3729 ἐπισκέψασθαι
1525 3665 1705 3731 χάριν,
1742 3663 1795 3714 εί
1822 3680 1905 3726 τις

293 3751 554 3803 σνντελεί
591 3751 744 3820 πρὸς
784 3749 881 3820 τὴν
921 3748 1014 3802 τοῦ
1064 3750 1333 3819 ἀληθινῶς
1378 3751 1578 3819 γνῶσιν
1612 3752 1816 3821 ἀγαθοῦ
1847 3755 1904 3805 έν

291 3841 513 3904 τούτοις
550 3842 838 3910 γενομένη
874 3842 906 3910 ἡ
937 3841 1207 3911 αἴσθησις.
1249 3843 1399 3894 Ἐπεὶ
1425 3841 1546 3895 τότε
1580 3845 1698 3896 κατ’
1733 3844 1905 3914 ἀρχὰς

287 3929 489 4001 ἐχθρὸν
529 3930 748 3984 ἑαυτοῦ
776 3933 922 3982 ποιεῖ
960 3931 1054 3984 καὶ
1087 3932 1178 3984 τὸν
1206 3931 1440 4000 γέλωτα,
1474 3934 1568 3986 καὶ
1602 3934 1904 4006 περιφορὰν

289 4022 563 4090 ὀνομάζει
596 4022 666 4074 τὸ
700 4022 872 4085 πάθος
894 4062 907 4084 ,
939 4024 1075 4093 ὅπερ
1102 4018 1216 4075 ἶσόν
1249 4026 1366 4096 εστι
1400 4025 1542 4078 κατὰ
1573 4025 1807 4079 διάνοιαν
1840 4029 1903 4096 τῇ

288 4113 615 4183 παραφορᾷ
652 4129 711 4164 τε
742 4113 834 4163 καὶ
874 4113 1165 4184 παρανοίᾳ.
1205 4114 1271 4165 Et
1306 4131 1355 4166 τι
1386 4116 1493 4186 γὰρ
1521 4115 1648 4168 ἄλλο
1674 4133 1757 4179 τις
1787 4119 1906 4168 ὀνο-

291 4203 494 4270 μάσειε
526 4204 756 4273 κυρίως
792 4204 884 4256 τὸν
911 4204 1148 4272 γέλωτα,
1184 4205 1212 4257 ὂ
1246 4209 1382 4276 μήτε
1417 4207 1573 4276 λόγος
1597 4210 1734 4270 ἐστὶ,
1768 4211 1904 4278 μήτε

286 4292 452 4361 ἔργον
488 4291 598 4345 ἐπί
653 4309 761 4343 τινι
813 4291 1000 4361 σκοπῴ
1047 4291 1504 4362 κατορθούμενον.
1559 4294 1812 4357 Διάλνσις
1851 4294 1903 4346 δὲ

287 4386 582 4451 στόματος
611 4383 874 4450 ἀπρεπὴς
895 4423 907 4444 ,
946 4383 1039 4435 καὶ
1065 4383 1372 4452 πνεύματος
1396 4385 1601 4448 κλόνος,
1650 4386 1744 4438 καὶ
1770 4385 1898 4456 βραν

291 4471 424 4538 σμὸς
461 4472 610 4523 ὅλου
659 4471 754 4522 τοῦ
788 4471 1067 4540 σώματος,
1105 4474 1199 4524 καὶ
1233 4473 1483 4544 διαστολὴ
1516 4475 1777 4540 παρειῶν,
1811 4477 1903 4529 καὶ

282 4560 594 4628 γύμνω-σις
639 4562 872 4614 ὀδόντων
899 4580 956 4614 τε
992 4564 1086 4616 καὶ
1117 4563 1310 4628 οὔλων,
1344 4567 1440 4618 καὶ
1474 4565 1724 4636 ὑπερῷας
1745 4569 1906 4638 αὐχέ-

284 4667 374 4712 νος
405 4668 470 4704 τε
501 4653 806 4722 λυγισμοὶ,
838 4654 928 4704 καὶ
962 4654 1146 4723 φωνῆς
1175 4656 1486 4726 παράλογος
1511 4658 1724 4728 Θρύψις,
1754 4676 1907 4711 συνες

283 4743 703 4812 πικοπτομένη
753 4745 818 4812 τῇ
857 4742 1046 4796 κλάσει
1091 4743 1184 4796 τοῦ
1222 4745 1531 4814 πνεύματος
1553 4789 1566 4811 ,
1593 4749 1644 4801 τί
1681 4749 1746 4802 ἂν
1778 4750 1906 4803 ἄλλο

286 4830 372 4897 ετη
415 4832 625 4893 τοῦτο,
691 4832 861 4901 φησὶ,
894 4834 983 4886 καὶ
1026 4835 1087 4886 οὐ
1142 4835 1445 4904 παράνοια;
1547 4840 1642 4894 Διό
1751 4856 1902 4909 φησι,

291 4941 309 4968 ι
345 4922 443 4990 Τῷ
481 4925 711 4990 γέλωτι
756 4919 884 4975 εἶπα
908 4926 1258 4995 παραφορὰν,
1304 4947 1320 4978 ι
1357 4928 1431 4988 ὡς
1478 4926 1543 4980 ἂν
1569 4929 1616 4979 εἰ
1652 4929 1804 4997 ἔλεγε
1830 4930 1907 5000 τῷ

286 5011 525 5074 γέλωτι,
546 5012 760 5077 Μαίνῃ
787 5016 880 5066 καὶ
919 5016 1335 5088 παρεξέστηκας
1371 5018 1465 5072 καὶ
1497 5019 1596 5071 οὐκ
1634 5021 1784 5083 ὲντὸς
1813 5021 1906 5073 τοῦ

292 5104 674 5166 καθεστῶτος
714 5107 894 5174 μένεις
918 5148 933 5170 ,
981 5109 1239 5176 ἑκουσίως
1269 5110 1622 5186 ἀσχημονῶν,
1666 5113 1758 5166 καὶ
1788 5114 1908 5166 δια-

297 5196 568 5262 στρέφων
603 5197 675 5246 ὲν
711 5195 783 5265 τῷ
831 5198 993 5250 πάθει
1024 5199 1084 5250 τὸ
1111 5194 1262 5280 εἶδος⁹
1299 5209 1392 5268 ἐπ’
1439 5202 1623 5260 οὐδενὶ
1652 5203 1907 5275 χρησίμῳ

300 5289 402 5357 τὴν
415 5287 774 5357 διαστροφὴν
794 5290 1165 5360 ἐργαζόμενος.
1193 5322 1210 5354 ι
1234 5309 1409 5374 Εἶπον
1431 5301 1492 5357 δὲ
1515 5296 1612 5351 καὶ
1631 5297 1694 5365 τῇ
1713 5295 1908 5366 εὐφρο-

305 5378 442 5448 σύνῃ
471 5397 487 5408 ·
522 5380 597 5431 Τί
635 5379 796 5432 τοῦτο
823 5386 1029 5445 ποιείς;
1061 5401 1078 5433 ι
1111 5388 1236 5492 ὅπερ
1276 5408 1400 5478 ἶσόν
1432 5402 1559 5458 ἐστι
1592 5387 1670 5457 τῷ
1702 5387 1900 5458 λέγειν,

310 5468 388 5492 Ξ--
413 5467 568 5492 “-λ-
613 5467 719 5492 ρ).-.
752 5470 937 5492 ΔΩ--Δ.-.
974 5473 997 5492 1.
1033 5490 1050 5492 _
1583 5484 1596 5492 .
1803 5481 1814 5492 ο

310 5468 396 5521 ’ὁτι
413 5467 568 5540 Πρὸς
611 5467 721 5533 τὴν
752 5470 938 5538 ἡδονὴν
967 5467 1323 5576 ἀντισταῆῖιέέ
1356 5505 1542 5576 ἔσχον
1576 5481 1898 5535 ὑποπτεύων

1262 5557 1271 5576 ι

1162 5521 1323 5595 imi);
1356 5508 1388 5568 ἔ

427 5640 470 5669 θ’
498 5644 709 5700 κοῖαι.
738 5661 848 5712 χιιι,
875 5646 906 5699 5
936 5661 1024 5716 51¢].

2000 1857 2120 1909 quae
2149 1850 2277 1896 sunt
2300 1843 2610 1913 cognitione
2636 1844 2859 1897 minime
2881 1844 3187 1900 aberrarem
3207 1886 3222 1908 ,
3265 1861 3362 1900 nec
3392 1862 3571 1901 essent

2000 1945 2241 1991 remotus
2270 1938 2339 1990 ab
2368 1938 2680 1991 inventione
2709 1937 2830 2005 ejus
2873 1937 3019 2007 quod
3063 1945 3146 1992 est
3207 1937 3569 1992 conducibile.

2001 2028 2075 2080 Ex
2105 2028 2372 2096 sapientia
2403 2028 2545 2082 enim
2570 2035 2786 2082 constat
2815 2027 3078 2097 cognitio.
3111 2025 3362 2096 Cognitio
3386 2035 3569 2080 autem

2001 2118 2159 2173 ellicit
2181 2118 2298 2186 ejus
2331 2120 2424 2188 qui
2454 2119 2683 2174 attendit
2705 2117 3227 2186 faciliusjudicium.
3256 2116 3371 2171 Hoc
3394 2127 3571 2172 autem

2001 2226 2109 2263 non
2141 2211 2278 2262 citra
2316 2210 2558 2264 laborem
2613 2209 2876 2264 accedere
2924 2216 3115 2277 suapte
3156 2215 3349 2260 natura
3397 2214 3577 2276 potest

2001 2302 2069 2355 iis
2096 2302 2188 2372 qui
2219 2302 2443 2356 student
2469 2319 2483 2366 ;
2509 2301 2604 2356 sed
2652 2302 2745 2371 qui
2783 2299 2993 2354 addidit
3044 2299 3146 2354 sibi
3183 2299 3573 2369 cognitionem,

2002 2392 2165 2446 simul
2216 2392 2378 2445 etiam
2410 2405 2532 2443 cum
2569 2390 2858 2460 disciplina
2887 2389 3110 2443 omnino
3158 2389 3390 2443 intendit
3435 2388 3596 2458 labo-j

1999 2499 2135 2536 rem.
2159 2481 2303 2536 Dicit
2333 2483 2514 2550 itaque
2537 2496 2586 2533 τι
2621 2480 2724 2546 Qui
2766 2480 2972 2534 addidit
2998 2480 3390 2550 cognitionem,
3429 2478 3577 2533 addit

2001 2574 2271 2629 dolorem.
2304 2593 2322 2624 )
2373 2571 2511 2626 Cum
2561 2572 2687 2626 talis
2717 2573 2974 2636 evaserit,
3011 2581 3140 2626 tunc
3169 2572 3412 2642 jucunda
3455 2579 3577 2626 tan-

1999 2680 2161 2735 quam
2204 2679 2341 2718 vana
2363 2663 2715 2717 condemnat.

2075 2755 2217 2809 Dicit
2248 2755 2416 2819 enim,
2457 2773 2475 2805 ι
2517 2753 2635 2806 Dixi
2665 2753 2718 2806 in
2744 2750 2911 2806 corde
2942 2766 3084 2817 meo,
3112 2755 3222 2825 Age
3255 2752 3476 2806 tentabo
3527 2760 3579 2806 te

2009 2848 2062 2901 in
2086 2847 2290 2907 laetitia,
2327 2854 2379 2900 et
2409 2860 2538 2899 ecce
2574 2846 2625 2897 in
2663 2843 2843 2896 bonis.
2889 2841 2952 2895 Et
2988 2842 3088 2895 hoc
3122 2857 3336 2910 quoque
3371 2851 3456 2896 est
3488 2859 3582 2894 va—

2007 2940 2149 2993 nitas
2176 2939 2193 3006 (
2220 2936 2351 3006 Cap.
2388 2953 2449 2999 ιι,
2490 2935 2512 2987 1
2546 2933 2709 3003 sqq.)
2748 2953 2766 2985 ι
2794 2931 2911 2986 Non
2948 2933 3092 2986 enim
3123 2948 3179 2987 se
3213 2933 3394 2986 statim
3430 2933 3580 2988 dedit

2009 3032 2088 3085 illi
2116 3027 2483 3098 experientiae,
2510 3041 2684 3095 neque
2709 3040 2817 3078 non
2847 3031 3058 3096 gustata
3090 3023 3377 3078 austeriori
3413 3033 3466 3078 et
3493 3040 3580 3078 se-

2008 3120 2206 3174 veriori
2244 3119 2374 3180 vita,
2405 3117 2666 3186 delapsus
2719 3124 2803 3169 est
2833 3114 2899 3168 ad
2930 3113 3296 3182 jucundorum
3356 3115 3578 3183 partici-

2008 3210 2281 3278 pationem
2312 3225 2325 3261 :
2353 3206 2448 3262 sed
2490 3222 2611 3260 cum
2639 3206 2694 3259 in
2737 3205 2844 3258 illis
2895 3204 3228 3257 exercitatus
3286 3203 3498 3266 fuisset,
3527 3211 3582 3257 et

2008 3300 2160 3370 prius
2196 3314 2254 3354 se
2295 3298 2362 3351 iis
2421 3297 2704 3366 praeditum
2750 3295 2998 3350 moribus
3054 3294 3413 3358 exhibuisset,
3450 3302 3508 3347 ut
3549 3309 3582 3348 a

2008 3392 2121 3446 risu
2157 3392 2388 3451 alienus,
2418 3389 2602 3458 gravis
2643 3396 2697 3442 et
2725 3395 2984 3441 constans
3010 3393 3176 3448 esset,
3211 3400 3320 3455 qua
3364 3385 3581 3439 ratione

2008 3500 2036 3538 a
2061 3485 2322 3539 studiosis
2345 3483 2578 3536 maxime
2609 3491 2999 3551 comparantur
3028 3479 3334 3548 disciplinae
3358 3479 3583 3548 sapien-

2007 3576 2117 3639 tiae,
2153 3585 2284 3628 tunc
2335 3588 2394 3628 se
2420 3572 2651 3627 remittit
2681 3570 2748 3623 ad
2805 3585 2868 3624 ea
2905 3584 3027 3639 quae
3066 3569 3252 3624 sensui
3288 3577 3584 3622 censentur

2006 3683 2127 3723 esse
2153 3664 2400 3736 jucunda
2425 3679 2488 3718 ac
2515 3661 2889 3716 delectabilia:
2921 3674 3027 3713 non
3059 3659 3225 3712 animi
3257 3657 3326 3711 ad
3345 3658 3460 3711 haec
3494 3665 3581 3710 at-

2007 3767 2216 3812 tractus
2265 3754 2700 3825 perturbatione,
2731 3750 2826 3807 sed
2877 3757 2936 3803 ut
2961 3749 3358 3813 consideraret,
3409 3762 3478 3801 an
3512 3748 3584 3801 ad

2005 3849 2123 3903 veri
2150 3847 2275 3902 boni
2306 3845 2678 3915 cognitionem
2721 3840 2929 3910 aliquid
2977 3839 3228 3895 conferat
3260 3853 3458 3893 sensus
3488 3838 3583 3906 qui

2008 3942 2063 3995 in
2091 3941 2170 3994 eis
2199 3939 2365 3993 fuerit
2391 3938 2736 3991 immoratus.
2754 3933 2910 3987 Tune
2929 3933 3073 3987 enim
3097 3941 3150 3985 et
3174 3931 3242 3985 ab
3270 3929 3424 3983 initio
3446 3929 3582 3984 risui

2009 4032 2294 4088 denuntiat
2338 4027 2682 4091 inimicitias,
2713 4034 2765 4080 et
2796 4025 2966 4078 animi
2998 4034 3202 4078 motum
3237 4022 3387 4075 illum
3424 4027 3584 4074 vocat

2008 4121 2508 4178 circumlationem,
2537 4116 2684 4185 quod
2705 4114 2924 4184 quidem
2959 4126 3122 4166 sensu
3157 4109 3297 4162 idem
3329 4115 3411 4161 est
3436 4105 3582 4174 quod

2008 4215 2257 4270 delirium
2281 4219 2334 4265 et
2359 4206 2700 4264 amentia:si
2738 4204 2870 4274 quid
2917 4202 3060 4256 enim
3113 4199 3258 4252 aliud
3307 4197 3581 4266 quispiam

2012 4304 2228 4376 proprie
2252 4303 2422 4355 risum
2447 4297 2817 4368 appellaverit,
2837 4295 2886 4347 id
2913 4292 3056 4362 quod
3085 4305 3259 4359 neque
3281 4296 3364 4343 est
3383 4290 3578 4353 oratio,

2015 4410 2190 4464 neque
2223 4392 2424 4446 factum
2451 4398 2603 4442 certo
2639 4401 2808 4455 scopo
2837 4394 2889 4439 et
2933 4383 3212 4453 proposito
3245 4391 3579 4450 susceptura.

2012 4484 2138 4538 Oris
2159 4489 2340 4536 autem
2377 4478 2635 4532 indecora
2665 4475 2933 4540 dilatatio,
2969 4481 3281 4540 tremorque
3331 4471 3582 4540 spiritus,

2011 4584 2065 4630 et
2100 4575 2270 4628 totius
2299 4571 2547 4640 corporis
2570 4568 2882 4632 concussio,
2915 4573 2968 4620 et
3009 4578 3270 4633 genarum
3315 4561 3581 4624 diductio,

2017 4667 2376 4733 dentiumque
2411 4662 2828 4734 etgingivarum
2870 4666 2924 4713 et
2965 4657 3127 4728 palati
3155 4655 3384 4725 apertio,
3426 4655 3584 4708 colli-

2012 4768 2117 4821 que
2147 4750 2448 4814 contorsio,
2497 4751 2758 4817 vocisque
2789 4754 2985 4816 praeter
3034 4745 3304 4799 rationem
3365 4743 3582 4809 fractio,

2013 4858 2136 4912 qua:
2158 4841 2318 4895 simul
2351 4857 2474 4894 cum
2503 4839 2771 4894 {rat-tione
2797 4837 3024 4908 spiritus
3045 4837 3427 4898 intersecatur,
3453 4835 3584 4906 quid

2012 4935 2116 4987 hoc
2143 4933 2289 4986 aliud
2318 4931 2478 4985 fuerit
2503 4946 2665 5000 quam
2687 4931 2925 4984 amentia
2949 4929 2971 4982 ?
2993 4927 3054 4981 Et
3085 4927 3229 4992 ideo,
3260 4945 3277 4978 ι
3310 4926 3374 4980 Et
3396 4927 3530 4989 dixi,
3560 4947 3579 4978 ι

2013 5026 2212 5094 inquit,
2252 5041 2270 5074 ι
2310 5023 2442 5078 risui
2484 5022 2818 5076 amentiam:
2870 5040 2887 5070 ι
2931 5019 3155 5089 perinde
3179 5033 3243 5072 ac
3300 5018 3344 5073 si
3377 5017 3585 5070 diceret

2016 5118 2168 5181 risui,
2201 5119 2440 5174 Insanus
2466 5129 2526 5169 es
2569 5121 2624 5167 et
2661 5121 2855 5168 emotae
2887 5111 3107 5174 mentis,
3162 5125 3337 5178 neque
3397 5123 3584 5162 manes

2013 5209 2156 5262 intra
2193 5207 2518 5261 constantia:
2562 5205 2720 5270 lines,
2759 5214 2816 5256 ut
2861 5203 2953 5272 qui
3010 5208 3202 5270 sponte
3247 5199 3501 5254 indecore
3535 5209 3586 5252 te

2011 5313 2193 5370 geras,
2221 5307 2275 5353 et
2306 5298 2360 5351 in
2397 5306 2545 5350 motu
2583 5293 2752 5348 animi
2798 5292 3030 5348 formam
3065 5301 3364 5360 pcrvertas,
3421 5287 3584 5354 idque

2011 5401 2232 5464 propter
2257 5391 2463 5446 nullam
2492 5390 2809 5444 utilitatem.
2841 5405 2858 5437 ι
2890 5385 3008 5439 Dixi
3030 5383 3192 5438 etiam
3217 5381 3410 5435 laetitiae
3435 5395 3447 5429 :
3473 5379 3582 5429 Cur

2009 5481 2112 5536 hoc
2140 5481 2318 5535 lacis?
2354 5500 2371 5532 ι
2411 5479 2565 5544 Quod
2584 5475 2808 5548 perinde
2842 5485 2925 5531 est
2953 5489 3013 5527 ac
3041 5473 3084 5528 si
3115 5464 3580 5537 dicas,\’oluptati
