4018 6334
473 366 578 425 647

1699 362 1758 418 S.
1799 358 2132 420 GREGORII
2169 354 2461 420 NYSSENI
3583 363 3674 433 648

472 478 670 541 restiti.
711 485 1021 548 suspectam
1057 477 1265 539 habens
1291 480 1410 552 ejus
1436 478 2047 553 appropinquationem,

2153 481 2325 552 αὐτῆς
2352 482 2442 534 τὸν
2479 477 2902 550 προσεγγισμδν.
2957 475 3118 532 οἱονεὶ
3164 477 3385 534 κλέπτου
3425 484 3557 547 τινὸς
3591 485 3674 543 λα-

474 569 700 642 perinde
731 577 895 641 atque
934 572 978 626 si
1008 571 1096 626 fur
1133 573 1404 643 quispiam
1443 573 1754 628 clanculum
1795 571 2046 641 ingrede-

473 669 628 716 retur
648 665 842 717 anima:
871 666 1195 733 penetralia.
1234 665 1520 736 Nunquam
1547 665 1773 735 permisi
1817 673 1876 718 ut
1897 680 1958 717 ea
1991 665 2045 718 in

474 761 708 807 mentem
743 753 1080 808 dominatum
1117 756 1410 812 obtineret.
1452 755 1509 811 Si
1555 756 1703 811 enim
1737 756 1912 810 solum
1947 771 2042 810 co-

474 845 784 914 gnovissem
826 847 1182 916 voluptatem,
1209 856 1470 918 tanquam
1515 846 1682 901 feram
1717 847 1954 916 aliquam
1979 848 2044 900 ad

475 949 626 988 meos
657 950 855 989 sensus
893 935 1175 1005 adreperc,
1205 934 1254 990 ei
1302 936 1483 990 statim
1521 936 1840 990 resistebam
1874 943 1926 988 ct
1954 935 2045 988 ad-

473 1025 760 1087 versabar,
799 1026 988 1079 dicens
1019 1026 1143 1079 huic
1167 1026 1349 1081 servili
1378 1033 1431 1081 ct
1455 1026 1681 1080 rationis
1707 1024 1915 1094 experti
1957 1025 2047 1078 lte-

477 1117 612 1171 titite
639 1137 650 1171 :
681 1118 819 1183 Quid
847 1117 1018 1172 facis?
1040 1118 1166 1187 quid
1200 1126 1407 1173 natura'
1428 1119 1686 1174 virtutem
1723 1117 2046 1173 elieminas?

475 1223 576 1262 cur
601 1209 765 1261 animi
788 1209 954 1262 robur
989 1211 1244 1265 emollis?
1271 1225 1370 1264 cur
1393 1212 1586 1264 animm
1614 1212 1756 1266 vires
1782 1211 2048 1265 enervas?

477 1313 576 1352 cur
605 1297 765 1354 affers
803 1299 1080 1354 interitum
1125 1293 1368 1356 rationi?
1401 1317 1502 1355 cur
1540 1317 1798 1371 purarum
1835 1302 2044 1371 cogita-

480 1387 688 1441 tionum
736 1391 1050 1445 serenitatis
1095 1392 1318 1460 puritati
1364 1392 1598 1463 caligine
1649 1400 1741 1446 tua
1798 1393 2046 1448 innuittis

480 1479 729 1534 tenebras
750 1479 774 1531 ?

553 1567 687 1623 Cum
711 1569 846 1630 iure.
877 1569 1079 1640 inquit,
1099 1578 1152 1625 et
1179 1587 1300 1640 qua:
1324 1582 1452 1627 sunt
1478 1572 1745 1642 ejusmodi
1773 1572 2045 1636 fecissem,

485 1680 504 1712 ι
525 1661 876 1716 Consideravi
907 1675 975 1714 an
1005 1676 1102 1715 cor
1134 1678 1311 1717 meum
1334 1679 1553 1718 carnem
1585 1680 1760 1718 meam
1790 1673 2047 1735 tanquam

484 1751 671 1806 vinum
726 1749 1032 1810 traheret.»
1095 1753 1210 1808 lloc
1265 1762 1367 1820 est,
1423 1757 1875 1824 quemadmodum
1916 1769 2046 1810 cura

478 1859 667 1898 eorum
695 1860 816 1914 qua:
842 1845 1043 1899 cadunt
1067 1847 1166 1901 sub
1198 1845 1634 1916 intelligentiam,
1660 1849 1899 1903 motibus
1927 1863 2051 1902 caro

481 1936 568 1990 nis
605 1943 749 1991 esset
780 1937 1069 2006 potentior,
1105 1944 1160 1990 ut
1192 1948 1384 1992 natura
1420 1954 1449 1992 a
1477 1941 1653 2008 seipsa
1683 1955 1791 1994 non
1821 1939 2050 1995 disside-

481 2030 582 2090 ret,
615 2039 739 2078 cum
764 2025 866 2078 alia
894 2025 1113 2094 quidem
1139 2042 1294 2083 mens
1328 2035 1625 2096 appeteret,
1653 2030 1716 2082 ad
1743 2030 1844 2083 alia
1871 2040 2046 2086 autem

480 2128 610 2169 caro
650 2114 925 2169 traheret:
982 2116 1074 2170 sed
1106 2124 1164 2167 ut
1199 2117 1556 2187 intelligentia
1593 2121 1829 2189 praedita:
1856 2121 2050 2178 animae

481 2213 684 2260 nostrae
731 2205 872 2274 parti
909 2206 1250 2262 obedientem
1297 2217 1351 2264 et
1401 2211 1744 2280 subjugatam
1800 2212 2048 2267 redderet

481 2296 668 2350 carnis
700 2306 900 2351 nostra:
932 2297 1208 2366 spiritum,
1243 2313 1310 2353 eo
1335 2302 1476 2369 quod
1498 2311 1581 2356 est
1610 2303 1789 2358 minus
1819 2287 2050 2360 attracto

481 2396 537 2441 et
587 2389 844 2444 devorato
893 2390 946 2444 in
999 2405 1065 2445 eo
1098 2393 1241 2460 quod
1289 2393 1529 2448 abundat
1569 2409 1582 2446 :
1631 2396 1905 2465 quomodo
1946 2411 2048 2452 usu

485 2480 629 2534 venit
665 2479 720 2533 in
759 2479 827 2535 iis
860 2481 951 2549 qui
985 2481 1197 2536 sitiunt.
1225 2482 1342 2538 Non
1384 2486 1525 2539 enim
1567 2486 1750 2540 vinum
1785 2497 1966 2544 manet
1993 2489 2047 2543 in

482 2573 674 2636 calice,
723 2574 766 2630 si
811 2574 1013 2628 sitienti
1051 2574 1132 2627 ori
1162 2575 1438 2630 admomm
1468 2575 1654 2642 fuerit,
1690 2579 1782 2633 sed
1813 2578 2053 2634 traduci-

482 2669 574 2716 tur
606 2664 670 2718 ad
698 2678 820 2717 eum
850 2664 941 2734 qui
967 2664 1122 2728 bibit,
1144 2674 1198 2720 et
1226 2667 1572 2736 perspicuum
1603 2677 1686 2723 est
1715 2670 1765 2724 id
1785 2685 1973 2742 magna
1997 2672 2051 2726 vi

484 2754 817 2810 intrinsecus
875 2757 1096 2811 attrahi.
1149 2757 1303 2822 Quod
1350 2774 1471 2812 cum
1507 2759 1708 2814 factum
1755 2761 1876 2825 fuit,
1910 2763 2048 2818 citra

482 2861 721 2900 errorem
753 2856 807 2901 et
839 2847 1008 2901 ullum
1060 2849 1529 2920 impedimentum,
1581 2855 1789 2907 munita
1823 2853 1924 2908 fuit
1963 2857 2049 2909 via

483 2936 549 2990 ad
587 2937 870 2992 scientiam
911 2954 1098 2993 eorum
1141 2956 1260 3009 qua:
1311 2950 1462 2995 sunt.
1504 2942 1648 2995 «Cor
1680 2959 1886 3006 meum,
1911 2963 1928 2996 ι
1969 2945 2049 2998 in-

484 3028 616 3096 quit.
650 3047 668 3080 ι
689 3025 912 3082 deduxit
941 3045 1025 3084 me
1059 3032 1111 3083 in
1141 3032 1463 3099 sapientia,»
1501 3049 1596 3102 per
1621 3049 1780 3102 quam
1815 3035 2048 3090 insultus

2149 572 2351 643 θραίως
2381 573 2531 634 ἐντὸς
2557 569 2965 642 παραδυομένου
2993 568 3100 622 τῶν
3122 569 3221 639 τῆς
3244 570 3413 642 ψυχῆς
3442 577 3672 644 ταμεξων,

2148 665 2260 717 Οὐκ
2283 664 2472 733 ἀφῆκά
2507 679 2633 715 ποτε
2683 652 3098 732 κατακρατῆσαι
3125 651 3221 730 τῆς
3250 661 3475 727 διανοίας
3509 667 3674 738 αὐτὴν.

2148 752 2209 807 EE
2236 755 2344 826 γάρ
2379 754 2550 822 ἔγνων
2589 753 2747 824 μόνον
2791 754 2889 822 τὴν
2918 753 3109 822 ἡδονὴν
3154 747 3263 805 οἷόν
3291 770 3342 805 τι
3385 754 3558 825 θηρίον
3593 759 3678 822 τὰς

2147 846 2427 916 αἰσθήσεις
2462 862 2560 916 μου
2587 845 3011 914 περιέρπουσαν,
3042 844 3205 906 εὐθὺς
3233 845 3595 917 ἀντεμαχόμην
3622 848 3680 901 τὰ

2147 939 2282 1008 πρὸς
2311 938 2479 1008 αὐτὴν
2523 938 2617 990 καὶ
2650 937 2984 996 ἀντέϐαινον,
3014 933 3075 988 Τί
3100 936 3271 990 ταῦτα
3306 941 3498 1001 ποιεῖς;
3529 939 3681 1008 λέγων

2147 1029 2281 1098 πρὸς
2299 1028 2394 1098 τὴν
2416 1026 2791 1098 ἀνδραποδώδη
2816 1026 3016 1098 ταύτην
3033 1027 3124 1079 καὶ
3141 1027 3328 1094 ἄλογον
3349 1028 3678 1100 εὐερροέύνην⁸

2145 1123 2198 1174 τί
2237 1120 2548 1191 ἐκθηλύνεις
2579 1119 2639 1173 τὸ
2667 1113 2931 1191 ἀνδρῶδες
2959 1120 3056 1190 τῆς
3105 1118 3313 1194 φύσεως
3340 1137 3353 1184 ;
3383 1119 3433 1172 τί
3463 1138 3684 1191 καταμα-

2147 1212 2367 1274 λάσσεις
2400 1212 2498 1282 τῆς
2532 1211 2768 1273 διανοίας
2797 1205 2856 1262 τὸ
2887 1208 3164 1274 σύντονον;
3193 1211 3245 1262 τί
3267 1210 3578 1281 ἐκνευρὶζεις
3608 1211 3685 1266 τὸν

2146 1303 2246 1372 τῆς
2280 1303 2455 1373 ψυχῆς
2497 1303 2680 1366 τόνον;
2716 1302 2768 1354 τί
2816 1293 3138 1372 διαλυμαίνη
3176 1304 3287 1364 τοῖς
3315 1299 3612 1372 λογισμοιςς
3641 1299 3688 1356 τί

2151 1415 2242 1466 μοι
2273 1397 2333 1449 τὸ
2365 1396 2604 1468 καθαρὸν
2635 1395 2732 1465 τῆς
2764 1395 2871 1448 τῶν
2900 1395 3154 1466 καθαρῶν
3182 1395 3464 1464 νοημάτων
3495 1394 3685 1466 αἰθρίας

2147 1486 2212 1554 τῇ
2251 1485 2380 1552 παρ’
2407 1486 2604 1554 ἑαυτῆς
2636 1482 2834 1556 ὁμίχλῃ
2871 1484 3031 1552 ζόφον
3063 1485 3344 1552 ἐμποιείςς

2219 1574 2422 1637 Ταῦτα,
2457 1575 2609 1645 φησὶ,
2643 1575 2736 1628 καὶ
2769 1573 2991 1628 τοιαῦτα
3021 1575 3273 1646 ποιήσας,
3306 1595 3320 1626 ι
3370 1562 3688 1646 Ἐσκεψάμην

2149 1663 2197 1717 ει
2227 1667 2259 1734 ἡ
2299 1665 2495 1736 καρδία
2528 1682 2629 1735 μου
2666 1664 2881 1718 ἑλκύσει
2915 1663 2990 1728 ὡς
3019 1661 3160 1718 οἶνον
3193 1665 3295 1736 τὴν
3327 1663 3497 1734 σάρκα
3526 1678 3637 1734 μου.
3670 1683 3688 1715 ι

2150 1755 2436 1808 ἰὀυτέστιν
2455 1795 2468 1814 ,
2500 1756 2648 1818 ὅπως
2683 1755 3113 1826 ὲπικρατεστέρα
3143 1755 3354 1824 γένοιτο
3385 1757 3416 1826 ὴ
3445 1755 3546 1808 τῶν
3579 1762 3691 1826 νοηο

2150 1848 2256 1900 τῶν
2286 1847 2571 1916 ἐπιμέλεια
2610 1847 2718 1900 τῶν
2746 1847 2845 1918 τῆς
2877 1839 3078 1917 σαρκὸς
3102 1838 3437 1917 κινημάτων,
3467 1837 3597 1899 ὥστε
3630 1842 3694 1916 μὴ

2153 1937 2458 2002 στασιάζειν
2504 1938 2640 2009 πρὸς
2685 1931 2885 2010 ἑαυτὴν
2931 1939 3032 2008 τῆν
3076 1938 3239 2008 φύσιν
3263 1955 3276 1969 θ
3311 1937 3443 1993 ἄλλα
3477 1937 3569 2008 μὲν
3608 1937 3696 2006 τῆς

2148 2027 2384 2092 διανοίας
2424 2031 2864 2102 προαιρουμένης
2885 2070 2899 2093 ,
2946 2030 3082 2102 πρὸς
3111 2031 3275 2101 ἕτερα
3307 2028 3361 2082 δὲ
3394 2029 3491 2099 τῆς
3518 2025 3698 2100 σαρκὸς

2149 2120 2502 2192 ὲφελκούσηςο
2532 2121 2644 2173 ἀλλ’
2666 2121 2741 2184 ὡς
2763 2120 3089 2185 καταπειθὲς
3111 2121 3206 2174 καὶ
3231 2121 3534 2192 ὑποχείριον
3557 2119 3696 2189 ποιῆ-

2151 2227 2241 2263 σαι
2279 2210 2356 2281 τῷ
2383 2211 2557 2282 νοητῷ
2597 2213 2695 2282 τῆς
2722 2210 2897 2283 ψυχῆς
2935 2208 3091 2285 μέρει
3120 2214 3180 2266 τὸ
3206 2213 3308 2282 τῆς
3336 2212 3531 2284 σαρκὸς
3560 2209 3698 2280 ἡμῶν

2151 2303 2409 2374 φρόνημα
2430 2344 2444 2367 ,
2479 2296 2831 2369 ἐλκυσθέντος
2875 2299 2968 2358 καὶ
3002 2303 3407 2368 καταποθέντος
3444 2303 3534 2357 τοῦ
3563 2303 3700 2356 ἐλατ-

2148 2394 2411 2464 τουμένου
2442 2397 2498 2447 ὲν
2531 2394 2608 2465 τῷ
2636 2390 3011 2462 πλεονάζοντι,
3053 2390 3110 2449 ὃν
3151 2397 3352 2467 τρόπον
3389 2387 3480 2448 ἐπὶ
3508 2394 3608 2448 τῶν
3633 2393 3700 2446 δι·

2147 2485 2369 2555 ψὼντων
2402 2485 2628 2554 γίνεται.
2665 2487 2738 2539 Οὐ
2778 2487 2884 2558 γάρ
2918 2488 3244 2558 ἐναπομένει
3285 2490 3314 2541 ὁ
3352 2483 3493 2549 οἶνος
3523 2487 3584 2556 τῇ
3613 2481 3702 2536 κὺ-

2149 2577 2280 2643 λικι,
2307 2576 2420 2644 εἴγε
2447 2577 2523 2647 τῷ
2551 2577 2770 2646 διψῶντι
2803 2578 3029 2648 στόματι
3059 2577 3395 2649 προσαχθείη
3419 2617 3433 2636 .
3465 2575 3593 2628 ἀλλὰ
3618 2591 3701 2644 με·

2151 2665 2397 2720 θίσταται
2437 2667 2572 2736 πρὸς
2617 2661 2706 2719 τὸν
2753 2667 3009 2730 πίνοντα,
3057 2670 3150 2721 καὶ
3195 2662 3464 2739 διαφανὴς
3511 2667 3699 2734 γίνεται

2155 2755 2292 2826 μετά
2333 2756 2568 2826 σπουδῆς
2606 2757 2698 2808 ἐπὶ
2748 2757 2806 2808 τὸ
2843 2757 2992 2819 ἐντὸς
3038 2757 3437 2826 εἰσελκὸμενος.
3469 2749 3540 2809 Οὗ
3573 2773 3704 2824 γενο-

2155 2846 2337 2916 μένου,
2368 2845 2613 2915 ἀπλανὴς
2646 2863 2733 2914 μοι
2763 2847 2854 2898 καὶ
2886 2847 3279 2915 ἀνεμπόδιστος
3309 2847 3522 2915 ἐγένετο
3551 2846 3707 2916 ἠόδηο

2150 2938 2241 3005 γία
2307 2939 2441 3008 πρὸς
2479 2940 2576 3007 τὴν
2618 2941 2927 3009 ἐπιστήμην
2962 2941 3067 2992 τῶν
3113 2941 3307 2993 ὄντων.
3351 2961 3368 2993 ‹
3424 2941 3486 2993 Ἦ
3527 2939 3704 3007 καρδία

2155 3045 2277 3097 μου,
2322 3051 2338 3079 ι
2386 3031 2567 3097 φησὶν,
2614 3045 2630 3079 t
2668 3027 2916 3100 ὡδήγησέ
2952 3049 3018 3099 με
3050 3033 3106 3083 ὲν
3147 3031 3344 3100 σοφία,
3389 3050 3406 3082 ι
3442 3031 3506 3084 δι’
3536 3025 3599 3101 ἧς
3624 3047 3708 3082 κα-

485 3118 819 3186 voluptatum
857 3120 1113 3187 repressi,
1145 3130 1307 3189 atque
1339 3123 1612 3176 institutio
1647 3123 1743 3176 l'uit
1774 3125 1827 3177 in
1857 3139 2045 3188 causa,

2151 3119 2458 3189 τεκράτησα
2480 3121 2577 3190 τῆς
2599 3121 3012 3182 ἐπαναστάσεως
3039 3122 3145 3174 τῶν
3170 3123 3398 3191 ἡδονῶν,
3423 3123 3514 3175 καὶ
3537 3117 3707 3189 γέγονὲ

484 3211 544 3256 ut
599 3205 937 3258 dominatum
997 3207 1048 3258 in
1109 3209 1347 3261 laetitiam
1399 3211 1721 3266 obtinerent.
1761 3212 1851 3266 Sic
1902 3217 2045 3267 enim

484 3291 743 3347 dictionis
770 3295 1015 3346 continet
1048 3299 1459 3365 consequentia.
1509 3298 1558 3351 ld
1590 3310 1768 3354 autem
1805 3300 1963 3371 cujus
1995 3303 2047 3355 in

485 3383 794 3452 cognitione
823 3385 1056 3438 maximo
1081 3387 1363 3440 tenebatur
1385 3391 1585 3453 studio,
1609 3401 1724 3445 erat
1747 3403 1803 3446 ut
1828 3394 1878 3448 in
1903 3397 2048 3449 nulla

484 3485 546 3528 re
575 3489 712 3529 vana
766 3476 875 3528 vita
915 3487 1058 3530 esset
1105 3488 1393 3547 occupata,
1452 3481 1544 3534 scd
1601 3483 1865 3538 inveniret
1917 3487 2049 3540 illud

485 3563 710 3626 bonum,
761 3564 904 3632 quod
957 3579 1079 3618 cum
1135 3567 1406 3636 quispiam
1460 3580 1544 3624 cst
1583 3584 1887 3636 assecutus,
1943 3591 2047 3630 non

485 3653 701 3708 aberrat
740 3668 770 3708 a
807 3655 1012 3723 judicio
1061 3653 1181 3726 ejus
1222 3661 1366 3728 quod
1408 3669 1490 3714 est
1513 3663 1872 3729 conducibile,
1905 3668 2049 3735 quod

484 3754 569 3798 est
615 3755 934 3814 perpetuum
987 3758 1036 3801 et
1074 3765 1182 3802 non
1235 3752 1648 3820 temporarium,
1689 3764 1742 3809 et
1791 3756 1846 3810 in
1883 3758 2047 3811 vitam

488 3835 796 3890 universam
829 3839 1156 3903 estenditur,
1199 3848 1258 3895 ut
1284 3845 1428 3912 quod
1480 3847 1544 3900 ad
1578 3847 1780 3901 bonum
1812 3849 1882 3904 sit
1927 3864 2050 3918 spes

485 3927 634 3980 omni
665 3928 834 3989 aetati.
861 3938 915 3983 et
946 3932 1132 3998 primm.
1164 3941 1217 3986 et
1249 3935 1458 3999 mediae,
1490 3945 1544 3992 et
1574 3940 1793 4001 ultimae,
1826 3950 1877 3994 et
1902 3941 2050 3995 omni

486 4028 716 4068 numero
767 4015 1002 4070 dierum.
1049 4035 1066 4066 ι
1094 4017 1329 4082 Donec,»
1370 4022 1564 4091 inquit,
1607 4026 1830 4079 «videro
1892 4028 2051 4096 quale

486 4103 557 4155 sit
579 4102 790 4157 bonum
837 4103 964 4160 ﬁliis
1004 4107 1309 4171 hominum,
1356 4112 1499 4179 quod
1534 4112 1731 4167 facient
1765 4117 1869 4169 sub
1915 4117 2046 4179 sole,

485 4208 716 4249 numero
743 4195 952 4251 dierum
985 4198 1108 4253 vita:
1139 4215 1271 4254 suae.
1297 4219 1316 4252 ι
1353 4200 1426 4254 Ea
1458 4201 1599 4256 enim
1642 4204 1694 4258 in
1724 4205 1922 4274 quibus
1957 4221 2050 4276 per

484 4299 702 4339 carnem
737 4287 975 4342 studium
1011 4293 1289 4360 ponimus,
1320 4293 1531 4348 etiamsi
1563 4297 1797 4350 maxime
1827 4313 2047 4351 sensum

486 4373 734 4431 inescant
766 4379 819 4433 in
847 4384 1155 4450 praesentia,
1185 4384 1384 4440 habent
1410 4386 1462 4439 in
1492 4397 1766 4441 momento
1787 4389 1929 4457 quod
1951 4403 2050 4442 nos

485 4465 666 4520 laetitia
719 4469 935 4524 alliciat.
976 4471 1111 4526 Nam
1164 4485 1386 4545 propter
1432 4476 1638 4529 nullum
1686 4493 1872 4531 eorum
1929 4495 2048 4548 qua:
2080 4464 2126 4522 υ

486 4559 621 4613 ﬁunt
654 4561 707 4613 in
742 4576 990 4629 corpore,
1018 4563 1142 4616 licet
1170 4574 1428 4633 perpetuo
1452 4566 1725 4634 voluptate
1752 4565 1915 4630 afﬁci,
1950 4567 2044 4621 sed

486 4650 704 4704 bibendi
738 4654 986 4721 voluptas
1011 4655 1172 4709 simul
1203 4655 1406 4710 desinit
1436 4671 1558 4709 cum
1589 4656 1857 4717 satietate.
1903 4665 1956 4710 et
1991 4657 2043 4710 in

484 4741 820 4795 comedendo
844 4744 1091 4798 similiter
1112 4745 1376 4798 saturatio
1403 4746 1700 4810 exstinguit
1725 4749 2042 4814 appetitum,

483 4841 536 4884 ct
590 4832 634 4885 si
673 4834 928 4900 quodest
980 4835 1125 4888 aliud
1162 4834 1513 4899 desiderium,
1564 4837 1614 4889 id
1663 4837 1850 4890 eodem
1886 4839 2047 4893 modo

485 4920 754 4975 ﬂaccescit
792 4936 886 4991 per
912 4923 1380 4991 participationem
1420 4926 1540 4992 ejus
1579 4924 1722 4994 quod
1752 4923 1855 4977 fuit
1903 4927 2087 4996 ὀρείας,

483 5014 756 5076 deratum,
806 5020 861 5068 et
895 5015 939 5068 si
982 5031 1172 5070 rursus
1203 5015 1497 5078 exstiterit,
1533 5031 1726 5071 rursus
1754 5016 2044 5073 ﬂaccescit.

483 5103 624 5160 Nihil
659 5113 837 5160 autem
870 5105 1034 5160 durat
1085 5107 1139 5160 in
1183 5116 1501 5176 perpetuum
1551 5123 1615 5162 ex
1659 5108 1724 5161 iis
1755 5124 1875 5174 qua:
1921 5116 2049 5163 sunt

479 5197 720 5266 jucunda
751 5200 959 5264 sensui,
995 5215 1168 5269 neque
1196 5199 1449 5254 similiter
1480 5206 1533 5254 et
1577 5199 1766 5253 eodem
1799 5200 1962 5253 modo
1991 5215 2048 5254 se

485 5288 770 5344 habet.His
785 5291 1149 5361 acceditquod
1163 5290 1398 5346 aliudest
1413 5292 1613 5345 bonum
1635 5289 2046 5351 iufantim,aliud

482 5377 883 5447 adolescentiae,
930 5383 1075 5436 aliud
1107 5381 1156 5436 ei
1188 5382 1281 5455 qui
1330 5389 1415 5438 est
1453 5381 1629 5437 aetatis
1669 5379 2046 5450 provectioris,

487 5471 626 5525 aliud
650 5473 699 5526 ei
728 5475 819 5543 qui
838 5473 1023 5529 ﬂorem
1040 5476 1214 5530 astatis
1231 5476 1429 5545 exegit,
1455 5483 1509 5530 et
1525 5474 1670 5529 aliud
1689 5473 1807 5528 seni
1830 5487 2046 5539 rursus,

483 5561 693 5631 quijam
707 5573 788 5619 est
799 5566 1110 5637 decrepitus
1124 5576 1176 5623 et
1189 5567 1347 5638 plane
1357 5564 1833 5636 silicernium.Ego
1847 5575 2046 5630 autem,

485 5653 679 5722 inquit,
721 5659 1027 5728 quaerebam
1066 5659 1268 5714 bonum
1316 5657 1472 5724 illud,
1509 5656 1655 5727 quod
1685 5663 1870 5712 estex
1895 5671 2049 5726 aequo

484 5742 684 5801 bonum
705 5750 853 5806 omni
881 5753 1026 5808 aetati
1050 5760 1104 5810 et
1131 5753 1282 5810 omni
1310 5750 1539 5820 tempori
1565 5749 1720 5816 vitae;
1749 5747 1908 5818 cujus
1939 5764 2046 5803 non

2153 3227 2242 3279 μοι
2275 3213 2306 3280 ἡ
2348 3209 2626 3275 παίδευσις
2655 3213 2802 3265 αἰτία
2836 3214 2927 3266 τοῦ
2965 3215 3241 3286 κρατῆσαι
3277 3217 3368 3268 ἐπὶ
3399 3208 3706 3284 εὐφροσύνη.

2150 3302 2302 3354 Οὕτω
2335 3304 2443 3371 γὰρ
2477 3305 2716 3375 περιέχει
2754 3307 2784 3376 ἡ
2832 3306 3120 3359 ἀκολουθία
3162 3307 3267 3377 τῆς
3307 3301 3522 3370 λέξεως.
3562 3305 3630 3356 Τὸ
3661 3302 3708 3354 δέ

2153 3407 2240 3461 μοι
2270 3393 2498 3462 μάλιστα
2529 3395 2666 3447 κατὰ
2705 3397 2802 3466 τὴν
2839 3397 3037 3464 γνῶσιν
3083 3397 3520 3466 σπουδαζόμενον
3550 3392 3632 3466 ἦν,
3661 3393 3712 3445 τὸ

2149 3483 2239 3534 ἐπὶ
2276 3485 2464 3554 μηδενὶ
2494 3479 2708 3556 ματαίῳ
2737 3486 2834 3557 τὴν
2870 3487 3012 3557 ζωὴν
3052 3487 3378 3558 ἁσχολῆσαι,
3411 3489 3523 3541 ἀλλ’
3550 3488 3712 3562 εὑρεῖν

2149 3566 2323 3628 ἐκεῖνο
2361 3573 2419 3628 τὸ
2459 3569 2690 3644 ἀγαθὸν,
2736 3569 2796 3630 οὗ
2842 3591 2924 3641 τις
2965 3579 3238 3648 ἐπιτυχὼν
3284 3582 3382 3650 οὐχ
3429 3577 3713 3649 ἁμαρτάνει

2149 3661 2249 3731 τῆς
2271 3662 2362 3716 τοῦ
2403 3663 2776 3736 συμφέροντος
2808 3667 3062 3739 κρίσεως,
3095 3668 3122 3720 ὃ
3150 3669 3379 3741 διαρκές
3409 3669 3468 3722 τέ
3496 3672 3604 3721 ἐστι
3633 3659 3715 3718 καὶ

2149 3752 2209 3808 οὐ
2245 3755 2598 3828 πρόσκαιρον,
2632 3759 2723 3810 καὶ
2756 3759 2903 3831 πάσῃ
2932 3762 2995 3832 τῇ
3031 3759 3140 3830 ζωῇ
3186 3763 3598 3830 παρατείνεται,
3633 3758 3714 3811 ἐλ-

2151 3845 2244 3908 πὶς
2278 3849 2356 3908 εἰς
2390 3846 2592 3915 ἀγαθὸν
2643 3849 2788 3920 πάσῃ
2820 3849 3006 3920 ἡλικίᾳ
3058 3851 3367 3921 γινόμενον,
3403 3851 3495 3905 καὶ
3535 3849 3715 3922 πρώτῃ

2151 3939 2244 3991 καὶ
2277 3938 2415 4009 μέσῃ
2441 3979 2454 4001 ,
2485 3940 2577 3992 καλ⁵
2601 3940 2902 4012 τελευταίᾳ,
2934 3943 3026 3994 καὶ
3059 3946 3220 3996 παντὶ
3253 3944 3333 4014 τῷ
3365 3943 3473 3997 τῶν
3501 3941 3710 4014 ἡμερῶν

2150 4029 2388 4100 ἀριθμῷ.
2430 4051 2448 4081 ι
2485 4032 2627 4095 Ἕως
2665 4025 2724 4086 οὗ
2754 4033 2861 4105 γὰρ
2893 4033 3004 4095 ῐδω,
3038 4033 3190 4104 φησὶ,
3244 4032 3404 4090 ποῖον
3445 4037 3504 4089 τὸ
3530 4033 3716 4102 ἀγαθὸν

2149 4123 2260 4183 τοῖς
2287 4122 2420 4186 υἱοῖς
2443 4123 2549 4176 τῶν
2570 4123 2664 4176 ἀνθ
2673 4125 2889 4194 ρώπων,
2917 4121 2945 4176 ὃ
2976 4127 3290 4195 ποιήσουσιν
3314 4124 3423 4180 ὑπὸ
3451 4128 3539 4179 τὸν
3559 4123 3713 4196 ἣλιον.

2151 4211 2384 4281 ἀριθμὸν
2416 4213 2638 4282 ἡμερῶν
2678 4215 2821 4283 ζωῆς
2856 4214 3052 4268 αὐτῶν.
3093 4236 3111 4268 ι
3151 4217 3233 4270 Τά
3270 4219 3383 4287 γὰρ
3416 4218 3504 4270 διὰ
3530 4215 3717 4286 σαρκὸς

2153 4301 2600 4372 σπουδαζόμενα,
2651 4305 2754 4357 κᾶν
2789 4305 2867 4357 ὅτι
2904 4305 3136 4376 μάλιστα
3175 4307 3314 4379 πρὸς
3342 4309 3405 4361 τὸ
3451 4306 3616 4377 παρὸν
3641 4304 3716 4356 δε-

2151 4393 2318 4466 λεάζη
2342 4396 2439 4465 τὴν
2473 4397 2746 4466 αἴσθησιν,
2779 4397 2836 4450 ἐν
2866 4399 3064 4470 ἀκαρεί
3081 4399 3137 4452 τὺ
3165 4401 3465 4470 εὐφραῖνον
3489 4401 3616 4469 ἔχει.
3651 4394 3714 4449 Οὐ

2153 4489 2256 4555 γὰρ
2290 4490 2433 4542 ἔστιν
2468 4491 2553 4542 ἐπ’
2602 4490 2778 4542 οὐδενὶ
2808 4490 2912 4543 τῶν
2957 4487 3012 4543 ἐν
3050 4491 3126 4561 τῷ
3159 4490 3377 4562 σώματι
3409 4491 3712 4560 γινομένων.

2151 4565 2391 4640 διαρκῶζ
2425 4574 2654 4642 ἡσθῆναι
2683 4592 2694 4604 ·
2733 4576 2845 4628 ἀλλ’
2878 4577 2909 4646 ἡ
2937 4575 3030 4628 τοῦ
3061 4578 3236 4629 πίνειν
3275 4577 3464 4647 ἡδονὴ,
3499 4589 3715 4629 συναπο-

2151 4663 2302 4732 λήγει
2369 4663 2439 4733 τῷ
2488 4665 2660 4735 κόρῳ·
2699 4668 2793 4719 καὶ
2828 4669 2919 4719 ἐπὶ
2966 4668 3058 4720 τοῦ
3108 4668 3314 4722 ἐσθίειν
3349 4671 3644 4730 ὡσαύτως,
3687 4666 3712 4733 ἡ

2153 4755 2432 4826 πλησμονὴ
2466 4755 2562 4824 τὴν
2599 4757 2775 4825 ὄρεξιν
2810 4757 3022 4822 ἔσϐεσε,
3053 4759 3145 4812 καὶ
3184 4760 3237 4811 ετ
3267 4777 3356 4823 τις
3387 4761 3520 4831 ἄλλη
3550 4757 3714 4812 ὲπιθυ-

2157 4845 2273 4914 μία,
2319 4846 2456 4898 κατά
2486 4846 2573 4898 τὸν
2607 4849 2768 4900 αὐτὸν
2797 4849 2996 4920 τρόπον
3027 4853 3092 4919 τῇ
3122 4850 3212 4902 τοῦ
3246 4849 3591 4921 ἐπιθυμητοῦ
3631 4862 3713 4917 μευ

2153 4935 2337 5008 τουσία
2372 4940 2761 5010 κατεμαράνθη
2783 4982 2797 5004 ,
2836 4940 2939 4993 κᾶν
2972 4941 3131 4994 πάλιν
3156 4943 3407 5009 γένηται,
3437 4943 3593 4996 πάλιν
3624 4955 3708 5008 μα·

2155 5029 2415 5099 ραίνεται.
2453 5031 2677 5098 Διαρκεῖ
2721 5030 2775 5082 δὲ
2817 5030 2968 5083 οὐδὲν
2998 5032 3075 5093 εἰς
3107 5032 3190 5082 ἀεὶ
3237 5032 3350 5084 τῶν
3383 5035 3449 5102 τῇ
3484 5030 3710 5097 αἰσθήσει

2151 5122 2413 5192 τερπνῶν.
2443 5122 2561 5175 οὐδὲ
2593 5123 2851 5186 ὡσαύτως
2880 5123 3011 5194 ἔχει.
3056 5127 3162 5177 Καὶ
3198 5123 3280 5177 ἔτι
3319 5125 3459 5194 πρὸς
3499 5124 3709 5180 τούτοις.

2153 5213 2278 5267 ἄλλο
2302 5216 2364 5283 τῇ
2397 5214 2678 5284 νηπιότητι
2711 5213 2926 5280 ἀγαθὸν,
2958 5216 3049 5268 καὶ
3071 5215 3256 5283 ἓτερον
3288 5220 3355 5286 τῇ
3385 5216 3486 5282 τῆς
3518 5211 3710 5282 ἡλικίας

2153 5305 2336 5372 ἀκμῇ,
2374 5307 2465 5356 καὶ
2505 5305 2632 5359 ἄλλο
2668 5305 2744 5375 τῷ
2793 5307 3248 5376 παρακμάσαντι,
3304 5309 3402 5359 καὶ
3437 5307 3618 5374 ἕτερον
3658 5298 3709 5350 τδ

2154 5395 2284 5465 παρ’
2315 5393 2546 5463 ἡλικίαν,
2577 5396 2670 5450 καὶ
2698 5397 2771 5466 τῷ
2801 5398 3013 5468 γέροντι
3039 5398 3197 5452 πάλιν
3226 5398 3381 5461 ἄλλο,
3407 5397 3484 5467 τῷ
3515 5399 3592 5458 si;
3623 5393 3707 5459 γῆν

2154 5485 2253 5555 ἤδη
2285 5485 2478 5555 ῥέοντι.
2518 5486 2661 5553 Ἐγὼ
2689 5487 2744 5540 δὲ
2767 5528 2780 5550 ,
2819 5489 3000 5558 φησιν,
3035 5487 3258 5558 ἐζήτουν
3289 5489 3471 5541 ἐκεῖνο
3503 5485 3562 5539 τὸ
3593 5484 3706 5545 ἀγα·

2155 5575 2278 5638 θὸν,
2323 5574 2350 5627 ὃ
2381 5577 2526 5647 πάσῃ
2563 5577 2745 5650 ἡλικίᾳ
2793 5580 2886 5632 καὶ
2922 5579 3080 5632 παντὶ
3114 5579 3191 5649 τῷ
3222 5579 3403 5649 χρόνῳ
3445 5577 3542 5645 τῆς
3583 5568 3708 5636 ζωῆς

2155 5664 2347 5733 ἐπίσης
2378 5665 2581 5732 ἀγαθόν
2619 5668 2766 5720 ἐστιν
2790 5687 2802 5699 ·
2833 5661 2894 5721 οὗ
2947 5668 3108 5740 κόρος
3137 5669 3232 5722 οὐκ
3269 5667 3584 5730 ὲλπίζεται,
3626 5654 3708 5711 καὶ

2158 5748 2442 5824 πλησμονὴ
2469 5754 2565 5825 οὐχ
2601 5754 2938 5827 εὑρίσκεται·
2973 5757 3109 5812 ἀλλὰ
3133 5753 3623 5828 συμπαρατείνεται
3647 5742 3706 5812 τῇ
