4018 6334
173 303 256 368 ᾶίθ
1177 293 1241 347 ΙΝ
1281 292 1676 348 ΙηκϐιΕΒΙΑδέ

1780 293 1818 347 ι.
1859 273 2139 348 uomuit
2183 287 2266 342 ιιι.
3244 291 3348 345 οιεο

173 419 426 493 μετουσίαὴ
459 415 652 486 ὄρεξις,
699 398 794 468 καὶ
838 413 1174 483 συνακμάζει
1219 416 1283 489 τῇ
1316 412 1612 466 ἀπολαύσει
1644 414 1672 464 ό

1780 420 2025 481 speratur
2049 408 2295 468 satietas,
2329 415 2381 460 et
2406 419 2511 458 non
2545 406 2820 461 invenitur
2849 405 3220 460 exsaturatio:
3252 406 3348 462 sed

171 512 311 574 πόθος,
333 509 408 562 καὶ
437 511 493 578 τῇ
521 507 615 559 τοῦ
649 505 990 576 ἐπιθυμητοῢ
1021 503 1208 576 ἡλικίᾳ
1242 505 1300 558 οὐ
1335 502 1678 575 περιγράφε-

171 619 252 655 ται.
299 600 410 652 Ἀλλ’
437 600 540 668 ὅσῳ
577 597 778 668 μᾶλλον
805 598 1046 668 ἐντρυφᾷ
1074 597 1150 666 τῷ
1185 595 1374 666 ἀγαθῷ
1393 635 1407 657 ,
1438 594 1677 665 τοσούτῳ

170 694 290 746 πλέον
333 690 649 762 ἡέπιθυμία
695 692 763 759 τῇ
808 690 987 760 τρυφῇ
1032 688 1454 750 συνεκτείνεται,
1501 687 1595 741 καί¹
1642 688 1674 756 ἡ

167 781 302 853 τρυφὴ
325 783 379 850 τῇ
410 779 667 849 ἐπιθυμίᾳ
703 777 1103 841 συνεκκαίεται,
1135 778 1228 829 καὶ
1257 775 1396 828 κατὰ
1431 776 1538 827 πᾶν
1563 774 1678 826 διά-

166 894 306 946 στημα
328 876 415 944 τῆς
439 874 579 945 ζωῆς
607 875 693 927 ἀεὶ
716 874 879 928 καλὸν
923 875 1034 937 τοῖς
1060 872 1304 944 μετιοῦσι
1322 872 1552 940 γίνεται,
1588 872 1674 924 ού⁹

164 967 229 1020 δὲν
253 967 315 1037 τῷ
339 968 540 1037 ἀστάτῳ
571 966 679 1018 τῶν
714 964 939 1035 ἡλικιῶν
967 982 1025 1019 τε
1066 965 1159 1018 καὶ
1188 963 1298 1018 τῶν
1321 963 1530 1034 χρόνων
1557 979 1677 1014 συν-

161 1057 508 1126 αλλοιούμενον,
551 1055 580 1108 ὃ
615 1056 705 1115 καὶ
767 1056 954 1125 μύοντι
990 1055 1086 1106 καὶ
1139 1053 1493 1106 ἀναϐλέποντι
1528 1093 1543 1114 ,
1587 1051 1678 1103 εύ-

159 1148 399 1218 ημεροῦντί
420 1166 474 1200 τε
508 1148 600 1200 καὶ
617 1147 972 1217 λυπουμένῳ,
1003 1144 1379 1216 νυκτερεύοντι
1413 1145 1507 1204 καὶ
1540 1146 1678 1215 ἡμε-

158 1241 349 1312 ρεύοντι,
396 1243 480 1294 καὶ
516 1241 681 1293 πᾶσιν
727 1238 1064 1303 ἁπαξαπλῶς
1105 1239 1217 1300 τοῖς
1259 1236 1398 1291 κατά
1445 1235 1535 1290 τὸν
1566 1235 1677 1305 βίον

158 1335 317 1403 ἀγαθόν
353 1336 521 1386 ἐστιν·
576 1332 681 1385 ὑπο
719 1331 828 1384 τῶν
883 1330 1286 1400 περιστατικῶς
1315 1346 1422 1381 τινι
1450 1333 1676 1398 συμπι-

159 1425 368 1488 πτόντων,
401 1421 524 1476 οὔτε
552 1440 604 1475 τι
635 1422 837 1492 χεῖρον,
865 1419 991 1473 οὔτε
1020 1437 1071 1473 τι
1095 1421 1339 1490 κρεῖττον
1363 1417 1674 1488 γενόμενον,

153 1514 248 1570 οὔτε
293 1514 688 1584 ἐλαττούμενον,
717 1511 840 1569 οὔτε
887 1511 1270 1582 αὐξανόμενον.
1319 1507 1488 1562 Τοῦτό
1537 1509 1673 1572 ἐστι,

156 1609 264 1662 κατὰ
288 1624 341 1680 γε
377 1607 460 1660 τὸν
507 1606 642 1676 ἐμὸν
689 1605 868 1674 λόγον,
898 1603 958 1657 τὸ
997 1603 1164 1665 ὄντως
1195 1600 1254 1654 ὃν
1285 1599 1508 1669 ἀγαθὸν,
1542 1599 1678 1669 ὅπερ

165 1698 264 1757 ίεείν
301 1696 594 1767 όΣολομὼν
641 1696 846 1766 ἐζήτει,
876 1695 901 1746 ὃ
930 1693 1146 1747 ἐποίουν
1173 1693 1218 1745 οἱ
1250 1691 1534 1762 ἄνθρωποι
1573 1689 1679 1742 ὑπὸ

151 1789 219 1840 τὸν
251 1789 379 1859 ἣλιον
411 1792 554 1842 κατὰ
582 1789 758 1843 πάντα
784 1787 874 1840 τὸν
900 1785 1128 1857 ἀριθμὸν
1165 1785 1268 1854 τῆς
1287 1784 1436 1852 ζωῆς
1460 1781 1638 1836 αὐτῶν
1657 1798 1672 1812 ⁸

146 1879 250 1950 ὅπερ
273 1880 408 1933 οὐδὲν
434 1881 628 1950 ἕτερον
653 1873 794 1930 εἷναί
833 1895 921 1947 μοι
963 1876 1213 1945 φαίνεται
1235 1916 1250 1939 ,
1288 1875 1320 1945 ἢ
1351 1874 1410 1927 τὸ
1452 1874 1554 1944 τῆς
1587 1875 1677 1927 πί-

150 1983 280 2029 στεως
304 1969 469 2038 ἔργον,
500 1963 572 2038 ἦς
600 1969 632 2038 ἡ
660 1967 931 2037 ἐνέργεια,
956 1965 1106 2036 κοινή
1132 1982 1190 2017 τε
1215 1964 1378 2018 πᾶσίν
1413 1963 1580 2027 ἐστιν,
1609 1964 1672 2015 ἐκ

149 2053 213 2106 τοῦ
236 2057 475 2125 ὁμοτίμου
520 2057 636 2119 τοῖς
672 2054 884 2107 θέλουσι
925 2054 1261 2124 προκειμένη
1293 2053 1389 2108 καὶ
1419 2051 1676 2111 παντοδύ-

145 2163 292 2215 νιμος,
316 2150 400 2200 καὶ
427 2147 674 2218 διαρκῶς
698 2149 763 2217 τῇ
789 2145 900 2217 ζωῇ
930 2144 1337 2216 παραμένουσα.
1363 2143 1534 2198 Τοῦτό
1558 2145 1674 2195 ἐστι

145 2237 190 2287 τὸ
225 2238 402 2306 ἀγαθὸν
433 2239 624 2309 ἔργον,
654 2237 682 2290 ὃ
725 2237 819 2289 καὶ
861 2237 918 2288 ἐν
953 2237 1083 2305 ἡμῖν
1113 2235 1341 2304 γένοιτο,
1373 2236 1430 2288 ἐν
1455 2232 1677 2305 Χριστῷ

155 2325 294 2396 Ἰησοῦ
326 2328 396 2397 τῷ
437 2328 637 2399 Κυρίῳ
667 2326 846 2397 ἡμῶν,
886 2319 930 2394 ᾧ
964 2327 998 2402 η
1031 2324 1157 2391 δόξα
1189 2326 1268 2388 είς
1308 2323 1434 2388 τοὺς
1475 2323 1677 2387 αἰῶνας

133 2413 216 2464 τῶν
241 2416 450 2472 αίώνων.
502 2418 703 2489 ’Δμήνρ

1782 501 1944 556 simul
1988 515 2111 554 cum
2144 497 2558 569 participatione
2609 496 2920 552 extenditur
2949 499 3244 566 appetitus.
3294 505 3351 548 et

1780 591 1944 646 simul
1973 605 2099 643 cum
2132 588 2409 656 voluptate
2439 601 2546 655 qua
2583 586 2786 650 finitur,
2818 587 2960 655 viget
2993 587 3346 645 desiderium.

1779 689 1831 735 et
1883 681 2002 749 ejus
2052 678 2143 748 qui
2192 676 2463 730 desiderat
2503 684 2662 729 mtate
2697 689 2804 728 non
2854 675 3346 730 circumscribitur.

1781 772 1888 826 Sed
1935 787 2046 841 quo
2084 771 2294 840 majore
2346 768 2621 836 voluptate
2677 766 2978 836 percipitur
3023 767 3246 832 bonum,
3287 784 3352 822 eo

1781 863 1952 931 magis
1980 861 2311 917 desiderium
2341 860 2505 914 simul
2540 859 2852 913 extenditur
2882 873 3004 912 cum
3036 858 3271 923 deliciis,
3300 867 3355 912 et

1779 968 1902 1007 cum
1946 953 2220 1008 desiderio
2260 951 2423 1006 simul
2461 950 2838 1006 accenduntur
2871 949 3102 1012 deliciae,
3155 958 3208 1004 et
3239 959 3353 1004 toto

1779 1045 1900 1099 vita:
1930 1053 2170 1112 tempore
2192 1058 2408 1113 semper
2444 1052 2526 1096 est
2563 1042 2764 1096 bonum
2795 1042 2860 1097 iis
2894 1041 2984 1112 qui
3019 1042 3194 1110 ipsum
3226 1057 3353 1112 per-

1779 1140 2102 1201 sequ‘untur,
2135 1137 2358 1190 minime
2386 1141 2654 1188 mutatum
2684 1150 2808 1188 cum
2839 1134 3197 1188 instabilitate
3224 1143 3356 1187 aeta-

1780 1236 1894 1281 tum
1926 1236 1981 1282 et
2005 1239 2334 1296 temporum,
2368 1225 2512 1293 quod
2535 1227 2738 1281 bonum
2777 1235 2860 1282 est
2886 1236 2939 1282 et
2961 1226 3274 1280 conniventi
3303 1237 3356 1279 ct

1780 1319 2086 1388 aSpicienti,
2129 1318 2288 1387 eique
2321 1319 2408 1371 cui
2456 1333 2543 1372 res
2597 1325 2726 1372 sunt
2760 1317 3032 1381 secundae,
3081 1327 3135 1372 et
3179 1315 3230 1369 ei
3265 1316 3354 1369 cui

1779 1409 2040 1475 adversae,
2091 1410 2251 1479 eique
2298 1408 2389 1479 qui
2431 1420 2734 1478 pernoctat,
2777 1418 2830 1465 et
2875 1409 2922 1464 ei
2971 1409 3065 1480 qui
3115 1408 3354 1463 interdiu

1780 1502 1910 1571 agit,
1944 1511 1996 1555 et
2027 1503 2304 1562 omnibus.
2356 1515 2411 1557 ιιι
2441 1504 2608 1560 semel
2638 1503 2836 1567 dicam,
2873 1505 2964 1572 qui
3007 1509 3132 1557 sunt
3167 1502 3221 1556 in
3255 1503 3357 1556 hac

1781 1593 1911 1646 vita.
1943 1591 2128 1663 Neque
2164 1597 2232 1650 ab
2263 1599 2374 1652 ullo
2396 1613 2461 1652 ex
2489 1595 2556 1649 iis
2587 1609 2708 1663 qua:
2743 1608 2865 1647 cum
2905 1593 3085 1663 aliqua
3131 1593 3354 1645 calami-

1782 1693 1889 1738 tate
1923 1685 2199 1750 accidunt,
2237 1688 2480 1746 deterius
2520 1688 2577 1741 lit
2607 1693 2701 1740 aut
2730 1686 2948 1746 melius,
2979 1699 3154 1754 neque
3184 1699 3354 1753 auge-

1780 1783 1869 1828 tur
1895 1791 1996 1830 nec
2027 1779 2312 1833 minuitur.
2351 1778 2460 1834 Hoc
2487 1787 2588 1841 est,
2615 1785 2676 1831 ut
2703 1791 2822 1831 mea
2853 1775 3073 1846 quidem
3103 1779 3205 1830 t'ert
3233 1775 3352 1844 opis-

1783 1869 1894 1932 nio,
1924 1869 2068 1938 quod
2098 1886 2223 1924 vere
2255 1879 2338 1924 est
2378 1871 2603 1930 bonum,
2645 1868 2789 1940 quod
2815 1867 3033 1938 quidem
3073 1866 3352 1937 quaerebat

1782 1956 1967 2012 videre
1992 1957 2272 2034 Solomon,
2312 1958 2457 2029 quod
2500 1958 2772 2013 faciebant
2805 1956 3051 2011 homines
3080 1957 3184 2011 sub
3214 1957 3350 2016 sole,

1777 2051 1934 2116 juxta
1982 2063 2199 2104 onmem
2231 2065 2518 2104 numerum
2559 2051 2680 2103 vitze
2731 2063 2880 2103 suae:
2939 2047 3082 2118 quod
3132 2046 3349 2116 quidem

1782 2139 1999 2194 videtur
2029 2139 2160 2195 mihi
2185 2141 2320 2196 nihil
2349 2156 2470 2196 esse
2500 2140 2646 2195 aliud
2670 2155 2833 2211 quam
2855 2155 2992 2211 opus
3016 2139 3160 2203 fidei,
3197 2140 3354 2208 cuius

1784 2229 2028 2296 operatio
2053 2239 2137 2284 est
2159 2239 2212 2285 et
2233 2231 2541 2285 communis
2571 2231 2847 2294 omnibus,
2879 2246 2943 2286 ex
2972 2245 3129 2300 reque
3158 2245 3354 2300 propo-

1783 2319 1889 2378 sita
1922 2322 2251 2385 volentibus,
2297 2330 2351 2378 et
2392 2323 2758 2394 omnipotens,
2813 2335 2868 2379 et
2905 2324 2958 2378 in
2991 2325 3100 2378 vita
3152 2324 3356 2395 jugitrr

1772 2429 2124 2487 permanens.
2149 2413 2264 2469 Hoc
2290 2421 2375 2470 est
2415 2415 2617 2469 bonum
2646 2415 2779 2470 illud
2802 2431 2962 2486 opus,
3003 2417 3150 2488 quod
3188 2416 3354 2480 etiam

133 2507 203 2562 ﬁat
233 2510 279 2561 in
324 2510 501 2574 nobis,
550 2513 606 2572 in
638 2511 861 2566 Christo
893 2507 1023 2566 Jesu
1067 2507 1302 2565 Domino
1332 2520 1546 2573 nostro,
1577 2509 1669 2565 cui
1696 2510 1872 2578 gloria
1909 2511 1960 2564 in
1989 2509 2190 2565 sarcula
2212 2509 2560 2566 saeculorum.
2592 2508 2786 2565 Amen.

700 2597 942 2650 UMIAM
995 2596 1066 2648 I".

184 2690 240 2743 Ti
265 2694 389 2761 μετά
410 2693 577 2746 τοῦτο
600 2693 747 2762 ἡμᾶς
765 2693 798 2761 ἠ
824 2689 1249 2760 ἐκκλησιαστικὴ
1277 2689 1671 2758 διδάξειφωνὴ,

133 2779 287 2849 καιρὸς
338 2781 401 2834 ἂν
466 2781 562 2851 εἴη
612 2779 1080 2850 διερευνήσασθαι.
1147 2779 1560 2850 Μεμαθήκαμεν
1615 2781 1672 2832 ἐν

2346 2597 2633 2654 ΗΟΜΕΙΑΙΑ
2691 2599 2780 2652 ΙΙΙ.

1850 2687 2120 2755 Quidnam
2164 2697 2366 2760 postea
2395 2691 2468 2746 sit
2506 2705 2606 2745 nos
2648 2690 2906 2746 edoctura
2948 2707 3052 2744 vox
3089 2690 3350 2750 ecclesia.

1779 2780 1938 2846 stica,
1970 2793 2182 2853 tempus
2215 2791 2300 2838 est
2339 2782 2696 2853 perscrutari.
2728 2780 3028 2852 Didicimus
3061 2781 3114 2845 in
3157 2783 3351 2853 primis

131 2869 328 2936 πρώτοις
361 2872 394 2925 ἃ
425 2871 858 2943 μεμαθήκαμεν,
896 2869 975 2922 ὅτι
1009 2870 1037 2922 ό
1081 2870 1260 2923 πᾶσαν
1299 2867 1673 2939 ἐκκλησιάζων

1780 2887 1840 2926 ea
1864 2887 1985 2942 qum
2009 2873 2320 2937 didicimus,
2351 2872 2498 2943 quod
2530 2874 2621 2943 qui
2653 2888 2865 2927 omnem
2894 2882 3186 2944 congregat
3207 2889 3351 2932 crea-

131 2960 206 3030 τὴν
233 2963 394 3015 κτίσιν
416 3005 431 3031 ,
468 2963 574 3017 καὶ
617 2961 685 3014 τὰ
721 2960 1036 3014 ἀπολωλότα
1074 2959 1272 3030 ζητῶν,
1319 2961 1412 3014 καὶ
1455 2959 1524 3012 τά
1577 2976 1675 3012 πε-

128 3051 408 3123 πλανημένα
443 3051 822 3124 συναθροίζων
861 3053 940 3114 εἰς
970 3051 1049 3114 ἐν,
1090 3047 1242 3116 οὗτος
1286 3051 1675 3113 ἐπισκέπτεται

128 3137 196 3187 τὸν
220 3140 446 3208 ἐπίγειον
478 3142 622 3212 βίον.
668 3141 937 3208 Ἑπίγειον
965 3140 1074 3210 γάρ
1096 3143 1211 3194 ἐστι
1241 3141 1298 3194 τι
1325 3141 1673 3211 ὑπουράνιον,

122 3228 234 3300 ὅπερ
259 3234 284 3284 ό
311 3234 464 3301 λόγος
495 3233 564 3286 τὸ
593 3232 696 3284 ὑπὸ
727 3233 818 3285 τὸν
848 3233 1076 3304 οὐρανὸν
1102 3233 1358 3302 ὀνομάζει
1377 3271 1392 3294 ,
1427 3233 1483 3285 ἐν
1577 3249 1676 3284 κα-

122 3326 412 3394 τακρατείή
454 3325 648 3394 ἀπάτη
701 3324 793 3382 καὶ
844 3324 906 3376 τὸ
945 3322 1314 3394 ἀνύπαρκτον.
1381 3325 1467 3377 Ἐν
1510 3323 1565 3384 δὲ
1607 3325 1672 3393 τῇ

118 3409 311 3484 δευτέρα
340 3416 753 3487 μεμαθήκαμεν
787 3413 1046 3487 ἐξηγήσει
1076 3415 1135 3469 τὸ
1162 3417 1228 3469 ἐκ
1257 3417 1548 3486 προσώπου
1581 3415 1675 3472 τοῦ

123 3503 432 3573 Σολομῶντος
457 3507 721 3578 γενέσθαι
743 3508 840 3581 τὴν
863 3507 1197 3580 κατηγορίαν
1223 3508 1323 3578 τῆς
1351 3508 1676 3568 ἀπολαυστι-

116 3593 198 3662 κῆς
220 3614 272 3648 τε
312 3599 406 3652 καὶ
435 3598 732 3669 ἐμπαθοῦς
758 3597 1071 3664 διαθέσεως,
1101 3597 1176 3662 ὡς
1207 3597 1272 3652 ἂν
1304 3599 1432 3669 ἡμῖν
1464 3597 1677 3662 ἀξιόπι-

121 3699 218 3747 στος
251 3688 460 3754 γένοιτο
493 3693 530 3760 ἡ
584 3689 692 3742 τῶν
744 3689 999 3745 τοιούτων
1046 3688 1336 3758 ἀθέτησις,
1389 3688 1484 3740 τοῦ
1534 3689 1675 3742 κατά

118 3779 265 3831 εἰσιν
300 3781 563 3846 ἐξουσίαν
597 3781 659 3836 τὸ
695 3781 830 3852 πρὸς
856 3773 1051 3852 ἡδονὴν
1083 3782 1163 3844 εἰς
1198 3781 1496 3834 ἀπόλαυσιν
1527 3780 1676 3850 ἔχον-

116 3884 206 3932 1'4.
242 3878 332 3927 καὶ
381 3877 575 3930 πάντα
615 3874 682 3934 τὰ
719 3873 977 3935 δοκοῦντα
1015 3873 1165 3946 παρὰ
1215 3876 1324 3938 τοῖς
1367 3873 1676 3945 ἀνθρώποις

115 3965 490 4030 σπουδάζεσθαι
550 3968 669 4021 ἀντ’
715 3966 928 4030 οὐδενὸς
967 3965 1333 4028 διαπτύοντος.
1391 3965 1456 4018 Τί
1496 3965 1677 4018 τοίνυν

113 4057 228 4106 κατὰ
259 4057 314 4108 τὸ
344 4057 652 4114 ἀκόλουθον
686 4058 776 4115 ἐπὶ
805 4056 898 4109 τοῦ
929 4055 1194 4127 παρόντος
1229 4057 1292 4116 ἐκ
1320 4055 1503 4128 τρίτου
1538 4071 1674 4124 μαν-

114 4141 346 4214 ein-15v;
390 4150 421 4202 ὂ
462 4149 687 4202 πάντων
721 4147 954 4218 μάλιστα
983 4143 1135 4218 οἶμαι
1169 4145 1500 4216 κατάλληλον
1535 4141 1674 4200 εἶναι

1781 2971 1979 3028 turam,
2027 2970 2080 3018 et
2136 2965 2332 3034 quaerit
2384 2977 2448 3018 ea
2497 2978 2617 3032 qua:
2653 2962 2947 3032 perierant,
2981 2970 3033 3017 et
3086 2963 3140 3018 in
3180 2979 3348 3018 unum

1777 3054 1923 3124 cogit
1945 3069 2007 3111 ea
2033 3071 2156 3124 qua:
2185 3055 2592 3120 aberraverant,
2623 3055 2670 3110 is
2699 3054 3012 3110 considerat
3036 3055 3199 3109 vitam
3228 3070 3352 3126 quae

1778 3153 1862 3198 est
1893 3160 2058 3214 super
2101 3153 2322 3200 terram.
2358 3145 2638 3201 Terrestrc
2673 3146 2814 3200 enim
2847 3155 2931 3200 est
2984 3146 3036 3200 id
3073 3143 3215 3216 quod
3265 3155 3352 3202 est

1779 3236 1966 3291 subter
1986 3236 2176 3303 celos,
2212 3237 2357 3308 quod
2386 3236 2606 3308 quidem
2641 3238 2728 3291 hic
2761 3237 2899 3291 liber
2936 3247 3093 3293 vocat
3122 3239 3171 3292 id
3207 3241 3350 3310 quod

1777 3333 1863 3381 est.
1891 3325 1995 3381 sub
2017 3326 2179 3390 ctelo,
2208 3327 2261 3382 in
2287 3342 2395 3397 quo
2417 3328 2731 3382 dominatur
2752 3329 3020 3398 deceptio,
3049 3338 3104 3384 et
3127 3329 3177 3384 id
3205 3329 3349 3401 quod

1777 3430 1888 3470 non
1911 3425 2090 3487 poteSt
2109 3420 2429 3475 consistere.
2463 3421 2517 3473 In
2541 3420 2882 3490 expositione
2906 3431 3086 3476 autem
3113 3421 3352 3477 secunda

1778 3506 2094 3576 didicimus,
2122 3525 2189 3565 ex
2219 3525 2454 3580 persona
2479 3511 2809 3578 Solomonis,
2841 3523 3154 3568 accusatum
3183 3512 3354 3569 fuisse

1779 3598 1904 3653 vitae
1959 3599 2294 3667 institutum,
2344 3601 2487 3671 quod
2546 3616 2605 3656 se
2653 3601 2800 3655 dedit
2850 3602 3242 3674 voluptatibus,
3297 3611 3353 3656 rt

1779 3689 1946 3742 animi
1990 3688 2516 3759 perturbationibus,
2573 3698 2632 3743 ut
2675 3706 2770 3746 eas
2810 3705 2933 3746 esse
2979 3689 3352 3760 aspernandas

1778 3777 1998 3834 facilius
2049 3779 2207 3835 nobis
2257 3780 2732 3850 pel-suaderemus,
2787 3781 2932 3851 quod
2982 3781 3076 3852 qui
3134 3780 3349 3837 fruendi

1778 3869 2149 3940 voluptatibus
2165 3886 2436 3926 summam
2459 3870 2709 3927 habuerit
2728 3880 3072 3942 potestatem,
3093 3886 3349 3945 tanquam

1779 3961 1936 4017 nihili
1963 3967 2234 4032 respuerit
2261 3965 2445 4018 omnia
2476 3979 2597 4035 qua:
2625 3966 2934 4021 vehementi
2966 3968 3149 4022 studio
3178 3969 3353 4023 homi-

1781 4069 1878 4109 nes
1911 4063 2332 4124 persequuntur.
2363 4055 2504 4121 Quid
2528 4071 2659 4126 ergo
2689 4055 2948 4125 deinceps
2977 4056 3029 4110 in
3060 4057 3350 4126 prmsentia

1782 4145 1943 4200 tertio
1990 4147 2111 4202 loco
2148 4148 2452 4202 discimus?
2486 4147 2541 4201 Id
2575 4147 2721 4218 quod
2778 4148 3012 4202 maxime
3061 4149 3353 4204 convenire

108 4235 201 4296 ti;
232 4237 666 4314 ἐκκλησιάζουσι
711 4237 971 4308 μάθημα,
999 4236 1143 4304 λέγω
1184 4237 1243 4297 δὲ
1274 4236 1375 4306 τὴν
1404 4236 1532 4307 περὶ⁹
1568 4235 1676 4289 τῶν

1781 4237 2018 4298 arbitror
2049 4248 2107 4292 ut
2132 4230 2374 4293 discatur
2405 4239 2472 4292 ab
2505 4239 2570 4292 iis
2602 4239 2693 4307 qui
2720 4239 3050 4294 conveniunt
3083 4239 3136 4292 in
3167 4239 3352 4296 Eccle-

109 4321 175 4392 μὴ
201 4328 333 4380 κατᾶ
364 4329 532 4400 λόγον
563 4328 944 4399 γεγενημένων
980 4327 1364 4397 ἐξομολόγησιν
1386 4369 1401 4392 ,
1429 4328 1462 4395 ἢ
1491 4327 1552 4380 τὸ
1580 4327 1676 4397 τῆς

108 4419 348 4488 αξτχύνης
394 4422 631 4491 ἐμποιεῖ
657 4423 720 4491 τῇ
765 4420 910 4490 ψυχῇ
950 4420 1141 4485 πάθος,
1174 4420 1263 4475 διὰ
1289 4421 1389 4489 τῆς
1414 4420 1523 4473 τῶν
1554 4421 1678 4473 ἀτό-

107 4525 207 4558 πων
235 4511 676 4583 ἐξαγορεύσεως.
714 4511 896 4565 Ἐοικε
927 4512 1034 4580 γὰρ
1074 4511 1216 4581 μέγα
1241 4529 1292 4565 τι
1324 4511 1416 4564 καὶ
1463 4511 1678 4582 ἰσχυρὸν

102 4597 221 4664 πρὸς
261 4602 362 4671 τὴν
398 4603 509 4671 τῆς
557 4600 832 4671 ἁμαρτίας
864 4601 1184 4671 ἀποφυγὴν,
1215 4601 1378 4655 ὅπλον
1427 4596 1598 4660 εἶναι,
1644 4602 1676 4670 ἡ

103 4687 499 4762 ἑυαποκειμένη
533 4695 646 4755 τοῖς
675 4689 980 4761 ἀνθρώποις
1017 4691 1200 4756 αἰδὼς,
1241 4695 1321 4755 είς
1358 4691 1488 4745 αὐτὸ
1523 4691 1679 4745 τοῦτο

97 4773 138 4812 ,τ
279 4800 322 4812 .-
416 4783 427 4796 ·
555 4781 578 4792 δ
676 4800 696 4812 ρ
738 4782 761 4793 ”
997 4785 1017 4798 ·
1167 4781 1178 4799 ‘
1445 4785 1466 4798 '

102 4798 234 4846 ..μαι
287 4800 444 4852 ..αρα
488 4801 583 4835 του
629 4782 764 4836 Θιου
815 4782 1118 4844 ἐντεθεισα,
1151 4800 1225 4845 ως
1258 4782 1322 4836 ἂν
1364 4785 1496 4852 ήμιν
1541 4784 1679 4835 ἀπο-

103 4871 294 4940 πῳφὴ
341 4873 459 4929 τῶν
507 4874 765 4944 χειρόνων
813 4875 845 4944 ἡ
879 4873 1102 4942 τοιαύτη
1135 4873 1236 4942 τῆς
1263 4873 1438 4944 ψυχῆς
1473 4873 1680 4941 γένοιτο

94 4960 340 5026 διάθεσις.
380 4965 680 5032 Συγγενῶς
712 4965 766 5018 δὲ
797 4964 910 5036 ἔχει
942 4964 1080 5034 πρὸς
1109 4963 1311 5034 ἄλληλα
1346 4965 1438 5017 καὶ
1464 4965 1679 5027 οἰκείως

97 5049 200 5101 τἰτε
229 5053 375 5105 κατά
411 5054 525 5120 τὴν
562 5053 691 5106 αἰδῶ
719 5054 814 5110 καὶ
847 5053 908 5105 τὸ
942 5053 1060 5107 κατ’
1095 5051 1356 5123 αἰσχύνην
1393 5052 1584 5115 πάθος,
1611 5053 1677 5106 δι’

91 5128 154 5189 ὧν
177 5143 530 5213 ἀμφοτέρων
554 5143 585 5213 ἡ
609 5143 852 5213 ἁμαρτία
886 5141 1174 5205 κωλύεται,
1205 5142 1362 5212 εἴπερ
1392 5141 1564 5195 ἐθέλοι
1598 5158 1679 5204 τις

97 5233 218 5297 :pb;
243 5233 416 5285 τοῦτο
456 5234 768 5304 χρήσασθαι
795 5237 861 5304 τῇ
894 5233 1118 5304 τοιαύτῃ
1156 5233 1257 5302 τῆς
1283 5233 1462 5302 ψυχῆς
1500 5232 1680 5286 διαθέ-

99 5337 180 5376 ῖει.
221 5324 460 5380 Μᾶλλον
492 5324 598 5394 γὰρ
637 5325 729 5378 τοῦ
766 5325 931 5394 φόϐου
974 5324 1234 5387 πολλάκις
1274 5325 1306 5394 ἡ
1351 5323 1513 5387 αίδὼς
1549 5326 1680 5395 πρὸς

202 5417 522 5486 ἀποφυγὴν
547 5418 649 5469 τῶν
676 5418 896 5472 ἀτόπων
923 5415 1390 5486 ἐπαιδαγὼγησεν·
1420 5415 1557 5476 ἀλλὰ
1587 5418 1680 5468 καὶ

99 5503 119 5570 ἦ
151 5508 392 5578 atq-3w;
446 5507 887 5561 ἐπακολουθοῦσα
917 5510 1029 5572 τοῖς
1082 5508 1323 5577 ἐλέγχοις
1364 5507 1455 5561 τοῦ
1493 5507 1672 5577 πλημο

97 5597 412 5669 μεὶήματος
435 5638 452 5660 ,
490 5601 642 5669 ἱκανὴ
675 5600 741 5652 δι’
768 5600 968 5667 ἑαυτῆς
999 5601 1326 5669 σωφρονίσαι
1366 5601 1457 5653 τὸν
1497 5601 1676 5670 ἁμαρ-

99 5690 320 5747 τὲνοντα
358 5690 519 5764 πρὸς
542 5690 596 5741 τὸ
625 5693 700 5762 μὴ
744 5691 902 5744 πάλιν
945 5693 1004 5740 ἐν
1031 5693 1138 5753 τοῖς
1180 5693 1384 5764 ὁμοίοις
1404 5689 1676 5760 γενέσθαι.

99 5778 192 5832 Κ.ιῖ
233 5783 414 5836 ἔπιν.
463 5780 548 5841 ὡς
583 5780 644 5832 ἄν
674 5799 754 5844 τις
779 5782 887 5850 ὅρῳ
920 5780 1017 5848 τὴν
1055 5780 1308 5860 διαφορὰν
1340 5781 1521 5841 αὐτῶν
1551 5780 1681 5832 ὑπο-

415 5873 512 5934 Ps
533 5889 697 5934 ιιιυι..
723 5876 838 5935 Gn.
879 5875 1094 5940 XLIV.

1779 4333 1884 4394 sia,
1915 4332 2106 4387 dicens
2131 4331 2530 4387 confessionem
2557 4332 2625 4386 de
2655 4333 2742 4394 iis,
2769 4347 2892 4402 qua:
2921 4347 3027 4385 non
3054 4333 3193 4385 facta
3224 4343 3352 4388 sunt

1781 4420 2170 4474 convenienter
2193 4419 2411 4478 rationi,
2435 4434 2555 4487 qua:
2585 4419 2866 4488 ingenerat
2883 4421 3077 4474 animae
3107 4419 3352 4474 affectio-

1780 4523 1904 4562 nem
1953 4510 2196 4577 pudoris,
2245 4523 2339 4576 per
2375 4508 2805 4561 enuntiationem
2849 4523 3036 4564 eorum
3070 4525 3191 4579 qua:
3225 4521 3354 4564 sunt

1781 4599 2042 4654 absurda.
2079 4597 2308 4652 Videtur
2341 4599 2484 4653 enim
2518 4599 2694 4669 pudor
2722 4615 2843 4656 esse
2869 4601 3044 4654 valida
3079 4610 3131 4656 et
3161 4610 3354 4672 potens

1781 4696 2058 4741 armatura
2092 4688 2158 4741 ad
2191 4687 2496 4758 effugienda
2527 4697 2770 4758 peccata,
2821 4690 2995 4760 pudor
3022 4692 3112 4758 qui
3143 4701 3226 4748 est
3268 4693 3353 4746 in-

1782 4781 1923 4835 situs
1955 4780 2009 4834 in
2043 4779 2388 4844 hominibus;
2439 4781 2532 4850 qui
2571 4781 2714 4846 ideo,
2750 4790 2808 4835 ut
2834 4791 2987 4852 puto,
3017 4791 3101 4838 est
3133 4782 3292 4839 nobis
3322 4801 3353 4839 a

1785 4871 1892 4925 Deo
1927 4871 2152 4932 inditus,
2201 4879 2259 4922 ιιι
2288 4871 2556 4939 ejusmodi
2607 4873 2774 4926 animi
2819 4875 3034 4929 aﬂ'cctio
3067 4876 3140 4929 sit
3191 4876 3355 4930 nobis

1783 4965 1997 5018 aversio
2029 4979 2058 5016 a
2093 4964 2482 5018 deterioribus.
2540 4967 2688 5018 Inter
2730 4982 2790 5021 se
2841 4975 3021 5021 autem
3063 4969 3353 5036 cognatio-

1782 5074 1906 5112 nem
1955 5058 2246 5127 quamdam
2278 5067 2333 5113 et
2364 5060 2800 5116 convenientiam
2833 5061 3036 5115 habent
3083 5063 3263 5132 pudor
3300 5074 3354 5118 et

1783 5149 2000 5205 affectio
2024 5165 2144 5218 qua:
2168 5166 2232 5204 ex
2267 5149 2597 5205 verecundia
2632 5152 2898 5216 oboritur,
2933 5167 3029 5222 per
3057 5167 3179 5221 quae
3207 5161 3356 5207 utra-

1781 5255 1890 5308 que
1922 5238 2242 5307 prohibetur
2289 5251 2593 5307 peccatum,
2630 5243 2674 5294 si
2711 5241 2834 5309 quis
2869 5243 2997 5295 velit
3035 5242 3100 5294 ad
3132 5243 3234 5296 hoc
3275 5244 3352 5296 uti

1785 5329 1876 5381 tali
1906 5329 2100 5382 animae
2129 5328 2433 5384 affectione.
2472 5328 2654 5383 Pudor
2682 5331 2826 5384 enim
2881 5333 3056 5403 magis
3089 5333 3354 5402 quam‘ti-

1783 5432 1901 5472 mor
1939 5433 2082 5487 saepe
2110 5417 2292 5472 erudit
2317 5419 2384 5473 ad
2417 5435 2579 5488 prava
2612 5421 2890 5491 fugienda.
2947 5422 3052 5476 Sed
3080 5431 3135 5476 et
3176 5421 3356 5490 pudor

1783 5523 2020 5576 sequens
2050 5507 2230 5561 delicti
2271 5509 2770 5576 reprehensionem,
2823 5527 2919 5580 per
2951 5528 3009 5566 se
3052 5510 3250 5566 sunicit
3283 5507 3352 5564 ad

1783 5598 2162 5666 castigandum
2194 5615 2317 5652 cum
2353 5601 2444 5669 qui
2485 5611 2694 5671 peccat.
2736 5617 2804 5654 ne
2844 5594 3040 5659 rursus
3073 5603 3125 5656 in
3153 5600 3356 5656 similia

1778 5693 2005 5748 incidat.
2050 5689 2145 5748 Est
2188 5699 2390 5748 autem.
2437 5704 2494 5749 ut
2528 5711 2717 5750 eorum
2767 5694 3130 5749 differentiam
3159 5692 3357 5746 delini-

1778 5785 1925 5838 tione
1949 5783 2224 5838 describat
2250 5781 2544 5850 quispiam,
2569 5779 2899 5835 verecundia
2925 5778 3138 5851 quidem
3164 5778 3348 5834 inten—

2949 5880 3021 5938 5'21
