4018 6334
606 363 708 416 ‘Gfil

625 507 722 547 sus
740 490 936 560 pudor,
968 494 1158 543 contra
1180 494 1360 544 autem
1391 488 1566 559 pudor
1589 487 1816 543 remissa
1839 485 2189 540 verecundia.

622 581 949 637 Ostenditur
989 587 1172 636 autem
1223 595 1322 650 per
1353 581 1594 634 colorem
1644 579 1737 649 qui
1788 586 1873 634 est
1915 579 1968 630 in
2009 578 2188 643 vultu,

621 673 794 727 animi
836 679 1082 727 motuum
1119 671 1425 726 differentia
1456 679 1511 725 et
1540 671 1878 726 communio.
1923 668 2064 722 Nam,
2088 684 2191 740 pu-

626 760 728 815 dor
744 760 963 830 quidem
1001 760 1198 814 rubore
1229 767 1442 812 tantum
1479 757 1840 828 significatur,
1872 756 2035 812 simul
2069 771 2192 810 cum

627 852 807 906 anima
837 847 1029 904 aﬁ‘ecto
1056 850 1220 902 etiam
1251 861 1480 916 corpore
1531 845 1769 900 naturali
1797 843 2030 915 quadam
2064 841 2194 897 affe-

626 942 830 1003 ctione,
883 957 1006 994 cum
1041 939 1196 993 calor
1233 937 1333 1006 qui
1367 945 1452 992 est
1489 936 1638 990 circa
1688 950 1783 991 cor
1823 935 2096 990 ebullierit
2125 933 2193 988 ad

629 1034 811 1088 vultus
845 1030 1206 1101 superficiem.
1235 1027 1338 1095 Qui
1359 1037 1446 1084 est
1468 1038 1650 1083 autem
1678 1026 1906 1083 affectus
1930 1041 2194 1082 verecun-

628 1126 718 1180 dia
757 1133 976 1196 prepter
1021 1123 1206 1178 delicti
1238 1121 1758 1185 manifestationem,
1816 1121 1875 1175 fit
1904 1120 2104 1175 lividus
2141 1127 2196 1174 et

629 1216 920 1280 subruber,
976 1215 1122 1285 quod
1179 1221 1358 1270 metus
1422 1213 1582 1268 bilem
1633 1215 1835 1268 rubore
1889 1211 2190 1266 miscuerit.

630 1307 909 1378 Ejusmodi
942 1322 1073 1376 ergo
1096 1303 1312 1360 aﬂ‘ectio
1339 1303 1620 1360 suffecerit
1650 1303 1738 1368 iis,
1775 1303 1867 1373 qui
1895 1303 2073 1360 scelus
2093 1300 2194 1353 ali-

629 1399 774 1470 quod
809 1399 962 1470 prius
993 1397 1351 1461 admiserunt,
1400 1409 1468 1450 ne
1517 1395 1569 1449 in
1608 1394 1791 1465 aliquo
1825 1393 2060 1464 amplius
2112 1391 2195 1444 la-

630 1492 832 1546 bantur
853 1505 918 1544 ex
955 1489 1020 1544 iis
1049 1489 1117 1543 de
1150 1487 1349 1558 quibus
1377 1486 1544 1558 pudet
1571 1500 1667 1541 eos
1700 1485 1868 1539 fuisse
1890 1484 2192 1538 convictos.

633 1579 690 1635 Si
729 1581 841 1634 haec
867 1588 1047 1633 autem
1082 1578 1153 1632 ita
1183 1591 1241 1632 se
1267 1576 1487 1640 habent,
1531 1584 1585 1629 et
1621 1588 1740 1628 eam
1769 1587 1930 1643 quam
1965 1586 2063 1641 par
2096 1571 2195 1624 fuit

1827 355 1886 408 S.
1925 351 2250 411 GREGORH
2290 351 2586 410 NYSSENI

3693 381 3775 435 659

2298 491 2580 563 γράψειεν,
2623 492 2851 564 αἰσχύνη
2884 491 2980 564 μὲν
3023 495 3375 567 ὲπιτεταμένη
3396 497 3564 562 αἰδώς·
3593 502 3723 566 αἰδὼς
3743 507 3786 558 σε

2297 585 2359 637 τὸ
2399 583 2635 655 ἔμπαλιν
2669 585 2931 656 ὑφειμένη
2981 585 3229 655 αἰσχύνη.
3263 588 3526 643 Δείκνυται
3553 589 3702 644 δὲκαὶ
3729 592 3788 661 τῷ

2299 674 2442 730 κατὰ
2475 676 2768 747 πρόσωπον
2801 676 3051 747 χρώματι
3080 677 3112 746 ἡ
3136 677 3238 732 τῶν
3258 677 3430 732 παθῶν
3445 680 3721 754 διαφορὰία)
3744 706 3790 740 τε

2299 767 2393 820 καὶ
2430 767 2703 821 κοινωνία.
2749 768 2815 820 Ἢ
2865 767 2963 838 μὲν
3008 767 3116 839 γὰρ
3167 767 3326 831 αἰδὼς
3364 769 3636 841 ἐρυθήματι
3679 776 3793 844 μόνῳ

2299 847 2738 931 ἐπισημαίνεται,
2777 861 3156 930 συμπαθόντος
3193 878 3306 923 πως
3331 864 3394 931 τῇ
3435 861 3564 933 ψυχῇ
3597 864 3677 918 τοῦ
3712 866 3794 918 σώ-

2303 965 2472 1020 ματος
2496 950 2636 1004 κατᾶ
2664 967 2784 1002 τινα
2812 951 3047 1020 φυσικὴν
3075 950 3329 1013 διάθεσιν,
3361 953 3448 1004 καὶ
3470 952 3554 1005 τοῦ
3581 970 3796 1024 περικαρ·

2302 1039 2416 1094 δίου
2452 1041 2655 1112 θερμοῦ
2689 1041 2824 1113 πρὸς
2853 1042 2952 1112 τὴν
2993 1042 3306 1110 ἐπιφάνειαν
3333 1043 3425 1112 τῆς
3461 1041 3614 1111 ὅψεως
3642 1044 3798 1106 ἀναζέ-

2301 1149 2493 1196 σαντος
2515 1149 2530 1163 ο
2566 1135 2595 1186 6
2618 1133 2675 1187 δὲ
2700 1132 3008 1202 αἰσχυνθεὶς
3035 1135 3127 1186 ὲπί
3153 1135 3217 1204 τῇ
3250 1133 3535 1204 φανερώσει
3554 1134 3635 1188 τοῦ
3657 1135 3800 1207 πλημ-

2303 1224 2611 1295 μελήματος
2645 1224 2888 1287 πελιδνὸς
2921 1225 3128 1292 γίνεται
3158 1225 3252 1277 καὶ
3295 1224 3599 1296 ὑπέρυθρος,
3623 1225 3702 1278 τοῦ
3726 1229 3798 1295 c6-

2301 1312 2395 1367 6ου
2417 1313 2514 1385 τὴν
2533 1313 2696 1384 χολὴν
2715 1312 2793 1385 τῷ
2810 1314 3113 1386 ἐρυθήματι
3134 1315 3401 1384 μίξαντος.
3423 1315 3492 1368 Τὸ
3505 1311 3588 1369 οὖν
3606 1316 3801 1370 τοιοῦτον

2301 1405 2492 1469 πάθος,
2536 1405 2717 1460 ἰκανὸν
2765 1405 2830 1459 ἂν
2868 1406 3078 1474 γένοιτο
3107 1409 3218 1470 τοῖς
3266 1405 3686 1478 προειλημμένοις
3717 1409 3799 1460 τινὶ

2299 1497 2407 1550 τῶν
2440 1496 2654 1566 ἀτόπων
2698 1499 2778 1559 εἰς
2813 1495 2875 1548 τὸ
2911 1496 3104 1567 μηκέτι
3140 1497 3196 1551 ὲν
3231 1495 3432 1560 τούτοις
3474 1497 3713 1564 γενέσθαι,
3743 1493 3801 1550 ὧν

2303 1587 2370 1641 ἂν
2399 1588 2487 1641 τὸν
2528 1589 2745 1660 ἔλεγχον
2776 1590 2831 1643 ὲν
2861 1588 3091 1661 αἰσχύνῃ
3119 1589 3462 1660 ποιήσωνται.
3497 1589 3552 1642 Εἰ
3587 1588 3642 1659 δὴ
3667 1589 3800 1641 ταῦτα

633 1669 976 1726 ιιίῐεςιίοιιειιι
1006 1669 1229 1723 verbum
1261 1665 1521 1736 conjecit,
1573 1674 1632 1719 ut
1666 1672 1791 1735 pote
1821 1663 1966 1734 quod
2003 1663 2070 1717 ad
2105 1676 2198 1716 ca-

2314 1678 2472 1741 )ὔτως
2498 1679 2630 1749 ἔχοι,
2659 1681 2751 1732 καὶ
2775 1679 2982 1743 δέοντος
3013 1682 3041 1732 6
3069 1679 3226 1747 λόγος
3254 1677 3345 1732 τοῦ
3377 1679 3566 1742 πάθους
3588 1695 3799 1731 uatem-

633 1761 805 1817 venda
831 1769 1047 1830 peccata
1079 1766 1272 1812 natura
1302 1758 1373 1812 sit
1407 1754 1649 1826 ingenita
1669 1753 1936 1825 ejusmodi
1959 1752 2194 1820 affectio,

634 1851 926 1907 honestum
959 1856 1036 1904 est
1085 1848 1398 1904 existimare
1451 1859 1574 1902 esse
1625 1845 1906 1916 proprium
1943 1843 2200 1899 Ecclesiae

632 1941 1042 2006 documentum,
1090 1953 1150 1994 se
1187 1954 1281 2008 per
1330 1945 1684 2008 peccaturum
1711 1935 2113 1991 confessionem
2145 1943 2201 1989 et

632 2034 1061 2089 enuntiationem
1090 2041 1235 2085 recte
1252 2045 1461 2100 gerere.
1484 2028 1588 2085 Per
1607 2029 1712 2083 hoc
1730 2027 1874 2083 enim
1899 2027 2023 2082 licet
2043 2041 2196 2082 suam

634 2126 869 2178 animam
909 2137 1123 2176 armare
1149 2121 1317 2176 armis
1355 2118 1600 2190 pudoris.
1630 2118 1750 2186 Quo
1779 2118 1942 2174 modo
1967 2119 2112 2172 enim
2151 2117 2197 2172 si

633 2219 760 2290 quis
787 2216 857 2271 ob
882 2213 1292 2270 immoderatam
1322 2213 1618 2283 ingluviem
1643 2212 1907 2282 quosdam
1939 2213 2199 2269 humores

629 2315 900 2365 concoctu
935 2305 1187 2362 difficiles
1225 2307 1279 2360 in
1318 2320 1377 2360 se
1413 2304 1716 2374 collegerit,
1748 2313 1804 2358 et
1835 2304 2029 2360 deinde
2074 2319 2200 2360 cum

635 2399 1064 2458 inflammatione
1107 2397 1397 2460 laboraret,
1445 2411 1646 2466 corpus
1697 2396 1937 2451 sectione
1974 2404 2028 2452 et
2066 2412 2200 2452 cau-

635 2494 776 2546 terio
805 2498 1052 2545 curatum
1085 2487 1266 2554 fuerit,
1299 2487 1549 2542 morbum
1587 2487 1756 2542 veluti
1777 2489 2067 2558 quemdam
2096 2503 2202 2558 pa:-

633 2583 905 2655 dagogum
958 2580 1120 2634 habet
1157 2578 1222 2634 ad
1253 2579 1549 2634 cavendam
1584 2578 1640 2632 in
1693 2586 1968 2644 posterum
2007 2579 2202 2634 intem-

549 2702 554 2708 -
637 2675 957 2747 pi-rantiam,
992 2681 1049 2724 ut
1070 2673 1161 2741 qui
1185 2670 1415 2728 cauterii
1445 2670 1758 2725 cicatricem
1784 2671 1966 2726 videat
1996 2673 2050 2726 in
2081 2686 2203 2724 cor-

636 2779 788 2834 pore.
813 2761 888 2816 lla
912 2763 1003 2831 qui
1028 2775 1123 2831 per
1143 2761 1481 2814 occultorum
1505 2760 1934 2815 enuntiationem
1962 2761 2200 2830 seipsum

636 2854 803 2910 veluti
841 2851 1196 2923 prosepserit,
1230 2850 1549 2906 memoriam
1591 2850 1842 2914 affectus,
1866 2866 2027 2921 quem
2059 2866 2205 2906 vere-

2300 1772 2536 1842 χάσατο,
2583 1770 2659 1832 ὡς
2698 1769 2790 1822 ἐπὶ
2828 1768 3038 1840 φυλακῇ
3091 1768 3197 1822 τῶν
3243 1768 3692 1839 πλημμελημάτων
3727 1768 3801 1836 τῆς

2301 1861 2551 1930 τοιαύτης
2595 1857 2885 1921 διαθέσεως
2939 1857 3296 1929 ἐγγινομένης
3345 1859 3410 1928 τῇ
3457 1856 3634 1924 φύσει,
3674 1855 3802 1907 καλὸν

2301 1952 2447 2003 ἐστιν
2491 1950 2618 2002 ἴδιον
2655 1948 2882 2020 μάθημα
2929 1949 3027 2019 τῆς
3081 1948 3404 2019 Ἐκκλησίας
3438 1946 3712 2018 ἡγήσασθαι
3759 1947 3804 1998 τὸ

2299 2040 2388 2094 διὰ
2415 2041 2512 2111 τῆς
2536 2038 2940 2111 ὲξαγορεύσεως
2963 2038 3071 2092 τῶν
3093 2037 3624 2109 πεπλημμελημένων
3647 2035 3803 2106 κατόρ-

2301 2131 2490 2203 θωμα’
2547 2131 2662 2184 ἔστι
2702 2132 2811 2203 γὰρ
2853 2129 2940 2185 διὰ
2981 2131 3170 2196 τοῦτο,
3207 2133 3307 2202 τὴν
3339 2129 3524 2184 ἑαυτοῦ
3559 2128 3712 2199 ψυχὴν
3748 2127 3804 2196 τῷ

2300 2224 2400 2299 τῆς
2446 2222 2706 2294 αἰσχύνης
2742 2222 2892 2293 ὅπλῳ
2938 2223 3458 2292 κατασφαλίσασθαι.
3509 2223 3696 2292 Ὥσπερ
3725 2221 3806 2288 γὰρ

2303 2315 2357 2368 εῐ
2380 2333 2464 2380 τις
2490 2319 2553 2370 ὲκ
2581 2316 2916 2386 λαιμαργίας
2951 2315 3190 2386 ἀμέτρου
3223 2316 3558 2378 δυσπέπτους
3581 2315 3710 2375 τινὰς
3735 2330 3807 2380 χυ-

2305 2409 2439 2478 μοὺς
2475 2409 2531 2461 ὲν
2567 2407 2715 2478 αὑτῷ
2746 2406 3056 2479 συναγάγῃ,
3088 2401 3206 2459 εἶτα
3252 2409 3309 2460 ὲν
3335 2407 3595 2477 φλεγμονῇ
3626 2401 3806 2472 γενομέ.

2302 2515 2394 2553 νου
2439 2497 2532 2552 τοῦ
2582 2497 2835 2569 σώματος
2880 2502 3025 2571 τομῇ
3057 2500 3151 2553 καί
3190 2499 3459 2570 καυστῆρι
3511 2495 3810 2568 θεραπευθεὶς

2300 2591 2400 2661 τὴν
2437 2590 2608 2658 νόσον,
2639 2591 2889 2663 καθάπερ
2923 2591 3046 2646 τινὰ
3078 2591 3421 2662 παιδαγωγὸν
3448 2590 3573 2660 πρὸς
3596 2588 3680 2659 τὴν
3707 2589 3809 2640 ἀτα-

2305 2679 2422 2744 ξίαν
2452 2679 2563 2750 ἔχοι
2590 2679 2682 2733 τοῦ
2710 2681 2904 2750 ἐφεξῆς
2939 2680 3053 2750 βίου
3073 2723 3087 2747 ,
3116 2681 3217 2752 τὴν
3262 2681 3420 2754 οὐλὴν
3445 2681 3532 2734 τοῦ
3561 2678 3812 2747 καυστῆρος

2304 2771 2396 2823 ἐπὶ
2433 2768 2526 2822 τοῦ
2558 2769 2804 2841 σώματος
2837 2771 3066 2841 βλέπων·
3107 2772 3283 2836 οὕτως
3311 2775 3339 2826 6
3362 2771 3682 2845 στηλιτεύσας
3701 2769 3811 2841 tau.

2303 2859 2394 2913 τὸν
2415 2858 2502 2914 διὰ
2527 2859 2628 2930 τῆς
2649 2861 2755 2913 τῶν
2785 2861 3026 2932 κρυφίων
3058 2861 3492 2932 ὲξαγορεύσεως,
3518 2863 3609 2930 τὴν
3637 2860 3812 2930 μνήμην

643 2944 836 3000 cundia
877 2942 1066 3006 movit,
1103 2941 1267 2997 habet
1300 2956 1398 3010 pro
1427 2941 1722 3012 padagogo
1760 2941 1829 2997 ad
1858 2942 2020 2996 vitam
2048 2941 2202 2997 dei--

2314 2947 2399 3001 τοῦ
2433 2947 2552 3002 κατ’
2587 2948 2846 3020 αἰσχύνην
2885 2950 3088 3015 πάθους
3122 2952 3262 3026 πρὸς
3297 2951 3387 3006 τὸν
3433 2953 3548 3022 ἑξῆς
3588 2950 3812 3017 παιδαγωο

639 3051 765 3106 ccps
797 3034 1077 3106 agendam.

714 3125 836 3179 Haec
869 3134 997 3177 sunt
1028 3137 1150 3193 quae
1171 3122 1336 3178 discit
1361 3120 1604 3178 Ecclesia
1623 3135 1732 3190 per.
1752 3119 1894 3174 hanc
1920 3132 2042 3189 quae
2078 3132 2224 3174 nunc

651 3214 792 3269 facta
816 3224 898 3268 est
925 3213 1239 3277 lectionem,
1263 3225 1452 3267 eorum
1478 3225 1601 3281 qua:
1631 3211 1839 3280 scripta
1873 3222 2002 3266 sunt
2028 3209 2084 3263 in
2115 3209 2224 3264 Ec-

642 3305 915 3358 clesiaste.
951 3303 1092 3356 Dicit
1132 3303 1278 3357 enim
1307 3301 1477 3360 libera
1510 3316 1662 3366 voce,
1693 3302 1824 3357 illud
1868 3301 1923 3356 in
1949 3301 2226 3372 publicum

647 3393 956 3461 proferens.
982 3402 1036 3446 et
1067 3392 1122 3446 in
1145 3391 1390 3446 omnium
1423 3393 1702 3448 hominum
1727 3397 2024 3461 conspectu
2058 3390 2225 3445 veluti

642 3483 960 3553 quamdam,
998 3484 1183 3554 inqua
1223 3483 1489 3554 scriptum
1522 3491 1608 3538 est
1647 3482 1876 3554 aliquid,
1904 3483 2220 3537 columnam

645 3581 898 3630 statuens
927 3589 1116 3629 eorum
1143 3590 1265 3644 quae
1301 3575 1372 3631 ab
1404 3576 1524 3646 ipso
1561 3574 1707 3630 facta
1729 3562 1866 3630 lsunt
1893 3573 2227 3630 enuntiatio-

649 3683 796 3731 nem,
823 3683 947 3738 quz
969 3667 1239 3737 ejusmodi
1259 3675 1409 3735 sunt,
1437 3675 1496 3722 ut
1512 3683 1576 3723 ea
1596 3668 1808 3724 nescire
1825 3675 1879 3722 et
1903 3667 2122 3723 silentio
2145 3676 2228 3722 te-

646 3772 773 3826 gere
801 3773 964 3827 quam
1001 3757 1183 3813 dicere
1205 3758 1276 3814 sit
1299 3757 1614 3829 gloriosius.
1659 3760 1816 3813 Anne
1839 3767 2020 3814 autem
2059 3758 2227 3824 dicat,

645 3866 773 3903 cum
797 3865 859 3904 ea
887 3865 1075 3906 revera
1105 3848 1350 3918 fecisset,
1371 3865 1438 3904 an
1480 3849 1694 3922 fingens
1728 3846 1951 3923 propter
1979 3861 2226 3908 nostram

649 3943 959 4007 utilitatem,
984 3951 1041 3996 ut
1061 3949 1466 4014 consequenter
1487 3942 1555 3998 ad
1598 3959 1826 4014 scopum
1858 3943 2230 3999 deducatora-

649 4036 876 4100 tionem,
901 4049 1009 4088 non
1029 4049 1253 4104 possum
1278 4049 1527 4091 asserere
1551 4050 1642 4091 :ea
1655 4043 1806 4091 certe
1819 4035 1976 4106 dicit,
1990 4051 2112 4107 qum
2133 4035 2227 4106 qui

649 4129 909 4180 viitutem
936 4126 1039 4181 sibi
1064 4129 1342 4198 proponit,
1369 4143 1480 4183 non
1501 4127 1754 4183 lubenter
1781 4128 2098 4185 adsciverit.
2119 4126 2226 4182 Sed

2305 3035 2400 3106 γδν
2425 3036 2627 3090 τίθεται
2655 3037 2786 3106 βίον.

2385 3121 2569 3175 Ταῦτα
2595 3121 2773 3174 τοίνυν
2795 3121 2960 3186 ἐστὶν,
2983 3121 3018 3175 ἃ
3045 3121 3131 3175 διὰ
3157 3123 3260 3194 τῆς
3283 3121 3376 3176 νῦν
3402 3118 3726 3190 ἀναγνώσεως
3742 3115 3822 3167 τῶν

2313 3214 2374 3269 ιν
2440 3213 2519 3285 τῷ
2573 3213 2968 3285 Ἐκκλησιαστῇ
3028 3215 3435 3286 γεγραμμένων
3493 3213 3526 3283 ἡ
3582 3204 3823 3277 Ἐκκλησία

2315 3302 2645 3357 παιδεύεται.
2673 3301 2836 3370 Λέγει
2885 3302 2994 3374 γὰρ
3028 3301 3317 3376 ἐλευθέρας
3354 3305 3500 3372 φωνῇ
3545 3295 3824 3370 δημοσιεύων

2315 3394 2511 3458 έκεῖνο,
2547 3391 2642 3446 καὶ
2670 3391 2992 3445 ὲπὶπάντων
3012 3390 3320 3464 ἀνθρώπων
3350 3392 3588 3462 καθάπερ
3608 3388 3712 3440 τινὰ
3736 3384 3826 3451 cm]-

2315 3484 2416 3556 λην
2442 3485 2718 3556 ἔγγραφον
2760 3482 3032 3547 ἀνατιθεὶς
3065 3483 3162 3553 τὴν
3205 3486 3317 3538 τῶν
3347 3483 3702 3554 γεγενημένων
3729 3476 3826 3546 παρ’

2315 3577 2481 3632 αὑτοῦ
2509 3576 2880 3647 ὲξαγόρευσιν,
2914 3575 2949 3630 ἃ.
2983 3574 3207 3630 τοιαῦτά
3240 3579 3406 3641 ἐστιν,
3442 3575 3514 3639 ὡς
3537 3573 3626 3644 τὴν
3652 3572 3826 3633 ἄγνοιαν

2315 3668 2493 3725 αὐτῶν
2530 3669 2624 3721 καὶ
2652 3667 2750 3739 τὴν
2770 3667 2977 3739 σιωπὴν
3007 3662 3146 3721 εἶναι
3179 3669 3279 3723 τοῦ
3323 3670 3482 3737 λόγου
3522 3654 3826 3732 ἐνδοξοτέραν.

2315 3761 2476 3830 Λέγει
2499 3759 2635 3822 δὲ,εί
2671 3758 2769 3830 μὲν
2797 3758 3010 3830 ἀληθῶς
3042 3761 3364 3832 πεποιηκὼς
3390 3757 3443 3832 ᾖ,
3471 3757 3631 3812 ταῦτα
3664 3754 3739 3808 διὰ
3757 3751 3828 3819 τὴν

2316 3853 2589 3924 ἡμετέραν
2609 3850 2873 3920 ὠφέλειαν
2904 3850 3301 3923 πλασσόμενος,
3333 3855 3418 3923 ἐφ’
3441 3845 3485 3919 ᾦ
3507 3869 3563 3904 τε
3582 3840 3832 3903 δι’ἀκολού-

2316 3942 2410 3996 θου
2439 3941 2528 3994 τὸν
2552 3940 2704 4008 λόγον
2731 3940 2866 4011 πρὸς
2895 3941 2986 3994 τὸν
3025 3941 3227 3995 σκοπὸν
3261 3942 3594 4014 διαπερᾶναι,
3631 3937 3717 3990 ούκ
3751 3932 3831 4001 ἔχω

2315 4031 2473 4087 τοῦτο
2497 4032 2612 4102 μετ’
2635 4031 2917 4101 ἀκριϐείας
2945 4034 3114 4085 εἰπεῖν
3132 4051 3146 4064 ο
3170 4033 3324 4102 λέγει
3347 4034 3392 4087 δ’
3424 4028 3514 4087 οὖν
3543 4033 3678 4102 ὅμως
3701 4023 3831 4079 ταῦτα

2316 4119 2399 4185 οἷς
2459 4121 2558 4173 οὐκ
2609 4119 2676 4173 ἂν
2703 4121 2732 4172 6
2766 4120 2900 4191 πρὸς
2953 4122 3153 4192 ἀρετὴν
3194 4122 3411 4192 βλέπων
3466 4119 3706 4178 ἑκουσίως
3737 4129 3831 4164 συν-

647 4235 715 4274 an
741 4226 891 4274 certo
906 4219 1144 4274 consilio
1171 4235 1292 4290 qua:
1315 4235 1424 4274 non
1449 4218 1594 4275 facta
1628 4227 1758 4276 sunt
1795 4227 2053 4290 tanquam
2083 4217 2210 4274 facta

2323 4211 2589 4282 ενεχθείη.
2615 4210 2754 4264 Ἀλλέ
2777 4213 2886 4264 εἴτε
2910 4213 3224 4283 οἰκονομίας
3249 4215 3413 4286 χάριν
3429 4213 3493 4266 τὰ
3508 4211 3577 4282 μὴ
3597 4209 3830 4303 γενόμενα.

649 4310 999 4382 prosequitur
1027 4320 1082 4367 et
1117 4312 1482 4382 reprehendit,
1506 4320 1565 4366 ut
1587 4311 1680 4383 qui
1703 4303 1861 4367 ea'sit
1889 4322 2148 4382 expertus
2166 4320 2226 4366 ut

647 4408 799 4475 prius
824 4419 988 4474 quam
1021 4418 1210 4458 eorum
1246 4403 1513 4458 faciamus
1539 4403 1868 4474 periculum,
1896 4417 2083 4458 eorum
2105 4417 2229 4473 quae

650 4493 1124 4562 reprehenduntur
1136 4494 1370 4550 vitemus
1388 4493 1747 4558 desiderium,
1770 4508 1840 4548 an
1855 4493 2043 4548 volens
2060 4495 2125 4549 ad
2143 4495 2227 4549 bis

649 4587 941 4640 frueiidum
963 4601 1024 4640 sc
1046 4584 1351 4649 demiserit,
1375 4593 1434 4639 ut
1466 4585 1630 4640 etiam
1656 4599 1754 4655 per
1785 4599 1876 4640 res
1920 4583 2230 4640 contrarias

650 4693 780 4731 suos
801 4692 999 4733 sensus
1018 4685 1318 4742 exerceret,
1341 4679 1502 4733 liceat
1518 4678 1724 4734 volenti
1750 4692 1913 4747 quam
1930 4678 2059 4733 velit
2081 4678 2149 4733 de
2163 4693 2228 4733 ea

651 4786 710 4822 re
742 4771 920 4824 facere
945 4770 1341 4839 conjecturam.
1371 4769 1430 4824 Si
1459 4770 1584 4840 quis
1608 4778 1794 4824 autem
1819 4770 1968 4824 dicat
1993 4784 2118 4824 eum
2150 4783 2233 4823 re-

648 4875 778 4914 vera
804 4874 991 4914 corqu
1016 4875 1139 4930 qua:
1157 4860 1408 4931 jucunda
1425 4871 1555 4916 sunt
1579 4860 1778 4916 fecisse
1799 4858 2130 4930 periculum,
2151 4857 2232 4913 sic

650 4953 1051 5010 existimamus.
1099 4951 1218 5017 Quo
1255 4948 1418 5003 modo
1457 4948 1601 5002 enim
1653 4945 1747 5016 qui
1788 4946 1956 4999 maris
1992 4944 2218 5012 profun-

651 5045 780 5098 dum
814 5045 1070 5108 subeunt,
1099 5049 1154 5095 et
1184 5041 1240 5095 in
1275 5037 1444 5093 fundo
1475 5037 1642 5091 maris
1669 5041 1940 5106 quaerunt,
1971 5048 2038 5086 an
2078 5030 2219 5085 forte

652 5136 893 5206 aliquam
930 5134 1174 5190 invenire
1205 5134 1417 5203 possint
1463 5130 1839 5200 margaritam,
1886 5134 1980 5180 aut
2011 5125 2217 5194 aliquid

650 5227 797 5282 aliud
849 5226 993 5297 quod
1036 5225 1279 5281 nascitur
1315 5224 1370 5277 in
1423 5220 1715 5291 profundo,
1765 5217 1965 5288 quibus
2013 5216 2216 5270 nullam

652 5317 868 5386 quidem
917 5318 1244 5386 voluptatem
1293 5313 1448 5368 aliert
1485 5327 1608 5383 qua:
1640 5311 1742 5365 sub
1781 5324 1920 5378 aqua
1963 5316 2047 5362 est
2084 5305 2219 5360 aflli-

648 5411 780 5475 etio,
817 5410 912 5466 sed
958 5424 1084 5480 spes
1134 5407 1272 5462 lucri
1309 5405 1509 5469 effecit,
1564 5411 1624 5457 ut
1681 5418 1741 5457 se
1790 5401 1844 5454 in
1885 5396 2214 5467 profundum

651 5506 1030 5568 immergerent
1061 5518 1075 5558 :
1106 5500 1181 5557 ita
1216 5499 1263 5554 si
1311 5499 1366 5552 in
1401 5497 1488 5553 his
1520 5501 1770 5552 versatus
1812 5499 1897 5546 est
1930 5488 2211 5554 Solomon,

2318 4304 2392 4366 ὡς
2418 4301 2673 4370 γεγονότα
2718 4300 2956 4366 διέξεισι,
3009 4302 3102 4355 καὶ
3153 4301 3573 4374 κατηγορεί’ὠς
3623 4299 3674 4350 ἐν
3709 4291 3832 4358 πείρᾳ

2316 4392 2620 4462 γενόμενος,
2650 4391 2737 4446 ἵνα
2761 4393 2920 4463 ἡμεῖς
2966 4392 3072 4463 πρὸ
3111 4378 3210 4463 τῆς
3241 4395 3439 4464 πείρας
3473 4390 3570 4463 τὴν
3607 4386 3698 4440 τῶν
3733 4397 3830 4434 κατι

2317 4479 2669 4550 ηγορημένων
2695 4478 2987 4550 ἐπιθυμίαν
3012 4480 3373 4553 έκκλίνωμεν,
3408 4479 3516 4532 εἴτε
3534 4477 3619 4530 καὶ
3643 4470 3828 4538 καθῆκεν

2318 4569 2506 4623 ἑαυτὸν
2527 4569 2788 4633 ἑκουσίως
2821 4569 2956 4640 πρὸς
3001 4571 3100 4640 τὴν
3129 4571 3240 4625 τῶν
3286 4571 3543 4626 τοιούτων
3566 4566 3823 4622 ἀπόλαυσιν,

2317 4659 2457 4715 ὥστε
2504 4661 2598 4714 καὶ
2644 4661 2714 4715 τὰ
2773 4661 3098 4733 αἰσθητήρια
3140 4663 3339 4717 ἑαυτοῦ
3386 4663 3474 4717 διὰ
3509 4663 3611 4715 τῶν
3630 4651 3824 4710 ἐναντίων

2317 4750 2612 4821 γυμνάσαι,
2665 4750 2973 4819 προκείσθω
3011 4755 3129 4805 κατ’
3175 4753 3430 4820 ἐξουσίαν
3458 4752 3532 4824 τῷ
3559 4744 3824 4822 βουλομένφν

2313 4843 2402 4910 ἐφ’
2422 4842 2556 4913 ὅπερ
2577 4840 2642 4894 ἂν
2662 4841 2820 4912 ἐθέλῃ
2841 4841 2930 4893 τὸν
2951 4845 3257 4914 στοχασμὸν
3279 4846 3452 4913 ἄγειν.
3477 4846 3538 4898 Εἰ
3568 4843 3620 4896 δέ
3636 4856 3704 4901 τις
3720 4835 3829 4899 λέγω

2317 4933 2395 5004 τῷ
2427 4933 2538 4986 ὄντι
2580 4933 2900 5004 γεγενῆσθαι
2944 4936 3001 4986 ἐν
3029 4937 3094 5006 τῇ
3127 4936 3238 4990 τῶν
3276 4937 3451 5008 ἡδέων
3505 4935 3671 5004 πείρᾳ,
3697 4925 3831 4983 οὕτως

2319 5024 2792 5096 ὑπολαμϐάνομεν.
2840 5026 3108 5098 Καθάπερ
3129 5029 3241 5099 γὰρ
3281 5031 3332 5082 οἰ
3365 5029 3456 5082 ἐπὶ
3489 5028 3574 5080 τὸν
3598 5023 3734 5094 βυθὸν
3756 5015 3831 5082 τῆς

2320 5119 2590 5188 θαλάττης
2617 5117 2885 5189 δυόμενοι,
2934 5120 3027 5172 καί
3056 5119 3442 5192 διερευνῶντες
3469 5122 3525 5173 ἐν
3548 5116 3616 5187 τῷ
3644 5105 3830 5179 πυθμένι
3901 5171 3904 5184 ι

2318 5209 2410 5263 τοῦ
2463 5208 2670 5273 ὓδατος,
2716 5207 2769 5260 εἴ
2811 5207 2912 5261 πού
2971 5227 3092 5263 τινα
3146 5213 3492 5284 μαργαρίτην
3526 5199 3828 5278 εὕροιεν,ἡτι

2318 5300 2445 5354 ἄλλο
2460 5298 2698 5353 τοιοῦτον
2717 5298 2822 5352 τῶν
2845 5302 2902 5352 ἐν
2931 5299 3075 5372 βυθῴ
3095 5305 3446 5376 τικτομένων,
3476 5296 3550 5364 οἷς
3576 5294 3738 5370 ἡδονὴν
3752 5287 3828 5357 μὲν

2318 5393 2572 5464 οὐδεμίαν
2599 5395 2631 5462 ἡ
2666 5392 2770 5446 ὑπὸ
2817 5393 2879 5446 τὸ
2921 5395 3064 5468 ὓδωρ
3091 5399 3437 5472 ταλαιπωρία
3460 5399 3621 5469 φέρει,
3640 5395 3668 5463 ἡ
3689 5389 3734 5440 δὲ
3752 5378 3826 5472 tot?

2321 5484 2542 5555 κέρδους
2565 5483 2718 5548 ἐλπὶς
2743 5484 2955 5556 βυθίους
2988 5489 3245 5561 ἐποίησεν
3270 5507 3283 5521 ο
3313 5470 3482 5551 οὕτως
3521 5489 3564 5540 εἰ
3593 5483 3776 5553 γέγονεν
3804 5470 3828 5518 ὁ

713 5637 793 5704 (α)
836 5634 1017 5690 Locus
1055 5648 1123 5704 ex
1182 5647 1316 5704 mss.
1354 5631 1466 5704 _sic
1496 5629 1838 5704 supplendus
1868 5631 2006 5704 :_6cp.
2127 5630 2210 5682 Ma

2316 5647 2343 5681 ν
2370 5627 2790 5704 8é_xuptu')1€pov
2819 5627 2885 5704 ἄν
2912 5646 2997 5692 τις
3011 5627 3125 5704 *καθ
3135 5629 3303 5704 ίκοιτο
3336 5624 3435 5698 τῆς
3459 5621 3560 5704 τιξιγ
3589 5608 3823 5704 δἚξξτξζν

638 5683 931 5777 spectatio}
976 5703 1167 5767 εἰπὼν,
1208 5701 1468 5781 αἰσχύνην
1498 5683 1806 5781 λμὲῗηεῖναι
1824 5699 1941 5781 ,τῂν
1962 5683 2112 5771 ⁸μετὸι
2137 5699 2354 5781 ,πρᾶξιν
2380 5698 2488 5752 τῶν
2519 5683 2993 5781 κατεγνωσμένων
3008 5683 3405 5781 ἐπιγινομένην
3425 5687 3591 5780 ,αἰδέῖλο
3609 5683 3825 5781 ἔξιθ’,ξῇ

639 5765 780 5830 κατὰ
811 5777 872 5827 τὸ
895 5765 1252 5844 ἀντίστροφον
1277 5765 1376 5844 τῆν
1419 5765 1524 5841 πρδ
1547 5771 1657 5844 Δτμοῦ
1713 5765 2056 5844 γενέσθᾳι”τι
2095 5765 2216 5844 τῶν
2242 5765 2704 5844 κατεγνωσμένων
2747 5765 3007 5841 αἰσχύνην
3034 5765 3202 5842 δι”ἧς

1461 5838 1648 5896 παθῶν
1681 5838 1888 5895 τούτων
1912 5841 2228 5912 διαφοράικ.
2252 5857 2303 5895 τ.
2333 5839 2380 5893 λ.
2423 5838 2575 5894 lion.

641 5848 1032 5902 ἀνακόπτεται.
1057 5842 1240 5898 Δείκν.
1275 5842 1422 5899 δὲ....

3481 5743 3589 5814 τῶν
3606 5743 3824 5820 ἀπρεπῶν
