4018 6334
241 313 333 376 853

1259 309 1326 365 IN
1368 307 1895 366 ECCIESIASTEN.
1935 310 2216 368 HOMILIA
2252 313 2334 367 Ill.

3325 311 3431 371 655

241 425 446 499 Σολομὼν
483 425 538 479 ἐν
586 423 819 489 τούτοις,
869 422 1089 488 πάντως
1124 422 1315 496 ὥσπερ
1357 441 1442 488 τις
1477 423 1586 478 τῶν
1622 421 1758 476 κατὰ

1861 425 2084 482 omnino
2117 440 2175 483 ut
2217 427 2489 500 quispiam
2524 441 2588 484 ex
2639 428 2706 484 iis
2747 428 2841 499 qui
2891 443 3161 500 purpuras
3201 430 3256 485 in
3293 434 3461 486 mari'

234 520 461 575 θάλατταν
503 514 977 589 πορφυρευόντων,
1034 514 1227 568 ἑαυτὸν
1273 513 1442 568 ἔδωκε
1488 515 1554 586 τῇ
1585 515 1762 584 τρυφῇ

235 609 512 683 ὑποϐρύχιον
531 624 546 639 ·
589 608 691 662 οὐκ
720 607 808 677 ἐφ’
827 600 934 676 ᾧτε
959 604 1407 676 καταπλησθῆναι
1433 605 1535 676 τῆς
1562 604 1761 659 θαλατ-

225 704 328 766 τίας
358 701 539 772 ἅλμης,
593 697 774 770 ἅλμην
809 698 869 753 δὲ
915 698 1059 767 λέγω
1093 697 1193 768 τὴν
1221 696 1414 767 ἡδονήν
1435 712 1452 730 ο
1493 695 1631 749 ἀλλὰ
1667 694 1760 748 τοῦ

230 792 422 862 ζητῆσαι
448 791 498 843 τί
529 791 596 860 τῇ
628 785 840 860 διανοίᾳ
870 789 1140 860 χρήσιμον
1164 789 1222 841 ὲν
1245 787 1325 858 τῷ
1349 786 1574 858 τοιούτῳ
1594 785 1758 858 βυθῷ.

223 887 465 957 Χρήσιμον
487 882 533 936 δ’
563 881 630 937 ἂν
677 881 766 953 εἴη
799 881 886 936 διὰ
917 880 1026 935 τῶν
1072 878 1328 933 τοιούτων
1354 879 1758 951 εὑρισκόμενον,

220 974 341 1028 κατά
370 991 428 1042 γε
443 970 536 1028 λτδν
565 973 699 1044 ἐμὸν
722 971 1100 1044 στοχασμὸν,ῆ
1129 972 1192 1026 τὸ
1221 969 1504 1042 ἀμϐλῦναι
1539 969 1639 1034 τὰς
1663 969 1757 1023 τοῦ

220 1066 433 1137 σώματος
479 1065 677 1137 ὁρμὰς,
735 1065 824 1119 διὰ
856 1063 951 1120 τοῦ
983 1062 1259 1135 προθεῖναι
1290 1065 1416 1118 κατ’
1459 1061 1707 1128 ἐξουσίαν
1729 1060 1760 1114 δ

215 1157 450 1228 βούλεται.
506 1155 648 1228 Πρὸς
692 1157 804 1226 γὰρ
855 1155 917 1209 τὸ
946 1155 1288 1226 κωλυόμενον
1326 1154 1760 1226 φιλονεικοτέρας

209 1251 285 1303 ἀεὶ
305 1249 397 1311 τὰς
426 1249 667 1320 κινήσεις
711 1251 745 1318 ἡ
790 1247 952 1318 φύσις
981 1247 1114 1319 ἔχει.
1145 1248 1302 1302 Ἤτοι
1327 1247 1422 1300 τοῦ
1446 1246 1756 1312 ἀξιοπίστου

213 1340 366 1410 χάριν,
423 1341 478 1394 ὲν
531 1339 739 1404 τούτοις
759 1339 973 1408 γίνεται
1013 1338 1044 1392 ὁ
1085 1337 1424 1401 διδάσκαλος,
1451 1337 1528 1402 ὡς
1559 1339 1755 1409 μηκέτι

205 1433 304 1492 τοῖς
320 1429 620 1500 ἀνθρώποις
639 1429 919 1484 ἀσπαστδν
947 1428 1270 1500 νομισθῆναι
1309 1429 1371 1482 τδ
1412 1445 1758 1500 καταπεφρο-

205 1521 408 1592 νημένον
436 1523 670 1591 πρᾶγμα
693 1520 797 1574 ὑπὸ
830 1519 924 1574 τοῦ
952 1520 1040 1573 διὰ
1061 1520 1162 1590 τῆς
1202 1519 1397 1591 πείρας
1423 1518 1756 1590 διδαχθέντος

205 1613 255 1666 τὸ
300 1613 541 1683 μάταιον.
591 1612 698 1668 Καὶ
750 1613 858 1684 γὰρ
907 1612 1005 1665 καὶ
1048 1613 1177 1674 τοὺς
1232 1610 1450 1682 ἰατρούς
1489 1624 1651 1678 φασιν
1697 1611 1756 1664 ὲν

203 1704 372 1774 ἐκείνῳ
425 1703 731 1774 κατορθοῦν
762 1704 864 1773 τὴν
909 1703 1125 1772 τέχνην,
1156 1697 1218 1756 οὗ
1263 1702 1329 1757 ἂν
1356 1701 1446 1757 διὰ
1471 1701 1579 1756 τῶν
1611 1701 1754 1755 ίδίων

204 1767 442 1866 σωμάτων
487 1767 737 1859 τδέίδος
787 1767 886 1866 τῆς
924 1767 1234 1866 ἀρρωστίας
1287 1793 1616 1863 γνωρίσωσι.
1661 1793 1754 1846 καὶ
1786 1767 1828 1822 Β

197 1886 574 1958 ἁσφαλέστεροι
605 1887 714 1940 τῶν
727 1887 984 1940 τοιούτων
1004 1886 1240 1954 γίνονται
1263 1882 1556 1956 σύμὸουλοί
1580 1902 1636 1938 τε
1658 1885 1755 1938 καὶ

197 1977 530 2049 θεραπευταὶ,
552 1972 627 2032 ὧν
644 1978 743 2032 διὰ
768 1979 863 2032 τοῦ
893 1978 1404 2049 προθεραπευθῆναι
1429 1977 1526 2048 τὴν
1555 1977 1754 2046 γνῶσιν

196 2065 346 2139 εὶχοψ
370 2072 478 2142 ὅσῳ
500 2069 583 2141 τῷ
608 2069 722 2140 tea?
755 2068 918 2124 πάθει
953 2069 1434 2141 προεδιδάχθησαν.

259 2163 474 2232 Ἵδωμεν
493 2162 679 2216 τοίνυν
697 2162 750 2214 τί
776 2160 925 2230 λέγει
960 2161 1285 2214 πεπονθέναι
1306 2161 1383 2233 τῷ
1414 2160 1536 2214 καθ’
1565 2161 1752 2215 ἑαυτὸν

193 2252 295 2323 βίῳ,
316 2256 344 2306 ό
372 2254 462 2306 τὸν
495 2253 773 2324 ἡμέτερον
801 2252 1064 2324 ἰατρεύων
1101 2252 1236 2322 βίον.
1272 2272 1291 2305 ι
1337 2253 1696 2325 Ἐμεγάλυνα,
1727 2272 1746 2306 ι
1771 2263 1776 2268 ’

192 2345 326 2413 φησι.
361 2363 378 2395 ι
411 2343 636 2414 ποίημά
667 2361 793 2414 μου,
837 2343 1164 2415 ᾠκοδόμησα
1203 2342 1402 2407 οἴκους.
1441 2363 1462 2396 ο
1489 2343 1665 2407 Εὐθὺς
1689 2345 1754 2398 ὲκ

191 2431 510 2504 κατηγορίας
556 2433 594 2484 ό
643 2431 800 2501 λόγος
849 2431 1097 2502 ἄρχεται.
1133 2433 1207 2486 Οὒ
1265 2432 1375 2505 γὰρ
1400 2439 1462 2486 τὸ
1487 2432 1582 2486 τοῦ
1617 2433 1752 2488 Θεοῦ

189 2522 380 2592 ποίημά
406 2540 600 2594 φησιν,
635 2523 772 2594 ὅπερ
791 2522 909 2592 εἰμὶ
961 2522 1092 2591 ἐγὼ,
1122 2523 1259 2578 ἀλλὰ
1288 2524 1349 2578 τὺ
1387 2523 1518 2595 ἐμὸν
1552 2525 1754 2595 ἐμεγά-

188 2611 322 2667 λυνα.
365 2615 536 2686 Ἐμὸν
568 2614 780 2686 ποίημα
812 2613 968 2668 οὐδέν
995 2615 1141 2668 ἐστιν
1172 2615 1319 2680 ἄλλο,
1344 2615 1378 2687 ἢ
1411 2616 1548 2689 ὅπερ
1571 2619 1637 2687 τῇ
1663 2618 1752 2672 αί-

189 2701 354 2773 σθήσει
386 2706 487 2776 τὴν
509 2704 706 2775 ἡδονὴν
757 2703 931 2774 φέρει.
968 2704 1126 2757 Ἔστι
1166 2704 1224 2758 δὲ
1256 2703 1415 2758 τοῦτο
1435 2705 1494 2757 τὺ
1521 2704 1750 2775 ποίημα,

181 2793 250 2865 τῷ
273 2796 368 2866 μὲν
399 2795 612 2866 γενικῷ
639 2795 784 2866 λόγῳ
808 2795 889 2862 ἓν,
911 2799 978 2868 τῇ
993 2795 1058 2850 δὲ
1089 2795 1229 2850 κατά
1252 2795 1447 2849 λεπτὸν
1471 2795 1750 2868 διαιρέσει,

185 2889 253 2950 είς
280 2888 446 2944 πολλὰ
492 2891 622 2952 ταῖς
654 2888 751 2960 τῆς
777 2888 990 2960 τρυφῆς
1030 2887 1241 2959 χρείαις
1278 2887 1752 2957 καταναγκάζεται
1789 2941 1795 2946 .

180 2980 508 3053 μερίζεσθαι.
529 2980 640 3035 Τδν
669 2979 780 3052 γὰρ
803 2979 950 3046 ἅπαξ
998 2979 1151 3043 me;
1172 2978 1271 3048 τῆς
1295 2977 1434 3051 ’ὕλης
1461 2979 1554 3033 τοῦ
1590 2979 1751 3049 βυθοῦ

180 3075 475 3144 γενόμενον,
550 3073 769 3173 ἀνάγκη
825 3073 973 3126 πᾶσα
1020 3070 1324 3141 πανταχόσε
1352 3069 1442 3124 τὸν
1478 3070 1753 3142 ὀφθαλμὸν
1779 3111 1826 3173 C

179 3165 469 3235 περιάγειν,
493 3163 626 3219 ὅθεν
646 3163 713 3218 ἂν
741 3159 1017 3236 ᾗδυνατδν
1044 3162 1234 3233 ἡδονὴν
1263 3163 1550 3233 ὲκφυῆναι.
1566 3163 1752 3217 Καθά-

178 3278 274 3331 περ
308 3263 415 3334 γὰρ
445 3265 516 3317 ὲκ
549 3261 679 3332 μιᾶς
715 3259 895 3331 πηγῆς
926 3258 1166 3329 πολλαχῆ
1195 3257 1286 3312 διὰ
1323 3257 1576 3329 σωλήνων
1607 3259 1755 3330 ὀχετ-

185 3355 385 3422 ηγεῖται
425 3354 488 3408 τὸ
523 3351 696 3424 ὕδωρ,
756 3351 853 3405 καὶ
888 3350 1042 3404 οὐδὲν
1079 3344 1240 3422 ἦττον
1292 3349 1327 3420 ἢ
1355 3351 1417 3403 τὸ
1451 3349 1593 3420 ὕδωρ
1617 3351 1753 3414 ἐστὶ,

174 3443 228 3494 τὸ
254 3446 314 3496 ὲκ
338 3446 436 3515 τῆς
466 3443 657 3516 πηγῆς
689 3441 1063 3514 μεριζόμενον,
1107 3440 1208 3495 κᾶν
1259 3442 1317 3494 ὲν
1353 3441 1568 3512 μυρίοις
1592 3459 1756 3513 κρου-

176 3536 273 3598 νοίς
309 3537 464 3607 τύχοι
529 3535 654 3608 ῥέον
676 3552 688 3565 ·
728 3533 870 3587 οὕτω
915 3533 1012 3604 μία
1045 3534 1110 3602 τῇ
1151 3531 1312 3601 φύσει
1347 3527 1482 3588 οὖσα
1511 3535 1544 3602 ἠ
1574 3532 1756 3604 ἡδονὴ,

173 3625 332 3689 ἄλλως
363 3627 462 3680 καὶ
493 3624 678 3687 ἄλλως
709 3625 768 3678 ἐν
799 3625 918 3686 ταῖς
948 3622 1056 3676 τῶν
1093 3623 1540 3694 ἐπιτηδευμάτων
1565 3623 1756 3693 διαφο-

176 3719 286 3783 ραῖς
308 3717 630 3771 ὑπονοοῦσα
657 3716 770 3787 ῥέει
801 3712 1101 3785 πανταχοῦ,
1134 3717 1254 3778 ταῖς
1276 3715 1370 3768 τοῦ
1406 3715 1520 3786 βίου
1549 3717 1759 3788 χρείαις

171 3809 358 3879 ἑαυτὴν
401 3808 832 3875 συνεισάγουσα.
861 3801 986 3860 Οἷον
1010 3807 1039 3859 ό
1069 3805 1180 3876 βίος
1207 3807 1510 3875 ἀναγκαίαν
1534 3807 1756 3878 ἐποίησε

169 3900 228 3968 τῇ
257 3901 417 3968 φύσει
476 3901 585 3972 τὴν
616 3900 828 3970 οἴκησιν
847 3915 863 3931 ο
895 3897 1285 3970 ἀσθενέστερον
1311 3897 1419 3970 γὰρ
1450 3897 1666 3967 πέφυκε
1695 3898 1758 3952 τὸ

168 3989 533 4061 ἀνθρώπινον,
554 3989 591 4061 ἢ
607 3988 748 4042 ὥστε
772 3987 872 4051 τὰς
896 3989 961 4041 ὲκ
987 3985 1084 4040 τοῦ
1101 3987 1337 4052 θάλπους
1357 4005 1415 4041 τε
1441 3988 1534 4041 καὶ
1559 3987 1758 4059 κρύους

168 4079 481 4152 ἀνωμαλίας
525 4083 734 4152 φέρειν.
765 4079 944 4150 Μέχρι
977 4078 1168 4132 τούτου
1214 4080 1243 4132 ὁ
1294 4075 1440 4144 οἶκος
1477 4077 1591 4148 ἔχει
1620 4078 1756 4150 πρὸς

164 4177 255 4248 τὴν
286 4179 439 4248 ζωὴν
461 4177 530 4232 τὸ
559 4175 853 4247 ὠφέλιμον,
889 4173 1028 4227 ἀλλὰ
1058 4172 1120 4227 τδ
1134 4172 1424 4245 παρελθεῖν
1445 4173 1571 4238 τοὺς
1598 4173 1756 4245 ὄρους

166 4267 257 4337 τῆς
282 4270 484 4340 χρείας
519 4269 554 4339 ὴ
583 4267 743 4338 ἡδονὴ
772 4265 862 4319 τδν
895 4263 1180 4336 ἄνθρωπον
1210 4263 1488 4318 ἐϐιάσατο.
1523 4264 1613 4327 Ὠς
1647 4263 1756 4335 γὰρ

160 4362 276 4433 οὐχὶ
301 4363 536 4434 σώματι
579 4360 641 4413 τὸ
663 4359 918 4431 χρειῶδες
949 4355 1209 4428 πορίζων,
1247 4356 1383 4410 ἀλλὰ
1411 4358 1523 4421 τοῖς
1559 4356 1756 4426 ὀφθαλ-

1863 529 2152 583 venantur,
2202 519 2446 591 seipsum
2501 519 2770 576 immersit
2819 520 2873 591 in
2913 521 3319 579 deliciasznon
3371 534 3433 579 ut

1865 610 2076 665 marina
2124 609 2440 681 impleretur
2487 611 2766 681 salsugine
2816 629 2831 666 :
2874 611 3203 682 salsuginem
3248 623 3430 669 autem

1863 701 1986 758 dico
2016 702 2381 772 voluptatem:
2403 702 2500 761 sed
2530 711 2591 758 ut
2623 710 2890 773 quaereret
2921 703 3049 772 quid
3089 704 3144 758 in
3175 705 3277 759 hoc
3307 721 3433 776 pro-

1865 789 2034 846 fundo
2057 793 2240 848 animo
2273 793 2348 848 sit
2379 794 2530 850 utile.
2558 792 2702 850 Utile
2736 803 2915 849 autem
2945 801 3030 850 est
3071 796 3216 865 quod
3244 811 3341 866 per
3368 811 3433 851 ea

1863 879 2179 946 invenitur,
2240 892 2301 937 ut
2351 898 2472 938 mea
2513 884 2733 953 quidem
2787 892 2873 940 est
2919 882 3239 952 conjectura
3269 921 3287 948 ,
3340 895 3436 941 aut

1861 974 2151 1030 retundere
2184 975 2428 1046 corporis
2458 974 2842 1046 appetitiones,
2887 984 3174 1046 propterea
3205 975 3350 1047 quod
3380 978 3432 1033 ei

1859 1067 2121 1136 objicitur
2171 1066 2226 1122 id
2267 1069 2414 1138 quod
2469 1068 2744 1124 desiderat
2787 1085 2802 1123 :
2846 1068 2914 1123 ad
2968 1068 3021 1123 id
3082 1068 3226 1124 enim
3284 1070 3433 1140 quod

1858 1166 2077 1213 vetatur
2103 1173 2317 1228 semper
2340 1158 2776 1216 vehementiores
2809 1169 2989 1215 motus
3014 1161 3178 1216 habet
3211 1171 3437 1216 natura:

1859 1257 1953 1304 aut
1985 1257 2044 1304 ut
2076 1251 2152 1306 sit
2180 1251 2284 1307 ﬁde
2317 1252 2514 1322 dignus
2547 1252 2599 1306 in
2631 1251 2718 1307 his
2760 1259 3010 1308 versatur
3040 1255 3321 1323 magister,
3362 1268 3432 1307 ne

1858 1342 2091 1412 amplius
2129 1341 2197 1396 ab
2223 1341 2538 1398 hominibus
2576 1352 2866 1400 censeatur
2907 1344 3206 1412 expetenda
3250 1359 3338 1400 res
3366 1360 3431 1400 ea

1858 1450 1978 1505 qua;
2027 1436 2096 1491 ab
2154 1450 2221 1491 eo
2265 1434 2365 1491 fuit
2403 1445 2732 1506 contempta,
2777 1437 2871 1508 qui
2923 1438 3256 1509 experientia
3297 1438 3434 1494 dicit

1858 1541 2019 1595 quam
2049 1527 2121 1582 sit
2150 1541 2309 1584 vana.
2356 1527 2487 1582 Nam
2520 1527 2759 1585 medicos
2783 1545 3000 1600 quoque
3031 1530 3214 1585 ferunt.
3253 1530 3342 1584 illa
3375 1531 3429 1585 in

1853 1634 1916 1673 re
1940 1634 1996 1674 se
2029 1619 2232 1689 Optime
2270 1635 2334 1675 ex
2366 1627 2482 1673 arte
2515 1635 2725 1690 gerere,
2765 1621 2922 1690 cujus
2957 1620 3133 1675 morbi
3168 1637 3339 1690 genus
3375 1621 3429 1675 in

1854 1711 1977 1765 suis
2006 1719 2379 1780 cognoverunt
2432 1711 2753 1782 corporibus
2785 1727 2800 1765 ε
2827 1712 2895 1768 de
2941 1709 3118 1781 iisque
3160 1711 3332 1767 tutius
3377 1723 3432 1766 et

1859 1801 1991 1855 dant
2041 1801 2328 1856 consilium
2379 1811 2433 1856 et
2481 1801 2550 1857 iis
2609 1801 2912 1865 medentur,
2948 1817 3181 1872 quorum
3230 1802 3430 1856 habent

1861 1893 2109 1946 notitiam
2145 1901 2467 1962 :prOpterea
2513 1893 2654 1962 quod
2694 1893 2798 1964 ipsi
2832 1897 2984 1964 prius
3026 1895 3177 1949 fuere
3225 1888 3424 1958 curati,

1857 1983 2301 2053 quandoquidem
2331 1998 2394 2037 ex
2425 1999 2490 2038 co
2513 1986 2653 2054 quod
2685 1984 2786 2055 ipsi
2819 1985 2966 2055 passi
3002 1995 3131 2040 sunt
3158 1987 3309 2057 prius
3345 1986 3398 2040 di
3418 2016 3432 2028 -

1859 2075 2127 2130 diceruut.

1928 2163 2223 2220 Videamus
2254 2178 2383 2233 ergo
2411 2163 2669 2233 quidnam
2708 2164 2760 2218 iu
2787 2178 2886 2218 sua
2917 2163 3026 2217 vita
3059 2178 3280 2234 passum
3310 2179 3431 2220 esse

1859 2252 1993 2309 dicit
2031 2254 2078 2310 is
2112 2255 2202 2324 qui
2237 2261 2442 2310 nostrae
2479 2255 2604 2309 vitae
2646 2253 2914 2310 medetur.
2953 2272 2971 2306 ‹
3003 2253 3366 2325 Magniﬁcavi,
3407 2273 3426 2307 ι

1860 2345 2063 2417 inquit,
2105 2365 2126 2398 ι
2174 2361 2313 2416 opus
2364 2361 2567 2409 meum,
2619 2345 2882 2400 aediﬁcavi
2932 2343 3145 2400 domos.
3181 2365 3199 2396 ι
3242 2344 3432 2401 Oratio

1860 2436 2045 2491 statim
2081 2435 2275 2506 incipit
2310 2450 2338 2489 a
2373 2436 2816 2506 reprehensione.
2850 2433 2969 2488 Non
2999 2437 3143 2490 enim
3172 2435 3303 2490 dicit.
3334 2433 3429 2492 Dei

1859 2542 2016 2598 opus,
2048 2529 2192 2598 quod
2223 2544 2342 2584 sum
2374 2543 2493 2598 ego,
2529 2528 2622 2583 sed
2651 2543 2828 2584 meum
2864 2528 3226 2596 magnilicavi.
3254 2527 3427 2582 Meum

1858 2636 1998 2691 opus
2027 2619 2168 2674 nihil
2202 2627 2287 2674 est
2316 2619 2486 2683 aliud,
2531 2633 2694 2690 quam
2743 2619 2889 2689 quod
2925 2616 3080 2673 all'et't
3112 2618 3299 2673 sensui
3343 2633 3432 2672 ro-

1860 2712 2145 2783 lup’tatem.
2201 2696 2298 2767 Est
2352 2717 2532 2764 autem
2583 2709 2688 2763 hoc
2725 2723 2864 2779 opus
2915 2708 3155 2778 generali
3207 2707 3470 2776 quideny

1860 2806 2072 2861 ratione
2101 2819 2270 2858 unum
2301 2822 2315 2857 :
2346 2801 2530 2858 subtili
2568 2811 2746 2856 autem
2788 2801 2842 2854 in
2889 2800 3099 2854 minuta
3133 2798 3427 2863 divisione,

1859 2897 1914 2953 in
1950 2897 2118 2951 multa
2142 2897 2209 2951 ad
2245 2894 2504 2950 utendum
2530 2892 2742 2948 deliciis
2765 2906 2990 2947 necesse
3015 2898 3101 2946 est
3133 2900 3190 2944 ut
3215 2890 3431 2959 disper-

1861 2989 2047 3044 tiatur.
2075 2987 2213 3044 Nam
2234 2985 2327 3058 qui
2358 2984 2522 3041 semel
2549 2983 2790 3038 materiae
2814 2980 3143 3052 profundum
3176 2980 3427 3041 subierit,

1857 3079 2086 3132 omnino
2139 3091 2364 3132 necesse
2410 3081 2494 3130 est
2539 3083 2599 3127 ut
2647 3073 2699 3127 in
2743 3087 2934 3126 omnes
2984 3077 3165 3141 partes
3207 3069 3428 3124 Oculum

1855 3171 2210 3240 circumagat,
2261 3167 2403 3222 unde
2457 3165 2572 3220 ﬁeri
2618 3165 2790 3235 possit
2829 3171 2888 3216 ut
2932 3171 3225 3217 enascatur
3272 3162 3429 3215 volu-

1855 3271 2000 3334 ptas.
2037 3260 2321 3328 Quomodo
2361 3259 2505 3314 enim
2537 3274 2602 3312 cx
2636 3272 2744 3311 uno
2788 3255 2938 3310 fonte
2971 3255 3025 3308 in
3075 3254 3272 3308 multas
3303 3267 3432 3324 par-

1855 3362 1941 3408 tcs
1990 3369 2088 3424 per
2131 3352 2353 3406 canales
2397 3363 2538 3421 aqua
2585 3348 2895 3414 deducitur,
2945 3353 3000 3400 et
3059 3346 3226 3400 nihilo
3268 3360 3431 3400 secus

1858 3459 1969 3498 non
2012 3450 2096 3498 est
2133 3440 2280 3496 aliud
2312 3455 2472 3510 quam
2517 3454 2679 3510 aqua,
2712 3438 2765 3492 id
2814 3439 2959 3509 quod
3007 3453 3072 3493 ex
3116 3436 3238 3506 ipso
3284 3435 3432 3491 fonte

1857 3535 2206 3606 dispertitur,
2261 3533 2478 3588 etiamsi
2533 3531 2665 3586 lluat
2707 3531 2759 3585 in
2821 3529 3068 3601 plurimis
3114 3529 3262 3584 tubis
3303 3546 3315 3582 :
3358 3527 3429 3581 ita

1857 3629 2108 3698 voluptas
2153 3641 2279 3681 cum
2333 3625 2405 3680 sit
2459 3638 2589 3688 una,
2649 3622 2808 3676 aliter
2858 3630 2911 3675 et
2953 3621 3111 3676 aliter
3157 3619 3212 3674 in
3261 3619 3432 3673 variis

1858 3721 2135 3774 transiens
2175 3716 2394 3778 studiis.
2445 3714 2566 3769 ﬂuit
2615 3713 2669 3767 in
2707 3727 2897 3768 omnes
2939 3719 3142 3782 partes,
3195 3725 3318 3764 cum
3363 3711 3431 3764 iis

1857 3825 1978 3880 qua:
2013 3815 2143 3862 sunt
2171 3792 2238 3861 ad
2281 3821 2442 3860 usum
2470 3806 2592 3859 vita:
2624 3803 2935 3858 necessaria
2966 3819 3025 3859 se
3063 3803 3427 3872 conjungens.

1859 3901 1950 3964 Ut,
1981 3896 2215 3968 exempli
2262 3910 2451 3959 causa,
2492 3894 2602 3949 vita
2651 3891 2783 3947 facit
2827 3899 2886 3946 ut
2920 3901 3130 3948 naturze
3163 3891 3429 3946 habitatio
3509 3885 3512 3890 ’

1857 3989 1931 4045 sit
1976 3986 2284 4043 necessaria
2317 4004 2329 4040 :
2362 3995 2447 4040 est
2479 3984 2624 4039 enim
2666 3982 2831 4037 homo
2879 3982 3224 4045 imbecillior,
3266 3997 3429 4052 quam

1859 4088 1917 4133 ut
1940 4078 2143 4133 caloris
2175 4085 2230 4132 et
2260 4075 2479 4148 frigoris
2503 4075 2641 4132 ferat
2670 4076 3085 4146 inaequalitates.
3117 4073 3235 4129 lluc
3260 4089 3432 4144 usque

1854 4168 1924 4224 ad
1967 4168 2266 4240 degendam
2295 4167 2460 4222 vitam
2499 4178 2583 4222 est
2615 4167 2811 4224 domus
2841 4167 3010 4231 utilis,
3051 4166 3144 4221 sed
3179 4165 3432 4236 voluptas

1854 4263 2002 4334 cogit
2039 4261 2312 4317 hominem
2345 4259 2624 4330 pmterire
2657 4259 2793 4314 ﬁnes
2826 4273 2982 4314 usus.
3024 4257 3254 4312 Perinde
3283 4257 3429 4311 enim

1866 4368 1932 4408 ac
1980 4354 2026 4408 si
2083 4367 2192 4408 non
2235 4357 2505 4421 quaereret
2545 4347 2690 4418 quod
2737 4355 2821 4403 est
2882 4346 3007 4402 usui
3051 4345 3291 4416 corpori.
3333 4345 3430 4400 sed

167 4458 279 4522 μοῖς
310 4452 662 4526 ἐπιτηδεύων
694 4450 912 4523 τέρψεις
940 4449 1034 4505 καὶ¹
1065 4449 1475 4520 ὲντρυφήματα,
1506 4448 1755 4503 λυπεῖται

1871 4444 2044 4500 oculis
2086 4448 2404 4512 procuraret
2437 4441 2855 4496 oblectationem
2887 4445 2942 4494 et
2971 4437 3214 4501 delicias,
3240 4436 3433 4492 dolore

161 4545 366 4616 σχεδίαν,
411 4547 508 4599 ὅτι
565 4542 639 4615 μὴ
666 4541 757 4596 τδν
786 4539 1012 4611 οὐρανὸν
1037 4538 1198 4592 αὐτὸν
1251 4539 1505 4611 ἐποίησεν
1538 4539 1754 4612 ὑπωρόο

159 4654 297 4702 τιον,
333 4637 480 4708 μηδὲ
510 4636 609 4701 τὰς
643 4635 738 4689 τοῦ
771 4634 924 4704 ἡλίου
953 4633 1175 4696 ἀκτῖνας
1202 4631 1314 4702 ἔχει
1341 4629 1419 4702 τῷ
1447 4631 1627 4703 ὀρόφῳ
1659 4632 1755 4687 καὶ

158 4730 328 4794 αὑτᾶς
354 4726 818 4798 ὲντεκτήνασθαι.
852 4725 944 4779 Διὸ
971 4723 1229 4778 πλατύνει
1261 4722 1358 4793 μὲν
1379 4723 1754 4794 ἁπανταχόθεν

157 4823 250 4882 τὰς
276 4823 392 4874 τῶν
429 4817 978 4888 κατασκευασμάτων
1001 4815 1368 4886 περιγραφὰς,
1395 4814 1494 4886 τὴν
1512 4815 1612 4883 τῆς
1633 4831 1754 4867 συνο

156 4909 369 4971 οικείας
403 4906 708 4979 περιϐολὴν
747 4905 824 4968 ὡς
873 4903 1200 4974 οἰκουμένην
1226 4901 1350 4956 τινὰ
1379 4902 1546 4973 ἄλλην
1574 4901 1755 4973 ἐαυτῷ

155 4999 379 5064 κτίζων.
416 5000 721 5052 ’Δνατείνει
749 4997 807 5050 δὲ
841 4998 921 5060 είς
951 4995 1032 5050 ὅτι
1056 4995 1315 5066 μήκιστον
1338 4993 1472 5065 ὕψος
1498 4996 1624 5058 τοὺς
1643 4995 1754 5048 τοί-

155 5108 302 5162 χουςο
311 5091 597 5145 ποικίλλει
608 5092 665 5145 δὲ
675 5092 794 5154 ταῖς
810 5089 955 5143 ἔνδον
969 5087 1077 5142 τῶν
1090 5087 1406 5159 οἰκημάτων
1421 5087 1751 5152 διασκευαῖς.

163 5183 263 5236 Ἐκ
302 5180 598 5237 Λακώνων
651 5182 709 5236 δὲ
740 5181 836 5235 καὶ
886 5179 1169 5250 Θεσσαλῆς
1212 5179 1308 5233 καὶ
1360 5179 1424 5230 ὲκ
1465 5177 1753 5250 Καρύστου

153 5269 301 5338 λίθος
333 5273 754 5327 ἀναπτύσσεται
771 5316 786 5338 ,
818 5272 915 5326 καὶ
934 5271 1023 5325 διὰ
1047 5270 1268 5342 σιδήρου
1295 5271 1375 5334 είς
1401 5269 1582 5324 πλάκα
1609 5271 1678 5326 τά
1695 5289 1754 5326 τε

150 5365 380 5436 Πειλῷα
416 5364 661 5436 μέταλλα
700 5365 796 5418 καὶ
832 5363 903 5417 τὰ
932 5363 1035 5433 τῆς
1067 5361 1364 5433 Νουμιδίας
1383 5362 1754 5433 ἀναζητεῖται,

157 5457 248 5508 καί
297 5472 416 5508 που
477 5455 576 5508 καὶ
613 5455 646 5526 ή
691 5454 903 5526 Φρυγία
951 5452 1124 5526 πέτρα
1177 5455 1296 5517 ταῖς
1333 5453 1589 5517 σπουδαῖς
1626 5451 1756 5505 ταύο

155 5563 271 5610 ταις
319 5543 797 5614 σύμ-παρελήφθη.
832 5543 866 5613 ἡ
905 5543 970 5613 τῇ
1007 5540 1289 5612 λευκότητι
1321 5539 1416 5596 τοῦ
1465 5540 1754 5612 μαρμάρου

156 5639 254 5709 τὴν
276 5637 592 5708 πορφυρᾶν
614 5634 786 5706 βαφὴν
818 5633 954 5706 πρὸς
975 5633 1036 5687 τὸ
1058 5632 1269 5705 συμύάν
1288 5633 1752 5704 κατασπείρουσα.

157 5733 340 5804 τρυφὴ
367 5731 598 5797 γίνεται
621 5730 732 5791 τοῖς
758 5727 1086 5799 λιχνοτὲροις
1103 5727 1332 5802 ὄμμασι,
1358 5725 1615 5796 πολυειδῆ
1633 5741 1751 5780 τινα

1862 4537 2255 4612 prOpemodum
2300 4535 2554 4597 aﬂlcitur,
2608 4532 2754 4604 quod
2793 4533 2992 4588 cmlum
3034 4531 3090 4586 in
3135 4545 3236 4586 suo
3289 4538 3435 4586 tecto

1861 4646 1972 4686 non
2016 4629 2242 4693 fecerit,
2289 4642 2391 4682 nec
2439 4626 2588 4696 ipsos
2638 4624 2770 4681 solis
2815 4622 2998 4678 radios
3040 4621 3094 4676 in
3147 4636 3213 4676 eo
3262 4623 3437 4692 possit

1862 4722 2140 4779 fabricari.
2172 4719 2535 4788 Quamobrem
2563 4717 2804 4788 undique
2831 4715 3050 4786 quidem
3082 4715 3271 4770 dilatat
3301 4714 3436 4770 mdi-

1861 4816 2108 4871 liciorum
2146 4811 2618 4882 circumscriptam
2662 4808 3107 4888 amplitudinem,
3140 4814 3194 4862 et
3234 4807 3433 4862 aedium

1861 4907 2149 4969 ambitum,
2196 4913 2456 4974 tanquam
2514 4902 2749 4972 aliquem
2807 4901 2971 4956 alium
3031 4901 3218 4956 orbem
3275 4908 3435 4954 terra:

1862 4999 1968 5055 sibi
2001 5003 2349 5052 construens.
2389 4993 2644 5050 Extendit
2678 5001 2856 5047 autem
2892 4990 3127 5061 parietes
3161 4991 3217 5046 in
3260 4990 3436 5045 maxi-

1861 5105 2004 5147 mam
2050 5086 2468 5160 longitudinem.
2497 5084 2687 5139 Variat
2717 5094 2895 5139 autem
2940 5081 3279 5138 internarum
3323 5080 3438 5134 ha-

1862 5181 2189 5237 bitationum
2233 5175 2720 5238 exstructionibus,
2769 5173 3108 5228 internorum
3150 5169 3436 5225 habitacu-

1865 5267 2040 5321 lorum
2077 5263 2362 5335 apparatui
2409 5271 2654 5316 mutuam
2683 5276 2749 5316 ex
2791 5276 2850 5316 se
2875 5267 2929 5316 et
2978 5275 3074 5331 per
3102 5273 3161 5314 sc
3196 5258 3337 5313 inter
3373 5271 3433 5312 se

1864 5356 2113 5428 praebens
2132 5356 2470 5411 varietatem.
2495 5351 2698 5408 Deinde
2721 5350 3164 5406 Lacedaemonius
3185 5357 3240 5406 et
3263 5347 3434 5402 Thcs~

1865 5449 2015 5505 salus
2068 5455 2123 5504 et
2173 5447 2438 5516 Carystus
2492 5445 2631 5517 lapis
2679 5443 3008 5513 explicatur,
3067 5448 3123 5495 et
3166 5439 3309 5493 ferro
3361 5436 3430 5490 ad

1823 5557 1826 5560 ’
1865 5537 2291 5594 incrustationes
2328 5534 2532 5590 Niliaca
2580 5542 2635 5590 et
2674 5531 2962 5587 Numidica
3010 5529 3224 5585 metalla
3276 5542 3432 5598 qua:-

1864 5637 2062 5684 runtur
2091 5645 2104 5682 :
2131 5627 2431 5698 quinetiam
2460 5625 2649 5682 iisdem
2677 5611 2764 5679 his
2785 5624 2985 5677 studiis
3022 5619 3253 5690 Phrygia
3283 5624 3434 5690 petra

1863 5720 2030 5778 simul
2082 5709 2406 5782 assumitur,
2452 5733 2574 5788 quae
2624 5713 2912 5770 marmoris
2954 5711 3176 5767 candori
3229 5704 3438 5780 purpu—

3923 3435 3941 4034 ί

3927 4243 3939 4390 1
