4018 6334
554 361 659 416 655

1714 347 1803 401 ~S.
1845 342 2167 400 CREGORII
2207 341 2496 398 NYSSENI
2656 358 2663 363 ‘
3604 354 3612 361 ‘
3637 340 3722 394 656

559 489 732 533 rcuztt,
771 466 862 523 ubi
914 464 1132 529 accidit,
1176 464 1421 518 inserens
1452 460 1710 523 colorem,
1750 459 1939 533 avidos
1976 456 2124 509 oble-

2249 458 2317 510 ιαί
2345 456 2583 526 πολυσχη
2594 456 2851 525 μὰτιστον
2876 454 2973 525 τὴν
2989 453 3243 523 ’διάχυσιν
3274 452 3360 506 τοῦ
3399 452 3649 525 χρώματος
3676 462 3724 514 ὲν

508 624 515 633 ο
557 571 670 617 ctat
699 532 911 619 oculos,
963 555 1153 610 multis
1184 554 1372 607 formis
1420 551 1715 623 ﬁgurisque
1753 532 2031 619 praeditam
2070 545 2123 598 in

562 655 685 709 albo
712 651 1010 720 depingens
1056 645 1257 700 coloris
1284 643 1660 700 suffusionem.
1691 643 1862 707 Quam
1897 639 2123 694 multum

566 746 620 800 in
665 744 781 796 ha‘c
824 738 1104 794 confertur
1138 735 1420 792 studium?
1462 734 1606 801 Quot
1650 743 1778 787 sunt
1823 732 2026 802 ﬁgurae,
2073 734 2128 782 et

560 849 722 905 quam
754 832 921 884 multa
951 829 1202 887 artiﬁcia,
1229 841 1352 881 cum
1377 826 1468 879 alii
1494 823 1710 894 quidem
1736 835 1876 892 aqua
1901 828 1955 875 et
1984 818 2127 872 ferro

560 921 817 978 materias
886 929 1071 973 secent
1121 934 1136 970 :
1182 917 1273 970 alii
1332 929 1464 969 vero
1532 913 1811 967 hominum
1876 908 2129 964 manibus

562 1022 725 1068 noctu
776 1011 979 1081 diuque
1028 1008 1392 1064 laborantium
1437 1007 1673 1062 etiiciant
1707 999 2129 1060 dissectionem?

560 1101 670 1159 Nec
714 1104 829 1157 hate
867 1101 1084 1172 quidem
1136 1098 1411 1167 suiﬁcjunt
1456 1098 1521 1151 iis
1548 1097 1653 1167 qui
1704 1097 1759 1149 in
1799 1107 1997 1147 vanum
2039 1106 2130 1144 or-

563 1203 749 1249 natum
795 1193 1034 1247 laborem
1092 1190 1434 1244 conferunt:
1481 1189 1575 1244 sed
1626 1193 1680 1243 et
1739 1185 1863 1240 vitri
1920 1183 2130 1254 puritas

515 1354 526 1364 .
560 1283 785 1337 venenis
815 1282 1129 1351 inquinatur
1158 1287 1211 1334 et.
1249 1278 1395 1332 varie
1427 1278 1675 1346 tingitur,
1722 1284 1781 1330 ut
1813 1275 1879 1329 ad
1921 1271 2133 1343 excogi-

563 1380 689 1427 tata:
742 1370 1074 1428 inventionis
1120 1369 1304 1422 luxum
1350 1375 1404 1421 et
1436 1366 1661 1421 delicias
1709 1381 1775 1419 ex
1821 1378 1886 1418 eo
1917 1377 2133 1432 quoque

562 1462 765 1533 aliquid
811 1463 1162 1533 adjungatur.
1199 1458 1483 1525 Quomodo
1534 1465 1714 1511 autem
1756 1455 1968 1510 narrari
2009 1468 2135 1523 pos—

476 1584 490 1604 .-
524 1632 530 1638 .
564 1564 684 1610 sent
714 1562 982 1607 tectorum
1015 1566 1179 1622 opera
1212 1562 1638 1620 supervacanea,
1674 1548 1727 1600 in
1757 1546 1955 1617 quibus
1991 1544 2135 1612 ligna

563 1662 685 1716 qua:
737 1645 873 1700 ﬁunt
928 1658 993 1697 ex
1037 1640 1238 1703 cedris,
1298 1639 1434 1692 artis
1473 1636 1777 1692 subtilitate
1823 1634 1897 1688 ita
1944 1646 2137 1686 rursus

563 1743 982 1797 convertuntur,
1038 1739 1098 1785 ut
1147 1736 1411 1803 putentur
1456 1729 1682 1780 arbores
1735 1740 1801 1779 ex
1862 1723 2137 1777 caelaturis

2224 546 2303 616 τῷ
2323 546 2501 617 λευκῷ
2529 546 2960 616 ζωγραφήσασα.
2995 545 3217 598 Ὀπόσαι
3242 544 3361 613 περί
3384 545 3569 599 τούτων
3591 564 3729 600 σπου-

2224 638 2313 691 δαί
2330 658 2344 703 ;
2373 638 2513 690 πόσα
2552 637 2620 690 τὰ
2652 640 2935 707 σχήματα;
2967 635 3112 689 πόσα
3141 635 3208 688 τὰ
3241 638 3609 705 μηχανήματας
3638 639 3730 691 τῶν

2230 728 2329 799 μὲν
2360 727 2512 782 ῦδατι
2548 728 2643 781 καί
2677 727 2879 797 σιδήρῳ
2912 726 3269 797 διαπριόντων
3299 726 3391 788 τὰς
3418 724 3556 790 ὕλας,
3587 726 3735 783 ἄλλων

2226 821 2283 874 δὲ
2323 819 2413 873 διὰ
2447 818 2643 890 χειρῶν
2674 817 3056 889 ἀνθρωπίνων,
3096 817 3259 869 νύκτα
3302 817 3392 869 καὶ
3428 819 3620 888 ἡμέραν
3652 836 3733 872 ποι

2227 910 2459 964 νούντων
2508 910 2619 963 τῶν
2682 907 3164 979 κατεργαζομένων
3212 905 3307 978 τὴν
3334 906 3608 978 ἔκπρησιν;
3648 911 3744 965 Καὶ

2228 1002 2350 1056 οὐδὲ
2399 1000 2570 1055 ταῦτα
2607 1001 2807 1071 ἢρκεσε
2848 1003 2959 1062 τοῖς
2997 997 3218 1065 πονοῦσι
3265 999 3388 1069 περί
3416 998 3502 1052 τὸν
3549 999 3742 1069 μάταιον

2229 1092 2432 1163 κόσμον
2451 1109 2465 1122 ⁸
2498 1090 2633 1145 ἀλλὰ
2664 1092 2760 1145 καὶ
2786 1089 2849 1143 τό
2875 1089 3114 1160 καθαρὸν
3143 1088 3243 1158 τῆς
3278 1088 3428 1141 ὑέλου
3456 1088 3537 1144 διὰ
3558 1090 3749 1160 φαρμά-

2231 1201 2343 1238 κων
2376 1184 2455 1248 εἰς
2485 1182 2664 1254 βαφὰς
2709 1181 2959 1244 ποικίλας
2989 1179 3416 1250 καταμολύνεται
3435 1220 3448 1245 ,
3479 1179 3549 1240 ὡς
3582 1179 3641 1232 ἂν
3669 1176 3750 1232 καὶ

2232 1274 2386 1347 παρὰ
2422 1275 2625 1344 ταύτης
2664 1291 2715 1326 τι
2750 1271 3043 1342 συναχθείη
3073 1274 3139 1343 τῇ
3168 1272 3278 1324 τῶν
3306 1272 3577 1341 νοημάτων
3601 1270 3750 1339 χλιδῇ.

2234 1366 2357 1428 Πῶς
2399 1366 2443 1419 δ’
2474 1365 2539 1421 ἄν
2582 1382 2667 1428 τις
2714 1365 2855 1417 είποι
2907 1362 3005 1427 τὰς
3056 1362 3163 1418 τῶν
3194 1362 3406 1434 ὀρόφων
3450 1361 3753 1432 περιεργίας,

2234 1458 2319 1525 ἐφ’
2339 1450 2413 1509 ὧν
2445 1455 2509 1508 τὰ
2538 1454 2667 1518 ξύλα
2685 1457 2748 1509 ὲκ
2779 1454 2969 1525 κέδρου
2995 1452 3255 1523 γινόμενα
3280 1449 3753 1518 πάλινὲπαναστρέ-

2236 1568 2402 1621 φοντα
2450 1548 2540 1601 διὰ
2583 1548 2689 1601 τῶν
2739 1545 3085 1615 σοφισμάτων
3114 1545 3216 1615 τῆς
3259 1542 3451 1613 τέχνης
3485 1539 3661 1611 δένδρα
3686 1555 3757 1593 νου

2240 1642 2536 1713 μιζόμενα,
2570 1638 2793 1702 κλάδους
2823 1637 2917 1691 καὶ
2954 1635 3125 1705 φύλλα
3162 1635 3261 1689 καὶ
3304 1633 3539 1704 καρποὺς
3580 1633 3633 1683 ἐν
3657 1631 3759 1685 ταῖς

2237 1730 2487 1798 γλυφίσιν
2508 1728 2793 1795 ὲκφύοντα.
2825 1724 3022 1779 Σιωπῶ
3042 1725 3133 1778 τὸν
3149 1723 3349 1795 χρυσὸν
3364 1722 3453 1776 τὸν
3473 1723 3547 1784 εἰς
3566 1719 3764 1778 λεπτοὺς

564 1844 769 1890 ramos,
814 1827 939 1881 folia
977 1832 1030 1881 et
1056 1822 1269 1877 fructus
1301 1820 1687 1892 producentes.
1722 1815 1900 1871 Taceo
1943 1830 2136 1869 aurum

2249 1823 2333 1875 καὶ
2379 1819 2637 1890 ἀερώδεις
2696 1817 2899 1889 ὑμένας
2937 1816 3360 1885 διατεινόμενον,
3399 1812 3489 1866 καὶ
3525 1803 3763 1877 πανταχοῦ

565 1922 711 1995 quod
765 1921 820 1974 in
853 1934 1041 1973 aereas
1096 1915 1443 1970 membranas
1483 1910 1811 1973 dissecatur,
1868 1916 1921 1960 et
1968 1906 2022 1959 in
2070 1904 2137 1959 iis

568 2015 768 2083 ubique
793 2010 1045 2072 illinitur,
1081 2016 1140 2061 ut
1172 2004 1361 2059 avidos
1400 2003 1595 2058 oculos
1623 2001 1676 2054 in
1705 2015 1763 2054 se
1793 2002 2134 2051 convertant.

569 2104 717 2158 Ebur
762 2109 941 2154 autem
983 2095 1131 2167 quod
1198 2095 1492 2150 asciscitur
1541 2091 1609 2146 ad
1652 2090 2049 2145 vestibulorum
2085 2094 2138 2140 ct

568 2197 831 2249 atriorum
862 2187 1168 2260 superﬂuos
1197 2196 1441 2250 ornatus,
1479 2191 1533 2239 et
1571 2182 1713 2253 quod
1755 2196 1943 2236 eorum
1982 2178 2139 2233 mela-

569 2285 711 2338 turis
744 2281 975 2336 illinitur
1006 2294 1223 2341 aurum,
1270 2287 1363 2330 aut
1402 2277 1547 2346 quod
1580 2274 1749 2328 claris
1784 2270 2019 2339 adigitur
2052 2284 2141 2322 ar-

534 2384 814 2459 igentum,
862 2382 915 2427 et
961 2386 1080 2440 qua:
1121 2378 1249 2423 sunt
1286 2366 1577 2438 ejusmodi,
1610 2364 1736 2435 quis
1766 2361 2000 2416 dixerit?
2042 2359 2140 2414 do-

534 2451 543 2467 !
572 2478 786 2521 morum
831 2464 1161 2535 pavimenta,
1192 2475 1313 2532 quae
1351 2458 1519 2514 variis
1558 2456 1908 2527 resplendent
1944 2451 2143 2507 colori-

542 2556 708 2635 bus?
748 2565 804 2610 ut
837 2556 1001 2608 etiam
1042 2567 1229 2607 eorum
1263 2550 1428 2621 pedes
1460 2551 1514 2604 in
1566 2548 1856 2617 splendore
1900 2543 2141 2614 lapidum

573 2647 870 2708 luxurient,
926 2652 979 2699 et
1029 2643 1084 2696 in
1128 2642 1397 2712 ejusmodi
1451 2641 1741 2696 domorum
1796 2636 2169 2692 multitudine

577 2743 741 2798 nimis
804 2738 1149 2794 ambitiosam
1214 2735 1699 2805 magnificentiam,
1753 2746 1986 2791 quarum
2038 2725 2175 2784 non'

576 2836 698 2889 vitae
740 2848 873 2887 usus
923 2828 1287 2884 necessariam
1338 2826 1468 2880 facit
1526 2824 2013 2885 constructionem,
2051 2818 2145 2875 sed

548 2924 850 2997 cupiditas
885 2938 981 2995 per
1017 2936 1079 2975 ea
1119 2934 1238 2989 qua:
1277 2927 1402 2971 sunt
1454 2916 1665 2970 inutilia
1714 2925 2023 2983 progressa,
2064 2924 2149 2963 ea-

577 3034 696 3072 rum
724 3016 929 3070 invenit
961 3011 1447 3083 importunitatem.
1480 3006 1612 3060 Nam
1640 3021 1703 3060 ex
1734 3003 1986 3058 domibus
2013 3000 2146 3055 alias

474 3092 486 3100 ’
554 3106 795 3177 [quidem
832 3111 1045 3174 op'irtet
1094 3116 1216 3156 esse
1252 3108 1469 3169 paratas
1504 3098 1568 3151 ad
1612 3110 1853 3156 cursum,
1898 3092 2033 3146 alias
2081 3091 2148 3145 ad

579 3192 1058 3257 deamlmlznnlum,
1100 3191 1237 3243 alias
1281 3189 1344 3242 ad
1396 3187 1724 3255 ingressum,
1769 3182 1905 3237 alias
1944 3180 2008 3233 ad
2057 3195 2148 3234 ve-

580 3287 861 3347 stibulum,
910 3282 1045 3335 alias
1088 3296 1206 3350 qua:
1255 3278 1425 3350 portis
1475 3276 1584 3329 sint
1634 3275 1921 3342 impositm.
1964 3270 2152 3340 Neque

582 3377 725 3431 enim
770 3373 903 3428 satis
942 3388 1063 3433 esse
1110 3377 1303 3441 putant
1342 3368 1406 3421 ad
1445 3369 1642 3426 fastum
1686 3377 1869 3436 portas
1904 3374 1957 3418 et
1991 3364 2153 3417 vesti-

580 3467 731 3533 bula,
777 3472 829 3519 et
865 3464 1101 3539 amplum
1153 3461 1294 3531 quod
1341 3469 1424 3515 cst
1477 3459 1615 3513 intra
1660 3466 1846 3527 portas
1895 3456 2151 3525 spatium,

583 3555 690 3611 nisi
744 3551 1176 3622 ingredientibus
1216 3547 1481 3617 ejusmodi
1524 3546 1654 3616 quid
1700 3546 1851 3621 prius
1880 3549 2155 3607 occurrat,

583 3641 729 3718 quod
753 3642 937 3697 statim
983 3639 1380 3710 ingredientem
1436 3636 1671 3691 videndo
1714 3634 1886 3709 possit
1920 3631 2158 3709 stupefa-

588 3750 734 3792 cere.
790 3732 887 3787 His
932 3730 1199 3785 accedunt
1248 3729 1486 3793 lavacra,
1545 3742 1664 3797 qum
1706 3741 1866 3784 usnm
1922 3723 2160 3800 prazbent

585 3826 750 3885 simul
797 3838 921 3878 cum
966 3820 1399 3893 magniﬁcentia,
1448 3818 1502 3872 in
1550 3817 1778 3872 fontium
1828 3814 2158 3871 abundantia

586 3919 720 3973 totis
762 3914 941 3969 ﬂuviis
987 3911 1291 3982 irrigantia,
1345 3918 1399 3965 et
1449 3924 1568 3979 quae
1619 3916 1745 3962 ante
1782 3922 1844 3965 ea
1886 3907 1991 3961 sita
2033 3910 2160 3963 sunt

558 3994 891 4079 ’gymnasia,
934 4018 1106 4079 eaque
1160 4000 1331 4055 variis
1379 3998 1745 4053 marmoribus
1792 3994 2071 4064 splendide
2107 4000 2160 4048 et

560 4097 791 4183 'aﬂ‘ahre
834 4094 901 4150 ad
945 4077 1198 4148 ornatum
1243 4098 1684 4155 constructa,.et
1733 4089 1972 4156 undique
2013 4087 2158 4140 circa

573 4192 733 4249 aedes
760 4190 1004 4261 porticus
1034 4183 1726 4252 Numidicis,~Thessalieis
1763 4189 1856 4234 aut
1887 4179 2159 4251 [Egineti—

591 4282 673 4337 (εἰς
722 4282 923 4338 innixa:
962 4279 1257 4339 columnis.
1315 4284 1368 4331 et
1410 4290 1485 4330 ass
1538 4274 1589 4327 in
1630 4272 1849 4335 statuis,
1911 4269 2057 4339 quod
2106 4268 2160 4322 in

594 4375 741 4430 mille
772 4375 981 4449 species
1003 4371 1297 4440 eﬂingitur,
1334 4382 1525 4436 nempe
1557 4367 1610 4419 in
1668 4364 2030 4434 quodcunque
2062 4377 2162 4415 cu-

594 4466 729 4522 riosi
759 4476 811 4520 et
835 4463 1223 4535 supervacanei
1256 4459 1437 4530 operis
1464 4456 1790 4512 desiderium
1836 4454 2011 4509 fundit
2044 4467 2160 4505 ma-

2236 1911 2441 1977 τούτοις
2459 1909 2759 1983 ὲπιχρωννύ
2769 1927 2925 1980 μενον
2955 1910 3030 1972 ὠς
3042 1909 3108 1962 ἂν
3129 1908 3227 1977 τὴν
3243 1904 3479 1975 λιχνείαν
3496 1901 3599 1954 τῶν
3618 1897 3767 1969 ὀμμά-

2235 2020 2343 2056 των
2378 2002 2511 2073 πρὸς
2543 2001 2732 2055 ἑαυτὸν
2764 1998 3100 2069 ὲπιστρέφοι.
3138 1995 3251 2066 Τὴν
3281 1995 3337 2048 δὲ
3365 1993 3470 2045 τῶν
3496 1988 3766 2058 ἐλεφάντων

2237 2093 2517 2165 εἰσφορὰν,
2568 2094 2648 2156 εἰς
2678 2091 2770 2144 τὸν
2798 2089 3088 2162 περίεργον
3121 2083 3501 2154 καλλωπισμὸν
3547 2080 3644 2134 τῶν
3674 2079 3768 2130 εἰσ-

2238 2183 2408 2249 όῗων,
2458 2183 2553 2236 τόν
2584 2198 2645 2234 τε
2680 2179 3050 2249 ἀλειφόμενον
3087 2180 3207 2240 ταῖς
3259 2173 3476 2244 γλυφίσι
3517 2170 3699 2224 τούτων
3740 2165 3768 2235 ἢ

2240 2277 2458 2349 χρυσὸν,
2498 2276 2532 2347 ἢ
2565 2273 2655 2328 τὸν
2676 2268 2765 2329 δία
2788 2272 2894 2324 τῶν
2914 2271 3057 2341 ἥλων
3089 2266 3515 2340 ἐγκροτούμενον
3543 2262 3769 2332 ἄργυρον,

2241 2368 2334 2420 καὶ
2371 2365 2550 2419 πάντα
2580 2363 2652 2418 τὰ
2676 2362 2900 2417 τοιαῦτα
2936 2360 2990 2414 τί
3021 2361 3087 2415 ἄν
3134 2376 3220 2422 τις
3258 2357 3435 2426 λέγοις
3477 2355 3509 2425 ἢ
3536 2353 3599 2419 τὰ
3628 2352 3771 2419 ἐδάφη

2241 2456 2350 2510 τῶν
2401 2454 2584 2509 οἰκιῶν
2630 2455 2750 2516 ταῖς
2782 2451 3064 2515 ιποικίλαις
3093 2449 3202 2503 τῶν
3249 2448 3410 2502 λίθων
3439 2445 3621 2518 βαφαῖς
3662 2441 3775 2495 ὑπο·

2243 2546 2523 2618 λάμποντα
2543 2586 2557 2609 ,
2588 2543 2664 2606 ὼς
2690 2543 2755 2596 ἂν
2783 2543 2877 2596 καί
2905 2543 2953 2595 οἰ
2985 2540 3143 2604 πόδες
3171 2539 3354 2593 αὐτῶν
3382 2538 3478 2607 τῆς
3505 2534 3664 2604 αὐγῆς
3686 2531 3776 2584 τῶν

2243 2638 2407 2694 λίθων
2428 2634 2839 2707 κατατρυφῶσι,
2867 2634 2965 2704 τήν
2996 2650 3055 2685 τε
3082 2632 3225 2685 κατὰ
3254 2631 3317 2684 τὸ
3350 2628 3545 2698 πλῆθος
3572 2626 3669 2679 τῶν
3687 2639 3778 2676 τοι·

2244 2727 2415 2783 ούτων
2443 2726 2606 2780 οἴκων
2640 2724 2967 2795 φιλοτιμίαν,
3010 2716 3087 2777 ὧν
3126 2722 3254 2794 οὐχὶ
3279 2723 3317 2793 ἡ
3354 2719 3507 2791 χρεία
3538 2718 3631 2786 τῆς
3656 2714 3779 2784 ζωῆς

2246 2819 2343 2891 τὴν
2382 2816 2722 2888 κατασκευὴν
2759 2815 3063 2885 ἀναγκαίαν
3110 2817 3281 2878 ποιεῖ,
3324 2813 3437 2866 ἀλλ’
3472 2813 3507 2883 ἡ
3548 2805 3780 2877 ἐπιθυμία

2246 2907 2334 2963 διὰ
2370 2905 2479 2959 τῶν
2517 2907 2755 2977 ἀνοήτων
2785 2904 3050 2975 προϊοῦσα
3088 2904 3334 2976 εὑρίσκει
3385 2900 3646 2972 ἀκαιρίαν.
3680 2896 3781 2964 Χρὴ

2248 2998 2357 3067 γὰρ
2382 2997 2489 3050 τῶν
2515 2999 2675 3052 οίκων
2701 2997 2825 3056 τοὺς
2855 2995 2951 3066 μὲν
2973 2995 3206 3066 δρόμους
3238 2988 3400 3055 εἶναι,
3432 2992 3552 3050 τοὺς
3571 2989 3624 3042 δὲ
3648 3003 3783 3057 περι·

2252 3090 2484 3154 πάτους,
2514 3090 2640 3153 τοὺς
2674 3089 2772 3158 μὲν
2812 3088 3099 3151 εἰσοδίους,
3126 3072 3271 3151 ’τοὺς
3302 3086 3359 3139 δὲ
3418 3079 3782 3155 προεισοδίους,

2175 3189 2218 3246 c
2249 3180 2440 3244 ἄλλους
2472 3179 2807 3241 ὲπιπυλίους.
2858 3178 2933 3231 Οὐ
2978 3177 3084 3248 γὰρ
3140 3177 3339 3246 ἀρκεῖν
3388 3172 3633 3245 ἡγοῦνται
3673 3166 3786 3237 πρὸς

2254 3271 2465 3341 κόμπον
2490 3268 2589 3330 τὰς
2627 3268 2797 3330 πύλας
2828 3266 2922 3320 καὶ
2952 3265 3018 3321 τὰ
3051 3266 3387 3338 προπύλαια,
3426 3263 3517 3317 καὶ
3545 3262 3637 3331 τὴν
3662 3255 3789 3315 ἐντὸς

2254 3359 2360 3415 τῶν
2388 3357 2566 3411 πυλῶν
2594 3355 2964 3428 εὐρυχωρίαν,
2996 3356 3044 3407 εἰ
3085 3357 3158 3426 μή
3185 3375 3241 3410 τι
3270 3354 3507 3411 τοιοῦτον
3533 3360 3789 3420 προεντυγ-

2252 3450 2402 3521 χάνει
2456 3451 2568 3511 τοῖς
2628 3443 2913 3507 εἰσιοῦσιν,
2968 3437 3078 3498 οἷον
3116 3444 3282 3507 εὐθὺς
3332 3438 3660 3507 καταπλῆξαι
3712 3431 3789 3486 τοῦ

2254 3536 2529 3609 ὁρωμένου
2558 3535 2650 3589 τὸν
2678 3534 3077 3605 εἰσερχόμενον.
3112 3534 3339 3605 Λουτρὰ
3361 3552 3421 3587 τε
3461 3530 3589 3605 πρὸς
3612 3525 3789 3585 τούτοις

2257 3626 2635 3699 συμπαριόντα
2656 3620 2721 3697 τῇ
2753 3624 3030 3695 φιλοτιμία
3061 3623 3158 3696 τὴν
3183 3624 3387 3698 χρῆσιν
3411 3623 3659 3693 ποταμοῖς
3676 3617 3794 3678 ὅλοις

2255 3718 2315 3770 ὲν
2361 3720 2426 3789 τῇ
2470 3717 2578 3770 τῶν
2623 3716 2866 3788 κρουνῶν
2906 3710 3154 3786 δαψιλείᾳ
3198 3715 3673 3785 κατακλυζόμενα,
3715 3707 3793 3762 καὶ

2255 3810 2459 3864 τούτων
2496 3810 2911 3881 προϐεϐλημένα
2940 3810 3218 3880 γυμνάσια
3242 3851 3258 3873 ,
3301 3811 3395 3864 καὶ
3423 3809 3587 3863 ταῦτα
3628 3816 3793 3874 περισ-

2258 3897 2367 3969 σῶς
2410 3898 2496 3952 διὰ
2548 3898 2805 3952 ποικίλων
2852 3898 3177 3970 μαρμάρων
3210 3900 3295 3962 εἰς
3341 3898 3546 3968 κόσμον
3595 3893 3797 3964 ἐξησκη-

2262 3990 2429 4061 μένα,
2454 3989 2602 4050 στοαί
2621 4007 2679 4043 τε
2711 3988 3046 4059 πανταχόθεν
3099 3991 3231 4061 περὶ
3260 3990 3361 4062 τὴν
3402 3989 3604 4061 οἴκησιν
3624 3985 3798 4051 Νουμι-

2259 4078 2392 4141 δίοις
2409 4118 2424 4142 .
2471 4077 2506 4149 ἢ
2531 4074 2844 4139 Θεσσαλοῖς.
2883 4078 2919 4149 ἢ
2952 4077 3273 4148 Αἰγινήταις
3303 4078 3516 4141 στύλοις
3552 4068 3797 4143 ὑπερειδό-

2264 4187 2449 4246 μεναι,
2471 4173 2575 4226 ὅτε
2606 4169 2664 4225 ἐν
2697 4171 2810 4232 τοῖς
2860 4168 3106 4240 ἀνδριᾶσι
3154 4170 3366 4239 χαλκὸς
3412 4167 3517 4233 ὢν,
3550 4167 3625 4228 εἰς
3656 4158 3796 4234 μυρία

2261 4259 2372 4330 εἴδη
2406 4259 2811 4331 σχηματίζοιτο,
2842 4260 2977 4333 πρὸς
3008 4259 3035 4311 ὃ
3054 4277 3103 4312 τι
3202 4259 3474 4330 ἐπιθυμία
3494 4258 3798 4331 τῆςπεριερ-

2261 4351 2413 4421 γείας
2434 4350 2545 4421 χέει
2564 4350 2663 4421 τὴν
2694 4349 2845 4421 ὕλην,
2876 4351 2944 4404 τά
2965 4367 3021 4403 τε
3054 4351 3118 4403 ἐκ
3144 4352 3255 4404 τῶν
3288 4351 3593 4423 μαρμάρων
3615 4342 3794 4402 εἴδωλαν

2263 4443 2357 4495 καὶ
2411 4443 2509 4505 τὰς
2564 4443 2656 4493 ἐπὶ
2706 4442 2815 4494 τῶν
2856 4442 3099 4499 πινάκων
3145 4444 3498 4515 ἐπιγραφὰς,
3533 4442 3596 4494 δι’
3625 4432 3691 4491 ὦν
3722 4432 3796 4487 καὶ

594 4556 812 4620 teriam,
840 4522 1059 4624 et'quaa
1090 4555 1144 4609 in
1189 4522 1389 4606 tabulis
1422 4536 1664 4619 pictum,
1713 4560 1806 4615 per
1832 4558 1969 4615 quas
2002 4545 2149 4596 etian'

2269 4537 2379 4599 τοῖς
2424 4534 2717 4603 ὀξθαλμοϊς
2768 4531 3215 4604 ὲκπορνεύουσιν,
3265 4530 3676 4603 ἀπογυμνοῦσης
3718 4522 3795 4591 τῆς

596 4645 937 4701 fornicamur
982 4644 1178 4703 oculis.
1226 4653 1340 4699 arte
1372 4641 1646 4711 aperiente
1680 4653 1775 4711 per
1811 4635 2165 4689 imitationem

595 4751 660 4792 ea
689 4752 810 4805 quae
838 4736 1007 4804 aspici
1050 4741 1346 4807 nequeunt.
1375 4741 1429 4785 et
1466 4741 1805 4798 quaecunque
1835 4725 1961 4778 licet
1989 4722 2168 4775 videre

598 4827 654 4881 in
689 4827 758 4880 iis
789 4840 910 4896 qua:
950 4831 1076 4877 sunt
1104 4819 1375 4890 ejusmodi
1424 4818 1628 4872 aliabre
1661 4814 1801 4869 facta
1831 4813 1896 4868 ad
1932 4812 2169 4866 admira-

599 4919 801 4974 tionem
841 4924 903 4969 οι·
923 4913 1408 4985 pulchritudinem.

672 5007 956 5076 Quomodo
992 5019 1207 5075 possem
1255 5000 1533 5069 sigillatim
1590 4998 1768 5052 verbis
1807 4994 2057 5066 persequi
2104 5007 2165 5045 ea

603 5101 658 5153 in
689 5110 811 5167 qua:
844 5094 1082 5150 studium
1120 5089 1263 5162 quod
1288 5088 1590 5153 confertur,
1618 5095 1703 5142 est
1732 5082 2084 5155 reprehensio
2115 5087 2168 5132 et

604 5188 938 5246 insimulatio
995 5183 1334 5256 negligentia}:
1392 5183 1446 5236 in
1496 5182 1563 5235 iis
1603 5197 1723 5251 qua:
1770 5184 1891 5233 sunt
1954 5172 2171 5244 priora?

603 5282 723 5349 Quo
752 5280 895 5335 enim
927 5276 1103 5344 major
1142 5275 1303 5329 fuerit
1337 5281 1392 5329 et
1443 5271 1790 5325 multitudine
1830 5278 1883 5322 et
1930 5264 2170 5320 materias

605 5379 826 5442 sumptu
881 5366 1281 5439 magniﬁcentia
1338 5366 1391 5418 in
1457 5364 1652 5417 a'dinm
1711 5359 2037 5418 structuris,
2101 5371 2168 5410 eo

607 5465 781 5535 magis
815 5460 1061 5531 arguitur
1095 5459 1401 5512 inornatam
1437 5472 1560 5511 esse
1595 5455 1851 5507 animam.
1893 5447 1994 5517 Qui
2027 5449 2169 5501 enim

610 5556 676 5611 ad
733 5556 969 5624 seipsum
1021 5551 1240 5620 aspicit,
1300 5542 1351 5607 et
1397 5547 1786 5602 habitationem
1836 5557 1961 5596 vere
2015 5554 2168 5593 suam

610 5628 867 5711 exornat,
908 5652 967 5697 ut
999 5642 1292 5713 aliquando
1320 5641 1479 5694 etiam
1528 5637 1693 5691 Deum
1737 5631 1975 5701 excipiat
2021 5628 2175 5681 habi-

611 5732 834 5804 tantem,
885 5741 930 5796 is
961 5740 1120 5793 aliam
1166 5736 1325 5791 habet
1361 5733 1641 5811 materiam
1684 5746 1747 5784 ex
1780 5741 1887 5797 qua
1931 5725 2023 5777 tali
2072 5722 2174 5775 ha-

2266 4625 2461 4696 τέχνης
2495 4626 2602 4678 ἀπὸ
2645 4626 2926 4695 μιμήσεως
2973 4622 3042 4676 τὰ
3074 4622 3319 4691 ἀθέατα,
3370 4626 3465 4677 καὶ
3494 4624 3591 4677 ὅσα
3626 4623 3677 4672 ὲν
3710 4615 3793 4673 rei;

2267 4714 2529 4777 τοιούτοις
2575 4714 2722 4768 ἔστιν
2753 4713 2880 4768 ἰδεῖν
2908 4715 2986 4777 εἰς
3011 4712 3277 4787 ἔκπληξίν
3326 4731 3385 4767 τε
3418 4714 3512 4766 καὶ
3539 4711 3674 4783 ῶραν
3699 4707 3791 4757 ἑπι-

2267 4803 2601 4874 τεχνώμενα.

2342 4987 2465 5051 Πῶς
2500 4988 2565 5041 ἄν
2603 5005 2686 5050 τις
2734 4987 2805 5040 τὰ
2849 4987 2968 5042 καθ’
2997 4989 3229 5042 ἕκαστον
3263 4986 3522 5052 διεξέλθοι
3548 4983 3620 5054 τῷ
3657 4980 3797 5045 λόγῳ.

2273 5081 2331 5133 ὲν
2363 5075 2443 5144 οἷς
2483 5082 2516 5152 ἡ
2544 5078 2743 5149 σπουδὴ
2774 5080 3075 5152 κατηγορία
3104 5081 3197 5134 καί
3246 5082 3467 5149 ἔλεγχος
3498 5079 3588 5146 τῆς
3616 5072 3725 5139 περὶ
3749 5064 3802 5118 τὰ

2275 5173 2517 5244 πρότερα
2569 5170 2837 5243 ῥᾳθυμίας
2889 5172 3067 5235 ὲστίνς
3101 5172 3253 5242 Ὂσῳ
3307 5172 3419 5241 γὰρ
3455 5170 3519 5224 ἂν
3570 5160 3804 5228 πλεονάσῃ

2273 5264 2350 5333 τῷ
2394 5262 2588 5332 πλήθει
2635 5262 2729 5315 καί
2770 5264 2835 5333 τῇ
2879 5262 3003 5333 περὶ
3045 5263 3142 5325 τὰς
3176 5261 3309 5326 ῦλας
3339 5258 3607 5330 φιλοτιμῖᾳ
3650 5253 3732 5322 τὴν
3756 5249 3805 5298 ἐν

2274 5358 2387 5419 τοῖς
2424 5351 2988 5423 κατασκευαζομένοις
3038 5353 3311 5418 σπουδὴν,
3360 5349 3594 5420 τοσούτῳ
3637 5339 3804 5414 μᾶλλον

2274 5448 2483 5518 ἐλέγχει
2524 5445 2583 5498 τὸ
2610 5447 2706 5515 τῆς
2752 5443 2931 5514 ψυχῆς
2977 5442 3411 5496 ἀκαλλώπιστον.
3461 5442 3518 5493 Ὀ
3552 5438 3651 5505 γὰρ
3692 5427 3803 5498 πρὸς

2275 5539 2464 5592 ἑαυτὸν
2492 5536 2724 5609 βλέπων,
2766 5536 2860 5588 καὶ
2894 5534 2995 5606 τὴν
3024 5534 3157 5587 ἰδίαν
3194 5533 3367 5596 ὅντως
3395 5533 3599 5601 οἴκησιν
3630 5518 3805 5578 καλλω-

2276 5630 2477 5693 πίζων,
2509 5627 2649 5680 ὥστε
2698 5625 2828 5678 ποτὲ
2877 5625 2973 5678 καὶ
3022 5625 3113 5678 τὸν
3141 5624 3274 5679 Θεὸν
3320 5627 3526 5680 ἐνοικον
3556 5613 3798 5682 δέξασθαι.

2278 5719 2442 5781 ἄλλας
2495 5718 2604 5787 ἔχει
2655 5715 2751 5776 τὰς
2786 5714 2917 5778 ῦλας
2964 5715 3021 5778 ἐξ
3065 5708 3138 5768 ὧν
3182 5714 3246 5766 τδ
3293 5713 3483 5776 κάλλος
3510 5713 3575 5780 τῇ
3611 5700 3799 5769 τοιαύτῃ
