4018 6334
501 272 618 327 055}

1700 266 1759 323 S.
1805 264 2129 323 GREGORII
2165 259 2461 319 NYSSENI-

3599 260 3691 317 660

500 395 623 436 rum
672 380 1027 450 plantationis
1076 381 1371 437 confessio.
1426 382 1560 447 Qua:
1588 382 1833 438 enimet
1881 380 2077 453 quales

2180 377 2281 449 γὰρ
2308 378 2403 430 καὶ
2434 371 2527 429 οἷα
2556 374 2673 426 ἐστι
2721 370 2791 431 τὰ
2818 370 2913 425 τοῦ
2961 369 3103 422 οίνου
3146 367 3518 441 ἀποτελούμενα
3545 375 3688 447 πάθη,

504 479 635 524 sunt
662 484 784 538 quae
811 484 841 521 a
868 469 995 523 vino
1022 470 1161 525 ﬂunt
1192 470 1525 537 aﬂ‘ectiones,
1557 487 1651 527 eas
1679 486 1873 527 omnes
1899 471 2076 526 oratio

505 566 775 629 potestate
803 559 1201 629 complectitur.
1240 560 1376 626 Quis
1408 560 1554 615 enim
1595 576 1661 616 ex
1686 562 1945 617 omnibus
1979 576 2078 616 ne-

505 649 631 712 scit,
665 649 808 719 quod
840 649 1047 716 vinum,
1095 651 1316 720 quando
1377 650 1733 707 immoderate
1797 660 2077 722 sumptum
2110 704 2115 710 .

505 739 720 793 excedit
750 742 932 807 usum,
980 749 1067 796 est
1104 740 1281 795 fomes
1330 742 1789 813 intemperantiae,
1820 743 2074 812 suppedi-

506 838 587 884 tat
617 831 940 900 voluptates,
969 841 1053 887 est
1104 833 1379 902 pernicies
1423 834 1749 905 juventutis,
1811 835 2074 904 probrum

514 924 838 990 senectutis,
872 923 1111 980 dedecus
1163 925 1476 990 mulierum,
1535 925 1765 981 insaniat
1819 925 2076 996 pharma-

504 1028 653 1077 cum,
684 1013 987 1068 insolentia:
1015 1024 1068 1069 et
1096 1016 1410 1086 petulantia:
1438 1016 1723 1080 viaticum,
1760 1016 1954 1070 anima:
1984 1029 2078 1070 ve-

504 1120 729 1169 nenum,
771 1105 969 1161 mentis
1001 1106 1277 1175 interitus,
1308 1108 1532 1165 virtutis
1564 1106 1863 1163 alienatio?
1887 1106 1964 1160 Ex
1984 1106 2078 1162 illo

504 1205 590 1251 est
626 1198 774 1253 risus
805 1199 1012 1270 absque
1036 1200 1144 1263 ulla
1174 1202 1484 1267 occasione,
1522 1201 1703 1255 luctus
1732 1200 1854 1255 sine
1882 1214 2073 1266 causa,

505 1300 823 1359 spontaneae
871 1291 1161 1362 lacrymae,
1214 1307 1337 1363 ηοω
1393 1293 1705 1347 consistere
1734 1307 1845 1347 non
1899 1299 2079 1363 potetst

499 1379 788 1449 jactantia,
812 1381 867 1436 in
900 1383 1186 1438 mendacio
1217 1383 1573 1453 impudentia,
1604 1398 1794 1439 eorum
1827 1398 1948 1454 qua:
1976 1383 2080 1437 mi-

505 1473 653 1528 nime
688 1488 812 1528 esse
868 1476 1082 1543 possint
1132 1475 1498 1539 desiderium,
1548 1490 1679 1546 spes
1727 1491 1915 1530 eorum
1957 1489 2080 1545 quae

505 1574 784 1633 nequeunt
832 1567 942 1621 ulla
988 1567 1101 1622 ﬂeri
1153 1568 1385 1629 ratione,
1430 1566 1592 1621 mina:
1638 1566 1803 1622 nimis
1836 1565 2079 1632 tumidae,

506 1666 688 1712 metus
745 1673 943 1727 expers
1009 1658 1263 1726 rationis,
1320 1658 1544 1713 minime
1604 1658 1808 1713 sentire
1860 1672 1924 1713 ea
1958 1671 2079 1728 qua:

2177 470 2356 523 πάντα
2382 470 2449 539 τῇ
2487 465 2714 535 δυνάμει
2740 461 2983 531 περιέχει
3006 463 3036 514 6
3062 460 3237 529 λόγος.
3269 460 3358 523 Τίς
3386 460 3482 533 γὰρ
3498 465 3582 518 οὐκ
3600 462 3687 521 οἶδε

2175 562 2284 615 τῶν
2318 560 2557 623 πάντων,
2587 557 2670 610 ὅτι
2716 549 2879 619 οἶνος,
2907 555 3035 607 ὅταν
3062 548 3261 622 παρῄει
3289 556 3350 625 τῇ
3377 554 3586 629 ἀμετρία
3612 560 3693 631 τὴν

2176 652 2385 723 χρείαν,
2414 648 2707 710 ἀκολασίας
2731 646 2880 699 ἐστὶν
2902 644 3255 715 ὑπέκκαυμα,
3274 644 3459 715 ἡδονῶν
3479 648 3692 719 χορηγία,

2175 743 2426 813 “gmw;
2456 739 2624 810 λύμη,
2663 739 2857 809 γήρως
2901 735 3255 811 ἀσχημοσύνη
3276 778 3290 800 ,
3320 737 3567 804 γυναικῶν
3603 741 3699 794 ἀτι-

2181 836 2297 907 μία,
2355 832 2552 905 μανίας
2608 831 2920 902 φάρμακον,
2971 826 3257 900 παροινίας
3303 828 3525 897 ἐφόδιον,
3549 829 3701 900 ψυχῆς

2176 926 2519 997 δηλητήριον,
2544 921 2781 984 διανοίας
2826 920 3111 992 νέκρωσις,
3141 920 3337 991 ἀρετῆς
3365 920 3710 991 summa“,

2189 1017 2427 1072 Ἐκεῖθεν
2447 1017 2475 1069 6
2491 1014 2896 1087 ἀπροφάσιστος
2916 1012 3109 1082 γέλως,
3127 1013 3155 1066 6
3171 1012 3303 1066 ἄνευ
3332 1012 3497 1076 αίτίας
3519 1013 3702 1086 θρῆνος,

2180 1110 2242 1164 τὸ
2297 1108 2599 1179 αὐτόματον
2628 1105 2861 1177 δάκρυον
2881 1147 2895 1171 ,
2923 1106 2957 1176 ἠ
3000 1103 3361 1167 ἀνυπόστατος
3394 1105 3727 1177 μεγαλαυχία,

2178 1201 2213 1271 ἡ
2244 1201 2335 1253 ἐπὶ
2362 1198 2440 1269 τῷ
2482 1197 2667 1268 ψεύδει
2714 1195 3099 1266 ἀναισχυντία,
3141 1196 3174 1265 ἠ
3226 1194 3329 1250 τῶν
3383 1196 3706 1269 ἀνυπάρκτων

2179 1287 2466 1356 ἐπιθυμία,
2489 1288 2527 1358 ἡ
2550 1285 2657 1340 τῶν
2690 1284 2988 1356 ἀμηχάνων
3019 1282 3248 1353 ὲλπὶς,ἠ
3280 1283 3567 1354 ὑπέρογκος
3586 1284 3716 1338 ἀπει-

2177 1379 2266 1450 λὴ,
2298 1381 2326 1431 6
2362 1377 2556 1445 ἄλογος
2585 1374 2771 1446 φόὸος,
2804 1378 2838 1446 ὴ
2870 1376 2979 1429 τῶν
3028 1374 3170 1428 κατὰ
3223 1374 3470 1447 ἀλήθειαν
3500 1375 3722 1449 φοϐερῶν

2179 1468 2522 1540 ἀναισθησία,
2556 1469 2591 1539 ἡ
2628 1466 2865 1530 ἀναίτιος
2913 1465 3140 1535 ὑποψία,
3173 1467 3208 1537 ἡ
3237 1466 3532 1538 παράλογος
3551 1468 3718 1536 φιλαν-

2181 1560 2420 1633 θρωπία,
2446 1561 2481 1633 ἡ
2524 1558 2634 1612 τῶν
2666 1558 2942 1613 ἀδυνάτων
2994 1556 3297 1627 ἐπαγγελία
3322 1574 3336 1590 ·
3371 1558 3456 1611 ἵνα
3485 1559 3722 1630 παρῶμεν

2178 1652 2247 1704 τὰ
2270 1650 2427 1715 ἄλλα,
2459 1650 2548 1703 τὸν
2576 1650 2797 1721 ἀπρεπῆ
2826 1646 3133 1719 νυσταγμὸν
3154 1687 3169 1715 ,
3199 1647 3299 1719 τὴν
3328 1648 3552 1720 πάρετον
3580 1665 3733 1720 καρηα

506 1755 637 1800 sunt
668 1764 791 1804 vere
824 1749 1209 1815 formidabilis,
1243 1749 1495 1818 suspicio.
1531 1749 1845 1814 temeraria,
1879 1748 2077 1803 huma-

2181 1742 2397 1815 6αρίαν,
2424 1741 2521 1813 τὴν
2541 1743 2605 1794 ὲκ
2631 1744 2732 1812 τῆς
2759 1740 3000 1815 ἀμέτρου
3025 1738 3321 1812 πληθώρας
3348 1740 3733 1812 ἀσχημοσύνην,

505 1840 653 1896 nitas
698 1842 901 1897 rationi
958 1858 1306 1914 nequaquam
1355 1850 1746 1905 consentanea,
1784 1841 2080 1911 promissio

504 1947 693 1986 eorum
717 1950 838 2003 quae
862 1935 976 1989 fieri
1008 1942 1318 2004 nequeunt:
1352 1940 1411 1988 ut
1435 1934 1541 1986 alia
1567 1933 2077 2003 prtetermittam‘us,

506 2025 829 2079 indecoram
880 2025 1323 2079 dormitationem
1350 2063 1364 2088 ,
1406 2023 1731 2079 dissolutam
1791 2022 2078 2093 crapulam

506 2126 671 2184 caput
736 2123 1080 2187 gravantem,
1135 2130 1201 2169 ex
1260 2113 1555 2169 immodica
1605 2113 1906 2184 repletione
1957 2124 2078 2169 tur-

505 2207 829 2277 pitudinem,
858 2205 1269 2262 dissolutionem
1300 2204 1683 2267 articulorum,
1708 2204 1833 2259 colli
1856 2212 2079 2260 contor-

505 2299 747 2363 sionem,
796 2296 942 2367 quod
1008 2310 1068 2351 se
1100 2310 1215 2350 non
1273 2302 1455 2366 potest
1511 2294 1747 2364 amplius
1804 2296 2079 2351 sustinere

508 2403 675 2457 super
715 2388 991 2450 humeros,
1018 2386 1129 2440 vini
1162 2386 1393 2440 humore
1418 2385 1545 2440 colli
1588 2385 1945 2455 ligamentum
1987 2401 2077 2441 re-

509 2476 924 2543 solvenle.Quid
947 2476 1217 2543 nefarium
1236 2476 1570 2547 perpetravit
1602 2475 1867 2546 ﬂagitium
1898 2478 2077 2533 coitus

506 2585 631 2623 cum
669 2567 991 2634 lilia?Quid
1024 2568 1081 2621 in
1124 2569 1197 2622 iis
1221 2582 1343 2637 quae
1387 2566 1589 2622 flebant
1613 2566 1717 2622 Lot
1756 2568 1894 2623 laesit
1928 2586 2079 2624 men-

505 2669 615 2716 tem
640 2661 705 2721 ⁸³,
744 2667 801 2713 ut
833 2659 927 2729 qui
974 2668 1029 2714 et
1074 2658 1340 2729 ﬂagitium
1400 2660 1815 2729 perpetraverit,
1849 2668 1903 2716 et
1931 2661 2078 2732 quod

509 2752 837 2821 perpetravit
868 2751 1202 2822 ignoraverit
1238 2751 1263 2804 ’ἒ
1308 2750 1449 2816 Quid
1481 2752 1716 2807 alienam
1753 2752 1970 2807 illorum
2012 2754 2079 2807 ﬂ-

408 2876 411 2877 ν
507 2844 704 2897 liorunt
741 2842 1161 2913 appellationem
1196 2841 1483 2896 innovavit
1516 2849 1785 2911 tanquam
1826 2842 1885 2896 in
1909 2845 2081 2914 amig-

506 2934 690 2989 tnate?
723 2933 1009 3000 Quomodo
1048 2932 1299 2989 scelerati
1336 2940 1529 3003 partus
1570 2941 1797 2998 matres,
1854 2932 2079 2988 fuerunt

506 3040 725 3081 sorores
753 3040 979 3080 suorum
1011 3023 1245 3079 ﬂliorum
1266 3024 1299 3076 Ἃ
1322 3022 1613 3089 Quomodo
1674 3024 1771 3077 ﬂlii
1826 3025 2076 3079 eumdem

507 3116 670 3171 simul
713 3109 985 3170 habebant
1012 3122 1067 3169 et
1100 3121 1311 3184 patrem
1338 3122 1393 3168 et
1421 3114 1626 3168 avum?
1650 3113 1791 3180 Quid
1817 3122 1902 3169 est
1932 3116 2077 3186 quod

506 3206 759 3262 confudit
791 3216 1043 3262 naturam
1067 3208 1121 3260 in
1145 3204 1355 3261 nefario
1380 3206 1630 3261 scelere?
1650 3206 1732 3261 An
1753 3222 1863 3261 non
1888 3208 2076 3263 vinum

506 3297 654 3367 quod
686 3298 907 3352 modum
935 3297 1196 3361 excessit,
1225 3295 1366 3349 hanc
1391 3296 1479 3349 cui
1518 3294 1652 3352 ﬂdes
1680 3311 1789 3351 non
1819 3296 2076 3364 habetur,

507 3389 718 3443 invexit
766 3387 1285 3457 tragoediam?1\'on
1342 3388 1585 3443 ebrietas
1635 3389 1882 3445 historiae
1914 3391 2076 3445 talem

507 3479 733 3534 annexit
789 3478 1050 3559 fabulam,
1098 3495 1221 3549 quae
1256 3485 1358 3535 suo
1390 3494 1621 3535 excessu
1688 3495 1849 3535 veras
1911 3481 2077 3537 etiam

508 3576 731 3636 supcrat
763 3566 1017 3621 fabulas?
1062 3565 1434 3631 Suum-enim,
1473 3568 1679 3637 inquit,
1719 3576 1932 3638 patrem
1979 3585 2078 3641 po-

509 3667 698 3713 tarunt
723 3660 868 3713 vino.
903 3657 967 3714 Et
992 3658 1072 3713 sic
1103 3667 1284 3714 mente
1325 3659 1374 3714 ei
1418 3659 1546 3715 vino
1599 3658 1913 3729 deturbata,
1959 3670 2079 3715 tan-

507 3751 795 3822 qnatnqni
824 3750 1000 3821 magia
1070 3749 1251 3820 aliqua
1292 3759 1447 3823 esse;
1498 3750 1871 3816 dementatus,
1937 3752 2079 3808 hanc

508 3842 711 3897 mundo
740 3842 997 3911 tragicam
1031 3841 1251 3911 reliquit
1282 3843 1683 3907 narrationem,
1720 3851 1780 3897 ut
1806 3843 1895 3897 cui
1924 3850 2067 3897 tem-

506 3950 647 4004 pore
668 3934 961 4004 perpetrati
987 3931 1175 4002 ﬂagitii
1202 3933 1272 3988 ab
1299 3933 1568 3989 ebrietate
1600 3933 1748 3989 furto
1787 3934 2079 4005 subreptus

508 4026 671 4080 fuerit
704 4040 922 4080 sensus.
955 4023 1001 4079 Ο
1027 4040 1194 4095 quam
1226 4026 1367 4080 male
1398 4026 1657 4081 mulieres
1687 4026 1818 4093 illae,
1854 4042 1918 4082 ex
1946 4042 2079 4082 con-

506 4116 692 4173 clitivis
728 4114 1134 4171 Sodomitarum
1160 4117 1321 4183 cibis,
1352 4130 1539 4172 secum
1577 4118 1767 4172 vinum
1794 4119 2078 4174 tulerunt!

506 4210 552 4265 0
586 4225 750 4281 quam
782 4210 983 4264 malum
1030 4210 1288 4265 amicitias
1333 4210 1568 4265 indicem
1600 4217 1786 4280 potum
1835 4226 1902 4265 ex
1935 4211 2083 4265 malo

507 4313 717 4358 cratere
768 4303 905 4372 patri
958 4316 1060 4356 suo
1117 4301 1445 4357 infuderunt
1478 4303 1492 4355 ί
1529 4301 1705 4368 Quam
1765 4301 1925 4371 longe
1957 4310 2077 4356 erat

507 4397 705 4451 melius
738 4410 860 4449 cum
890 4394 1146 4450 omnibus
1187 4394 1321 4449 illud
1378 4408 1598 4465 quoque
1629 4393 1817 4448 vinum
1854 4393 2079 4449 interire

510 4485 784 4550 Sodomis,
842 4487 1164 4557 priusquam
1218 4486 1379 4541 talem
1439 4485 1810 4555 suppeditaret
1870 4496 2078 4556 tragoe-

428 4622 435 4628 .
506 4580 650 4634 diam
676 4581 689 4633 !
728 4580 862 4634 Cum
895 4580 1004 4634 sint
1026 4588 1207 4634 autem
1234 4579 1554 4649 hujusmotli
1585 4579 1859 4648 exempla,
1887 4587 1939 4634 et
1967 4587 2075 4634 tant

509 4673 677 4726 multa
709 4673 849 4725 mala
880 4670 1124 4742 quotidie
1169 4670 1224 4724 in
1255 4669 1365 4723 vita
1394 4684 1461 4725 ex
1506 4670 1635 4724 vino
1665 4669 1939 4733 oriantur,
1977 4670 2080 4725 hoc

2183 1835 2282 1906 τὴν
2308 1835 2416 1888 τῶν
2456 1833 2672 1905 ἄρθρων
2726 1832 2881 1886 λύσιν
2906 1873 2923 1899 ,
2952 1832 3046 1888 τὸν
3082 1832 3348 1905 λογισμὸν
3384 1834 3474 1887 τοῦ
3510 1834 3727 1904 αὐχένος,

2182 1928 2365 1982 οὐκέτι
2397 1926 2586 1980 ἑαυτὸν
2619 1926 2713 1979 ἐπὶ
2752 1924 2860 1978 τῶν
2884 1923 3052 1996 ὤμων
3087 1924 3397 1998 ἀνέχοντος,
3427 1925 3523 1995 τῆς
3550 1927 3611 1977 ὲκ
3650 1924 3737 1976 τού

2182 2027 2325 2079 οἴνου
2352 2024 2648 2094 ὑγρότητος
2676 2021 2767 2076 τὸν
2798 2020 3089 2091 σύνδεσμον
3124 2019 3220 2074 τοῦ
3249 2019 3472 2091 αὐχένος
3497 2016 3732 2073 ύπολυού-

2184 2135 2309 2190 σης,
2344 2118 2410 2169 Τί
2448 2117 2510 2171 τὸ
2536 2114 2852 2186 παράνομον
2879 2114 3012 2182 ἄγος
3049 2112 3148 2182 τῆς
3195 2108 3613 2182 θυγατρομιξίας
3640 2109 3739 2178 εἰρ-

2181 2210 2387 2278 γάσατο
2408 2224 2423 2274 ;
2447 2208 2499 2262 τί
2529 2208 2629 2280 τὴν
2663 2206 2900 2260 διάνοιαν
2926 2204 3020 2259 τοῦ
3037 2203 3159 2259 Λὼτ
3189 2203 3302 2257 ἀπὸ
3332 2200 3442 2255 τῶν
3466 2199 3741 2270 γινομένων

2182 2296 2489 2367 ἐξέκλεψεν,
2505 2297 2565 2361 ὃς
2610 2296 2706 2353 καὶ
2743 2297 2806 2350 τὸ
2851 2296 2980 2365 ἄγος
3027 2294 3322 2367 ἐτόλμησε,
3366 2292 3461 2349 καὶ
3501 2291 3745 2362 ἠγνόησεν

2180 2392 2318 2461 ὅπερ
2345 2390 2672 2461 ἐτύλμησεν;
2697 2388 2783 2456 τίς
2823 2384 3012 2457 ὥσπερ
3043 2386 3103 2439 ὲν
3155 2384 3445 2457 αἰνίγματι
3478 2383 3573 2454 τὴν
3606 2381 3741 2435 ἀλλό-

2180 2496 2337 2536 κοτον
2365 2481 2472 2536 τῶν
2505 2481 2711 2535 τέκνων
2744 2480 2967 2534 ἐκείνων
3012 2479 3394 2551 προσηγορίαν
3419 2473 3743 2544 ἐκαινοτόμη-

2184 2588 2303 2640 σεν;
2333 2574 2451 2637 πῶς
2476 2574 2533 2626 αἱ
2556 2571 2648 2626 τοῦ
2675 2572 2909 2641 ἐναγοῦς
2937 2572 3098 2625 τόκου
3130 2570 3376 2641 μητέρες
3404 2566 3623 2635 ἀδελφαὶ
3646 2564 3743 2617 τῶν

2185 2660 2332 2713 ίδίων
2350 2660 2556 2713 τέκνων
2591 2659 2841 2727 ἐγένοντο
2856 2676 2871 2725 ;
2888 2660 3003 2723 πῶς
3025 2660 3074 2712 oi
3102 2658 3297 2723 παῖδες
3324 2658 3416 2711 τὸν
3436 2656 3591 2710 αὑτὸν
3607 2654 3747 2723 ἔσχον

2184 2749 2394 2820 πατέρα
2414 2767 2472 2804 τε
2488 2749 2623 2820 ὁμοῦ
2643 2748 2736 2803 καὶ
2768 2750 3089 2821 προπάτορα
3104 2750 3261 2814 ςτίςὸ
3276 2748 3508 2820 συγχέας
3526 2748 3580 2799 ὲν
3597 2760 3748 2815 παρα-

2188 2838 2355 2909 νομίᾳ
2382 2840 2481 2910 τὴν
2529 2838 2729 2908 φύσιν;
2776 2839 2877 2894 οὐκ
2922 2835 3065 2903 οἶνος
3136 2840 3315 2904 ἐκϐὰς
3353 2839 3426 2893 τὰ
3467 2837 3635 2909 μέτρα
3659 2836 3757 2906 τὴν.

2180 2928 2586 3000 ἀπιστουμένην
2612 2928 2814 3002 ταύτην
2831 2931 3139 3002 τραγῳδίαν
3167 2933 3527 3003 είσήνεγκενς
3550 2930 3606 2982 ού
3627 2926 3751 2999 μέθη

2178 3019 2270 3073 τὸν
2302 3020 2541 3075 τοιοῦτον
2582 3019 2747 3092 μῦθον
2778 3023 2874 3092 τῆς
2898 3022 3137 3093 ἱστορίας
3168 3022 3525 3088 συνέπλεξεν,
3554 3020 3611 3084 ὃς
3644 3018 3757 3079 ταῖς

2180 3110 2503 3183 ὑπερϐολαῖς
2524 3113 2759 3178 καὶτοὺς
2782 3112 2948 3176 ὅντως
2976 3113 3179 3185 μύθους
3203 3116 3575 3186 παρέρχεταις
3610 3109 3754 3163 Ἐπό-

2178 3218 2332 3255 τισαν
2359 3202 2486 3272 γὰρ.
2518 3220 2588 3273 φη
2597 3200 2851 3267 σὶν,οῐνον
2868 3204 2958 3257 τὸν
2987 3204 3196 3259 ἑαυτῶν
3219 3205 3437 3277 πατέρα
3460 3222 3473 3236 ·
3494 3204 3587 3257 καὶ
3600 3200 3762 3265 οὓτως-

2180 3294 2328 3365 αύτῷ
2371 3296 2468 3365 τῆς
2501 3296 2737 3360 διανοίας
2767 3296 3093 3367 ὲξωσθείσης
3125 3297 3241 3351 ἀπὸ
3266 3298 3366 3352 τοῦ
3422 3300 3587 3362 οἴνου,
3614 3296 3767 3351 καθάι

2179 3402 2285 3457 περ
2324 3386 2497 3459 μαγίς.
2532 3387 2639 3439 τινὶ
2676 3387 3038 3457 κατεχόμενος
3075 3386 3137 3439 τὸ
3184 3389 3458 3460 τραγικὸν
3503 3387 3653 3441 τοῦτο
3686 3384 3759 3436 δι·

2178 3481 2370 3550 ήγημα
2392 3479 2470 3550 τῷ
2505 3478 2602 3549 βίῳ
2630 3478 3339 3551 κατέλιπεν,ὲκκλαπείσ-ης
3374 3480 3531 3550 παρὰ
3563 3480 3649 3533 τὸν
3678 3475 3769 3529 τοῦ

2178 3572 2342 3639 ἄγους
2374 3570 2563 3642 καιρὸν
2606 3570 2711 3623 ὑπὸ
2751 3571 2849 3641 τῆς
2902 3570 3070 3641 μέθης
3099 3571 3257 3643 αὐτῷ
3288 3576 3390 3645 τῆς
3441 3571 3755 3643 αίσθήσεως.

2183 3662 2248 3715 Ὦ
2285 3661 2471 3726 κακῶς
2522 3661 2633 3715 τῶν
2687 3662 3051 3734 Σοδομιτικῶν
3096 3665 3396 3719 ἀποθέτων
3441 3665 3498 3718 αί
3529 3665 3769 3732 γυναῖκες

2179 3757 2384 3809 ἐκεῖναι
2415 3753 2533 3824 μεθ’
2558 3753 2766 3809 ἑαυτῶν
2782 3738 2876 3809 τὸν
2902 3750 3043 3809 οἶνον
3064 3756 3453 3828 ὲκκομίσασαι
3480 3757 3493 3809 l
3521 3754 3566 3807 ὣ
3604 3750 3771 3819 κακὴν

2179 3848 2497 3919 φιλοτησίαν
2527 3848 2590 3901 ὲκ
2622 3849 2859 3920 πονηροῦ
2908 3853 3191 3922 κρατῆρος
3224 3851 3310 3922 τῷ
3349 3852 3529 3924 πατρὶ
3580 3861 3773 3919 παρεγ-

2178 3940 2370 4010 χὲασαι
2392 3941 2405 3995 l
2430 3942 2517 4003 Ὠς
2537 3937 2670 3992 πολύ
2695 3956 2752 3991 τε
2778 3940 2997 4011 ἄμεινον
3009 3937 3075 4011 ἦν
3100 3943 3251 4013 μετὰ
3285 3945 3514 3998 πάντων
3536 3941 3775 3995 κάκεῖνον

2177 4032 2268 4086 τὸν
2287 4027 2427 4085 οίνον
2442 4032 2503 4085 ὲν
2520 4033 2772 4103 Σοδόμοις
2790 4032 3233 4106 καταφθαρῆναι,
3252 4037 3393 4108 πρὶν
3407 4035 3513 4106 τῆς
3531 4031 3774 4099 τοιαύτης

2177 4123 2484 4195 τραγῳδίας
2539 4124 2772 4195 χορηγὸν
2819 4124 3108 4193 γενέσθαιὶ
3148 4127 3271 4180 Καὶ
3322 4126 3589 4181 τοιούτων
3619 4123 3773 4176 ὄντων

2179 4216 2588 4287 ὑποδειγμάτων
2606 4217 2700 4270 καὶ
2726 4216 2993 4271 τοσούτων
3018 4218 3140 4271 καθ’
3154 4219 3415 4293 ἑκάστην
3446 4219 3661 4291 ἡμέραν
3680 4212 3779 4265 τῶν

2178 4307 2242 4361 ἐκ
2284 4307 2378 4359 τοῦ
2416 4308 2559 4361 οίνου
2596 4307 2785 4363 κακῶν
2818 4308 2896 4380 τῷ
2926 4308 3046 4380 βίῳ,
3081 4310 3182 4365 καὶ
3211 4312 3387 4367 τοῦτο
3426 4305 3774 4380 πεποιηκέναι

2112 4435 2156 4490 D
2185 4398 2421 4490 φησὶνῃὸ
2466 4399 2905 4469 ἀνεπαισχύντως
2956 4400 3044 4453 διὰ
3086 4404 3191 4473 τῆς
3253 4400 3675 4477 ἐξαγορεύσεως
3706 4391 3779 4490 Διιςὶι

2183 4489 2378 4544 ἑαυτοῦ
2406 4490 2757 4561 στηλιτεύων,
2789 4492 2850 4544 τὸ
2895 4490 2970 4563 μὴ
3016 4493 3181 4563 μόνον
3213 4495 3302 4567 τῷ
3330 4496 3453 4550 ὄντι
3490 4487 3779 4564 κεχρῆσθαι

2183 4581 2330 4651 οῐνῳ,
2358 4580 2471 4633 ἀλλ’
2511 4583 2659 4646 ὅπως
2700 4581 2766 4635 ἂν
2800 4583 2893 4636 καὶ
2921 4582 3279 4639 πλεονάσειεν
3318 4587 3358 4658 ἡ
3406 4583 3505 4639 τοῦ
3556 4578 3776 4638 τοιούτου

2187 4673 2465 4742 κτήματος
2484 4672 2713 4744 χορηγία
2749 4673 3133 4744 προνοηθῆναι.

507 4780 723 4836 quoilue
751 4754 1038 4834 impudens
1073 4762 1164 4816 ille
1192 4762 1273 4815 sic
1301 4761 1437 4816 dicit
1462 4761 1682 4828 fecisse,
1705 4761 1945 4831 seipsutn
1971 4777 2068 4817 sua
2140 4763 2435 4818 traducens
2477 4766 2744 4831 oratione,
2795 4766 2854 4820 ut
2901 4776 3009 4821 non
3071 4766 3264 4822 solum
3316 4783 3465 4824 usus
3548 4765 3622 4821 sit
3668 4759 3783 4813 vim

506 4857 649 4929 quod
681 4865 818 4918 erat,
852 4854 947 4911 sed
980 4855 1143 4910 etiam
1171 4851 1467 4924 providerit
1496 4863 1554 4909 ut
1578 4853 1697 4924 ejus
1715 4858 1869 4909 esset
1895 4853 2248 4909 abundantia.

585 4969 602 5001 ι
650 4948 902 5003 Plantavi
953 4946 1121 5008 enim.
1180 4964 1199 4996 ι
1261 4945 1466 5016 inquit,
1522 4963 1540 4998 ι
1598 4946 1733 5001 mihi
1794 4946 2001 5010 vineta,
2055 4965 2073 4998 ι

507 5042 709 5114 quibus
743 5056 880 5109 opus
914 5054 1021 5093 non
1053 5036 1345 5103 habebam,
1377 5052 1504 5092 cum
1553 5038 1670 5108 ipse
1702 5038 1831 5093 vitis
1882 5038 2081 5094 fertilis

506 5150 706 5200 essem,
741 5133 867 5187 vitis
907 5130 1236 5201 spiritualis,
1271 5128 1471 5185 ﬂorens
1516 5139 1840 5199 comataque
1886 5138 1940 5185 et
1976 5145 2075 5199 pa-

508 5227 645 5290 tula,
679 5225 803 5279 vita:
835 5225 1006 5278 ramis
1037 5230 1093 5278 et
1124 5222 1375 5276 caritatis
1428 5220 1701 5292 pampinis
1751 5221 2077 5291 complicata

474 5324 562 5372 ‘ct
593 5323 872 5379 contexta,
905 5328 1031 5368 cum
1070 5313 1138 5368 iis
1176 5313 1270 5383 qui
1309 5323 1437 5368 sunt
1480 5312 1582 5366 mei
1615 5311 1857 5382 generis,
1899 5321 1953 5367 et
1979 5327 2078 5382 pro

508 5406 658 5464 foliis
687 5420 901 5460 morum
948 5405 1238 5461 honestate
1285 5412 1521 5467 comata,
1554 5403 1823 5472 dulceque
1875 5412 1928 5459 et
1959 5420 2077 5457 ma-

511 5515 687 5557 turum
717 5500 933 5555 botrum
963 5499 1186 5554 virtutis
1217 5496 1504 5553 enutricns
1527 5495 1591 5549 ⁶¹.
1614 5494 1715 5561 Qui
1737 5496 1851 5552 haec
1888 5497 1941 5551 in
1972 5512 2071 5553 sua

575 5676 615 5708 "
665 5679 803 5738 Gen.
846 5695 962 5749 xix,
994 5679 1062 5735 50
1100 5693 1224 5749 sqq.
1304 5679 1346 5708 "
1382 5675 1553 5732 Eccli.
1590 5692 1676 5744 ιι,
1707 5676 1816 5763 ἓθ.¹

2266 4968 2285 5000 ι
2326 4948 2619 5019 Ἐφύτεοσα
2640 4949 2746 5021 γάρ
2775 4963 2883 5018 μοι,
2908 4966 2925 4999 ι
2960 4949 3142 5019 φησιν,
3198 4964 3218 4998 ι
3278 4947 3628 5021 ἀμπελῶνας
3662 4960 3680 4993 ι
3712 4935 3784 4998 ὧν

2184 5039 2283 5092 οὐκ
2311 5038 2377 5093 ἂν
2423 5039 2694 5112 δεηθείην,
2734 5044 2762 5096 6
2788 5040 2947 5104 αὐτὸς
2985 5040 3244 5111 ἄμπελος
3292 5041 3613 5113 εύθηνοῦσα
3643 5034 3784 5105 γενόο

2188 5149 2365 5202 μενος,
2397 5132 2637 5204 ἄμπελος
2656 5133 3017 5205 πνευματικὴ,
3040 5133 3293 5205 εύθαλής
3321 5151 3387 5188 τε
3430 5134 3529 5188 καὶ
3552 5126 3783 5203 ἀμφιλα⁴

2186 5222 2310 5294 φὴς,
2365 5226 2480 5287 τοῖς
2520 5224 2614 5277 τοῦ
2658 5224 2771 5294 βίου
2818 5222 3032 5286 κλάδοις
3072 5223 3176 5277 καὶ
3230 5226 3368 5287 ταῖς
3418 5217 3785 5292 ἁγαπητικαῖς

2184 5312 2319 5378 ἕλιξι
2350 5315 2747 5386 διαπλεκομένη
2795 5314 2932 5384 πρὸς
2967 5313 3027 5366 τὸ
3054 5314 3352 5383 ὁμόφυλον
3375 5330 3391 5345 ο
3432 5314 3531 5367 καὶ
3563 5306 3783 5379 κομῶσι

2186 5405 2304 5476 μὲν,
2358 5406 2478 5459 ἀντὶ
2536 5406 2748 5476 φύλλων
2787 5409 2854 5477 τῇ
2910 5405 3317 5479 εὐσχημοσύνῃ
3372 5405 3493 5459 τῶν
3549 5390 3783 5472 τρόπων.

2136 5483 2149 5496 ’
2182 5495 2308 5557 ἡδὺν
2333 5494 2390 5548 δὲ
2421 5495 2513 5550 καὶ
2543 5495 2790 5567 πέπηρον
2814 5495 2912 5565 τῆς
2959 5495 3161 5566 ἀρετῆς
3185 5494 3405 5567 βότρυν
3422 5491 3781 5566 ἐκτρέφουσα.
