4018 6334
239 177 315 234 εει
1249 169 1312 223 lN
1357 167 1745 225 ECCLESIAS?

1845 167 1888 224 ί.
1925 167 2205 224 HOMILIA
2249 166 2337 228 ιιι.
3316 159 3419 216 66?.

244 286 292 338 '0
311 281 458 336 ταῦτα
486 280 540 332 ἐν
579 281 642 348 τῇ
691 278 796 349 ἰδία
832 276 1216 346 καταφυτεύων
1247 278 1415 350 ψυχῇ,
1453 279 1549 333 καὶ
1573 293 1745 348 γεωρ-

1855 276 2064 346 plantat
2097 277 2303 342 anima,
2336 283 2391 332 et
2426 275 2563 330 colit
2612 273 2799 330 vinum
2829 272 2981 344 quod
3011 287 3105 326 cor
3163 272 3417 337 laetiﬁcat,

236 373 326 442 γῶν
345 367 464 424 οἶνον
491 367 578 421 τὸν
601 368 700 439 τήν
727 368 955 438 καρδίαν
981 369 1360 440 εὐφραίνοντα,
1389 371 1483 424 καὶ
1516 367 1749 440 ἐργαζό-

235 478 365 532 μενος
385 459 471 530 τήν
496 455 690 511 ἑαυτοῦ
729 459 833 529 γῆν
859 459 1000 513 κατά
1036 459 1135 531 τὴν
1165 460 1505 531 παροιμιώδη
1545 458 1750 530 φωνὴν,

233 554 294 616 ὡς
312 553 336 604 ὁ
354 551 438 620 τῆς
460 548 705 619 τοιαύτης
725 549 998 620 γεωργίας
1026 550 1249 604 ἀπαιτεῖ
1271 550 1434 622 νόμος
1453 591 1468 617 ,
1491 546 1602 602 οἷόν
1646 565 1752 620 περ

230 641 453 695 εἰσκαλῶν
493 642 601 704 τοῖς
651 640 931 711 λογισμοῖς
968 640 1060 693 τὸν
1093 640 1227 711 βίον,
1261 641 1353 695 καὶ
1385 641 1453 695 τά
1489 638 1620 694 νόθα
1645 637 1752 694 τῶν

233 731 620 802 παραφυομένων
671 734 793 794 ταῖς
849 731 956 784 τῶν
999 730 1210 802 ἀρετῶν
1251 731 1427 801 ῥίζαις
1471 729 1751 794 ἐκτίλλων,

228 823 435 894 ἐπάρδων
464 825 573 883 τοῖς
606 822 892 893 μαθήμασι
933 821 1030 892 τὴν
1063 821 1262 892 ψυχήν,
1293 822 1387 874 καὶ
1416 823 1483 892 τῇ
1512 820 1754 893 δρεπάνῃ

227 913 298 965 τοῦ
328 909 556 983 κριτικοῦ
601 913 758 981 λόγου
791 913 1134 983 περικόπτων
1161 914 1260 984 τὴν
1288 913 1369 975 είς
1408 911 1478 964 τὰ
1524 910 1755 982 περιττὰ

225 1002 298 1053 καὶ
320 1002 536 1070 ἀνόνητα
570 1001 667 1071 τῆς
698 1000 935 1063 διανοίας
973 999 1178 1070 φοράν·
1211 1000 1541 1070 μακαριστὸς
1569 999 1634 1052 ἂν
1667 1001 1750 1070 εἴη

222 1091 299 1157 τῆς
351 1090 606 1161 γεωργίας
638 1085 810 1155 οὗτος,
863 1089 940 1161 τῷ
986 1091 1085 1162 τῆς
1138 1091 1327 1162 σοφίας
1374 1091 1609 1163 κρατῆρι
1664 1090 1752 1142 τὸν

221 1181 384 1236 ἑαυτοῦ
440 1183 637 1253 βότρυν
687 1182 973 1237 ἐκθλίὸων.
1042 1183 1182 1236 Ἀλλ’
1233 1184 1292 1238 ού
1348 1182 1603 1250 γινώσκει
1656 1183 1754 1253 τὴν

220 1272 434 1343 τοιαύτην
448 1277 798 1343 φυτουργίαν,
829 1274 964 1344 πρὸς
983 1275 1080 1345 τὴν
1106 1276 1210 1344 γῆν
1235 1273 1428 1341 λέγων,
1449 1275 1542 1326 καὶ
1561 1272 1630 1326 τά
1655 1273 1755 1326 αύ·

219 1356 297 1429 τῆς
324 1359 710 1430 ἀσπαζόμενος.
741 1362 1070 1433 Προστίθησι
1087 1363 1194 1433 γὰρ
1213 1363 1420 1426 τούτοις
1444 1361 1511 1416 τὰ
1531 1365 1637 1415 τῶν
1655 1364 1754 1432 κή-

216 1466 310 1502 πων
338 1467 390 1503 τε
410 1451 497 1503 καὶ
521 1451 864 1522 παραδείσων
883 1451 972 1506 τοῦ
997 1453 1225 1506 πλούτου
1237 1452 1749 1523 ἐγκαλλωπίσματα.

217 1540 292 1603 Τίς
315 1542 457 1611 χρεία
484 1542 829 1611 παραδείσων
851 1542 1059 1597 πολλῶν
1086 1541 1164 1613 τῷ
1192 1543 1329 1613 πρὸς
1354 1542 1446 1596 τὸν
1461 1543 1558 1596 ἕνα
1582 1543 1754 1614 παρά-

211 1631 356 1684 δεισον
374 1631 624 1702 βλέποντι
650 1649 664 1698 ;
687 1633 770 1695 τίς
796 1631 869 1687 δέκ
885 1635 1027 1704 μοιή
1059 1635 1124 1687 ἐκ
1154 1635 1329 1704 κήπου
1355 1633 1538 1704 ὄνησις
1565 1635 1658 1686 τοῦ
1683 1633 1751 1687 τὰ

214 1720 382 1790 λάχανα
408 1721 634 1791 φύοντος
659 1723 760 1793 τήν
785 1723 892 1776 τῶν
919 1723 1288 1778 ἀσθενούντων
1320 1726 1528 1796 τροφήν
1550 1742 1564 1790 ;
1603 1725 1665 1778 Εἰ
1691 1727 1749 1779 ὲν

211 1807 272 1877 τῷ
295 1809 592 1880 παραδείσῳ
626 1811 795 1881 ήμην,
831 1811 928 1865 οὐκ
957 1813 1022 1866 ἂν
1059 1814 1140 1878 είς
1173 1813 1381 1866 πολλῶν
1411 1815 1749 1887 παραδείσων

211 1897 466 1968 ἐπιθυμίαν
497 1900 814 1971 διεχεόμην.
853 1903 914 1954 Ei
945 1905 1002 1956 ἐν
1028 1904 1187 1974 ὑγεία
1215 1905 1314 1974 τὴν
1341 1905 1518 1974 ψυχὴν
1540 1897 1746 1975 διῆγον,

210 1989 270 2052 ὡς
290 1989 532 2044 δύνασθαι
567 1993 662 2062 τῆς
695 1994 1070 2065 στερεωτέρας
1102 1995 1356 2066 μετέχειν
1379 1997 1587 2066 τροφῆς
1607 2037 1620 2061 ,
1651 1998 1751 2050 ούκ

214 2081 262 2131 ἂν
284 2083 328 2132 ἐν
355 2084 455 2144 τοῖς
484 2081 744 2152 λαχάνοις
772 2085 1209 2156 ἐπησχολούμην,
1235 2081 1490 2155 κηπεύων
1529 2087 1751 2158 ἐμαυτῷ

212 2170 287 2221 τὴν
323 2171 648 2242 κατάλληλον
689 2177 753 2244 τῇ
798 2175 1052 2246 ἀσθενείᾳ
1097 2179 1323 2248 τροφήν.
1389 2176 1527 2231 Ἀλλ’
1563 2179 1748 2250 ἐπειδὴ

211 2262 328 2329 ἅπαξ
362 2263 675 2335 συνεισῆλθε
722 2265 900 2336 τρυφὴ
932 2268 997 2338 τῇ
1037 2268 1228 2339 χρείᾳ,
1263 2267 1506 2339 παρῆλθε
1531 2269 1586 2321 δὲ
1625 2270 1750 2334 τοὺς

209 2352 338 2422 ὅρους
371 2356 540 2426 αὐτῆς
581 2355 613 2425 ή
662 2356 957 2428 ἐπιθυμία,
1007 2357 1144 2428 μετά
1181 2361 1279 2430 τὴν
1326 2360 1384 2413 ἐν
1429 2364 1542 2424 τοῖς
1580 2361 1750 2424 οἴκοις

212 2442 540 2509 πολυτέλειαν,
594 2445 687 2499 καὶ
731 2445 830 2517 τὴν
873 2448 1190 2518 ὑπωροφίαν
1228 2450 1336 2504 τῶν
1382 2451 1625 2522 ματαίων
1657 2452 1750 2505 δα-

211 2531 372 2602 τεάνην,
415 2537 539 2588 τότε
582 2536 672 2589 καὶ
709 2536 809 2607 τὴν
845 2537 1110 2608 ὕπαιθρον
1144 2540 1450 2610 ἐπιτηδεύει
1494 2543 1744 2615 τρυφήν·

210 2623 282 2673 καὶ
392 2625 480 2678 τοῦ
512 2626 680 2696 ἀέρος
711 2627 871 2696 φύσει
902 2628 1036 2700 πρὸς
1069 2629 1166 2702 τήν
1197 2630 1304 2683 τῶν
1331 2631 1530 2703 ἡδονῶν
1555 2618 1746 2686 ἐπιθύ-

208 2713 313 2780 μίαν
348 2717 733 2788 συγκέχρηται.
783 2719 984 2791 Δένδρα
1027 2721 1135 2792 γὰρ
1163 2723 1309 2792 αύτῷ
1346 2723 1434 2776 διὰ
1473 2709 1748 2796 γεωργίας

204 2800 540 2872 ἐπιτηδεύεται
574 2805 798 2876 ἀειθαλῆ
814 2825 872 2861 τε
897 2810 990 2862 καὶ
1006 2809 1191 2874 δασέα,
1215 2813 1309 2864 καὶ
1321 2813 1441 2865 ἀντὶ
1457 2813 1652 2885 ὀρόφου
1669 2816 1747 2888 τῷ

203 2891 300 2962 ἀέρι
320 2897 595 2967 γινόμενα·
609 2898 694 2951 ἵνα
709 2900 799 2952 καὶ
812 2899 974 2954 ὖπαιθ
984 2918 1073 2972 ρος
1093 2901 1166 2954 ῶν
1189 2905 1245 2956 ἐν
1256 2904 1386 2974 οἴκῳ
1399 2907 1636 2975 τρυφῶν,
1657 2911 1748 2964 καὶ

199 2985 536 3051 παντοδαπαῖς
556 2989 716 3052 πόαις
740 2988 827 3043 διά
851 2989 947 3061 τῆς
985 2991 1092 3044 τῶν
1112 2994 1460 3062 κηπευόντων
1490 2996 1684 3069 τέχνης
1711 3001 1743 3071 ή

199 3074 454 3142 ἐπιφάνεια
479 3081 587 3150 τῆς
632 3081 736 3150 γῆς
764 3081 1158 3152 ἀμφιέννυται·
1199 3084 1276 3148 ὡς
1313 3086 1380 3138 τὰ
1411 3089 1745 3160 πανταχόθεν

196 3163 306 3232 ήδέα
335 3167 506 3220 πάντα
549 3168 631 3238 τῷ
668 3168 929 3242 ὀφθαλμῷ
968 3172 1346 3245 προσπίπτειν,
1385 3179 1471 3246 ἐφ’
1503 3181 1638 3252 ὅπερ
1678 3182 1745 3235 ἂν

195 3261 479 3332 περιαγάγῃ
503 3260 568 3312 τὸ
595 3259 833 3333 βλέμμα,
858 3263 952 3316 καὶ
981 3264 1272 3330 διαπαντὸς
1297 3269 1354 3321 ἐν
1380 3273 1494 3334 τοῖς
1520 3275 1746 3328 καταθυ-

192 3345 316 3438 μίοις
339 3345 498 3417 εἶναι,
537 3353 636 3406 καὶ
668 3353 888 3424 βλέπειν
918 3355 975 3409 ἐν
997 3356 1202 3428 ἑκάστῃ
1236 3358 1326 3412 τοῦ
1350 3361 1501 3426 ἔτους
1537 3363 1655 3438 ὥρᾳ
1685 3367 1745 3421 τὸ

194 3434 312 3529 ὑπὲρ
331 3441 425 3510 τήν
452 3441 631 3513 ὤραν,
668 3444 805 3497 πόαν
837 3446 895 3498 ἐν
919 3447 1170 3518 χειμῶνι,
1200 3451 1292 3504 καὶ
1318 3451 1454 3524 ἄνθη
1495 3434 1740 3529 πρόωρα,

191 3528 263 3580 καὶ
286 3529 886 3606 τὴνάναδενδρουμένην
908 3538 1168 3608 ἄμπελον,
1197 3541 1294 3613 τὴν
1319 3546 1428 3607 τοῖς
1443 3528 1742 3618 ἀλλοτρίοις

189 3617 377 3685 κλάδοις
427 3626 562 3689 τοὺς
599 3626 760 3691 ίδίους
790 3627 1257 3695 ἐνδιαπλέκουσαν,
1293 3634 1386 3686 καὶ
1417 3634 1516 3699 τάς
1537 3617 1744 3707 γλαφυ-

182 3707 269 3776 ρᾶς
298 3711 384 3763 τού
424 3714 623 3767 κισσοῦ
665 3716 802 3786 πρὸς
838 3716 907 3769 τὰ
935 3718 1126 3790 δένδρα
1171 3723 1527 3796 περιπλοκὰς,
1553 3728 1654 3782 ὅσα
1682 3747 1741 3784 τε

181 3798 338 3864 αὐτοῖς
365 3805 607 3874 καρπῶν
639 3806 752 3876 εἴδη
771 3846 785 3866 .
820 3807 877 3874 ἐξ
920 3810 1248 3880 ἑτερογενῶν
1277 3814 1525 3886 ἀλλήλοις
1549 3820 1741 3888 μιγνύ-

181 3906 298 3955 μενα
328 3893 424 3966 τήν
451 3897 620 3964 φύσιν
666 3897 908 3966 βιάζεται
930 3939 944 3960 .
979 3899 1056 3970 τῷ
1081 3902 1212 3956 εῖδει
1238 3921 1296 3960 τε
1327 3908 1420 3959 καὶ
1461 3911 1527 3979 τῇ
1555 3909 1738 3978 γεύσει

174 3980 225 4070 τὸ
247 3981 691 4059 ἐπαμφοτερίζον
713 3989 1159 4062 ἐπισημαίνοντα,
1189 3994 1264 4060 ὡς
1291 3997 1574 4070 ἀμφότερα
1603 3997 1738 4056 εἶναι

175 4068 350 4138 ὼκεῖν,
388 4077 541 4149 ἅπερ
569 4077 637 4158 ἄν
657 4079 732 4152 ,ἐκ
776 4081 876 4152 τῆς
905 4081 1014 4134 τῶν
1045 4084 1352 4157 έτεροφυῶν
1387 4068 1742 4160 συγκράσεως

170 4160 377 4225 γίνεται.
414 4167 612 4230 Πάντα
637 4167 808 4223 ταῦτα
843 4170 936 4225 καὶ
969 4170 1024 4223 εί
1056 4189 1109 4224 τι
1134 4163 1260 4228 ἄλλο
1296 4175 1516 4249 ἐξεῦρεν
1541 4181 1598 4233 ἐν
1629 4184 1740 4245 τοῖς

1852 375 1907 423 et
1930 383 2083 422 suam
2106 373 2366 437 operatur
2383 373 2584 420 terram
2603 365 2731 426 “,ut
2759 362 2964 418 dicitur
2992 362 3046 416 in
3086 359 3416 424 Proverbiis,

1854 459 1998 514 sicut
2062 458 2146 512 lex
2228 456 2397 527 exigit
2448 455 2572 526 ejus
2621 454 2989 526 agriculturae,
3042 459 3228 522 utpote
3265 459 3421 516 recte

1853 546 2070 603 vivendi
2134 546 2445 602 institutum
2509 543 2819 620 rationibus
2875 549 2930 600 et
2993 540 3419 612 cogitationibus

1853 652 2110 700 evocans,
2139 644 2192 691 et
2221 634 2528 690 adulterina
2577 634 2838 698 evellens,
2874 646 2993 702 qua:
3043 629 3420 686 adnascuntur

1853 725 2117 781 virtutum
2159 723 2460 787 radicibus,
2495 723 2734 778 animam
2793 710 3100 790 disciplinis
3156 718 3414 788 irrigans,

1853 825 1908 872 et
1929 817 2134 888 judicis
2157 816 2400 886 partibus
2419 814 2697 887 fungentis
2717 812 2944 868 rationis
2964 811 3102 864 falce
3125 817 3416 879 amputans

1857 908 2115 978 impetum
2147 907 2494 978 cogitationis
2521 905 2732 960 ruentis
2781 904 2850 958 ad
2881 917 2944 958 ea
2989 917 3109 972 qua:
3146 909 3275 956 sunt
3324 917 3414 956 su-

1855 998 2058 1069 perﬂua
2092 1007 2144 1053 et
2173 998 2388 1052 inutilia
2418 1015 2432 1050 :
2468 997 2663 1051 beatus
2708 995 2778 1050 ob
2812 992 3204 1062 agriculturam
3253 988 3420 1045 fuerit

1855 1090 1944 1145 hic
1972 1090 2390 1156 existimandus,
2418 1097 2478 1144 ut
2503 1089 2596 1158 qui
2630 1088 2685 1143 in
2715 1096 2928 1142 cratere
2949 1085 3233 1155 sapientia
3257 1085 3419 1137 vitem

1855 1195 2008 1234 suam
2038 1180 2328 1251 exprimat.
2366 1178 2473 1234 Sed
2504 1181 2646 1233 hanc
2691 1178 2970 1248 plantandi
3003 1177 3272 1230 rationem
3303 1188 3416 1228 non

1856 1271 2004 1324 novit
2029 1271 2076 1326 is
2101 1271 2193 1340 qui
2224 1271 2418 1340 aspicit
2445 1271 2511 1326 ad
2543 1282 2764 1331 terram,
2797 1277 2853 1326 et
2883 1285 3006 1340 qua:
3035 1276 3161 1324 sunt
3195 1275 3416 1322 terrena

1855 1363 2222 1432 amplectitur.
2261 1362 2356 1419 His
2388 1364 2532 1421 enim
2563 1361 2714 1416 addit
2740 1361 3026 1416 hortorum
3057 1367 3111 1414 et
3144 1357 3420 1428 pomario-

1855 1465 1997 1516 rum,
2034 1452 2346 1506 divitiarum
2379 1453 2710 1523 exquisitam
2741 1461 2796 1506 et
2825 1443 3416 1518 aﬂectatampulchri-

1858 1541 2122 1596 tudinem.
2173 1540 2325 1608 Quid
2374 1543 2561 1596 multis
2593 1557 2732 1612 Opus
2766 1549 2852 1598 est
2899 1541 3074 1596 hortis
3111 1540 3162 1595 ei
3207 1541 3300 1610 qui
3349 1539 3418 1594 ad

1854 1646 2018 1684 unum
2055 1630 2296 1686 intuetur
2333 1633 2696 1701 paradisum?
2738 1631 2996 1698 Quaenam
3051 1639 3231 1687 autem
3281 1631 3416 1686 mihi

1851 1729 1934 1775 est
1983 1736 2046 1774 ex
2080 1721 2240 1776 horto
2293 1723 2525 1788 utilitas,
2583 1724 2676 1794 qui
2716 1724 2973 1793 producit
3023 1723 3172 1778 olera
3207 1723 3300 1793 qui
3333 1729 3418 1778 est

1853 1812 2012 1866 cibus
2045 1812 2429 1867 inﬁrmorum?
2461 1811 2517 1867 Si
2550 1829 2726 1870 essem
2777 1815 2832 1869 in
2870 1813 3145 1885 paradiso,
3189 1829 3296 1869 non
3344 1813 3413 1868 ad

1852 1903 2144 1956 multorum
2184 1903 2468 1957 hortorum
2501 1904 2840 1960 diffunderer
2869 1905 3224 1961 desiderium.
3267 1904 3324 1958 Si
3359 1905 3413 1959 in

1851 1992 2084 2046 sanitate
2116 2008 2233 2047 mea
2268 1994 2346 2047 ita
2390 1994 2612 2064 degeret
2646 1995 2849 2059 anima,
2907 2003 2965 2049 ut
2996 1995 3273 2050 solidioris
3307 1995 3414 2051 cibi

1851 2088 2036 2152 posset
2069 2097 2191 2136 esse
2220 2084 2514 2152 particeps.
2558 2099 2667 2138 non
2708 2099 3008 2154 occuparer
3047 2085 3102 2139 in
3151 2085 3412 2151 oleribus,

1852 2171 2068 2225 hortum
2103 2173 2332 2228 colendo
2379 2173 2510 2228 mihi
2543 2189 2851 2244 procurans
2886 2177 3068 2231 cibum
3118 2175 3214 2246 qui
3264 2176 3416 2231 inﬁr-

1851 2262 2026 2315 mitati
2058 2264 2365 2318 conveniat.
2404 2263 2510 2320 Sed
2544 2274 2830 2337 postquam
2883 2267 3050 2324 semel
3080 2267 3244 2323 simul
3291 2283 3413 2323 cum

1851 2369 1952 2408 usu
1984 2354 2245 2424 ingressa:
2268 2364 2398 2411 sunt
2423 2356 2814 2425 delicia,,suos
2831 2369 3012 2416 autem
3042 2361 3179 2416 ﬁnes
3200 2361 3414 2417 transiit

1850 2442 2142 2513 cupiditas,
2195 2453 2322 2518 post
2349 2461 2474 2501 eam.
2505 2463 2627 2517 qua:
2676 2449 2732 2504 in
2784 2451 2996 2508 aedibus
3038 2452 3281 2509 adhibita
3317 2453 3416 2508 fuit

1850 2536 2333 2605 magniﬁcentiam,
2369 2537 2424 2590 in
2464 2538 2738 2608 tectisque
2796 2549 2850 2596 et
2883 2543 3237 2612 laquearibus
3286 2559 3416 2614 pro-

1851 2625 2029 2680 i‘usum
2061 2635 2116 2681 et
2147 2627 2498 2684 temerarium
2539 2638 2816 2699 sumptum
2853 2648 2866 2684 z
2914 2640 3045 2688 tunc
3075 2637 3240 2688 etiam
3277 2636 3415 2690 sub~

1847 2716 2018 2771 diales
2063 2725 2282 2772 exercet
2334 2717 2600 2774 delicias:
2653 2727 2707 2774 et
2739 2719 2883 2775 aeris
2931 2729 3122 2776 natura
3149 2725 3320 2779 utitur
3345 2725 3413 2779 ad

1848 2807 2158 2873 satiandum
2195 2809 2534 2878 voluptatum
2574 2809 2926 2868 desiderium.
2964 2812 3068 2868 Per
3103 2815 3410 2886 agricultu-

1775 2936 1818 2992 ο
1852 2915 1967 2953 ram
1998 2899 2142 2954 enim
2181 2899 2447 2970 providet,
2486 2909 2544 2955 ut
2599 2901 2712 2957 sint
2741 2903 2844 2958 sibi
2877 2903 3059 2959 densae
3107 2913 3163 2960 et
3195 2921 3414 2977 semper

1850 2991 2265 3047 {madescentes
2310 3000 2361 3047 ει
2409 2993 2784 3063 germinantes
2829 2996 3077 3064 arbores,
3123 3015 3246 3069 quae
3299 3001 3412 3054 aeri

1847 3087 1974 3142 tecti
2015 3087 2186 3142 vicem
2224 3085 2499 3156 praebcant
2530 3105 2545 3142 :
2582 3094 2641 3141 ut
2669 3088 2829 3142 etiam
2860 3105 2982 3144 cum
3035 3091 3108 3145 sit
3138 3091 3242 3146 sub
3296 3090 3410 3155 dio,

1847 3188 2107 3249 tanquam
2141 3178 2193 3231 in
2245 3177 2410 3232 domo
2458 3178 2688 3233 delicate
2739 3180 2902 3234 vitam
2955 3191 3098 3250 agat,
3148 3189 3204 3236 et
3251 3197 3412 3236 omne

1843 3286 2017 3342 genus
2067 3269 2289 3333 herbis,
2347 3284 2442 3340 per
2491 3270 2908 3325 hortulanorum
2965 3281 3136 3328 artem
3177 3273 3411 3328 vestitur

1844 3371 2004 3416 terra:
2029 3359 2387 3430 superﬁcies:
2418 3360 2554 3416 adeo
2595 3369 2652 3414 ut
2687 3361 2833 3416 omni
2864 3376 2928 3416 ex
2964 3371 3118 3430 parte
3164 3360 3411 3430 jucunda

1843 3451 2026 3506 omnia
2081 3451 2134 3505 in
2170 3451 2389 3505 oculum
2430 3451 2739 3515 incurrant,
2777 3468 3107 3524 quocunque
3158 3454 3411 3508 obtutum

1843 3543 2216 3607 circumferat,
2249 3551 2303 3600 et
2333 3559 2551 3614 semper
2592 3553 2842 3599 versetur
2869 3545 2924 3599 in
2965 3545 3407 3610 delectabilibus,

1843 3642 1897 3688 ct
1930 3635 2173 3704 quolibet
2207 3635 2338 3688 anni
2372 3643 2614 3703 tempore
2660 3635 2842 3692 videat
2893 3639 3039 3706 quod
3082 3643 3167 3692 est
3217 3648 3412 3708 praeter

1843 3727 1968 3780 anni
2009 3733 2240 3794 tempus,
2271 3725 2493 3781 herbam
2521 3726 2575 3781 in
2611 3725 2810 3794 hieme,
2840 3737 2894 3782 et
2917 3727 3081 3784 ﬂores
3125 3729 3217 3798 qui
3245 3745 3408 3784 suum

1845 3827 2059 3887 tempus
2092 3817 2474 3887 praeveniunt,
2509 3826 2564 3872 et
2609 3817 2774 3872 vitem
2833 3818 2890 3874 in
2932 3819 3160 3876 arbores
3210 3834 3407 3874 ascen-

1842 3910 2082 3975 dentem,
2115 3924 2234 3980 quire
2267 3908 2462 3964 alienis
2495 3909 2662 3966 ramis
2697 3926 2829 3966 suos
2863 3910 3128 3982 implicat,
3157 3920 3213 3968 et
3239 3911 3406 3969 hede-

1843 4015 1914 4056 ra!
1937 4001 2210 4070 elegantes
2241 4014 2366 4054 cum
2390 4001 2682 4057 arboribus
2711 4002 3019 4071 amplexus,
3047 4009 3100 4059 et
3140 4019 3406 4075 quaecun-

1841 4110 1948 4163 que
2000 4092 2212 4162 species
2272 4090 2548 4146 l‘ructuum
2602 4107 2666 4147 ex
2715 4091 2784 4148 iis
2845 4108 2968 4163 quae
3015 4103 3142 4148 sunt
3201 4095 3406 4150 diversi

1840 4185 2056 4254 generis
2088 4181 2191 4238 sibi
2226 4183 2462 4237 invicem
2517 4183 2712 4246 mistte,
2746 4182 2854 4237 vim
2912 4183 3147 4239 aﬂerunt
3176 4194 3404 4250 naturai,

172 4255 341 4347 ῖδτοξς
371 4259 404 4326 ή
433 4257 608 4326 τέχνη
641 4258 944 4331 βιασαμένη
971 4259 1069 4333 τήν
1096 4263 1279 4333 φύσιν,
1309 4265 1346 4320 ἃ,
1381 4270 1413 4338 ή
1452 4271 1608 4340 χρεία
1639 4273 1738 4343 μὲν

1845 4287 1896 4331 et
1933 4281 2158 4345 aspectu
2192 4282 2247 4328 et
2281 4283 2442 4343 gustu
2484 4272 2536 4327 id
2571 4273 2716 4343 quod
2751 4281 2835 4329 est
2872 4276 3160 4346 utriusque
3198 4275 3407 4347 signiﬁ-

163 4339 251 4409 τῆς
283 4344 434 4417 ζωῆς
464 4350 572 4402 ούκ
603 4349 887 4422 ἐζήτησεν,
921 4355 1169 4426 ἐπιζητεί
1203 4358 1314 4429 δέή
1352 4339 1740 4434 ἀπαιδαγὼγη-

162 4447 244 4495 τος
273 4436 582 4509 ὲπιθυμία’
618 4442 790 4495 ταῦτα
825 4445 882 4497 ἐν
906 4447 971 4515 τῇ
1009 4445 1118 4499 τῶν
1144 4449 1336 4518 κήπων
1356 4452 1449 4504 καὶ
1477 4454 1736 4524 παραδεί-

163 4539 260 4617 mea
290 4529 615 4603 φιλοτεχνίᾳ
658 4536 981 4606 γεγενῆσθαι
1008 4539 1036 4591 ὁ
1065 4537 1134 4593 τὰ
1162 4540 1354 4594 ἑαυτοῦ
1399 4543 1738 4617 ἐξαγορεύων

161 4612 315 4712 λέγει.
333 4620 396 4673 ’0
426 4621 548 4694 γὰρ
573 4623 762 4688 εἰπὼν,
786 4627 869 4678 ὅτι
901 4647 919 4678 ι
961 4629 1260 4699 Ἐφύτευσα
1290 4633 1396 4687 πᾶν
1420 4612 1737 4709 ξύλονίκαρ-

162 4717 276 4764 που,
323 4727 341 4758 ι
374 4713 444 4779 τῇ
496 4712 862 4787 περιληπτικῇ
893 4715 1062 4789 ταύτῃ
1112 4721 1262 4790 φωνῇ
1291 4719 1351 4772 τὸ
1386 4721 1550 4792 μηδὲν
1579 4724 1735 4778 ἐκλε-

159 4792 396 4882 λοιπέναι
426 4801 546 4853 τῶν
573 4803 823 4858 τοιούτων
854 4809 1270 4874 συνενεδείξατο.
1307 4807 1438 4865 Εἶτα
1467 4815 1605 4882 μετὰ
1640 4816 1738 4887 τὴν

159 4888 360 4979 τροφὴν
389 4891 499 4962 τὴν
533 4893 791 4966 ὖπαιθρόν
817 4913 876 4951 τε
897 4899 990 4952 καὶ⁹
1011 4900 1338 4973 ὑπωρόφιον,
1365 4904 1566 4959 οὐδὲτὸ
1595 4905 1736 4979 ὕδωρ

160 4978 450 5048 ἀςυντελὲς
492 4987 629 5058 πρὸς
671 4989 768 5061 τὴν
804 4993 914 5045 τῶν
952 4993 1154 5064 ἡδονῶν
1190 4998 1448 5075 είσφορὰν
1486 4978 1737 5055 καταλείέ

162 5085 311 5126 tam
334 5114 350 5138 ,
394 5077 479 5141 ὡς
529 5078 640 5132 δέον
671 5085 835 5136 πᾶσιν
873 5085 1142 5156 ἐντρυφᾷν
1175 5092 1280 5158 τοῖς
1314 5094 1634 5170 στοιχείοις·
1668 5096 1734 5166 τῇ
1765 5127 1771 5133 -

162 5165 222 5263 ﬁ;
251 5164 338 5217 διὰ
386 5168 508 5220 τῶν
558 5173 802 5240 οἰκείων,
829 5177 907 5248 τῷ
947 5177 1068 5248 ἀέρι
1106 5178 1190 5234 διὰ
1229 5187 1334 5254 τῶν
1361 5164 1622 5263 δέρδρων,
1653 5164 1736 5258 τῷ

164 5251 437 5362 itaista
614 5269 986 5362 χειροποιήτου
1027 5251 1462 5362 ﬂuitarent-civ,
1489 5251 1610 5355 γὰρ
1641 5251 1735 5332 καὶ

166 5344 248 5395 τοῦ
275 5344 479 5410 ὓδατος
512 5350 628 5418 ἅψις
660 5356 893 5429 ὲφηδύνῃ
917 5358 1022 5413 τῶν
1047 5344 1316 5473 ὀφθαλμξᾎ
1340 5344 1450 5475 τιὴ)
1477 5344 1727 5442 άπάτηνν

237 5525 278 5553 ⁸³
323 5529 480 5584 Eccl.
519 5544 609 5596 xx,
639 5533 724 5586 30.

1837 4373 2049 4426 cantes,
2085 4368 2145 4416 ut
2167 4361 2328 4415 ambo
2359 4375 2482 4416 esse
2515 4361 2803 4416 videantur
2837 4378 2958 4432 quae
2989 4363 3126 4418 ﬁunt
3169 4381 3235 4420 ex
3275 4380 3407 4419 cou-

1837 4454 2235 4526 temperatione
2263 4467 2452 4506 eorum
2485 4467 2605 4522 quae
2639 4461 2768 4508 sunt
2794 4454 2996 4510 diversi
3020 4459 3253 4526 generis.
3281 4455 3406 4512 Haec

1837 4547 2043 4606 omnia,
2080 4552 2134 4598 et
2165 4543 2211 4598 si
2241 4542 2371 4611 quid
2401 4541 2552 4596 aliud
2594 4543 2648 4597 in
2681 4544 2884 4614 plantis
2915 4545 3121 4600 invenit
3151 4562 3243 4602 ars
3293 4547 3402 4601 vim

1836 4627 2068 4691 aﬁereus
2125 4643 2335 4688 naturae
2377 4651 2389 4688 :
2439 4648 2560 4703 quae
2623 4634 2841 4704 quidem
2909 4637 3034 4690 vita
3093 4648 3227 4693 usus
3291 4651 3403 4693 non

1839 4725 2092 4797 requirit,
2127 4723 2358 4793 requirit
2391 4731 2572 4778 autem
2601 4724 2876 4798 cupiditas
2907 4741 3028 4796 quae
3061 4727 3317 4797 castigari
3347 4737 3405 4783 et

1838 4819 2080 4875 coerceri
2143 4833 2251 4870 non
2320 4823 2544 4886 potest;
2606 4816 2720 4871 haec
2778 4818 2833 4872 in
2889 4819 3063 4876 hortis
3111 4821 3404 4877 artiﬁciose

1824 4911 2082 4983 colendis
2117 4910 2255 4965 facta
2298 4925 2421 4964 esse
2452 4909 2585 4964 dicit
2613 4909 2659 4964 is
2687 4911 2778 4981 qui
2811 4927 2911 4966 sua
2953 4914 3225 4968 enuntiat.
3267 4911 3403 4968 Nam
3453 4963 3468 4980 ,

1836 5005 1931 5076 qui
1967 5003 2124 5064 dixit,
2163 5019 2180 5051 ι
2216 4999 2462 5054 Plantavi
2495 5015 2657 5056 omne
2694 5003 2899 5072 lignum
2933 5001 3275 5058 fructiferum
3310 5022 3324 5058 :
3373 5021 3393 5056 ι

1837 5096 1942 5150 hac
1981 5108 2111 5148 voce
2145 5107 2267 5162 qua:
2315 5091 2482 5145 multa
2517 5093 2924 5162 complectitur,
2981 5094 3222 5150 ostendit
3264 5093 3403 5149 nihil

1837 5201 2025 5244 eorum
2059 5184 2319 5239 defuisse.
2355 5181 2558 5237 Deinde
2588 5191 2710 5252 post
2759 5184 3039 5241 subdiales
3075 5184 3321 5250 delicias,
3347 5191 3402 5240 et

1839 5293 1960 5348 quae
2006 5286 2133 5331 sunt
2174 5274 2277 5329 sub
2318 5280 2483 5336 tecto,
2525 5289 2593 5328 ne
2625 5288 2767 5344 aqua
2816 5274 3035 5344 quidem
3075 5275 3402 5347 relinquitur
3455 5269 3462 5274 ’

1837 5367 2048 5424 inutilis
2105 5365 2171 5419 ad
2230 5363 2528 5434 voluptates
2576 5363 2955 5427 conferendas.
3001 5374 3186 5437 utpote
3250 5360 3395 5437 quod
