4018 6334
589 254 691 308 665

1820 259 1876 316 S.
1910 259 2234 315 GREGORII
2273 259 2565 314 NYSSENI
3665 265 3749 325 liti"

586 373 834 438 oporteat
868 368 919 420 iu
953 368 1210 424 omnibus
1235 371 1518 426 elementis
1549 387 1608 426 se
1636 375 1855 443 explere
1885 375 2096 433 deliciis
2133 397 2145 430 :

2262 377 2302 429 tt
2309 394 2414 446 μνη
2433 377 2494 428 τὸ
2512 376 2706 444 ἔδαφος
2733 375 2960 442 γίνεται,
2984 373 3242 428 κυκλόθεν
3261 391 3320 426 πε
3330 377 3756 448 ριοικοδομηθέντις

590 457 644 508 in
674 465 817 509 terra
853 463 948 524 per
979 473 1039 512 ea
1078 475 1198 527 qua:
1226 468 1352 513 sunt
1385 461 1433 514 ei
1475 464 1881 525 conrenientia,
1931 467 1985 520 in
2029 481 2154 521 aere

590 553 687 617 per
715 547 961 613 arbores,
1008 549 1062 603 in
1102 564 1242 619 aqua
1276 566 1371 621 per
1405 567 1554 608 mare
1605 567 1770 608 manu
1829 555 2052 610 factum.
2086 554 2156 610 Ut

589 637 735 692 enim
788 654 942 708 aquae
1001 652 1252 710 aspectus
1317 643 1574 712 deceptos
1629 645 1864 700 oblectet
1924 647 2153 711 oculos,

576 730 765 784 ‘Solum
807 732 864 784 ﬁt
915 732 1089 794 lacus,
1125 749 1264 805 aqua
1313 736 1368 790 in
1401 737 1588 791 Orbem
1636 738 2154 793 circumsedilicata:

591 829 728 876 utet
758 830 980 878 natatus
1026 825 1358 895 voluptatem
1415 824 1606 883 afferat
1687 829 1755 883 iis
1802 830 1896 899 qui
1929 844 2156 900 corpora

587 912 899 966 exhilarant
933 932 944 968 :
978 922 1032 968 et
1061 914 1304 972 deﬂuens
1340 918 1534 972 hortos
1568 918 1760 974 reddat
1791 915 2155 984 ﬂorentiores,

587 1013 650 1058 ut
675 1021 795 1075 qua:
823 1007 968 1061 omni
996 1023 1065 1062 ex
1099 1017 1254 1079 parte
1289 1010 1652 1065 distribuatur
1675 1010 1742 1064 ad
1777 1027 1936 1066 usum
1967 1026 2154 1067 eorum

589 1112 711 1166 quae
768 1098 1092 1169 irrigantur.
1159 1119 1177 1152 ι
1219 1099 1344 1156 Feci
1392 1101 1561 1165 enim,
1623 1120 1642 1153 ι
1697 1102 1895 1172 inquit,
1953 1121 1971 1153 ι
2026 1102 2158 1156 mihi

588 1189 830 1257 piscinas
871 1205 1159 1260 aquarum,
1193 1199 1250 1245 ut
1286 1192 1352 1247 iis
1381 1192 1599 1261 irrigem
1636 1193 1834 1247 saltum
1862 1191 2006 1262 ligna
2033 1209 2160 1264 ger-

593 1279 941 1334 minantem.»
970 1279 1071 1335 Hic
1084 1288 1200 1334 erat
1223 1282 1354 1336 mihi
1381 1280 1500 1335 fons
1525 1281 1888 1350 horti,nemp‘e
1910 1282 2158 1335 doctrina

597 1371 879 1434 virtutum,
911 1387 1008 1442 per
1050 1388 1209 1441 quam
1275 1372 1471 1426 animae
1520 1372 1742 1427 siccitas
1795 1373 2156 1436 irrorabatur,

596 1463 924 1532 contemptis
948 1463 1106 1532 aquis
1131 1465 1385 1526 terrenis,
1415 1477 1647 1533 quarum
1685 1479 1818 1518 usus
1843 1471 1895 1518 et
1925 1462 2161 1519 delecta-

589 1552 666 1606 tio
718 1565 802 1608 est
850 1563 1226 1624 temporauea,
1288 1555 1433 1609 fluxa
1489 1563 1670 1609 autem
1729 1565 1786 1610 et
1842 1555 2159 1611 transitoria

593 1651 807 1699 natura.
876 1643 1020 1699 Nihil
1061 1661 1192 1716 ergo
1256 1645 1421 1700 fuerit
1478 1646 1674 1700 melius
1725 1659 1888 1714 quam
1934 1661 1966 1700 e
2012 1644 2162 1702 fonte

2255 467 2348 519 τοῦ
2403 467 2592 530 ὕδατος
2617 484 2629 497 ·
2671 466 2746 528 ὡς
2775 465 2840 520 ἀν
2889 465 2982 518 καὶ
3032 461 3233 534 ήνῆξις
3281 465 3458 536 ἡδονὴν
3497 467 3632 538 φέροι
3667 464 3756 533 τοῖς

2257 558 2702 629 φαιδρυνομένοις
2733 557 2801 610 τά
2831 556 3090 627 σώματαο
3113 557 3216 609 ’καὶ
3259 557 3316 608 τὸ
3339 557 3599 628 ἀπορρέον,
3633 559 3762 611 εὐθα-

2256 650 2542 722 λεστέρους
2582 649 2940 721 παραδείσους
2985 647 3374 711 κατασκευάζοι
3410 653 3630 720 πανταχῇ
3653 651 3761 720 πρὸς

2256 743 2354 804 τὰς
2369 742 2552 814 χρείας
2569 741 2674 794 τῶν
2691 741 3004 812 ἀρδομένων
3018 740 3482 810 κατασχιζόμενον.
3495 759 3511 790 ι
3545 741 3766 808 Ἐποίῃσά

2257 833 2364 904 γάρ
2395 841 2504 902 μοι,
2547 852 2565 884 ι
2597 832 2746 903 φησὶ,
2795 851 2813 883 ι
2853 830 3240 902 κόλυμδήθρας
3270 832 3485 893 ὑδάτων,
3513 830 3595 883 τοῦ
3644 831 3767 883 ποτί-

2260 939 2347 974 σαι
2380 921 2474 974 ἀπ’
2502 914 2680 974 αὑτῶν
2700 920 2902 992 δρυμὸν
2929 913 3174 991 βλαστὼν
3201 919 3270 972 τά
3301 919 3442 984 ξύλα.
3479 939 3494 970 ι
3541 920 3597 970 Ἦ
3627 918 3674 970 δέ
3699 936 3770 988 μοι

2257 1008 2324 1082 ἦν
2355 1014 2388 1083 ἡ
2414 1011 2506 1065 τοῦ
2556 1011 2884 1083 παραδείσου
2936 1011 3084 1081 πηγή
3109 1026 3120 1038 ·
3151 1008 3440 1072 τουτέστιν,
3481 1009 3512 1078 ἡ
3537 1009 3632 1060 τῶν
3664 1011 3772 1078 ἀρε-

2259 1103 2365 1156 τῶν
2397 1103 2711 1156 διδασκαλία
2735 1143 2748 1164 ,
2793 1103 2860 1156 δι’
2892 1099 2959 1174 ἧς
2987 1103 3016 1154 ό
3047 1103 3145 1170 τῆς
3177 1101 3349 1171 ψυχῆς
3379 1100 3571 1170 αὑχμδς
3603 1099 3777 1168 ὲδροσίο

2258 1192 2412 1258 ζετο,
2442 1193 2710 1264 ὑπεριδὼν
2750 1192 2858 1246 τῶν
2891 1193 3093 1263 γηΐνων
3136 1191 3359 1257 ὑδάτων,
3394 1184 3464 1244 ὧν
3492 1190 3776 1260 πρόσκαιρος

2264 1284 2362 1354 μὲν
2389 1286 2422 1356 ἡ
2448 1284 2762 1349 ἀπόλαυσις,
2797 1284 3064 1354 παροδικὴ
3093 1274 3148 1335 δὲ
3175 1284 3206 1353 ὴ
3234 1279 3410 1351 φύσις.
3429 1279 3622 1333 Οὑκοῦν
3650 1281 3780 1348 ἄμει-

2260 1389 2348 1430 νον
2378 1376 2443 1432 ἂν
2475 1371 2561 1448 εἴη
2583 1377 2684 1448 τῆς
2711 1378 2861 1441 θείας
2891 1377 3095 1448 πηγῆς,
3124 1376 3194 1427 δι’
3221 1369 3288 1446 ἦς
3311 1375 3364 1428 αἱ
3389 1373 3571 1444 ἀρεταὶ
3586 1371 3672 1441 τῆς
3692 1371 3780 1440 ψυσ

2260 1470 2364 1538 χῆς
2405 1467 2695 1536 ἐκφύονται
2748 1467 2840 1520 καὶ
2892 1466 3177 1538 ἀρδονται.
3221 1463 3471 1536 βραχεῖαν
3519 1462 3782 1531 ἀπόρροιαν

2262 1558 2476 1622 ἑαυτοῖς
2505 1558 2857 1629 όχετηγῆσαι,
2885 1557 2959 1620 ὡς
2989 1557 3054 1610 ἂν
3078 1557 3138 1608 τδ
3161 1555 3270 1609 τῶν
3300 1552 3512 1622 ἀγαθῶν
3540 1549 3784 1618 ἐπιτηδευ-

2266 1649 2452 1720 μάτων
2479 1649 2639 1714 ἀλσος
2687 1650 2747 1702 ὲν
2781 1652 2902 1711 ταῖς
2943 1648 3140 1720 ψυχαῖς
3172 1648 3330 1719 ἡμῶν
3361 1645 3566 1707 θάλλοι,
3597 1642 3676 1695 διά
3704 1639 3784 1694 τοῦ

589 1732 799 1798 divino,
832 1750 928 1804 per
961 1751 1122 1806 quem
1161 1736 1357 1790 anima:
1388 1735 1615 1790 virtutes
1663 1735 1918 1789 oriuntur
1950 1743 2004 1791 et
2035 1736 2159 1790 irri-

2271 1740 2476 1812 Κυρίου
2496 1740 2656 1811 ἡμῶν
2699 1739 2874 1810 ’1ησοῦ
2916 1739 3174 1812 Χριστοῦ,
3200 1733 3245 1806 ᾧ
3273 1739 3306 1808 ὴ
3330 1736 3452 1802 δόξα
3482 1736 3570 1789 καὶ
3595 1734 3648 1786 τὸ
3677 1730 3788 1803 κρά-

600 1834 817 1896 gantur,
851 1827 1067 1883 brevem
1092 1829 1326 1898 aliquem
1357 1826 1560 1882 ﬂuxum
1581 1827 1848 1890 derivare,
1880 1837 1941 1881 ut
1965 1843 2160 1884 nemus

2269 1847 2358 1894 τος
2386 1831 2464 1893 είς
2484 1831 2609 1894 τοὺς
2635 1830 2835 1895 αἰῶνας
2855 1830 2963 1885 τῶν
2989 1829 3219 1884 αίὼνων.
3273 1827 3466 1898 Ἀμήν.

599 1923 870 1976 bonorum
896 1920 1199 1975 studiorum
1237 1926 1293 1974 et
1351 1934 1577 1988 operum
1641 1919 1696 1973 in
1726 1919 1934 1974 nostris
1962 1920 2229 1990 germinet
2267 1921 2486 1977 animis.
2518 1921 2621 1976 Per
2656 1921 2944 1978 Dominum
2982 1929 3232 1977 nostrum
3268 1917 3452 1975 Jesum
3498 1914 3746 1972 Christum
3771 1943 3788 1978 ν

597 2015 687 2070 t‘ui
723 2014 891 2085 gloria
930 2015 984 2069 in
1019 2013 1214 2069 saacula
1247 2009 1591 2068 saeculorum.
1618 2013 1811 2067 Amen.

1174 2147 1464 2204 HOMILIA
1496 2148 1586 2203 ιν.

665 2281 845 2343 Lucus
875 2284 1242 2343 Confessionis
1268 2287 1574 2342 orationem
1603 2285 1766 2342 nobis
1807 2283 1986 2342 adhuc
2023 2283 2164 2342 deti-

595 2387 706 2436 net.
743 2379 844 2445 Qui
876 2381 1019 2434 enim
1051 2394 1150 2434 sua
1186 2384 1392 2446 narrat,
1423 2379 1610 2434 omnia
1640 2379 1753 2435 fere
1782 2379 2158 2450 persequitur,

595 2487 693 2542 per
709 2479 828 2543 quae
857 2471 1019 2541 hujus
1051 2469 1173 2526 vitae
1196 2485 1375 2526 rerum
1401 2472 1613 2525 vanitas
1637 2470 1970 2541 agnoscitur.
2003 2469 2162 2526 Nunc

594 2557 773 2617 autem
805 2561 971 2617 veluti
1003 2562 1297 2632 quamdam
1337 2561 1598 2630 majorem
1644 2561 1820 2630 tangit
1867 2562 2164 2632 reprelien-

595 2656 827 2718 sionem,
855 2669 1049 2723 nempe
1081 2663 1134 2709 et
1167 2669 1288 2722 qua:
1315 2653 1384 2708 ab
1415 2639 1540 2722 ipso.
1573 2651 1717 2706 facta
1757 2661 1905 2717 sunt,
1941 2669 2007 2708 ex
2040 2652 2164 2724 qui-

594 2747 695 2801 bus
729 2753 1020 2800 accusatur
1063 2745 1256 2799 vitium
1301 2744 1591 2814 superbiae.
1642 2742 1783 2810 Quid
1818 2745 1964 2798 enim
2001 2745 2054 2798 in
2095 2744 2164 2800 iis

595 2850 713 2904 quae
747 2844 874 2891 sunt
895 2841 1233 2901 enumerata,
1261 2845 1468 2890 tantum
1503 2835 1633 2889 facit
1663 2835 1730 2888 ad
1758 2834 1984 2898 fastum,
2015 2851 2164 2888 nem-

598 2941 663 2996 pe
694 2926 892 2982 domus
923 2935 1264 2997 sumptuosa,
1293 2937 1346 2981 et
1381 2925 1672 2980 multitudo
1708 2927 2007 2994 vinearum,
2038 2927 2162 2981 hor-

2875 2149 3120 2206 OMIMA
3147 2151 3222 2202 A'.

2335 2289 2458 2346 Ἔτι
2479 2290 2611 2362 ἡμῖν
2637 2290 2666 2342 ὁ
2810 2285 3252 2358 ὲξομολογήσεως
3277 2280 3441 2342 τόπος
3467 2271 3794 2368 παρακατέχει

2259 2381 2354 2444 τὸν
2377 2382 2552 2452 λόγον.
2576 2380 2759 2435 Πάντα
2787 2379 2896 2450 γάρ
2926 2368 3110 2447 σχεδὸν
3138 2373 3474 2445 διεξέρχεται
3494 2369 3520 2420 ὁ
3541 2366 3605 2419 τά
3634 2366 3793 2416 ἑαυτοῦ

2264 2474 2639 2548 διηγούμενος.
2681 2473 2749 2526 δι’
2778 2465 2853 2528 ὧν
2882 2471 2989 2524 τῶν
3028 2467 3175 2524 κατὰ
3202 2463 3300 2521 τὸν
3345 2464 3455 2534 βίον
3479 2459 3664 2548 τοῦτον
3680 2471 3798 2548 πρα-

2263 2547 2488 2638 Υμάτων
2524 2569 2557 2637 ὴ
2607 2565 2905 2636 ματαιότης
2947 2560 3298 2632 γνωρίζεται.
3351 2554 3464 2609 Νῦν
3498 2551 3554 2604 δὲ
3583 2547 3798 2612 καθάπερ

2267 2655 2508 2729 μείζονάς
2555 2671 2697 2718 τινος
2747 2653 3080 2724 κατηγορίας
3130 2650 3365 2704 ἅπτεται
3407 2645 3513 2699 τῶν
3544 2639 3678 2709 αὑτῷ

2263 2727 2612 2821 ἀτραγμένων.
2649 2749 2707 2812 ἐξ
2737 2741 2810 2800 ὧν
2843 2745 2901 2799 τὸ
2929 2744 3070 2798 κατὰ
3093 2741 3189 2812 τὴν
3221 2736 3593 2810 ὑπερηφανίαν
3616 2727 3801 2821 διαϐάλ-

2261 2820 2410 2893 λεται
2463 2838 2655 2901 πάθος.
2713 2837 2776 2890 Τί
2824 2834 2932 2906 γάρ
2985 2832 3238 2886 τοσοῦτον
3287 2825 3365 2894 είς
3409 2827 3569 2897 τύφου
3618 2825 3669 2877 ἐν
3711 2820 3802 2879 τοῖς

2262 2928 2740 3001 ἀπηριθμημένοις
2771 2927 2937 2988 ἐστὶν,
2974 2920 3121 2987 οἶκος
3161 2921 3480 2990 πολυτελὴς,
3516 2917 3604 2970 καὶ
3633 2909 3806 3001 eaeo:-

597 2995 888 3089 tortmique
918 3027 974 3074 et
1001 2995 1267 3088 aquarUm
1307 3019 1678 3089 pulchritudo,
1716 3017 2158 3089 piscinarumque

2264 3019 2541 3090 ἀμπέλων,
2583 3019 2676 3072 καὶ
2779 3019 2834 3069 ἐν
2867 3017 3062 3083 κήποις
3097 3013 3216 3085 ὥρα
3263 3012 3360 3065 καὶ
3395 3009 3500 3063 τῶν
3533 3004 3743 3062 ὑδάτων,
3775 2995 3806 3066 ἢ

593 3111 956 3175 censtruetio,
989 3118 1042 3164 et
1067 3111 1348 3164 hortorum
1380 3111 1700 3181 amplitudo,
1728 3118 1991 3180 quantum
2013 3113 2157 3182 quod

593 3201 795 3273 quiest
827 3201 1012 3266 homo,
1046 3200 1288 3271 seipsum
1319 3201 1596 3255 existimat
1637 3201 1917 3256 dominum
1973 3215 2162 3256 eorum

592 3293 686 3364 qui
718 3300 848 3349 sunt
891 3291 1135 3362 ejusdem
1175 3293 1334 3361 cujus
1376 3292 1492 3359 ipse
1528 3301 1612 3347 est
1658 3292 1914 3362 generis?
1981 3311 1998 3344 ι
2030 3291 2164 3348 Pos-

594 3384 709 3440 scdi
734 3384 902 3451 enim,
943 3402 961 3435 ι
1000 3383 1199 3452 inquit,
1229 3399 1249 3434 ι
1285 3394 1474 3439 servos
1501 3391 1554 3438 et
1580 3385 1830 3446 ancillas,
1856 3393 1911 3438 et
1943 3383 2164 3438 fuerunt

597 3476 727 3528 mihi
758 3487 958 3530 vernae.
987 3494 1004 3526 ο
1047 3473 1496 3531 Videstumorem
1523 3475 1866 3545 arrogantius.
1903 3473 2028 3529 llaec
2059 3489 2163 3530 vox

595 3574 779 3637 aperte
813 3566 1050 3636 insurgit
1073 3565 1337 3620 adversus
1377 3563 1567 3620 Deum.
1609 3559 1803 3618 Omnia
1840 3564 1988 3619 enim
2043 3579 2162 3619 ser-

595 3661 710 3714 vire
740 3661 811 3722 ei,
848 3675 968 3729 qua:
993 3670 1076 3714 est
1102 3672 1265 3728 supra
1301 3659 1504 3721 omnia,
1553 3656 1834 3726 potestati,
1886 3655 2162 3710 audiimus

595 3767 624 3803 a
653 3751 958 3820 prephetia.
991 3748 1095 3815 Qui
1125 3757 1308 3802 autem
1346 3758 1505 3803 suum
1541 3745 1671 3800 facit
1701 3746 1753 3800 id
1789 3747 1932 3816 quod
1963 3761 1992 3799 a
2051 3744 2162 3800 Deo

595 3839 926 3908 possidetur,
959 3845 1013 3893 et
1055 3853 1159 3894 suo
1207 3839 1392 3909 generi
1422 3853 1540 3892 eam
1588 3837 1780 3891 tribuit
1815 3845 2157 3908 potestatem,

594 3939 656 3983 ut
697 3945 756 3983 se
785 3937 936 3999 putet
966 3929 1247 3984 dominum
1286 3929 1524 3985 virorum
1555 3938 1610 3983 et
1669 3928 1979 3992 mulierum,
2030 3927 2162 3998 quid

596 4022 746 4077 aliud
777 4032 938 4092 quam
979 4031 1227 4077 naturam
1257 4031 1479 4092 superat
1499 4022 1771 4091 superbia,
1800 4021 1891 4091 qui
1920 4021 2162 4092 seipsum

596 4115 794 4184 aspicit
823 4123 1081 4184 tanquam
1115 4114 1319 4184 aliquid
1346 4114 1492 4167 aliud
1525 4114 1592 4167 ab
1625 4113 1691 4167 iis
1720 4115 1814 4182 qui
1857 4121 1984 4168 sunt
2031 4113 2163 4168 sub-

588 4206 768 4276 th'li?
805 4225 822 4258 ι
888 4201 1111 4261 l’ossedi
1156 4214 1347 4262 servos
1402 4213 1456 4260 et
1515 4205 1770 4260 ancillas.
1806 4223 1825 4256 ι
1877 4203 2162 4258 Hominem

593 4299 927 4353 condemnas
954 4297 1252 4363 servitutis,
1288 4296 1447 4365 cujus
1475 4305 1558 4351 est
1591 4297 1780 4360 libera,
1811 4303 1864 4350 et
1891 4296 1976 4349 sui
2019 4295 2161 4364 juris

2263 3127 2322 3164 τε
2353 3109 2491 3164 κατά
2525 3109 2623 3172 τὰς
2662 3098 3044 3179 κολυμϐήθρας
3074 3100 3361 3168 σύστασις,
3386 3101 3480 3154 καὶ
3511 3100 3543 3166 ἡ
3574 3098 3626 3148 ἐν
3652 3104 3807 3158 παρα·

2259 3199 2455 3263 δείσαις
2489 3199 2749 3263 διάλυσις,
2785 3189 2908 3250 ὅσον
2945 3197 3005 3248 τὸ
3051 3195 3344 3264 ἄνθρωπον
3373 3191 3534 3251 ὄντα,
3573 3181 3808 3248 δεσπότην

2263 3289 2449 3344 ἑαυτὸν
2474 3290 2582 3342 τῶν
2608 3287 2897 3360 ὁμοφύλων
2927 3287 3168 3351 οἴεσθαις
3204 3304 3223 3336 ι
3279 3280 3624 3352 Ἐκτησάμην
3652 3293 3669 3325 δ
3699 3271 3808 3360 γὰρ.

2264 3381 2420 3450 φησὶ,
2465 3399 2483 3431 ι
2521 3379 2737 3442 δούλους
2771 3375 2866 3430 καὶ
2905 3377 3220 3438 παιδίσκας,
3255 3375 3351 3428 καὶ
3389 3367 3673 3436 οἰκογενεῖς
3707 3359 3810 3450 tri:

2263 3448 2411 3522 νοντό
2444 3485 2552 3538 μοι.
2583 3487 2626 3520 -ο
2686 3467 2846 3539 Ὁρᾷς
2878 3466 2969 3520 τδν
3010 3458 3172 3533 ὄγκον
3205 3463 3310 3533 τῆς
3343 3455 3680 3522 ἀλαζονείας·

2262 3557 2520 3628 ἄντικρυς
2559 3557 2592 3626 ἡ
2637 3555 2856 3624 τοιαύτη
2903 3553 3053 3623 φωνὴ
3109 3549 3541 3621 ἀντεπαίρεταιο
3583 3541 3648 3594 τά
3700 3538 3814 3605 σύμ·

2260 3665 2438 3701 παντα
2489 3647 2596 3718 γὰρ
2645 3645 2805 3699 δοῦλα
2861 3639 2999 3696 εἶναι
3050 3642 3148 3711 τῆς
3181 3642 3409 3694 πάντων
3447 3628 3816 3718 ὑπερκειμένρς

2261 3712 2541 3804 ἐξουσίας,
2567 3712 2729 3808 *παρά
2757 3736 2856 3806 τῆς
2889 3731 3226 3806 προφητείας
3272 3729 3612 3800 ἠκούσαμεν.
3658 3723 3711 3773 Ὀ
3738 3712 3815 3769 οὖν

2261 3831 2448 3900 κτῆμα
2486 3830 2677 3882 ἑαυτοῦ
2718 3828 2778 3882 τὸ
2813 3827 2906 3881 τοῦ
2937 3825 3072 3879 Θεοῦ
3110 3823 3306 3894 κτῆμα
3343 3815 3692 3889 ποιούμενος,
3721 3813 3819 3862 ἓπι⁶

2265 3923 2498 3995 μερίζων
2529 3939 2586 3975 τε
2613 3921 2690 3992 τῷ
2721 3921 2866 3989 γένει
2911 3919 3009 3988 τὴν
3043 3915 3372 3970 δυναστείαν
3392 3955 3406 3978 ,
3437 3906 3512 3975 ὡς
3553 3905 3744 3978 ἀνδρῶν
3771 3917 3818 3954 τε

2262 4013 2356 4068 καὶ
2403 4013 2674 4080 γυναικῶν
2718 4012 2904 4083 κύριον
2955 4007 3142 4065 ἑαυτὸν
3187 4005 3442 4068 οἴεσθαι,
3492 3999 3546 4056 τί
3583 3999 3700 4052 ἄλλο
3742 3991 3822 4046 καὶ

2262 4105 2385 4175 οὑχ).
2429 4103 2690 4157 διαϐαίνει
2723 4106 2790 4174 τῇ
2835 4097 3180 4166 ὑπερηφανίᾳ
3223 4098 3326 4167 τὴν
3375 4096 3574 4164 φύσιν,
3617 4088 3733 4143 ἄλλο
3778 4098 3822 4134 τι

2263 4196 2454 4250 ἑαυτὸν
2489 4196 2641 4267 παρά
2669 4196 2790 4248 τοὺς
2813 4190 3142 4264 ἀρχομένους
3171 4188 3435 4256 βλέπων;
3461 4207 3480 4240 ι
3503 4180 3822 4250 Ἐκτησάμην

2262 4287 2477 4352 δούλους
2505 4287 2598 4340 καὶ
2622 4282 2894 4340 παιδίσκα.
2915 4297 2933 4330 ι
2960 4277 3175 4348 Δουλείᾳ
3221 4277 3615 4339 καταδικάζεις
3639 4272 3721 4323 τὸν
3744 4267 3821 4320 ἄν·

595 4398 809 4451 natura,
847 4397 900 4442 et
943 4388 1111 4458 legem
1147 4387 1256 4442 fers
1291 4386 1554 4441 adversus
1617 4384 1806 4448 Deum,
1858 4385 2159 4438 naturalem

2263 4380 2477 4451 Ορωπον
2497 4423 2510 4443 ,
2535 4372 2595 4432 οὗ
2622 4377 2876 4444 ἐλευθέρα
2897 4375 2932 4445 ἡ
2983 4373 3143 4443 φύσις
3177 4375 3280 4426 καὶ
3328 4368 3705 4458 αὑτεξούσιος.
3724 4356 3823 4458 Δκῦιξ

594 4480 712 4548 ejus
739 4480 907 4549 legem
940 4489 1208 4534 evertens.
1240 4477 1374 4531 Eum
1414 4481 1558 4533 enim
1590 4478 1680 4546 qui
1713 4476 1835 4531 ideo
1871 4473 2046 4531 factus
2077 4481 2162 4530 est

598 4580 656 4624 ut
689 4581 832 4626 esset
867 4583 1027 4626 terra:
1084 4571 1367 4632 dominus,
1418 4579 1470 4623 et
1532 4586 1691 4639 quem
1754 4576 1812 4621 ut
1871 4569 2160 4637 imperaret

595 4663 886 4716 constituit
930 4663 1180 4723 Creator,
1237 4673 1358 4713 eum
1423 4659 1632 4728 subigis
1685 4659 1816 4728 jugo
1856 4658 2157 4720 servitutis,

594 4764 857 4822 tanquam
885 4753 1072 4807 divino
1111 4761 1382 4822 praecepto
1430 4752 1690 4822 resistens
1722 4760 1775 4805 ct
1825 4766 2156 4821 repugnans.

595 4847 884 4901 Oblitusnc
910 4853 970 4899 es
1006 4846 1230 4914 quinam
1273 4852 1403 4898 sunt
1435 4842 1652 4897 termini
1686 4854 1791 4896 tua:
1833 4842 2156 4911 potestatis;

595 4947 788 5006 nempe
817 4935 962 5004 quod
1004 4935 1112 4988 huc
1145 4950 1316 5002 usque
1363 4939 1516 4985 tuum
1553 4931 1836 4986 definitum
1882 4933 1953 4988 sit
1990 4933 2160 5000 impev

595 5029 767 5091 rium,
831 5037 889 5079 ut
951 5026 1142 5096 pra-sis
1206 5025 1384 5078 brutis
1437 5022 1849 5076 animantibus?
1890 5021 2160 5092 ltnpereut

593 5117 765 5178 enim,
797 5118 997 5186 inquit,
1033 5117 1348 5169 volucribus
1385 5121 1439 5168 et
1474 5113 1716 5183 piscibus
1755 5122 1809 5168 et
1852 5114 2162 5184 quadrupe-

593 5212 772 5264 dibus.
813 5207 1096 5275 Quomodo
1123 5208 1392 5276 przeterita
1425 5212 1670 5274 quartum
1703 5205 1888 5258 manui
1914 5206 2160 5273 subjecta

593 5309 677 5356 est
732 5301 1014 5360 servitute,
1073 5298 1333 5352 adversus
1370 5299 1545 5365 ipsam
1595 5296 1819 5348 liberam
1880 5295 2160 5349 extolleris

594 5401 868 5453 naturam,
903 5391 954 5441 iu
990 5385 1400 5454 quadrupedum
1440 5385 1522 5438 vel
1551 5384 1713 5435 etiam
1751 5383 2159 5451 (insectorum)

595 5481 824 5552 pedibus
845 5477 1165 5552 .carcntium
1202 5489 1487 5528 numerum
1521 5469 1763 5526 referens
1802 5471 1858 5525 id
1885 5471 2028 5542 quod
2077 5480 2162 5528 est

593 5573 836 5643 ejusdem
866 5571 1080 5641 generis
1103 5567 1126 5620 ’ί
1149 5588 1164 5618 ι
1202 5567 1396 5622 0.uuia
1424 5566 1708 5637 subjeeisti
1744 5561 1966 5624 homini,
1996 5582 2010 5613 ι
2051 5566 2161 5619 cla-

594 5674 705 5720 mat
737 5665 1014 5735 Scriptura
1059 5679 1152 5733 per
1184 5661 1543 5731 prophetiam,
1576 5671 1627 5715 et
1680 5661 1733 5715 in
1773 5658 2024 5720 currulem
2079 5675 2160 5713 rc-

2261 4469 2691 4540 ἀντινομοθετεῖς
2716 4466 2794 4537 τῷ
2818 4467 2953 4536 Θεῷ,
2986 4465 3320 4536 ἀνατρέπων
3348 4459 3518 4516 αὑτοῦ
3548 4459 3633 4510 τὸν
3664 4452 3744 4540 ἐπὶ
3769 4450 3821 4514 τῇ

2265 4564 2422 4633 φύσει
2449 4535 2634 4632 νόμον.
2665 4535 2776 4614 Τὸν
2798 4535 2916 4630 γὰρ
2937 4560 3028 4611 ἐπὶ
3058 4535 3232 4626 τούτῳ
3257 4555 3582 4625 γενόμενον,
3607 4545 3685 4616 ἐφ’
3716 4535 3754 4610 ᾧ
3775 4553 3821 4633 τέ

2263 4629 2449 4723 κύριον
2476 4629 2612 4705 εἶναι
2639 4653 2735 4722 τῆς
2759 4629 2885 4719 γῆς.
2912 4650 3004 4701 καὶ
3030 4650 3105 4711 είς
3131 4648 3311 4716 ἀρχὴν
3339 4629 3822 4728 τεταγμένονπαξὶ

2262 4744 2354 4797 τοῦ
2376 4743 2698 4804 πλάσαντος,
2718 4740 2905 4793 τοῦτον
2930 4738 3153 4806 ὑπάγεις
3177 4737 3256 4807 τῷ
3282 4740 3386 4806 τῆς
3410 4733 3656 4792 δουλείας
3677 4727 3820 4790 ζυγῷ.

2262 4833 2451 4905 ῶσπερ
2481 4831 2796 4886 ἀντιϐαίνων
2835 4846 2893 4880 τε
2933 4829 3025 4881 καὶ
3072 4826 3386 4896 μαχόμενος
3423 4823 3504 4892 τῷ
3534 4821 3659 4888 θείῳ
3685 4826 3824 4882 προσ·

2262 4928 2521 4996 τάγματι.
2585 4922 2926 4991 Ἐπιλέλησαι
2965 4919 3073 4971 τῶν
3118 4918 3214 4988 τῆς
3260 4917 3517 4980 ἐξουσίας
3562 4914 3724 4983 ὅρων,
3753 4905 3822 4956 ὅτι

2267 5037 2347 5073 σοι
2391 5017 2552 5088 μέχρι
2584 5014 2680 5084 τῆς
2707 5011 2814 5066 τῶν
2841 5012 3048 5080 ἀλόγων
3095 5009 3426 5071 ἐπιστασίας
3461 5010 3495 5078 ὴ
3526 5004 3662 5077 ἀρχὴ
3692 5014 3826 5066 περιο

2263 5111 2508 5180 ὡρισται.
2537 5107 2874 5178 Ἀρχέτωσαν
2891 5105 3018 5174 γάρ,
3044 5103 3194 5174 φησὶ,
3215 5102 3511 5165 πετεινῶν,
3532 5099 3623 5152 καὶ
3649 5091 3820 5166 ἰχθύων

2265 5203 2357 5255 καὶ
2387 5198 2751 5270 τετραπόδων.
2799 5197 2924 5258 Πῶς
2956 5193 3240 5266 παρελθὼν
3275 5193 3378 5264 τὴν
3417 5188 3719 5261 ὑποχείριόν
3753 5196 3823 5232 σοι

2263 5291 2503 5346 δουλείαν
2547 5290 2662 5342 κατ’
2705 5287 2874 5356 αὑτῆς
2912 5285 3111 5356 ὲπαίρῃ
3149 5285 3249 5355 τῆς
3293 5283 3590 5353 ἐλευθέρας
3632 5275 3822 5345 φύσεως

2269 5383 2405 5456 μετά
2432 5383 2538 5436 τῶν
2562 5379 2905 5450 τετραπόδων
2939 5379 2970 5448 ἢ
3001 5379 3092 5430 καὶ
3119 5375 3226 5428 τῶν
3258 5376 3485 5428 ἀπόδων
3512 5358 3823 5460 ἀριθμῶν-τί)

2264 5474 2565 5545 δμόφυλον;
2610 5491 2626 5523 ι
2653 5471 2830 5524 Πάντα
2859 5465 3126 5531 ὑπέταξας
3145 5463 3221 5535 τῷ
3246 5459 3545 5532 ἀνθρώπῳ,
3573 5480 3590 5511 ι
3626 5456 3715 5526 βοᾷ

2266 5534 2733 5634 τίῆςυπροφῇτείας
2766 5559 2794 5611 δ
2831 5556 3000 5626 Λόγος
3021 5595 3035 5619 ,
3065 5557 3157 5609 καὶ
3191 5534 3300 5606 ὑπὸ
3345 5550 3581 5623 ἀριθμὸν
3613 5547 3724 5612 ἄγει
3764 5534 3824 5589 τὰ

2269 5655 2553 5726 ὑποχείρια
2584 5652 2658 5722 τῷ
2689 5651 2852 5723 λόγῳ,
2893 5666 2909 5698 ι
2933 5648 3118 5718 κτήνη,
3144 5643 3236 5702 καὶ
3259 5645 3390 5716 βόας
3417 5643 3508 5697 καὶ
3530 5635 3772 5708 πρὸΰατα.
3801 5650 3813 5672 ι
