4018 6334
279 175 380 232 655
1333 179 1399 236 ΙΝ
1445 182 1980 247 ECCLESIASTEN.
2018 193 2298 250 HOMIle
2341 195 2428 252 IV.
3418 211 3522 266 686

274 293 362 365 Μὴ
393 296 460 347 ὲκ
499 295 606 349 τῶν
631 300 843 368 κτηνῶν
875 319 957 356 σοι
992 307 1278 374 γεγόνασιν
1319 313 1626 386 ἄνθρωποι;
1658 319 1749 390 Μὴ
1793 337 1820 374 α

1960 326 2061 379 fert
2087 342 2370 381 numerum
2407 342 2528 396 qua:
2563 328 2758 382 rationi
2809 338 2938 385 sunt
2965 331 3207 402 subjecta
3241 353 3260 385 ι
3303 349 3520 404 pecora,

275 387 392 456 βόες
439 403 521 439 σοι
559 388 658 458 τὴν
708 390 1055 466 ἀνθρωπίνην
1089 403 1249 471 γονὴν
1294 404 1694 475 ὲτεκνὼσαντω
1739 407 1852 463 Μία

273 480 378 549 γὰρ
418 480 632 534 δουλεία
653 482 762 535 τῶν
791 485 1095 556 ἀνθρώπων
1125 492 1192 543 τὰ
1221 493 1409 563 ἄλογα.
1457 495 1852 563 Ἐξανατέλλων

272 593 376 662 γὰρ
415 587 609 664 χόρτον
641 599 754 659 τοῖς
792 600 1066 670 κτήνεσιν,
1103 605 1198 658 καὶ
1224 607 1386 677 χλόην
1413 612 1476 680 τῇ
1504 610 1715 681 δουλεία
1742 612 1850 665 τῶν

269 683 592 754 ἀνθρώπων.
624 687 696 738 Συ
731 688 787 742 δὲ
813 688 911 759 τὴν
947 691 1108 760 φύσιν
1131 694 1374 761 δουλείας
1403 699 1497 752 καὶ
1534 701 1850 774 κυριότητος

268 773 479 843 σχίσας,
510 777 680 849 αὐτὴν
707 779 872 850 ἑαυτῇ
903 781 1196 850 δουλεύειν,
1225 788 1320 840 καὶ
1343 790 1540 860 ἑαυτῆς
1573 792 1846 861 κυριεύειν

265 867 550 938 ἐποίησας.
626 891 644 923 ‹
671 870 1014 945 Ἐκτησάμην
1029 877 1141 948 γὰρ
1159 871 1371 945 δούλους
1395 883 1483 936 καὶ
1505 884 1803 950 παιδίσκας.
1818 906 1836 939 ι

265 958 448 1023 Ποίας,
485 960 606 1012 είπέ
647 979 758 1032 μοι,
803 965 1004 1034 τιμῆςς
1033 965 1112 1039 ’Τί
1143 962 1299 1040 εὗρες
1343 972 1400 1022 ὲν
1450 975 1560 1034 τοῖς
1593 969 1710 1024 οὖσι
1745 973 1846 1042 τῆς

264 1049 480 1116 φύσεως
518 1051 723 1122 ταύτης
755 1054 1036 1122 ἀντάξιον;
1072 1057 1245 1111 Πόσου
1283 1060 1556 1130 κέρματος
1598 1062 1843 1133 ὲτιμήσω

260 1141 348 1193 τὸν
380 1141 543 1209 λόγον
563 1161 577 1208 ;
601 1143 791 1208 Πόσσις
818 1145 1021 1210 ὀϐολοῖς
1053 1148 1150 1220 τὴν
1177 1151 1359 1204 εἰκόνα
1378 1150 1470 1203 τοῦ
1500 1152 1633 1206 Θεοῦ
1680 1155 1833 1210 ἀντε-

257 1234 605 1304 στάθμησας;
634 1224 816 1289 Πόσων
862 1239 1146 1309 στατήρων
1187 1241 1286 1311 τὴν
1320 1242 1648 1296 θεόπλαστον
1677 1244 1838 1312 φύσιν

259 1320 718 1391 ἁπενεπώλησας;
752 1321 920 1382 Εἶπεν
946 1329 973 1380 6
995 1328 1142 1396 Θεὸς,
1173 1351 1191 1382 ι
1212 1333 1530 1404 Ποιήσωμεν
1553 1334 1837 1406 ἄνθρωπον

257 1413 378 1463 κατ’
411 1413 598 1466 εἰκόνα
628 1409 898 1487 ἡμετέραν
917 1409 1009 1473 καὶ
1032 1420 1302 1490 ὁμοίωσιν.
1329 1443 1347 1476 ι
1370 1423 1472 1476 Τὸν
1499 1426 1620 1480 καθ’
1651 1427 1834 1497 ὁμοιό-

253 1515 394 1568 τητα
421 1500 518 1553 τοῦ
546 1503 678 1555 Θεοῦ
703 1504 853 1568 ὄντα,
880 1508 972 1560 καὶ
1001 1509 1182 1580 πάσης
1210 1512 1444 1583 ἄρχοντα
1470 1515 1566 1585 τῆς
1589 1499 1712 1585 γῆς,
1741 1519 1832 1569 καὶ

253 1589 474 1642 πάντων
517 1591 623 1644 τῶν
667 1595 759 1646 ἐπὶ
803 1595 900 1666 τῆς
951 1597 1054 1669 γῆς
1099 1599 1196 1671 τὴν
1247 1601 1494 1667 ἐξουσίαν
1540 1605 1691 1675 παρὰ
1736 1605 1830 1660 τοῦ

251 1677 385 1730 Θεοῦ
429 1680 877 1754 κληρωσάμενον,
907 1688 992 1750 τίς
1022 1691 1050 1742 6
1076 1691 1447 1761 ἀπεμπωλὼν,
1479 1695 1600 1747 εἰπὲ
1619 1735 1634 1760 ,
1672 1697 1752 1762 τίς
1803 1699 1832 1750 ὁ

251 1765 592 1839 ὠνούμενος;
633 1774 809 1828 Μόνου
838 1775 973 1830 Θεοῦ
1002 1779 1063 1831 τὸ
1083 1779 1374 1852 δυνηθῆναι
1393 1784 1552 1838 τοῦτο
1575 1803 1589 1818 ο
1631 1787 1830 1857 μᾶλλον

249 1857 300 1910 δὲ
338 1860 472 1913 οῦδὲ
513 1863 677 1916 αὑτοῦ
715 1866 898 1936 σχεδὸν
926 1869 1020 1922 τοῦ
1055 1871 1210 1925 Θεοῦ.
1249 1892 1265 1924 ι
1293 1874 1706 1948 Ἀμεταμέλητα
1723 1879 1830 1950 γὰρ

250 1951 437 2016 αὐτοῦ,
452 1970 474 2005 ι
500 1955 653 2025 φησι,
678 1974 698 2007 ι
719 1957 788 2010 τὰ
811 1959 1142 2032 χαρίσματα.
1159 1983 1177 2015 ι
1203 1965 1316 2018 Οὐκ
1347 1965 1412 2020 ἂν
1432 1963 1522 2020 οῦν
1543 1971 1570 2022 6
1589 1968 1718 2033 Θεὸς
1733 1970 1830 2042 τὴν

249 2062 412 2130 φύσιν
438 2064 920 2137 καταδουλώσειεν,
945 2071 1004 2134 ὃς
1021 2089 1082 2139 γε
1109 2073 1204 2126 καὶ
1223 2074 1561 2149 αὐθαιρέτως
1588 2079 1735 2150 ἡμᾶς
1761 2081 1826 2151 τῇ

244 2155 499 2225 ἁμαρτίᾳ
522 2155 884 2223 δουλωθέντας
910 2162 990 2224 εἰς
1017 2161 1330 2236 ἐλευθερίαν
1353 2168 1733 2226 ἀνεκαλέσατο.
1764 2171 1827 2224 Εἰ

243 2241 293 2292 δὲ
319 2243 347 2294 6
389 2243 531 2306 Θεὸς
561 2245 622 2298 οὐ
650 2245 827 2299 δουλοῖ
871 2247 1174 2322 ἐλεύθερον,
1206 2253 1289 2317 τίς
1319 2257 1348 2308 6
1389 2257 1695 2328 ὐπερτιθεὶς
1731 2258 1827 2313 τοῦ

242 2332 371 2387 Θεοῦ
413 2334 515 2406 τὴν
540 2337 703 2390 αὐτοῦ
732 2338 1087 2409 δυναστείαν;
1119 2344 1242 2409 Πῶς
1271 2345 1328 2399 δὲ
1362 2348 1454 2401 καὶ
1483 2350 1826 2420 πραθήσεται

238 2424 266 2475 6
291 2423 485 2494 ἄρχων
520 2426 697 2498 πάσης
734 2429 834 2498 τῆς
866 2431 974 2501 γῆς
1017 2434 1112 2486 καὶ
1153 2434 1260 2488 τῶν
1291 2438 1548 2506 ἐπιγείων
1577 2442 1823 2508 πάντων;

252 2509 496 2582 Ἀνάγκη
540 2515 647 2586 γὰρ
695 2518 846 2571 πᾶσα
891 2520 986 2571 καὶ
1026 2520 1086 2572 τὸ
1118 2523 1306 2592 κτῆμα
1351 2525 1443 2577 τοῦ
1474 2527 1822 2600 πωλουμένου

241 2603 710 2658 συναποδίδοσθαι.
772 2607 948 2660 Πόσου
1008 2609 1116 2663 τῶν
1170 2613 1275 2665 ὑπὸ
1334 2613 1514 2668 πᾶσάν
1564 2616 1660 2688 τὴν
1720 2619 1824 2688 γῆν

237 2693 622 2762 τιμησόμεθας
666 2696 729 2748 Εἰ
768 2697 825 2750 δὲ
863 2696 1035 2752 ταῦτα
1063 2701 1340 2773 ἀτίμητα,
1381 2708 1408 2759 6
1439 2707 1579 2778 ὑπὲρ
1627 2708 1820 2773 ταῦτα,

235 2783 392 2844 ποίας
427 2783 577 2848 ἄξιος
608 2785 793 2854 τιμῆς,
825 2788 944 2840 εἰπέ
979 2805 1104 2858 μοι;
1142 2790 1261 2844 Κᾶν
1303 2791 1392 2845 τὸν
1436 2793 1673 2864 κόσμον,
1703 2796 1822 2851 ὅλον

233 2873 396 2944 εἴπῃς
414 2915 431 2938 ,
459 2874 579 2927 οὐδὲ
604 2874 777 2940 οὕτως
811 2871 969 2950 εὗρες
995 2881 1092 2952 τὴν
1122 2883 1256 2953 πρὸς
1290 2885 1445 2951 ἀξίαν
1465 2889 1652 2958 τιμήν.
1684 2889 1819 2943 Οὐδὲ

1957 417 2122 473 hot'es
2153 427 2206 473 et
2239 435 2368 474 oves
2392 419 2456 472 ⁸⁵.
2499 440 2515 472 ι
2547 418 2683 472 Num
2713 435 2774 474 ex
2811 424 3094 490 pecoribus
3123 425 3222 478 tibi
3250 427 3367 479 ιιιιιῑὶ
3395 436 3523 481 sunt

1955 509 2252 563 homines?
2281 509 2420 564 Num
2462 511 2556 564 tibi
2596 512 2758 566 boves
2817 512 3109 566 humanam
3165 529 3522 584 procrearunt

1953 599 2244 654 sobolem?
2281 601 2396 656 Una
2428 603 2572 656 enim
2604 601 2888 654 hominum
2919 604 3155 658 servitus
3179 615 3304 660 sunt
3333 609 3520 664 bestiae

1951 699 2205 758 expertes
2230 690 2460 745 rationis
2483 691 2548 743 ⁸⁵.
2578 689 2891 746 ΡΓοιΙιιιόηε
2917 694 3059 746 enim
3099 694 3280 749 fenum
3305 699 3518 767 jumen-

1954 779 2046 843 tis,
2081 789 2137 832 et
2181 780 2402 834 herbam
2435 782 2684 834 servituti
2717 782 3022 837 hominum.
3059 783 3138 838 Tu
3173 797 3351 842 autem
3401 806 3518 845 ser-

1945 869 2138 924 vitutis
2178 877 2232 924 et
2279 870 2507 924 dominii
2550 872 2721 926 scissa
2775 878 2991 935 natura,
3051 875 3225 943 ipsam
3277 877 3379 931 sibi
3415 879 3517 947 ipsi

1947 962 2178 1024 servire,
2217 971 2270 1016 et
2305 962 2358 1015 in
2389 963 2626 1032 seipsam
2657 963 2997 1018 dominatum
3034 966 3286 1022 obtinere
3316 967 3513 1024 fecisti.

1950 1070 1968 1102 ι
2006 1052 2231 1108 Possedi
2271 1054 2414 1107 enim
2479 1069 2671 1109 servos
2725 1062 2778 1107 et
2819 1056 3069 1111 ancillas.
3116 1077 3134 1108 ι
3204 1057 3340 1123 Quo,
3404 1061 3514 1125 die,

1941 1159 2150 1213 qureso,
2177 1146 2351 1214 pretio
2388 1147 2718 1215 comparasti
2744 1147 2767 1199 ?
2793 1147 2931 1212 Quid
2958 1149 3009 1201 in
3044 1149 3207 1203 rebus
3239 1153 3511 1217 invenisti,

1941 1235 2086 1303 quod
2131 1235 2295 1303 hujus
2326 1243 2539 1290 natura:
2573 1239 2746 1306 pretio
2776 1240 3126 1310 responderet
3153 1242 3169 1292 2
3199 1241 3339 1306 Quot
3363 1259 3513 1296 num-

1940 1325 2044 1378 mis
2062 1325 2343 1379 mstimasti
2374 1326 2680 1380 ratiOnem?
2705 1327 3053 1393 Quotobolos
3080 1333 3384 1400 espendisti
3413 1349 3511 1402 pro

1938 1413 2032 1469 Dei
2084 1413 2365 1485 imagine?
2417 1415 2560 1481 Quot
2627 1419 2922 1472 staterihus
2951 1421 3130 1473 emisti
3162 1438 3282 1490 quae
3334 1439 3363 1475 a
3399 1422 3509 1478 Deo

1934 1503 2075 1558 facta
2111 1505 2212 1560 fuit
2239 1508 2550 1560 naturam?
2588 1507 2731 1561 Dixit
2766 1509 2928 1573 Deus,
2967 1528 2985 1560 ι
3023 1509 3311 1568 Faciamus
3334 1514 3508 1568 homi-

1934 1613 2058 1652 nem
2083 1599 2148 1651 ad
2170 1599 2459 1668 imaginem
2483 1605 2536 1653 et
2557 1599 2972 1654 similitudinem
2987 1613 3229 1656 nostram
3247 1605 3310 1657 “.
3326 1625 3344 1656 ο
3368 1607 3503 1658 Eum

1866 1683 1905 1741 Β
1933 1689 2026 1759 qui
2055 1691 2121 1743 ad
2145 1689 2240 1744 Dei
2275 1689 2452 1746 factus
2502 1699 2586 1746 est
2617 1693 3060 1759 similitudinem,
3119 1703 3174 1748 et
3204 1696 3296 1765 qui
3379 1698 3506 1750 uni-

1933 1798 2103 1838 versa:
2119 1791 2277 1838 terra:
2314 1783 2634 1854 imperat,et
2657 1786 2751 1854 qui
2781 1787 3026 1840 omnium
3053 1804 3174 1857 quae
3191 1801 3502 1861 suntsupra

1933 1880 2132 1928 terram
2163 1882 2487 1945 potestatem
2507 1892 2537 1930 a
2561 1876 2668 1932 Deo
2688 1888 2772 1932 est
2787 1879 3040 1947 adeptus,
3054 1880 3143 1934 dic
3165 1883 3291 1950 quis
3307 1894 3392 1936 est
3407 1884 3503 1952 qui

1930 1964 2151 2029 vendat,
2181 1967 2306 2036 quis
2343 1967 2436 2036 qui
2465 1977 2612 2023 emat
2638 1969 2660 2022 ?
2690 1969 2878 2027 Solius
2913 1970 3008 2026 Dei
3039 1983 3122 2028 est
3161 1973 3263 2030 hoc
3293 1989 3456 2044 posse
3484 1993 3502 2031 :

1930 2057 2040 2112 imo
2067 2072 2196 2112 vero
2230 2074 2296 2112 ne
2327 2059 2504 2128 ipsius
2527 2060 2746 2129 quidem
2778 2072 2880 2129 est,
2908 2079 3075 2134 prope
3097 2065 3350 2134 dixerint,
3386 2067 3498 2122 Dei.

1934 2161 1952 2194 ι
1992 2141 2122 2199 Sine
2139 2147 2458 2215 poenitentia
2487 2149 2656 2216 enim,
2683 2150 2898 2221 ainquit
2929 2193 2944 2218 ,
3002 2163 3130 2208 sunt
3187 2171 3204 2202 ι
3233 2155 3349 2223 ejus
3398 2157 3495 2212 do-

1927 2234 2094 2289 na.°7i
2116 2234 2228 2289 Non
2245 2249 2370 2306 ergo
2387 2237 2526 2295 Deus
2543 2250 2784 2296 naturam
2803 2244 3058 2315 redegerit
3074 2249 3124 2302 in
3157 2246 3500 2310 servitutem,

1927 2327 2018 2398 qtti
2073 2327 2240 2382 etiam
2276 2345 2373 2383 sua
2409 2339 2603 2400 sponte
2657 2348 2758 2386 nos
2812 2335 3020 2404 peccati
3058 2337 3309 2391 servituti
3344 2337 3501 2392 addis

1926 2425 2066 2479 ctos.
2119 2420 2354 2479 asseruit
2416 2420 2468 2473 in
2509 2421 2837 2477 libertatem.
2902 2423 2958 2478 Si
3014 2435 3194 2501 autem
3255 2426 3396 2483 Deus
3445 2429 3497 2481 id

1926 2509 2069 2577 quod
2095 2515 2180 2563 est
2215 2511 2446 2564 liberum
2480 2528 2586 2565 non
2633 2515 2828 2583 redigit
2869 2515 2924 2568 in
2958 2518 3277 2572 servitutem
3305 2538 3321 2582 ς
3375 2519 3501 2588 quis

1924 2609 2007 2654 est
2035 2601 2128 2668 qui
2156 2599 2245 2652 Dei
2280 2603 2533 2670 potestati
2572 2603 2790 2671 praefert
2817 2607 3017 2660 suam?
3067 2607 3354 2672 Quomodo
3400 2625 3500 2663 au-

1925 2697 2028 2744 tem
2053 2691 2320 2744 vendetur
2350 2693 2440 2761 qui
2475 2701 2670 2762 pneesl
2695 2696 2958 2750 universae
2986 2707 3143 2751 terra:
3167 2707 3218 2752 ct
3245 2701 3499 2754 omnibus

1924 2796 2042 2850 qua:
2065 2790 2193 2835 sunt
2223 2799 2386 2851 supra
2434 2785 2681 2837 tetram?
2712 2785 2950 2839 Omnino
2980 2787 3127 2841 enim
3161 2804 3386 2844 necesse
3413 2800 3500 2844 est

1922 2874 2086 2927 etiam
2113 2875 2275 2929 simul
2309 2876 2468 2930 vendi
2497 2875 2788 2932 facultates
2811 2879 2931 2948 ejus
2978 2879 3072 2950 qui
3125 2880 3493 2934 venumlatur.

234 2966 333 3037 γάρ
365 2965 502 3017 ὅλον
545 2961 665 3019 εἷπε
697 2969 789 3021 τὸν
815 2970 1018 3042 κόσμον
1062 2975 1091 3025 6
1136 2973 1290 3037 εἰδὼς
1327 2975 1426 3046 τὴν
1471 2978 1818 3049 ἀνθρωπίνην

1925 2963 2124 3030 Quanti
2157 2965 2552 3022 aestimabimus
2583 2982 2646 3022 ea
2689 2983 2810 3038 quae
2871 2977 3003 3024 sunt
3049 2985 3213 3037 super
3275 2985 3491 3024 omnem

231 3052 388 3121 ςύσιν
435 3057 680 3127 ἀκριϐῶς
715 3060 973 3130 τιμᾶσθαι
1003 3061 1150 3128 ἄξιον
1187 3061 1328 3118 εῖναι
1372 3067 1472 3136 τῆς
1510 3068 1690 3140 ψυχῆς
1721 3069 1815 3123 τοῦ

230 3145 527 3216 ἀνθρώπου
551 3148 925 3222 ἀντάλλαγμα.
958 3153 1276 3226 ’Ἄνθρωπος
1304 3156 1480 3211 τοίνυν
1503 3159 1631 3214 ὅταν
1661 3161 1818 3225 ὤνιος

227 3233 279 3306 ᾖ,
304 3237 473 3290 οὐδὲν
506 3238 692 3310 ἕτερον
727 3242 759 3312 ἢ
788 3243 816 3295 ὁ
845 3241 946 3314 τῆς
973 3243 1078 3315 γῆς
1122 3247 1309 3318 κύριος
1353 3249 1445 3301 ἐπὶ
1477 3249 1538 3302 τὸ
1570 3251 1819 3323 πωλητή-

228 3345 340 3397 ριον
381 3329 608 3398 ἄγεται.
641 3333 852 3388 Οὐκοῦν
885 3338 1500 3409 συναποκηρυχθήσεται
1540 3343 1688 3414 αὐτῷ
1718 3343 1816 3414 δη-

225 3417 353 3490 λαδὴ
405 3422 507 3473 καὶ
537 3422 569 3492 ἡ
601 3422 920 3502 ὑπάρχουσα
967 3426 1164 3492 κτίσις.
1200 3429 1349 3500 Αῦτη
1396 3431 1452 3484 δέ
1494 3433 1608 3485 ἐστι
1646 3434 1717 3504 γῆ
1756 3451 1815 3486 τε

228 3512 315 3564 καὶ
342 3510 602 3564 θάλασσα
632 3514 727 3567 καὶ
761 3515 936 3584 νῆσοι,
969 3510 1062 3570 καὶ
1091 3517 1159 3572 τὰ
1185 3521 1244 3571 ἐν
1270 3520 1481 3584 τούτοις
1515 3523 1712 3577 πάντα.
1750 3524 1814 3576 Τί

223 3603 311 3656 ιῦν
337 3601 722 3674 καταθήσεται
759 3605 1099 3678 ὠνούμενος;
1143 3585 1208 3662 'i‘i
1232 3611 1289 3664 δὲ
1316 3612 1542 3682 λήψεται
1570 3615 1814 3669 ἀποδιδό-

228 3707 410 3757 μενος,
443 3693 700 3747 τοσούτου
730 3697 1010 3766 κτήματος
1037 3698 1302 3769 ἑπομένου
1323 3700 1416 3753 τοῦ
1445 3701 1816 3774 συναλλάγμαο

223 3798 348 3846 το;;
385 3782 532 3836 ἀλλὰ
558 3783 620 3836 τὺ
656 3784 826 3856 βραχὺ
860 3787 1136 3857 βιϐλίδιον,
1179 3790 1270 3842 καὶ
1306 3793 1338 3862 ἡ
1382 3791 1811 3864 ὲγγεγραμμένη

226 3873 506 3946 σδνθήκη,
535 3877 633 3928 καὶ
673 3879 707 3946 ἡ
738 3877 844 3930 τῶν
880 3879 1079 3933 ὀϐολῶν
1111 3881 1514 3953 ἀπαρίθμησις,
1545 3884 1810 3957 δεσπότην

226 3982 280 4018 σε
312 3967 418 4036 τῆς
451 3968 664 4030 είκόνος
699 3970 790 4022 τοῦ
830 3971 963 4024 Θεοῦ
1000 3968 1138 4026 εἷναί
1177 3991 1236 4026 σε
1278 3975 1574 4046 ἠπάτησεν.
1613 3978 1675 4029 Ὢ
1711 3979 1806 4048 τῆς

219 4055 427 4119 ἀνοίας.
456 4059 522 4110 Εἰ
552 4058 608 4110 δὲ
637 4059 891 4112 ἀπόλοιτο
923 4061 983 4113 τὸ
1022 4063 1366 4133 συμϐόλαιον,
1403 4066 1449 4116 εί
1482 4065 1536 4116 δὲ
1573 4065 1676 4119 ὑπὸ
1714 4083 1806 4136 ση-

217 4146 324 4200 τῶν
363 4150 701 4221 διαφθαρείη
751 4151 819 4204 τά
855 4153 1183 4223 γράμματα,
1230 4157 1279 4207 εί
1323 4156 1379 4208 δὲ
1417 4155 1609 4220 ὕδατός
1649 4157 1809 4210 ποθεν

220 4241 663 4310 παρεμπεσοῦσα
718 4243 867 4312 ῥανὶς
917 4244 1272 4313 ἐξαλείψειεν,
1330 4247 1432 4299 ποῦ
1485 4265 1566 4300 σοι
1609 4249 1676 4301 τά
1712 4250 1810 4320 τῆς

1925 3062 2123 3109 terram
2148 3056 2170 3107 ?
2193 3054 2346 3120 Quod
2384 3056 2429 3110 si
2452 3071 2514 3110 ea
2551 3064 2679 3110 sunt
2710 3057 3128 3124 inaestimabilia,
3160 3059 3347 3128 quanti
3379 3075 3497 3128 pre-

1924 3143 1984 3197 tii
2016 3151 2100 3198 est
2137 3145 2181 3198 is
2235 3145 2328 3214 qui
2385 3153 2470 3199 est
2501 3160 2666 3214 super
2701 3145 2816 3200 haec
2847 3147 3052 3210 omnia,
3106 3146 3215 3209 die,
3267 3149 3495 3214 quaeso?

1922 3235 2147 3290 Etiamsi
2181 3235 2387 3291 dixeris
2413 3246 2582 3289 lotmn
2613 3237 2896 3300 mundum,
2935 3254 3000 3292 tte
3027 3238 3233 3306 justmn
3273 3238 3490 3307 quidem

1920 3327 2150 3396 pretium
2185 3328 2412 3381 dixeris.
2445 3326 2547 3392 Qui
2579 3328 2726 3382 enim
2779 3329 3072 3382 humanam
3130 3331 3280 3382 novit
3331 3338 3490 3382 natu-

1921 3432 2060 3481 ram,
2097 3432 2196 3471 nec
2224 3425 2396 3472 totum
2429 3419 2649 3488 quidem
2703 3418 2967 3472 mundum
3011 3420 3150 3473 dixit
3202 3436 3324 3475 esse
3359 3420 3494 3474 satis

1912 3505 2120 3569 justum
2148 3509 2404 3578 pretium,
2432 3509 2577 3578 quod
2610 3509 2776 3564 detur
2830 3526 2930 3581 pro
2985 3512 3166 3565 anima
3227 3513 3488 3568 hominis.

1921 3598 2090 3653 llomo
2137 3615 2270 3670 ergo
2308 3601 2527 3669 quando
2576 3600 2742 3654 fuerit
2800 3602 3030 3666 venalis,
3088 3602 3223 3656 nihil
3256 3604 3402 3658 aliud
3435 3605 3488 3659 in

1918 3688 2094 3740 forum
2149 3685 2374 3742 ducitur
2402 3704 2564 3759 quam
2598 3697 2757 3743 teme
2814 3690 3087 3745 dominus.
3132 3689 3306 3744 Simul
3360 3709 3491 3762 ergo

1916 3793 2040 3832 cum
2091 3794 2158 3833 eo
2250 3780 2464 3835 scilicet
2502 3781 2867 3835 venundanda
2916 3783 3388 3852 proclamabitur,
3434 3793 3491 3838 et

1917 3886 2038 3940 qum
2091 3877 2176 3924 est
2224 3880 2495 3926 creatura.
2558 3871 2631 3923 Ea
2663 3881 2950 3928 autemest
2990 3883 3044 3927 et
3067 3884 3214 3928 terra
3246 3886 3300 3929 et
3343 3891 3488 3929 mare.

1915 3972 1970 4017 et
2009 3963 2219 4028 insula),
2252 3971 2306 4017 et
2349 3979 2471 4033 quae
2512 3963 2566 4016 in
2605 3965 2687 4020 his
2722 3975 2848 4019 sunt
2906 3968 3110 4022 omnia.
3167 3965 3308 4032 Quid
3360 3984 3488 4038 ergo

1916 4055 2088 4110 solvet
2116 4056 2209 4126 qui
2244 4057 2418 4111 emit?
2449 4056 2588 4122 Quid
2617 4066 2799 4111 autetn
2862 4059 3092 4128 accipiet
3149 4062 3240 4128 qui
3278 4063 3484 4126 vendit,

1915 4165 2038 4204 cum
2070 4159 2414 4206 contractum
2457 4161 2604 4206 tanta
2637 4161 3007 4222 consequatur
3041 4155 3352 4224 possessio?
3379 4156 3486 4210 Sed

1915 4257 2115 4311 parvus
2148 4243 2382 4297 libellus.
2425 4252 2478 4296 et
2515 4245 2719 4313 scripta
2745 4246 3056 4309 conventio,
3106 4253 3158 4300 et
3199 4245 3486 4300 obolorum

214 4327 465 4394 ἄυλείας
490 4330 750 4400 ἐνέχυρας
781 4332 889 4384 Ποῦ
920 4349 1000 4385 σοι
1025 4334 1091 4386 τὰ
1112 4335 1212 4404 τῆς
1237 4334 1550 4402 δεσποτείας
1583 4328 1767 4408 ἐφόδια
1789 4358 1804 4405 ;

1924 4333 2260 4387 enumeratio
2295 4342 2348 4388 te
2395 4334 2609 4398 fefellit,
2643 4344 2700 4388 ut
2757 4343 2809 4390 te
2853 4347 3008 4404 putes
3054 4336 3334 4391 dominum
3391 4335 3484 4392 Dei

215 4423 384 4474 Οὐδὲν
424 4424 535 4495 γάρ
577 4425 690 4495 όρῶ
724 4425 885 4477 πλέον
923 4427 1074 4494 παρὰ
1116 4427 1207 4479 τὸν
1249 4427 1560 4500 ὑποχείριον
1601 4433 1665 4484 ἐκ
1711 4432 1804 4484 τοῦ

212 4515 486 4584 ἀήματός
525 4533 609 4569 σοι
640 4517 1066 4588 προσγινόμενον
1093 4558 1107 4582 ,
1143 4518 1278 4589 πλὴν
1306 4519 1399 4572 τοῦ
1427 4522 1708 4592 ὀνόματος.
1742 4525 1805 4575 Τί

211 4608 321 4676 τὰρ
357 4610 430 4676 τῇ
466 4610 530 4678 σῇ
561 4608 720 4675 φύσει
755 4609 788 4679 ἡ
825 4609 1044 4682 ¹ἐξουσία
1077 4612 1454 4680 προσέθηκεν;
1489 4614 1563 4665 Οὐ
1595 4615 1804 4684 χρόνον,

211 4699 266 4749 ο)
300 4701 723 4769 πῳτερήματα⁸
762 4700 825 4752 ὲκ
849 4701 957 4752 τῶν
989 4699 1166 4752 αὐτῶν
1189 4718 1270 4753 σοι
1296 4703 1328 4770 ἠ
1363 4703 1594 4768 γένεσις,
1625 4705 1807 4774 ὁμοιό-

210 4806 417 4859 τροπος
466 4793 497 4860 ἡ
540 4792 680 4860 ζωὴ,
735 4791 875 4843 κατὰ
917 4792 978 4843 τὸ
1008 4787 1124 4844 ἴσον
1168 4793 1454 4862 ἐπικρατεῖ
1490 4796 1564 4847 τά
1606 4813 1664 4848 τε
1705 4797 1803 4867 τῆς

209 4880 397 4950 ,φυχῆς
445 4883 537 4933 καὶ
577 4884 644 4934 τὰ
690 4884 782 4936 τοῦ
820 4882 1070 4952 σώματος
1106 4883 1278 4952 πάθη,
1324 4883 1416 4936 σοῦ
1467 4901 1525 4936 τε
1573 4885 1666 4937 τοῦ
1705 4904 1798 4938 κυ-

208 4974 498 5041 ριεύοντος
540 4976 634 5028 καὶ
657 4975 864 5028 ἐκείνου
886 4975 980 5028 τοῦ
1003 4974 1407 5044 ὑπεζευγμένου
1427 4979 1492 5046 τῇ
1519 4978 1798 5048 κυριότητι

207 5068 398 5120 ΰύναι
439 5070 532 5119 καὶ
561 5068 837 5138 εὐθυμίαι,
874 5066 1202 5138 εὐφροσύναι
1238 5068 1330 5120 καὶ
1358 5066 1678 5136 ἀδημονίαι,
1706 5067 1798 5120 λύ-

207 5177 306 5212 παι
351 5160 459 5211 καὶ
485 5160 659 5228 ἠδοναὶ
679 5201 692 5222 ,
726 5159 885 5229 θυμοὶ
915 5160 1007 5210 καὶ⁵
1038 5157 1213 5226 φόϐοι,
1245 5158 1388 5211 νόσοι
1423 5159 1516 5210 καὶ
1550 5159 1790 5211 θάνατοι.

209 5251 299 5319 Μή
342 5267 434 5312 τις
471 5253 522 5301 ὲν
550 5251 755 5312 τούτοις
787 5250 1019 5320 διαφορὰ
1064 5249 1198 5318 πρὸς
1238 5251 1327 5305 τὸν
1353 5250 1538 5305 δοῦλον
1573 5249 1649 5319 τῷ
1698 5269 1793 5303 κυ-

214 5340 486 5407 petis-nt;
517 5341 584 5393 Οὐ
609 5342 697 5393 τὸν
719 5341 878 5392 αὑτὸν
901 5339 1147 5392 ἕλκουσιν
1171 5342 1307 5416 ἀέρα
1337 5343 1428 5400 διὰ
1458 5340 1551 5394 τοῦ
1585 5342 1795 5410 ἄσθμα-

211 5443 334 5492 τοςς
370 5428 497 5496 Οὐχ
519 5429 771 5493 ὡσαύτως
797 5428 965 5499 ὁρῶσι
1003 5429 1091 5480 τὸν
1126 5431 1300 5512 ﬁlim;
1333 5439 1448 5509 Ορχ
1486 5433 1688 5502 ὁμοίως
1727 5434 1790 5500 τῇ

283 5609 329 5637 ⁸·
374 5609 529 5667 Paul.
557 5626 674 5677 vm,
699 5616 747 5666 8.
828 5619 868 5649 ”
910 5616 1046 5675 l‘sal.
1087 5639 1189 5700 cm,
1229 5644 1301 5714 Η.
1392 5637 1440 5670 Μ
1487 5628 1621 5684 Gen.
1662 5639 1696 5685 I,
1747 5621 1813 5674 :tti

1915 4427 2192 4495 imaginis.
2220 4425 2264 4478 Ο
2290 4427 2626 4479 amentiam!
2666 4428 2770 4481 Sed
2805 4428 2848 4482 si
2895 4436 3080 4496 pereat
3133 4435 3483 4492 contractus,

1913 4517 1959 4570 si
1991 4531 2019 4568 a
2052 4517 2211 4569 tineis
2246 4530 2486 4570 corrosce
2516 4515 2720 4571 fuerint
2759 4519 2973 4580 litterae,
3008 4527 3103 4572 aut
3143 4519 3189 4574 si
3232 4519 3486 4573 alicunde

1911 4607 2161 4662 incidens
2211 4622 2364 4678 aqua:
2407 4615 2558 4678 gutta
2601 4609 2902 4673 deleverit,
2967 4611 3188 4664 ubinam
3225 4611 3322 4665 tibi
3358 4619 3486 4668 sunt

1908 4698 2224 4754 dominatus
2256 4707 2597 4769 argumenta,
2631 4716 2752 4768 (lilii:
2787 4703 3023 4770 probant
3055 4710 3106 4757 te
3145 4719 3267 4757 CSse
3304 4703 3483 4757 domi-

1909 4789 2086 4842 num?
2122 4787 2196 4842 Ex
2221 4805 2285 4843 eo
2321 4791 2466 4843 enim
2492 4791 2582 4858 qui
2615 4799 2697 4845 est
2725 4792 2827 4845 suh
2849 4807 3013 4846 manu
3037 4801 3146 4859 tua,
3175 4794 3308 4846 nihil
3336 4793 3483 4846 aliud

1909 4880 2004 4933 tihi
2037 4880 2194 4936 video
2225 4882 2483 4935 accedere
2514 4888 2710 4950 prwter
2753 4898 2970 4937 nomen.
3015 4884 3154 4950 Quid
3187 4885 3330 4938 enim
3387 4901 3481 4953 po-

1905 4979 2076 5027 testas
2107 4981 2198 5025 tua
2245 4973 2446 5039 adjecit
2479 4973 2730 5027 naturm?
2781 4991 2890 5028 non
2927 4985 3166 5045 tempus,
3227 4993 3334 5028 non
3373 4977 3481 5029 tilla

1907 5064 2208 5133 privilegia.
2252 5063 2325 5118 Ex
2364 5065 2554 5119 iisdem
2585 5066 2681 5119 tibi
2722 5075 2807 5120 est
2852 5077 3030 5129 ortus,
3079 5067 3270 5121 eodem
3319 5067 3480 5134 modo

1905 5171 1934 5209 a
1966 5156 2119 5210 vobis
2159 5157 2264 5210 vita
2295 5156 2532 5226 degitur,
2561 5174 2624 5211 ex
2660 5174 2820 5228 :L-quo
2852 5159 3204 5212 dominantur
3230 5160 3394 5211 animi
3427 5170 3479 5211 et

1903 5247 2154 5315 corporis
2195 5245 2534 5310 affectiones,
2574 5248 2627 5301 in
2665 5257 2716 5302 te
2761 5249 2852 5317 qui
2903 5265 2961 5304 es
2995 5249 3250 5303 dmninus
3321 5257 3376 5302 et
3419 5247 3472 5300 in

1908 5339 2057 5392 illum
2091 5340 2180 5406 qui
2207 5347 2289 5391 est
2319 5339 2601 5407 subjectus
2624 5353 2714 5393 tuo
2747 5340 3014 5403 dominio,
3040 5356 3240 5394 tnuzror
3270 5349 3321 5392 ct
3355 5337 3474 5389 ani-

1904 5431 1973 5484 mi
2011 5430 2288 5493 alacritas,
2329 5431 2513 5484 lzetitia
2546 5441 2598 5485 ct
2639 5431 2886 5496 tristitia,
2921 5431 3079 5487 dolor
3111 5441 3155 5486 et
3195 5431 3467 5499 voluptas,

1913 5624 1952 5653 ‘7
1999 5621 2156 5675 llom.
2214 5639 2285 5685 χι,
2328 5623 2416 5674 9.0.
