4018 6334
514 204 618 259 667

1749 202 1805 258 s.
1847 182 2509 260 cneconn'nrssem

3607 215 3694 271 668

519 315 606 370 ira
639 324 694 372 et
721 323 923 378 metus,
956 312 1182 368 morbus
1203 317 1259 369 et
1287 326 1454 368 mors.
1483 311 1648 368 Estne
1676 313 1731 367 in
1760 315 1844 370 liis
1876 316 2089 386 aliquod

2193 317 2291 386 τῆς
2323 317 2528 387 τροφῆς
2563 314 2846 388 προσθήκῃ
2902 316 3223 388 συντηροῦσι
3265 319 3356 390 τὴν
3391 321 3563 388 φύσινς
3607 329 3700 400 Οὐχ

516 407 812 463 discrimen
843 405 983 459 inter
1015 418 1234 460 servum
1273 411 1329 458 et
1387 403 1714 458 dominum?
1753 404 1950 459 Annon
1987 423 2083 476 per

519 496 816 551 anhelitum
849 495 1098 549 eumdem
1143 494 1370 548 trahunt
1398 510 1575 550 aerem
1600 495 1624 548 Τ
1653 493 1770 549 Non
1829 496 2085 551 similiter

519 587 689 641 solem
723 585 1044 640 intuentur?
1074 582 1190 638 Non
1219 584 1405 638 eadem
1448 584 1721 638 nutriendi
1779 583 2086 652 adjectione

521 693 674 732 suam
703 686 1029 730 conservant
1059 684 1311 729 naturam
1336 675 1359 726 ?
1388 672 1504 727 Non
1548 684 1633 728 est
1677 674 1865 729 cadent
1914 675 2088 729 visce-

522 781 642 818 rum
677 764 1059 818 constructio?
1087 765 1284 816 Annon
1323 763 1482 816 ambo
1517 773 1641 816 sunt
1676 775 1799 832 post
1858 773 2085 817 mortem

524 872 664 909 unus
695 856 917 925 pulvis?
962 854 1078 908 Non
1121 869 1289 908 unum
1334 862 1418 908 est
1447 854 1766 923 judicium?
1818 853 1938 908 Non
1999 863 2085 909 est

521 951 810 1000 commune
858 961 1102 1015 regnum,
1156 956 1209 1000 et
1255 945 1496 1015 gehenna
1537 945 1900 1000 communis?
1962 943 2069 1010 Qui

521 1036 747 1104 aequalis
786 1053 844 1090 es
873 1037 926 1090 in
957 1035 1231 1096 omnibus,
1277 1036 1330 1088 in
1386 1049 1516 1104 quo,
1553 1049 1760 1104 quaeso,
1824 1035 2080 1104 superior

486 1131 496 1141 '
524 1127 714 1191 fueris,
741 1137 797 1180 nt
825 1143 948 1182 cum
973 1128 1051 1182 sis
1078 1129 1259 1190 homo,
1288 1127 1566 1180 dominum
1591 1126 1830 1180 hominis
1853 1125 2084 1193 tcipsum

524 1226 682 1285 putes
705 1221 728 1270 ἲ
753 1238 771 1268 ί
805 1217 869 1270 Et
898 1218 1136 1288 possedi,
1175 1237 1192 1269 ι
1227 1218 1425 1286 inquit,
1449 1235 1468 1266 ι
1499 1231 1685 1272 servos
1707 1224 1760 1270 et
1787 1215 2035 1277 ancillas,
2061 1231 2080 1264 ι

522 1317 780 1378 tanquam
824 1324 1111 1378 caprarum
1153 1309 1364 1378 aliquos
1423 1317 1477 1364 et
1534 1324 1822 1379 porcorum
1873 1323 2084 1378 greges.

521 1395 656 1451 Nam
683 1413 804 1452 cum
840 1398 1090 1462 dixisset,
1125 1417 1145 1450 ι
1200 1397 1424 1453 Possedi
1455 1414 1644 1453 servos
1687 1407 1740 1454 et
1767 1399 2016 1460 ancillas,
2060 1414 2080 1447 ι

2186 408 2243 460 αἱ
2271 408 2429 460 αὐταὶ
2462 406 2569 460 τῶν
2609 407 2929 477 σπλάγχνων
2962 409 3325 474 κατασκευαί;
3355 412 3423 463 Ού
3463 414 3549 482 μία
3578 415 3700 482 κόνις

2186 499 2236 550 oi
2262 497 2356 551 δύο
2385 498 2520 568 μετά
2553 499 2643 551 τὸν
2677 498 2939 564 θάνατον;
2971 499 3106 569 Οὐχὶ
3137 499 3194 552 ἒν
3233 499 3289 552 τδ
3325 504 3607 574 κριῆριοη
3641 509 3702 560 Oti

2190 586 2343 656 κοινὴ
2384 587 2646 657 βασιλεία,
2693 589 2787 642 καὶ
2834 589 3028 658 γέεννα
3071 589 3254 660 κοινῆς
3308 591 3362 643 '0
3400 594 3459 644 ὲν
3499 598 3616 650 πᾶσι
3655 599 3706 652 τὸ

2189 673 2304 730 ἴσον
2333 677 2490 747 ἔχων,
2522 679 2580 730 ὲν
2601 677 2707 730 τίνι
2735 679 2796 731 τὸ
2827 677 2987 731 πλέον
3017 678 3180 749 ἔχεις,
3209 678 3344 742 εἰπὲ,
3373 681 3501 735 ὥστε
3529 684 3710 755 ἄνθρω-

2190 783 2289 819 πον
2326 767 2451 819 ὄντα
2479 767 2742 836 δεσπότην
2771 768 3054 839 ἀνθρώπου
3091 769 3276 823 ἑαυτὸν
3311 772 3534 838 οίεσθαι;
3566 794 3583 826 ι
3616 778 3709 831 Καὶ

2189 858 2538 929 ἐκτησάμην,
2592 875 2612 909 ι
2654 857 2864 926 λέγεις,
2913 877 2931 910 ι
2977 859 3332 929 δούλους-καὶ
3364 863 3645 929 παιδίσκας.
3689 886 3707 920 ι

2185 945 2394 1017 ’Ὠσπερ
2413 947 2655 1001 αἰπόλιον
2681 965 2754 1010 τι,
2777 948 2809 1018 ἢ
2839 949 3130 1003 συοϐόσιον.
3155 949 3333 1003 Εἰπὼν
3360 951 3462 1023 γὰρ
3479 953 3554 1006 ὅτι
3603 972 3618 1004 ι
3639 955 3713 1009 Ἐ-

2176 1035 2465 1108 κτησάμην
2479 1037 2687 1104 δούλους
2703 1043 2792 1096 καὶ
2817 1041 3123 1108 παιδίσκας,
3149 1063 3167 1095 ι
3195 1041 3490 1112 προσέθηκε
3535 1043 3621 1114 τὴν
3664 1047 3713 1099 ὲν

2189 1127 2303 1188 τοῖς
2337 1126 2605 1196 ποιμνίοις
2636 1128 2730 1180 καὶ
2760 1127 3057 1197 βουκολίοις
3093 1132 3556 1203 προγεγενημένην
3583 1133 3718 1187 εὐθυο

2194 1215 2322 1285 μίαν
2358 1215 2525 1287 αὐτῷ.
2559 1235 2578 1268 ι
2622 1219 2729 1272 Καὶ
2755 1219 2946 1290 κτῆσις
2990 1239 3009 1272 ι
3045 1221 3175 1293 γάρ,
3223 1223 3373 1294 φησι,
3409 1241 3428 1275 ι
3473 1223 3718 1294 βουκολίου

2190 1305 2283 1358 καὶ
2309 1307 2554 1376 ποιμνίου
2581 1307 2794 1376 ἐγένετό
2825 1326 2913 1378 μοι
2943 1309 3133 1382 πολλὴ,
3165 1331 3183 1364 ι
3213 1311 3287 1376 ὡς
3310 1313 3367 1365 ὲν
3391 1314 3455 1381 τῇ
3482 1313 3564 1382 ίσῃ
3593 1311 3720 1376 τάξει

2191 1393 2398 1447 τούτων
2421 1411 2480 1446 τε
2508 1395 2775 1449 κάκείνων
2801 1395 3220 1468 ὑπεζευγμένων
3249 1401 3314 1469 τῇ
3342 1397 3569 1468 ἐξουσίᾳ.

523 1489 722 1557 adjecit
750 1497 952 1558 quanta
981 1490 1083 1544 sibi
1151 1489 1304 1560 prius
1337 1489 1528 1544 fuisset
1564 1491 1905 1562 prosperitas
1941 1490 1998 1543 in
2025 1486 2198 1541 bobus
2227 1493 2281 1540 et
2338 1487 2554 1541 ovibus.
2633 1504 2652 1538 ι
2699 1486 2766 1541 Ει
2812 1493 3006 1552 multa.
3051 1508 3071 1541 ι
3117 1492 3316 1560 inquit,
3386 1509 3411 1542 ι
3462 1493 3590 1550 mihi
3636 1493 3726 1550 fuit

522 1581 802 1649 possessio
833 1578 993 1634 boum
1025 1588 1080 1634 et
1119 1581 1333 1643 ovium,
1368 1599 1387 1632 ι
1423 1589 1608 1650 utpote
1659 1579 1806 1651 quod
1863 1581 1918 1635 in
1966 1577 2084 1649 pari
2123 1577 2316 1632 ordine
2344 1579 2630 1647 potestatis
2661 1588 2714 1634 et
2739 1580 2853 1635 haec
2879 1589 2934 1636 et
2968 1581 3062 1636 illa
3087 1582 3337 1648 subjecta
3369 1593 3565 1641 essent.

593 1670 798 1726 Deinde
835 1679 957 1740 post
981 1669 1094 1725 haec
1136 1673 1203 1726 ad
1239 1672 1446 1742 majora
1480 1681 1705 1743 peccata
1739 1671 2084 1744 progreditur

2254 1663 2386 1723 Εἶτα
2418 1670 2510 1722 ἐπὶ
2533 1669 2739 1735 τούτοις
2773 1669 2878 1742 ὀδῷ
2925 1672 3166 1744 πρόεισιν
3189 1673 3284 1726 ἐπὶ
3327 1674 3396 1728 τά
3437 1676 3598 1745 μείζω
3636 1677 3731 1730 τῶν

521 1761 643 1831 ejus
655 1762 1034 1827 enuntiatio,et
1046 1763 1148 1819 sibi
1165 1764 1346 1819 inesse
1363 1764 1693 1821 vociferatur
1710 1766 1951 1819 omnium
1971 1778 2086 1818 nia-

523 1852 698 1906 lorum
735 1853 994 1919 radicem,
1025 1868 1216 1924 nempe
1237 1855 1541 1909 avaritiam.
1575 1851 1667 1908 Sic
1703 1853 1846 1908 enim
1873 1853 2005 1908 dicit
2028 1855 2083 1908 in

524 1949 784 1996 contextu
821 1942 1118 1997 dictionis:
1159 1961 1177 1994 ι
1209 1942 1415 2014 Collegi
1452 1943 1586 1998 mihi
1625 1951 1682 1999 et
1714 1955 1994 2012 argentum
2031 1952 2086 1999 et

523 2046 738 2086 aurum.
771 2052 790 2085 ι
819 2033 957 2099 Quid
983 2033 1126 2089 enim
1152 2036 1336 2089 nocuit
1362 2051 1558 2089 aurum
1593 2045 1736 2090 terra
1759 2036 2080 2100 immistum,

522 2128 576 2176 et
609 2122 661 2175 in
700 2123 808 2177 illis
834 2122 1064 2177 ellusum
1095 2123 1251 2186 locis,
1281 2124 1334 2177 in
1367 2124 1566 2192 quibus
1613 2140 1641 2177 a
1672 2124 1927 2180 Creatore
1974 2142 2084 2196 po-

515 2212 689 2290 ‘situm
739 2212 842 2266 fuit
889 2213 956 2267 ab
1004 2213 1209 2267 initio?
1246 2212 1516 2279 Quidnam
1550 2215 1646 2269 tibi
1675 2215 1798 2285 plus
1831 2217 2083 2272 utilitatis

523 2303 718 2358 atl'erre
741 2303 867 2359 fecit
893 2320 1073 2359 rerum
1097 2303 1277 2374 opifex
1299 2321 1462 2376 quam
1489 2305 1701 2363 fructus
1726 2309 1919 2362 terrae?
1943 2307 2078 2363 Num

524 2395 621 2448 tibi
672 2395 818 2448 solos
879 2395 1135 2450 arborum
1189 2397 1400 2452 fructus
1430 2407 1482 2452 et
1515 2401 1723 2453 semina
1777 2399 1966 2452 tribuit
2013 2399 2083 2454 ad

523 2491 921 2544 nutrimentum
945 2492 968 2545 ?
995 2493 1106 2545 Cur
1134 2491 1273 2545 data:
1299 2493 1586 2560 potestatis
1616 2492 1880 2548 terminos
1903 2501 2084 2548 trans-

524 2581 814 2649 grederis?
847 2584 953 2636 Aut
981 2584 1208 2656 ostende
1235 2584 1349 2637 haec
1383 2599 1600 2653 quoque
1629 2583 1725 2637 tibi
1755 2599 2017 2639 concessa
2053 2599 2084 2638 a

523 2672 778 2726 Creatore
835 2682 892 2726 ut
918 2673 1112 2734 fodias,
1145 2682 1197 2727 et
1223 2672 1439 2726 metalla
1472 2671 1758 2738 scruteris,
1793 2678 1844 2724 et
1865 2685 1928 2724 ea
1962 2671 2084 2740 igne

525 2763 739 2828 fundas,
770 2775 822 2818 et
855 2779 1154 2836 congreges
1189 2780 1308 2834 qum
1339 2780 1445 2818 non
1484 2764 1733 2834 sparsisti
1763 2781 1779 2832 ;
1820 2772 1912 2816 aut
1968 2763 2085 2819 haec

525 2855 758 2910 fortasse
791 2855 921 2908 nulli
945 2871 1068 2910 esse
1101 2856 1315 2910 crimini
1357 2855 1533 2909 aﬂlnia
1572 2857 1697 2926 quis
1739 2856 2086 2912 existimave-

525 2945 615 3008 rit,
655 2946 734 3000 sic
771 2945 864 2999 tibi
913 2947 1200 3015 pecuniam
1241 2960 1575 3015 congregare
1615 2962 1679 3001 ex
1712 2947 1944 3001 metallis
1976 2959 2085 3002 ter-

525 3038 642 3092 rae?
675 3038 768 3092 sed
797 3039 1054 3107 quoniam
1083 3038 1300 3093 additur
1328 3037 1563 3093 orationi
1595 3054 1778 3109 regum
1812 3047 1866 3094 et
1909 3039 2088 3110 regio-

524 3144 652 3184 num
681 3131 888 3199 cupias,
935 3145 1088 3183 mens
1116 3117 1480 3198 congregandi
1531 3145 1636 3182 non
1679 3138 1856 3199 potest
1897 3145 2017 3186 esse
2057 3145 2088 3184 a

525 3222 682 3290 culpa
716 3222 993 3274 immunis.
1017 3219 1299 3290 Tanquam
1339 3221 1484 3274 enim
1521 3222 1681 3289 regite
1732 3223 1894 3275 liceat
1939 3230 2089 3291 pote-

525 3311 651 3366 stati
681 3327 745 3363 ex
797 3310 1111 3379 regionibus
1160 3324 1488 3380 congregare
1543 3310 1755 3379 cepiatn
1799 3313 2085 3381 pecuniae:

529 3403 810 3472 vectigalia
861 3402 1068 3456 scilicet
1096 3400 1395 3469 imponere,
1431 3400 1671 3456 decimas
1723 3403 1956 3472 exigere,
1993 3419 2086 3473 pec

526 3495 743 3547 cuniam
783 3492 1062 3555 conferre.
1111 3508 1206 3546 eos
1259 3492 1352 3562 qui
1413 3492 1534 3561 ejus
1572 3492 1800 3562 imperio
1861 3495 2091 3564 subjecti

527 3593 677 3644 sunt.
714 3599 926 3654 cogere,
961 3583 1041 3637 sic
1076 3582 1209 3637 dicit
1239 3598 1298 3638 se
1331 3598 1524 3637 aurum
1551 3591 1605 3638 et
1643 3592 1926 3653 argentum
1961 3601 2092 3641 con-

528 3690 802 3745 gregassc.
831 3673 1096 3728 Creterum
1134 3689 1228 3728 seu
1260 3673 1362 3738 sle,
1401 3687 1494 3730 seu
1526 3675 1681 3729 aliter
1703 3689 1762 3729 se
1790 3675 1920 3730 dicit
1955 3693 2090 3732 con-

527 3782 806 3837 gregassc,
833 3765 1082 3819 lubenter
1105 3763 1300 3820 scirem
1336 3765 1465 3834 quid
1515 3767 1865 3821 emolumenti
1898 3766 2090 3822 redibit

528 3859 594 3913 ad
625 3873 748 3913 eum
785 3859 874 3928 qui
905 3858 1046 3912 hanc
1086 3865 1380 3926 congregat
1439 3858 1744 3910 materiam.
1797 3855 2093 3928 Fingamus

2184 1759 2594 1832 ἁμαρτημάτων
2638 1764 2671 1833 ἡ
2711 1761 3094 1833 ὲξαγόρευσιςο
3136 1763 3234 1834 βοᾷ
3266 1764 3376 1836 γάρ
3405 1767 3521 1820 καθ’
3559 1768 3731 1822 ἑαυτοῦ

2181 1847 2280 1918 τὴν
2310 1848 2526 1902 πάντων
2569 1848 2678 1904 τῶν
2731 1852 2916 1906 κακῶν
2942 1853 3118 1924 ῥίζαν,
3158 1854 3281 1925 ἥτις
3319 1855 3463 1908 ἐστὶν
3494 1858 3527 1928 ἡ
3561 1856 3733 1930 φιλαρ-

2183 1939 2365 2010 γυρία.
2392 1942 2501 1994 Καί
2529 1959 2692 2014 φησιν
2724 1945 2816 1998 ἐπὶ
2845 1943 3042 2010 λέξεως
3069 1945 3263 2010 οὕτως·
3297 1966 3314 1999 ι
3335 1947 3630 2020 Συνήγαγόν
3657 1966 3734 2019 μοι

2182 2034 2272 2089 καί
2298 2052 2361 2105 γε
2388 2033 2647 2106 ἀργύριον
2673 2035 2766 2088 καί
2793 2053 2854 2106 γε
2887 2036 3124 2108 χρυσίον.
3148 2055 3167 2089 ι
3200 2037 3268 2091 Τί
3294 2035 3403 2108 γάρ
3430 2037 3653 2109 ἐλύπησε
3677 2041 3735 2110 τῇ

2181 2133 2250 2201 γῇ
2288 2129 2764 2201 καταμεμιγμένον
2818 2127 2880 2182 τὸ
2925 2127 3166 2200 χρυσίον,
3214 2131 3487 2193 κάκείνοις
3532 2131 3737 2200 ἐκκεχυ-

2185 2221 2343 2292 μένον
2385 2222 2496 2284 τοῖς
2532 2220 2737 2283 τόποις,
2769 2217 2852 2283 οἷς
2888 2219 2947 2287 ἐξ
2988 2220 3166 2291 ἀρχῆς
3204 2221 3424 2293 ὲνετέθη
3472 2220 3615 2295 παρὰ
3656 2220 3738 2275 τοῦ

2182 2312 2497 2376 κτίσαντος;
2551 2311 2616 2364 Τί
2671 2310 2887 2383 ὀφειλήν
2935 2327 3017 2364 σοι
3068 2311 3231 2365 πλέον
3284 2313 3413 2383 περὶ
3461 2313 3582 2376 τοὺς
3624 2328 3741 2380 καρ-

2184 2405 2317 2468 ποὺς
2349 2403 2448 2474 τῆς
2480 2403 2582 2474 γῆς
2621 2403 2651 2456 ό
2695 2403 3100 2476 δημιουργήσας
3155 2404 3452 2474 Eminet-zu;
3500 2403 3574 2458 Οὐ
3625 2403 3743 2474 μόνα

2187 2509 2267 2544 σοι
2335 2491 2406 2545 τά
2475 2492 2746 2564 ἀκρόδρυα
2820 2494 2913 2547 καὶ
2965 2493 3036 2547 τά
3106 2493 3405 2566 σπέρματα
3470 2493 3601 2568 πρὸς
3657 2493 3744 2563 τὴν

2183 2582 2386 2653 τροφὴν
2443 2581 2831 2652 ἀπεκλήρωσεν
2855 2599 2868 2612 ο
2947 2581 3033 2636 διὰ
3084 2583 3139 2635 τί
3205 2585 3460 2658 παρέρχῃ
3512 2584 3604 2654 τῆς
3657 2582 3747 2650 ἑξ-

2184 2673 2368 2737 ουσίας
2423 2663 2783 2743 τοὺςϐρουςς
2821 2674 2891 2725 Ἢ
2921 2672 3092 2740 δεῖξόν
3143 2690 3230 2728 σοι
3279 2674 3376 2729 καὶ
3416 2673 3583 2728 ταῦτα
3633 2688 3748 2741 συγ-

2186 2761 2548 2832 κεχωρημένα
2583 2761 2734 2833 παρὰ
2771 2759 2866 2814 τοῦ
2900 2762 3218 2828 κτίσαντος,
3252 2763 3395 2819 ὥστε
3427 2761 3748 2834 μεταλλεύειν

2185 2866 2243 2902 τε
2274 2852 2369 2904 καί⁵
2396 2849 2735 2922 άνορύσσειν,
2781 2852 2874 2904 καὶ
2911 2853 3044 2922 πυρὶ¹
3086 2855 3492 2924 καταχωνεύειν
3536 2853 3594 2907 τὸ
3636 2855 3752 2906 ὑπο·

2187 2941 2456 3012 κείμενον,
2490 2941 2581 2995 καὶ
2630 2942 2881 3010 συνάγειν
2927 2941 3102 2997 ταῦτα
3137 2942 3177 2997 δ.
3211 2944 3290 3016 μὴ
3341 2945 3688 3015 ὲσκόρπισας·
3717 2942 3748 3012 ἢ

2189 3032 2358 3086 ταῦτα
2408 3033 2503 3103 μὲν
2547 3031 2673 3096 ῐσως
2713 3032 2862 3086 οὐδὲν
2900 3032 3150 3105 ἔγκλημά
3175 3051 3265 3099 τις
3300 3031 3439 3090 εἶναι
3470 3033 3754 3105 λογίσηται,

2189 3123 2249 3176 τὸ
2285 3124 2425 3178 οὕτω
2462 3123 2673 3194 σεαυτῷ
2703 3123 2952 3193 συνάγειν
2988 3126 3051 3178 ὲκ
3079 3123 3188 3186 τῶν
3221 3125 3327 3197 τῆς
3370 3127 3476 3196 γῆς
3501 3124 3754 3197 μετάλλων

2187 3213 2257 3267 τά
2298 3215 2590 3284 χρήματα;
2639 3213 2753 3268 ἀλλ’
2797 3213 2982 3286 ἐπειδὴ
3021 3217 3349 3286 πρόσκειται
3394 3217 3474 3289 τῷ
3504 3209 3660 3288 λόγῳ,
3685 3216 3757 3270 ὃτι

2191 3306 2647 3376 περιουσιασμοὺς
2671 3306 2933 3377 βασιλέων
2956 3308 3050 3362 καὶ
3078 3308 3186 3362 τῶν
3215 3309 3616 3382 χωρῶν,οὑκέτι
3637 3307 3760 3378 πρὸς

2191 3397 2250 3450 τὸ
2273 3396 2558 3450 ἀνεύθυνον
2598 3399 2631 3468 ἡ
2675 3397 2768 3451 τοῦ
2807 3401 3130 3467 συναγαγεῖν
3164 3400 3382 3455 διάνοια
3409 3399 3648 3473 φέρεται.
3683 3399 3761 3460 Ὦς

2190 3487 2296 3559 γάρ
2327 3488 2445 3552 ἐξὸν
2472 3491 2536 3560 τῇ
2571 3488 2819 3561 βασιλικῇ
2857 3489 3146 3561 δυναστεία
3184 3491 3256 3546 ἐκ
3293 3491 3408 3546 τῶν
3446 3492 3638 3564 χωρῶν
3680 3487 3762 3540 τὸν

2192 3578 2610 3648 περιουσιασμδν
2669 3579 2777 3632 τῶν
2835 3579 3133 3650 χρημάτων
3196 3582 3488 3651 συνάγειν’
3542 3577 3764 3652 δηλονότι

2193 3667 2390 3740 φόρους
2457 3667 2799 3733 ἐπιϐάλλειν,
2851 3669 3080 3734 δεκάτας
3144 3673 3578 3744 εἰσπράττεσθαι
3604 3713 3618 3734 ,
3668 3673 3768 3724 εἰσ-

2192 3757 2378 3826 φέρειν
2423 3758 2702 3829 χρήματα,
2733 3759 2859 3822 τοὺς
2904 3758 3253 3830 ὑποχειρίους
3306 3760 3765 3831 καταναγκάζειν,

2191 3848 2363 3911 οὕτως
2395 3848 2752 3920 συνειλοχέναι
2791 3850 2922 3920 φησὶ
2943 3851 3004 3905 τό
3029 3869 3088 3905 τε
3125 3854 3360 3923 χρυσίον
3398 3854 3497 3906 καὶ
3530 3853 3590 3906 τὸ
3614 3848 3770 3921 ἀργύο

529 3965 646 4003 eam
678 3964 784 4002 non
815 3963 910 4015 per
951 3949 1153 4001 minam
1198 3955 1291 4000 aut
1338 3947 1652 4000 drachmam
1687 3955 1779 4001 aut
1831 3948 2089 4002 talentum

2195 3960 2329 4014 ριον.
2362 3943 2508 4013 Πλὴν
2545 3943 2715 4006 οὕτως
2751 3943 2860 3996 εἴτε
2893 3943 3111 4016 ἑτέρως,
3161 3945 3344 4016 ἡδέως
3383 3946 3452 3999 ἂν
3481 3945 3697 4017 μάθοιμι
3723 3941 3769 3995 τί

531 4040 716 4094 venire
745 4040 809 4092 ad
836 4054 932 4094 eos
974 4040 1064 4108 qui
1100 4045 1229 4093 sunt
1261 4038 1444 4108 cupidi
1478 4040 1745 4108 pecuniae,
1783 4040 1877 4095 sed
1900 4041 1981 4095 eis
2016 4042 2089 4096 si-

2196 4033 2354 4088 πλέον
2386 4034 2537 4087 ἔσται
2582 4033 2658 4104 τῷ
2699 4033 2800 4098 τὰς
2841 4034 3094 4098 τοιαύτας
3124 4034 3264 4100 ὕλας
3290 4037 3603 4105 συνάγοντι.
3634 4033 3772 4087 Δεδό-

532 4131 642 4184 tnul
676 4138 894 4198 repente
921 4128 1104 4182 omnia
1137 4128 1278 4182 facta
1311 4143 1432 4182 esse
1471 4142 1656 4190 aurea,
1689 4135 1920 4191 terram,
1970 4142 2089 4184 are-

2196 4124 2308 4178 σθω
2355 4123 2474 4178 καθ’
2521 4124 2794 4187 ὑπόθεσιν,
2844 4123 2918 4195 μὴ
2969 4125 3108 4178 κατά
3153 4126 3393 4199 μνᾶν,ῆ
3447 4121 3769 4197 δραχμὴν,ἢ

534 4236 678 4282 nam,
717 4228 946 4285 montes,
975 4234 1216 4288 campos,
1240 4219 1434 4284 saltus,
1468 4234 1734 4287 ponamus
1775 4221 1957 4274 omnia
2012 4236 2089 4276 re-

2193 4219 2449 4272 τάλαντον
2503 4219 2613 4281 τοῖς
2666 4216 3128 4287 φιλοχρηματοῦσι
3192 4219 3626 4290 προσγίνεσθαι,
3671 4215 3772 4270 ἀλλ’

535 4320 694 4383 pente
720 4314 772 4366 in
804 4327 922 4366 eam
957 4319 1162 4366 mutata
1189 4309 1357 4366 fuisse
1379 4309 1680 4374 materiam,
1706 4310 1833 4379 quid
1866 4327 1960 4380 per
1981 4311 2089 4366 haec

2196 4309 2402 4379 ἁθρόως
2435 4309 2616 4372 αὐτοῖς
2658 4307 3112 4380 άποχρυσωθῆναι
3161 4309 3234 4363 τά
3277 4311 3481 4374 πάντα,
3524 4310 3621 4380 τὴν
3660 4307 3768 4375 γῆν,

531 4413 657 4459 Nae
699 4404 920 4460 accedet
967 4403 1032 4458 ad
1075 4401 1518 4458 beatitudinem?
1550 4401 1605 4456 Si
1653 4400 1787 4455 illud
1845 4402 1990 4457 videt
2043 4405 2096 4458 in

534 4497 791 4551 universo
819 4494 963 4566 quod
997 4509 1143 4548 nunc
1172 4497 1345 4548 cernit
1371 4493 1424 4546 in
1447 4479 1666 4562 exiguo,
1691 4492 1822 4562 quid
1845 4508 1907 4548 ex
1933 4495 2099 4548 animi

533 4589 715 4652 bonis,
743 4589 870 4657 quid
913 4603 979 4640 ex
1011 4586 1078 4642 iis
1106 4599 1341 4656 quorum
1376 4585 1556 4639 studio
1587 4585 1840 4639 ducimur
1881 4594 2102 4656 propter

535 4695 754 4748 corpus,
791 4696 855 4733 ex
909 4678 997 4732 illa
1033 4685 1183 4730 tanta
1235 4676 1449 4732 eveniet
1489 4677 1693 4747 copia?
1727 4676 1802 4731 Ex
1851 4693 1916 4732 eo
1945 4685 2102 4732 estne

537 4771 646 4824 ulla
676 4785 821 4838 spes,
856 4777 912 4822 ut
938 4769 1031 4838 qui
1066 4768 1199 4822 vivit
1228 4775 1433 4821 tantam
1471 4767 1679 4822 habens
1707 4768 1816 4822 vim
1861 4770 2001 4834 auri,
2031 4770 2102 4824 sit

537 4861 778 4930 sapiens,
812 4861 1152 4930 ingeniosus,
1185 4859 1660 4929 contemplativus,
1705 4860 1935 4915 scientia
1967 4877 2104 4930 prae-

536 4953 704 5013 ditus,
761 4950 872 5006 Deo
903 4951 1122 5014 charus,
1159 4950 1461 5014 modestus,
1513 4965 1715 5019 purus,
1759 4951 2100 5020 irnpatibilis,

538 5042 832 5113 cujuslibet
855 5040 999 5110 quod
1034 5041 1100 5097 ad
1137 5041 1331 5096 vitium
1364 5041 1586 5096 attrahit
1613 5057 1814 5112 expers
1849 5052 1904 5098 et
1945 5046 2105 5100 inini-

540 5151 626 5190 me
666 5132 879 5205 capax?
935 5135 1019 5187 An
1069 5133 1172 5188 hoc
1223 5131 1441 5203 quidem
1496 5133 1742 5199 minime,
1801 5133 1895 5189 sed
1936 5143 1993 5190 ut
2033 5137 2106 5192 sit

539 5234 733 5297 potens
765 5240 1015 5296 corpore,
1046 5233 1100 5280 et
1129 5232 1190 5279 ut
1214 5223 1382 5278 vitam
1411 5223 1670 5280 extendat
1699 5224 1754 5279 in
1791 5225 1958 5278 multa
1998 5240 2104 5280 sae-

539 5317 685 5378 cula,
728 5315 881 5372 senio
905 5331 1016 5370 non
1045 5314 1349 5378 confectus,
1383 5321 1438 5368 et
1485 5313 1677 5369 morbo
1717 5314 1940 5368 minime
1973 5314 2104 5369 affe-

459 5420 472 5434 ‘
545 5419 684 5471 ctus,
724 5406 966 5476 nullique
999 5405 1298 5461 calamitati
1327 5405 1621 5470 obnoxius,
1650 5411 1704 5459 et
1751 5403 1934 5458 omnia
1965 5418 2105 5472 quo-

544 5513 664 5552 rum
697 5497 882 5553 studio
934 5513 997 5552 ac
1043 5496 1318 5553 desiderio
1367 5497 1420 5553 in
1457 5497 1566 5550 vita
1603 5495 1826 5551 charius
1852 5501 2106 5549 tenentur

542 5588 838 5647 homines?
881 5585 988 5645 Sed
1046 5605 1206 5646 nemo
1258 5597 1341 5645 est
1400 5587 1535 5644 adeo
1601 5586 1864 5656 stolidus,
1931 5601 2106 5656 neque

2200 4399 2296 4470 τὴν
2339 4400 2584 4470 ψάμμον,
2625 4399 2696 4453 τά
2741 4400 2862 4470 ὄρη,
2905 4399 2974 4453 τά
3019 4399 3198 4464 πεδία,
3249 4402 3354 4466 τὰς
3385 4403 3585 4465 νάπας,
3614 4401 3773 4453 πάντα

2201 4490 2488 4560 ὐποθῶμεν
2507 4489 2643 4561 πρὸς
2665 4491 2865 4560 ταύτην
2887 4491 3026 4544 κατά
3044 4489 3104 4544 τὺ
3123 4490 3190 4544 ἀθ
3199 4491 3328 4562 ρόον
3353 4487 3770 4562 μεταϐεϐλῆσθαι

2200 4582 2298 4651 τὴν
2345 4580 2496 4651 ὓλην,
2531 4579 2585 4632 τί
2627 4579 2764 4650 πρὸς
2801 4579 3141 4650 εὐδαιμονίαν
3173 4580 3267 4634 διὰ
3302 4581 3518 4635 τούτων
3545 4578 3774 4634 ἐπιδώσει

2200 4675 2230 4727 ὁ
2273 4673 2416 4744 βίος;
2459 4672 2519 4724 El
2567 4672 2740 4724 έκεῖνο
2785 4672 2842 4723 ὲν
2875 4671 3035 4723 παντὶ
3076 4670 3267 4740 βλέπει
3317 4671 3348 4724 ὃ
3396 4671 3496 4726 νῦν
3529 4673 3586 4724 ὲν
3630 4667 3774 4733 ὀλίγῳ

2201 4766 2321 4835 ὁρᾷ,
2347 4763 2398 4816 τί
2431 4762 2538 4816 τῶν
2587 4763 2688 4832 τῆς
2729 4762 2906 4833 ψυχῆς
2937 4762 3176 4830 ἀγαθῶν,
3205 4765 3264 4818 τί
3299 4764 3415 4819 τῶν
3453 4763 3596 4817 κατὰ
3637 4759 3775 4827 σῶμα

2205 4851 2666 4923 σπουδαζομένων,
2695 4850 2784 4904 διά
2825 4851 2923 4922 τῆς
2969 4851 3227 4924 τοιαύτης
3275 4853 3600 4924 περιουσίας
3635 4847 3776 4918 γενή·

2206 4963 2393 5010 σεται;
2429 4946 2536 5018 ἄρα
2555 4962 2639 5008 τις
2686 4945 2837 5008 ἐλπὶς
2874 4944 3024 4997 ἔσται
3048 4938 3156 4998 ’διὰ
3183 4945 3410 5012 τούτου,
3461 4945 3524 4999 τὸ
3561 4944 3616 4996 ἐν
3669 4951 3778 4992 τοσ-

2203 5027 2344 5109 ούτῳ
2375 5036 2553 5101 ζῶντα
2585 5035 2769 5106 χρυσῷ
2807 5035 3056 5104 γενέσθαι
3108 5035 3299 5105 σοφὸν,
3341 5038 3621 5108 ἀγχίνουν,
3659 5031 3778 5083 Osw-

2209 5127 2444 5202 ρητικὸν,
2478 5128 2831 5198 ἐπιστήμονα,
2864 5127 3014 5196 φίλον
3041 5126 3179 5197 Θεῷ,
3224 5127 3509 5200 σώφρονα⁹
3535 5121 3774 5194 καθαρὸν,

2205 5203 2411 5288 άπαθῆ,
2425 5218 2623 5280 παντὸς
2642 5217 2735 5270 τοῦ
2758 5217 2893 5288 πρὸς
2918 5217 3111 5270 κακίαν
3140 5217 3516 5281 καθέλκοντος
3539 5213 3705 5286 ἀμιγῆ
3723 5224 3776 5261 τε

2207 5311 2300 5363 καὶ
2328 5307 2733 5379 άπαράδεκτον;
2769 5306 2802 5376 ἢ
2851 5305 3008 5359 τοῦτο
3031 5307 3128 5376 μὲν
3184 5306 3338 5377 οὐχὶ,
3386 5303 3610 5360 δυνατὸν
3631 5301 3686 5355 δὲ
3709 5294 3778 5366 τῷ

2209 5401 2440 5472 σώματι,
2475 5401 2568 5453 καὶ
2595 5400 2674 5462 είς
2713 5397 2909 5461 πολλὰς
2949 5398 3083 5450 ὲτῶν
3122 5397 3498 5459 ἑκατοντάδας
3526 5395 3622 5464 τὴν
3647 5388 3778 5456 ζωὴν

2209 5491 2614 5562 παρατείνοντα,
2649 5491 2839 5561 ἀγήρω
2862 5489 2955 5542 καὶ
2993 5489 3178 5543 ἄνοσον
3226 5488 3326 5541 καὶ
3373 5486 3657 5557 ἀπήμονα,
3693 5475 3779 5562 καί

2212 5585 2385 5638 πάντα
2416 5585 2514 5639 ὅσα
2542 5583 2664 5653 περὶ
2689 5582 2780 5636 τὸν
2810 5584 2864 5637 ἐν
2897 5580 3055 5653 σαρκὶ
3082 5579 3192 5650 βίον
3224 5576 3623 5642 σπουδάζεταις
3654 5561 3779 5622 Ἀλλ’
