4018 6334
220 207 307 264 σοι)

1263 207 1332 264 ΙΝ
1372 206 1913 266 ΕεοιΕειΑδτΕΝ.
1948 208 2230 266 HOMILIA
2266 209 2358 265 IV.

3349 213 3457 270 67‘)

218 321 376 386 οοδεὶς
417 320 563 376 οὕτω
612 322 862 394 μάταιος,
903 320 1026 375 οὐδὲ
1053 322 1149 392 τῆς
1213 321 1427 392 φύσεως
1467 323 1566 394 τῆς
1607 323 1788 393 κοινῆς

1903 324 2198 380 :ommunis
2225 330 2433 379 naturae
2454 322 2591 378 adeo
2617 323 2925 394 imperitus,
2958 336 3018 382 ut
3039 327 3153 383 haec
3180 328 3458 388 existimet

220 413 638 478 ἀνεπίσκεπτος,
686 413 764 476 ὡς
818 412 994 466 ταῦτα
1052 413 1269 484 νομίσαι
1318 417 1432 477 τοῖς
1483 414 1789 485 ἀνθρώποις

221 503 615 576 προσγίνεσθαι,
645 504 802 574 εἴπερ
831 503 912 567 είς
949 502 1151 573 πλῆθος
1191 502 1419 572 ἄφθονον
1456 504 1489 574 ή
1517 503 1624 556 τῶν
1656 520 1788 574 χρη-

223 593 395 666 μάτων
427 593 525 663 ὕλη
552 594 671 644 κατ’
705 592 952 659 ἐξουσίαν
991 593 1125 646 πᾶσι
1167 593 1467 664 προχέοιτο.
1512 591 1666 645 Ἐπεὶ
1695 591 1790 645 καὶ

221 682 302 735 νῦν
335 683 483 736 ἔστιν
519 671 648 735 ’ἰδεῖν
684 683 910 748 πολλοὺς
947 684 1058 738 τῶν
1085 683 1228 738 κατά
1249 683 1346 755 τὴν
1375 683 1627 754 τοιαύτην
1659 698 1791 753 προ-

223 771 443 844 εχόντων
475 770 787 841 περιωσίαν
829 770 1045 842 ἐλεεινῷ
1094 770 1306 842 σώματι
1354 771 1580 836 ζῶντας,
1625 767 1705 834 οἷς
1741 771 1789 823 εί

222 861 286 934 μὴ
310 861 537 929 παρεῖεν
561 864 610 915 οί
632 861 1041 934 θεραπεύοντες,
1081 861 1155 932 μὴ
1195 861 1326 916 ἄνευ
1369 861 1546 916 αὐτῶν
1575 863 1791 926 ἱκανοὺς

221 947 348 1003 εἶναι
381 948 522 1020 πρὸς
558 951 658 1020 τὴν
706 951 868 1021 ζωήν.
901 953 964 1005 Ei
995 947 1088 1005 οὖν
1129 953 1164 1022 ἡ
1208 951 1329 1006 καθ’
1369 950 1622 1004 ὑπόθεσιν
1658 952 1792 1019 ἡμῖν

220 1041 298 1094 τοῦ
354 1041 583 1111 χρυσίου
633 1042 915 1112 περιουσία
957 1042 1282 1114 προτεθεῖσα
1331 1041 1411 1114 τῷ
1455 1039 1621 1113 λόγῳ,
1667 1041 1791 1096 οὕτε

223 1130 488 1201 σώματος,
511 1131 634 1186 οὔτε
656 1133 836 1204 ψυχῆς
862 1152 914 1188 τι
941 1134 1128 1206 κέρδος
1155 1135 1426 1202 ὑπέδειξεν
1446 1152 1459 1166 ⁸
1490 1135 1624 1192 πολὺ
1656 1134 1792 1205 μᾶλ-

221 1223 294 1276 λον
309 1223 378 1276 τὸ
398 1226 459 1276 ὲν
478 1223 642 1295 ὀλίγῳ
659 1224 1001 1296 δεικνύμενον
1021 1226 1290 1299 ἄχρηστον
1309 1229 1390 1292 είς
1409 1227 1669 1298 ὠφέλειαν
1683 1228 1790 1282 τῶν

221 1311 448 1382 ἑχόντων
474 1312 770 1384 ἐλέγχεται.
801 1316 881 1369 Ἦ
905 1315 960 1368 τί
992 1317 1100 1386 γὰρ
1128 1316 1194 1371 ἂν
1227 1315 1436 1384 γένοιτο
1471 1316 1600 1387 παρ’
1621 1315 1792 1386 αὐτῆς

220 1406 304 1476 τῆς
334 1405 477 1477 ὕλης
509 1406 588 1477 τῷ
623 1406 823 1477 ἔχοντι,
859 1407 896 1479 ἢ
924 1408 1062 1479 μήτε
1090 1407 1298 1477 γεύσει,
1335 1409 1474 1480 μήτε
1504 1407 1790 1478 ὀσφρήσει,

223 1498 349 1566 μήτε
371 1499 442 1568 τῇ
472 1498 610 1568 ἀκοῇ
637 1498 857 1569 ἐνεργὸν
887 1499 1116 1567 γίνεται,
1143 1498 1178 1570 ἢ
1205 1500 1348 1556 κατά
1369 1499 1470 1570 τὴν
1496 1498 1640 1570 ἀφὴν
1664 1500 1792 1568 ὀμο-

219 1588 388 1659 τίμως
420 1589 561 1660 πρὸς
589 1592 698 1644 πᾶν
730 1591 792 1644 τὸ
818 1591 1110 1646 ἀντίτυπον
1144 1591 1288 1662 ἔχεις
1332 1590 1407 1663 μὴ
1438 1592 1545 1663 γάρ
1576 1607 1663 1660 μοι
1691 1589 1793 1661 τὴν

221 1657 278 1735 ἐκ
298 1657 753 1752 συναλλάγματος
781 1683 1147 1756 ποριζομένην
1170 1657 1377 1755 τροφήν
1395 1657 1461 1752 ’ἣν
1480 1657 1789 1754 περιϐολὴν,
1825 1657 1866 1711 Β

221 1770 286 1840 τῷ
306 1771 511 1843 χρυσῷ
543 1771 878 1843 προστιθέτω
903 1790 1008 1837 τις.
1043 1773 1100 1826 Ὀ
1125 1773 1232 1844 γὰρ
1255 1773 1465 1845 χρυσίῳ
1490 1773 1582 1826 τὸν
1606 1774 1788 1843 ἄρτον,

219 1860 249 1929 ἢ
277 1861 334 1912 τὸ
371 1861 597 1930 ίμάτιον
633 1861 1022 1933 ἀλλαξάμενος,
1047 1863 1142 1916 τοῦ
1183 1864 1459 1934 ἀχρήστου
1488 1863 1548 1916 τὸ
1582 1863 1794 1932 ἐπωφε-

221 1951 298 2015 λὶς
320 1951 679 2022 διημείψατο,
711 1954 806 2008 καὶ
835 1953 922 2024 ζῇ,
952 1955 1156 2027 τροφὴν
1194 1953 1372 2026 ἑαυτῷ
1397 1955 1490 2008 τὸν
1517 1956 1702 2026 ἄρτον,
1730 1955 1792 2008 ού

218 2041 297 2096 τὸν
318 2041 534 2114 χρυσὸν
572 2041 963 2115 ποιησάμενος.
995 2045 1058 2100 ’0
1079 2046 1137 2099 δὲ
1163 2045 1261 2117 τὴν
1294 2044 1429 2116 ὓλην
1467 2043 1675 2116 ταύτην
1706 2043 1796 2098 διὰ

219 2134 314 2185 τῶν
335 2133 612 2188 τοιούτων
639 2134 1097 2205 συναλλαγμάτων
1121 2136 1300 2208 ἐαυτῷ
1331 2135 1672 2205 συναγαγὼν,
1712 2137 1795 2202 εἰς

218 2224 264 2275 τί
283 2225 399 2278 τῶν
422 2241 532 2296 χρη
541 2225 724 2295 μάτων
745 2226 1020 2292 ἀπώνατο,
1045 2228 1131 2292 τίς
1155 2245 1218 2280 συ
1226 2227 1432 2299 μϐουλὴ
1456 2227 1544 2281 διὰ
1566 2228 1792 2293 τούτων,

220 2314 294 2377 τίς
346 2315 683 2370 διδασκαλία
744 2317 1085 2391 πραγμάτων
1107 2359 1122 2381 .
1175 2319 1302 2371 ποία
1356 2318 1451 2372 τοῦ
1513 2319 1797 2390 μέλλοντος

220 2407 556 2477 πρόρρησιςς
586 2407 682 2470 Τίς
711 2407 847 2478 πρὸς
869 2407 971 2471 τὰς
997 2407 1092 2461 τοῦ
1124 2407 1372 2479 σώματος
1398 2408 1586 2473 ὀδύνας
1616 2426 1797 2482 παρα-

221 2497 418 2568 podiam
457 2497 648 2568 ἔσχενς
696 2499 1022 2570 ἠρίθμησεν,
1054 2499 1308 2563 ἀπέθετο,
1355 2501 1612 2571 σφραγῖδι
1662 2517 1796 2553 κατ-

219 2589 556 2660 εσημήνατο,
589 2590 835 2660 αἰτηθεὶς
883 2590 1175 2662 ἠρνήσατο,
1217 2589 1541 2660 ἀπιστηθεὶς
1573 2589 1668 2642 καὶ⁵
1695 2590 1798 2642 ὲπ-

217 2676 460 2746 ώμοσεν.
507 2672 679 2742 Οὗτος
711 2679 740 2730 6
765 2680 1130 2751 μακαρισμὸς,
1157 2679 1317 2732 τοῦτο
1343 2680 1443 2751 τῆς
1479 2680 1714 2751 σπουδῆς
1737 2681 1798 2734 τὸ

219 2770 420 2840 πέρας,
459 2768 599 2842 αὓτη
631 2771 666 2844 ἠ
697 2769 1016 2833 ἀπόλαυσις,
1071 2771 1230 2842 μέχρι
1257 2769 1449 2824 τούτου
1479 2772 1513 2842 ἠ
1548 2770 1800 2841 εὐδαιμοο

216 2860 319 2923 νία,
348 2859 445 2924 τὸ,
479 2858 612 2929 ὓλην
632 2862 695 2928 τῇ
725 2858 981 2931 ἐπιορκία
1001 2861 1348 2932 πορίσασθαι.
1386 2859 1525 2913 Ἀλλ’
1549 2859 1798 2932 εὔχρουν,

219 2955 364 3023 φησι,
406 2951 508 3008 τοῦ
551 2953 775 3026 χρυσίου
819 2952 880 3006 τὸ
911 2948 1070 3016 εῑδος.
1105 2952 1197 3024 Μὴ
1234 2954 1330 3007 καὶ
1369 2951 1464 3006 τοῦ
1499 2952 1668 3024 πυρὸς
1710 2954 1801 3006 εύ-

215 3046 566 3115 χραὶνεερον;
609 3045 700 3119 Μὴ
740 3045 851 3099 τῶν
888 3045 1105 3117 ἄστρων
1143 3046 1662 3117 περικαλλέστερονς
1709 3044 1802 3118 Μὴ

214 3137 316 3190 τῶν
342 3136 594 3192 ἀκτίνων
618 3135 711 3191 τοῦ
742 3137 896 3207 ἡλίου
927 3138 1273 3208 φανώτερον;
1303 3137 1398 3200 Τίς
1430 3138 1460 3189 6
1488 3137 1712 3190 κωλύων
1742 3153 1802 3190 σε

213 3227 308 3296 τῆς
338 3225 710 3289 ἀπολαύσεως
736 3225 960 3295 ταύτης,
992 3224 1134 3278 ὥστε
1171 3242 1253 3278 σοι
1279 3226 1524 3296 ἀνάγκην
1553 3221 1690 3280 εἶναι
1715 3225 1804 3279 διὰ

213 3319 309 3389 τῆς
353 3317 624 3388 εὖχροίας
658 3317 754 3371 τοῦ
803 3318 1006 3393 χρυσοῦ
1050 3318 1120 3372 τά
1169 3319 1284 3390 τῆς,
1313 3318 1505 3389 ἡδονῆς
1556 3317 1804 3389 πορίζειν

209 3412 329 3473 ταῖς
361 3409 592 3478 ὄψεσινς
638 3409 797 3463 Ἀλλά
835 3410 1140 3475 σϐέννυται,
1188 3409 1341 3479 φησὶ,
1374 3409 1436 3462 τὸ
1479 3407 1610 3479 πῦρ,
1652 3407 1747 3462 καὶ
1777 3409 1808 3461 6

211 3501 364 3569 ἥλιος
396 3500 616 3566 δύεται,
638 3501 734 3555 καὶ
757 3502 820 3554 οὐ
849 3493 1058 3572 διαρκεί
1080 3500 1178 3570 τῆς
1201 3499 1540 3570 λαμπηδόνος
1566 3501 1598 3568 ἡ
1624 3499 1805 3568 χάρις.

215 3593 317 3646 Τσῦ
359 3594 432 3646 δὲ
464 3591 668 3664 χρυσοῦ
691 3593 802 3661 τίς,
829 3592 948 3646 εἰπέ
980 3609 1091 3663 μοι,
1115 3592 1204 3647 διὰ
1220 3591 1314 3645 τοῦ
1345 3591 1572 3653 σκότους
1598 3590 1810 3662 παραλ-

210 3683 353 3755 λαγὴ
380 3685 532 3755 πρὸς
560 3685 652 3740 τὸν
678 3683 963 3754 μόλιϐδον;
1003 3683 1142 3738 Ἀλλ’
1169 3683 1268 3737 ούκ
1295 3681 1382 3745 ἂν,
1407 3683 1593 3754 φησιν,
1624 3683 1690 3735 ἐκ
1713 3683 1807 3736 τοῦ

212 3777 412 3846 πυρὸς,
449 3776 482 3844 ἢ
512 3774 620 3828 τῶν
666 3774 880 3845 ἄστρων
910 3774 1122 3843 γένοιτο
1154 3774 1284 3847 ἡμῖν
1323 3773 1491 3844 δέρρα
1531 3773 1624 3825 καὶ
1656 3789 1812 3843 περι-

210 3868 384 3934 δέξια,
455 3868 551 3922 καὶ
599 3868 828 3937 πόρπαι,
879 3867 974 3920 καὶ
1013 3865 1200 3930 ζῶναι,
1253 3866 1348 3918 καὶ
1397 3865 1678 3936 μανιάκαι,
1718 3866 1811 3918 καὶ

211 3961 507 4027 στέφανοι,
563 3959 660 4014 καὶ
706 3958 778 4011 τὰ
819 3956 1078 4010 τοιαῦτα*
1123 3958 1152 4010 6
1197 3956 1255 4012 δὲ
1290 3956 1488 4027 χρυσὸς
1531 3956 1706 4010 ταῦτά
1750 3973 1810 4010 τε

211 4055 378 4114 ποιεῖ,
396 4050 499 4104 καὶ
512 4048 633 4103 είτι
655 4048 782 4102 ἀλλο
802 4047 936 4118 πρὸς
953 4048 1155 4118 κόσμον
1176 4045 1576 4118 ἐπιτηδεύεται.
1595 4045 1810 4116 Ἥγαγε

210 4131 355 4214 πρὸς
391 4143 460 4195 τὸ
487 4141 786 4210 κεφάλαιον
811 4141 909 4210 τῆς
937 4139 1294 4211 ματαιότητος
1347 4138 1585 4210 σπουδὴν
1609 4141 1644 4208 ἡ
1674 4154 1803 4191 συν-

206 4235 426 4305 ηγορία
468 4235 572 4303 τῆς
607 4231 760 4304 ὓλης.
806 4231 948 4286 Αὐτὸ
981 4231 1090 4302 γὰρ
1131 4231 1288 4284 τοῦτο
1337 4231 1473 4300 πρὸς
1499 4231 1696 4291 αὐτοὺς
1737 4230 1811 4282 ετ.

1889 415 2080 474 adesse
2107 416 2439 478 hominibus,
2466 416 2511 471 si
2548 416 2604 470 in
2635 431 2844 472 summa
2879 420 3036 489 copia
3064 422 3308 489 pecunia:
3339 437 3456 483 ina-

1891 510 2027 564 teria
2058 507 2226 564 libere
2262 506 2520 562 omnibus
2551 506 2935 576 proiundatur.
2972 508 3102 564 Nam
3139 527 3287 566 nunc
3318 528 3459 582 quo-

1891 613 1997 667 que
2027 598 2147 653 licet
2173 596 2358 651 videre
2402 597 2604 652 multos
2627 612 2692 651 ex
2719 597 2804 662 iis,
2830 599 2922 668 qui
2959 599 3226 667 ejusmodi
3265 614 3460 671 praeter

1890 696 2118 742 caeteros
2139 686 2420 742 abundant
2449 687 2830 750 facultatibus,
2873 690 3056 745 vivere
3090 705 3322 760 corpore
3355 695 3462 748 mi-

1891 776 2134 842 serabili,
2159 777 2359 845 quibus
2400 778 2506 832 nisi
2558 777 2810 833 adessent
2861 779 2954 849 qui
3014 795 3111 834 eos
3169 792 3458 846 curarent,

1891 868 2094 937 absque
2128 869 2196 921 iis
2224 883 2330 922 non
2371 878 2596 938 possent
2634 870 2833 924 vivere.
2871 869 2926 923 Si
2977 885 3110 940 ergo
3137 887 3259 942 quae
3303 873 3462 930 nobis

1891 975 1954 1015 ex
1990 961 2274 1032 bypothesi
2311 962 2592 1032 proposita
2631 971 2716 1016 est
2763 963 2818 1016 in
2851 963 3084 1018 dicendo
3125 964 3245 1018 auri
3283 967 3463 1035 copia,

1891 1066 2068 1121 neque
2101 1055 2341 1122 corpori,
2375 1069 2554 1122 neque
2591 1054 2786 1109 anima:
2835 1054 3006 1108 ullum
3049 1053 3203 1109 aﬁ‘ert
3253 1055 3463 1110 lucrum

1890 1151 1984 1197 aut
2031 1143 2412 1199 commodum:
2457 1145 2628 1201 multo
2670 1145 2844 1216 magis
2877 1146 2997 1214 ejus
3051 1145 3322 1200 modicum
3360 1161 3466 1200 ar-

1891 1236 2077 1306 guitur
2115 1253 2238 1292 esse
2266 1237 2481 1302 inutile,
2536 1247 2597 1292 ut
2630 1237 2890 1308 prodesse
2939 1239 3112 1308 possit
3161 1239 3228 1293 iis
3281 1239 3372 1308 qui
3408 1238 3462 1293 id

1891 1329 2116 1384 habent.
2154 1329 2294 1396 Quid
2319 1331 2461 1386 enim
2497 1346 2562 1386 ex
2605 1331 2706 1386 hac
2735 1332 2962 1388 materia
2995 1330 3174 1386 redire
3200 1341 3376 1400 potest
3395 1330 3464 1386 ad

1891 1435 2016 1476 eum
2050 1421 2143 1490 qui
2178 1423 2356 1496 ipsam
2391 1421 2573 1488 habet,
2610 1438 2732 1492 quae
2779 1439 2958 1492 neque
2986 1425 3040 1477 in
3085 1433 3329 1493 gustum,
3372 1437 3465 1478 ne-

1891 1527 1999 1582 que
2029 1513 2084 1567 in
2114 1512 2427 1578 odoratum,
2464 1530 2642 1584 neque
2674 1516 2726 1568 in
2763 1515 3008 1570 auditum
3034 1515 3238 1585 aliquid
3278 1530 3466 1587 opera-

1896 1611 2004 1666 tur,
2031 1619 2153 1674 quaa
2178 1605 2343 1660 etiam
2379 1605 2433 1658 in
2464 1606 2695 1674 quodvis
2719 1606 2863 1676 quod
2888 1606 3095 1662 resistit
3122 1607 3374 1661 similiter
3404 1621 3466 1661 se

1901 1689 2080 1754 habet,
2108 1689 2249 1761 quod
2281 1691 2347 1746 ad
2371 1697 2575 1746 tactum
2606 1694 2853 1748 attinet?
2888 1692 3022 1748 Nam
3055 1695 3199 1764 quod
3228 1710 3295 1752 ex
3332 1710 3468 1750 cons-

1900 1790 2072 1837 tractu
2123 1793 2348 1852 paratur
2409 1784 2728 1839 alimentum
2783 1793 2879 1840 aut
2911 1787 3312 1854 vestimentum,
3332 1801 3468 1841 auro

1900 1889 2060 1929 nemo
2090 1875 2351 1930 ascribat.
2402 1876 2507 1942 Qui
2545 1877 2690 1932 enim
2723 1893 2861 1932 auro
2905 1894 3100 1948 panem
3133 1887 3228 1933 aut
3259 1889 3466 1934 vestem

1899 1966 2246 2036 permutavit,
2277 1974 2334 2021 ut
2357 1968 2525 2032 vivat,
2571 1968 2719 2023 dedit
2755 1969 2887 2023 utile
2925 1985 3022 2038 pro
3055 1955 3257 2034 inutili,
3289 1978 3352 2024 ut
3375 1970 3470 2040 qui

1901 2070 2241 2126 panem,non
2281 2071 2476 2112 aurum
2511 2073 2610 2128 pro
2657 2060 2999 2116 nutrimento
3041 2059 3146 2115 sibi
3184 2061 3472 2118 asciverit.

1900 2144 2004 2212 Qui
2035 2153 2215 2200 autem
2247 2161 2344 2217 per
2367 2147 2637 2216 ejusmodi
2678 2157 2995 2208 contractus
3032 2148 3174 2205 hanc
3204 2150 3310 2206 sibi
3355 2149 3474 2206 colo

1901 2237 2028 2308 legit
2054 2240 2356 2301 materiam,
2387 2238 2453 2292 ad
2484 2231 2780 2310 quamnam
2815 2255 2930 2297 rem
2976 2256 3040 2296 ea
3087 2242 3281 2308 utitur,
3325 2242 3476 2313 quod

1901 2328 2193 2383 consilium
2241 2344 2307 2383 ex
2342 2329 2490 2394 istis,
2531 2345 2654 2400 qua:
2690 2327 3016 2385 documenta
3055 2331 3301 2403 depromi
3349 2349 3478 2403 pos-

1903 2425 2031 2474 sunt
2064 2417 2130 2471 ad
2164 2433 2252 2473 res
2284 2419 2584 2488 gerendas,
2624 2435 2884 2489 quamam
2924 2419 3094 2475 futuri
3153 2422 3479 2492 praedictio?

1903 2509 2037 2577 Quis
2077 2525 2142 2564 ex
2168 2524 2230 2564 ea
2259 2511 2524 2566 adversus
2563 2511 2782 2566 dolores
2831 2513 3083 2581 corporis
3113 2512 3301 2570 habuit
3342 2515 3478 2570 sola-

1903 2602 2039 2655 tium
2061 2601 2083 2653 ?
2104 2598 2438 2664 Numeravit,
2473 2601 2740 2669 reposuit,
2779 2599 2958 2671 sigillo
2991 2602 3319 2672 obsignavit,
3349 2620 3481 2659 cum

1905 2689 1974 2745 ab
2002 2705 2067 2744 eo
2097 2698 2387 2760 peteretur,
2419 2688 2654 2758 negavit,
2678 2697 2734 2742 et
2762 2703 2886 2755 cum
2916 2689 2967 2743 ei
2996 2689 3129 2745 lides
3167 2705 3277 2744 non
3306 2691 3477 2746 habe-

1903 2787 2076 2846 retur,
2103 2779 2268 2834 etiam
2300 2778 2584 2848 pejeravit.
2638 2777 2763 2832 Haec
2794 2785 2880 2834 est
2911 2779 3215 2848 beatitudo,
3266 2781 3356 2836 hic
3391 2789 3480 2838 est

1908 2871 2030 2926 linis
2060 2869 2180 2939 ejus
2214 2867 2358 2939 quod
2402 2869 2456 2922 in
2488 2883 2551 2922 ea
2604 2869 2825 2938 ponitur
2869 2869 3054 2936 studii,
3102 2870 3191 2925 hic
3241 2869 3474 2934 fructus,

1907 2963 2013 3016 huc
2041 2976 2218 3031 usque
2250 2959 2499 3030 procedit
2530 2957 2782 3024 felicitas,
2813 2965 2872 3013 ut
2904 2960 3190 3014 materiam
3239 2961 3482 3030 praebeat

1905 3053 2166 3123 perjurio.
2212 3051 2282 3104 At
2326 3050 2542 3120 pulchri
2570 3050 2798 3115 coloris,
2840 3050 3040 3121 inquit,
3084 3060 3167 3107 est
3195 3052 3314 3107 auri
3348 3067 3468 3123 spe-

1905 3145 2038 3198 cies.
2077 3142 2213 3197 Num
2239 3151 2323 3196 est
2343 3142 2508 3197 etiam
2535 3141 2736 3196 coloris
2759 3141 3089 3210 pulclirioris
3115 3158 3277 3213 quam
3304 3144 3480 3215 ignis?

1906 3232 2046 3287 Num
2082 3233 2256 3288 stellis
2282 3239 2367 3287 est
2394 3231 2738 3301 speciosior?
2766 3230 2905 3285 Num
2935 3231 3105 3287 radiis
3127 3233 3261 3286 solis
3298 3233 3482 3302 splen-

1905 3325 2126 3381 didior?
2163 3322 2298 3390 Quis
2323 3329 2405 3378 est
2442 3323 2534 3393 qui
2566 3331 2713 3378 vetat
2753 3338 2863 3393 quo
2903 3321 3085 3376 minus
3123 3322 3208 3398 bis
3256 3321 3479 3388 fruaris,

1909 3422 1968 3469 ut
2001 3414 2098 3469 tibi
2133 3427 2360 3468 necesse
2403 3413 2475 3466 sit
2506 3427 2604 3482 per
2639 3412 2759 3466 auri
2809 3412 3044 3482 speciem
3081 3413 3258 3468 oculis
3289 3427 3484 3483 parare

1905 3508 2238 3577 voluptatem
2263 3506 2287 3558 2
2313 3505 2381 3558 At
2412 3503 2576 3574 ignis,
2623 3503 2824 3573 inquit,
2868 3503 3262 3574 exstinguitur,
3294 3511 3351 3560 et
3399 3506 3482 3559 sol

1909 3597 2126 3661 occidit,
2176 3611 2276 3652 nec
2315 3595 2575 3666 perennis
2609 3595 2778 3649 decor
2805 3594 2927 3663 ejus
2976 3594 3306 3664 splendoris.
3339 3595 3483 3660 Quid

1909 3696 2112 3751 autem,
2166 3685 2275 3750 dic,
2339 3700 2547 3755 quaeso,
2606 3691 2853 3754 tempore
2900 3684 3250 3738 tenebrarum
3300 3683 3486 3740 dill‘ert

1910 3793 2102 3833 aurum
2133 3793 2161 3830 a
2191 3776 2459 3847 plumbo?
2491 3777 2559 3827 At
2583 3790 2650 3829 ex
2680 3775 2825 3845 igne,
2858 3775 3057 3844 inquit,
3089 3775 3172 3829 vel
3204 3789 3271 3830 ex
3305 3774 3483 3831 stellis

1911 3869 2025 3936 ﬁeri
2056 3884 2166 3922 non
2200 3875 2429 3937 possunt
2469 3865 2628 3920 nobis
2662 3865 2909 3930 monilia,
2943 3879 3115 3927 zonm,
3141 3873 3387 3935 torques,
3428 3874 3486 3920 et

1910 3974 2149 4020 coronaz,
2180 3965 2233 4013 et
2271 3972 2394 4027 qua
2429 3963 2557 4011 Sunt
2580 3954 2853 4024 ejusmodi
2880 3972 2894 4009 :
2929 3969 3124 4009 aurum
3155 3964 3336 4009 autem
3369 3955 3486 4011 haec

1911 4048 2095 4110 eﬂicit,
2136 4056 2189 4102 et
2211 4047 2257 4102 si
2289 4043 2420 4114 quid
2455 4051 2680 4114 paratur
2705 4043 2772 4097 ad
2794 4052 3068 4099 ornatum.
3094 4042 3174 4096 Ad
3205 4059 3481 4098 summum

1911 4139 2154 4195 studium
2190 4136 2447 4190 vanitatis
2469 4133 2694 4190 deduxit
2717 4133 2836 4188 auri
2866 4133 3132 4189 defensio.
3165 4132 3278 4188 Hoc
3306 4134 3485 4202 ipsum

1910 4231 2053 4286 enim
2083 4229 2163 4284 cis
2197 4228 2426 4284 dixerim
2459 4225 2764 4293 :Quidnam
2813 4225 2918 4280 sibi
2964 4225 3076 4278 vult
3121 4232 3175 4280 et
3209 4224 3352 4295 quod
3398 4229 3486 4280 est

209 4340 380 4394 ποιμι
411 4325 507 4379 ἄν·
552 4325 696 4377 ’Δντὶ
717 4323 883 4378 τίνων
917 4323 1204 4388 σπουδάζει
1237 4321 1478 4393 ὀςχρυσῴ
1507 4321 1606 4392 τὴν
1635 4322 1802 4391 κόμην

1917 4321 2037 4390 ejus
2060 4319 2321 4384 studium,
2353 4317 2446 4388 qui
2474 4325 2630 4372 curat
2671 4324 2732 4370 ut
2777 4331 2912 4371 auro
2945 4330 3100 4371 coma
3159 4317 3346 4382 niteat,
3391 4324 3488 4370 aut

202 4417 621 4487 περιανθίζων,
675 4417 708 4488 ἢ
744 4415 850 4469 τῶν
895 4414 1047 4468 ὢτων
1078 4415 1324 4480 ἐξάπτων
1368 4415 1438 4468 τὰ
1467 4414 1810 4485 περικοσμή-

208 4526 393 4575 ματα,
435 4507 473 4577 ἢ
506 4507 608 4578 τὴν
650 4507 810 4578 δέρην
852 4506 1190 4578 περιϐάλλων
1221 4508 1332 4568 τοῖς
1363 4505 1808 4576 περιτραχηλίοις

198 4599 509 4670 χλιδῶσιν,
544 4598 579 4668 ἢ
615 4599 674 4650 ἐν
704 4597 847 4668 ἄλλῳ
876 4599 985 4652 τινὶ
1014 4597 1193 4668 φέρων
1229 4597 1382 4667 μέρει
1427 4591 1521 4648 τοῦ
1561 4594 1811 4667 σώματος

199 4691 431 4761 χρυσὸν
464 4689 873 4760 προδείκνυσιν;
905 4689 1185 4759 Ὄπουπερ
1213 4687 1279 4742 ἂν
1315 4687 1466 4757 τύχοι
1513 4687 1813 4758 προϐεϐλη⁶

199 4784 384 4852 μένος
417 4779 518 4833 τοῦ
547 4779 814 4850 σώματος,
854 4781 1004 4835 οὐδὲν
1031 4781 1194 4846 αὐτὸς
1223 4779 1356 4851 πρὸς
1389 4780 1489 4850 τὴν
1515 4781 1688 4850 αὐγὴν
1716 4778 1810 4832 τοῦ

195 4873 463 4942 γρυσίου
496 4871 1028 4943 μεταμορφούμενοςο
1081 4872 1140 4925 ’0
1171 4871 1281 4943 γὰρ
1319 4871 1455 4942 πρὸς
1495 4873 1587 4924 τὸν
1617 4888 1812 4944 Χρυσο·

193 4962 513 5033 φοροῦντα
558 4961 788 5031 βλέπων,
819 4961 910 5015 τὸν
946 4962 1044 5033 μὲν
1077 4961 1277 5033 χρυσὸν
1305 4961 1476 5025 οὕτως
1502 4963 1622 5033 ὁρᾷ,
1654 4962 1729 5025 ὡς
1763 4963 1812 5015 εί

193 5055 372 5124 τύχοι
428 5053 531 5106 καὶ
576 5056 633 5106 ὲν
676 5057 787 5118 τοῖς
824 5043 1149 5126 πρατηρίοις
1193 5053 1586 5125 προκείμενος·
1633 5054 1726 5106 τὸν
1755 5051 1811 5105 δὲ

195 5143 512 5214 φοροῦντα
536 5137 644 5208 οἷός
671 5159 730 5196 τε
764 5143 974 5212 πέφυκε
1004 5143 1242 5198 τοιοῦτον
1270 5141 1477 5213 βλέπει.
1513 5141 1632 5196 Κᾶν
1658 5142 1814 5212 εὐερο

193 5238 304 5302 τίς
336 5251 413 5288 τε
467 5234 559 5287 καὶ
581 5235 871 5305 διάτλυφον
963 5235 1024 5288 τὸ
1053 5234 1296 5308 χρυσίον,
1331 5235 1434 5292 κᾶν
1462 5233 1559 5299 τάς
1586 5233 1813 5305 χλοεράς

196 5328 234 5399 ἢ
298 5330 625 5397 πυραυγεῖς
678 5327 917 5398 ψηφίδας
956 5330 1014 5382 έν
1065 5328 1245 5400 ἑαυτῷ
1296 5329 1606 5404 περιείργῃ,
1661 5327 1813 5382 οὐδὲν

201 5417 444 5485 μᾶλλον
494 5415 737 5486 αἴσθησίν
781 5434 903 5472 τινα
953 5417 1060 5470 τῶν
1115 5421 1535 5498 παρακειμένων
1568 5419 1604 5488 ἡ
1653 5415 1814 5485 φύσις

550 5507 660 5560 ἀλλ’
711 5509 763 5561 εῐ
801 5526 864 5562 τε
891 5507 1038 5580 λώϐη
1083 5527 1166 5573 τις
1193 5512 1275 5589 εἴη
1323 5518 1453 5596 περὶ
1499 5509 1600 5574 τὰς
1638 5507 1812 5577 δψεις,

205 5603 334 5655 εἴτε
369 5615 440 5652 τι
483 5595 652 5650 λείποι
695 5599 798 5654 τῶν
829 5600 965 5653 κατά
997 5599 1168 5669 φύσιν,
1202 5605 1229 5678 ἢ
1274 5602 1560 5699 ὀφθαλμοῦ
1591 5599 1814 5672 ἐκρυέν-

1903 4413 2005 4482 ἠιιί
2038 4411 2264 4465 auribus
2287 4409 2543 4478 appendit
2567 4417 2916 4472 ornamenta,
2943 4414 3036 4461 aut
3063 4410 3154 4476 qui
3187 4406 3485 4460 luxurianti

1916 4509 2108 4571 torque
2135 4499 2335 4554 collum
2361 4498 2688 4562 circumdat,
2709 4506 2804 4552 aut
2834 4513 2894 4554 se
2928 4497 2980 4551 in
3008 4497 3190 4567 aliqua
3211 4497 3319 4550 alia
3335 4506 3486 4567 parte

1913 4591 2159 4658 corporis
2190 4604 2384 4643 aurum
2416 4587 2597 4643 ferens
2630 4587 2895 4643 ostendit?
2949 4587 3272 4659 Ubicunque
3300 4587 3351 4642 id
3377 4586 3489 4643 fue-

1914 4683 1987 4736 rit
2006 4683 2169 4736 situm
2196 4679 2250 4734 in
2282 4693 2534 4750 corpore,
2569 4679 2685 4748 ipse
2707 4681 2774 4735 ab
2799 4681 2917 4735 auri
2953 4679 3242 4751 splendore
3263 4679 3487 4736 minime

1913 4773 2354 4828 transformatnr.
2397 4771 2502 4838 Qui
2529 4771 2675 4826 enim
2715 4771 2965 4826 intuetur
3005 4786 3128 4826 eum
3163 4771 3256 4841 qui
3288 4786 3485 4826 aurum

1913 4872 2109 4937 gestat,
2135 4879 2326 4918 revera
2356 4863 2576 4934 quidem
2627 4877 2822 4917 aurum
2867 4864 3035 4928 videt,
3085 4864 3307 4934 perinde
3338 4879 3404 4918 ac
3437 4862 3488 4918 si

1915 4960 1988 5016 sit
2017 4957 2362 5029 pr0positnm
2391 4955 2581 5009 venale
2607 4973 2620 5008 :
2650 4970 2775 5008 eum
2829 4964 3009 5009 autem
3039 4956 3131 5025 qui
3163 4954 3216 5008 id
3265 4963 3438 5025 gestat
3465 4992 3482 5017 ,

1916 5051 2074 5106 talem
2103 5049 2281 5120 qualis
2326 5057 2410 5101 est
2467 5054 2662 5100 natura
2702 5046 2922 5116 aspicit.
2973 5045 3202 5101 Etiamsi
3257 5046 3487 5116 pulchre

1913 5141 2249 5198 elaboratum
2277 5148 2330 5194 et
2359 5139 2606 5192 czelatum
2643 5138 2716 5192 sit
2751 5153 2943 5193 aurum
2967 5182 2984 5203 ,
3017 5138 3232 5193 etiamsi
3277 5137 3480 5194 virides

1914 5241 2010 5290 aut
2041 5232 2184 5305 ignis
2209 5232 2382 5286 instar
2406 5230 2705 5286 candentes
2735 5244 2978 5301 gemmas
3005 5229 3059 5282 in
3089 5244 3149 5283 se
3183 5227 3481 5290 contineat,

1915 5325 2085 5381 nihilo
2128 5325 2297 5395 magis
2337 5322 2548 5392 accepit
2585 5330 2781 5375 natura
2832 5334 3055 5376 sensum
3105 5333 3296 5375 eorum
3363 5329 3484 5386 qua:

1917 5425 2046 5473 sunt
2082 5414 2292 5483 adjecta
2317 5432 2330 5468 :
2371 5411 2467 5468 scd
2495 5413 2609 5468 sive
2638 5410 2830 5466 morbo
2859 5410 3044 5480 aliquo
3068 5408 3278 5463 laborat
3304 5406 3477 5466 visus,

1917 5508 2031 5563 sive
2052 5506 2255 5577 aliquid
2279 5505 2458 5560 delleit
2478 5519 2664 5558 eorum
2689 5518 2810 5574 qua:
2837 5509 2966 5556 sunt
2988 5500 3287 5556 secundum
3312 5505 3474 5550 natu-

1920 5614 2054 5665 ram,
2089 5606 2270 5667 utpote
2297 5594 2441 5666 quod
2477 5595 2558 5652 vcl
2585 5595 2779 5651 oculus
2813 5592 3099 5656 cllluxcrit,
3137 5590 3216 5646 vel
3253 5604 3388 5662 gena
3419 5586 3477 5642 in
