4018 6334
558 242 656 296 671

1747 245 1805 300 S.
1848 241 2175 300 GREGORII
2213 241 2504 298 NYSSENI

3649 249 3736 306 67%

556 361 815 412 cicatrice
850 358 1078 428 turpiter
1101 368 1291 414 cavata
1323 361 1509 428 fuerit,
1541 370 1725 416 manet
1757 364 2040 432 turpitudo
2073 366 2121 420 in

2230 382 2340 426 τος,
2443 362 2672 430 παρειᾶς
2707 357 2958 429 εἰδεχθῶς
2984 361 3041 413 ἐν
3063 359 3201 429 ὀὐλῇ
3231 359 3585 431 κοιλανθείσης,
3615 367 3740 450 μένει

555 465 621 502 eo
647 450 792 518 quod
824 461 1073 518 apparet,
1115 454 1235 505 auri
1276 452 1486 522 fulgore
1527 453 1752 509 minime
1787 455 2082 509 obscurata
2112 475 2125 511 :

555 548 610 594 et
635 541 684 594 si
712 556 913 610 corpus
936 541 1125 597 dolore
1153 545 1339 614 aliquo
1364 544 1529 600 fuerit
1549 545 1826 614 aﬂectum,
1861 547 2128 601 labet-anti

559 629 694 682 nihil
725 631 907 684 solatii
938 631 1094 685 allert
1122 634 1241 686 auri
1277 633 1522 688 materia.

629 831 783 898 Quod
829 848 959 903 ergo
997 850 1175 904 neque
1214 834 1281 888 ad
1322 836 1784 904 pulchritudinem
1807 878 1821 901 ,
1848 849 2027 907 neque
2061 835 2127 890 ad

562 927 756 978 bonam
787 927 1041 992 corporis
1079 927 1457 982 habitudinem
1483 970 1498 995 ,
1537 945 1715 999 neque
1757 929 1825 983 ad
1866 929 2130 984 levandos

559 1017 776 1072 dolores
799 1057 813 1080 ,
850 1019 915 1074 iis
942 1019 1030 1088 qui
1065 1019 1185 1087 ejus
1215 1021 1398 1074 studio
1431 1030 1706 1088 tenentur,
1737 1024 1894 1076 atfert
1921 1023 2129 1092 aliquid

561 1109 691 1160 utile
713 1148 726 1170 ,
758 1123 859 1162 cur
886 1117 1040 1162 tanto
1066 1111 1250 1164 studio
1279 1112 1586 1180 quaeritur;
1617 1123 1670 1166 et
1697 1115 1972 1183 quomodo
2001 1122 2130 1168 sunt

559 1199 741 1253 aﬂ'ecti
782 1201 817 1254 ii
851 1217 1087 1270 quorum
1123 1217 1220 1256 cor
1247 1205 1305 1257 in
1341 1204 1442 1258 hac
1476 1206 1820 1261 contabescit
1864 1207 2126 1272 materia,

558 1307 684 1345 cum
721 1294 775 1347 in
811 1295 932 1348 auri
968 1298 1318 1365 possessione
1352 1298 1469 1367 ipsa
1494 1313 1589 1352 eos
1622 1306 1820 1369 arguat
1847 1299 2132 1352 conscien-

557 1381 633 1432 tia
659 1420 672 1441 ,
714 1384 858 1452 quod
899 1401 966 1438 ex
1000 1401 1062 1439 ea
1100 1387 1203 1440 sibi
1243 1389 1566 1456 promittant
1602 1404 1861 1459 magnum
1902 1387 2125 1457 aliquod

557 1475 1035 1530 emolumentum?
1067 1480 1123 1530 Si
1155 1481 1278 1547 quis
1309 1496 1440 1551 ergo
1480 1495 1576 1535 eos
1611 1489 1801 1551 roget,
1841 1487 1898 1533 ut
1929 1520 1941 1541 ,
1987 1481 2031 1534 si
2073 1480 2126 1534 in

556 1563 691 1616 illud
722 1566 891 1618 velint
925 1581 1082 1620 suam
1115 1570 1316 1622 mutari
1346 1581 1595 1624 naturam
1619 1611 1633 1634 ,
1665 1583 1720 1626 et
1753 1571 1804 1625 id
1840 1570 1952 1626 ﬁeri
1982 1571 2127 1640 quod

557 1663 843 1726 tantopere
887 1667 1188 1728 expetunt,
1236 1671 1292 1717 et
1338 1666 1392 1717 in
1440 1671 1594 1718 tanto
1639 1665 1840 1720 habent
1887 1665 2126 1728 honore,

557 1755 749 1813 petant
787 1764 906 1802 eam
949 1752 1340 1816 mutationem,
1387 1765 1444 1808 ut
1479 1769 1542 1809 ex
1582 1756 1896 1811 hominibus
1936 1757 1990 1810 in
2024 1772 2123 1810 au-

552 1848 675 1916 rum
714 1844 964 1893 transeat
997 1856 1187 1896 eorum
1229 1853 1424 1897 natura
1449 1886 1464 1910 ,
1503 1855 1558 1898 et
1593 1861 1701 1900 non
1742 1848 1852 1902 sint
1888 1849 2122 1917 amplius

555 1905 767 1984 raiione
801 1940 854 1986 et
889 1932 1248 2002 intelligentia
1285 1937 1532 2004 praediti,
1567 1947 1620 1991 et
1653 1937 1717 1992 ad
1755 1939 1923 1992 vitam
1962 1948 2122 1995 uten-

557 2028 639 2073 tes
668 2022 944 2086 sensibus,
978 2023 1072 2078 sed
1103 2026 1323 2094 pallidi,
1352 2044 1570 2098 grai-es,
1604 2042 1653 2084 et
1683 2045 1816 2086 voce
1841 2040 2119 2098 carentes,

553 2111 895 2181 inanimique
927 2122 981 2167 et
1006 2115 1322 2182 insensiles,
1354 2134 1475 2188 quae
1498 2129 1583 2175 est
1609 2123 1731 2175 auri
1757 2128 1986 2189 natura;
2012 2140 2120 2179 non

553 2201 810 2255 existimo
861 2202 916 2256 id
970 2219 1094 2261 esse
1131 2208 1444 2273 electuros,
1490 2227 1593 2266 nec
1630 2222 1727 2267 eos
1767 2215 1987 2284 Quidem
2027 2216 2124 2286 qui

553 2291 952 2348 contabescunt
990 2297 1300 2354 vehementi
1336 2302 1457 2355 auri
1491 2303 1791 2359 desiderio.
1829 2306 1884 2361 Si
1920 2323 2050 2378 ergo
2086 2306 2121 2362 ii

553 2381 647 2450 qui
681 2393 809 2437 sunt
840 2401 988 2442 sane
1022 2392 1221 2446 mentis
1255 2404 1612 2448 exsecrantur
1647 2405 1700 2450 et
1734 2399 2124 2454 abominantur

555 2471 756 2526 habere
813 2479 1176 2548 proprietates
1227 2483 1484 2541 inanima:
1537 2491 1812 2552 materiae.
1870 2506 2122 2562 quaenam

553 2574 638 2616 est
668 2579 860 2620 eorum
904 2579 1116 2625 ratione
1146 2573 1307 2642 plane
1341 2593 1536 2633 carens
1572 2580 1625 2633 in
1662 2581 1730 2636 iis
1769 2585 2124 2652 acquirendis

552 2655 766 2710 insania
785 2699 802 2724 ,
827 2675 1059 2728 quorum
1093 2662 1213 2719 ﬁnis
1241 2675 1325 2720 est
1349 2669 1562 2724 vanitas
1581 2711 1594 2734 ,
1626 2680 1685 2725 ut
1713 2681 1766 2727 et
1789 2675 1966 2729 caules
1992 2691 2121 2745 pro-

553 2753 739 2814 pterea
773 2749 986 2816 facere,
1024 2761 1076 2807 et
1106 2755 1457 2812 latrocinium
1492 2775 1749 2818 exercere
1781 2766 2018 2820 audeant
2046 2769 2120 2835 ii,

551 2838 644 2905 qui
685 2841 931 2907 pecunia:
972 2843 1165 2899 insana
1207 2847 1462 2904 laborant
1502 2854 1702 2908 rabie?
1739 2855 1848 2910 Nec
1888 2857 1991 2930 hoc
2031 2875 2124 2912 so-

553 2928 662 2982 lum
685 2971 699 2991 ,
733 2933 827 2986 sed
854 2936 1016 2989 etiam
1047 2938 1352 3007 improbum
1387 2941 1590 2998 fenoris
1623 2946 1904 3001 inventum
1929 2990 1942 3013 ,
1976 2952 2123 3018 quod

550 3022 643 3089 qui
681 3023 828 3078 aliud
862 3029 1213 3084 latrocinium
1249 3040 1303 3084 et
1334 3035 1683 3101 parricidium
1715 3040 2118 3105 nominaverit,
2148 3051 2191 3108 ο

551 3128 658 3166 non
684 3118 871 3184 procul
893 3119 960 3172 ab
977 3135 1041 3173 eo
1061 3122 1204 3190 quod
1228 3122 1406 3187 decet,
1427 3125 1782 3183 aberraverit.
1805 3130 1948 3196 Quid
1975 3132 2117 3187 enim

550 3204 713 3258 refert
743 3223 808 3258 an
833 3208 1142 3263 clanculum
1175 3215 1443 3280 perfossis
1467 3220 1638 3273 inuris
1667 3222 1939 3289 pmdonis
1972 3239 2122 3281 more

551 3296 728 3348 aliena
763 3297 994 3358 habeas.
1019 3309 1070 3354 et
1100 3309 1483 3372 praetereuntis
1509 3310 1655 3364 caede
1693 3320 1743 3365 te
1775 3329 1962 3368 eorum
1999 3333 2121 3386 qua:

551 3383 790 3438 habebat
824 3388 1103 3445 dominum
1142 3398 1450 3453 constituas
1482 3418 1493 3452 :
1530 3415 1596 3454 an
1630 3401 1837 3459 fenoris
1874 3412 2120 3464 necessi-

550 3484 664 3529 tate.
703 3483 957 3549 acquiras
995 3500 1055 3539 ea
1097 3502 1220 3556 qua:
1255 3491 1320 3542 ad
1357 3495 1408 3543 le
1444 3507 1548 3544 non
1579 3494 1897 3561 pertinent?
1927 3493 1970 3552 Ο
2003 3518 2122 3556 ma-

549 3565 658 3619 lum
693 3572 1033 3640 vocabulum,
1069 3576 1226 3633 fenus
1258 3579 1313 3632 lil
1347 3598 1543 3636 nomen
1575 3584 1882 3641 latrocinii!
1909 3605 1940 3643 ο
1964 3606 2118 3646 acer-

551 3659 648 3713 bas
688 3664 951 3731 nuptias!
993 3682 1026 3720 o
1067 3669 1368 3739 improbam
1410 3675 1854 3744 conjunctionem
1887 3727 1899 3744 ,
1954 3700 2119 3754 quam

547 3760 742 3806 natura
801 3757 1018 3824 quidem
1076 3776 1181 3816 non
1237 3767 1529 3834 cognovit,
1595 3785 1884 3826 avarorum
1939 3786 2118 3831 autem

547 3843 772 3899 morbus
814 3846 955 3902 inter
994 3853 1232 3905 inanima
1277 3855 1660 3915 innovavitIO
1691 3878 1886 3932 graves
1916 3875 1968 3920 et
2006 3884 2118 3922 mo-

550 3937 716 3989 lestos
743 3951 1045 4008 conceptus
1067 3982 1080 4005 ,
1107 3960 1170 3996 ex
1197 3948 1400 4015 quibus
1428 3949 1696 4016 ejusmodi
1726 3954 1869 4010 fetus
1895 3957 2119 4030 (nempe

550 4024 740 4094 fenus)
767 4033 1075 4090 enascitur!
1104 4033 1456 4093 Solummodo
1489 4041 1539 4095 in
1571 4043 1733 4098 rebus
1758 4084 1772 4106 ,
1800 4063 1921 4115 quae
1954 4060 2114 4114 sunt,

547 4115 884 4173 discernitur
912 4125 1214 4180 animatum
1249 4145 1342 4197 per
1373 4130 1667 4188 discrimen
1703 4155 1866 4194 sexus
1903 4158 2118 4198 mascu-

544 4207 641 4261 lini
676 4221 727 4264 et
765 4211 1034 4270 feminini.
1071 4216 1163 4272 Eis
1196 4220 1332 4273 dixit
1371 4221 1511 4278 Deus
1547 4235 1799 4295 creator,
1827 4249 1844 4281 ι
1875 4232 2119 4290 Crescite

543 4309 596 4353 et
639 4304 1078 4373 multiplicamini
1118 4311 1161 4341 ⁸⁸
1193 4331 1247 4365 ε»
1274 4320 1330 4365 ιιι
1370 4331 1468 4383 per
1499 4327 1740 4372 mutuam
1779 4339 1845 4376 ex
1883 4340 1940 4377 se
1975 4326 2116 4380 inter

540 4409 599 4446 se
653 4399 1060 4462 generationem
1124 4415 1457 4472 angerentur
1504 4417 1558 4461 ct
1617 4413 2114 4482 multiplicarcntur
2147 4386 2190 4440 Β

541 4502 661 4553 ῳιιυ
687 4489 984 4558 gignuntur
1009 4495 1329 4554 animantia.
1359 4500 1490 4554 Auri
1521 4511 1700 4557 autem
1733 4505 1892 4570 fetus,
1920 4501 2116 4580 ηοιιιρεέ

543 4579 701 4634 l'cnus
725 4621 736 4640 .
774 4600 837 4635 ex
875 4601 1112 4653 quonam
1150 4593 1408 4644 consistit
1445 4596 1843 4652 matrimonio?
1877 4619 1938 4654 ex
1974 4620 2110 4671 qua-

544 4686 668 4722 nam
701 4673 980 4740 pcrﬁcitur
1009 4683 1368 4750 conceptione
1391 4685 1413 4736 ?
1440 4685 1706 4742 therum
1741 4707 1806 4744 ex
1835 4691 2108 4762 Propheta

543 4761 703 4815 didici
747 4781 865 4832 qua:
923 4770 994 4822 sit
1032 4771 1194 4840 hujus
1235 4775 1374 4829 l'etus
1413 4780 1718 4848 conceptio.
1743 4801 1759 4832 ι
1792 4785 1929 4838 Ecce
1987 4804 2108 4857 par-

546 4854 700 4906 turiit
753 4856 1113 4926 injustiliam,
1166 4867 1417 4935 concepit
1470 4869 1746 4937 laborem,
1797 4885 1850 4928 ct
1898 4854 2110 4946 peperit

543 4945 884 5014 iniquitatem
922 4953 991 5006 ⁸⁸.
1023 4971 1041 5002 ι
1071 4953 1168 5010 llic
1201 4969 1284 5012 est
1320 4961 1408 5014 ille
1444 4971 1670 5031 partus,
1711 4983 1870 5036 quem
1919 4945 2109 5040 partu-

541 5035 634 5086 riit
666 5037 883 5105 quidem
915 5044 1176 5109 avaritia,
1211 5051 1349 5115 parit
1381 5061 1558 5108 autem
1592 5035 1889 5125 iniquitas,
1922 5070 1976 5116 et
2011 5065 2111 5118 ob-

538 5128 854 5184 stetricatur
909 5134 1305 5194 inhumanitas.
1359 5142 1462 5208 Qui
1509 5147 1653 5200 enim
1708 5165 1922 5220 semper
1969 5155 2109 5208 celat

539 5239 698 5289 opes.
729 5233 783 5277 ct
818 5223 1036 5291 juratus
1076 5229 1306 5284 allirmat
1347 5250 1405 5287 se
1445 5250 1554 5290 non
1595 5237 1824 5303 habere,
1862 5256 1985 5296 cum
2021 5248 2106 5298 vi-

537 5315 676 5370 derit
708 5332 952 5384 pressum
982 5323 1342 5390 necessitate,
1372 5334 1501 5381 tunc
1531 5329 1651 5397 ejus
1676 5346 1938 5386 crumena
1972 5351 2106 5404 prae-

542 5424 713 5476 gnans
758 5410 1025 5475 cernitur,
1077 5423 1206 5468 tunc
1261 5415 1396 5470 lucri
1451 5417 1729 5476 desiderio
1778 5425 2106 5503 sceleratum

540 5501 773 5568 parturit
815 5499 1018 5568 fctum,
1061 5511 1112 5557 et
1152 5521 1302 5574 spent
1346 5505 1551 5563 fenoris
1595 5513 1795 5568 misero
1831 5499 2102 5582 ostendit,

612 5671 658 5701 “
699 5675 830 5732 Gen.
871 5695 907 5747 I,
943 5681 1032 5736 2:2.
1113 5685 1155 5713 δί’
1197 5681 1337 5739 l’sal.
1376 5681 1466 5750 vn,
1494 5685 1576 5738 15.

2230 457 2291 508 τὸ
2323 449 2508 522 αἶσχος
2541 454 2596 503 ἐν
2623 450 2699 518 τῷ
2733 448 3058 534 φαινομένῳ,
3092 451 3255 522 μηδὲν
3281 454 3342 521 τῇ
3367 453 3496 522 αὐγῇ
3525 454 3606 506 τοῦ
3633 448 3742 526 xpu—

2233 544 2348 596 σίου
2402 537 2852 608 ἐπισκοτούμενον
2875 555 2887 568 ·
2943 538 3044 592 κᾶν
3093 539 3330 609 ἐπαλγὴς
3357 539 3426 592 ὣν
3465 541 3535 611 τῷ
3567 543 3743 613 σώματι

2230 633 2402 702 τύχοι,
2439 630 2692 701 οὐδεμίαν
2749 617 2992 700 ἐπήγαγε
3041 631 3384 702 παραμυθίαν
3424 632 3496 701 τῷ
3533 636 3743 690 πονοῦντι

2295 720 2415 773 ὐλη.

2295 725 2358 773 ὒλ
2405 762 2415 773 .

2232 725 2265 792 ἡ
2303 739 2496 864 Ὀηοῦν
2530 810 2663 880 μήτε
2705 809 2839 879 πρὸς
2867 810 3080 874 κάλλος,
3117 810 3251 881 μήτε
3295 812 3420 882 πρὸς
3446 814 3635 880 εὐεξίαν
3663 818 3750 872 σώ-

2235 917 2420 969 ματος,
2468 901 2601 970 μήτε
2644 902 2781 971 πρὸς
2817 900 2914 972 τὴν
2960 900 3068 952 τῶν
3096 900 3422 970 ἀλγημάτων
3449 907 3755 975 παραμυθίαν

2233 991 2387 1060 φέρει
2435 1006 2488 1041 τι
2532 993 2799 1060 χρήσιμον
2846 992 2959 1053 τοῖς
3007 989 3412 1058 σπουδάζουσιν,
3468 993 3595 1061 ὑπὲρ
3636 995 3757 1058 τίνος

2234 1079 2622 1145 σπουδάζεται;
2675 1080 2769 1135 καὶ
2819 1079 2902 1142 τίς
2953 1081 2987 1149 ἡ
3037 1079 3273 1142 διάθεσις
3319 1080 3426 1134 τῶν
3490 1085 3551 1152 τῇ
3592 1083 3760 1155 καρδίᾳ

2233 1170 2675 1243 προστετηκότων
2707 1172 2781 1240 ’τῇ
2815 1169 2935 1242 ὕλῃ,
2987 1170 3115 1223 ὅταν
3163 1171 3220 1222 ἐν
3271 1169 3348 1241 τῷ
3397 1173 3635 1226 συνειδότι
3677 1174 3760 1244 τῆς

2230 1259 2484 1330 τοιαύτης
2515 1263 2758 1330 κτήσεως
2790 1260 3025 1331 τύχωσιν
3055 1260 3224 1326 ὄντες,
3267 1259 3339 1323 ὥς
3367 1277 3419 1313 τι
3456 1262 3603 1315 πλέον
3636 1263 3763 1332 ἒχονδ

2229 1366 2319 1412 τες
2346 1352 2555 1414 ἑαυτοῖς
2586 1335 3030 1420 ίέπαγάλλοντακ
3073 1353 3195 1419 'Ap’
3225 1352 3279 1404 εί
3315 1369 3397 1415 τις
3428 1354 3610 1416 αὐτοὺς
3649 1357 3763 1424 ἐρω-

2231 1439 2465 1508 τήσειεν,
2515 1441 2564 1492 εί
2617 1440 2860 1510 δέχονται
2895 1440 3078 1504 αὐτοῖς
3114 1440 3438 1511 ἀμειφθῆναι
3461 1442 3585 1512 πρὸς
3617 1443 3765 1496 ἐκεῖνο

2230 1530 2326 1600 τὴν
2360 1531 2541 1599 φύσιν,
2571 1532 2665 1585 καί⁹
2696 1532 2948 1600 γενέσθαι
2993 1530 3166 1596 τοῦτο,
3199 1531 3228 1584 ὃ
3278 1535 3344 1603 τῇ
3388 1533 3610 1605 τοσαύτῃ
3652 1535 3764 1604 παρ’

2231 1618 2410 1673 αὐτῶν
2459 1620 2696 1674 διαθέσει
2741 1621 3052 1692 τετίμηται,
3100 1621 3305 1675 ἕλοιντο
3350 1621 3418 1682 ἂν
3449 1622 3542 1692 τὴν
3573 1622 3768 1693 μεταόο-

2161 1697 2204 1756 Β
2230 1709 2348 1781 λὴν,
2381 1710 2522 1764 ὥστε
2552 1711 2613 1776 ἐξ
2639 1710 2938 1784 ἀνθρώπων
2984 1712 3120 1784 πρὸς
3144 1713 3236 1766 τὸν
3263 1713 3459 1784 χρυσὸν
3488 1713 3658 1776 αὐτοῖς
3684 1729 3768 1783 μει

2228 1801 2457 1872 ταϐῆναι
2482 1802 2582 1874 τὴν
2615 1801 2795 1872 φύσιν,
2825 1803 2919 1857 καὶ
2953 1803 3231 1874 δειχθῆναι
3268 1803 3465 1874 μηκέτι
3497 1803 3687 1872 λογικοί
3719 1820 3766 1856 τε

2230 1894 2324 1947 καὶ
2373 1894 2731 1965 διανοητικοὶ,
2784 1895 2882 1949 καὶ
2930 1897 3042 1956 τοῖς
3093 1893 3466 1968 αίσθητηρίοις
3520 1897 3648 1966 πρὸς
3689 1895 3771 1967 τὴν

2230 1982 2373 2054 ζωὴν
2431 1984 2780 2055 κεχρημένοι,
2833 1983 2949 2038 ἀλλ’
3007 1985 3176 2057 ὠχροί
3228 2003 3290 2040 τε
3340 1986 3434 2040 καὶ¹
3477 1985 3652 2056 βαρεῖς
3693 1988 3772 2040 καὶ

2228 2071 2466 2138 άναύδοι,
2505 2073 2701 2144 ἄψυχοί
2732 2091 2791 2127 τε
2817 2075 2911 2128 καὶ
2940 2075 3278 2147 ἀναίσθητοι,
3309 2076 3451 2147 οῖαὴ
3479 2074 3572 2128 τοῦ
3598 2075 3773 2147 χρυσοῦ

2229 2164 2388 2234 φύσις
2427 2166 2592 2231 ἐστὶν,
2627 2166 2725 2219 οὐκ
2761 2165 2827 2220 ἂν
2857 2161 3010 2234 οῖμαι
3040 2167 3213 2220 ταῦτα
3258 2167 3492 2232 ἑλέσθαι,
3531 2166 3642 2220 οὐδὲ
3667 2167 3773 2230 τοὺς

2231 2253 2432 2324 σφόδρα
2471 2253 2557 2305 διὰ
2594 2253 2695 2323 τῆς
2737 2254 3030 2325 ἐπιθυμίας
3063 2256 3464 2326 συντετηκότας
3491 2257 3554 2326 τῇ
3585 2253 3694 2328 ὐλῃ.
3721 2257 3775 2308 Ei

2227 2341 2320 2399 οὖν
2347 2347 2405 2398 ἐν
2434 2345 2650 2417 κατάρᾳ
2675 2347 2785 2408 τοῖς
2815 2341 2873 2398 εὐ
2906 2345 3193 2416 φρονοῦσιν
3222 2347 3327 2418 ἤδη
3355 2349 3489 2410 ἐστὶ,
3521 2348 3578 2400 τὸ
3604 2349 3656 2399 ἐν
3682 2349 3774 2409 τοῖς

2234 2434 2482 2504 ίδιώμασι
2513 2435 2612 2505 τῆς
2635 2433 2839 2504 ἀψύχου
2871 2433 3003 2505 ὐλης
3031 2434 3312 2504 γενέσθαι,
3343 2434 3426 2499 τίς
3455 2435 3636 2502 ἄλογος
3669 2436 3777 2506 περὶ

2229 2526 2326 2596 τὴν
2364 2526 2558 2596 κτῆσιν
2591 2524 2795 2578 τούτων
2838 2525 3022 2595 μανία.
3053 2518 3128 2578 ὧν
3157 2527 3219 2579 τὺ
3251 2527 3404 2589 τέλος
3445 2527 3478 2596 ἡ
3515 2529 3777 2596 ματαιότης

2230 2618 2395 2683 ἐστὶν,
2424 2617 2498 2681 ὼς
2520 2617 2612 2670 καὶ
2645 2617 2820 2687 φόνων
2847 2616 2934 2669 διά
2960 2616 3120 2670 τοῦτο
3145 2617 3246 2670 καὶ
3276 2617 3527 2691 λῃστείας
3551 2616 3778 2670 κατςιτολ⁴

2233 2708 2400 2778 μῆσαι
2431 2709 2554 2772 τοὺς
2585 2707 3095 2780 προλελυσσηκότας
3125 2710 3244 2771 τοῖς
3284 2709 3568 2778 χρήμασι;
3606 2708 3692 2759 καί
3727 2705 3779 2756 οὐ

2228 2800 2386 2852 τοῦτο
2432 2800 2606 2870 μόνον,
2665 2799 2802 2854 ἀλλὰ
2849 2800 2944 2853 καὶ¹
2998 2800 3096 2871 τῆς
3127 2802 3380 2871 πονηρᾶς
3423 2798 3656 2862 ἐπινοίας
3688 2797 3780 2849 τῶν

2229 2890 2424 2952 τόκων,
2454 2891 2520 2960 ἣν
2557 2890 2720 2960 ἄλλην
2747 2907 2831 2954 τις
2855 2889 3107 2962 λῃστείαν
3147 2891 3247 2943 καὶ
3276 2891 3580 2962 μιαιφονίαν
3607 2889 3780 2959 όνομά·

2233 2996 2350 3042 σας,
2375 2981 2473 3033 οὐκ
2496 2980 2561 3034 ἂν
2591 2981 2825 3051 ἁμάρτοι
2852 2979 2944 3032 τοῦ
2978 2978 3210 3043 δέοντος.
3249 2982 3322 3034 ’Ἡ
3357 2981 3410 3033 τί
3435 2980 3543 3049 γὰρ
3564 2978 3781 3049 διαφέρει

2223 3069 2494 3139 λαθραίως
2518 3072 2584 3123 ἐκ
2607 3071 2967 3142 τοιχωρυχίας
2993 3071 3252 3141 ἀλλότρια
3285 3071 3612 3143 ληϊσάμενον
3636 3071 3782 3141 ἐχειν,

2221 3162 2315 3214 καὶ
2343 3162 2418 3233 τῷ
2449 3164 2595 3233 φόνῳ
2619 3163 2712 3216 τοῦ
2750 3163 3158 3233 παροδεύοντος,
3189 3163 3465 3234 δεσπότην
3494 3163 3674 3217 ἐαυτὸν
3693 3161 3782 3213 τῶν

2221 3250 2428 3304 ἐκείνου
2460 3251 2701 3322 ποιεῖν,ἢ
2734 3250 2821 3304 διὰ
2837 3252 2936 3322 τῆς
2962 3251 3072 3306 τῶν
3097 3251 3283 3307 τόκων
3303 3253 3556 3322 ἀνάγκης
3576 3250 3784 3305 κτᾶσθαι

2220 3343 2288 3396 τά
2329 3345 2402 3414 μὴ
2457 3346 2832 3416 προσήκοντα;
2883 3345 2946 3397 Ὢ
2969 3345 3146 3414 κακῆς
3197 3345 3612 3418 προσηγορίαςί
3647 3342 3783 3404 τόκος

2219 3435 2389 3503 ὄνομα
2407 3436 2504 3506 τῆς
2527 3436 2779 3510 λῃστείας
2799 3437 3024 3505 γίνεται.
3051 3438 3114 3489 Ὠ
3131 3437 3356 3510 πικρῶν
3373 3439 3566 3508 γάμων
3587 3438 3600 3489 l
3625 3435 3683 3487 Ὠ
3701 3449 3786 3485 πο-

2219 3528 2389 3596 νηρᾶς
2405 3527 2678 3594 συζυγίας,
2692 3529 2757 3597 ἢν
2777 3530 2809 3598 ὴ
2829 3527 2989 3596 φύσις
3008 3529 3104 3599 μὲν
3118 3529 3224 3582 οὐκ
3241 3528 3562 3599 ἐγνώρισεν,
3578 3528 3609 3597 ἡ
3626 3526 3677 3578 δέ
3693 3522 3785 3575 τῶν

2219 3617 2444 3688 φιλοχρη
2454 3616 2762 3689 ματούντων
2784 3618 2936 3682 νόσος
2960 3622 3016 3672 ἐν
3042 3623 3153 3682 τοῖς
3187 3620 3427 3691 ἀψύχοις
3464 3617 3787 3684 ἐκαινοτόμη·

2222 3709 2345 3760 σενι
2381 3709 2444 3760 Ὢ
2482 3708 2735 3779 χαλεπῶν
2760 3709 3074 3780 κυημάτων,
3103 3711 3198 3778 ἀφ’
3230 3705 3308 3765 ὧν
3344 3714 3374 3766 ό
3397 3711 3632 3772 τοιοῦτος
3653 3707 3786 3766 τόκος

2219 3796 2498 3866 ἐκφύεται.
2543 3781 2718 3852 Μόνον
2749 3800 2807 3853 ἐν
2852 3801 2966 3862 τοῖς
3002 3795 3120 3853 οὖσι
3161 3801 3228 3853 τὸ
3265 3801 3516 3873 ἔμψυχον
3561 3803 3623 3871 τῇ
3668 3794 3788 3851 κατὰ

2217 3886 2278 3938 τὸ
2303 3887 2470 3958 ἄρρεν
2493 3887 2586 3940 καὶ
2609 3888 2740 3958 θῆλυ
2777 3889 3011 3959 διαφορᾷ
3031 3889 3304 3961 διεκρίθη.
3340 3892 3568 3954 Τούτοις
3602 3885 3741 3941 εἶπεν
3763 3886 3788 3936 ὁ

2219 3977 2431 4040 πλάσας
2448 3976 2596 4040 Θεὸς,
2627 3993 2646 4026 ι
2669 3978 2969 4043 Αύξάνεσθε
3004 3980 3098 4033 καὶ
3123 3981 3498 4052 πληθύνεσθε,
3555 3980 3688 4034 ὥστε
3714 3976 3789 4031 διὰ

2217 4068 2318 4139 τῆς
2349 4068 2408 4135 ἐξ
2435 4068 2677 4140 ἀλλήλων
2705 4071 2970 4137 γενέσεως
3002 4072 3081 4135 είς
3100 4072 3313 4143 πλῆθος
3344 4073 3407 4126 τὸ
3438 4069 3788 4140 ζωογονούμεο

2218 4177 2306 4214 νον
2338 4160 2616 4225 αὐξεσθαι.
2656 4163 2713 4216 ὐ
2747 4164 2804 4216 δὲ
2844 4164 2937 4217 τοῦ
2967 4165 3194 4236 χρυσίου
3231 4167 3399 4230 τόκος
3435 4168 3501 4220 ἐκ
3531 4165 3689 4218 ποίων
3711 4162 3789 4228 γά-

2221 4269 2335 4322 μων
2365 4253 2679 4307 συνίσταται
2704 4272 2718 4322 ;
2767 4257 2865 4308 Ἐκ
2887 4256 3044 4320 ποίας
3073 4257 3497 4330 τελεσφορεῖται
3529 4258 3787 4325 κυήσεωςῖ

2231 4342 2369 4394 Ἀλλ’
2421 4339 2538 4398 οἶδα
2585 4346 2684 4416 τὴν
2712 4346 2878 4400 ὠδῖνα
2917 4333 3019 4399 τού
3036 4348 3286 4401 τοιούτου
3328 4348 3496 4401 τόκου
3537 4345 3681 4415 παρὰ
3707 4339 3787 4394 τοῦ

2220 4434 2505 4503 Προφὴτου
2554 4434 2955 4504 μαθὼν,ιΊδού
3000 4435 3190 4488 ὤδινεν
3249 4438 3498 4500 ἀδικίαν,
3555 4429 3787 4487 συνέλαϐε

2221 4523 2399 4584 πόνον,
2438 4524 2528 4578 καὶ
2549 4524 2728 4576 ἔτεκεν
2750 4523 3024 4594 ἀνομίαν.»
3052 4519 3225 4590 Οὗτος
3250 4528 3467 4591 ἐκεῖνός
3503 4529 3645 4580 ἐστιν
3671 4525 3696 4576 ὁ
3715 4519 3786 4573 τό·

2218 4633 2331 4678 κος,
2357 4616 2415 4667 ὃν
2449 4616 2677 4687 ὠδίνησε
2695 4617 2792 4686 μὲν
2822 4621 2854 4688 ἡ
2890 4618 3189 4682 πλεονεξία,
3225 4621 3412 4673 τίκτει
3445 4621 3502 4672 δὲ
3531 4621 3562 4689 ἡ
3592 4613 3782 4682 ἀνομία.

2216 4708 2364 4778 καὶὴ
2401 4709 2786 4779 μισανθρωπία
2825 4710 3126 4779 μαιεύεται.
3175 4712 3238 4764 ’0
3280 4713 3397 4783 γὰρ
3433 4713 3523 4764 ἀεὶ
3552 4708 3783 4780 κρύπτων

2213 4797 2310 4868 τὴν
2357 4799 2637 4869 εὐπορίαν,
2675 4800 2768 4854 καί⁵
2827 4801 2975 4872 ὅρκῳ
3019 4801 3079 4853 τὸ
3119 4802 3193 4872 μὴ
3230 4803 3386 4873 ἔχειν
3430 4801 3782 4896 πιστούμενοξν

2211 4889 2429 4942 ἐπειδάν
2461 4907 2582 4944 τινα
2602 4890 2686 4964 ἴδῃ
2715 4893 2930 4964 ἀνάγκῃ
2956 4893 3464 4963 καταπνιγόμενον,
3494 4892 3614 4944 τότε
3642 4889 3784 4954 ἐγκύο

2215 4996 2328 5048 μων
2355 4979 2430 5050 τῷ
2457 4981 2725 5052 βαλαντίῳ
2770 4983 3127 5054 προφαίνεται
3152 4984 3336 5036 ’.τότε
3368 4984 3464 5036 τὸν
3485 4980 3710 5052 πονηρὸν

2211 5068 2525 5141 φιλοκερδίᾳ
2553 5073 2730 5126 ὠδίνει
2757 5073 2937 5136 τόκον,
2968 5073 3160 5126 ἐλπίδα
3194 5073 3298 5126 τοῦ
3342 5075 3697 5144 δανείσματος
3718 5068 3784 5135 τῷ

2209 5159 2558 5230 δυστυχοῦντι
2582 5163 2981 5233 προδείκνυσιν,
3017 5166 3083 5234 ἣν
3117 5165 3416 5219 ἐπιϐάλλει
3447 5166 3579 5236 ὕλην
3610 5163 3681 5233 τῷ
3707 5161 3787 5212 δυ·

2214 5253 2535 5322 στυχήματι,
2595 5253 2781 5327 ὥσπερ
2823 5256 2851 5306 ὁ
2901 5255 2979 5325 τῷ
3027 5255 3194 5324 ἐλαίῳ
3243 5256 3666 5311 κατασϐεννύων
3699 5249 3785 5319 τὴν

2209 5339 2401 5406 φλόγα.
2437 5343 2512 5394 Οὐ
2541 5342 2648 5413 γὰρ
2686 5343 3020 5414 ἐθεράπευσε
3074 5345 3152 5415 τῷ
3200 5346 3412 5416 δανείῳ
3445 5348 3544 5418 τὴν
3575 5341 3780 5413 ζημίαν.

2208 5428 2321 5481 ἀλλ’
2340 5430 2613 5485 ἐπέτεινεν
2634 5450 2647 5463 ·
2679 5433 2772 5487 καὶ
2792 5433 2979 5506 ὥσπερ
3002 5438 3059 5488 ἐν
3075 5438 3188 5498 τοῖς
3212 5438 3460 5508 αὐχμοῖς
3483 5433 3782 5505 αὐτομάτως

2208 5519 2667 5592 άκανθοφορούσιν
2708 5525 2761 5578 αί
2803 5524 3051 5596 ἄρουραι,
3086 5525 3233 5580 οὕτω
3281 5529 3379 5584 καὶ
3423 5532 3482 5583 ἐν
3517 5532 3632 5590 ταῖς
3664 5539 3782 5592 mtt-
