4018 6334
246 292 339 353 573

1321 293 1387 347 ΙΝ
1424 289 1955 350 ECCLESIASTEN.
2001 290 2279 346 llOMliJA
2311 293 2397 347 iV.

3380 299 3487 356 67.5

250 416 445 485 φοραῖς
489 415 601 469 τῶν
635 413 1171 484 στενοχορουμὲνων,
1224 416 1272 467 οἱ
1320 414 1426 469 τῶν
1476 415 1811 468 πλεονεκτῶν

1916 429 2033 482 qua:
2066 412 2369 468 infortunio
2401 412 2592 482 ingerit
2625 415 2911 469 materiam
2935 456 2950 482 ,
2981 416 3259 487 quomodo
3300 418 3347 476 is
3387 423 3479 487 qui

250 501 565 575 ὑλομανοῦσι
619 503 789 556 τόκοι.
832 498 965 555 Εἶτα
1023 501 1293 573 προτείνει
1356 503 1452 574 τὴν
1484 506 1641 574 χεῖρα
1677 503 1814 573 μετά

246 593 329 647 τοῦ
357 597 662 665 χρήματος,
694 593 883 666 ὥσπερ
915 598 948 665 ἡ
981 593 1149 665 ὀρμιὰ
1168 594 1229 646 τὸ
1251 595 1629 666 κεκρυμμένον
1660 594 1814 662 ἀγκι-

247 698 393 752 στρον
441 682 521 752 τῷ
576 682 925 754 δελεάσματι.
971 676 1284 752 Περιχανὼν
1322 682 1377 735 δὲ
1409 683 1437 735 6
1484 682 1712 745 δείλαιος
1745 686 1811 753 τῇ

246 773 371 843 πρὸς
398 774 462 826 τὸ
495 775 668 846 παρὸν
694 774 945 845 εὐπορίᾳ,
976 774 1070 826 καὶ
1098 774 1150 827 εἴ
1174 791 1225 825 τι
1260 772 1501 844 κρυπτὸν
1536 772 1594 825 ὲν
1617 772 1814 825 ἀποθέ-

243 881 343 927 τοις
364 860 504 934 εἶχε,
526 869 595 936 τῇ
618 865 711 919 τοῦ
741 867 1036 937 ἀγκίστρου
1058 865 1188 935 ὁλκῇ
1209 863 1551 934 συνεξέμεσεζ
1581 864 1813 918 Τοιαῦτα

244 953 302 1007 τὰ
326 956 438 1007 τῶν
469 956 642 1011 τόκων
672 957 1107 1027 εὐεργετήματα.
1142 954 1257 1010 Κᾶν
1277 955 1375 1026 μέν
1406 953 1488 1018 τις
1518 954 1651 1025 πρὸς
1693 955 1812 1023 βίαν

242 1046 503 1116 ἀφέληταί
524 1064 671 1110 τινος
688 1048 749 1100 τὸ
769 1048 997 1117 ἐφόδιον,
1029 1047 1062 1118 ἢ
1101 1046 1279 1100 λαθὼν
1314 1046 1614 1116 ὑποκλέψῃ,
1641 1047 1814 1113 βίαιος

244 1136 323 1188 καὶ
376 1135 718 1206 λωποδύτης,
772 1138 866 1189 καὶ
917 1137 986 1189 τὰ
1014 1135 1238 1189 τοιαῦτα
1282 1134 1533 1202 λέγεται’
1565 1136 1594 1185 6
1629 1133 1682 1187 δὲ
1714 1133 1811 1203 τὴν

244 1226 453 1282 ἀδικίαν
482 1230 835 1299 ὲμμάρτυρον
853 1229 948 1282 καὶ
970 1227 1070 1298 τὴν
1103 1227 1327 1298 πικρίαν
1356 1225 1695 1295 ποιούμενος,
1721 1229 1814 1278 καὶ

246 1317 538 1386 συνθήκαις
586 1319 684 1389 τὴν
714 1320 1060 1389 παρανομίαν
1096 1317 1403 1387 κρατύνων,
1436 1319 1813 1391 φιλάνθρωπος

244 1409 327 1461 καὶ
360 1408 680 1478 εὐεργέτης,
704 1411 797 1462 καὶ
826 1409 1028 1481 σωτὴρ,
1052 1411 1146 1462 καὶ
1179 1410 1355 1465 πάντα
1378 1410 1447 1463 τά
1474 1410 1687 1480 χρηστά
1707 1410 1813 1463 τῶν

239 1498 517 1568 ὀνομάτων
546 1500 1040 1571 προσαγορεύεται·
1068 1501 1239 1554 καὶτὸ
1270 1503 1368 1572 μὲν
1388 1503 1448 1566 ἐξ
1479 1503 1814 1573 ὑφαιρέσεως

242 1589 448 1660 κέρδος,
490 1589 710 1661 κλέμμα
736 1592 981 1660 λέγεται,
1003 1593 1101 1647 όδὲ
1130 1592 1218 1648 διὰ
1248 1594 1350 1663 τῆς
1377 1593 1629 1664 τοιαύτης
1656 1596 1816 1664 ἀνάγ-

241 1696 331 1748 κης
388 1682 723 1752 ἀπογυμνῶν
746 1683 836 1737 τὸν
882 1684 1135 1755 Χριστὸν,
1168 1684 1546 1756 φιλανθρωπίᾳ
1579 1685 1677 1755 τὴν
1720 1704 1811 1739 πι-

1916 502 2037 555 oleo
2065 504 2363 572 exstinguit
2403 501 2697 555 ﬂammam.
2740 502 2857 559 Non
2888 504 3033 561 enim
3067 508 3367 562 calamitati
3408 513 3480 562 I'c-

1915 608 2047 646 nore
2092 593 2245 646 atiert
2294 593 2631 657 remedium,
2666 593 2759 647 sed
2801 608 2918 647 eam
2966 597 3137 665 magis
3185 606 3382 665 auget.
3427 606 3481 654 rt

1912 685 2189 752 quomodo
2217 686 2268 737 in
2292 685 2432 739 locis
2460 685 2631 739 aridis
2656 692 2711 738 et
2738 686 2963 740 incultis
2987 692 3130 738 terra
3160 702 3257 740 sua
3288 698 3482 756 sponte

1915 773 2172 843 producit
2205 778 2425 845 spinas:
2463 775 2538 827 ita
2570 776 2734 828 etiam
2772 775 2825 828 in
2858 775 3258 848 calamitatibus
3290 794 3481 843 eorum

1870 888 1875 897 -
1915 866 2006 930 qui
2050 876 2374 931 premuntur
2415 863 2719 932 angustiis,
2762 878 3051 917 avarorum
3098 864 3283 918 fenora
3324 867 3483 921 luxu-

1913 954 2077 1009 riant.
2111 953 2314 1008 Deinde
2345 970 2565 1009 manum
2607 954 2846 1024 porrigit
2884 970 3007 1007 cum
3041 957 3299 1025 pecunia,
3338 960 3484 1013 sicut

1912 1045 2125 1100 arundo
2152 1045 2371 1101 hamum
2399 1061 2526 1101 esca
2555 1054 2780 1101 tectum.
2832 1045 3000 1103 llians
3031 1054 3210 1101 autem
3248 1048 3352 1104 iste
3382 1049 3483 1102 mi-

1912 1136 2079 1191 sellus
2113 1138 2179 1189 ad
2216 1144 2546 1207 praesentem
2584 1136 2840 1205 copiam,
2876 1138 3089 1193 etiamsi
3126 1138 3258 1207 quid
3294 1140 3483 1192 occul-

1913 1233 2026 1279 tum
2065 1227 2300 1280 habebat
2330 1228 2670 1297 repositum,
2701 1243 2823 1281 cum
2857 1236 3092 1281 attracto
3128 1229 3285 1284 hamo
3319 1231 3481 1284 simul

1910 1316 2132 1370 evomit.
2162 1315 2389 1371 Fcnoris
2412 1316 2683 1383 ejusmodi
2706 1324 2833 1370 sunt
2858 1317 3139 1372 beneﬁcia
3172 1317 3235 1371 Et
3264 1320 3308 1374 si
3333 1323 3482 1389 quis-

1915 1406 2057 1474 piam
2096 1407 2331 1477 alicujus
2372 1408 2595 1478 quidem
2636 1409 2898 1462 viaticum
2942 1410 2992 1462 vi
3028 1410 3351 1473 abstulerit,
3389 1420 3483 1471 aut

1913 1499 2051 1553 clam
2084 1500 2443 1569 subripuerit,
2477 1508 2683 1568 raptor,
2713 1508 2765 1554 et
2796 1499 2918 1566 fur,
2951 1508 3006 1554 et
3035 1518 3153 1569 qua:
3179 1511 3307 1557 sunt
3336 1503 3483 1571 ejus—

1913 1589 2057 1643 modi
2090 1590 2314 1645 dieitur.
2344 1590 2451 1656 Qui
2479 1601 2660 1645 autem
2691 1591 2853 1645 etiam
2882 1590 3142 1646 adhibitis
3169 1594 3400 1648 testibus
3421 1610 3480 1649 se

1914 1680 2118 1748 injuste
2153 1690 2209 1737 et
2245 1684 2441 1737 acerbe
2480 1683 2661 1752 gerit,
2697 1691 2751 1736 et
2790 1683 2965 1753 pactis
3006 1686 3292 1740 conventis
3323 1702 3478 1741 suam

240 1770 396 1839 κρίαν
455 1773 839 1844 ὑποκορίζεται
860 1790 875 1806 ⁸
909 1774 1051 1827 οὓτω
1083 1775 1192 1846 γάρ
1228 1776 1326 1839 τὰς
1358 1777 1557 1846 ζημίας
1585 1778 1690 1831 τῶν
1715 1778 1812 1832 δει-

1916 1774 2207 1826 continuat
2243 1773 2585 1843 iniquitatem
2610 1813 2625 1837 ,
2662 1774 2935 1845 benignus
2971 1775 3172 1831 dicitur
3201 1785 3256 1834 et
3284 1758 3480 1836 beneﬁ-

238 1860 401 1919 λαίων
453 1864 911 1934 κατονομάζουσι.
949 1884 969 1917 ι
1006 1866 1323 1937 Συνήγαγόν
1359 1884 1449 1938 μοι
1486 1868 1579 1922 καί
1620 1885 1685 1935 γε
1715 1870 1813 1939 ἀρ-

239 1951 424 2023 γύριον
458 1953 556 2009 καί
582 1971 644 2022 γε
662 1956 906 2029 χρυσίον,
938 1974 959 2008 ι
991 1957 1158 2015 Ἀλλὰ
1188 1957 1376 2012 τούτου
1412 1959 1570 2031 χάριν
1593 1961 1622 2012 6
1654 1961 1814 2029 σοφὸς

239 2043 512 2099 παιδεύων
538 2045 628 2099 τὸν
667 2045 802 2116 βίον,
834 2049 892 2100 ὲν
914 2046 991 2118 τῷ
1030 2049 1313 2119 καταλόγῳ
1347 2050 1459 2104 τῶν
1496 2050 1814 2121 ὲξαγορευο-

241 2134 416 2203 μένων
503 2137 598 2190 καὶ
642 2137 813 2191 ταῦτα
841 2138 1313 2211 κατηριθμήσατο,
1348 2141 1435 2194 ἵνα
1465 2141 1727 2212 μαθόντες
1764 2144 1813 2196 οί

237 2223 517 2294 ἄνθρωποι
569 2226 718 2296 παρά
739 2227 834 2281 τοῦ
862 2231 927 2300 τῇ
962 2230 1128 2301 πείρα
1156 2232 1585 2300 κατεγνωκότας,
1626 2233 1708 2287 ὃτι
1755 2232 1813 2286 ἓν

236 2314 333 2367 τῶν
361 2315 460 2368 ἐπ’
520 2318 719 2391 ἀτοπίᾳ
778 2321 1240 2391 κατεγνωσμένων
1283 2320 1441 2378 τοῦτό
1475 2324 1615 2389 ἐστι,
1644 2323 1810 2393 φυλάο

239 2405 432 2474 ξωνται
477 2408 585 2478 πρὸ
628 2411 728 2479 τῆς
781 2410 973 2483 πείρας
1001 2412 1101 2482 τὴν
1140 2412 1237 2466 τοῦ
1265 2413 1435 2469 κακοῦ
1471 2415 1772 2485 προσϐολήν
1797 2433 1810 2447 ·

236 2499 492 2571 καθάπερ
524 2501 638 2555 ἐστι
679 2503 772 2557 καὶ
824 2506 948 2568 τοὺς
971 2503 1293 2577 λῃστρικούς
1331 2523 1389 2559 τε
1409 2507 1505 2560 καὶ
1532 2506 1813 2579 θηριώδεις

235 2589 441 2653 τόπους
492 2591 719 2654 ἀπαθῶς
757 2592 1006 2656 διελθεῖν,
1056 2593 1145 2647 διὰ
1176 2594 1236 2647 τὸ
1271 2594 1554 2665 προελθεῖν
1592 2597 1717 2660 τοὺς
1755 2586 1814 2651 ἐν

232 2681 449 2744 τούτοις
485 2682 1059 2752 προκινδυνεύσαντας.
1108 2683 1299 2748 Καλῶς
1326 2685 1384 2738 δὲ
1415 2688 1443 2739 6
1480 2686 1618 2750 θεῖος
1659 2686 1814 2739 Ἀπό-

236 2771 445 2836 στολος,
479 2772 658 2836 καλῶς
689 2773 751 2825 τὸ
789 2773 956 2837 πάθος
1008 2774 1109 2843 τῆς
1148 2774 1512 2848 φιλαργυρίας
1550 2777 1811 2848 ὁρίζεται,

231 2862 389 2933 ῥίζαν
413 2861 583 2934 αὐτὴν
608 2862 823 2916 πάντων
837 2863 945 2916 τῶν
963 2864 1147 2918 κακῶν
1165 2866 1814 2938 ἀποφηνάμενος.Ὤσπερ

230 2954 332 3025 γὰρ
352 2954 417 3007 εἴ
438 2971 543 3009 τινι
565 2955 721 3027 μέρει
744 2955 1040 3026 διεφθορὼς
1063 2958 1157 3009 καὶ
1189 2956 1559 3026 σηπεδονώδης
1582 2959 1813 3030 ἐπιρρυῇ

226 3043 434 3112 χυμὸς,
460 3044 555 3096 καὶ
583 3042 860 3114 φλεγμονὴ
900 3042 979 3113 τῷ
1025 3045 1176 3114 τόπῳ
1217 3045 1529 3115 ἐγγένηται,
1599 3046 1811 3116 ἀνάγκη

228 3133 376 3185 πάσα
414 3134 499 3196 εἰς
523 3134 825 3191 ἀπόστασίν
863 3150 986 3193 τινα
1013 3136 1107 3188 καὶ
1134 3134 1430 3207 διαφθορὰν
1458 3135 1518 3188 τὸ
1537 3135 1810 3206 ἐνσκῆψαν

225 3220 397 3294 ὑγρὸν
437 3224 836 3295 ἀπορραγῆναι,
869 3224 1222 3294 διαφυγόντος
1261 3225 1355 3280 τοῦ
1390 3225 1543 3285 ποιοῦ
1568 3226 1666 3297 τὴν
1695 3230 1812 3283 ὲπι-

224 3313 497 3383 ιράνειαν⁵
518 3315 697 3379 ,οὕτως
715 3311 795 3380 οἷς
824 3318 986 3395 ξνρυῇ
1007 3319 1105 3388 τῆς
1122 3317 1552 3390 φιλοχρηματίας
1578 3321 1612 3391 ἡ
1640 3318 1810 3385 νόσος»

218 3408 302 3471 είς
326 3406 637 3461 ἀκολασίαν
661 3406 736 3472 ὡς
769 3407 837 3461 τὰ
876 3407 1046 3462 πολλά
1093 3409 1155 3462 τὸ
1188 3409 1359 3472 πάθος
1387 3409 1683 3481 ἐπέσκηψε.
1715 3411 1812 3463 Διά

218 3498 386 3552 τοῦτο
422 3496 749 3570 προστίθησι
792 3501 860 3570 τῇ
910 3500 1197 3572 περιουσίᾳ
1234 3498 1329 3553 τοῦ
1375 3500 1598 3570 χρυσίου
1632 3517 1689 3553 τε
1720 3502 1814 3560 καὶ

217 3586 504 3658 ἀργυρίου
522 3588 621 3659 τὴν
649 3587 957 3651 ἀκολούθως
984 3587 1062 3659 τῷ
1094 3589 1529 3661 προκατασχόντι
1546 3592 1812 3662 νοσήματι

216 3676 709 3732 ἐπακολουθοῦσαν
768 3676 1173 3748 ἀσχημοσύνην.
1213 3697 1233 3731 ι
1293 3679 1553 3749 Ἐποίησα
1605 3681 1732 3752 γὰρ,
1789 3703 1808 3734 ι

221 3765 420 3834 φησὶν,
465 3782 485 3817 ι
530 3764 755 3836 ᾅδοντας
801 3764 897 3817 καὶ
931 3764 1180 3835 ᾀδούσας,
1208 3785 1228 3819 ι
1268 3767 1376 3821 τῶν
1405 3771 1716 3844 συμποσίων
1744 3771 1813 3825 τὰ

212 3855 651 3929 ιντρυςρήματα,
700 3856 972 3929 οἰνοχόους
1029 3858 1124 3911 καὶ
1156 3859 1416 3929 οἰνοχόας.
1460 3861 1728 3932 Ἤρκεσεν
1773 3865 1807 3933 ἡ

216 3948 426 4018 μνήμη
465 3946 574 3999 τῶν
610 3946 890 4022 ὀνομάτων
924 3946 1268 4018 στηλιτεῦσαι
1303 3950 1362 4003 τὺ
1389 3951 1580 4017 πάθος,
1610 3954 1746 4025 ὅπερ
1775 3956 1809 4026 ἡ

210 4039 349 4108 περὶ
370 4037 455 4093 τὰ
481 4038 741 4110 χρήματα
765 4039 921 4102 νόσος
945 4039 1471 4111 προωδοποίησεν.Ὢ
1486 4042 1581 4113 τῆς
1608 4043 1807 4102 ἀτόπου

207 4129 443 4201 ταύτης
471 4130 836 4205 φιλοτεχνίαςε
861 4130 937 4195 ὡς
959 4131 1154 4201 ἀθρόον
1175 4134 1452 4189 ἐπιϐάλλει
1482 4135 1588 4188 τῶν
1610 4137 1809 4206 ἡδονῶν

204 4222 272 4275 νδ
306 4221 531 4297 ῥεῦμα,
565 4216 678 4298 οἷόν
702 4239 811 4275 τισι
837 4224 1161 4297 χειμάρροις
1199 4224 1406 4288 διπλοῖς
1451 4227 1517 4279 δι’
1555 4228 1719 4297 ἀκοῆς
1751 4246 1811 4283 τε

203 4314 311 4367 καὶ
328 4315 524 4384 ὂψεως
545 4313 644 4377 τὰς
660 4313 835 4384 ψυχὰς
852 4314 1161 4379 ὲπικλύζον,
1178 4314 1264 4369 ἵνα
1288 4314 1549 4386 βλέπηται
1573 4319 1633 4370 τὸ
1649 4320 1815 4377 κακὸν

1913 1879 2042 1929 cus,
2084 1871 2139 1919 et
2177 1877 2446 1928 servator,
2481 1874 2535 1921 et
2568 1866 2916 1930 nominibus,
2947 1870 3478 1942 quaecumquebona

1912 1964 2079 2018 sunt,
2131 1952 2480 2025 appellatur:
2527 1962 2583 2010 et
2615 1957 2764 2026 quod
2810 1972 2877 2012 ex
2928 1957 3209 2015 ablatione
3260 1960 3479 2031 quidem

1913 2055 2136 2114 paratur
2167 2046 2378 2100 luctum
2402 2084 2418 2109 ,
2451 2045 2653 2103 dicitur
2683 2046 2886 2101 furtum
2908 2088 2922 2112 ,
2953 2049 3048 2119 qui
3082 2058 3260 2104 autem
3292 2051 3482 2118 hujus-

1914 2136 2058 2191 modi
2091 2137 2424 2193 necessitate
2459 2138 2804 2206 compulsum
2840 2140 3039 2209 spoliat
3064 2139 3478 2204 Christianum,

1913 2225 2117 2281 blando
2174 2226 2532 2297 benignitatis
2584 2227 2853 2282 vocabulo
2900 2229 3032 2283 lenit
3078 2231 3426 2285 acerbitatem
3464 2248 3478 2283 :

1912 2316 2239 2373 miserorum
2275 2319 2420 2372 enim
2469 2317 2754 2379 hominum
2795 2320 2995 2377 damna
3050 2319 3121 2374 ita
3172 2322 3476 2377 nominant.

1921 2426 1939 2458 ι
1962 2407 2200 2478 Collegi.
2226 2426 2244 2458 ι
2274 2409 2483 2478 inquit,
2514 2427 2532 2459 ι
2569 2409 2701 2467 mihi
2732 2417 2785 2464 et
2811 2417 3096 2480 argentum
3128 2420 3180 2472 et
3211 2428 3423 2469 aurum.
3456 2433 3474 2468 ο

1917 2496 2022 2552 Sed
2052 2497 2155 2551 hac
2185 2496 2251 2552 de
2280 2512 2447 2557 causa
2478 2498 2698 2568 sapiens
2728 2499 2893 2552 vitam
2925 2498 3214 2565 erudiens,
3249 2501 3302 2559 in
3334 2511 3484 2555 cata-

1915 2587 2037 2658 logo
2064 2603 2255 2642 eorum
2287 2603 2407 2658 qua:
2438 2588 2637 2651 refert,
2670 2587 2784 2642 haec
2813 2604 3032 2658 quoque
3061 2593 3478 2655 annumeravit,

1917 2687 1980 2743 ut
2009 2692 2134 2732 cum
2171 2678 2422 2733 homines
2441 2678 2516 2765 ‘ab
2544 2693 2609 2732 eo
2640 2678 2934 2735 didicerint
2958 2681 3051 2749 qui
3082 2681 3197 2750 ipsa
3229 2685 3483 2750 eogmvit

1922 2769 2257 2839 experientia
2279 2809 2293 2835 ,
2323 2769 2428 2823 hoc
2462 2783 2586 2823 esse
2614 2783 2780 2822 unum
2814 2784 2876 2824 ex
2915 2770 2982 2825 iis
3010 2787 3128 2840 qua:
3158 2782 3215 2825 ut
3242 2773 3479 2829 absurda

1914 2869 1964 2915 et
1990 2861 2166 2913 aliena
2197 2867 2324 2913 sunt
2349 2858 2707 2912 condemnata
2732 2898 2746 2922 ,
2775 2869 3002 2921 caveant
3026 2862 3151 2916 mali
3184 2862 3478 2937 impetum,

1915 2951 2234 3020 priusquam
2263 2950 2383 3018 ejus
2411 2949 2614 3007 faciant
2643 2950 2947 3020 periculurn
2974 2968 2987 3005 :
3010 2952 3154 3006 sicut
3173 2953 3336 3011 etiam
3365 2962 3482 3013 tuto

1923 3040 2220 3097 transmitti
2260 3049 2488 3112 possunt
2524 3042 2640 3095 loca
2673 3055 2703 3095 a
2737 3041 3046 3099 latronibus
3080 3052 3133 3099 et
3169 3042 3367 3113 bestiis,
3393 3046 3481 3098 in-

1920 3131 2076 3197 festa,
2105 3139 2412 3201 propterea,
2438 3131 2585 3201 quod
2618 3134 3007 3201 prrcccsserint
3030 3135 3119 3204 qui
3154 3136 3206 3189 in
3232 3135 3298 3190 iis
3324 3146 3481 3193 antea

1915 3224 2165 3278 adierunt
2207 3224 2536 3293 periculum.
2580 3223 2815 3281 Pulchre
2854 3234 3032 3282 autem
3079 3226 3296 3286 divinus
3337 3229 3483 3299 Apo-

1913 3315 2089 3371 stolus
2112 3357 2127 3376 ,
2166 3314 2429 3384 pulchre,
2464 3314 2720 3386 inquam,
2754 3314 2945 3371 deﬁnit
2977 3316 3170 3378 vitium
3203 3320 3482 3387 avaritiic,

1914 3407 2278 3477 pronuntians
2294 3407 2466 3476 ipsam
2482 3422 2603 3463 esse
2617 3408 2860 3468 omnium
2878 3408 3142 3467 malorum
3164 3411 3398 3469 radicem
3414 3414 3479 3468 τθ.

1913 3500 2033 3566 Quo
2064 3499 2224 3553 modo
2256 3500 2400 3557 enim
2431 3499 2475 3553 si
2508 3499 2561 3555 in
2590 3499 2836 3570 aliquam
2874 3509 3077 3570 partem
3111 3510 3403 3571 corruptus
3432 3514 3484 3558 et

1915 3591 2172 3662 putridus
2200 3590 2397 3647 humor
2427 3589 2729 3656 atllnxerit,
2752 3601 2805 3645 et
2837 3590 2891 3649 in
2929 3592 3048 3648 loco
3078 3590 3241 3645 fuerit
3272 3594 3483 3646 inﬂam-

1918 3683 2088 3735 matio
2111 3719 2127 3744 ,
2160 3695 2387 3734 necesse
2416 3686 2502 3732 est
2548 3679 2771 3737 omnino
2809 3686 2868 3732 ut
2913 3679 2967 3739 in
3000 3680 3233 3748 aliquem
3265 3682 3483 3736 absces-

1915 3789 2036 3830 sum
2067 3780 2122 3826 et
2157 3770 2562 3840 corruptionem
2600 3769 2797 3828 humor
2826 3768 2915 3822 ille
2943 3777 3224 3838 erun'pat,
3258 3786 3380 3824 eum
3414 3774 3481 3827 ad

1920 3860 2260 3934 superﬁciem
2300 3874 2440 3930 opus
2480 3858 2823 3929 pervaserit;
2864 3858 2939 3911 ita
2978 3857 3182 3929 quibus
3232 3864 3483 3930 pecuniie

1922 3952 2235 4025 cupiditatis
2266 3951 2490 4011 morbus
2547 3949 2852 4018 atiluxerit,
2898 3948 2966 4003 ad
3009 3951 3481 4020 intemperantiam

1922 4058 2119 4113 magna
2150 4058 2212 4098 ex
2249 4048 2401 4113 parte
2428 4041 2655 4099 inclinat
2694 4039 2909 4095 vitium.
2951 4039 3243 4111 Propterea
3277 4042 3396 4096 auri
3427 4054 3481 4098 et

1920 4136 2126 4206 argenti
2167 4135 2337 4204 copia:
2371 4133 2521 4191 addit
2559 4132 2955 4204 turpitudinem
2985 4170 3000 4196 ,
3033 4147 3157 4201 qua:
3194 4134 3438 4189 morbum
3464 4175 3480 4198 ,

1917 4229 2007 4297 qui
2049 4227 2200 4298 prius
2243 4228 2550 4289 invaserat,
2588 4225 2727 4278 solet
2758 4222 2956 4278 deinde
2990 4224 3278 4292 consequi.
3309 4244 3327 4275 ι
3359 4223 3480 4280 Feci

1916 4317 2096 4379 enim,
2134 4336 2151 4367 ι
2186 4316 2393 4385 inquit,
2433 4334 2451 4365 ι
2482 4323 2738 4371 cantores
2794 4321 2848 4367 et
2907 4313 3275 4379 cantatrices,
3310 4332 3328 4365 ι
3363 4331 3482 4384 qua:

197 4408 309 4459 καὶ
360 4406 677 4476 ἀκούηταιί
716 4406 778 4459 Ἡ
807 4407 917 4478 ᾠδὴ
962 4408 1058 4478 τὴν
1087 4408 1254 4479 ἀκοὴν
1296 4408 1744 4482 καταστρέφεται,
1781 4414 1812 4482 ή

1921 4406 2298 4460 conviviorum
2332 4412 2463 4458 sunt
2491 4402 2732 4466 deliciae,
2783 4403 3136 4473 pocillatores
3171 4409 3224 4457 et
3256 4404 3483 4472 pocilla—

181 4491 337 4560 ’ὄψις
414 4492 520 4564 τὴν
580 4493 700 4563 ὄψιν
768 4496 1219 4564 καταγωνίζεται.
1284 4497 1520 4550 Ἐκεῖθεν
1573 4501 1601 4552 6
1652 4499 1814 4570 θῆλυς

190 4582 476 4654 φθόγγος
504 4585 590 4639 διὰ
613 4585 713 4656 τῆς
740 4584 1036 4660 λελυμένης
1060 4588 1168 4640 τῶν
1200 4587 1355 4659 ᾠδῶν
1383 4589 1664 4660 ἁρμονίας,
1691 4611 1814 4647 συν-

191 4679 451 4744 εισάγει
487 4678 660 4749 ἑαυτῷ
701 4681 794 4732 ἐπὶ
827 4680 925 4748 τὴν
958 4680 1186 4751 καρδίαν
1217 4679 1278 4732 τὸ
1312 4678 1501 4743 πάθος.
1540 4683 1814 4738 Ἐντεῦθεν

186 4772 224 4841 ἡ
248 4770 406 4839 by;
424 4763 539 4821 οἷόν
551 4788 599 4823 τι
629 4772 931 4847 μηχάνημα
957 4771 1251 4842 πολεμικὸν
1272 4773 1381 4834 τοῖς
1395 4772 1691 4844 ὀφθαλμοῖς
1719 4775 1811 4829 τοῦ

184 4861 330 4919 ταῖς
360 4857 547 4927 ᾠδαῖς
561 4861 945 4924 ἑπιπίπτοντος
966 4861 1432 4932 προδιαλυθέντος,
1446 4865 1812 4935 ἐμπίπτουσα,

184 4947 299 5018 τὴν
326 4946 535 5017 ψυχὴν
560 4949 1013 5020 καταστρέφεται.
1043 4950 1352 5023 Στρατηγδς
1369 4953 1423 5009 δὲ
1448 4955 1545 5025 τῆς
1566 4955 1815 5024 παρατά-

186 5039 347 5103 ξεως
377 5038 597 5109 ταύτης
622 5042 650 5093 6
677 5036 818 5104 οῐνος
842 5042 1071 5111 γίνεται,
1094 5041 1285 5114 ὥσπερ
1306 5062 1389 5115 τις
1413 5045 1648 5119 πονηρὸς
1671 5046 1818 5113 τοξό-

184 5145 301 5199 της
326 5128 565 5191 διπλοῖς
596 5131 778 5200 βέλεσι
825 5132 1201 5196 κατατοξεύων
1248 5136 1337 5196 τὸν
1381 5144 1695 5218 ἄνθρωπον,
1726 5139 1817 5191 ὲπί

184 5234 253 5321 τε
471 5216 753 5321 anteﬁxa-xui.
784 5221 1022 5321 thAwt-V
1038 5220 1266 5321 εὐθύνων
1290 5236 1387 5321 τὰς
1402 5216 1607 5305 ἀκίδας
1626 5243 1640 5257 ⁸
1666 5226 1819 5297 βέλος

184 5310 312 5382 γὰρ
336 5309 578 5375 γίνεται
610 5311 713 5382 τῆς
744 5312 843 5382 μὲν
876 5312 1062 5402 ἀκοῆς,
1093 5312 1240 5389 apag
1267 5341 1277 5353 -
1303 5309 1397 5402 τέ,
1424 5339 1486 5402 δὲ
1519 5325 1728 5397 ὅψεως,
1758 5318 1817 5371 τὸ

190 5367 584 5470 φάμεν...
621 5367 709 5455 οξ
733 5367 843 5473 ap
864 5367 1184 5472 ψιλδεῖενέμε
1210 5367 1813 5485 έῶξὶξξῖῇᾀξᾶίξιῐ

204 5452 323 5513 ”“,
389 5452 406 5470 ⁸
542 5452 686 5503 -’.”
745 5452 922 5473 ⁸’τ¹⁷
969 5452 1612 5527 ’⁷⁷⁷’⁸””““υυοίνοχ⁰ω¹

192 5493 301 5544 m
355 5494 442 5545 ὲκ
482 5506 569 5544 του
606 5493 764 5564 ἔργου
795 5495 1003 5555 πάντως
1027 5494 1055 5561 ἠ
1077 5494 1316 5620 ἐπωνυωὴ
1339 5533 1612 5620 γίνεται,

275 5660 333 5692 ’⁸
378 5659 407 5715 l
456 5658 695 5725 'l‘im.v1,
736 5661 813 5715 10.
1287 5588 1374 5653 Ml

66 5764 69 5905 Ι

65 5918 737 6260 L9

1921 4496 2103 4550 trices.
2138 4493 2348 4548 Suilicit
2383 4493 2589 4547 mentio
2615 4492 2900 4547 nominum
2944 4492 3010 4546 ad
3058 4491 3481 4547 describendum

1922 4586 2112 4640 vitium
2136 4625 2151 4649 ,
2182 4586 2248 4637 ad
2280 4584 2425 4654 quod
2457 4585 2600 4637 viam
2641 4584 2819 4636 munit
2864 4585 3087 4636 morbus
3113 4622 3127 4645 ,
3177 4584 3269 4652 qui
3312 4588 3509 4638 oritur.

1919 4693 1984 4731 ex
2016 4676 2173 4744 copia
2208 4675 2472 4745 pecuniae.
2504 4673 2548 4729 Ο
2579 4674 2887 4744 improbum
2922 4684 2974 4729 et
3004 4676 3375 4743 importunum
3405 4695 3494 4730 ar-

1920 4767 2146 4821 tilicium
2160 4782 2321 4836 quam
2340 4764 2566 4821 densum
2584 4767 2876 4820 acervatim
2898 4766 3134 4820 immittit
3149 4768 3483 4839 voluptatum

1919 4857 2215 4923 ﬂuentum,
2258 4855 2405 4927 quod
2451 4856 2617 4911 veluti
2668 4856 2993 4926 quihusdam
3026 4855 3339 4926 duplicibus
3376 4869 3477 4914 tor-

1919 4949 2169 5028 rentibus
2198 4964 2295 5019 per
2324 4947 2567 5001 auditum
2600 4955 2655 5001 et
2685 4950 2859 5003 visum
2893 4948 3123 5002 inundat
3149 4950 3394 5013 animus,
3429 4961 3478 5004 ut

1920 5040 2191 5103 videatur,
2241 5046 2295 5094 et
2340 5039 2596 5094 audiatur
2631 5040 2875 5094 malum!
2908 5038 3118 5093 Cantus
3155 5041 3352 5095 evertit
3390 5057 3479 5094 au-

1922 5133 2135 5195 ditum,
2194 5138 2453 5200 aspectus
2502 5139 2726 5200 supcrat
2782 5138 2835 5186 et
2885 5135 3184 5201 prosternit
3238 5132 3485 5185 oculum.

1927 5221 2066 5276 llinc
2100 5222 2384 5277 muliebris
2411 5236 2579 5277 sonus
2607 5237 2702 5292 per
2730 5220 2953 5276 fractam
2983 5232 3241 5277 cantuum
3277 5224 3496 5275 harmo-

1925 5313 2067 5366 niam
2102 5327 2286 5365 secum
2324 5314 2489 5366 sumit
2523 5312 2588 5366 ad
2623 5328 2718 5368 cor
2748 5322 2802 5367 et
2835 5312 3055 5366 deducit
3085 5313 3298 5366 vitium.
3333 5313 3486 5365 Illinc

1923 5402 2074 5455 visus
2097 5409 2353 5471 tanquam
2383 5403 2563 5473 aliqua
2593 5402 2847 5457 machina
2874 5401 3068 5456 bellica
3094 5401 3146 5456 in
3170 5401 3391 5464 oculos,
3419 5415 3487 5452 en

1926 5494 2066 5565 quod
2099 5492 2152 5545 in
2185 5510 2345 5549 aures
2377 5495 2631 5550 cantibus
2671 5495 2980 5550 incurrerat
3011 5493 3122 5563 jam
3157 5494 3364 5554 fracto,
3401 5489 3486 5543 in-
