4018 6334
550 381 656 437 075

1777 353 1850 410 'S.
1883 349 2209 408 GREGORII
2247 348 2532 406 NYSSENI
2832 346 2848 358 '
3635 343 3720 400 676

551 503 819 550 currens.
860 472 1056 540 evertit
1098 478 1355 534 animam.
1402 469 1581 541 llujus
1625 475 1806 522 autem
1850 463 1986 518 aciei
2015 461 2159 524 dux,

2262 463 2406 516 οίνυν
2428 460 2685 550 ὲγχὲηται
2702 456 2803 550 μὲν
2829 453 3063 526 ἀφειδῶς
3082 454 3194 517 τοῖς
3232 452 3506 524 συμπόταις
3530 457 3556 509 ὁ
3578 458 3720 530 ἄκρα-

550 591 637 641 est
709 580 893 635 vinum
918 615 933 639 ,
987 571 1132 643 quod
1165 566 1330 624 veluti
1360 563 1582 634 quidam
1631 555 1915 627 improbus
1958 551 2122 622 sagit-

2222 570 2337 617 τος,
2369 551 2635 622 ὑπηρετεῖ
2669 548 2726 601 δὲ
2745 550 2810 619 τῇ
2834 544 3053 616 τοιαύτῃ
3080 543 3318 616 διακονίᾳ
3335 544 3507 616 νεότης
3531 549 3601 610 εις
3617 551 3724 603 κάλ.

551 675 726 729 tarius
751 631 1065 739 duplicibus
1094 661 1216 717 telis
1241 631 1524 713 hominem
1553 648 1835 713 confodit,
1866 643 1932 698 ad
1961 656 2122 696 aures

2262 660 2315 739 ος
2341 638 2709 739 ἐξησκημένιί2
2746 636 3022 735 ἢᾱπαίδων
3057 634 3146 687 διὰ
3194 632 3285 686 τοῦ
3323 631 3511 704 κόσμου
3547 635 3730 706 θηλυνο-

553 774 609 821 et
639 735 1105 828 oculos—dirigens
1135 749 1374 807 aculeos.
1405 743 1642 800 Auditus
1667 739 1814 794 enim
1845 735 2012 790 telum
2042 738 2126 787 est

555 863 754 912 cantus
771 895 785 918 ,
808 851 961 905 visus
975 822 1165 902 autem
1189 842 1245 898 id
1270 838 1415 911 quod
1440 835 1702 891 cernitur.
1725 827 1843 883 Non
1871 832 1956 881 est
1979 822 2124 878 enim

557 947 764 1003 nudum
792 959 854 998 ac
879 941 1054 997 solum
1088 950 1287 1011 nomen
1316 929 1700 1002 pocillatorum
1725 939 1739 976 :
1771 916 1870 976 sed
1897 914 2126 970 omnino

559 1055 627 1095 ex
657 1037 798 1091 facto
825 1042 880 1090 et
899 1048 964 1088 ex
988 1044 1045 1086 re
1069 1007 1276 1100 ἱρειιήι
1303 1015 1703 1078 denominatio.
1727 1007 1960 1077 Quando
1991 1016 2124 1074 ergo

561 1126 808 1184 convivis
837 1122 1068 1193 quidem
1092 1093 1309 1172 abunde
1329 1120 1384 1167 et
1406 1111 1556 1165 laute
1585 1105 1775 1159 vinum
1798 1093 2130 1153 infunditur,

563 1220 694 1276 huic
721 1225 904 1272 autem
943 1211 1110 1268 servit
1144 1203 1450 1264 ministerio
1473 1200 1737 1270 juventus
1768 1195 2031 1246 exornata
2065 1181 2134 1236 ad

565 1307 1063 1382 pulchritudinem,
1091 1308 1184 1354 aut
1212 1296 1398 1368 pueris
1429 1307 1525 1364 per
1560 1292 1817 1343 ornatum
1850 1275 2134 1334 eﬂ‘emina-

567 1396 640 1452 tis
661 1435 675 1460 ,
709 1401 803 1449 aut
828 1395 992 1447 etiam
1025 1389 1144 1459 ipso
1173 1400 1307 1441 sexu
1341 1363 1608 1438 feminino
1637 1375 1894 1427 versante
1926 1363 1980 1418 in
2015 1375 2138 1415 con-

567 1488 747 1551 vivio,
783 1491 838 1539 et
875 1479 1130 1551 benignis
1170 1471 1590 1532 invitationibus
1631 1465 1904 1520 ﬂammam
1935 1452 2140 1510 excitat

569 1579 883 1633 indecoram
913 1592 926 1627 :
965 1572 1162 1626 horum
1198 1565 1510 1622 studiorum
1545 1565 1838 1628 quemnam
1873 1559 1996 1602 esse
2027 1541 2142 1597 exi-

569 1682 686 1724 tum
721 1674 808 1723 est
841 1655 1312 1720 consentaneum?
1355 1653 1459 1719 Qui
1505 1648 1650 1704 enim
1703 1634 2142 1704 uniuscujusque

2230 733 2427 802 μένων,
2454 729 2487 799 ἦ
2519 727 2614 781 καὶ
2646 723 2812 779 αὐτοῦ
2834 723 2927 776 τοῦ
2945 721 3151 792 θήλεως
3173 720 3359 788 γένους
3378 720 3732 791 ἀναστρεφομέι

2227 836 2319 872 νου
2350 817 2428 889 τῷ
2457 814 2760 888 συμποσίῳ,
2803 812 2900 866 καὶ
2937 813 3058 874 ταῖς
3088 809 3416 880 φιλοτησίαις
3445 808 3529 862 τὸν
3551 809 3735 880 ἀπρεπῆ

2228 908 2488 979 λογισμὸν
2531 905 2850 975 συγχέοντος
2876 919 2890 933 ·
2919 904 2999 965 είς
3031 902 3084 954 τί
3130 917 3262 953 ποτε
3292 898 3433 963 είκὺς
3464 898 3741 969 τελευτῆσαι

2228 999 2329 1064 τὰς
2348 997 2601 1060 τοιαύτας
2635 993 2905 1058 σπουδάςς
2944 993 3004 1045 ὐ
3022 991 3130 1063 γὰρ
3161 989 3358 1044 σκοπὸν
3407 990 3615 1044 ἑκάστου
3652 988 3742 1041 τῶν

2231 1086 2529 1157 γινομένων
2551 1083 2888 1154 ποιούμενος,
2917 1081 3011 1134 καὶ
3041 1079 3255 1151 παριὼν
3285 1081 3348 1149 τῇ
3379 1078 3646 1150 περιεργίᾳ
3666 1077 3746 1146 τὴν

2232 1177 2441 1248 χρείαν,
2466 1175 2612 1237 ὅπως
2653 1172 2749 1244 μὲν
2783 1170 3183 1240 κατακοσμήσει
3216 1167 3318 1231 ,τὰς
3357 1166 3451 1236 τὴν
3485 1163 3613 1235 ᾠδὴν
3642 1181 3746 1234 μουο

2235 1263 2590 1338 σουργούσας,
2633 1263 2750 1316 οίαν
2777 1262 2835 1315 δὲ
2862 1259 3144 1331 περιθήσει
3179 1260 3296 1320 ταῖς
3315 1255 3650 1324 οἰνοχοούσαις
3671 1255 3751 1324 τὴν

2237 1356 2449 1427 στολὴν,
2470 1356 2678 1425 σιωπᾷν
2700 1355 2804 1424 χρὴ
2829 1353 2898 1406 τά
2924 1349 3144 1405 τοιαῦτα
3167 1349 3382 1420 μᾶλλον,
3411 1347 3500 1400 καί
3519 1344 3588 1416 μὴ
3613 1343 3755 1413 ἐμϐα-

2238 1445 2416 1499 θύνειν
2462 1444 2540 1516 τῷ
2583 1443 2725 1514 λόγῳ
2769 1445 2835 1515 τῇ
2880 1442 2986 1496 τῶν
3017 1440 3272 1494 τοιούτων
3296 1439 3594 1508 ὑπογραφῇ,
3615 1435 3678 1497 ὡς
3701 1433 3755 1487 ἂν

2241 1536 2315 1608 μὴ
2344 1535 2411 1588 δι’
2451 1535 2620 1604 αὐτῆς
2643 1532 2996 1604 κατηγορίας,
3027 1531 3293 1598 ὲπιξαίνοι
3320 1531 3429 1593 τοῖς
3465 1525 3760 1598 ἐμπαθεστέο

2242 1643 2356 1698 ροις
2382 1628 2415 1697 ἡ
2452 1627 2636 1697 μνήμη
2671 1626 2739 1679 τὰ
2757 1623 3044 1696 τραύματα
3066 1642 3081 1656 ο
3111 1625 3199 1678 διὰ
3231 1622 3403 1678 ταῦτα
3423 1621 3668 1692 ὁχρυσὺς,
3685 1617 3763 1670 καὶ

570 1759 732 1819 ex.iis
756 1772 878 1825 qua:
911 1755 1046 1809 fiunt
1087 1763 1311 1819 scopum
1344 1743 1448 1800 sibi
1490 1734 1782 1812 proponit,
1823 1724 2143 1785 curiositate

2262 1715 2381 1818 ιπὲρ
2405 1713 2610 1817 τούτων
2633 1715 2663 1767 ό
2686 1715 2947 1786 ἄργυρος,
2975 1713 3062 1767 ἵνα
3079 1711 3150 1766 τὰ
3171 1710 3396 1765 τοιαῦτα
3418 1708 3765 1781 παρασκευάσῃ

573 1805 732 1819 νὀην
758 1805 873 1825 ’τ’-’ν
911 1805 1043 1809 ----η
1097 1805 1100 1806 ν
1188 1805 1203 1819 ι
1493 1805 1508 1812 ,
1595 1805 1609 1808 -
1752 1805 1756 1808 ,

573 1853 742 1908 nimia
787 1863 946 1905 usum
988 1841 1445 1916 praetermittens,
1481 1821 1944 1904 quemadmodum
1987 1818 2144 1868 ornet

2262 1806 2342 1876 τῆς
2369 1806 2577 1878 τρυφῆς
2600 1805 2959 1876 δελεάσματα.

573 1942 799 2012 quidem
833 1952 926 1992 eas
955 1948 1075 2004 quae
1131 1931 1376 1986 musicas

1422 1890 1756 1976 nie'ditentur
1793 1905 2125 1965 cantilenas,
2165 1902 2218 1951 et
2255 1909 2366 1965 quo
2396 1894 2613 1948 ornabit
2645 1897 2845 1948 amictu
2881 1894 3246 1964 pocillatrices
3268 1933 3283 1956 ,
3325 1899 3452 1948 sunt
3482 1891 3589 1946 hac
3619 1890 3771 1961 potius

576 1987 799 2012 ‘|‘""""
837 1987 923 1992 ⁷⁷⁷-
965 1987 990 2004 1

576 2030 802 2092 tacenda
827 2069 842 2094 ,
877 2036 933 2083 et
965 2027 1030 2080 ad
1066 2025 1180 2078 haec
1214 2014 1574 2077 describenda
1613 2024 1723 2064 non
1762 2008 1848 2060 est
1885 1996 2134 2053 oratione
2170 1989 2577 2058 procedendum
2639 1990 2836 2054 altius,
2865 2005 2933 2044 ne
2973 2006 3068 2060 per
3091 1991 3238 2044 hanc
3299 1987 3768 2060 reprehensionem,

577 2129 647 2185 iis
677 2126 772 2197 qui
814 2129 940 2179 sum
984 2119 1150 2190 paulo
1194 2113 1368 2183 magis
1413 2103 1638 2164 obnoxii
1684 2095 2005 2154 affectibus,
2058 2084 2284 2141 vulnera
2331 2081 2553 2139 refricet
2593 2085 2876 2140 memoria.
2924 2083 3150 2155 Propter
3197 2085 3318 2140 haec
3361 2091 3443 2139 est
3487 2099 3697 2146 aurum,
3732 2089 3774 2136 et

577 2236 678 2291 pro
692 2181 795 2272 ‘his
827 2223 911 2271 est
942 2181 1256 2284 argentum,
1292 2181 1355 2259 ut
1387 2203 1487 2258 has
1515 2202 1670 2270 paret
1702 2205 1859 2248 escas
1891 2181 2230 2241 deliciarum.

651 2310 791 2365 Num
825 2309 928 2363 hac
955 2275 1033 2360 (ιέ
1049 2317 1216 2358 causa
1251 2312 1372 2370 quae
1405 2302 1573 2351 estex
1592 2289 1876 2356 voluptate
1907 2275 2143 2336 affectio,

582 2415 812 2472 serpens
843 2395 1164 2451 nominatur
1211 2404 1240 2442 a
1277 2387 1583 2456 Scriptura,
1605 2377 1766 2448 cujus
1798 2375 1914 2428 haec
1940 2377 2026 2424 est
2050 2381 2145 2421 na-

582 2503 730 2556 tura,
762 2497 821 2543 ut
855 2487 902 2542 si
927 2491 1096 2556 caput
1133 2482 1326 2538 subeat
1359 2475 1504 2531 muri
1547 2480 1899 2540 compagem,
1931 2461 2148 2517 univer-

582 2599 677 2638 sus
724 2581 818 2652 qui
845 2550 1099 2648 pone—est
1131 2578 1345 2628 tractus
1383 2566 1545 2625 simul
1576 2558 1933 2633 ingrediatur.
1982 2550 2144 2620 Ejus-

585 2641 1016 2740 modi.est-quod
1043 2665 1171 2721 dico
1193 2661 1381 2717 :Facit
1414 2666 1616 2713 natura
1644 2658 1706 2706 ut
1723 2650 1794 2704 sit
1824 2641 2134 2701 hominibus

587 2761 907 2819 necessaria
941 2756 1252 2821 habitatio;
1285 2751 1379 2808 sed
1408 2763 1506 2821 per
1526 2747 1677 2801 hunc
1701 2753 1861 2796 usum
1893 2736 2151 2803 voluptas

587 2851 815 2909 subiens
843 2863 940 2920 per
969 2847 1164 2900 anima:
1198 2853 1547 2912 compagem,
1578 2831 1856 2889 convertit
1901 2837 2062 2880 usum
2096 2822 2152 2874 in

587 2942 880 3016 quamdam
921 2936 1339 2992 immoderatam
1364 2935 1420 2983 et
1439 2932 1823 2994 sumptuosam
1849 2925 2151 2971 ornamen-

588 2999 774 3090 torum
838 3025 1334 3103 magnificentiam,
1386 3026 1441 3074 et
1503 3012 1750 3071 traduxit
1799 3005 2046 3065 studium
2083 2999 2151 3053 ad

579 3117 840 3196 quaedam
871 3096 1053 3174 vineta
1099 3122 1153 3172 et
1188 3113 1454 3185 piscinas,
1501 3118 1554 3164 et
1584 3107 1803 3163 hortos,
1852 3108 1907 3153 et
1955 3096 2152 3148 horto-

2325 2268 2395 2323 Ἢ
2424 2270 2614 2324 τούτου
2641 2272 2820 2341 χάριν,
2859 2271 2920 2324 τὸ
2945 2267 3084 2323 κατὰ
3118 2269 3222 2340 τὴν
3263 2268 3454 2341 ἡδονὴν
3483 2267 3656 2331 πάθος,
3681 2267 3780 2334 ὄφις
3869 2269 3876 2275 ’

2251 2363 2356 2417 ὑπὸ
2382 2366 2482 2435 τῆς
2514 2365 2738 2436 Γραφῆς
2765 2362 3110 2434 ὀνομάζεται,
3143 2355 3187 2431 ᾧ
3223 2364 3258 2434 ἡ
3305 2363 3464 2432 φύσις
3495 2363 3648 2418 ἐστὶν.
3686 2359 3726 2410 εί
3754 2360 3782 2425 ἡ

2252 2454 2460 2526 κεφαλὴ
2509 2457 2648 2527 πρὸς
2691 2457 2790 2527 τὴν
2821 2455 3086 2527 ἁρμονίαν
3128 2454 3227 2508 τοῦ
3268 2454 3448 2524 τοίχου
3499 2449 3785 2523 παραδυείη,

2251 2544 2429 2600 πάντα
2451 2545 2541 2598 τὸν
2564 2546 2796 2600 κατόπιν
2809 2547 2962 2601 ὁλκὸν
2984 2545 3423 2615 συνεισάγεσθαι.
3448 2538 3568 2598 Οἴόν
3587 2561 3632 2595 τι
3650 2540 3786 2608 λέγωο

2266 2639 2594 2708 Ἀναγκαίαν
2645 2641 2828 2705 αὐτοῖς
2877 2638 3186 2712 ἀνθρώποις
3238 2641 3384 2692 ποιεῖ
3439 2640 3472 2708 ὴ
3521 2634 3668 2705 φύσις
3712 2631 3792 2701 τὴν

2254 2732 2466 2803 οἴκησιν
2501 2750 2514 2762 ·
2564 2732 2698 2786 ἀλλὰ
2742 2732 2830 2786 διὰ
2872 2733 2972 2804 τῆς
3009 2732 3198 2804 χρείας
3230 2731 3469 2802 ταύτης,
3502 2731 3534 2800 ἡ
3566 2725 3713 2798 ἡδονὴ
3739 2725 3793 2792 τῇ

2262 2825 2498 2896 ἁρμονίᾳ
2518 2825 2614 2891 τῆς
2639 2825 2818 2896 ψυχῆς
2843 2825 3174 2897 παραδυείσα
3195 2827 3280 2889 είς
3314 2824 3454 2896 ἄμετ
3464 2823 3550 2893 ρόν
3571 2835 3681 2874 τινα
3699 2815 3802 2869 καλ-

2255 2915 2537 2988 λωπισμοῦ
2572 2917 2938 2981 πολυτέλειαν,
2970 2918 3070 2990 τὴν
3102 2919 3300 2990 χρείαν
3344 2913 3690 2987 παρέτρεψεν.
3723 2905 3803 2961 καὶ

2258 3007 2357 3078 τὴν
2397 3007 2633 3078 σπουδὴν
2675 3008 3028 3078 μετεποίησεν
3067 3025 3081 3039 ·
3143 3004 3268 3062 εἶτα
3331 3006 3465 3077 πρὸς
3515 2997 3806 3074 ἀμπελῶνας

2259 3117 2430 3163 τινας,
2461 3101 2553 3154 καὶ
2581 3099 2964 3172 κολυμὸήθρας
2993 3101 3086 3154 καὶ
3118 3099 3491 3172 παραδείσους
3519 3096 3610 3150 καὶ
3636 3094 3698 3146 τά
3718 3091 3808 3144 τῶν

592 3233 714 3274 rum
749 3218 1097 3270 ornamenta.
1127 3205 1416 3273 Tanquam
1463 3211 1704 3267 serpens
1737 3189 1952 3260 adrepit
1998 3185 2154 3239 volu-

2265 3194 2455 3263 κήπων
2475 3191 2986 3262 ἐγκαλλωπίσματα,
3014 3190 3283 3274 μεθέρπει
3307 3190 3371 3244 τὸ
3394 3187 3579 3262 θηρίον
3597 3189 3631 3257 ἡ
3651 3181 3811 3255 ἡδονή.

593 3317 742 3380 ptas,
786 3310 977 3376 postea
1011 3308 1195 3353 autem
1216 3291 1475 3364 superbia
1517 3291 1573 3344 in
1596 3286 1856 3343 verticem
1898 3277 2157 3346 assurgit,

595 3397 1019 3470 arrogantiaque
1068 3397 1123 3444 et
1164 3387 1308 3442 fastu
1383 3377 1852 3440 circumvolvitur,
1897 3371 2162 3426 adversus

595 3505 696 3548 eos
717 3489 811 3562 qui
845 3462 976 3542 sunt
1003 3479 1250 3553 ejusdem
1297 3474 1515 3547 generis
1544 3471 1652 3526 sibi
1683 3465 2029 3536 subjungens
2066 3462 2162 3515 im-

599 3582 834 3654 perium.
901 3574 1032 3630 Post
1071 3572 1188 3627 haec
1214 3581 1402 3624 secum
1448 3561 1672 3618 attrahit
1704 3564 1944 3614 tractum
1997 3567 2164 3623 pecu-

597 3674 706 3730 niae
723 3667 1068 3741 cupiditatis,
1134 3675 1299 3733 quam
1324 3653 1642 3714 necessario
1669 3651 1918 3722 sequitur
1966 3647 2165 3700 intem-

607 3739 884 3838 perantia,
919 3773 1040 3829 quaa
1070 3761 1157 3812 est
1192 3753 1388 3809 ultima
1420 3757 1473 3805 et
1493 3745 1683 3803 caudae
1715 3745 1890 3798 instar
1905 3739 2166 3794 obtinens

603 3829 732 3928 pars
763 3851 995 3908 feritatis
1023 3863 1143 3919 quae
1166 3854 1251 3902 est
1279 3859 1346 3898 ex
1373 3840 1676 3910 voluptate.
1713 3834 1818 3890 Sed
1849 3847 1964 3904 quo
2001 3829 2162 3883 modo

603 3919 715 4003 non
743 3951 924 4016 potest
954 3952 1185 4008 serpens
1231 3931 1440 3990 attrahi
1486 3931 1554 3984 ab
1583 3935 1830 3984 extrema
1869 3931 2024 3994 parte
2056 3919 2168 3989 spi-

603 4055 688 4096 na:
723 4036 873 4092 dorsi
897 4047 1094 4104 nempe
1130 4045 1162 4084 a
1217 4025 1417 4090 cauda,
1465 4036 1590 4078 cum
1643 4031 1889 4089 squamae
1932 4021 2168 4069 natura-

603 4133 732 4187 liter
756 4134 951 4183 contra
988 4123 1261 4179 resistant
1318 4118 1389 4173 iis
1425 4113 1523 4185 qui
1587 4109 1908 4166 attrahunt:
1941 4105 2022 4159 ira
2062 4117 2171 4158 non

606 4225 737 4280 licet
760 4222 827 4277 ab
860 4219 1052 4275 ultimo
1086 4215 1332 4286 incipere
1360 4207 1637 4280 expellere
1659 4220 1726 4259 ex
1767 4201 1956 4256 anima
2011 4198 2173 4252 ulcus

605 4313 928 4386 voluptatis,
980 4309 1088 4365 nisi
1139 4305 1284 4362 malo
1337 4301 1576 4374 primum
1614 4297 1932 4366 ingressum
2001 4289 2171 4343 inter-

606 4379 863 4464 cluseris.
911 4398 1283 4468 Quamobrem
1336 4399 1500 4463 caput
1529 4389 1650 4458 ejus
1678 4385 1977 4442 observare
2018 4379 2176 4450 jubet

2261 3285 2408 3340 Μετὰ
2444 3283 2613 3338 ταῦτα
2653 3282 3071 3356 ὲπικορυφοῦται
3115 3285 3184 3355 τῇ
3210 3270 3602 3355 ’ὑπερηφανίςμ
3639 3277 3723 3330 καὶ
3750 3270 3815 3342 τῷ

2215 3424 2220 3426 .
2261 3379 2414 3450 τύφῳ
2440 3376 2860 3448 περιελίσσεται,
2890 3377 2989 3448 τὴν
3023 3375 3161 3430 κατὰ
3205 3377 3320 3429 τῶν
3355 3371 3640 3446 ὁμοφύλων
3667 3365 3816 3438 deﬁt

2264 3473 2430 3543 ἑαυτῇ
2469 3468 2833 3533 ύποζεύξασα.
2902 3467 3026 3521 Ἐπὶ
3063 3466 3280 3530 τούτοις
3318 3467 3414 3520 τὸν
3437 3465 3556 3536 ,τῆς
3589 3461 3820 3532 φιλοχρη-

2269 3564 2464 3635 ματίας
2493 3562 2648 3616 ὁλκὸν
2678 3559 2836 3614 ἐπισύ
2847 3577 3017 3632 ρεται,
3045 3551 3089 3628 ᾧ
3115 3558 3265 3613 κατὰ
3291 3559 3544 3628 ἀνάγκην
3576 3555 3752 3607 ἕπεται
3771 3545 3822 3599 τὸ

2265 3654 2559 3708 ἀκόλαστον
2577 3692 2593 3714 .
2645 3652 2704 3706 τὸ
2741 3651 2964 3724 ἔσχατόν
3012 3667 3070 3704 τε
3119 3649 3218 3703 καὶ
3267 3651 3493 3720 οὐραῖον
3547 3646 3703 3717 μέρος
3741 3638 3826 3705 τῆς

2268 3745 2408 3800 κατά
2427 3743 2524 3816 τὴν
2556 3742 2746 3814 ἡδονὴν
2772 3740 3116 3814 θηριὼσεωςε
3149 3737 3301 3792 Ἀλλ’
3343 3739 3539 3809 ὥσπερ
3577 3735 3674 3805 οὐκ
3704 3730 3826 3791 ἔστιν

2268 3838 2332 3890 ἐκ
2358 3835 2450 3890 τοῦ
2489 3833 2705 3907 οὐραίου
2746 3832 2847 3903 τῆς
2881 3831 3074 3902 ῥαχίας
3120 3831 3216 3886 τὸν
3263 3832 3394 3900 ὅφιν
3439 3822 3829 3891 ἀνελκυσθῆναι.

2271 3926 2512 3997 φυσικῶς
2542 3926 2642 3996 τῆς
2677 3923 2885 3994 φολίδος
2920 3921 3055 3995 πρὸς
3088 3921 3148 3975 τὸ
3202 3923 3453 3994 ἔμπαλιν
3484 3921 3598 3982 tot;
3637 3914 3830 3984 ἐφελκοο

2275 4021 2456 4092 μένοις
2484 4015 2892 4087 ἀντιϐαινούσης
2909 4033 2923 4047 ·
2961 4015 3130 4075 οὕτως
3154 4015 3260 4068 ούκ
3283 4016 3437 4068 ἔστιν
3460 4015 3526 4067 ἐκ
3547 4012 3652 4065 τῶν
3679 4010 3836 4061 τελευ·

2270 4112 2436 4166 ταίων
2469 4109 2734 4181 ἄρξασθαι
2766 4106 3065 4183 τῆςέζιυχῆς
3094 4106 3395 4171 ὲξοικίζειν
3423 4107 3526 4177 τὴν
3552 4104 3650 4174 τῆς
3669 4096 3836 4171 ἡδονῆς

2273 4202 2564 4275 ὲρπηδόνα,
2607 4201 2654 4252 εί
2702 4201 2778 4270 μή
2821 4217 2905 4262 τις
2935 4197 3022 4277 τῷ,
3050 4198 3205 4269 κακῷ
3251 4199 3362 4268 τὴν
3403 4196 3634 4268 πρώτην
3665 4187 3839 4245 εἴσοδον

2273 4292 2633 4350 άποκλείσειε.
2669 4291 2760 4343 Διὸ
2793 4291 2888 4343 καὶ
2919 4275 3022 4360 τὴν
3044 4287 3296 4360 κεφαλὴν
3316 4287 3496 4342 αὑτοῦ
3529 4283 3790 4353 ἐπιτηρεῖν
3816 4275 3839 4326 6

2275 4386 2374 4456 τῆς
2408 4384 2612 4456 ἀρετῆς
2647 4381 2931 4454 ὖφηγητὴς
2971 4380 3356 4449 ὲγκελεύεται,
3393 4378 3642 4450 κεφαλὴν
3674 4369 3844 4441 ὀνομά-

613 4505 913 4568 pra-ceptor
940 4491 1185 4553 virtutis,
1239 4485 1458 4542 initium
1487 4481 1606 4536 vitii
1638 4486 1798 4549 caput
1850 4474 2159 4536 nominans,

2279 4479 2385 4543 ζων
2550 4478 2722 4549 ἀρχὴν
2899 4473 3123 4568 κακίας,
3162 4468 3236 4544 ἧς
3279 4474 3358 4545 μὴ
3413 4465 3839 4543 παραδεχθείσηςρ

608 4565 720 4661 quo
747 4565 859 4643 non
891 4584 1157 4647 admisso,
1189 4581 1243 4636 id
1269 4578 1413 4650 quod
1438 4580 1734 4637 restat,est
1766 4569 1983 4624 irritum
2013 4574 2064 4619 et
2089 4565 2174 4617 in-

609 4681 822 4737 eﬂicax.
860 4677 965 4744 Qui
1020 4679 1165 4733 enim
1202 4672 1428 4728 omnino
1480 4677 1566 4725 est
1610 4664 1801 4721 hostili
1863 4669 1920 4717 et
1971 4659 2174 4713 infesto

614 4773 796 4827 animo
827 4769 1094 4824 adversus
1131 4766 1492 4834 voluptatem,
1543 4774 1651 4814 non
1695 4754 2028 4823 subjicietur
2060 4749 2176 4804 siu—

612 4861 899 4934 gularibus
937 4857 1057 4912 vitii
1088 4855 1414 4910 insultibus.
1459 4851 1562 4917 Qui
1592 4857 1770 4903 autem
1805 4845 1926 4898 vitii
1957 4842 2176 4896 initium

613 4951 861 5009 admisit,
885 4957 1055 5003 totam
1077 4948 1130 5002 in
1163 4962 1222 5002 se
1253 4945 1417 5000 simul
1451 4941 1672 4997 admisit
1700 4938 1957 4993 bestiam.
1984 4935 2181 4999 Quam-

613 5045 804 5099 obrem
834 5056 958 5096 cum
982 5039 1164 5093 omnia
1203 5044 1353 5092 esset
1395 5040 1741 5105 persecutus.
1773 5029 1866 5099 qui
1904 5023 2180 5094 ejusmodi

616 5135 749 5190 vitia
783 5131 1098 5204 proferebat
1150 5130 1204 5184 in
1241 5127 1542 5198 publicum,
1591 5126 1644 5178 in
1677 5135 1946 5179 summam
1999 5119 2180 5172 locum

615 5225 838 5296 redigit.
899 5223 1035 5278 Nam
1063 5238 1187 5277 cum
1234 5221 1466 5276 dixisset
1502 5217 1571 5270 ab
1603 5217 1791 5279 initio,
1839 5211 2182 5282 Magniticavi

615 5332 756 5386 opus
799 5331 1002 5378 meum,
1045 5313 1378 5368 nuncetiam
1427 5309 1771 5379 singulorum
1815 5321 1936 5375 quae
1967 5302 2186 5357 accidcé

617 5413 747 5460 runt
798 5403 1200 5471 expositionem
1240 5399 1560 5470 subjungit.
1595 5395 1977 5466 Maguifieatus
2033 5408 2181 5454 sum,

616 5492 817 5563 inquit,
838 5490 1139 5546 ostendens
1177 5488 1323 5560 quod
1359 5503 1468 5544 non
1515 5503 1612 5558 per
1641 5485 1890 5556 quaedam
1922 5499 2090 5553 parva
2133 5483 2183 5536 ei

617 5583 1023 5640 contrariorum
1052 5582 1266 5637 exstitit
1299 5580 1545 5651 cognitio
1565 5597 1582 5651 ε
1601 5577 1696 5633 sed
1722 5577 1798 5630 ita
1829 5584 1887 5629 ut
1923 5574 1990 5629 ad
2025 5589 2182 5630 sum-

617 5691 760 5730 mam
779 5676 1213 5746 magnitudincm
1235 5674 1284 5729 ei
1305 5647 1636 5744 processerit
1651 5667 2014 5738 experientia,
2045 5665 2186 5720 adeo

625 5781 684 5824 ut
705 5767 859 5822 nulla
885 5768 1149 5824 similium
1181 5766 1442 5822 memoria
1470 5777 1571 5834 par
1598 5762 1672 5818 sit
1693 5759 1747 5816 in
1783 5759 1852 5815 iis
1877 5760 1968 5830 qui
2003 5759 2180 5829 ipsum

2278 4567 2551 4638 άπρακτόν
2581 4568 2694 4620 ἐστι
2737 4565 2798 4618 τὸ
2833 4563 3167 4633 λειπόμενον.
3219 4563 3284 4616 '0
3321 4563 3440 4633 γὰρ
3469 4559 3699 4616 καθόλου
3733 4549 3842 4622 πρὸς

2399 4659 2590 4730 ἡδονὴν
2619 4655 2890 4728 πολεμίως
2919 4653 3263 4726 προστεθεὶς,
3299 4655 3408 4707 οὐκ
3453 4654 3524 4707 ἂν
3565 4635 3681 4712 ταῖς
3717 4657 3844 4715 tu?"

2279 4753 2401 4814 καίς
2434 4749 2757 4820 προσϐολαῖς
2789 4748 2882 4801 τοῦ
2921 4746 3125 4809 πάθους
3173 4746 3524 4816 ὑπενεχθείη
3547 4761 3562 4778 ο
3613 4743 3642 4794 ὁ
3687 4737 3739 4791 δὲ
3767 4732 3846 4800 τὴν

2279 4842 2453 4916 ἀρχὴν
2503 4841 2595 4893 τοῦ
2632 4839 2834 4903 πάθους
2865 4838 3292 4909 ὑποδεξάμενος,
3343 4840 3498 4892 διπαν
3526 4840 3585 4891 ὲν
3615 4827 3776 4896 ἐαυτῷ
3801 4823 3852 4876 τὸ

2281 4915 2468 5007 θήρίον
2501 4930 2960 5004 συμπψεδέξατο.
2990 4931 3087 4984 Διὰ
3113 4931 3282 4984 τοῦτο
3326 4931 3516 4985 πάντα
3543 4918 3805 4993 διεξελθὼν
3829 4915 3853 4966 ὁ

2282 5031 2350 5084 τά
2377 5028 2600 5084 τοιαῦτα
2625 5026 2960 5098 δημοσιεύων
2983 5026 3150 5094 πάθη,
3189 5025 3291 5078 ἐπὶ
3324 5024 3618 5093 κεφαλαίῳ
3642 5015 3855 5078 ἀναλαμ-

2283 5121 2433 5176 ϐάνει
2460 5119 2549 5174 τὸν
2583 5118 2757 5186 λόγον.
2781 5117 2963 5170 Είπὼν
2987 5115 3096 5188 γὰρ
3121 5114 3178 5180 ἐξ
3204 5115 3397 5186 ἀρχῆς
3423 5117 3507 5168 ὅτι
3545 5103 3857 5182 Ἐμεγάλυνα

2285 5213 2498 5285 ποίημά
2521 5227 2650 5283 μουο
2685 5211 2778 5264 καὶ
2803 5209 2896 5263 νῦν
2927 5209 3121 5278 ἐπάγει
3153 5209 3261 5280 τὴν
3295 5211 3400 5262 ἐπὶ
3435 5209 3639 5280 μέρους
3669 5200 3859 5256 ἔκθεσιν

2284 5283 2741 5372 τῶνγγεγονὸτων,
2784 5300 2864 5353 ὃτι
2904 5297 3326 5370 Ἑμεγαλύνθην
3365 5315 3380 5328 ·
3439 5295 3660 5358 δεικνὺς
3687 5291 3768 5344 ὅτι
3805 5283 3860 5336 ού

2283 5394 2370 5448 διὰ
2419 5391 2629 5465 μικρῶν
2677 5406 2835 5443 τινων
2878 5389 3102 5458 γέγονεν
3165 5388 3333 5460 αὐτῷ
3381 5389 3499 5443 τῶν
3551 5375 3862 5443 ὲναντίωνή

2283 5485 2484 5556 γνῶσις
2505 5502 2519 5515 ·
2551 5483 2665 5538 ἀλλ’
2695 5482 2768 5548 ὡς
2799 5483 2878 5545 είς
2899 5481 2962 5535 τὸ
2992 5481 3304 5553 ἀκρότατον
3337 5480 3578 5552 μέγεθος
3607 5469 3867 5548 προελθεῖν

2284 5577 2383 5648 τὴν
2415 5579 2632 5646 πεῖραν,
2677 5572 2753 5636 ὡς
2800 5572 3067 5644 μηδεμίαν
3108 5568 3226 5625 τῶν
3268 5572 3489 5641 ὁμοίων
3535 5569 3772 5640 μνήμην,
3818 5561 3870 5611 ὲν

2283 5667 2398 5728 τοῖς
2444 5665 2550 5736 πρὸ
2593 5662 2762 5718 αὑτοῦ
2807 5661 3196 5732 γεγενημένοις
3241 5660 3312 5715 τὸ
3366 5660 3485 5715 ἴσον
3533 5660 3700 5730 ἔχειν.
3749 5650 3873 5720 Φησὶ

2241 5790 2251 5800 ο
2287 5758 2417 5829 γὰρ,
2443 5755 2526 5808 ὅτι
2563 5772 2583 5806 ε
2621 5753 3045 5824 Ἐμεγαλύνθην,
3077 5772 3096 5805 ι
3145 5751 3254 5805 κού⁵
3286 5753 3632 5824 προσέθηκε,
3685 5767 3704 5799 ι
3735 5740 3874 5811 Παρὰ
