4018 6334
297 343 382 396 677
1331 347 1396 401 ΙΝ
1436 346 1764 404 ECCLESIA
1775 345 1851 405 ST

1950 349 1973 407 ’.
2008 343 2287 420 IIOMILIA
2327 347 2393 404 ιν

3423 354 3526 410 6⁸78

297 462 485 523 πάντας
506 461 632 525 τοὺς
664 463 987 534 γενομένους
1017 463 1328 536 ἔμπροσθέν
1357 484 1458 537 μου
1489 467 1548 522 ὲν
1595 469 1851 541 Ἰερουσα-

1961 475 2385 542 praecesserunt.
2433 466 2575 523 Dicit
2609 467 2755 524 enim
2787 482 2801 521 :
2845 488 2862 522 ι
2888 467 3269 542 Magniﬁcatus
3321 486 3464 536 sum.
3498 496 3518 528 δ

297 551 438 622 λήμη
460 553 556 607 καὶ
575 554 698 608 ὅτου
716 555 876 625 χάριν
908 555 1330 626 προπαιδευθεὶς
1361 559 1508 630 πάσῃ
1538 561 1698 632 σοφίᾳ
1719 562 1854 632 πρὸς

294 644 375 713 τὴν
404 645 514 698 τῶν
564 648 822 702 τοιούτων
854 647 1090 718 κατῆλθε
1122 650 1350 718 πεῖραν,
1386 648 1481 704 νῦν
1517 651 1609 704 τὸν
1655 651 1854 706 σκοπὸν

296 732 598 804 ἑξεκάλυψε.
649 755 668 788 ι
697 737 864 806 Σοφία
897 739 1006 808 γάρ
1056 756 1186 809 μου,
1215 739 1401 810 φησὶν,
1437 740 1637 812 ἐστάθη
1686 757 1796 810 μοι.
1829 761 1846 794 ι

295 826 538 896 Σημαίνει
565 825 623 881 δὲ
651 826 740 882 διὰ
779 827 891 882 τῶν
934 829 1257 900 εἰρημένων,
1299 830 1382 882 ὅτι
1410 828 1505 883 Διὰ
1535 834 1630 902 τῆς
1664 833 1854 900 σοφίας

294 916 731 990 ἀνηρευνησάμην
776 921 957 974 πᾶσαν
998 921 1402 992 ἀπολαυστικὴν
1446 923 1711 987 ἐπίνοιαν,
1761 925 1854 978 καὶ

295 1009 388 1062 ἔστι
416 1026 520 1079 μου
545 1012 579 1081 ἡ
613 1009 822 1064 διάνοια
850 1013 943 1066 ἐπὶ
969 1012 1062 1066 τοῦ
1089 1014 1392 1086 ἀκροτάτου
1423 1015 1532 1068 τῶν
1557 1017 1616 1068 ὲν
1645 1015 1854 1080 τούτοις

294 1102 702 1172 εὑρισκομένων.
735 1105 810 1159 Ἥ
834 1122 892 1159 τε
939 1103 1060 1174 ὄψις
1101 1106 1167 1176 τῇ
1216 1105 1482 1177 ἐπιθυμίᾳ
1526 1107 1850 1178 συνήργησε,

291 1194 368 1246 καὶ
394 1195 428 1263 ή
477 1193 796 1265 προαίρεσις
840 1195 928 1249 διά
971 1195 1071 1266 τῆς
1118 1197 1229 1252 τῶν
1277 1197 1452 1267 ὄψεων
1500 1199 1696 1269 ἡδονῆς
1747 1200 1854 1254 τῶν

291 1283 630 1353 καταθυμίων
664 1285 965 1358 ἐνεφορήθη
987 1303 1002 1318 υ
1041 1288 1118 1351 ὡς
1151 1287 1314 1360 μηδὲν
1340 1288 1717 1361 ὲπιλειφθῆναι
1747 1291 1855 1345 τῶν

289 1376 355 1436 είς
380 1373 686 1428 ἀπόλαυσιν
713 1377 1148 1449 ἐπινοουμένωνο
1198 1379 1334 1434 ἀλλά
1355 1397 1447 1451 μοι
1471 1381 1725 1447 γενέσθαι
1758 1398 1854 1451 με-

289 1465 396 1535 ρίδα
429 1467 674 1537 κτήσεως
704 1468 804 1538 τὴν
828 1469 936 1522 τῶν
965 1469 1084 1522 καθ’
1109 1471 1304 1541 ἡδονὴν
1340 1473 1628 1542 μετουσίαν
1654 1491 1669 1504 ο
1714 1473 1853 1544 ὅπερ

283 1556 424 1609 οὐδὲν
462 1557 592 1611 ἄλλο
639 1559 924 1629 σημαίνειν
955 1573 1043 1630 μοι
1073 1562 1342 1630 φαίνεται,
1378 1564 1410 1635 ἢ
1445 1565 1525 1617 ὅτι
1561 1564 1853 1636 [περιέσχον

282 1649 335 1700 ὲν
363 1649 585 1720 ἐμαυτῷ
614 1652 793 1704 πᾶσαν
838 1651 1245 1724 ἀπολαυστικὴν
1291 1656 1555 1720 ἐπίνοιαν,
1599 1651 1709 1710 οἷον
1746 1657 1852 1710 ἀπό

279 1755 414 1802 τινος
453 1742 732 1811 κτήματος
779 1742 878 1815 τὴν
917 1742 1254 1815 εὐφροσύνην
1280 1746 1388 1800 ἀπὸ
1415 1745 1522 1800 τῶν
1553 1748 1850 1817 γινομένων

277 1833 679 1904 καρπούμενος.

1955 571 2009 619 et
2037 561 2285 632 adjecit:
2325 580 2343 613 ι
2367 561 2570 616 Praeter
2612 575 2805 618 omnes
2846 565 2954 640 Iqui
3012 563 3234 619 fuerunt
3265 576 3392 623 ante
3437 584 3525 624 me

1955 651 2009 704 in
2036 649 2436 714 Hierusalem,»
2474 656 2528 704 et
2562 663 2802 720 quanam
2834 649 2900 705 de
2926 665 3092 705 causa
3136 654 3291 721 prius
3335 656 3525 710 erudi-

1951 751 2042 798 tus
2066 743 2214 796 omni
2249 742 2542 812 sapientia,
2567 741 2866 796 accesserit
2894 741 2961 795 ad
2991 740 3302 798 faciendum
3333 761 3522 800 earum

1952 847 2134 888 rerum
2166 833 2494 902 periculum,
2529 833 2840 887 institutum
2866 841 2920 886 et
2949 847 3176 903 scopum
3214 849 3362 889 nunc
3389 851 3521 905 ape-

1953 925 2084 978 ruit.
2121 943 2138 976 ι
2165 923 2449 996 Sapientia
2489 925 2634 979 enim
2679 940 2798 979 mea
2852 925 3032 979 astitit
3079 925 3236 980 mihi.
3268 944 3289 979 ο
3339 925 3527 997 Signi-

1955 1016 2077 1070 licet
2097 1027 2274 1071 autem
2299 1032 2397 1087 per
2431 1031 2492 1071 ea
2524 1032 2644 1087 qua:
2685 1017 2831 1070 dicta
2860 1024 3008 1081 sunt,
3051 1017 3194 1086 quod
3231 1015 3527 1089 [nvestiga-

1951 1107 2005 1160 vi
2060 1105 2328 1176 quidquid
2387 1120 2484 1175 per
2519 1105 2844 1175 sapientiam
2884 1104 2949 1158 ad
3007 1104 3295 1159 fruendum
3347 1115 3526 1176 potest

1951 1197 2280 1267 excogitari,
2339 1206 2393 1252 et
2445 1208 2563 1251 mea
2600 1205 2852 1251 versatur
2883 1197 3146 1265 cogitatio
3195 1199 3249 1250 in
3301 1212 3521 1253 summo

1952 1301 2142 1343 eorum
2213 1301 2332 1358 quae
2373 1289 2430 1342 in
2476 1288 2562 1342 his
2607 1287 2983 1341 inveniuntur.
3038 1288 3226 1356 Itaque
3273 1296 3328 1342 et
3373 1289 3527 1344 visus

1953 1393 2110 1450 opem
2173 1381 2298 1434 tulit
2343 1381 2656 1450 cupiditati,
2703 1389 2756 1436 et
2811 1379 3038 1435 liberum
3101 1381 3386 1436 arbitrium
3433 1396 3527 1451 per

1952 1472 2287 1541 voluptatem
2325 1488 2514 1526 eorum
2563 1488 2684 1542 qum
2725 1481 3054 1536 cernuntur,
3093 1475 3361 1545 repletum
3423 1475 3527 1530 fuit

1953 1561 2022 1617 iis
2047 1578 2167 1631 quae
2189 1563 2606 1632 erantjucunda
2636 1572 2689 1618 et
2730 1564 3074 1619 dclectabilia
3107 1583 3121 1620 :
3180 1567 3318 1620 adeo
3355 1575 3414 1622 ut
3449 1567 3526 1620 ni-

1952 1653 2030 1707 hil
2091 1662 2236 1709 esset
2291 1655 2558 1723 reliquum
2613 1671 2680 1709 ex
2734 1655 2802 1710 iis
2843 1669 2965 1724 quae
3021 1658 3400 1727 excogitantur
3458 1657 3525 1712 ad

1954 1741 2266 1810 fruendum,
2309 1744 2404 1797 sed
2455 1759 2583 1814 pars
2622 1747 2992 1815 possessionis
3034 1755 3182 1801 esset
3219 1748 3349 1801 mihi
3402 1762 3525 1818 par-

1877 1825 2195 1904 Bticipatio
2270 1849 2463 1889 eorum
2516 1853 2636 1906 qua
2691 1845 2944 1907 spectant
3005 1838 3073 1892 ad
3139 1839 3520 1909 voluptatem:

272 1894 413 1996 quod
460 1894 682 1993 quidem
720 1922 861 1977 nihil
890 1923 1041 1978 aliud
1076 1925 1293 1980 videtur
1339 1925 1474 1980 mihi
1541 1925 1875 1996 signiﬁcare,
1918 1894 2083 1994 quam
2147 1925 2206 1980 In
2253 1925 2466 1994 meipso
2497 1894 2893 1996 comprehendi
2921 1928 3192 1998 quidquid
3235 1894 3305 1984 ad
3349 1927 3526 1983 fruen-

270 2021 396 2076 dum
431 2027 616 2090 potest
648 2020 970 2090 excogitari,
1008 2029 1066 2074 ut
1094 2029 1352 2092 tanquam
1389 2023 1826 2094 exfpossessione
1863 2021 2048 2091 aliqua
2077 2034 2141 2073 cx
2173 2019 2240 2074 iis
2263 2036 2380 2088 quae
2410 2029 2531 2074 orta
2579 2032 2712 2076 sunt
2773 2023 3019 2078 laetitiam
3091 2025 3430 2096 colligerem.

341 2134 361 2166 ι
390 2115 510 2167 Οὐκ
535 2111 862 2166 ἀπεκώλυσα
889 2111 997 2184 γὰρ
1027 2114 1123 2185 τὴν
1153 2115 1378 2186 καρδίαν
1401 2133 1501 2186 μου
1529 2116 1634 2169 ἀπὸ
1666 2115 1846 2178 πάσης

264 2204 608 2277 εὐφροσύνης
641 2219 655 2232 ⁸
711 2205 804 2256 καὶ
837 2205 869 2275 η
915 2205 1111 2275 καρδία
1144 2223 1244 2276 μου
1280 2204 1554 2277 εὐφράνθη
1597 2209 1653 2260 ὲν
1686 2207 1847 2260 παντὶ

269 2296 458 2367 μόχθῳ
491 2311 594 2365 μου
614 2311 629 2324 ·
660 2293 756 2346 καὶ
783 2292 939 2348 τοῦτο
966 2294 1183 2362 ἐγένετο
1213 2295 1370 2366 μερίς
1406 2313 1506 2365 μου
1537 2297 1628 2350 ἐπὶ
1650 2295 1846 2359 παντὸς

270 2388 474 2459 μόχοου
505 2403 606 2457 μου
627 2403 642 2416 ·
679 2405 698 2438 ι
756 2387 948 2458 μερίδα
983 2387 1081 2458 τὴν
1121 2387 1317 2458 κτῆσιν
1343 2389 1536 2458 λέγων.
1581 2390 1731 2442 Ἐπεὶ⁸
1754 2384 1847 2442 οὖν

265 2481 514 2550 διεξῆλθε
539 2479 637 2551 τὴν
661 2479 752 2532 ἐπὶ
783 2479 979 2550 μέρους
1010 2479 1238 2550 τρυφὴν,
1271 2480 1365 2532 ἀπ’
1392 2480 1566 2550 ἀρχῆς
1591 2481 1670 2542 είς
1698 2479 1847 2542 τέλος

273 2570 612 2643 ἐπιδραμὼν,
663 2571 756 2624 καὶ
797 2571 974 2624 πάντα
1017 2569 1096 2640 τῷ
1144 2570 1286 2641 λόγῳ
1331 2569 1630 2636 διεξελθὼν,
1665 2570 1729 2622 δι’
1773 2561 1847 2622 ὧν

275 2667 384 2727 τοῖς
437 2663 798 2716 ἀπολαύουσιν
841 2662 898 2715 αἱ
939 2661 1120 2732 ἡδοναὶ
1168 2661 1602 2733 συνεγείρονται,
1644 2661 1714 2714 τὰ
1743 2661 1848 2714 τῶν

284 2755 722 2826 οἰκοδομημάτων
741 2753 933 2824 κάλλη,
955 2753 1078 2816 τοὺς
1102 2753 1453 2823 ἀμπελῶνας,
1472 2755 1596 2816 τοὺς
1612 2755 1846 2822 κήπους,

288 2847 380 2909 τὰς
405 2844 809 2918 κολυμϐήθρας,
843 2845 969 2908 τοὺς
1022 2845 1400 2916 παραδείσους,
1438 2847 1536 2914 τὴν
1571 2845 1711 2898 κατὰ
1742 2844 1848 2897 τῶν

290 2935 563 3004 ὀμῳύλων
587 2935 780 3006 ἀρχὴν,
810 2933 907 3006 τὴν
933 2933 1039 2987 τῶν
1074 2937 1369 3006 χρημάτων
1393 2935 1729 3005 περισσείαν,
1749 2935 1848 3006 τὴν

292 3029 346 3080 ἒν
372 3031 478 3092 τοῖς
506 3030 823 3100 συμποσίοις
867 3027 1004 3100 πρὸς
1039 3029 1137 3091 τὰς
1171 3029 1437 3101 θυμηδίας
1473 3029 1845 3100 παρασκευὴν,

291 3121 478 3184 πάντα,
531 3118 711 3183 καθὼς
753 3121 1043 3192 ὀνομάζει,
1090 3120 1158 3174 τὰ
1200 3119 1612 3192 ὲντρυφήματα,
1661 3123 1718 3174 ὲν
1768 3115 1849 3184 οἷς

293 3211 630 3284 ἀπησχολὴθη
655 3213 818 3266 αὑτοῦ
850 3216 884 3283 ἠ
914 3213 1095 3281 σοφία,
1123 3212 1191 3266 τὰ
1210 3212 1432 3265 τοιαῦτα
1455 3212 1848 3283 διερευνωμένη

295 3304 383 3355 καὶ
428 3306 501 3367 είς
540 3305 781 3358 ἐπίνοιαν
829 3306 1076 3374 ἄγουσα,
1119 3298 1193 3358 ὧν
1226 3304 1650 3359 ἀπολελαυκέναι
1693 3303 1845 3374 φησὶ,

295 3393 380 3446 διὰ
419 3397 589 3468 πάσης
643 3395 980 3467 αἰσθήσεως,
1028 3396 1135 3450 τῶν
1173 3413 1230 3450 τε
1275 3394 1566 3465 ὀφθαλμῶν
1607 3395 1675 3448 τά
1712 3395 1848 3466 πρὸς
1873 3411 1916 3470 C

296 3484 984 3556 ἧδονὴν·εύρισκόντων,τῆς
1003 3503 1059 3539 τε
1076 3485 1250 3556 ψυχῆς
1270 3485 1495 3555 ἐχούσης
1522 3486 1628 3538 πᾶν
1649 3484 1708 3537 τὸ
1730 3486 1849 3537 κατ’

298 3571 572 3644 ἐπιθυμίαν
620 3575 928 3639 ἀκώλυτον,
976 3575 1094 3628 τότε
1143 3575 1242 3645 τὴν
1289 3573 1510 3644 πρώτην
1562 3572 1849 3644 ὲρμηνεύει

300 3663 484 3736 φωνὴν,
509 3666 574 3736 ἦν
594 3668 652 3720 ὲν
675 3667 980 3740 προοιμίοις
1009 3663 1101 3718 τοῦ
1124 3665 1283 3734 λόγου
1307 3665 1619 3735 πεποίηται,
1647 3667 1850 3737 μάταια

298 3749 424 3808 εἶναι
448 3757 510 3810 τὰ
538 3759 712 3812 πάντα
739 3759 1176 3828 ἀποφηνάμενος.
1215 3757 1350 3828 Φησὶ
1376 3757 1483 3827 γὰρ
1514 3756 1650 3828 πρὸς
1674 3758 1846 3814 ταῦτα

302 3844 514 3913 βλέπων,
563 3850 692 3920 περὶ
739 3850 836 3920 τῆς
884 3847 1229 3919 ἀνθρωπίνης
1259 3846 1406 3917 ζωῆς
1443 3847 1846 3918 ἀποφήνασθαι,

298 3936 374 3988 δτι
400 3942 565 3992 πάντα
595 3939 893 4010 ματαιότης
923 3938 1094 4002 ἐστὶν,
1117 3939 1216 3992 ὅσα
1232 3937 1267 4009 ἦ
1282 3953 1340 3992 τε
1360 3936 1609 4010 αἴσθησις
1637 3937 1843 4008 βλέπει,

298 4028 384 4080 ut
429 4032 574 4100 παρὰ
623 4030 732 4083 τῶν
788 4029 1090 4102 ἀνθρώπων
1146 4031 1226 4094 είς
1269 4029 1607 4102 εὐφροσύνην
1656 4032 1846 4102 ἐπιτηο

297 4117 509 4175 δεύεται.

369 4229 384 4260 ι
428 4210 728 4281 Ἐπέόλεψα
761 4210 869 4283 γὰρ
906 4213 963 4266 ἐν
997 4213 1129 4265 πᾶσι
1171 4213 1282 4275 τοῖς
1321 4211 1588 4283 ποιήμασί
1621 4229 1742 4282 μου,
1774 4204 1855 4275 οἷς

294 4301 538 4372 ἐποίησαν
570 4305 628 4355 ai
676 4303 854 4375 χεῖρές
895 4320 1016 4374 μου,
1062 4302 1156 4356 καὶ
1187 4304 1244 4355 ὲν
1273 4304 1436 4357 παντὶ
1465 4302 1646 4374 μόχθῳ
1687 4319 1785 4374 μου
1811 4295 1856 4370 ᾧ

289 4389 553 4463 ἕμὸχθησα
599 4393 699 4445 τοῦ
746 4396 936 4452 ποιεῖν.
968 4394 1062 4446 καὶ
1104 4393 1210 4447 ἰδοὺ
1240 4393 1308 4446 τὰ
1338 4393 1514 4447 πάντα
1538 4394 1852 4464 ματαιότης,

287 4485 379 4536 καὶ
404 4484 718 4556 προαίρεσις
765 4483 1090 4554 πνεύματος,
1131 4485 1224 4537 καὶ
1262 4483 1362 4538 οὐκ
1407 4483 1520 4536 ἐστι
1571 4484 1855 4555 περισσεία

283 4574 385 4629 ὑπὸ
412 4576 499 4629 τὸν
531 4577 702 4646 ἥλιον.
739 4595 759 4627 ι
791 4575 944 4628 Πᾶσα
973 4575 1080 4646 γὰρ
1110 4575 1280 4646 ἡτῶν
1303 4575 1605 4647 αίσθήσεων
1629 4575 1854 4646 δύναμίς

279 4686 340 4721 τε
375 4669 468 4721 καὶ
498 4668 771 4738 ἐνέργεια,
803 4668 926 4739 ὅρον
954 4666 1068 4738 ἔχει
1108 4666 1204 4738 τὴν
1231 4667 1318 4736 ὑφ’
1346 4667 1482 4738 ἡλίῳ
1513 4668 1684 4738 ζωήν·
1713 4667 1774 4720 τὸ
1797 4667 1854 4720 δὲ

277 4759 533 4812 ἰπὲκεινα
569 4757 850 4828 διαϐῆναι,
898 4757 990 4810 καὶ
1033 4755 1142 4810 τῶν
1186 4755 1592 4827 ὑπερκειμένων
1633 4755 1852 4826 ἀγαθῶν

2024 2131 2042 2164 ι
2063 2109 2178 2167 Non
2207 2113 2462 2182 prohibui
2491 2114 2635 2167 enim
2668 2129 2766 2168 cor
2790 2130 2970 2170 meum
3014 2115 3085 2169 ab
3120 2116 3271 2170 omni
3306 2115 3522 2179 laetitia,

1947 2211 2000 2259 et
2030 2219 2126 2260 cor
2164 2221 2343 2259 meum
2379 2206 2615 2259 lactatum
2662 2215 2746 2260 est
2775 2207 2828 2260 in
2861 2207 3010 2261 omni
3049 2207 3237 2263 labore
3282 2223 3442 2262 meo:
3472 2219 3526 2264 et

1946 2296 2052 2350 hoc
2079 2296 2187 2349 fuit
2216 2310 2342 2364 pars
2372 2311 2489 2350 inea
2541 2295 2595 2349 in
2628 2298 2777 2352 omni
2831 2298 3018 2356 labore
3059 2312 3181 2353 meo
3213 2317 3225 2352 :
3258 2317 3276 2349 ι
3316 2308 3522 2368 partem

1949 2386 2140 2440 dicens
2177 2387 2575 2456 possesionem.
2612 2384 2923 2460 Postquam
2948 2403 3082 2457 ergo
3109 2388 3386 2443 recensuit
3419 2405 3513 2444 cas

1947 2492 2068 2548 qua:
2105 2485 2233 2531 sunt
2262 2476 2316 2530 in
2357 2487 2510 2547 parte
2538 2478 2959 2542 delectationes,
2982 2479 3052 2532 ab
3088 2478 3247 2532 initio
3276 2479 3344 2532 ad
3363 2479 3524 2532 linem

1947 2585 2126 2638 usque
2160 2584 2520 2638 persequens,
2563 2575 2618 2622 et
2646 2570 2895 2624 oratione
2915 2571 3099 2624 omnia
3127 2570 3522 2640 complectens.

1948 2674 2044 2728 per
2065 2675 2226 2728 quem
2262 2661 2328 2714 ab
2353 2660 2422 2715 iis
2449 2662 2540 2731 qui
2577 2660 2854 2726 fruuntur,
2901 2661 3241 2731 colliguntur
3266 2663 3523 2732 volupta~

1959 2761 2061 2815 tes,
2111 2749 2466 2805 aediﬁciorum
2521 2749 3011 2820 pulchritudinem,
3057 2750 3260 2810 vineta.
3311 2750 3520 2812 hortos,

1948 2845 2210 2916 piscinas,
2256 2844 2521 2915 pomaria,
2571 2843 2860 2915 imperium
2907 2842 2961 2896 in
2995 2857 3096 2896 eos
3131 2842 3224 2912 qui
3275 2849 3404 2896 sunt
3437 2843 3524 2896 sui

1949 2931 2186 3002 generis,
2218 2931 2465 3001 pecuniae
2497 2939 2551 2986 et
2583 2931 2901 2985 facultatum
2939 2931 3174 3000 copiam,
3201 2938 3524 3000 apparatum

1949 3023 2004 3077 in
2031 3023 2298 3078 conviviis
2323 3022 2390 3078 ad
2420 3039 2483 3077 ea
2515 3039 2639 3094 quae
2677 3030 2804 3078 sunt
2830 3022 3100 3092 jucunda,
3130 3038 3345 3089 omnes,
3380 3025 3526 3078 sicut

1949 3113 2067 3184 ipse
2091 3114 2356 3178 nominat,
2386 3114 2637 3179 delicias,
2680 3114 2736 3169 in
2776 3115 2978 3184 quibus
3006 3122 3224 3168 versata
3263 3113 3366 3168 fuit
3399 3099 3522 3184 eius

1949 3204 2242 3273 sapientia,
2269 3219 2335 3279 ea»
2362 3216 2719 3275 perscrutans
2759 3213 2812 3258 et
2835 3197 3178 3276 excogitans,
3224 3221 3288 3260 ex
3325 3206 3526 3275 quibus

1951 3309 2049 3365 per
2083 3310 2301 3350 omnem
2343 3312 2564 3351 sensum
2599 3295 2817 3351 dicitse
2856 3298 3140 3367 accepisse
3163 3298 3523 3368 voluptatem,

1947 3396 2001 3440 et
2021 3388 2196 3443 oculis
2217 3403 2278 3442 ea
2308 3388 2713 3444 invenientibus
2737 3403 2858 3459 qua:
2887 3386 3098 3442 faciunt
3126 3389 3191 3443 ad
3211 3389 3527 3446 delectatio-

1956 3493 2102 3542 nem,
2151 3487 2206 3534 et
2235 3478 2475 3535 habente
2506 3480 2688 3535 anima
2724 3481 2934 3551 absque
2956 3481 3335 3550 prohibitione
3365 3482 3529 3554 quid-

1954 3569 2085 3639 quid
2118 3572 2551 3640 concupiscitur,
2569 3580 2700 3626 tunc
2734 3571 3130 3642 interpretatur
3170 3574 3404 3644 primam
3433 3589 3526 3628 vo-

1955 3675 2096 3725 cem,
2129 3676 2237 3732 qua
2287 3678 2421 3718 usus
2465 3671 2552 3718 est
2582 3662 2638 3716 in
2681 3662 2911 3716 exordio
2959 3663 3106 3728 libri,
3133 3666 3360 3734 quando
3385 3667 3526 3721 dixit

1952 3767 2095 3806 vana
2127 3768 2252 3808 esse
2275 3754 2480 3807 omnia.
2525 3753 2668 3807 Dicit
2707 3754 2854 3808 enim
2889 3754 2956 3808 ad
3005 3755 3121 3809 haac
3165 3756 3412 3820 intuens,
3465 3773 3526 3812 se.

1952 3841 2020 3897 de
2045 3844 2286 3898 humana
2333 3845 2442 3898 vita
2489 3845 2900 3914 pronuntiasse,
2942 3846 3127 3900 omnia
3161 3861 3280 3902 esse
3310 3847 3523 3901 vanita-

1953 3942 2084 3999 tem,
2129 3944 2181 3990 et
2215 3951 2337 4006 qum
2368 3951 2567 3991 sensus
2598 3936 2820 4007 aspicit,
2860 3945 2916 3993 et
2945 3953 3068 4008 qua:
3099 3939 3168 3994 ab
3196 3938 3515 3996 hominibus

1953 4035 2278 4082 exercentur
2316 4027 2382 4082 ad
2419 4028 2685 4084 lmtitiam.

2027 4206 2114 4260 ll.
2188 4206 2458 4278 «Aspexi,
2489 4226 2509 4260 ι
2555 4207 2753 4279 inquit,
2787 4207 2889 4262 «in
2947 4207 3205 4263 omnibus
3254 4209 3516 4277 operibus

1955 4299 2113 4365 meis,
2142 4315 2265 4369 qua:
2293 4300 2542 4354 fecerunt
2572 4315 2766 4356 manus
2791 4314 2943 4362 meae,
2971 4308 3026 4354 et
3062 4301 3118 4353 in
3145 4299 3290 4354 omni
3312 4299 3532 4364 labore;

1954 4406 2114 4460 quem
2143 4391 2384 4444 laboravi
2421 4400 2478 4446 ut
2506 4391 2762 4456 facerem,
2809 4400 2865 4446 et
2889 4406 3019 4447 ecce
3047 4391 3232 4446 omnia
3277 4392 3519 4459 vanitas,

1953 4488 2006 4534 et
2025 4481 2333 4535 voluntaria
2359 4481 2576 4536 affectio
2607 4481 2859 4551 spiritus,
2903 4491 2956 4538 et
2988 4498 3096 4536 non
3123 4491 3208 4538 est
3256 4485 3360 4539 sub
3399 4487 3519 4542 sole

1953 4570 2346 4626 redundantia.
2374 4592 2393 4624 ›
2422 4572 2613 4628 Omnis
2646 4575 2792 4628 enim
2834 4589 3097 4630 sensuum
3133 4574 3216 4630 vis
3244 4583 3300 4630 et
3325 4591 3522 4646 opera-

1955 4662 2031 4715 tio
2061 4677 2221 4716 suum
2246 4663 2407 4718 habet
2433 4665 2756 4730 terminum,
2777 4665 2942 4718 vitam
2977 4681 3100 4736 quae
3128 4674 3214 4721 cst
3237 4667 3341 4722 sub
3366 4668 3518 4724 sole:

1954 4752 2190 4807 ulterius
2217 4761 2398 4808 autem
2445 4756 2703 4819 transire,
2755 4763 2810 4810 et
2843 4771 2966 4824 qum
3004 4770 3169 4827 supra
3215 4766 3343 4812 sunt
3380 4757 3522 4813 bona

275 4850 334 4901 ὲν
362 4849 606 4919 περινοίᾳ
631 4847 904 4916 γενέσθαι,
938 4849 970 4917 ἡ
1004 4845 1292 4918 αἰσθητικὴ
1323 4845 1481 4915 φύσις
1508 4846 1569 4900 οὐ
1604 4846 1844 4902 δύναται.

1951 4844 2286 4913 cogitatione
2307 4846 2623 4914 complecti,
2658 4861 2766 4900 non
2802 4854 2988 4915 potest
3015 4846 3262 4902 sentiens
3299 4853 3520 4904 natura.

272 4939 461 4992 Ταῦτα
501 4934 595 4992 οὖν
637 4940 814 4993 πάντα
860 4939 951 4990 καὶ
986 4936 1055 4991 τὰ
1091 4937 1312 5004 τοιαῦτα
1353 4936 1849 5007 κατασκεψάμενος,

272 5029 518 5080 παιδεύει
545 5027 638 5080 τὸν
669 5026 802 5096 βίον,
830 5025 892 5078 τὸ
920 5026 1055 5097 πρὸς
1089 5025 1254 5096 μηδὲν
1280 5025 1388 5078 τῶν
1419 5018 1519 5078 ὧδε
1549 5024 1851 5095 θαυμαστι-

269 5117 384 5180 κῶς
415 5115 769 5178 διατίθεσθαι,
807 5115 1051 5179 πλοῦτον,
1085 5113 1408 5186 φιλοτιμίαν,
1445 5115 1541 5185 τὴν
1573 5114 1711 5169 κατὰ
1741 5114 1851 5169 τῶν

268 5208 604 5278 ὑποχειρίων
632 5207 824 5278 ἀρχὴν,
845 5207 1138 5278 θυμηδείας
1157 5224 1215 5261 τε
1231 5208 1324 5260 καὶ
1348 5207 1577 5277 τρυφὰς,
1601 5207 1693 5260 καὶ
1714 5225 1852 5278 συμ-

266 5300 456 5362 πόσια,
489 5298 584 5351 καὶ
609 5297 664 5350 εί
697 5315 752 5350 τι
790 5297 916 5351 ἄλλο
956 5297 1065 5351 τῶν
1108 5299 1304 5368 τιμίων
1336 5292 1472 5350 εἶναι
1510 5296 1845 5368 νενόμισταιο

266 5389 385 5442 ἀλλ’
409 5392 546 5461 ὸρᾷν
580 5389 661 5442 ὅτι
690 5387 747 5442 ἓν
779 5388 930 5450 τέλος
968 5389 1078 5442 τῶν
1102 5387 1356 5443 τοιούτων
1381 5387 1632 5442 ἀπάντων
1677 5389 1710 5458 ὴ
1746 5405 1850 5458 μα-

264 5483 496 5554 τιιάτης
524 5482 692 5546 ἐστὶν,
722 5475 790 5553 ἧς
821 5479 1108 5551 περισσεία
1135 5480 1214 5544 είς
1253 5478 1316 5532 τὸ
1352 5477 1546 5549 ἐφεξῆς
1573 5479 1670 5547 οὐχ
1704 5478 1851 5549 εύρί-

267 5589 486 5627 σῑεται.
521 5571 787 5643 Καθάπερ
814 5572 924 5642 γὰρ
954 5571 1004 5622 oi
1046 5569 1166 5623 καθ’
1192 5569 1382 5632 ὓδατος
1412 5569 1730 5639 γράφοντες,
1766 5569 1851 5620 ὲν-

263 5663 501 5733 εργοῦσι
533 5663 631 5733 μὲν
658 5645 746 5716 δίἀ
776 5662 876 5732 τῆς
899 5661 1078 5732 χειρὸς
1103 5660 1201 5732 τὴν
1225 5659 1459 5732 γραφὴν,
1492 5661 1616 5724 τοὺς
1648 5658 1850 5724 τύπους

263 5755 381 5809 τῶν
408 5753 776 5827 χαρακτήρων
813 5755 869 5808 ὲν
904 5751 982 5824 τῷ
1025 5751 1176 5823 ὑγρῷ
1207 5752 1671 5823 ὲνδιαγράφοντες,
1701 5750 1851 5822 μένει

1953 4933 2092 4988 Cum
2129 4935 2244 4990 haec
2271 4951 2401 5006 ergo
2428 4936 2633 5000 omnia,
2671 4945 2726 4992 et
2756 4952 2880 5006 qua:
2915 4947 3042 4992 sunt
3085 4937 3354 5006 ejusmodi
3392 4951 3526 4992 con-

1952 5022 2277 5091 siderasset,
2304 5027 2472 5080 vitam
2509 5025 2716 5092 erudit,
2761 5033 2821 5081 ut
2860 5027 2997 5081 nihil
3041 5041 3234 5082 eorum
3271 5043 3394 5098 qua:
3433 5028 3523 5082 hic

1951 5123 2104 5182 sunt,
2136 5116 2458 5183 admiretur,
2493 5134 2600 5173 non
2643 5133 2798 5189 apes,
2834 5133 2944 5172 non
2978 5117 3239 5180 honores.
3286 5133 3398 5172 non
3425 5118 3528 5172 imo

1953 5205 2167 5274 perium
2200 5206 2254 5260 in
2279 5207 2583 5277 subjectos,
2621 5223 2735 5262 non
2763 5208 2981 5277 epulas,
3019 5205 3278 5263 convivia
3318 5213 3374 5261 et
3417 5207 3520 5262 dc-

1953 5297 2135 5363 licias,
2169 5306 2224 5354 et
2255 5299 2302 5354 si
2333 5300 2467 5370 quid
2496 5299 2644 5355 aliud
2662 5299 3016 5356 existimatur
3034 5313 3160 5354 esse
3177 5298 3521 5369 pretiosum:

1953 5389 2050 5445 sed
2082 5390 2265 5446 videat
2295 5391 2442 5462 quod
2474 5391 2670 5446 horum
2691 5391 2940 5446 omnium
2967 5405 3116 5446 unus
3150 5389 3274 5445 linis
3307 5399 3392 5444 est
3423 5403 3522 5441 va-

1953 5481 2121 5545 nitas,
2153 5481 2316 5550 cujus
2333 5483 2605 5552 reliquum
2628 5481 2888 5551 deinceps
2911 5496 3024 5535 non
3059 5481 3363 5536 invenitur.
3400 5475 3524 5543 Quo

1957 5573 2122 5626 modo
2166 5573 2312 5627 enim
2349 5573 2443 5642 qui
2489 5573 2744 5627 scribunt
2791 5573 2847 5627 in
2892 5585 3057 5640 aqua,
3101 5585 3265 5624 manu
3297 5564 3522 5637 quidem

1954 5659 2198 5714 elliciunt
2246 5661 2617 5732 scripturam,
2671 5669 2834 5730 typos
2878 5657 3269 5712 characterum
3308 5653 3525 5710 descri-

1957 5751 2148 5808 bentes
2183 5753 2238 5806 in
2282 5751 2550 5819 humido;
2601 5767 2664 5809 ex
2694 5748 3124 5808 characteribus
3161 5755 3346 5805 autem
3383 5745 3521 5802 nihil
