4018 6334
545 313 648 369 (ιἷο

1740 324 1795 378 S.
1833 322 2157 388 GREGQRII
2195 322 2489 379 NYSSENI
3641 339 3728 397 680

539 434 719 479 manet
752 425 804 477 in
838 424 1008 495 ﬁgura
1040 445 1052 480 :
1088 427 1182 483 sed
1215 432 1494 489 scribendi
1547 451 1714 506 opera
1746 445 1834 491 cst
1883 444 2095 491 tantum

2210 437 2257 490 δὲ
2298 437 2405 491 τῶν
2451 437 2818 508 χαραγμάτων
2861 436 3010 490 οὑδὲν
3069 439 3160 491 ἐπὶ
3215 441 3502 512 σχήματοςυ
3553 448 3652 502 ἀλλ’
3699 457 3728 522 ή

533 517 662 570 dum
697 516 996 570 scribitur:
1023 533 1246 575 manum
1292 524 1440 578 enim
1483 543 1702 596 semper
1744 527 1996 598 sequitur
2041 542 2101 580 a-

534 622 654 675 quae
686 607 1032 675 superﬁcies,
1071 609 1122 664 id
1153 614 1299 680 quod
1331 623 1415 668 est
1445 618 1777 685 impressum
1809 618 2055 685 levigans
2085 635 2096 668 :

536 697 606 748 ita
643 711 806 750 omne
840 699 1080 753 studium
1098 708 1155 754 et
1181 705 1431 771 operatio
1449 722 1572 775 qua:
1601 708 1893 777 poniturin
1915 709 2103 763 fruen-

533 788 601 842 da
628 789 932 857 voluptate,
964 802 1192 861 apparet
1245 794 1299 849 in
1336 796 1404 852 iis
1447 813 1568 869 qua:
1601 800 1755 854 ﬁunt.
1800 798 1938 853 Nam
1975 816 2099 852 cum

533 881 834 933 cessaverit
867 884 1138 950 operatio,
1172 884 1388 941 deletur
1417 889 1583 944 etiam
1621 906 1820 946 sensus
1848 893 2099 961 voluptao

535 972 624 1034 tis,
660 985 835 1042 neque
865 975 986 1042 ejus
1013 977 1317 1046 quidquam
1344 983 1582 1050 amplius
1627 985 1970 1048 reconditur,
2006 1000 2105 1038 nec

532 1079 640 1132 que
684 1064 774 1125 iis,
813 1067 906 1134 qui
958 1067 1240 1132 lmtantur,
1296 1084 1543 1128 remanet
1601 1076 1769 1128 ullum
1811 1077 2098 1144 vestigium

532 1162 627 1212 aut
663 1155 909 1225 reliquize
942 1161 1304 1228 operationis,
1358 1180 1482 1233 qua:
1527 1177 1650 1220 erat
1691 1182 1757 1222 ex
1798 1168 2099 1237 voluptate.

536 1243 652 1300 Hoc
696 1255 780 1301 est
816 1249 961 1317 quod
1016 1251 1290 1320 significat
1328 1255 1378 1309 id
1432 1257 1579 1326 quod
1616 1258 1752 1312 dicit
1790 1277 1803 1311 :
1839 1259 1958 1312 Non
2017 1268 2103 1314 est

535 1335 805 1407 reliquum
832 1339 933 1393 sub
967 1341 1082 1395 sole
1115 1341 1183 1396 iis
1220 1343 1314 1411 qui
1353 1345 1408 1398 in
1445 1346 1514 1400 iis
1549 1347 1830 1412 laborant,
1861 1363 2099 1418 quorum

533 1426 802 1480 terminus
829 1438 912 1480 est
940 1430 1176 1483 vanitas.
1210 1430 1377 1486 Extra
1404 1449 1638 1502 qumnos
1661 1451 1882 1506 quoque
1902 1437 2101 1500 simus,

535 1515 708 1582 gratia
746 1515 954 1570 Domini
989 1521 1160 1572 nostri
1186 1518 1315 1575 Jesu
1349 1522 1576 1588 Christi,
1604 1527 1690 1579 cui
1725 1528 1900 1596 gloria
1925 1529 1979 1582 in
2012 1543 2106 1582 sae-

534 1605 658 1661 cula
691 1607 1038 1662 saculorum.
1074 1611 1269 1665 Amen.

1120 1787 1406 1846 HOMILIA
1448 1791 1512 1846 V.

605 1945 759 2001 Nunc
792 1964 1022 2018 magnus
1057 1950 1164 2004 dux
1207 1951 1466 2008 Ecclesiae
1495 1970 1596 2009 nos
1624 1957 1857 2027 mystice
1878 1957 2110 2019 deducit

533 2037 601 2091 ad
641 2038 966 2108 disciplinas
994 2043 1366 2117 sublimiores.
1395 2043 1530 2103 Nam
1565 2061 1689 2100 cum
1719 2047 1787 2103 iis
1809 2064 1931 2118 quae
1950 2049 2108 2118 prius

533 2128 676 2181 dicta
710 2136 857 2192 sunt,
883 2139 1106 2186 nostras
1137 2143 1423 2203 purgasset
1463 2136 1703 2200 animas,
1746 2149 1799 2193 et
1837 2140 2107 2200 abduxis-

535 2226 619 2273 set
653 2219 720 2273 ab
761 2222 909 2274 omni
966 2223 1265 2295 cupiditate
1305 2241 1427 2295 qua:
1485 2227 1805 2286 hominibus
1856 2231 2002 2288 inest
2040 2248 2109 2287 ex

534 2310 798 2373 vanitate,
824 2312 898 2366 ita
928 2293 1146 2367 demum
1189 2293 1428 2371 mentem
1479 2320 1635 2374 ducit
1671 2323 1737 2377 ad
1790 2325 2105 2388 veritatem,

536 2415 719 2455 rerum
754 2417 1024 2456 vanarum
1060 2403 1268 2471 dolore,
1327 2409 1496 2463 veluti
1534 2412 1772 2482 quodam
1819 2427 1986 2469 onere
2009 2431 2106 2470 ex-

534 2505 700 2546 cusso
733 2508 800 2546 ex
831 2493 1093 2550 humeris.
1132 2494 1209 2548 lta
1240 2506 1420 2553 autem
1450 2508 1712 2571 tanquam
1761 2503 1816 2558 in
1853 2504 2109 2575 dogmate

533 2583 820 2637 erudiatur
873 2584 1144 2651 Ecclesia,
1200 2588 1398 2644 edocta
1454 2607 1482 2644 a
1535 2596 1790 2662 praesenti
1833 2596 2106 2666 doctrina,

535 2674 682 2744 quod
712 2675 856 2740 vitae,
883 2690 1006 2746 quae
1046 2692 1112 2732 ex
1144 2680 1347 2736 virtute
1393 2683 1595 2752 agitur,
1644 2693 1726 2740 est
1777 2689 2108 2759 principium

533 2779 660 2819 esse
687 2775 841 2820 extra
873 2767 1091 2821 vitium.
1131 2768 1361 2840 Magnus
1396 2777 1543 2829 enim
1581 2775 1746 2832 David
1779 2781 1832 2833 in
1879 2782 2109 2851 psalmis

535 2857 827 2926 quamdam
869 2858 1077 2915 faciens
1105 2862 1517 2920 institutionem
1566 2869 1693 2923 vitae
1721 2873 1953 2928 rationis
1985 2882 2108 2945 quae

535 2963 671 3019 pure
701 2956 783 3002 est
819 2951 1051 3019 agenda,
1088 2967 1195 3005 non
1228 2953 1425 3023 incipit
1475 2976 1502 3011 a
1545 2961 1888 3028 perfectione
1911 2981 2106 3024 eorum

535 3057 666 3111 qum.
682 3049 810 3095 sunt
843 3045 898 3095 in
935 3043 1298 3098 beatitudine.
1327 3045 1444 3100 Non
1477 3051 1624 3104 enim
1650 3052 1788 3106 divit
1829 3071 1952 3109 eum
1983 3073 2108 3113 esse

2202 527 2296 580 τοῦ
2325 529 2554 599 γράφειν
2601 529 2841 600 σπουδή,
2897 532 2954 583 ὲν
3017 532 3162 602 μόνῳ
3211 532 3286 602 τῷ
3327 535 3538 604 γράφειν
3585 541 3726 594 ἐστίν·

2209 618 2401 671 ἕπεται
2431 618 2538 689 γὰρ
2572 619 2657 671 ἀεὶ
2689 622 2752 690 τῇ
2801 620 2942 690 χειρὶ
2969 622 3002 690 ή
3032 620 3126 672 τοῦ
3161 621 3342 683 ὓδατος
3379 625 3657 692 ἐπιφάνεια,
3687 631 3739 683 τὸ

2207 709 2615 781 κεχαραγμένον
2658 710 3065 764 ὲπιλεαίνουσαο
3111 711 3278 774 οὕτως
3313 715 3507 785 πᾶσαή
3543 718 3743 772 ἀπολαυ-

2211 801 2368 872 στικὴ
2411 801 2612 872 σπουδὴ
2650 803 2742 855 καὶ
2781 802 3031 873 ἐνέργεια
3087 806 3196 866 τοῖς
3237 804 3523 874 γινομένοις
3551 809 3745 876 ἐμφανίο

2208 891 2380 953 ζεται.
2413 891 2779 962 Παυσαμένης
2807 892 2914 962 γὰρ
2937 893 3037 961 τῆς
3061 893 3354 962 ἐνεργείας,
3377 895 3642 967 ἐξηλείφθη
3670 901 3748 954 καὶ

2205 983 2238 1050 ἡ
2287 982 2600 1046 ἀπόλαυσις,
2649 983 2743 1036 καὶ
2791 983 2941 1036 οὐδὲν
2993 985 3072 1047 εἰς
3108 985 3169 1037 τὸ
3212 982 3405 1055 ἐφεξῆς
3445 988 3746 1056 ταμιεύεται,

2211 1072 2332 1125 οὑδὲ
2369 1073 2668 1142 ὑπελείφθη
2712 1090 2764 1124 τι
2797 1075 2909 1135 τοῖς
2945 1073 3226 1143 ἡδομένοις
3256 1075 3394 1144 ἴχνος
3432 1077 3749 1146 εὐφροσύνης,

2206 1160 2240 1230 ἢ
2283 1161 2532 1231 λείψανον
2564 1160 2942 1234 παρελθούσης
2975 1164 3073 1233 τῆς
3119 1163 3260 1217 κατὰ
3292 1165 3389 1235 τὴν
3419 1166 3597 1236 ήδονὴν
3626 1167 3753 1237 ἐνερ-

2204 1253 2382 1322 γείας.
2414 1252 2584 1306 Τοῦτό
2613 1254 2758 1305 ἐστιν
2784 1252 2812 1305 ὃ
2840 1253 3090 1322 σημαίνει
3115 1256 3142 1306 ό
3175 1255 3328 1322 λόγος
3364 1255 3542 1319 εἰπὼν,
3576 1257 3648 1308 ὅτι
3671 1259 3756 1312 οὐκ

2207 1347 2322 1398 ἐστι
2355 1344 2640 1416 περισσεία
2670 1343 2774 1396 ὑπὸ
2818 1344 2908 1396 τὸν
2943 1343 3095 1414 ἥλιον
3122 1347 3233 1407 τοῖς
3263 1346 3331 1399 τὰ
3357 1345 3569 1399 τοιαῦτα
3592 1347 3755 1412 πονού-

2208 1453 2316 1498 σιν,
2347 1426 2420 1487 ὧν
2463 1434 2524 1487 τὸ
2569 1435 2769 1506 τέρμα,
2818 1435 3112 1505 ματαιότης
3159 1435 3337 1488 ἐστίν·
3375 1430 3446 1490 ὧν
3494 1439 3583 1489 καὶ
3619 1445 3757 1505 ημεις

2209 1526 2312 1589 ἔξω
2333 1523 2642 1594 γενοίμεθα,
2675 1525 2857 1594 χάριτι
2893 1525 2984 1578 τοῦ
3029 1526 3232 1596 Κυρίου
3260 1527 3412 1597 ήμῶν
3451 1527 3612 1596 Ἰησοῦ
3639 1529 3756 1600 Χρι-

2211 1613 2358 1678 στοῦ,
2386 1608 2488 1686 ᾧή
2527 1614 2654 1678 δόξα
2698 1617 2790 1670 καὶ
2830 1616 2890 1668 τὸ
2933 1615 3134 1686 κράτος
3175 1617 3258 1680 είς
3299 1618 3422 1681 τοὺς
3452 1618 3638 1682 αἰῶνας
3667 1618 3759 1672 τῶν

2210 1705 2440 1760 αἰώνων.
2484 1707 2674 1778 Ἀμήν.

2822 1799 3063 1851 ΟΜΙΛΙΑ
3107 1796 3180 1851 Ε’.

2282 1955 2395 2008 Νῦν
2425 1957 2554 2026 ἡμῖν
2586 1955 2737 2026 παρά
2765 1955 2858 2009 τοῦ
2897 1957 3133 2027 μεγάλου
3165 1957 3268 2027 τῆς
3313 1958 3624 2028 Ἐκκλησίας
3647 1960 3763 2012 καθο-

2209 2047 2496 2117 ηγεμόνος,
2536 2047 2568 2116 ἡ
2615 2046 2706 2100 ἐπὶ
2753 2047 2821 2100 τὰ
2875 2047 3181 2120 ὑψηλότερα
3211 2049 3323 2105 τῶν
3356 2050 3674 2120 μαθημάτων
3696 2049 3766 2117 γε.

2210 2151 2357 2188 νεται
2405 2134 2780 2209 μυσταγωιγία.
2815 2136 3174 2208 Προκαθήρας
3213 2136 3325 2209 γὰρ
3369 2137 3467 2200 τὰς
3501 2138 3665 2206 ψυχὰς
3693 2138 3765 2189 διὰ

2209 2227 2318 2280 τῶν
2346 2205 2721 2297 προλαϐόντων
2770 2205 2966 2296 λόγων,
3017 2205 3110 2282 καὶ
3149 2205 3334 2300 πάσης
3362 2230 3660 2300 ἀποστήσας
3685 2231 3767 2298 τῆς

2211 2309 2351 2369 κατὰ
2400 2310 2458 2362 τὸ
2503 2309 2730 2378 μάταιον
2777 2314 2886 2374 τοῖς
2929 2311 3238 2384 ἀνθρώποις
3285 2314 3627 2383 ἐγγινομένης
3666 2313 3768 2363 ὲπι-

2212 2402 2430 2472 θυμίας,
2457 2402 2598 2456 οὑτω
2635 2405 2896 2476 προσάγει
2928 2407 2991 2476 τῇ
3036 2404 3270 2476 ἀληθείᾳ
3313 2405 3404 2458 τὸν
3435 2403 3576 2468 νοῦν,
3599 2398 3698 2458 οἷόν
3724 2420 3768 2456 τι

2213 2490 2429 2561 φορτίον
2468 2490 2525 2555 ὲξ
2572 2491 2737 2562 ὤμων
2781 2491 2879 2564 τὴν
2923 2495 3194 2564 ἀχθηδόνα
3236 2497 3343 2549 τῶν
3384 2496 3618 2565 ματαίων
3655 2496 3770 2548 ἀποο

2213 2581 2547 2651 σεισάμενον.
2571 2583 2643 2635 Τὸ
2668 2583 2722 2636 δὲ
2745 2583 3000 2648 τοιοῦτον,
3029 2585 3104 2648 ὡς
3131 2587 3189 2638 ἐν
3211 2586 3441 2657 δόγματι
3464 2582 3771 2639 παιδευέσθω

2212 2669 2246 2737 ὴ
2273 2668 2587 2740 Ἐκκλησία,
2616 2671 2859 2741 μαθοῦσα
2883 2673 2971 2726 διὰ
2991 2673 3090 2743 τῆς
3119 2674 3410 2745 παρούσης
3433 2673 3769 2734 διδασκαλίας.

2211 2758 2291 2811 ὅτι
2333 2759 2470 2832 ἀρχὴ
2511 2760 2604 2814 τοῦ
2645 2765 2765 2815 κατ’
2795 2763 2993 2834 ἀρετὴν
3039 2763 3154 2833 βίου
3198 2767 3318 2818 ἐστὶ
3372 2767 3433 2818 τὸ
3463 2766 3560 2835 τῆς
3597 2764 3772 2824 κακίας

2212 2850 2367 2913 ἐκτὸς
2399 2851 2667 2918 γενέσθαι.
2696 2854 2803 2906 Καὶ
2835 2854 2943 2924 γὰρ
2969 2855 2997 2906 ό
3031 2854 3205 2924 μέγας
3242 2857 3410 2910 Δαϐὶδ
3442 2854 3775 2925 είσαγωγικόν

2212 2957 2331 2994 τινα
2359 2937 2504 3012 ’πρὸς
2543 2943 2640 3014 τὴν
2683 2945 2929 3014 καθαρὰν
2971 2946 3248 3001 πολιτείαν
3282 2949 3554 3020 ὑφήγησιν
3590 2949 3643 2999 ἐν
3673 2949 3777 3004 ταῖς

2213 3030 2552 3103 ψαλμῳδίαις
2575 3035 2912 3105 ποιούμενος,
2941 3037 3040 3090 οὑκ
3068 3038 3177 3090 ἀπὸ
3205 3040 3306 3110 τῆς
3334 3040 3658 3110 τελειότητος
3686 3037 3780 3090 τῶν

533 3134 778 3197 beatum,
810 3135 895 3188 cui
927 3135 1109 3187 omnia
1160 3144 1310 3190 recte
1351 3140 1682 3208 succedunt,
1736 3145 1828 3214 qui
1881 3147 2104 3202 assimi-

2214 3121 2376 3189 ἐντῷ
2426 3124 2758 3195 μακαρισμῷ
2812 3123 3202 3197 θεωρουμένων
3251 3128 3397 3199 λόγῳ
3433 3130 3666 3199 ἄρχεται,
3715 3125 3774 3177 0'2

534 3227 678 3281 latus
706 3235 791 3281 est
817 3226 981 3296 ligno,
1014 3225 1158 3295 quod
1198 3228 1498 3296 plantatum
1530 3240 1614 3287 est
1647 3249 1810 3290 secus
1829 3235 2106 3301 decursus

534 3332 824 3386 aquarum,
878 3319 969 3387 qui
1024 3327 1285 3388 perpetuo
1327 3319 1528 3378 ﬂorens
1584 3334 1768 3382 manet
1827 3329 1880 3382 in
1921 3330 2104 3396 bonis.

534 3408 625 3486 qui
656 3409 993 3477 temporibus
1039 3411 1492 3468 convenientibus
1529 3413 1745 3490 fructus
1785 3420 1911 3475 vitae
1953 3423 2107 3477 colli-

533 3503 675 3573 git”
711 3521 725 3555 :
760 3504 853 3557 sed
883 3503 1239 3559 beatitudinis
1276 3507 1607 3578 principium
1638 3512 1926 3568 constituit
1953 3515 2104 3571 desi-

533 3612 665 3659 nere
686 3611 714 3650 a
738 3597 981 3662 malis",
1013 3607 1200 3669 utpote
1225 3603 1367 3670 quod
1392 3618 1502 3664 non
1525 3604 1629 3657 alia
1650 3608 1865 3667 ratione
1901 3609 2104 3665 bonum

533 3703 657 3744 esse
689 3690 994 3760 contingat,
1026 3693 1353 3762 priusquam
1380 3695 1500 3751 vitii
1533 3697 1728 3753 sordes
1774 3701 1996 3756 eluerit.
2025 3701 2102 3758 Ita

535 3795 667 3850 ergo
699 3783 751 3834 in
790 3781 964 3856 signis
991 3799 1212 3853 quoque
1254 3785 1345 3840 hic
1392 3785 1764 3848 Ecclesiastes
1796 3809 1935 3849 vana
1991 3797 2109 3866 pri-

535 3884 685 3923 mum
720 3870 900 3925 aufert
925 3874 1129 3937 verbis,
1173 3883 1230 3928 ut
1256 3877 1536 3952 quomodo
1583 3879 1636 3934 in
1683 3897 1914 3954 corpore
1951 3886 2108 3943 labo-

533 3969 692 4014 rante
724 3976 784 4014 ea
817 3978 922 4030 qua
969 3980 1066 4033 par
1090 3974 1174 4020 est
1221 3981 1354 4020 cura
1397 3981 1702 4041 expurgato
1750 3976 1962 4039 morbo,
2005 3993 2106 4032 sua

539 4061 734 4120 sponte
765 4053 918 4108 adest
940 4055 1142 4108 bonum
1171 4059 1449 4113 sanitatis.
1490 4062 1788 4130 Pr0ptcrca
1808 4069 2104 4124 vanitatem

536 4153 621 4197 est
644 4144 893 4199 oratione
921 4157 1244 4214 persecutus
1276 4192 1289 4212 ,
1348 4151 1542 4206 dicens
1577 4169 1802 4210 sensum
1844 4174 1951 4212 non
1985 4176 2108 4216 esse

519 4242 712 4308 tutum
734 4235 858 4289 boni
878 4245 928 4288 ct
947 4237 1160 4292 honesti
1176 4239 1414 4306 iudicem
1439 4261 1451 4296 :
1470 4245 1704 4310 subjecit
1721 4248 1897 4302 oculis
1920 4265 1981 4303 ea
2001 4268 2107 4306 non

535 4331 696 4394 posse
747 4328 1071 4389 consistere,
1110 4346 1344 4398 qttorum
1392 4335 1576 4387 studio
1622 4344 1892 4393 tenemur.
1936 4342 2108 4412 Sepa-

2210 3212 2316 3283 γάρ
2342 3211 2493 3267 εἴπεν
2519 3214 2576 3266 ἐν
2607 3213 2842 3285 πρώτοις
2889 3216 3230 3287 μακαριστὸν
3275 3215 3418 3272 εἶναι
3455 3217 3544 3272 τὸν
3579 3219 3634 3269 ὲν
3666 3217 3778 3269 πᾶσι

2209 3304 2496 3357 κατευοδού
2506 3322 2684 3374 μενον,
2711 3305 2799 3360 τὸν
2829 3307 3178 3381 ὡμοιωμένον
3199 3312 3278 3384 τῷ
3303 3313 3465 3384 ξύλῳ,
3485 3313 3575 3366 τὸν
3605 3314 3657 3364 ὲν
3678 3311 3780 3368 cal;

2207 3394 2458 3461 διεξόδοις
2500 3395 2610 3448 τῶν
2661 3397 2868 3452 ὑδάτων
2903 3400 3297 3473 ἐρῤιζωμένον,
3347 3405 3441 3458 τὸν
3487 3403 3700 3472 ἀειθαλῆ
3735 3401 3781 3453 ὲν

2208 3486 2318 3547 τοῖς
2352 3485 2573 3552 ἀγαθοῖς
2610 3487 2949 3560 διαμένοντα,
2982 3492 3073 3547 τὸν
3107 3495 3164 3547 ὲν
3199 3497 3319 3561 τοῖς
3351 3495 3651 3567 καθήκουσι
3675 3490 3782 3561 χρό-

2209 3590 2320 3636 νοις
2361 3573 2471 3627 τῶν
2511 3579 2738 3648 καρπῶν
2779 3580 2870 3633 τοῦ
2912 3581 3028 3652 βίου
3075 3584 3454 3658 δρεπόμενον.
3489 3587 3599 3642 an:
3635 3582 3781 3657 ἀρχὴ..

2212 3667 2562 3736 μακαρισμοῦ
2589 3669 2685 3741 τὴν
2711 3670 3011 3726 ἀπόστασιν
3035 3675 3144 3727 τῶν
3167 3679 3364 3732 κακῶν
3395 3679 3700 3750 ἐποιήσατο.
3723 3675 3783 3734 ὼς

2207 3754 2307 3807 οὑκ
2351 3757 2716 3827 ἐνδεχόμενον,
2761 3761 2877 3814 ἀλλ’
2918 3763 3118 3832 ἀγαθὸν
3167 3767 3456 3834 γενέσθαι,
3501 3769 3626 3840 πρὶν
3667 3767 3764 3819 ἀπο

2207 3846 2508 3902 κλύσασθαι
2537 3852 2637 3920 τῆς
2674 3854 2870 3917 κακίας
2903 3854 2992 3908 τὸν
3017 3855 3211 3928 ῥύπον.
3257 3859 3426 3914 Οὑτω
3455 3861 3632 3915 τοίνυν
3662 3858 3743 3911 καὶ
3765 3857 3790 3905 ὁ

2209 3937 2375 4001 πολὺς
2431 3933 2581 4002 οὗτος
2620 3943 3047 4016 Ἐκκλησιαστής
3103 3947 3422 4022 ὑπεξαίρει,
3457 3952 3667 4022 πρῶτον
3722 3943 3789 4013 τῷ

2209 4025 2350 4097 λόγῳ
2376 4028 2442 4081 τὰ
2475 4030 2694 4099 μάταια,
2729 4033 2816 4087 ἵνα
2844 4033 3092 4102 καθάπερ
3138 4039 3236 4092 ἐπὶ
3271 4039 3534 4112 σώματος
3575 4040 3790 4109 κάμνονσ

2208 4134 2297 4180 τος
2328 4118 2389 4171 τὸ
2425 4119 2626 4186 ἀγαθὸν
2659 4122 2756 4192 τῆς
2796 4124 2982 4193 ὑγείας
3019 4128 3324 4195 ἐγγίνεται.
3370 4132 3471 4185 Διά
3499 4131 3654 4185 τοῦτο
3676 4143 3792 4181 κατ·

2209 4205 2410 4276 έδραμε
2437 4209 2514 4279 τῷ
2536 4209 2677 4280 λόγῳ
2697 4213 2790 4282 τῆς
2818 4217 3174 4289 ματαιότητος
3205 4222 3408 4284 εἰπὼν,
3437 4223 3538 4276 οὑκ
3575 4220 3791 4288 ἀσφαλὲς

2208 4297 2302 4350 τοῦ
2349 4299 2511 4352 καλοῦ
2550 4305 2830 4374 κριτήριον
2884 4301 3023 4361 εἶναι
3075 4310 3173 4380 τὴν
3228 4313 3516 4383 αἴσθησιν,
3561 4313 3649 4365 ὑπ’
3684 4309 3788 4378 ὅφιν

537 4387 552 4394 -
1061 4387 1065 4389 .
1129 4387 1140 4398 .
1937 4387 2074 4412 ηπ...

536 4417 676 4467 ravit
709 4426 952 4469 nostram
996 4419 1317 4487 cupiditatis
1365 4420 1703 4479 aliectionem
1754 4443 1782 4480 a
1825 4431 2104 4501 voluptate

2210 4387 2383 4457 ἤγαγε
2433 4391 2488 4443 τὸ
2540 4393 2596 4446 ὲν
2624 4397 2734 4458 τοῖς
2762 4398 3214 4469 σπουδαζομένοις
3254 4404 3633 4476 ἀνύπαρκτον,
3675 4397 3790 4471 ἐχώ-

536 4506 783 4572 corporis
813 4523 824 4558 :
856 4515 910 4559 et
943 4507 1014 4560 ita
1061 4511 1302 4564 ostendit
1335 4512 1387 4566 id
1431 4515 1574 4586 quod
1617 4533 1742 4572 vere
1769 4528 1854 4574 est
1900 4524 2103 4593 eligen-

536 4593 690 4656 dum,
732 4596 877 4663 quod
933 4613 1059 4652 vere
1111 4603 1471 4675 expetendum
1519 4621 1583 4660 ac
1634 4608 2105 4670 desiderantium:

538 4685 697 4752 cujus
727 4687 965 4739 studium
999 4703 1086 4742 res
1137 4698 1219 4743 est
1241 4690 1424 4745 eﬂicax
1478 4702 1531 4747 et
1576 4695 1717 4752 bene
1771 4702 2104 4768 consistens,

540 4793 754 4847 semper
783 4797 1105 4848 permanens
1136 4783 1274 4853 apttd
1303 4800 1399 4840 eos
1429 4788 1521 4856 qui
1566 4790 1743 4858 ipsum
1777 4805 2102 4864 sequuntur,

541 4877 850 4936 separatum
890 4886 919 4923 a
962 4872 1222 4929 vanitatis
1247 4876 1398 4929 oumi
1427 4881 1780 4948 cogitatione.

609 5017 740 5072 CAP.
773 5034 832 5080 ιι,
881 5036 933 5073 v.
967 5020 1052 5076 12.
1090 5052 1160 5062 -
1200 5042 1217 5073 ι
1242 5023 1505 5093 Aspexi,»
1544 5029 1741 5099 inquit,
1789 5050 1806 5082 ι
1836 5042 1893 5086 ιιι
1949 5036 2101 5091 vide-

541 5121 656 5163 rem
700 5111 1096 5179 sapientiam.»
1142 5111 1212 5167 Ut
1257 5124 1436 5170 autem
1475 5131 1733 5177 accurate
1773 5123 2016 5180 viderem
2051 5129 2104 5182 id

540 5199 685 5268 quod
721 5200 1081 5268 desideratur,
1129 5205 1236 5259 vidi
1275 5207 1427 5278 prius
1455 5219 1508 5264 et
1563 5214 1856 5268 amentiam
1890 5224 1944 5271 et
1975 5218 2110 5272 insi-

539 5291 825 5361 pientiam.
879 5292 1012 5347 Nam
1077 5311 1143 5349 ex
1209 5302 1616 5369 comparatione
1667 5319 1790 5358 cum
1841 5321 1907 5360 eo
1961 5310 2106 5377 quod

541 5382 879 5449 adversatur,
935 5387 1246 5442 accuratior
1293 5398 1376 5444 est
1441 5395 1833 5463 contemplatio
1891 5413 2105 5461 eOrum,

539 5489 772 5542 quorum
798 5484 1050 5531 tenemur
1073 5481 1272 5535 studio.
1300 5480 1634 5551 Sapientiam
1660 5496 1839 5542 autem
1862 5493 2108 5546 nominat

538 5565 703 5619 etiam
749 5568 1063 5632 consilium,
1117 5571 1300 5626 dicens
1337 5592 1349 5627 :
1390 5593 1408 5624 ‹
1454 5573 1590 5640 Quis
1634 5589 1715 5631 est
1765 5578 1948 5642 homo,
2004 5586 2095 5653 qui

616 5743 654 5774 ⁷⁸
696 5745 838 5802 Psal.
877 5765 915 5816 ι,
958 5751 991 5804 ’5
1024 5767 1147 5822 sqq.
1221 5753 1263 5783 τ’
1306 5753 1448 5808 l’sal.
1509 5772 1703 5824 xxxiii,
1749 5760 1826 5814 I3.

2217 4493 2331 4547 ρισε
2358 4480 2454 4550 τὴν
2501 4482 2896 4557 ἐπιθυμητικὴν
2929 4490 3082 4559 ήμῶν
3119 4491 3377 4549 διάθεσιν
3417 4497 3520 4566 τῆς
3576 4508 3786 4564 σωματι-

2215 4567 2311 4635 κῆς
2366 4568 2735 4636 ἀπολαύσεως.
2788 4567 2882 4628 κάι
2931 4577 3102 4643 οὑτως
3145 4581 3505 4644 ὑποδεικνύει
3547 4585 3606 4638 τὸ
3645 4585 3788 4640 ὅντως

2215 4657 2450 4728 αίρετδν,
2497 4661 2557 4713 τὸ
2596 4664 2808 4735 ἀληθῶς
2848 4669 3200 4742 ἐπιθυμητὸν,
3237 4670 3304 4728 οὗ
3338 4677 3374 4747 ἡ
3410 4677 3636 4746 σπουδὴ.
3668 4672 3786 4742 πρίσ

2213 4750 2329 4818 γμά
2357 4751 2503 4804 ἐστιν
2527 4755 2746 4824 ἐνεργόν
2771 4774 2829 4809 τε
2860 4761 2953 4812 καὶ
2981 4762 3383 4831 ὲνυπόστατον,
3417 4770 3500 4832 είς
3527 4769 3612 4823 ἀεὶ
3640 4779 3788 4833 παρι-

2215 4839 2373 4909 μένον
2419 4845 2529 4906 τοῖς
2585 4847 2844 4913 μετιοῦσιν
2889 4851 3067 4922 πάσης
3119 4854 3225 4924 τῆς
3273 4858 3428 4910 κατά
3473 4859 3535 4910 τὸ
3589 4859 3788 4926 μάταιον

2220 4928 2423 4990 ἐννοίας
2449 4935 2868 5004 κεχωρισμένον.

2283 5041 2424 5112 Κεφ.
2452 5041 2517 5112 β’,
2550 5045 2688 5116 στίχ.
2722 5049 2805 5118 ιβ’.
2827 5081 2895 5092 -
2929 5071 2946 5101 ι
2983 5055 3227 5125 Ἔϐλεψα
3270 5060 3389 5130 γὰρ
3429 5059 3564 5128 ἐγὼ,
3603 5078 3620 5109 ι
3655 5053 3788 5123 φησὶ.

2221 5149 2239 5182 ι
2278 5131 2368 5184 τοῦ
2422 5134 2550 5187 ίδεῖν
2590 5138 2796 5205 σοφίαν.
2842 5161 2860 5192 ι
2900 5143 2984 5206 Ὠς
3029 5145 3072 5198 δ’
3107 5147 3170 5198 ἂν
3231 5145 3496 5220 ἀκριϐῶς
3548 5149 3702 5216 ἴδοιμι
3741 5141 3791 5194 τί)

2216 5222 2563 5294 ποθούμενον,
2601 5223 2736 5281 εἶδον
2775 5231 3037 5304 πρότερον
3082 5237 3174 5289 καὶ
3216 5239 3326 5310 τήν
3369 5241 3673 5313 περιφορὰν
3712 5232 3790 5285 καὶ

2214 5315 2311 5385 τὴν
2339 5316 2664 5388 ἀφροσύνηνι
2715 5321 2806 5374 Ἐκ
2844 5324 2952 5394 γὰρ
3001 5327 3100 5396 τῆς
3127 5329 3270 5399 πρὸς
3321 5332 3388 5387 τὸ
3439 5331 3791 5398 ἀντικείμενον

2213 5408 2564 5477 παραθέσεως
2585 5412 2946 5485 ἀκριϐεστέρα
2974 5418 3177 5484 γίνεται
3207 5422 3325 5474 τῶν
3355 5419 3791 5490 σπουδαζομένων

2210 5499 2242 5567 ή
2275 5498 2491 5569 θεωρία.
2526 5500 2702 5572 Τὴνδὲ
2721 5505 2908 5572 σοψίαν
2935 5508 3027 5560 καὶ
3060 5509 3258 5581 βουλὴν
3294 5514 3582 5585 ὀνομάζει.
3608 5511 3787 5578 λέγων.

2207 5590 2285 5640 ὅτι
2327 5606 2345 5639 ι
2392 5591 2488 5652 Τίς
2535 5592 2818 5664 ἄνθρωπος
2869 5597 3015 5662 ὅστις
3069 5600 3430 5660 ἐπελεύσεται
3480 5607 3655 5660 ὀπίσω
3703 5598 3790 5666 τῆς
