4018 6334
252 221 325 282 631

1273 209 1342 268 IN
1382 206 1915 270 ECCLESIASTEN.
1955 206 2238 264 HOMILIA
2276 208 2341 264 V.

3326 213 3432 273 6&2

247 333 424 404 βουλῆς,
450 329 509 383 τὰ
536 329 636 382 ὅσα
661 329 912 398 ἐποίησεν
937 327 1075 399 αὕτη
1098 352 1112 399 ;
1138 348 1155 381 ι
1192 328 1438 383 Διδάσκει
1473 327 1649 384 τοίνυν
1688 324 1764 387 τίς

1874 317 2209 395 ingredietur
2239 334 2361 396 post
2410 325 2722 390 consilium,
2750 343 2814 382 ea
2859 343 3200 400 quaecunque
3249 333 3430 403 ipsum

245 415 740 486 ἑστινὴἀνθρωπίνη
786 417 966 484 σοφία,
1009 418 1092 470 ὅτι
1135 416 1193 470 τὺ
1236 416 1668 486 ἐπακολουθῆσαι
1702 417 1767 484 τῇ

241 511 378 570 όντως
407 506 571 577 σοφίᾳ,
604 506 670 576 ἣν
701 508 792 560 καὶ
827 508 1021 579 βουλὴν
1045 509 1316 579 ὀνομάζει,
1353 507 1636 578 ποιητικὴν
1663 506 1771 560 τῶν

243 598 421 666 ἀληθῶς
443 598 602 650 ὄντων
625 616 685 650 τε
721 598 814 652 καὶ
855 597 1198 667 ὑφεστώτων,
1224 599 1316 654 καὶ
1356 598 1430 669 μὴ
1460 600 1518 651 ὲν
1545 597 1771 668 ματαιό-

238 708 338 761 τητι
367 690 755 762 θεωρουμένων.
797 689 968 744 Τοῦτο
1011 689 1111 760 τῆς
1157 690 1502 762 ἀνθρωπίνης
1531 688 1647 741 ἐστὶ
1679 705 1769 740 σο-

238 783 340 850 φίας
377 781 431 833 τὸ
471 780 782 848 κεφάλαιον·
837 783 869 852 ἡ
917 782 973 834 δὲ
1022 782 1189 844 ὅντως
1232 781 1390 850 σοφία
1438 779 1532 834 καλ¹
1584 778 1767 849 βουλὴ,

235 874 357 928 οὐδὲν
380 874 514 938 ἄλλο,
544 874 687 928 κατά
711 891 774 942 γε
798 875 887 928 τὸν
901 877 924 928 ὲ
933 875 1030 946 μὸν
1051 875 1231 944 λόγον,
1245 875 1380 941 ἐστὶ,
1408 875 1546 946 πλὴν
1560 875 1656 944 τῆς
1673 871 1767 925 τοῦ

234 965 401 1028 παντὸς
444 967 934 1037 προεπινοουμένης
975 967 1181 1036 σοφίας.
1225 966 1370 1037 Αὕτη
1414 965 1471 1018 δέ
1516 965 1682 1026 ἐστιν,
1711 965 1769 1016 ὲν

233 1053 260 1132 ᾖ
282 1056 340 1110 τὰ
365 1056 528 1109 πάντα
559 1057 812 1127 ἐποίησεν
842 1060 869 1110 ὁ
899 1057 1046 1120 Θεὸς,
1109 1060 1290 1127 καθώς
1313 1076 1475 1130 φησιν
1497 1061 1525 1113 ὁ
1547 1056 1768 1124 Προφή-

231 1165 327 1217 της,
348 1147 422 1200 ὅτι
445 1166 462 1198 ι
485 1149 667 1202 Πάντα
682 1148 740 1199 ἐν
760 1147 920 1219 σοφία
941 1147 1220 1218 ἐποίησας.
1258 1168 1275 1198 ι
1309 1146 1540 1218 Χριστὸς
1558 1146 1614 1198 δὲ
1631 1143 1766 1198 Θεοῦ

229 1238 438 1309 δύναμις,
469 1239 562 1291 καὶ
588 1238 723 1291 θεοῦ
756 1239 935 1306 σοφία,
967 1240 1024 1291 ἐν
1121 1238 1188 1292 τά
1230 1238 1405 1292 πάντα
1430 1237 1645 1304 ἐγένετο
1673 1235 1768 1288 καὶ

228 1327 540 1399 διεκοσμήθη.
574 1329 637 1382 ΕΞ
661 1324 752 1382 οὖν
772 1328 928 1381 τοῦτό
951 1329 1098 1381 ἐστιν
1123 1329 1156 1400 ἡ
1179 1326 1489 1398 ἀνθρωπίνη
1516 1320 1699 1388 σοφία,
1709 1325 1769 1378 τὸ

229 1425 275 1475 ὲν
294 1422 522 1492 περινοίᾳ
549 1422 659 1476 τῶν
684 1421 948 1494 ἀληθινῶν
975 1422 1150 1494 ἔργων
1178 1423 1274 1493 τῆς
1305 1421 1474 1484 ὅντως
1503 1420 1691 1489 σοφίας
1709 1437 1770 1473 τε

228 1517 302 1568 καὶ
337 1514 520 1584 βουλῆς
562 1513 845 1583 γενέσθαι·
875 1514 1034 1586 ἔργον
1068 1514 1125 1567 δὲ
1167 1514 1264 1584 τῆς
1308 1513 1500 1584 βουλῆς
1531 1512 1767 1583 ἐκείνης,

227 1606 324 1672 ἦτοι
339 1605 431 1674 τῆς
462 1604 676 1672 σοφίας,
703 1603 846 1657 κατά
866 1621 929 1672 γε
956 1605 1046 1657 τὸν
1075 1603 1205 1674 ἐμὸν
1229 1603 1405 1697 λόγον,
1488 1602 1768 1697 ⁸ἀφθαρσίοι
1803 1642 1845 1697 Β

226 1696 364 1760 ἐστιν,
385 1696 418 1764 ἦ
436 1712 493 1747 τε
522 1695 623 1764 τῆς
649 1695 824 1766 ψυχῆς
852 1695 1204 1766 μακαριότης,
1229 1695 1323 1748 καὶ
1350 1695 1382 1764 ἠ
1416 1693 1654 1764 ἀνδρεία,
1674 1693 1768 1746 καὶ

224 1785 251 1852 ἡ
279 1783 596 1853 δικαιοσύνη,
628 1784 721 1836 καὶ
760 1785 793 1854 ή
821 1784 1098 1855 φρόνησις,
1134 1784 1227 1837 καὶ
1256 1785 1364 1838 πᾶν
1392 1783 1453 1836 τὸ
1492 1782 1609 1836 κατ’
1641 1783 1770 1853 ἁρε-

223 1875 300 1944 τὴν
321 1875 599 1945 νοούμενον
627 1875 794 1944 δνομά
819 1892 875 1928 τε
902 1875 998 1928 καὶ
1021 1875 1218 1946 νόημα,
1236 1874 1374 1944 τάχα
1391 1872 1455 1927 δι’
1476 1872 1766 1927 ἀκολούθου

222 1965 464 2036 τῇγνιὶηει
499 1966 613 2019 τῶν
636 1965 852 2034 ἀγαθῶν
880 1965 1282 2037 προσαγόμεθα.
1313 1964 1527 2036 Ἐπειδὴ
1547 1964 1654 2035 γὰρ
1693 1959 1770 2016 εῖ-

220 2055 306 2120 δον,
333 2057 472 2126 φησὶ,
499 2057 700 2122 ταῦτα,
733 2057 827 2109 καλ⁵
858 2056 1044 2126 ὥσπερ
1072 2058 1129 2108 ὲν
1161 2055 1310 2126 ζυγῷ
1337 2055 1577 2125 διέκρινα
1610 2054 1670 2107 τὸ
1708 2054 1767 2108 ὃν

221 2146 295 2199 υῦ
314 2149 379 2217 μὴ
400 2147 578 2210 om;
604 2146 696 2200 τοῦ
727 2149 904 2216 εὑρεῖν
927 2148 1028 2216 τὴν
1054 2147 1312 2218 διαφορὰν
1337 2147 1434 2217 τῆς
1456 2145 1645 2214 σοφίας
1673 2147 1766 2198 καὶ

220 2239 297 2308 τῆς
311 2240 638 2311 ἀφροσύνης,
658 2239 746 2294 οἵα
761 2246 867 2309 περ
887 2239 952 2293 ἂν
971 2239 1217 2309 εὑρεθείη
1231 2237 1406 2307 φωτὸς
1421 2235 1766 2302 ἀντεξεταζό⁴

221 2332 352 2398 μένου
373 2331 500 2401 πρὸς
525 2331 713 2398 ζόφον.
732 2330 841 2384 Καί
861 2348 949 2400 μοι
969 2330 1116 2384 δοκεῖ
1134 2327 1516 2400 προσηκόντως
1533 2326 1610 2398 τῷ
1625 2328 1765 2381 κο.τά

218 2422 384 2489 me;
413 2421 779 2492 ὑποδείγματι
824 2421 958 2491 πρὸς
994 2421 1090 2492 τὴν
1127 2419 1220 2473 τοῦ
1269 2417 1431 2472 καλοῦ
1462 2418 1764 2490 χρήσασθαι

217 2513 396 2583 χρῆσιν.
427 2513 654 2584 Ἐπειδὴ
687 2514 790 2583 γὰρ
815 2513 876 2566 τὸ
905 2513 1092 2576 σκότος
1129 2515 1196 2584 τῇ
1237 2511 1428 2566 ἑαυτοῦ
1474 2510 1629 2580 φύσει
1675 2512 1765 2564 ἀν-

218 2601 548 2672 ύπαρκτον(εἱ
573 2605 683 2674 γὰρ
715 2604 788 2675 μὴ
815 2604 904 2674 εἴη
936 2604 995 2657 τὸ
1024 2604 1383 2675 ἀντιφράσσον
1410 2620 1464 2654 τι
1489 2600 1584 2673 τὴν
1609 2601 1764 2673 ἡλια-

214 2695 296 2766 κῆν
325 2697 530 2760 ἀκτῖνα,
574 2695 763 2758 σκότος
802 2696 902 2748 οὐκ
933 2694 1214 2765 summa
1255 2695 1310 2747 δὲ
1342 2693 1457 2763 φῶς
1505 2693 1638 2778 uoco
1679 2695 1765 2766 ἐφ’

213 2785 373 2838 ἑαυτοῦ
395 2789 544 2841 ἐστιν
569 2788 627 2840 ἐν
657 2786 762 2858 ἰδία
780 2786 936 2856 οὐσίᾳ
957 2785 1398 2854 κατανοούμενονο
1427 2785 1660 2844 δείκνυσι
1687 2786 1764 2858 τῷ

211 2876 567 2949 ὑποδείγματι.
602 2879 737 2948 ὁτιὴ
767 2876 934 2931 κακία
960 2876 1079 2930 καθ’
1109 2876 1302 2946 ἑαυτὴν
1323 2877 1423 2946 οὺχ
1449 2877 1758 2944 ὑφίσταται,

1874 414 2037 469 fecit?
2065 436 2081 467 ι
2125 415 2292 471 Docet
2323 431 2453 487 ergo
2477 432 2726 488 quaenam
2761 420 2830 473 sit
2868 421 3105 476 humana
3136 424 3429 493 sapientia,

1869 521 2066 576 nempe
2099 507 2255 577 sequi
2301 523 2420 562 eam
2459 524 2581 578 quze
2630 517 2713 564 est
2745 525 2867 564 vere
2916 514 3202 582 sapientia.
3258 517 3430 584 Quavn

1868 601 2036 654 etiam
2088 603 2332 654 nominat
2389 602 2704 666 consilium,
2754 602 2992 661 elﬁciens
3021 623 3086 662 ea
3141 625 3262 679 quae
3307 631 3432 671 vero

1871 697 1998 745 sunt
2032 697 2086 745 et
2117 692 2445 758 consistunt,
2476 700 2531 748 et
2569 694 2622 746 in
2651 693 2887 750 vanitate
2920 697 3143 754 minime
3179 704 3432 760 conside-

1870 789 2082 836 rantur.
2114 781 2239 837 Htec
2284 791 2368 838 est
2416 798 2626 838 summa
2667 783 2920 842 humanae
2953 790 3248 857 sapientiae.
3294 793 3433 850 Vera

1871 883 2052 928 autem
2071 874 2336 942 sapientia
2354 883 2407 930 et
2427 876 2741 941 consilium,
2760 893 2880 934 mea
2900 879 3119 950 quidem
3142 887 3432 950 sententia,

1869 963 2010 1017 nihil
2055 973 2142 1018 est
2200 965 2350 1019 aliud
2401 981 2562 1035 quam
2622 968 2934 1038 sapientia,
3004 987 3125 1041 qua;
3185 975 3436 1043 providet

1870 1055 2151 1110 universo.
2191 1054 2263 1110 Ea
2297 1065 2477 1111 autem
2508 1065 2612 1122 est,
2652 1059 2705 1113 in
2741 1075 2848 1128 qua
2875 1060 3020 1116 Deus
3057 1063 3182 1118 fecit
3229 1067 3433 1133 omnia,

1871 1145 2013 1200 sicut
2039 1145 2175 1200 dicit
2211 1146 2528 1215 PrOpheta:
2578 1167 2596 1200 ι
2634 1148 2825 1205 Omnia
2887 1151 3064 1210 fecisti
3115 1156 3170 1210 in
3216 1160 3437 1228 sapien-

1870 1235 1944 1288 tia
1973 1237 2038 1291 ⁷³.
2082 1256 2100 1288 ι
2150 1236 2399 1294 Christus
2461 1246 2644 1294 autem
2703 1248 2788 1297 est
2847 1242 2944 1298 Dei
3002 1246 3176 1303 virtus
3227 1256 3282 1303 et
3341 1249 3436 1306 Dei

1871 1323 2164 1393 sapientia,
2215 1327 2269 1381 in
2318 1341 2426 1397 qua
2459 1329 2644 1383 omnia
2680 1328 2826 1385 facta
2877 1341 3006 1388 sunt
3053 1343 3107 1390 et
3160 1337 3434 1396 ordinata.

1873 1411 1930 1466 Si
1967 1428 2097 1482 ergo
2130 1414 2234 1469 hoc
2260 1425 2344 1470 est
2379 1416 2618 1472 humana
2658 1418 2948 1488 sapientia,
2982 1437 3123 1477 verae
3156 1425 3438 1493 sapientia:

1872 1513 1926 1557 et
1957 1505 2175 1560 consilii
2217 1521 2346 1560 vera
2377 1521 2541 1577 opera
2593 1510 2996 1580 contemplari:
3049 1513 3200 1571 illius
3253 1525 3434 1572 autem

1873 1593 2089 1646 consilii
2122 1609 2265 1664 opus
2289 1611 2384 1650 seu
2413 1597 2714 1666 sapientiae,
2747 1609 2868 1654 mea
2897 1601 3114 1669 quidem
3144 1610 3435 1674 sententia,

1873 1692 1959 1738 est
1993 1685 2355 1756 incorruptio,
2388 1696 2441 1741 et
2474 1689 2670 1743 animae
2711 1689 3018 1756 beatitudo,
3052 1704 3105 1749 et
3151 1694 3432 1761 fortitudo.
3495 1744 3506 1754 κ

1874 1785 1927 1832 et
1961 1778 2194 1848 justitia,
2228 1787 2282 1834 et
2322 1780 2629 1850 prudentia,
2657 1789 2711 1838 et
2742 1786 3106 1856 quodcunque
3135 1803 3356 1855 nomen,
3381 1799 3436 1847 et

1873 1882 2216 1937 quaecunque
2267 1870 2468 1925 mentis
2521 1872 2672 1925 notio
2723 1887 2789 1927 ex
2837 1875 3040 1929 virtute
3091 1861 3432 1950 intelligitur.

1873 1966 2274 2027 consequenter
2305 1957 2442 2014 forte
2459 1959 2784 2016 adducimur
2804 1962 2870 2017 ad
2895 1964 3024 2018 boni
3043 1968 3432 2036 cognitionem.

1874 2047 2007 2100 Nam
2071 2057 2385 2118 postquam,
2435 2051 2632 2120 inquit,
2681 2053 2798 2108 hmc
2864 2056 3014 2123 vidi,
3062 2065 3320 2129 tanquam
3378 2064 3434 2118 in

1873 2141 2078 2208 trutina
2119 2141 2171 2194 id
2205 2142 2349 2211 quod
2399 2153 2483 2198 est
2517 2145 2752 2200 discrevi
2794 2147 2862 2202 ab
2895 2163 2960 2202 eo
2990 2151 3134 2218 quod
3187 2168 3295 2207 non
3325 2166 3432 2222 est,

1872 2234 1932 2281 ut
1962 2227 2262 2285 invenirem
2292 2229 2649 2287 dill'erentiam
2686 2235 2967 2305 sapientia;
3002 2246 3056 2294 et
3085 2239 3432 2312 insipientia»;

1871 2318 2184 2387 cujusmodi
2237 2321 2465 2395 inveniri
2525 2332 2706 2394 potest
2757 2327 2804 2382 si
2863 2329 2956 2384 lux
3019 2331 3328 2389 adducatur
3381 2347 3436 2391 et

1872 2417 2145 2464 statuatur
2203 2426 2270 2466 ex
2332 2413 2563 2469 adverso
2620 2417 2991 2474 tenebrarum.
3062 2421 3189 2478 Mihi
3252 2434 3433 2482 autem

1869 2500 2087 2556 videtur
2117 2511 2241 2572 apte
2272 2520 2407 2561 usus
2435 2521 2557 2561 esse
2602 2509 2850 2579 exemplo
2901 2511 2968 2565 ad
3014 2513 3431 2585 signiﬁcandum

1871 2605 2032 2646 usum
2065 2593 2205 2662 ejus,
2256 2594 2400 2664 quod
2456 2597 2656 2651 bonum
2689 2607 2775 2655 est
2820 2608 2873 2655 et
2927 2601 3243 2661 honestum.
3295 2607 3431 2665 Nam

1871 2684 2127 2752 quoniam
2175 2686 2412 2741 tenebrae
2441 2704 2537 2744 sua
2584 2697 2778 2745 natura
2809 2692 3034 2749 minime
3081 2699 3430 2766 consistunt;

1871 2773 1916 2826 si
1944 2774 2090 2828 enim
2141 2789 2248 2828 non
2284 2785 2432 2830 esset
2475 2778 2678 2848 aliquid
2733 2782 2878 2849 quod
2938 2783 3072 2838 solis
3122 2787 3305 2843 radios
3331 2791 3432 2844 ob-

1871 2871 2141 2928 strueret,
2173 2879 2282 2920 non
2317 2875 2502 2922 essent
2534 2871 2804 2938 tenebrae;
2852 2873 2942 2927 lux
2989 2883 3169 2931 autem
3225 2878 3342 2948 ipsa
3376 2881 3430 2934 in

211 2967 322 3020 ἀλλά
349 2972 410 3039 τῇ
449 2969 712 3039 στερήσει
756 2967 850 3020 τοῦ
890 2967 1094 3036 ἀγαθοῦ
1145 2967 1581 3035 παρυφίσταταιο
1610 2968 1669 3021 τὸ
1706 2968 1761 3020 δὲ

1871 2967 1930 3006 se
1959 2959 2065 3015 est,
2095 2961 2150 3008 et
2182 2954 2236 3008 in
2269 2957 2488 3026 propria
2516 2958 2838 3030 intelligitur
2864 2967 3101 3020 essentia
3134 2986 3147 3022 :
3179 2974 3432 3041 exemplo

210 3056 380 3122 ἀγαθὸν
411 3058 495 3110 ἀεὶ
530 3056 797 3120 ὡσαύτως
823 3055 932 3126 ἔχει
967 3055 1190 3127 μόνιμόν
1222 3073 1280 3108 τε
1307 3057 1400 3109 καὶ
1434 3056 1647 3124 πάγιον,
1673 3059 1767 3112 καὶ

207 3145 402 3218 οὐδεμιᾷ
438 3165 594 3211 τινος
634 3148 1019 3219 προηγουμένη
1067 3149 1317 3219 στερήσει
1363 3151 1768 3220 παρυφιστάμε-

205 3253 296 3291 νον.
320 3239 388 3292 To
424 3239 481 3292 δὲ
526 3241 598 3292 ἐκ
626 3237 718 3291 τοῦ
742 3237 979 3292 ἐναντίου
1010 3238 1086 3309 τῷ
1107 3239 1296 3310 ἀγαθῴ
1336 3239 1620 3311 νοούμενον
1645 3242 1766 3294 κατ’

205 3324 366 3376 ούσίαν
395 3326 492 3379 ούκ
534 3326 686 3378 ἐστιν
704 3341 717 3354 ·
744 3326 773 3378 ὃ
809 3325 920 3397 γὰρ
962 3327 1046 3396 ἐφ’
1073 3327 1266 3380 ἑαυτοῦ
1299 3328 1398 3382 οὐκ
1426 3328 1590 3394 ἔστιν,
1613 3329 1766 3383 οὐδέν

204 3413 330 3466 ἐστιν
355 3416 520 3478 ὅλως
557 3417 814 3486 στέρησις
843 3417 952 3487 γὰρ
997 3417 1089 3470 τοῦ
1131 3419 1283 3483 ὄντος
1325 3421 1472 3473 ἐστὶν
1504 3423 1536 3491 ἠ
1575 3421 1761 3487 κακία,

204 3504 280 3556 καὶ
311 3506 423 3576 οὐχὶ
463 3506 729 3577 ὓπαρξις.
775 3509 896 3578 Ἵση
932 3509 1108 3561 τοίνυν
1139 3512 1170 3580 ἡ
1197 3510 1424 3580 διαφορά
1466 3509 1559 3563 τοῦ
1590 3513 1765 3580 φωτὸς

201 3595 318 3660 πρὸς
339 3598 393 3650 τὸ
415 3599 636 3661 σκότος,
654 3599 869 3668 καὶτῆς
892 3600 1082 3668 σοφίας
1107 3601 1242 3671 πρὸς
1267 3601 1576 3672 ἀφροσύνην
1594 3604 1761 3657 ἐστίν.

210 3683 320 3738 Ἀπὸ
345 3688 548 3757 μέρους
593 3688 700 3758 γὰρ
739 3688 883 3742 ἅπαν
922 3690 983 3742 τὸ
1023 3689 1222 3757 ἀγαθὸν
1264 3691 1764 3763 περιλαμϐάνειτῷ

201 3774 281 3846 τῆς
307 3779 492 3847 σοφίας
539 3779 790 3848 ὀνόματι,
821 3781 915 3833 καὶ
958 3783 1022 3850 τῇ
1066 3781 1342 3852 ἀφροσύνῃ
1374 3784 1553 3836 πᾶσαν
1591 3784 1762 3838 κακοῦ

200 3867 335 3931 φύσιν
379 3870 801 3942 συνερμηνεύει.
843 3869 1002 3923 Ἀλλά
1043 3871 1096 3924 τί
1144 3871 1332 3942 κέρδος
1372 3875 1502 3942 ἡμῖν
1558 3875 1623 3928 ὲκ
1665 3875 1761 3928 τοῦ

200 3947 448 4021 θαυμάσαι
478 3955 545 4007 τὸ
573 3954 798 4021 ἀγαθὸν,
846 3955 894 4006 εί
943 3955 1017 4025 μή
1059 3971 1144 4017 τις
1189 3953 1284 4008 καὶ
1329 3956 1445 4020 ὁδὸς
1482 3957 1631 4028 παρά
1669 3959 1761 4012 τοῦ

194 4038 486 4096 διδασκάλου
552 4044 692 4115 πρὸς
753 4045 850 4115 τὴν
901 4045 1088 4100 τούτου
1144 4047 1330 4116 κτῆσιν
1385 4049 1764 4129 ὑποδειχθείηδ

198 4129 298 4194 Πῶς
325 4129 415 4188 οὖν
446 4134 571 4188 ἔστι
626 4135 720 4187 καὶ
763 4137 910 4206 ἡμᾶς
953 4137 1010 4188 ὲν
1052 4139 1118 4206 τῇ
1159 4137 1252 4190 τοῦ
1295 4137 1459 4191 κοιλοῦ
1506 4141 1761 4212 μετουσίᾳ

194 4221 445 4288 γενέσθαι,
487 4223 818 4293 ἀκούσωμεν
843 4223 935 4276 τοῦ
959 4223 1319 4288 διδάσκοντος.

1867 3044 2110 3097 ostendit
2158 3045 2307 3114 quod
2353 3062 2450 3115 per
2501 3064 2561 3104 se
2609 3064 2714 3103 non
2779 3055 3036 3110 consistit
3067 3058 3284 3125 vitium,
3334 3064 3429 3118 sed

1867 3132 2124 3188 consistit
2147 3150 2215 3188 cx
2248 3136 2556 3204 privatione
2587 3139 2734 3194 boni.
2764 3140 2972 3198 Bonum
3003 3156 3183 3203 autem
3216 3165 3433 3221 semper

1867 3223 2119 3279 similiter
2149 3240 2207 3280 se
2237 3226 2419 3292 habet,
2464 3227 2790 3301 ﬁrmumque
2839 3243 2922 3288 est
2963 3250 3027 3290 ac
3079 3239 3296 3304 stabile,
3331 3258 3431 3298 nec

1865 3314 2120 3370 consistit
2180 3331 2246 3371 ex
2279 3318 2388 3371 ulla
2431 3334 2555 3388 qua:
2587 3323 2861 3390 praecedat
2905 3327 3239 3394 privatione.
3274 3330 3430 3398 Quod

1867 3416 2048 3462 autem
2067 3407 2391 3478 intelligitur
2415 3425 2480 3464 ex
2512 3426 2578 3465 eo
2609 3413 2753 3481 quod
2777 3425 2863 3470 est
2892 3416 3038 3472 bono
3067 3423 3428 3487 contrarium,

1865 3513 1975 3553 non
2011 3508 2093 3553 est
2131 3514 2197 3554 ex
2226 3501 2486 3554 essentia.
2515 3501 2671 3567 Quod
2707 3505 2852 3560 enim
2889 3523 2996 3564 non
3033 3520 3119 3565 est
3152 3513 3206 3567 in
3249 3529 3329 3579 se,
3365 3531 3433 3571 ne

1864 3589 2088 3645 omnino
2116 3589 2334 3659 quidem
2357 3600 2459 3645 est.
2492 3590 2697 3648 Vitium
2724 3596 2868 3650 enim
2905 3608 2989 3652 est
3015 3601 3134 3669 ejus
3163 3604 3308 3672 quod
3345 3613 3432 3662 est

1862 3681 2122 3750 privatio,
2155 3689 2208 3737 et
2248 3699 2358 3736 non
2388 3683 2721 3738 substantia.
2753 3685 2859 3740 Par
2885 3697 2966 3743 est
2995 3692 3141 3744 enim
3176 3692 3430 3750 diﬂ‘eren-

1865 3773 1939 3825 tia
1975 3773 2114 3826 lucis
2140 3771 2205 3825 ad
2239 3773 2513 3837 tenebras,
2546 3781 2602 3828 et
2625 3775 2908 3844 sapientia:
2932 3779 2998 3833 ad
3031 3780 3428 3851 insipientiam.

1863 3863 1942 3918 Ex
1999 3869 2153 3932 parte
2211 3863 2356 3916 enim
2415 3865 2731 3920 universum
2800 3869 3182 3939 complectitur
3223 3875 3426 3930 bonum

1864 3954 2087 4009 nomine
2117 3953 2420 4023 sapientiae,
2455 3962 2508 4008 et
2540 3954 2705 4009 simul
2735 3972 2858 4011 eum
2893 3959 3205 4030 insipientia
3254 3963 3428 4018 inter-

1863 4053 2111 4116 pretatur
2143 4051 2196 4098 et
2251 4045 2489 4114 explicat
2541 4061 2756 4102 omnem
2805 4050 2934 4102 mali
2995 4062 3269 4108 naturam.
3321 4057 3423 4109 Sed

1862 4136 1991 4206 quid
2027 4135 2184 4191 nobis
2214 4135 2422 4190 accedit
2451 4136 2590 4191 lucri
2623 4153 2690 4192 ex
2723 4154 2789 4194 eo
2814 4141 2959 4209 quod
3004 4142 3206 4197 bonum
3255 4146 3427 4199 admi-

1864 4241 2071 4288 remur,
2134 4225 2240 4279 nisi
2303 4225 2565 4294 magister
2629 4227 2786 4283 nobis
2847 4231 3100 4284 ostendat
3153 4232 3295 4287 viam
3364 4249 3426 4288 ac

194 4316 436 4373 rationem
469 4329 586 4390 qua
624 4319 677 4373 id
731 4319 1131 4390 acquiramus?
1167 4319 1452 4386 Quomodo
1479 4336 1608 4392 ergo
1633 4321 1750 4378 ﬁeri
1824 4328 2004 4392 potest
2031 4329 2090 4374 ut
2121 4334 2220 4375 nos
2251 4334 2472 4390 Quoque
2498 4319 2672 4376 simus
2703 4321 2831 4376 boni
2860 4324 3177 4394 participes,
3237 4326 3426 4390 audia-

190 4421 294 4463 mus
323 4411 636 4468 doctorem.

253 4516 269 4546 ι
291 4499 393 4553 Τοῦ
421 4502 616 4570 σοφοῦ,
652 4521 670 4552 ι
705 4503 886 4572 φησιν,
916 4521 933 4554 ι
966 4505 1013 4556 οἱ
1048 4503 1331 4573 ὀφθαλμοὶ,
1363 4504 1419 4556 ὲν
1449 4507 1514 4575 τῇ
1551 4504 1759 4576 κεφαλῇ

1940 4516 1960 4550 ι
2004 4495 2302 4567 Sapientis,
2350 4515 2367 4547 ι
2410 4496 2607 4565 inquit.
2639 4515 2657 4546 ι
2701 4498 2842 4550 oculi
2901 4499 2952 4551 in
3009 4499 3190 4567 capite
3222 4499 3363 4567 ejus.
3393 4523 3418 4558 ,ι

188 4586 352 4644 σύτοῦ.
382 4609 401 4641 ι
435 4592 502 4644 Τί
535 4592 712 4645 ταῦτα
749 4592 928 4659 λέγει;
959 4593 1103 4645 ἐστιν
1137 4593 1246 4665 ἄρα
1279 4591 1415 4654 ζῶον
1449 4593 1583 4656 ὅλως
1604 4595 1632 4646 ὃ
1652 4593 1754 4657 ἔξω

186 4675 270 4742 τῆς
290 4681 532 4750 κεφαλῆς
557 4681 669 4750 ἔχει
701 4680 770 4733 τὰ
800 4681 907 4732 τῶν
936 4680 1225 4750 ὀφθαλμῶν
1257 4677 1614 4750 αἰσθητήριας
1649 4681 1752 4733 κᾶν

186 4761 386 4835 ἔνυδρον
418 4769 583 4839 εἴπης
602 4809 616 4832 ,
647 4769 748 4822 κᾶν
774 4772 1024 4838 χερσαῖον
1050 4769 1153 4822 κᾶν
1185 4769 1464 4838 ἐναέριονῖ
1497 4770 1583 4821 Ἐν
1618 4771 1751 4823 πᾶσι

187 4855 282 4925 γάρ
317 4845 599 4928 ὀφθαλμός
623 4861 717 4913 τοῦ
746 4859 932 4913 λοιποῦ
964 4859 1327 4930 προϐέϐληται
1357 4861 1626 4930 σώματος,
1656 4860 1751 4913 καὶ

186 4947 238 5014 τῇ
270 4948 479 5018 κεφαλῇ
508 4950 614 5002 τῶν
651 4949 883 5018 ἐχόντων
916 4949 1157 5018 κεφαλὴν
1193 4949 1593 5018 ὲγκαθίδρυται.
1632 4949 1752 5010 Πῶς

184 5029 266 5085 οὖν
307 5038 547 5090 ἐνταῦθα
594 5040 756 5102 μόνου
809 5039 955 5107 λέγει
1006 5038 1099 5092 τοῦ
1159 5039 1320 5108 σοφοῦ
1369 5039 1466 5110 τὴν
1513 5039 1752 5109 κεφαλὴν

184 5122 554 5194 ὼμματῶσθαι
575 5146 589 5192 ς
612 5130 683 5181 Ἢ
701 5129 858 5182 τοῦτο
881 5131 1091 5190 πάντως
1113 5129 1470 5200 ὑποσημαίνει
1492 5129 1568 5199 τῷ
1584 5129 1747 5199 λόγῳ.

184 5215 254 5266 ὅτι
297 5219 564 5286 ἀναλογία
591 5221 673 5284 τίς
703 5221 816 5272 ἐστι
846 5219 954 5272 τῶν
987 5221 1044 5272 ἐν
1080 5223 1144 5290 τῇ
1183 5219 1327 5290 ψυχῇ
1363 5219 1748 5290 θεωρουμένων

189 5303 311 5374 πρὸς
337 5307 408 5360 τὰ
437 5308 538 5362 τοῦ
566 5308 814 5378 σώματος
846 5310 1020 5381 μέρη;
1049 5312 1158 5364 Καὶ
1180 5310 1368 5380 ὥσπερ
1397 5311 1489 5362 ἐπὶ
1515 5310 1616 5380 τῆς
1646 5327 1748 5362 σω-

191 5398 417 5468 ματικῆς
457 5400 796 5465 διαπλάσεως
843 5402 904 5454 τὸ
937 5403 1162 5473 προέχον
1211 5402 1305 5455 τοῦ
1365 5403 1484 5456 ὅλου
1539 5400 1746 5472 κεφαλὴ

251 5573 294 5606 ’³
331 5573 480 5630 Psal.
515 5591 628 5640 Clll,
656 5577 746 5630 24.

513 5668 779 5728 Parnm.
821 5670 939 5730 Gn.
978 5671 1188 5732 XLIV.

1861 4589 1972 4645 Cur
2015 4590 2129 4642 hinc
2157 4587 2331 4640 dicit?
2377 4585 2542 4638 Estne
2595 4587 2761 4640 ullum
2792 4587 3013 4640 omnin
3047 4588 3246 4641 animal
3277 4590 3421 4657 quod

1861 4680 2060 4734 habeat
2105 4676 2294 4730 oculos
2348 4685 2500 4729 extra
2545 4685 2732 4746 caput,
2781 4693 2876 4731 seu
2913 4677 3120 4731 dixeris
3161 4680 3420 4747 aquatile,

1860 4785 1954 4824 seu
1989 4776 2264 4833 terrestre,
2298 4781 2392 4822 seu
2435 4767 2698 4821 aereum?
2747 4767 2801 4820 In
2836 4768 3092 4821 omnibus
3120 4769 3264 4822 enim
3293 4784 3426 4822 ocu-

1859 4859 1946 4912 lus
1974 4857 2186 4927 reliquo
2217 4857 2434 4926 corpori
2462 4866 2545 4910 est
2575 4858 2900 4926 praepositus
2929 4865 2982 4911 et
3011 4857 3317 4914 collocatus
3341 4869 3424 4914 est

1861 4950 1916 5003 in
1950 4949 2129 5019 capite
2161 4962 2353 5003 eorum
2390 4962 2512 5016 qua:
2542 4947 2743 5000 habent
2773 4958 2955 5015 caput.
2987 4949 3269 5014 Quomodo
3294 4965 3424 5020 ergo

1857 5039 1947 5092 hic
2004 5038 2137 5092 dicit
2194 5037 2366 5091 solius
2419 5036 2682 5105 sapientis
2733 5045 2896 5106 caput
2959 5038 3240 5105 praeditum
3300 5054 3423 5096 ess».

1857 5128 2077 5183 oculis?
2119 5128 2202 5179 An
2259 5127 2364 5179 hoc
2417 5128 2642 5181 omnino
2706 5130 2869 5182 tacite
2927 5129 3219 5199 signiﬁcat,
3272 5131 3418 5199 quod

1854 5232 2043 5274 eorum
2078 5232 2199 5286 qua:
2231 5215 2655 5270 considerantur
2701 5218 2753 5270 in
2790 5219 2990 5280 anima,
3043 5227 3126 5272 est
3176 5219 3418 5287 quaedam

1854 5309 2135 5380 proportio
2161 5315 2215 5362 et
2261 5307 2641 5372 convenientia
2677 5324 2799 5363 cum
2843 5309 3088 5378 partibus
3121 5309 3367 5377 corporis
3399 5309 3423 5361 '3

1855 5410 1908 5457 et
1956 5401 2102 5456 sicut
2147 5398 2202 5454 in
2257 5398 2425 5471 ﬁgura
2475 5400 2720 5470 corporis
2768 5400 2817 5454 id
2865 5401 3008 5469 quod
3063 5403 3156 5457 toti
3206 5407 3420 5486 praeest,

3078 5666 3155 5718 9‘1
