4018 6334
597 227 702 283 683

1820 218 1875 274 s.
1919 217 2242 274 GREGOR-ll
2276 218 2571 276 NYSSENI
3679 237 3760 295 δη

577 349 761 410 caput
819 337 1151 399 nominatur,
1206 335 1280 390 ita
1325 333 1488 390 etiam
1553 335 1608 388 in
1668 334 1848 388 anima
1902 334 1954 388 id
2013 335 2151 404 quod

2261 335 2606 405 ὀνομάζεται,
2641 335 2782 389 οὑτω
2819 337 2912 389 καὶ
2950 338 3040 389 ἐπὶ
3062 336 3161 407 τῆς
3199 337 3368 409 ψυχῆς
3407 342 3460 394 τὸ
3489 344 3765 415 ἡγεμονικόν

594 431 960 502 principatum
993 429 1222 491 obtinet,
1269 435 1322 482 et
1353 427 1587 498 primum
1616 435 1762 480 tenet
1813 426 2014 489 locum,
2063 439 2159 494 pro

595 522 774 591 capite
805 519 1124 589 intelligitur
1151 536 1164 584 ;
1191 527 1244 572 et
1267 533 1375 588 quo
1404 517 1566 572 modo
1594 517 1746 588 pedis
1773 516 1948 570 basim
1975 515 2160 585 appel-

592 617 770 670 lamus
812 613 1129 668 calcaneum
1155 651 1174 678 ,
1209 611 1282 664 ita
1329 610 1492 665 etiam
1543 608 1708 664 fuerit
1747 608 1895 662 basis
1943 607 2157 670 animm,

595 722 691 778 per
733 721 897 775 quam
947 704 1168 771 attingit
1214 703 1462 774 corporis
1510 701 1964 765 coalescentiam,
2016 699 2158 754 unde

595 796 840 850 immittit
859 796 912 849 in
945 794 1248 863 subjectum
1278 791 1544 848 sentiendi
1562 794 1670 846 vim
1689 801 1742 848 et
1765 791 2155 863 operationem.

589 885 820 950 Quando
848 900 977 954 ergo
1007 882 1373 953 perspiciendi
1409 890 1460 937 et
1508 880 1915 950 contemplandi
1963 879 2045 934 vis
2103 880 2157 933 in

536 991 539 996 λ
589 978 770 1030 anima
801 987 1102 1044 occupatur
1126 978 1178 1030 in
1207 975 1372 1031 rebus
1399 975 1720 1040 sensilibus,
1748 975 1804 1027 in
1835 973 1952 1043 ejus
1978 972 2158 1026 calca-

588 1082 722 1124 neos
741 1068 1022 1122 oculorum
1049 1065 1250 1120 transit
1281 1075 1497 1128 natura,
1520 1079 1617 1135 per
1643 1079 1782 1134 quos
1814 1064 2011 1134 aspicit
2036 1079 2157 1133 quae

539 1159 544 1206 .'
586 1164 716 1211 sunt
750 1156 1034 1218 inferiora,
1062 1155 1384 1210 sublimium
1435 1153 1871 1224 speculationum
1907 1162 2154 1207 eontem-

588 1247 846 1317 plationis
875 1259 1072 1316 expers
1102 1259 1330 1298 manens
1365 1244 1599 1314 penitus.
1635 1242 1732 1297 Sin
1757 1250 1938 1297 autem
1971 1259 2154 1298 rerum

589 1338 956 1408 subjectarum
996 1337 1214 1407 cognita
1248 1336 1512 1400 vanitate,
1542 1335 1828 1391 sustulerit
1857 1335 2048 1390 oculos
2087 1335 2155 1389 ad

589 1443 750 1482 suum
780 1434 966 1496 caput,
1002 1426 1147 1497 quod
1178 1433 1261 1482 est
1290 1424 1565 1491 Christus,
1594 1426 1739 1481 sicut
1769 1428 2156 1495 interpretatur

589 1517 809 1576 Paulus.
834 1516 992 1571 beata
1016 1514 1292 1569 censenda
1316 1513 1482 1569 fuerit
1510 1520 1733 1584 propter
1761 1528 1940 1568 acrem
1971 1513 2156 1568 oculo-

587 1620 709 1659 rum
743 1606 936 1667 aciem,
992 1612 1053 1658 ut
1090 1619 1210 1674 qua:
1240 1603 1352 1658 illic
1385 1603 1582 1656 habeat
1630 1602 1846 1668 oculos,
1881 1603 1974 1658 ubi
2026 1602 2154 1656 mali

2259 441 2319 476 τε
2351 427 2443 478 καὶ
2473 427 2904 496 προτεταγμένον
2942 427 3061 480 ἀντὶ
3111 428 3347 498 κεφαλῆς
3383 435 3582 486 νοεῖται’
3613 441 3693 491 καλ
3718 441 3764 492 ὃν

2257 515 2456 586 τρόπον
2479 517 2716 592 πτέρναν
2737 517 2836 587 τὴν
2856 516 2950 570 τοῦ
2974 518 3131 581 ποδὸς
3156 518 3309 588 βάσιν
3332 527 3766 597 προσαγορεύομεν,

2257 601 2429 665 οὑτως
2461 603 2527 656 ἂν
2559 604 2642 672 εἴη
2679 605 2773 657 καὶ
2811 604 2910 674 τῆς
2953 604 3130 676 ψυχῆς
3163 607 3314 675 βάσις
3339 609 3401 662 δι’
3427 607 3489 681 ἦς
3515 614 3770 681 ἐφάπτεται

2258 695 2357 764 τῆς
2392 693 2665 763 συμφυΐας
2691 695 2785 747 τοῦ
2817 694 3087 766 σώματος,
3116 698 3236 750 ὅθεν
3271 700 3366 770 τὴν
3390 702 3678 774 αἰσθητικὴν
3700 707 3775 759 δύ·

2257 784 2416 854 ναμίν
2443 801 2502 836 τε
2528 786 2622 838 καὶ
2643 785 2922 856 ἐνέργειαν
2947 786 3022 856 τῷ
3049 787 3383 860 ὑποκειμένῳ
3403 792 3606 861 ἐνίησιν.
3635 795 3774 849 Ὅταν

2256 875 2436 929 τοίνυν
2470 877 2501 945 ή
2541 876 2820 946 διορατική
2859 895 2918 930 τε
2952 879 3040 931 καὶ
3074 877 3374 950 θεωρητικὴ
3401 883 3495 952 τῆς
3520 883 3680 954 ψυχῆς
3700 887 3777 940 δύ-

2257 985 2418 1037 ναμις
2447 968 2582 1038 πρὸς
2625 970 2692 1021 τὰ
2727 968 2960 1039 αἰσθητά
3003 970 3101 1039 τὴν
3149 972 3396 1040 ἀσχολίαν
3431 972 3569 1042 ἔχει,
3601 978 3670 1038 εἰς
3699 978 3778 1040 τὰς

2259 1060 2493 1130 πτέρναις
2527 1061 2698 1130 αὑτῆς
2731 1062 2764 1130 ή
2795 1060 2902 1113 τῶν
2939 1061 3231 1132 ὀφθαλμῶν
3257 1063 3413 1129 φύσις
3443 1066 3781 1135 ἀντιμεθίστα-

2257 1168 2365 1212 ται,
2400 1151 2466 1203 δι’
2503 1145 2576 1205 ὧν
2614 1152 2682 1206 τὰ
2711 1152 2860 1206 κάτω
2895 1152 3111 1222 βλέπει,
3155 1153 3262 1206 τῶν
3291 1154 3501 1223 ὑψηλῶν
3533 1156 3781 1227 Θεαμάτων

2255 1240 2481 1306 ἀθέατος
2519 1241 2776 1311 μένουσα.
2811 1242 2873 1295 El
2904 1243 2961 1296 δὲ
2988 1243 3300 1313 γνωρίσασα
3322 1243 3427 1298 τῶν
3451 1245 3784 1316 ὑποκειμένων

2256 1333 2316 1386 τὸ
2351 1334 2599 1403 μάταιον,
2641 1334 2904 1402 ἀναγάγοι
2941 1334 3038 1397 τὰς
3075 1334 3225 1404 ΰψεις
3263 1336 3354 1388 ἐπὶ
3382 1336 3478 1406 τὴν
3502 1339 3683 1406 ἑαυτῆς
3707 1357 3782 1392 κε-

2257 1423 2450 1494 φαλὴν,
2498 1424 2623 1493 ἥτις
2659 1424 2806 1476 ἐστὶν
2850 1426 2879 1477 ό
2919 1423 3182 1494 Χριστὸς,
3225 1423 3406 1486 καθὼς
3427 1414 3787 1495 διερμηνεύειό

2255 1514 2466 1578 Παῦλος
2489 1555 2503 1578 ,
2557 1516 2865 1586 μακαριστὴ
2909 1515 2974 1567 ἂν
3012 1513 3224 1581 γένοιτο
3265 1516 3364 1585 τῆς
3385 1514 3660 1581 δξυωπίας,
3691 1519 3786 1570 ἐκεῖ

2255 1605 2450 1676 ἔχουσα
2480 1607 2604 1670 τοὺς
2642 1605 2948 1676 ὀφθαλμοὺς
2967 1646 2981 1668 ,
3009 1605 3141 1657 ὃπου
3165 1606 3266 1658 οὑκ
3289 1605 3434 1659 ἔστιν
3463 1608 3495 1677 ἡ
3526 1606 3612 1660 τοῦ
3641 1608 3786 1662 κακοῦ

589 1711 697 1750 non
729 1702 812 1750 est
841 1695 1175 1750 obscuritas.
1210 1693 1436 1765 Magnus
1482 1694 1574 1748 ille
1607 1692 1835 1756 Paulus,
1878 1702 1932 1748 ct
1979 1688 2151 1764 siqui

2257 1697 2627 1768 ὲπισκότησις.
2656 1697 2865 1761 Παῦλος
2889 1701 2918 1751 ό
2942 1699 3112 1769 μέγας
3146 1699 3242 1752 καὶ
3279 1699 3334 1750 ετ
3357 1715 3500 1761 τινες
3527 1698 3664 1752 ἄλλοι
3689 1701 3788 1752 κατ’

582 1787 679 1841 alii
708 1794 835 1841 sunt
860 1787 1002 1841 sicut
1021 1785 1112 1840 ille
1137 1787 1338 1857 magni,
1362 1784 1634 1840 habebant
1657 1785 1846 1840 oculos
1875 1785 1929 1839 in
1953 1785 2151 1854 capite,

577 1887 640 1932 .et
661 1893 851 1934 omnes
873 1878 967 1948 qui
991 1878 1180 1932 vivunt
1201 1884 1256 1933 et
1283 1887 1591 1941 moventur,
1615 1885 1669 1932 et
1686 1885 1816 1932 sunt
1842 1877 1894 1930 in
1913 1875 2149 1930 Christo.

589 1969 723 2024 Nam
757 1970 898 2025 sicut
926 1968 1043 2022 fieri
1068 1984 1174 2022 non
1203 1974 1406 2037 potest,
1428 1975 1487 2020 ut
1509 1968 1604 2037 qui
1633 1967 1703 2021 sit
1735 1967 1790 2021 in
1823 1967 1943 2020 luce
1971 1965 2153 2019 videat

585 2063 884 2120 tenebras:
920 2062 993 2116 ita
1030 2075 1139 2116 non
1175 2066 1354 2130 potest
1408 2057 1544 2123 fieri,
1587 2064 1646 2112 ut
1677 2057 1769 2126 qui
1819 2056 1874 2110 in
1927 2055 2153 2111 Christo

590 2156 750 2209 habet
779 2155 1016 2217 oculum,
1051 2152 1117 2207 ad
1149 2149 1356 2220 aliquid
1390 2164 1590 2203 vanum
1618 2163 1740 2203 eum
1781 2147 2000 2219 deﬁgat.
2045 2147 2150 2214 Qui

587 2261 717 2317 ergo
746 2245 909 2300 habet
939 2245 1132 2298 oculos
1159 2241 1216 2296 in
1243 2241 1438 2311 capite,
1478 2220 1643 2310 caput
1681 2249 1859 2296 autem
1896 2240 2152 2310 intelligi-

588 2355 710 2394 mus
757 2335 1130 2391 universitatis
1185 2331 1561 2403 principium,
1621 2330 1784 2386 habet
1847 2332 2037 2384 oculos
2097 2331 2150 2384 in

589 2428 736 2482 omni
799 2425 997 2480 virtute
1059 2422 1336 2493 (Christus
1399 2427 1582 2474 autem
1639 2426 1724 2474 est
1788 2419 1962 2473 virtus
2027 2434 2152 2488 per-

589 2519 794 2581 fecta,’
844 2523 900 2570 et
968 2513 1118 2569 omni
1157 2528 1258 2568 ,εχ
1328 2519 1484 2582 parte
1577 2509 1989 2580 absoluta),in
2060 2524 2151 2564 ve-

588 2610 771 2672 ritate,
817 2607 872 2660 in
915 2604 1150 2674 justitia,
1205 2603 1259 2656 in
1313 2599 1851 2670 incorruptibilitate,
1904 2599 1959 2652 in
2001 2597 2149 2652 omni

587 2700 752 2754 bono.
795 2715 814 2749 ι
851 2694 1126 2765 Sapientis
1173 2708 1301 2763 ergo
1335 2692 1475 2748 oculi
1523 2699 1651 2747 sunt
1691 2691 1743 2744 in
1781 2690 1955 2760 capite
1991 2691 2148 2759 ejus:

589 2791 788 2846 stultus
818 2794 999 2843 autem
1032 2783 1355 2864 intenebris
1385 2782 1644 2836 ambulat.
1681 2803 1699 2832 ι
1733 2779 1834 2845 Qui
1865 2779 2005 2834 enim
2041 2794 2150 2834 non

589 2880 743 2952 ponit
775 2892 928 2935 suam
964 2876 1239 2930 lucernam
1268 2887 1432 2942 super
1464 2868 1871 2933 candelabrum,
1906 2866 1998 2922 sed
2031 2882 2150 2921 eam

589 2979 744 3045 ponit
774 2969 879 3026 sub
913 2969 1042 3024 base
1068 2967 1212 3032 lecti,
1241 2964 1402 3021 eﬂleit
1429 2971 1486 3018 ut
1515 2963 1604 3016 lux
1627 2962 1727 3018 sibi
1757 2963 1864 3016 sint
1893 2961 2148 3026 tenebrm,

589 3072 649 3116 ut
683 3061 773 3132 qui
817 3058 1054 3115 evaserit
1091 3055 1274 3125 opifex
1322 3054 1442 3122 ejus
1467 3052 1615 3123 quod
1651 3067 1758 3105 non
1802 3059 1980 3120 potest
2020 3067 2151 3105 Cun-

590 3154 806 3209 sistere.
838 3148 1052 3203 Vanum
1091 3155 1175 3201 est
1217 3153 1398 3199 autem
1434 3144 1486 3198 id
1528 3143 1672 3212 quod
1711 3142 2012 3197 consistere
2042 3144 2150 3198 non

591 3250 787 3313 potest.
828 3239 1091 3294 Tenebrae
1124 3251 1254 3307 ergo
1289 3235 1345 3289 in
1388 3233 1778 3304 significatione
1821 3241 2028 3286 tantum
2061 3249 2153 3287 va-

590 3336 726 3398 lent,
752 3342 1014 3403 quantum
1049 3343 1271 3382 vanum.
1307 3325 1471 3380 Stulti
1512 3340 1643 3396 ergo
1670 3325 1848 3378 anima
1877 3341 1998 3395 quae
2032 3341 2153 3381 cor-

590 3442 694 3498 pus
745 3423 956 3493 diligit,
1015 3427 1070 3476 et
1120 3425 1204 3476 est
1252 3418 1527 3483 carnalis,
1582 3417 1710 3472 dum
1758 3417 1873 3473 haec
1925 3418 2149 3488 aspicit,

589 3517 724 3572 nihil
755 3515 918 3570 videt.
951 3509 1106 3568 Vera:
1140 3511 1284 3565 enim
1317 3517 1446 3565 sunt
1476 3509 1711 3564 tenebrae
1749 3523 1876 3564 acer
1909 3511 2065 3566 visus
2097 3512 2151 3564 in

589 3608 908 3665 sensilibus.
940 3605 1104 3661 Vides
1137 3606 1272 3660 istos
1302 3618 1454 3659 acres
1487 3611 1540 3657 et
1579 3603 1632 3656 in
1664 3603 1766 3658 hac
1800 3603 1911 3657 vita
1957 3617 2152 3657 versu-

591 3712 675 3756 tos
712 3715 776 3755 ac
816 3698 1117 3761 versatiles,
1161 3710 1298 3765 quos
1333 3710 1433 3749 nos
1480 3709 1745 3749 vocamus
1783 3693 2151 3762 jurisperitos,

588 3808 750 3864 quam
788 3789 945 3845 facile
987 3787 1219 3845 efﬁciant
1251 3797 1308 3841 ut
1349 3787 1511 3841 liceat
1555 3785 1732 3839 facere
1761 3784 2038 3854 injuriam,
2071 3794 2153 3840 te-

589 3885 788 3946 stibus,
833 3882 1099 3952 patronis,
1132 3878 1352 3942 libellis,
1400 3876 1644 3948 judicum
1677 3877 2046 3941 observantia,
2095 3884 2154 3932 ut

573 3983 642 4030 -et
676 3975 872 4028 malum
914 3971 1118 4026 faciant
1154 3979 1208 4024 et
1241 3977 1459 4025 sumant
1489 3969 1854 4039 supplicium?
1880 3967 2013 4034 Quis
2045 3984 2152 4022 non

587 4078 774 4118 eorum
805 4063 1034 4116 miretur
1065 4058 1423 4113 subtilitatem
1458 4065 1511 4112 et
1551 4057 1807 4112 versatile
1836 4057 2155 4126 ingenium?

569 4154 729 4209 :Suut
783 4162 966 4207 tamen
1016 4151 1104 4206 isti
1158 4151 1310 4214 caeci,
1368 4150 1416 4204 si
1472 4147 1830 4203 conferantur
1876 4163 1999 4201 cum
2062 4149 2153 4202 illo

575 4244 768 4308 oculo,
806 4243 899 4312 qui
935 4255 996 4296 ea
1031 4254 1151 4311 qua:
1189 4253 1356 4310 supra
1383 4245 1532 4301 sunt,
1569 4237 1790 4306 aspicit,
1839 4237 1930 4306 qui
1969 4243 2052 4291 cs-t
2097 4237 2152 4291 in

2257 1791 2461 1842 ἐκεῖνον
2503 1789 2725 1858 μεγάλοι
2751 1791 2808 1844 ὲν
2837 1792 2903 1859 τῇ
2931 1789 3139 1860 κεφαλῇ
3170 1791 3300 1853 τοὺς
3325 1789 3625 1858 ὀφθαλμοὺς
3649 1786 3787 1859 εἶχον,

2254 1880 2348 1933 καὶ
2378 1880 2572 1942 πάντες
2606 1883 2653 1932 οἱ
2688 1881 2743 1932 ὲν
2777 1879 2996 1951 Χριστῷ
3035 1879 3237 1944 ζῶντες
3271 1881 3365 1933 καὶ
3399 1880 3690 1950 κινούμενοι
3715 1882 3789 1932 καὶ

2252 1969 2422 2033 ὄντες.
2459 1971 2546 2033 Ὠς
2579 1969 2642 2022 ἂν
2670 1972 2767 2023 οὑκ
2793 1969 2905 2023 ἔστι
2930 1971 3021 2023 τὸν
3049 1972 3106 2023 ὲν
3135 1971 3275 2039 φωτὶ
3299 1971 3429 2025 ὄντα
3455 1971 3634 2033 σκότος
3663 1971 3788 2031 ἰδεῖν,

2251 2059 2422 2122 οὑτως
2443 2061 2542 2112 οὑκ
2560 2059 2672 2113 ἔστι
2693 2061 2782 2114 τὸν
2803 2063 2862 2113 ὲν
2884 2061 2962 2130 τῷ
2990 2060 3206 2133 Χριστῷ
3227 2061 3320 2115 τὸν
3339 2061 3608 2132 ὀφθαλμὸν
3631 2063 3794 2132 ἔχοντα

2253 2153 2389 2226 πρός
2423 2170 2476 2206 τι
2517 2153 2625 2206 τῶν
2660 2153 2902 2224 ματαίων
2941 2155 3271 2209 ὲνατενίσαι.
3325 2156 3387 2207 'U
3417 2151 3510 2208 οὖν
3538 2157 3592 2206 ὲν
3619 2157 3677 2224 τῇ
3715 2171 3790 2206 κε-

2253 2243 2394 2315 φαλῇ
2427 2243 2554 2306 τοὺς
2582 2243 2892 2314 ὀφθαλμοὺς
2918 2242 3090 2314 ἔχων,
3123 2234 3374 2316 κεφαλὴν
3406 2245 3463 2297 δὲ
3505 2244 3600 2313 τὴν
3626 2243 3795 2302 παντὸς

2251 2335 2422 2406 ἀρχὴν
2463 2335 2786 2406 ὲνοήσαμεν,
2841 2337 2898 2389 ὲν
2931 2337 3080 2410 πάσῃ
3124 2337 3299 2408 ἀρετῇ
3348 2337 3474 2399 τοὺς
3519 2334 3795 2402 ὀφθαλμοὺς

2251 2425 2362 2494 ἔχει
2420 2424 2683 2496 (Χριστὸς
2737 2426 2845 2496 γάρ
2907 2428 3054 2480 ἐστιν
3095 2429 3128 2497 ἡ
3179 2427 3456 2496 παντελὴς
3500 2425 3712 2497 ἀρετὴ),
3751 2425 3796 2475 ἐν

2251 2515 2496 2587 ἀληθείᾳ,
2523 2518 2578 2569 ὲν
2597 2516 2929 2589 δικαιοσύνῃ,
2947 2519 3005 2570 ὲν
3029 2516 3333 2590 ἀφθαρσίᾳ,
3359 2521 3416 2572 ὲν
3438 2521 3595 2571 παντὶ
3616 2517 3795 2586 ἀγαθῷ.

2258 2625 2276 2657 ι
2301 2607 2404 2660 Τοῦ
2429 2627 2446 2658 ι
2467 2603 2559 2660 οὖν
2581 2628 2600 2659 ι
2626 2607 2786 2677 σοφοῦ
2808 2607 2856 2659 οἱ
2882 2608 3166 2678 ὀφθαλμοὶ,
3202 2612 3266 2663 έν
3292 2609 3501 2680 κεφαλῇ
3523 2608 3695 2662 αὑτοῦ·
3718 2608 3801 2661 ὁδὶ

2252 2697 2456 2769 ἄφρων,
2487 2699 2544 2751 ὲν
2568 2699 2746 2752 σκότει
2776 2699 3084 2770 πορεύεται.
3113 2719 3131 2752 ι
3163 2699 3224 2753 '0
3256 2701 3369 2772 γὰρ
3400 2702 3475 2771 μὴ
3498 2703 3586 2754 ἐπὶ
3615 2699 3702 2769 τὴν
3727 2699 3802 2750 λυ-

2253 2791 2404 2860 χνίαν
2434 2790 2524 2844 τὸν
2557 2788 2748 2844 ἑαυτοῦ
2777 2790 2967 2861 λύχνον
3002 2791 3296 2862 προτείνας
3317 2832 3332 2852 ,
3363 2791 3479 2846 ἀλλ’
3515 2790 3804 2844 ὑποϐάλλειν

2253 2883 2316 2951 τῇ
2353 2880 2504 2950 βάσει
2533 2882 2633 2951 τῆς
2658 2881 2866 2951 κλίνης.
2893 2882 2952 2934 τὸ
2979 2883 3181 2951 φέγγος
3208 2884 3402 2954 ἐαυτῷ
3434 2884 3619 2945 σκότος
3643 2882 3804 2949 ἐποίη-

2255 2989 2366 3037 σεν,
2390 2971 2718 3042 δημιουργὸς
2739 2969 2832 3024 τοῦ
2857 2971 3206 3041 ἀνυπάρκτου
3239 2974 3559 3043 γενόμενος.
3590 2972 3806 3025 Μάτσιον

2252 3063 2308 3116 δὲ
2345 3063 2403 3116 τὸ
2443 3062 2804 3134 ἀνύπαρκτον.
2839 3058 2987 3116 Ἷσον
3022 3058 3114 3116 οἷν
3147 3064 3270 3116 ἐστι
3306 3064 3453 3118 κατὰ
3491 3063 3550 3116 τὸ
3581 3060 3810 3130 σημαινό-

2257 3171 2412 3225 μενον
2439 3153 2514 3224 τῷ
2552 3153 2761 3225 ματαίῳ
2804 3155 2862 3207 τὸ
2906 3156 3114 3219 σκότος.
3161 3155 3276 3208 Τοῦ
3309 3155 3490 3208 τοίνυν
3540 3150 3807 3223 ἄφρονοςὴ

2251 3246 2394 3314 ψυχὴ
2433 3241 2805 3314 φιλοσώματός
2833 3262 2918 3307 τις
2949 3248 3041 3298 καὶ
3068 3246 3364 3316 σαρκώδης
3404 3242 3735 3313 γεγενημένη
3763 3241 3810 3290 ἐν

2252 3335 2327 3406 τῷ
2373 3335 2544 3388 ταῦτα
2592 3333 2824 3404 βλέπειν,
2873 3335 3055 3404 βλέπει
3099 3336 3278 3388 οὐδέν’
3314 3336 3509 3397 σκότος
3549 3334 3653 3401 γάρ
3684 3333 3810 3382 ἐστιν

2253 3425 2467 3496 ἀληθῶς
2504 3427 2537 3496 ἡ
2583 3427 2640 3478 ἐν
2681 3427 2888 3487 τούτοις
2925 3425 3187 3490 ὁξυωπία.
3250 3427 3423 3497 Ὁρᾷς
3458 3427 3584 3487 τοὺς
3627 3423 3813 3493 δριμεῖς
3879 3432 3881 3435 ’

2251 3520 2472 3582 τούτους
2504 3519 2597 3572 καὶ
2623 3518 2955 3588 εὐστρόφους
2999 3518 3140 3572 κατά
3185 3518 3283 3573 τὸν
3336 3519 3475 3589 βίον,
3501 3518 3594 3580 οὓς
3625 3517 3810 3569 δικανι-

2253 3610 2382 3673 κοὺς
2405 3608 2758 3679 ὀνομάζομεν,
2794 3610 2940 3672 ὅπως
2970 3610 3181 3673 ἑαυτοῖς
3218 3610 3323 3680 τὴν
3356 3610 3575 3663 ἀδικίαν
3609 3606 3816 3674 ἐξευμα·

2256 3700 2482 3773 ρίζουσι,
2520 3700 2775 3771 μάρτυσι,
2807 3700 3143 3770 συνηγόροις,
3167 3704 3446 3771 γραφαῖς,
3475 3703 3540 3770 τῇ
3567 3698 3669 3751 τῶν
3695 3697 3816 3749 δικα·

2255 3791 2395 3874 στῶν
2439 3791 2722 3862 θεραπείᾳ,
2756 3791 2895 3844 ὥστε
2939 3791 3034 3844 καὶ
3071 3791 3130 3842 τὸ
3178 3792 3365 3844 κακὸν
3403 3783 3820 3860 κατεργάζεσθαι

2253 3884 2348 3937 καὶ
2373 3882 2616 3937 ἐκδοῦναι
2641 3886 2739 3954 τὴν
2763 3885 3065 3955 τιμωρίαν;
3093 3882 3187 3946 Τίς
3210 3885 3274 3936 οὑ
3300 3884 3582 3953 θαυμάζει
3609 3882 3665 3934 τὺ
3690 3877 3818 3946 ἀγχί-

2253 3990 2376 4028 νουν
2402 3973 2508 4026 τῶν
2542 3973 2793 4026 τοιούτων
2835 3975 2929 4028 καὶ
2962 3973 3442 4045 εὑπερίτρεπτον;
3505 3973 3642 4027 Ἀλλ’
3690 3972 3817 4039 ὅμως

2252 4065 2439 4133 τυφλοί
2480 4067 2612 4118 εἰσιν
2640 4067 2686 4118 οἱ
2719 4066 2969 4128 τοιοῦτοι,
3000 4067 3046 4119 εἰ
3093 4067 3232 4138 πρὸς
3262 4069 3481 4120 ἐκεῖνον
3519 4067 3609 4119 τὸν
3645 4062 3820 4130 ὀφθαλ-

2258 4155 2356 4226 μδν
2375 4155 2728 4222 ὲξετάζοιντο,
2758 4157 2849 4208 τὸν
2871 4156 2937 4209 τὰ
2959 4157 3068 4210 ἀνω
3091 4156 3389 4226 βλέποντα,
3418 4158 3513 4210 τὸν
3539 4159 3607 4227 τῇ
3633 4151 3818 4220 κεφαλῇ

2252 4245 2360 4298 τῶν
2385 4245 2551 4298 ὄντων
2582 4247 2915 4316 ἐγκείμενον,
2951 4247 3140 4316 τυφλοί
3172 4244 3318 4300 εἰσιν
3355 4249 3640 4318 ἄντικρυς,
3667 4246 3711 4298 οἱ
3738 4243 3820 4312 τὴν

565 4336 985 4403 .capiteeorum
1016 4347 1136 4405 quae
1164 4347 1292 4389 vere
1322 4342 1478 4402 sunt;
1507 4330 1665 4399 plane
1706 4337 1838 4384 sunt
1876 4329 2028 4393 caeci,
2059 4329 2151 4398 qui

2254 4335 2488 4404 πτέρναν
2521 4337 2722 4388 ὲαυτῶν
2753 4336 3202 4400 καλλωπίζοντες,
3229 4339 3339 4410 τὴν
3378 4336 3818 4410 σπαρασσομένην

587 4440 747 4480 suum
773 4431 971 4478 ornant
1001 4423 1336 4484 calcaneum,
1369 4419 1510 4491 quod
1539 4421 1812 4475 laceratur
1833 4433 1864 4473 a
1892 4419 2150 4474 dentibus

570 4514 878 4584 serpentis.
930 4511 1223 4581 Propterea
1277 4511 1420 4566 enim
1466 4510 1608 4581 quod
1663 4525 1727 4565 ea
1779 4525 1900 4580 quae
1937 4509 2149 4566 inferne

576 4612 741 4665 --sunt,
764 4602 1062 4672 aspiciunt,
1096 4601 1202 4656 sibi
1227 4601 1361 4671 ipsis
1392 4601 1710 4670 imprimunt
1738 4599 1990 4669 dogmata
2024 4615 2151 4670 pec—

573 4695 716 4748 .cati.
756 4711 774 4744 ι
811 4691 915 4758 Qui
947 4692 1092 4746 enim
1133 4690 1310 4760 diligit
1359 4691 1722 4759 iniquitatem,
1757 4688 1868 4742 odit
1910 4688 2149 4741 animam

582 4799 740 4838 suam
761 4784 828 4847 ⁷⁸,
866 4803 884 4835 ι
937 4792 990 4837 et
1031 4781 1176 4850 quod
1221 4796 1288 4836 ex
1328 4782 1395 4836 iis
1440 4782 1583 4835 inter
1616 4781 1862 4836 homines
1895 4787 2153 4835 censetur

583 4878 828 4937 beatum,
863 4884 948 4930 est
996 4874 1284 4944 quibusvis
1337 4875 1502 4930 rebus
1552 4873 1800 4929 adversis
1857 4872 2146 4928 miserabi-

583 4970 713 5024 lius.
757 4967 929 5033 Quam
962 4966 1118 5020 multi
1168 4973 1348 5021 autem
1386 4982 1580 5022 rursus
1626 4974 1816 5020 contra
1860 4974 2008 5027 sunt,
2055 4964 2148 5035 qui

586 5063 864 5130 replentur
920 5059 986 5113 iis
1020 5073 1140 5128 qua:
1194 5067 1322 5113 sunt
1368 5057 1422 5111 in
1474 5059 1582 5111 alto
1630 5060 2042 5122 certaminibus,
2095 5066 2148 5112 et

587 5159 872 5205 versantur
901 5152 954 5204 in
985 5164 1179 5204 eorum
1211 5164 1331 5220 qua:
1359 5163 1486 5204 vere
1512 5156 1637 5204 sunt
1667 5150 2144 5218 contemplatione,

582 5241 970 5296 existimantur
1005 5247 1184 5294 autem
1242 5238 1369 5294 caeci
1408 5246 1460 5294 et
1496 5238 1716 5292 inutiles
1746 5239 1799 5291 in
1834 5239 2001 5294 rebus
2032 5254 2148 5292 ma-

582 5331 889 5390 terialibus.
921 5330 1134 5400 qualem
1170 5344 1229 5384 se
1251 5330 1519 5400 gloriatur
1548 5346 1671 5384 esse
1699 5329 1927 5390 Paulus,
1957 5329 2146 5386 dicens

581 5438 640 5478 se
669 5438 790 5477 esse
827 5423 1053 5475 stultum
1083 5431 1306 5492 pr0pter
1336 5421 1635 5476 Christum.
1670 5419 1801 5490 Ejus
1832 5420 1976 5475 enim
2012 5436 2144 5490 pru-

659 5599 698 5631 ”
736 5596 878 5652 Psal.
929 5613 984 5660 ι,
1026 5597 1078 5652 6.

2255 4428 2367 4488 τοῖς
2396 4425 2572 4478 ὀδοῦσι
2598 4426 2691 4479 τοῦ
2723 4427 2913 4494 ὄφεως.
2942 4430 3018 4478 Δι’
3045 4421 3119 4480 ὧν
3140 4427 3250 4498 γὰρ
3276 4431 3354 4482 τὰ
3382 4431 3540 4484 κάτω
3571 4428 3814 4498 βλέπουσι.

2253 4516 2322 4568 τὰ
2369 4516 2610 4586 δόγματα
2656 4517 2754 4588 τῆς
2810 4520 3080 4588 ἁμαρτίας
3121 4521 3342 4585 ἑαυτοῖς
3389 4523 3813 4594 ὲγχαράσσουσιν.

2262 4621 2280 4652 ι
2330 4603 2386 4653 Ὁ
2418 4603 2526 4673 γάρ
2553 4603 2783 4671 ἀγαπῶν
2807 4604 3040 4668 ἀδικίαν,
3060 4610 3207 4675 μισεῖ
3223 4608 3330 4680 τὴν
3355 4612 3563 4663 ἑαυτοῦ
3580 4609 3766 4678 ψυχὴν,
3796 4623 3810 4654 ι

2253 4692 2349 4746 καὶ
2380 4691 2440 4744 τὸ
2484 4693 2914 4763 μακαριζόμενον
2960 4694 3139 4749 αὐτῶν
3167 4695 3226 4747 ἐν
3270 4697 3622 4769 ἀνθρώποις,
3656 4695 3808 4761 πάσης

2252 4783 2587 4853 δυσπραγίας
2607 4783 2980 4855 ἐλεεινότερον.
3014 4786 3174 4840 Πόσοι
3213 4787 3272 4840 δὲ
3301 4790 3476 4843 πάλιν
3501 4792 3566 4843 ὲκ
3587 4788 3677 4842 τοῦ
3698 4789 3818 4838 ἐνανο

2250 4874 2365 4927 τίου
2393 4873 2501 4927 τῶν
2530 4875 2587 4926 ὲν
2604 4874 2681 4945 τῷ
2725 4872 2848 4944 ὕψει
2887 4877 3112 4944 ἀγώνων
3155 4879 3582 4950 ἐμφορούμενοι
3603 4919 3616 4940 ,
3647 4876 3734 4930 καὶ
3760 4874 3817 4939 τῇ

2257 4965 2458 5036 θεωρίᾳ
2485 4965 2591 5018 τῶν
2613 4965 2778 5028 δντως
2803 4966 2969 5020 όντων
2998 4968 3509 5038 ἀπασχολάζοντες,
3543 4967 3724 5038 τυφλοί
3753 4982 3821 5015 τι-

2255 5071 2344 5117 νες
2384 5057 2441 5106 ὲν
2487 5058 2599 5118 τοῖς
2638 5055 2840 5120 ὑλικοῖς
2865 5060 3183 5128 πράγμασιν
3208 5055 3361 5114 εἶναι
3399 5061 3711 5132 νομίζονται
3741 5053 3822 5107 καὶ

2253 5144 2533 5213 ἀνόνητοι,
2573 5140 2682 5199 οἷον
2709 5149 2805 5200 καὶ
2836 5151 2864 5202 ὁ
2890 5149 3098 5214 Παῦλος
3141 5145 3284 5204 εἶναι
3318 5155 3628 5222 καυχᾶται,
3663 5145 3826 5220 μωρὸν

2254 5235 2441 5288 ἑαυτὸν
2463 5235 2547 5289 διά
2569 5237 2658 5289 τὸν
2687 5235 2912 5310 Χριστὸν
2936 5235 3073 5294 εἶναι
3095 5240 3294 5310 λέγων.
3354 5244 3426 5297 Ἦ
3451 5244 3563 5314 γὰρ
3588 5240 3826 5310 φρόνησις

2244 5325 2408 5380 αὑτοῦ
2451 5327 2543 5380 καὶ
2575 5329 2608 5398 ἡ
2639 5329 2798 5399 σοφία
2829 5331 2964 5402 πρὸς
2993 5333 3143 5385 οὐδὲν
3171 5332 3281 5386 τῶν
3312 5328 3423 5387 ὧδε
3472 5322 3829 5395 σπουδαζομέ-

2246 5432 2350 5469 νων
2377 5415 2670 5484 ἠσχολεῖτο.
2693 5419 2783 5472 Διδ
2807 5418 2973 5488 λέγει,
3007 5440 3026 5474 ι
3049 5423 3234 5493 Ἡμεῖς
3267 5424 3460 5494 μωροὶ
3484 5423 3578 5476 διὰ
3600 5416 3688 5473 τὸν
3710 5413 3830 5484 Χρι-
