  <div class='ocr_page' id='page_1' title='image "/cluster/home/n/w/nwhite01/storage/ocr_20150623/44/hvd.32044052767431/350.png"; bbox 0 0 4018 6334; ppageno 0'>
   <div class='ocr_carea' id='block_1_1' title="bbox 251 225 1753 308">
    <p class='ocr_par' dir='ltr' id='par_1_1' title="bbox 251 225 1753 308">
     <span class='ocr_line' id='line_1_1' title="bbox 251 225 1753 308; baseline -0.001 -1"><span class='ocrx_word' id='word_1_1' title='bbox 251 255 330 307; x_wconf 63' lang='lat' dir='ltr'><strong>ass</strong></span> <span class='ocrx_word' id='word_1_2' title='bbox 609 225 614 229; x_wconf 73' lang='grc'><strong>’</strong></span> <span class='ocrx_word' id='word_1_3' title='bbox 1248 251 1311 305; x_wconf 68' lang='lat' dir='ltr'>IN</span> <span class='ocrx_word' id='word_1_4' title='bbox 1346 251 1753 308; x_wconf 73' lang='lat' dir='ltr'><strong>ECCLESIAS&#39;I</strong></span> 
     </span>
    </p>
   </div>
   <div class='ocr_carea' id='block_1_2' title="bbox 1856 225 2374 308">
    <p class='ocr_par' dir='ltr' id='par_1_2' title="bbox 1856 227 2374 305">
     <span class='ocr_line' id='line_1_2' title="bbox 1856 227 2374 305; baseline 0 -1"><span class='ocrx_word' id='word_1_5' title='bbox 1856 253 1878 304; x_wconf 64' lang='lat'><strong>‘.</strong></span> <span class='ocrx_word' id='word_1_6' title='bbox 1915 248 2199 305; x_wconf 62' lang='lat' dir='ltr'><strong>nouum</strong></span> <span class='ocrx_word' id='word_1_7' title='bbox 2235 251 2300 305; x_wconf 85' lang='lat' dir='ltr'><strong>v.</strong></span> <span class='ocrx_word' id='word_1_8' title='bbox 2368 227 2374 238; x_wconf 87' lang='grc'><em>’</em></span> 
     </span>
    </p>
   </div>
   <div class='ocr_carea' id='block_1_3' title="bbox 3318 249 3424 338">
    <p class='ocr_par' dir='ltr' id='par_1_3' title="bbox 3318 249 3424 338">
     <span class='ocr_line' id='line_1_3' title="bbox 3318 249 3424 338; baseline -0.038 -28"><span class='ocrx_word' id='word_1_9' title='bbox 3318 249 3424 338; x_wconf 73' lang='lat' dir='ltr'><strong>ess</strong></span> 
     </span>
    </p>
   </div>
   <div class='ocr_carea' id='block_1_4' title="bbox 248 363 1753 440">
    <p class='ocr_par' dir='ltr' id='par_1_4' title="bbox 248 365 1753 440">
     <span class='ocr_line' id='line_1_4' title="bbox 248 365 1753 440; baseline -0.002 -17"><span class='ocrx_word' id='word_1_10' title='bbox 248 368 390 423; x_wconf 77' lang='grc' dir='ltr'>στόνί</span> <span class='ocrx_word' id='word_1_11' title='bbox 413 368 479 430; x_wconf 85' lang='grc' dir='ltr'>ὠς</span> <span class='ocrx_word' id='word_1_12' title='bbox 501 366 560 420; x_wconf 76' lang='grc' dir='ltr'>ἂν</span> <span class='ocrx_word' id='word_1_13' title='bbox 579 367 623 418; x_wconf 88' lang='grc' dir='ltr'>εἱ</span> <span class='ocrx_word' id='word_1_14' title='bbox 647 365 795 435; x_wconf 79' lang='grc' dir='ltr'>ἔλεγε</span> <span class='ocrx_word' id='word_1_15' title='bbox 805 383 850 419; x_wconf 75' lang='grc' dir='ltr'>νο</span> <span class='ocrx_word' id='word_1_16' title='bbox 881 366 1068 436; x_wconf 82' lang='grc' dir='ltr'>Ἡμεῖς</span> <span class='ocrx_word' id='word_1_17' title='bbox 1088 367 1273 433; x_wconf 70' lang='grc' dir='ltr'>τυφλοὶ</span> <span class='ocrx_word' id='word_1_18' title='bbox 1289 368 1363 438; x_wconf 84' lang='grc' dir='ltr'>τῷ</span> <span class='ocrx_word' id='word_1_19' title='bbox 1386 367 1533 421; x_wconf 79' lang='grc' dir='ltr'>κάτω</span> <span class='ocrx_word' id='word_1_20' title='bbox 1548 368 1666 440; x_wconf 84' lang='grc' dir='ltr'>βίῳ,</span> <span class='ocrx_word' id='word_1_21' title='bbox 1685 370 1753 420; x_wconf 76' lang='grc' dir='ltr'>διέ</span> 
     </span>
    </p>
   </div>
   <div class='ocr_carea' id='block_1_5' title="bbox 1856 363 3430 440">
    <p class='ocr_par' dir='ltr' id='par_1_5' title="bbox 1874 363 3430 432">
     <span class='ocr_line' id='line_1_5' title="bbox 1874 363 3430 432; baseline 0.004 -18"><span class='ocrx_word' id='word_1_22' title='bbox 1874 363 2056 418; x_wconf 69' lang='lat' dir='ltr'><strong>(lentia</strong></span> <span class='ocrx_word' id='word_1_23' title='bbox 2107 372 2160 418; x_wconf 90' lang='lat' dir='ltr'><strong>et</strong></span> <span class='ocrx_word' id='word_1_24' title='bbox 2223 363 2488 432; x_wconf 76' lang='lat' dir='ltr'><strong>sapientia</strong></span> <span class='ocrx_word' id='word_1_25' title='bbox 2548 364 2875 420; x_wconf 88' lang='lat' dir='ltr'><strong>versabatur</strong></span> <span class='ocrx_word' id='word_1_26' title='bbox 2928 363 2981 418; x_wconf 92' lang='lat' dir='ltr'><strong>in</strong></span> <span class='ocrx_word' id='word_1_27' title='bbox 3036 363 3188 419; x_wconf 89' lang='lat' dir='ltr'><strong>nullo</strong></span> <span class='ocrx_word' id='word_1_28' title='bbox 3239 379 3430 421; x_wconf 83' lang='lat' dir='ltr'><strong>eorum</strong></span> 
     </span>
    </p>
   </div>
   <div class='ocr_carea' id='block_1_6' title="bbox 243 456 1761 530">
    <p class='ocr_par' dir='ltr' id='par_1_6' title="bbox 243 456 1761 530">
     <span class='ocr_line' id='line_1_6' title="bbox 243 456 1761 530; baseline -0.001 -17"><span class='ocrx_word' id='word_1_29' title='bbox 243 464 290 514; x_wconf 74' lang='grc' dir='ltr'>τὸ</span> <span class='ocrx_word' id='word_1_30' title='bbox 313 459 408 513; x_wconf 71' lang='grc' dir='ltr'>ἄνω</span> <span class='ocrx_word' id='word_1_31' title='bbox 442 457 667 526; x_wconf 81' lang='grc' dir='ltr'>βλέπειν,</span> <span class='ocrx_word' id='word_1_32' title='bbox 717 457 810 510; x_wconf 69' lang='grc' dir='ltr'><strong>καὶ</strong></span> <span class='ocrx_word' id='word_1_33' title='bbox 844 458 971 520; x_wconf 76' lang='grc' dir='ltr'>τοὺς</span> <span class='ocrx_word' id='word_1_34' title='bbox 1002 456 1313 528; x_wconf 81' lang='grc' dir='ltr'>ὀφθαλμοὺς</span> <span class='ocrx_word' id='word_1_35' title='bbox 1353 459 1410 510; x_wconf 77' lang='grc' dir='ltr'>ἐν</span> <span class='ocrx_word' id='word_1_36' title='bbox 1447 462 1512 528; x_wconf 81' lang='grc' dir='ltr'>τῇ</span> <span class='ocrx_word' id='word_1_37' title='bbox 1553 459 1761 530; x_wconf 77' lang='grc' dir='ltr'>κεφαλῇ</span> 
     </span>
    </p>
   </div>
   <div class='ocr_carea' id='block_1_7' title="bbox 239 543 1760 622">
    <p class='ocr_par' dir='ltr' id='par_1_7' title="bbox 239 543 1760 622">
     <span class='ocr_line' id='line_1_7' title="bbox 239 543 1760 622; baseline 0 -19"><span class='ocrx_word' id='word_1_38' title='bbox 239 553 373 622; x_wconf 76' lang='grc' dir='ltr'>ἔχειν.</span> <span class='ocrx_word' id='word_1_39' title='bbox 392 549 575 602; x_wconf 84' lang='grc' dir='ltr'>Τούτου</span> <span class='ocrx_word' id='word_1_40' title='bbox 598 548 754 617; x_wconf 75' lang='grc' dir='ltr'>χάριν</span> <span class='ocrx_word' id='word_1_41' title='bbox 775 548 1002 615; x_wconf 81' lang='grc' dir='ltr'>ἄστεγος</span> <span class='ocrx_word' id='word_1_42' title='bbox 1025 543 1092 618; x_wconf 74' lang='grc' dir='ltr'>ἦν</span> <span class='ocrx_word' id='word_1_43' title='bbox 1112 549 1206 602; x_wconf 72' lang='grc' dir='ltr'><strong>καὶ</strong></span> <span class='ocrx_word' id='word_1_44' title='bbox 1225 547 1550 620; x_wconf 83' lang='grc' dir='ltr'>ἀτρὰπεζος,</span> <span class='ocrx_word' id='word_1_45' title='bbox 1573 550 1760 616; x_wconf 84' lang='grc' dir='ltr'><strong>πένης,</strong></span> 
     </span>
    </p>
   </div>
   <div class='ocr_carea' id='block_1_8' title="bbox 239 639 1760 712">
    <p class='ocr_par' dir='ltr' id='par_1_8' title="bbox 239 639 1760 712">
     <span class='ocr_line' id='line_1_8' title="bbox 239 639 1760 712; baseline 0 -17"><span class='ocrx_word' id='word_1_46' title='bbox 239 639 649 712; x_wconf 74' lang='grc' dir='ltr'>ἀλήτης,γυμνὸς,</span> <span class='ocrx_word' id='word_1_47' title='bbox 669 639 812 709; x_wconf 85' lang='grc' dir='ltr'>λιμῷ</span> <span class='ocrx_word' id='word_1_48' title='bbox 830 639 924 693; x_wconf 68' lang='grc' dir='ltr'>καὶ</span> <span class='ocrx_word' id='word_1_49' title='bbox 939 639 1081 708; x_wconf 75' lang='grc' dir='ltr'>δίψει</span> <span class='ocrx_word' id='word_1_50' title='bbox 1107 641 1601 712; x_wconf 87' lang='grc' dir='ltr'>κατατρυχόμενος.</span> <span class='ocrx_word' id='word_1_51' title='bbox 1622 642 1760 695; x_wconf 78' lang='grc' dir='ltr'>Ἀλλ’</span> 
     </span>
    </p>
   </div>
   <div class='ocr_carea' id='block_1_9' title="bbox 233 726 1761 804">
    <p class='ocr_par' dir='ltr' id='par_1_9' title="bbox 233 726 1761 804">
     <span class='ocr_line' id='line_1_9' title="bbox 233 726 1761 804; baseline -0.001 -16"><span class='ocrx_word' id='word_1_52' title='bbox 233 735 400 788; x_wconf 80' lang='grc' dir='ltr'>όκάτω</span> <span class='ocrx_word' id='word_1_53' title='bbox 426 730 671 793; x_wconf 82' lang='grc' dir='ltr'>τοιοῦτος,</span> <span class='ocrx_word' id='word_1_54' title='bbox 703 731 761 782; x_wconf 83' lang='grc' dir='ltr'>ὲν</span> <span class='ocrx_word' id='word_1_55' title='bbox 784 733 896 792; x_wconf 84' lang='grc' dir='ltr'>τοῖς</span> <span class='ocrx_word' id='word_1_56' title='bbox 923 730 1034 784; x_wconf 84' lang='grc' dir='ltr'><strong>ἀνω</strong></span> <span class='ocrx_word' id='word_1_57' title='bbox 1057 731 1332 803; x_wconf 88' lang='grc' dir='ltr'>σκόπησον</span> <span class='ocrx_word' id='word_1_58' title='bbox 1356 726 1466 794; x_wconf 79' lang='grc' dir='ltr'>οἶος</span> <span class='ocrx_word' id='word_1_59' title='bbox 1492 728 1579 804; x_wconf 80' lang='grc' dir='ltr'><strong>ἦν.</strong></span> <span class='ocrx_word' id='word_1_60' title='bbox 1616 733 1761 797; x_wconf 82' lang='grc' dir='ltr'><strong>Ἕως</strong></span> 
     </span>
    </p>
   </div>
   <div class='ocr_carea' id='block_1_10' title="bbox 233 822 1759 898">
    <p class='ocr_par' dir='ltr' id='par_1_10' title="bbox 233 822 1759 898">
     <span class='ocr_line' id='line_1_10' title="bbox 233 822 1759 898; baseline 0 -20"><span class='ocrx_word' id='word_1_61' title='bbox 233 827 319 898; x_wconf 74' lang='grc' dir='ltr'>γὰρ</span> <span class='ocrx_word' id='word_1_62' title='bbox 342 826 508 895; x_wconf 85' lang='grc' dir='ltr'>τρίτου</span> <span class='ocrx_word' id='word_1_63' title='bbox 537 822 763 894; x_wconf 77' lang='grc' dir='ltr'>ούρανοῦ</span> <span class='ocrx_word' id='word_1_64' title='bbox 795 822 1030 892; x_wconf 69' lang='grc' dir='ltr'>ὑψωθεὶς</span> <span class='ocrx_word' id='word_1_65' title='bbox 1051 864 1066 887; x_wconf 94' lang='grc'><strong>,</strong></span> <span class='ocrx_word' id='word_1_66' title='bbox 1109 824 1242 877; x_wconf 82' lang='grc' dir='ltr'>ὅπου</span> <span class='ocrx_word' id='word_1_67' title='bbox 1282 827 1315 896; x_wconf 80' lang='grc' dir='ltr'><strong>ἡ</strong></span> <span class='ocrx_word' id='word_1_68' title='bbox 1353 826 1562 896; x_wconf 82' lang='grc' dir='ltr'>κεφαλὴ</span> <span class='ocrx_word' id='word_1_69' title='bbox 1597 825 1759 880; x_wconf 76' lang='grc' dir='ltr'>αὑτοῦ</span> 
     </span>
    </p>
   </div>
   <div class='ocr_carea' id='block_1_11' title="bbox 228 913 1759 988">
    <p class='ocr_par' dir='ltr' id='par_1_11' title="bbox 228 913 1759 988">
     <span class='ocr_line' id='line_1_11' title="bbox 228 913 1759 988; baseline 0.004 -22"><span class='ocrx_word' id='word_1_70' title='bbox 228 913 298 986; x_wconf 74' lang='grc' dir='ltr'><strong>ἦν,</strong></span> <span class='ocrx_word' id='word_1_71' title='bbox 320 917 425 968; x_wconf 75' lang='grc' dir='ltr'>ἐκεῖ</span> <span class='ocrx_word' id='word_1_72' title='bbox 443 917 563 978; x_wconf 78' lang='grc' dir='ltr'>τοὺς</span> <span class='ocrx_word' id='word_1_73' title='bbox 600 913 917 984; x_wconf 70' lang='grc' dir='ltr'>ὀφθαλμοὺς</span> <span class='ocrx_word' id='word_1_74' title='bbox 964 914 1139 986; x_wconf 80' lang='grc' dir='ltr'>ἔσχεν,</span> <span class='ocrx_word' id='word_1_75' title='bbox 1176 919 1284 978; x_wconf 84' lang='grc' dir='ltr'>τοῖς</span> <span class='ocrx_word' id='word_1_76' title='bbox 1307 917 1638 988; x_wconf 71' lang='grc' dir='ltr'>ἀπορρήτοις</span> <span class='ocrx_word' id='word_1_77' title='bbox 1665 918 1759 972; x_wconf 80' lang='grc' dir='ltr'>τοῦ</span> 
     </span>
    </p>
   </div>
   <div class='ocr_carea' id='block_1_12' title="bbox 232 1005 1760 1076">
    <p class='ocr_par' dir='ltr' id='par_1_12' title="bbox 232 1005 1760 1076">
     <span class='ocr_line' id='line_1_12' title="bbox 232 1005 1760 1076; baseline 0.001 -15"><span class='ocrx_word' id='word_1_78' title='bbox 232 1006 512 1076; x_wconf 72' lang='grc' dir='ltr'><strong>παραδείσου</strong></span> <span class='ocrx_word' id='word_1_79' title='bbox 539 1006 856 1075; x_wconf 80' lang='grc' dir='ltr'><strong>μυστηρίοις</strong></span> <span class='ocrx_word' id='word_1_80' title='bbox 886 1005 1327 1076; x_wconf 83' lang='grc' dir='ltr'>ὲναγαλλόμενος,</span> <span class='ocrx_word' id='word_1_81' title='bbox 1354 1009 1445 1061; x_wconf 74' lang='grc' dir='ltr'><strong>καὶ</strong></span> <span class='ocrx_word' id='word_1_82' title='bbox 1471 1007 1538 1062; x_wconf 77' lang='grc' dir='ltr'>τὰ</span> <span class='ocrx_word' id='word_1_83' title='bbox 1558 1007 1760 1062; x_wconf 78' lang='grc' dir='ltr'>ἀθέατα</span> 
     </span>
    </p>
   </div>
   <div class='ocr_carea' id='block_1_13' title="bbox 229 1094 1762 1169">
    <p class='ocr_par' dir='ltr' id='par_1_13' title="bbox 229 1094 1762 1169">
     <span class='ocr_line' id='line_1_13' title="bbox 229 1094 1762 1169; baseline 0.001 -20"><span class='ocrx_word' id='word_1_84' title='bbox 229 1098 426 1167; x_wconf 80' lang='grc' dir='ltr'><strong>βλέπων,</strong></span> <span class='ocrx_word' id='word_1_85' title='bbox 472 1096 563 1148; x_wconf 76' lang='grc' dir='ltr'><strong>καὶ</strong></span> <span class='ocrx_word' id='word_1_86' title='bbox 597 1094 880 1165; x_wconf 73' lang='grc' dir='ltr'><strong>ἐντρυφῶν</strong></span> <span class='ocrx_word' id='word_1_87' title='bbox 910 1095 1141 1159; x_wconf 78' lang='grc' dir='ltr'>ἐκείνοις</span> <span class='ocrx_word' id='word_1_88' title='bbox 1188 1097 1287 1149; x_wconf 82' lang='grc' dir='ltr'>ὅσα</span> <span class='ocrx_word' id='word_1_89' title='bbox 1326 1098 1463 1167; x_wconf 84' lang='grc' dir='ltr'>ὑπὲρ</span> <span class='ocrx_word' id='word_1_90' title='bbox 1509 1098 1762 1169; x_wconf 79' lang='grc' dir='ltr'>αἴσθησίν</span> 
     </span>
    </p>
   </div>
   <div class='ocr_carea' id='block_1_14' title="bbox 226 1185 1761 1248">
    <p class='ocr_par' dir='ltr' id='par_1_14' title="bbox 226 1185 1761 1248">
     <span class='ocr_line' id='line_1_14' title="bbox 226 1185 1761 1248; baseline 0 -9"><span class='ocrx_word' id='word_1_91' title='bbox 226 1189 318 1239; x_wconf 83' lang='grc' dir='ltr'>ἐστι</span> <span class='ocrx_word' id='word_1_92' title='bbox 361 1187 448 1238; x_wconf 81' lang='grc' dir='ltr'><strong>καὶ</strong></span> <span class='ocrx_word' id='word_1_93' title='bbox 486 1185 739 1238; x_wconf 81' lang='grc' dir='ltr'>διάνοιαν.</span> <span class='ocrx_word' id='word_1_94' title='bbox 794 1185 906 1238; x_wconf 71' lang='grc' dir='ltr'>Καὶ</span> <span class='ocrx_word' id='word_1_95' title='bbox 955 1185 1039 1248; x_wconf 87' lang='grc' dir='ltr'><strong>τίς</strong></span> <span class='ocrx_word' id='word_1_96' title='bbox 1084 1187 1182 1238; x_wconf 86' lang='grc' dir='ltr'><strong>οὐκ</strong></span> <span class='ocrx_word' id='word_1_97' title='bbox 1216 1185 1282 1239; x_wconf 84' lang='grc' dir='ltr'><strong>ἂν</strong></span> <span class='ocrx_word' id='word_1_98' title='bbox 1333 1187 1560 1239; x_wconf 78' lang='grc' dir='ltr'>ἐλεεινὸν</span> <span class='ocrx_word' id='word_1_99' title='bbox 1601 1186 1761 1240; x_wconf 71' lang='grc' dir='ltr'>αύτδν</span> 
     </span>
    </p>
   </div>
   <div class='ocr_carea' id='block_1_15' title="bbox 223 1273 1756 1346">
    <p class='ocr_par' dir='ltr' id='par_1_15' title="bbox 223 1273 1756 1346">
     <span class='ocr_line' id='line_1_15' title="bbox 223 1273 1756 1346; baseline 0.001 -20"><span class='ocrx_word' id='word_1_100' title='bbox 223 1275 351 1346; x_wconf 70' lang='grc' dir='ltr'>ᾠήθη</span> <span class='ocrx_word' id='word_1_101' title='bbox 371 1316 384 1334; x_wconf 90' lang='grc'><strong>,</strong></span> <span class='ocrx_word' id='word_1_102' title='bbox 411 1273 688 1345; x_wconf 81' lang='grc' dir='ltr'><strong>δεσμώτην</strong></span> <span class='ocrx_word' id='word_1_103' title='bbox 721 1273 952 1342; x_wconf 80' lang='grc' dir='ltr'>βλέπων,</span> <span class='ocrx_word' id='word_1_104' title='bbox 993 1274 1086 1327; x_wconf 79' lang='grc' dir='ltr'><strong>καὶ</strong></span> <span class='ocrx_word' id='word_1_105' title='bbox 1117 1273 1351 1342; x_wconf 81' lang='grc' dir='ltr'><strong>πληγαῖς</strong></span> <span class='ocrx_word' id='word_1_106' title='bbox 1393 1275 1756 1345; x_wconf 75' lang='grc' dir='ltr'><strong>αἰκιζόμενον,</strong></span> 
     </span>
    </p>
   </div>
   <div class='ocr_carea' id='block_1_16' title="bbox 224 1363 1759 1436">
    <p class='ocr_par' dir='ltr' id='par_1_16' title="bbox 224 1363 1759 1436">
     <span class='ocr_line' id='line_1_16' title="bbox 224 1363 1759 1436; baseline 0 -17"><span class='ocrx_word' id='word_1_107' title='bbox 224 1369 298 1420; x_wconf 78' lang='grc' dir='ltr'>καὶ</span> <span class='ocrx_word' id='word_1_108' title='bbox 346 1365 516 1435; x_wconf 80' lang='grc' dir='ltr'>βύθιον</span> <span class='ocrx_word' id='word_1_109' title='bbox 561 1366 618 1417; x_wconf 83' lang='grc' dir='ltr'>ὲν</span> <span class='ocrx_word' id='word_1_110' title='bbox 665 1364 909 1435; x_wconf 81' lang='grc' dir='ltr'>ναυαγίῳ</span> <span class='ocrx_word' id='word_1_111' title='bbox 955 1363 1042 1418; x_wconf 83' lang='grc' dir='ltr'><strong>διὰ</strong></span> <span class='ocrx_word' id='word_1_112' title='bbox 1092 1364 1362 1432; x_wconf 79' lang='grc' dir='ltr'>πελάγους</span> <span class='ocrx_word' id='word_1_113' title='bbox 1399 1367 1510 1428; x_wconf 83' lang='grc' dir='ltr'>τοῖς</span> <span class='ocrx_word' id='word_1_114' title='bbox 1554 1365 1759 1436; x_wconf 82' lang='grc' dir='ltr'>κύμασι</span> 
     </span>
    </p>
   </div>
   <div class='ocr_carea' id='block_1_17' title="bbox 223 1453 1760 1525">
    <p class='ocr_par' dir='ltr' id='par_1_17' title="bbox 223 1453 1760 1525">
     <span class='ocr_line' id='line_1_17' title="bbox 223 1453 1760 1525; baseline 0.003 -19"><span class='ocrx_word' id='word_1_115' title='bbox 223 1455 336 1525; x_wconf 81' lang='grc' dir='ltr'><strong>μετά</strong></span> <span class='ocrx_word' id='word_1_116' title='bbox 362 1454 459 1508; x_wconf 84' lang='grc' dir='ltr'><strong>τῶν</strong></span> <span class='ocrx_word' id='word_1_117' title='bbox 489 1453 704 1524; x_wconf 79' lang='grc' dir='ltr'><strong>δεσμῶν</strong></span> <span class='ocrx_word' id='word_1_118' title='bbox 739 1454 1186 1524; x_wconf 74' lang='grc' dir='ltr'>συμφερόμενονς</span> <span class='ocrx_word' id='word_1_119' title='bbox 1243 1454 1381 1507; x_wconf 81' lang='grc' dir='ltr'>Ἀλλ’</span> <span class='ocrx_word' id='word_1_120' title='bbox 1423 1456 1572 1525; x_wconf 85' lang='grc' dir='ltr'>ὅμως</span> <span class='ocrx_word' id='word_1_121' title='bbox 1611 1459 1659 1510; x_wconf 87' lang='grc' dir='ltr'><strong>εί</strong></span> <span class='ocrx_word' id='word_1_122' title='bbox 1691 1458 1760 1510; x_wconf 78' lang='grc' dir='ltr'>τὰ</span> 
     </span>
    </p>
   </div>
   <div class='ocr_carea' id='block_1_18' title="bbox 219 1542 1760 1616">
    <p class='ocr_par' dir='ltr' id='par_1_18' title="bbox 219 1542 1760 1616">
     <span class='ocr_line' id='line_1_18' title="bbox 219 1542 1760 1616; baseline 0.001 -19"><span class='ocrx_word' id='word_1_123' title='bbox 219 1547 265 1597; x_wconf 79' lang='grc' dir='ltr'>ἐν</span> <span class='ocrx_word' id='word_1_124' title='bbox 292 1544 582 1613; x_wconf 80' lang='grc' dir='ltr'>ἀνθρώποις</span> <span class='ocrx_word' id='word_1_125' title='bbox 606 1542 847 1604; x_wconf 82' lang='grc' dir='ltr'>τοιαῦτα,</span> <span class='ocrx_word' id='word_1_126' title='bbox 881 1543 974 1597; x_wconf 81' lang='grc' dir='ltr'>τοῦ</span> <span class='ocrx_word' id='word_1_127' title='bbox 1003 1543 1183 1614; x_wconf 82' lang='grc' dir='ltr'>μέντοι</span> <span class='ocrx_word' id='word_1_128' title='bbox 1212 1546 1268 1597; x_wconf 78' lang='grc' dir='ltr'><strong>ἐν</strong></span> <span class='ocrx_word' id='word_1_129' title='bbox 1299 1546 1504 1616; x_wconf 81' lang='grc' dir='ltr'>κεφαλῇ</span> <span class='ocrx_word' id='word_1_130' title='bbox 1535 1547 1760 1599; x_wconf 85' lang='grc' dir='ltr'>διαπαν-</span> 
     </span>
    </p>
   </div>
   <div class='ocr_carea' id='block_1_19' title="bbox 217 1633 1758 1710">
    <p class='ocr_par' dir='ltr' id='par_1_19' title="bbox 217 1633 1758 1710">
     <span class='ocr_line' id='line_1_19' title="bbox 217 1633 1758 1710; baseline 0.001 -22"><span class='ocrx_word' id='word_1_131' title='bbox 217 1635 291 1698; x_wconf 72' lang='grc' dir='ltr'>τὸς</span> <span class='ocrx_word' id='word_1_132' title='bbox 313 1636 427 1698; x_wconf 72' lang='grc' dir='ltr'>τοὺς</span> <span class='ocrx_word' id='word_1_133' title='bbox 455 1634 766 1705; x_wconf 72' lang='grc' dir='ltr'>ὀφθαλμοὺς</span> <span class='ocrx_word' id='word_1_134' title='bbox 786 1633 928 1710; x_wconf 71' lang='grc' dir='ltr'>ἔχειν</span> <span class='ocrx_word' id='word_1_135' title='bbox 957 1635 1056 1690; x_wconf 80' lang='grc' dir='ltr'><strong>οὐκ</strong></span> <span class='ocrx_word' id='word_1_136' title='bbox 1079 1635 1370 1706; x_wconf 78' lang='grc' dir='ltr'><strong>ἀπετράπη</strong></span> <span class='ocrx_word' id='word_1_137' title='bbox 1389 1636 1582 1705; x_wconf 83' lang='grc' dir='ltr'>λέγων·</span> <span class='ocrx_word' id='word_1_138' title='bbox 1618 1657 1636 1688; x_wconf 78' lang='grc' dir='ltr'><strong>ι</strong></span> <span class='ocrx_word' id='word_1_139' title='bbox 1662 1637 1758 1702; x_wconf 84' lang='grc' dir='ltr'><strong>Τίς</strong></span> 
     </span>
    </p>
   </div>
   <div class='ocr_carea' id='block_1_20' title="bbox 1866 452 3432 524">
    <p class='ocr_par' dir='ltr' id='par_1_20' title="bbox 1866 452 3432 524">
     <span class='ocr_line' id='line_1_20' title="bbox 1866 452 3432 524; baseline 0.003 -19"><span class='ocrx_word' id='word_1_140' title='bbox 1866 469 2097 523; x_wconf 89' lang='lat' dir='ltr'><strong>quorum</strong></span> <span class='ocrx_word' id='word_1_141' title='bbox 2138 454 2320 506; x_wconf 86' lang='lat' dir='ltr'><strong>studio</strong></span> <span class='ocrx_word' id='word_1_142' title='bbox 2363 452 2451 506; x_wconf 90' lang='lat' dir='ltr'><strong>hic</strong></span> <span class='ocrx_word' id='word_1_143' title='bbox 2501 461 2771 508; x_wconf 90' lang='lat' dir='ltr'><strong>tenemur.</strong></span> <span class='ocrx_word' id='word_1_144' title='bbox 2817 453 2958 510; x_wconf 92' lang='lat' dir='ltr'><strong>Dicit</strong></span> <span class='ocrx_word' id='word_1_145' title='bbox 3000 454 3201 524; x_wconf 90' lang='lat' dir='ltr'><strong>itaque.</strong></span> <span class='ocrx_word' id='word_1_146' title='bbox 3256 473 3276 506; x_wconf 76' lang='grc' dir='ltr'><strong>ι</strong></span> <span class='ocrx_word' id='word_1_147' title='bbox 3319 453 3432 510; x_wconf 82' lang='lat' dir='ltr'><strong>Nos</strong></span> 
     </span>
    </p>
   </div>
   <div class='ocr_carea' id='block_1_21' title="bbox 1866 543 3431 614">
    <p class='ocr_par' dir='ltr' id='par_1_21' title="bbox 1866 543 3431 614">
     <span class='ocr_line' id='line_1_21' title="bbox 1866 543 3431 614; baseline -0.001 -15"><span class='ocrx_word' id='word_1_148' title='bbox 1866 546 2019 599; x_wconf 86' lang='lat' dir='ltr'><strong>stulti</strong></span> <span class='ocrx_word' id='word_1_149' title='bbox 2053 553 2270 613; x_wconf 76' lang='lat' dir='ltr'><strong>propter</strong></span> <span class='ocrx_word' id='word_1_150' title='bbox 2301 543 2580 599; x_wconf 85' lang='lat' dir='ltr'><strong>Christum</strong></span> <span class='ocrx_word' id='word_1_151' title='bbox 2607 545 2677 608; x_wconf 79' lang='grc'><strong>⁷⁸,</strong></span> <span class='ocrx_word' id='word_1_152' title='bbox 2715 563 2732 595; x_wconf 76' lang='grc' dir='ltr'><strong>ι</strong></span> <span class='ocrx_word' id='word_1_153' title='bbox 2771 545 2998 614; x_wconf 85' lang='lat' dir='ltr'><strong>perinde</strong></span> <span class='ocrx_word' id='word_1_154' title='bbox 3024 559 3086 599; x_wconf 87' lang='lat' dir='ltr'><strong>ac</strong></span> <span class='ocrx_word' id='word_1_155' title='bbox 3121 545 3167 598; x_wconf 90' lang='lat' dir='ltr'><strong>si</strong></span> <span class='ocrx_word' id='word_1_156' title='bbox 3200 544 3431 610; x_wconf 78' lang='lat' dir='ltr'><strong>diceret,</strong></span> 
     </span>
    </p>
   </div>
   <div class='ocr_carea' id='block_1_22' title="bbox 1867 635 3432 704">
    <p class='ocr_par' dir='ltr' id='par_1_22' title="bbox 1867 635 3432 704">
     <span class='ocr_line' id='line_1_22' title="bbox 1867 635 3432 704; baseline 0.003 -17"><span class='ocrx_word' id='word_1_157' title='bbox 1867 635 1976 689; x_wconf 81' lang='lat' dir='ltr'><strong>Nos</strong></span> <span class='ocrx_word' id='word_1_158' title='bbox 2003 636 2128 689; x_wconf 62' lang='lat' dir='ltr'><strong>caeci</strong></span> <span class='ocrx_word' id='word_1_159' title='bbox 2161 636 2214 688; x_wconf 90' lang='lat' dir='ltr'><strong>in</strong></span> <span class='ocrx_word' id='word_1_160' title='bbox 2251 635 2319 688; x_wconf 88' lang='lat' dir='ltr'><strong>iis</strong></span> <span class='ocrx_word' id='word_1_161' title='bbox 2359 650 2480 703; x_wconf 71' lang='lat' dir='ltr'><strong>qua:</strong></span> <span class='ocrx_word' id='word_1_162' title='bbox 2512 635 2784 703; x_wconf 83' lang='lat' dir='ltr'><strong>pertinent</strong></span> <span class='ocrx_word' id='word_1_163' title='bbox 2826 635 2893 688; x_wconf 79' lang='lat' dir='ltr'><strong>ad</strong></span> <span class='ocrx_word' id='word_1_164' title='bbox 2930 636 3090 698; x_wconf 89' lang='lat' dir='ltr'><strong>hanc,</strong></span> <span class='ocrx_word' id='word_1_165' title='bbox 3119 650 3240 704; x_wconf 76' lang='lat' dir='ltr'><strong>quae</strong></span> <span class='ocrx_word' id='word_1_166' title='bbox 3271 637 3432 691; x_wconf 82' lang='lat' dir='ltr'><strong>deor-</strong></span> 
     </span>
    </p>
   </div>
   <div class='ocr_carea' id='block_1_23' title="bbox 1866 725 3504 798">
    <p class='ocr_par' dir='ltr' id='par_1_23' title="bbox 1866 725 3504 798">
     <span class='ocr_line' id='line_1_23' title="bbox 1866 725 3504 798; baseline 0 -19"><span class='ocrx_word' id='word_1_167' title='bbox 1866 739 1986 780; x_wconf 91' lang='lat' dir='ltr'><strong>sum</strong></span> <span class='ocrx_word' id='word_1_168' title='bbox 2013 725 2214 793; x_wconf 88' lang='lat' dir='ltr'><strong>agitur,</strong></span> <span class='ocrx_word' id='word_1_169' title='bbox 2246 725 2434 786; x_wconf 88' lang='lat' dir='ltr'><strong>vitam,</strong></span> <span class='ocrx_word' id='word_1_170' title='bbox 2467 731 2755 794; x_wconf 84' lang='lat' dir='ltr'><strong>propterea</strong></span> <span class='ocrx_word' id='word_1_171' title='bbox 2795 725 2939 793; x_wconf 90' lang='lat' dir='ltr'><strong>quod</strong></span> <span class='ocrx_word' id='word_1_172' title='bbox 2974 740 3192 779; x_wconf 81' lang='lat' dir='ltr'><strong>sursum</strong></span> <span class='ocrx_word' id='word_1_173' title='bbox 3229 727 3430 796; x_wconf 83' lang='lat' dir='ltr'><strong>aspici-</strong></span> <span class='ocrx_word' id='word_1_174' title='bbox 3501 795 3504 798; x_wconf 6' lang='grc' dir='ltr'><strong>γ</strong></span> 
     </span>
    </p>
   </div>
   <div class='ocr_carea' id='block_1_24' title="bbox 1865 815 3429 889">
    <p class='ocr_par' dir='ltr' id='par_1_24' title="bbox 1865 815 3429 889">
     <span class='ocr_line' id='line_1_24' title="bbox 1865 815 3429 889; baseline 0 -19"><span class='ocrx_word' id='word_1_175' title='bbox 1865 823 2094 889; x_wconf 45' lang='lat' dir='ltr'><strong>musLet</strong></span> <span class='ocrx_word' id='word_1_176' title='bbox 2125 816 2314 870; x_wconf 74' lang='lat' dir='ltr'><strong>ocuios</strong></span> <span class='ocrx_word' id='word_1_177' title='bbox 2351 815 2614 871; x_wconf 87' lang='lat' dir='ltr'><strong>habemus</strong></span> <span class='ocrx_word' id='word_1_178' title='bbox 2656 816 2710 869; x_wconf 92' lang='lat' dir='ltr'><strong>in</strong></span> <span class='ocrx_word' id='word_1_179' title='bbox 2750 816 2950 887; x_wconf 85' lang='lat' dir='ltr'><strong>capite.</strong></span> <span class='ocrx_word' id='word_1_180' title='bbox 2998 815 3110 870; x_wconf 88' lang='lat' dir='ltr'><strong>Hac</strong></span> <span class='ocrx_word' id='word_1_181' title='bbox 3157 816 3224 871; x_wconf 91' lang='lat' dir='ltr'><strong>dc</strong></span> <span class='ocrx_word' id='word_1_182' title='bbox 3265 832 3429 872; x_wconf 87' lang='lat' dir='ltr'><strong>causa</strong></span> 
     </span>
    </p>
   </div>
   <div class='ocr_carea' id='block_1_25' title="bbox 1863 909 3429 978">
    <p class='ocr_par' dir='ltr' id='par_1_25' title="bbox 1863 909 3429 978">
     <span class='ocr_line' id='line_1_25' title="bbox 1863 909 3429 978; baseline 0.001 -16"><span class='ocrx_word' id='word_1_183' title='bbox 1863 917 1979 962; x_wconf 90' lang='lat' dir='ltr'><strong>erat</strong></span> <span class='ocrx_word' id='word_1_184' title='bbox 2023 909 2141 964; x_wconf 88' lang='lat' dir='ltr'><strong>sine</strong></span> <span class='ocrx_word' id='word_1_185' title='bbox 2185 916 2330 962; x_wconf 90' lang='lat' dir='ltr'><strong>tecto</strong></span> <span class='ocrx_word' id='word_1_186' title='bbox 2374 915 2428 962; x_wconf 87' lang='lat' dir='ltr'><strong>et</strong></span> <span class='ocrx_word' id='word_1_187' title='bbox 2464 922 2672 970; x_wconf 90' lang='lat' dir='ltr'><strong>mensa,</strong></span> <span class='ocrx_word' id='word_1_188' title='bbox 2709 922 2934 978; x_wconf 86' lang='lat' dir='ltr'><strong>pauper,</strong></span> <span class='ocrx_word' id='word_1_189' title='bbox 2967 923 3180 971; x_wconf 89' lang='lat' dir='ltr'><strong>errans,</strong></span> <span class='ocrx_word' id='word_1_190' title='bbox 3224 910 3429 974; x_wconf 88' lang='lat' dir='ltr'><strong>nudus,</strong></span> 
     </span>
    </p>
   </div>
   <div class='ocr_carea' id='block_1_26' title="bbox 1863 997 3432 1069">
    <p class='ocr_par' dir='ltr' id='par_1_26' title="bbox 1863 997 3432 1069">
     <span class='ocr_line' id='line_1_26' title="bbox 1863 997 3432 1069; baseline 0 -17"><span class='ocrx_word' id='word_1_191' title='bbox 1863 999 2004 1054; x_wconf 84' lang='lat' dir='ltr'><strong>fame</strong></span> <span class='ocrx_word' id='word_1_192' title='bbox 2047 1008 2102 1054; x_wconf 90' lang='lat' dir='ltr'><strong>et</strong></span> <span class='ocrx_word' id='word_1_193' title='bbox 2143 999 2232 1055; x_wconf 91' lang='lat' dir='ltr'><strong>siti</strong></span> <span class='ocrx_word' id='word_1_194' title='bbox 2270 999 2542 1054; x_wconf 85' lang='lat' dir='ltr'><strong>laborans.</strong></span> <span class='ocrx_word' id='word_1_195' title='bbox 2591 997 2698 1053; x_wconf 91' lang='lat' dir='ltr'><strong>Sed</strong></span> <span class='ocrx_word' id='word_1_196' title='bbox 2748 999 2843 1069; x_wconf 89' lang='lat' dir='ltr'><strong>qui</strong></span> <span class='ocrx_word' id='word_1_197' title='bbox 2874 999 2928 1052; x_wconf 92' lang='lat' dir='ltr'><strong>in</strong></span> <span class='ocrx_word' id='word_1_198' title='bbox 2957 999 3120 1053; x_wconf 88' lang='lat' dir='ltr'><strong>rebus</strong></span> <span class='ocrx_word' id='word_1_199' title='bbox 3153 1014 3275 1067; x_wconf 73' lang='lat' dir='ltr'><strong>quae</strong></span> <span class='ocrx_word' id='word_1_200' title='bbox 3302 1007 3432 1055; x_wconf 92' lang='lat' dir='ltr'><strong>sunt</strong></span> 
     </span>
    </p>
   </div>
   <div class='ocr_carea' id='block_1_27' title="bbox 1862 1088 3430 1159">
    <p class='ocr_par' dir='ltr' id='par_1_27' title="bbox 1862 1088 3430 1159">
     <span class='ocr_line' id='line_1_27' title="bbox 1862 1088 3430 1159; baseline 0.002 -16"><span class='ocrx_word' id='word_1_201' title='bbox 1862 1088 2006 1143; x_wconf 83' lang='lat' dir='ltr'><strong>infra</strong></span> <span class='ocrx_word' id='word_1_202' title='bbox 2054 1099 2172 1144; x_wconf 91' lang='lat' dir='ltr'><strong>erat</strong></span> <span class='ocrx_word' id='word_1_203' title='bbox 2209 1091 2356 1152; x_wconf 89' lang='lat' dir='ltr'><strong>talis,</strong></span> <span class='ocrx_word' id='word_1_204' title='bbox 2406 1090 2693 1146; x_wconf 89' lang='lat' dir='ltr'><strong>considera</strong></span> <span class='ocrx_word' id='word_1_205' title='bbox 2737 1090 2916 1159; x_wconf 90' lang='lat' dir='ltr'><strong>qualis</strong></span> <span class='ocrx_word' id='word_1_206' title='bbox 2955 1097 3073 1146; x_wconf 88' lang='lat' dir='ltr'><strong>erat</strong></span> <span class='ocrx_word' id='word_1_207' title='bbox 3121 1090 3178 1144; x_wconf 91' lang='lat' dir='ltr'><strong>in</strong></span> <span class='ocrx_word' id='word_1_208' title='bbox 3235 1106 3430 1159; x_wconf 87' lang='lat' dir='ltr'><strong>super-</strong></span> 
     </span>
    </p>
   </div>
   <div class='ocr_carea' id='block_1_28' title="bbox 1862 1181 3424 1252">
    <p class='ocr_par' dir='ltr' id='par_1_28' title="bbox 1862 1181 3424 1252">
     <span class='ocr_line' id='line_1_28' title="bbox 1862 1181 3424 1252; baseline 0.003 -18"><span class='ocrx_word' id='word_1_209' title='bbox 1862 1181 1948 1236; x_wconf 90' lang='lat' dir='ltr'><strong>nis</strong></span> <span class='ocrx_word' id='word_1_210' title='bbox 1969 1183 2037 1236; x_wconf 76' lang='grc'><strong>⁷⁸.</strong></span> <span class='ocrx_word' id='word_1_211' title='bbox 2093 1181 2171 1234; x_wconf 87' lang='lat' dir='ltr'><strong>Ad</strong></span> <span class='ocrx_word' id='word_1_212' title='bbox 2215 1182 2434 1236; x_wconf 90' lang='lat' dir='ltr'><strong>tertium</strong></span> <span class='ocrx_word' id='word_1_213' title='bbox 2487 1183 2634 1236; x_wconf 90' lang='lat' dir='ltr'><strong>enim</strong></span> <span class='ocrx_word' id='word_1_214' title='bbox 2687 1197 2863 1252; x_wconf 89' lang='lat' dir='ltr'><strong>usque</strong></span> <span class='ocrx_word' id='word_1_215' title='bbox 2909 1182 3106 1237; x_wconf 87' lang='lat' dir='ltr'><strong>coelum</strong></span> <span class='ocrx_word' id='word_1_216' title='bbox 3156 1183 3424 1248; x_wconf 84' lang='lat' dir='ltr'><strong>sublatus,</strong></span> 
     </span>
    </p>
   </div>
   <div class='ocr_carea' id='block_1_29' title="bbox 1863 1272 3426 1342">
    <p class='ocr_par' dir='ltr' id='par_1_29' title="bbox 1863 1272 3426 1342">
     <span class='ocr_line' id='line_1_29' title="bbox 1863 1272 3426 1342; baseline 0.003 -18"><span class='ocrx_word' id='word_1_217' title='bbox 1863 1272 1956 1325; x_wconf 89' lang='lat' dir='ltr'><strong>ubi</strong></span> <span class='ocrx_word' id='word_1_218' title='bbox 1979 1280 2097 1326; x_wconf 89' lang='lat' dir='ltr'><strong>erat</strong></span> <span class='ocrx_word' id='word_1_219' title='bbox 2125 1273 2247 1341; x_wconf 85' lang='lat' dir='ltr'><strong>ejus</strong></span> <span class='ocrx_word' id='word_1_220' title='bbox 2282 1281 2467 1342; x_wconf 89' lang='lat' dir='ltr'><strong>caput,</strong></span> <span class='ocrx_word' id='word_1_221' title='bbox 2505 1273 2615 1328; x_wconf 87' lang='lat' dir='ltr'><strong>illic</strong></span> <span class='ocrx_word' id='word_1_222' title='bbox 2637 1273 2874 1328; x_wconf 84' lang='lat' dir='ltr'><strong>habebat</strong></span> <span class='ocrx_word' id='word_1_223' title='bbox 2899 1273 3110 1336; x_wconf 92' lang='lat' dir='ltr'><strong>oculos,</strong></span> <span class='ocrx_word' id='word_1_224' title='bbox 3143 1273 3426 1328; x_wconf 82' lang='lat' dir='ltr'><strong>exsultans</strong></span> 
     </span>
    </p>
   </div>
   <div class='ocr_carea' id='block_1_30' title="bbox 1861 1363 3427 1438">
    <p class='ocr_par' dir='ltr' id='par_1_30' title="bbox 1861 1363 3427 1438">
     <span class='ocr_line' id='line_1_30' title="bbox 1861 1363 3427 1438; baseline 0.003 -24"><span class='ocrx_word' id='word_1_225' title='bbox 1861 1363 1914 1414; x_wconf 91' lang='lat' dir='ltr'><strong>in</strong></span> <span class='ocrx_word' id='word_1_226' title='bbox 1963 1364 2180 1418; x_wconf 89' lang='lat' dir='ltr'><strong>arcanis</strong></span> <span class='ocrx_word' id='word_1_227' title='bbox 2229 1363 2353 1417; x_wconf 86' lang='lat' dir='ltr'><strong>coeli</strong></span> <span class='ocrx_word' id='word_1_228' title='bbox 2395 1363 2695 1434; x_wconf 83' lang='lat' dir='ltr'><strong>mysteriis,</strong></span> <span class='ocrx_word' id='word_1_229' title='bbox 2748 1371 2801 1418; x_wconf 92' lang='lat' dir='ltr'><strong>et</strong></span> <span class='ocrx_word' id='word_1_230' title='bbox 2852 1379 2917 1419; x_wconf 91' lang='lat' dir='ltr'><strong>ea</strong></span> <span class='ocrx_word' id='word_1_231' title='bbox 2966 1363 3262 1438; x_wconf 83' lang='lat' dir='ltr'><strong>aspiciens,</strong></span> <span class='ocrx_word' id='word_1_232' title='bbox 3307 1379 3427 1434; x_wconf 69' lang='lat' dir='ltr'><strong>quae</strong></span> 
     </span>
    </p>
   </div>
   <div class='ocr_carea' id='block_1_31' title="bbox 1860 1453 3427 1523">
    <p class='ocr_par' dir='ltr' id='par_1_31' title="bbox 1860 1453 3427 1523">
     <span class='ocr_line' id='line_1_31' title="bbox 1860 1453 3427 1523; baseline 0.004 -21"><span class='ocrx_word' id='word_1_233' title='bbox 1860 1453 2011 1506; x_wconf 70' lang='lat' dir='ltr'><strong>cerni</strong></span> <span class='ocrx_word' id='word_1_234' title='bbox 2063 1469 2170 1506; x_wconf 91' lang='lat' dir='ltr'><strong>non</strong></span> <span class='ocrx_word' id='word_1_235' title='bbox 2217 1461 2470 1523; x_wconf 88' lang='lat' dir='ltr'><strong>possunt,</strong></span> <span class='ocrx_word' id='word_1_236' title='bbox 2500 1462 2554 1508; x_wconf 89' lang='lat' dir='ltr'><strong>et</strong></span> <span class='ocrx_word' id='word_1_237' title='bbox 2585 1454 2692 1509; x_wconf 88' lang='lat' dir='ltr'><strong>illis</strong></span> <span class='ocrx_word' id='word_1_238' title='bbox 2723 1468 2781 1509; x_wconf 90' lang='lat' dir='ltr'><strong>se</strong></span> <span class='ocrx_word' id='word_1_239' title='bbox 2809 1454 3112 1518; x_wconf 89' lang='lat' dir='ltr'><strong>oblectans,</strong></span> <span class='ocrx_word' id='word_1_240' title='bbox 3149 1470 3269 1523; x_wconf 69' lang='lat' dir='ltr'><strong>qua:</strong></span> <span class='ocrx_word' id='word_1_241' title='bbox 3301 1470 3427 1509; x_wconf 84' lang='lat' dir='ltr'><strong>sen-</strong></span> 
     </span>
    </p>
   </div>
   <div class='ocr_carea' id='block_1_32' title="bbox 1859 1543 3427 1613">
    <p class='ocr_par' dir='ltr' id='par_1_32' title="bbox 1859 1543 3427 1613">
     <span class='ocr_line' id='line_1_32' title="bbox 1859 1543 3427 1613; baseline 0.002 -17"><span class='ocrx_word' id='word_1_242' title='bbox 1859 1556 1978 1596; x_wconf 88' lang='lat' dir='ltr'><strong>sum</strong></span> <span class='ocrx_word' id='word_1_243' title='bbox 2023 1551 2282 1612; x_wconf 88' lang='lat' dir='ltr'><strong>superant</strong></span> <span class='ocrx_word' id='word_1_244' title='bbox 2333 1552 2392 1598; x_wconf 89' lang='lat' dir='ltr'><strong>et</strong></span> <span class='ocrx_word' id='word_1_245' title='bbox 2446 1543 2853 1613; x_wconf 88' lang='lat' dir='ltr'><strong>cogitationem.</strong></span> <span class='ocrx_word' id='word_1_246' title='bbox 2900 1543 3035 1609; x_wconf 82' lang='lat' dir='ltr'><strong>Quis</strong></span> <span class='ocrx_word' id='word_1_247' title='bbox 3083 1551 3264 1598; x_wconf 89' lang='lat' dir='ltr'><strong>autem</strong></span> <span class='ocrx_word' id='word_1_248' title='bbox 3313 1559 3427 1599; x_wconf 88' lang='lat' dir='ltr'><strong>non</strong></span> 
     </span>
    </p>
   </div>
   <div class='ocr_carea' id='block_1_33' title="bbox 1859 1633 3424 1699">
    <p class='ocr_par' dir='ltr' id='par_1_33' title="bbox 1859 1633 3424 1699">
     <span class='ocr_line' id='line_1_33' title="bbox 1859 1633 3424 1699; baseline -0.001 -12"><span class='ocrx_word' id='word_1_249' title='bbox 1859 1633 2233 1688; x_wconf 82' lang='lat' dir='ltr'><strong>cxistimasset</strong></span> <span class='ocrx_word' id='word_1_250' title='bbox 2287 1649 2410 1687; x_wconf 92' lang='lat' dir='ltr'><strong>eum</strong></span> <span class='ocrx_word' id='word_1_251' title='bbox 2453 1649 2575 1689; x_wconf 88' lang='lat' dir='ltr'><strong>esse</strong></span> <span class='ocrx_word' id='word_1_252' title='bbox 2619 1634 3010 1699; x_wconf 89' lang='lat' dir='ltr'><strong>miserabllem,</strong></span> <span class='ocrx_word' id='word_1_253' title='bbox 3059 1651 3182 1688; x_wconf 89' lang='lat' dir='ltr'><strong>eum</strong></span> <span class='ocrx_word' id='word_1_254' title='bbox 3230 1635 3424 1690; x_wconf 86' lang='lat' dir='ltr'><strong>videns</strong></span> 
     </span>
    </p>
   </div>
   <div class='ocr_carea' id='block_1_34' title="bbox 216 1709 1753 1796">
    <p class='ocr_par' dir='ltr' id='par_1_34' title="bbox 216 1709 1753 1796">
     <span class='ocr_line' id='line_1_34' title="bbox 216 1709 1753 1796; baseline 0.001 -19"><span class='ocrx_word' id='word_1_255' title='bbox 216 1726 337 1795; x_wconf 62' lang='grc' dir='ltr'>ἡμᾶς</span> <span class='ocrx_word' id='word_1_256' title='bbox 363 1724 584 1794; x_wconf 79' lang='grc' dir='ltr'>χωρίσει</span> <span class='ocrx_word' id='word_1_257' title='bbox 613 1723 722 1777; x_wconf 80' lang='grc' dir='ltr'>ἀπὸ</span> <span class='ocrx_word' id='word_1_258' title='bbox 757 1709 880 1793; x_wconf 79' lang='grc' dir='ltr'><strong>τῆς</strong></span> <span class='ocrx_word' id='word_1_259' title='bbox 903 1723 1123 1793; x_wconf 82' lang='grc' dir='ltr'><strong>ἀγάπης</strong></span> <span class='ocrx_word' id='word_1_260' title='bbox 1162 1723 1255 1777; x_wconf 75' lang='grc' dir='ltr'>τοῦ</span> <span class='ocrx_word' id='word_1_261' title='bbox 1300 1725 1534 1794; x_wconf 72' lang='grc' dir='ltr'>Χριστοῦ</span> <span class='ocrx_word' id='word_1_262' title='bbox 1569 1727 1667 1796; x_wconf 78' lang='grc' dir='ltr'>τῆς</span> <span class='ocrx_word' id='word_1_263' title='bbox 1697 1728 1753 1780; x_wconf 83' lang='grc' dir='ltr'><strong>ἐν</strong></span> 
     </span>
    </p>
   </div>
   <div class='ocr_carea' id='block_1_35' title="bbox 1856 1709 3425 1796">
    <p class='ocr_par' dir='ltr' id='par_1_35' title="bbox 1860 1723 3425 1795">
     <span class='ocr_line' id='line_1_35' title="bbox 1860 1723 3425 1795; baseline 0.004 -19"><span class='ocrx_word' id='word_1_264' title='bbox 1860 1725 1912 1778; x_wconf 90' lang='lat' dir='ltr'><strong>in</strong></span> <span class='ocrx_word' id='word_1_265' title='bbox 1947 1724 2200 1788; x_wconf 82' lang='lat' dir='ltr'><strong>vinculis,</strong></span> <span class='ocrx_word' id='word_1_266' title='bbox 2239 1733 2292 1778; x_wconf 90' lang='lat' dir='ltr'><strong>et</strong></span> <span class='ocrx_word' id='word_1_267' title='bbox 2332 1725 2502 1794; x_wconf 80' lang='lat' dir='ltr'><strong>plagis</strong></span> <span class='ocrx_word' id='word_1_268' title='bbox 2539 1740 2646 1794; x_wconf 51' lang='lat' dir='ltr'><strong>per.</strong></span> <span class='ocrx_word' id='word_1_269' title='bbox 2675 1726 2938 1795; x_wconf 90' lang='lat' dir='ltr'><strong>probrum</strong></span> <span class='ocrx_word' id='word_1_270' title='bbox 2971 1723 3133 1788; x_wconf 75' lang='lat' dir='ltr'><strong>adici,</strong></span> <span class='ocrx_word' id='word_1_271' title='bbox 3185 1734 3239 1780; x_wconf 86' lang='lat' dir='ltr'><strong>et</strong></span> <span class='ocrx_word' id='word_1_272' title='bbox 3286 1741 3425 1782; x_wconf 86' lang='lat' dir='ltr'><strong>nave</strong></span> 
     </span>
    </p>
   </div>
   <div class='ocr_carea' id='block_1_36' title="bbox 217 1811 1750 1887">
    <p class='ocr_par' dir='ltr' id='par_1_36' title="bbox 217 1811 1750 1887">
     <span class='ocr_line' id='line_1_36' title="bbox 217 1811 1750 1887; baseline 0.001 -20"><span class='ocrx_word' id='word_1_273' title='bbox 217 1814 403 1885; x_wconf 82' lang='grc' dir='ltr'><strong>Χριστῷ</strong></span> <span class='ocrx_word' id='word_1_274' title='bbox 443 1813 656 1884; x_wconf 85' lang='grc' dir='ltr'><strong>’1ησοῦ;</strong></span> <span class='ocrx_word' id='word_1_275' title='bbox 690 1812 899 1882; x_wconf 80' lang='grc' dir='ltr'>Θλίψις,</span> <span class='ocrx_word' id='word_1_276' title='bbox 942 1811 975 1881; x_wconf 79' lang='grc' dir='ltr'>ἦ</span> <span class='ocrx_word' id='word_1_277' title='bbox 1025 1814 1379 1885; x_wconf 61' lang='grc' dir='ltr'>στενοχωρία,</span> <span class='ocrx_word' id='word_1_278' title='bbox 1413 1813 1445 1885; x_wconf 79' lang='grc' dir='ltr'>ἢ</span> <span class='ocrx_word' id='word_1_279' title='bbox 1480 1814 1750 1887; x_wconf 76' lang='grc' dir='ltr'>διωγμὸς,</span> 
     </span>
    </p>
   </div>
   <div class='ocr_carea' id='block_1_37' title="bbox 212 1900 1753 1978">
    <p class='ocr_par' dir='ltr' id='par_1_37' title="bbox 212 1900 1753 1978">
     <span class='ocr_line' id='line_1_37' title="bbox 212 1900 1753 1978; baseline -0.001 -23"><span class='ocrx_word' id='word_1_280' title='bbox 212 1905 238 1974; x_wconf 73' lang='grc' dir='ltr'>ἢ</span> <span class='ocrx_word' id='word_1_281' title='bbox 262 1903 416 1973; x_wconf 70' lang='grc' dir='ltr'>λιμὸς,</span> <span class='ocrx_word' id='word_1_282' title='bbox 446 1902 478 1973; x_wconf 76' lang='grc' dir='ltr'>ἢ</span> <span class='ocrx_word' id='word_1_283' title='bbox 506 1901 808 1972; x_wconf 82' lang='grc' dir='ltr'>γυμνότης,</span> <span class='ocrx_word' id='word_1_284' title='bbox 834 1901 866 1970; x_wconf 74' lang='grc' dir='ltr'><strong>ἢ</strong></span> <span class='ocrx_word' id='word_1_285' title='bbox 898 1901 1208 1978; x_wconf 75' lang='grc' dir='ltr'>κίνδυνος,ἢ</span> <span class='ocrx_word' id='word_1_286' title='bbox 1233 1900 1506 1971; x_wconf 85' lang='grc' dir='ltr'>μάχαιρα;</span> <span class='ocrx_word' id='word_1_287' title='bbox 1537 1920 1555 1952; x_wconf 73' lang='grc' dir='ltr'><strong>ι</strong></span> <span class='ocrx_word' id='word_1_288' title='bbox 1577 1903 1753 1972; x_wconf 83' lang='grc' dir='ltr'>Ὅπερ</span> 
     </span>
    </p>
   </div>
   <div class='ocr_carea' id='block_1_38' title="bbox 212 1991 1759 2062">
    <p class='ocr_par' dir='ltr' id='par_1_38' title="bbox 212 1991 1759 2062">
     <span class='ocr_line' id='line_1_38' title="bbox 212 1991 1759 2062; baseline 0.001 -16"><span class='ocrx_word' id='word_1_289' title='bbox 212 1991 304 2048; x_wconf 79' lang='grc' dir='ltr'>ἶσόν</span> <span class='ocrx_word' id='word_1_290' title='bbox 341 1999 446 2049; x_wconf 78' lang='grc' dir='ltr'>ἐστι</span> <span class='ocrx_word' id='word_1_291' title='bbox 479 1993 583 2048; x_wconf 80' lang='grc' dir='ltr'>τοῦ</span> <span class='ocrx_word' id='word_1_292' title='bbox 620 1993 819 2061; x_wconf 85' lang='grc' dir='ltr'>λέγειν·</span> <span class='ocrx_word' id='word_1_293' title='bbox 850 1992 946 2055; x_wconf 84' lang='grc' dir='ltr'><strong>Τίς</strong></span> <span class='ocrx_word' id='word_1_294' title='bbox 996 2009 1096 2061; x_wconf 92' lang='grc' dir='ltr'><strong>μου</strong></span> <span class='ocrx_word' id='word_1_295' title='bbox 1134 1992 1258 2054; x_wconf 74' lang='grc' dir='ltr'>τοὺς</span> <span class='ocrx_word' id='word_1_296' title='bbox 1296 1992 1603 2062; x_wconf 76' lang='grc' dir='ltr'>ὀφθαλμοὺς</span> <span class='ocrx_word' id='word_1_297' title='bbox 1651 1993 1759 2047; x_wconf 81' lang='grc' dir='ltr'><strong>ἀπὸ</strong></span> 
     </span>
    </p>
   </div>
   <div class='ocr_carea' id='block_1_39' title="bbox 212 2083 1758 2157">
    <p class='ocr_par' dir='ltr' id='par_1_39' title="bbox 212 2083 1758 2157">
     <span class='ocr_line' id='line_1_39' title="bbox 212 2083 1758 2157; baseline -0.003 -17"><span class='ocrx_word' id='word_1_298' title='bbox 212 2089 291 2157; x_wconf 72' lang='grc' dir='ltr'>τῆς</span> <span class='ocrx_word' id='word_1_299' title='bbox 314 2086 541 2157; x_wconf 76' lang='grc' dir='ltr'>κεφαλῆς</span> <span class='ocrx_word' id='word_1_300' title='bbox 600 2083 862 2156; x_wconf 50' lang='lat' dir='ltr'><strong>eaepse“,</strong></span> <span class='ocrx_word' id='word_1_301' title='bbox 895 2083 1002 2136; x_wconf 76' lang='grc' dir='ltr'>’καὶ</span> <span class='ocrx_word' id='word_1_302' title='bbox 1040 2083 1176 2152; x_wconf 84' lang='grc' dir='ltr'>πρὸς</span> <span class='ocrx_word' id='word_1_303' title='bbox 1212 2083 1272 2135; x_wconf 84' lang='grc' dir='ltr'><strong>τὸ</strong></span> <span class='ocrx_word' id='word_1_304' title='bbox 1321 2085 1658 2153; x_wconf 84' lang='grc' dir='ltr'>πατούμενόν</span> <span class='ocrx_word' id='word_1_305' title='bbox 1699 2102 1758 2136; x_wconf 87' lang='grc' dir='ltr'><strong>τε</strong></span> 
     </span>
    </p>
   </div>
   <div class='ocr_carea' id='block_1_40' title="bbox 211 2171 1759 2246">
    <p class='ocr_par' dir='ltr' id='par_1_40' title="bbox 211 2171 1759 2246">
     <span class='ocr_line' id='line_1_40' title="bbox 211 2171 1759 2246; baseline -0.008 -18"><span class='ocrx_word' id='word_1_306' title='bbox 211 2177 285 2230; x_wconf 71' lang='grc' dir='ltr'><strong>καὶ</strong></span> <span class='ocrx_word' id='word_1_307' title='bbox 306 2177 479 2246; x_wconf 78' lang='grc' dir='ltr'>γήϊνον</span> <span class='ocrx_word' id='word_1_308' title='bbox 516 2175 854 2244; x_wconf 79' lang='grc' dir='ltr'>μεταστήσει</span> <span class='ocrx_word' id='word_1_309' title='bbox 877 2191 891 2236; x_wconf 88' lang='grc'>;</span> <span class='ocrx_word' id='word_1_310' title='bbox 920 2171 1089 2225; x_wconf 73' lang='grc' dir='ltr'>Τοῦτο</span> <span class='ocrx_word' id='word_1_311' title='bbox 1116 2171 1172 2224; x_wconf 83' lang='grc' dir='ltr'><strong>δὲ</strong></span> <span class='ocrx_word' id='word_1_312' title='bbox 1202 2175 1296 2225; x_wconf 75' lang='grc' dir='ltr'>καὶ</span> <span class='ocrx_word' id='word_1_313' title='bbox 1324 2173 1456 2244; x_wconf 83' lang='grc' dir='ltr'>ἡμῖν</span> <span class='ocrx_word' id='word_1_314' title='bbox 1483 2173 1759 2240; x_wconf 73' lang='grc' dir='ltr'>ἐγκελεύε-</span> 
     </span>
    </p>
   </div>
   <div class='ocr_carea' id='block_1_41' title="bbox 209 2260 1762 2334">
    <p class='ocr_par' dir='ltr' id='par_1_41' title="bbox 209 2260 1762 2334">
     <span class='ocr_line' id='line_1_41' title="bbox 209 2260 1762 2334; baseline -0.001 -14"><span class='ocrx_word' id='word_1_315' title='bbox 209 2283 278 2320; x_wconf 80' lang='grc' dir='ltr'><strong>ται</strong></span> <span class='ocrx_word' id='word_1_316' title='bbox 304 2266 358 2319; x_wconf 76' lang='grc' dir='ltr'><strong>τὸ</strong></span> <span class='ocrx_word' id='word_1_317' title='bbox 381 2260 494 2318; x_wconf 74' lang='grc' dir='ltr'>ἴσον</span> <span class='ocrx_word' id='word_1_318' title='bbox 518 2266 723 2326; x_wconf 77' lang='grc' dir='ltr'>ποιεῖν,</span> <span class='ocrx_word' id='word_1_319' title='bbox 753 2264 810 2314; x_wconf 83' lang='grc' dir='ltr'>ὲν</span> <span class='ocrx_word' id='word_1_320' title='bbox 835 2261 912 2332; x_wconf 81' lang='grc' dir='ltr'>τῷ</span> <span class='ocrx_word' id='word_1_321' title='bbox 942 2261 1358 2332; x_wconf 79' lang='grc' dir='ltr'>παραγγέλλειν,</span> <span class='ocrx_word' id='word_1_322' title='bbox 1387 2261 1456 2316; x_wconf 82' lang='grc' dir='ltr'><strong>τὰ</strong></span> <span class='ocrx_word' id='word_1_323' title='bbox 1489 2263 1600 2316; x_wconf 82' lang='grc' dir='ltr'>ἄνω</span> <span class='ocrx_word' id='word_1_324' title='bbox 1630 2281 1762 2334; x_wconf 78' lang='grc' dir='ltr'>φρο-·</span> 
     </span>
    </p>
   </div>
   <div class='ocr_carea' id='block_1_42' title="bbox 207 2350 1760 2426">
    <p class='ocr_par' dir='ltr' id='par_1_42' title="bbox 207 2350 1760 2426">
     <span class='ocr_line' id='line_1_42' title="bbox 207 2350 1760 2426; baseline -0.001 -18"><span class='ocrx_word' id='word_1_325' title='bbox 207 2359 311 2418; x_wconf 84' lang='grc' dir='ltr'>νεῖν,</span> <span class='ocrx_word' id='word_1_326' title='bbox 340 2356 469 2426; x_wconf 80' lang='grc' dir='ltr'>ὅπερ</span> <span class='ocrx_word' id='word_1_327' title='bbox 511 2353 706 2423; x_wconf 78' lang='grc' dir='ltr'>ὅμοιόν</span> <span class='ocrx_word' id='word_1_328' title='bbox 751 2352 868 2405; x_wconf 79' lang='grc' dir='ltr'>ἐστι</span> <span class='ocrx_word' id='word_1_329' title='bbox 915 2350 1006 2404; x_wconf 80' lang='grc' dir='ltr'><strong>τοῦ</strong></span> <span class='ocrx_word' id='word_1_330' title='bbox 1038 2351 1236 2418; x_wconf 83' lang='grc' dir='ltr'>λέγειν,</span> <span class='ocrx_word' id='word_1_331' title='bbox 1279 2352 1337 2404; x_wconf 84' lang='grc' dir='ltr'>ὲν</span> <span class='ocrx_word' id='word_1_332' title='bbox 1379 2353 1586 2424; x_wconf 80' lang='grc' dir='ltr'>κεφαλῇ</span> <span class='ocrx_word' id='word_1_333' title='bbox 1633 2355 1760 2416; x_wconf 84' lang='grc' dir='ltr'>τοὺς</span> 
     </span>
    </p>
   </div>
   <div class='ocr_carea' id='block_1_43' title="bbox 205 2446 683 2516">
    <p class='ocr_par' dir='ltr' id='par_1_43' title="bbox 205 2446 683 2516">
     <span class='ocr_line' id='line_1_43' title="bbox 205 2446 683 2516; baseline 0.004 -18"><span class='ocrx_word' id='word_1_334' title='bbox 205 2446 480 2516; x_wconf 71' lang='grc' dir='ltr'>ὀφθαλμοὺς</span> <span class='ocrx_word' id='word_1_335' title='bbox 507 2446 683 2516; x_wconf 75' lang='grc' dir='ltr'>ἔχειν.</span> 
     </span>
    </p>
   </div>
   <div class='ocr_carea' id='block_1_44' title="bbox 1859 1811 3421 1882">
    <p class='ocr_par' dir='ltr' id='par_1_44' title="bbox 1859 1811 3421 1882">
     <span class='ocr_line' id='line_1_44' title="bbox 1859 1811 3421 1882; baseline 0.001 -17"><span class='ocrx_word' id='word_1_336' title='bbox 1859 1811 2027 1866; x_wconf 85' lang='lat' dir='ltr'><strong>fracta</strong></span> <span class='ocrx_word' id='word_1_337' title='bbox 2059 1828 2181 1868; x_wconf 86' lang='lat' dir='ltr'><strong>esse</strong></span> <span class='ocrx_word' id='word_1_338' title='bbox 2238 1813 2290 1866; x_wconf 92' lang='lat' dir='ltr'><strong>in</strong></span> <span class='ocrx_word' id='word_1_339' title='bbox 2332 1813 2618 1882; x_wconf 84' lang='lat' dir='ltr'><strong>profundis</strong></span> <span class='ocrx_word' id='word_1_340' title='bbox 2662 1812 2922 1870; x_wconf 81' lang='lat' dir='ltr'><strong>ﬂuctibus</strong></span> <span class='ocrx_word' id='word_1_341' title='bbox 2969 1816 3162 1877; x_wconf 90' lang='lat' dir='ltr'><strong>maris,</strong></span> <span class='ocrx_word' id='word_1_342' title='bbox 3201 1825 3256 1870; x_wconf 90' lang='lat' dir='ltr'><strong>et</strong></span> <span class='ocrx_word' id='word_1_343' title='bbox 3295 1829 3421 1869; x_wconf 92' lang='lat' dir='ltr'><strong>cum</strong></span> 
     </span>
    </p>
   </div>
   <div class='ocr_carea' id='block_1_45' title="bbox 1857 1901 3422 1962">
    <p class='ocr_par' dir='ltr' id='par_1_45' title="bbox 1857 1901 3422 1962">
     <span class='ocr_line' id='line_1_45' title="bbox 1857 1901 3422 1962; baseline 0.004 -6"><span class='ocrx_word' id='word_1_344' title='bbox 1857 1901 2094 1959; x_wconf 80' lang='lat' dir='ltr'><strong>vinculis</strong></span> <span class='ocrx_word' id='word_1_345' title='bbox 2145 1902 2529 1958; x_wconf 81' lang='lat' dir='ltr'><strong>circumferri?</strong></span> <span class='ocrx_word' id='word_1_346' title='bbox 2570 1904 2676 1960; x_wconf 89' lang='lat' dir='ltr'><strong>Sed</strong></span> <span class='ocrx_word' id='word_1_347' title='bbox 2718 1912 2899 1960; x_wconf 89' lang='lat' dir='ltr'><strong>tamen</strong></span> <span class='ocrx_word' id='word_1_348' title='bbox 2954 1906 3054 1961; x_wconf 89' lang='lat' dir='ltr'><strong>etsi</strong></span> <span class='ocrx_word' id='word_1_349' title='bbox 3107 1905 3231 1960; x_wconf 90' lang='lat' dir='ltr'><strong>talis</strong></span> <span class='ocrx_word' id='word_1_350' title='bbox 3276 1918 3422 1962; x_wconf 82' lang='lat' dir='ltr'><strong>esset</strong></span> 
     </span>
    </p>
   </div>
   <div class='ocr_carea' id='block_1_46' title="bbox 1859 1991 3422 2063">
    <p class='ocr_par' dir='ltr' id='par_1_46' title="bbox 1859 1991 3422 2063">
     <span class='ocr_line' id='line_1_46' title="bbox 1859 1991 3422 2063; baseline 0.001 -18"><span class='ocrx_word' id='word_1_351' title='bbox 1859 1991 2002 2046; x_wconf 91' lang='lat' dir='ltr'><strong>inter</strong></span> <span class='ocrx_word' id='word_1_352' title='bbox 2037 1992 2312 2058; x_wconf 89' lang='lat' dir='ltr'><strong>homines,</strong></span> <span class='ocrx_word' id='word_1_353' title='bbox 2345 2008 2454 2048; x_wconf 89' lang='lat' dir='ltr'><strong>non</strong></span> <span class='ocrx_word' id='word_1_354' title='bbox 2503 1994 2701 2048; x_wconf 86' lang='lat' dir='ltr'><strong>avertit</strong></span> <span class='ocrx_word' id='word_1_355' title='bbox 2739 2000 2920 2048; x_wconf 89' lang='lat' dir='ltr'><strong>tamen</strong></span> <span class='ocrx_word' id='word_1_356' title='bbox 2965 1994 3175 2058; x_wconf 86' lang='lat' dir='ltr'><strong>oculos,</strong></span> <span class='ocrx_word' id='word_1_357' title='bbox 3210 1995 3422 2063; x_wconf 80' lang='lat' dir='ltr'><strong>quomi-</strong></span> 
     </span>
    </p>
   </div>
   <div class='ocr_carea' id='block_1_47' title="bbox 1855 2084 3498 2154">
    <p class='ocr_par' dir='ltr' id='par_1_47' title="bbox 1855 2084 3498 2154">
     <span class='ocr_line' id='line_1_47' title="bbox 1855 2084 3498 2154; baseline 0.001 -18"><span class='ocrx_word' id='word_1_358' title='bbox 1855 2098 1961 2138; x_wconf 90' lang='lat' dir='ltr'><strong>nus</strong></span> <span class='ocrx_word' id='word_1_359' title='bbox 1993 2097 2086 2138; x_wconf 92' lang='lat' dir='ltr'><strong>eos</strong></span> <span class='ocrx_word' id='word_1_360' title='bbox 2128 2099 2344 2153; x_wconf 87' lang='lat' dir='ltr'><strong>semper</strong></span> <span class='ocrx_word' id='word_1_361' title='bbox 2383 2084 2608 2140; x_wconf 90' lang='lat' dir='ltr'><strong>haberet</strong></span> <span class='ocrx_word' id='word_1_362' title='bbox 2637 2084 2696 2138; x_wconf 90' lang='lat' dir='ltr'><strong>in</strong></span> <span class='ocrx_word' id='word_1_363' title='bbox 2730 2085 2929 2154; x_wconf 84' lang='lat' dir='ltr'><strong>capite,</strong></span> <span class='ocrx_word' id='word_1_364' title='bbox 2964 2085 3194 2139; x_wconf 85' lang='lat' dir='ltr'><strong>dicens:</strong></span> <span class='ocrx_word' id='word_1_365' title='bbox 3236 2103 3255 2134; x_wconf 75' lang='grc' dir='ltr'><strong>ι</strong></span> <span class='ocrx_word' id='word_1_366' title='bbox 3287 2084 3420 2152; x_wconf 79' lang='lat' dir='ltr'><strong>Quis</strong></span> <span class='ocrx_word' id='word_1_367' title='bbox 3493 2122 3498 2127; x_wconf 66' lang='grc' dir='ltr'><em>η</em></span> 
     </span>
    </p>
   </div>
   <div class='ocr_carea' id='block_1_48' title="bbox 1857 2173 3420 2250">
    <p class='ocr_par' dir='ltr' id='par_1_48' title="bbox 1857 2173 3420 2250">
     <span class='ocr_line' id='line_1_48' title="bbox 1857 2173 3420 2250; baseline 0.001 -25"><span class='ocrx_word' id='word_1_368' title='bbox 1857 2174 2264 2250; x_wconf 54' lang='lat' dir='ltr'><strong>nos,separabit</strong></span> <span class='ocrx_word' id='word_1_369' title='bbox 2295 2189 2324 2228; x_wconf 89' lang='lat' dir='ltr'><strong>a</strong></span> <span class='ocrx_word' id='word_1_370' title='bbox 2359 2174 2631 2229; x_wconf 89' lang='lat' dir='ltr'><strong>cbaritate</strong></span> <span class='ocrx_word' id='word_1_371' title='bbox 2653 2173 2884 2237; x_wconf 89' lang='lat' dir='ltr'><strong>Christi,</strong></span> <span class='ocrx_word' id='word_1_372' title='bbox 2911 2189 3033 2244; x_wconf 66' lang='lat' dir='ltr'><strong>qua:</strong></span> <span class='ocrx_word' id='word_1_373' title='bbox 3059 2182 3146 2231; x_wconf 80' lang='lat' dir='ltr'><strong>est</strong></span> <span class='ocrx_word' id='word_1_374' title='bbox 3181 2174 3234 2228; x_wconf 91' lang='lat' dir='ltr'><strong>in</strong></span> <span class='ocrx_word' id='word_1_375' title='bbox 3261 2173 3420 2229; x_wconf 87' lang='lat' dir='ltr'><strong>Chri-</strong></span> 
     </span>
    </p>
   </div>
   <div class='ocr_carea' id='block_1_49' title="bbox 1856 2267 3418 2338">
    <p class='ocr_par' dir='ltr' id='par_1_49' title="bbox 1856 2267 3418 2338">
     <span class='ocr_line' id='line_1_49' title="bbox 1856 2267 3418 2338; baseline 0 -18"><span class='ocrx_word' id='word_1_376' title='bbox 1856 2275 1942 2321; x_wconf 90' lang='lat' dir='ltr'><strong>sto</strong></span> <span class='ocrx_word' id='word_1_377' title='bbox 1968 2267 2130 2323; x_wconf 86' lang='lat' dir='ltr'><strong>Jesu?</strong></span> <span class='ocrx_word' id='word_1_378' title='bbox 2160 2268 2400 2329; x_wconf 78' lang='lat' dir='ltr'><strong>aiﬂictio,</strong></span> <span class='ocrx_word' id='word_1_379' title='bbox 2429 2283 2497 2322; x_wconf 87' lang='lat' dir='ltr'><strong>an</strong></span> <span class='ocrx_word' id='word_1_380' title='bbox 2539 2269 2834 2338; x_wconf 88' lang='lat' dir='ltr'><strong>angustia?</strong></span> <span class='ocrx_word' id='word_1_381' title='bbox 2856 2283 2925 2322; x_wconf 91' lang='lat' dir='ltr'><strong>an</strong></span> <span class='ocrx_word' id='word_1_382' title='bbox 2965 2267 3314 2338; x_wconf 81' lang='lat' dir='ltr'><strong>persecutio?</strong></span> <span class='ocrx_word' id='word_1_383' title='bbox 3349 2282 3418 2320; x_wconf 84' lang='lat' dir='ltr'><strong>an</strong></span> 
     </span>
    </p>
   </div>
   <div class='ocr_carea' id='block_1_50' title="bbox 1861 2357 3413 2429">
    <p class='ocr_par' dir='ltr' id='par_1_50' title="bbox 1861 2357 3413 2429">
     <span class='ocr_line' id='line_1_50' title="bbox 1861 2357 3413 2429; baseline -0.001 -19"><span class='ocrx_word' id='word_1_384' title='bbox 1861 2357 2066 2412; x_wconf 79' lang='lat' dir='ltr'><strong>fames?</strong></span> <span class='ocrx_word' id='word_1_385' title='bbox 2095 2373 2164 2412; x_wconf 90' lang='lat' dir='ltr'><strong>an</strong></span> <span class='ocrx_word' id='word_1_386' title='bbox 2197 2358 2440 2423; x_wconf 89' lang='lat' dir='ltr'><strong>nuditas,</strong></span> <span class='ocrx_word' id='word_1_387' title='bbox 2470 2374 2538 2413; x_wconf 88' lang='lat' dir='ltr'><strong>an</strong></span> <span class='ocrx_word' id='word_1_388' title='bbox 2576 2359 2899 2429; x_wconf 90' lang='lat' dir='ltr'><strong>periculum,</strong></span> <span class='ocrx_word' id='word_1_389' title='bbox 2939 2359 3008 2414; x_wconf 81' lang='lat' dir='ltr'><strong>an</strong></span> <span class='ocrx_word' id='word_1_390' title='bbox 3039 2358 3255 2429; x_wconf 77' lang='lat' dir='ltr'><strong>gladius</strong></span> <span class='ocrx_word' id='word_1_391' title='bbox 3271 2358 3357 2411; x_wconf 70' lang='lat'><strong>&#39;7?</strong></span> <span class='ocrx_word' id='word_1_392' title='bbox 3394 2377 3413 2409; x_wconf 75' lang='grc' dir='ltr'><strong>ι</strong></span> 
     </span>
    </p>
   </div>
   <div class='ocr_carea' id='block_1_51' title="bbox 1856 2446 3422 2517">
    <p class='ocr_par' dir='ltr' id='par_1_51' title="bbox 1856 2446 3422 2517">
     <span class='ocr_line' id='line_1_51' title="bbox 1856 2446 3422 2517; baseline 0.003 -17"><span class='ocrx_word' id='word_1_393' title='bbox 1856 2446 2009 2513; x_wconf 84' lang='lat' dir='ltr'><strong>Quod</strong></span> <span class='ocrx_word' id='word_1_394' title='bbox 2035 2448 2260 2517; x_wconf 88' lang='lat' dir='ltr'><strong>perinde</strong></span> <span class='ocrx_word' id='word_1_395' title='bbox 2287 2456 2370 2504; x_wconf 92' lang='lat' dir='ltr'><strong>est</strong></span> <span class='ocrx_word' id='word_1_396' title='bbox 2413 2463 2476 2503; x_wconf 84' lang='lat' dir='ltr'><strong>ac</strong></span> <span class='ocrx_word' id='word_1_397' title='bbox 2507 2450 2553 2504; x_wconf 88' lang='lat' dir='ltr'><strong>si</strong></span> <span class='ocrx_word' id='word_1_398' title='bbox 2587 2450 2796 2505; x_wconf 87' lang='lat' dir='ltr'><strong>diceret</strong></span> <span class='ocrx_word' id='word_1_399' title='bbox 2825 2467 2838 2504; x_wconf 92' lang='lat'><strong>:</strong></span> <span class='ocrx_word' id='word_1_400' title='bbox 2871 2449 3006 2515; x_wconf 82' lang='lat' dir='ltr'><strong>Quis</strong></span> <span class='ocrx_word' id='word_1_401' title='bbox 3046 2464 3198 2505; x_wconf 86' lang='lat' dir='ltr'><strong>meos</strong></span> <span class='ocrx_word' id='word_1_402' title='bbox 3231 2449 3422 2504; x_wconf 84' lang='lat' dir='ltr'><strong>oculos</strong></span> 
     </span>
    </p>
   </div>
   <div class='ocr_carea' id='block_1_52' title="bbox 204 2532 3419 2610">
    <p class='ocr_par' dir='ltr' id='par_1_52' title="bbox 204 2532 3419 2610">
     <span class='ocr_line' id='line_1_52' title="bbox 204 2532 3419 2610; baseline 0.001 -23"><span class='ocrx_word' id='word_1_403' title='bbox 204 2535 390 2588; x_wconf 73' lang='lat' dir='ltr'><strong>eﬂodiet</strong></span> <span class='ocrx_word' id='word_1_404' title='bbox 436 2551 464 2588; x_wconf 89' lang='lat' dir='ltr'><strong>a</strong></span> <span class='ocrx_word' id='word_1_405' title='bbox 513 2536 728 2606; x_wconf 78' lang='lat' dir='ltr'><strong>capite,</strong></span> <span class='ocrx_word' id='word_1_406' title='bbox 768 2541 824 2588; x_wconf 88' lang='lat' dir='ltr'><strong>et</strong></span> <span class='ocrx_word' id='word_1_407' title='bbox 873 2532 1168 2587; x_wconf 83' lang='lat' dir='ltr'><strong>transferet</strong></span> <span class='ocrx_word' id='word_1_408' title='bbox 1206 2533 1276 2587; x_wconf 89' lang='lat' dir='ltr'><strong>ad</strong></span> <span class='ocrx_word' id='word_1_409' title='bbox 1325 2533 1378 2588; x_wconf 89' lang='lat' dir='ltr'><strong>id</strong></span> <span class='ocrx_word' id='word_1_410' title='bbox 1428 2534 1574 2604; x_wconf 90' lang='lat' dir='ltr'><strong>quod</strong></span> <span class='ocrx_word' id='word_1_411' title='bbox 1621 2537 1980 2590; x_wconf 76' lang='lat' dir='ltr'><strong>conculcatur</strong></span> <span class='ocrx_word' id='word_1_412' title='bbox 2005 2546 2058 2591; x_wconf 91' lang='lat' dir='ltr'><strong>et</strong></span> <span class='ocrx_word' id='word_1_413' title='bbox 2097 2548 2180 2593; x_wconf 88' lang='lat' dir='ltr'><strong>est</strong></span> <span class='ocrx_word' id='word_1_414' title='bbox 2211 2540 2514 2594; x_wconf 86' lang='lat' dir='ltr'><strong>terrestre?</strong></span> <span class='ocrx_word' id='word_1_415' title='bbox 2575 2537 2746 2594; x_wconf 86' lang='lat' dir='ltr'><strong>Nobis</strong></span> <span class='ocrx_word' id='word_1_416' title='bbox 2814 2554 3033 2609; x_wconf 89' lang='lat' dir='ltr'><strong>quoque</strong></span> <span class='ocrx_word' id='word_1_417' title='bbox 3097 2540 3202 2595; x_wconf 92' lang='lat' dir='ltr'><strong>hoc</strong></span> <span class='ocrx_word' id='word_1_418' title='bbox 3261 2539 3419 2610; x_wconf 85' lang='lat' dir='ltr'><strong>jubet</strong></span> 
     </span>
    </p>
   </div>
   <div class='ocr_carea' id='block_1_53' title="bbox 204 2629 3412 2704">
    <p class='ocr_par' dir='ltr' id='par_1_53' title="bbox 204 2629 3412 2704">
     <span class='ocr_line' id='line_1_53' title="bbox 204 2629 3412 2704; baseline 0.001 -20"><span class='ocrx_word' id='word_1_419' title='bbox 204 2630 426 2684; x_wconf 75' lang='lat' dir='ltr'><strong>similiter</strong></span> <span class='ocrx_word' id='word_1_420' title='bbox 466 2630 656 2685; x_wconf 80' lang='lat' dir='ltr'><strong>facere</strong></span> <span class='ocrx_word' id='word_1_421' title='bbox 697 2629 825 2684; x_wconf 91' lang='lat' dir='ltr'><strong>dum</strong></span> <span class='ocrx_word' id='word_1_422' title='bbox 876 2629 1144 2698; x_wconf 64' lang='lat' dir='ltr'><strong>praecipit,</strong></span> <span class='ocrx_word' id='word_1_423' title='bbox 1191 2643 1313 2700; x_wconf 61' lang='lat' dir='ltr'><strong>quae</strong></span> <span class='ocrx_word' id='word_1_424' title='bbox 1344 2645 1562 2685; x_wconf 87' lang='lat' dir='ltr'><strong>sursum</strong></span> <span class='ocrx_word' id='word_1_425' title='bbox 1611 2640 1740 2687; x_wconf 90' lang='lat' dir='ltr'><strong>sunt</strong></span> <span class='ocrx_word' id='word_1_426' title='bbox 1776 2633 2052 2702; x_wconf 76' lang='lat' dir='ltr'><strong>sapere&quot;,</strong></span> <span class='ocrx_word' id='word_1_427' title='bbox 2097 2635 2245 2704; x_wconf 87' lang='lat' dir='ltr'><strong>quod</strong></span> <span class='ocrx_word' id='word_1_428' title='bbox 2287 2634 2510 2704; x_wconf 89' lang='lat' dir='ltr'><strong>perinde</strong></span> <span class='ocrx_word' id='word_1_429' title='bbox 2569 2641 2656 2688; x_wconf 89' lang='lat' dir='ltr'><strong>est</strong></span> <span class='ocrx_word' id='word_1_430' title='bbox 2697 2649 2761 2687; x_wconf 89' lang='lat' dir='ltr'><strong>ac</strong></span> <span class='ocrx_word' id='word_1_431' title='bbox 2828 2635 2875 2689; x_wconf 87' lang='lat' dir='ltr'><strong>si</strong></span> <span class='ocrx_word' id='word_1_432' title='bbox 2929 2635 3160 2698; x_wconf 88' lang='lat' dir='ltr'><strong>diceret,</strong></span> <span class='ocrx_word' id='word_1_433' title='bbox 3209 2635 3412 2689; x_wconf 88' lang='lat' dir='ltr'><strong>habere</strong></span> 
     </span>
    </p>
   </div>
   <div class='ocr_carea' id='block_1_54' title="bbox 202 2727 670 2797">
    <p class='ocr_par' dir='ltr' id='par_1_54' title="bbox 202 2727 670 2797">
     <span class='ocr_line' id='line_1_54' title="bbox 202 2727 670 2797; baseline -0.002 -17"><span class='ocrx_word' id='word_1_434' title='bbox 202 2729 360 2780; x_wconf 75' lang='lat' dir='ltr'><strong>oculos</strong></span> <span class='ocrx_word' id='word_1_435' title='bbox 387 2729 437 2780; x_wconf 92' lang='lat' dir='ltr'><strong>in</strong></span> <span class='ocrx_word' id='word_1_436' title='bbox 462 2727 670 2797; x_wconf 79' lang='lat' dir='ltr'><strong>capite.</strong></span> 
     </span>
    </p>
   </div>
   <div class='ocr_carea' id='block_1_55' title="bbox 268 2785 1767 2891">
    <p class='ocr_par' dir='ltr' id='par_1_55' title="bbox 268 2785 1767 2891">
     <span class='ocr_line' id='line_1_55' title="bbox 268 2785 1767 2891; baseline 0.002 -20"><span class='ocrx_word' id='word_1_437' title='bbox 268 2818 388 2871; x_wconf 75' lang='grc' dir='ltr'>Ἀλλ’</span> <span class='ocrx_word' id='word_1_438' title='bbox 405 2819 450 2871; x_wconf 89' lang='grc' dir='ltr'><strong>εί</strong></span> <span class='ocrx_word' id='word_1_439' title='bbox 473 2785 884 2888; x_wconf 71' lang='grc' dir='ltr'>μεμαθήκαμεν</span> <span class='ocrx_word' id='word_1_440' title='bbox 906 2819 1022 2882; x_wconf 76' lang='grc' dir='ltr'>πῶς</span> <span class='ocrx_word' id='word_1_441' title='bbox 1045 2821 1148 2873; x_wconf 88' lang='grc' dir='ltr'>εἱσι</span> <span class='ocrx_word' id='word_1_442' title='bbox 1167 2820 1260 2873; x_wconf 82' lang='grc' dir='ltr'>τοῦ</span> <span class='ocrx_word' id='word_1_443' title='bbox 1286 2820 1449 2889; x_wconf 78' lang='grc' dir='ltr'>σοφοῦ</span> <span class='ocrx_word' id='word_1_444' title='bbox 1472 2821 1520 2874; x_wconf 80' lang='grc' dir='ltr'><strong>οἱ</strong></span> <span class='ocrx_word' id='word_1_445' title='bbox 1549 2785 1767 2891; x_wconf 78' lang='grc' dir='ltr'>δφθαλο-</span> 
     </span>
    </p>
   </div>
   <div class='ocr_carea' id='block_1_56' title="bbox 1926 2814 3414 2891">
    <p class='ocr_par' dir='ltr' id='par_1_56' title="bbox 1926 2814 3414 2891">
     <span class='ocr_line' id='line_1_56' title="bbox 1926 2814 3414 2891; baseline 0.005 -22"><span class='ocrx_word' id='word_1_446' title='bbox 1926 2815 2032 2871; x_wconf 89' lang='lat' dir='ltr'><strong>Sed</strong></span> <span class='ocrx_word' id='word_1_447' title='bbox 2075 2817 2118 2870; x_wconf 85' lang='lat' dir='ltr'><strong>si</strong></span> <span class='ocrx_word' id='word_1_448' title='bbox 2150 2814 2442 2870; x_wconf 84' lang='lat' dir='ltr'><strong>didicimus</strong></span> <span class='ocrx_word' id='word_1_449' title='bbox 2474 2817 2933 2885; x_wconf 87' lang='lat' dir='ltr'><strong>quemadmodum</strong></span> <span class='ocrx_word' id='word_1_450' title='bbox 2983 2826 3111 2872; x_wconf 91' lang='lat' dir='ltr'><strong>sunt</strong></span> <span class='ocrx_word' id='word_1_451' title='bbox 3143 2817 3414 2891; x_wconf 77' lang='lat' dir='ltr'><strong>sapientis</strong></span> 
     </span>
    </p>
   </div>
   <div class='ocr_carea' id='block_1_57' title="bbox 205 2905 1753 2988">
    <p class='ocr_par' dir='ltr' id='par_1_57' title="bbox 205 2907 1750 2982">
     <span class='ocr_line' id='line_1_57' title="bbox 205 2907 1750 2982; baseline 0.002 -23"><span class='ocrx_word' id='word_1_452' title='bbox 205 2911 276 2976; x_wconf 71' lang='grc' dir='ltr'><strong>μοὶ</strong></span> <span class='ocrx_word' id='word_1_453' title='bbox 293 2911 343 2960; x_wconf 81' lang='grc' dir='ltr'>ἐν</span> <span class='ocrx_word' id='word_1_454' title='bbox 369 2909 586 2978; x_wconf 78' lang='grc' dir='ltr'>κεφαλῇ</span> <span class='ocrx_word' id='word_1_455' title='bbox 622 2907 808 2973; x_wconf 82' lang='grc' dir='ltr'>αὑτοῦ,</span> <span class='ocrx_word' id='word_1_456' title='bbox 839 2907 1098 2980; x_wconf 82' lang='grc' dir='ltr'>φύγωμεν</span> <span class='ocrx_word' id='word_1_457' title='bbox 1134 2909 1231 2982; x_wconf 79' lang='grc' dir='ltr'>τὴν</span> <span class='ocrx_word' id='word_1_458' title='bbox 1264 2911 1593 2982; x_wconf 82' lang='grc' dir='ltr'>ἀφροσύνην,</span> <span class='ocrx_word' id='word_1_459' title='bbox 1627 2912 1750 2982; x_wconf 77' lang='grc' dir='ltr'>ἥτις</span> 
     </span>
    </p>
   </div>
   <div class='ocr_carea' id='block_1_58' title="bbox 1856 2905 3414 2988">
    <p class='ocr_par' dir='ltr' id='par_1_58' title="bbox 1856 2905 3414 2983">
     <span class='ocr_line' id='line_1_58' title="bbox 1856 2905 3414 2983; baseline 0.005 -23"><span class='ocrx_word' id='word_1_460' title='bbox 1856 2906 1997 2960; x_wconf 79' lang='lat' dir='ltr'><strong>oculi</strong></span> <span class='ocrx_word' id='word_1_461' title='bbox 2047 2906 2100 2958; x_wconf 93' lang='lat' dir='ltr'><strong>in</strong></span> <span class='ocrx_word' id='word_1_462' title='bbox 2143 2905 2263 2974; x_wconf 87' lang='lat' dir='ltr'><strong>ejus</strong></span> <span class='ocrx_word' id='word_1_463' title='bbox 2305 2908 2506 2976; x_wconf 88' lang='lat' dir='ltr'><strong>capite,</strong></span> <span class='ocrx_word' id='word_1_464' title='bbox 2551 2907 2826 2978; x_wconf 79' lang='lat' dir='ltr'><strong>fugiamus</strong></span> <span class='ocrx_word' id='word_1_465' title='bbox 2856 2909 3250 2978; x_wconf 90' lang='lat' dir='ltr'><strong>insipientiam,</strong></span> <span class='ocrx_word' id='word_1_466' title='bbox 3293 2928 3414 2983; x_wconf 73' lang='lat' dir='ltr'><strong>quae</strong></span> 
     </span>
    </p>
   </div>
   <div class='ocr_carea' id='block_1_59' title="bbox 204 2998 1750 3072">
    <p class='ocr_par' dir='ltr' id='par_1_59' title="bbox 204 2998 1750 3072">
     <span class='ocr_line' id='line_1_59' title="bbox 204 2998 1750 3072; baseline 0.002 -21"><span class='ocrx_word' id='word_1_467' title='bbox 204 3000 359 3062; x_wconf 74' lang='grc' dir='ltr'>σκότος</span> <span class='ocrx_word' id='word_1_468' title='bbox 376 3003 482 3063; x_wconf 82' lang='grc' dir='ltr'>τοῖς</span> <span class='ocrx_word' id='word_1_469' title='bbox 505 3001 568 3052; x_wconf 77' lang='grc' dir='ltr'>ὲν</span> <span class='ocrx_word' id='word_1_470' title='bbox 593 2998 672 3069; x_wconf 79' lang='grc' dir='ltr'>τῷ</span> <span class='ocrx_word' id='word_1_471' title='bbox 694 2998 792 3069; x_wconf 82' lang='grc' dir='ltr'><strong>βίῳ</strong></span> <span class='ocrx_word' id='word_1_472' title='bbox 813 2999 985 3070; x_wconf 84' lang='grc' dir='ltr'>τούτῳ</span> <span class='ocrx_word' id='word_1_473' title='bbox 1003 3003 1385 3072; x_wconf 83' lang='grc' dir='ltr'>πορευομένοις</span> <span class='ocrx_word' id='word_1_474' title='bbox 1402 2999 1626 3070; x_wconf 87' lang='grc' dir='ltr'>γίνεται.</span> <span class='ocrx_word' id='word_1_475' title='bbox 1650 3020 1668 3053; x_wconf 80' lang='grc' dir='ltr'><strong>ι</strong></span> <span class='ocrx_word' id='word_1_476' title='bbox 1692 3002 1750 3054; x_wconf 90' lang='lat'><strong>&#39;0</strong></span> 
     </span>
    </p>
   </div>
   <div class='ocr_carea' id='block_1_60' title="bbox 200 3079 1751 3162">
    <p class='ocr_par' dir='ltr' id='par_1_60' title="bbox 200 3079 1751 3162">
     <span class='ocr_line' id='line_1_60' title="bbox 200 3079 1751 3162; baseline 0.003 -23"><span class='ocrx_word' id='word_1_477' title='bbox 200 3087 287 3158; x_wconf 72' lang='grc' dir='ltr'>γὰρ</span> <span class='ocrx_word' id='word_1_478' title='bbox 308 3088 506 3158; x_wconf 83' lang='grc' dir='ltr'>ἀφρων,</span> <span class='ocrx_word' id='word_1_479' title='bbox 534 3108 553 3140; x_wconf 73' lang='grc' dir='ltr'><strong>ι</strong></span> <span class='ocrx_word' id='word_1_480' title='bbox 596 3089 781 3157; x_wconf 64' lang='grc' dir='ltr'>φησιν,</span> <span class='ocrx_word' id='word_1_481' title='bbox 809 3079 840 3138; x_wconf 65' lang='grc' dir='ltr'>ι’</span> <span class='ocrx_word' id='word_1_482' title='bbox 859 3089 917 3140; x_wconf 81' lang='grc' dir='ltr'>ὲν</span> <span class='ocrx_word' id='word_1_483' title='bbox 939 3089 1118 3142; x_wconf 82' lang='grc' dir='ltr'>σκότει</span> <span class='ocrx_word' id='word_1_484' title='bbox 1145 3088 1452 3161; x_wconf 84' lang='grc' dir='ltr'>πορεύεται.</span> <span class='ocrx_word' id='word_1_485' title='bbox 1482 3107 1502 3142; x_wconf 85' lang='grc'><strong>›</strong></span> <span class='ocrx_word' id='word_1_486' title='bbox 1529 3092 1751 3162; x_wconf 76' lang='grc' dir='ltr'>’Ἄφρων</span> 
     </span>
    </p>
   </div>
   <div class='ocr_carea' id='block_1_61' title="bbox 201 3176 1750 3254">
    <p class='ocr_par' dir='ltr' id='par_1_61' title="bbox 201 3176 1750 3254">
     <span class='ocr_line' id='line_1_61' title="bbox 201 3176 1750 3254; baseline 0.003 -26"><span class='ocrx_word' id='word_1_487' title='bbox 201 3176 243 3228; x_wconf 81' lang='grc' dir='ltr'><strong>δέ</strong></span> <span class='ocrx_word' id='word_1_488' title='bbox 263 3179 381 3241; x_wconf 74' lang='grc' dir='ltr'>ἐστι,</span> <span class='ocrx_word' id='word_1_489' title='bbox 416 3177 610 3240; x_wconf 81' lang='grc' dir='ltr'>καθὼς</span> <span class='ocrx_word' id='word_1_490' title='bbox 642 3179 676 3247; x_wconf 78' lang='grc' dir='ltr'>ἡ</span> <span class='ocrx_word' id='word_1_491' title='bbox 723 3178 1026 3249; x_wconf 80' lang='grc' dir='ltr'>προφητεία</span> <span class='ocrx_word' id='word_1_492' title='bbox 1055 3180 1242 3249; x_wconf 64' lang='grc' dir='ltr'>φησιν,</span> <span class='ocrx_word' id='word_1_493' title='bbox 1273 3183 1302 3233; x_wconf 87' lang='grc' dir='ltr'><strong>ό</strong></span> <span class='ocrx_word' id='word_1_494' title='bbox 1349 3183 1406 3233; x_wconf 78' lang='grc' dir='ltr'>ἐν</span> <span class='ocrx_word' id='word_1_495' title='bbox 1439 3182 1505 3252; x_wconf 79' lang='grc' dir='ltr'>τῇ</span> <span class='ocrx_word' id='word_1_496' title='bbox 1555 3182 1750 3254; x_wconf 71' lang='grc' dir='ltr'>καρδίᾳ</span> 
     </span>
    </p>
   </div>
   <div class='ocr_carea' id='block_1_62' title="bbox 199 3264 1750 3341">
    <p class='ocr_par' dir='ltr' id='par_1_62' title="bbox 199 3264 1750 3341">
     <span class='ocr_line' id='line_1_62' title="bbox 199 3264 1750 3341; baseline 0.003 -22"><span class='ocrx_word' id='word_1_497' title='bbox 199 3269 341 3336; x_wconf 71' lang='grc' dir='ltr'>λέγων</span> <span class='ocrx_word' id='word_1_498' title='bbox 369 3269 438 3340; x_wconf 80' lang='grc' dir='ltr'>μὴ</span> <span class='ocrx_word' id='word_1_499' title='bbox 466 3264 616 3322; x_wconf 79' lang='grc' dir='ltr'>εἶναι</span> <span class='ocrx_word' id='word_1_500' title='bbox 659 3267 813 3330; x_wconf 82' lang='grc' dir='ltr'>Θεὸν,</span> <span class='ocrx_word' id='word_1_501' title='bbox 845 3267 904 3330; x_wconf 81' lang='grc' dir='ltr'>ὃς</span> <span class='ocrx_word' id='word_1_502' title='bbox 943 3267 1206 3339; x_wconf 82' lang='grc' dir='ltr'>διεφθάρη</span> <span class='ocrx_word' id='word_1_503' title='bbox 1235 3269 1328 3322; x_wconf 73' lang='grc' dir='ltr'><strong>καὶ</strong></span> <span class='ocrx_word' id='word_1_504' title='bbox 1369 3268 1659 3341; x_wconf 77' lang='grc' dir='ltr'>ἐϐδελύχθη</span> <span class='ocrx_word' id='word_1_505' title='bbox 1693 3272 1750 3324; x_wconf 84' lang='grc' dir='ltr'>ὲν</span> 
     </span>
    </p>
   </div>
   <div class='ocr_carea' id='block_1_63' title="bbox 201 3355 1747 3429">
    <p class='ocr_par' dir='ltr' id='par_1_63' title="bbox 201 3355 1747 3429">
     <span class='ocr_line' id='line_1_63' title="bbox 201 3355 1747 3429; baseline 0.005 -23"><span class='ocrx_word' id='word_1_506' title='bbox 201 3355 621 3426; x_wconf 74' lang='grc' dir='ltr'>ἐπιτηδεύμασιν.</span> <span class='ocrx_word' id='word_1_507' title='bbox 663 3355 727 3408; x_wconf 84' lang='grc' dir='ltr'><strong>Ἥ</strong></span> <span class='ocrx_word' id='word_1_508' title='bbox 746 3355 802 3408; x_wconf 78' lang='grc' dir='ltr'>δὲ</span> <span class='ocrx_word' id='word_1_509' title='bbox 828 3355 1118 3409; x_wconf 84' lang='grc' dir='ltr'>ἀκολουθία</span> <span class='ocrx_word' id='word_1_510' title='bbox 1143 3355 1236 3410; x_wconf 80' lang='grc' dir='ltr'><strong>τοῦ</strong></span> <span class='ocrx_word' id='word_1_511' title='bbox 1257 3357 1413 3426; x_wconf 87' lang='grc' dir='ltr'>λόγου</span> <span class='ocrx_word' id='word_1_512' title='bbox 1439 3358 1747 3429; x_wconf 86' lang='grc' dir='ltr'>θεραπεύει,</span> 
     </span>
    </p>
   </div>
   <div class='ocr_carea' id='block_1_64' title="bbox 197 3446 1750 3521">
    <p class='ocr_par' dir='ltr' id='par_1_64' title="bbox 197 3446 1750 3521">
     <span class='ocr_line' id='line_1_64' title="bbox 197 3446 1750 3521; baseline 0.003 -23"><span class='ocrx_word' id='word_1_513' title='bbox 197 3446 267 3500; x_wconf 72' lang='grc' dir='ltr'>διὰ</span> <span class='ocrx_word' id='word_1_514' title='bbox 307 3447 404 3500; x_wconf 81' lang='grc' dir='ltr'>τῶν</span> <span class='ocrx_word' id='word_1_515' title='bbox 453 3446 663 3516; x_wconf 74' lang='grc' dir='ltr'>ἑφεξῆς</span> <span class='ocrx_word' id='word_1_516' title='bbox 696 3446 1020 3516; x_wconf 75' lang='grc' dir='ltr'>είρημένων,</span> <span class='ocrx_word' id='word_1_517' title='bbox 1057 3447 1182 3509; x_wconf 80' lang='grc' dir='ltr'>τοὺς</span> <span class='ocrx_word' id='word_1_518' title='bbox 1222 3447 1568 3519; x_wconf 65' lang='grc' dir='ltr'>μικροψύχως</span> <span class='ocrx_word' id='word_1_519' title='bbox 1621 3451 1750 3521; x_wconf 80' lang='grc' dir='ltr'>περὶ</span> 
     </span>
    </p>
   </div>
   <div class='ocr_carea' id='block_1_65' title="bbox 200 3527 1748 3604">
    <p class='ocr_par' dir='ltr' id='par_1_65' title="bbox 200 3527 1748 3604">
     <span class='ocr_line' id='line_1_65' title="bbox 200 3527 1748 3604; baseline 0.006 -21"><span class='ocrx_word' id='word_1_520' title='bbox 200 3531 276 3600; x_wconf 76' lang='grc' dir='ltr'>τὴν</span> <span class='ocrx_word' id='word_1_521' title='bbox 300 3532 434 3604; x_wconf 79' lang='grc' dir='ltr'>ζωὴν</span> <span class='ocrx_word' id='word_1_522' title='bbox 455 3533 672 3602; x_wconf 83' lang='grc' dir='ltr'>ταύτην</span> <span class='ocrx_word' id='word_1_523' title='bbox 694 3531 1081 3602; x_wconf 82' lang='grc' dir='ltr'>διακειμένους·</span> <span class='ocrx_word' id='word_1_524' title='bbox 1121 3527 1201 3597; x_wconf 69' lang='grc' dir='ltr'>οἷς</span> <span class='ocrx_word' id='word_1_525' title='bbox 1228 3534 1460 3603; x_wconf 90' lang='grc' dir='ltr'>χαλεπόν</span> <span class='ocrx_word' id='word_1_526' title='bbox 1489 3555 1541 3590; x_wconf 87' lang='grc' dir='ltr'><strong>τι</strong></span> <span class='ocrx_word' id='word_1_527' title='bbox 1571 3539 1631 3590; x_wconf 87' lang='grc' dir='ltr'><strong>τὸ</strong></span> <span class='ocrx_word' id='word_1_528' title='bbox 1655 3537 1748 3592; x_wconf 76' lang='grc' dir='ltr'>τοῦ</span> 
     </span>
    </p>
   </div>
   <div class='ocr_carea' id='block_1_66' title="bbox 200 3621 1748 3698">
    <p class='ocr_par' dir='ltr' id='par_1_66' title="bbox 200 3621 1748 3698">
     <span class='ocr_line' id='line_1_66' title="bbox 200 3621 1748 3698; baseline 0.006 -26"><span class='ocrx_word' id='word_1_529' title='bbox 200 3621 400 3677; x_wconf 78' lang='grc' dir='ltr'>Θανάτου</span> <span class='ocrx_word' id='word_1_530' title='bbox 431 3622 724 3690; x_wconf 79' lang='grc' dir='ltr'>νομίζεται</span> <span class='ocrx_word' id='word_1_531' title='bbox 752 3662 766 3685; x_wconf 87' lang='grc'><strong>,</strong></span> <span class='ocrx_word' id='word_1_532' title='bbox 800 3623 895 3676; x_wconf 69' lang='grc' dir='ltr'>καὶ</span> <span class='ocrx_word' id='word_1_533' title='bbox 927 3622 1017 3676; x_wconf 84' lang='grc' dir='ltr'>διὰ</span> <span class='ocrx_word' id='word_1_534' title='bbox 1043 3624 1198 3678; x_wconf 79' lang='grc' dir='ltr'>τοῦτο</span> <span class='ocrx_word' id='word_1_535' title='bbox 1243 3627 1432 3698; x_wconf 81' lang='grc' dir='ltr'>κέρδος</span> <span class='ocrx_word' id='word_1_536' title='bbox 1483 3629 1632 3682; x_wconf 80' lang='grc' dir='ltr'>οὐδὲν</span> <span class='ocrx_word' id='word_1_537' title='bbox 1654 3629 1748 3682; x_wconf 78' lang='grc' dir='ltr'>τοῦ</span> 
     </span>
    </p>
   </div>
   <div class='ocr_carea' id='block_1_67' title="bbox 201 3713 1748 3792">
    <p class='ocr_par' dir='ltr' id='par_1_67' title="bbox 201 3713 1748 3792">
     <span class='ocr_line' id='line_1_67' title="bbox 201 3713 1748 3792; baseline 0.006 -28"><span class='ocrx_word' id='word_1_538' title='bbox 201 3715 295 3768; x_wconf 72' lang='grc' dir='ltr'>κατ’</span> <span class='ocrx_word' id='word_1_539' title='bbox 323 3716 518 3788; x_wconf 78' lang='grc' dir='ltr'>ἀρετὴν</span> <span class='ocrx_word' id='word_1_540' title='bbox 548 3715 676 3785; x_wconf 85' lang='grc' dir='ltr'>βίου</span> <span class='ocrx_word' id='word_1_541' title='bbox 708 3717 818 3777; x_wconf 87' lang='grc' dir='ltr'>τοῖς</span> <span class='ocrx_word' id='word_1_542' title='bbox 841 3713 941 3785; x_wconf 80' lang='grc' dir='ltr'>τὴν</span> <span class='ocrx_word' id='word_1_543' title='bbox 966 3714 1300 3788; x_wconf 80' lang='grc' dir='ltr'>ὑψηλοτέραν</span> <span class='ocrx_word' id='word_1_544' title='bbox 1335 3719 1576 3788; x_wconf 82' lang='grc' dir='ltr'>μετιοῦσι</span> <span class='ocrx_word' id='word_1_545' title='bbox 1606 3720 1748 3792; x_wconf 77' lang='grc' dir='ltr'>ζωὴν</span> 
     </span>
    </p>
   </div>
   <div class='ocr_carea' id='block_1_68' title="bbox 200 3799 1749 3881">
    <p class='ocr_par' dir='ltr' id='par_1_68' title="bbox 200 3799 1749 3881">
     <span class='ocr_line' id='line_1_68' title="bbox 200 3799 1749 3881; baseline 0.006 -23"><span class='ocrx_word' id='word_1_546' title='bbox 200 3799 311 3860; x_wconf 74' lang='grc' dir='ltr'>εἶναι</span> <span class='ocrx_word' id='word_1_547' title='bbox 337 3809 727 3862; x_wconf 76' lang='grc' dir='ltr'>πεπίστευται·</span> <span class='ocrx_word' id='word_1_548' title='bbox 777 3807 860 3859; x_wconf 83' lang='grc' dir='ltr'>ὅτι</span> <span class='ocrx_word' id='word_1_549' title='bbox 888 3807 1218 3879; x_wconf 82' lang='grc' dir='ltr'>ἀμφοτέροις</span> <span class='ocrx_word' id='word_1_550' title='bbox 1244 3810 1379 3881; x_wconf 86' lang='grc' dir='ltr'>πρὸς</span> <span class='ocrx_word' id='word_1_551' title='bbox 1417 3811 1477 3865; x_wconf 81' lang='grc' dir='ltr'><strong>τὸ</strong></span> <span class='ocrx_word' id='word_1_552' title='bbox 1497 3813 1627 3866; x_wconf 79' lang='grc' dir='ltr'>αὐτὸ</span> <span class='ocrx_word' id='word_1_553' title='bbox 1650 3813 1749 3867; x_wconf 86' lang='grc' dir='ltr'>πέ-</span> 
     </span>
    </p>
   </div>
   <div class='ocr_carea' id='block_1_69' title="bbox 205 3896 1746 3971">
    <p class='ocr_par' dir='ltr' id='par_1_69' title="bbox 205 3896 1746 3971">
     <span class='ocr_line' id='line_1_69' title="bbox 205 3896 1746 3971; baseline 0.003 -19"><span class='ocrx_word' id='word_1_554' title='bbox 205 3901 328 3968; x_wconf 79' lang='grc' dir='ltr'>ραςὴ</span> <span class='ocrx_word' id='word_1_555' title='bbox 356 3899 466 3969; x_wconf 82' lang='grc' dir='ltr'><strong>ζωὴ</strong></span> <span class='ocrx_word' id='word_1_556' title='bbox 497 3896 829 3965; x_wconf 77' lang='grc' dir='ltr'>καταλήγει’</span> <span class='ocrx_word' id='word_1_557' title='bbox 859 3897 952 3950; x_wconf 72' lang='grc' dir='ltr'>καὶ</span> <span class='ocrx_word' id='word_1_558' title='bbox 981 3898 1082 3950; x_wconf 80' lang='grc' dir='ltr'>οὐκ</span> <span class='ocrx_word' id='word_1_559' title='bbox 1129 3897 1275 3953; x_wconf 74' lang='grc' dir='ltr'>ἐστιν</span> <span class='ocrx_word' id='word_1_560' title='bbox 1315 3902 1618 3971; x_wconf 82' lang='grc' dir='ltr'>ἀποφυγεῖν</span> <span class='ocrx_word' id='word_1_561' title='bbox 1653 3903 1746 3956; x_wconf 75' lang='grc' dir='ltr'><strong>τοῦ</strong></span> 
     </span>
    </p>
   </div>
   <div class='ocr_carea' id='block_1_70' title="bbox 199 3981 1747 4064">
    <p class='ocr_par' dir='ltr' id='par_1_70' title="bbox 199 3981 1747 4064">
     <span class='ocr_line' id='line_1_70' title="bbox 199 3981 1747 4064; baseline 0.003 -23"><span class='ocrx_word' id='word_1_562' title='bbox 199 3984 430 4054; x_wconf 71' lang='grc' dir='ltr'>θανάτου,</span> <span class='ocrx_word' id='word_1_563' title='bbox 465 3990 517 4040; x_wconf 87' lang='grc' dir='ltr'><strong>εί</strong></span> <span class='ocrx_word' id='word_1_564' title='bbox 563 3986 649 4058; x_wconf 77' lang='grc' dir='ltr'>μὴ</span> <span class='ocrx_word' id='word_1_565' title='bbox 687 3984 776 4038; x_wconf 86' lang='grc' dir='ltr'><strong>διὰ</strong></span> <span class='ocrx_word' id='word_1_566' title='bbox 816 3981 916 4055; x_wconf 81' lang='grc' dir='ltr'>τῆς</span> <span class='ocrx_word' id='word_1_567' title='bbox 952 3987 1300 4059; x_wconf 86' lang='grc' dir='ltr'>ἀστειοτέρας</span> <span class='ocrx_word' id='word_1_568' title='bbox 1343 3991 1747 4064; x_wconf 82' lang='grc' dir='ltr'>κατορθωθῆναι</span> 
     </span>
    </p>
   </div>
   <div class='ocr_carea' id='block_1_71' title="bbox 200 4074 1749 4155">
    <p class='ocr_par' dir='ltr' id='par_1_71' title="bbox 200 4074 1749 4155">
     <span class='ocr_line' id='line_1_71' title="bbox 200 4074 1749 4155; baseline -0.006 -19"><span class='ocrx_word' id='word_1_569' title='bbox 200 4076 334 4149; x_wconf 70' lang='grc' dir='ltr'>ζωῆς.</span> <span class='ocrx_word' id='word_1_570' title='bbox 371 4079 482 4142; x_wconf 82' lang='grc' dir='ltr'><strong>Τάς</strong></span> <span class='ocrx_word' id='word_1_571' title='bbox 501 4074 605 4132; x_wconf 74' lang='grc' dir='ltr'><strong>οὖν</strong></span> <span class='ocrx_word' id='word_1_572' title='bbox 627 4075 884 4140; x_wconf 86' lang='grc' dir='ltr'>τοιαύτας</span> <span class='ocrx_word' id='word_1_573' title='bbox 904 4078 1202 4142; x_wconf 83' lang='grc' dir='ltr'>ἀντιθέσεις</span> <span class='ocrx_word' id='word_1_574' title='bbox 1229 4079 1304 4144; x_wconf 85' lang='grc' dir='ltr'>ὡς</span> <span class='ocrx_word' id='word_1_575' title='bbox 1333 4081 1392 4145; x_wconf 80' lang='grc' dir='ltr'>ἐξ</span> <span class='ocrx_word' id='word_1_576' title='bbox 1424 4083 1550 4135; x_wconf 79' lang='grc' dir='ltr'>ἰδίου</span> <span class='ocrx_word' id='word_1_577' title='bbox 1578 4102 1749 4155; x_wconf 83' lang='grc' dir='ltr'>προσ-</span> 
     </span>
    </p>
   </div>
   <div class='ocr_carea' id='block_1_72' title="bbox 199 4165 1748 4240">
    <p class='ocr_par' dir='ltr' id='par_1_72' title="bbox 199 4165 1748 4240">
     <span class='ocr_line' id='line_1_72' title="bbox 199 4165 1748 4240; baseline 0.004 -19"><span class='ocrx_word' id='word_1_578' title='bbox 199 4168 320 4222; x_wconf 61' lang='lat' dir='ltr'><strong>dum</strong></span> <span class='ocrx_word' id='word_1_579' title='bbox 348 4165 692 4240; x_wconf 80' lang='grc' dir='ltr'>ποιούμενος,</span> <span class='ocrx_word' id='word_1_580' title='bbox 718 4167 876 4221; x_wconf 76' lang='grc' dir='ltr'>πάλιν</span> <span class='ocrx_word' id='word_1_581' title='bbox 900 4168 1235 4223; x_wconf 85' lang='grc' dir='ltr'>καθάπτεται</span> <span class='ocrx_word' id='word_1_582' title='bbox 1261 4170 1359 4240; x_wconf 81' lang='grc' dir='ltr'><strong>τῆς</strong></span> <span class='ocrx_word' id='word_1_583' title='bbox 1385 4173 1612 4238; x_wconf 88' lang='grc' dir='ltr'>ἀτοπίας</span> <span class='ocrx_word' id='word_1_584' title='bbox 1640 4176 1748 4228; x_wconf 85' lang='grc' dir='ltr'><strong>τῶν</strong></span> 
     </span>
    </p>
   </div>
   <div class='ocr_carea' id='block_1_73' title="bbox 1856 2997 3417 3066">
    <p class='ocr_par' dir='ltr' id='par_1_73' title="bbox 1856 2997 3417 3066">
     <span class='ocr_line' id='line_1_73' title="bbox 1856 2997 3417 3066; baseline 0.004 -15"><span class='ocrx_word' id='word_1_585' title='bbox 1856 3005 1940 3051; x_wconf 89' lang='lat' dir='ltr'><strong>est</strong></span> <span class='ocrx_word' id='word_1_586' title='bbox 1978 2997 2212 3052; x_wconf 73' lang='lat' dir='ltr'><strong>tenebrae</strong></span> <span class='ocrx_word' id='word_1_587' title='bbox 2245 2997 2336 3061; x_wconf 91' lang='lat' dir='ltr'><strong>iis,</strong></span> <span class='ocrx_word' id='word_1_588' title='bbox 2364 2999 2454 3066; x_wconf 88' lang='lat' dir='ltr'><strong>qui</strong></span> <span class='ocrx_word' id='word_1_589' title='bbox 2502 2998 2554 3052; x_wconf 92' lang='lat' dir='ltr'><strong>in</strong></span> <span class='ocrx_word' id='word_1_590' title='bbox 2591 3001 2691 3051; x_wconf 84' lang='lat' dir='ltr'><strong>hac</strong></span> <span class='ocrx_word' id='word_1_591' title='bbox 2729 2999 2839 3051; x_wconf 89' lang='lat' dir='ltr'><strong>vita</strong></span> <span class='ocrx_word' id='word_1_592' title='bbox 2874 2997 3173 3055; x_wconf 84' lang='lat' dir='ltr'><strong>ambulant.</strong></span> <span class='ocrx_word' id='word_1_593' title='bbox 3210 3019 3229 3052; x_wconf 78' lang='grc' dir='ltr'><strong>ι</strong></span> <span class='ocrx_word' id='word_1_594' title='bbox 3268 3002 3417 3057; x_wconf 83' lang='lat' dir='ltr'><strong>Stul-</strong></span> 
     </span>
    </p>
   </div>
   <div class='ocr_carea' id='block_1_74' title="bbox 1859 3088 3416 3159">
    <p class='ocr_par' dir='ltr' id='par_1_74' title="bbox 1859 3088 3416 3159">
     <span class='ocr_line' id='line_1_74' title="bbox 1859 3088 3416 3159; baseline 0.005 -18"><span class='ocrx_word' id='word_1_595' title='bbox 1859 3095 1949 3144; x_wconf 91' lang='lat' dir='ltr'><strong>tus</strong></span> <span class='ocrx_word' id='word_1_596' title='bbox 1983 3088 2150 3152; x_wconf 90' lang='lat' dir='ltr'><strong>enim,</strong></span> <span class='ocrx_word' id='word_1_597' title='bbox 2191 3108 2209 3140; x_wconf 75' lang='grc' dir='ltr'><strong>ι</strong></span> <span class='ocrx_word' id='word_1_598' title='bbox 2243 3089 2443 3159; x_wconf 89' lang='lat' dir='ltr'><strong>inquit,</strong></span> <span class='ocrx_word' id='word_1_599' title='bbox 2488 3107 2506 3141; x_wconf 80' lang='grc' dir='ltr'><strong>ι</strong></span> <span class='ocrx_word' id='word_1_600' title='bbox 2539 3091 2782 3144; x_wconf 88' lang='lat' dir='ltr'><strong>ambulat</strong></span> <span class='ocrx_word' id='word_1_601' title='bbox 2820 3093 2872 3146; x_wconf 92' lang='lat' dir='ltr'><strong>in</strong></span> <span class='ocrx_word' id='word_1_602' title='bbox 2919 3094 3181 3149; x_wconf 88' lang='lat' dir='ltr'><strong>tenebris.</strong></span> <span class='ocrx_word' id='word_1_603' title='bbox 3219 3113 3238 3146; x_wconf 76' lang='grc' dir='ltr'><strong>ι</strong></span> <span class='ocrx_word' id='word_1_604' title='bbox 3277 3095 3416 3151; x_wconf 84' lang='lat' dir='ltr'><strong>Insi-</strong></span> 
     </span>
    </p>
   </div>
   <div class='ocr_carea' id='block_1_75' title="bbox 1853 3177 3417 3250">
    <p class='ocr_par' dir='ltr' id='par_1_75' title="bbox 1853 3177 3417 3250">
     <span class='ocr_line' id='line_1_75' title="bbox 1853 3177 3417 3250; baseline 0.005 -20"><span class='ocrx_word' id='word_1_605' title='bbox 1853 3177 2011 3247; x_wconf 91' lang='lat' dir='ltr'><strong>piens</strong></span> <span class='ocrx_word' id='word_1_606' title='bbox 2037 3179 2216 3232; x_wconf 80' lang='lat' dir='ltr'><strong>autem</strong></span> <span class='ocrx_word' id='word_1_607' title='bbox 2246 3186 2350 3242; x_wconf 89' lang='lat' dir='ltr'><strong>est,</strong></span> <span class='ocrx_word' id='word_1_608' title='bbox 2383 3186 2444 3232; x_wconf 91' lang='lat' dir='ltr'><strong>ut</strong></span> <span class='ocrx_word' id='word_1_609' title='bbox 2471 3178 2603 3233; x_wconf 92' lang='lat' dir='ltr'><strong>dicit</strong></span> <span class='ocrx_word' id='word_1_610' title='bbox 2631 3180 2913 3250; x_wconf 88' lang='lat' dir='ltr'><strong>prophetia</strong></span> <span class='ocrx_word' id='word_1_611' title='bbox 2936 3179 3002 3243; x_wconf 75' lang='grc' dir='ltr'><strong>τ’,</strong></span> <span class='ocrx_word' id='word_1_612' title='bbox 3031 3182 3125 3250; x_wconf 87' lang='lat' dir='ltr'><strong>qui</strong></span> <span class='ocrx_word' id='word_1_613' title='bbox 3162 3182 3216 3236; x_wconf 88' lang='lat' dir='ltr'><strong>in</strong></span> <span class='ocrx_word' id='word_1_614' title='bbox 3253 3183 3417 3238; x_wconf 91' lang='lat' dir='ltr'><strong>corde</strong></span> 
     </span>
    </p>
   </div>
   <div class='ocr_carea' id='block_1_76' title="bbox 1855 3268 3414 3340">
    <p class='ocr_par' dir='ltr' id='par_1_76' title="bbox 1855 3268 3414 3340">
     <span class='ocr_line' id='line_1_76' title="bbox 1855 3268 3414 3340; baseline 0.003 -18"><span class='ocrx_word' id='word_1_615' title='bbox 1855 3283 1955 3322; x_wconf 89' lang='lat' dir='ltr'><strong>suo</strong></span> <span class='ocrx_word' id='word_1_616' title='bbox 1987 3268 2120 3322; x_wconf 92' lang='lat' dir='ltr'><strong>dicit</strong></span> <span class='ocrx_word' id='word_1_617' title='bbox 2151 3282 2261 3322; x_wconf 92' lang='lat' dir='ltr'><strong>non</strong></span> <span class='ocrx_word' id='word_1_618' title='bbox 2305 3283 2428 3324; x_wconf 88' lang='lat' dir='ltr'><strong>esse</strong></span> <span class='ocrx_word' id='word_1_619' title='bbox 2461 3268 2651 3330; x_wconf 91' lang='lat' dir='ltr'><strong>Deum,</strong></span> <span class='ocrx_word' id='word_1_620' title='bbox 2678 3271 2768 3339; x_wconf 90' lang='lat' dir='ltr'><strong>qui</strong></span> <span class='ocrx_word' id='word_1_621' title='bbox 2805 3279 3099 3340; x_wconf 89' lang='lat' dir='ltr'><strong>corruptus</strong></span> <span class='ocrx_word' id='word_1_622' title='bbox 3131 3279 3185 3326; x_wconf 91' lang='lat' dir='ltr'><strong>et</strong></span> <span class='ocrx_word' id='word_1_623' title='bbox 3211 3273 3414 3326; x_wconf 85' lang='lat' dir='ltr'><strong>abomi-</strong></span> 
     </span>
    </p>
   </div>
   <div class='ocr_carea' id='block_1_77' title="bbox 1854 3357 3418 3433">
    <p class='ocr_par' dir='ltr' id='par_1_77' title="bbox 1854 3357 3418 3433">
     <span class='ocr_line' id='line_1_77' title="bbox 1854 3357 3418 3433; baseline 0.003 -21"><span class='ocrx_word' id='word_1_624' title='bbox 1854 3357 2068 3413; x_wconf 90' lang='lat' dir='ltr'><strong>nandus</strong></span> <span class='ocrx_word' id='word_1_625' title='bbox 2098 3359 2271 3413; x_wconf 85' lang='lat' dir='ltr'><strong>evasit</strong></span> <span class='ocrx_word' id='word_1_626' title='bbox 2301 3358 2356 3412; x_wconf 90' lang='lat' dir='ltr'><strong>in</strong></span> <span class='ocrx_word' id='word_1_627' title='bbox 2385 3358 2501 3413; x_wconf 88' lang='lat' dir='ltr'><strong>suis</strong></span> <span class='ocrx_word' id='word_1_628' title='bbox 2525 3360 2742 3417; x_wconf 88' lang='lat' dir='ltr'><strong>studiis.</strong></span> <span class='ocrx_word' id='word_1_629' title='bbox 2771 3359 2927 3426; x_wconf 85' lang='lat' dir='ltr'><strong>Quod</strong></span> <span class='ocrx_word' id='word_1_630' title='bbox 2960 3369 3140 3416; x_wconf 89' lang='lat' dir='ltr'><strong>autem</strong></span> <span class='ocrx_word' id='word_1_631' title='bbox 3167 3363 3418 3433; x_wconf 85' lang='lat' dir='ltr'><strong>sequitur</strong></span> 
     </span>
    </p>
   </div>
   <div class='ocr_carea' id='block_1_78' title="bbox 1855 3448 3416 3524">
    <p class='ocr_par' dir='ltr' id='par_1_78' title="bbox 1855 3448 3416 3524">
     <span class='ocr_line' id='line_1_78' title="bbox 1855 3448 3416 3524; baseline 0.004 -23"><span class='ocrx_word' id='word_1_632' title='bbox 1855 3448 1908 3501; x_wconf 91' lang='lat' dir='ltr'><strong>in</strong></span> <span class='ocrx_word' id='word_1_633' title='bbox 1967 3457 2224 3503; x_wconf 78' lang='lat' dir='ltr'><strong>contextu</strong></span> <span class='ocrx_word' id='word_1_634' title='bbox 2274 3448 2565 3512; x_wconf 90' lang='lat' dir='ltr'><strong>orationis,</strong></span> <span class='ocrx_word' id='word_1_635' title='bbox 2617 3450 2684 3504; x_wconf 91' lang='lat' dir='ltr'><strong>iis</strong></span> <span class='ocrx_word' id='word_1_636' title='bbox 2736 3450 2984 3505; x_wconf 89' lang='lat' dir='ltr'><strong>medetur</strong></span> <span class='ocrx_word' id='word_1_637' title='bbox 3025 3467 3122 3521; x_wconf 85' lang='lat' dir='ltr'><strong>per</strong></span> <span class='ocrx_word' id='word_1_638' title='bbox 3183 3467 3244 3507; x_wconf 86' lang='lat' dir='ltr'><strong>ea</strong></span> <span class='ocrx_word' id='word_1_639' title='bbox 3295 3469 3416 3524; x_wconf 67' lang='lat' dir='ltr'><strong>quae</strong></span> 
     </span>
    </p>
   </div>
   <div class='ocr_carea' id='block_1_79' title="bbox 1852 3535 3416 3612">
    <p class='ocr_par' dir='ltr' id='par_1_79' title="bbox 1852 3535 3416 3612">
     <span class='ocr_line' id='line_1_79' title="bbox 1852 3535 3416 3612; baseline 0.003 -23"><span class='ocrx_word' id='word_1_640' title='bbox 1852 3535 2111 3606; x_wconf 89' lang='lat' dir='ltr'><strong>deinceps</strong></span> <span class='ocrx_word' id='word_1_641' title='bbox 2156 3537 2302 3591; x_wconf 89' lang='lat' dir='ltr'><strong>dicta</strong></span> <span class='ocrx_word' id='word_1_642' title='bbox 2341 3545 2490 3602; x_wconf 89' lang='lat' dir='ltr'><strong>sunt,</strong></span> <span class='ocrx_word' id='word_1_643' title='bbox 2517 3537 2612 3609; x_wconf 79' lang='lat' dir='ltr'><strong>qui</strong></span> <span class='ocrx_word' id='word_1_644' title='bbox 2648 3537 2716 3591; x_wconf 87' lang='lat' dir='ltr'><strong>ad</strong></span> <span class='ocrx_word' id='word_1_645' title='bbox 2765 3539 2906 3594; x_wconf 86' lang='lat' dir='ltr'><strong>hanc</strong></span> <span class='ocrx_word' id='word_1_646' title='bbox 2937 3541 3102 3594; x_wconf 87' lang='lat' dir='ltr'><strong>vitam</strong></span> <span class='ocrx_word' id='word_1_647' title='bbox 3151 3548 3283 3597; x_wconf 87' lang='lat' dir='ltr'><strong>sunt</strong></span> <span class='ocrx_word' id='word_1_648' title='bbox 3315 3557 3416 3612; x_wconf 90' lang='lat' dir='ltr'><strong>pu-</strong></span> 
     </span>
    </p>
   </div>
   <div class='ocr_carea' id='block_1_80' title="bbox 1854 3629 3415 3702">
    <p class='ocr_par' dir='ltr' id='par_1_80' title="bbox 1854 3629 3415 3702">
     <span class='ocr_line' id='line_1_80' title="bbox 1854 3629 3415 3702; baseline 0.003 -19"><span class='ocrx_word' id='word_1_649' title='bbox 1854 3629 1962 3683; x_wconf 91' lang='lat' dir='ltr'><strong>silli</strong></span> <span class='ocrx_word' id='word_1_650' title='bbox 1991 3636 2043 3682; x_wconf 92' lang='lat' dir='ltr'><strong>et</strong></span> <span class='ocrx_word' id='word_1_651' title='bbox 2074 3629 2270 3698; x_wconf 89' lang='lat' dir='ltr'><strong>abjecti</strong></span> <span class='ocrx_word' id='word_1_652' title='bbox 2317 3629 2508 3692; x_wconf 84' lang='lat' dir='ltr'><strong>animi,</strong></span> <span class='ocrx_word' id='word_1_653' title='bbox 2535 3629 2627 3699; x_wconf 91' lang='lat' dir='ltr'><strong>qui</strong></span> <span class='ocrx_word' id='word_1_654' title='bbox 2655 3637 2886 3685; x_wconf 88' lang='lat' dir='ltr'><strong>mortem</strong></span> <span class='ocrx_word' id='word_1_655' title='bbox 2935 3647 3098 3699; x_wconf 82' lang='lat' dir='ltr'><strong>grave</strong></span> <span class='ocrx_word' id='word_1_656' title='bbox 3127 3633 3331 3702; x_wconf 86' lang='lat' dir='ltr'><strong>aliquid</strong></span> <span class='ocrx_word' id='word_1_657' title='bbox 3360 3645 3415 3688; x_wconf 90' lang='lat' dir='ltr'><strong>et</strong></span> 
     </span>
    </p>
   </div>
   <div class='ocr_carea' id='block_1_81' title="bbox 1853 3719 3417 3791">
    <p class='ocr_par' dir='ltr' id='par_1_81' title="bbox 1853 3719 3417 3791">
     <span class='ocr_line' id='line_1_81' title="bbox 1853 3719 3417 3791; baseline 0.003 -19"><span class='ocrx_word' id='word_1_658' title='bbox 1853 3719 2099 3774; x_wconf 88' lang='lat' dir='ltr'><strong>terribile</strong></span> <span class='ocrx_word' id='word_1_659' title='bbox 2143 3720 2488 3783; x_wconf 78' lang='lat' dir='ltr'><strong>existimant,</strong></span> <span class='ocrx_word' id='word_1_660' title='bbox 2522 3727 2576 3774; x_wconf 92' lang='lat' dir='ltr'><strong>et</strong></span> <span class='ocrx_word' id='word_1_661' title='bbox 2610 3720 2734 3774; x_wconf 89' lang='lat' dir='ltr'><strong>ideo</strong></span> <span class='ocrx_word' id='word_1_662' title='bbox 2771 3721 2837 3775; x_wconf 90' lang='lat' dir='ltr'><strong>iis</strong></span> <span class='ocrx_word' id='word_1_663' title='bbox 2864 3722 2957 3791; x_wconf 91' lang='lat' dir='ltr'><strong>qui</strong></span> <span class='ocrx_word' id='word_1_664' title='bbox 2988 3737 3053 3776; x_wconf 86' lang='lat' dir='ltr'><strong>ex</strong></span> <span class='ocrx_word' id='word_1_665' title='bbox 3091 3724 3293 3778; x_wconf 84' lang='lat' dir='ltr'><strong>virtute</strong></span> <span class='ocrx_word' id='word_1_666' title='bbox 3340 3727 3417 3776; x_wconf 85' lang='lat' dir='ltr'><strong>vi-</strong></span> 
     </span>
    </p>
   </div>
   <div class='ocr_carea' id='block_1_82' title="bbox 1852 3811 3411 3882">
    <p class='ocr_par' dir='ltr' id='par_1_82' title="bbox 1852 3811 3411 3882">
     <span class='ocr_line' id='line_1_82' title="bbox 1852 3811 3411 3882; baseline 0.003 -19"><span class='ocrx_word' id='word_1_667' title='bbox 1852 3811 2027 3866; x_wconf 84' lang='lat' dir='ltr'><strong>vendo</strong></span> <span class='ocrx_word' id='word_1_668' title='bbox 2051 3813 2216 3865; x_wconf 86' lang='lat' dir='ltr'><strong>vitam</strong></span> <span class='ocrx_word' id='word_1_669' title='bbox 2249 3818 2654 3882; x_wconf 90' lang='lat' dir='ltr'><strong>persequuntur</strong></span> <span class='ocrx_word' id='word_1_670' title='bbox 2681 3812 3077 3876; x_wconf 89' lang='lat' dir='ltr'><strong>sublimiorem,</strong></span> <span class='ocrx_word' id='word_1_671' title='bbox 3107 3814 3244 3867; x_wconf 91' lang='lat' dir='ltr'><strong>nihil</strong></span> <span class='ocrx_word' id='word_1_672' title='bbox 3275 3816 3411 3868; x_wconf 91' lang='lat' dir='ltr'><strong>lucri</strong></span> 
     </span>
    </p>
   </div>
   <div class='ocr_carea' id='block_1_83' title="bbox 1852 3900 3413 3972">
    <p class='ocr_par' dir='ltr' id='par_1_83' title="bbox 1852 3900 3413 3972">
     <span class='ocr_line' id='line_1_83' title="bbox 1852 3900 3413 3972; baseline 0.001 -16"><span class='ocrx_word' id='word_1_673' title='bbox 1852 3902 2080 3956; x_wconf 89' lang='lat' dir='ltr'><strong>credunt</strong></span> <span class='ocrx_word' id='word_1_674' title='bbox 2107 3900 2674 3972; x_wconf 85' lang='lat' dir='ltr'><strong>accedere,’quoniam</strong></span> <span class='ocrx_word' id='word_1_675' title='bbox 2707 3903 2760 3956; x_wconf 94' lang='lat' dir='ltr'><strong>in</strong></span> <span class='ocrx_word' id='word_1_676' title='bbox 2784 3903 3033 3958; x_wconf 89' lang='lat' dir='ltr'><strong>eumdem</strong></span> <span class='ocrx_word' id='word_1_677' title='bbox 3058 3905 3216 3958; x_wconf 83' lang='lat' dir='ltr'><strong>tinem</strong></span> <span class='ocrx_word' id='word_1_678' title='bbox 3244 3906 3413 3959; x_wconf 78' lang='lat' dir='ltr'><strong>utris-</strong></span> 
     </span>
    </p>
   </div>
   <div class='ocr_carea' id='block_1_84' title="bbox 1850 3993 3414 4066">
    <p class='ocr_par' dir='ltr' id='par_1_84' title="bbox 1850 3993 3414 4066">
     <span class='ocr_line' id='line_1_84' title="bbox 1850 3993 3414 4066; baseline 0.002 -19"><span class='ocrx_word' id='word_1_679' title='bbox 1850 4010 1956 4065; x_wconf 90' lang='lat' dir='ltr'><strong>que</strong></span> <span class='ocrx_word' id='word_1_680' title='bbox 1993 3994 2106 4048; x_wconf 89' lang='lat' dir='ltr'><strong>vita</strong></span> <span class='ocrx_word' id='word_1_681' title='bbox 2146 3993 2350 4049; x_wconf 87' lang='lat' dir='ltr'><strong>desinit</strong></span> <span class='ocrx_word' id='word_1_682' title='bbox 2374 4036 2388 4062; x_wconf 89' lang='lat'><strong>,</strong></span> <span class='ocrx_word' id='word_1_683' title='bbox 2421 4010 2597 4066; x_wconf 90' lang='lat' dir='ltr'><strong>neque</strong></span> <span class='ocrx_word' id='word_1_684' title='bbox 2633 4002 2865 4050; x_wconf 90' lang='lat' dir='ltr'><strong>mortem</strong></span> <span class='ocrx_word' id='word_1_685' title='bbox 2900 3995 3060 4051; x_wconf 90' lang='lat' dir='ltr'><strong>nobis</strong></span> <span class='ocrx_word' id='word_1_686' title='bbox 3089 4011 3151 4051; x_wconf 77' lang='lat' dir='ltr'><strong>ex</strong></span> <span class='ocrx_word' id='word_1_687' title='bbox 3197 4011 3261 4050; x_wconf 91' lang='lat' dir='ltr'><strong>eo</strong></span> <span class='ocrx_word' id='word_1_688' title='bbox 3290 3997 3414 4052; x_wconf 86' lang='lat' dir='ltr'><strong>licet</strong></span> 
     </span>
    </p>
   </div>
   <div class='ocr_carea' id='block_1_85' title="bbox 1851 4083 3413 4158">
    <p class='ocr_par' dir='ltr' id='par_1_85' title="bbox 1851 4083 3413 4158">
     <span class='ocr_line' id='line_1_85' title="bbox 1851 4083 3413 4158; baseline 0.002 -22"><span class='ocrx_word' id='word_1_689' title='bbox 1851 4083 2106 4156; x_wconf 80' lang='lat' dir='ltr'><strong>eﬂ‘ngere,</strong></span> <span class='ocrx_word' id='word_1_690' title='bbox 2138 4085 2282 4155; x_wconf 89' lang='lat' dir='ltr'><strong>quod</strong></span> <span class='ocrx_word' id='word_1_691' title='bbox 2316 4084 2478 4138; x_wconf 87' lang='lat' dir='ltr'><strong>vitam</strong></span> <span class='ocrx_word' id='word_1_692' title='bbox 2504 4099 2731 4154; x_wconf 83' lang='lat' dir='ltr'><strong>agamus</strong></span> <span class='ocrx_word' id='word_1_693' title='bbox 2759 4086 3060 4141; x_wconf 87' lang='lat' dir='ltr'><strong>meliorem.</strong></span> <span class='ocrx_word' id='word_1_694' title='bbox 3099 4086 3259 4143; x_wconf 87' lang='lat' dir='ltr'><strong>Tales</strong></span> <span class='ocrx_word' id='word_1_695' title='bbox 3281 4103 3413 4158; x_wconf 81' lang='lat' dir='ltr'><strong>ergo</strong></span> 
     </span>
    </p>
   </div>
   <div class='ocr_carea' id='block_1_86' title="bbox 1856 4173 3410 4246">
    <p class='ocr_par' dir='ltr' id='par_1_86' title="bbox 1856 4173 3410 4246">
     <span class='ocr_line' id='line_1_86' title="bbox 1856 4173 3410 4246; baseline 0.002 -19"><span class='ocrx_word' id='word_1_696' title='bbox 1856 4173 2065 4229; x_wconf 81' lang='lat' dir='ltr'><strong>faciens</strong></span> <span class='ocrx_word' id='word_1_697' title='bbox 2098 4175 2462 4244; x_wconf 90' lang='lat' dir='ltr'><strong>objectiones,</strong></span> <span class='ocrx_word' id='word_1_698' title='bbox 2508 4183 2770 4245; x_wconf 88' lang='lat' dir='ltr'><strong>tanquam</strong></span> <span class='ocrx_word' id='word_1_699' title='bbox 2810 4191 2875 4231; x_wconf 84' lang='lat' dir='ltr'><strong>ex</strong></span> <span class='ocrx_word' id='word_1_700' title='bbox 2907 4178 3123 4246; x_wconf 89' lang='lat' dir='ltr'><strong>propria</strong></span> <span class='ocrx_word' id='word_1_701' title='bbox 3151 4193 3410 4245; x_wconf 83' lang='lat' dir='ltr'><strong>persona,</strong></span> 
     </span>
    </p>
   </div>
   <div class='ocr_carea' id='block_1_87' title="bbox 199 4251 1753 4339">
    <p class='ocr_par' dir='ltr' id='par_1_87' title="bbox 199 4265 1749 4339">
     <span class='ocr_line' id='line_1_87' title="bbox 199 4265 1749 4339; baseline 0.006 -26"><span class='ocrx_word' id='word_1_702' title='bbox 199 4265 551 4334; x_wconf 69' lang='grc' dir='ltr'>προφερόντων</span> <span class='ocrx_word' id='word_1_703' title='bbox 595 4267 802 4325; x_wconf 75' lang='grc' dir='ltr'>ἐκεῖνα,</span> <span class='ocrx_word' id='word_1_704' title='bbox 839 4265 912 4325; x_wconf 85' lang='grc' dir='ltr'>ὡς</span> <span class='ocrx_word' id='word_1_705' title='bbox 945 4267 1355 4331; x_wconf 83' lang='grc' dir='ltr'>ἀνεπισκέπτως</span> <span class='ocrx_word' id='word_1_706' title='bbox 1396 4269 1626 4338; x_wconf 82' lang='grc' dir='ltr'>ἐχόντων</span> <span class='ocrx_word' id='word_1_707' title='bbox 1650 4271 1749 4339; x_wconf 77' lang='grc' dir='ltr'>τῆς</span> 
     </span>
    </p>
   </div>
   <div class='ocr_carea' id='block_1_88' title="bbox 1856 4251 3412 4339">
    <p class='ocr_par' dir='ltr' id='par_1_88' title="bbox 1856 4267 3412 4336">
     <span class='ocr_line' id='line_1_88' title="bbox 1856 4267 3412 4336; baseline 0.002 -19"><span class='ocrx_word' id='word_1_708' title='bbox 1856 4281 2044 4321; x_wconf 89' lang='lat' dir='ltr'><strong>rursus</strong></span> <span class='ocrx_word' id='word_1_709' title='bbox 2101 4267 2402 4321; x_wconf 86' lang='lat' dir='ltr'><strong>insectatur</strong></span> <span class='ocrx_word' id='word_1_710' title='bbox 2454 4267 2846 4321; x_wconf 87' lang='lat' dir='ltr'><strong>absurditatem</strong></span> <span class='ocrx_word' id='word_1_711' title='bbox 2916 4281 3103 4320; x_wconf 93' lang='lat' dir='ltr'><strong>eorum</strong></span> <span class='ocrx_word' id='word_1_712' title='bbox 3167 4268 3262 4336; x_wconf 86' lang='lat' dir='ltr'><strong>qui</strong></span> <span class='ocrx_word' id='word_1_713' title='bbox 3317 4268 3412 4321; x_wconf 82' lang='lat' dir='ltr'><strong>illa</strong></span> 
     </span>
    </p>
   </div>
   <div class='ocr_carea' id='block_1_89' title="bbox 198 4348 1750 4427">
    <p class='ocr_par' dir='ltr' id='par_1_89' title="bbox 198 4348 1750 4427">
     <span class='ocr_line' id='line_1_89' title="bbox 198 4348 1750 4427; baseline 0.009 -29"><span class='ocrx_word' id='word_1_714' title='bbox 198 4348 285 4400; x_wconf 76' lang='grc' dir='ltr'>τῶν</span> <span class='ocrx_word' id='word_1_715' title='bbox 305 4352 464 4405; x_wconf 72' lang='grc' dir='ltr'>ὅντων</span> <span class='ocrx_word' id='word_1_716' title='bbox 493 4353 737 4424; x_wconf 76' lang='grc' dir='ltr'>φύσεως,</span> <span class='ocrx_word' id='word_1_717' title='bbox 754 4352 849 4404; x_wconf 75' lang='grc' dir='ltr'>καὶ</span> <span class='ocrx_word' id='word_1_718' title='bbox 864 4351 1104 4406; x_wconf 79' lang='grc' dir='ltr'>διδάσκει</span> <span class='ocrx_word' id='word_1_719' title='bbox 1133 4355 1232 4423; x_wconf 80' lang='grc' dir='ltr'><strong>τὴν</strong></span> <span class='ocrx_word' id='word_1_720' title='bbox 1252 4355 1535 4427; x_wconf 82' lang='grc' dir='ltr'>διαφορὰν,</span> <span class='ocrx_word' id='word_1_721' title='bbox 1562 4359 1620 4411; x_wconf 84' lang='grc' dir='ltr'>ὲν</span> <span class='ocrx_word' id='word_1_722' title='bbox 1645 4359 1750 4412; x_wconf 90' lang='grc' dir='ltr'>τίνι</span> 
     </span>
    </p>
   </div>
   <div class='ocr_carea' id='block_1_90' title="bbox 195 4438 1753 4523">
    <p class='ocr_par' dir='ltr' id='par_1_90' title="bbox 195 4438 1753 4523">
     <span class='ocr_line' id='line_1_90' title="bbox 195 4438 1753 4523; baseline 0.021 -33"><span class='ocrx_word' id='word_1_723' title='bbox 195 4438 246 4490; x_wconf 72' lang='grc' dir='ltr'>τὸ</span> <span class='ocrx_word' id='word_1_724' title='bbox 265 4441 414 4496; x_wconf 83' lang='grc' dir='ltr'>πλέον</span> <span class='ocrx_word' id='word_1_725' title='bbox 448 4445 566 4516; x_wconf 78' lang='grc' dir='ltr'>ἔχει</span> <span class='ocrx_word' id='word_1_726' title='bbox 617 4446 653 4516; x_wconf 82' lang='grc' dir='ltr'>ἠ</span> <span class='ocrx_word' id='word_1_727' title='bbox 690 4446 856 4516; x_wconf 81' lang='grc' dir='ltr'>ἀρετὴ</span> <span class='ocrx_word' id='word_1_728' title='bbox 888 4446 988 4515; x_wconf 82' lang='grc' dir='ltr'><strong>τῆς</strong></span> <span class='ocrx_word' id='word_1_729' title='bbox 1025 4447 1240 4510; x_wconf 57' lang='grc' dir='ltr'>κακίας</span> <span class='ocrx_word' id='word_1_730' title='bbox 1282 4448 1356 4511; x_wconf 74' lang='grc' dir='ltr'><strong>ὡς</strong></span> <span class='ocrx_word' id='word_1_731' title='bbox 1389 4452 1509 4521; x_wconf 74' lang='grc' dir='ltr'><strong>οὐχὶ</strong></span> <span class='ocrx_word' id='word_1_732' title='bbox 1539 4451 1624 4505; x_wconf 72' lang='grc' dir='ltr'>διὰ</span> <span class='ocrx_word' id='word_1_733' title='bbox 1655 4454 1753 4523; x_wconf 70' lang='grc' dir='ltr'><strong>τῆς</strong></span> 
     </span>
    </p>
   </div>
   <div class='ocr_carea' id='block_1_91' title="bbox 198 4527 1754 4608">
    <p class='ocr_par' dir='ltr' id='par_1_91' title="bbox 198 4527 1754 4608">
     <span class='ocr_line' id='line_1_91' title="bbox 198 4527 1754 4608; baseline 0.009 -26"><span class='ocrx_word' id='word_1_734' title='bbox 198 4527 275 4580; x_wconf 77' lang='grc' dir='ltr'>τοῦ</span> <span class='ocrx_word' id='word_1_735' title='bbox 315 4531 546 4587; x_wconf 85' lang='grc' dir='ltr'>θανάτου</span> <span class='ocrx_word' id='word_1_736' title='bbox 599 4536 913 4605; x_wconf 86' lang='grc' dir='ltr'>κοινότητος</span> <span class='ocrx_word' id='word_1_737' title='bbox 954 4535 1242 4606; x_wconf 85' lang='grc' dir='ltr'>ὁμοτιμίας</span> <span class='ocrx_word' id='word_1_738' title='bbox 1287 4539 1432 4602; x_wconf 83' lang='grc' dir='ltr'>τινὸς</span> <span class='ocrx_word' id='word_1_739' title='bbox 1469 4542 1526 4593; x_wconf 84' lang='grc' dir='ltr'>ὲν</span> <span class='ocrx_word' id='word_1_740' title='bbox 1571 4543 1754 4608; x_wconf 80' lang='grc' dir='ltr'>αὐτοῖς</span> 
     </span>
    </p>
   </div>
   <div class='ocr_carea' id='block_1_92' title="bbox 197 4615 1752 4697">
    <p class='ocr_par' dir='ltr' id='par_1_92' title="bbox 197 4615 1752 4697">
     <span class='ocr_line' id='line_1_92' title="bbox 197 4615 1752 4697; baseline 0.011 -31"><span class='ocrx_word' id='word_1_741' title='bbox 197 4615 552 4691; x_wconf 72' lang='grc' dir='ltr'>ἐλπιζομένης,</span> <span class='ocrx_word' id='word_1_742' title='bbox 591 4621 729 4674; x_wconf 79' lang='grc' dir='ltr'><strong>ἀλλά</strong></span> <span class='ocrx_word' id='word_1_743' title='bbox 765 4621 853 4674; x_wconf 82' lang='grc' dir='ltr'>διὰ</span> <span class='ocrx_word' id='word_1_744' title='bbox 878 4622 986 4675; x_wconf 86' lang='grc' dir='ltr'><strong>τῶν</strong></span> <span class='ocrx_word' id='word_1_745' title='bbox 1014 4625 1093 4685; x_wconf 85' lang='grc' dir='ltr'><strong>είς</strong></span> <span class='ocrx_word' id='word_1_746' title='bbox 1124 4623 1346 4695; x_wconf 81' lang='grc' dir='ltr'>ὕστερον</span> <span class='ocrx_word' id='word_1_747' title='bbox 1379 4627 1752 4697; x_wconf 85' lang='grc' dir='ltr'>ἀναμενόντων</span> 
     </span>
    </p>
   </div>
   <div class='ocr_carea' id='block_1_93' title="bbox 197 4702 1741 4786">
    <p class='ocr_par' dir='ltr' id='par_1_93' title="bbox 197 4702 1741 4786">
     <span class='ocr_line' id='line_1_93' title="bbox 197 4702 1741 4786; baseline 0.012 -36"><span class='ocrx_word' id='word_1_748' title='bbox 197 4702 351 4757; x_wconf 77' lang='grc' dir='ltr'>καλῶν</span> <span class='ocrx_word' id='word_1_749' title='bbox 388 4706 423 4776; x_wconf 80' lang='grc' dir='ltr'>ἢ</span> <span class='ocrx_word' id='word_1_750' title='bbox 459 4706 653 4761; x_wconf 80' lang='grc' dir='ltr'>κακῶν</span> <span class='ocrx_word' id='word_1_751' title='bbox 700 4707 798 4776; x_wconf 85' lang='grc' dir='ltr'>τῆς</span> <span class='ocrx_word' id='word_1_752' title='bbox 839 4706 1100 4778; x_wconf 76' lang='grc' dir='ltr'>διαφορᾶς</span> <span class='ocrx_word' id='word_1_753' title='bbox 1139 4710 1560 4784; x_wconf 82' lang='grc' dir='ltr'>εὑρισκομένης.</span> <span class='ocrx_word' id='word_1_754' title='bbox 1587 4714 1741 4786; x_wconf 86' lang='grc' dir='ltr'>Ἔχει</span> 
     </span>
    </p>
   </div>
   <div class='ocr_carea' id='block_1_94' title="bbox 191 4787 1742 4870">
    <p class='ocr_par' dir='ltr' id='par_1_94' title="bbox 191 4787 1742 4870">
     <span class='ocr_line' id='line_1_94' title="bbox 191 4787 1742 4870; baseline 0.011 -29"><span class='ocrx_word' id='word_1_755' title='bbox 191 4787 286 4861; x_wconf 66' lang='grc' dir='ltr'><strong>(ἴὲή</strong></span> <span class='ocrx_word' id='word_1_756' title='bbox 311 4792 450 4859; x_wconf 76' lang='grc' dir='ltr'>λέξις</span> <span class='ocrx_word' id='word_1_757' title='bbox 472 4795 580 4865; x_wconf 80' lang='grc' dir='ltr'>τῆς</span> <span class='ocrx_word' id='word_1_758' title='bbox 605 4794 932 4858; x_wconf 82' lang='grc' dir='ltr'>ἀντιθέσεως</span> <span class='ocrx_word' id='word_1_759' title='bbox 955 4793 1128 4858; x_wconf 76' lang='grc' dir='ltr'>οὕτως</span> <span class='ocrx_word' id='word_1_760' title='bbox 1148 4812 1161 4826; x_wconf 82' lang='grc'><em>’</em></span> <span class='ocrx_word' id='word_1_761' title='bbox 1193 4814 1212 4847; x_wconf 75' lang='grc' dir='ltr'><strong>ι</strong></span> <span class='ocrx_word' id='word_1_762' title='bbox 1257 4797 1468 4866; x_wconf 83' lang='grc' dir='ltr'>Ἐγνων</span> <span class='ocrx_word' id='word_1_763' title='bbox 1512 4801 1623 4870; x_wconf 69' lang='grc' dir='ltr'><strong>ἐγὼ</strong></span> <span class='ocrx_word' id='word_1_764' title='bbox 1661 4805 1742 4859; x_wconf 82' lang='grc' dir='ltr'><strong>ὅτι</strong></span> 
     </span>
    </p>
   </div>
   <div class='ocr_carea' id='block_1_95' title="bbox 196 4873 1744 4956">
    <p class='ocr_par' dir='ltr' id='par_1_95' title="bbox 196 4873 1744 4956">
     <span class='ocr_line' id='line_1_95' title="bbox 196 4873 1744 4956; baseline 0.009 -22"><span class='ocrx_word' id='word_1_765' title='bbox 196 4881 488 4951; x_wconf 76' lang='grc' dir='ltr'>συνάντημα</span> <span class='ocrx_word' id='word_1_766' title='bbox 525 4883 588 4936; x_wconf 73' lang='grc' dir='ltr'>εν</span> <span class='ocrx_word' id='word_1_767' title='bbox 614 4883 1006 4954; x_wconf 72' lang='grc' dir='ltr'>συναντήσεται</span> <span class='ocrx_word' id='word_1_768' title='bbox 1050 4873 1164 4948; x_wconf 82' lang='grc' dir='ltr'>τοῖς</span> <span class='ocrx_word' id='word_1_769' title='bbox 1203 4887 1366 4940; x_wconf 81' lang='grc' dir='ltr'>πᾶσιν</span> <span class='ocrx_word' id='word_1_770' title='bbox 1401 4890 1602 4956; x_wconf 82' lang='grc' dir='ltr'>αὐτοῖς.</span> <span class='ocrx_word' id='word_1_771' title='bbox 1641 4893 1744 4948; x_wconf 74' lang='grc' dir='ltr'>Καὶ</span> 
     </span>
    </p>
   </div>
   <div class='ocr_carea' id='block_1_96' title="bbox 193 4961 1747 5058">
    <p class='ocr_par' dir='ltr' id='par_1_96' title="bbox 193 4961 1747 5058">
     <span class='ocr_line' id='line_1_96' title="bbox 193 4961 1747 5058; baseline 0.014 -38"><span class='ocrx_word' id='word_1_772' title='bbox 193 4961 306 5022; x_wconf 68' lang='lat' dir='ltr'><strong>dm</strong></span> <span class='ocrx_word' id='word_1_773' title='bbox 343 4971 455 5039; x_wconf 65' lang='grc' dir='ltr'>ἐγὼ</span> <span class='ocrx_word' id='word_1_774' title='bbox 493 4974 555 5026; x_wconf 78' lang='grc' dir='ltr'>ἑν</span> <span class='ocrx_word' id='word_1_775' title='bbox 594 4973 662 5044; x_wconf 68' lang='grc' dir='ltr'>τῇ</span> <span class='ocrx_word' id='word_1_776' title='bbox 694 4973 890 5045; x_wconf 81' lang='grc' dir='ltr'>καρδίᾳ</span> <span class='ocrx_word' id='word_1_777' title='bbox 933 4990 1035 5046; x_wconf 90' lang='grc' dir='ltr'><strong>μου</strong></span> <span class='ocrx_word' id='word_1_778' title='bbox 1057 5016 1073 5042; x_wconf 92' lang='grc'><strong>,</strong></span> <span class='ocrx_word' id='word_1_779' title='bbox 1105 4977 1182 5041; x_wconf 83' lang='grc' dir='ltr'>ὡς</span> <span class='ocrx_word' id='word_1_780' title='bbox 1221 4978 1542 5053; x_wconf 85' lang='grc' dir='ltr'>Συνάντημα</span> <span class='ocrx_word' id='word_1_781' title='bbox 1584 4987 1747 5058; x_wconf 80' lang='grc' dir='ltr'>ἀφρο-</span> 
     </span>
    </p>
   </div>
   <div class='ocr_carea' id='block_1_97' title="bbox 192 5061 1748 5146">
    <p class='ocr_par' dir='ltr' id='par_1_97' title="bbox 192 5061 1748 5146">
     <span class='ocr_line' id='line_1_97' title="bbox 192 5061 1748 5146; baseline 0.012 -34"><span class='ocrx_word' id='word_1_782' title='bbox 192 5071 267 5120; x_wconf 65' lang='lat' dir='ltr'><strong>vo:</strong></span> <span class='ocrx_word' id='word_1_783' title='bbox 289 5061 381 5114; x_wconf 80' lang='grc' dir='ltr'><strong>καί</strong></span> <span class='ocrx_word' id='word_1_784' title='bbox 399 5079 464 5131; x_wconf 79' lang='grc' dir='ltr'><strong>γε</strong></span> <span class='ocrx_word' id='word_1_785' title='bbox 486 5062 618 5133; x_wconf 56' lang='lat' dir='ltr'><strong>tuo!</strong></span> <span class='ocrx_word' id='word_1_786' title='bbox 643 5064 1047 5134; x_wconf 79' lang='grc' dir='ltr'>συναντήσεται.</span> <span class='ocrx_word' id='word_1_787' title='bbox 1075 5066 1184 5120; x_wconf 77' lang='grc' dir='ltr'><strong>Καὶ</strong></span> <span class='ocrx_word' id='word_1_788' title='bbox 1211 5068 1299 5122; x_wconf 75' lang='grc' dir='ltr'>ινα</span> <span class='ocrx_word' id='word_1_789' title='bbox 1323 5070 1378 5122; x_wconf 85' lang='grc' dir='ltr'><strong>τί</strong></span> <span class='ocrx_word' id='word_1_790' title='bbox 1408 5072 1748 5146; x_wconf 72' lang='grc' dir='ltr'>ἑσοφισάμην</span> 
     </span>
    </p>
   </div>
   <div class='ocr_carea' id='block_1_98' title="bbox 191 5147 1753 5232">
    <p class='ocr_par' dir='ltr' id='par_1_98' title="bbox 191 5147 1753 5232">
     <span class='ocr_line' id='line_1_98' title="bbox 191 5147 1753 5232; baseline 0.013 -31"><span class='ocrx_word' id='word_1_791' title='bbox 191 5147 286 5214; x_wconf 74' lang='grc' dir='ltr'><strong>ἐγὼ</strong></span> <span class='ocrx_word' id='word_1_792' title='bbox 328 5152 624 5222; x_wconf 75' lang='grc' dir='ltr'>περισσόνς</span> <span class='ocrx_word' id='word_1_793' title='bbox 675 5152 912 5225; x_wconf 67' lang='grc' dir='ltr'>ἐλάλησα</span> <span class='ocrx_word' id='word_1_794' title='bbox 955 5156 1016 5208; x_wconf 74' lang='grc' dir='ltr'>ὲν</span> <span class='ocrx_word' id='word_1_795' title='bbox 1042 5159 1109 5228; x_wconf 79' lang='grc' dir='ltr'>τῇ</span> <span class='ocrx_word' id='word_1_796' title='bbox 1155 5158 1352 5232; x_wconf 78' lang='grc' dir='ltr'>καρδίᾳ</span> <span class='ocrx_word' id='word_1_797' title='bbox 1393 5180 1515 5231; x_wconf 85' lang='grc' dir='ltr'>μου,</span> <span class='ocrx_word' id='word_1_798' title='bbox 1564 5165 1695 5220; x_wconf 87' lang='grc' dir='ltr'>διότι</span> <span class='ocrx_word' id='word_1_799' title='bbox 1724 5170 1753 5222; x_wconf 88' lang='grc' dir='ltr'><strong>ό</strong></span> 
     </span>
    </p>
   </div>
   <div class='ocr_carea' id='block_1_99' title="bbox 192 5238 1754 5322">
    <p class='ocr_par' dir='ltr' id='par_1_99' title="bbox 192 5238 1754 5322">
     <span class='ocr_line' id='line_1_99' title="bbox 192 5238 1754 5322; baseline 0.013 -30"><span class='ocrx_word' id='word_1_800' title='bbox 192 5238 360 5310; x_wconf 67' lang='grc' dir='ltr'>ἄφρων</span> <span class='ocrx_word' id='word_1_801' title='bbox 403 5246 471 5296; x_wconf 69' lang='grc' dir='ltr'>ἑκ</span> <span class='ocrx_word' id='word_1_802' title='bbox 522 5243 964 5316; x_wconf 82' lang='grc' dir='ltr'>περισσεύματος</span> <span class='ocrx_word' id='word_1_803' title='bbox 1009 5245 1192 5310; x_wconf 84' lang='grc' dir='ltr'>λαλεῖ,</span> <span class='ocrx_word' id='word_1_804' title='bbox 1238 5249 1321 5302; x_wconf 82' lang='grc' dir='ltr'>ὅτι</span> <span class='ocrx_word' id='word_1_805' title='bbox 1382 5253 1476 5307; x_wconf 85' lang='grc' dir='ltr'><strong>καί</strong></span> <span class='ocrx_word' id='word_1_806' title='bbox 1504 5271 1567 5322; x_wconf 91' lang='grc' dir='ltr'><strong>γε</strong></span> <span class='ocrx_word' id='word_1_807' title='bbox 1598 5257 1754 5311; x_wconf 80' lang='grc' dir='ltr'>τοῦτο</span> 
     </span>
    </p>
   </div>
   <div class='ocr_carea' id='block_1_100' title="bbox 194 5330 1754 5416">
    <p class='ocr_par' dir='ltr' id='par_1_100' title="bbox 194 5330 1754 5416">
     <span class='ocr_line' id='line_1_100' title="bbox 194 5330 1754 5416; baseline 0.013 -36"><span class='ocrx_word' id='word_1_808' title='bbox 194 5330 490 5401; x_wconf 80' lang='grc' dir='ltr'>ματαιότης.</span> <span class='ocrx_word' id='word_1_809' title='bbox 524 5331 650 5384; x_wconf 82' lang='grc' dir='ltr'>Ὀτι</span> <span class='ocrx_word' id='word_1_810' title='bbox 683 5335 782 5386; x_wconf 73' lang='grc' dir='ltr'>οὐκ</span> <span class='ocrx_word' id='word_1_811' title='bbox 823 5333 971 5387; x_wconf 68' lang='grc' dir='ltr'>ἐστιν</span> <span class='ocrx_word' id='word_1_812' title='bbox 999 5336 1032 5405; x_wconf 76' lang='grc' dir='ltr'>ἡ</span> <span class='ocrx_word' id='word_1_813' title='bbox 1071 5337 1257 5408; x_wconf 78' lang='grc' dir='ltr'>μνήμη</span> <span class='ocrx_word' id='word_1_814' title='bbox 1295 5340 1393 5393; x_wconf 83' lang='grc' dir='ltr'>τοῦ</span> <span class='ocrx_word' id='word_1_815' title='bbox 1425 5344 1588 5411; x_wconf 87' lang='grc' dir='ltr'><strong>σοφοῦ</strong></span> <span class='ocrx_word' id='word_1_816' title='bbox 1617 5347 1754 5416; x_wconf 86' lang='grc' dir='ltr'><strong>μετὰ</strong></span> 
     </span>
    </p>
   </div>
   <div class='ocr_carea' id='block_1_101' title="bbox 191 5416 1752 5508">
    <p class='ocr_par' dir='ltr' id='par_1_101' title="bbox 191 5416 1752 5508">
     <span class='ocr_line' id='line_1_101' title="bbox 191 5416 1752 5508; baseline 0.015 -38"><span class='ocrx_word' id='word_1_817' title='bbox 191 5416 271 5470; x_wconf 75' lang='grc' dir='ltr'>τοῦ</span> <span class='ocrx_word' id='word_1_818' title='bbox 307 5420 544 5491; x_wconf 71' lang='grc' dir='ltr'>ἄφρονος</span> <span class='ocrx_word' id='word_1_819' title='bbox 593 5424 670 5486; x_wconf 77' lang='grc' dir='ltr'>εἰς</span> <span class='ocrx_word' id='word_1_820' title='bbox 701 5423 894 5478; x_wconf 77' lang='grc' dir='ltr'>αιῶναο</span> <span class='ocrx_word' id='word_1_821' title='bbox 943 5425 1065 5479; x_wconf 87' lang='grc' dir='ltr'>καθ’</span> <span class='ocrx_word' id='word_1_822' title='bbox 1095 5427 1176 5480; x_wconf 80' lang='grc' dir='ltr'><strong>ὅτι</strong></span> <span class='ocrx_word' id='word_1_823' title='bbox 1229 5428 1327 5500; x_wconf 68' lang='grc' dir='ltr'>ἤδη</span> <span class='ocrx_word' id='word_1_824' title='bbox 1368 5432 1426 5485; x_wconf 77' lang='lat' dir='ltr'><strong>al</strong></span> <span class='ocrx_word' id='word_1_825' title='bbox 1458 5435 1662 5508; x_wconf 77' lang='grc' dir='ltr'>ἡμέραι</span> <span class='ocrx_word' id='word_1_826' title='bbox 1694 5440 1752 5492; x_wconf 86' lang='grc' dir='ltr'>αῑ</span> 
     </span>
    </p>
   </div>
   <div class='ocr_carea' id='block_1_102' title="bbox 199 5597 357 5669">
    <p class='ocr_par' dir='ltr' id='par_1_102' title="bbox 199 5597 357 5669">
     <span class='ocr_line' id='line_1_102' title="bbox 199 5597 357 5669; baseline 0.019 -20"><span class='ocrx_word' id='word_1_827' title='bbox 199 5597 219 5649; x_wconf 83' lang='grc' dir='ltr'><strong>ί</strong></span> <span class='ocrx_word' id='word_1_828' title='bbox 243 5611 357 5669; x_wconf 85' lang='lat' dir='ltr'><strong>sqq.</strong></span> 
     </span>
    </p>
   </div>
   <div class='ocr_carea' id='block_1_103' title="bbox 1847 4356 3412 4428">
    <p class='ocr_par' dir='ltr' id='par_1_103' title="bbox 1847 4356 3412 4428">
     <span class='ocr_line' id='line_1_103' title="bbox 1847 4356 3412 4428; baseline 0.001 -18"><span class='ocrx_word' id='word_1_829' title='bbox 1847 4356 2133 4424; x_wconf 89' lang='lat' dir='ltr'><strong>objiciunt,</strong></span> <span class='ocrx_word' id='word_1_830' title='bbox 2185 4366 2246 4410; x_wconf 93' lang='lat' dir='ltr'><strong>nt</strong></span> <span class='ocrx_word' id='word_1_831' title='bbox 2275 4358 2367 4428; x_wconf 88' lang='lat' dir='ltr'><strong>qui</strong></span> <span class='ocrx_word' id='word_1_832' title='bbox 2409 4357 2633 4411; x_wconf 92' lang='lat' dir='ltr'><strong>minime</strong></span> <span class='ocrx_word' id='word_1_833' title='bbox 2661 4357 3012 4412; x_wconf 87' lang='lat' dir='ltr'><strong>considerent</strong></span> <span class='ocrx_word' id='word_1_834' title='bbox 3042 4373 3253 4422; x_wconf 87' lang='lat' dir='ltr'><strong>eorum,</strong></span> <span class='ocrx_word' id='word_1_835' title='bbox 3290 4373 3412 4428; x_wconf 59' lang='lat' dir='ltr'><strong>quae</strong></span> 
     </span>
    </p>
   </div>
   <div class='ocr_carea' id='block_1_104' title="bbox 1850 4447 3414 4521">
    <p class='ocr_par' dir='ltr' id='par_1_104' title="bbox 1850 4447 3414 4521">
     <span class='ocr_line' id='line_1_104' title="bbox 1850 4447 3414 4521; baseline 0.003 -21"><span class='ocrx_word' id='word_1_836' title='bbox 1850 4458 1998 4511; x_wconf 91' lang='lat' dir='ltr'><strong>sunt,</strong></span> <span class='ocrx_word' id='word_1_837' title='bbox 2043 4455 2297 4501; x_wconf 88' lang='lat' dir='ltr'><strong>naturam</strong></span> <span class='ocrx_word' id='word_1_838' title='bbox 2335 4467 2346 4501; x_wconf 92' lang='lat'><strong>:</strong></span> <span class='ocrx_word' id='word_1_839' title='bbox 2379 4458 2433 4502; x_wconf 87' lang='lat' dir='ltr'><strong>et</strong></span> <span class='ocrx_word' id='word_1_840' title='bbox 2465 4447 2626 4502; x_wconf 88' lang='lat' dir='ltr'><strong>docet</strong></span> <span class='ocrx_word' id='word_1_841' title='bbox 2677 4449 3060 4512; x_wconf 79' lang='lat' dir='ltr'><strong>differentiam.</strong></span> <span class='ocrx_word' id='word_1_842' title='bbox 3091 4458 3146 4505; x_wconf 93' lang='lat' dir='ltr'><strong>et</strong></span> <span class='ocrx_word' id='word_1_843' title='bbox 3178 4453 3231 4504; x_wconf 91' lang='lat' dir='ltr'><strong>in</strong></span> <span class='ocrx_word' id='word_1_844' title='bbox 3275 4468 3414 4521; x_wconf 86' lang='lat' dir='ltr'><strong>quo-</strong></span> 
     </span>
    </p>
   </div>
   <div class='ocr_carea' id='block_1_105' title="bbox 1850 4537 3412 4614">
    <p class='ocr_par' dir='ltr' id='par_1_105' title="bbox 1850 4537 3412 4614">
     <span class='ocr_line' id='line_1_105' title="bbox 1850 4537 3412 4614; baseline 0.004 -22"><span class='ocrx_word' id='word_1_845' title='bbox 1850 4552 1974 4592; x_wconf 88' lang='lat' dir='ltr'><strong>nam</strong></span> <span class='ocrx_word' id='word_1_846' title='bbox 2005 4537 2076 4591; x_wconf 84' lang='lat' dir='ltr'><strong>sit</strong></span> <span class='ocrx_word' id='word_1_847' title='bbox 2095 4538 2270 4592; x_wconf 88' lang='lat' dir='ltr'><strong>virtus</strong></span> <span class='ocrx_word' id='word_1_848' title='bbox 2298 4538 2431 4593; x_wconf 92' lang='lat' dir='ltr'><strong>vitio</strong></span> <span class='ocrx_word' id='word_1_849' title='bbox 2463 4540 2712 4609; x_wconf 89' lang='lat' dir='ltr'><strong>superior</strong></span> <span class='ocrx_word' id='word_1_850' title='bbox 2742 4559 2754 4594; x_wconf 92' lang='lat'><strong>:</strong></span> <span class='ocrx_word' id='word_1_851' title='bbox 2792 4555 2986 4610; x_wconf 81' lang='lat' dir='ltr'><strong>nempe</strong></span> <span class='ocrx_word' id='word_1_852' title='bbox 3005 4541 3150 4612; x_wconf 91' lang='lat' dir='ltr'><strong>quod</strong></span> <span class='ocrx_word' id='word_1_853' title='bbox 3177 4558 3285 4598; x_wconf 91' lang='lat' dir='ltr'><strong>non</strong></span> <span class='ocrx_word' id='word_1_854' title='bbox 3315 4560 3412 4614; x_wconf 71' lang='lat' dir='ltr'><strong>per</strong></span> 
     </span>
    </p>
   </div>
   <div class='ocr_carea' id='block_1_106' title="bbox 1852 4633 3414 4707">
    <p class='ocr_par' dir='ltr' id='par_1_106' title="bbox 1852 4633 3414 4707">
     <span class='ocr_line' id='line_1_106' title="bbox 1852 4633 3414 4707; baseline 0.004 -22"><span class='ocrx_word' id='word_1_855' title='bbox 1852 4633 2048 4687; x_wconf 89' lang='lat' dir='ltr'><strong>mortis</strong></span> <span class='ocrx_word' id='word_1_856' title='bbox 2097 4633 2545 4687; x_wconf 89' lang='lat' dir='ltr'><strong>communitatem</strong></span> <span class='ocrx_word' id='word_1_857' title='bbox 2607 4635 2853 4705; x_wconf 62' lang='lat' dir='ltr'><strong>quadam</strong></span> <span class='ocrx_word' id='word_1_858' title='bbox 2911 4637 2965 4690; x_wconf 93' lang='lat' dir='ltr'><strong>in</strong></span> <span class='ocrx_word' id='word_1_859' title='bbox 3017 4637 3100 4692; x_wconf 89' lang='lat' dir='ltr'><strong>eis</strong></span> <span class='ocrx_word' id='word_1_860' title='bbox 3161 4646 3414 4707; x_wconf 86' lang='lat' dir='ltr'><strong>speretur</strong></span> 
     </span>
    </p>
   </div>
   <div class='ocr_carea' id='block_1_107' title="bbox 1850 4717 3410 4794">
    <p class='ocr_par' dir='ltr' id='par_1_107' title="bbox 1850 4717 3410 4794">
     <span class='ocr_line' id='line_1_107' title="bbox 1850 4717 3410 4794; baseline 0.003 -21"><span class='ocrx_word' id='word_1_861' title='bbox 1850 4718 2132 4788; x_wconf 69' lang='lat' dir='ltr'><strong>aequalitas</strong></span> <span class='ocrx_word' id='word_1_862' title='bbox 2172 4737 2186 4773; x_wconf 88' lang='lat'><strong>:</strong></span> <span class='ocrx_word' id='word_1_863' title='bbox 2226 4717 2320 4774; x_wconf 85' lang='lat' dir='ltr'><strong>sed</strong></span> <span class='ocrx_word' id='word_1_864' title='bbox 2367 4734 2465 4790; x_wconf 87' lang='lat' dir='ltr'><strong>per</strong></span> <span class='ocrx_word' id='word_1_865' title='bbox 2523 4721 2664 4777; x_wconf 89' lang='lat' dir='ltr'><strong>bona</strong></span> <span class='ocrx_word' id='word_1_866' title='bbox 2722 4722 2808 4776; x_wconf 87' lang='lat' dir='ltr'><strong>vel</strong></span> <span class='ocrx_word' id='word_1_867' title='bbox 2864 4723 3007 4776; x_wconf 88' lang='lat' dir='ltr'><strong>mala</strong></span> <span class='ocrx_word' id='word_1_868' title='bbox 3049 4739 3172 4793; x_wconf 75' lang='lat' dir='ltr'><strong>qua:</strong></span> <span class='ocrx_word' id='word_1_869' title='bbox 3222 4735 3410 4794; x_wconf 89' lang='lat' dir='ltr'><strong>postea</strong></span> 
     </span>
    </p>
   </div>
   <div class='ocr_carea' id='block_1_108' title="bbox 1850 4811 3410 4880">
    <p class='ocr_par' dir='ltr' id='par_1_108' title="bbox 1850 4811 3410 4880">
     <span class='ocr_line' id='line_1_108' title="bbox 1850 4811 3410 4880; baseline 0.004 -17"><span class='ocrx_word' id='word_1_870' title='bbox 1850 4817 2274 4880; x_wconf 82' lang='lat' dir='ltr'><strong>exspectantur,</strong></span> <span class='ocrx_word' id='word_1_871' title='bbox 2330 4811 2642 4866; x_wconf 86' lang='lat' dir='ltr'><strong>inveniatur</strong></span> <span class='ocrx_word' id='word_1_872' title='bbox 2691 4812 3017 4868; x_wconf 81' lang='lat' dir='ltr'><strong>differentia.</strong></span> <span class='ocrx_word' id='word_1_873' title='bbox 3079 4813 3171 4869; x_wconf 86' lang='lat' dir='ltr'><strong>Sic</strong></span> <span class='ocrx_word' id='word_1_874' title='bbox 3231 4827 3410 4871; x_wconf 87' lang='lat' dir='ltr'><strong>autem</strong></span> 
     </span>
    </p>
   </div>
   <div class='ocr_carea' id='block_1_109' title="bbox 1852 4902 3412 4978">
    <p class='ocr_par' dir='ltr' id='par_1_109' title="bbox 1852 4902 3412 4978">
     <span class='ocr_line' id='line_1_109' title="bbox 1852 4902 3412 4978; baseline 0.005 -22"><span class='ocrx_word' id='word_1_875' title='bbox 1852 4902 2015 4957; x_wconf 86' lang='lat' dir='ltr'><strong>habet</strong></span> <span class='ocrx_word' id='word_1_876' title='bbox 2043 4912 2335 4958; x_wconf 82' lang='lat' dir='ltr'><strong>contextus</strong></span> <span class='ocrx_word' id='word_1_877' title='bbox 2360 4904 2712 4973; x_wconf 85' lang='lat' dir='ltr'><strong>objectionis:</strong></span> <span class='ocrx_word' id='word_1_878' title='bbox 2736 4924 2762 4965; x_wconf 6' lang='lat' dir='ltr'><strong>ac</strong></span> <span class='ocrx_word' id='word_1_879' title='bbox 2791 4905 2927 4961; x_wconf 88' lang='lat' dir='ltr'><strong>Novi</strong></span> <span class='ocrx_word' id='word_1_880' title='bbox 2965 4922 3066 4978; x_wconf 86' lang='lat' dir='ltr'><strong>ego</strong></span> <span class='ocrx_word' id='word_1_881' title='bbox 3097 4907 3242 4977; x_wconf 91' lang='lat' dir='ltr'><strong>quod</strong></span> <span class='ocrx_word' id='word_1_882' title='bbox 3268 4925 3412 4964; x_wconf 87' lang='lat' dir='ltr'><strong>unus</strong></span> 
     </span>
    </p>
   </div>
   <div class='ocr_carea' id='block_1_110' title="bbox 1850 4995 3414 5071">
    <p class='ocr_par' dir='ltr' id='par_1_110' title="bbox 1850 4995 3414 5071">
     <span class='ocr_line' id='line_1_110' title="bbox 1850 4995 3414 5071; baseline 0.003 -23"><span class='ocrx_word' id='word_1_883' title='bbox 1850 5001 2080 5048; x_wconf 83' lang='lat' dir='ltr'><strong>eventus</strong></span> <span class='ocrx_word' id='word_1_884' title='bbox 2103 5001 2357 5050; x_wconf 87' lang='lat' dir='ltr'><strong>occurret</strong></span> <span class='ocrx_word' id='word_1_885' title='bbox 2382 4995 2657 5052; x_wconf 77' lang='lat' dir='ltr'><strong>omnibus.</strong></span> <span class='ocrx_word' id='word_1_886' title='bbox 2695 4997 2782 5053; x_wconf 74' lang='grc' dir='ltr'>ιι.</span> <span class='ocrx_word' id='word_1_887' title='bbox 2811 4996 2876 5052; x_wconf 85' lang='lat' dir='ltr'><strong>Et</strong></span> <span class='ocrx_word' id='word_1_888' title='bbox 2903 4999 3014 5054; x_wconf 80' lang='lat' dir='ltr'><strong>dixi</strong></span> <span class='ocrx_word' id='word_1_889' title='bbox 3037 5015 3136 5071; x_wconf 88' lang='lat' dir='ltr'><strong>ego</strong></span> <span class='ocrx_word' id='word_1_890' title='bbox 3169 5001 3222 5054; x_wconf 89' lang='lat' dir='ltr'><strong>in</strong></span> <span class='ocrx_word' id='word_1_891' title='bbox 3247 5001 3414 5054; x_wconf 88' lang='lat' dir='ltr'><strong>corde</strong></span> 
     </span>
    </p>
   </div>
   <div class='ocr_carea' id='block_1_111' title="bbox 1853 5083 3411 5164">
    <p class='ocr_par' dir='ltr' id='par_1_111' title="bbox 1853 5083 3411 5164">
     <span class='ocr_line' id='line_1_111' title="bbox 1853 5083 3411 5164; baseline 0.006 -25"><span class='ocrx_word' id='word_1_892' title='bbox 1853 5100 1976 5140; x_wconf 89' lang='lat' dir='ltr'><strong>meo</strong></span> <span class='ocrx_word' id='word_1_893' title='bbox 2017 5104 2031 5139; x_wconf 91' lang='lat'>:</span> <span class='ocrx_word' id='word_1_894' title='bbox 2074 5083 2234 5140; x_wconf 87' lang='lat' dir='ltr'><strong>Stulti</strong></span> <span class='ocrx_word' id='word_1_895' title='bbox 2288 5097 2514 5146; x_wconf 88' lang='lat' dir='ltr'><strong>eventus</strong></span> <span class='ocrx_word' id='word_1_896' title='bbox 2570 5091 2701 5146; x_wconf 89' lang='lat' dir='ltr'><strong>mihi</strong></span> <span class='ocrx_word' id='word_1_897' title='bbox 2753 5107 2969 5164; x_wconf 90' lang='lat' dir='ltr'><strong>quoque</strong></span> <span class='ocrx_word' id='word_1_898' title='bbox 3010 5095 3244 5150; x_wconf 85' lang='lat' dir='ltr'><strong>eveniet.</strong></span> <span class='ocrx_word' id='word_1_899' title='bbox 3301 5095 3411 5150; x_wconf 84' lang='lat' dir='ltr'><strong>Cur</strong></span> 
     </span>
    </p>
   </div>
   <div class='ocr_carea' id='block_1_112' title="bbox 1851 5171 3411 5250">
    <p class='ocr_par' dir='ltr' id='par_1_112' title="bbox 1851 5171 3411 5250">
     <span class='ocr_line' id='line_1_112' title="bbox 1851 5171 3411 5250; baseline 0.01 -24"><span class='ocrx_word' id='word_1_900' title='bbox 1851 5187 1982 5242; x_wconf 84' lang='lat' dir='ltr'><strong>ergo</strong></span> <span class='ocrx_word' id='word_1_901' title='bbox 2018 5171 2282 5244; x_wconf 81' lang='lat' dir='ltr'><strong>majorem</strong></span> <span class='ocrx_word' id='word_1_902' title='bbox 2307 5187 2532 5244; x_wconf 87' lang='lat' dir='ltr'><strong>operam</strong></span> <span class='ocrx_word' id='word_1_903' title='bbox 2545 5176 2668 5232; x_wconf 87' lang='lat' dir='ltr'><strong>dedi</strong></span> <span class='ocrx_word' id='word_1_904' title='bbox 2693 5180 3012 5250; x_wconf 64' lang='lat' dir='ltr'><strong>sapientiae?</strong></span> <span class='ocrx_word' id='word_1_905' title='bbox 3029 5183 3114 5241; x_wconf 75' lang='grc'><strong>15.</strong></span> <span class='ocrx_word' id='word_1_906' title='bbox 3166 5185 3411 5243; x_wconf 85' lang='lat' dir='ltr'><strong>Locutus</strong></span> 
     </span>
    </p>
   </div>
   <div class='ocr_carea' id='block_1_113' title="bbox 1853 5261 3408 5341">
    <p class='ocr_par' dir='ltr' id='par_1_113' title="bbox 1853 5261 3408 5341">
     <span class='ocr_line' id='line_1_113' title="bbox 1853 5261 3408 5341; baseline 0.009 -25"><span class='ocrx_word' id='word_1_907' title='bbox 1853 5276 1972 5316; x_wconf 90' lang='lat' dir='ltr'><strong>sum</strong></span> <span class='ocrx_word' id='word_1_908' title='bbox 2031 5261 2086 5315; x_wconf 93' lang='lat' dir='ltr'><strong>in</strong></span> <span class='ocrx_word' id='word_1_909' title='bbox 2141 5262 2306 5318; x_wconf 90' lang='lat' dir='ltr'><strong>corde</strong></span> <span class='ocrx_word' id='word_1_910' title='bbox 2362 5279 2507 5330; x_wconf 84' lang='lat' dir='ltr'><strong>meo,</strong></span> <span class='ocrx_word' id='word_1_911' title='bbox 2549 5278 2834 5340; x_wconf 81' lang='lat' dir='ltr'><strong>propterea</strong></span> <span class='ocrx_word' id='word_1_912' title='bbox 2889 5273 3034 5341; x_wconf 87' lang='lat' dir='ltr'><strong>quod</strong></span> <span class='ocrx_word' id='word_1_913' title='bbox 3093 5275 3296 5332; x_wconf 84' lang='lat' dir='ltr'><strong>stultus</strong></span> <span class='ocrx_word' id='word_1_914' title='bbox 3341 5291 3408 5330; x_wconf 80' lang='lat' dir='ltr'><strong>ex</strong></span> 
     </span>
    </p>
   </div>
   <div class='ocr_carea' id='block_1_114' title="bbox 1850 5351 3408 5432">
    <p class='ocr_par' dir='ltr' id='par_1_114' title="bbox 1850 5351 3408 5432">
     <span class='ocr_line' id='line_1_114' title="bbox 1850 5351 3408 5432; baseline 0.01 -28"><span class='ocrx_word' id='word_1_915' title='bbox 1850 5351 2186 5406; x_wconf 84' lang='lat' dir='ltr'><strong>abundantia</strong></span> <span class='ocrx_word' id='word_1_916' title='bbox 2253 5354 2532 5425; x_wconf 86' lang='lat' dir='ltr'><strong>loquitur:</strong></span> <span class='ocrx_word' id='word_1_917' title='bbox 2591 5356 2705 5414; x_wconf 78' lang='lat' dir='ltr'><strong>Hoc</strong></span> <span class='ocrx_word' id='word_1_918' title='bbox 2755 5375 2975 5432; x_wconf 88' lang='lat' dir='ltr'><strong>quoque</strong></span> <span class='ocrx_word' id='word_1_919' title='bbox 3031 5372 3116 5421; x_wconf 89' lang='lat' dir='ltr'><strong>est</strong></span> <span class='ocrx_word' id='word_1_920' title='bbox 3171 5367 3408 5421; x_wconf 88' lang='lat' dir='ltr'><strong>vanitas.</strong></span> 
     </span>
    </p>
   </div>
   <div class='ocr_carea' id='block_1_115' title="bbox 1852 5441 3408 5536">
    <p class='ocr_par' dir='ltr' id='par_1_115' title="bbox 1852 5441 3408 5536">
     <span class='ocr_line' id='line_1_115' title="bbox 1852 5441 3408 5536; baseline 0.008 -41"><span class='ocrx_word' id='word_1_921' title='bbox 1852 5441 1940 5497; x_wconf 77' lang='lat'><strong>‘16.</strong></span> <span class='ocrx_word' id='word_1_922' title='bbox 1975 5441 2090 5536; x_wconf 50' lang='grc' dir='ltr'>μοι)</span> <span class='ocrx_word' id='word_1_923' title='bbox 2117 5454 2202 5499; x_wconf 88' lang='lat' dir='ltr'><strong>est</strong></span> <span class='ocrx_word' id='word_1_924' title='bbox 2220 5449 2480 5500; x_wconf 85' lang='lat' dir='ltr'><strong>memoria</strong></span> <span class='ocrx_word' id='word_1_925' title='bbox 2511 5449 2778 5520; x_wconf 88' lang='lat' dir='ltr'><strong>sapientis</strong></span> <span class='ocrx_word' id='word_1_926' title='bbox 2812 5468 2936 5506; x_wconf 89' lang='lat' dir='ltr'><strong>cum</strong></span> <span class='ocrx_word' id='word_1_927' title='bbox 2965 5456 3131 5510; x_wconf 86' lang='lat' dir='ltr'><strong>stulto</strong></span> <span class='ocrx_word' id='word_1_928' title='bbox 3173 5456 3229 5510; x_wconf 89' lang='lat' dir='ltr'><strong>in</strong></span> <span class='ocrx_word' id='word_1_929' title='bbox 3246 5463 3408 5508; x_wconf 75' lang='lat' dir='ltr'><strong>aeter-</strong></span> 
     </span>
    </p>
   </div>
   <div class='ocr_carea' id='block_1_116' title="bbox 251 5515 1753 5636">
    <p class='ocr_par' dir='ltr' id='par_1_116' title="bbox 251 5527 1749 5636">
     <span class='ocr_line' id='line_1_116' title="bbox 251 5527 1749 5636; baseline 0.011 -53"><span class='ocrx_word' id='word_1_930' title='bbox 251 5527 346 5636; x_wconf 59' lang='lat' dir='ltr'><strong>L&#39;ml</strong></span> <span class='ocrx_word' id='word_1_931' title='bbox 420 5532 553 5588; x_wconf 85' lang='lat' dir='ltr'><strong>Cor.</strong></span> <span class='ocrx_word' id='word_1_932' title='bbox 617 5547 688 5601; x_wconf 81' lang='lat' dir='ltr'><strong>tv,</strong></span> <span class='ocrx_word' id='word_1_933' title='bbox 735 5533 825 5590; x_wconf 79' lang='grc' dir='ltr'>ιο.</span> <span class='ocrx_word' id='word_1_934' title='bbox 905 5536 952 5569; x_wconf 82' lang='grc'><strong>⁷⁸</strong></span> <span class='ocrx_word' id='word_1_935' title='bbox 986 5534 1028 5590; x_wconf 87' lang='lat' dir='ltr'><strong>Il</strong></span> <span class='ocrx_word' id='word_1_936' title='bbox 1083 5535 1210 5594; x_wconf 88' lang='lat' dir='ltr'><strong>Cor.</strong></span> <span class='ocrx_word' id='word_1_937' title='bbox 1274 5555 1371 5610; x_wconf 77' lang='grc' dir='ltr'>ιιι,</span> <span class='ocrx_word' id='word_1_938' title='bbox 1419 5545 1455 5598; x_wconf 75' lang='grc'><strong>2</strong></span> <span class='ocrx_word' id='word_1_939' title='bbox 1505 5564 1626 5620; x_wconf 81' lang='lat' dir='ltr'><strong>sqq.</strong></span> <span class='ocrx_word' id='word_1_940' title='bbox 1705 5551 1749 5583; x_wconf 80' lang='grc'><strong>⁷⁷</strong></span> 
     </span>
    </p>
   </div>
   <div class='ocr_carea' id='block_1_117' title="bbox 1856 5515 3407 5636">
    <p class='ocr_par' dir='ltr' id='par_1_117' title="bbox 1856 5515 3407 5636">
     <span class='ocr_line' id='line_1_117' title="bbox 1856 5515 3407 5636; baseline 0.008 -30"><span class='ocrx_word' id='word_1_941' title='bbox 1856 5519 2132 5620; x_wconf 49' lang='lat' dir='ltr'><strong>)m.’vm,</strong></span> <span class='ocrx_word' id='word_1_942' title='bbox 2197 5556 2284 5611; x_wconf 76' lang='lat'><strong>55.</strong></span> <span class='ocrx_word' id='word_1_943' title='bbox 2361 5558 2406 5590; x_wconf 81' lang='lat'><strong>&quot;</strong></span> <span class='ocrx_word' id='word_1_944' title='bbox 2443 5515 2658 5617; x_wconf 76' lang='lat' dir='ltr'><strong>Coloss.</strong></span> <span class='ocrx_word' id='word_1_945' title='bbox 2712 5577 2795 5630; x_wconf 87' lang='grc' dir='ltr'>ιιι,</span> <span class='ocrx_word' id='word_1_946' title='bbox 2855 5563 2920 5636; x_wconf 15' lang='grc'><strong>1.,</strong></span> <span class='ocrx_word' id='word_1_947' title='bbox 2985 5565 3030 5596; x_wconf 78' lang='grc' dir='ltr'><strong><em>τ’</em></strong></span> <span class='ocrx_word' id='word_1_948' title='bbox 3071 5565 3214 5622; x_wconf 81' lang='lat' dir='ltr'><strong>Psal.</strong></span> <span class='ocrx_word' id='word_1_949' title='bbox 3279 5579 3407 5630; x_wconf 76' lang='lat' dir='ltr'><strong>xm,</strong></span> 
     </span>
    </p>
   </div>
  </div>
