4018 6334
239 319 324 377 689
1235 323 1296 379 IN
1339 321 1870 383 ECCLESIASTEN.
1915 325 2201 386 HOMILIA
2236 331 2293 386 ν.

3339 333 3442 390 690

235 436 312 492 ιού
334 433 496 492 δοῦναι
541 436 618 508 τῷ
656 436 848 509 ἀγαθῷ
875 435 980 510 πρὸ
1019 434 1310 509 προσώπου
1354 440 1449 494 τοῦ
1499 441 1635 494 Θεοῦ
1658 459 1668 472 ·
1694 438 1775 495 ὅτι

1885 455 2198 517 congreget,
2232 456 2290 500 ut
2318 445 2406 501 det
2446 445 2495 502 ei
2543 445 2637 516 qui
2686 456 2770 502 est
2807 448 2985 503 bonus
3037 447 3092 502 in
3141 460 3439 518 conspcl-tu

235 527 326 583 Καί
343 543 399 596 γε
429 525 579 581 τοῦτο
605 529 899 598 ματαιότης
931 530 1024 581 καὶ
1053 530 1369 602 προαίρεσις
1394 531 1720 602 πνεύματος.
1752 552 1769 584 ι

244 621 297 671 'li
321 619 408 689 μὶν
436 615 526 672 οὖν
566 619 772 674 διάνοια
803 619 910 672 τῶν
950 621 1147 690 ἐφεξῆς
1177 623 1597 692 γεγραμμένων,
1625 624 1774 696 καὶὴ

234 709 352 762 κατὰ
372 709 427 761 τὸ
443 709 730 764 ἀκόλουθον
757 711 1086 782 προθεωρία,
1114 711 1254 783 αὓτη
1289 711 1440 765 ἐστὶν
1478 713 1542 784 ἢν
1573 714 1639 766 δι’
1669 713 1777 767 ὀλί-

234 817 327 866 γων
353 799 440 852 νῦν
469 800 843 872 παρεθέμεθα.
871 801 1075 872 Καιρὸς
1105 803 1149 855 δ’
1171 800 1236 855 ἂν
1262 802 1347 873 είη
1384 804 1544 856 πάλιν
1577 805 1776 858 ἐπανα-

233 891 384 944 λαϐεῖν
399 891 494 962 τὴν
521 893 687 959 λέξιν,
727 893 1228 966 καὶπροσαρμὸσαι
1251 895 1316 948 δι’
1349 896 1630 966 ἀκριϐείας
1665 900 1777 961 τοῖς

235 985 388 1052 ῥητοῖς
409 983 472 1036 τὰ
500 985 768 1054 νοήματα.
817 985 926 1037 Kal.
959 983 1130 1052 ἔγνων
1160 986 1254 1038 καί
1284 1002 1347 1053 γε
1381 987 1510 1055 ἐγὼ,
1533 989 1613 1040 ὅτι
1651 1005 1777 1044 συν-

231 1077 418 1144 ἁντημα
457 1074 517 1126 ἐν
548 1077 937 1146 συναντήσεται
970 1079 1080 1140 τοῖς
1106 1079 1273 1132 πᾶσιν
1309 1080 1508 1146 αὐτοῖς,
1531 1081 1625 1133 καὶ
1648 1078 1777 1135 εἶπα

230 1165 319 1233 ἐγὼ
339 1165 408 1229 ὡς
432 1167 664 1237 συνάντη
675 1185 750 1238 μα
779 1167 875 1221 τοῦ
908 1168 1138 1241 ἄφρονος
1159 1171 1251 1224 καί
1280 1189 1343 1241 γε
1367 1173 1489 1243 ἐμοὶ
1516 1176 1776 1246 συναντή-

232 1273 373 1320 astat,
398 1259 490 1310 καὶ
535 1259 621 1311 ἵνα
651 1260 702 1312 τί
737 1259 1078 1331 ἐσοφισάμην
1103 1280 1117 1326 ;
1154 1262 1324 1315 Τοῦτο
1353 1263 1414 1316 δέ
1450 1265 1595 1317 ἐστιν
1625 1267 1658 1335 ή
1678 1265 1764 1319 ἀν·

228 1347 399 1411 τίθεσις
441 1349 510 1420 ῆν
558 1350 719 1414 αὐτὸς
767 1351 943 1421 ἐαυτῷ
987 1352 1326 1425 ἀντιτίθησι,
1368 1354 1577 1423 λέγων⁹
1607 1356 1669 1409 Εἰ
1716 1359 1777 1412 ἐν

231 1441 352 1490 ἐςτιν
393 1440 474 1492 ἐπ’
508 1441 832 1512 ἀμφοτέρων
860 1441 1015 1495 τοῦτο
1055 1443 1286 1498 θανάτου
1318 1446 1542 1516 συνάντη
1553 1465 1649 1516 μα,
1681 1447 1777 1500 καὶ

227 1527 308 1579 ιύκ
340 1527 632 1598 ἐξαιρεῖται
677 1530 905 1600 τῆς,τοῦ
955 1531 1184 1587 Θανάτου
1238 1536 1578 1606 μετουσίαςή
1609 1538 1774 1608 ἁρετὴ

228 1621 300 1670 ιον
318 1622 368 1672 ὲν
394 1621 559 1692 σοφίᾳ
591 1622 996 1692 γενόμενον,είς
1029 1625 1204 1696 μάτην
1229 1645 1318 1696 μοι
1347 1629 1622 1700 γέγονεν-ὴ
1649 1632 1776 1700 περὶ

225 1711 308 1779 τήν
328 1711 512 1779 σοφίαν
542 1713 765 1784 σπουδή.
798 1712 857 1765 Ἥ
883 1715 940 1767 δὲ
970 1716 1104 1787 πρὸς
1126 1716 1190 1770 τὰ
1213 1719 1477 1788 εἰρημένα
1504 1719 1597 1773 τοῦ
1620 1721 1774 1789 λόγου

1878 535 1995 590 Dei.
2031 536 2096 590 Et
2120 538 2222 591 hoc
2247 553 2466 607 quoque
2508 546 2592 593 cst
2629 538 2842 594 vanitas
2885 547 2940 593 et
2977 539 3286 594 voluntaria
3331 543 3442 596 ele-

1877 629 1985 682 ctio
2020 630 2269 698 spiritus.
2303 648 2320 680 ι
2355 629 2449 684 Εει
2491 643 2622 700 ergo
2670 629 2760 683 hic
2813 643 3010 684 sensus
3066 645 3260 684 eorum
3323 646 3442 698 qua»

1876 716 2136 788 deinceps
2167 719 2373 788 scripta
2407 728 2558 785 sunt,
2591 726 2643 774 et
2670 719 2784 774 haec
2809 728 2895 775 est
2932 736 3050 788 qua:
3089 727 3173 773 est
3203 735 3268 774 ex
3309 735 3442 774 con-

1877 808 2161 876 sequentia
2201 808 2576 876 prannittenda
2607 809 3020 878 contemplatio,
3051 823 3216 878 quam
3255 810 3443 878 paucis

1876 910 2024 948 nunc
2074 895 2427 950 adduximus.
2469 895 2713 965 Tempus
2746 902 2932 950 autem
2987 905 3070 950 est
3107 911 3254 950 nunc
3292 912 3444 966 repe-

1876 986 2029 1040 tendi
2075 994 2419 1047 contextum,
2482 995 2536 1040 et
2563 987 2746 1041 verbis
2793 986 3243 1040 accommodandi
3277 1000 3440 1040 accu-

1875 1085 1994 1129 rate
2034 1076 2389 1130 sententiam.
2417 1075 2553 1130 Novi
2585 1090 2685 1145 ego
2719 1078 2865 1146 quod
2915 1092 3058 1132 unus
3093 1083 3324 1131 eventus
3351 1090 3445 1131 oc-

1877 1171 2063 1220 curret
2094 1166 2375 1230 omnibus,
2436 1175 2490 1221 et
2530 1167 2643 1220 dixi
2691 1182 2791 1236 ego
2822 1166 2969 1237 quod
3021 1166 3176 1222 stulti
3220 1174 3447 1221 eventus

1875 1254 2010 1308 mibi
2041 1270 2262 1324 quoque
2303 1265 2579 1311 occurret.
2621 1257 2734 1311 Cur
2770 1257 2959 1326 itaque
3002 1254 3265 1324 majorem
3314 1269 3446 1324 ope-

1876 1360 1995 1400 ram
2020 1347 2142 1401 dedi
2176 1348 2495 1416 sapientiae?
2525 1347 2651 1403 Haec
2671 1358 2753 1404 est
2790 1355 2970 1402 autem
3007 1347 3250 1416 objectio
3281 1362 3445 1417 quam

1877 1437 1995 1507 ipse
2026 1438 2128 1492 sibi
2163 1438 2375 1508 objicit,
2407 1439 2600 1495 dicens
2626 1460 2639 1494 :
2662 1439 2718 1492 Si
2757 1442 2902 1494 inest
2927 1440 2980 1492 in
3008 1440 3256 1508 utrisque
3281 1453 3444 1492 even-

1877 1536 1966 1582 tus
1998 1531 2212 1594 mortis,
2261 1546 2364 1586 nec
2392 1532 2566 1587 virtus
2594 1545 2716 1585 eum
2750 1531 2843 1600 qui
2895 1531 3071 1586 evasit
3118 1536 3358 1599 sapiens,
3417 1546 3446 1582 a

1879 1627 2055 1674 morte
2079 1621 2287 1685 eximit,
2334 1620 2540 1676 frustra
2598 1636 2772 1675 meam
2811 1621 3076 1675 collocavi
3131 1634 3350 1688 operam
3395 1620 3444 1671 in

1878 1708 2062 1764 studio
2121 1711 2425 1782 sapientiae.
2479 1711 2946 1778 Quemadmodum
2995 1719 3182 1764 autem
3231 1709 3299 1764 iis
3328 1724 3447 1777 qua:

236 1802 512 1872 ἀπάντησις
563 1803 721 1869 ποία;
763 1803 935 1873 Ἐγὼ,
966 1806 1134 1876 φησὶ,
1161 1807 1318 1860 τοῦτο
1352 1809 1610 1880 περισσὸν
1649 1811 1774 1864 ἐλά-

1885 1799 2022 1854 dicta
2055 1809 2202 1869 sunt,
2254 1804 2498 1858 occurrit
2525 1804 2741 1857 oratio?
2775 1803 2910 1874 Ego,
2942 1803 3144 1872 inquit,
3198 1801 3303 1855 hoc
3355 1816 3448 1854 su-

168 1887 175 1895 ’
227 1891 340 1960 λήσα
373 1891 427 1943 ἐν
449 1894 519 1961 τῇ
552 1892 901 1963 καρδίᾳεμου,
932 1894 1013 1946 ὅτι
1036 1894 1223 1964 ἄφρων
1255 1897 1319 1950 ἐκ
1342 1898 1774 1969 περισσεύματος

228 1983 368 2038 ὶιλεῖ.
402 1987 512 2039 Καὶ
563 1987 643 2042 ὅτι
691 2005 753 2056 γε
790 1989 948 2042 τοῦτο
981 1991 1299 2063 ματαιότης.
1348 1993 1483 2054 Ὅτι,
1511 1995 1612 2047 οὐκ
1658 1994 1774 2048 ἔστι

226 2077 384 2146 μνήμη
410 2077 503 2130 τοῦ
545 2077 713 2147 σοφοῦ
743 2079 881 2148 μετὰ
905 2081 999 2133 τοῦ
1026 2081 1257 2151 ἄφρονος
1276 2085 1354 2144 είς
1377 2084 1565 2140 αἰῶνα.
1588 2087 1774 2138 Κατα-

225 2166 446 2229 γινὼσκει
489 2168 609 2238 γὰρ
639 2169 715 2232 ὼς
769 2173 1038 2242 περιττῶς
1083 2190 1141 2225 τε
1191 2177 1284 2228 καὶ
1330 2175 1636 2239 ἀκολούθως
1676 2178 1775 2248 τῆς

223 2254 514 2321 ἀντιθέσεως
557 2259 760 2328 ταύτης
791 2261 1190 2332 ἐπενεχθείσης,
1225 2265 1319 2316 καὶ
1348 2265 1555 2335 ἄφρονα
1580 2262 1776 2336 ὀνομά-

222 2343 288 2405 ζει
319 2347 401 2398 τὸν
424 2348 610 2415 λόγον,
649 2348 708 2412 ὃς
736 2350 858 2419 οὐχ).
898 2350 1008 2404 τῶν
1055 2351 1331 2405 ἀποθέτων
1361 2354 1524 2416 ἐστὶν,
1548 2354 1666 2407 οὐδὲ
1690 2354 1778 2406 ἐν·

220 2437 346 2490 δῆθεν
384 2440 446 2491 ἐκ
475 2440 600 2493 τῶν
627 2442 869 2511 ταμείων
899 2443 997 2512 τῆς
1028 2444 1219 2512 σοφίας
1255 2445 1642 2516 προσφέρεται,
1663 2445 1777 2499 ἀλλ’

219 2525 380 2596 ὥσπερ
395 2545 446 2580 τι
467 2529 797 2600 περίττωμα
827 2532 923 2602 τῆς
951 2531 1185 2596 διανοίας
1213 2534 1379 2595 ἐστὶν,
1415 2535 1590 2606 ἀφροῦ
1623 2535 1777 2606 δίκην

221 2617 627 2690 ἁποπτυόμενος.
659 2622 880 2690 ’Ἄφρων
905 2623 1013 2693 γὰρ
1039 2625 1102 2676 ἐκ
1142 2623 1575 2694 περισσεύματος
1608 2625 1777 2680 λαλεῖ.

220 2708 280 2758 Τὸ
313 2707 363 2761 δὲ
393 2711 574 2776 οὕτως
617 2712 852 2783 χρῆσθαι
887 2713 966 2782 τῷ
1011 2713 1170 2784 λόγῳ,
1205 2715 1430 2783 μάταιόν
1464 2731 1523 2767 τε
1557 2717 1650 2783 καὶ
1698 2717 1779 2780 εἰς

219 2795 359 2852 οὐδὲν
388 2802 552 2855 πλέον
601 2805 753 2868 ἐστὶ,
791 2803 928 2873 πρὸς
963 2804 1112 2856 οὐδὲν
1146 2805 1330 2876 ἕτερον
1375 2805 1470 2857 τοῦ
1497 2806 1654 2874 λόγου
1682 2807 1780 2878 τὴν

220 2893 425 2964 σπουδὴν
446 2895 693 2965 ἔχοντος,
731 2896 764 2965 ἢ
790 2900 976 2949 πεῖσαι
1013 2897 1086 2968 μὴ
1113 2897 1178 2950 τὰ
1218 2899 1513 2968 φαινόμενα
1538 2897 1776 2967 βλέπειν.

230 2983 308 3035 Ἐκ
330 2985 431 3037 τῶν
460 2987 765 3058 ὁρωμένων
796 2989 904 3060 γὰρ
925 2991 1158 3042 ποιεῖται
1188 2989 1216 3040 6
1236 2989 1530 3057 ἀντιλέγων
1552 2988 1649 3060 τὴν
1674 2987 1778 3060 μά-

219 3077 443 3143 ιηνοκαὶ
476 3078 596 3147 γὰρ
627 3081 656 3130 6
708 3078 934 3142 θάνατος
973 3079 1082 3133 τῶν
1126 3081 1464 3151 φαινομένων
1508 3079 1672 3134 ἐστίν.
1715 3080 1779 3132 Τί

219 3165 387 3234 δὴπστε
408 3169 625 3237 λέγων;
649 3171 763 3224 Οὐκ
790 3172 850 3223 ἐν
868 3171 1043 3242 τούτῳ
1079 3172 1173 3225 τοῦ
1202 3173 1456 3244 ἐναρέτου
1480 3189 1540 3226 τε
1571 3174 1664 3227 καὶ
1686 3172 1781 3226 τοῦ

222 3264 433 3332 πονηροῦ
465 3266 594 3335 βίου
631 3267 665 3336 ή
712 3266 894 3337 κρίσις
929 3265 1171 3334 γίνεται,
1203 3265 1279 3328 ὡς
1329 3265 1445 3318 δέον
1494 3264 1652 3334 μόνον
1692 3263 1784 3316 τὸν

220 3355 430 3424 πονηρὸν
457 3356 719 3410 τεθνάναι
754 3357 832 3428 τῷ
865 3356 1107 3427 σώματιο
1139 3357 1229 3410 τὸν
1271 3356 1327 3408 δὲ
1370 3354 1569 3423 ἀγαθὸν
1603 3354 1784 3424 μένειν

220 3444 296 3497 τοῦ
323 3449 641 3518 σωματικοῦ
663 3449 892 3503 θανάτου
912 3450 1263 3521 ἀπείραστον,
1286 3450 1386 3502 οὐκ
1413 3447 1568 3511 εἰδὼς
1595 3449 1652 3500 ἐν
1679 3447 1784 3500 τίνι

221 3537 316 3589 ἐπὶ
341 3539 439 3608 τῆς
478 3539 692 3610 ἀρετῆς
711 3540 771 3593 τὸ
796 3540 1083 3603 ἀθάνατον,
1117 3541 1210 3594 καὶ
1247 3540 1330 3603 τίς
1373 3539 1483 3592 τῶν
1520 3541 1577 3592 ἐν
1616 3539 1785 3609 κακία

220 3625 412 3687 ζώντων
440 3633 468 3683 6
516 3630 777 3693 θάνατος.
808 3630 1001 3699 Σοφοῦ,
1035 3630 1218 3700 φησιν,
1251 3631 1286 3700 ἡ
1331 3632 1517 3701 μνήμη
1563 3629 1788 3683 διαπαν-

222 3718 294 3779 τὸς
314 3719 397 3789 ζῇ,
430 3723 527 3775 καὶ
570 3722 737 3774 παντὶ
771 3721 848 3792 τῷ
887 3721 1043 3776 αἰῶνι
1087 3721 1598 3792 συμπαρατεινεταιο
1635 3721 1712 3792 τῷ
1731 3721 1788 3775 δὲ

221 3809 388 3880 ἄφρονι
432 3812 821 3883 ἐναπεσσέσθη
863 3813 1046 3866 καὶτὸ
1095 3812 1452 3883 μνημόσυνον.
1499 3812 1635 3883 Περὶ
1680 3811 1789 3883 γὰρ

224 3899 309 3952 τῶν
336 3904 607 3957 τοιούτων
688 3903 821 3974 φησὶ
839 3905 932 3956 καὶ
958 3901 1270 3972 Προφήτης,
1299 3899 1381 3951 δτι
1414 3901 1686 3955 Ἀπώλετο
1729 3902 1789 3955 τὸ

226 3992 550 4061 μνημόσυνον
602 3994 782 4046 αὐτῶν
834 3994 1147 4065 περιφανῶς
1187 3993 1281 4046 καὶ
1326 3992 1580 4064 εὐδήλως.
1619 3991 1790 4047 Τοῦτο

223 4081 314 4150 γὰρ
341 4087 373 4154 ή
401 4086 539 4155 ήχου
595 4086 882 4157 προσθήκη
935 4085 1284 4162 ἐνδείκνυται.
1328 4085 1441 4138 Οὐκ
1486 4084 1631 4136 ἐστιν
1673 4080 1788 4148 οὖν,

227 4171 354 4237 φησι,
381 4176 579 4244 μνήμη
608 4174 705 4226 τοῦ
735 4175 897 4244 σοφοῦ
920 4173 1057 4244 μετά
1087 4173 1182 4226 τοῦ
1210 4173 1442 4244 ἄφρονος
1474 4175 1552 4234 εἰς
1583 4172 1754 4226 αἰῶνα
1772 4189 1786 4203 ο

225 4257 338 4309 ἀλλὰ
360 4260 452 4313 τοῦ
480 4261 591 4330 μὲν
624 4261 786 4328 σοφοῦ
817 4263 851 4332 ή
879 4262 991 4332 ζωὴ
1007 4257 1300 4322 διαιωνίζει
1327 4259 1413 4312 διὰ
1429 4259 1526 4328 τῆς
1551 4261 1788 4329 μνήμης·

225 4343 300 4393 τὸν
323 4345 375 4399 δὲ
413 4348 638 4418 ἄφρονα
687 4349 987 4418 διαδέχεται
1028 4348 1184 4419 λήθη.
1225 4349 1312 4400 Ἐν
1345 4347 1454 4417 γὰρ
1483 4348 1603 4409 ταῖς
1641 4349 1794 4417 ἐρχο-

227 4434 390 4496 μὲναις
416 4437 673 4507 ἡμέραις
700 4435 769 4488 τὰ
797 4436 976 4489 πάντα
1003 4435 1094 4489 τοῦ
1132 4436 1362 4505 ἄφρονος
1395 4437 1453 4487 ὲν
1471 4520 1474 4521 ν
1491 4433 1626 4505 λήθῃ
1648 4433 1790 4521 TE”?
1821 4466 1864 4521 D

224 4532 298 4568 ται
320 4536 332 4548 ·
358 4521 532 4585 οὕτως
557 4525 650 4575 ἀεὶ
677 4521 851 4591 λέγων
871 4526 948 4588 τῷ
966 4524 1170 4595 ῥήματι
1201 4521 1320 4574 καθ’
1347 4521 1429 4573 ὅτι
1451 4520 1551 4592 ήδη
1573 4523 1627 4573 αἱ
1651 4519 1789 4590 ήμέ-

228 4625 300 4672 ριι
322 4613 636 4683 ἐρχόμεναι,
677 4613 747 4667 τὰ
779 4614 955 4668 πάντα
977 4614 1271 4686 ἐπελήσθη.

287 4789 341 4841 ΕΞ
372 4786 463 4844 οὖν
493 4795 524 4846 6
558 4793 663 4864 μὲν
692 4794 852 4861 σοφὸς
885 4794 1038 4864 ζητεί
1069 4795 1281 4864 σοφίαν,
1327 4796 1355 4848 6
1397 4795 1453 4848 δὲ
1495 4795 1684 4867 ἄφρων
1709 4793 1788 4866 τῷ

224 4878 421 4948 enim,
453 4884 558 4952 τῆς
585 4882 757 4953 λήθης
783 4884 1137 4954 ἐνηφανίσθη,
1162 4885 1299 4949 πῶς,
1327 4886 1480 4955 φησὶ,
1507 4887 1685 4955 λέγεις
1705 4889 1786 4940 ὅτι

221 4967 565 5026 ἀποθανεῖται
597 4977 626 5027 6
662 4974 825 5042 σοφὸς
868 4976 1004 5044 μετά
1036 4975 1130 5028 τοῦ
1161 4977 1392 5048 ἄφρονος
1425 4994 1439 5041 ;
1493 4977 1592 5030 Διά
1637 4978 1792 5031 τοῦτο

223 5065 320 5123 ταῖς
367 5066 511 5119 κατά
560 5069 664 5136 τὴν
700 5069 844 5138 ζωὴν
885 5069 1088 5139 ταύτην
1137 5070 1593 5140 ἐσπουδασμένοις
1643 5069 1792 5141 αύτῷ

223 5150 497 5218 ἀλγύνεται
534 5157 633 5208 καὶ
664 5157 1070 5226 ἐπαισχύνεται,
1102 5161 1195 5211 καὶ
1228 5162 1404 5229 μισεῖν
1437 5159 1582 5226 λέγει
1617 5161 1792 5214 πάντα

222 5242 311 5295 iu
335 5247 486 5314 αὑτῷ
513 5247 654 5315 πρὸς
682 5249 778 5319 τὴν
802 5249 944 5319 ζωήν
970 5249 1173 5319 ταύτην
1203 5251 1587 5316 ἐσπούδασται,
1611 5253 1794 5321 ὅμοιον

226 5335 435 5403 πάσχων
465 5336 663 5407 ὥσπερ
697 5338 762 5392 ἂν
793 5340 846 5392 εἰ
873 5358 953 5403 τις
989 5343 1431 5411 φαρμακωμένου
1459 5343 1672 5414 μέλιτος
1700 5347 1793 5398 ἁν-

224 5425 373 5488 αιῶις
397 5429 736 5497 ἐμφορηθεὶς
765 5433 829 5485 ἐκ
857 5432 1210 5503 λαιμαργίας,
1239 5429 1356 5488 εἶτα
1390 5437 1469 5499 εις
1495 5437 1664 5507 χυμὸν
1693 5439 1792 5491 αὑ-

226 5530 292 5580 τῳ
317 5522 558 5591 ηνηρδν
580 5522 676 5589 τῆς
704 5523 939 5592 λιχνείας
965 5525 1418 5596 μεταϐληθείσης,
1443 5531 1499 5581 ἐν
1518 5528 1597 5598 τῷ
1621 5530 1800 5600 ἐμέτῳ

225 5609 367 5664 λάϐοι
413 5611 515 5664 τοῦ
566 5613 1009 5686 ἀνακεκραμένον
1066 5616 1358 5686 φαρμάκου
1401 5621 1499 5688 τὴν
1550 5621 1799 5691 αἴσθησιν

229 5701 310 5755 τοῦ
343 5707 816 5778 συνεκπτυομένου
849 5711 983 5779 μετὰ
1018 5712 1106 5765 τοῦ
1135 5712 1370 5781 μέλιτος·
1420 5717 1508 5768 καὶ
1536 5715 1621 5768 διὰ
1643 5716 1794 5769 τοῦτο

1876 1905 2274 1960 pcrvacaneum
2315 1893 2426 1947 dixi
2466 1894 2520 1947 in
2555 1894 2720 1950 corde
2756 1909 2876 1949 meo
2906 1912 2919 1948 :
2954 1894 3158 1949 stultus
3183 1907 3249 1946 ex
3267 1906 3449 1958 super-

1877 1982 2218 2048 abundantia
2253 1983 2516 2052 loquitur.
2561 1983 2672 2039 Hoc
2710 1998 2926 2054 quoque
2957 1989 3043 2038 est
3070 1981 3302 2036 vanitas.
3331 1978 3444 2032 Non

1875 2078 1959 2124 est
2016 2071 2278 2126 memoria
2330 2072 2604 2140 sapientis
2658 2089 2783 2126 cum
2843 2073 3009 2128 stulto
3061 2071 3118 2125 in
3162 2079 3444 2124 aeternum.

1877 2157 2112 2213 Damnat
2143 2159 2286 2214 enim
2313 2160 2453 2215 hanc
2485 2160 2878 2230 objectionem,
2936 2169 2994 2214 ut
3041 2172 3447 2228 supervacanee

1877 2255 1932 2304 et
1955 2264 2063 2304 non
2103 2259 2510 2320 consequenter
2541 2252 2776 2317 illatam,
2834 2258 2888 2306 et
2933 2264 3255 2306 sermonem
3290 2260 3447 2303 vocat

1878 2340 2248 2409 insipientem,
2284 2341 2378 2412 qui
2413 2357 2523 2396 non
2553 2349 2728 2397 estex
2775 2340 3098 2406 reconditis,
3137 2354 3314 2409 neque
3354 2354 3448 2394 ex-

1877 2433 2148 2502 promitur
2173 2448 2240 2488 ex
2262 2433 2494 2488 internis
2534 2433 2822 2504 sapientia:
2861 2432 3164 2502 penuariis,
3206 2433 3301 2486 sed
3360 2441 3444 2486 est

1878 2527 2081 2581 mentis
2113 2526 2285 2580 veluti
2325 2525 2607 2596 quoddam
2649 2532 3088 2588 excrementum,
3133 2530 3192 2577 ut
3221 2524 3316 2592 qui
3367 2523 3448 2576 in-

1879 2627 1994 2674 star
2021 2632 2229 2686 spumae
2256 2628 2576 2690 exspuaurt.
2596 2615 2818 2671 Stultus
2846 2615 2992 2670 enim
3013 2631 3078 2669 ex
3110 2613 3448 2684 superabun-

1880 2708 2356 2777 dantialoquitur.
2381 2706 2476 2762 Sic
2493 2713 2677 2762 autem
2702 2707 2780 2760 uti
2807 2721 3086 2772 sermone,
3114 2719 3312 2758 vanum
3337 2713 3443 2766 est,

1880 2809 1933 2856 et
1960 2801 2092 2853 nihil
2119 2799 2272 2854 aﬂ'crt
2305 2799 2604 2863 commodi,
2632 2813 2757 2852 cum
2790 2798 2912 2868 ejus
2943 2810 3052 2852 non
3080 2796 3150 2851 sit
3175 2795 3327 2850 aliud
3363 2797 3446 2848 in-

1882 2891 2138 2946 stitutum
2198 2890 2254 2944 in
2295 2889 2400 2945 hoc
2439 2889 2602 2953 libro,
2644 2903 2809 2958 quam
2858 2896 2918 2942 ut
2958 2886 3287 2959 persuadeat
3340 2899 3448 2940 non

1883 2982 2084 3037 intueri
2112 2997 2176 3038 ea
2211 2998 2333 3051 quae
2355 2989 2639 3050 apparent.
2672 2979 2810 3034 Nam
2833 2981 2927 3050 qui
2959 2977 3451 3042 contradicit,con-

1887 3073 2058 3128 tendit
2083 3088 2149 3128 ex
2179 3072 2248 3128 iis
2273 3086 2395 3142 quae
2426 3070 2678 3125 videntur
2707 3088 2722 3124 :
2760 3086 2825 3124 ex
2860 3071 2927 3124 iis
2955 3069 3100 3124 enim
3120 3083 3240 3137 qure
3264 3067 3451 3122 viden-

1812 3135 1853 3191 (δ
1890 3172 1977 3217 tur
2001 3169 2086 3217 est
2119 3135 2588 3226 morm—Quidnam
2612 3169 2796 3214 autem
2827 3159 3004 3214 dicit?
3049 3135 3212 3213 Bona:
3237 3165 3292 3213 et
3331 3172 3462 3213 sce-

1885 3253 2065 3308 lerata:
2109 3254 2230 3307 vitae
2264 3267 2373 3306 non
2404 3253 2459 3305 in
2500 3252 2603 3306 hoc
2640 3257 2725 3305 est
2762 3249 3052 3320 judicium,
3096 3249 3257 3320 quasi
3290 3264 3452 3319 opor-

1884 3352 2024 3398 teret
2059 3343 2352 3398 scelestum
2387 3342 2563 3397 solum
2597 3343 2733 3396 mori
2759 3355 3022 3411 corpore:
3046 3339 3249 3394 bonum
3275 3346 3454 3394 autem

1885 3450 2114 3490 manere
2141 3443 2417 3503 expertem
2450 3433 2642 3487 mortis
2672 3433 2924 3503 corporis
2944 3474 2959 3500 ,
3012 3439 3072 3486 ut
3111 3431 3202 3502 qui
3243 3429 3457 3486 nesciat

1889 3525 1944 3580 in
1982 3539 2218 3595 quonam
2251 3524 2327 3579 sit
2371 3523 2594 3577 virtutis
2645 3523 3059 3586 immortalitas,
3115 3532 3170 3577 et
3212 3536 3460 3593 quaenam

1888 3617 1961 3674 sit
1991 3631 2143 3671 mors
2168 3630 2357 3670 eorum
2381 3614 2478 3685 qui
2513 3613 2707 3669 vivunt
2733 3615 2788 3668 in
2819 3614 2968 3669 vitio.
3015 3613 3152 3668 Nam
3197 3615 3494 3684 sapientis~

1889 3709 2131 3778 quidem,
2171 3706 2375 3776 inquit,
2411 3705 2675 3759 memoria
2727 3705 2863 3758 vivit
2910 3704 2964 3758 in
3013 3712 3358 3775 perpetuum,
3404 3712 3459 3759 et

1890 3798 2052 3854 simul
2074 3813 2196 3852 cum
2237 3810 2354 3850 aevo
2381 3794 2637 3850 universo
2693 3793 3009 3850 extenditur
3059 3815 3072 3849 :
3114 3810 3237 3848 cum
3292 3795 3462 3849 stulto

1890 3898 2074 3944 autem
2133 3888 2508 3958 exstinguitur
2557 3888 2679 3958 ejus
2728 3888 3013 3942 memoria.
3075 3885 3152 3942 De
3192 3886 3461 3956 ejusmodi

1891 3981 2036 4037 enim
2085 3979 2400 4035 hominibus
2433 3981 2512 4032 ait
2562 3979 2728 4035 etiam
2782 3977 3057 4048 Propheta
3090 3997 3102 4032 :
3141 3977 3310 4034 Periit
3348 3992 3461 4033 me-

1891 4072 2064 4126 moria
2092 4086 2284 4127 eorum
2319 4071 2470 4126 clare
2501 4085 2566 4125 ac
2617 4067 2931 4125 manifeste.
2979 4070 3114 4124 Soni
3169 4070 3314 4123 enim
3359 4067 3462 4122 hac

1892 4163 2103 4218 indicat
2131 4163 2394 4232 adjectio.
2447 4161 2568 4216 Non
2598 4171 2683 4218 est
2730 4177 2893 4232 ergo,
2934 4161 3130 4231 inquit,
3204 4160 3462 4214 memoria

1893 4255 2162 4323 sapientis
2219 4270 2346 4310 cum
2387 4255 2561 4309 stulto
2611 4254 2666 4308 in
2711 4261 2975 4308 aaternum
3011 4271 3023 4306 :
3057 4251 3150 4307 sed
3197 4249 3463 4320 sapientis

1895 4345 2114 4414 quidem
2163 4344 2274 4400 vita
2334 4345 2389 4398 in
2431 4351 2700 4398 aeternum
2744 4351 2928 4398 manet
2966 4356 3063 4412 per
3107 4339 3460 4394 memoriam:

1897 4437 2123 4490 stultum
2153 4442 2334 4488 autem
2357 4433 2563 4502 excipit
2583 4431 2803 4486 oblivio.
2834 4431 2889 4487 In
2917 4431 3256 4489 venientibus
3310 4428 3458 4482 enim

1895 4524 2092 4579 diebus
2106 4537 2444 4593 quaecunque
2463 4527 2594 4576 sunt
2611 4521 2786 4584 stulti,
2805 4521 3132 4575 mandantur
3152 4518 3416 4573 oblivioni
3447 4537 3458 4572 :

1904 4615 2012 4668 hoc
2041 4614 2211 4668 verbo
2255 4614 2417 4668 veluti
2452 4612 2666 4680 dicens,
2699 4612 2844 4682 quod
2871 4619 2928 4666 ut
2958 4613 3076 4682 jam
3105 4610 3224 4666 dies
3243 4610 3465 4666 venien-

1894 4719 1999 4776 tes,
2037 4708 2294 4763 mandata
2319 4716 2449 4763 sunt
2481 4711 2666 4762 omnia
2698 4710 2982 4763 oblivioni.

1971 4798 2028 4852 Si
2068 4812 2201 4868 ergo
2240 4797 2465 4866 sapiens
2495 4799 2715 4866 quidem
2742 4800 2945 4866 quaerit
2975 4797 3471 4868 sapientiam,stul-

1898 4896 1988 4942 tus
2013 4895 2198 4942 autem
2233 4886 2444 4941 deletur
2473 4894 2648 4942 morte
2695 4887 3010 4949 oblivionis,
3049 4887 3344 4957 quomodo,
3388 4888 3472 4940 in-

1900 4979 2042 5048 quit,
2070 4977 2212 5032 dicis
2239 4979 2570 5030 moriturum
2599 4991 2721 5030 esse
2751 4978 3055 5046 sapientem
3100 4991 3225 5030 cum
3261 4975 3472 5030 stulto?

1903 5071 1967 5126 Et
1995 5071 2120 5126 ideo
2145 5070 2276 5124 dicit
2306 5084 2364 5124 se
2408 5069 2591 5123 dolere
2623 5076 2678 5123 et
2698 5071 3025 5124 erubescere
3055 5077 3283 5138 propter
3324 5083 3386 5122 ea
3416 5069 3474 5122 in

1898 5179 2020 5233 quae
2045 5177 2204 5217 suum
2238 5160 2481 5216 studium
2515 5164 2697 5229 posuit
2734 5161 2788 5214 in
2826 5161 2928 5214 hac
2953 5161 3084 5225 vita,
3150 5170 3206 5214 et
3237 5159 3370 5213 dicit
3410 5175 3470 5215 se

1901 5255 2088 5310 odisse
2124 5253 2309 5308 omnia
2342 5267 2576 5322 quorum
2599 5253 2714 5321 ipse
2745 5251 2800 5304 in
2826 5251 2928 5305 hac
2958 5250 3066 5303 vita
3100 5249 3282 5304 studio
3317 5256 3470 5302 tene-

1903 5348 2088 5410 batur,
2149 5354 2210 5400 ut
2262 5345 2350 5399 cui
2398 5345 2717 5398 usuvenirct
2767 5341 3009 5412 perinde,
3059 5348 3222 5411 atque
3268 5340 3318 5394 ei
3376 5338 3469 5408 qui

1902 5438 2303 5492 medicamento
2329 5434 2486 5488 melle
2513 5432 2734 5503 perfuso
2762 5447 2870 5499 pra:
2888 5431 3127 5501 ingluvie
3150 5426 3467 5499 impruden-

1908 5539 1991 5584 ter
2019 5529 2298 5598 impletus,
2317 5525 2512 5580 deinde
2556 5525 2609 5577 in
2639 5524 2841 5577 malum
2881 5536 3131 5590 saporem
3171 5520 3218 5572 ei
3260 5526 3467 5570 mutata

1907 5621 2217 5680 dulcedine,
2268 5619 2321 5672 in
2349 5616 2618 5672 veniendo
2667 5614 2901 5682 accipiat
2944 5626 3168 5666 sensum
3225 5609 3471 5676 permiin

1911 5714 2312 5776 medicamenti,
2341 5709 2484 5781 quod
2520 5708 2682 5764 simul
2713 5722 2835 5762 cum
2869 5706 3024 5761 melle
3049 5702 3332 5772 exSpuitur
3364 5718 3378 5754 :
3417 5717 3466 5755 et
