4018 6334
593 297 691 355 ϐθί

1792 299 1850 354 S.
1891 297 2218 357 GREGOBII
2251 295 2342 352 ΝΥ
2353 293 2588 353 SSSENI

3674 309 3759 365 6‘3!

601 415 722 464 ιιιεο
739 415 962 489 propter
975 407 1244 464 amaroris
1276 409 1594 464 memoriam
1615 409 1722 466 mel
1760 408 1942 465 oderit
1977 427 1991 465 :
2019 425 2147 480 quo-

2263 408 2329 476 τῇ
2365 407 2553 478 μνήμῃ
2581 405 2680 476 τῆς
2711 401 2901 477 ἀηδίας
2931 405 3105 474 μισῶν
3135 407 3194 460 τὸ
3227 407 3340 476 μέλι
3369 427 3381 440 ο
3419 411 3492 464 ὅτι
3518 413 3759 488 πλησμονὴ

600 501 746 556 niam
775 500 1002 556 satietas
1039 513 1137 568 per
1167 499 1626 556 medicamentum
1659 501 1927 558 subvertit
1959 509 2165 558 stoma-

599 589 782 644 chum.
813 587 925 644 l~lac
954 589 1022 644 de
1055 604 1245 652 causa,
1273 604 1398 644 cum
1419 605 1528 646 non
1557 605 1734 660 usque
1767 591 1833 647 ad
1858 591 2162 646 satietatem

597 695 657 736 se
688 680 742 732 in
777 679 1157 748 iisimplesset,
1184 696 1304 750 quae
1321 681 1530 736 faciunt
1558 681 1628 737 ad
1657 681 1908 748 delicias,
1930 697 2163 752 quarum

597 768 784 826 studio
811 770 1104 824 tenebatur
1140 769 1196 828 in
1235 771 1441 825 vomitu
1481 769 1874 835 confessionis,
1900 779 2160 840 tanquam

597 861 837 930 aliquam
886 863 1080 916 veneni
1131 862 1521 925 calamitatem,
1570 878 1759 918 eorum
1814 879 1935 933 quae
1979 870 2164 933 egerat

597 954 858 1022 probrum
891 968 959 1008 ac
987 953 1226 1009 dedecus
1273 952 1400 1007 odio
1441 953 1656 1009 habens
1703 963 1756 1008 et
1797 954 2158 1017 abominans,

597 1043 797 1098 clamat
840 1058 900 1099 se
952 1043 1099 1096 illam
1129 1043 1313 1100 odisse
1357 1043 1546 1106 vitam,
1590 1043 1672 1098 sic
1707 1042 1896 1098 dicens
1927 1042 1994 1096 ad
2034 1059 2160 1097 ver-

597 1133 723 1188 bum
755 1152 770 1188 :
805 1152 824 1185 (
863 1136 926 1190 Ει
979 1134 1108 1190 odio
1144 1133 1310 1190 habui
1339 1135 1528 1199 vitam,
1559 1136 1687 1204 quia
1729 1135 1933 1189 malum
1969 1134 2162 1189 adver-

593 1239 715 1281 sum
742 1241 828 1280 me
854 1233 958 1291 est,
982 1240 1120 1295 opus
1142 1226 1292 1296 quod
1327 1225 1534 1280 factum
1567 1233 1653 1282 est
1683 1227 1787 1284 sub
1819 1227 1955 1282 sole.
1981 1246 1999 1278 ι
2042 1226 2159 1280 Non

597 1317 765 1379 enim,
789 1317 982 1385 inquit,
1014 1317 1106 1371 ulli
1134 1317 1247 1381 alii,
1278 1316 1374 1374 sed
1402 1317 1652 1387 mihiipsi
1674 1317 2162 1387 fuimalusiisqua:

593 1405 697 1461 feci
732 1407 835 1462 sub
861 1407 994 1462 Sole.
1025 1407 1153 1460 Mihi
1181 1407 1328 1462 enim
1347 1407 1483 1462 nihil
1512 1415 1624 1461 stat
1652 1421 1844 1464 eorum
1866 1422 1988 1477 qua:
2015 1407 2158 1462 facta

593 1505 721 1554 sunt
750 1513 764 1550 :
795 1496 891 1552 sed
915 1497 1100 1565 Opinio
1127 1504 1282 1551 erant
1305 1497 1492 1552 omnia
1520 1497 1574 1552 in
1603 1512 1724 1568 quae
1750 1499 1992 1561 studium
2027 1513 2162 1552 con-

590 1586 853 1653 ferebam,
899 1594 954 1641 et
980 1589 1214 1656 impetus
1268 1587 1426 1643 liberi
1479 1588 1696 1642 arbitrii
1744 1597 1800 1643 et
1848 1588 2156 1644 electionis.

589 1676 785 1733 Omnia
812 1678 955 1731 enim
977 1679 1190 1734 vanitas
1225 1687 1282 1733 et
1328 1678 1642 1734 voluntaria
1670 1677 1868 1733 electio
1904 1679 2153 1747 spiritus.

2259 495 2352 549 διὰ
2401 495 2496 548 τοῦ
2548 496 2838 567 φαρμάκου
2895 497 2993 568 τὴν
3042 498 3346 569 ἀνατροπὴν
3399 506 3762 573 κατειργάσατο.

2264 587 2464 640 Τούτου
2520 587 2678 658 χάριν
2703 625 2721 651 ,
2765 587 2827 640 ού
2891 586 3050 658 μέχρι
3104 586 3262 658 κόρου
3295 589 3396 642 τῶν
3440 591 3562 661 πρὸς
3587 596 3761 664 τρυφήν

2266 675 2712 747 σπουδαζομένων
2733 677 2922 730 ἑαυτὸν
2945 678 3228 749 ἐμπλήσας
3249 679 3306 732 ἐν
3324 679 3400 750 τῷ
3417 681 3508 750 τῆς
3531 683 3769 752 ἐξαγορεύ-

2265 786 2402 833 σεως
2431 768 2634 839 ἐμέτῳ,
2667 768 2915 851 καθάπερ
2942 770 3083 832 τινὸς
3103 770 3413 842 δηλητηρίου
3438 774 3671 843 ποιότητα
3686 780 3768 850 τὴν

2263 858 2358 912 ἐπὶ
2410 861 2523 922 τοῖς
2564 858 2971 928 πεπραγμένοις
3005 857 3263 932 αἰσχύνην
3292 861 3578 932 σικχανθείς
3604 881 3660 916 τε
3694 869 3774 918 καὶ

2266 948 2650 1019 βδελυξάμενος
2673 987 2687 1012 ,
2723 950 2911 1017 ,μισεῖν
2956 946 3057 1018 βοᾷ
3089 931 3188 1019 τὴν
3230 948 3368 1018 ζωὴν
3387 931 3585 1022 ἐκείνην
3628 952 3773 1021 λέγων

2258 1046 2460 1099 οὑτωσὶ
2485 1045 2626 1098 κατὰ
2658 1045 2756 1115 τὴν
2787 1043 2952 1108 λέξιν,
2975 1043 3055 1096 ὅτι
3087 1061 3104 1093 ι
3129 1043 3236 1096 Καὶ
3261 1044 3488 1113 ἐμίσησα
3516 1045 3608 1115 τήν
3637 1045 3775 1118 ζωήν,

2263 1139 2344 1192 ὅτι
2381 1135 2612 1207 πονηρὸν
2640 1137 2728 1188 ἐπ’
2763 1135 2863 1205 ἐμὲ
2891 1134 2951 1186 τὸ
2989 1135 3199 1206 ποίημα
3228 1135 3288 1189 τὸ
3323 1138 3663 1207 πεποιημένον
3691 1141 3777 1193 ὑπὸ

2260 1228 2352 1280 τὸν
2394 1225 2563 1296 ἥλιον.
2606 1243 2624 1276 ι
2663 1225 2738 1278 Ob
2771 1224 2881 1296 γὰρ
2923 1225 3067 1296 ἄλλῳ
3097 1227 3226 1286 τινὶ,
3261 1228 3437 1297 φησὶν,
3465 1228 3569 1281 ἀλλ’
3590 1231 3778 1301 ἐμαυτῷ

2260 1319 2458 1388 γέγονα
2485 1317 2737 1388 πονηρὸς,
2761 1311 2842 1379 οἷς
2871 1315 3102 1385 ἐποίησα
3132 1316 3235 1368 ὑπὸ
3265 1317 3353 1368 τὸν
3384 1317 3548 1386 ἥλιον.
3580 1319 3779 1389 "Estque

2259 1409 2369 1479 γάρ
2401 1424 2492 1478 μοι
2523 1407 2630 1460 τῶν
2662 1405 2966 1475 γενομένων
2991 1405 3142 1457 οὐδέν
3164 1424 3176 1436 ·
3215 1405 3326 1459 ἀλλ’
3353 1408 3520 1476 οἴησις
3541 1403 3604 1477 ἦν
3634 1409 3783 1462 πάντα

2259 1499 2329 1552 τὰ
2373 1496 2781 1567 σπουδαζόμενα
2805 1536 2819 1560 ,
2870 1497 2964 1548 καὶ
2995 1497 3137 1566 ὁρμὴ
3177 1498 3559 1566 προαιρέσεως.
3590 1498 3663 1550 Τὰ
3693 1499 3784 1569 γὰρ

2259 1593 2435 1646 πάντα
2467 1590 2796 1662 ματαιότης,
2844 1589 2938 1642 καὶ
2973 1589 3288 1659 προαίρεσις
3319 1590 3626 1658 πνεύματος,
3654 1592 3785 1660 φησί.

2258 1684 2369 1738 Καὶ
2401 1682 2557 1744 ἄλλος
2586 1682 2733 1750 λέγει
2768 1680 2957 1750 μίσους
3001 1679 3157 1744 ἀξίαν
3195 1677 3335 1734 εἶναι
3366 1681 3461 1751 τὴν
3509 1675 3605 1734 ὧδε
3636 1697 3791 1733 σπου·-

587 1767 786 1837 inquit.
812 1766 878 1820 Et
905 1767 1041 1822 alter
1067 1769 1199 1822 dicit
1235 1767 1362 1823 odio
1389 1784 1512 1825 esse
1536 1768 1763 1840 dignum
1786 1769 1930 1838 quod
1957 1769 2012 1823 in
2039 1770 2147 1825 haec

2259 1772 2374 1843 δὴν,
2413 1773 2494 1826 ὅτι
2526 1772 2600 1842 μὴ
2633 1769 2808 1840 ἐαυτῷ
2848 1786 2952 1834 τις,
2990 1769 3125 1822 ἀλλὰ
3169 1769 3248 1840 τῷ
3291 1770 3406 1841 μεθ’
3437 1771 3614 1825 ἑαυτὸν
3642 1772 3788 1834 πονεῖ,

583 1858 868 1915 confertur
889 1859 1151 1927 studium,
1192 1862 1338 1931 quod
1377 1861 1649 1930 quispiam
1683 1875 1790 1915 non
1827 1859 1957 1926 sibi,
1985 1859 2080 1916 sed
2105 1861 2154 1916 ei

585 1949 681 2018 qui
705 1962 831 2019 post
853 1965 913 2005 se
945 1949 1164 2007 futurus
1185 1958 1289 2015 est,
1318 1951 1529 2005 laborat
1563 1950 1933 2019 quodcunque
1965 1950 2020 2004 in
2053 1950 2156 2006 bac

585 2045 700 2095 vita
729 2041 842 2096 acri
872 2041 1054 2096 studio
1086 2040 1345 2107 eﬁ'ecerit,
1371 2043 1609 2106 navalia,
1655 2050 1872 2113 portus,
1924 2043 2153 2111 praecla-

584 2147 677 2188 ras
697 2148 759 2187 ac
790 2133 1105 2204 magniﬁcas
1134 2136 1670 2204 propugnaculorum
1698 2143 1752 2190 et
1788 2135 2149 2190 aediﬁciorum

583 2229 918 2289 structuras,
942 2225 1232 2292 vestibula,
1262 2226 1401 2281 atria
1427 2234 1481 2282 et
1510 2235 1709 2293 turres,
1737 2227 1994 2297 pulchras
2028 2241 2154 2296 por.-

583 2314 748 2378 ticus,
782 2316 956 2370 moles
982 2324 1356 2386 assurgentes,
1394 2326 1450 2372 et
1485 2319 1580 2387 qui
1615 2318 1670 2371 in
1715 2317 1945 2373 colenda
2005 2327 2152 2372 terra

580 2406 967 2476 suscipiuntur
989 2407 1226 2472 labores.
1269 2423 1432 2464 omne
1462 2425 1638 2480 genus
1675 2423 1922 2475 nemora,
1956 2417 2148 2480 prata-

588 2511 699 2566 que
727 2499 1124 2567 ammnissima,
1173 2507 1228 2556 et
1260 2501 1466 2565 vineta,
1508 2517 1630 2571 quae
1678 2497 1965 2557 latitudine
2025 2506 2154 2557 sunt

583 2589 763 2646 instar
800 2591 990 2655 maris,
1047 2593 1184 2647 etsi
1239 2592 1371 2662 quid
1403 2593 1554 2648 aliud
1608 2593 1882 2664 ejusmodi
1939 2592 2156 2647 laborat

581 2679 898 2749 quicunque
937 2679 1288 2746 laboraverit,
1335 2679 1541 2736 fruitur
1569 2688 1752 2738 autem
1802 2680 1897 2752 qui
1932 2689 2056 2751 post
2085 2679 2152 2735 il-

580 2767 695 2826 lum
721 2769 887 2826 vitam
917 2772 1051 2842 agit.
1915 2767 1924 2773 ’

650 2857 924 2913 Incertum
957 2867 1043 2915 est
1071 2867 1256 2918 autem
1298 2875 1429 2915 num
1466 2860 1583 2914 vitii
1628 2859 1917 2915 materiam
1957 2859 2148 2928 copias

579 2954 638 3006 et
664 2963 796 3018 opes
830 2949 903 3006 sit
933 2949 1248 3008 eﬂ‘ecturus.
1300 2952 1424 3006 Non
1449 2961 1538 3006 est
1568 2953 1715 3008 enim
1754 2951 2148 3024 quorumlibet,

2261 1863 2396 1933 ὅπερ
2429 1862 2494 1916 ἂν
2519 1863 2578 1914 ὲν
2606 1863 2672 1931 τῇ
2718 1859 2829 1930 ζωῇ
2859 1858 3032 1931 ταύτῃ
3079 1860 3226 1913 κατὰ
3265 1860 3499 1930 σπουδὴν
3527 1862 3792 1930 ἐνεργήσας
3829 1863 3838 1875 ”

2262 1953 2434 2022 τύχοι,
2471 1951 2690 2022 νεώρια,
2727 1951 2970 2020 λιμένας,
3000 1953 3099 2016 τὰς
3142 1952 3404 2024 λαμπράς
3442 1969 3498 2004 τε
3538 1952 3626 2005 καὶ
3653 1953 3792 2004 πολυ-

2261 2043 2431 2106 τελεῖς
2471 2043 2577 2095 τῶν
2623 2041 2896 2108 ὲπάλξεών
2935 2059 2995 2094 τε
3042 2043 3134 2095 καί⁵
3176 2043 3618 2114 οἰκοδομημάτων
3656 2061 3796 2098 κατα-

2263 2134 2480 2196 σκευὰς,
2511 2133 2818 2203 προπύλαιά
2840 2149 2899 2185 τε
2928 2132 3021 2184 καὶ
3041 2131 3305 2203 πύργους,
3329 2135 3423 2187 καλ⁹
3446 2135 3610 2203 κάλλη
3632 2134 3795 2197 στοῶν,

2261 2221 2616 2294 ἁναστήματά
2644 2240 2736 2286 τε,
2769 2222 2865 2285 τάς
2899 2240 2958 2275 τε
3003 2224 3143 2276 κατὰ
3170 2224 3276 2294 γῆν
3323 2225 3598 2296 φιλεργίας
3620 2263 3635 2288 ,
3681 2224 3797 2292 ἄλση

2262 2311 2578 2366 παντοδαπὰ
2604 2351 2622 2378 ,
2675 2312 2768 2364 καὶ
2809 2310 3087 2381 λειμώνων
3119 2312 3294 2385 κάλλη
3320 2351 3335 2379 ,
3387 2316 3480 2367 καί
3507 2312 3798 2383 ἀμπελῶνας

2265 2404 2630 2473 μιμουμένους
2656 2402 2726 2456 τὰ
2763 2402 2972 2477 πελάγη
3001 2407 3112 2469 τοῖς
3139 2404 3391 2472 πλάτεσι,
3423 2407 3517 2459 καὶ
3547 2406 3597 2459 εί
3619 2422 3668 2457 τι
3694 2402 3800 2458 ἄλλο

2258 2491 2496 2545 τοιοῦτον
2527 2494 2678 2546 πονεῖ
2717 2494 2814 2563 μὲν
2843 2495 3012 2564 ὅσπερ
3049 2494 3114 2548 ἂν
3153 2495 3298 2567 τύχῃ
3331 2498 3587 2567 πονήσας,
3617 2495 3802 2564 μετέχει

2257 2581 2316 2636 δὲ
2345 2584 2373 2637 ὁ
2406 2581 2523 2654 μετ’
2551 2584 2758 2638 ἐκεῖνον
2790 2583 3073 2655 ἐπιδημῶν
3104 2584 3185 2654 τῷ
3218 2585 3336 2656 βίῳ.

2326 2855 2551 2927 Ἄδηλον
2593 2857 2651 2909 δὲ
2699 2858 2747 2908 εί
2803 2857 2876 2928 μὴ
2921 2858 3119 2922 κακίας
3174 2858 3315 2929 ὓλην
3365 2860 3466 2930 τὴν
3521 2857 3810 2928 περιουσίαν

2251 2944 2566 3016 ποιήσηται.
2617 2945 2690 2998 Οὐ
2722 2946 2831 3017 γὰρ
2875 2947 3090 3000 πάντων
3123 2948 3247 3001 ἐστὶ
3274 2950 3338 3002 τὸ
3372 2947 3621 3016 γνώσεως
3647 2947 3806 2999 ἕνεκεν

580 3039 917 3109 cognitionis
943 3054 1111 3095 causa
1142 3041 1433 3098 demittere
1476 3056 1697 3097 sensum
1728 3044 1797 3098 ad
1837 3041 2145 3097 faciendum

2249 3036 2330 3098 είς
2358 3034 2455 3106 τὴν
2485 3035 2592 3089 τῶν
2628 3037 2881 3090 τοιούτων
2930 3041 3123 3109 πεῖραν
3158 3039 3411 3094 καθεῖναι
3439 3041 3538 3111 τὴν
3562 3038 3808 3105 αἴσθησιν.

555 3091 786 3183 una;
802 3091 2144 3201 ea...assam;ausaausa;ait};

2253 3091 2431 3195 Ὅπερ
2472 3124 2602 3194 ἐγὼ,
2632 3127 2816 3198 φησὶν,
2848 3127 2951 3181 ὑπὸ
2985 3091 3180 3198 σοφίας
3217 3091 3520 3200 πεποίηκέ.
3570 3091 3714 3182 Κατ’.
3736 3124 3812 3189 ἐξ·

579 3214 689 3270 feci
750 3215 824 3272 ob
883 3215 1230 3285 sapientiam.
1287 3215 1426 3272 Cum
1481 3219 1732 3274 sivissem
1784 3219 1930 3274 enim
1977 3218 2149 3274 veluti

580 3302 869 3372 quemdam
907 3305 1136 3373 pullum,
1191 3315 1402 3362 natura:
1453 3308 1839 3379 appetitionem
1879 3308 2053 3364 libere
2091 3309 2147 3362 in

579 3393 932 3452 inferioribus
987 3411 1282 3466 parumper
1336 3399 1614 3458 exsultare
1649 3399 1820 3454 animi
1880 3400 2144 3466 motibus,

578 3497 700 3539 eam
731 3497 924 3538 rursus
955 3485 1196 3554 repressi
1225 3484 1456 3542 habenis
1503 3486 1759 3552 rationis,
1791 3494 1847 3546 et
1875 3487 1998 3557 ejus
2018 3488 2148 3544 sub-

574 3571 682 3642 ieci
720 3573 992 3644 potestati.
1053 3573 1210 3641 Quis.
1260 3576 1465 3646 inquit,
1514 3577 1618 3633 scit
1667 3593 1740 3634 an
1793 3578 1888 3634 ille
1924 3595 2146 3650 quoque

577 3665 672 3737 qui
703 3676 825 3737 post
862 3681 963 3724 nos
995 3667 1049 3722 in
1083 3667 1170 3723 bis
1205 3667 1388 3738 fuerit,
1436 3671 1704 3742 voluptati
1739 3672 2051 3742 imperabit,
2090 3679 2146 3729 et

577 3771 686 3813 non
732 3758 850 3827 ipse
880 3759 1064 3827 potius
1104 3759 1327 3825 serviet,
1389 3761 1556 3817 veluti
1602 3762 1879 3832 quoddam
1934 3763 2145 3820 manci-

575 3849 751 3919 pium,
787 3849 1080 3919 voluptatis
1101 3852 1359 3920 potestati
1393 3868 1455 3908 se
1480 3853 1845 3910 submittens?
1879 3853 2144 3924 Propter-

574 3955 663 4005 ea,
703 3939 903 4011 inquit,
937 3957 1037 4012 ego
1064 3943 1383 4000 universum
1419 3945 1666 4001 laborem
1690 3962 1870 4006 meum
1889 3946 2018 4001 odio
2045 3946 2144 4000 ha-

575 4032 691 4095 bui,
730 4049 890 4102 quem
919 4034 1106 4090 laboro
1135 4036 1239 4091 sub
1271 4037 1390 4094 sole
1427 4037 1723 4108 :quoniam
1770 4053 1894 4094 eum
1922 4037 2140 4098 dimitto

575 4121 784 4179 homini
813 4125 906 4194 qui
956 4134 1079 4195 post
1121 4141 1208 4182 me
1249 4136 1413 4183 natus
1449 4136 1552 4186 est.
1619 4127 1752 4194 Quis
1795 4138 1976 4184 autem
2037 4127 2142 4183 scit

575 4213 866 4282 sapiensne
899 4215 1003 4268 erit
1030 4230 1098 4269 an
1147 4217 1371 4284 stultus,
1415 4224 1470 4272 et
1503 4230 1571 4271 an
1619 4224 1943 4286 potestatem
1979 4231 2139 4270 exer-

572 4301 718 4359 cebit
740 4304 796 4358 in
831 4305 981 4361 omni
1022 4305 1210 4362 labore
1245 4321 1365 4362 meo
1397 4322 1560 4377 quem
1603 4307 1869 4371 laboravi,
1921 4316 1975 4362 et
2018 4322 2137 4364 mea

2248 3216 2454 3282 ουσίαν,
2486 3211 2594 3270 οἷόν
2623 3235 2742 3269 τινα
2787 3217 2986 3284 πῶλον,
3028 3221 3126 3291 τὴν
3157 3223 3262 3293 τῆς
3293 3221 3512 3292 φύσεως
3541 3219 3704 3292 ὁρμὴν
3738 3233 3814 3286 μι-

2248 3305 2377 3378 κρὸν
2425 3306 2582 3376 ἀφεὶς
2629 3309 3014 3380 ἐπισκιρτῆσαι
3061 3314 3180 3375 τοῖς
3224 3312 3384 3366 κάτω
3424 3311 3638 3370 πάθεσι,
3669 3307 3810 3360 πάλιν

2242 3397 2601 3468 ἁνεστόμωσα
2652 3402 2717 3471 τῇ
2771 3401 2864 3454 τοῦ
2912 3403 3178 3474 λογισμοῦ
3231 3405 3387 3476 ἡνίᾳ,
3423 3403 3520 3458 καὶ
3552 3406 3616 3475 τῇ
3645 3400 3812 3454 τούτου

2247 3487 2466 3560 ἐξουσίᾳ
2517 3491 2816 3561 ὑπήγαγον.
2848 3492 2945 3556 Τίς
2988 3490 3118 3559 οἶδε,
3158 3496 3354 3566 φησιν,
3387 3497 3437 3547 εί
3467 3496 3706 3554 κάκεῖνος
3734 3492 3812 3542 ὃσ-

2243 3598 2327 3646 τις
2351 3582 2480 3635 ποτὲ
2515 3583 2632 3652 μεθ’
2656 3585 2800 3654 ἡμᾶς
2835 3587 2892 3638 ὲν
2925 3585 3134 3650 τούτοις
3168 3588 3496 3658 γενόμενος,
3537 3584 3815 3652 ὲξουσιὰσξι

2241 3671 2344 3742 τῆς
2394 3673 2764 3738 ἀπολαύσεως.
2816 3675 2910 3729 καὶ
2950 3677 3053 3730 οὐκ
3113 3679 3310 3743 αὐτοῖς
3370 3680 3574 3750 μᾶλλον
3620 3693 3814 3746 κυριευο

2243 3762 2489 3835 θήσεται,
2515 3760 2624 3820 οἷόν
2662 3784 2715 3819 τι
2744 3766 3071 3838 ἀνδράποδον
3098 3772 3164 3840 τῇ
3199 3770 3504 3842 δυναστείᾳ
3527 3772 3622 3841 τῆς
3645 3766 3814 3840 ἡδονῆς

2243 3853 2557 3926 ὑποκύψαςς
2591 3859 2691 3912 Διὰ
2708 3857 2886 3923 τοῦτο,
2916 3861 3099 3931 φησὶν,
3123 3861 3381 3933 ἐμίσησα
3409 3862 3524 3931 ἐγὼ
3549 3862 3816 3931 σύμπαντα

2239 3944 2331 4000 τὸν
2365 3947 2560 4018 μόχθον
2595 3965 2695 4019 μου
2742 3950 2801 4003 ὃν
2851 3949 2963 4018 ἐγὼ
3009 3951 3198 4023 μοχθῶ
3251 3955 3364 4008 ὑπὸ
3405 3955 3499 4009 τὸν
3527 3953 3700 4023 ἥλιον·
3744 3950 3814 4002 ὅτι

2241 4040 2386 4108 ἁφίω
2414 4043 2576 4095 αὐτὸν
2601 4042 2676 4112 τῷ
2703 4043 2974 4116 ἀνθρώπῳ
2992 4045 3070 4116 τῷ
3097 4049 3394 4120 γενομένῳ
3425 4051 3547 4102 κατ’
3581 4047 3696 4117 ὲμέ.
3718 4044 3815 4098 Καὶ

2238 4129 2322 4198 τίς
2349 4126 2509 4196 οἶδεν,
2553 4135 2601 4186 εί
2633 4134 2795 4203 σοφὸς
2825 4134 3048 4207 ἔσταιῆ
3095 4139 3330 4211 ἄφρων,
3379 4143 3479 4195 καὶ
3507 4143 3557 4194 εἰ
3587 4135 3806 4207 ἐξουσιά-

2237 4237 2393 4275 σεται
2419 4224 2478 4274 ὲν
2509 4224 2670 4276 παντὶ
2698 4225 2880 4296 μόχθῳ
2909 4244 3012 4296 μου
3039 4221 3085 4295 ᾧ
3111 4231 3414 4302 ὲμόχθησα
3455 4232 3551 4286 καὶ
3579 4227 3809 4296 ἐσοφισά-

2242 4329 2350 4387 μην
2374 4315 2480 4367 ὑπὸ
2503 4314 2593 4368 τὸν
2621 4315 2802 4386 ἥλιον;
2833 4317 3047 4390 Ταύτην
3070 4321 3180 4392 γὰρ
3203 4318 3370 4392 οἶμαι
3395 4322 3493 4375 τοῦ
3526 4320 3684 4395 ρητοῦ
3705 4316 3810 4372 τού-

573 4394 842 4451 industria
873 4397 1181 4466 excogitavi
1211 4398 1315 4453 sub
1337 4397 1487 4452 sole?
1537 4396 1802 4456 Existimo
1839 4398 1984 4455 enim
2015 4413 2137 4454 esse

2247 4421 2332 4458 του
2355 4401 2503 4472 εἶναι
2543 4406 2641 4478 τὴν
2673 4407 2900 4475 ἔννοιαν,
2943 4411 3006 4462 τὸ
3035 4411 3109 4480 μὴ
3149 4413 3327 4466 πάθει
3371 4415 3543 4468 αὐτὸν
3579 4413 3708 4483 πρὸς
3736 4410 3811 4460 τὸν

570 4485 719 4540 hunc
756 4503 978 4543 sensum
1013 4489 1179 4558 hujus
1213 4489 1366 4554 dicti,
1417 4493 1562 4560 quod
1605 4505 1714 4544 non
1751 4490 1936 4560 aliqua
1967 4489 2137 4545 animi

568 4578 980 4647 perturbatione
1004 4580 1262 4650 delapsus
1289 4581 1360 4636 sit
1408 4581 1478 4637 ad
1504 4583 1645 4636 hanc
1676 4583 1842 4636 vitam
1890 4583 2139 4652 volupta-

568 4669 730 4735 riam,
793 4670 890 4726 sed
921 4671 988 4725 ad
1016 4686 1136 4726 eam
1165 4673 1379 4727 venerit
1406 4673 1642 4742 quadam
1677 4674 1892 4728 ratione
1930 4674 2139 4742 sapien-

568 4762 676 4824 tiae,
738 4768 796 4815 ut
843 4762 940 4829 qui
1003 4763 1052 4816 ei
1098 4764 1380 4831 imperans
1429 4762 1549 4831 ejus
1613 4762 1778 4819 fuerit
1834 4765 2132 4834 particeps,

566 4864 676 4906 non
707 4859 887 4906 autem
923 4866 1119 4921 parens
1147 4852 1265 4920 ejus
1289 4853 1534 4920 imperio.
1565 4852 1700 4919 Quis
1727 4869 1858 4924 ergo
1889 4856 2013 4916 scit.
2051 4854 2139 4908 in-

565 4943 708 5013 quit,
738 4957 807 4997 an
834 4944 928 5013 qui
965 4949 1094 5016 post
1115 4959 1200 4998 mc
1232 4952 1318 5000 est
1348 4943 1590 5013 futurus,
1620 4961 1808 5001 eorum
1838 4963 1946 5001 non
1982 4960 2139 5016 pare-

563 5035 644 5092 bit
681 5035 937 5105 imperio,
987 5052 1108 5105 quae
1155 5052 1255 5108 ego
1306 5037 1548 5093 laboravi
1588 5053 1698 5094 non
1746 5054 1842 5108 per
1890 5039 2132 5109 aliquam

564 5127 731 5182 animi
756 5128 1241 5198 perturbationem,
1268 5131 1360 5186 sed
1387 5145 1482 5198 per
1508 5131 1828 5200 sapientiam
1852 5130 1874 5183 ?
1901 5133 2006 5185 Per
2031 5130 2134 5185 hoc

562 5219 708 5276 enim
753 5221 900 5290 quod
934 5221 1173 5278 laborem
1220 5222 1790 5289 nominavit,delicias
1836 5221 2130 5292 significat,

561 5313 708 5383 quod
751 5329 845 5382 per
875 5315 1009 5377 vim,
1051 5314 1214 5369 veluti
1251 5314 1524 5384 quoddam
1564 5314 1783 5370 difﬁcile
1831 5321 2128 5378 Certamen,

561 5402 782 5458 admisit
806 5384 1102 5473 voluptatis
1123 5406 1616 5476 participationem
1645 5404 1711 5460 Et
1737 5406 1840 5460 hoc
1867 5420 2019 5475 ergo,
2055 5405 2132 5462 in-

558 5495 700 5567 quit,
731 5497 787 5551 in
825 5497 981 5553 vanis
1010 5508 1345 5554 numeretur.
1375 5498 1546 5554 Porro
1573 5509 1756 5554 autem
1797 5499 1960 5553 alicui
1995 5513 2132 5568 quo-

556 5602 668 5657 que
697 5589 788 5644 alii
819 5604 887 5643 cx
931 5588 1017 5645 his
1046 5605 1165 5660 qua:
1214 5589 1302 5646 hic
1328 5598 1479 5652 sunt,
1525 5588 1659 5644 dicit
1702 5589 1940 5646 animam
1971 5604 2124 5644 suam

560 5681 937 5745 rcuunciasse,
965 5690 1017 5738 ct
1041 5683 1290 5738 oratione
1316 5682 1366 5738 id
1389 5681 1534 5752 quod
1565 5682 1666 5738 sibi
1692 5683 1807 5736 vult
1825 5681 2116 5752 signiﬁcat.

2237 4495 2638 4551 ἀπολαυστικὸν
2668 4499 2780 4568 βίον
2811 4501 3225 4571 κατολισθῆσαι,
3263 4505 3414 4558 ἀλλὰ
3445 4522 3553 4560 τινι
3580 4504 3712 4572 λόγῳ
3735 4515 3808 4550 σο-

2239 4587 2366 4658 φίας
2411 4589 2506 4642 ἐπὶ
2543 4588 2700 4643 τοῦτο
2748 4591 2940 4658 ἐλθεῖν,
2981 4593 3040 4647 ἐν
3087 4595 3320 4668 ἐξουσίᾳ
3369 4599 3694 4668 ποιούμενον
3728 4593 3809 4660 τὴν

2242 4679 2550 4749 μετουσίαν,
2575 4683 2667 4735 καὶ
2694 4683 2794 4736 οὐκ
2826 4684 2985 4739 αὑτὸν
3017 4685 3121 4738 ὑπὸ
3147 4688 3253 4756 τῆς
3279 4688 3610 4752 δυναστείας
3633 4686 3806 4753 ταύτης

2237 4773 2765 4842 κατακρατούμενον.
2813 4775 2908 4838 Τίς
2959 4773 3050 4830 οὖν
3096 4774 3231 4846 οἶδε,
3270 4783 3472 4851 φησιν,
3508 4785 3558 4834 εἰ
3591 4781 3661 4852 μὴ
3687 4779 3811 4842 ἔξω

2239 4859 2592 4930 σιασθήσεται
2645 4864 2750 4916 ὑπὸ
2797 4865 3000 4919 τούτων
3043 4871 3072 4920 ὁ
3108 4871 3232 4939 μετ’
3271 4874 3418 4942 ἐμὲ,
3466 4875 3610 4944 ἅπερ
3639 4872 3697 4924 οὑ
3735 4867 3809 4920 διὰ

2236 4950 2442 5015 πάθους
2477 4952 2607 5020 ἐγὼ,
2637 4955 2772 5009 ἀλλὰ
2800 4957 2902 5010 ὑπὸ
2936 4959 3125 5027 σοφίας
3156 4963 3494 5036 ἐμόχθησας
3542 4964 3699 5035 Δηλοῖ
3721 4959 3810 5027 γὰρ

2231 5042 2318 5096 διὰ
2341 5043 2434 5097 τοῦ
2463 5045 2658 5115 μόχθου
2678 5048 2941 5117 ὀνομάσαι
2963 5051 3060 5122 τὴν
3082 5055 3327 5124 τρυφὴν,
3352 5057 3438 5109 ὃτι
3459 5054 3809 5126 βεϐιασμένως

2233 5128 2344 5190 οἷον
2392 5151 2514 5188 τινα
2559 5137 3059 5207 δυσκαταγώνιστον
3109 5139 3288 5197 ἆθλον
3338 5146 3446 5217 τῆς
3494 5147 3683 5218 ἡδονῆς
3726 5144 3809 5211 τὴν

2235 5227 2525 5297 μετουσίαν
2549 5230 2882 5301 προσήκατο.
2912 5233 3019 5284 Καὶ
3047 5232 3205 5286 τοῦτο
3240 5231 3365 5299 οὖν,
3405 5239 3594 5308 φησιν,
3631 5238 3687 5288 ὲν
3712 5233 3808 5288 τοῖς

2235 5319 2483 5388 ματαίοις
2518 5322 2980 5391 καταριθμεῖσθω.
3008 5325 3118 5378 Καὶ
3139 5325 3297 5398 ἄλλῳ
3318 5329 3381 5382 δέ
3409 5348 3518 5384 τινι
3552 5327 3697 5396 λέγει
3715 5322 3808 5377 τῶν

2229 5401 2351 5473 ὦδε,
2385 5409 2482 5480 τὴν
2515 5409 2708 5464 ἑαυτοῦ
2733 5411 2907 5484 ψυχὴν
2937 5415 3336 5487 ἀποτετὰχθαι,
3368 5421 3467 5473 καὶ
3500 5418 3720 5487 φανεροῖ
3740 5410 3809 5479 τῷ

2229 5501 2413 5572 λογῳό
2433 5502 2696 5571 βούλεται.
2715 5504 3072 5577 Διαϐέεληται
3093 5507 3202 5579 γὰρ
3230 5510 3378 5580 πρὸς
3409 5511 3506 5564 τὸν
3531 5509 3633 5580 τῆς
3661 5503 3810 5578 ὀρθῆς

2229 5589 2458 5659 κρίσεως
2490 5592 2886 5663 ἁμαρτάνοντα,
2919 5595 3001 5648 ὃτι
3029 5596 3245 5665 βλέπων
3279 5601 3496 5670 ἐναργῆ
3527 5599 3634 5652 τῶν
3665 5599 3808 5650 ἐναν-

2228 5680 2355 5736 τίων
2385 5681 2513 5750 βίων
2545 5683 2638 5754 τὴν
2669 5685 2951 5757 διαφορὰν,
2977 5687 3032 5754 ἐξ
3070 5682 3142 5745 ὧν
3167 5690 3198 5740 ὁ
3384 5693 3518 5762 περὶ
3549 5689 3645 5761 τὴν
3687 5686 3802 5756 ἁρε-
