4018 6334
236 339 320 394 593
1279 341 1347 397 IN
1385 345 1926 406 ECCLESIASTEN.
1970 349 2250 407 llOMlLlA
2275 349 2337 406 ν.

3327 361 3436 420 694

234 453 312 522 τὴν
336 447 486 510 πονεῖ,
511 445 599 500 καὶ
627 444 763 518 πρὸς
785 446 938 502 οὐδὲν
970 449 1309 520 ἀνθρώπινον
1338 451 1435 524 τὴν
1465 454 1760 527 ἐπιθυμίαν

1863 458 2214 514 lnsimulatus
2243 459 2387 514 enim
2423 459 2524 514 fuit
2557 461 2700 531 apud
2727 477 2853 518 eum
2885 465 2980 535 qui
3023 481 3053 520 a
3087 477 3237 523 recto
3272 471 3432 526 διιπ-
3482 536 3485 538 _

231 543 440 607 κατάγει,
485 541 512 591 ό
554 537 608 590 δὲ
635 539 844 610 ἕτερος,
886 540 1027 594 κατά
1069 543 1130 594 τὸ
1171 540 1428 613 ἔμπαλιν,
1466 545 1627 599 πόνον
1663 547 1762 616 μέν

230 647 328 684 τινα
351 629 446 682 τῶν
473 628 735 700 ὲναρέτων
762 629 860 700 οὐχ
893 630 1188 702 ὑπομένει,
1224 633 1405 702 μόνοις
1432 634 1489 686 δὲ
1519 639 1636 700 τοῖς
1663 654 1766 690 σω-

227 724 440 792 ματικοῖς
461 720 673 792 μόχθοις
696 723 1166 794 ὲγκατατρὶϐεται.
1204 725 1372 779 Ὅταν
1401 722 1494 780 οῦν
1520 745 1603 792 τις
1625 729 1764 798 πρὸς

225 812 380 866 τοῦτον
411 813 543 883 φέρῃ
581 812 674 866 τοῦ
709 813 875 867 καλοῦ
920 813 1018 886 τὴν
1066 815 1262 886 ψῆφον,
1303 818 1560 889 παρορῶν
1583 818 1673 872 τὸν
1705 821 1764 874 ὲν

221 908 273 974 τῇ
308 903 455 975 σοφίᾳ
485 903 804 976 προέχοντα,
854 906 915 961 οὐ
973 907 1131 976 μόνον
1183 909 1439 978 ματαίαν,
1483 910 1620 965 ἀλλά
1669 910 1764 964 καὶ

223 996 430 1065 πονηρὰν
465 996 561 1067 τὴν
587 996 773 1050 ἄδικον
800 996 1004 1069 ταύτην
1037 999 1390 1068 ἀποφαίνεται
1447 1001 1646 1072 κρίσιν.
1669 1002 1765 1056 Λέ-

221 1104 287 1155 γει
308 1086 356 1139 δὲ
380 1090 488 1150 τοῖς
515 1089 758 1158 ῥήμασιν
775 1087 968 1152 οὔτωςο
992 1108 1010 1141 ι
1034 1089 1143 1143 Καὶ
1169 1091 1498 1162 ἐπέστρεψα,
1530 1113 1549 1145 ι
1576 1094 1760 1164 φησὶν,

224 1177 348 1245 «ἐγὼ
374 1178 463 1231 τοῦ
480 1179 850 1245 ἀποτάξασθαι
878 1179 974 1251 τὴν
991 1181 1214 1253 καρδίαν
1238 1200 1337 1253 μου
1370 1183 1503 1254 πρὸς
1527 1183 1604 1254 τῷ
1618 1185 1763 1257 ἄλλῳ

219 1268 391 1339 μόχθῳ,
499 1269 780 1339 ὲμόχθησα
825 1271 929 1324 ὑπὸ
961 1272 1050 1325 τὸν
1079 1271 1250 1344 ἥλιον.
1287 1293 1305 1326 ι
1339 1275 1404 1327 Τί
1440 1271 1530 1328 οῦν
1559 1276 1705 1330 ἐστιν
1731 1277 1760 1330 ὃ

216 1361 579 1432 ἁπεταξάμηνς
612 1364 732 1415 Ὅτι
761 1364 907 1417 ἔστιν
937 1365 1238 1433 ἄνθρωπος,
1264 1366 1346 1421 ὅτι
1375 1368 1571 1438 μόχθος
1595 1369 1758 1423 αὐτοῦ

214 1455 259 1505 ἐν
282 1454 426 1524 cogi;
449 1454 546 1507 καὶ
577 1457 635 1508 ὲν
659 1454 857 1523 γνώσει
888 1458 980 1510 καὶ
1008 1459 1065 1511 ὲν
1090 1459 1331 1532 ἀνδρείᾳ,
1365 1461 1458 1514 καὶ
1482 1461 1639 1526 ἀλλος
1663 1463 1758 1516 ἄν-

213 1545 394 1615 θρωπος
423 1547 581 1599 οὐδὲν
609 1549 665 1600 ἐν
690 1551 802 1612 τοῖς
833 1549 1089 1614 τοιούτοις
1122 1552 1380 1623 πονήσας.
1407 1553 1533 1616 Πῶς
1562 1549 1655 1606 οῦν
1677 1571 1760 1618 τις

210 1636 290 1704 τὴν
317 1636 500 1706 μερίδα
527 1641 631 1708 τῆς
658 1641 1038 1710 προτιμήσεως
1066 1640 1142 1710 τῷ
1170 1642 1394 1713 τοιούτῳ
1426 1643 1756 1714 προσθήσει;

209 1726 296 1777 Καὶ
335 1725 619 1796 ἄνθρωπός
659 1729 786 1798 γὰρ,
834 1729 1021 1800 φησιν,
1069 1723 1113 1798 ᾧ
1158 1730 1456 1801 ὲμόχθησεν
1497 1734 1554 1786 ὲν
1588 1732 1755 1802 αύτῷ,

1867 559 1953 604 rat
1975 550 2207 620 judicio,
2234 550 2380 620 quod
2406 565 2530 605 cum
2563 552 2768 608 videret
2791 556 3095 613 evidentem
3128 564 3430 618 contrario-

1865 657 1987 696 rum
2027 643 2152 697 vitae
2184 657 2439 712 generum
2467 641 2848 712 differentiam,
2882 662 2947 702 ex
2978 650 3426 718 quibusalterum

1865 735 2086 806 quidem
2122 740 2370 790 versatur
2396 735 2452 788 in
2483 735 2704 804 virtute,
2756 744 2810 792 et
2841 737 2908 792 ad
2939 740 3142 794 nullam
3172 757 3284 797 rem
3323 745 3429 799 hu-

1866 840 2081 880 manam
2122 825 2344 880 adducit
2374 825 2727 895 cupiditatem
2755 845 2770 882 :
2805 827 3036 882 alterum
3083 845 3213 885 vero
3241 841 3428 888 contra

1865 930 1976 968 non
2024 917 2258 970 sustinet
2291 914 2509 984 quidem
2559 915 2728 968 ullum
2783 916 3021 971 laborem
3071 932 3261 972 eorum
3309 936 3430 990 qua:

1863 1014 2130 1076 geruntur
2162 1022 2226 1060 ex
2261 1007 2495 1060 virtute:
2536 1014 2788 1060 versatur
2813 1015 2996 1062 autem
3030 1008 3084 1062 in
3120 1010 3254 1064 solis
3279 1011 3430 1064 labe-

1863 1095 2018 1150 ribus
2049 1095 2116 1149 ad
2142 1110 2344 1165 corpus
2373 1095 2790 1166 pertinentibus.
2826 1096 2961 1151 Cum
2993 1098 3269 1168 quispiam
3299 1114 3429 1170 ergo

1863 1185 1912 1238 ei
1958 1184 2086 1239 boni
2139 1193 2193 1240 et
2241 1185 2456 1240 honesti
2484 1185 2576 1238 dat
2612 1185 2909 1250 calculum,
2959 1202 3085 1242 eum
3124 1189 3429 1258 despiciens

1863 1275 1956 1345 qui
2013 1275 2292 1330 antecellit
2341 1275 2632 1345 sapientia,
2691 1292 2800 1331 non
2851 1279 3027 1332 solum
3063 1293 3278 1346 vanam,
3331 1282 3427 1336 sed

1862 1367 2024 1420 etiam
2061 1365 2362 1435 improbam
2395 1366 2536 1420 hanc
2563 1366 2822 1436 injustam
2857 1370 3173 1438 pronuntiat
3207 1377 3428 1426 senten-

1862 1458 2014 1510 tiam.
2063 1455 2204 1510 Dicit
2255 1463 2434 1512 autem
2487 1458 2573 1513 his
2616 1459 2796 1513 verbis
2827 1477 2840 1512 :
2875 1477 2893 1510 ι
2916 1459 2980 1513 Et
3001 1460 3267 1525 converti,
3290 1479 3308 1512 ι
3343 1461 3426 1514 in-

1859 1547 1996 1616 quit,
2037 1564 2055 1596 ι
2100 1561 2200 1618 ego
2235 1562 2332 1601 cor
2375 1563 2578 1613 meum,
2618 1558 2678 1601 ut
2719 1550 3059 1604 renuntiaret
3105 1550 3198 1604 alii
3231 1551 3426 1612 labori,

1859 1652 2018 1707 quem
2063 1638 2308 1692 laboravi
2378 1639 2482 1694 sub
2539 1641 2672 1694 sole.
2721 1660 2739 1691 ι
2794 1639 2931 1706 Quid
2983 1650 3066 1696 est
3111 1657 3240 1712 ergo
3283 1643 3428 1711 quod

1819 1728 2208 1782 'renuntiavi?
2269 1728 2364 1784 Est
2407 1731 2602 1796 homo,
2663 1731 2821 1800 cujus
2874 1732 3027 1786 labor
3083 1742 3167 1786 est
3221 1733 3276 1786 in
3339 1747 3428 1788 sa-

208 1815 437 1878 τουτὲστι,
489 1815 576 1885 τῷ
620 1815 732 1885 βίον
775 1817 1102 1889 μοχθήσαντι
1152 1819 1209 1872 ὲν
1256 1819 1333 1889 τῷ
1365 1817 1576 1890 ἀγαθῷ,
1598 1819 1756 1873 δώσει

1863 1820 2059 1890 pientia
2104 1831 2158 1876 et
2205 1822 2516 1892 cognitione
2556 1830 2612 1876 et
2661 1822 2863 1878 excelsi
2904 1823 3070 1878 animi
3107 1826 3331 1892 virtute,
3371 1833 3428 1880 et

207 1904 327 1973 αὐτῷ
369 1906 570 1976 μερίδα
599 1907 784 1975 αὐτοῦ,
832 1907 952 1961 ἀντὶ
991 1907 1106 1971 τοῦ,
1134 1910 1189 1961 ὲν
1238 1909 1442 1978 ἀγαθοῦ
1475 1909 1637 1981 μοίρᾳ
1666 1910 1757 1966 τὸν

206 1995 411 2048 τοιοῦτον
491 1996 616 2067 βίον
668 1998 931 2070 ὁρίσεται.
993 1999 1152 2052 ’Δλλά
1221 2000 1518 2070 ματαιότης
1544 2043 1558 2068 ,
1602 2001 1756 2072 φησὶ,

205 2086 334 2138 τοῦτο
362 2087 452 2140 καὶ
481 2089 723 2157 πονηρία
746 2088 975 2159 μεγάλη.
1008 2089 1130 2152 Πῶς
1158 2089 1264 2160 γὰρ
1296 2091 1396 2142 ούκ
1421 2090 1566 2144 ἔστιν
1595 2108 1760 2162 πονη-

211 2178 280 2248 ρία
309 2179 508 2250 μεγάλη
536 2221 557 2245 ,
593 2181 719 2233 ὅταν
757 2179 999 2253 γινώσκῃ
1042 2181 1138 2251 τὴν
1184 2181 1507 2251 ὲγκειμένην
1551 2179 1629 2251 τῷ
1663 2182 1757 2235 ἀν-

210 2268 380 2340 θρώπῳ
408 2274 544 2343 περὶ
581 2274 707 2336 τοὺς
737 2271 964 2343 μόχθους
1001 2272 1233 2343 σπουδὴν
1265 2276 1357 2326 καὶ
1398 2272 1756 2343 προαίρεσιν;

208 2361 349 2415 Τοῦτο
378 2363 484 2434 γάρ
513 2365 671 2416 ἐστιν
707 2367 764 2417 ὲν
791 2359 870 2428 οἷς
899 2383 1079 2435 φησιν,
1111 2365 1192 2418 ὅτι
1234 2364 1494 2419 Γινώσκει
1540 2367 1616 2436 τῷ
1663 2368 1758 2420 ἀν-

206 2452 394 2526 θρώπῳ,
425 2458 483 2509 ὲν
515 2456 689 2508 παντὶ
714 2455 897 2526 μόχθῳ
921 2456 1108 2522 αὑτοῦ,
1142 2459 1234 2510 καὶ
1263 2460 1318 2509 ὲν
1347 2460 1414 2528 τῇ
1446 2458 1756 2528 προαιρέσει

201 2545 395 2615 καρδίας
427 2545 632 2610 αὐτοῦ,
659 2537 702 2613 ᾧ
732 2546 891 2608 αὐτὸς
919 2545 1108 2617 μοχθεῖ
1131 2547 1234 2600 ὑπὸ
1263 2547 1354 2600 τὸν
1381 2547 1549 2618 ἥλιον.
1581 2549 1645 2601 Τί
1665 2545 1758 2602 οῦν

200 2636 323 2689 ἐστιν
347 2636 376 2689 ὃ
403 2637 706 2706 γινώσκεις
749 2639 870 2691 Ὅτι
904 2639 1094 2704 πᾶσαι,
1126 2640 1310 2708 φησὶν,
1341 2639 1397 2693 αί
1422 2639 1622 2710 ἡμέραι
1658 2640 1758 2692 αὐ-

199 2726 276 2779 τοῦ
300 2729 655 2799 ἀλγημάτων,
681 2729 773 2781 καὶ
808 2730 981 2798 θυμοῦ
1013 2729 1393 2800 περισπασμὸς
1417 2729 1602 2797 αὐτοῦ.
1649 2729 1758 2783 Καί

201 2836 251 2886 γε
275 2823 326 2874 ἐν
349 2824 501 2876 νυκτὶ
523 2822 598 2875 ού
624 2823 882 2892 κοιμᾶται
906 2824 938 2893 ἡ
963 2822 1157 2892 καρδία
1178 2822 1363 2876 αὐτοῦ.
1399 2821 1490 2892 Τῷ
1518 2822 1630 2875 ὄντι
1651 2821 1758 2892 γὰρ

200 2915 289 2976 τοῖς
315 2915 387 2977 εἰς
412 2913 503 2967 τὸν
533 2913 850 2985 πειρασμὸν
874 2913 1060 2966 τοῦτον
1092 2913 1189 2985 τὴν
1218 2911 1394 2983 ψυχὴν
1420 2911 1756 2983 ἀσχολοῦσιν,

199 3003 412 3076 ἑπαλγὴς
459 3007 575 3076 μὲν
615 3007 649 3075 ἡ
692 3004 836 3074 ζωὴ,
882 2998 992 3056 οἷόν
1041 3021 1152 3056 τισι
1198 3002 1442 3073 κέντροις
1489 3005 1608 3064 ταῖς
1649 3001 1759 3054 τῶν

199 3095 430 3168 πλειόνων
459 3094 792 3165 ἐπιθυμίαις
830 3095 926 3165 τὴν
984 3093 1208 3166 καρδίαν
1253 3094 1581 3164 μαστίζουσα
1605 3112 1617 3124 ·
1654 3095 1752 3146 ὲπ-

200 3181 370 3247 ὼῦυνος
389 3185 444 3238 δὲ
481 3186 513 3255 η
555 3185 689 3255 περὶ
717 3183 815 3254 τὴν
847 3184 1155 3247 πλεονεξίαν
1186 3183 1409 3253 σπουδὴ,
1427 3184 1487 3236 οὐ
1511 3182 1758 3237 τοσοῦτον

196 3268 264 3337 οἷς
287 3283 392 3347 ἔχει
438 3275 892 3347 εὐφραινομένη,
942 3275 1065 3328 ὅσον
1114 3273 1450 3345 ἀλγυνομένη
1495 3276 1605 3338 τοῖς
1645 3274 1752 3327 λεία

199 3380 395 3432 πουσιν,
445 3361 527 3432 οἷς
593 3365 874 3437 μερίζεται
925 3366 1082 3419 νυκτὶ
1131 3367 1224 3419 καὶ
1270 3364 1452 3436 ἡμέρᾳ
1498 3367 1526 3418 ὁ
1576 3363 1756 3430 πόνος,

199 3457 518 3528 καταλλήλως
576 3459 640 3510 δι’
686 3457 952 3528 ἑκατέρας
987 3456 1166 3510 αὐτῶν
1212 3454 1617 3526 ὲνεργούμενος,
1661 3454 1760 3524 τῆς

201 3548 279 3613 μὲν
304 3551 513 3622 ἡμέρας
546 3551 953 3622 δαπανωμένης
982 3553 1041 3605 ὲν
1069 3549 1288 3622 μόχθοις
1307 3567 1320 3581 ·
1361 3550 1458 3621 τῆς
1487 3549 1542 3602 δὲ
1566 3548 1759 3613 νυκτὸς

197 3643 620 3713 ἀποπεμπούσης
646 3643 754 3706 τῶν
783 3643 1046 3714 ὀμμάτων
1088 3643 1178 3696 τὸν
1206 3641 1390 3695 ὕπνον.
1437 3642 1503 3693 Ai
1534 3639 1643 3710 γὰρ
1667 3637 1760 3692 τοῦ

198 3731 390 3798 κέρδους
442 3732 734 3805 φροντίδες
786 3733 879 3785 τὸν
923 3731 1090 3786 ῦπνον
1134 3730 1504 3803 ἐκκρούουσιν.
1563 3731 1622 3784 '0
1670 3725 1762 3783 οῦν

197 3822 310 3888 39’);
346 3823 524 3877 ταῦτα
602 3823 819 3892 βλέπων
845 3863 861 3889 ,
915 3821 1050 3887 πῶς-
1077 3823 1136 3876 οὐ
1183 3820 1618 3891 καταψηφίζεται
1665 3823 1765 3892 τῆς

199 3911 407 3980 σπουδῆς
439 3911 659 3982 ταύτης
681 3911 780 3982 τὴν
813 3912 1181 3983 ματαιότητα;
1231 3911 1328 3965 Διά
1356 3911 1513 3964 τοῦτο
1543 3910 1766 3982 προστί-

199 3999 300 4070 θησι
331 4007 439 4066 τοῖς
468 4003 922 4074 προειρημένοις,
951 4004 1030 4056 ὅτι
1059 4004 1150 4056 καί
1178 4020 1241 4071 γε
1261 4004 1417 4056 τοῦτο
1449 4001 1759 4072 ματαιότης⁶

197 4091 334 4146 πάλιν
359 4095 531 4164 ἄλλης
564 4094 899 4156 ἀντιθέσεως
921 4093 1252 4146 καθάπτεται
1273 4109 1288 4124 ο
1319 4093 1380 4146 τὸ
1406 4093 1461 4146 δὲ
1490 4091 1760 4146 ἀντιτιθέ-

199 4196 337 4245 μενον
367 4183 532 4237 τοῦτό
573 4186 746 4236 ἐστιν’

197 4293 299 4346 quae
337 4280 492 4347 prius
552 4278 705 4332 dicta
756 4287 904 4345 sunt,
941 4277 1087 4351 quod
1111 4278 1214 4333 hoc
1244 4292 1462 4347 quoque
1493 4277 1564 4330 sit
1592 4274 1829 4330 vanitas.

197 4369 320 4438 quod
344 4370 649 4438 objicitur:

1859 1912 2000 1967 alius
2027 1913 2192 1967 homo
2214 1913 2304 1983 qui
2334 1913 2387 1967 in
2412 1914 2497 1968 his
2519 1914 2652 1967 nihil
2676 1914 2964 1970 laboravit.
2996 1915 3278 1982 Quomodo
3299 1931 3427 1986 ergo

1859 2003 2148 2073 quisquam
2191 2005 2395 2073 primas
2427 2005 2649 2060 honoris
2690 2014 2872 2075 partes
2896 2007 2942 2061 ei
2979 2007 3222 2061 tribuet?
3253 2005 3427 2060 Homo

1858 2092 2026 2154 enim,
2069 2092 2268 2162 inquit,
2313 2093 2405 2162 qui
2446 2109 2554 2147 non
2591 2094 2860 2148 laboravit
2907 2097 2963 2149 in
2995 2097 3134 2166 ipso,
3180 2096 3284 2157 hoc
3321 2104 3424 2158 est,

1858 2183 1907 2238 ei
1942 2183 2031 2252 qui
2060 2198 2168 2237 non
2194 2184 2462 2239 laboravit
2491 2186 2545 2238 in
2580 2185 2740 2250 bono,
2771 2185 2921 2240 dabit
2945 2187 2992 2240 ei
3016 2195 3222 2256 partem
3245 2200 3426 2252 suam,

1858 2288 1959 2344 pro
1987 2289 2053 2329 eo
2081 2274 2227 2344 quod
2255 2281 2360 2339 est,
2390 2274 2529 2329 hanc
2557 2273 2726 2330 vitam
2752 2275 2806 2329 in
2833 2276 2963 2330 boni
2996 2276 3175 2330 locum
3205 2275 3422 2332 referet.

1862 2361 1969 2418 Sed
2001 2363 2105 2418 hoc
2131 2371 2236 2430 est,
2270 2364 2470 2435 inquit,
2498 2365 2734 2430 vanitas,
2761 2373 2815 2419 et
2852 2381 3049 2437 magna
3081 2366 3423 2436 improbitas.

1860 2453 2144 2520 Quomodo
2173 2456 2317 2510 enim
2351 2471 2455 2510 non
2483 2462 2568 2510 est
2607 2471 2800 2526 magna
2831 2456 3173 2526 improbitas,
3205 2457 3428 2527 quando

1859 2547 2142 2616 cognoscit
2168 2546 2406 2600 studium
2437 2553 2492 2601 et
2517 2546 2744 2601 liberam
2777 2547 3102 2602 electionem
3136 2565 3256 2619 quae
3287 2550 3428 2607 inest

1857 2635 2070 2690 homini
2100 2636 2164 2689 ad
2200 2636 2453 2690 labores?
2477 2633 2589 2688 Hoc
2621 2636 2768 2690 enim
2795 2645 2879 2690 est
2912 2637 3004 2694 ubi
3029 2637 3187 2693 dicit:
3208 2637 3426 2708 Cogno-

1860 2726 1965 2781 scit
2002 2725 2210 2779 homini
2239 2726 2294 2779 in
2321 2724 2467 2780 omni
2493 2725 2676 2780 labore
2708 2740 2829 2792 suo,
2855 2735 2910 2780 et
2933 2727 2990 2780 in
3008 2726 3182 2780 libera
3207 2726 3429 2781 electio-

1859 2831 1929 2871 ne
1961 2815 2144 2871 cordis
2173 2816 2279 2882 sui,
2329 2829 2436 2886 qua
2471 2815 2585 2886 ipse
2616 2815 2831 2869 laborat
2860 2815 2963 2871 sub
3004 2816 3138 2871 sole.
3171 2815 3310 2881 Quid
3345 2825 3430 2872 est

1859 2923 1993 2978 ergo
2035 2908 2180 2978 quod
2229 2905 2548 2977 cognoscit?
2601 2900 2756 2971 Quod
2791 2921 3004 2971 omnes,
3059 2907 3260 2976 inquit.
3310 2906 3429 2976 ejus

1861 2999 1978 3055 dies
2008 3006 2138 3053 sunt
2161 2997 2436 3062 dolorum,
2469 3004 2524 3051 et
2555 2996 2677 3066 ejus
2706 2997 2873 3050 animi
2900 2996 3117 3051 vexatio
3146 3004 3202 3052 et
3223 2997 3429 3052 distra-

1860 3091 1990 3145 ctio.
2023 3089 2332 3156 Quinetiam
2367 3095 2534 3143 noctu
2562 3103 2669 3142 non
2700 3085 2901 3142 dormit
2927 3101 3024 3141 eor
3047 3087 3188 3157 ejus.
3222 3086 3429 3143 Revera

1862 3179 2008 3234 enim
2040 3179 2106 3233 iis
2128 3192 2362 3248 quorum
2387 3177 2602 3232 animus
2626 3184 2876 3231 versatur
2898 3175 2952 3228 in
2979 3174 3083 3230 hac
3109 3176 3430 3242 tentatione,

1862 3265 1974 3322 vita
2007 3267 2226 3350 quidem
2254 3273 2337 3321 est
2363 3265 2659 3330 laboriosa,
2688 3265 2854 3320 veluti
2877 3266 3207 3336 quibusdam
3237 3267 3432 3322 stimu-

1863 3359 1953 3425 lis,
2009 3359 2165 3429 plura
2222 3359 2456 3415 habendi
2511 3359 2907 3430 cupiditatibus
2963 3374 3060 3415 cor
3108 3358 3429 3430 flagellans:

1864 3447 2052 3504 dolore
2079 3457 2260 3503 autem
2289 3456 2342 3504 et
2373 3448 2618 3503 molestia
2648 3449 2868 3517 plenum
2897 3456 2983 3504 est
3011 3449 3167 3520 plura
3198 3447 3432 3504 habendi

1865 3539 2128 3602 studium,
2167 3553 2271 3593 non
2299 3545 2506 3592 tantum
2539 3537 2783 3607 gaudens
2807 3539 2875 3594 iis
2903 3555 3024 3609 quae
3050 3539 3231 3603 habet,
3257 3555 3429 3608 quan-

1865 3640 1978 3686 tum
2002 3630 2154 3684 triste
2182 3629 2252 3683 ob
2277 3643 2340 3684 ea
2370 3643 2490 3698 qua:
2515 3627 2740 3696 desunt,
2766 3629 2968 3699 quibus
2995 3635 3159 3682 noctu
3191 3635 3244 3682 et
3267 3627 3435 3682 inter-

1866 3721 1959 3776 diu
1997 3721 2148 3774 labor
2179 3718 2460 3784 dividitur,
2497 3725 2554 3772 ut
2585 3717 2679 3788 qui
2712 3734 2807 3787 per
2837 3725 3131 3787 utrumque
3162 3730 3350 3770 eorum
3377 3717 3432 3772 in

1868 3828 1925 3867 se
1952 3812 2186 3866 invicem
2211 3815 2550 3874 exerceatur,
2583 3823 2706 3863 cum
2741 3809 2858 3862 dies
2889 3806 3106 3876 quidem
3139 3820 3431 3860 consume.

1865 3911 1957 3958 tur
1988 3901 2043 3956 in
2076 3900 2390 3955 laboribus:
2432 3914 2538 3954 nox
2571 3905 2751 3954 autem
2790 3912 3041 3953 somnum
3073 3895 3336 3951 amandet.
3367 3895 3435 3950 ab

1869 3995 2064 4050 oculis.
2092 3991 2354 4047 Somnum
2381 3991 2525 4045 enim
2569 3989 2846 4060 expellunt
2872 3987 2941 4044 de
2978 3989 3131 4042 lucro
3170 3987 3435 4042 sollicitu-

1869 4085 2047 4140 dines.
2073 4082 2174 4149 Qui
2203 4095 2336 4153 ergo
2360 4081 2424 4136 ad
2453 4081 2568 4136 haec
2597 4079 2816 4150 aspicit,
2845 4078 3300 4149 quemadmodum
3325 4094 3434 4133 non

1870 4176 2198 4231 condemnat
2225 4173 2518 4228 vanitatem
2549 4171 2669 4241 ejus
2693 4169 2908 4226 studii?
2943 4169 3009 4223 Et
3037 4169 3158 4224 ideo
3189 4168 3338 4223 addit
3368 4168 3440 4222 iis

1870 4271 2108 4326 Rursum
2145 4269 2308 4323 aliam
2343 4267 2518 4339 tangit
2547 4265 2933 4337 objectionem.
2982 4262 3098 4318 Hoc
3136 4272 3220 4318 est
3255 4269 3434 4317 autem

252 4457 307 4510 Εί
334 4459 394 4512 τὸ
435 4458 552 4523 ἔξω
581 4455 743 4528 ἡμῶν
785 4457 843 4508 ὲν
889 4457 1002 4519 τοῖς
1033 4456 1281 4527 ματαίοις
1309 4454 1579 4526 ἀριθμεῖς,
1611 4445 1656 4505 ὦ
1685 4451 1762 4504 δι-

1943 4447 1999 4502 Si
2034 4446 2180 4517 quod
2211 4453 2368 4500 extra
2398 4461 2497 4503 nos
2530 4454 2635 4510 est,
2663 4447 2719 4500 in
2747 4445 2898 4500 vanis
2930 4457 3210 4508 numeras,
3237 4455 3270 4496 ο
3299 4456 3439 4513 prte-

194 4546 404 4602 δάσκαλε
432 4565 446 4579 ·
502 4551 649 4618 ὅπερ
687 4547 752 4600 ἂν
793 4548 874 4610 είς
903 4548 1126 4610 ἑαυτοὺς
1154 4546 1533 4616 ἀναλάϐωμεν,
1567 4544 1666 4596 οὐκ
1699 4542 1762 4596 ἂν

194 4640 396 4702 εἰκότως
432 4635 804 4706 καταγνωσθῇ
830 4636 907 4698 ὡς
933 4636 1178 4705 μάταιον.
1226 4634 1385 4688 Ἀλλά
1417 4635 1524 4705 μὴν
1551 4635 1584 4704 ὴ
1624 4631 1766 4705 βρῶ-

195 4726 265 4789 σίς
287 4744 342 4779 τε
387 4729 484 4780 καὶ
532 4727 570 4797 ή
619 4727 777 4788 πόσις
823 4725 880 4777 ὲν
927 4726 1057 4795 ἡμῖν
1088 4725 1269 4786 αὐτοῖς
1296 4723 1522 4791 γίνεται.
1556 4723 1630 4776 Ού
1657 4722 1766 4778 τῶν

190 4819 499 4889 ἀποδλήτων
530 4818 644 4890 ἄρα
667 4816 728 4869 τὸ
757 4815 995 4869 τοιοῦτόν
1025 4817 1193 4881 ἐστιν,
1225 4812 1360 4868 ἀλλὰ
1391 4815 1538 4869 θείαν
1567 4828 1652 4878 τις
1679 4813 1768 4867 εύ-

193 4911 427 4979 εργεσίαν
479 4910 590 4979 τὴν
636 4908 892 4979 τοιαύτην
939 4908 1097 4979 χάριν
1142 4908 1403 4979 ὁρίσαιτο.
1467 4906 1613 4977 Αὕτη
1668 4907 1766 4977 τῆς

191 5003 503 5063 ἀντιθέσεως
533 5003 571 5072 ἡ
601 5001 808 5054 διάνοια
829 5017 842 5031 ο
880 5001 948 5052 τὰ
979 4999 1036 5053 δὲ
1073 5001 1292 5072 ῥήματα
1323 4999 1510 5053 τοῦτον
1540 4999 1652 5070 ἔχει
1677 4997 1768 5051 τὸν

191 5093 392 5156 τρόπον’
443 5110 462 5141 ι
498 5089 618 5141 Οὐκ
642 5090 790 5142 ἐστιν
807 5088 1029 5156 ἀγαθὸν,
1058 5106 1076 5138 ι
1107 5087 1292 5157 φησὶν,
1326 5106 1345 5138 ι
1383 5087 1440 5139 ἐν
1473 5084 1764 5156 ἀνθρώπῳ,

189 5180 270 5249 ἥδ
295 5182 539 5249 φάγεται
589 5181 678 5231 καὶ
727 5181 941 5242 πίεται,
986 5179 1081 5231 καὶ
1124 5177 1286 5242 δείξει
1318 5181 1382 5248 τῇ
1415 5176 1561 5247 ψυχῇ
1602 5175 1767 5229 αὐτοῦ

191 5272 380 5337 ἀγαθὸν
409 5274 469 5324 ἐν
498 5271 689 5342 μόχθῳ
717 5269 904 5324 αὑτοῦ,
931 5269 1035 5322 Καί
1063 5287 1124 5337 γε
1154 5269 1311 5326 τοῦτο
1346 5265 1485 5321 εἶδον
1519 5267 1650 5336 ἐγὼ,
1686 5269 1769 5322 ἔτι

190 5361 286 5413 ἀπὸ
319 5365 508 5432 χειρὸς
562 5361 652 5413 τοῦ
703 5359 838 5414 Θεοῦ
889 5363 1066 5421 ἐστιν,
1109 5360 1190 5411 ὅτι
1239 5376 1323 5420 τις
1367 5358 1549 5412 πίεται
1595 5355 1770 5427 πάρεξ

191 5451 361 5503 αὑτοῦ.
401 5472 420 5503 ι
465 5450 658 5504 Ταῦτα
682 5452 710 5503 ό
735 5451 836 5519 τῆς
865 5449 1196 5520 λαιμαργίας
1221 5449 1518 5519 συνήγορος
1538 5448 1771 5501 ἀνθυπο-

191 5541 334 5613 Ῡέρει
375 5541 458 5612 τῷ
498 5541 806 5612 διδασκάλῳ
841 5559 854 5571 ο
907 5543 988 5593 ὅτι
1034 5540 1090 5593 δὲ
1131 5539 1266 5609 πρὸς
1293 5539 1465 5593 ταῦτα
1495 5541 1524 5592 ὁ
1551 5541 1649 5609 τῆς
1680 5554 1770 5590 σο-

193 5633 309 5697 φίας
334 5629 637 5701 ὑρηγητὴς
670 5631 743 5701 τῷ
782 5629 1052 5702 ἀνθρώπῳ
1084 5630 1217 5702 φησι
1251 5628 1327 5698 τῷ
1365 5626 1554 5697 ἀγαθῷ
1584 5643 1598 5657 ο
1645 5629 1677 5696 ἡ
1716 5627 1771 5680 δὲ

192 5722 277 5776 τοῦ
305 5723 525 5792 ἀγαθοῦ
563 5723 840 5793 προσθήκη
881 5723 1097 5784 πάντως
1125 5721 1215 5776 καὶ
1244 5719 1340 5788 τὴν
1373 5717 1654 5788 διαστολὴν
1690 5719 1773 5769 ὲν-

1866 4549 2089 4608 ceptor:
2127 4535 2268 4606 quod
2308 4536 2364 4589 in
2394 4550 2496 4590 nos
2532 4534 2681 4604 ipsos
2728 4533 3122 4604 acceperimus,
3169 4546 3278 4585 non
3315 4531 3438 4601 jure

1868 4626 2220 4681 damnabitur
2249 4632 2307 4678 ut
2345 4639 2568 4678 vanum.
2605 4624 2767 4693 Atqui
2801 4624 2855 4678 in
2887 4623 3046 4677 nobis
3073 4629 3158 4677 est
3187 4621 3345 4676 cibus
3383 4629 3438 4674 et

1865 4727 2050 4790 potus.
2079 4715 2196 4772 Non
2235 4723 2319 4771 est
2358 4729 2489 4785 ergo
2513 4715 2617 4769 hoc
2643 4715 3026 4784 rejiciendum,
3056 4714 3150 4768 sed
3185 4713 3431 4766 divinum

1867 4811 1972 4866 hoc
2002 4826 2127 4865 esse
2153 4809 2471 4864 beneficium
2498 4815 2582 4863 est
2611 4807 2983 4863 statuendum.
3015 4805 3114 4860 Hic
3136 4813 3219 4860 est
3241 4821 3436 4861 sensus

1867 4883 2214 4970 objectionis.
2250 4895 2427 4951 Verba
2462 4904 2642 4950 autem
2677 4896 2779 4949 hoc
2815 4892 2973 4948 modo
3011 4893 3244 4947 habent:
3275 4889 3434 4944 «Non

1869 4997 1954 5044 est
1982 4989 2240 5051 bonum,»
2275 4984 2475 5055 inquit,
2515 4984 2608 5039 «in
2632 4984 2872 5048 homine,
2908 4982 3012 5038 nisi
3037 4984 3180 5053 quod
3212 4981 3362 5037 bibet
3389 4990 3442 5033 et

1868 5077 2138 5142 comedet,
2169 5086 2223 5133 ct
2255 5077 2507 5133 ostendet
2539 5077 2735 5131 anima:
2783 5092 2896 5131 sum
2925 5077 3126 5129 bonum
3165 5075 3219 5128 in
3258 5072 3443 5126 labore

1869 5186 1993 5227 suo.
2034 5170 2100 5225 Et
2127 5171 2230 5226 hoc
2260 5178 2408 5226 certe
2435 5169 2544 5226 vidi
2578 5185 2701 5241 ego,
2738 5168 2882 5240 quod
2919 5170 2991 5222 sit
3031 5182 3061 5220 a
3105 5180 3268 5219 manu
3321 5163 3440 5226 Dei,

1869 5262 2014 5333 quod
2042 5262 2313 5332 quispiam
2357 5259 2596 5316 comedit
2637 5269 2690 5314 et
2729 5259 2864 5312 bibit
2903 5257 3021 5311 sine
3069 5257 3238 5325 ipso.»
3276 5253 3441 5320 Quis-

1867 5356 2016 5426 piam
2053 5363 2234 5409 autem
2268 5361 2532 5423 patronus
2565 5351 2703 5422 gulae
2735 5351 2851 5406 haec
2883 5349 3070 5419 objicit
3098 5345 3437 5418 prazceptori.

1873 5447 1952 5500 Ad
1982 5447 2095 5501 haec
2120 5455 2298 5500 autem
2324 5445 2457 5499 dicit
2487 5444 2682 5498 doctor
2714 5442 3016 5510 sapientiae,
3044 5438 3250 5492 homini
3277 5438 3438 5488 bono.

1871 5537 2004 5591 Boni
2039 5548 2218 5592 autem
2256 5536 2489 5606 adjectio
2521 5534 2690 5589 efficit
2733 5533 2963 5586 omnino
3010 5529 3439 5585 distinctionem.

1874 5636 1933 5682 ut
1964 5629 2034 5682 sit
2074 5627 2446 5691 manifestum,
2490 5623 2637 5696 quod
2669 5623 2898 5678 bonitati
2940 5620 3265 5689 intelligitur
3316 5632 3439 5672 esse

1875 5720 2230 5774 contrarium.
2260 5717 2475 5772 Homini
2505 5730 2650 5786 ergo,
2684 5729 2790 5769 non
2818 5711 3032 5781 pecudi,
3067 5723 3240 5778 neque
3273 5708 3320 5762 ei
3350 5710 3445 5778 qui
