4018 6334
493 403 496 405 .
573 349 678 404 605

1840 348 1897 402 S.
1937 347 2265 404 GREGUIUI
2302 348 2594 407 NYSSENI
3657 361 3742 418 696

580 473 786 532 pronus
815 468 900 515 est
947 457 1004 514 in
1037 468 1305 523 ventrem,
1347 461 1442 530 qui
1489 468 1678 531 guttur
1715 459 1879 514 habet
1912 474 2012 530 pro
2058 475 2148 514 ra-

2261 460 2505 532 εδείξατο,
2537 463 2676 517 ὥστε
2719 465 2876 534 δῆλον
2919 459 3058 519 εἶναι
3089 464 3149 519 τὸ
3184 469 3248 536 τῇ
3293 467 3562 540 ἀγαθότητι
3583 468 3643 523 ὲκ
3668 476 3744 527 τοῦ

579 551 765 617 tione;
795 550 888 606 sed
913 550 1075 616 bono,
1100 551 1196 621 qui
1223 549 1357 605 vivit
1384 551 1450 605 ad
1479 551 1606 605 boni
1637 552 1810 607 solius
1834 551 2142 622 imaginem.

579 640 700 696 Non
736 641 804 697 de
843 641 911 696 iis
943 641 1086 696 Deus
1125 642 1298 712 legem
1344 642 1526 697 sanxit
1563 641 1796 706 deliciis,
1827 643 2027 712 quibus
2058 642 2146 695 in-

583 735 696 786 niat
724 732 961 788 belluina
990 741 1183 786 natura
1209 751 1221 786 :
1255 733 1348 787 sed
1389 748 1488 802 pro
1514 733 1774 787 alimento
1803 731 1951 788 dedit
1975 733 2025 788 ei
2057 747 2146 787 sa-

581 819 841 888 pientiam
872 829 926 874 et
947 821 1312 890 cognitionem
1334 829 1389 876 et
1415 821 1677 875 laetitiam.
1702 820 1986 888 Quomodo
2000 823 2146 877 enim

580 911 804 964 auxeris
825 913 1124 968 bonitatem
1145 929 1240 984 per
1259 929 1323 969 ea
1347 929 1468 984 qua:
1491 915 1666 969 ventri
1689 927 1816 970 sunt
1836 914 2149 971 esculenta?

588 999 745 1056 «Non
779 1003 833 1057 in
875 1005 992 1059 solo
1023 1019 1161 1074 pane
1191 1005 1333 1061 vivet
1364 1006 1528 1062 homo
1547 1008 1612 1062 ⁸ο.
1631 1028 1649 1060 ι
1687 1008 1800 1062 Hoc
1829 1008 1942 1062 veri
1987 1005 2147 1062 Verbi

579 1101 666 1147 est
695 1095 942 1149 verbum.
988 1095 1133 1152 Pane
1160 1112 1273 1151 non
1304 1097 1472 1152 alitur
1499 1099 1698 1166 virtus,
1732 1115 1842 1155 non
1890 1099 2148 1154 carnibus

583 1185 666 1240 vis
719 1186 917 1240 animae
971 1186 1032 1240 ﬁt
1083 1188 1239 1242 bona:
1291 1189 1648 1257 habitudinis,
1710 1202 1765 1248 et
1818 1194 2142 1263 pinguescit.

581 1277 720 1332 Aliis
750 1279 888 1333 cibis
929 1279 1178 1336 sublimis
1207 1280 1318 1335 vita
1348 1283 1533 1348 alitur,
1586 1285 1852 1355 plenaque
1900 1287 2150 1340 redditur
2193 1301 2196 1306 ·

583 1379 636 1423 et
672 1372 1013 1425 succulenta.
1041 1371 1174 1426 Boni
1205 1372 1350 1427 enim
1378 1375 1696 1430 alimentum
1725 1385 1810 1432 est
1840 1385 2149 1447 temperan-

581 1462 680 1520 tia.
709 1464 868 1531 panis
906 1463 1193 1532 sapientia,
1243 1466 1534 1533 opsonium
1577 1467 1814 1536 justitia,
1851 1479 2011 1539 potus
2044 1469 2148 1521 im-

580 1553 898 1619 patibilitas,
949 1555 1201 1623 voluptas
1250 1571 1361 1610 non
1404 1559 1656 1629 voluptas
1704 1563 1908 1625 carnis,
1959 1563 2148 1630 cujus-

580 1643 728 1696 modi
753 1651 834 1697 est
865 1643 1083 1700 habitus
1109 1647 1203 1716 qui
1232 1648 1448 1716 capitur
1475 1663 1542 1704 ex
1568 1664 1633 1705 eo
1663 1653 1809 1721 quod
1839 1660 1922 1708 est
1950 1653 2149 1722 jucun-

581 1731 734 1797 dum,
771 1733 866 1789 sed
893 1749 955 1789 ea
980 1735 1139 1805 cujus
1167 1745 1251 1792 est
1277 1745 1332 1792 et
1359 1753 1555 1795 nomen
1590 1749 1644 1796 et
1673 1741 1909 1798 olIiclum
1941 1745 2145 1811 laetitia,

577 1839 703 1893 quae
738 1823 944 1879 dicitur
992 1827 1328 1900 εὐφροσύνης
1361 1843 1644 1901 propterea
1676 1835 1818 1888 enim
1862 1836 2151 1905 appellavit

582 1914 688 1968 hoc
721 1916 942 1971 nomine
992 1932 1134 1983 eam,
1184 1934 1310 1990 quae
1337 1929 1422 1976 est
1470 1923 1526 1976 in
1555 1923 1736 1980 anima
1766 1925 1834 1979 ad
1867 1926 2068 1982 bonum
2100 1937 2154 1983 et

582 2005 872 2061 honestum
900 2009 1262 2078 ail‘ectionem,
1297 2015 1556 2082 quoniam
1583 2032 1649 2072 ex
1679 2017 1977 2088 εὐφρονεῖν,
2009 2023 2153 2091 quod

583 2111 668 2154 est
701 2107 848 2155 recte
892 2117 1104 2172 sapere,
1154 2103 1212 2158 (it
1243 2105 1513 2174 ejusmodi
1553 2111 1897 2167 constitutio.
1929 2111 2155 2183 Oportet

584 2205 713 2260 ergo
736 2190 824 2246 hic
851 2208 1069 2264 quoque
1093 2195 1307 2252 discere
1333 2210 1398 2252 ea
1431 2213 1552 2268 quae
1579 2201 1743 2254 etiam
1775 2203 2064 2260 didicimus
2087 2206 2156 2260 ab

585 2281 867 2352 Apostolo,
889 2285 957 2351 οι,
975 2285 1116 2356 quod
1135 2285 1225 2341 Dei
1244 2303 1468 2356 regnum
1490 2305 1597 2345 non
1619 2302 1703 2347 est
1726 2293 1880 2350 cibus
1903 2305 1954 2352 et
1972 2305 2154 2364 potus,

585 2371 679 2423 sed
706 2370 921 2437 justitia
949 2380 1000 2424 et
1032 2372 1406 2442 impatibilitas
1428 2383 1480 2431 et
1503 2376 1798 2433 beatitudo.
1826 2380 1956 2445 Quae
1973 2393 2156 2440 autem

501 2503 504 2511 .
589 2469 810 2529 propter
837 2461 1169 2531 voluptatem
1200 2465 1450 2534 corporis
1476 2466 1782 2523 vehementi
1820 2472 2001 2527 studio
2024 2473 2160 2529 ﬁunt

587 2550 657 2604 ab
672 2550 1001 2617 hominibus,
1023 2569 1085 2608 ea
1105 2563 1232 2609 sunt
1250 2557 1489 2610 studium
1509 2569 1879 2628 peccatorum,
1893 2573 1947 2618 et
1965 2566 2158 2621 anima:
2181 2542 2188 2546 δ

589 2637 892 2704 distractio,
919 2657 1039 2711 quae
1062 2642 1128 2694 ad
1155 2642 1416 2698 inferiora
1443 2645 1784 2701 abstraliitur
1810 2665 1840 2702 a
1865 2652 2155 2720 supernis:

587 2731 746 2800 cujus
797 2746 959 2788 omne
1004 2733 1348 2789 intervallum
1400 2736 1456 2790 in
1501 2737 1605 2794 hac
1645 2740 1754 2793 vita
1801 2743 2158 2810 traducenda,

586 2823 930 2876 consumitur
959 2823 1014 2878 in
1061 2825 1246 2880 studio
1273 2826 1509 2882 addendi
1544 2836 1598 2883 et
1627 2833 2020 2903 congregandi.
2056 2834 2158 2900 Qui

587 2928 716 2983 ergo
738 2913 839 2968 boc
859 2928 980 2969 esse
1006 2915 1208 2969 bonum
1231 2917 1441 2986 judicat
1462 2920 1516 2974 in
1545 2919 1637 2975 Dei
1661 2934 1984 2994 conspectu,
2009 2927 2163 2997 igno-

588 3011 673 3057 rat
707 3019 767 3060 se
812 3005 1016 3060 bonum
1046 3007 1272 3063 delinire
1302 3009 1356 3062 in
1387 3025 1453 3065 eo
1483 3013 1628 3080 quod
1657 3029 1854 3069 vanum
1893 3024 1998 3072 est.
2037 3017 2163 3074 Hsec

2247 552 2488 605 ἐναντίου
2527 553 2833 624 νοούμενον.
2858 554 2947 625 Τῷ
2974 550 3066 608 οῦν
3097 554 3375 627 ἀνθρώπῳ,
3407 559 3462 609 οὑ
3486 559 3556 629 τῷ
3583 560 3746 633 βοσκή-

2250 659 2379 712 ματι
2405 683 2419 708 ,
2471 643 2590 697 οὐδὲ
2622 644 2700 715 τῷ
2743 648 2809 717 τῇ
2852 647 3049 717 γαστρὶ
3097 645 3281 699 ἑαυτοῦ
3313 649 3649 718 ὲπικεκυφότι,
3687 654 3751 724 τῷ

2247 733 2440 804 λαιμὸν
2469 736 2588 788 ἀντὶ
2609 735 2867 806 λογισμοῦ
2894 738 3210 807 κεκτημένῳ
3228 754 3241 768 ο
3268 737 3396 791 ἀλλά
3418 738 3489 809 τῷ
3513 740 3674 811 ἀγαθῷ
3690 743 3752 813 τῷ

2248 827 2369 880 κατ’
2387 828 2566 880 εἰκόνα
2592 828 2750 898 μόνου
2771 828 2865 881 τοῦ
2886 828 3089 897 ἀγαθοῦ
3117 825 3295 892 ζῶντι·
3319 832 3377 883 ού
3402 830 3585 901 ταύτην
3598 833 3756 903 ἐνομο-

2249 917 2474 990 θέτησεν
2489 921 2516 972 6
2533 919 2662 982 Θεὸς
2679 921 2778 990 τὴν
2798 919 3026 990 τρυφὴν,
3040 919 3164 990 περὶ
3185 919 3297 990 ἧνὴ
3318 922 3574 992 κτηνώδης
3593 927 3756 994 κέχηνε

2250 1009 2438 1079 φύσις⁸
2478 1010 2592 1064 ἀλλ’
2617 1011 2811 1065 ἔδωκεν
2840 1012 3007 1082 αὐτῷ,
3037 1011 3221 1082 φησὶν,
3245 1012 3359 1064 ἀντὶ
3390 1013 3578 1082 τροφῆς
3599 1015 3757 1082 σοφίαν

2249 1103 2341 1155 καὶ
2375 1103 2573 1171 γνῶσιν
2605 1103 2695 1156 καὶ
2732 1103 3086 1174 εὐφροσύνην.
3133 1101 3256 1164 Πῶς
3284 1102 3388 1173 γάρ
3417 1105 3495 1166 τίς
3528 1121 3577 1156 τε
3594 1105 3760 1172 ἀγαθό-

2248 1211 2406 1264 τητος
2427 1194 2513 1248 διά
2527 1193 2635 1248 τῶν
2663 1194 2761 1264 τῆς
2779 1194 3012 1265 γαστρὸς
3031 1192 3303 1262 ἐδωδίμων
3322 1192 3586 1262 αύξήοειεν
3603 1211 3615 1261 ;
3633 1212 3649 1246 ι
3670 1195 3762 1247 Οὐκ

2250 1287 2508 1358 ὲπίάρτῳ
2532 1287 2678 1358 μόνῳ
2700 1288 2921 1358 ζήσεται
2949 1288 2976 1338 6
3003 1285 3303 1356 ἄνθρωπος.
3335 1303 3352 1335 ι
3380 1279 3535 1346 Οὗτος
3556 1283 3635 1336 τοῧ
3656 1284 3764 1354 ἀλη-

2251 1379 2399 1432 θινοῦ
2417 1379 2589 1447 Λόγου
2611 1380 2640 1430 6
2659 1378 2813 1447 λόγος
2826 1421 2840 1436 .
2855 1379 2926 1432 Ού
2949 1378 3205 1449 τρέφεται
3225 1378 3370 1448 ἄρτῳ
3388 1378 3419 1447 ἡ
3438 1377 3608 1446 ἀρετὴ,
3627 1377 3677 1428 ού
3694 1377 3765 1429 διὰ

2252 1472 2429 1542 κρεῶν
2466 1475 2498 1541 ἡ
2540 1471 2641 1541 τῆς
2677 1469 2851 1539 ψυχῆς
2889 1469 3116 1539 δύναμις
3151 1469 3362 1521 εύεκτεῖ
3395 1468 3484 1520 καὶ
3512 1468 3764 1521 πιαίνεται.

2255 1563 2467 1626 Ἀλλοις
2489 1561 2778 1631 ἐδέσμασιν
2797 1563 2824 1613 6
2854 1559 3052 1629 ὑψηλὸς
3084 1559 3197 1628 βίος
3226 1558 3474 1630 τρέφεται
3514 1558 3598 1611 καὶ
3634 1555 3768 1626 ἁδρύ-

2251 1673 2420 1709 νεται.
2454 1655 2640 1726 Τροφὴ
2673 1651 2765 1705 τοῦ
2796 1651 3000 1719 ἀγαθοῦ
3035 1652 3068 1720 ή
3095 1647 3430 1721 σωφροσύνη,
3455 1648 3604 1718 ἄρτος
3637 1650 3666 1717 ἡ
3698 1664 3767 1699 σο-

2253 1749 2383 1816 φία,
2439 1745 2566 1815 ὄψον
2613 1747 2646 1815 ἡ
2690 1741 3022 1812 δικαιοσύνη,
3079 1741 3240 1794 ποτὸν
3300 1742 3332 1812 ἡ
3377 1740 3627 1802 ἀπάθεια,
3674 1738 3771 1806 ᾔδο-

2255 1838 2318 1909 νὴ
2357 1838 2455 1907 οὐχ
2476 1839 2509 1907 ἠ
2539 1835 2633 1888 τοῦ
2656 1834 2923 1904 σώματος,
2963 1832 3122 1884 ὁποία
3151 1832 3216 1902 δὴ
3254 1835 3288 1901 ἡ
3330 1831 3452 1900 περὶ
3484 1829 3538 1882 τὺ
3569 1827 3771 1882 καταθύ-

2257 1947 2377 2000 μιον
2402 1929 2585 1998 σχέσις
2605 1945 2617 1956 ·
2638 1926 2750 1982 ἀλλ’
2779 1922 2845 1997 ἧς
2865 1925 3034 1996 ὄνομά
3061 1940 3118 1976 τε
3144 1924 3239 1976 καὶ
3272 1922 3426 1992 ἔργον
3451 1922 3482 1990 ή
3511 1918 3772 1990 εὐφροσύνη

2254 2020 2419 2072 ἐστίν’
2468 2018 2557 2071 διὰ
2603 2016 2758 2071 τοῦτο
2799 2020 2904 2085 γάρ
2955 2015 3049 2067 καὶ
3098 2014 3350 2084 ὠνόμασε
3389 2013 3452 2081 τῇ
3481 2010 3776 2082 προσηγορίᾳ

2253 2108 2424 2180 ταύτῃ
2447 2108 2543 2180 τὴν
2575 2111 2632 2160 ὲν
2674 2110 2737 2177 τῇ
2780 2106 2924 2177 ψυχῇ
2955 2106 3090 2178 πρὸς
3110 2105 3170 2158 τὸ
3208 2103 3369 2157 καλὸν
3395 2103 3667 2170 γινομένην
3688 2100 3779 2152 διάο

2255 2199 2423 2265 θεσιν,
2445 2201 2527 2252 ὅτι
2557 2201 2620 2252 ὲκ
2658 2197 2752 2251 τοῦ
2787 2198 3085 2266 εύφρονεῖν,
3116 2198 3150 2267 ἡ
3188 2195 3411 2264 τοιαύτη
3464 2193 3779 2262 παραγίνεται

2256 2294 2617 2354 κατάστασις.
2652 2289 2770 2361 Χρὴ
2797 2289 2974 2342 τοίνυν
3027 2289 3120 2340 καὶ
3170 2286 3405 2341 ἐνταῦθα
3445 2286 3642 2356 μαθεῖν,
3667 2283 3781 2350 άπερ

2257 2383 2342 2437 καὶ
2393 2382 2544 2452 παρὰ
2569 2379 2661 2435 τοῦ
2711 2379 3032 2433 Ἀποστόλου
3069 2377 3406 2448 ἠκούσαμεν,
3445 2377 3520 2428 ὅτι
3553 2376 3641 2427 οὐκ
3663 2373 3783 2424 ἐστιν

2256 2473 2288 2544 ἡ
2319 2467 2560 2539 βασιλεία
2575 2471 2672 2525 τοῦ
2693 2469 2826 2525 Θεοῦ
2855 2474 3053 2542 βρῶσις
3077 2470 3170 2522 καὶ
3196 2468 3372 2530 πόσις,
3397 2465 3527 2519 ἀλλά
3553 2461 3786 2516 δικαιοσύ-

2259 2578 2323 2630 νη
2363 2559 2456 2612 καὶ
2484 2557 2742 2624 ἀπάθεια,
2761 2558 2853 2612 καὶ
2885 2557 3244 2628 μακαριότης.
3279 2559 3345 2607 Ἃ
3368 2557 3420 2608 δὲ
3450 2556 3541 2624 τῆς
3584 2568 3786 2621 σωματι-

2259 2648 2363 2718 κῆς
2395 2647 2748 2710 ἀπολαύσεως
2769 2648 2954 2700 ἕνεκεν
2995 2644 3146 2715 παρά
3179 2643 3287 2698 τῶν
3331 2642 3620 2713 ἀνθρώπων
3652 2655 3788 2692 σπου-

2259 2737 2500 2805 δάζεται,
2543 2737 2879 2809 ἁμαρτωλῶν
2911 2737 3028 2788 ἐστι
3081 2734 3287 2805 σπουδὴ
3327 2734 3418 2787 καὶ
3452 2726 3788 2803 περισπασμὸς

2259 2832 2454 2902 ψυχῆς,
2484 2830 2590 2884 ἀπὸ
2615 2829 2722 2882 τῶν
2764 2829 2874 2882 ἄνω
2907 2827 3043 2896 πρὸς
3073 2827 3142 2880 τά
3198 2826 3348 2880 κάτω
3373 2821 3789 2891 κατασπωμένης,

2259 2916 2326 2995 ἧς
2359 2923 2464 2973 πᾶν
2501 2920 2561 2972 τὸ
2585 2919 2856 2989 διάστημα
2891 2919 2988 2987 τῆς
3019 2921 3075 2970 ὲν
3095 2916 3176 2986 τῷ
3224 2916 3325 2987 βίῳ
3358 2916 3528 2983 τούτῳ
3551 2909 3791 2979 διαγωγῆς

2261 3017 2340 3076 εἰς
2366 3013 2461 3084 τὴν
2491 3013 2617 3084 περὶ
2641 3009 2735 3063 τοῦ
2760 3009 3072 3082 προσθεῖναι
3105 3011 3204 3062 καὶ
3245 3009 3566 3075 συναγαγεῖν
3593 2999 3792 3070 σπουδὴν

587 3109 688 3164 ego
715 3095 824 3150 dixi
865 3112 995 3152 voce
1030 3113 1172 3153 mea.
1225 3098 1380 3155 Hunc
1427 3111 1607 3158 autem
1645 3121 1865 3161 sensum
1905 3109 2158 3179 obsigna-

2265 3104 2634 3158 ἀναλίσκεται.
2673 3101 2731 3154 Ὀ
2771 3095 2862 3154 οῦν
2890 3099 3048 3153 τοῦτο
3097 3099 3309 3168 ἀγαθὸν
3355 3101 3411 3150 ἐν
3452 3097 3526 3168 τῷ
3556 3093 3795 3189 προσώπῳ

586 3184 725 3238 bunt
757 3187 989 3241 adducta
1029 3189 1193 3242 verba
1231 3189 1435 3244 divina.
1471 3190 1611 3246 Dicit
1653 3196 1826 3252 enim:
1859 3195 1948 3252 26.
1987 3198 2158 3254 «Pec-

590 3276 760 3331 catori
791 3276 940 3331 dedit
963 3279 1396 3348 occupationem,
1413 3289 1472 3335 ut
1495 3282 1659 3338 addat
1675 3294 1729 3338 et
1750 3297 2063 3358 congreget,
2099 3301 2157 3344 ut

591 3367 769 3422 tradat
801 3368 946 3422 bono
983 3368 1036 3422 in
1071 3379 1367 3440 conspectu
1395 3371 1510 3428 Dei.
1551 3373 1667 3430 Hoc
1692 3393 1909 3446 quoque
1945 3389 2029 3434 est
2061 3397 2156 3434 va-

590 3459 735 3514 nitas
763 3469 816 3515 et
841 3461 1193 3530 praesumptio
1223 3463 1500 3531 spiritus»
1552 3465 1682 3531 Quae
1710 3483 1839 3538 ergo
1869 3470 2158 3531 didicimus

589 3564 653 3604 ex
682 3550 782 3602 bac.
809 3550 1040 3605 invicem
1063 3555 1473 3622 comparatione
1502 3557 1630 3612 boni
1658 3568 1712 3614 et
1742 3562 1870 3614 mali
1895 3578 1990 3632 per
2021 3564 2161 3620 hanc

591 3640 904 3706 lectionem,
937 3641 1067 3697 dent
1102 3644 1262 3699 nobis
1291 3647 1552 3701 auxilium
1585 3650 1653 3703 ad
1688 3653 1907 3706 vitanda
1938 3655 2159 3723 quidem

591 3744 656 3784 ca
696 3745 816 3798 qua:
846 3739 974 3785 sunt
1005 3732 1284 3802 damnata,
1320 3741 1694 3810 persequenda
1726 3753 1903 3799 autem
1944 3760 2006 3800 ea
2040 3761 2161 3815 qua:

588 3831 720 3874 sunt
758 3821 922 3876 bona.

2263 3194 2356 3249 τοῦ
2404 3192 2538 3247 Θεοῦ
2578 3192 2799 3263 κρίνων,
2841 3192 3032 3259 ἀγνοεῖ
3070 3193 3128 3243 ὲν
3162 3193 3242 3262 τῷ
3278 3190 3490 3262 ματαίῳ
3516 3188 3574 3241 τὸ
3622 3182 3798 3253 ἀγαθὸν

2263 3288 2600 3359 ὁριζόμενος.
2657 3284 2840 3338 Ταῦτα
2891 3281 3044 3338 εἷπον
3091 3285 3224 3353 ἐγὼ,
3254 3287 3324 3355 τῇ
3379 3279 3608 3353 ἐμαυτοῦ
3649 3277 3794 3346 φωνῇ.

2278 3378 2692 3448 Ἐπισφραγίσει
2723 3376 2779 3428 δὲ
2810 3375 2906 3446 τὴν
2959 3375 3197 3428 διάνοιαν
3230 3375 3434 3443 ταύτην
3463 3363 3631 3444 η’τῶν
3666 3366 3797 3420 θείων

2258 3472 2515 3543 ῥημάτων
2538 3467 3008 3538 παράθεσις.Φησὶ
3025 3466 3155 3537 γάρ,
3184 3486 3203 3518 ‹
3231 3466 3322 3536 Τῷ
3345 3461 3641 3536 ἁμαρτωλῷ
3660 3459 3798 3512 ἔδωκε
3896 3495 3906 3510 .

2257 3562 2640 3632 περισπασμὸν
2690 3558 2783 3612 τοῦ
2829 3557 3142 3629 προσθεῖναι
3194 3559 3292 3611 καὶ
3347 3555 3792 3623 συναγαγεῖν,του

2257 3653 2437 3707 δοῦναι
2484 3653 2561 3721 τῷ
2601 3647 2793 3720 ἀγαθῷ
2827 3648 2932 3720 πρὸ
2979 3648 3279 3720 προσώπου
3327 3645 3423 3700 τοῦ
3469 3641 3618 3698 Θεοῦ.
3698 3638 3798 3689 Ὀτι

2262 3743 2356 3798 καί
2389 3759 2452 3811 γε
2481 3742 2637 3795 τοῦτο
2692 3741 2986 3810 ματαιότης
3019 3745 3114 3795 καὶ
3139 3741 3460 3812 προαίρεσις
3477 3731 3793 3799 πνεύματοςιν

2271 3837 2408 3889 Ὅσα
2429 3833 2606 3887 τοίνυν
2635 3833 2696 3884 ὲκ
2722 3831 2821 3900 τῆς
2850 3827 3191 3898 παραλλήλου
3215 3825 3424 3894 ταύτης
3450 3817 3802 3885 συνεξετάσεως

591 3919 692 3985 τῆς
716 3916 810 3970 τοῦ
840 3917 1004 3972 καλοῦ
1031 3921 1126 3974 καὶ
1151 3922 1414 3994 χείρονος,
1439 3925 1526 3979 διά
1574 3928 1674 3997 τῆς
1715 3930 1810 3983 νῦν
1843 3934 2241 4006 μεμαθήκαμεν
2272 3930 2650 4001 ἀναγνώσεως,
2679 3927 2886 3994 γένοιτο
2955 3925 3082 3994 ἡμῖν
3151 3921 3378 3992 βοήθεια
3434 3916 3565 3989 πρὸς
3624 3913 3802 3976 ἀποφν⁰

593 4009 696 4082 γὴν
728 4010 826 4082 μὲν
857 4012 966 4066 τῶν
998 4019 1484 4090 κατεγνωσμένων,
1516 4022 1724 4092 ἐφόδιον
1741 4025 1798 4079 δὲ
1824 4027 1932 4083 τῶν
1961 4030 2097 4103 πρὸς
2126 4030 2189 4085 τὸ
2226 4030 2471 4107 κρεῖττον
2503 4020 2970 4093 κατορθουμένων.

1169 4173 1455 4231 HOMlLlA
1495 4179 1582 4236 Vl.

666 4279 935 4339 Omnibus
982 4294 1068 4341 cst
1111 4296 1348 4359 tempus,
1385 4301 1438 4346 et
1481 4295 1862 4363 Opportunitas
1899 4297 2166 4353 universae

596 4375 674 4428 rei
698 4376 802 4430 sub
832 4377 994 4432 caelo.
1029 4376 1142 4432 lloc
1169 4388 1255 4434 est
1286 4381 1500 4437 initium
1530 4384 1874 4454 eloquiorum
1901 4403 2023 4458 qua;
2043 4403 2167 4443 con-

593 4467 907 4536 templanda
940 4469 1101 4524 nobis
1133 4480 1262 4525 sunt
1297 4476 1595 4544 proposita.
1633 4475 1727 4532 Est
1762 4488 1940 4534 autem
1970 4489 2024 4535 et
2055 4497 2163 4536 non

2867 4175 3110 4230 OMIMA
3141 4174 3236 4240 (ζ’.

2335 4298 2462 4359 Τοῖς
2503 4295 2666 4347 πᾶσιν
2692 4294 2720 4346 6
2763 4291 2973 4362 χρόνος,
3013 4286 3107 4340 καὶ
3140 4285 3339 4355 καιρὸς
3387 4281 3467 4351 τῷ
3507 4275 3658 4331 παντὶ
3690 4269 3802 4340 πρά·

2265 4408 2435 4462 γματι
2461 4389 2566 4442 ὑπὸ
2591 4387 2682 4438 τὸν
2709 4383 2938 4455 οὐρανόν
2959 4399 2972 4412 ο
3004 4380 3141 4449 αῦτη
3171 4377 3283 4432 τῶν
3314 4371 3676 4449 προκειμένων
3697 4363 3801 4462 ἠμίῖν

2265 4480 2461 4547 λογίων
2491 4480 2571 4541 εἰς
2606 4476 2838 4548 θεωρίαν
2869 4473 3035 4545 ἀρχή.
3073 4471 3233 4524 Ἔστι
3261 4470 3319 4522 δὲ
3350 4467 3447 4521 καὶ
3484 4467 3512 4518 6
3553 4462 3696 4520 πόνος
3722 4467 3799 4518 της

594 4560 846 4613 modicus
877 4560 1032 4614 labor
1083 4564 1528 4630 examinationis,
1578 4575 1631 4621 et
1664 4569 1810 4637 quod
1857 4585 1923 4624 ex
1972 4570 2158 4628 labore

2266 4569 2566 4636 ἐξετάσεως
2609 4568 2669 4620 ού
2724 4566 2942 4637 μικρὸς,
2969 4565 3061 4618 καὶ
3091 4563 3153 4616 τὸ
3182 4565 3250 4616 ὲκ
3295 4559 3394 4614 τοῦ
3442 4557 3596 4611 πόνου
3627 4548 3797 4648 κέρδοξ.

594 4650 810 4719 capitur
866 4649 1104 4715 lucrum,
1163 4661 1248 4707 est
1305 4668 1484 4722 opera:
1509 4658 1769 4725 pretium.
1803 4659 1967 4714 Forte
2014 4661 2158 4715 enim

595 4755 795 4809 scopus
831 4756 1021 4796 eorum
1070 4758 1190 4811 quae
1239 4752 1369 4797 sunt
1419 4760 1448 4797 a
1495 4747 1656 4802 nobis
1706 4751 2052 4804 considerata
2107 4753 2164 4807 in

596 4831 864 4904 principio
900 4831 1046 4897 libri,
1083 4833 1322 4887 maxime
1363 4845 1594 4904 apparet
1632 4838 1687 4892 in
1743 4840 1846 4895 hac
1894 4850 2070 4911 parte,
2108 4851 2167 4897 ut

594 4922 897 4994 procedens
930 4938 1026 4992 per
1066 4927 1520 5001 consequentiam
1559 4933 1814 4986 ostendet
1861 4934 2058 4989 oratio.
2109 4934 2165 4990 In

596 5015 666 5070 iis
707 5031 828 5088 quae
873 5024 1316 5084 praecesserunt,-
1347 5018 1602 5074 damnata
1649 5032 1779 5077 sunt
1825 5027 2008 5080 omnia
2043 5037 2167 5082 tan-

597 5127 760 5180 quam
797 5126 952 5177 vana,
995 5113 1050 5167 in
1085 5128 1206 5182 qua:
1233 5114 1302 5168 ab
1337 5114 1558 5170 homine
1601 5119 1886 5174 confertur
1920 5122 2164 5177 studium

597 5203 668 5258 ob
699 5202 906 5256 nullum
942 5204 1156 5257 lucrum
1198 5204 1413 5258 animae.
1445 5203 1740 5263 Ostensum
1775 5217 1857 5263 est
1893 5212 2036 5266 enim
2070 5211 2170 5266 bo-

598 5311 752 5358 num,
786 5295 853 5348 ad
887 5294 1033 5366 quod
1075 5304 1156 5352 cst
1193 5297 1512 5352 intuendum
1554 5316 1651 5370 per
1682 5317 1744 5356 ea
1788 5303 1984 5358 mentis
2014 5304 2169 5373 cogi-

2267 4635 2362 4716 τοῦ
2397 4661 2556 4715 πόνου
2587 4635 2755 4726 ἄξιον.
2773 4658 2925 4729 Τάχα
2944 4658 3052 4728 γὰρ
3073 4659 3101 4709 6
3128 4655 3335 4717 σκοπὸς
3358 4652 3471 4706 τῶν
3496 4653 3552 4704 ὲν
3569 4648 3670 4707 τοῖς
3687 4635 3800 4709 πριὶν

2269 4769 2382 4816 τοις
2410 4751 2504 4804 τοῦ
2546 4749 2754 4821 βιϐλίου
2798 4745 3182 4818 θεωρηθέντων
3215 4747 3372 4815 ἡμῖν,
3406 4743 3465 4795 ὲν
3491 4739 3656 4806 τούτῳ
3681 4729 3799 4821 μάλιξ

2274 4859 2374 4895 στα
2424 4818 2750 4911 φανεροῦται
2792 4838 2871 4909 τῷ
2907 4839 3082 4909 μέρει,
3117 4837 3192 4899 ὡς
3226 4834 3440 4908 προῖὼν
3482 4826 3713 4890 ἐπιδείξει
3737 4818 3801 4871 διὰ

2273 4935 2372 5004 τῆς
2402 4932 2726 4996 ἀκολουθίας
2764 4934 2791 4986 6
2831 4932 3008 4999 λόγος.
3054 4927 3432 5000 Κατεγνώσθη
3477 4923 3544 4980 τὰ
3586 4921 3737 4975 πάντα
3759 4913 3801 5004 ἐν

2273 5003 2384 5088 τοῖς
2427 5023 2755 5095 προλαϐοῦσι
2810 5023 2988 5090 λόγοις
3032 5022 3106 5084 ὡς
3149 5022 3360 5090 μάταια
3387 5059 3402 5083 ,
3435 5020 3533 5071 ὅσα
3574 5010 3697 5067 κατὰ
3735 5003 3802 5056 τὸν

2275 5119 2560 5190 ἄνθρωπον
2607 5118 2693 5168 ἐπ’
2745 5114 2919 5168 οὐδενὶ
2969 5110 3185 5183 ψυχικῷ
3237 5110 3425 5182 κέρδει
3473 5098 3804 5201 σπουδάὲεταιζ

2288 5209 2608 5278 ’Υπεδείχθη
2635 5207 2744 5276 γὰρ
2786 5205 2847 5257 τὸ
2881 5203 3116 5272 ἀγαθὸν,
3141 5202 3283 5274 πρὸς
3311 5201 3341 5254 ὃ
3371 5201 3478 5272 χρὴ
3518 5196 3604 5290 διά
3639 5196 3732 5290 “if-1V

2279 5303 2487 5373 κεφαλῇ
2537 5298 2870 5369 ἐγκειμένων
2915 5296 3208 5368 νοημάτων
3255 5288 3631 5364 βλέπεινοτοῖς
3659 5281 3708 5334 δὲ
3726 5281 3806 5373 “Et?

2282 5364 2595 5464 σωματίκὴν
2613 5364 3032 5461 προϊσχομένοιξ
3053 5385 3358 5439 ἀπόλαυσιν
3380 5376 3672 5464 ἁντετέθηή
3693 5364 3807 5422 κατά

2274 5463 2373 5554 τὴν
2425 5481 2617 5549 σοφίαν
2665 5480 2866 5548 τρυφή.
2902 5475 3092 5529 Λείπει
3143 5475 3202 5526 τὸ
3253 5474 3460 5542 γνῶναι
3506 5466 3613 5527 πῶς
3651 5463 3706 5554 ἀν
3739 5467 3807 5554 fi;

2274 5545 2394 5631 κατ’
2429 5573 2630 5646 ἀρετὴν
2652 5569 2856 5640 βιώσει,
2879 5554 3132 5640 καθάπερ
3161 5565 3286 5619 τινὰ
3320 5564 3516 5632 τέχνην
3535 5556 3622 5612 καὶ
3652 5545 3808 5620 ἔφοευν

599 5395 733 5452 tata,
758 5403 878 5457 quae
911 5388 1018 5441 sita
1048 5398 1176 5444 sunt
1211 5391 1265 5444 in
1298 5391 1498 5460 capite.
1532 5391 1601 5446 lis
1633 5400 1814 5446 autem
1845 5394 1937 5462 qui
1984 5409 2174 5463 corpo-

599 5493 746 5534 ream
781 5479 1125 5549 praetendunt
1156 5483 1518 5551 voluptatem,
1560 5484 1826 5553 opposita:
1862 5493 1992 5538 sunt
2033 5485 2175 5540 deli—

600 5571 698 5626 ciae
723 5586 843 5643 quae
869 5579 999 5625 sunt
1032 5586 1098 5623 ex
1124 5570 1696 5641 sapictitia.Restat,ut
1723 5574 1963 5634 sciamus
1984 5590 2176 5645 qucm~

671 5756 716 5789 ⁸³
744 5755 932 5814 Matth.
962 5770 1036 5821 tv,
1075 5755 1125 5810 4.
1202 5759 1242 5788 ¹¹
1289 5754 1308 5808 l
1362 5755 1485 5811 Cor.
1522 5772 1610 5822 xv,
1641 5755 1730 5810 51.
