4018 6334
277 313 356 370 697

1344 317 1409 372 ΙΝ
1447 313 1982 372 ΕίῖϐιΕΞΙᾹΞΤΕΝ.
2026 310 2310 368 ιιοιιιιλιι
2342 309 2421 366 γι.

3409 304 3515 361 658
3550 357 3552 360 .

281 437 392 507 πρὸς
414 435 516 506 τὴν
545 436 640 490 τοῦ
669 437 784 506 βίου
805 436 1142 508 κατόρθωσιν
1168 437 1254 490 διὰ
1298 436 1391 490 τοῦ
1423 439 1583 506 λόγου
1630 437 1832 492 λαϐὼν.

1952 432 2231 488 admodum
2287 430 2355 484 sit
2393 443 2458 482 ex
2512 425 2714 480 virtute
2744 423 3056 487 vivendum,
3088 420 3320 493 quadam
3344 421 3513 474 veluti

281 526 444 580 Ταῦτα
460 520 554 579 οὖν
591 527 738 578 ἐστιν
765 527 802 580 ἃ.
830 527 1222 596 ἐπαγγέλλεται
1249 529 1379 598 ἡμῖν
1399 529 1455 580 ἐν
1473 527 1778 598 προοιμίοις
1803 528 1836 598 ἡ

281 615 595 686 προκειμένη
623 616 731 668 τῶν
765 615 939 684 λόγων
966 617 1237 682 ἐξέτασις,
1271 618 1329 669 ἐν
1367 611 1447 679 οἷς
1476 617 1839 684 ἀποφαίνεται

279 709 346 760 ὃτι
367 709 477 770 τοῖς
508 708 673 760 πᾶσιν
702 709 732 760 6
759 707 953 776 χρόνος
1008 709 1104 761 καὶ
1155 708 1345 779 καιρὸς
1379 709 1458 778 τῷ
1489 708 1650 761 παντὶ
1695 708 1838 777 πρά-

281 815 426 867 γματι
462 798 568 851 ὑπὸ
599 797 691 851 τὸν
715 799 972 871 οὐρανόν.
991 799 1053 852 Et
1075 799 1186 869 γάρ
1205 817 1289 862 τις
1314 799 1394 870 τῷ
1423 799 1575 869 βάθει
1597 802 1695 869 τῆς
1725 801 1841 854 δια-

282 887 409 949 νοίας
451 886 747 956 ἐγκύψειε,
790 887 991 957 πολλὴν
1027 886 1094 941 ἂν
1135 887 1346 959 εὕροιτο
1379 889 1695 959 φιλοσοφίαν
1736 892 1838 960 ὲμο

278 978 728 1050 περιειλημμένην
753 981 866 1042 τοῖς
891 969 1120 1050 ῥήμασι,
1143 978 1483 1052 θεωρητικήν
1510 999 1568 1034 τε
1589 983 1684 1035 καὶ
1704 998 1766 1034 συ
1776 999 1841 1052 μ-

278 1067 616 1138 βουλευτικὴν
665 1069 774 1121 τῶν
812 1069 1219 1140 συμφερόντων.
1258 1073 1366 1124 Καὶ
1415 1072 1489 1136 ὠς
1521 1072 1588 1126 ἂν
1630 1073 1841 1140 γένοιτό

275 1175 345 1221 τις
382 1161 519 1230 ἡμῖν
547 1159 614 1213 δι’
647 1160 843 1228 ὀλίγων
872 1160 1062 1229 ἔφοδος
1085 1161 1222 1232 πρὸς
1249 1161 1346 1232 τὴν
1373 1162 1466 1217 τοῦ
1509 1164 1672 1233 ῥητοῦ
1703 1164 1839 1217 θεω-

277 1250 408 1318 ρίαν,
439 1250 641 1303 οὑτωσὶ
674 1251 764 1304 τὸν
791 1251 946 1320 λόγον
975 1252 1377 1323 διαληψόμεθαο
1409 1253 1530 1308 Τῶν
1561 1254 1747 1316 ὄντων,
1779 1255 1841 1308 τὺ

278 1342 365 1409 μέν
405 1345 556 1395 ἐστιν
591 1343 777 1396 ὑλικόν
815 1362 874 1397 τε
912 1347 1006 1398 καὶ
1037 1345 1295 1416 αἰσθητόν
1321 1361 1332 1374 ⁸
1361 1345 1424 1398 τὸ
1455 1346 1513 1400 δὲ
1559 1349 1748 1418 νοητόν
1781 1365 1840 1416 τε

274 1435 356 1485 καὶ
380 1433 564 1486 ἁῦλον.
601 1433 817 1487 Τούτων
853 1435 914 1488 τὸ
943 1437 1040 1505 μὲν
1067 1436 1359 1506 ἀσώματον
1385 1437 1707 1508 ὑπέρκειται
1742 1439 1841 1509 τῆς

273 1522 530 1591 αἰσθητῆς
561 1523 942 1594 καταλήψεως,
1046 1526 1170 1579 τότε
1209 1527 1554 1597 γνωσόμεθα,
1581 1529 1710 1582 ὅταν
1741 1529 1841 1591 τὰς

270 1609 545 1678 αἰσθήσεις
590 1610 1006 1681 ἀποδυσώμεθα.
1061 1612 1174 1683 Τῆς
1204 1613 1261 1666 δὲ
1312 1614 1502 1685 ὑλικῆς
1559 1615 1837 1687 φύσεωςή

270 1697 512 1767 αισθησις
543 1697 644 1768 τὴν
675 1699 960 1769 ἀντίληψιν
990 1700 1212 1770 ἔχουσα,
1246 1702 1496 1772 διαϐῆναι
1529 1703 1591 1756 τὸ
1620 1705 1839 1776 οὐρανι-

1940 535 2057 582 arte
2107 535 2162 578 et
2207 521 2463 576 methodo
2503 535 2597 588 per
2646 518 2913 572 rationem
2959 524 3180 585 accepta
3232 513 3298 567 ad
3347 515 3512 568 vitam

1942 623 2090 670 recte
2119 612 2440 684 degendam.
2479 609 2604 662 llzec
2635 614 2763 661 sunt
2789 619 2920 675 ergo
2951 619 3069 672 qua:
3098 605 3255 658 nobis
3289 605 3514 672 pollice-

1940 716 2032 760 tur
2059 709 2112 761 in
2147 706 2412 776 prooemio
2439 704 2720 773 proposita
2753 699 3043 753 verborum
3070 695 3422 755 examinatio,
3462 698 3518 748 in

1939 799 2140 870 quibus
2175 795 2497 864 pronuntiat
2535 810 2657 849 esse
2698 803 2913 861 tempus
2957 801 3011 845 et
3050 789 3513 859 Opportunitatem

1941 891 2214 945 universa:
2241 889 2317 941 rei
2345 889 2447 941 sub
2481 887 2641 940 emlo.
2679 883 2736 937 Si
2764 883 2886 952 quis
2920 882 3065 937 enim
3093 878 3515 950 profunditatem

1942 987 2145 1036 sensus
2182 960 2594 1047 introspexerit,
2637 977 2879 1030 inveniet
2910 975 2964 1027 in
3004 974 3184 1028 verbis
3213 988 3337 1026 esse
3367 984 3518 1024 com-

1938 1073 2274 1143 prehensum
2330 1071 2560 1124 multum
2604 1067 2989 1139 philoSOphize,
3033 1075 3141 1119 tam
3184 1063 3520 1132 contempla-

1941 1165 2088 1226 tivm,
2124 1179 2288 1234 quam
2328 1162 2449 1230 ejus
2478 1177 2600 1231 quae
2638 1160 2878 1216 consulit
2908 1175 2970 1214 ea
3019 1174 3140 1228 quae
3173 1165 3300 1213 sunt
3342 1157 3516 1209 utilia.

1941 1255 2013 1311 Ut
2045 1264 2224 1311 autem
2248 1256 2320 1309 sit
2343 1255 2502 1309 nobis
2529 1254 2717 1322 paucis
2749 1263 2897 1307 certa
2921 1253 3004 1306 via
3031 1267 3092 1305 ac
3116 1251 3256 1305 ratio
3289 1248 3354 1303 ad
3389 1263 3520 1302 eon-

1943 1355 2149 1402 textum
2189 1345 2625 1414 intelligendum,
2662 1343 2729 1396 de
2769 1357 2833 1398 eo
2865 1351 3101 1396 tractare
3129 1341 3203 1394 ita
3238 1337 3519 1409 aggredie-

1943 1452 2066 1490 mur
2091 1449 2102 1484 :
2123 1435 2197 1490 Ex
2225 1437 2292 1490 iis
2319 1451 2439 1504 qua:
2463 1443 2612 1498 sunt,
2642 1433 2787 1487 aliud
2807 1433 3024 1502 quidem
3053 1442 3136 1486 est
3164 1430 3444 1484 maleriale
3465 1437 3519 1483 et

1940 1528 2176 1584 sensile:
2210 1527 2354 1581 aliud
2377 1537 2556 1580 autem
2592 1526 2738 1594 quod
2776 1525 2924 1578 cadit
2951 1524 3052 1576 sub
3082 1523 3514 1592 intelligentiam,

1940 1622 1994 1669 et
2038 1622 2123 1669 est
2165 1629 2362 1683 expers
2399 1615 2661 1667 materiae.
2699 1614 2772 1665 Ex
2810 1612 2898 1677 iis,
2931 1612 2980 1664 id
3014 1610 3230 1679 quidem
3264 1612 3406 1679 quod
3435 1619 3520 1664 est

1943 1706 2351 1774 incorporeum,
2382 1712 2678 1773 exsuperat
2712 1717 2909 1757 sensus
2948 1703 3514 1772 comprehensionem,

269 1786 355 1839 κὺν
378 1785 560 1856 σῶμα,
594 1787 689 1839 καὶ
721 1789 801 1850 είς
837 1788 908 1840 τὰ
937 1789 1194 1842 ἐπέκεινα
1218 1789 1326 1842 τῶν
1359 1791 1695 1861 φαινομένων
1727 1792 1840 1844 δια-

1952 1803 2213 1866 quatenus
2240 1806 2372 1849 tunc
2402 1809 2820 1864 cognoscemus,
2862 1793 3084 1864 quando
3123 1809 3322 1848 sensus
3355 1809 3519 1847 exue-

268 1877 412 1930 δῦναι
439 1877 607 1945 φύσιν
633 1877 733 1930 οὑκ
771 1877 905 1947 ἔχει.
933 1874 1006 1933 Ob
1039 1879 1201 1951 χάριν
1230 1879 1300 1933 τὰ
1330 1881 1459 1948 περὶ
1494 1881 1604 1933 τῶν
1634 1882 1837 1952 γηΐνων

270 1969 356 2021 καὶ
404 1969 747 2040 ἐπουρανίων
787 1971 815 2022 6
847 1969 1004 2038 λόγος
1046 1974 1177 2043 ἡμῖν
1225 1972 1550 2042 διαλέγεται,
1582 1975 1729 2037 ὅπως
1773 1973 1841 2028 ἂν

271 2058 578 2123 ἀπταίστως
603 2062 661 2114 ἐν
683 2061 857 2132 τούτῳ
885 2063 1202 2134 διαϐιῶμεν.
1231 2064 1443 2129 ’Υλικδς
1461 2058 1616 2128 οὗτος
1641 2068 1671 2118 6
1705 2065 1838 2135 βίος,

273 2150 351 2202 διὰ
402 2151 608 2221 σαρκὸς
649 2153 682 2222 ἡ
715 2151 848 2223 ζωή.
900 2153 1299 2210 Ἐπισκοτείται
1342 2156 1399 2209 δέ
1445 2173 1558 2220 πως
1599 2157 1703 2209 ὑπὸ
1730 2156 1841 2210 τῶν

277 2247 386 2297 κατ’
431 2245 686 2316 αἴσθησιν
741 2249 1151 2319 ἐμφαινομένων
1205 2253 1238 2321 ή
1268 2248 1363 2304 τοῦ
1398 2249 1565 2304 καλοῦ
1617 2250 1839 2322 θεωρία.

289 2337 617 2407 Ἐπιστήμης
639 2333 731 2391 οὖν
753 2355 896 2402 τινος
918 2340 1054 2412 πρὸς
1081 2340 1178 2411 τὴν
1207 2341 1302 2394 τοῦ
1321 2341 1489 2396 καλοῦ
1511 2342 1690 2412 κρίσιν
1718 2342 1840 2393 ἐπι-

277 2426 494 2494 δεόμεθα
520 2466 536 2489 ,
573 2428 663 2481 ἵνα
710 2429 960 2502 καθάπερ
1005 2433 1098 2484 ἐπὶ
1145 2431 1252 2485 τῶν
1302 2432 1842 2502 κατασκευασμάτων

281 2515 444 2569 γητνών
470 2535 554 2580 τις
585 2519 618 2588 ἢ
661 2521 970 2591 ἐπιστάθμη
1020 2522 1274 2594 διευθὺνῃ
1306 2525 1414 2576 πᾶν
1450 2524 1510 2576 τὸ
1537 2506 1840 2593 γινόμενον.

283 2607 440 2661 Τοῦτο
476 2607 570 2662 οὖν
615 2612 748 2681 ἡμῖν
781 2612 887 2664 ὑπὸ
921 2610 1017 2664 τοῦ
1064 2613 1222 2682 λόγου
1256 2614 1658 2686 προδείκνυται,
1683 2614 1750 2666 δι’
1782 2606 1843 2667 οὗ

284 2699 410 2769 πρὸς
437 2702 495 2754 τὸ
519 2702 638 2754 δέον
661 2705 694 2772 ἡ
729 2703 841 2774 ζωὴ
870 2705 1274 2759 κατευθύνεται.

1944 1888 2139 1941 rimus.
2166 1886 2496 1941 Materialem
2521 1895 2700 1940 autem
2730 1895 2981 1939 naturam
3007 1902 3204 1940 sensus
3227 1885 3522 1954 apprehen-

1943 1979 2100 2043 dens,
2137 1993 2245 2032 non
2293 1987 2377 2033 est
2417 1978 2537 2046 ejus
2576 1984 2787 2030 natura:
2827 1985 2884 2030 ut
2918 1978 3090 2045 possit
3139 1977 3374 2030 transire
3408 1989 3520 2028 ca:-

1943 2067 2081 2122 leste
2117 2081 2342 2135 corpus,
2373 2076 2426 2120 et
2455 2066 2751 2134 pervadere
2783 2065 2925 2118 ultra
2960 2079 3022 2118 ea
3058 2079 3165 2134 que
3198 2072 3520 2118 cernuntur.

1943 2158 2308 2225 Quamobrem
2344 2158 2502 2212 nobis
2529 2157 2771 2226 loquitur
2794 2173 2976 2212 sermo
3002 2156 3070 2211 de
3098 2156 3262 2211 rebus
3289 2156 3524 2210 terrenis

1943 2259 1997 2305 et
2026 2248 2366 2309 caelestibus,
2415 2254 2475 2301 ut
2510 2248 2649 2301 citra
2691 2263 2935 2302 errorem
2987 2247 3041 2300 in
3090 2247 3194 2300 hac
3225 2247 3334 2300 vita
3377 2247 3527 2298 viva-

1945 2356 2088 2395 mus.
2126 2333 2423 2395 Materialis
2460 2339 2574 2394 haec
2611 2341 2721 2392 vita
2750 2347 2834 2394 est
2859 2340 2971 2394 vita
3011 2355 3108 2409 per
3153 2355 3393 2393 carnem.
3445 2338 3525 2390 Ab

1946 2432 2016 2486 iis
2061 2439 2243 2486 autem
2276 2447 2398 2501 qua:
2444 2446 2542 2501 per
2592 2446 2815 2486 sensum
2859 2438 3146 2499 apparent,
3195 2431 3525 2484 obscuratur

1947 2523 2351 2592 quodammodo
2383 2525 2775 2593 contemplatio
2805 2523 2924 2592 ejus
2951 2523 3096 2592 quod
3124 2531 3207 2577 est
3241 2523 3443 2577 bonum
3473 2527 3526 2575 et

1949 2612 2261 2667 honestum.
2311 2611 2462 2681 Opus
2508 2620 2593 2667 est
2638 2628 2769 2683 ergo
2799 2614 2982 2683 aliqua
3017 2615 3248 2668 scientia
3289 2613 3352 2666 ad
3381 2612 3530 2681 judi-

1948 2703 2184 2757 candum
2223 2703 2274 2756 id
2303 2703 2449 2773 quod
2491 2711 2576 2758 est
2619 2704 2818 2758 bonum
2868 2712 2922 2759 et
2969 2705 3276 2766 honestum,
3317 2712 3377 2758 ut
3407 2713 3529 2756 tan-

285 2803 434 2855 quam
477 2791 532 2844 in
576 2791 826 2848 aediﬁciis
863 2795 1052 2865 regula
1093 2795 1275 2864 aliqua
1318 2803 1413 2850 aut
1461 2795 1720 2861 amussis,
1761 2794 1815 2848 id
1856 2801 2031 2848 totum
2067 2793 2211 2863 quod
2267 2793 2326 2847 ﬁt
2366 2793 2587 2864 dirigat.
2635 2795 2717 2850 Ab
2751 2795 2998 2850 oratione
3043 2809 3173 2864 ergo
3219 2797 3321 2850 hoc
3371 2793 3530 2848 nobis

281 2879 427 2946 prius
451 2881 778 2946 ostenditur,
813 2899 908 2954 per
937 2885 1084 2955 quod
1113 2887 1222 2940 vita
1251 2887 1512 2959 dirigitur
1541 2889 1609 2942 ad
1651 2887 1700 2942 id
1739 2887 1887 2956 quod
1927 2894 2164 2955 oportet.

347 2973 445 3026 Δύο
494 2975 602 3046 γὰρ
657 2973 796 3031 εἷναί
849 2995 980 3048 φησι
1029 2979 1122 3032 τοῦ
1183 2980 1350 3038 καλοῦ
1389 2982 1652 3052 κριτήρια
1697 2979 1848 3050 παρὰ

282 3063 367 3116 τὸν
413 3065 542 3135 βίον,
582 3068 668 3136 ἐφ’
717 3069 936 3139 ἑκάστῳ
966 3069 1077 3122 τῶν
1118 3071 1255 3140 ἐντῇ
1301 3067 1412 3140 ζωῇ
1457 3071 1630 3141 ταύτῃ
1679 3086 1845 3122 σπου-

279 3155 616 3226 δαζομένων,
654 3159 717 3211 τὸ
773 3158 1085 3230 σύμμετρον
1145 3162 1236 3212 καὶ
1294 3161 1355 3213 τὸ
1408 3159 1683 3230 εὔκαιρον.
1738 3160 1916 3250 Καὶο

279 3246 431 3300 τοῦτο
485 3248 798 3319 δογματίζει
853 3250 947 3303 νῦν
1005 3251 1210 3318 λέγων·
1238 3252 1361 3314 Τοῖς
1418 3253 1580 3304 πᾶσιν
1632 3253 1660 3304 6
1717 3250 1845 3320 χρό-

284 3354 406 3400 νος,
443 3341 531 3393 καὶ
591 3341 784 3412 καιρὸς
814 3341 891 3412 τῷ
948 3345 1110 3396 παντὶ
1163 3344 1466 3414 πράγματι.
1511 3343 1748 3412 Νοητέον
1791 3342 1849 3394 δὲ

284 3429 400 3482 ἀντὶ
437 3431 525 3484 τοῦ
573 3433 767 3504 χρόνου
821 3434 883 3486 τὺ
933 3435 1153 3506 μέτρον,
1199 3435 1331 3489 διότι
1388 3437 1550 3488 παντὶ
1603 3435 1711 3488 τῶν
1760 3453 1849 3504 γι-

287 3521 509 3588 νομένων
546 3524 1041 3594 συμπαρατείνεται
1068 3526 1276 3596 χρόνος.
1315 3525 1500 3579 Ταῦτα
1531 3525 1709 3578 τοίνυν
1755 3525 1848 3579 τοῦ

291 3608 443 3662 καλοῦ
473 3610 538 3664 τὰ
576 3613 858 3683 κριτήρια,
894 3616 941 3666 εί
978 3615 1052 3684 μὴ
1083 3614 1306 3668 καθόλου
1339 3616 1474 3686 πρὸς
1513 3606 1692 3668 πᾶσαὺ
1720 3616 1848 3685 ἁρε-

293 3697 384 3766 τῖις
421 3702 748 3773 κατόρθωσιν
801 3704 1118 3774 ἐπιτηδείως
1154 3704 1286 3774 ἔχει,
1326 3703 1479 3757 οὑπω
1524 3703 1850 3774 διισχυρίζο-

299 3805 404 3856 μαι.
431 3792 530 3856 ’ἑως
562 3791 627 3846 ἂν
654 3795 681 3847 6
706 3792 864 3862 λόγος
892 3793 1096 3864 προῖὼν
1126 3793 1385 3866 ἐπιδείξῃ.
1418 3796 1537 3848 Ὅτι
1574 3796 1758 3864 μέντοι
1793 3795 1853 3847 τὸ

296 3881 460 3934 πλεῖον
492 3884 590 3953 τῆς
625 3883 963 3956 τεταγμένης
997 3883 1142 3955 ζωῆς
1186 3888 1252 3956 τῇ
1291 3885 1510 3956 τοιαύτῃ
1560 3886 1852 3955 κατορθοῦ-

296 3987 376 4023 ται
420 3977 812 4047 παρατηρήσει,
865 3976 1065 4039 παντὸς
1106 3977 1170 4030 ἂν
1217 3977 1302 4047 εἴη
1358 3979 1708 4048 κατανοῆσαι.
1758 3977 1854 4040 Τίς

297 4065 395 4134 γὰρ
421 4066 515 4118 οὑκ
540 4061 680 4119 οἶδεν
708 4068 790 4120 ὅτι
829 4068 922 4119 καὶ
963 4069 998 4136 η
1039 4067 1208 4138 ἀρετὴ
1238 4067 1432 4139 μέτρον
1453 4068 1571 4120 ἐστὶ
1595 4070 1661 4138 τῇ
1697 4067 1856 4137 μεσό-

293 4167 402 4220 τητι
446 4154 547 4207 τῶν
589 4155 1132 4226 παραθεωρουμένων
1179 4156 1572 4229 μετρούμενονς
1636 4157 1710 4210 οὗ
1747 4157 1855 4228 γὰρ

292 4242 355 4295 ἂν
379 4246 575 4312 γένοιτο
607 4247 778 4318 ἀρετὴ
811 4250 845 4318 ἡ
879 4248 1102 4320 ἐλλιπὴς
1126 4248 1220 4301 τοῦ
1252 4249 1582 4320 καθήκοντος
1630 4250 1854 4322 μέτρου,

290 4332 321 4400 ἢ
357 4336 785 4407 ὑπερπίπτουσα,
823 4333 933 4392 οἷον
979 4339 1073 4391 ἐπὶ
1108 4339 1208 4408 τῆς
1249 4339 1521 4410 ἀνδρείας,
1559 4334 1623 4410 ἦς
1663 4339 1724 4393 τὸ
1759 4342 1856 4411 μὲν

289 4424 536 4493 ἐλλεῖπον,
578 4428 770 4492 δειλία,
797 4429 859 4482 τὸ
891 4429 948 4482 δὲ
989 4429 1356 4501 ὑπερϐάλλον,
1392 4430 1588 4499 θράσος
1625 4431 1853 4498 γίνεται.

2025 2977 2169 3031 Dicit
2216 2978 2362 3032 enim
2403 2977 2514 3032 duo
2547 2993 2693 3042 esse,
2741 2994 2840 3050 per
2873 2991 2996 3048 qua}
3039 2979 3185 3049 quod
3224 2979 3425 3034 bonum
3477 2987 3533 3032 et

1953 3069 2248 3123 honestum
2278 3076 2360 3122 est
2403 3069 2686 3137 judicatur
2719 3070 2772 3123 in
2822 3071 2949 3133 vita,
2990 3070 3045 3124 in
3076 3085 3406 3140 unoquoque
3439 3085 3534 3122 eo-

1951 3175 2070 3212 rum
2095 3160 2147 3213 in
2167 3173 2288 3228 quae
2309 3159 2550 3213 studium
2572 3160 2626 3214 in
2654 3174 2715 3214 ea
2735 3160 3018 3214 confertur
3044 3179 3057 3214 :
3087 3176 3278 3229 nempe
3308 3175 3534 3230 syuune-

1953 3252 2058 3304 tria
2086 3259 2140 3304 et
2176 3251 2579 3320 opportunitas.
2622 3251 2697 3305 De
2739 3267 2804 3306 eo
2849 3263 3030 3307 autem
3065 3268 3210 3306 nunc
3253 3251 3534 3305 decretum

1953 3340 2168 3400 statuit,
2207 3340 2437 3394 dicens:
2479 3339 2748 3395 Omnibus
2780 3351 2866 3395 est
2909 3349 3143 3410 tempus,
3190 3348 3243 3394 et
3272 3349 3536 3410 Opportu—

1953 3433 2100 3486 nitas
2140 3433 2411 3487 universae
2458 3433 2557 3486 rei.
2606 3433 2710 3488 Pro
2737 3442 2982 3504 tempore
3017 3441 3197 3488 autem
3235 3433 3537 3503 intelligere

1955 3532 2171 3594 oportet
2240 3527 2461 3580 modum
2528 3542 2625 3580 seu
2675 3541 3008 3589 mensuram,
3054 3533 3338 3595 propterea
3391 3523 3537 3593 quod

1953 3631 2077 3670 cum
2107 3616 2351 3684 quolibet
2393 3631 2582 3670 eorum
2615 3631 2736 3684 qua:
2773 3615 2908 3669 ﬁunt
2949 3624 3163 3684 tempus
3219 3616 3382 3670 simul
3439 3630 3537 3668 ex-

1954 3707 2230 3761 tendatur.
2270 3707 2396 3760 Hazc
2451 3721 2582 3775 ergo
2636 3707 2836 3776 quibus
2897 3707 3100 3760 bonum
3150 3714 3205 3760 et
3247 3705 3537 3758 honestum

1951 3798 2290 3868 iudicantur,
2324 3813 2390 3851 an
2427 3798 2538 3852 sint
2566 3798 2795 3851 omnino
2823 3804 2952 3868 apta
2984 3797 3049 3850 ad
3083 3811 3300 3849 omnem
3329 3803 3536 3848 rectam

1953 3905 2019 3945 ex
2049 3891 2252 3944 virtute
2297 3890 2595 3952 actionem,
2641 3889 2887 3942 nondum
2921 3889 3218 3950 constituo,
3263 3887 3438 3940 donec
3484 3884 3538 3940 id

1955 3980 2260 4049 procedens
2307 3979 2564 4034 ostendat
2611 3979 2812 4033 oratio.
2872 3976 3026 4044 Quod
3077 3988 3254 4032 autem
3303 3976 3538 4030 maxima

1956 4084 2084 4139 pars
2113 4070 2236 4123 vitae
2261 4084 2387 4123 vere
2417 4070 2683 4124 instituta:
2711 4084 2770 4124 se
2806 4077 2954 4124 recte
2980 4076 3154 4138 gerat,
3185 4080 3251 4122 ea
3281 4068 3539 4122 observa-

1959 4161 2103 4214 tione
2136 4169 2314 4228 potest
2352 4159 2580 4228 quilibet
2609 4160 2945 4230 perspicere.
2980 4157 3118 4223 Quis
3162 4159 3307 4212 enim
3362 4157 3541 4210 nescit

1957 4250 2220 4304 virtutem
2279 4264 2405 4304 esse
2452 4263 2792 4314 mensuram,
2833 4262 2999 4317 quam
3041 4247 3264 4301 metitur
3303 4245 3540 4300 nedium

1959 4357 2149 4396 eorum
2178 4356 2301 4410 quae
2337 4340 2494 4409 juxta
2544 4355 2664 4394 eam
2713 4338 3175 4394 considerantur?
3218 4335 3337 4392 Non
3394 4338 3542 4392 enim

1966 4440 2148 4502 potest
2191 4446 2317 4486 esse
2344 4432 2540 4493 virtus,
2593 4432 2684 4484 cui
2722 4431 2805 4485 vel
2850 4430 3024 4494 deest,
3069 4429 3156 4483 vel
3200 4429 3289 4483 cui
3326 4428 3543 4484 excedit

289 4511 357 4568 οὗ
379 4520 528 4591 χάριν
555 4523 650 4575 καί
687 4537 831 4584 τινες
855 4521 955 4590 τῆς
980 4521 1084 4585 ἔξω
1111 4519 1320 4588 σοφίας,
1343 4519 1570 4575 κλέπται
1591 4522 1730 4594 τάχα
1754 4521 1850 4574 τῶι

1966 4522 2310 4575 conveniens
2339 4534 2624 4583 mensura,
2667 4527 2724 4571 ut
2755 4519 2810 4572 in
2844 4521 3026 4588 magni
3061 4529 3114 4573 et
3141 4519 3346 4573 excelsi
3372 4536 3438 4571 an
3466 4519 3542 4571 mi

288 4608 554 4680 ἡμετέρων
579 4610 881 4680 γενόμενοι,
907 4609 1200 4678 διελόμενοι
1231 4608 1330 4678 τὴν
1364 4606 1770 4678 σημαινομένην
1800 4607 1857 4660 ἐν

287 4696 360 4766 τῷ
383 4700 527 4770 ῥητῷ
562 4701 742 4770 τούτῳ
773 4700 1034 4760 διάνοιαν,
1074 4700 1103 4750 6
1140 4699 1238 4768 μὲν
1273 4698 1334 4750 τὸ
1369 4698 1534 4767 μηδὲν
1571 4696 1857 4758 ἐλλείπειν,

284 4787 341 4838 ἐν
377 4789 758 4861 ἁποιρθέγματι
793 4788 1226 4855 συνεϐούλευσεν,
1261 4790 1290 4842 6
1326 4788 1382 4841 δὲ
1417 4789 1477 4841 τὸ
1510 4788 1629 4841 λίαν
1659 4787 1864 4841 ἐκώλυ-

283 4896 400 4936 σεν
430 4883 458 4934 6
491 4884 590 4952 μὲν
619 4882 732 4953 γὰρ
762 4882 822 4934 τὸ
864 4881 1076 4951 μέτρονδ
1098 4881 1320 4950 ἄριστον
1361 4883 1707 4951 ἀπεφήνατο,
1747 4883 1775 4932 6
1804 4880 1860 4933 δὲ

276 4973 338 5024 τδ
379 4973 546 5044 μηδὲν
589 4974 732 5041 ἄγαν
774 4971 1183 5042 ἐνομοθέτησεν.
1226 4972 1507 5024 Δείκνυται
1543 4971 1599 5024 δὲ
1635 4970 1701 5024 δι’
1737 4972 1862 5023 ὲκαο

274 5062 466 5133 τέρων,
514 5067 596 5119 ὅτι
646 5061 742 5117 καὶ
783 5064 843 5117 τὸ
873 5063 948 5135 μὴ
975 5061 1257 5130 ἐφικέσθαι
1296 5061 1390 5115 τοῦ
1434 5060 1860 5131 ὲπιζητουμένου

272 5156 394 5208 κατ’
428 5157 630 5227 ἀκτὴν
662 5155 885 5225 μέτρου,
931 5153 1038 5208 τῶν
1084 5153 1544 5222 κατεγνωσμένων
1585 5152 1722 5214 ἐστὶ,
1769 5151 1862 5204 καὶ

269 5248 333 5300 τὺ
396 5245 758 5317 ὑπερϐάλλειν
809 5247 908 5316 τὴν
952 5247 1292 5316 συμμετρίαν
1338 5245 1658 5316 ἀπόϐλητον.
1705 5245 1862 5300 Ἀλλὰ

269 5341 364 5392 καὶ
408 5340 537 5410 περὶ
566 5340 662 5392 τοῦ
705 5339 848 5392 κατὰ
889 5338 987 5410 τὴν
1041 5340 1324 5408 εὐκαιρίαν
1382 5340 1582 5410 μέρους
1623 5340 1653 5392 6
1702 5341 1864 5403 αὐτὸς

270 5429 337 5482 ἂν
376 5430 513 5498 ἡμῖν
539 5429 936 5500 ἀποδοθήσεται
974 5429 1130 5498 λόγος
1147 5447 1160 5462 ο
1184 5431 1265 5484 ὅτι
1292 5429 1416 5483 οὗτε
1443 5430 1504 5484 τὸ
1542 5431 1862 5500 προλαμϐάα

269 5538 362 5574 ναν
414 5522 514 5592 τὴν
560 5523 866 5592 εὐκαιρίαν,
909 5521 1030 5575 οὔτε
1082 5522 1143 5575 τὸ
1192 5523 1540 5594 ἐφυστερίζον
1570 5526 1626 5577 ἐν
1660 5522 1864 5593 ἀγαθοῦ

273 5613 523 5681 κρίνεται
573 5621 758 5684 μοίρᾳ.
811 5615 878 5668 Τί
929 5615 1105 5685 ὢνησε
1151 5615 1239 5669 τὸν
1269 5617 1541 5684 γεωπόνον
1575 5616 1867 5687 ἐμπιστεύ-

274 5721 450 5762 una
502 5707 602 5774 τὴν
653 5707 756 5758 τῶν
802 5707 1086 5777 ἀσταχύων
1127 5707 1319 5780 τομὴν,
1370 5709 1496 5780 πρὶν
1542 5710 1864 5780 ἅδρυνθῆναι

1962 4613 2190 4676 virtute,
2225 4609 2388 4679 cujus
2435 4608 2581 4679 quod
2631 4609 2815 4662 deﬁcit
2848 4608 3092 4678 quidem,
3125 4616 3210 4662 est
3251 4605 3540 4670 timiditas,

1969 4702 2118 4773 quod
2158 4711 2456 4772 exsuperat
2508 4708 2715 4764 autem,
2765 4707 2848 4755 cst
2898 4700 3148 4754 audacia.
3173 4699 3543 4767 Quamobrem

1960 4803 2218 4855 externa:
2249 4791 2534 4860 sapientia:
2569 4791 2846 4853 nonnulli,
2884 4806 2914 4843 a
2949 4791 3158 4845 nostris
3195 4789 3335 4843 forte
3375 4788 3546 4843 suﬂu-

1961 4885 2088 4948 rati,
2128 4884 2542 4953 distinguentes
2575 4898 2802 4937 sensum
2839 4883 2932 4952 qui
2971 4888 3024 4936 in
3052 4883 3156 4937 hoc
3181 4890 3331 4936 textu
3373 4879 3546 4950 signi-

1962 4977 2184 5038 ﬁcatur,
2219 4975 2364 5028 alius
2407 4973 2653 5043 quidem,
2706 4981 2766 5027 ut
2809 4975 2946 5027 nihil
2998 4973 3216 5028 deesset
3269 4972 3546 5026 consuluit

1953 5065 2007 5120 in
2023 5064 2474 5136 apophtltegmate
2502 5083 2515 5118 :
2541 5065 2685 5119 alius
2709 5079 2837 5118 vero
2861 5065 3005 5132 quod
3036 5066 3264 5118 nimium
3286 5073 3389 5128 est,
3423 5078 3537 5132 pro-

1963 5153 2161 5208 hibuit.
2197 5153 2333 5208 Nam
2381 5154 2472 5208 bic
2505 5156 2725 5225 quidem
2761 5171 2885 5210 esse
2917 5171 3233 5210 mensuram
3281 5155 3546 5224 optimam

1963 5245 2386 5328 pronuntiavit‘:
2438 5247 2577 5302 alter
2615 5263 2744 5300 vero
2782 5255 2840 5300 nt
2873 5262 2942 5301 ne
2991 5247 3122 5316 quid
3166 5255 3311 5302 esset
3352 5247 3538 5311 nimis,

1963 5341 2083 5412 lege
2113 5344 2320 5398 sanxit.
2353 5342 2458 5398 Per
2482 5352 2782 5413 utrumque
2815 5351 3002 5395 autem
3033 5342 3364 5405 ostenditur,
3398 5338 3545 5408 quod

1963 5450 2073 5488 non
2121 5433 2348 5506 assequi
2386 5441 2704 5490 mensuram
2745 5450 2866 5504 qua:
2911 5451 2976 5488 ex
3022 5436 3220 5488 virtute
3261 5431 3546 5501 quaeritur,

1963 5531 2048 5580 est
2083 5540 2150 5579 ex
2201 5525 2269 5580 iis
2305 5541 2426 5596 quae
2460 5532 2592 5580 sunt
2646 5527 2940 5595 reprobata
2975 5543 2986 5579 :
3043 5533 3097 5579 et
3129 5517 3544 5579 convenientem

1963 5631 2298 5685 exsuperare
2345 5617 2606 5679 modum,
2662 5624 2747 5670 est
2805 5616 3188 5683 rejiciendum.
3244 5612 3349 5666 Sed
3393 5620 3446 5664 ct
3479 5614 3549 5666 de

1968 5719 2119 5777 parte
2152 5709 2590 5780 opportunitatis
2624 5708 2771 5765 idem
2825 5723 3046 5778 quoque
3084 5725 3114 5764 a
3158 5706 3314 5766 nobis
3359 5717 3550 5763 ιτιιιιο-
