4018 6334
557 321 665 382 699

1830 338 1887 394 S.
1921 341 2247 400 GREGORII
2286 345 2582 402 NYSSENI
3657 359 3743 419 700

560 449 688 492 tur:
723 451 919 508 nempe
951 440 1102 542 quod
1126 456 1306 542 neque
1339 445 1484 514 quod
1518 452 1778 517 praevenit
1805 460 2126 526 opportuni:

2233 461 2351 514 καθ’
2402 462 2550 534 ὥραν
2591 463 2659 516 τὰ
2702 463 2846 534 λήῖα,
2895 465 2926 536 ἦ
2982 464 3345 538 ὑπερθέμενον
3383 467 3474 538 τὴν
3518 473 3630 542 περὶ
3670 477 3744 532 τὸν

558 537 748 592 tatem,
766 542 944 599 neque
960 531 1105 600 quod
1122 532 1180 586 tit
1197 535 1431 602 tardius,
1446 538 1648 594 bonum
1674 553 1950 599 censetur.
1987 548 2128 612 Quid

557 619 784 690 prodest
794 623 1068 692 agricolae,
1085 627 1175 681 cui
1192 628 1444 684 mandata
1461 640 1544 686 est
1557 648 1687 686 cura
1705 637 1953 692 secandis
1970 655 2126 709 sege-

559 712 649 776 tis,
664 712 708 766 si
729 712 1048 784 priusquam
1069 717 1314 789 sitseges
1335 733 1570 787 matura,
1586 740 1707 779 eam
1723 737 1893 792 secet,
1910 739 2002 784 aut
2018 747 2130 786 me-

557 808 673 855 tere
701 800 940 868 diﬂerat,
958 804 1136 862 donec
1162 821 1230 862 ex
1245 809 1444 866 culmis
1463 811 2041 871 eﬂluxerintsemina?
2069 818 2128 872 ln

557 900 755 949 neutro
783 895 930 949 enim
960 897 1036 950 ita
1072 908 1360 955 exercetur
1391 903 1636 957 studium
1668 917 1727 959 ut
1758 907 1831 962 sil.
1868 907 1922 960 in
1960 910 2126 973 bono,

557 989 750 1052 utpote
779 985 926 1053 quod
969 987 1210 1042 secando
1246 990 1560 1060 importune
1586 994 1780 1064 perdat
1806 999 2129 1066 opportuni-

559 1080 725 1129 tatem
767 1078 1052 1146 temporis.
1092 1079 1464 1144 Quodautem
1505 1083 1710 1139 dictum
1750 1087 1915 1141 estin
1958 1096 2128 1158 parte,

556 1165 787 1238 intelligi
828 1178 1010 1238 potest
1059 1171 1225 1226 etiam
1271 1172 1326 1226 in
1376 1174 1656 1232 universo.
1701 1175 1939 1246 ldipsum
1984 1179 2129 1232 enim

555 1262 812 1315 usuvenit
850 1263 1018 1318 etiam
1056 1263 1110 1317 in
1149 1265 1520 1337 navigatione,
1549 1268 1664 1324 sive
1693 1271 1960 1340 quispiam
1990 1285 2129 1342 prae-

527 1353 763 1412 ,venerit
811 1356 1309 1424 Opportunitatem,
1380 1359 1496 1415 sive
1547 1360 1761 1416 tardius
1812 1364 2126 1418 accesserit.

555 1440 698 1506 Quid
737 1452 917 1498 autem
941 1443 1234 1500 dicendum
1267 1446 1335 1502 de
1359 1448 1609 1504 medendi
1653 1458 1789 1514 arte,
1823 1464 1947 1503 cum
1973 1450 2129 1505 dam-

556 1547 687 1586 num
741 1533 1308 1606 ail'eratexsuperatio
1355 1546 1410 1594 et
1457 1539 1706 1595 defectus
1756 1543 2021 1612 temporis
2077 1551 2132 1598 et

556 1638 850 1689 mensurae,
889 1642 1008 1695 qua;
1054 1628 1312 1682 convenit
1344 1632 1658 1685 curationi?
1694 1630 1800 1686 Sed
1849 1634 1964 1687 hmo
2006 1634 2130 1704 qui-

2235 552 2443 623 ἂμητον
2495 554 2750 625 σπουδὴν,
2795 555 2899 619 ἕως
2945 549 3006 608 οὗ
3055 558 3320 628 περιρρυῇ
3372 561 3435 629 τῇ
3467 559 3661 635 καλάμῃ
3691 567 3748 621 τὰ

2237 644 2561 714 σπέρματα;
2608 646 2696 697 Ἐν
2739 645 3006 717 οὐδετέρῳ
3053 646 3162 717 γὰρ
3209 647 3420 717 ἐνεργὸς
3463 649 3542 702 ἐπ’
3591 654 3750 724 ἀγαθῷ

2231 734 2442 801 γίνεται
2477 737 2510 806 ή
2541 736 2767 806 σπουδὴ,
2805 736 2925 790 καθ’
2958 737 3143 810 ἑτέρου
3176 737 3266 791 τοῦ
3298 739 3479 810 καιροῦ
3518 742 3605 814 τὴν
3633 745 3753 814 ὠφέ-

2230 823 2378 876 λειαν
2411 825 2468 877 ὲν
2505 827 2568 896 τῇ
2613 826 2841 898 ἀκαιρία
2887 830 2989 898 τῆς
3033 831 3206 899 τομῆς
3254 829 3588 887 ἀπολλύοντα.
3619 837 3674 887 ’0
3704 836 3752 889 δὲ

2232 916 2325 968 ἐπὶ
2356 916 2555 986 μέρους
2581 917 2818 989 εῐρηται,
2845 921 2940 972 καὶ
2968 921 3024 972 ὲν
3047 922 3210 974 παντὶ
3241 921 3456 976 δυνατόν
3487 923 3591 975 ἔστι
3621 940 3754 978 κατα-

2234 1006 2443 1075 νοῆσαι.
2481 1003 2606 1061 Οἷδε
2655 1009 2763 1078 γάρ
2814 1010 2876 1064 τὸ
2912 1010 3026 1064 ἴσον
3068 1011 3160 1065 καλ⁵
3197 1014 3232 1082 ή
3271 1012 3520 1077 ναυτιλία,
3549 1015 3644 1066 εἴτε
3685 1033 3756 1079 τις

2239 1098 2497 1171 προλάϐοι
2525 1099 2620 1170 τὴν
2642 1100 2946 1168 εὐκαιρίαν,
2977 1101 3028 1156 ετ
3037 1119 3090 1154 τε
3127 1102 3540 1172 ὲφυστερίσειεν,
3559 1103 3618 1155 Τί
3643 1104 3680 1156 δ’
3705 1107 3758 1158 ἄν

2235 1191 2332 1248 τις
2367 1185 2435 1238 τὰ
2480 1187 2578 1256 τῆς
2607 1187 2853 1258 ἰατρικῆς
2900 1188 3066 1256 λέγοι,
3098 1190 3224 1261 παρ’
3255 1190 3375 1244 ὅσον
3421 1191 3533 1244 ἐστὶ
3571 1193 3656 1245 καὶ
3696 1196 3758 1256 εἰς

2240 1277 2446 1348 βλάϐην
2479 1278 2748 1349 ὑπερϐολή
2787 1296 2848 1332 τε
2893 1279 2989 1333 καὶ
3031 1279 3262 1348 ἔλλειψις
3305 1279 3396 1333 τοῦ
3437 1285 3500 1352 τῇ
3535 1280 3761 1352 θεραπείᾳ

2238 1366 2567 1438 καθήκοντος
2618 1367 2810 1439 καιροῦ
2856 1370 2948 1424 κα)⁸
3000 1371 3238 1442 μέτρου;
3278 1370 3433 1424 Ἀλλά
3487 1371 3641 1424 ταῦτα
3681 1373 3761 1440 μὲν
3831 1413 3834 1416 .

2237 1461 2396 1514 ὲάσαι
2423 1462 2548 1533 χρὴ,
2577 1461 2665 1516 διὰ
2700 1461 2794 1515 τοῦ
2833 1461 3029 1532 ἐφεξῆς
3067 1462 3244 1530 λόγου,
3285 1464 3341 1516 ὲν
3369 1464 3546 1526 αὐταῖς
3564 1466 3668 1525 ταῖς
3685 1463 3760 1514 τοῦ

2250 1546 2670 1618 Ἐκκλησιαστοῦ
2699 1551 2902 1616 φωναῖς
2927 1551 3257 1621 σαφέστερον
3286 1552 3664 1621 φανερουμένου
3685 1551 3763 1603 τοῦ

2239 1637 2648 1709 ύποδείγματος.

554 1708 679 1765 dem
707 1722 837 1767 sunt
869 1716 1160 1782 mittenda,
1210 1733 1335 1772 cum
1366 1733 1466 1789 per
1495 1719 1553 1774 id
1623 1721 1768 1791 quod
1808 1721 2069 1796 deinceps
2145 1728 2416 1796 sequitur,
2467 1708 2544 1785 fin
2592 1732 2734 1802 ipsis
2771 1731 2956 1788 verbis
3003 1730 3347 1786 Ecclesiastze
3375 1731 3659 1801 exemplum
3694 1730 3769 1783 ﬁat

552 1804 780 1859 clarius.

627 1900 734 1954 Sed
772 1915 942 1970 quare
972 1910 1101 1958 sunt
1133 1903 1248 1958 haec
1278 1904 1439 1960 nobis
1471 1908 1774 1975 praemissa,
1812 1915 1870 1962 ut
1896 1924 1958 1965 ea
1992 1925 2126 1966 con-
2160 1919 2202 1974 Β

555 1993 900 2050 sideremus?
941 1997 1214 2061 Quoniam
1255 2013 1433 2066 neque
1457 1999 1603 2066 quod
1650 2016 1910 2056 mensura
1957 2011 2128 2066 caret,

555 2094 640 2142 est
669 2087 895 2151 bonum,
929 2101 1106 2157 neque
1131 2087 1280 2154 quod
1311 2097 1395 2143 est
1431 2088 1842 2158 importunum;
1872 2093 1967 2148 sed
1998 2092 2131 2147 illud

555 2190 642 2237 est
676 2182 876 2236 bonum
903 2191 957 2236 et
985 2198 1050 2236 ex
1092 2183 1296 2237 virtute
1343 2182 1571 2248 factum,
1599 2184 1747 2254 quod
1789 2201 1882 2255 per
1913 2194 2130 2240 utrum-

556 2289 666 2344 que
697 2276 910 2343 accepit
961 2273 1374 2342 perfectionem.
1413 2273 1469 2329 Si
1500 2276 1646 2330 enim
1695 2277 1790 2330 uni
1839 2277 1938 2331 soli
1971 2279 2132 2334 exiis

557 2365 954 2430 attenderetur,
1008 2365 1279 2434 reliquum
1321 2375 1502 2422 autem
1549 2368 1935 2439 negligeretur,
1987 2378 2133 2426 esset

557 2457 751 2512 inutile
779 2457 945 2511 etiam
975 2457 1121 2526 quod
1175 2465 1324 2513 recte
1355 2467 1569 2528 gestum
1596 2470 1744 2515 esset
1791 2462 1845 2515 in
1896 2462 2129 2531 reliquo.

559 2548 716 2602 Sicut
751 2563 880 2619 ergo
905 2564 1028 2604 cum
1065 2564 1166 2604 nos
1200 2561 1406 2604 motum
1436 2552 1653 2608 duobus
1686 2568 2011 2624 peragamus
2036 2569 2133 2625 pe-

556 2639 742 2704 dibus,
778 2640 825 2696 si
857 2641 1139 2711 quidpiam
1175 2643 1333 2697 alteri
1367 2641 1687 2708 accidisset,
1736 2646 1944 2700 inutilis
1986 2627 2133 2701 esset

558 2730 628 2784 ad
663 2745 887 2786 cursum
919 2732 968 2786 is
999 2733 1162 2787 etiam
1199 2735 1289 2787 cui
1326 2734 1463 2787 nihil
1495 2735 1713 2800 accidit,
1749 2746 1973 2804 pr0pter
2011 2735 2132 2805 ejus

555 2824 651 2893 qui
697 2824 864 2878 simul
914 2839 1038 2878 cum
1109 2825 1286 2879 altero
1315 2833 1610 2894 operatur,
1656 2825 2127 2880 iu'ihecillitatem:

563 2916 636 2970 ita
697 2915 741 2970 si
806 2915 1041 2984 tempori
1113 2917 1254 2971 desit
1316 2931 1623 2980 mensura,
1703 2924 1798 2969 aut
1863 2931 2132 2972 mensum

556 3007 976 3076 opportunitas,
1059 3022 1184 3060 cum
1267 3020 1336 3061 eo
1403 2993 1584 3075 quod
1632 3013 1840 3072 restat,
1907 3008 2132 3062 omnino

555 3100 721 3151 etiam
793 3099 846 3152 id
913 3097 1058 3167 quod
1109 3096 1305 3161 adest,
1373 3103 1456 3152 est
1523 3097 1735 3150 inutile.
1808 3096 1915 3150 Sed
1977 3107 2032 3152 et
2077 3098 2131 3152 in

555 3198 802 3259 tempore
853 3190 1191 3244 conveniens
1244 3189 1598 3259 symmetria,
1660 3195 1715 3241 et
1772 3187 1828 3240 in
1872 3202 2130 3243 mensura

2317 1909 2455 1962 Ἀλλ’
2481 1900 2540 1962 οὗ
2581 1908 2739 1979 χάριν
2781 1906 2955 1962 ταῦτα
2995 1908 3128 1978 ἡμῖν
3175 1904 3637 1978 προτεθεώρηται;
3668 1903 3773 1958 Ὀτι

2232 2001 2355 2055 οὔτε
2406 2002 2466 2054 τὸ
2517 2001 2754 2073 ἄμετρον
2799 1999 3000 2068 ἀγαθόν
3057 2002 3223 2062 ἐστιν,
3274 1997 3398 2051 οὔτε
3452 1998 3511 2050 τὺ
3551 1999 3768 2068 ἄκαιρον·

2233 2093 2348 2149 ἀλλ’
2375 2094 2552 2146 έκεῖνο
2590 2092 2753 2146 καλόν
2791 2110 2848 2146 τε
2890 2094 2984 2146 καὶ
3031 2091 3270 2162 αἱρετὸν,
3314 2091 3343 2144 ὂ
3385 2091 3448 2144 δι’
3487 2089 3774 2160 ἀμφοτέρων

2230 2185 2344 2255 ἔχει
2373 2184 2432 2238 τὸ
2458 2185 2679 2238 τέλειον.
2728 2185 2791 2236 Εί
2836 2184 2945 2253 γὰρ
2995 2183 3154 2252 μόνον
3183 2182 3246 2234 τὸ
3280 2181 3338 2236 ἓν
3370 2185 3428 2236 ὲν
3460 2181 3600 2251 αὐτῷ
3634 2197 3774 2233 σπουο

2231 2261 2472 2345 διαθείη,
2495 2275 2801 2347 παραφθείη
2835 2275 2890 2326 δὲ
2922 2274 2982 2327 τὸ
3008 2273 3350 2344 λειπόμενον,
3382 2273 3625 2343 ἀνόνητον
3650 2270 3775 2323 ἔσται

2233 2368 2327 2421 καὶ
2354 2366 2413 2419 τὸ
2443 2366 2785 2438 κατορῦωθὲν
2831 2370 2888 2420 ὲν
2921 2367 2996 2437 τῷ
3035 2368 3303 2420 λείποντι.
3335 2365 3536 2420 Οὐκοῦν
3563 2364 3774 2434 καθάπερ

2232 2454 2326 2507 δύο
2353 2456 2508 2508 ποσὶν
2540 2453 2902 2526 ἐνεργούντων
2933 2454 3088 2526 ήμῶν
3121 2456 3218 2525 τὴν
3249 2456 3481 2525 κίνησιν,
3515 2453 3564 2507 εἴ
3590 2471 3636 2505 τι
3664 2469 3779 2521 συμ-

2234 2546 2362 2616 ϐαίη
2395 2531 2522 2616 περὶ
2560 2546 2650 2599 τὸν
2683 2546 2888 2618 ἕτερον,
2917 2547 3186 2617 ἄχρηστός
3230 2547 3351 2598 ἐστι
3389 2547 3481 2599 καὶ
3523 2547 3549 2597 ὀ
3593 2541 3778 2610 ἀπιθὴς

2233 2639 2368 2710 πρὸς
2395 2639 2486 2692 τὸν
2513 2639 2730 2710 δρόμον,
2750 2639 2837 2693 διὰ
2866 2638 2962 2710 τὴν
2985 2639 3076 2691 τοῦ
3105 2655 3225 2692 συνε
3241 2637 3492 2709 ργοῢντος
3512 2634 3774 2689 ἀσθένειαν

2232 2730 2404 2793 οὕτως
2431 2732 2480 2782 εί
2509 2731 2682 2783 λείποι
2722 2729 2798 2800 τῷ
2833 2729 3008 2801 καιρῷ
3039 2730 3100 2783 τὸ
3131 2731 3355 2800 μέτρον,
3384 2731 3415 2799 ἢ
3455 2728 3527 2798 τῷ
3556 2727 3718 2798 μέτρῳ
3749 2725 3776 2792 ἡ

2231 2823 2508 2894 εὐκαιρία,
2549 2822 2628 2892 τῷ
2673 2822 2907 2875 λείποντι
2954 2822 3171 2885 πάντως
3227 2823 3324 2876 καὶ
3368 2823 3429 2875 τδ
3472 2820 3633 2889 παρὸν
3673 2834 3778 2870 συνσ

2232 2914 2548 2985 ηχρείωται.
2593 2914 2752 2966 Ἀλλά
2781 2915 2875 2967 καὶ
2906 2915 2963 2967 ὲν
2989 2914 3068 2984 τῷ
3099 2915 3280 2987 καιρῷ
3305 2918 3339 2988 ή
3368 2913 3677 2984 συμμετρία,
3701 2910 3780 2963 καὶ

2232 3006 2289 3058 ὲν
2319 3005 2398 3075 τῷ
2431 3006 2612 3076 μέτρῳ
2647 3007 2678 3076 ή
2721 3006 2973 3077 εὐκαιρία
3014 3006 3076 3058 τὸ
3123 3009 3396 3078 χρήσιμον
3431 3007 3558 3077 ἔχει.
3605 3002 3779 3074 Χρόνος

2232 3092 2324 3150 οὖν
2353 3098 2472 3150 ἀντὶ
2497 3097 2590 3149 τοῦ
2620 3097 2818 3167 μέτρου
2854 3100 2985 3169 ήμῖν
3026 3098 3299 3169 νενόηται,
3330 3099 3461 3152 διότι
3496 3095 3678 3155 παντὸς
3702 3090 3780 3144 τοῦ

2234 3187 2355 3241 καθ’
2388 3187 2614 3241 ἕκαστον
2639 3188 2841 3260 μέτρου
2889 3189 2917 3242 ὁ
2954 3190 3142 3260 χρόνος
3170 3190 3374 3260 μέτρον
3403 3188 3565 3241 ἐστίν.
3598 3184 3671 3238 Τὰ
3689 3183 3782 3251 γὰρ

558 3282 716 3335 utilis
764 3289 849 3334 est
918 3281 1323 3348 Opportunitas.
1392 3281 1632 3349 Tempus
1689 3293 1822 3349 ergo
1877 3280 2126 3336 intellec-

2233 3279 2486 3350 γινόμενα
2534 3280 2590 3332 ὲν
2639 3278 2817 3350 χρόνῳ
2843 3280 3050 3348 γίνεται
3092 3281 3336 3345 πάντως,
3392 3281 3484 3333 καὶ
3517 3281 3580 3347 τῇ
3632 3290 3783 3366 παρις

557 3379 672 3424 tum
707 3376 790 3424 est
821 3383 851 3421 a
884 3369 1046 3423 nobis
1080 3385 1178 3438 pro
1213 3383 1493 3431 mensura,
1532 3378 1820 3439 propterea
1855 3369 2003 3439 quod
2031 3385 2126 3440 cu-

552 3459 778 3530 juslibet
823 3475 1095 3515 mensura:
1129 3475 1385 3516 mensura
1417 3470 1500 3515 est
1537 3468 1774 3530 tempus.
1821 3459 1952 3526 Quae
1983 3462 2132 3518 enim

557 3549 717 3614 ﬁunt,
743 3550 968 3605 omnino
995 3551 1131 3605 fiunt
1178 3553 1228 3605 in
1261 3559 1526 3620 tempore,
1553 3559 1754 3606 etcum
1780 3553 2133 3622 uniuscujus-

557 3657 665 3712 que
703 3656 894 3696 eorum
944 3658 1066 3712 quae
1116 3645 1254 3698 ﬁunt
1304 3645 1650 3706 extensione,
1697 3645 1863 3700 simul
1911 3661 2132 3716 quoque

557 3735 796 3805 spatium
817 3735 1084 3805 temporis
1110 3736 1444 3800 extenditur,
1473 3734 1746 3790 modicum
1781 3735 1834 3790 in
1854 3735 2132 3803 minori,et

557 3825 614 3879 in
644 3825 898 3896 ampliori
925 3826 1045 3894 plus
1074 3827 1355 3895 temporis.
1395 3826 1492 3881 Est
1522 3841 1778 3882 mensura
1813 3828 2130 3896 conceptio-

557 3918 662 3980 nis,
693 3932 950 3973 mensura
979 3919 1300 3974 incrementi
1335 3920 1640 3988 spicarum,
1672 3933 1930 3974 mensura
1962 3920 2133 3989 plenae

558 4007 836 4061 fructuum
864 4007 1239 4076 perfectionis,
1274 4023 1532 4064 mensura
1562 4009 1954 4077 navigationis,
1978 4025 2133 4064 men-

557 4112 688 4150 sura
728 4097 1146 4163 ambulationis,
1181 4112 1436 4153 mensura
1469 4097 1908 4166 uniuscujusque
1929 4099 2130 4162 :etatis,

557 4186 823 4254 infantiae,
850 4189 1122 4257 pueritiae,
1159 4189 1565 4250 adolescentiae,
1591 4189 1917 4258 iuventutis,
1955 4190 2133 4246 virilis

555 4287 610 4333 et
636 4281 948 4336 constantis
971 4291 1024 4335 et
1053 4287 1324 4349 provectae
1344 4283 1542 4346 aetatis,
1570 4281 1896 4342 senectutis,
1928 4287 1981 4333 et
2001 4285 2134 4333 θεια-

556 4373 629 4427 tis
655 4373 971 4442 decrepita).
1008 4372 1281 4439 Quoniam
1311 4387 1443 4442 ergo
1476 4388 1587 4427 non
1614 4379 1700 4428 est
1733 4371 1992 4426 omnibus
2025 4385 2134 4425 una

555 4478 818 4519 mensura
878 4464 1142 4533 temporis
1190 4483 1204 4518 :
1249 4479 1426 4533 neque
1472 4463 1617 4518 enim
1670 4462 1784 4517 ﬁeri
1833 4469 2031 4531 potest,
2075 4468 2136 4514 ut

556 4555 668 4609 sint
690 4556 874 4610 omnia
903 4557 1129 4624 aequalis
1159 4556 1302 4610 inter
1329 4571 1388 4609 se
1417 4570 1713 4620 mensurze,
1747 4561 1969 4624 propter
1992 4553 2132 4607 sub-

550 4645 822 4717 jectorum
849 4648 1210 4703 dilferenliam
1238 4667 1252 4702 ε
1285 4650 1532 4701 omnium
1565 4656 1746 4700 autem
1779 4661 1899 4714 quae
1927 4645 2135 4699 cadunt

557 4739 660 4793 sub
690 4755 1027 4804 mensuram,
1058 4749 1142 4795 est
1173 4741 1502 4800 communis,
1531 4747 1591 4791 ut
1623 4739 1829 4792 dictum
1852 4744 1958 4802 est,
1991 4752 2136 4791 men-

557 4845 685 4886 sura
712 4837 948 4900 tempus,
991 4831 1045 4885 in
1075 4847 1134 4887 se
1165 4832 1348 4886 omnia
1383 4831 1674 4886 continens
1703 4848 1715 4883 :
1751 4845 1814 4883 ea
1858 4830 1925 4884 de
1965 4843 2134 4883 causa

556 4937 665 4976 non
710 4922 870 4989 dixit,
916 4921 1172 4976 Mensura
1211 4931 1297 4977 est
1348 4923 1626 4986 omnibus,
1673 4931 1958 4991 propterea
1989 4923 2137 4991 quod

555 5027 749 5065 eorum
771 5029 895 5083 quae
911 5014 1117 5067 cadunt
1147 5013 1249 5068 sub
1275 5028 1613 5078 mensuram,
1639 5027 1832 5082 magna
1860 5013 1932 5068 sit
1951 5027 2138 5082 aequa-

556 5105 682 5160 litas
722 5105 778 5159 in
827 5119 893 5160 eo
927 5105 1076 5175 quod
1115 5112 1198 5160 est
1243 5105 1366 5175 plus
1405 5112 1459 5159 et
1487 5103 1670 5157 minus
1712 5121 1728 5160 :
1777 5103 1874 5158 sed
1919 5111 2137 5174 tempus

555 5197 694 5252 dixit
737 5199 891 5270 quod
937 5206 1024 5252 est
1071 5198 1328 5252 omnibus
1378 5211 1633 5252 mensura
1667 5195 1959 5266 generalis,
2013 5210 2137 5264 quae

556 5290 823 5360 quidquid
867 5290 924 5344 ﬁt
955 5297 1009 5344 et
1047 5289 1244 5355 oritur,
1299 5288 1602 5343 dimetitur.
1653 5283 1939 5351 Quomodo
1987 5287 2134 5339 enim

556 5381 612 5438 in
655 5384 894 5438 humano
926 5399 1146 5454 genere,
1181 5384 1233 5437 id
1272 5383 1415 5455 quod
1448 5382 1626 5436 aetatis
1649 5379 1871 5450 quidem
1900 5385 1986 5434 est
2002 5394 2138 5448 pro-

558 5484 746 5535 vectze,
772 5481 858 5530 est
885 5473 1220 5527 imbecillum
1247 5490 1262 5527 :
1289 5473 1434 5544 quod
1462 5481 1643 5526 autem
1669 5467 1914 5524 nondum
1943 5469 2137 5524 contir-

559 5576 721 5622 matae
752 5575 807 5623 et
837 5567 1096 5623 stabilita:
1140 5576 1225 5622 est
1266 5567 1464 5629 aetatis,
1496 5572 1582 5621 est
1618 5563 2036 5618 immoderatum
2085 5570 2139 5617 et

561 5657 808 5715 insolens
838 5678 851 5714 :
887 5660 1152 5731 optimum
1179 5667 1362 5713 autem
1390 5668 1474 5713 est
1499 5657 1649 5728 quod
1675 5659 1818 5711 inter
1843 5656 1954 5710 duo
1977 5655 2141 5709 inter-

562 5750 727 5830 cedit,
762 5752 907 5828 quod
935 5752 1155 5823 quidem
1184 5758 1475 5820 utramque
1504 5749 1750 5821 effugerit
1781 5749 2088 5804 molestiam
2119 5765 2130 5801 :

2231 3367 2386 3421 τάσει
2412 3367 2642 3422 ἑκάστου
2671 3367 2780 3420 τῶν
2808 3368 3107 3438 γινομένων
3165 3367 3266 3421 καὶ
3311 3366 3372 3420 τὸ
3417 3366 3674 3432 διάστημα
3704 3376 3780 3411 του

2232 3461 2422 3532 χρόνου
2459 3461 2970 3532 συμπαρατείνεται,
3003 3459 3184 3529 ὀλίγον
3223 3461 3283 3513 ἐν
3312 3458 3390 3529 τῷ
3433 3458 3680 3517 ἐλάττονι,
3707 3453 3786 3504 καὶ

2234 3553 2292 3607 ἐν
2331 3554 2410 3625 τῷ
2455 3555 2660 3608 πλείονι
2707 3555 2888 3608 πλεῖον
2927 3555 3137 3626 χρόνου.
3175 3555 3395 3626 Μέτρον
3423 3554 3676 3623 κυήσεως,
3713 3545 3786 3614 μέ·

2231 3659 2358 3714 τρον
2396 3639 2496 3714 τῆς
2533 3646 2641 3697 τῶν
2680 3645 2963 3714 ἀσταχύων
3003 3643 3312 3714 αὐξήσεως,
3345 3643 3540 3714 μέτρον
3570 3641 3663 3709 τῆς
3697 3635 3787 3688 τῶν

2233 3734 2458 3805 καρπῶν
2500 3736 2845 3802 τελειώσεως,
2891 3736 3084 3806 μέτρον
3128 3735 3432 3798 ναυτιλίας,
3483 3733 3667 3804 μέτρον
3708 3745 3788 3779 πο·

2238 3826 2406 3897 ρείας,
2445 3827 2644 3898 μέτρον
2689 3827 2789 3898 τῆς
2828 3826 2952 3880 καθ’
2999 3826 3230 3881 ἕκαστον
3284 3825 3523 3899 ἡλικίας,
3567 3822 3788 3893 βρέφους,

2235 3917 2468 3986 παιδίου,
2499 3918 2804 3990 μειρακίου,
2844 3919 3052 3984 παιδὸς,
3085 3918 3323 3990 ἐφήϐου,
3359 3918 3570 3989 ἀνδρὸς,
3606 3911 3789 3984 μεσήλι·

2235 4029 2348 4074 κος,
2369 4011 2595 4075 τελείου,
2616 4008 2939 4081 παρήλικος,
2958 4009 3294 4082 πρεσϐύτου,
3313 4011 3585 4082 γέροντος.
3600 4003 3788 4071 Ἐπειδὴ

2233 4103 2410 4158 τοίνυν
2453 4102 2552 4170 οὐχ
2594 4100 2656 4155 ἓν
2698 4099 2760 4152 τὸ
2807 4101 2873 4152 ὲκ
2908 4098 3002 4152 τοῦ
3045 4103 3241 4170 χρόνου
3287 4099 3486 4170 μέτρον
3517 4099 3620 4157 τοῖς
3649 4094 3789 4145 πᾶσιν

2235 4193 2405 4246 ἐστίν·
2441 4191 2562 4245 οὐδὲ
2609 4191 2714 4262 γάρ
2752 4192 2867 4243 ἐστι
2909 4189 3132 4244 δυνατὸν
3171 4187 3432 4260 γενέσθαι
3463 4188 3632 4241 πάντα
3651 4181 3790 4248 ἀλλή-

2234 4278 2346 4342 λοις
2385 4280 2643 4349 ἱσόμετρα
2687 4279 2774 4331 διὰ
2810 4279 2909 4348 τὴν
2949 4278 3058 4330 τῶν
3104 4278 3487 4349 ὑποκειμένων
3525 4270 3788 4342 διαφοράν

2236 4374 2411 4429 κοινὸν
2441 4374 2517 4439 δὲ,
2549 4373 2728 4436 καθὼς
2754 4372 3004 4443 εἴρηται,
3046 4365 3270 4426 πάντων
3311 4369 3681 4443 μετρουμένων
3711 4360 3790 4434 μέ·

2235 4481 2363 4536 τρον
2405 4467 2433 4517 ὁ
2468 4466 2657 4536 χρόνος
2692 4465 2861 4529 ἐστὶν,
2901 4465 2960 4516 ὲν
2997 4464 3176 4533 ἑαυτῷ
3219 4466 3494 4535 περιέχων
3517 4463 3584 4514 τά
3609 4459 3785 4511 πάντα·

2237 4557 2425 4610 τούτου
2478 4557 2635 4627 Χάριν
2675 4556 2796 4626 οὐχὶ
2848 4557 3045 4627 μέτρον
3101 4551 3226 4608 εἷπε
3277 4560 3396 4619 τοῖς
3445 4555 3595 4614 πᾶσι,
3637 4547 3712 4604 διὰ
3739 4542 3787 4594 τὸ

2166 4620 2212 4679 D
2241 4649 2439 4716 πολλὴν
2467 4620 2604 4701 enim
2642 4620 2771 4701 τῶηῖ
2793 4620 3176 4721 μετρουμένων
3219 4647 3323 4719 τὴν
3369 4648 3498 4713 περὶ
3542 4645 3598 4697 τὸ
3639 4637 3786 4694 πλεῖόν

2238 4754 2296 4790 τε
2329 4738 2422 4790 καὶ⁵
2454 4737 2674 4791 ἔλαττον
2705 4736 2950 4806 ἰσότητα·
2995 4736 3129 4788 ἀλλὰ
3160 4736 3357 4806 χρόνον
3390 4733 3511 4788 εἷπε
3541 4736 3644 4794 τοῖς
3679 4728 3785 4779 πᾶσι

2235 4830 2296 4882 τὸ
2322 4829 2535 4897 γενικὸν
2575 4829 2791 4900 μέτρον,
2813 4823 2859 4896 ᾧ
2891 4831 2998 4881 πᾶν
3040 4827 3100 4881 τὸ
3127 4830 3420 4899 γινόμενον
3457 4821 3787 4897 παραμετρεῖ-

2235 4937 2347 4974 ται.
2384 4920 2594 4989 Ὥσπερ
2615 4920 2722 4988 γὰρ
2751 4919 2842 4970 ἐπὶ
2882 4918 2984 4987 τῆς
3023 4917 3449 4988 άνθρωπότητος
3482 4915 3540 4966 τὸ
3564 4913 3654 4983 μὲν
3682 4919 3784 4974 προσ

2237 5012 2468 5082 ϐεϐηκὸς
2501 5011 2746 5065 άσθενείο
2789 5009 2850 5062 τὸ
2894 5009 2952 5062 δὲ
2984 5010 3150 5080 μήπω
3187 5009 3532 5078 καθεστηκὸς
3567 4999 3782 5058 ἁτακτεῖ·

2241 5103 2461 5172 ἄριστον
2497 5101 2550 5154 δὲ
2581 5101 2642 5152 τὸ
2670 5099 2831 5170 μέσον
2862 5098 2968 5151 τῶν
2997 5098 3119 5164 δύο,
3157 5101 3304 5170 ὅπερ
3339 5099 3406 5151 ἂν
3431 5097 3527 5159 τὰς
3551 5089 3787 5158 ἑκατέρων

2239 5191 2428 5262 ἀηδίας
2462 5190 2706 5262 ὲκφεύγῃ
2731 5207 2744 5220 ·
2791 5190 2849 5241 ἐν
2891 5182 2935 5255 ᾧ
2970 5189 3270 5254 δείκνυται,
3313 5190 3414 5259 τῆς
3453 5189 3548 5257 μὲν
3576 5182 3788 5248 νεότητος

2240 5282 2615 5351 κεχωρισμένη
2645 5280 2744 5350 τῆς
2774 5278 2998 5345 ἀταξίας
3032 5281 3065 5350 ή
3101 5278 3370 5348 δύναμις,
3416 5276 3508 5330 τοῦ
3542 5274 3596 5326 δὲ
3631 5272 3787 5339 γήρως

2236 5371 2588 5443 διεζευγμένη
2639 5375 2735 5442 τῆς
2773 5370 3031 5442 ἀδρανίας
3068 5373 3101 5441 ή
3151 5370 3450 5440 φρόνησις·
3496 5367 3628 5419 ὥστε
3672 5355 3788 5411 εἶναι

2237 5463 2465 5532 δύναμιν
2503 5461 2950 5533 συγκεκραμένην
2978 5463 3262 5532 φρονήσει,
3295 5460 3494 5529 ἐπίσης
3520 5453 3786 5525 φεύγουσαν

2238 5563 2336 5629 τήν
2362 5577 2420 5612 τε
2448 5558 2541 5613 τοῦ
2573 5560 2755 5630 γήρως
2792 5555 3070 5628 άδρανίαν,
3118 5557 3214 5608 καὶ
3261 5556 3325 5608 τὸ
3373 5552 3543 5626 Θρασὺ
3571 5551 3663 5618 τῆς
3689 5540 3788 5594 v66-

2237 5669 2400 5723 τητος
2418 5669 2429 5680 ·
2466 5650 2638 5713 οὕτως
2665 5651 2694 5701 ὁ
2725 5650 2909 5720 χρόνον
2935 5647 3130 5718 ὁρίζων
3159 5649 3277 5710 τοῖς
3313 5649 3448 5700 πᾶσι
3483 5641 3598 5696 καθ’
3621 5634 3787 5690 ἑκάτε-

2243 5762 2333 5815 ρον
2372 5743 2590 5814 χωρίζει
2620 5742 2695 5811 τῷ
2719 5741 2858 5811 λόγῳ
2915 5739 3010 5809 τὴν
3037 5742 3090 5806 ἐξ
3112 5739 3385 5808 ἀμετρίας
3411 5735 3618 5801 κακίαν,
3647 5729 3702 5787 τό
3732 5744 3777 5778 τε
