4018 6334
254 257 340 317 701
1276 253 1345 310 IN
1384 255 1922 314 ECLLESIASTEN.
1953 258 2236 314 llOMlLIA
2280 259 2364 314 Vl.
2569 317 2576 322 _
3375 266 3478 322 702

252 380 556 450 ὑπερχρονον
581 375 862 448 ἀτιμάζων
893 377 987 430 καὶ
1031 376 1095 430 τὸ
1131 377 1382 432 ὲλλεῖπον
1412 379 1782 452 ἀποπεμπόμε

1915 381 1971 436 in
2003 397 2113 451 quo
2144 381 2507 438 ostenduntur
2531 382 2676 436 vires
2720 383 2940 452 quidem
2968 384 3274 453 iuventutis
3310 400 3474 454 sepa-

246 482 345 529 νος.
391 465 539 518 Ἀλλὰ
568 467 760 535 καιρὸς
787 466 853 520 ἂν
893 467 976 537 εἴη
1016 468 1113 522 καὶ
1144 468 1316 541 αὐτὴν
1343 470 1475 540 ἡμῖν
1499 471 1566 524 δι’
1585 470 1785 524 ἀκολού

1915 479 2046 524 ratae
2072 471 2141 524 ab
2166 471 2476 533 insolentia,
2512 485 2541 524 a
2571 473 2868 527 senectutis
2895 482 3076 528 autem
3105 473 3476 531 imbecillitate

243 558 325 610 θου
370 557 725 628 προστεθῆναι
769 557 879 611 τῶν
926 559 1298 614 θεοπνεύστων
1341 561 1517 630 λόγων
1549 563 1648 632 τὴν
1674 561 1785 615 θεωι

1910 560 2199 631 prudentia
2250 562 2473 616 minime
2531 572 2823 631 separata:
2869 561 3003 617 adeo
3052 572 3113 618 ut
3171 566 3281 619 sint
3327 567 3474 620 vires

241 648 368 719 ρίαν.
1909 660 2329 721 contemperatae
2355 669 2478 706 cum
2515 654 2821 722 prudentia,
2845 669 2910 709 ex
2945 670 3102 724 aequo
3125 655 3390 726 fugientes
3417 667 3472 711 et

237 736 513 792 senectutis
553 736 1003 804 imbecillitatem,
1037 747 1093 795 et
1125 739 1429 809 juventutis
1464 740 1768 795 audaciam.
1809 739 1885 793 ita
1917 741 2009 808 qui
2035 747 2250 809 tempus
2293 741 2498 808 deﬁnit,
2525 744 2782 798 omnibus
2841 758 2938 812 per
3004 751 3294 814 utrumque
3348 762 3472 801 ver-

239 830 311 883 bis
341 837 578 898 separat,
618 831 768 900 quod
805 847 873 887 ex
909 847 1185 889 mensum
1211 833 1429 889 defectu
1469 835 1667 897 oritur,
1711 834 1943 889 vitium:
1978 842 2036 887 ut
2089 836 2180 904 qui
2210 845 2263 889 et
2296 837 2440 906 quod
2504 845 2719 908 tempus
2783 838 3016 902 excedit,
3081 838 3372 907 vituperat,
3417 849 3472 895 et

235 918 280 973 id
305 917 441 988 quod
482 919 692 986 delicit,
767 923 1046 976 amandat.
1120 921 1226 978 Sed
1273 932 1490 993 tempus
1537 933 1622 979 est
1661 919 2060 994 consequenter
2117 925 2348 980 uddendi
2379 927 2548 994 ipsam
2577 927 2842 984 divinitus
2890 929 3281 997 ittspit‘atomm
3342 943 3468 982 ver-

232 1010 407 1065 borum
434 1013 969 1083 contemplationem.

298 1123 315 1154 ι
335 1104 562 1175 Καιρὸς,
586 1125 604 1156 ι
629 1109 784 1178 φησι,
814 1127 831 1160 ι
849 1109 944 1162 τοῦ
963 1112 1160 1176 τεκεῖν,
1173 1111 1268 1164 καὶ
1286 1111 1472 1182 καιρὸς
1488 1111 1580 1165 τοῦ
1592 1112 1793 1173 ἀποθκο

234 1195 345 1248 νεῖν.
368 1213 388 1245 ι
409 1196 611 1260 Καλῶς
632 1200 690 1252 ὲν
711 1198 948 1268 πρώτοις
970 1201 1068 1270 τὴν
1085 1202 1394 1268 ἀναγκαίαν
1410 1202 1610 1272 ταύτην
1633 1201 1791 1264 συζυο

233 1285 339 1353 γίαν
376 1285 453 1353 τῷ
485 1287 638 1358 λόγῳ
667 1290 952 1354 συνέζευξε
975 1331 990 1354 ,
1030 1293 1317 1345 συνάπτων
1353 1297 1417 1362 τῇ
1451 1293 1661 1361 γενέσει
1703 1293 1792 1345 τὸν

235 1374 463 1430 θάνατον.
490 1378 725 1434 Ἐπεται
755 1379 865 1450 γὰρ
891 1383 1011 1434 κατ’
1035 1382 1281 1454 ανάγκην
1308 1383 1384 1452 τῷ
1405 1385 1548 1455 τόκῳ
1569 1386 1598 1436 ὁ
1627 1383 1792 1438 θάνα-

231 1483 327 1530 τος.
360 1470 452 1521 καὶ
479 1471 636 1524 πᾶσα
666 1472 883 1539 γένεσις
912 1475 992 1537 εἰς
1021 1474 1226 1546 φθορὰν
1253 1475 1528 1529 διαλύεται
1553 1493 1565 1506 ·
1592 1477 1678 1530 ἵνα
1705 1477 1793 1530 διὰ

229 1559 311 1612 τοῦ
350 1562 720 1632 συνημμένως
753 1563 1028 1634 δειχθῆναι
1073 1565 1164 1618 τὸν
1200 1565 1428 1620 θάνατόν
1462 1584 1522 1620 τε
1559 1569 1652 1620 καὶ
1694 1568 1790 1638 τὴν

229 1651 439 1717 γένεσιν,
475 1653 645 1706 οἱονεὶ
687 1654 897 1725 κέντρῳ
934 1656 1042 1707 τινὶ
1078 1659 1142 1726 τῇ
1194 1657 1288 1709 τοῦ
1323 1657 1553 1712 θανάτου
1603 1660 1787 1729 μνήμῃ

1972 1108 2024 1160 l.
2062 1126 2079 1156 ι
2111 1106 2349 1176 Tempus
2385 1117 2491 1172 est,
2529 1130 2548 1163 ι
2585 1111 2781 1181 inquit,
2820 1130 2839 1162 ι
2874 1112 3142 1181 pariendi,
3177 1122 3231 1168 et
3260 1126 3468 1184 tempus

1900 1200 2220 1253 moriendi.»
2254 1199 2485 1255 Pulchre
2525 1203 2577 1254 in
2607 1203 2873 1271 principio
2897 1203 3080 1258 verbis
3106 1205 3246 1259 hanc
3275 1222 3466 1261 neces-

1897 1290 2098 1342 sariam
2141 1290 2426 1359 conjunxit
2470 1293 2931 1361 conjugatiouem,
2963 1310 3086 1349 cum
3117 1298 3467 1368 generatione

1898 1382 2160 1449 copulaus
2197 1392 2444 1438 mortem.
2481 1383 2702 1438 Partum
2732 1387 2875 1440 enim
2905 1403 3054 1442 mors
3091 1389 3338 1458 sequitur
3367 1405 3464 1444 ne-

1897 1475 2162 1536 cessario,
2196 1483 2250 1529 et
2291 1476 2472 1530 omnis
2512 1477 2789 1545 generatio
2823 1477 3141 1532 dissolvitur
3177 1480 3230 1532 in
3276 1480 3466 1532 interi-~

1897 1572 2052 1630 tum;
2103 1575 2161 1618 ut
2199 1574 2484 1634 propterea
2531 1566 2678 1634 quod
2719 1567 3054 1634 conjunctim
3097 1576 3320 1623 ostensa
3352 1570 3464 1622 sint

1896 1668 2045 1707 mors
2075 1661 2130 1708 et
2162 1655 2463 1723 generatio,
2493 1656 2770 1710 mentione
2802 1657 2995 1710 mortis
3025 1657 3192 1710 veluti
3221 1658 3461 1726 quodam

229 1743 336 1804 70-3.;
360 1741 771 1811 ὲμὸαθύνοντας
808 1749 908 1815 τῆς
949 1747 1090 1800 κατὰ
1133 1747 1311 1816 σάρκα
1344 1749 1489 1818 ζωῆς
1515 1749 1785 1820 διυπνίσῃ,

1894 1746 2117 1801 stimulo
2173 1762 2268 1801 eos
2323 1747 2744 1817 expergefaciat,
2795 1749 2892 1818 qui
2937 1748 2992 1801 in
3051 1749 3287 1804 carnalis
3341 1751 3464 1804 vitae

230 1837 463 1906 καὶπρὸς
512 1837 616 1908 τὴν
658 1839 913 1908 φροντίδα
945 1840 1054 1894 τῶν
1101 1841 1398 1909 μελλόντων
1435 1842 1786 1916 διαναστήσῃ.

231 1925 388 1979 Ταῦτα
435 1928 728 1996 φιλοσοφεῖ
758 1931 901 1984 κατὰ
939 1932 1000 1984 τὸ
1046 1931 1267 2002 λεληθὸς
1309 1933 1366 1984 ὲν
1398 1937 1517 1996 ταῖς
1548 1932 1788 2004 πρώταις

226 2019 316 2070 τῶν
349 2019 578 2089 βισλίων
615 2024 947 2092 ἐπιγραφαῖς
988 2025 1083 2078 καὶ
1121 2026 1151 2078 ὁ
1183 2025 1336 2095 φίλος
1365 2025 1443 2097 τῷ
1471 2026 1591 2096 Θεῷ
1620 2028 1788 2080 Μωῦ-

228 2111 309 2179 σῆς
333 2112 491 2176 εὐθὺς
541 2116 608 2184 τῇ
655 2115 869 2168 Γενέσει
902 2119 1383 2190 συμπαραγράψας
1405 2121 1504 2189 τὴν
1547 2118 1784 2187 Ἔξοδοψ

223 2201 286 2265 ὡς
309 2204 426 2266 τοὺς
448 2207 886 2276 ἐντυγχάνοντας
911 2211 1025 2273 τοῖς
1049 2211 1571 2282 ὲπιγεγραμμένοις,
1603 2213 1697 2265 καὶ
1719 2213 1786 2266 δι’

225 2293 369 2361 auri};
399 2294 498 2364 τῆς
537 2295 648 2348 τῶν
673 2296 892 2366 βιϐλίων
923 2299 1132 2366 τάξεως
1159 2301 1227 2354 τὰ
1251 2303 1373 2354 καθ’
1407 2304 1632 2366 ἑαυτοὺς
1657 2321 1786 2356 παι-

221 2381 465 2454 δευθῆναι.
489 2385 641 2440 Οὔτε
666 2388 776 2457 γὰρ
805 2390 922 2442 ἐστι
945 2392 1157 2459 γένεσιν
1181 2393 1488 2446 ἀκούσαντα
1521 2395 1594 2466 μὴ
1631 2394 1788 2461 Ἐξο-

223 2473 295 2524 δον
327 2477 481 2539 εὐθὺς
527 2479 804 2549 ἐννοῆσαι.
851 2483 916 2534 Ὃ
956 2482 1020 2552 δὴ
1054 2484 1149 2536 κα)⁸
1189 2483 1422 2538 ἐνταῦθα
1454 2485 1723 2556 νενοηκὼς
1757 2486 1788 2538 ὁ

225 2565 377 2633 μέγας
415 2569 855 2643 Ἐκκλησιαστὴς
897 2575 1299 2640 ἐπιδείκνυται,
1344 2579 1410 2647 τῇ
1450 2578 1659 2645 γενέσει
1696 2577 1788 2630 σύ-

225 2671 410 2726 στοιχον
445 2660 750 2726 ἀποδείξας
787 2663 879 2714 τὸν
928 2663 1174 2717 θάνατον.
1216 2666 1420 2736 Καιρὸς
1463 2666 1594 2737 γὰρ,
1630 2667 1783 2736 φησὶ,

221 2745 301 2798 τοῦ
323 2753 520 2812 τεκεῖν,
561 2751 654 2803 καὶ
679 2754 868 2821 καιρὸς
904 2754 1000 2807 τοῦ
1030 2756 1339 2810 ἀποθανεῖν.
1375 2753 1576 2810 Ἦλθεν
1607 2761 1634 2812 ὁ
1669 2776 1788 2812 και-

223 2835 317 2903 ρδςν
353 2841 507 2908 φησὶ.
549 2843 648 2895 καὶ
682 2843 938 2914 ἐτέχθην·
970 2847 1088 2916 ἥξει
1133 2850 1163 2900 ὸ
1205 2847 1413 2917 καιρὸς,
1455 2849 1549 2901 καὶ
1593 2849 1784 2919 τεθνή-

218 2922 377 2993 ξομαι.
415 2930 477 2982 Ei
517 2931 660 3001 πρὸς
689 2933 846 2986 τοῦτο
873 2935 1072 2998 πάντες
1099 2935 1402 3006 ἐϐλέπομεν
1423 2977 1437 3000 ,
1464 2939 1562 2992 οὐκ
1591 2940 1655 2992 ἂν
1685 2943 1785 3011 τὴν

219 3016 456 3089 σύντομον
495 3024 734 3093 πορείαν
788 3027 1210 3091 καταλιπόντες,
1258 3029 1442 3101 κύκλῳ
1485 3031 1623 3101 μετὰ
1673 3031 1781 3084 τῶν

217 3106 406 3162 ὰσεὸὡν
436 3113 788 3185 πριῄειμεν,
827 3116 926 3188 τὴν
957 3119 1270 3190 περιοδικὴν
1296 3121 1389 3174 τοῦ
1426 3121 1538 3195 βίου
1573 3123 1779 3194 πλάνην

215 3198 456 3266 ἑκουσίως
481 3205 870 3278 πλανώμενοι,
919 3211 977 3262 ὲν
1022 3209 1358 3275 δυναστείαις
1407 3214 1500 3266 καὶ
1548 3231 1784 3284 περιφα-

216 3288 367 3353 νείαις
394 3296 486 3347 καὶ
526 3295 802 3362 πλούτοις,
837 3300 904 3352 δι’
937 3294 1013 3353 ὧν
1045 3305 1164 3364 ταῖς
1197 3303 1506 3367 πολυοδίαις
1534 3305 1628 3357 τοῦ
1667 3305 1784 3374 βίου

211 3380 383 3435 τούτου
425 3387 940 3457 ὲναμηχανοῦντες,
967 3393 1148 3446 οὐκέτι
1189 3394 1284 3446 τοῦ
1325 3395 1646 3464 λαϐυρίνθου
1687 3398 1784 3465 τῆς

213 3471 342 3543 ζωῆς
367 3476 582 3548 ταύτης
614 3481 714 3550 τὴν
747 3480 923 3548 ἰξοδον
949 3484 1364 3554 ὲξευρίσκομεν,
1403 3485 1467 3538 δι’
1499 3481 1572 3538 ὧν
1601 3485 1786 3538 δοκοῦ-

212 3581 298 3633 tm
336 3570 691 3637 σπουδάζειν,
735 3573 824 3626 διὰ
855 3576 1058 3629 τούτων
1095 3579 1305 3641 ἑαυτοῖς
1339 3577 1408 3630 τὰ
1452 3581 1650 3648 σημεῖα
1687 3577 1785 3649 τῆς

213 3656 469 3724 ἀπλανοῦς
517 3661 836 3734 ὁδοιπορίας
877 3668 1215 3737 συγχέοντες.
1263 3667 1351 3731 Ὠς
1393 3668 1650 3738 μακάριοί
1682 3685 1782 3735 γε,

209 3748 347 3815 φησί,
372 3751 486 3803 τῶν
525 3751 836 3823 ἀνθρώπων
863 3757 1085 3815 ἐκεῖνοι.
1122 3758 1173 3810 οἶ
1205 3757 1303 3821 τὰς
1331 3757 1646 3827 περιοδικὰς
1685 3758 1785 3828 τῆς

210 3835 339 3908 ζωῆς
379 3843 610 3905 ἀπάτας
651 3845 1070 3911 καταλιπόντες,
1118 3849 1210 3902 ἐπὶ
1251 3848 1350 3919 τὴν
1385 3848 1646 3919 σύντομον
1687 3849 1786 3918 τῆς

205 3926 394 3998 ἀρετῆς
425 3931 555 3983 ὁδὸν
587 3931 811 3997 ἑαυτοὺς
842 3934 1064 4003 ἄγουσιν
1090 3937 1102 3990 !
1135 3935 1282 4007 Αὕτη
1315 3937 1372 3992 δέ
1406 3941 1521 3991 ἐστι
1559 3938 1620 3991 τὸ
1649 3938 1786 4008 πρὸς

210 4019 361 4087 μηδὲν
385 4023 500 4074 τῶν
545 4023 674 4093 τῇδε
708 4025 806 4094 τὴν
829 4025 1008 4095 ψυχὴν
1035 4027 1406 4098 ἐπιστρέφειν,
1431 4027 1566 4080 ἀλλὰ.
1598 4042 1786 4080 συντε-

207 4109 385 4166 τάσθαι
420 4116 492 4186 τῇ
537 4116 744 4187 σπουδῇ
787 4120 923 4190 πρὸς
970 4117 1034 4170 τὸ
1084 4118 1174 4172 διὰ
1221 4119 1456 4183 πίστεως
1500 4121 1556 4173 ἐν
1605 4118 1786 4171 ἐλπίσι

207 4205 590 4274 προκείμενον.
617 4209 784 4263 Πάλιν
809 4210 866 4262 δὲ
892 4211 952 4264 τὸ
980 4212 1140 4282 ῥηθὲν
1163 4211 1526 4282 ἐξετάσωμεν.
1557 4211 1784 4282 Καιρὸς,

205 4296 343 4362 97,51,
399 4299 500 4351 τοῦ
555 4303 773 4366 τεκεῖν,
806 4303 901 4356 καὶ
937 4303 1127 4374 καιρὸς
1176 4303 1272 4358 τοῦ
1314 4305 1622 4358 ἀποθανεῖν.
1659 4303 1784 4357 Εἴθε

1893 1837 2222 1907 profundum
2257 1848 2384 1894 sunt
2417 1839 2680 1905 immersi,
2711 1848 2767 1894 et
2813 1841 2879 1894 ad
2926 1855 3111 1895 curam
3151 1840 3458 1894 futurorum

1889 1930 2116 1982 excitet.
2152 1928 2280 1983 Haec
2330 1930 2494 1984 tacite
2528 1930 2945 1999 philosophatur
2974 1933 3026 1985 in
3069 1933 3260 2000 primis
3291 1934 3462 1986 hhro-

1889 2033 2015 2072 rum
2064 2033 2290 2074 suorum
2350 2019 2808 2090 inscriptionibus
2861 2020 2955 2076 Dei
2997 2038 3214 2091 quoque
3252 2025 3461 2078 amicus

1890 2109 2092 2176 Moses,
2125 2111 2220 2181 qui
2256 2111 2442 2168 statim
2471 2126 2595 2166 cum
2627 2109 2846 2177 Genesi,
2876 2114 3020 2183 quod
3049 2125 3126 2168 est
3156 2117 3456 2182 generatio,

1889 2203 2059 2257 simul
2086 2217 2305 2273 quoque
2338 2205 2564 2274 scripsit
2599 2202 2868 2268 Exodum,
2907 2205 2958 2258 id
2992 2214 3092 2269 est,
3123 2220 3408 2261 excessum
3440 2225 3454 2261 :

1891 2300 1951 2348 ut
1995 2294 2089 2362 qui
2134 2309 2200 2349 ea
2244 2295 2490 2362 legerent
2530 2309 2652 2364 qua:
2698 2296 2901 2364 scripta
2941 2305 3087 2360 sunt,
3139 2299 3305 2350 etiam
3364 2311 3458 2366 per

1885 2382 2068 2452 ipsum
2101 2384 2349 2438 ordinem
2397 2385 2667 2440 librorum
2701 2401 2766 2440 ea
2799 2387 3074 2441 discerent
3108 2403 3227 2456 qua:
3277 2386 3342 2440 ad
3375 2404 3464 2442 se-

1885 2473 2038 2542 ipsos
2084 2475 2377 2543 pertinent.
2429 2475 2618 2545 Neque
2666 2481 2809 2532 enim
2868 2478 2979 2531 ﬁeri
3036 2486 3214 2547 potest
3274 2481 3458 2548 utqui

1888 2564 2162 2628 Genesim,
2188 2568 2602 2635 generationem
2634 2569 2879 2638 inquam,
2907 2571 3159 2633 audierit,
3191 2585 3297 2623 non
3325 2569 3458 2625 Exo-

1887 2658 2038 2717 dutn.
2076 2661 2127 2712 id
2161 2667 2246 2714 est
2272 2675 2556 2715 excessum
2590 2661 2840 2730 protinus
2875 2661 3092 2729 cogitet.
3147 2662 3302 2726 Quod
3331 2664 3456 2731 qui-

1887 2752 2008 2804 dem
2047 2751 2133 2803 hic
2158 2766 2376 2820 quoque
2413 2765 2674 2820 magnum
2711 2751 3047 2805 intellexisse
3087 2750 3455 2807 Ecclesiasten

1885 2842 2216 2905 ostenditur,
2260 2851 2317 2896 ut
2346 2844 2436 2910 qui
2477 2843 2532 2895 in
2574 2843 2764 2897 eodem
2801 2843 2997 2898 ordine
3031 2845 3273 2912 posuerit
3311 2860 3456 2899 mor-

1885 2940 1994 2988 tem
2026 2949 2136 3002 quo
2179 2934 2602 3004 generationem.
2643 2934 2882 3003 Tempus
2925 2943 3010 2989 est
3042 2934 3210 2997 enim,
3255 2935 3454 3005 inquit,

1889 3027 2153 3098 pariendi,
2172 3035 2454 3098 cttempus
2484 3025 2770 3082 moriendi.
2802 3025 2984 3093 Venit,
3004 3028 3196 3097 inquit,
3216 3035 3453 3098 tempus,

1885 3127 1940 3172 et
1964 3126 2125 3172 natus
2160 3133 2279 3172 sum
2307 3135 2321 3183 ;
2353 3119 2528 3172 veniet
2559 3125 2793 3186 tempus.
2821 3127 2873 3172 et
2899 3119 3122 3171 moriar.
3159 3117 3218 3172 Si
3253 3119 3316 3171 ad
3354 3119 3456 3174 hoc

1885 3209 2200 3263 universum
2234 3208 2742 3278 aspiceremusmon
2774 3209 2966 3264 relicto
3007 3209 3107 3262 via:
3132 3209 3455 3278 compendio

1884 3298 1940 3352 in
1972 3299 2204 3352 circuitu
2237 3315 2360 3352 cum
2383 3299 2563 3368 impiis
2583 3299 3010 3364 ambularemus,
3050 3299 3237 3353 mundi
3271 3301 3364 3369 qui
3401 3301 3455 3355 in

1883 3389 2069 3443 orbem
2090 3390 2483 3460 circumagitur
2503 3405 2690 3446 errore
2707 3400 2896 3446 nostra
2916 3401 3108 3461 sponte
3126 3393 3455 3455 errantes,in

1885 3479 2124 3547 potentia
2147 3487 2200 3533 et
2227 3481 2481 3547 superbia
2503 3489 2556 3534 et
2575 3480 2801 3544 divitiis,
2824 3493 2921 3548 per
2949 3497 3070 3552 qua:
3087 3481 3140 3535 in
3168 3481 3455 3551 multiplici

1883 3575 1938 3622 et
1959 3569 2105 3622 varia
2124 3568 2286 3637 hujus
2310 3569 2494 3623 mundi
2514 3569 2598 3624 via
2617 3570 2898 3641 implicati,
2914 3586 2944 3626 e
2961 3571 3270 3641 labyrintho
3295 3573 3456 3636 hujus

1885 3658 2010 3712 vitae
2034 3661 2238 3712 exitum
2270 3661 2493 3714 minime
2527 3659 2939 3725 invenimus,eo
2969 3660 3088 3730 ipso
3125 3662 3268 3729 quod
3296 3663 3457 3715 vehe-

1884 3761 2098 3805 tnenter
2117 3751 2446 3812 laborare,et
2471 3752 2713 3805 studium
2735 3753 2984 3804 videmur
2999 3751 3273 3809 adhibere.
3294 3760 3458 3805 certe

1885 3851 1936 3896 et
1961 3857 1989 3893 a
2008 3857 2112 3911 qua
2137 3841 2380 3896 aberrari
2408 3855 2513 3894 non
2534 3849 2714 3910 potest
2735 3843 2832 3896 viae
2856 3843 3010 3911 signa
3033 3840 3451 3896 confundentes.

1886 3934 2058 4001 Quam
2093 3934 2260 3997 beati,
2299 3934 2498 4003 inquit,
2544 3942 2673 3989 sunt
2708 3935 2784 3988 illi
2821 3934 3091 3998 homines,
3123 3934 3216 4003 qui
3245 3949 3365 4003 qua:
3401 3934 3455 3986 in

1885 4027 2072 4080 orbem
2126 4024 2381 4080 feruntur
2430 4024 2725 4080 fraudibus
2759 4025 2923 4094 hujus
2953 4027 3076 4080 vitae
3113 4026 3338 4087 relictis,
3389 4024 3456 4077 ad

1886 4117 2356 4187 compendiariam
2388 4117 2608 4172 virtutis
2631 4118 2776 4170 viam
2809 4132 2869 4172 se
2901 4115 3193 4171 conferunt
3219 4118 3232 4170 l
3264 4116 3337 4168 Ea
3361 4130 3460 4168 au—

1887 4218 1995 4265 tem
2033 4217 2141 4276 est,
2193 4209 2260 4262 ad
2312 4209 2449 4263 nihil
2485 4223 2676 4263 eorum
2714 4223 2835 4277 quae
2886 4209 2975 4262 hic
3033 4214 3160 4262 sunt
3215 4207 3458 4258 animum

1888 4309 2233 4368 convertere,
2271 4300 2368 4356 sed
2406 4301 2523 4354 acri
2559 4299 2740 4355 studio
2775 4303 3111 4354 contendere
3139 4298 3206 4352 ad
3234 4297 3286 4351 id
3313 4295 3459 4366 quod

203 4385 359 4488 κάμοὶ
407 4388 633 4455 γένοιτο
673 4391 730 4443 ὲν
760 4391 938 4464 καιρῷ
965 4409 1027 4446 τε
1067 4396 1095 4447 ὁ
1127 4393 1304 4456 τόκος,
1334 4395 1428 4447 καὶ
1466 4395 1496 4446 ὁ
1532 4392 1784 4464 εὔκαιρος

1889 4407 1985 4463 per
2010 4392 2171 4446 ﬁdem
2207 4392 2263 4446 in
2295 4406 2392 4461 spe
2427 4398 2511 4445 est
2551 4391 2915 4461 propositum.
2938 4389 3094 4455 Quod
3131 4391 3342 4442 dictum
3377 4398 3460 4442 est

205 4472 447 4543 εανατοςι
485 4481 564 4534 Οὐ
607 4481 718 4552 γὰρ
750 4484 813 4537 ἄν
843 4500 927 4546 τις
956 4484 1097 4537 είποι
1145 4485 1253 4555 τὴν
1284 4484 1537 4538 ἀκούσιον
1577 4484 1781 4555 ταύτην

200 4565 378 4631 ὠδῖνα,
423 4571 530 4622 καὶ
579 4572 672 4625 τὸν
713 4573 1016 4644 αὐτόματον
1057 4575 1283 4628 θάνατον
1323 4575 1472 4646 παρὰ
1512 4575 1606 4628 τοῦ
1658 4576 1782 4628 Ἐκ-

203 4658 539 4729 κλησιαστοῦ
574 4662 670 4718 νῦν
693 4667 770 4728 ώς
795 4668 854 4719 ὲν
881 4667 1084 4737 ἀρετῆς
1108 4666 1445 4740 κατορθώσει
1475 4669 1785 4740 προδείκνυ-

202 4750 338 4804 σθαι.
378 4755 531 4808 Οὔτε
577 4756 686 4827 γὰρ
733 4760 825 4811 ἐπὶ
857 4759 936 4829 τῷ
987 4760 1250 4831 θελήματι
1301 4761 1399 4830 τῆς
1452 4761 1708 4828 γυναικὸς
1749 4762 1782 4831 ἡ

199 4840 322 4905 ὡδίῖ
345 4862 358 4873 ·
388 4845 525 4899 οὔτε
567 4849 620 4898 ὲν
649 4852 712 4919 τῇ
741 4852 1058 4922 προαιρέσει
1096 4851 1203 4906 τῶν
1231 4852 1604 4907 τελευτώντων
1631 4856 1658 4907 ό
1687 4854 1785 4908 θά-

200 4950 374 4997 νατος.
414 4939 487 4992 Ὀ
525 4937 586 4991 δὲ
614 4941 698 5009 ἐφ’
728 4944 859 5012 ἡμῖν
887 4945 986 4998 οὐκ
1008 4945 1176 5008 ἔστιν,
1203 4944 1327 4998 οὔτε
1354 4945 1551 5018 ἀρετὴν
1576 4947 1640 5000 ἄν
1676 4964 1785 5011 τις,

203 5021 318 5075 οὔτε
360 5027 578 5080 κακίαν
623 5032 897 5100 ὁρίσαιτο·
933 5033 1126 5088 οὐκοῦν
1169 5035 1357 5105 νοῆσαι
1397 5037 1661 5107 προσήκει
1695 5038 1786 5090 τὸν

203 5114 358 5168 τάκον
399 5119 501 5170 τὸν
556 5117 839 5192 εὔκαιρον,
891 5125 985 5178 καὶ
1032 5125 1126 5178 τὸν
1175 5127 1235 5178 ἐν
1283 5125 1460 5196 καιρῷ
1505 5127 1783 5196 γινόμενον

205 5204 455 5262 θάνατον.
507 5210 660 5280 Ἐμοὶ
693 5214 840 5268 δοκεῖ
869 5204 1028 5280 τόκος
1065 5217 1273 5288 ὥριμος
1308 5218 1403 5273 καὶ
1434 5217 1533 5271 οὐκ
1565 5218 1788 5288 ἀμϐλω·

207 5295 390 5370 θρίδης
418 5299 588 5363 εἶναι.
606 5306 749 5370 ὅταν,
775 5306 955 5372 καθώς
973 5327 1135 5380 φησιν
1169 5310 1415 5377 Ἡσαΐας,
1438 5312 1502 5364 ἐκ
1525 5309 1618 5364 τοῦ
1641 5310 1786 5363 θείου

205 5404 285 5454 τις
331 5393 510 5460 φόϐου
548 5399 890 5468 κυοφορήσας
925 5399 1012 5452 διὰ
1052 5400 1159 5453 τῶν
1199 5405 1296 5478 τῆς
1344 5403 1526 5478 ψυχῆς
1576 5401 1784 5454 ὠδίνων

211 5480 306 5550 τὴν
344 5483 488 5537 ἰδίαν
536 5489 803 5558 σωτηρίαν
842 5492 1095 5564 γεννήσῃ.
1139 5493 1374 5562 Ἐαυτῶν
1424 5497 1536 5567 γὰρ
1585 5494 1783 5564 τρόπον

216 5570 328 5623 τινὰ
352 5572 603 5674 πατέρες
621 5576 894 5674 γινδμεθα,
918 5580 1040 5632 ὅταν
1061 5581 1141 5634 διὰ
1165 5587 1258 5662 τῆς
1279 5589 1502 5674 ἀγαθῆς
1532 5584 1784 5654 προαιρέ-

223 5678 348 5725 suo;
391 5661 601 5726 αὐτοὺς
639 5665 918 5736 πλάσωμέν

953 5687 1001 5721 τε
1047 5673 1123 5723 καὶ
1157 5693 1538 5777 γεννήπημεν,
1583 5676 1672 5728 καὶ
1709 5676 1785 5737 εἰς

1889 4494 2070 4540 autem
2127 4499 2324 4540 rursus
2373 4484 2768 4539 examinemus.
2817 4481 3058 4553 Tempus
3107 4489 3212 4545 est,
3262 4481 3458 4550 inquit,

1889 4576 2160 4648 pariendi,
2193 4586 2249 4631 et
2272 4586 2492 4646 tempus
2514 4575 2803 4630 moriendi.
2839 4575 3056 4630 Utinam
3087 4574 3216 4628 mihi
3245 4587 3462 4643 quoque

1889 4669 2073 4735 detur,
2102 4678 2162 4722 ut
2192 4669 2247 4723 in
2286 4675 2530 4738 tempore
2561 4681 2776 4730 nascar,
2813 4675 2868 4722 et
2901 4677 3205 4737 opportune
3233 4665 3456 4718 moriar!

1894 4759 2062 4813 Nemo
2091 4759 2236 4814 enim
2262 4759 2461 4812 dixerit
2496 4758 2920 4812 involuntariam
2948 4758 3088 4811 hanc
3130 4757 3458 4826 partionem,

1887 4855 1943 4903 et
1975 4856 2331 4916 spontaneam
2380 4856 2610 4901 mortem
2645 4862 2789 4900 nunc
2820 4847 3036 4901 ostendi
3079 4846 3150 4898 ab
3183 4844 3459 4898 Ecclesia-

1889 4947 1991 5002 ste,
2024 4947 2283 5008 tanquam
2315 4951 2381 4992 ex
2411 4951 2477 4991 eo
2510 4937 2584 4991 sit
2619 4947 2770 4992 recta
2814 4937 3035 4991 virtutis
3076 4938 3237 4991 actio.
3275 4934 3462 5004 Neque

1888 5031 2035 5085 enim
2062 5038 2286 5099 propter
2315 5030 2567 5083 mulieris
2595 5030 2934 5084 voluntatem
2978 5029 3195 5083 exsistit
3227 5038 3416 5096 partus
3443 5045 3458 5080 :

1890 5136 2068 5191 neque
2119 5136 2270 5176 mors
2314 5128 2399 5175 est
2444 5123 2500 5174 in
2554 5120 2933 5174 decedentimn
2990 5119 3159 5174 libero
3207 5117 3455 5172 arbitrio.

1891 5211 2051 5278 Quod
2092 5221 2271 5268 autem
2327 5227 2435 5266 non
2485 5220 2568 5268 est
2604 5213 2657 5266 in
2710 5220 2895 5267 nostra
2945 5219 3231 5280 potestate,
3285 5222 3460 5274 neque

1892 5304 2156 5358 virtutem
2199 5318 2377 5374 neque
2417 5303 2606 5356 vitium
2643 5303 2936 5372 quisquam
2969 5300 3262 5355 deﬁnierit.
3299 5297 3460 5351 Intele

1897 5397 2067 5465 [igere
2101 5409 2232 5466 ergo
2277 5401 2490 5463 Oportet
2521 5402 2739 5464 partum
2789 5392 3191 5464 tempestivum,
3224 5400 3277 5444 et
3311 5403 3457 5442 mor-

1892 5496 1999 5542 tem
2029 5503 2149 5558 qute
2191 5494 2278 5542 est
2330 5487 2385 5540 in
2435 5495 2700 5555 tempore.
2754 5483 2883 5538 Mihi
2940 5484 3157 5538 videtur
3207 5488 3455 5534 maturus

1892 5597 2015 5636 esse
2049 5588 2240 5650 partus
2298 5587 2352 5634 et
2404 5593 2510 5632 non
2558 5577 2861 5642 abortivus,
2914 5576 3152 5648 quando,
3204 5580 3263 5626 ut
3321 5570 3453 5627 dicit

1897 5672 2106 5737 Esaias,
2159 5688 2281 5728 cum
2334 5671 2602 5740 quispiam
2638 5685 2701 5724 ex
2749 5669 2843 5725 Dei
2889 5670 3081 5725 timore
3124 5661 3481 5740 conceperit,“
