4018 6334
573 317 678 370 Ἰοό
1815 314 1868 370 S.
1910 315 2160 374 GREGOI

2160 319 2236 372 λιι
2277 315 2570 372 NYSSENI
3331 342 3341 348 ν-
3363 344 3372 352 -
3391 335 3410 344 "
3523 318 3530 322 '
3665 324 3747 383 τοι

575 445 672 501 per
702 429 899 482 animae
931 427 986 482 in
1026 437 1186 498 partu
1235 429 1452 484 labores
1483 443 1640 484 suam
1677 429 1909 484 salutem
1943 447 2143 500 genue-

2175 441 2219 497 Α
2247 432 2363 499 φῶς
2394 431 2814 503 προαγάγωμεν.
2862 431 3034 485 Τοῦτο
3071 433 3128 486 δὲ
3166 432 3413 503 ποιοῦμεν
3431 473 3444 496 ,
3471 434 3549 486 διὰ
3575 435 3656 488 τοῦ
3681 438 3749 490 δέ.

574 522 664 575 rit.
701 519 872 574 Nobis
903 521 1046 573 enim
1101 521 1236 588 ipsis
1273 520 1679 589 quodammodo
1709 532 1890 591 patres
1933 537 2144 587 sumus,

2249 523 2439 588 ξασθαι
2475 526 2532 576 ἐν
2571 524 2785 586 ἑαυτοῖς
2815 523 2909 575 τὸν
2944 523 3098 587 Θεὸν,
3137 522 3299 575 τέκνα
3341 523 3484 588 Θεοῦ,
3513 527 3595 577 καὶ
3620 527 3752 581 τέκνα

573 610 795 680 quando
832 625 928 679 per
970 610 1172 663 bonum
1219 610 1389 662 animi
1425 611 1759 674 institutum,
1807 613 2149 681 liberumque

2245 611 2547 682 δυνάμεως,
2583 613 2679 665 καί⁵
2711 613 2818 666 υίο¹ι⁸
2875 611 3128 683 Ὑψίστου
3171 612 3455 680 γενόμενοι.
3496 615 3594 667 Καὶ
3623 617 3751 669 πάλιν

576 701 864 758 arbitrium
899 715 1001 755 nos
1038 701 1186 770 ipsos
1216 698 1637 756 formaverimus
1675 711 1730 757 et
1775 703 2146 772 genuerimus,

2246 702 2472 765 ἑαυτοὺς
2515 703 2922 773 ἀμϐλίσκομεν,
2973 703 3066 755 καὶ
3109 703 3550 773 ἀτελεσφορήτους
3586 723 3637 758 τε
3681 709 3755 760 καὶ

576 806 631 848 ει
661 793 717 845 in
763 792 940 852 lucem
979 790 1336 845 ediderimns.
1360 788 1476 844 Hoc
1501 801 1681 845 autem
1710 791 1938 846 lucinius
1967 807 2030 844 ex
2061 806 2146 856 eo,

2247 793 2580 863 ὑπηνεμίους
2631 791 3272 865 ἀπεργαζόμεθα,·ὅταν
3320 793 3390 863 μὴ
3446 796 3674 866 μορφωθῇ
3711 797 3755 848 ἐν

577 885 722 954 quod
767 883 934 938 Deum
987 883 1044 936 in
1090 897 1192 937 nos
1223 883 1374 952 ipsos
1422 882 1998 945 admittamus,eﬂ'ecti
2052 881 2148 935 lilii

2247 883 2410 952 ἡμῖν,
2448 882 2627 946 καθώς
2661 899 2829 952 φησιν
2868 886 2896 936 6
2957 883 3301 947 Ἀπόστολος,
3345 886 3417 953 «ἡ
3449 883 3536 936 τοῦ
3565 886 3758 953 Χριστοῦ

579 976 674 1030 Dei
714 983 767 1030 et
797 974 895 1030 lilii
931 975 1175 1038 virtutis,
1216 981 1270 1029 et
1319 973 1416 1028 ﬁlii
1449 974 1738 1029 Altissimi.
1769 976 1834 1028 Et
1874 989 1974 1028 nos
1999 956 2155 1043 ipsos.

2251 972 2450 1042 μορφή.
2476 991 2493 1024 ι
2537 975 2630 1024 Δεῖ
2655 974 2764 1044 γὰρ
2793 970 2955 1032 εἶναι,
2999 974 3184 1044 φησὶν,
3225 973 3402 1044 ἄρτιον
3437 975 3521 1026 τὸν
3549 974 3630 1027 τοῦ
3651 976 3759 1030 Θεοῦ

582 1087 774 1128 rursus
820 1073 1100 1127 abortivos
1154 1070 1392 1136 edimus,
1441 1085 1653 1140 nosque
1705 1068 2054 1140 imperfectos
2095 1075 2150 1122 et

2247 1061 2546 1132 ἄνθρωπον.
2625 1065 2847 1135 Ἀρτιος
2901 1064 2956 1118 δέ
3007 1064 3223 1128 πάντως
3288 1066 3486 1127 ἐκεῖνός
3533 1067 3685 1132 ἐστιν,
3728 1064 3763 1136 ᾧ

580 1166 982 1220 subventaneos
1006 1162 1308 1227 reddimus,
1335 1165 1559 1232 quando
1575 1177 1685 1217 non
1710 1163 1876 1218 fuerit
1903 1164 1955 1216 in
1989 1161 2148 1216 nobis

2245 1151 2466 1214 τελείως
2489 1152 2519 1204 6
2545 1153 2644 1224 τῆς
2672 1154 2888 1222 φύσεως
2912 1155 3374 1225 συμπεπλήρωται
3398 1155 3559 1222 λόγος.
3593 1157 3762 1240 θύκοῦν

581 1258 982 1318 t'ormata,sicut
1003 1257 1079 1309 ait
1107 1256 1664 1325 Apostolus,cChristi
1693 1253 2150 1324 forma.»0portet

2248 1242 2296 1293 εί
2339 1242 2436 1310 μέν
2472 1260 2555 1306 τις
2597 1243 2662 1296 δι’
2695 1245 2900 1315 ἀρετῆς
2937 1245 3126 1299 τέκνον
3171 1245 3304 1298 θεοῦ
3338 1245 3518 1298 ἐαυτὸν
3561 1247 3764 1318 ἐποίησε,

577 1350 723 1401 enim
751 1347 1022 1417 integrum
1054 1356 1107 1401 et
1130 1345 1425 1415 perfectum
1445 1362 1569 1401 esse
1582 1347 1857 1401 hominem
1875 1346 1989 1400 Dei.
2014 1345 2152 1400 Inte-

2249 1331 2428 1385 λαϐὼν
2463 1333 2710 1398 ἐξουσίαν
2733 1337 2835 1405 τῆς
2860 1337 3134 1405 εὐγενείας
3151 1335 3369 1406 ταύτης,
3394 1336 3526 1405 ἔγνω
3543 1333 3675 1401 οὗτος
3695 1340 3765 1391 τὸν

580 1453 672 1505 ger
693 1447 872 1491 autem
905 1437 997 1491 ille
1021 1438 1244 1490 omnino
1266 1445 1370 1502 est,
1391 1438 1478 1490 cui
1494 1438 1732 1506 perfecta
1764 1444 1972 1490 natura:
2002 1447 2150 1490 com-

2247 1424 2436 1494 καιρὸν
2459 1425 2554 1493 τῆς
2593 1425 2802 1496 ἀγαθῆς
2825 1427 3031 1490 ὠδῖνος,
3052 1427 3146 1480 καὶ
3167 1427 3366 1498 χαίρει,
3395 1428 3527 1482 κατά
3550 1427 3605 1480 τὸ
3626 1429 3768 1495 Εὐαγ-

581 1528 724 1594 pleta
756 1525 856 1579 fuit
887 1525 1047 1580 ratio.
1086 1526 1142 1580 Si
1175 1529 1296 1596 quis
1331 1543 1462 1595 ergo
1495 1543 1590 1596 per
1617 1528 1875 1582 Virtutem
1908 1527 2149 1596 seipsum

2248 1513 2454 1582 γέλιον,
2494 1516 2754 1582 εἰκότως,
2807 1518 2886 1570 ὅτι
2939 1517 3200 1589 ἐγεννήθη
3260 1517 3530 1588 ἄνθρωπος
3578 1520 3648 1582 είς
3697 1521 3769 1571 τὸν

581 1615 673 1669 Dei
713 1616 881 1670 lilium
913 1615 1127 1680 fecerit,
1157 1618 1408 1686 praeclari
1435 1619 1598 1686 hujus
1623 1626 1777 1672 ortus
1807 1626 2028 1686 accepta
2055 1631 2150 1686 po-

2249 1604 2470 1673 κόσμον.
2541 1605 2598 1657 '0
2652 1605 2709 1658 δέ
2761 1608 3049 1676 γενόμενος
3098 1607 3286 1660 τέκνον
3332 1608 3528 1679 ὀργῆς,
3566 1612 3649 1661 καὶ
3681 1609 3770 1671 υἱὸς

581 1711 797 1769 testate,
848 1705 895 1758 is
943 1705 1096 1758 novit
1132 1714 1347 1774 tempus
1395 1706 1523 1759 boni
1574 1712 1786 1774 partus,
1844 1713 1898 1759 et
1955 1705 2148 1758 merito

2249 1696 2545 1764 ἀπωλείας,
2603 1699 2696 1750 καὶ
2741 1699 2965 1762 σκότους
3002 1699 3252 1769 ἔκγονος,
3303 1701 3536 1771 γέννημα
3577 1700 3770 1770 ἐχίδνης,

581 1795 780 1863 gaudet
807 1793 1192 1850 convenienter
1221 1791 1533 1866 Evangelio,
1569 1795 1716 1865 quod
1757 1804 1920 1850 natus
1950 1796 2022 1849 sit
2063 1795 2152 1848 ho-

2184 1775 2222 1829 Β
2251 1785 2469 1853 ἔκγονον
2500 1787 2685 1854 κακὸν,
2722 1789 2816 1840 καὶ
2847 1789 2915 1842 τά
2953 1789 3085 1843 ἄλλα
3117 1793 3293 1846 πάντα
3328 1793 3394 1846 δι’
3427 1787 3498 1846 ὧν
3525 1795 3550 1845 6
3579 1794 3771 1864 πονηρὸς

583 1901 672 1939 me
718 1886 775 1940 in
809 1886 1034 1940 mundo.
1085 1887 1190 1952 Qui
1231 1897 1413 1942 autem
1446 1897 1608 1941 natus
1644 1897 1729 1941 est
1775 1885 1917 1940 lilius
1949 1887 2062 1952 iraa,
2099 1893 2152 1940 et

2254 1875 2593 1930 διαϐάλλεται
2617 1879 2793 1942 τόκος,
2815 1882 2916 1934 οῦκ
2943 1881 3083 1950 ἔγνω
3103 1883 3192 1935 τὸν
3219 1883 3574 1951 ζωογονοῦντα
3597 1885 3769 1954 καιρόν·

583 1979 726 2033 liLius
762 1978 1106 2048 perditionis.
1145 1987 1198 2034 et
1229 1979 1374 2034 fetus
1403 1979 1779 2041 tenebrarum,
1821 1993 2041 2046 germen
2072 1977 2152 2030 vi-

2253 1963 2331 2030 είς
2362 1969 2470 2040 γὰρ
2507 1970 2697 2040 καιρὸς
2720 1970 2919 2025 τίκτων
2951 1975 3031 2036 είς
3054 1974 3220 2045 ζωὴν,
3259 1977 3353 2027 καὶ
3379 1977 3436 2028 οὐ
3463 1975 3646 2029 πολλοί.
3671 1971 3773 2030 Οὖό

582 2084 746 2138 perae,
781 2071 959 2126 malus
1007 2070 1174 2136 fetus,
1219 2079 1274 2125 et
1321 2072 1428 2123 alia
1475 2070 1682 2132 omnia,
1733 2070 1933 2138 quibus
1979 2069 2153 2122 malus

2250 2058 2565 2130 διαμαρτὼν
2611 2063 2667 2113 ἐν
2717 2064 2784 2132 τῇ
2822 2064 3048 2134 ἀκαιρία
3090 2065 3184 2118 τοῦ
3221 2066 3420 2130 τόκου,
3464 2069 3525 2136 τῇ
3572 2065 3776 2136 ἀπωλείᾳ

583 2159 723 2213 male
748 2160 898 2214 audit
933 2170 1146 2228 partus,
1199 2161 1247 2216 is
1287 2175 1397 2214 non
1429 2160 1582 2214 novit
1626 2167 1841 2229 tempus
1878 2158 2022 2229 quod
2067 2159 2152 2229 gi-

2253 2148 2443 2201 ἑαυτὸν
2471 2147 2646 2215 ὧδινε,
2693 2152 2788 2204 καὶ
2814 2150 2892 2222 τῷ
2921 2152 3136 2224 Θανάτῳ
3158 2153 3260 2224 τὴν
3282 2153 3454 2224 ψυχὴν
3475 2156 3773 2225 ἐμαιεύσατο.

582 2251 699 2318 guit
747 2251 968 2306 vitalia:
1023 2259 1108 2306 est
1153 2253 1300 2306 enim
1355 2267 1521 2305 unum
1558 2261 1772 2321 tempus
1818 2252 2037 2320 pariens
2084 2251 2153 2305 ad

2253 2240 2315 2292 Εί
2348 2239 2403 2291 δέ
2446 2242 2677 2312 φανερόν
2715 2243 2830 2295 ἐστι
2870 2243 2986 2307 πῶς
3019 2246 3075 2298 ἐν
3109 2245 3290 2314 καιρῷ
3324 2244 3623 2316 τικτόμεθα,
3652 2245 3778 2314 δῆλον

582 2343 770 2407 vitam,
795 2349 849 2396 et
891 2359 997 2398 non
1035 2343 1212 2413 plura.
1253 2342 1358 2408 Qui
1399 2357 1532 2412 ergo
1563 2347 1787 2411 propter
1829 2343 2154 2413 importuni-

2254 2331 2387 2382 πᾶσι
2416 2330 2531 2394 πῶς
2554 2333 2611 2385 ἐν
2641 2333 2817 2404 καιρῷ
2843 2335 3284 2406 ἀποθνήσκομεν,
3312 2333 3421 2390 οἷον
3448 2339 3549 2400 πᾶς
3569 2337 3640 2407 τῷ
3667 2337 3778 2407 ἁγίῳ

581 2440 747 2487 tatem
777 2441 993 2502 partum
1033 2449 1143 2489 non
1170 2441 1254 2490 est
1287 2442 1593 2495 assecutus,
1622 2435 1860 2503 seipsum
1899 2434 2156 2502 parturiit

2253 2421 2450 2493 Παύλῳ
2480 2423 2666 2494 καιρὸς
2686 2425 2778 2477 τοῦ
2803 2425 3009 2493 ἀγαθοῦ
3046 2426 3279 2480 θανάτου
3311 2428 3555 2500 εὔκαιρος
3587 2426 3666 2500 ἦν.
3696 2430 3781 2497 Βοᾷ

581 2522 854 2589 interitui,
885 2532 938 2579 et
969 2524 1038 2579 ad
1071 2535 1304 2580 mortem
1335 2540 1449 2579 suae
1483 2532 1568 2579 est
1595 2525 1791 2578 anima:
1824 2525 2155 2578 ohstetrica-

2252 2513 2357 2583 γὰρ
2373 2515 2429 2567 ἐν
2468 2518 2576 2576 τοῖς
2600 2515 2748 2579 ἰδίοις
2768 2517 2966 2586 λόγοις,
3003 2518 3219 2590 ἔνορκον
3259 2522 3456 2592 τρόπον
3486 2524 3598 2575 τινὰ
3630 2520 3780 2574 ποιούο

580 2622 690 2668 tus.
727 2613 783 2668 Si
819 2623 904 2670 est
933 2627 1114 2672 autem
1156 2615 1506 2685 perSpicuum
1556 2614 2016 2684 quemadmodum
2056 2629 2156 2668 na-

2259 2619 2440 2672 μενος,
2490 2607 2547 2657 ἐν
2587 2600 2668 2668 οἷς
2698 2623 2881 2676 φησιν,
2903 2608 2984 2660 ὅτι
3030 2627 3050 2661 ι
3074 2611 3209 2662 Καθ’
3249 2613 3454 2682 ἡμέραν
3483 2611 3781 2682 ἀποθνήσκω.

580 2705 784 2758 seimur
807 2706 859 2758 in
886 2717 1152 2775 tempore,
1183 2705 1531 2774 perspicuum
1550 2719 1767 2773 quoque
1791 2715 1875 2760 est
1901 2705 2154 2759 omnibus

2254 2691 2319 2762 νὴ
2349 2693 2443 2764 τὴν
2480 2695 2749 2766 ὑμετέραν
2783 2697 3047 2766 καύχησιν
3069 2714 3082 2729 ο
3123 2719 3141 2750 ι
3187 2703 3288 2753 καὶ
3332 2702 3409 2768 τὸ,
3442 2720 3460 2752 ι
3490 2703 3672 2755 Ἕνεκα
3706 2700 3780 2752 σοῦ

579 2796 1035 2864 quemadmodum
1057 2798 1325 2850 morimur
1351 2797 1406 2849 in
1425 2794 2155 2864 tempore,quemadmodum

2256 2783 2627 2854 θανατούμεθα
2683 2787 2862 2841 πᾶσαν
2921 2789 3154 2858 ἡμέραν.
3185 2808 3206 2842 ι
3243 2793 3353 2844 Καὶ
3410 2792 3556 2844 αὐτοὶ
3597 2793 3648 2844 ἐν
3684 2793 3783 2843 ἑαυο

581 2893 772 2940 sancto
801 2885 971 2941 Paulo
1004 2887 1071 2940 ad
1109 2887 1308 2942 bonam
1345 2893 1574 2940 mortem
1606 2899 1768 2939 omne
1798 2895 2010 2954 tempus
2039 2890 2156 2938 erat

2253 2878 2365 2938 τοῖς
2409 2876 2465 2929 τὸ
2502 2877 2784 2947 ἀπόκριμα
2823 2877 2916 2930 τοῦ
2964 2879 3196 2933 θανάτου
3237 2883 3562 2953 ἐσχήκαμεν.
3596 2882 3780 2942 Πάντως

579 2986 968 3047 opportunum.
995 2979 1208 3032 Clamat
1235 2977 1380 3030 enim
1412 2977 1467 3029 in
1501 2976 1615 3030 suis
1637 2975 2160 3043 scriptis,quodam—

2255 2967 2310 3020 δὲ
2342 2967 2440 3019 οὐκ
2475 2967 2667 3036 ἄδηλον
2713 2968 2829 3031 πῶς
2855 2969 3190 3040 ἀποθνήσκει
3227 2973 3346 3025 καθ’
3379 2975 3580 3042 ἡμέραν
3609 2976 3634 3024 6
3665 2971 3783 3024 Παῦ-

583 3063 745 3118 modo
767 3063 1278 3134 adjurans,quando
1296 3063 1464 3116 dicit:
1495 3082 1512 3114 ι
1545 3063 1802 3126 Quotidie
1821 3064 2044 3126 morior,
2061 3075 2156 3130 per

2197 3100 2227 3158 Β
2257 3057 2366 3120 λος,
2399 3058 2427 3109 ό
2458 3059 2724 3128 μηδέποτε
2764 3061 2830 3129 τῇ
2873 3061 3114 3132 ἁμαρτίᾳ
3140 3061 3275 3128 ζῶν,
3305 3064 3333 3114 ὁ
3364 3064 3448 3116 ἀεὶ
3471 3063 3534 3116 τά
3565 3063 3685 3132 μέλη
3706 3061 3784 3127 τῆς

580 3161 819 3208 vestram
843 3156 1225 3224 gloriationem
1248 3155 1392 3206 "iet
1423 3153 1555 3208 illud
1584 3172 1628 3207 ει
1655 3154 1885 3222 Propter
1905 3163 1958 3208 te
1982 3163 2157 3209 morte

2197 3149 2227 3158 '
2261 3149 2459 3218 σαρκὸς
2488 3149 2717 3220 νεκρῶν,
2763 3151 2856 3203 καί⁵
2893 3152 2989 3222 τὴν
3017 3152 3288 3223 νέκρωσιν
3327 3155 3420 3207 τοῦ
3455 3154 3682 3226 σώματος
3709 3151 3784 3204 τοῦ

582 3241 848 3296 allieimur
879 3242 1126 3312 quotidie
1149 3244 1216 3301 ⁸⁸.
1241 3262 1260 3294 ι
1300 3241 1365 3294 Et
1396 3241 1497 3310 ipsi
1522 3242 1575 3295 in
1601 3243 1758 3297 nobis
1785 3242 1920 3311 ipsis
1939 3257 2157 3310 respon-

2255 3240 2492 3310 Χριστοῦ
2519 3241 2576 3294 ἐν
2600 3241 2778 3311 ἑαυτῷ
2805 3243 3137 3314 περιφέρων,
3165 3248 3195 3298 ό
3223 3246 3450 3299 πάντοτε
3479 3245 3679 3317 Χριστῷ
3711 3261 3786 3296 συ-

582 3347 702 3385 sum
723 3333 914 3387 mortis
939 3330 1494 3387 habuimus.0mnino
1517 3342 1696 3388 autem
1720 3347 1827 3386 non
1853 3342 1936 3387 est
1954 3333 2156 3387 obscu-

2257 3330 2673 3401 σταυρούμενος,
2701 3335 2729 3384 ό
2760 3333 3031 3410 μηδέποτε
3073 3336 3256 3407 ἐαυτῷ
3283 3337 3391 3400 ζῶν
3412 3378 3426 3401 ,
3475 3337 3602 3391 ἀλλά
3642 3337 3786 3402 ζῶντα

583 3438 725 3486 rum,
764 3423 1218 3492 quemadmodum
1257 3422 1460 3478 Paulus
1503 3424 1735 3477 moritur
1766 3421 2029 3492 quotidie,
2059 3421 2154 3492 qui

2254 3420 2393 3491 ἔχων
2432 3423 2487 3473 ἐν
2535 3423 2711 3493 ἐαυτῷ
2755 3424 2848 3477 τὸν
2885 3423 3142 3496 Χριστόν·
3164 3422 3323 3490 οὗτος
3365 3429 3431 3482 ἂν
3466 3430 3548 3498 εἴη
3579 3428 3706 3482 κατά
3737 3443 3786 3494 γε

583 3527 863 3582 nunquam
895 3521 1118 3584 peccato
1152 3515 1300 3577 vivit,
1324 3515 1415 3584 qui
1461 3528 1673 3583 semper
1697 3512 1942 3566 membra
1966 3513 2151 3568 carnis

2256 3511 2354 3580 τὴν
2382 3513 2652 3584 ἡμετέραν
2683 3515 2863 3585 κρίσιν
2890 3519 2918 3570 6
2947 3515 3206 3588 εὔκαιρος
3235 3519 3480 3584 θάνατος,
3508 3523 3535 3572 ό
3555 3520 3646 3591 τῆς
3679 3519 3788 3584 ἁλη-

583 3605 898 3669 mortilicat,
929 3613 984 3660 et
1006 3605 1476 3660 mortificationem
1505 3603 1754 3674 corporis
1782 3601 1988 3657 Christi
2011 3602 2064 3655 in
2094 3619 2154 3657 se

2257 3599 2380 3665 θοῦς
2407 3603 2550 3672 ζωῆς
2586 3605 2870 3674 γενόμενος
2903 3607 3181 3677 πρόξενος.
3217 3628 3236 3662 ι
3261 3609 3402 3678 Ἐγὼ
3436 3631 3456 3662 ι
3493 3609 3787 3681 γὰρ,φησὶν,

583 3697 901 3753 circumfert
921 3699 987 3766 ⁸⁵,
1018 3699 1109 3770 qui
1134 3713 1350 3768 semper
1377 3713 1499 3751 cum
1535 3697 1754 3751 Christo
1791 3695 2148 3765 cruciﬁgitur,

2263 3719 2280 3750 ι
2307 3700 2590 3752 ἀποκτενῶ
2620 3703 2712 3754 καὶ
2733 3703 2832 3774 ζῇν
2867 3706 3097 3775 ποιήσω⁹
3128 3724 3148 3757 ι
3185 3707 3263 3771 ὡς
3303 3708 3581 3761 πεπεῖσθαι
3612 3703 3787 3772 ἀληθῶς

581 3789 676 3858 qui
711 3804 988 3860 nunquam
1030 3790 1136 3845 sibi
1171 3791 1326 3854 vivit,
1375 3789 1471 3844 sed
1514 3788 1784 3842 viventem
1832 3787 1888 3841 in
1926 3802 1984 3842 se
2033 3788 2152 3856 ipso

2257 3792 2392 3844 Θεοῦ
2425 3793 2596 3865 δῶρον
2635 3791 2774 3850 εἶναι
2809 3799 2871 3850 τὸ
2911 3799 3254 3870 νεκρωθῆναι
3301 3805 3367 3873 τῇ
3417 3801 3679 3872 ἁμαρτίᾳ,
3717 3797 3790 3851 καὶ

582 3881 1058 3948 habetChristum,
1088 3882 1203 3936 haec
1227 3896 1345 3936 meo
1365 3879 1577 3950 judicio
1609 3878 1773 3934 fuerit
1791 3893 1937 3933 mors
1955 3893 2153 3947 oppor-

2257 3882 2660 3956 ζωοποιηθῆναι
2683 3887 2762 3957 τῷ
2789 3889 3080 3959 πνεύματι.
3109 3892 3212 3944 Διά
3242 3892 3352 3964 γὰρ
3380 3893 3472 3944 τοῦ
3496 3891 3788 3945 ἀποκτεῖναι,

584 3979 737 4035 tuna,
763 3988 884 4042 quae.
908 3989 1050 4028 verae
1072 3973 1197 4027 vita:
1223 3971 1326 4026 fuit
1351 3971 1718 4027 conciliatrix.
1752 3987 1770 4018 ‹
1800 3969 1908 4038 Ego
1934 3987 1952 4019 ι
1983 3969 2151 4032 enim,

2257 3969 2538 4034 ζωοποιεῖν
2573 3977 2968 4045 ἐπαγγέλλεται
2997 3983 3028 4051 ἡ
3057 3980 3177 4034 θεία
3213 3985 3403 4055 φωνή·
3432 3985 3606 4054 ὃμοιον
3627 3982 3677 4034 δὲ
3703 3982 3791 4040 τοῖς

583 4062 784 4132 inquit,
805 4081 824 4115 ‹
847 4065 1116 4132 occidam,
1135 4065 1382 4118 etvivcre
1396 4061 1589 4116 faciam
1609 4061 1653 4092 ⁸⁸
1675 4079 1688 4114 :
1712 4079 1730 4110 ι
1757 4066 1814 4112 ιιι
1829 4074 2150 4127 persuasum

1540 4061 1730 4114 mum
1757 4066 2150 4127 utpersuasum
2253 4065 2563 4133 είρημένοις
2604 4068 2698 4121 καὶ
2735 4069 2796 4121 τὸ
2836 4072 3120 4140 ἑπόμενον·

583 4155 656 4209 sit
691 4172 819 4212 vere
863 4157 952 4211 Dei
998 4170 1121 4212 esse
1158 4157 1385 4219 donum,
1439 4159 1718 4209 mortuum
1788 4165 1911 4207 esse
1946 4160 2192 4220 peccato,
2233 4164 2287 4210 et
2321 4158 2653 4213 virilieatum
2697 4162 2914 4230 spiritu.
2964 4160 3265 4233 Propterea
3322 4166 3468 4221 enim
3512 4164 3645 4236 quod
3672 4159 3792 4216 occi-

581 4246 743 4313 derit,
788 4247 1070 4302 viviﬁcare
1121 4246 1390 4317 promittit
1438 4259 1544 4300 vox
1596 4243 1802 4297 divina.
1850 4244 1923 4298 lis
1973 4253 2158 4299 autem
2196 4265 2318 4318 quae
2345 4249 2494 4304 dicta
2539 4264 2700 4317 sunt,
2741 4255 2918 4309 simile
2977 4273 3198 4327 quoque
3223 4267 3308 4314 est
3353 4261 3499 4330 quod
3543 4258 3787 4326 sequitur:

649 4340 704 4393 2.
741 4357 760 4391 ι
797 4339 1056 4411 Tempus,
1100 4359 1119 4391 ι
1164 4340 1363 4409 inquit,
1424 4359 1442 4390 ι
1494 4337 1800 4408 plantandi,
1850 4347 1904 4392 et
1931 4347 2146 4407 tempus
2178 4344 2221 4398 Ι)

2201 4347 2221 4398 )
2283 4347 2302 4382 ⁸
2322 4344 2545 4414 Καιρὸς,
2567 4347 2718 4417 φησι,
2745 4347 2838 4400 τοῦ
2865 4349 3146 4416 φυτεῦσαι,
3177 4353 3273 4405 καὶ
3303 4354 3492 4425 καιρὸς
3514 4351 3603 4404 τοῦ
3622 4348 3788 4403 ἐκτῖλω

584 4431 851 4486 evellendi
885 4431 1032 4500 quod
1082 4431 1390 4500 plantatum
1437 4439 1545 4489 est.
1588 4449 1606 4481 ι
1663 4429 1883 4485 Scimus
1919 4431 2045 4499 quis
2084 4430 2159 4486 sit

2253 4434 2314 4486 τὸ
2365 4434 2973 4507 πεφυτευμένον.ιοἶδα
2999 4442 3115 4516 ,μὲν
3165 4445 3251 4507 τίς
3300 4445 3462 4516 ήμῶν
3503 4446 3530 4496 ό
3567 4440 3783 4512 γεωργὸή

585 4531 771 4574 noster
815 4523 1073 4589 agricola,
1108 4528 1162 4575 et
1201 4537 1327 4583 nos,
1369 4520 1658 4589 cujusnam
1701 4521 1874 4575 simus
1919 4521 2160 4590 agricul-

2255 4528 2349 4579 καὶ⁴
2389 4529 2550 4596 ἡμεῖς
2597 4528 2738 4592 τίνος
2782 4529 3068 4602 γεώργιον.
3115 4534 3190 4586 Τὸ
3238 4536 3340 4605 μὲν
3373 4536 3483 4608 γὰρ
3514 4535 3651 4606 παρὰ
3683 4530 3785 4601 Χρι-

588 4619 733 4663 tura.
776 4610 911 4665 Nam
955 4612 1089 4666 illud
1137 4613 1357 4682 quidem
1387 4627 1418 4666 a
1450 4612 1691 4678 Christo,
1730 4613 1835 4668 hoc
1865 4622 2044 4668 autem
2075 4613 2160 4666 di-

2257 4615 2382 4668 στοῦ
2403 4656 2418 4681 ,
2449 4617 2510 4670 τὸ
2543 4617 2598 4670 δὲ
2641 4618 2791 4688 παρὰ
2832 4620 2927 4673 τοῦ
2961 4621 3147 4675 δούλου
3177 4625 3274 4676 τοῦ
3319 4625 3552 4696 Χριστοῦ
3583 4620 3785 4694 μεμαοή’

585 4703 820 4757 dicimus
855 4717 885 4756 a
925 4719 1084 4758 servo
1117 4704 1324 4759 Christi
1373 4702 1564 4757 Paulo.
1609 4703 1750 4757 Dicit
1779 4704 1923 4758 enim
1974 4703 2160 4758 Domi-

2256 4723 2432 4777 καμεν
2471 4709 2705 4762 Παύλου.
2750 4711 2807 4764 '0
2857 4711 2954 4781 μὲν
3004 4713 3113 4784 γὰρ
3144 4715 3352 4784 Κύριός
3387 4732 3566 4786 φησιν,
3595 4714 3668 4766 ὅτι
3696 4727 3710 4761 ι
3743 4706 3784 4758 ’0

587 4808 736 4849 nus:
781 4811 801 4845 ι
856 4793 1017 4850 Pater
1063 4811 1221 4851 meus
1265 4795 1508 4876 agricola
1562 4805 1645 4850 est
1673 4795 1742 4850 ⁸⁸.
1789 4814 1807 4848 ι
1860 4796 2157 4864 Apostolus

2256 4799 2443 4867 Πατήρ
2479 4816 2579 4868 μου
2627 4802 2869 4872 γεωργός
2907 4804 3086 4858 ἐστιν·
3122 4823 3140 4855 ι
3161 4807 3189 4857 6
3228 4806 3288 4858 δέ
3341 4806 3646 4865 Ἀπόστολος
3682 4798 3783 4868 πρὸς

585 4892 766 4938 autem
819 4885 980 4940 nobis
1026 4887 1205 4941 dicit:
1262 4906 1280 4936 ι
1319 4885 1415 4939 Dei
1460 4887 1798 4955 agricultura
1846 4889 1984 4942 estis
2015 4889 2082 4940 ⁸⁷.
2133 4906 2152 4938 ι

2254 4890 2401 4959 ἡμᾶς
2421 4889 2586 4959 λέγει·
2618 4893 2699 4944 ὅτι
2725 4911 2745 4944 ι
2776 4893 2909 4946 Θεοῦ
2938 4893 3206 4965 γεώργιὸν
3229 4899 3375 4951 ἐστε.
3399 4917 3418 4948 ι
3459 4898 3516 4950 '0
3544 4891 3628 4950 οὖν
3649 4891 3784 4962 μέγας

588 4974 814 5044 Magnus
859 4990 989 5044 ergo
1041 4976 1283 5045 agricola
1315 4977 1422 5030 scit
1469 4975 1646 5029 solum
1699 4976 1837 5028 bona
1888 4977 2158 5046 plantare.

2256 4982 2497 5053 γεωργὸς
2525 4985 2591 5036 τὰ
2615 4984 2792 5052 ἀγαθά
2819 4986 3070 5054 φυτεύειν
3101 4988 3395 5042 ἐπίσταται
3419 4989 3588 5059 μόνον.
3611 5005 3627 5036 ι
3658 4979 3785 5049 Ἐφύ-

590 5085 608 5117 ‹
679 5065 954 5121 Plantavit
1009 5069 1154 5122 enim
1194 5067 1336 5123 Deus
1389 5067 1704 5136 paradisum
1766 5069 1822 5121 in
1881 5067 2048 5122 Edem
2090 5067 2159 5121 ad

2256 5088 2416 5124 τευσε
2459 5071 2568 5142 γάρ
2597 5077 2625 5126 ό
2669 5075 2802 5136 Θεὸς
2843 5077 3168 5147 παράδεισον
3198 5083 3258 5132 ἐν
3313 5081 3476 5150 Ἐδέμ
3514 5078 3640 5132 κατά
3678 5075 3786 5127 ἀνα·

587 5158 863 5213 Orientem
912 5160 956 5191 ⁸⁸
1005 5177 1018 5213 :
1077 5178 1100 5211 ι
1145 5160 1295 5214 vellit
1349 5167 1528 5212 autem
1563 5174 1770 5227 eaquae
1815 5167 1945 5213 sunt
1999 5159 2158 5214 bonis

2262 5160 2490 5233 τολάς,›
2518 5163 2584 5214 τὰ
2613 5163 2668 5216 δὲ
2697 5166 2916 5219 ἐναντία
2935 5171 3047 5230 τοῖς
3061 5155 3289 5237 ἀγαθοῖς
3305 5171 3592 5224 ἀποτίλλει.
3621 5186 3638 5216 ι
3663 5168 3784 5218 Dia:

587 5252 890 5306 Contraria.
930 5268 950 5303 ι
981 5249 1172 5306 Omnis
1198 5250 1344 5306 enim
1373 5251 1634 5320 plantatio
1665 5266 1830 5319 quam
1863 5266 1971 5303 non
1999 5251 2154 5319 plan-

2263 5250 2371 5320 γὰρ
2406 5253 2596 5318 φυτεία
2624 5255 2688 5323 ἢν
2736 5255 2834 5308 οὐκ
2873 5256 3164 5324 ἐφύτευσεν
3221 5263 3251 5314 6
3308 5263 3494 5332 Πατήρ
3550 5276 3639 5330 μου
3673 5251 3785 5308 δοὺ-

588 5343 724 5396 tavit
759 5342 920 5398 Pater
937 5357 1090 5397 meus
1143 5341 1409 5405 caelestis,
1454 5341 1828 5396 eradicabitur
1854 5341 1918 5393 3’.
1961 5360 1980 5392 ι
2017 5339 2155 5393 Plia-

2256 5339 2465 5409 ,ράνιος,
2493 5341 2937 5413 ἐκριζωθήσεται.
2975 5364 2994 5396 ι
3031 5346 3242 5400 Οὐκοῦν
3271 5350 3304 5418 ἡ
3346 5345 3630 5418 φαρισαῖκὶ·
3655 5335 3785 5393 at:in

591 5434 788 5488 risaica
818 5448 947 5501 ergo
970 5432 1173 5486 malitia
1193 5439 1248 5487 et
1269 5431 1646 5497 incredulitas,
1678 5442 1732 5488 et
1759 5432 1956 5503 ingrati
1985 5430 2154 5484 animi

2260 5447 2320 5483 τε
2364 5434 2455 5486 καὶ
2485 5433 2740 5498 ἀπιστία,
2772 5436 2864 5488 καὶ
2895 5437 2927 5506 ἡ
2967 5437 3104 5508 πρὸς
3149 5439 3218 5493 τὰ
3249 5439 3507 5508 γινόμενα
3549 5433 3682 5504 παρὰ
3710 5423 3783 5482 τοῦ

660 5611 704 5642 ⁸³
742 5610 754 5660 Ι
787 5610 912 5663 Cor.
954 5625 1042 5668 xv,
1070 5609 1128 5662 51
1235 5609 1280 5640 ⁸³
1323 5607 1477 5663 Rom.
1518 5609 1731 5662 vm.36.
1803 5609 1846 5640 ‘“
1890 5610 1926 5664 Il
1980 5611 2106 5664 Cor.
2143 5626 2214 5677 tv,

2202 5611 2329 5677 .10.
2409 5612 2451 5642 ⁸⁵
2480 5609 2634 5666 Deut.
2679 5626 2847 5675 xxxii,
2882 5613 2967 5666 59.
3047 5610 3268 5667 "‘Joan.
3300 5629 3388 5678 xv,
3435 5612 3478 5664 l.
3549 5607 3636 5661 ’Ἰ
3679 5602 3781 5656 Coro

591 5692 673 5742 ιιι,
708 5681 756 5732 9.
835 5682 878 5708 ⁸⁸⁸
919 5680 1052 5733 Gen.
1093 5693 1152 5744 lt,
1184 5679 1233 5732 8.
1316 5681 1355 5709 κε’
1401 5678 1799 5741 Mattli.xv,l5.
