4018 6334
223 171 300 225 7.05
1235 149 1302 206 IN
1335 147 1874 206 ECCLESIASTEN.
1933 147 2213 203 HOMILIA
2248 153 2330 206 γι.
3322 159 3422 216 706

217 286 384 361 Κυρίου
409 278 652 352 Θαὺματα
706 275 1099 348 ἀγνωμοσύνη,
1135 273 1309 328 ταῦτα
1347 273 1414 326 τὰ
1453 272 1597 341 φυτά
1632 274 1736 325 ἐστι

1850 271 2056 324 crimen
2091 271 2156 325 ad
2190 286 2250 327 ea
2283 287 2403 340 qua:
2436 287 2462 324 a
2508 271 2736 326 Domino
2771 273 2910 328 facta
2957 284 3086 330 sunt
3129 277 3419 345 miracula,

215 381 262 434 τὰ
306 373 656 441 ἑκτιλλόμενα.
705 368 824 439 Χρὴ
869 367 977 437 γάρ
1037 366 1403 436 ἐπικρατῆσαι
1457 364 1517 416 τὸ
1567 365 1738 434 κήρυ-

208 487 302 540 γμα
326 469 415 537 τῆς
435 463 720 532 σωτηρίας.
755 480 774 512 ι
805 461 926 532 Χρὴ
956 457 1296 529 κηρυχθῆναι
1323 456 1384 508 τὸ
1410 456 1738 523 Εὑαγγέλιον

206 566 251 615 ἐν
273 559 366 628 ὅλῳ
392 556 462 626 τῷ
483 555 690 624 κόσμῳ.
724 573 741 604 ι
781 552 900 622 Χρὴ
929 552 1110 603 πᾶσαν
1131 548 1382 614 γλῶσσαν
1414 546 1737 617 ἐξομολογή-

204 649 369 703 σασθαι
394 647 471 698 δτι
507 645 712 713 Κύριος
763 639 970 712 Ἰησοῦς
1021 638 1252 706 Χριστὸς
1298 639 1378 700 είς
1417 636 1573 701 δόξαν
1602 635 1736 688 Θεοῦ

204 739 399 809 [ἰατρός.
446 736 596 788 Ἐπεὶ
640 729 734 786 οὖν
764 732 936 785 ταῦτα
980 730 1236 799 γενέσθαι
1281 728 1386 799 χρὴ
1419 729 1669 793 πάντως,
1702 731 1735 800 ὴ

199 831 274 883 νῦν
299 823 662 897 ὲπικρατοῦσά
689 839 851 875 τινων
878 821 1103 874 ἀπιστία
1129 821 1230 872 οὐκ
1259 819 1406 872 ἐστιν
1430 820 1493 871 ἐκ
1517 819 1616 888 τῆς
1643 817 1736 870 τοῦ

199 921 378 989 ίίιτρδς
403 918 655 987 φυτείας,
686 915 820 968 ἀλλὰ
847 913 940 967 τοῦ
975 913 1445 984 παρασπείροντος
1486 912 1556 965 τὰ
1581 911 1738 975 ζιζά-

195 1033 281 1076 νια,
307 1013 337 1080 ἢ
366 1010 453 1063 τοῦ
488 1005 964 1077 παραφυτεύοντος
998 1006 1075 1074 τῷ
1101 1003 1413 1074 Δεσποτικῷ
1457 1002 1736 1074 ἀμπελῶνι

193 1104 272 1173 τὴν
313 1099 604 1170 Σοδομικὴν
642 1096 976 1167 κληματίδα,
1012 1097 1189 1167 Ὅπερ
1218 1092 1310 1149 οὖν
1355 1097 1411 1148 ὲν
1444 1095 1522 1164 τῷ
1558 1096 1734 1162 Εὐαγ-

191 1193 326 1263 γελίῳ
361 1191 514 1261 παρὰ
555 1190 655 1258 τῆς
690 1187 1023 1257 Δεσποτικῆς
1079 1187 1262 1255 φωνῆς
1309 1185 1731 1254 ἐπαιδεύθημεν

191 1285 321 1336 τοῦτο
339 1283 430 1334 νῦν
455 1281 556 1334 καὶ
581 1283 636 1332 ἐν
664 1278 742 1348 τῷ
768 1279 1047 1348 αἰνίγματι
1067 1275 1160 1329 τοῦ
1187 1275 1610 1345 Ἐκκλησιαστοῦ
1639 1276 1738 1328 ὲδι-

191 1374 456 1443 ἰᾶχθημεν,
484 1373 571 1424 ὅτι
596 1371 759 1434 αὐτὸς
790 1369 978 1438 καιρός
1010 1370 1124 1423 ἐστι
1163 1367 1224 1420 τό
1257 1384 1316 1420 τε
1356 1369 1618 1438 σωτήριον
1637 1367 1736 1437 τῆς

191 1467 392 1525 πίστεως
420 1461 592 1530 φυτὸν
619 1457 1052 1530 παραδέξασθαι,
1088 1459 1148 1510 τὸ
1194 1457 1325 1511 αὐτὸ
1354 1458 1454 1528 τῆς
1481 1458 1736 1520 ἀπιστίας

188 1555 406 1610 ἀποτῖλαι
436 1552 701 1617 ζιζάνιον.
744 1553 808 1603 Ὃ
851 1550 907 1602 δὲ
937 1550 1027 1602 ἐπὶ
1077 1549 1274 1620 μέρους
1307 1550 1435 1620 περὶ
1466 1548 1560 1602 τοῦ
1596 1547 1736 1602 κατὰ

1846 364 1930 418 lite
1979 365 2178 434 plantae
2229 373 2358 419 sunt
2411 379 2532 433 qua:
2585 366 2910 420 evelluntur.
2947 367 3223 422 Dominari
3271 371 3417 426 enim

1845 463 2062 523 Oportet
2109 456 2444 524 praeconium
2483 455 2698 510 salutis.
2731 456 2959 526 Oportet
2991 458 3155 512 etiam
3210 459 3417 515 invale-

1845 562 2000 602 scere
2049 547 2494 616 praedicationem
2549 548 2764 603 salutis.
2803 567 2821 598 ι
2889 548 3113 618 Oportet
3174 551 3418 624 Evange-

1844 639 1976 692 lium
2008 639 2291 709 praedicari
2327 639 2380 693 in
2413 647 2527 694 toto
2555 639 2759 693 mundo
2785 640 2854 691 η.
2893 658 2911 691 ι
2946 639 3168 709 Oportet
3198 659 3413 700 onmem

1845 727 2088 797 linguam
2131 729 2402 792 conﬁteri,
2457 729 2604 799 quod
2657 728 2922 783 Dominus
2967 728 3128 786 Jesus
3162 733 3416 789 Christus

1844 819 1900 873 in
1940 819 2168 888 gloriam
2218 817 2312 873 Dei
2347 817 2528 873 Patris
2561 819 2625 871 ⁸⁸.
2669 818 2940 884 Quoniam
2987 836 3118 891 ergo
3154 821 3268 877 haec
3295 839 3414 877 om-

1843 911 1977 965 nino
2010 910 2127 964 ﬁeri
2157 919 2392 979 oportet,
2424 927 2546 980 qua:
2581 926 2727 966 nunc
2769 913 2823 966 in
2855 914 3138 970 nonnullis
3168 913 3418 968 domina-

1845 1011 1934 1057 tur
1965 1003 2345 1067 incredulitas,
2375 1019 2485 1058 non
2531 1016 2615 1062 est
2646 1021 2709 1059 ex
2745 1003 3075 1072 plantatione
3091 1005 3294 1070 Patris,
3320 1009 3415 1063 sed

1842 1092 1963 1162 ejus
1991 1093 2081 1162 qui
2105 1093 2508 1163 superseminat
2530 1094 2761 1158 zizania,
2789 1097 2871 1148 vel
2903 1096 2993 1162 qui
3020 1095 3175 1162 juxta
3203 1098 3412 1152 vineam

1842 1184 2058 1238 Domini
2085 1185 2362 1254 palmitem
2398 1185 2607 1254 plantat
2635 1184 3023 1240 Sodomorum.
3055 1187 3208 1253 Quod
3249 1189 3418 1257 igitur

1842 1279 1897 1331 in
1935 1275 2229 1347 Evangelio
2262 1275 2560 1331 didicimus
2594 1291 2624 1329 a
2658 1292 2791 1332 voce
2826 1277 3063 1343 Domini,
3111 1279 3215 1334 hoc
3267 1297 3414 1336 nunc

1841 1383 2061 1438 quoque
2110 1369 2397 1438 aenigmate
2445 1367 2632 1422 docuit
2681 1383 2784 1423 nos
2834 1367 3214 1436 Ecclesiastes,
3265 1371 3410 1441 quod

1842 1459 1984 1512 idem
2015 1465 2100 1513 est
2125 1466 2339 1527 tempus
2376 1465 2430 1512 et
2466 1459 2764 1512 salutarem
2803 1457 2926 1513 tidei
2959 1460 3198 1528 plantam
3234 1461 3414 1515 susci-

1844 1548 2048 1619 piendi,
2103 1557 2156 1602 et
2215 1550 2392 1619 ipsum
2438 1548 2844 1603 incredulitatis
2890 1550 3079 1605 lolium
3121 1551 3408 1606 evellendi.

193 1647 266 1716 τὴν
307 1644 483 1696 πίστιν
539 1638 962 1712 κατορθώματος
1009 1638 1255 1710 εἴρηται,
1291 1637 1449 1690 τοῦτο
1501 1638 1594 1692 καὶ
1644 1640 1734 1691 ἐπὶ

1839 1641 1992 1707 Quod
2026 1651 2207 1695 autem
2245 1642 2299 1694 in
2336 1649 2490 1711 parte
2522 1641 2728 1696 dictum
2760 1650 2844 1697 est
2883 1641 2950 1697 de
2982 1657 3046 1697 eo
3083 1643 3228 1712 quod
3265 1651 3412 1698 recte

192 1735 339 1804 πάσης
361 1732 568 1804 ἀρετῆς
598 1729 907 1793 ἀκολούθως
935 1729 1000 1782 ἄν
1027 1746 1110 1790 τις
1141 1731 1368 1800 νοήσειε.
1408 1728 1614 1800 Καιρὸς
1643 1729 1734 1783 τοῦ

190 1824 414 1893 ουτεῦσαι
449 1821 556 1892 τὴν
602 1819 957 1889 σωφροσύνην
1009 1820 1100 1872 καὶ
1133 1819 1338 1872 ὲκτῖλαι
1367 1819 1429 1872 τὸ
1472 1819 1571 1888 τῆς
1608 1819 1737 1872 ἀκο-

187 1913 342 1976 λασίας
387 1911 582 1981 φυτόν.
628 1908 784 1962 οὕτω
826 1910 921 1961 καλ⁵
959 1909 1300 1980 δικαιοσύνης
1345 1909 1732 1980 φυτευθείσης,

190 2004 555 2077 άπορριζοῦται
589 2003 650 2055 τὸ
677 2001 859 2056 ἄδικον
882 2001 1186 2072 βλάστημα,
1218 2003 1310 2056 καὶ
1338 2003 1400 2055 τὸ
1430 2004 1528 2073 τῆς
1555 2021 1738 2058 ταπει-

191 2095 484 2169 νοφροσύνης
526 2095 715 2163 φυτὸν,
755 2094 845 2148 τὸν
869 2093 1037 2161 τῦφον
1075 2093 1367 2166 ἀνέτρεψε,
1393 2095 1428 2164 ἦ
1454 2111 1513 2147 τε
1547 2095 1734 2166 ἀγάπη

189 2190 501 2260 βλαστήσασα
532 2189 593 2242 τὸ
619 2187 853 2258 πονηρὸν
881 2185 976 2240 τοῦ
1006 2187 1194 2257 μίσους
1211 2186 1425 2256 δένδρον
1446 2185 1736 2257 ἐξήρανεν*

187 2281 340 2352 ὥσπερ
371 2281 462 2334 καὶ
499 2282 574 2334 ὲκ
592 2279 685 2332 τοῦ
715 2279 956 2332 ἐναντίου
981 2277 1215 2349 δένδρου,
1245 2278 1432 2348 μίσους
1464 2278 1734 2350 δηλαδὴ,ὴ

188 2373 335 2427 ἀδικία
381 2371 775 2443 πληθύνομένη
828 2368 924 2440 τὴν
955 2369 1174 2438 ἀγάπην
1215 2369 1514 2438 κατέψυξε,
1543 2371 1638 2422 καὶ
1669 2369 1738 2423 τὰ

188 2465 298 2517 ἀλλα
327 2463 497 2517 πάντα
543 2461 684 2515 κατὰ
718 2461 808 2513 τὸν
849 2461 1008 2514 αὐτὸν
1036 2460 1264 2530 τρόπον,
1292 2459 1378 2511 ἴνα
1413 2460 1489 2530 μὴ
1521 2461 1586 2513 τὰ
1616 2461 1736 2514 καθ’

186 2554 380 2607 ἕκαστον
404 2553 670 2620 λέγοντες
697 2549 1064 2620 διατρίϐωμεν
1082 2588 1096 2613 ,
1134 2548 1334 2618 ὁμοίως
1377 2547 1643 2612 νοοῦντες,
1674 2549 1735 2602 ού

188 2643 572 2714 σςσλησόμεθα.
617 2643 788 2696 Πάλιν
825 2644 854 2696 ὁ
881 2641 1080 2712 ἑφεξῆς
1115 2641 1272 2710 λόγος
1310 2639 1597 2710 σύμφωνος
1623 2645 1736 2707 τοῖς

187 2735 659 2807 προεξητασμένοις
685 2735 818 2788 ὲστί.

245 2847 262 2879 ι
287 2828 482 2899 Καιρδς
507 2827 647 2898 γὰρ,
680 2847 697 2879 ι
728 2827 881 2897 φησὶ,
907 2844 925 2878 ι
961 2824 1053 2879 τοῦ
1075 2827 1409 2888 ἀποκτεῖναι,
1433 2827 1622 2898 καιρὸς
1642 2826 1736 2880 τοῦ

1837 1740 2049 1802 gestum
2074 1741 2158 1786 est
2187 1748 2252 1786 ex
2289 1731 2411 1797 iide,
2442 1732 2543 1786 hoc
2577 1731 2738 1787 etiam
2774 1733 2826 1786 in
2869 1732 3016 1786 omni
3047 1733 3258 1789 virtute
3275 1749 3412 1788 con-

1837 1831 2129 1892 sequenter
2163 1822 2521 1877 intellexeris.
2556 1821 2795 1892 Tempus
2828 1833 2912 1877 est
2951 1823 3230 1892 plautandi
3267 1831 3409 1876 tem-

1837 1914 2159 1983 perantiam,
2192 1921 2246 1968 et
2269 1913 2535 1968 evellendi
2568 1914 2808 1983 plantam
2840 1915 3296 1984 intemperantiae.
3331 1917 3408 1968 Ita

1837 2004 1998 2058 etiam
2032 2004 2270 2072 plantata
2307 2002 2549 2071 justitia,
2589 2002 2849 2070 injustum
2881 2018 3100 2072 germen
3147 2003 3410 2058 radicitus

1840 2095 2116 2158 evellitur,
2143 2101 2198 2148 et
2226 2094 2409 2163 planta
2442 2094 2773 2149 humilitatis
2799 2095 2994 2148 evertit
3015 2096 3409 2164 arrogantiam,

1839 2195 1893 2243 et
1928 2203 2047 2257 qua:
2079 2187 2403 2258 germinavit
2437 2186 2703 2255 charitas,
2735 2185 3034 2241 exsiccavit
3078 2186 3272 2240 malam
3321 2201 3413 2238 ar-

1840 2280 2027 2334 borem
2057 2278 2168 2332 odii
2211 2296 2225 2330 :
2264 2277 2540 2347 quomodo
2571 2279 2736 2332 etiam
2775 2293 2841 2332 ex
2875 2277 3151 2331 contraria
3191 2277 3408 2336 arbore.

1841 2385 2036 2439 nempe
2067 2369 2215 2433 odio,
2239 2369 2599 2438 multiplicata
2620 2369 2888 2438 injustitia
2910 2367 3196 2435 refrigerat
3228 2367 3409 2421 chari-

1842 2470 2029 2516 tatem.
2071 2459 2190 2514 Alia
2233 2476 2453 2530 quoque
2479 2461 2684 2523 omnia,
2713 2477 2782 2515 ne
2813 2461 2866 2514 in
2899 2461 3130 2531 singulis
3163 2461 3411 2518 dicendis

1842 2553 2220 2613 immorentur,
2263 2551 2454 2610 eodem
2508 2551 2670 2605 modo
2724 2551 2976 2607 similiter
3021 2552 3408 2623 intelligentes,

1843 2656 1952 2696 non
1983 2642 2380 2697 aberrabimus.
2419 2640 2627 2696 Rursus
2662 2641 2714 2694 id
2749 2641 2891 2710 quod
2925 2642 3182 2712 deinceps
3226 2647 3407 2714 sequi-

1843 2741 1952 2796 tur,
1991 2739 2257 2786 consonat
2288 2731 2355 2785 iis
2387 2747 2507 2800 qua:
2539 2731 2693 2800 prius
2725 2739 2854 2785 sunt
2889 2732 3222 2785 examinata.

1913 2825 1966 2878 5.
2005 2842 2022 2876 ι
2057 2821 2294 2891 Tempus
2321 2831 2405 2877 est
2433 2822 2603 2885 enim,
2654 2842 2671 2872 ι
2715 2821 2911 2892 inquit,
2950 2841 2968 2873 ι
3015 2823 3322 2890 occidendi,
3356 2832 3411 2877 et

186 2919 426 2974 ίάσασθαι.
441 2939 459 2970 ι
481 2919 665 2971 Τοῦτο
679 2919 734 2971 δὲ
753 2917 936 2986 σαφῶς
953 2919 1010 2971 ὲν
1027 2917 1103 2988 τῷ
1125 2917 1442 2989 προφητικῷ
1459 2936 1736 2990 προερμη.

1843 2919 2059 2980 tempus
2077 2909 2352 2965 medendi.
2393 2927 2412 2960 »
2445 2908 2558 2964 Hoc
2585 2917 2761 2963 autem
2790 2917 2978 2978 aperte
3012 2911 3317 2978 etplicatur
3354 2912 3408 2965 in

183 3010 387 3068 νεύεται.
409 3011 536 3063 ὃὲκ
557 3007 848 3080 προσώπου
885 3007 978 3061 τοῦ
1021 3008 1155 3062 Θεοῦ
1199 3026 1392 3079 φησιν,
1428 3010 1508 3062 ὃτι
1535 3028 1553 3060 ι
1599 3010 1737 3078 Ἐγὼ

184 3100 435 3152 ἀποκτενῶ
452 3100 558 3153 καὶ
571 3101 670 3170 ζῇν
688 3101 915 3169 ποιήσω.
930 3118 948 3151 ι
970 3098 1093 3152 Ἐάν
1113 3098 1222 3170 γὰρ
1241 3099 1313 3170 μὴ
1331 3099 1737 3172 ἀποκτείνωμεν

184 3193 231 3242 ὲν
254 3193 453 3254 ἑαυτοῖς
477 3191 588 3261 τὴν
617 3190 836 3259 ἔχθραν,
868 3190 967 3242 οὐκ
991 3189 1250 3259 ἰασόμεθα
1271 3190 1369 3260 τὴν
1389 3191 1737 3262 άγαπητικὴν

181 3281 389 3335 διάθεσιν
411 3283 512 3352 τὴν
546 3283 605 3334 ὲν
628 3283 758 3352 ἡμῖν
778 3280 864 3334 διὰ
881 3279 975 3333 τοῦ
1005 3280 1196 3350 μίσους
1221 3283 1546 3351 νοσήσασαν.
1581 3281 1738 3335 Οὕτω

178 3372 257 3422 καὶ
278 3373 340 3424 τά
357 3371 528 3424 λοιπὰ
554 3371 731 3424 πάντα
746 3370 846 3423 ὅσα
871 3369 963 3421 ἐπὶ
985 3367 1140 3438 κακῷ
1157 3367 1276 3420 καθ’
1295 3367 1449 3438 ἡμῶν
1469 3367 1534 3438 ζῇ
1555 3384 1570 3400 ·
1595 3367 1738 3436 λέγω

181 3458 232 3530 δὴ
255 3462 344 3532 τὴν
373 3461 552 3532 κακὴν
585 3457 695 3512 τῶν
713 3458 1050 3530 παθημάτων
1068 3457 1391 3530 παράταξιν,
1409 3458 1612 3511 καὶτὸν
1634 3458 1735 3527 ὲμ-

177 3550 341 3617 φύλιον
365 3553 563 3605 τοῦτον
601 3550 858 3622 πόλεμον,
893 3550 983 3604 τὸν
1013 3550 1132 3603 καθ’
1160 3549 1316 3621 ἡμῶν
1345 3549 1434 3603 διὰ
1462 3549 1567 3603 τῶν
1611 3549 1736 3620 ἡδο-

178 3641 265 3693 νῶν
306 3643 773 3712 στρατευόμενον,
825 3641 918 3694 καὶ¹
950 3640 1420 3711 αἰχμαλωτίζοντά
1469 3642 1618 3711 ἡμᾶς
1657 3639 1737 3710 τῷ

175 3732 299 3802 νόμῳ
326 3737 426 3804 τῆς
457 3733 761 3804 ἁμαρτίας,
815 3732 1003 3802 καιρός
1034 3734 1148 3784 ἐστι
1185 3731 1279 3784 τοῦ
1307 3732 1638 3784 ἀποκτεῖναι.
1679 3731 1747 3784 '0.

175 3822 261 3892 γὰρ
289 3823 395 3874 τῶν
428 3822 699 3876 τοιούτων
739 3822 898 3891 φόνος
919 3861 933 3885 ,
976 3823 1117 3884 ῐασις
1155 3820 1363 3888 γίνεται
1403 3820 1496 3874 τοῦ
1523 3819 1612 3873 διὰ
1637 3819 1737 3889 τῆς

170 3911 426 3983 ἁμαρτίας
446 3912 939 3982 ὲξασθενήσαντος.
966 3912 1132 3965 Φασὶν
1159 3913 1206 3964 οἱ
1237 3912 1410 3982 ἰατροὶ
1437 3909 1535 3972 τὰς
1554 3909 1738 3980 ’ἐλμιν-

170 3996 270 4062 θας,
303 4003 397 4054 καὶ
427 3999 579 4054 ἄλλα
623 4001 746 4054 τινὰ
777 4000 998 4054 τοιαῦτα
1038 4001 1202 4074 θηρία
1243 4000 1443 4054 ἔσωθεν
1474 4002 1539 4054 ὲκ
1573 4017 1738 4054 κακο-

167 4090 349 4159 ιυμὶας
372 4091 773 4161 ζωογονεῖσθαι
794 4093 906 4154 τοῖς
929 4091 1276 4162 σπλάγχνοις,
1297 4088 1372 4146 ὧν
1394 4092 1556 4162 ήζωὴ
1581 4092 1736 4155 νόσος

165 4184 231 4252 τῷ
254 4185 469 4257 σώματι
504 4187 722 4255 γίνεται
742 4199 756 4213 ·
791 4187 838 4238 εί
869 4186 923 4238 δὲ
950 4187 1130 4238 ἐκεῖνα
1152 4185 1239 4239 διά
1265 4201 1408 4248 τινος
1451 4199 1738 4254 φαρμακο-

1839 3003 2126 3074 pr0pheta,
2159 3016 2283 3056 cum
2320 2999 2456 3055 dicit
2485 3015 2550 3055 ex
2583 3015 2816 3068 persona
2847 2999 2940 3054 Dei
2971 3018 2983 3054 :
3022 3019 3038 3050 ι
3072 3000 3329 3055 Occidam
3359 3012 3410 3056 et

1837 3097 2020 3150 vivere
2061 3094 2260 3148 faciam
2308 3093 2420 3148 ⁸³.»
2451 3090 2568 3147 Nisi
2598 3091 2743 3146 enim
2785 3093 2840 3146 in
2890 3092 3050 3146 nobis
3094 3091 3410 3147 occidamus

1838 3184 2182 3250 inimicitias,
2244 3197 2353 3238 non
2414 3182 2753 3238 medebimur
2805 3181 3076 3238 ail‘ectioui
3128 3182 3410 3239 charitatis

1837 3293 1960 3349 quae
1981 3283 2207 3348 aegrotat
2229 3282 2453 3346 propter
2473 3274 2681 3330 odium.
2714 3274 2790 3328 lta
2820 3275 2982 3330 etiam
3009 3283 3200 3329 caetera
3224 3276 3410 3329 omnia

1838 3382 1961 3438 quae
1995 3367 2142 3421 malo
2165 3373 2358 3421 nostro
2391 3365 2656 3420 adversus
2685 3380 2786 3420 nos
2815 3365 3041 3433 vivunt,
3072 3365 3194 3420 dico
3217 3367 3410 3420 malam

1839 3458 2005 3512 animi
2038 3464 2287 3512 motuum
2339 3455 2538 3519 aciem,
2582 3462 2637 3510 et
2673 3455 2776 3508 hoc
2809 3455 2970 3510 civile
3019 3455 3164 3525 quod
3214 3456 3268 3510 in
3310 3472 3410 3511 nos

1837 3564 1936 3620 per
1964 3549 2268 3617 voluptates
2298 3547 2510 3616 geritur
2536 3545 2763 3609 bellum,
2799 3552 2854 3599 et
2881 3560 2982 3600 nos
3006 3546 3253 3611 captivos
3286 3547 3410 3601 red-

1836 3641 1918 3696 dit
1951 3639 2056 3710 legi
2087 3638 2320 3710 peccati,
2346 3645 2561 3706 tempus
2584 3645 2670 3690 est
2698 3634 3006 3689 occidendi.
3035 3633 3237 3689 Eorum
3264 3638 3408 3692 enim

1837 3731 2034 3794 caedes,
2070 3738 2154 3784 est
2192 3727 2400 3784 medela
2450 3727 2571 3796 ejus
2615 3727 2708 3796 qui
2758 3725 3005 3779 inﬁrmus
3055 3727 3266 3781 exstitit
3316 3742 3410 3795 per

1837 3830 2144 3895 peccatum.
2195 3820 2366 3874 Aiunt
2415 3819 2612 3874 medici
2669 3817 2994 3880 lumbricos,
3053 3825 3108 3872 et
3160 3818 3406 3888 quadam

1836 3914 2104 3983 ejusmodi
2131 3913 2238 3966 alia
2281 3910 2560 3973 animalia,
2594 3926 2660 3966 ex
2692 3910 2853 3966 malis
2891 3910 3216 3966 humoribus
3261 3910 3409 3964 intus

1837 4009 1955 4061 viva
1992 4006 2138 4075 gigni
2180 4005 2236 4058 in
2287 4002 2616 4065 visceribus,
2648 4016 2882 4072 quorum
2920 4003 3030 4056 vita
3065 4010 3149 4058 est
3184 4003 3408 4058 morbus

1836 4098 2076 4168 corpori.
2129 4096 2284 4164 Quod
2332 4095 2378 4151 si
2417 4096 2508 4150 illa
2555 4093 2842 4150 interfecta
2889 4095 3000 4150 sint
3029 4109 3124 4164 per
3167 4095 3407 4164 aliquam

1837 4189 2219 4244 medicamenti
2257 4187 2558 4256 potionem,
2594 4203 2790 4243 rursus
2831 4194 3070 4256 mgrotus
3101 4187 3409 4240 restituitur

165 4277 342 4341 ποσίας
375 4276 723 4348 ἀναιρεθείη,
755 4276 917 4330 πάλιν
939 4279 1017 4340 είς
1046 4276 1234 4345 ὑγείαν
1264 4277 1293 4328 ὁ
1321 4276 1542 4346 κάμνων
1571 4277 1736 4348 ἀναῤ-

1842 4281 2087 4351 pristinze
2114 4281 2355 4336 sanitati.
2398 4278 2523 4333 Ha‘c
2556 4293 2677 4348 quae
2719 4279 2936 4349 corpori
3003 4278 3276 4343 accidunt,
3314 4279 3409 4332 ha-

162 4367 516 4438 ῥωσθήσεται.
554 4368 834 4436 Ἀναλογεῖ
851 4367 918 4420 τὰ
937 4367 1160 4420 τοιαῦτα
1177 4365 1270 4419 τοῦ
1296 4365 1542 4437 σώματος
1586 4367 1732 4438 πάθη

161 4458 284 4526 πρὸς
326 4460 398 4512 τὰ
453 4459 566 4529 τῆς
617 4458 797 4529 ψυχῆς
845 4459 1283 4529 ἀρῤωστήματαο
1339 4457 1464 4510 ὅταν
1509 4459 1538 4510 ὁ
1569 4455 1738 4525 θυμὸς

155 4548 354 4604 ἔνδοθεν
400 4550 703 4621 ὲκμύζωνῗ,
732 4549 765 4620 ἢ
790 4551 879 4604 διὰ
904 4549 1006 4620 τῆς
1033 4549 1397 4622 μνησικακίας
1435 4549 1532 4620 τῆς
1559 4547 1737 4618 ψυχῆς

154 4643 236 4694 τὸν
275 4646 430 4697 τόνον
459 4645 564 4698 καὶ
609 4645 736 4709 τοὺς
766 4643 1055 4714 λογισμοὺς
1083 4641 1411 4712 ὲκνευρίζων
1431 4681 1446 4706 ,
1487 4642 1520 4713 ἢ
1551 4643 1612 4695 τὸ
1641 4639 1734 4695 τοῦ

153 4732 341 4798 φθόνου
371 4735 608 4807 θηρίον,
640 4736 672 4808 ἢ
721 4735 775 4788 εί
793 4753 847 4788 τι
891 4735 1018 4790 ἄλλο
1053 4733 1307 4788 τοσοῦτον
1333 4733 1500 4786 κακὸν
1527 4735 1559 4804 ή
1589 4732 1732 4803 κακὴ

151 4821 325 4877 δίαιτα
371 4823 748 4896 ζωογονήσει·
792 4827 822 4880 ὁ
854 4826 1174 4894 αίσθόμενος
1211 4825 1296 4878 ὅτι
1330 4823 1516 4894 θηρίον
1547 4824 1734 4895 τρέφει

150 4907 356 4964 ἔνδοθεν
398 4915 434 4982 ὴ
472 4914 626 4984 ψυχὴ
654 4913 850 4977 αὐτοῦ,
877 4913 1146 4984 εὐκαίρως
1187 4913 1448 4983 χρήσεται
1477 4910 1553 4979 τῷ
1583 4912 1735 4964 ἀναι-

1837 4372 1966 4427 bent
1986 4371 2277 4442 quamdam
2302 4371 2706 4441 proportionem
2737 4377 2793 4424 et
2822 4370 3254 4425 convenientiam
3281 4385 3405 4426 cum

1835 4464 2041 4518 morbis
2074 4465 2288 4517 animae.
2340 4461 2570 4528 Quando
2613 4461 2691 4514 ira
2739 4463 2888 4517 intus
2939 4461 3128 4525 fervet,
3165 4471 3260 4516 aut
3312 4480 3408 4533 per

1833 4554 2051 4624 injuria:
2078 4563 2316 4623 acceptae
2339 4553 2772 4609 recordationem
2798 4563 3022 4609 enervat
3047 4554 3213 4608 animi
3241 4555 3408 4610 robur

1833 4653 1886 4700 et
1916 4645 2201 4711 rationem,
2234 4655 2328 4699 aut
2359 4644 2573 4699 invidiae
2604 4645 2857 4704 bestiam.
2881 4653 2974 4698 aut
3003 4644 3048 4699 si
3073 4646 3218 4712 quod
3253 4647 3404 4700 aliud

1829 4736 2096 4807 ejusmodi
2146 4737 2352 4790 malum
2395 4737 2534 4790 mala
2567 4735 2784 4792 vivendi
2831 4737 2970 4790 ratio
3011 4741 3405 4806 procreaverit.

1832 4827 1924 4896 qui
1972 4828 2209 4882 senserit
2241 4826 2388 4895 quod
2422 4829 2571 4881 intus
2617 4828 2850 4882 bestiam
2897 4827 2993 4881 alit
3040 4828 3162 4896 ejus
3203 4829 3400 4886 anima.

1834 4927 2139 4987 opportune
2188 4926 2378 4972 utetur
2431 4919 2828 4974 medicamento
2876 4918 3026 4987 quod
3071 4919 3240 4973 animi
3277 4919 3407 4972 vitia

153 5003 348 5073 ρετικῴ
387 5004 510 5057 τῶν
562 5005 746 5059 παθῶν
790 5008 1082 5078 φαρμάκῳ.
1123 5003 1295 5058 Τοῦτο
1322 5003 1379 5056 δέ
1419 5004 1566 5055 ὲστιν
1595 5005 1628 5072 ἡ
1674 5003 1736 5054 ὲκ

1839 5008 2122 5062 interimit.
2157 5007 2271 5063 Hoc
2305 5019 2483 5065 autem
2510 5018 2594 5065 est
2613 5009 2859 5064 doctrina
2881 5008 3176 5082 Evangelii,
3219 5016 3276 5062 ut
3303 5009 3411 5065 illis

149 5091 234 5144 τοῦ
263 5093 615 5163 [εὐαγγελίου
641 5097 974 5161 διδασκαλία,
1002 5097 1144 5150 ὥστε
1162 5097 1382 5152 ἐκείνων
1418 5110 1736 5164 φονοκτονη-

1839 5100 2100 5164 enecatis,
2143 5103 2192 5156 ei
2221 5103 2313 5171 qui
2341 5101 2443 5156 hoc
2470 5101 2678 5166 fecerit,
2721 5100 2866 5154 adsit
2901 5099 3134 5156 sanitas.

153 5182 349 5238 θέντων
379 5189 740 5255 ἐπιγενέσθαι
763 5190 841 5260 τῷ
875 5187 1194 5259 πεποιηκότι
1227 5189 1327 5266 τὴν
1361 5187 1524 5242 ίασιν.

221 5294 238 5324 ι
265 5277 487 5346 Καιρὸς
509 5277 605 5331 τοῦ
628 5279 893 5342 καθελεῖν,
911 5279 1014 5332 ’καὶ
1039 5279 1226 5350 καιρὸς
1248 5285 1342 5345 τοῦ
1372 5275 1732 5347 ἀνοικοδομῆ-

156 5377 257 5421 σαι.
292 5384 312 5418 ι
347 5367 551 5420 Ταῦτα
589 5372 678 5423 καὶ
704 5373 762 5423 ὲν
790 5374 900 5434 τοῖς
925 5370 1001 5440 τῷ
1027 5376 1268 5466 προφήτῃ
1304 5372 1552 5456 Ἱερεμίᾳ
1581 5367 1731 5438 παρὰ

1915 5298 1933 5329 ε
1967 5278 2208 5352 Tempus
2251 5291 2335 5338 est
2367 5283 2647 5346 diruendi,
2693 5290 2746 5338 et
2780 5291 2995 5352 tempus
3025 5281 3348 5338 aediﬁcandi.
3386 5301 3404 5327 ο

1839 5367 1966 5425 ﬂare
1994 5372 2131 5428 disci
2182 5385 2415 5445 possunt
2457 5378 2622 5432 etiam
2661 5391 2724 5430 ex
2761 5375 2827 5431 iis
2861 5390 2984 5445 quae
3029 5392 3058 5430 a
3109 5372 3218 5429 Deo
3261 5373 3409 5426 dicta

233 5545 277 5574 ο·
307 5541 513 5595 Matth.
562 5557 699 5612 τινι,
754 5545 843 5610 13,
917 5545 956 5576 οι
997 5543 1318 5654 Philippum
1355 5563 1448 5630 Η.
1532 5551 1579 5584 u
1620 5546 1728 5601 Deu

1839 5561 1981 5608 nrt,
2005 5544 2096 5600 59.
