4018 6334
1725 89 1836 109 ἴδ’-θ

593 218 699 272 707

1820 204 1880 259 s.
1921 199 2251 256 cnsconu
2284 201 2584 258 stsmu
3663 218 3746 274 ηδε

592 339 722 387 sunt
778 325 1060 382 llieremize
1107 325 1405 394 propheta,
1453 324 1541 377 cui
1593 322 1856 376 divinitus
1903 321 2030 374 data
2075 325 2147 372 esl

2261 320 2354 372 τοῦ
2381 319 2516 373 Θεοῦ
2563 321 2804 391 ῥηθεῖσιν
2849 322 2964 375 ἐστι
2998 322 3225 392 μαθεῖν,
3267 317 3311 391 ᾧ
3337 324 3518 381 δέδοται
3547 329 3746 405 θεόθενὴ

593 426 833 492 potestas
865 417 931 470 ad
959 416 1112 485 prius
1139 415 1505 486 purgandum,
1531 422 1586 468 et
1623 412 1886 466 radicitus
1919 410 2154 464 evellen-

588 511 741 574 dum,
767 516 820 563 et
842 507 1249 573 fodiendum,et
1267 515 1394 558 tunc
1419 504 1786 567 excitandum,
1811 511 1864 558 et
1876 501 2154 556 adiﬁcan-

586 603 717 656 dum
746 608 799 655 et
831 598 1189 668 plantandum
1210 596 1278 648 ’³.
1309 594 1537 665 Oportet
1560 595 1706 650 enim
1736 596 1790 647 in
1812 594 1971 648 nobis
2001 594 2154 662 prius

586 691 728 746 dirui
768 691 884 744 vitii
916 687 1165 750 :edilicia,
1189 693 1243 739 et
1277 695 1405 739 tunc
1436 685 1682 739 invenire
1713 691 1930 752 tempus
1948 691 2002 736 et
2024 696 2149 752 spa-

587 782 724 837 tium
759 781 822 834 ad
849 779 1034 848 templi
1058 777 1150 830 Dei
1168 776 1654 837 constructionem,
1681 773 1832 843 quod
1854 773 2155 828 adiﬁcatur

589 873 644 928 in
677 873 856 933 nobis.
881 871 1040 938 cujus
1066 868 1291 921 materia
1311 876 1396 921 est
1419 867 1614 920 virtus.
1633 863 1690 918 Si
1714 864 1836 934 quis
1855 865 1998 919 enim
2025 864 2155 918 2di-

588 963 715 1017 ﬂcat
745 976 910 1031 super
940 959 1357 1012 fundamentum
1390 957 1492 1009 hoc
1521 970 1715 1008 aurum
1744 965 1798 1009 et
1846 964 2150 1024 argentum,

586 1054 793 1123 lapides
815 1051 1175 1122 pretiosos,ea
1198 1051 1556 1101 nominantur
1569 1047 1743 1100 virtus
1769 1063 1782 1098 :
1807 1046 1950 1114 ligna
1974 1056 2154 1100 autem

585 1153 641 1200 et
688 1146 871 1199 fenum
909 1150 963 1196 et
985 1139 1188 1209 stipula
1209 1125 1279 1200 ",
1327 1137 1442 1190 vitii
1475 1137 1769 1206 exponitur
1797 1144 2012 1196 natura,
2035 1149 2155 1206 qua:

585 1236 807 1306 quidem
829 1250 939 1289 non
964 1241 1186 1302 paratur
1205 1230 1270 1282 ad
1295 1227 1439 1281 aliud
1459 1243 1621 1298 quam
1641 1237 1699 1281 ut
1723 1229 1845 1297 igne
1867 1242 2156 1282 consuma-

588 1326 840 1382 tur.Cum
866 1325 1031 1395 igitur
1053 1339 1116 1378 ex
1141 1322 1264 1377 feno
1284 1329 1338 1375 et
1357 1320 1558 1390 stipula
1576 1319 2032 1380 fuerintaediﬁcia,
2051 1319 2154 1372 hoc

584 1429 690 1483 est,
712 1435 779 1474 ex
798 1413 1426 1486 injustitia,superbia,et
1447 1411 1658 1466 caeteris
1679 1411 1803 1469 vitae
1828 1410 2155 1478 vitiis,prius

583 1510 735 1580 jubet
768 1509 991 1563 verbum
1038 1519 1102 1559 ea
1129 1503 1367 1565 abolere,
1393 1510 1446 1556 et
1491 1502 1689 1556 deinde
1713 1516 1908 1555 aurum
1933 1501 2154 1554 virtutis

585 1601 796 1655 eﬂicere
814 1598 1096 1652 materiam
1132 1603 1422 1649 structurae
1438 1591 1636 1647 domus
1657 1591 1978 1660 spiritualis.
2009 1589 2153 1644 Fieri

2259 413 2504 483 δύναμις,
2531 416 2608 476 είς
2623 413 2682 466 τὸ
2702 414 2966 485 πρότερον
2990 414 3290 484 καθαίρειν,
3321 418 3404 470 καὶ
3429 421 3656 489 ὲκριξοῦν,
3676 432 3747 481 καὶ

2261 508 2698 569 κατασκάπτειν,
2726 509 2819 559 καὶ
2851 507 2970 559 τότε
3012 507 3292 578 ἀνορθοῦν,
3333 510 3419 561 καὶ
3451 511 3751 584 ἀνοικοδομεῖν

2261 599 2354 650 καὶ
2385 597 2798 667 καταφυτεύειν.
2843 599 2962 669 Χρὴ
3012 599 3122 669 γάρ
3152 599 3406 670 πρότερον
3432 603 3483 655 ὲν
3505 606 3618 674 ήμῖν
3641 609 3749 678 ipsa

2262 690 2505 760 πωθῆναι
2559 690 2626 743 τά
2663 691 2762 760 τῆς
2795 691 2993 753 κακίας
3044 691 3531 762 ἀνοικοδομήματα,
3565 698 3646 750 καὶ
3663 699 3758 752 τότε

2261 781 2449 852 καιρόν
2473 798 2529 832 τε
2568 782 2661 833 καὶ
2702 780 3041 851 εὐρυχωρίαν
3070 782 3248 851 εὑρεῖν
3279 785 3407 852 πρὸς
3435 785 3524 855 τὴν
3551 787 3630 840 τοῦ
3656 789 3756 843 ναοῦ

2261 870 2352 924 τοῦ
2379 869 2513 922 Θεοῦ
2544 870 2906 940 κατασκευὴν,
2940 869 3032 923 τοῦ
3061 872 3120 923 ὲν
3147 873 3268 933 ταῖς
3305 871 3489 941 ψυχαῖς
3507 876 3762 946 οἰκοδομου.
3807 891 3812 894 ·

2265 963 2425 1032 μένου
2445 1003 2460 1025 ,
2492 956 2552 1014 οῦ
2581 963 2615 1031 ή
2646 960 2745 1030 ῦλη
2773 961 2943 1032 ἀρετὴ
2987 961 3220 1029 γίνεται.
3269 963 3334 1015 Et
3359 981 3438 1026 τις
3464 965 3562 1036 γὰρ
3587 966 3761 1021 ὲποικο.

2259 1054 2413 1122 δομεῖ
2450 1053 2543 1104 ἐπὶ
2571 1053 2661 1104 τὸν
2703 1051 2952 1122 θεμέλιον
2995 1051 3182 1104 τοῦτον
3227 1054 3437 1122 χρυσίον
3472 1055 3761 1127 ἦάργύριον,

2260 1142 2438 1207 λίθους
2480 1143 2724 1211 τιμίους,
2784 1142 2956 1194 ταῦτα
2993 1144 3026 1210 ἡ
3079 1141 3246 1212 ἀρετὴ
3281 1142 3609 1213 ὀνομάζεται·
3659 1146 3764 1211 ξύλα

2259 1234 2315 1287 δὲ
2353 1235 2446 1286 καὶ
2492 1233 2681 1303 χόρτος
2730 1233 2821 1284 καὶ
2867 1233 3107 1303 καλάμη,
3161 1235 3194 1303 ἡ
3230 1234 3326 1299 τῆς
3385 1234 3564 1299 κακίας
3627 1238 3766 1309 ἑρμη-

2261 1324 2471 1378 νεύεται
2511 1324 2700 1392 φύσις,
2730 1324 2850 1392 ἦτις
2890 1325 2969 1385 είς
3008 1323 3159 1376 οὐδὲν
3191 1323 3316 1377 ἀλλο
3336 1364 3350 1387 ,
3376 1325 3408 1394 ἧ
3431 1327 3503 1390 είς
3532 1327 3677 1398 πυρὸς
3695 1329 3768 1382 δα-

2262 1411 2437 1479 πάνην
2467 1409 2962 1481 παρασκευάζεται.
3000 1411 3168 1464 Ὅταν
3198 1408 3290 1464 οὖν
3311 1415 3372 1465 ὲκ
3395 1413 3569 1483 χόρτου
3594 1415 3672 1468 καὶ
3689 1435 3768 1470 κα·

2260 1500 2439 1570 λάμης
2478 1499 2546 1552 τὰ
2571 1500 2972 1571 οἰκοδομήματα
3016 1494 3084 1571 ᾗ,
3113 1501 3414 1567 τουτέστιν,
3445 1502 3500 1565 ἐξ
3522 1503 3701 1567 ἀδικίας
3723 1521 3770 1558 τε

2261 1593 2354 1646 καὶ
2389 1590 2794 1662 ὑπερηφανίας,
2827 1591 2922 1643 καὶ
2955 1591 3051 1661 τῆς
3094 1590 3288 1661 λοιπῆς
3318 1592 3407 1645 τοῦ
3441 1593 3546 1663 βίου
3576 1595 3768 1658 κακίας.

584 1692 728 1746 enim
749 1705 857 1743 non
879 1694 1078 1756 potest,
1104 1695 1160 1740 ut
1178 1700 1304 1739 cum
1324 1684 1525 1754 stipula
1548 1683 1822 1736 coalescat
1844 1689 2147 1751 argentum,

2262 1679 2523 1748 πρότερον
2555 1677 2727 1731 ταῦτα
2774 1680 2853 1741 είς
2880 1679 3183 1748 ἀφανισμὸν
3213 1682 3437 1750 ἀγαγεῖν
3463 1684 3490 1734 ό
3515 1682 3654 1750 λόγος
3678 1685 3772 1738 δια-

587 1781 673 1836 vel
700 1781 824 1834 feno
849 1778 1220 1850 agglutinetur
1243 1791 1460 1836 aurum,
1484 1775 1568 1828 vel
1607 1774 1754 1843 ligno
1775 1774 2154 1842 margaritum.

587 1872 694 1928 Sed
735 1872 780 1927 si
823 1872 924 1925 hoc
975 1876 1059 1925 est
1097 1869 1362 1930 futurum,
1413 1873 1631 1936 oportet
1677 1865 1900 1919 omnino
1949 1862 2156 1918 aboleri

2253 1768 2532 1821 κελεύεται
2551 1784 2566 1799 ·
2602 1764 2701 1821 εἷθ’
2725 1766 2867 1821 οὓτω
2895 1768 2956 1821 τὸ
2979 1770 3202 1839 χρυσίον
3221 1772 3321 1841 τῆς
3348 1773 3537 1844 ἀρετῆς
3560 1773 3674 1844 ὓλην
3691 1774 3773 1844 τῆς

2253 1859 2599 1929 κατασκευῆς
2636 1858 2729 1912 τοῦ
2761 1860 3130 1930 πνευματικοῦ
3161 1861 3310 1915 οῖκου
3349 1862 3671 1934 ποιήσασθαι.
3715 1865 3775 1917 Oti

584 1965 836 2020 alterum.
886 1960 1018 2027 Quae
1059 1967 1143 2014 est
1187 1957 1337 2013 enim
1382 1956 1490 2010 luci
1541 1955 1776 2009 societas
1817 1970 1942 2008 cum
1995 1939 2147 2008 tene-

2247 1949 2363 2024 γὰρ
2396 1950 2512 2004 ἐστι
2559 1949 2870 2020 συμφυῆναι
2916 1953 2982 2021 τῇ
3023 1950 3248 2024 καλάμῃ
3274 1953 3365 2006 τὸν
3399 1954 3639 2024 ἄργυρον,
3661 1956 3689 2026 ἢ
3714 1955 3776 2024 τῷ

585 2055 702 2110 bris
727 2052 813 2104 “3
846 2051 1208 2105 Destruentur
1237 2061 1368 2116 ergo
1403 2047 1557 2114 prius
1586 2060 1749 2114 opera
1778 2045 2152 2109 tenebrarum,

584 2153 639 2200 et
667 2152 799 2198 tunc
820 2145 1213 2196 construentur
1238 2135 1420 2190 lucida
1452 2135 1577 2190 vitae.
1602 2134 1854 2189 mdiﬂcia.

2252 2043 2428 2114 χόρτῳ
2458 2041 2680 2112 χρυσίον
2724 2041 3229 2112 προσλιπανθῆναι,
3283 2043 3316 2114 ἧ
3363 2045 3452 2098 τὸν
3481 2047 3778 2118 μαργαρίτην

2255 2133 2334 2203 τῷ
2372 2131 2530 2201 ξύλῳ.
2586 2130 2724 2183 Ἀλλ’
2769 2133 2817 2184 εί
2852 2131 3035 2201 μέλλει
3059 2131 3219 2186 τοῦτο
3267 2129 3439 2201 εἶναι,
3469 2136 3567 2207 χρὴ
3598 2135 3778 2196 πάντως

584 2233 943 2305 ἀφανισθῆναι
985 2230 1047 2302 ab
1073 2229 1280 2298 ἕτερον.
1318 2225 1414 2288 Τίς
1441 2225 1550 2296 γὰρ
1579 2227 1830 2278 κοινωνία
1857 2225 1996 2293 φωτὶ
2060 2223 2196 2293 πρὸς
2251 2223 2474 2285 σκότος;
2522 2219 2733 2274 Οὐκοῦν
2783 2219 3242 2292 καθαιρεθήσεται
3287 2223 3543 2296 πρότερον
3590 2224 3652 2278 τὰ
3702 2223 3778 2277 τοῦ

587 2329 841 2392 σκότους,
881 2326 974 2380 καὶ
1013 2325 1135 2376 τότε
1179 2320 1754 2390 κατασκευασθήσεται
1795 2320 1864 2373 τὰ
1910 2318 2148 2388 φωτεινὰ
2183 2317 2278 2371 τοῦ
2302 2317 2416 2387 βίου
2442 2316 2865 2387 οἰκοδομήματα.

654 2426 708 2479 ι.
761 2442 780 2473 ι
815 2421 1054 2490 Tempus
1119 2427 1203 2474 est
1251 2416 1436 2480 ﬂendi,
1485 2422 1538 2470 et
1580 2424 1798 2486 tempus
1851 2415 2086 2470 ridendi.
2124 2433 2142 2466 ι

587 2515 904 2570 Declaratur
935 2513 1022 2566 hic
1054 2511 1207 2564 locus
1232 2523 1368 2562 voce
1404 2507 1744 2576 evangelica,
1787 2522 1909 2576 qua:
1937 2506 2150 2575 prolata

584 2609 684 2663 fuit
711 2623 741 2660 a
775 2620 1008 2676 persona
1044 2601 1281 2666 Domini,
1332 2615 1452 2670 qua:
1483 2600 1702 2669 quidem
1734 2600 1884 2662 dicit,
1934 2619 1952 2652 ι
2003 2599 2153 2654 Beati

585 2699 676 2768 qui
696 2693 1167 2766 lugent,quoniam
1192 2690 1293 2760 ipsi
1317 2689 1587 2758 accipient
1609 2689 2146 2744 consolationem".v

582 2788 741 2843 Nunc
766 2796 850 2840 est
869 2800 998 2855 ergo
1023 2792 1236 2852 tempus
1257 2781 1417 2835 ﬂendi
1445 2800 1458 2836 :
1491 2780 1702 2836 ridendi
1727 2791 1906 2835 autem
1935 2789 2150 2850 tempus

581 2883 638 2936 in
671 2895 767 2950 spe
789 2878 1092 2948 reponitur.
1125 2875 1372 2929 Praesens
1403 2873 1546 2927 enim
1581 2873 1803 2927 tristitia
1837 2871 1926 2927 ﬁet
1974 2881 2148 2927 mater

2321 2433 2339 2465 ι
2381 2413 2588 2484 Καιρὸς
2629 2411 2724 2466 τοῦ
2760 2412 3014 2476 κλαῦσαι,
3049 2415 3143 2468 καὶ
3176 2416 3370 2486 καιρὸς
3389 2415 3482 2470 τοῦ
3510 2417 3731 2486 γελάσαι.
3761 2436 3776 2468 ι

2245 2502 2608 2575 Σαφηνίζεται
2636 2506 2665 2557 ό
2692 2504 2847 2572 λόγος
2894 2499 3050 2568 οὗτος
3084 2508 3151 2577 τῇ
3199 2508 3526 2579 εὐαγγελικῇ
3568 2511 3703 2578 φωνῇ
3729 2511 3780 2576 τῇ

2245 2595 2310 2648 ὲκ
2363 2593 2655 2666 προσώπου
2705 2593 2800 2647 τοῦ
2858 2595 3064 2664 Κυρίου
3113 2599 3497 2669 γεγενημένῃ,
3546 2600 3580 2669 ἦ
3617 2615 3782 2667 φησιν,

2245 2688 2327 2740 ὅτι
2368 2703 2387 2737 ι
2411 2686 2687 2756 Μακάριοι
2721 2687 2768 2738 οί
2803 2685 3146 2752 πενθοῦντες,
3174 2690 3259 2742 ὅτι
3294 2691 3446 2743 αὐτοὶ
3475 2690 3784 2762 παρακληθήι

2255 2791 2459 2828 σονται.
2496 2792 2513 2826 ›
2551 2774 2665 2826 Νῦν
2697 2771 2787 2827 οὖν
2818 2776 2963 2828 ἐστιν
3007 2779 3034 2829 ό
3065 2777 3158 2830 τοῦ
3187 2778 3426 2834 κλαῦσαι
3459 2782 3666 2851 καιρός’
3695 2783 3720 2833 ό
3741 2780 3786 2832 δὲ

2250 2865 2346 2919 τοῦ
2404 2865 2632 2934 γελάσαι
2662 2866 2730 2920 δι’
2762 2867 2972 2931 ἐλπίδος
3000 2869 3320 2924 ἀπόκειται·
3356 2875 3389 2942 ή
3440 2873 3545 2944 γὰρ
3575 2866 3790 2942 παροῦσα

581 2972 780 3028 laetitiae
829 2984 951 3039 qua:
992 2974 1262 3037 speratur.
1309 2963 1444 3030 Quis
1474 2972 1653 3018 autem
1675 2979 1782 3017 non
1818 2964 1873 3018 in
1905 2965 2053 3018 luctu
2094 2973 2147 3019 et

2251 2957 2524 3025 κατήφεια
2560 2955 3034 3028 τῆςὲλπιζομένης
3074 2959 3418 3034 εὐφροσύνης
3447 2964 3620 3033 μήτηρ
3648 2963 3783 3032 γενή-

581 3077 814 3118 mmrore
857 3068 1024 3114 totam
1073 3073 1226 3113 suam
1276 3057 1439 3110 vitam
1490 3056 1919 3124 consumpserit,
1977 3057 2150 3127 siqui-

579 3155 704 3208 dem
741 3153 822 3206 sui
847 3165 1066 3206 sensum
1095 3147 1389 3216 acceperit,
1435 3154 1490 3200 et
1541 3161 1638 3200 sua
1683 3146 2000 3216 cognoverit
2025 3161 2148 3216 quae

579 3243 768 3298 habuit
801 3248 854 3295 et
895 3237 1148 3307 perdidit,
1190 3245 1244 3290 et
1285 3237 1339 3289 in
1381 3250 1490 3305 quo
1540 3242 1686 3290 statu
1727 3243 1844 3288 erat
1887 3235 1956 3289 ab
1991 3236 2146 3290 initio

485 3341 490 3346 '
578 3345 794 3394 natura,
824 3340 879 3384 et
909 3330 962 3383 in
987 3343 1096 3398 quo
1127 3328 1288 3390 estin
1310 3325 1642 3395 prasentia?
1676 3323 1829 3379 Tunc
1859 3341 2010 3381 mors
2036 3341 2146 3380 non

577 3432 716 3487 erat,
760 3420 984 3474 morbus
1018 3417 1224 3477 aberat.
1275 3430 1458 3468 meum
1497 3423 1551 3469 et
1595 3421 1770 3476 tuum,
1818 3416 1982 3469 verba
2029 3415 2148 3470 hac

579 3514 910 3587 perniciosa,
963 3525 994 3563 a
1043 3509 1152 3562 vita
1203 3507 1436 3576 primum
1488 3505 1709 3560 fuerunt
1758 3507 2142 3561 exterminata.

575 3605 711 3661 Nam
743 3604 884 3658 sicut
913 3598 1222 3655 communis
1265 3607 1346 3652 est
1373 3597 1477 3661 sol,
1505 3605 1560 3652 et
1601 3611 1695 3652 aer
1725 3599 2052 3663 communis,
2091 3607 2147 3653 et

577 3704 706 3752 ante
733 3695 914 3748 omnia
948 3690 1050 3746 Dei
1069 3698 1153 3744 est
1179 3689 1487 3743 communis
1517 3689 1712 3758 gratia,
1744 3700 1800 3742 et
1835 3688 2144 3744 benedictio

575 3785 923 3847 communis;
951 3783 1022 3836 ita
1057 3781 1217 3836 etiam
1245 3795 1309 3833 ex
1340 3794 1496 3849 atquo
1528 3779 1697 3834 libere
1722 3787 1840 3834 erat
1863 3781 2146 3850 proposita

578 3875 824 3945 cujusvis
871 3872 1000 3927 boni
1051 3870 1418 3940 participatio,
1463 3879 1518 3924 et
1557 3883 1666 3924 non
1709 3871 2145 3940 cognoscebatur

576 3968 805 4022 morbus
828 3965 1088 4026 avaritiae,
1119 3977 1220 4016 nec
1255 3977 1320 4016 ex
1365 3976 1431 4016 eo
1461 3961 1604 4030 quod
1649 3961 1920 4030 quiSpiam
1960 3964 2142 4017 minus

575 4060 834 4122 habebat,
864 4057 990 4110 odio
1023 4055 1254 4109 habebat
1288 4069 1412 4108 eum
1456 4055 1547 4122 qui
1592 4054 1907 4121 superabat.
1957 4052 2142 4123 Neque

574 4153 717 4208 enim
746 4157 862 4205 erat
889 4148 1113 4201 omnino
1150 4145 1292 4228 quod
1325 4153 1606 4213 superaret
1637 4162 1650 4198 :
1681 4151 1735 4196 et
1779 4145 1885 4197 alia
1913 4153 2141 4213 praeter-

2250 3063 2423 3101 σεται.
2463 3047 2562 3111 Τίς
2606 3047 2663 3102 δὲ
2697 3048 2798 3102 οὐκ
2824 3047 2888 3102 ἂν
2923 3051 2980 3103 ὲν
3017 3049 3241 3123 θρήνοις
3281 3055 3377 3108 καὶ
3411 3055 3791 3124 σκυθρωπότητι

2248 3139 2425 3192 πάντα
2463 3138 2556 3192 τὸν
2592 3137 2706 3208 βίον
2749 3139 2941 3194 ἑαυτοῦ
2969 3141 3354 3214 δαπανήσειεν,
3392 3148 3547 3218 εἴπερ
3573 3145 3790 3215 αἴσθησιν

2247 3229 2398 3282 λάϐοι
2416 3231 2576 3293 αὐτὸς
2595 3231 2809 3296 ἑαυτοῦ,
2830 3233 2924 3286 καὶ
2955 3234 3108 3306 γνοίη
3132 3237 3259 3290 καθ’
3285 3239 3478 3292 ἑαυτὸν
3504 3239 3537 3291 ἃ.
3565 3256 3619 3290 τε
3649 3232 3790 3306 εἶχεν,

2247 3318 2282 3373 ἃ
2301 3337 2359 3372 τε
2392 3319 2691 3383 ἀπιὶιλεσεν,
2727 3322 2821 3375 καὶ
2845 3325 2902 3376 ὲν
2933 3318 3014 3387 οἷς
3039 3321 3106 3394 ἦν
3137 3326 3198 3379 τὸ
3217 3331 3344 3382 κατ’
3378 3329 3552 3400 ἀρχὰς
3583 3329 3788 3400 ἡφύσις,

2246 3411 2340 3463 καί
2392 3414 2449 3464 ὲν
2481 3412 2620 3464 τίσιν
2671 3413 2765 3465 ἐπὶ
2792 3413 2885 3466 τοῦ
2922 3417 3188 3486 παρόντος
3223 3421 3410 3487 tactv;
3441 3421 3569 3474 Τότε
3599 3419 3792 3480 θάνατος

2244 3502 2343 3554 οὐκ
2373 3497 2461 3570 ἦν,
2484 3502 2634 3565 νόσος
2668 3503 2835 3574 ἀπῆν,
2868 3505 2930 3558 τὸ
2963 3505 3094 3576 ἐμὸν
3123 3510 3219 3561 καὶ
3257 3514 3320 3563 τὸ
3368 3511 3479 3574 σὺν,
3518 3511 3585 3564 τὰ
3611 3509 3790 3578 πονηρὰ

2244 3593 2415 3646 ταῦτα
2445 3595 2684 3664 ῥήματα,
2719 3595 2821 3664 τῆς
2848 3596 2993 3667 ζωῆς
3023 3598 3241 3667 πρῶτον
3277 3601 3562 3673 caepim.
3595 3602 3677 3664 Ὠς
3703 3601 3792 3670 γὰρ

2245 3683 2420 3746 κοινὸς
2475 3685 2504 3736 ό
2549 3684 2721 3753 ἥλιος,
2760 3685 2854 3738 καῖ⁵
2893 3687 2921 3738 ὁ
2959 3687 3070 3757 ἀὴρ
3111 3690 3316 3753 κοινὸς,
3348 3691 3445 3744 καὶ
3472 3692 3576 3761 πρὸ
3604 3690 3791 3742 πάντων

2241 3773 2335 3826 τοῦ
2364 3773 2497 3827 Θεοῦ
2519 3777 2551 3845 ή
2576 3776 2732 3846 χάρις
2766 3777 2938 3847 κοινὴ,
2962 3779 3181 3846 εὐλογία
3205 3783 3366 3852 κοινή
3392 3799 3404 3812 ·
3442 3782 3608 3845 οὕτως
3639 3783 3690 3834 ὲν
3710 3782 3792 3848 ίσῳ

2241 3865 2334 3919 καὶ
2370 3867 2568 3930 παντὸς
2591 3867 2798 3934 ἀγαθοῦ
2821 3870 3079 3938 μετουσία
3101 3872 3222 3924 κατ’
3245 3872 3502 3937 ἐξουσίαν
3519 3873 3786 3944 προέκειτο,

2241 3960 2336 4012 καὶ
2366 3960 2399 4029 ἡ
2429 3959 2582 4022 νόσος
2623 3960 2720 4029 τῆς
2774 3959 3078 4027 πλεονεξίας
3110 3963 3211 4016 ούκ
3265 3966 3611 4036 ἐγνωρίςετο,
3636 3964 3720 4018 καὶ
3742 3960 3792 4012 τὺ

2242 4051 2375 4119 πρὸς
2406 4051 2468 4103 τὸ
2507 4051 2854 4106 ἐλαττοῦσθαι
2918 4055 3072 4123 μῖσος
3113 4054 3260 4109 κατὰ
3302 4056 3414 4110 τῶν
3447 4055 3792 4124 ὑπερεχόντων

2241 4141 2341 4193 ούκ
2371 4136 2456 4211 ἦν.
2488 4141 2622 4194 Οὐδὲ
2656 4142 2760 4212 γὰρ
2811 4142 2947 4205 ὅλως
2992 4144 3052 4196 τὸ
3093 4145 3367 4216 ὑπερέχον
3400 4142 3497 4217 ἦν·
3530 4147 3620 4200 καὶ
3649 4142 3788 4214 μυρία

573 4257 636 4298 ea
690 4237 1135 4298 innumerabilia,
1172 4250 1292 4304 quae
1321 4248 1420 4288 nec
1456 4233 1636 4288 verbis
1666 4234 1882 4302 quidem
1910 4245 2139 4303 possunt

2245 4233 2335 4284 ἐπὶ
2361 4232 2566 4295 τούτοις
2586 4232 2739 4293 ἀλλα.
2770 4233 2806 4286 ἀ
2827 4234 2935 4287 οὐδ’
2962 4234 3027 4287 ἂν
3049 4239 3407 4307 παραστῆσαί
3450 4255 3534 4300 τις
3567 4233 3785 4305 δυνηθείη

572 4334 833 4404 explicari
862 4351 875 4387 :
912 4347 1034 4402 quae
1062 4331 1281 4400 quidem
1333 4327 1706 4398 magnitudine
1754 4342 1816 4381 ea
1843 4343 1964 4398 quae
1993 4328 2138 4383 dicta

572 4434 700 4482 sunt
738 4426 1030 4495 plurimum
1086 4421 1438 4476 antecellunt.
1498 4417 1708 4482 Honor,
1759 4419 2004 4488 inquam,
2046 4434 2144 4488 par

573 4516 802 4584 angelis,
830 4515 968 4583 apud
999 4513 1166 4568 Deum
1197 4510 1550 4575 conﬁdentia,
1576 4510 2142 4578 supermundanorum

572 4605 842 4658 bonorum
868 4601 1276 4671 contemplatio,
1305 4597 1562 4654 ineffabili
1591 4601 1762 4654 beatae
1788 4608 1997 4654 natura;
2027 4602 2144 4670 pul-

574 4695 881 4750 chritudine
919 4710 1021 4748 nos
1058 4707 1277 4762 quoque
1331 4691 1634 4754 honestari,
1683 4692 1738 4744 in
1773 4692 1932 4746 nobis
1959 4703 2143 4747 osten-

572 4786 752 4841 dendo
780 4785 1022 4838 divinam
1055 4783 1346 4852 imaginem
1378 4783 1431 4834 in
1457 4782 1653 4835 animae
1672 4781 1871 4836 decore
1900 4783 2142 4837 relucen-

572 4888 698 4933 tem.
725 4877 816 4930 Illa
848 4883 1028 4928 autem
1063 4889 1183 4943 qua:
1215 4874 1267 4926 in
1295 4887 1483 4926 eorum
1519 4873 1698 4926 locum
1731 4882 2136 4935 successerunt.

569 4977 699 5025 sunt
731 4976 994 5036 tanquam
1028 4964 1336 5034 improbum
1383 4977 1609 5017 examen
1649 4963 2046 5025 calamitatum,
2083 4970 2138 5016 et

568 5059 946 5116 molestiarum
1006 5055 1148 5109 mala
1219 5060 1479 5121 tanquam
1547 5067 1835 5120 vesparqu
1892 5061 2132 5107 caterva.

566 5151 838 5218 Quidnam
877 5163 944 5202 ex
990 5147 1114 5200 vita
1147 5143 1307 5198 malis
1344 5141 1577 5211 primum
1621 5140 1908 5195 dicemus?
1939 5139 2134 5196 Omnia

2241 4323 2324 4394 τῷ
2357 4323 2516 4393 λόγῳ,
2541 4323 2866 4394 πάμπληθες
2908 4325 3014 4377 τῶν
3046 4328 3360 4396 εἰρημένων
3401 4329 3538 4383 κατὰ
3561 4328 3615 4380 τὸ
3645 4339 3784 4396 μεγα-

2239 4416 2378 4470 λεῖον
2407 4415 2724 4486 προέχοντα.
2767 4415 2926 4482 Λέγω
2953 4415 3017 4487 δὴ
3038 4417 3139 4486 τὴν
3174 4418 3319 4489 πρὸς
3352 4420 3613 4488 ἀγγέλους
3636 4419 3784 4486 ὁμοτι-

2242 4507 2393 4576 μίαν,
2416 4505 2514 4576 τὴν
2535 4506 2628 4558 ὲπὶ
2655 4504 2788 4558 Θεοῦ
2819 4507 3151 4576 παρρησίαν,
3173 4509 3278 4579 τὴν
3295 4509 3409 4561 τῶν
3431 4504 3777 4580 ὑπερκοσμίων

2237 4596 2459 4665 ἀγαθῶν
2489 4596 2743 4668 θεωρίαν,
2776 4595 2838 4648 τὸ
2868 4598 2947 4666 τῷ
2988 4597 3256 4669 ἀφράστῳ
3292 4599 3488 4654 κάλλει
3515 4601 3607 4669 τῆς
3636 4611 3779 4666 μακα·

2244 4686 2362 4756 ρίας
2424 4685 2638 4753 φύσεως
2686 4685 2776 4737 καὶ
2825 4686 2971 4754 ήμᾶς
3018 4686 3381 4756 ὡραῖζεσθαι,
3409 4687 3704 4747 δεικνύντας
3731 4684 3777 4734 ἐν

2237 4777 2445 4839 ἑαυτοῖς
2473 4775 2569 4845 τὴν
2600 4775 2746 4829 θείαν
2776 4777 2959 4828 εἰκόνα
2990 4779 3053 4847 τῇ
3075 4776 3194 4849 ὥρᾳ
3219 4779 3328 4847 τῆς
3355 4781 3538 4850 ψυχῆς
3564 4772 3778 4834 ἀποστίλ-

2236 4867 2456 4921 6ουσαν.
2491 4867 2571 4919 Τὰ
2595 4867 2651 4921 δὲ
2675 4867 2789 4920 ἀντ’
2816 4866 3060 4932 ἐκείνων,
3078 4863 3210 4922 οἷαὸ
3229 4873 3473 4942 πονηρὸς
3504 4871 3609 4924 τῶν
3631 4865 3776 4930 παθη·

2236 4959 2419 5028 μάτων
2449 4957 2634 5027 ἑσμὸς,
2689 4959 2722 5028 ή
2757 4959 2901 5029 κακὴ
2933 4958 3041 5012 τῶν
3078 4959 3347 5032 λυπηρῶν
3391 4961 3618 5032 σφηκία.
3649 4959 3705 5012 Τί
3727 4956 3780 5008 ἄν

2230 5066 2314 5112 τις
2344 5048 2556 5118 πρῶτον
2573 5047 2702 5120 εἴπῃ
2731 5048 2838 5101 τῶν
2868 5051 2966 5103 τοῦ
3017 5051 3132 5121 βίου
3161 5053 3395 5120 κακῶν;
3425 5054 3605 5107 Πάντα
3625 5047 3780 5118 duovi-

2235 5154 2353 5206 μως
2403 5137 2686 5208 έχει.πρὸς
2729 5138 2954 5209 ἄλληλα,
2999 5142 3176 5195 πάντα
3217 5138 3780 5216 πρατερεόειταῖςτῶν

565 5241 815 5297 eumdem
859 5236 1089 5292 honoris
1120 5233 1346 5304 gradum
1383 5231 1524 5286 inter
1567 5245 1627 5284 se
1652 5230 1918 5293 obtinent,
1949 5232 2132 5285 omnia

2245 5226 2418 5280 κακῶν
2446 5225 2676 5296 ἐξοχαῖς,
2706 5227 2885 5283 πάντα
2919 5229 3026 5283 τῶν
3059 5233 3188 5287 ίσων
3226 5231 3451 5306 θρήνων
3482 5231 3690 5304 ἀφορμή
3710 5227 3781 5297 γί⁸

567 5335 772 5406 primas
796 5335 980 5384 tenent
1008 5328 1064 5382 in
1088 5324 1355 5378 malorum
1396 5319 1739 5382 excellentia,
1772 5319 1957 5374 omnia
1987 5333 2129 5388 prae-

2231 5335 2399 5371 νεται.
2439 5318 2503 5370 Τί
2540 5319 2741 5389 μᾶλλον
2773 5321 2884 5392 γάρ
2914 5339 2999 5384 τις
3028 5323 3294 5394 θρηνήσει
3333 5326 3438 5396 τῆς
3472 5324 3780 5392 ἀθλιότητκὶ

566 5427 694 5481 bent
717 5435 900 5494 parem
933 5419 1115 5474 luctus
1149 5413 1519 5471 occasionem.
1548 5409 1690 5477 Quid
1716 5409 1860 5466 enim
1895 5409 2130 5466 miseria:

2245 5407 2401 5463 [Ιόθεν
2434 5410 2594 5464 πλέον
2626 5411 2724 5482 τὴν
2764 5412 2922 5480 φύσιν
2959 5415 3397 5488 ἀπολοφύρηται,
3428 5418 3492 5473 τὸ
3521 5416 3781 5488 ὠκύμορον

641 5608 684 5641 ⁸³
712 5605 860 5661 Hier.
897 5618 935 5671 ι,
974 5601 1059 5655 l0.
1135 5601 1179 5633 "
1220 5597 1400 5654 lCor.
1456 5613 1536 5664 ιιι,
1579 5596 1642 5652 l0
1696 5612 1816 5667 sqq.

1893 5594 1938 5627 "
1977 5592 2021 5648 ll
2071 5591 2198 5648 Cor.
2251 5607 2328 5661 v1,
2376 5594 2464 5648 N.
2539 5593 2807 5667 ’⁸-Μιιιι1ι⁸
2841 5611 2896 5662 v,
2928 5596 2976 5650 5.
