4018 6334
247 129 326 185 709
1275 115 1340 170 IN
1386 111 1918 170 ECCLESIASTEN.
1964 111 2246 165 IIOMILIA
2287 110 2374 165 Vl.

3322 102 3424 157 710

239 240 316 306 τῆς
341 232 482 301 ζωῆς,
509 230 567 281 τὸ
601 228 874 287 ἐπίπονον,
906 225 964 278 τὸ
987 223 1094 277 άπὸ
1108 223 1357 294 δακρύων
1385 221 1646 292 ἄρχεσθαι
1664 221 1756 274 καὶ

1864 219 2034 288 magis
2066 218 2312 283 deﬂebis,
2347 227 2401 272 et
2450 232 2556 287 qua
2589 233 2653 272 ex
2691 226 2841 287 parte
2871 219 3044 289 magis
3073 219 3319 288 quereris
3351 218 3417 272 de

239 324 514 392 καταλήγειν
534 321 611 381 είς
641 319 894 386 δάκρυον,
926 316 1020 385 τὴν
1049 314 1284 382 ἐλεεινὴν
1315 313 1633 382 νηπιότητα,
1655 312 1754 383 τὴν

237 412 370 482 ἐντῷ
395 411 526 480 γήρα
560 407 882 477 παράνοιαν,
927 404 989 456 τὸ
1028 400 1295 456 ἄαται-δοῦν
1342 403 1440 471 τῆς
1482 402 1750 471 νεότητος,

236 504 284 556 τὸ
327 500 639 570 πολύμοχθον
689 498 798 550 τῶν
841 500 907 567 τῇ
960 495 1146 567 ἡλικία
1198 493 1631 564 καθεστηκότων,
1661 492 1754 546 τοῦ

232 594 383 662 γάμου
423 591 480 644 τὸ
541 589 818 659 φορτικὸν,
856 589 956 656 τῆς
1001 586 1244 656 ἀγαμίας
1282 586 1340 638 τὸ
1386 585 1610 655 ἔρημον,
1657 585 1754 655 τῆς

232 680 447 743 ἀπαιδίας
474 680 529 732 τὸ
547 679 794 750 ἄρριζον,
840 677 934 730 τοῦ
966 676 1195 730 πλούτου
1229 677 1290 728 τὸ
1319 677 1626 743 ἐπίφθονον,
1659 679 1756 745 τῆς

231 771 388 832 πενίας
417 771 473 822 τὸ
518 769 823 822 ἐπώδυνονο
879 769 973 820 καὶ
1017 767 1206 820 σιωπῶ
1246 767 1343 829 τὰς
1386 768 1756 837 πολυτρόπους

230 861 316 914 τῶν
342 859 648 929 νοσημάτων
686 857 966 927 διαφορὰς,
995 857 1095 918 τὰς
1121 855 1321 918 λώὸας,
1347 857 1473 918 τοὺς
1505 857 1755 925 ἀκρωτη-

229 947 593 1020 ριασμιεν]οὺς,
614 947 713 1010 τὰς
729 947 938 1015 σήψεις,
958 946 1054 1008 τὰς
1066 946 1174 998 τῶν
1191 944 1557 1015 αἰσθητηρίων
1569 943 1756 1015 πηριιῦ⁴

229 1057 337 1103 σεις,
361 1039 449 1101 τὰς
481 1040 544 1091 ἐκ
581 1038 850 1106 δαιμόνων
889 1034 1236 1106 παραφοράς,
1270 1035 1444 1088 πάντα
1462 1035 1560 1088 ὅσα
1594 1038 1628 1104 ἡ
1654 1034 1756 1102 φύ-

231 1147 295 1193 σις
319 1131 368 1181 ἐν
390 1130 547 1198 ἑαυτῇ
584 1127 849 1198 περιέχει,
884 1126 918 1180 θ.
945 1128 1011 1194 τῇ
1027 1125 1254 1194 δυνάμει
1280 1124 1510 1186 ἕκαστος
1549 1114 1757 1194 ὰνθρώέ

227 1241 320 1276 πων
370 1222 508 1274 ἐστὶν
560 1219 701 1290 ἔχων
730 1221 787 1272 ἐν
818 1221 884 1288 τῇ
919 1218 1078 1286 φύσει
1116 1216 1185 1269 τὰ
1227 1217 1394 1286 πάθη.
1431 1216 1540 1286 Τὴν
1567 1216 1624 1268 δὲ
1649 1217 1758 1269 τῶν

227 1311 411 1382 ἐρώτων
467 1311 685 1380 μανίαν,
747 1309 839 1362 καὶ
881 1308 972 1361 τὸν
1017 1306 1228 1376 δυσώδη
1269 1306 1546 1377 βόρϐορον,
1587 1307 1666 1368 είς
1700 1305 1758 1357 ὃν

225 1401 624 1472 καταστρέφεται
679 1403 713 1469 ἠ
761 1397 984 1467 τοιαύτη
1013 1398 1206 1460 λύσσα,
1242 1397 1495 1466 παρίημι,
1535 1396 1629 1448 καὶ
1660 1393 1757 1464 τὴν

228 1490 622 1562 συνεζευγμένην
643 1493 710 1560 τῇ
735 1491 908 1561 τροφῇ
924 1488 1011 1542 διὰ
1040 1488 1136 1557 τῆς
1170 1487 1544 1556 ἀποποιήσεως
1566 1484 1754 1553 ἀηδίαν

224 1581 271 1632 οὐ
293 1580 436 1651 λέγω,
467 1579 542 1642 ὡς
587 1580 656 1633 ἂν
690 1579 765 1649 μὴ
800 1578 1011 1647 δόξαιμι
1050 1575 1138 1629 διὰ
1169 1577 1382 1630 πάντων
1427 1573 1754 1644 στηλιτεύειν

225 1669 287 1739 τῷ
311 1665 440 1740 λόγῳ
477 1670 571 1723 τὸν
599 1669 735 1740 βίον,
788 1667 1110 1738 κοπροποιόν
1149 1683 1269 1720 τινα
1289 1665 1386 1736 τὴν
1414 1665 1573 1734 φύσιν
1603 1664 1758 1735 ἡμῶν

225 1761 581 1815 ἀποδεικνύων.
641 1761 822 1814 Πάντα
869 1759 1024 1826 ἀφεὶς
1067 1759 1240 1810 ταῦτα
1288 1758 1382 1811 καὶ
1425 1755 1757 1821 τὰτοιαῦτα,

224 1852 369 1902 ἐκεῖνο
397 1850 636 1919 μάλιστά
659 1867 801 1920 φημι
827 1848 1078 1918 δακρύων
1106 1849 1255 1914 ἄξιον
1274 1846 1410 1902 εἶναι
1438 1851 1548 1912 τοῖς
1573 1847 1760 1902 αἰσθα-

223 1940 448 2009 νομένοις,
471 1941 540 1994 τὸ
571 1939 768 1994 εἰδέναι
807 1927 1014 2002 πάντας
1054 1938 1242 2007 ὅτιτῆς
1258 1937 1764 2009 σκιοειδοῦςταύτης

212 2028 324 2100 ζωῆς
334 2025 809 2099 παραδραμούσης,
826 2029 976 2098 μένει
995 2027 1140 2098 ἡμᾶς
1152 2041 1237 2086 τις
1253 2024 1446 2095 ἐκδοχὴ
1507 2027 1758 2100 κρίσεως,

225 2120 296 2170 καὶ
319 2119 473 2188 πυρὸς
493 2119 664 2192 ζῆλος
687 2119 886 2174 ἐσθίειν
915 2116 1198 2189 μέλλοντος
1228 2118 1354 2182 τοὺς
1388 2119 1756 2183 ὑπεναντίους.

231 2211 278 2263 ’0
319 2207 403 2265 οὖν
455 2211 642 2266 ταῦτα
668 2212 762 2265 καὶ
793 2211 860 2264 τὰ
888 2208 1108 2264 τοιαῦτα
1143 2209 1508 2282 λογιζόμενος,
1545 2207 1633 2282 ἆρ’
1661 2211 1762 2265 οὒκ

222 2301 292 2356 ἀεὶ
319 2301 388 2372 τῷ
422 2303 614 2373 θρήνῳ
632 2302 925 2374 συζήσεται
949 2319 963 2367 ;

277 2484 462 2539 Οὐκοῦν
480 2483 682 2556 statpr
711 2484 778 2538 ἂν
810 2483 894 2554 εἴη
915 2482 1009 2536 νῦν
1037 2481 1207 2536 ταῦτα
1237 2480 1314 2552 τῷ
1344 2481 1588 2552 λογισμῷ
1622 2481 1763 2552 λαμ-

222 2575 390 2631 ϐάνειν.
429 2579 524 2630 Ἐκ
537 2576 656 2647 γὰρ
683 2576 776 2629 τοῦ
805 2574 1141 2648 σκυθρωπῶς
1170 2573 1304 2644 πρὸς
1341 2573 1438 2642 τὴν
1483 2573 1761 2644 παροῦσαν

223 2665 339 2733 ἔχειν
376 2666 534 2740 ζωὴν,
571 2667 630 2720 τὺ
659 2666 824 2738 μηδὲν
862 2665 1200 2736 πλημμελεῖν
1236 2667 1292 2717 ὲν
1329 2664 1500 2736 ταύτῃ
1529 2664 1669 2718 κατὰ,
1701 2661 1762 2717 τὸ

219 2757 338 2820 εἰκὸς
378 2759 840 2828 προσγενήσεται.
892 2755 1093 2809 Τούτου
1136 2755 1191 2808 δὲ
1230 2755 1684 2827 κατορθωθέντος,
1727 2754 1759 2826 ή

1861 309 2090 362 natura?
2129 309 2253 362 vita:
2296 307 2615 362 brevitatem
2645 315 2699 361 et
2733 309 2972 363 laborem
3011 309 3252 378 incipere
3280 326 3309 362 a
3343 310 3423 363 la-

1858 400 2100 470 crymis,
2155 407 2210 455 et
2272 399 2522 453 desinere
2584 399 2637 452 in
2703 399 2992 469 lacrymas,
3056 401 3421 456 miserabilem

1858 489 2168 553 infamiam,
2199 490 2253 544 in
2285 496 2563 544 senectute
2593 487 2870 550 delirium.
2897 492 3203 558 juventutis
3235 493 3424 546 incon-

1857 581 2141 638 stantiam.
2173 580 2480 634 constantis
2513 579 2957 634 aztatislaborum
2989 583 3419 649 perpessionem,

1859 685 2029 725 onera
2055 673 2412 734 matrimonii,
2455 673 2738 726 caelibatus
2787 671 3160 735 solitudinem,
3202 673 3256 726 in
3291 674 3422 728 Iibe-

1861 778 2047 818 rorum
2093 764 2323 818 orbitate
2358 764 2590 819 deﬁcere
2629 763 2893 828 radicem,
2937 764 3252 819 divitiarum
3286 767 3425 820 invi-

1859 857 2027 916 diam,
2071 857 2416 926 paupertatis
2461 858 2792 912 molestiam.
2854 856 3047 911 Taceo
3075 858 3425 927 multiplicem

1861 945 2175 998 morborum
2205 946 2594 1009 diﬂ’erentiam,
2635 946 2858 1009 damna,
2893 947 3290 1010 mutilationes,
3323 964 3425 1016 pu-

1862 1034 2233 1098 trefactiones,
2255 1051 2518 1091 sensuum
2536 1038 2822 1102 orbitates,
2856 1053 2884 1090 a
2909 1039 3249 1094 daemonibus
3273 1054 3429 1094 vexa-

1860 1126 2058 1187 tiones,
2099 1141 2461 1196 quaecumque
2522 1129 2577 1182 in
2633 1143 2694 1182 se
2740 1129 2988 1182 continet
3035 1140 3249 1192 natura,
3304 1145 3428 1196 qua:

1858 1215 2080 1282 quidem
2137 1216 2300 1270 homo
2353 1217 2583 1286 quilibet
2639 1226 2910 1290 potestate
2962 1221 3145 1283 habet,
3199 1235 3322 1274 cum
3360 1235 3425 1275 ea

1859 1305 2111 1358 accidant
2143 1306 2196 1359 in
2228 1315 2443 1360 natura.
2484 1309 2639 1362 Mitto
2678 1318 2860 1364 autem
2889 1310 3097 1366 cmoris
3133 1310 3424 1375 insaniam.

1858 1401 1912 1446 et
1943 1395 2083 1448 male
2132 1396 2289 1450 olens
2317 1409 2536 1450 caenum
2590 1397 2643 1451 in
2680 1412 2790 1466 quo
2830 1413 2894 1452 vo
2920 1406 3109 1451 utatur
3157 1397 3424 1467 ejusmodi

1861 1483 2064 1547 rabies,
2120 1500 2221 1538 nec
2275 1485 2469 1555 loquor
2515 1486 2582 1542 de
2641 1485 2928 1542 nutritioni
2981 1488 3272 1556 conjuncta
3332 1503 3427 1558 per

1862 1575 2232 1630 excretionem
2273 1576 2542 1642 molestia,
2595 1593 2662 1632 ne
2693 1577 2879 1632 videar
2917 1578 3168 1633 oratione
3205 1579 3426 1632 omnino

1861 1662 2043 1717 invehi
2090 1664 2146 1718 in
2197 1665 2386 1730 vitam,
2443 1667 2706 1721 stercoris
2740 1666 3071 1722 eli‘ectricem
3129 1667 3427 1722 ostendens

1859 1771 1985 1812 esse
2021 1765 2264 1820 nostram
2304 1771 2577 1813 naturam.
2606 1757 2702 1812 llis
2733 1759 2990 1813 omnibus
3019 1759 3424 1827 pmtermiss’s,

1859 1855 1914 1901 et
1943 1863 2065 1917 quae
2090 1857 2219 1905 sunt
2249 1849 2588 1918 hujusmodi,
2617 1849 2750 1903 illud
2781 1849 2906 1903 dico
2931 1850 3164 1902 maxime
3202 1849 3426 1919 dignum

1861 1949 1984 1992 esse
2014 1938 2275 2008 lacrymis
2303 1939 2372 1993 iis
2405 1939 2500 2008 qui
2531 1939 2799 2004 sentiunt,
2827 1938 2972 2008 quod
3010 1938 3190 1994 sciant
3215 1953 3426 1999 omnes.

1861 2042 1988 2083 cum
2035 2029 2150 2082 haec
2196 2031 2457 2086 umbrosa
2491 2031 2602 2084 vita
2651 2030 2997 2100 praeterierit.
3054 2045 3155 2084 nos
3211 2043 3431 2084 manere

1862 2121 2298 2190 expectationem
2339 2120 2558 2192 iudicii,
2609 2129 2664 2177 et
2695 2121 2871 2177 zelum
2922 2120 3065 2191 ignis
3117 2120 3429 2176 devoraturi

1863 2213 2232 2270 adversarios.
2270 2213 2376 2279 Qui
2409 2229 2540 2284 ergo
2571 2214 2685 2268 haec
2715 2223 2768 2268 et
2796 2229 2917 2284 qua:
2955 2221 3085 2268 sunt
3117 2213 3430 2282 hujusmodi

1862 2309 2104 2371 reputat,
2137 2317 2205 2356 an
2237 2318 2346 2357 non
2381 2318 2598 2374 semper
2625 2305 2788 2359 simul
2831 2305 2974 2359 vivet
3005 2318 3131 2360 cum
3183 2305 3335 2361 luctu
3376 2313 3431 2360 et

1863 2391 2254 2449 lamentatione
2273 2395 2298 2447 ’ἔ

1938 2482 2176 2553 Tempus
2210 2498 2338 2553 ergo
2368 2493 2452 2539 est
2495 2484 2608 2538 haec
2638 2499 2783 2538 nunc
2825 2491 3006 2539 mente
3037 2485 3315 2541 versandi.
3353 2483 3430 2539 Ex

1865 2588 1932 2630 eo
1960 2575 2106 2631 enim
2135 2575 2276 2644 quod
2301 2616 2318 2642 ,
2347 2586 2612 2646 quantum
2644 2575 2711 2629 ad
2745 2584 3068 2645 praesentem
3105 2577 3269 2630 vitam
3301 2578 3431 2630 alti-

1864 2676 2000 2732 net,
2031 2683 2265 2723 mmrore
2289 2677 2342 2723 et
2373 2668 2622 2723 molestia
2656 2667 2834 2722 allecti
2870 2669 3070 2732 simus,
3112 2676 3170 2721 ut
3208 2668 3341 2722 nihil
3377 2669 3430 2722 in

1867 2773 1930 2814 ea
1981 2775 2304 2828 peccemus.
2339 2768 2398 2813 ut
2440 2767 2527 2814 est
2572 2767 3036 2818 consentaneum,
3079 2759 3270 2814 aderit.
3315 2759 3432 2813 Hoc

220 2848 591 2916 ιτυαγγελθεῖσα
621 2851 722 2920 τῆς
747 2847 1084 2919 εὐφροσύνης
1110 2846 1269 2916 χάρις
1291 2845 1358 2898 δι’
1392 2847 1603 2910 ἐλπίδος
1629 2847 1760 2916 ἡμῖν

1870 2860 2052 2906 autem
2099 2850 2146 2906 si
2180 2861 2327 2906 recte
2376 2850 2504 2914 ﬁat,
2548 2851 2816 2920 promissa
2868 2849 3068 2904 laetitia:
3113 2849 3285 2919 gratia
3338 2865 3433 2918 per

216 2940 539 2996 ἀποκείσεται
559 2958 579 2972 ο
609 2943 643 3011 ἡ
666 2941 724 2994 δὲ
752 2940 906 3003 ἐλπὶς
921 2939 980 2992 ού
999 2939 1366 3008 καταισχύνει,
1397 2937 1577 3001 καθώς
1598 2955 1762 3007 φησιν

216 3035 240 3085 ὁ
273 3034 606 3098 ’Δπόστολος.
645 3033 719 3086 Τὸ
761 3031 820 3086 δέ
871 3032 1230 3102 ἐπαγόμενον,
1280 3029 1390 3083 οἷον
1427 3030 1761 3100 ἐπανάληψις

213 3122 292 3177 τοῦ
315 3123 712 3196 προειρημένου
733 3121 899 3176 ἐστίν.
927 3121 1110 3175 Είπὼν
1135 3120 1243 3192 γὰρ
1272 3119 1365 3172 τοῦ
1401 3119 1631 3191 δακρύου
1668 3119 1761 3172 καὶ

214 3213 521 3281 τοῦγέλωτος
537 3214 645 3284 τὴν
665 3212 968 3283 εὐκαιρίαν,
990 3211 1258 3281 ἐπήγαγε·
1288 3229 1306 3261 ι
1334 3210 1539 3280 Καιρὸς
1557 3209 1650 3262 τοῦ
1673 3209 1763 3262 κό-

210 3303 407 3371 ᾦασθαι,
437 3305 636 3377 καιρὸς
669 3303 761 3357 τοῦ
793 3302 1151 3374 ὀρχήσασθαι,
1175 3322 1192 3351 ι
1225 3304 1360 3372 ὅπερ
1380 3301 1526 3354 οὐδὲν
1550 3300 1694 3363 ἄλλο,
1727 3300 1760 3369 ἢ

210 3394 434 3459 ἐπίτασις
455 3396 724 3465 ἐκατέρου
748 3394 854 3446 τῶν
878 3393 1358 3463 μνημονευθέντων
1378 3392 1544 3445 ἐστίν.
1577 3392 1637 3444 '0
1655 3391 1762 3460 γὰρ

209 3485 430 3558 εὐπαθὴς
455 3503 517 3540 τε
547 3488 647 3541 καὶ
683 3485 980 3548 ἐνδιάθετος
1018 3485 1235 3556 θρῆνος,
1272 3484 1500 3547 κοπετὸς
1532 3483 1637 3536 ὑπὸ
1665 3483 1766 3552 τῆς

206 3577 400 3648 Tmarii;
422 3579 780 3651 ὀνομάζεται.
823 3576 1092 3642 Ὡσαύτως
1138 3576 1194 3630 δέ
1219 3578 1313 3630 καὶ
1345 3578 1377 3647 ή
1417 3577 1638 3647 ὄρχησις
1669 3592 1764 3646 ση-

205 3671 366 3738 μαίνει
411 3672 517 3740 τὴν
555 3672 658 3740 τῆς
711 3669 1046 3740 εὐφροσύνης
1090 3668 1356 3731 ἐπίτασιν,
1386 3667 1567 3730 καθὼς
1603 3669 1662 3719 ἐν
1685 3666 1765 3736 τῷ

205 3760 501 3832 εὐαγγελίῳ
525 3763 591 3815 τδ
615 3759 856 3814 τοιοῦτον
880 3760 1175 3830 ἐμάθομεν,
1203 3761 1260 3812 ὲν
1283 3753 1363 3822 οἷς
1391 3775 1573 3828 φησιν,
1613 3776 1632 3807 ι
1663 3757 1768 3810 HO-

203 3848 426 3922 λήσαμεν
447 3854 605 3922 ὑμῖν,
628 3854 724 3904 καὶ
741 3851 840 3903 οὒκ
855 3849 1197 3921 ὠρχήσασθεο
1217 3848 1596 3920 ἐθρηνήσαμεν
1613 3847 1764 3916 ὑμῖν,

197 3943 276 3992 καὶ
304 3943 404 3995 οὐκ
444 3940 746 4011 ἐκόψασθε.
780 3959 797 3991 ι
838 3939 996 3994 Οὕτω
1023 3940 1185 4010 φησὶν
1215 3941 1248 4009 ἡ
1277 3939 1506 4009 ἱστορία,
1537 3939 1766 3992 κοπετὸν

202 4032 282 4092 μὲν
311 4033 401 4085 ἐπὶ
439 4036 512 4103 τῇ
531 4031 864 4102 μεταστάσει
892 4029 988 4082 τοῦ
1018 4030 1260 4092 Μωσέως
1288 4030 1381 4082 ἐπὶ
1411 4031 1522 4091 τοῖς
1553 4029 1767 4101 Ἰσραη-

192 4116 346 4182 λίταις
372 4120 666 4187 γενέσθαι,
712 4116 1046 4189 ὀρχήσασθαι
1079 4117 1135 4169 δέ
1161 4115 1252 4169 τὸν
1285 4115 1446 4168 Δαϐιδ
1474 4115 1570 4185 τῆς
1611 4115 1770 4170 κιϐω-

1865 2958 2017 3012 spem
2059 2943 2218 3000 nobis
2260 2943 2560 3013 reponitur.
2593 2941 2729 3010 Spes
2761 2948 2937 2995 autem
2973 2940 3182 3010 pudore
3212 2955 3319 2995 non
3352 2940 3434 2993 af-

1868 3034 2010 3100 ﬁcit,
2040 3043 2100 3088 ut
2132 3035 2266 3090 dicit
2301 3035 2598 3105 Apostolus
2629 3035 2696 3088 '7.
2733 3033 2886 3099 Quod
2923 3043 3101 3088 autem
3141 3033 3430 3102 subjungi-

1867 3135 1977 3192 tur,
2003 3135 2088 3182 est
2116 3125 2281 3180 veluti
2314 3125 2562 3193 repetitio
2591 3123 2710 3192 ejus
2737 3123 2882 3194 quod
2914 3123 3067 3193 prius
3097 3122 3301 3178 dictum
3327 3135 3429 3178 est.

1868 3213 2000 3268 Nam
2045 3231 2167 3270 cum
2218 3215 2444 3268 dixisset
2491 3215 2854 3285 lacrymarum
2899 3220 2956 3266 et
2990 3214 3134 3268 risus
3169 3222 3428 3283 opportu-

1869 3306 2117 3369 nitatem,
2175 3302 2498 3373 subjunxit:
2541 3323 2559 3353 ι
2589 3302 2827 3372 Tempus
2875 3310 2960 3356 est
3003 3302 3328 3374 plangendi,
3381 3314 3432 3357 et

1869 3405 2083 3466 tempus
2126 3396 2394 3459 saltandi,
2432 3415 2450 3446 ι
2478 3395 2623 3465 quod
2669 3395 2888 3465 quidem
2931 3394 3066 3448 nihil
3115 3404 3200 3450 est
3247 3395 3429 3460 aliud,

1869 3501 2032 3556 quam
2073 3487 2424 3557 ampliﬁcatio
2462 3487 2751 3555 utriusque
2791 3501 2981 3541 eorum
3028 3501 3258 3556 quorum
3290 3486 3428 3541 facta

1867 3584 1952 3632 est
1982 3575 2204 3631 mentio.
2237 3575 2372 3629 Nam
2405 3577 2498 3644 qui
2530 3575 2692 3630 facile
2720 3583 3001 3642 movetur,
3031 3586 3086 3631 et
3118 3584 3202 3631 est
3239 3593 3302 3630 ex
3345 3579 3427 3630 in-

1869 3673 2024 3720 terna
2060 3665 2382 3728 aﬂectione,
2427 3667 2643 3731 luctus,
2695 3681 2726 3720 a
2775 3666 3059 3735 Scriptura
3112 3667 3429 3720 nominatur

1869 3756 2124 3825 planctus
2175 3757 2242 3810 ’⁸.
2276 3755 2542 3811 Similiter
2573 3764 2754 3810 autem
2800 3764 2855 3811 et
2899 3755 3117 3812 saltatio
3162 3755 3434 3826 signiﬁcat

1869 3846 2134 3901 intensam
2167 3845 2407 3899 laetitiam
2430 3885 2445 3910 ,
2478 3845 2751 3914 quomodo
2785 3845 3078 3901 didicimus
3107 3846 3161 3900 in
3190 3845 3434 3917 Evangeo

1872 3937 1970 3998 lio,
2021 3949 2146 3991 cum
2220 3937 2437 3991 dicitn
2469 3935 2626 3992 Tibia
2653 3938 2812 3993 vobis
2855 3938 3193 4002 cecinimus,
3235 3938 3288 3993 et
3324 3953 3434 3993 non

1874 4028 2159 4091 saltastis;
2204 4028 2486 4082 lamentati
2522 4045 2714 4084 sumus
2749 4030 2941 4095 vobis,
2976 4040 3030 4083 et
3077 4044 3183 4084 non
3218 4029 3433 4099 planxi-

1876 4117 1976 4171 stis
2004 4115 2070 4169 θ’.
2107 4135 2124 4167 ι
2155 4115 2227 4170 Ita
2259 4116 2394 4171 dicit
2430 4117 2658 4172 historia
2694 4117 2867 4174 fuisse
2897 4118 3113 4188 quidem
3155 4120 3432 4188 planctum

190 4207 272 4260 τοῦ
315 4208 816 4280 προπομπεύοντα,
840 4210 928 4262 ὅτε
983 4205 1151 4276 αὐτὴν
1199 4206 1264 4259 ἐκ
1301 4205 1410 4258 τῶν
1461 4205 1760 4276 ἀλλοφύλων

1875 4207 2016 4277 apud
2048 4206 2348 4273 lsraelitas,
2372 4224 2494 4263 cum
2520 4209 2782 4280 migraret
2811 4211 3052 4275 Moses‘,
3085 4211 3315 4265 saltasse
3348 4225 3436 4264 au-

185 4298 580 4370 ἀνεκομίσατο,
607 4299 682 4370 μὴ
711 4299 768 4353 ἐν
787 4298 866 4369 τῷ
889 4297 1107 4369 συνήθει
1125 4295 1468 4366 δεικνύμενον
1500 4297 1759 4366 σχήματι.

196 4386 676 4458 Ὑποφθέγγεσθαι
737 4389 845 4461 γὰρ
903 4387 1063 4442 αὐτόν
1113 4404 1246 4458 φησι
1287 4385 1394 4439 τῶν
1435 4387 1766 4459 ἐναρμονίων

184 4478 352 4546 μελῶν
373 4481 436 4535 ἐν
455 4481 546 4550 τῷ
576 4481 822 4550 μουσικῷ
846 4480 1061 4550 ὀργάνῳ
1089 4477 1522 4549 ἀνακρουόμενον
1547 4495 1560 4509 ο
1585 4494 1770 4545 συγκι-

182 4569 383 4622 νεῖσθαι
411 4572 472 4624 δὲ
496 4572 646 4641 πρὸς
659 4570 752 4624 τὸν
783 4569 987 4641 ῥυθμὸν
1008 4569 1085 4640 τῷ
1115 4569 1257 4632 ποδὶ,
1287 4568 1382 4622 καὶ
1412 4570 1478 4639 τῇ
1501 4568 1558 4621 ἐν
1580 4567 1769 4638 ῥυθμῷ

181 4661 385 4729 κινήσει
408 4661 513 4715 τοῦ
546 4659 801 4731 σώματος
835 4662 932 4731 τὴν
975 4660 1121 4714 ἔνδον
1143 4659 1487 4730 δημοσιεύειν
1510 4659 1764 4714 διάθεσιν.

191 4748 406 4821 Ἐπειδὴ
465 4751 659 4805 τοίνυν
690 4751 908 4814 διπλοῦς
963 4751 1061 4820 μέν
1108 4753 1137 4804 ό
1169 4750 1471 4820 ἄνθρωπος,
1499 4751 1563 4803 ἐκ
1589 4749 1768 4821 ψυχῆς

179 4836 312 4906 λέγω
341 4841 442 4894 καὶ
470 4841 756 4911 σώματος,
791 4841 952 4910 διπλῆ
989 4841 1046 4895 δὲ
1078 4839 1220 4910 καὶὴ
1253 4838 1388 4912 ζωὴ,
1419 4839 1766 4911 καταλλήλως

178 4929 230 4978 ἐν
269 4932 534 5003 ἐκατέρῳ
559 4931 673 4985 τῶν
695 4934 752 4986 ἐν
775 4934 913 5002 ἡμῖν
941 4933 1364 5003 ἐνεργουμένων,
1404 4931 1569 4988 καλὸν
1594 4930 1660 4984 ἂν
1680 4931 1766 5001 είη

179 5018 240 5087 τῇ
263 5025 576 5094 σωματικῇ
611 5021 717 5095 ζωῇ
750 5024 1118 5094 κοπτομένους
1135 5027 1152 5044 ⁸
1171 5023 1361 5083 πολλαὶ
1382 5028 1475 5084 καὶ
1504 5022 1612 5079 τῶν
1637 5021 1767 5092 θρή-

183 5124 280 5160 νων
306 5106 459 5164 κατὰ
491 5113 597 5166 τὸν
631 5113 736 5184 βίον
759 5113 945 5168 τοῦτον
968 5115 1025 5169 αἱ
1049 5115 1311 5187 ἀφορμαὶ,
1333 5127 1396 5200 τῇ
1417 5116 1569 5195 ψυχῇ
1590 5130 1767 5183 παρα-

188 5201 472 5265 σκευάζειν
508 5204 620 5294 τῂν
648 5205 959 5294 ἐναρμόνιον
989 5204 1224 5275 ὄρχησιν.
1252 5211 1409 5287 Ὀσον
1434 5213 1550 5294 γάρ
1595 5204 1758 5260 πλέον

190 5292 698 5360 καταστυτνάζεται
713 5293 802 5347 διὰ
831 5294 1160 5363 κατηφείαςό
1177 5295 1308 5400 βίος,
1338 5292 1568 5390 “abaco

260 5468 302 5499 οι
335 5468 501 5526 “om.
536 5490 597 5540 γ’
633 5474 679 5526 5,
751 5475 796 5508 u
831 5472 974 5526 Matt.
1032 5487 1082 5532 tt,
1121 5471 1191 5539 18,
1271 5556 1311 5602 η
1340 5533 1474 5608 Luc

1875 4307 1982 4352 tem
2012 4297 2268 4353 Davidem
2298 4313 2482 4354 arcam
2512 4299 2568 4353 in
2599 4314 2796 4369 pompa
2821 4300 3239 4370 praecedentem,
3269 4316 3436 4370 quan.

1875 4388 1946 4444 do
1976 4404 2096 4444 eam
2125 4391 2374 4459 repetivit
2400 4391 2468 4445 ab
2499 4389 2840 4460 alienigenis,
2872 4407 2982 4447 non
3012 4406 3078 4447 eo
3109 4392 3293 4446 habitu
3329 4408 3436 4463 quo

1875 4480 2101 4536 solebat.
2137 4479 2479 4537 Dicit’enim
2504 4496 2630 4538 eum
2672 4480 2866 4538 modos
2904 4483 3172 4539 cecinisse
3218 4484 3438 4540 harmo-

1871 4571 2062 4632 nicos,
2103 4571 2412 4640 pulsantem
2451 4572 2720 4626 musicum
2759 4573 3216 4628 instrumentum:
3250 4589 3311 4629 se
3343 4589 3438 4628 au-

1869 4671 1978 4717 tem
2011 4661 2247 4716 movisse
2276 4661 2343 4715 ad
2373 4677 2688 4727 numerum,
2719 4670 2773 4716 et
2802 4678 3096 4718 numeroso
3125 4674 3276 4718 motu
3310 4678 3436 4718 cor—

1871 4751 2022 4822 poris
2050 4751 2106 4805 in
2137 4751 2412 4821 publicum
2445 4751 2715 4806 internam
2745 4753 3040 4822 protulisse
3069 4751 3431 4810 aﬂ‘ectioncm.

1870 4839 2139 4906 Quoniam
2170 4842 2338 4912 igitur
2365 4842 2562 4912 duplex
2593 4843 2810 4913 quidem
2839 4855 2920 4900 est
2956 4845 3135 4910 homo,
3165 4853 3224 4900 ut
3249 4846 3340 4915 qui
3370 4861 3436 4902 ex

1869 4935 2050 4988 anima
2081 4943 2296 4991 constet
2322 4944 2374 4990 et
2406 4950 2670 5005 corpore,
2713 4944 2768 4991 et
2813 4939 3200 4992 convenienter
3239 4937 3435 5006 duplex

1871 5038 2087 5094 quoque
2114 5033 2200 5079 est
2225 5025 2336 5079 vita
2363 5043 2378 5091 ;
2410 5026 2466 5079 in
2496 5037 2730 5096 utroque
2751 5043 2942 5082 eorum
2972 5043 3091 5097 qua;
3117 5027 3251 5081 ﬁunt
3283 5042 3314 5080 a
3343 5042 3436 5080 no-

1869 5113 1980 5175 bis,
2016 5113 2217 5168 bonum
2251 5112 2415 5170 fuerit
2447 5116 2569 5170 vitae
2600 5130 2895 5184 corporeae,
2930 5124 2989 5170 ut
3015 5117 3109 5186 qui
3141 5117 3431 5186 plangunt,

1825 5229 1837 5236 -
1867 5203 2066 5258 multas
2096 5204 2340 5258 luctuum
2367 5213 2421 5259 et
2449 5204 2897 5259 lamentationum
2927 5205 2984 5259 in
3014 5205 3117 5261 hac
3145 5205 3251 5258 vita
3283 5217 3434 5256 occa-

1737 5323 1762 5333 -
1865 5295 2048 5349 siones
2081 5301 2134 5350 et
2165 5294 2499 5350 adminicula
2531 5295 2727 5350 anima:
2760 5302 2953 5365 parent
2983 5295 3048 5350 ad
3084 5305 3428 5350 numerosam

1483 5552 1500 5568 '
1534 5504 1643 5554 vn,
1669 5475 1762 5533 59..
1842 5474 1856 5506 ¹
1896 5471 2051 5530 Deut.
2076 5491 2261 5540 xxxiv,
2295 5476 2347 5530 8.
2424 5476 2443 5507 ³
2478 5472 2519 5526 ll
2548 5472 2675 5541 Reg.
2701 5489 2776 5533 vi,
2811 5470 2894 5524 14.
