  <div class='ocr_page' id='page_1' title='image "/cluster/home/n/w/nwhite01/storage/ocr_20150623/44/hvd.32044052767431/364.png"; bbox 0 0 3928 6196; ppageno 0'>
   <div class='ocr_carea' id='block_1_1' title="bbox 179 240 254 292">
    <p class='ocr_par' dir='ltr' id='par_1_1' title="bbox 179 240 254 292">
     <span class='ocr_line' id='line_1_1' title="bbox 179 240 254 292; baseline 0 0"><span class='ocrx_word' id='word_1_1' title='bbox 179 240 254 292; x_wconf 75' lang='grc'><strong>715</strong></span> 
     </span>
    </p>
   </div>
   <div class='ocr_carea' id='block_1_2' title="bbox 1185 233 2311 290">
    <p class='ocr_par' dir='ltr' id='par_1_2' title="bbox 1185 233 2311 290">
     <span class='ocr_line' id='line_1_2' title="bbox 1185 233 2311 290; baseline 0.002 -4"><span class='ocrx_word' id='word_1_2' title='bbox 1185 233 1250 288; x_wconf 89' lang='grc' dir='ltr'><strong>ΙΝ</strong></span> <span class='ocrx_word' id='word_1_3' title='bbox 1282 233 1829 290; x_wconf 74' lang='lat' dir='ltr'><strong>ECCLESIASTEN.</strong></span> <span class='ocrx_word' id='word_1_4' title='bbox 1874 233 2159 289; x_wconf 79' lang='lat' dir='ltr'><strong>llOMlLlA</strong></span> <span class='ocrx_word' id='word_1_5' title='bbox 2200 235 2311 289; x_wconf 85' lang='lat' dir='ltr'><strong>Vll.</strong></span> 
     </span>
    </p>
   </div>
   <div class='ocr_carea' id='block_1_3' title="bbox 3276 248 3371 300">
    <p class='ocr_par' dir='ltr' id='par_1_3' title="bbox 3276 248 3371 300">
     <span class='ocr_line' id='line_1_3' title="bbox 3276 248 3371 300; baseline 0.021 -2"><span class='ocrx_word' id='word_1_6' title='bbox 3276 248 3371 300; x_wconf 78' lang='lat' dir='ltr'><strong>7H</strong></span> 
     </span>
    </p>
   </div>
   <div class='ocr_carea' id='block_1_4' title="bbox 177 340 1709 430">
    <p class='ocr_par' dir='ltr' id='par_1_4' title="bbox 177 340 1695 418">
     <span class='ocr_line' id='line_1_4' title="bbox 177 340 1695 418; baseline 0.001 -22"><span class='ocrx_word' id='word_1_7' title='bbox 177 340 619 413; x_wconf 74' lang='grc' dir='ltr'>συγκομιζόμενοςς</span> <span class='ocrx_word' id='word_1_8' title='bbox 661 345 736 393; x_wconf 74' lang='grc' dir='ltr'><strong>Οὐ</strong></span> <span class='ocrx_word' id='word_1_9' title='bbox 785 347 894 413; x_wconf 67' lang='grc' dir='ltr'>γὰρ</span> <span class='ocrx_word' id='word_1_10' title='bbox 932 347 994 396; x_wconf 81' lang='grc' dir='ltr'><strong>τὺ</strong></span> <span class='ocrx_word' id='word_1_11' title='bbox 1025 343 1307 416; x_wconf 82' lang='grc' dir='ltr'>ἀλλότριον</span> <span class='ocrx_word' id='word_1_12' title='bbox 1341 347 1695 418; x_wconf 76' lang='grc' dir='ltr'>ἀφαιρεῖσθαι</span> 
     </span>
    </p>
   </div>
   <div class='ocr_carea' id='block_1_5' title="bbox 1814 340 3371 430">
    <p class='ocr_par' dir='ltr' id='par_1_5' title="bbox 1814 348 3371 430">
     <span class='ocr_line' id='line_1_5' title="bbox 1814 348 3371 430; baseline 0.012 -30"><span class='ocrx_word' id='word_1_13' title='bbox 1814 348 2116 403; x_wconf 75' lang='lat' dir='ltr'><strong>ilimentum</strong></span> <span class='ocrx_word' id='word_1_14' title='bbox 2165 354 2506 422; x_wconf 80' lang='lat' dir='ltr'><strong>apportans?</strong></span> <span class='ocrx_word' id='word_1_15' title='bbox 2562 353 2679 409; x_wconf 77' lang='lat' dir='ltr'><strong>Non</strong></span> <span class='ocrx_word' id='word_1_16' title='bbox 2709 357 2852 412; x_wconf 90' lang='lat' dir='ltr'><strong>enim</strong></span> <span class='ocrx_word' id='word_1_17' title='bbox 2901 369 3196 417; x_wconf 73' lang='lat' dir='ltr'><strong>accusatur</strong></span> <span class='ocrx_word' id='word_1_18' title='bbox 3229 365 3371 430; x_wconf 84' lang='lat' dir='ltr'><strong>quod</strong></span> 
     </span>
    </p>
   </div>
   <div class='ocr_carea' id='block_1_6' title="bbox 171 431 1696 507">
    <p class='ocr_par' dir='ltr' id='par_1_6' title="bbox 171 431 1696 507">
     <span class='ocr_line' id='line_1_6' title="bbox 171 431 1696 507; baseline 0.005 -22"><span class='ocrx_word' id='word_1_19' title='bbox 171 436 526 505; x_wconf 77' lang='grc' dir='ltr'>κατηγορεῖται.</span> <span class='ocrx_word' id='word_1_20' title='bbox 559 431 700 486; x_wconf 82' lang='grc' dir='ltr'>ὥστε</span> <span class='ocrx_word' id='word_1_21' title='bbox 727 433 904 487; x_wconf 84' lang='grc' dir='ltr'>δοκεῖν</span> <span class='ocrx_word' id='word_1_22' title='bbox 934 435 1175 504; x_wconf 75' lang='grc' dir='ltr'><strong>εὐλόγως</strong></span> <span class='ocrx_word' id='word_1_23' title='bbox 1207 437 1305 507; x_wconf 75' lang='grc' dir='ltr'>τὴν</span> <span class='ocrx_word' id='word_1_24' title='bbox 1344 439 1557 492; x_wconf 81' lang='grc' dir='ltr'><strong>ἀδικίαν</strong></span> <span class='ocrx_word' id='word_1_25' title='bbox 1603 457 1696 492; x_wconf 90' lang='grc' dir='ltr'>κο-</span> 
     </span>
    </p>
   </div>
   <div class='ocr_carea' id='block_1_7' title="bbox 170 518 1698 600">
    <p class='ocr_par' dir='ltr' id='par_1_7' title="bbox 170 518 1698 600">
     <span class='ocr_line' id='line_1_7' title="bbox 170 518 1698 600; baseline 0.005 -24"><span class='ocrx_word' id='word_1_26' title='bbox 170 525 405 590; x_wconf 76' lang='grc' dir='ltr'>λάζεσθαι,</span> <span class='ocrx_word' id='word_1_27' title='bbox 433 523 566 576; x_wconf 73' lang='grc' dir='ltr'>ἀλλὰ</span> <span class='ocrx_word' id='word_1_28' title='bbox 596 523 658 576; x_wconf 82' lang='grc' dir='ltr'>τὸ</span> <span class='ocrx_word' id='word_1_29' title='bbox 684 518 836 595; x_wconf 77' lang='grc' dir='ltr'>κοινῇ</span> <span class='ocrx_word' id='word_1_30' title='bbox 870 527 1006 578; x_wconf 81' lang='grc' dir='ltr'>πᾶσι</span> <span class='ocrx_word' id='word_1_31' title='bbox 1050 528 1412 598; x_wconf 87' lang='grc' dir='ltr'>προκείμενον</span> <span class='ocrx_word' id='word_1_32' title='bbox 1437 529 1585 600; x_wconf 80' lang='grc' dir='ltr'>αὐτῷ</span> <span class='ocrx_word' id='word_1_33' title='bbox 1615 528 1698 582; x_wconf 76' lang='grc' dir='ltr'><strong>αἴ-</strong></span> 
     </span>
    </p>
   </div>
   <div class='ocr_carea' id='block_1_8' title="bbox 167 615 1699 688">
    <p class='ocr_par' dir='ltr' id='par_1_8' title="bbox 167 615 1699 688">
     <span class='ocr_line' id='line_1_8' title="bbox 167 615 1699 688; baseline -0.001 -16"><span class='ocrx_word' id='word_1_34' title='bbox 167 637 258 672; x_wconf 80' lang='grc' dir='ltr'>τιον</span> <span class='ocrx_word' id='word_1_35' title='bbox 275 617 462 686; x_wconf 86' lang='grc' dir='ltr'>γίνεται</span> <span class='ocrx_word' id='word_1_36' title='bbox 481 616 579 684; x_wconf 77' lang='grc' dir='ltr'>τῆς</span> <span class='ocrx_word' id='word_1_37' title='bbox 611 615 720 668; x_wconf 83' lang='grc' dir='ltr'>τῶν</span> <span class='ocrx_word' id='word_1_38' title='bbox 752 615 916 669; x_wconf 86' lang='grc' dir='ltr'>λίθων</span> <span class='ocrx_word' id='word_1_39' title='bbox 951 616 1136 688; x_wconf 81' lang='grc' dir='ltr'><strong>βολῆς.</strong></span> <span class='ocrx_word' id='word_1_40' title='bbox 1181 621 1321 673; x_wconf 82' lang='grc' dir='ltr'>Ἀλλ’</span> <span class='ocrx_word' id='word_1_41' title='bbox 1351 622 1434 674; x_wconf 83' lang='grc' dir='ltr'>ὅτι</span> <span class='ocrx_word' id='word_1_42' title='bbox 1467 623 1526 674; x_wconf 88' lang='grc' dir='ltr'><strong>ἐν</strong></span> <span class='ocrx_word' id='word_1_43' title='bbox 1558 621 1699 674; x_wconf 74' lang='grc' dir='ltr'><strong>Σαϐ-</strong></span> 
     </span>
    </p>
   </div>
   <div class='ocr_carea' id='block_1_9' title="bbox 170 708 1700 784">
    <p class='ocr_par' dir='ltr' id='par_1_9' title="bbox 170 708 1700 784">
     <span class='ocr_line' id='line_1_9' title="bbox 170 708 1700 784; baseline 0.003 -22"><span class='ocrx_word' id='word_1_44' title='bbox 170 712 289 780; x_wconf 74' lang='grc' dir='ltr'><strong>ϐάτῳ</strong></span> <span class='ocrx_word' id='word_1_45' title='bbox 317 708 462 762; x_wconf 77' lang='grc' dir='ltr'>τοῦτο</span> <span class='ocrx_word' id='word_1_46' title='bbox 493 709 742 779; x_wconf 85' lang='grc' dir='ltr'>ἐποίησε,</span> <span class='ocrx_word' id='word_1_47' title='bbox 767 709 856 761; x_wconf 81' lang='grc' dir='ltr'><strong>διὰ</strong></span> <span class='ocrx_word' id='word_1_48' title='bbox 886 709 1045 764; x_wconf 81' lang='grc' dir='ltr'>τοῦτο</span> <span class='ocrx_word' id='word_1_49' title='bbox 1079 711 1154 774; x_wconf 85' lang='grc' dir='ltr'><strong>ὡς</strong></span> <span class='ocrx_word' id='word_1_50' title='bbox 1181 713 1504 784; x_wconf 79' lang='grc' dir='ltr'>κακουργῶν</span> <span class='ocrx_word' id='word_1_51' title='bbox 1532 730 1700 766; x_wconf 80' lang='grc' dir='ltr'>καταο</span> 
     </span>
    </p>
   </div>
   <div class='ocr_carea' id='block_1_10' title="bbox 166 797 1700 874">
    <p class='ocr_par' dir='ltr' id='par_1_10' title="bbox 166 797 1700 874">
     <span class='ocr_line' id='line_1_10' title="bbox 166 797 1700 874; baseline 0.001 -19"><span class='ocrx_word' id='word_1_52' title='bbox 166 804 386 874; x_wconf 78' lang='grc' dir='ltr'><strong>κρίνεται.</strong></span> <span class='ocrx_word' id='word_1_53' title='bbox 426 801 520 864; x_wconf 90' lang='grc' dir='ltr'>Τίς</span> <span class='ocrx_word' id='word_1_54' title='bbox 543 801 644 854; x_wconf 75' lang='grc' dir='ltr'>οὐκ</span> <span class='ocrx_word' id='word_1_55' title='bbox 680 797 842 866; x_wconf 79' lang='grc' dir='ltr'>οἶδεν,</span> <span class='ocrx_word' id='word_1_56' title='bbox 875 802 959 854; x_wconf 86' lang='grc' dir='ltr'>ὅτι</span> <span class='ocrx_word' id='word_1_57' title='bbox 1002 803 1113 854; x_wconf 84' lang='grc' dir='ltr'><strong>τῶν</strong></span> <span class='ocrx_word' id='word_1_58' title='bbox 1137 804 1439 874; x_wconf 82' lang='grc' dir='ltr'><strong>γινομένων</strong></span> <span class='ocrx_word' id='word_1_59' title='bbox 1469 804 1700 857; x_wconf 75' lang='grc' dir='ltr'>ἕκαστον</span> 
     </span>
    </p>
   </div>
   <div class='ocr_carea' id='block_1_11' title="bbox 166 893 1701 966">
    <p class='ocr_par' dir='ltr' id='par_1_11' title="bbox 166 893 1701 966">
     <span class='ocr_line' id='line_1_11' title="bbox 166 893 1701 966; baseline 0.001 -20"><span class='ocrx_word' id='word_1_60' title='bbox 166 899 214 966; x_wconf 78' lang='grc' dir='ltr'>τῇ</span> <span class='ocrx_word' id='word_1_61' title='bbox 236 895 327 964; x_wconf 72' lang='grc' dir='ltr'>ίδία</span> <span class='ocrx_word' id='word_1_62' title='bbox 354 893 593 962; x_wconf 78' lang='grc' dir='ltr'><strong>κρίνεται</strong></span> <span class='ocrx_word' id='word_1_63' title='bbox 625 893 807 961; x_wconf 80' lang='grc' dir='ltr'>φύσει,</span> <span class='ocrx_word' id='word_1_64' title='bbox 834 893 947 946; x_wconf 81' lang='grc' dir='ltr'>εἴτε</span> <span class='ocrx_word' id='word_1_65' title='bbox 973 894 1166 958; x_wconf 80' lang='grc' dir='ltr'>κακὸν,</span> <span class='ocrx_word' id='word_1_66' title='bbox 1201 896 1314 948; x_wconf 82' lang='grc' dir='ltr'>εἴτε</span> <span class='ocrx_word' id='word_1_67' title='bbox 1343 896 1421 966; x_wconf 81' lang='grc' dir='ltr'>μὴ</span> <span class='ocrx_word' id='word_1_68' title='bbox 1460 895 1701 949; x_wconf 79' lang='grc' dir='ltr'>τοιοῦτόν</span> 
     </span>
    </p>
   </div>
   <div class='ocr_carea' id='block_1_12' title="bbox 163 985 1701 1058">
    <p class='ocr_par' dir='ltr' id='par_1_12' title="bbox 163 985 1701 1058">
     <span class='ocr_line' id='line_1_12' title="bbox 163 985 1701 1058; baseline 0.001 -18"><span class='ocrx_word' id='word_1_69' title='bbox 163 990 307 1046; x_wconf 78' lang='grc' dir='ltr'>ἐστιν;</span> <span class='ocrx_word' id='word_1_70' title='bbox 342 986 395 1037; x_wconf 83' lang='grc' dir='ltr'><strong>Ὀ</strong></span> <span class='ocrx_word' id='word_1_71' title='bbox 419 985 476 1038; x_wconf 82' lang='grc' dir='ltr'>δὲ</span> <span class='ocrx_word' id='word_1_72' title='bbox 503 985 694 1055; x_wconf 81' lang='grc' dir='ltr'><strong>χρόνος</strong></span> <span class='ocrx_word' id='word_1_73' title='bbox 735 985 853 1038; x_wconf 79' lang='grc' dir='ltr'>καθ’</span> <span class='ocrx_word' id='word_1_74' title='bbox 881 985 941 1039; x_wconf 85' lang='grc' dir='ltr'>ὃν</span> <span class='ocrx_word' id='word_1_75' title='bbox 970 988 1274 1058; x_wconf 76' lang='grc' dir='ltr'><strong>ἐνεργεῖται</strong></span> <span class='ocrx_word' id='word_1_76' title='bbox 1307 990 1529 1058; x_wconf 77' lang='grc' dir='ltr'>πρᾶξις,</span> <span class='ocrx_word' id='word_1_77' title='bbox 1565 989 1701 1055; x_wconf 76' lang='grc' dir='ltr'>ἐξω-</span> 
     </span>
    </p>
   </div>
   <div class='ocr_carea' id='block_1_13' title="bbox 164 1075 1702 1150">
    <p class='ocr_par' dir='ltr' id='par_1_13' title="bbox 164 1075 1702 1150">
     <span class='ocr_line' id='line_1_13' title="bbox 164 1075 1702 1150; baseline 0.003 -22"><span class='ocrx_word' id='word_1_78' title='bbox 164 1077 233 1128; x_wconf 84' lang='grc' dir='ltr'><strong>θεν</strong></span> <span class='ocrx_word' id='word_1_79' title='bbox 274 1076 364 1145; x_wconf 85' lang='grc' dir='ltr'>τῆς</span> <span class='ocrx_word' id='word_1_80' title='bbox 406 1075 500 1128; x_wconf 76' lang='grc' dir='ltr'>τοῦ</span> <span class='ocrx_word' id='word_1_81' title='bbox 535 1077 818 1145; x_wconf 79' lang='grc' dir='ltr'><strong>γινομένου</strong></span> <span class='ocrx_word' id='word_1_82' title='bbox 855 1076 1072 1145; x_wconf 84' lang='grc' dir='ltr'>φύσεως</span> <span class='ocrx_word' id='word_1_83' title='bbox 1123 1077 1430 1148; x_wconf 84' lang='grc' dir='ltr'>θ·ωρεῖται.</span> <span class='ocrx_word' id='word_1_84' title='bbox 1487 1081 1552 1132; x_wconf 91' lang='grc' dir='ltr'>Τί</span> <span class='ocrx_word' id='word_1_85' title='bbox 1592 1080 1702 1150; x_wconf 78' lang='grc' dir='ltr'><strong>γὰρ</strong></span> 
     </span>
    </p>
   </div>
   <div class='ocr_carea' id='block_1_14' title="bbox 161 1167 1702 1241">
    <p class='ocr_par' dir='ltr' id='par_1_14' title="bbox 161 1167 1702 1241">
     <span class='ocr_line' id='line_1_14' title="bbox 161 1167 1702 1241; baseline 0.003 -21"><span class='ocrx_word' id='word_1_86' title='bbox 161 1169 305 1220; x_wconf 74' lang='grc' dir='ltr'>κοινὸν</span> <span class='ocrx_word' id='word_1_87' title='bbox 333 1167 438 1236; x_wconf 80' lang='grc' dir='ltr'>ἔχει</span> <span class='ocrx_word' id='word_1_88' title='bbox 482 1167 543 1218; x_wconf 77' lang='grc' dir='ltr'>τὸ</span> <span class='ocrx_word' id='word_1_89' title='bbox 577 1167 826 1237; x_wconf 75' lang='grc' dir='ltr'>χρονικδν</span> <span class='ocrx_word' id='word_1_90' title='bbox 861 1168 1158 1237; x_wconf 79' lang='grc' dir='ltr'>διάστημα,</span> <span class='ocrx_word' id='word_1_91' title='bbox 1205 1171 1340 1240; x_wconf 76' lang='grc' dir='ltr'>πρὸς</span> <span class='ocrx_word' id='word_1_92' title='bbox 1371 1171 1430 1223; x_wconf 85' lang='grc' dir='ltr'>τὸ</span> <span class='ocrx_word' id='word_1_93' title='bbox 1471 1173 1535 1224; x_wconf 89' lang='grc' dir='ltr'><strong>ἐκ</strong></span> <span class='ocrx_word' id='word_1_94' title='bbox 1567 1189 1702 1241; x_wconf 86' lang='grc' dir='ltr'>προ-</span> 
     </span>
    </p>
   </div>
   <div class='ocr_carea' id='block_1_15' title="bbox 161 1259 1703 1332">
    <p class='ocr_par' dir='ltr' id='par_1_15' title="bbox 161 1259 1703 1332">
     <span class='ocr_line' id='line_1_15' title="bbox 161 1259 1703 1332; baseline 0.002 -20"><span class='ocrx_word' id='word_1_95' title='bbox 161 1262 385 1328; x_wconf 78' lang='grc' dir='ltr'>αιρέσεως</span> <span class='ocrx_word' id='word_1_96' title='bbox 409 1259 688 1329; x_wconf 77' lang='grc' dir='ltr'>ἡμετέρας</span> <span class='ocrx_word' id='word_1_97' title='bbox 723 1259 1157 1329; x_wconf 73' lang='grc' dir='ltr'>ἀποτελούμενον</span> <span class='ocrx_word' id='word_1_98' title='bbox 1185 1277 1198 1324; x_wconf 90' lang='lat'><strong>;</strong></span> <span class='ocrx_word' id='word_1_99' title='bbox 1243 1261 1367 1314; x_wconf 69' lang='grc' dir='ltr'>Ἐὰν</span> <span class='ocrx_word' id='word_1_100' title='bbox 1391 1261 1582 1332; x_wconf 79' lang='grc' dir='ltr'>ἔρηταί</span> <span class='ocrx_word' id='word_1_101' title='bbox 1622 1279 1703 1325; x_wconf 85' lang='grc' dir='ltr'><strong>τις</strong></span> 
     </span>
    </p>
   </div>
   <div class='ocr_carea' id='block_1_16' title="bbox 159 1348 1704 1422">
    <p class='ocr_par' dir='ltr' id='par_1_16' title="bbox 159 1348 1704 1422">
     <span class='ocr_line' id='line_1_16' title="bbox 159 1348 1704 1422; baseline 0.001 -18"><span class='ocrx_word' id='word_1_102' title='bbox 159 1353 295 1418; x_wconf 74' lang='grc' dir='ltr'>ἡμᾶς,</span> <span class='ocrx_word' id='word_1_103' title='bbox 321 1351 367 1403; x_wconf 86' lang='grc' dir='ltr'><strong>τί</strong></span> <span class='ocrx_word' id='word_1_104' title='bbox 413 1351 596 1420; x_wconf 72' lang='grc' dir='ltr'>ἡμέρα</span> <span class='ocrx_word' id='word_1_105' title='bbox 636 1351 771 1409; x_wconf 72' lang='grc' dir='ltr'>ἐστὶ,</span> <span class='ocrx_word' id='word_1_106' title='bbox 809 1350 868 1402; x_wconf 75' lang='grc' dir='ltr'>τὸ</span> <span class='ocrx_word' id='word_1_107' title='bbox 909 1350 1050 1419; x_wconf 81' lang='grc' dir='ltr'>ὑπὲρ</span> <span class='ocrx_word' id='word_1_108' title='bbox 1106 1352 1210 1420; x_wconf 75' lang='grc' dir='ltr'>γῆς</span> <span class='ocrx_word' id='word_1_109' title='bbox 1249 1348 1388 1405; x_wconf 64' lang='grc' dir='ltr'>εἶναι</span> <span class='ocrx_word' id='word_1_110' title='bbox 1419 1352 1509 1404; x_wconf 81' lang='grc' dir='ltr'><strong>τὸν</strong></span> <span class='ocrx_word' id='word_1_111' title='bbox 1551 1353 1704 1422; x_wconf 78' lang='grc' dir='ltr'>ἥλιον</span> 
     </span>
    </p>
   </div>
   <div class='ocr_carea' id='block_1_17' title="bbox 157 1440 1705 1514">
    <p class='ocr_par' dir='ltr' id='par_1_17' title="bbox 157 1440 1705 1514">
     <span class='ocr_line' id='line_1_17' title="bbox 157 1440 1705 1514; baseline 0.003 -21"><span class='ocrx_word' id='word_1_112' title='bbox 157 1445 335 1503; x_wconf 78' lang='grc' dir='ltr'>παντως</span> <span class='ocrx_word' id='word_1_113' title='bbox 355 1440 814 1512; x_wconf 75' lang='grc' dir='ltr'>ἀποκριιούμεθα,</span> <span class='ocrx_word' id='word_1_114' title='bbox 839 1444 932 1495; x_wconf 77' lang='grc' dir='ltr'>καὶ</span> <span class='ocrx_word' id='word_1_115' title='bbox 983 1443 1180 1511; x_wconf 79' lang='grc' dir='ltr'>μέτρον</span> <span class='ocrx_word' id='word_1_116' title='bbox 1201 1444 1368 1513; x_wconf 78' lang='grc' dir='ltr'>αὐτῆς</span> <span class='ocrx_word' id='word_1_117' title='bbox 1399 1443 1591 1514; x_wconf 73' lang='grc' dir='ltr'>ὄρθρον</span> <span class='ocrx_word' id='word_1_118' title='bbox 1614 1446 1705 1497; x_wconf 66' lang='grc' dir='ltr'>καὶ</span> 
     </span>
    </p>
   </div>
   <div class='ocr_carea' id='block_1_18' title="bbox 158 1531 1702 1605">
    <p class='ocr_par' dir='ltr' id='par_1_18' title="bbox 158 1531 1702 1605">
     <span class='ocr_line' id='line_1_18' title="bbox 158 1531 1702 1605; baseline 0.003 -21"><span class='ocrx_word' id='word_1_119' title='bbox 158 1534 356 1602; x_wconf 76' lang='grc' dir='ltr'>ἑσπέραν</span> <span class='ocrx_word' id='word_1_120' title='bbox 379 1531 701 1601; x_wconf 88' lang='grc' dir='ltr'>ποιούμεθα.</span> <span class='ocrx_word' id='word_1_121' title='bbox 745 1533 803 1583; x_wconf 75' lang='grc' dir='ltr'><strong>Ἰ)</strong></span> <span class='ocrx_word' id='word_1_122' title='bbox 822 1533 877 1584; x_wconf 76' lang='grc' dir='ltr'>δὲ</span> <span class='ocrx_word' id='word_1_123' title='bbox 905 1532 1140 1585; x_wconf 75' lang='grc' dir='ltr'>τοιοῦτος</span> <span class='ocrx_word' id='word_1_124' title='bbox 1164 1533 1318 1601; x_wconf 75' lang='grc' dir='ltr'>λόγος</span> <span class='ocrx_word' id='word_1_125' title='bbox 1349 1535 1449 1602; x_wconf 82' lang='grc' dir='ltr'>τῆς</span> <span class='ocrx_word' id='word_1_126' title='bbox 1471 1536 1702 1605; x_wconf 80' lang='grc' dir='ltr'>ἡμέρας,</span> 
     </span>
    </p>
   </div>
   <div class='ocr_carea' id='block_1_19' title="bbox 155 1622 1704 1696">
    <p class='ocr_par' dir='ltr' id='par_1_19' title="bbox 155 1622 1704 1696">
     <span class='ocr_line' id='line_1_19' title="bbox 155 1622 1704 1696; baseline 0.002 -21"><span class='ocrx_word' id='word_1_127' title='bbox 155 1625 200 1676; x_wconf 79' lang='grc' dir='ltr'><strong>ού</strong></span> <span class='ocrx_word' id='word_1_128' title='bbox 229 1626 314 1694; x_wconf 72' lang='grc' dir='ltr'><strong>μιᾷ</strong></span> <span class='ocrx_word' id='word_1_129' title='bbox 349 1641 448 1674; x_wconf 67' lang='grc' dir='ltr'>τ.ιιι</span> <span class='ocrx_word' id='word_1_130' title='bbox 485 1623 622 1693; x_wconf 66' lang='grc' dir='ltr'>;.όνῃ</span> <span class='ocrx_word' id='word_1_131' title='bbox 649 1622 757 1675; x_wconf 79' lang='grc' dir='ltr'>τῶν</span> <span class='ocrx_word' id='word_1_132' title='bbox 789 1624 930 1675; x_wconf 76' lang='grc' dir='ltr'>κατὰ</span> <span class='ocrx_word' id='word_1_133' title='bbox 951 1623 1048 1694; x_wconf 80' lang='grc' dir='ltr'>τὴν</span> <span class='ocrx_word' id='word_1_134' title='bbox 1069 1624 1432 1696; x_wconf 78' lang='grc' dir='ltr'>ἑϐδοματικὴν</span> <span class='ocrx_word' id='word_1_135' title='bbox 1459 1625 1704 1696; x_wconf 77' lang='grc' dir='ltr'>περίοδον</span> 
     </span>
    </p>
   </div>
   <div class='ocr_carea' id='block_1_20' title="bbox 156 1716 1702 1788">
    <p class='ocr_par' dir='ltr' id='par_1_20' title="bbox 156 1716 1702 1788">
     <span class='ocr_line' id='line_1_20' title="bbox 156 1716 1702 1788; baseline 0.001 -21"><span class='ocrx_word' id='word_1_136' title='bbox 156 1716 613 1785; x_wconf 73' lang='grc' dir='ltr'>ἀνακυκλουμένων</span> <span class='ocrx_word' id='word_1_137' title='bbox 645 1716 1128 1785; x_wconf 71' lang='grc' dir='ltr'>ἐφαρμοσθήσεται</span> <span class='ocrx_word' id='word_1_138' title='bbox 1149 1733 1162 1745; x_wconf 92' lang='grc'><strong>·</strong></span> <span class='ocrx_word' id='word_1_139' title='bbox 1197 1717 1334 1769; x_wconf 73' lang='grc' dir='ltr'>ἀλλὰ</span> <span class='ocrx_word' id='word_1_140' title='bbox 1363 1718 1456 1770; x_wconf 79' lang='grc' dir='ltr'>καὶ</span> <span class='ocrx_word' id='word_1_141' title='bbox 1477 1717 1702 1788; x_wconf 78' lang='grc' dir='ltr'><strong>πρώτης</strong></span> 
     </span>
    </p>
   </div>
   <div class='ocr_carea' id='block_1_21' title="bbox 155 1805 1703 1878">
    <p class='ocr_par' dir='ltr' id='par_1_21' title="bbox 155 1805 1703 1878">
     <span class='ocr_line' id='line_1_21' title="bbox 155 1805 1703 1878; baseline 0.001 -18"><span class='ocrx_word' id='word_1_142' title='bbox 155 1810 227 1860; x_wconf 79' lang='grc' dir='ltr'>καὶ</span> <span class='ocrx_word' id='word_1_143' title='bbox 259 1807 515 1876; x_wconf 82' lang='grc' dir='ltr'>δευτέρας</span> <span class='ocrx_word' id='word_1_144' title='bbox 563 1805 658 1860; x_wconf 73' lang='grc' dir='ltr'>καὶ</span> <span class='ocrx_word' id='word_1_145' title='bbox 689 1806 850 1876; x_wconf 81' lang='grc' dir='ltr'>μέχρι</span> <span class='ocrx_word' id='word_1_146' title='bbox 883 1807 983 1875; x_wconf 78' lang='grc' dir='ltr'>τῆς</span> <span class='ocrx_word' id='word_1_147' title='bbox 1026 1807 1280 1878; x_wconf 74' lang='grc' dir='ltr'>ἑϐδόμης,</span> <span class='ocrx_word' id='word_1_148' title='bbox 1327 1810 1355 1860; x_wconf 85' lang='grc' dir='ltr'>ὁ</span> <span class='ocrx_word' id='word_1_149' title='bbox 1383 1809 1543 1872; x_wconf 78' lang='grc' dir='ltr'>αὑτός</span> <span class='ocrx_word' id='word_1_150' title='bbox 1588 1809 1703 1863; x_wconf 86' lang='grc' dir='ltr'>ἐστι</span> 
     </span>
    </p>
   </div>
   <div class='ocr_carea' id='block_1_22' title="bbox 155 1896 1704 1969">
    <p class='ocr_par' dir='ltr' id='par_1_22' title="bbox 155 1896 1704 1969">
     <span class='ocr_line' id='line_1_22' title="bbox 155 1896 1704 1969; baseline 0 -18"><span class='ocrx_word' id='word_1_151' title='bbox 155 1899 294 1964; x_wconf 57' lang='lat'><strong>1570;,</strong></span> <span class='ocrx_word' id='word_1_152' title='bbox 332 1899 422 1950; x_wconf 66' lang='grc' dir='ltr'><strong>καῖ⁵</strong></span> <span class='ocrx_word' id='word_1_153' title='bbox 473 1898 635 1950; x_wconf 67' lang='grc' dir='ltr'>οὐδὲν</span> <span class='ocrx_word' id='word_1_154' title='bbox 672 1899 705 1966; x_wconf 84' lang='grc' dir='ltr'>ἡ</span> <span class='ocrx_word' id='word_1_155' title='bbox 744 1898 838 1950; x_wconf 77' lang='grc' dir='ltr'>τοῦ</span> <span class='ocrx_word' id='word_1_156' title='bbox 885 1896 1164 1950; x_wconf 74' lang='grc' dir='ltr'>Σαϐϐατου</span> <span class='ocrx_word' id='word_1_157' title='bbox 1201 1900 1383 1969; x_wconf 77' lang='grc' dir='ltr'>ἡμέρα</span> <span class='ocrx_word' id='word_1_158' title='bbox 1416 1900 1559 1955; x_wconf 82' lang='grc' dir='ltr'><strong>κατά</strong></span> <span class='ocrx_word' id='word_1_159' title='bbox 1605 1901 1704 1963; x_wconf 78' lang='grc' dir='ltr'><strong>τὰς</strong></span> 
     </span>
    </p>
   </div>
   <div class='ocr_carea' id='block_1_23' title="bbox 153 1986 1702 2062">
    <p class='ocr_par' dir='ltr' id='par_1_23' title="bbox 153 1986 1702 2062">
     <span class='ocr_line' id='line_1_23' title="bbox 153 1986 1702 2062; baseline 0.004 -22"><span class='ocrx_word' id='word_1_160' title='bbox 153 1991 308 2054; x_wconf 67' lang='grc' dir='ltr'>λοιπὰς</span> <span class='ocrx_word' id='word_1_161' title='bbox 330 1991 466 2044; x_wconf 81' lang='grc' dir='ltr'><strong>κατά</strong></span> <span class='ocrx_word' id='word_1_162' title='bbox 497 1990 556 2042; x_wconf 85' lang='grc' dir='ltr'>τὸ</span> <span class='ocrx_word' id='word_1_163' title='bbox 583 1986 721 2042; x_wconf 80' lang='grc' dir='ltr'>εἶναι</span> <span class='ocrx_word' id='word_1_164' title='bbox 743 1992 942 2061; x_wconf 79' lang='grc' dir='ltr'>ἡμέρα.</span> <span class='ocrx_word' id='word_1_165' title='bbox 955 1992 1354 2062; x_wconf 82' lang='grc' dir='ltr'>παρήλλακται.</span> <span class='ocrx_word' id='word_1_166' title='bbox 1390 1993 1514 2045; x_wconf 84' lang='grc' dir='ltr'><strong>Ἐἀν</strong></span> <span class='ocrx_word' id='word_1_167' title='bbox 1539 1993 1593 2045; x_wconf 88' lang='grc' dir='ltr'><strong>δέ</strong></span> <span class='ocrx_word' id='word_1_168' title='bbox 1620 2011 1702 2056; x_wconf 89' lang='grc' dir='ltr'><strong>τις</strong></span> 
     </span>
    </p>
   </div>
   <div class='ocr_carea' id='block_1_24' title="bbox 155 2083 1703 2156">
    <p class='ocr_par' dir='ltr' id='par_1_24' title="bbox 155 2083 1703 2156">
     <span class='ocr_line' id='line_1_24' title="bbox 155 2083 1703 2156; baseline 0.003 -23"><span class='ocrx_word' id='word_1_169' title='bbox 155 2084 229 2152; x_wconf 71' lang='grc' dir='ltr'>τὴν</span> <span class='ocrx_word' id='word_1_170' title='bbox 245 2083 325 2135; x_wconf 79' lang='grc' dir='ltr'>τοῦ</span> <span class='ocrx_word' id='word_1_171' title='bbox 345 2083 756 2152; x_wconf 73' lang='grc' dir='ltr'><strong>ἁμαρτήματος</strong></span> <span class='ocrx_word' id='word_1_172' title='bbox 786 2083 1019 2156; x_wconf 80' lang='grc' dir='ltr'><strong>ἐξετάσῃ</strong></span> <span class='ocrx_word' id='word_1_173' title='bbox 1045 2084 1305 2142; x_wconf 85' lang='grc' dir='ltr'>διάνοιαν.</span> <span class='ocrx_word' id='word_1_174' title='bbox 1328 2084 1388 2136; x_wconf 74' lang='grc' dir='ltr'>τὸ</span> <span class='ocrx_word' id='word_1_175' title='bbox 1417 2084 1490 2154; x_wconf 85' lang='grc' dir='ltr'>μὴ</span> <span class='ocrx_word' id='word_1_176' title='bbox 1517 2085 1628 2137; x_wconf 92' lang='grc' dir='ltr'>δεῖν</span> <span class='ocrx_word' id='word_1_177' title='bbox 1652 2103 1703 2138; x_wconf 88' lang='grc' dir='ltr'><strong>τι</strong></span> 
     </span>
    </p>
   </div>
   <div class='ocr_carea' id='block_1_25' title="bbox 154 2170 1702 2246">
    <p class='ocr_par' dir='ltr' id='par_1_25' title="bbox 154 2170 1702 2246">
     <span class='ocr_line' id='line_1_25' title="bbox 154 2170 1702 2246; baseline 0.001 -18"><span class='ocrx_word' id='word_1_178' title='bbox 154 2176 262 2228; x_wconf 74' lang='grc' dir='ltr'><strong>κατά</strong></span> <span class='ocrx_word' id='word_1_179' title='bbox 297 2175 384 2228; x_wconf 79' lang='grc' dir='ltr'>τοῦ</span> <span class='ocrx_word' id='word_1_180' title='bbox 411 2175 595 2238; x_wconf 73' lang='grc' dir='ltr'>πέλας</span> <span class='ocrx_word' id='word_1_181' title='bbox 634 2177 829 2233; x_wconf 85' lang='grc' dir='ltr'>ποιεῖν,</span> <span class='ocrx_word' id='word_1_182' title='bbox 861 2176 1080 2238; x_wconf 72' lang='grc' dir='ltr'>παντως</span> <span class='ocrx_word' id='word_1_183' title='bbox 1104 2175 1359 2246; x_wconf 77' lang='grc' dir='ltr'>ἐροῦμεν,</span> <span class='ocrx_word' id='word_1_184' title='bbox 1391 2170 1503 2229; x_wconf 72' lang='grc' dir='ltr'>οἷον</span> <span class='ocrx_word' id='word_1_185' title='bbox 1523 2194 1537 2209; x_wconf 78' lang='grc' dir='ltr'><strong>ο</strong></span> <span class='ocrx_word' id='word_1_186' title='bbox 1575 2197 1593 2226; x_wconf 74' lang='grc' dir='ltr'><strong>ι</strong></span> <span class='ocrx_word' id='word_1_187' title='bbox 1627 2179 1702 2230; x_wconf 84' lang='grc' dir='ltr'>Ού</span> 
     </span>
    </p>
   </div>
   <div class='ocr_carea' id='block_1_26' title="bbox 155 2266 1701 2336">
    <p class='ocr_par' dir='ltr' id='par_1_26' title="bbox 155 2266 1701 2336">
     <span class='ocr_line' id='line_1_26' title="bbox 155 2266 1701 2336; baseline 0.001 -18"><span class='ocrx_word' id='word_1_188' title='bbox 155 2266 440 2335; x_wconf 73' lang='grc' dir='ltr'>μοιχεύσεις,</span> <span class='ocrx_word' id='word_1_189' title='bbox 474 2268 547 2320; x_wconf 80' lang='grc' dir='ltr'><strong>ού</strong></span> <span class='ocrx_word' id='word_1_190' title='bbox 581 2266 883 2335; x_wconf 74' lang='grc' dir='ltr'>φονεύσεις,</span> <span class='ocrx_word' id='word_1_191' title='bbox 914 2266 976 2319; x_wconf 87' lang='grc' dir='ltr'><strong>ού</strong></span> <span class='ocrx_word' id='word_1_192' title='bbox 1002 2266 1242 2336; x_wconf 67' lang='grc' dir='ltr'>κλέψεις,</span> <span class='ocrx_word' id='word_1_193' title='bbox 1277 2288 1293 2318; x_wconf 79' lang='grc' dir='ltr'><strong>ι</strong></span> <span class='ocrx_word' id='word_1_194' title='bbox 1315 2268 1408 2320; x_wconf 66' lang='grc' dir='ltr'>καὶ</span> <span class='ocrx_word' id='word_1_195' title='bbox 1427 2267 1496 2320; x_wconf 84' lang='grc' dir='ltr'>τὰ</span> <span class='ocrx_word' id='word_1_196' title='bbox 1520 2267 1701 2320; x_wconf 72' lang='grc' dir='ltr'>λοιπάο</span> 
     </span>
    </p>
   </div>
   <div class='ocr_carea' id='block_1_27' title="bbox 149 2353 1706 2429">
    <p class='ocr_par' dir='ltr' id='par_1_27' title="bbox 149 2353 1706 2429">
     <span class='ocr_line' id='line_1_27' title="bbox 149 2353 1706 2429; baseline 0.001 -19"><span class='ocrx_word' id='word_1_197' title='bbox 149 2353 206 2411; x_wconf 71' lang='grc' dir='ltr'>ὧν</span> <span class='ocrx_word' id='word_1_198' title='bbox 239 2361 434 2427; x_wconf 81' lang='grc' dir='ltr'>τενικὸς</span> <span class='ocrx_word' id='word_1_199' title='bbox 474 2361 606 2411; x_wconf 76' lang='grc' dir='ltr'>ἐστι</span> <span class='ocrx_word' id='word_1_200' title='bbox 656 2358 841 2428; x_wconf 78' lang='grc' dir='ltr'>νόμος,</span> <span class='ocrx_word' id='word_1_201' title='bbox 873 2358 943 2410; x_wconf 69' lang='grc' dir='ltr'><strong>τὰ</strong></span> <span class='ocrx_word' id='word_1_202' title='bbox 990 2359 1112 2412; x_wconf 77' lang='grc' dir='ltr'>καθ’</span> <span class='ocrx_word' id='word_1_203' title='bbox 1161 2359 1391 2412; x_wconf 73' lang='grc' dir='ltr'>ἕκαστον</span> <span class='ocrx_word' id='word_1_204' title='bbox 1433 2362 1491 2413; x_wconf 83' lang='grc' dir='ltr'><strong>ἐν</strong></span> <span class='ocrx_word' id='word_1_205' title='bbox 1529 2359 1706 2429; x_wconf 84' lang='grc' dir='ltr'>ἐαυτῷ</span> 
     </span>
    </p>
   </div>
   <div class='ocr_carea' id='block_1_28' title="bbox 151 2449 1704 2522">
    <p class='ocr_par' dir='ltr' id='par_1_28' title="bbox 151 2449 1704 2522">
     <span class='ocr_line' id='line_1_28' title="bbox 151 2449 1704 2522; baseline 0.001 -21"><span class='ocrx_word' id='word_1_206' title='bbox 151 2453 402 2520; x_wconf 77' lang='grc' dir='ltr'>περιέχων,</span> <span class='ocrx_word' id='word_1_207' title='bbox 439 2451 547 2504; x_wconf 72' lang='grc' dir='ltr'>καὶ</span> <span class='ocrx_word' id='word_1_208' title='bbox 571 2452 711 2520; x_wconf 80' lang='grc' dir='ltr'>ὅπερ</span> <span class='ocrx_word' id='word_1_209' title='bbox 733 2453 766 2520; x_wconf 83' lang='grc' dir='ltr'>ἡ</span> <span class='ocrx_word' id='word_1_210' title='bbox 791 2450 885 2502; x_wconf 83' lang='grc' dir='ltr'>τοῦ</span> <span class='ocrx_word' id='word_1_211' title='bbox 924 2451 1211 2522; x_wconf 84' lang='grc' dir='ltr'>ἀγαπῆσαι</span> <span class='ocrx_word' id='word_1_212' title='bbox 1248 2451 1340 2504; x_wconf 73' lang='grc' dir='ltr'><strong>τὸν</strong></span> <span class='ocrx_word' id='word_1_213' title='bbox 1380 2451 1606 2522; x_wconf 81' lang='grc' dir='ltr'>πλησίον</span> <span class='ocrx_word' id='word_1_214' title='bbox 1629 2449 1704 2514; x_wconf 83' lang='grc' dir='ltr'>ὡς</span> 
     </span>
    </p>
   </div>
   <div class='ocr_carea' id='block_1_29' title="bbox 147 2545 1708 2620">
    <p class='ocr_par' dir='ltr' id='par_1_29' title="bbox 147 2545 1708 2620">
     <span class='ocr_line' id='line_1_29' title="bbox 147 2545 1708 2620; baseline 0.002 -24"><span class='ocrx_word' id='word_1_215' title='bbox 147 2545 310 2598; x_wconf 72' lang='grc' dir='ltr'>ἑαυτόν</span> <span class='ocrx_word' id='word_1_216' title='bbox 332 2562 346 2576; x_wconf 74' lang='grc' dir='ltr'><strong><em>ο</em></strong></span> <span class='ocrx_word' id='word_1_217' title='bbox 378 2546 567 2598; x_wconf 74' lang='grc' dir='ltr'>ταῦτα</span> <span class='ocrx_word' id='word_1_218' title='bbox 592 2546 686 2598; x_wconf 78' lang='grc' dir='ltr'>καὶ</span> <span class='ocrx_word' id='word_1_219' title='bbox 715 2545 856 2598; x_wconf 89' lang='grc' dir='ltr'><strong>κατά</strong></span> <span class='ocrx_word' id='word_1_220' title='bbox 882 2547 1063 2598; x_wconf 83' lang='grc' dir='ltr'>πᾶσαν</span> <span class='ocrx_word' id='word_1_221' title='bbox 1094 2545 1310 2620; x_wconf 82' lang='grc' dir='ltr'>ἡμέραν</span> <span class='ocrx_word' id='word_1_222' title='bbox 1339 2545 1531 2617; x_wconf 87' lang='grc' dir='ltr'>ἐπίσης</span> <span class='ocrx_word' id='word_1_223' title='bbox 1577 2563 1708 2600; x_wconf 88' lang='grc' dir='ltr'>κατ-</span> 
     </span>
    </p>
   </div>
   <div class='ocr_carea' id='block_1_30' title="bbox 148 2636 1706 2708">
    <p class='ocr_par' dir='ltr' id='par_1_30' title="bbox 148 2636 1706 2708">
     <span class='ocr_line' id='line_1_30' title="bbox 148 2636 1706 2708; baseline 0.003 -21"><span class='ocrx_word' id='word_1_224' title='bbox 148 2636 414 2708; x_wconf 75' lang='grc' dir='ltr'>ορθούμενα</span> <span class='ocrx_word' id='word_1_225' title='bbox 451 2655 524 2690; x_wconf 82' lang='grc' dir='ltr'><strong>τε</strong></span> <span class='ocrx_word' id='word_1_226' title='bbox 567 2637 662 2690; x_wconf 75' lang='grc' dir='ltr'>καὶ</span> <span class='ocrx_word' id='word_1_227' title='bbox 703 2636 1200 2708; x_wconf 85' lang='grc' dir='ltr'>παρανομούμενα,</span> <span class='ocrx_word' id='word_1_228' title='bbox 1234 2638 1268 2708; x_wconf 85' lang='grc' dir='ltr'><strong>ἥ</strong></span> <span class='ocrx_word' id='word_1_229' title='bbox 1309 2637 1453 2692; x_wconf 86' lang='grc' dir='ltr'><strong>καλά</strong></span> <span class='ocrx_word' id='word_1_230' title='bbox 1487 2638 1706 2701; x_wconf 84' lang='grc' dir='ltr'>πάντως</span> 
     </span>
    </p>
   </div>
   <div class='ocr_carea' id='block_1_31' title="bbox 147 2727 1707 2798">
    <p class='ocr_par' dir='ltr' id='par_1_31' title="bbox 147 2727 1707 2798">
     <span class='ocr_line' id='line_1_31' title="bbox 147 2727 1707 2798; baseline 0.001 -20"><span class='ocrx_word' id='word_1_231' title='bbox 147 2728 285 2789; x_wconf 71' lang='grc' dir='ltr'>ἐστὶν,</span> <span class='ocrx_word' id='word_1_232' title='bbox 319 2730 348 2798; x_wconf 79' lang='grc' dir='ltr'>ἦ</span> <span class='ocrx_word' id='word_1_233' title='bbox 379 2731 444 2782; x_wconf 84' lang='grc' dir='ltr'><strong>ἐκ</strong></span> <span class='ocrx_word' id='word_1_234' title='bbox 480 2727 590 2780; x_wconf 81' lang='grc' dir='ltr'>τοῦ</span> <span class='ocrx_word' id='word_1_235' title='bbox 622 2727 866 2781; x_wconf 82' lang='grc' dir='ltr'>ἐναντίου</span> <span class='ocrx_word' id='word_1_236' title='bbox 897 2729 1187 2798; x_wconf 80' lang='grc' dir='ltr'>νοούμενα.</span> <span class='ocrx_word' id='word_1_237' title='bbox 1216 2728 1331 2782; x_wconf 84' lang='grc' dir='ltr'>Οὐκ</span> <span class='ocrx_word' id='word_1_238' title='bbox 1364 2727 1430 2782; x_wconf 81' lang='grc' dir='ltr'>ἂν</span> <span class='ocrx_word' id='word_1_239' title='bbox 1458 2727 1514 2781; x_wconf 78' lang='grc' dir='ltr'><strong>δέ</strong></span> <span class='ocrx_word' id='word_1_240' title='bbox 1560 2746 1644 2792; x_wconf 84' lang='grc' dir='ltr'><strong>τις</strong></span> <span class='ocrx_word' id='word_1_241' title='bbox 1677 2728 1707 2780; x_wconf 83' lang='grc' dir='ltr'><strong>ὃ</strong></span> 
     </span>
    </p>
   </div>
   <div class='ocr_carea' id='block_1_32' title="bbox 150 2817 1709 2889">
    <p class='ocr_par' dir='ltr' id='par_1_32' title="bbox 150 2817 1709 2889">
     <span class='ocr_line' id='line_1_32' title="bbox 150 2817 1709 2889; baseline 0 -19"><span class='ocrx_word' id='word_1_242' title='bbox 150 2827 353 2889; x_wconf 62' lang='grc' dir='ltr'>σήμερον</span> <span class='ocrx_word' id='word_1_243' title='bbox 401 2819 585 2872; x_wconf 76' lang='grc' dir='ltr'>κακὸν</span> <span class='ocrx_word' id='word_1_244' title='bbox 619 2818 812 2889; x_wconf 86' lang='grc' dir='ltr'>ἐκρίθη</span> <span class='ocrx_word' id='word_1_245' title='bbox 837 2819 1152 2888; x_wconf 84' lang='grc' dir='ltr'>γενόμενον,</span> <span class='ocrx_word' id='word_1_246' title='bbox 1183 2819 1294 2872; x_wconf 86' lang='grc' dir='ltr'>εῐτε</span> <span class='ocrx_word' id='word_1_247' title='bbox 1340 2817 1500 2889; x_wconf 76' lang='grc' dir='ltr'>φόνος</span> <span class='ocrx_word' id='word_1_248' title='bbox 1532 2818 1616 2888; x_wconf 84' lang='grc' dir='ltr'><strong>εἴη</strong></span> <span class='ocrx_word' id='word_1_249' title='bbox 1647 2819 1709 2870; x_wconf 80' lang='grc' dir='ltr'>τὸ</span> 
     </span>
    </p>
   </div>
   <div class='ocr_carea' id='block_1_33' title="bbox 147 2908 1708 2981">
    <p class='ocr_par' dir='ltr' id='par_1_33' title="bbox 147 2908 1708 2981">
     <span class='ocr_line' id='line_1_33' title="bbox 147 2908 1708 2981; baseline 0.002 -24"><span class='ocrx_word' id='word_1_250' title='bbox 147 2909 534 2981; x_wconf 70' lang='grc' dir='ltr'>πλημμέλημα,</span> <span class='ocrx_word' id='word_1_251' title='bbox 584 2911 694 2962; x_wconf 71' lang='grc' dir='ltr'>εἴτε</span> <span class='ocrx_word' id='word_1_252' title='bbox 746 2927 800 2962; x_wconf 88' lang='grc' dir='ltr'><strong>τι</strong></span> <span class='ocrx_word' id='word_1_253' title='bbox 847 2909 974 2963; x_wconf 82' lang='grc' dir='ltr'>ἄλλο</span> <span class='ocrx_word' id='word_1_254' title='bbox 1029 2909 1138 2962; x_wconf 82' lang='grc' dir='ltr'>τῶν</span> <span class='ocrx_word' id='word_1_255' title='bbox 1188 2908 1598 2980; x_wconf 80' lang='grc' dir='ltr'>ἀπειρημένων,</span> <span class='ocrx_word' id='word_1_256' title='bbox 1647 2908 1708 2961; x_wconf 82' lang='grc' dir='ltr'>τὸ</span> 
     </span>
    </p>
   </div>
   <div class='ocr_carea' id='block_1_34' title="bbox 146 2994 1706 3072">
    <p class='ocr_par' dir='ltr' id='par_1_34' title="bbox 146 2994 1706 3072">
     <span class='ocr_line' id='line_1_34' title="bbox 146 2994 1706 3072; baseline 0 -22"><span class='ocrx_word' id='word_1_257' title='bbox 146 3002 252 3052; x_wconf 68' lang='grc' dir='ltr'>αὐτὸ</span> <span class='ocrx_word' id='word_1_258' title='bbox 279 3001 432 3054; x_wconf 74' lang='grc' dir='ltr'>τοῦτο</span> <span class='ocrx_word' id='word_1_259' title='bbox 460 3004 540 3072; x_wconf 82' lang='grc' dir='ltr'>τῇ</span> <span class='ocrx_word' id='word_1_260' title='bbox 572 3001 770 3071; x_wconf 76' lang='grc' dir='ltr'>ἐφεξῆς</span> <span class='ocrx_word' id='word_1_261' title='bbox 809 3000 974 3054; x_wconf 80' lang='grc' dir='ltr'>καλὸν</span> <span class='ocrx_word' id='word_1_262' title='bbox 1015 2995 1157 3053; x_wconf 77' lang='grc' dir='ltr'>εἶναι</span> <span class='ocrx_word' id='word_1_263' title='bbox 1199 2999 1494 3067; x_wconf 88' lang='grc' dir='ltr'>νομίσειεν.</span> <span class='ocrx_word' id='word_1_264' title='bbox 1525 3000 1586 3052; x_wconf 84' lang='grc' dir='ltr'>Εἰ</span> <span class='ocrx_word' id='word_1_265' title='bbox 1613 2994 1706 3052; x_wconf 74' lang='grc' dir='ltr'>οὖν</span> 
     </span>
    </p>
   </div>
   <div class='ocr_carea' id='block_1_35' title="bbox 144 3085 1708 3164">
    <p class='ocr_par' dir='ltr' id='par_1_35' title="bbox 144 3085 1708 3164">
     <span class='ocr_line' id='line_1_35' title="bbox 144 3085 1708 3164; baseline 0.001 -21"><span class='ocrx_word' id='word_1_266' title='bbox 144 3093 192 3144; x_wconf 82' lang='grc' dir='ltr'><strong>τὺ</strong></span> <span class='ocrx_word' id='word_1_267' title='bbox 215 3094 372 3146; x_wconf 71' lang='grc' dir='ltr'>κακὸν</span> <span class='ocrx_word' id='word_1_268' title='bbox 402 3095 492 3147; x_wconf 77' lang='grc' dir='ltr'>ἀεὶ</span> <span class='ocrx_word' id='word_1_269' title='bbox 529 3092 773 3146; x_wconf 76' lang='grc' dir='ltr'>τοιοῦτόν</span> <span class='ocrx_word' id='word_1_270' title='bbox 806 3094 977 3157; x_wconf 87' lang='grc' dir='ltr'>ἐστιν,</span> <span class='ocrx_word' id='word_1_271' title='bbox 1006 3094 1064 3146; x_wconf 88' lang='grc' dir='ltr'><strong>ἐν</strong></span> <span class='ocrx_word' id='word_1_272' title='bbox 1096 3085 1250 3163; x_wconf 80' lang='grc' dir='ltr'>ᾧπερ</span> <span class='ocrx_word' id='word_1_273' title='bbox 1280 3092 1346 3146; x_wconf 82' lang='grc' dir='ltr'>ἂν</span> <span class='ocrx_word' id='word_1_274' title='bbox 1372 3093 1550 3164; x_wconf 84' lang='grc' dir='ltr'>χρόνῳ</span> <span class='ocrx_word' id='word_1_275' title='bbox 1569 3091 1708 3162; x_wconf 81' lang='grc' dir='ltr'>τύχῃ</span> 
     </span>
    </p>
   </div>
   <div class='ocr_carea' id='block_1_36' title="bbox 142 3183 1708 3256">
    <p class='ocr_par' dir='ltr' id='par_1_36' title="bbox 142 3183 1708 3256">
     <span class='ocr_line' id='line_1_36' title="bbox 142 3183 1708 3256; baseline 0 -20"><span class='ocrx_word' id='word_1_276' title='bbox 142 3185 479 3256; x_wconf 74' lang='grc' dir='ltr'>τολμώμενον,</span> <span class='ocrx_word' id='word_1_277' title='bbox 509 3186 616 3239; x_wconf 78' lang='grc' dir='ltr'>καὶ</span> <span class='ocrx_word' id='word_1_278' title='bbox 643 3185 702 3238; x_wconf 71' lang='grc' dir='ltr'><strong>τὺ</strong></span> <span class='ocrx_word' id='word_1_279' title='bbox 728 3184 1041 3248; x_wconf 84' lang='grc' dir='ltr'>ἀνεύθυνον,</span> <span class='ocrx_word' id='word_1_280' title='bbox 1072 3184 1198 3237; x_wconf 84' lang='grc' dir='ltr'><strong>ούδέ</strong></span> <span class='ocrx_word' id='word_1_281' title='bbox 1225 3185 1292 3238; x_wconf 85' lang='grc' dir='ltr'>ἂν</span> <span class='ocrx_word' id='word_1_282' title='bbox 1317 3184 1528 3252; x_wconf 81' lang='grc' dir='ltr'>γένοιτο</span> <span class='ocrx_word' id='word_1_283' title='bbox 1560 3183 1708 3253; x_wconf 73' lang='grc' dir='ltr'>παρὰ</span> 
     </span>
    </p>
   </div>
   <div class='ocr_carea' id='block_1_37' title="bbox 143 3274 1707 3348">
    <p class='ocr_par' dir='ltr' id='par_1_37' title="bbox 143 3274 1707 3348">
     <span class='ocr_line' id='line_1_37' title="bbox 143 3274 1707 3348; baseline -0.002 -19"><span class='ocrx_word' id='word_1_284' title='bbox 143 3277 216 3329; x_wconf 75' lang='grc' dir='ltr'>τὸν</span> <span class='ocrx_word' id='word_1_285' title='bbox 234 3279 414 3348; x_wconf 70' lang='grc' dir='ltr'>χρόνον</span> <span class='ocrx_word' id='word_1_286' title='bbox 446 3276 782 3331; x_wconf 83' lang='grc' dir='ltr'>ὑπεύθυνον.</span> <span class='ocrx_word' id='word_1_287' title='bbox 818 3277 878 3329; x_wconf 85' lang='grc' dir='ltr'><strong>Εἰ</strong></span> <span class='ocrx_word' id='word_1_288' title='bbox 901 3277 1081 3329; x_wconf 87' lang='grc' dir='ltr'>τοίνυν</span> <span class='ocrx_word' id='word_1_289' title='bbox 1097 3276 1158 3329; x_wconf 84' lang='grc' dir='ltr'><strong>τδ</strong></span> <span class='ocrx_word' id='word_1_290' title='bbox 1188 3277 1294 3346; x_wconf 71' lang='grc' dir='ltr'>πρὸ</span> <span class='ocrx_word' id='word_1_291' title='bbox 1309 3275 1404 3328; x_wconf 82' lang='grc' dir='ltr'>τοῦ</span> <span class='ocrx_word' id='word_1_292' title='bbox 1428 3274 1707 3328; x_wconf 76' lang='grc' dir='ltr'>Σαϐὅάτου</span> 
     </span>
    </p>
   </div>
   <div class='ocr_carea' id='block_1_38' title="bbox 140 3366 1708 3438">
    <p class='ocr_par' dir='ltr' id='par_1_38' title="bbox 140 3366 1708 3438">
     <span class='ocr_line' id='line_1_38' title="bbox 140 3366 1708 3438; baseline -0.002 -18"><span class='ocrx_word' id='word_1_293' title='bbox 140 3369 555 3438; x_wconf 69' lang='grc' dir='ltr'>φρυγανίζεσθαι</span> <span class='ocrx_word' id='word_1_294' title='bbox 595 3368 691 3422; x_wconf 69' lang='grc' dir='ltr'>καὶ</span> <span class='ocrx_word' id='word_1_295' title='bbox 723 3368 903 3438; x_wconf 76' lang='grc' dir='ltr'>πυρὰν</span> <span class='ocrx_word' id='word_1_296' title='bbox 947 3369 1160 3425; x_wconf 74' lang='grc' dir='ltr'>ἅπτειν,</span> <span class='ocrx_word' id='word_1_297' title='bbox 1195 3367 1301 3432; x_wconf 76' lang='grc' dir='ltr'><strong>ἔξω</strong></span> <span class='ocrx_word' id='word_1_298' title='bbox 1338 3366 1550 3429; x_wconf 85' lang='grc' dir='ltr'>ἀδικίας</span> <span class='ocrx_word' id='word_1_299' title='bbox 1593 3367 1708 3418; x_wconf 70' lang='grc' dir='ltr'>ἐστὶ</span> 
     </span>
    </p>
   </div>
   <div class='ocr_carea' id='block_1_39' title="bbox 148 3457 1708 3526">
    <p class='ocr_par' dir='ltr' id='par_1_39' title="bbox 148 3457 1708 3526">
     <span class='ocr_line' id='line_1_39' title="bbox 148 3457 1708 3526; baseline -0.001 -16"><span class='ocrx_word' id='word_1_300' title='bbox 148 3460 224 3510; x_wconf 76' lang='grc' dir='ltr'>καὶ</span> <span class='ocrx_word' id='word_1_301' title='bbox 267 3461 551 3523; x_wconf 79' lang='grc' dir='ltr'>κολάσεως</span> <span class='ocrx_word' id='word_1_302' title='bbox 580 3477 595 3490; x_wconf 78' lang='grc'><strong><em>⁸</em></strong></span> <span class='ocrx_word' id='word_1_303' title='bbox 651 3461 746 3512; x_wconf 82' lang='grc' dir='ltr'>καὶ</span> <span class='ocrx_word' id='word_1_304' title='bbox 803 3459 922 3522; x_wconf 84' lang='grc' dir='ltr'>πῶς</span> <span class='ocrx_word' id='word_1_305' title='bbox 978 3461 1038 3512; x_wconf 80' lang='grc' dir='ltr'>τὸ</span> <span class='ocrx_word' id='word_1_306' title='bbox 1090 3459 1222 3512; x_wconf 86' lang='grc' dir='ltr'>αύτὺ</span> <span class='ocrx_word' id='word_1_307' title='bbox 1270 3457 1430 3510; x_wconf 79' lang='grc' dir='ltr'>τοῦτο</span> <span class='ocrx_word' id='word_1_308' title='bbox 1481 3458 1708 3526; x_wconf 70' lang='grc' dir='ltr'>ἐπιούσῃ</span> 
     </span>
    </p>
   </div>
   <div class='ocr_carea' id='block_1_40' title="bbox 139 3546 1711 3623">
    <p class='ocr_par' dir='ltr' id='par_1_40' title="bbox 139 3546 1711 3623">
     <span class='ocr_line' id='line_1_40' title="bbox 139 3546 1711 3623; baseline -0.003 -18"><span class='ocrx_word' id='word_1_309' title='bbox 139 3553 294 3623; x_wconf 70' lang='grc' dir='ltr'>ἡμέρα</span> <span class='ocrx_word' id='word_1_310' title='bbox 325 3553 723 3623; x_wconf 79' lang='grc' dir='ltr'>πλημμέλημα</span> <span class='ocrx_word' id='word_1_311' title='bbox 744 3552 953 3619; x_wconf 86' lang='grc' dir='ltr'>γίνεται.</span> <span class='ocrx_word' id='word_1_312' title='bbox 976 3569 990 3616; x_wconf 88' lang='grc'>;</span> <span class='ocrx_word' id='word_1_313' title='bbox 1035 3550 1175 3603; x_wconf 84' lang='grc' dir='ltr'>Ἀλλ’</span> <span class='ocrx_word' id='word_1_314' title='bbox 1201 3546 1318 3603; x_wconf 83' lang='grc' dir='ltr'>οἶδα</span> <span class='ocrx_word' id='word_1_315' title='bbox 1343 3549 1404 3602; x_wconf 87' lang='grc' dir='ltr'>τὸ</span> <span class='ocrx_word' id='word_1_316' title='bbox 1434 3549 1711 3602; x_wconf 76' lang='grc' dir='ltr'>Σάϐϐατον</span> 
     </span>
    </p>
   </div>
   <div class='ocr_carea' id='block_1_41' title="bbox 141 3639 1712 3714">
    <p class='ocr_par' dir='ltr' id='par_1_41' title="bbox 141 3639 1712 3714">
     <span class='ocr_line' id='line_1_41' title="bbox 141 3639 1712 3714; baseline -0.003 -17"><span class='ocrx_word' id='word_1_317' title='bbox 141 3644 220 3711; x_wconf 71' lang='grc' dir='ltr'>τῆς</span> <span class='ocrx_word' id='word_1_318' title='bbox 250 3647 647 3707; x_wconf 81' lang='grc' dir='ltr'>ἀναπαύσεως,</span> <span class='ocrx_word' id='word_1_319' title='bbox 697 3639 814 3697; x_wconf 79' lang='grc' dir='ltr'>οἶδα</span> <span class='ocrx_word' id='word_1_320' title='bbox 855 3643 947 3694; x_wconf 74' lang='grc' dir='ltr'>τὸν</span> <span class='ocrx_word' id='word_1_321' title='bbox 973 3644 1072 3713; x_wconf 82' lang='grc' dir='ltr'>τῆς</span> <span class='ocrx_word' id='word_1_322' title='bbox 1111 3642 1387 3714; x_wconf 80' lang='grc' dir='ltr'>ἀπραξίας</span> <span class='ocrx_word' id='word_1_323' title='bbox 1428 3641 1614 3712; x_wconf 89' lang='grc' dir='ltr'>νόμον,</span> <span class='ocrx_word' id='word_1_324' title='bbox 1653 3640 1712 3702; x_wconf 81' lang='grc' dir='ltr'>ὃς</span> 
     </span>
    </p>
   </div>
   <div class='ocr_carea' id='block_1_42' title="bbox 136 3733 1709 3810">
    <p class='ocr_par' dir='ltr' id='par_1_42' title="bbox 136 3733 1709 3810">
     <span class='ocr_line' id='line_1_42' title="bbox 136 3733 1709 3810; baseline -0.001 -24"><span class='ocrx_word' id='word_1_325' title='bbox 136 3737 234 3805; x_wconf 68' lang='grc' dir='ltr'>οὐχὶ</span> <span class='ocrx_word' id='word_1_326' title='bbox 258 3740 508 3810; x_wconf 77' lang='grc' dir='ltr'>πεδήσας</span> <span class='ocrx_word' id='word_1_327' title='bbox 541 3738 637 3790; x_wconf 72' lang='grc' dir='ltr'>τὸν</span> <span class='ocrx_word' id='word_1_328' title='bbox 680 3737 967 3807; x_wconf 85' lang='grc' dir='ltr'>ἄνθρωπον</span> <span class='ocrx_word' id='word_1_329' title='bbox 999 3737 1098 3806; x_wconf 84' lang='grc' dir='ltr'>τῆς</span> <span class='ocrx_word' id='word_1_330' title='bbox 1128 3735 1362 3804; x_wconf 70' lang='grc' dir='ltr'>φυσικῆς</span> <span class='ocrx_word' id='word_1_331' title='bbox 1408 3733 1709 3804; x_wconf 83' lang='grc' dir='ltr'>ἐνεργείας,</span> 
     </span>
    </p>
   </div>
   <div class='ocr_carea' id='block_1_43' title="bbox 143 3827 1712 3899">
    <p class='ocr_par' dir='ltr' id='par_1_43' title="bbox 143 3827 1712 3899">
     <span class='ocr_line' id='line_1_43' title="bbox 143 3827 1712 3899; baseline 0.001 -23"><span class='ocrx_word' id='word_1_332' title='bbox 143 3827 392 3896; x_wconf 78' lang='grc' dir='ltr'>Ξπρακτον</span> <span class='ocrx_word' id='word_1_333' title='bbox 418 3827 569 3883; x_wconf 76' lang='grc' dir='ltr'>εἶναι</span> <span class='ocrx_word' id='word_1_334' title='bbox 590 3828 986 3882; x_wconf 73' lang='grc' dir='ltr'>διακελεύεται.</span> <span class='ocrx_word' id='word_1_335' title='bbox 1023 3829 1086 3880; x_wconf 76' lang='lat' dir='ltr'><strong>Ei</strong></span> <span class='ocrx_word' id='word_1_336' title='bbox 1117 3827 1226 3899; x_wconf 74' lang='grc' dir='ltr'><strong>γὰρ</strong></span> <span class='ocrx_word' id='word_1_337' title='bbox 1255 3828 1321 3880; x_wconf 82' lang='grc' dir='ltr'>ἂν</span> <span class='ocrx_word' id='word_1_338' title='bbox 1354 3828 1448 3880; x_wconf 73' lang='grc' dir='ltr'>καὶ</span> <span class='ocrx_word' id='word_1_339' title='bbox 1476 3827 1712 3879; x_wconf 84' lang='grc' dir='ltr'>ἀδύνατα</span> 
     </span>
    </p>
   </div>
   <div class='ocr_carea' id='block_1_44' title="bbox 137 3914 1715 3992">
    <p class='ocr_par' dir='ltr' id='par_1_44' title="bbox 137 3914 1715 3992">
     <span class='ocr_line' id='line_1_44' title="bbox 137 3914 1715 3992; baseline 0.003 -26"><span class='ocrx_word' id='word_1_340' title='bbox 137 3919 342 3980; x_wconf 70' lang='grc' dir='ltr'>κεὲεύει.</span> <span class='ocrx_word' id='word_1_341' title='bbox 373 3923 697 3992; x_wconf 82' lang='grc' dir='ltr'>ἀπρακτεῖν</span> <span class='ocrx_word' id='word_1_342' title='bbox 747 3921 1107 3990; x_wconf 82' lang='grc' dir='ltr'>προστάσσων</span> <span class='ocrx_word' id='word_1_343' title='bbox 1151 3921 1304 3990; x_wconf 82' lang='grc' dir='ltr'>ἡμῖν,</span> <span class='ocrx_word' id='word_1_344' title='bbox 1345 3914 1426 3982; x_wconf 76' lang='grc' dir='ltr'>οἷς</span> <span class='ocrx_word' id='word_1_345' title='bbox 1471 3920 1566 3972; x_wconf 75' lang='grc' dir='ltr'>καὶ</span> <span class='ocrx_word' id='word_1_346' title='bbox 1593 3919 1715 3988; x_wconf 86' lang='grc' dir='ltr'>δίχα</span> 
     </span>
    </p>
   </div>
   <div class='ocr_carea' id='block_1_45' title="bbox 137 4006 1715 4081">
    <p class='ocr_par' dir='ltr' id='par_1_45' title="bbox 137 4006 1715 4081">
     <span class='ocr_line' id='line_1_45' title="bbox 137 4006 1715 4081; baseline 0.027 -27"><span class='ocrx_word' id='word_1_347' title='bbox 137 4007 226 4058; x_wconf 71' lang='grc' dir='ltr'>τιίν</span> <span class='ocrx_word' id='word_1_348' title='bbox 269 4010 482 4062; x_wconf 75' lang='grc' dir='ltr'>λοιπῶν</span> <span class='ocrx_word' id='word_1_349' title='bbox 522 4011 728 4081; x_wconf 58' lang='grc' dir='ltr'>ἔργων’</span> <span class='ocrx_word' id='word_1_350' title='bbox 770 4011 902 4062; x_wconf 61' lang='grc' dir='ltr'>αὐτὸ</span> <span class='ocrx_word' id='word_1_351' title='bbox 945 4010 1007 4062; x_wconf 73' lang='grc' dir='ltr'><strong>τδ</strong></span> <span class='ocrx_word' id='word_1_352' title='bbox 1044 4013 1140 4079; x_wconf 70' lang='grc' dir='ltr'><strong>τῆς</strong></span> <span class='ocrx_word' id='word_1_353' title='bbox 1179 4008 1323 4079; x_wconf 67' lang='grc' dir='ltr'><strong>ζωῆς</strong></span> <span class='ocrx_word' id='word_1_354' title='bbox 1371 4006 1512 4072; x_wconf 62' lang='grc' dir='ltr'>εἶδος</span> <span class='ocrx_word' id='word_1_355' title='bbox 1556 4008 1715 4078; x_wconf 60' lang='grc' dir='ltr'><strong>ἔργον</strong></span> 
     </span>
    </p>
   </div>
   <div class='ocr_carea' id='block_1_46' title="bbox 133 4099 1716 4171">
    <p class='ocr_par' dir='ltr' id='par_1_46' title="bbox 133 4099 1716 4171">
     <span class='ocr_line' id='line_1_46' title="bbox 133 4099 1716 4171; baseline 0.002 -22"><span class='ocrx_word' id='word_1_356' title='bbox 133 4099 258 4151; x_wconf 73' lang='grc' dir='ltr'>ἐστίν</span> <span class='ocrx_word' id='word_1_357' title='bbox 282 4117 293 4127; x_wconf 92' lang='grc'><strong>·</strong></span> <span class='ocrx_word' id='word_1_358' title='bbox 327 4102 643 4171; x_wconf 63' lang='grc' dir='ltr'>ονᾳθαλμῶν</span> <span class='ocrx_word' id='word_1_359' title='bbox 679 4101 777 4170; x_wconf 82' lang='grc' dir='ltr'>μὲν</span> <span class='ocrx_word' id='word_1_360' title='bbox 807 4104 838 4171; x_wconf 84' lang='grc' dir='ltr'>ἡ</span> <span class='ocrx_word' id='word_1_361' title='bbox 870 4101 1011 4164; x_wconf 57' lang='grc' dir='ltr'>δύαις,</span> <span class='ocrx_word' id='word_1_362' title='bbox 1043 4102 1210 4170; x_wconf 80' lang='grc' dir='ltr'>ἀκοῆς</span> <span class='ocrx_word' id='word_1_363' title='bbox 1236 4101 1292 4153; x_wconf 83' lang='grc' dir='ltr'>δὲ</span> <span class='ocrx_word' id='word_1_364' title='bbox 1319 4103 1351 4170; x_wconf 78' lang='grc' dir='ltr'><strong>ή</strong></span> <span class='ocrx_word' id='word_1_365' title='bbox 1381 4101 1520 4154; x_wconf 86' lang='grc' dir='ltr'><strong>κατά</strong></span> <span class='ocrx_word' id='word_1_366' title='bbox 1556 4101 1716 4169; x_wconf 80' lang='grc' dir='ltr'>φύσιν</span> 
     </span>
    </p>
   </div>
   <div class='ocr_carea' id='block_1_47' title="bbox 134 4191 1716 4264">
    <p class='ocr_par' dir='ltr' id='par_1_47' title="bbox 134 4191 1716 4264">
     <span class='ocr_line' id='line_1_47' title="bbox 134 4191 1716 4264; baseline 0.002 -25"><span class='ocrx_word' id='word_1_367' title='bbox 134 4191 384 4259; x_wconf 72' lang='grc' dir='ltr'>ἐιέργεια,</span> <span class='ocrx_word' id='word_1_368' title='bbox 430 4195 743 4264; x_wconf 83' lang='grc' dir='ltr'>μυκτήρων</span> <span class='ocrx_word' id='word_1_369' title='bbox 777 4194 832 4246; x_wconf 81' lang='grc' dir='ltr'>δὲ</span> <span class='ocrx_word' id='word_1_370' title='bbox 866 4195 898 4261; x_wconf 78' lang='grc' dir='ltr'>ἡ</span> <span class='ocrx_word' id='word_1_371' title='bbox 929 4193 1214 4263; x_wconf 69' lang='grc' dir='ltr'>δσερρησις,</span> <span class='ocrx_word' id='word_1_372' title='bbox 1258 4193 1523 4261; x_wconf 83' lang='grc' dir='ltr'>στόματος</span> <span class='ocrx_word' id='word_1_373' title='bbox 1557 4193 1590 4262; x_wconf 81' lang='grc' dir='ltr'>ἡ</span> <span class='ocrx_word' id='word_1_374' title='bbox 1623 4191 1716 4244; x_wconf 81' lang='grc' dir='ltr'><strong>τοῦ</strong></span> 
     </span>
    </p>
   </div>
   <div class='ocr_carea' id='block_1_48' title="bbox 131 4283 1718 4357">
    <p class='ocr_par' dir='ltr' id='par_1_48' title="bbox 131 4283 1718 4357">
     <span class='ocr_line' id='line_1_48' title="bbox 131 4283 1718 4357; baseline 0.001 -23"><span class='ocrx_word' id='word_1_375' title='bbox 131 4283 272 4353; x_wconf 68' lang='grc' dir='ltr'>ἀέρος</span> <span class='ocrx_word' id='word_1_376' title='bbox 295 4287 459 4356; x_wconf 79' lang='grc' dir='ltr'>ὁλκὴ.</span> <span class='ocrx_word' id='word_1_377' title='bbox 493 4286 757 4354; x_wconf 81' lang='grc' dir='ltr'>γλώσσης</span> <span class='ocrx_word' id='word_1_378' title='bbox 787 4288 814 4339; x_wconf 86' lang='grc' dir='ltr'>ὁ</span> <span class='ocrx_word' id='word_1_379' title='bbox 843 4285 1018 4353; x_wconf 77' lang='grc' dir='ltr'>λόγος,</span> <span class='ocrx_word' id='word_1_380' title='bbox 1049 4285 1260 4338; x_wconf 76' lang='grc' dir='ltr'>ὀδοῦσιν</span> <span class='ocrx_word' id='word_1_381' title='bbox 1301 4288 1333 4356; x_wconf 81' lang='grc' dir='ltr'>ἡ</span> <span class='ocrx_word' id='word_1_382' title='bbox 1376 4286 1582 4357; x_wconf 82' lang='grc' dir='ltr'>τροφῆς</span> <span class='ocrx_word' id='word_1_383' title='bbox 1614 4285 1718 4336; x_wconf 86' lang='grc' dir='ltr'><strong>ὑπ-</strong></span> 
     </span>
    </p>
   </div>
   <div class='ocr_carea' id='block_1_49' title="bbox 1799 437 3372 521">
    <p class='ocr_par' dir='ltr' id='par_1_49' title="bbox 1799 437 3372 521">
     <span class='ocr_line' id='line_1_49' title="bbox 1799 437 3372 521; baseline 0.011 -31"><span class='ocrx_word' id='word_1_384' title='bbox 1799 437 2036 492; x_wconf 85' lang='lat' dir='ltr'><strong>alicnum</strong></span> <span class='ocrx_word' id='word_1_385' title='bbox 2084 439 2315 505; x_wconf 75' lang='lat' dir='ltr'><strong>auferat,</strong></span> <span class='ocrx_word' id='word_1_386' title='bbox 2363 449 2420 495; x_wconf 90' lang='lat' dir='ltr'><strong>ut</strong></span> <span class='ocrx_word' id='word_1_387' title='bbox 2463 442 2587 510; x_wconf 86' lang='lat' dir='ltr'><strong>jure</strong></span> <span class='ocrx_word' id='word_1_388' title='bbox 2637 445 2883 500; x_wconf 88' lang='lat' dir='ltr'><strong>videatur</strong></span> <span class='ocrx_word' id='word_1_389' title='bbox 2920 451 3100 518; x_wconf 90' lang='lat' dir='ltr'><strong>puniri</strong></span> <span class='ocrx_word' id='word_1_390' title='bbox 3150 451 3372 521; x_wconf 87' lang='lat' dir='ltr'><strong>injuria.</strong></span> 
     </span>
    </p>
   </div>
   <div class='ocr_carea' id='block_1_50' title="bbox 1801 531 3374 609">
    <p class='ocr_par' dir='ltr' id='par_1_50' title="bbox 1801 531 3374 609">
     <span class='ocr_line' id='line_1_50' title="bbox 1801 531 3374 609; baseline 0.009 -24"><span class='ocrx_word' id='word_1_391' title='bbox 1801 531 1894 585; x_wconf 89' lang='lat' dir='ltr'><strong>sed</strong></span> <span class='ocrx_word' id='word_1_392' title='bbox 1930 531 2075 600; x_wconf 90' lang='lat' dir='ltr'><strong>quod</strong></span> <span class='ocrx_word' id='word_1_393' title='bbox 2106 541 2192 587; x_wconf 91' lang='lat' dir='ltr'><strong>est</strong></span> <span class='ocrx_word' id='word_1_394' title='bbox 2223 536 2587 588; x_wconf 89' lang='lat' dir='ltr'><strong>communiter</strong></span> <span class='ocrx_word' id='word_1_395' title='bbox 2617 537 2870 592; x_wconf 89' lang='lat' dir='ltr'><strong>omnibus</strong></span> <span class='ocrx_word' id='word_1_396' title='bbox 2900 542 3262 609; x_wconf 79' lang='lat' dir='ltr'><strong>prepositum,</strong></span> <span class='ocrx_word' id='word_1_397' title='bbox 3295 555 3374 599; x_wconf 87' lang='lat' dir='ltr'><strong>est</strong></span> 
     </span>
    </p>
   </div>
   <div class='ocr_carea' id='block_1_51' title="bbox 1800 621 3378 702">
    <p class='ocr_par' dir='ltr' id='par_1_51' title="bbox 1800 621 3378 702">
     <span class='ocr_line' id='line_1_51' title="bbox 1800 621 3378 702; baseline 0.01 -28"><span class='ocrx_word' id='word_1_398' title='bbox 1800 621 1850 674; x_wconf 87' lang='lat' dir='ltr'><strong>ei</strong></span> <span class='ocrx_word' id='word_1_399' title='bbox 1879 637 2066 686; x_wconf 81' lang='lat' dir='ltr'><strong>causa,</strong></span> <span class='ocrx_word' id='word_1_400' title='bbox 2095 633 2152 676; x_wconf 93' lang='lat' dir='ltr'><strong>ut</strong></span> <span class='ocrx_word' id='word_1_401' title='bbox 2182 626 2233 678; x_wconf 91' lang='lat' dir='ltr'><strong>in</strong></span> <span class='ocrx_word' id='word_1_402' title='bbox 2265 640 2388 678; x_wconf 89' lang='lat' dir='ltr'><strong>eum</strong></span> <span class='ocrx_word' id='word_1_403' title='bbox 2421 625 2698 694; x_wconf 89' lang='lat' dir='ltr'><strong>jaciantur</strong></span> <span class='ocrx_word' id='word_1_404' title='bbox 2728 627 2955 697; x_wconf 81' lang='lat' dir='ltr'><strong>lapides.</strong></span> <span class='ocrx_word' id='word_1_405' title='bbox 2991 631 3096 686; x_wconf 89' lang='lat' dir='ltr'><strong>Sed</strong></span> <span class='ocrx_word' id='word_1_406' title='bbox 3125 635 3252 702; x_wconf 84' lang='lat' dir='ltr'><strong>quia</strong></span> <span class='ocrx_word' id='word_1_407' title='bbox 3275 635 3378 689; x_wconf 85' lang='lat' dir='ltr'><strong>hoe</strong></span> 
     </span>
    </p>
   </div>
   <div class='ocr_carea' id='block_1_52' title="bbox 1805 710 3380 789">
    <p class='ocr_par' dir='ltr' id='par_1_52' title="bbox 1805 710 3380 789">
     <span class='ocr_line' id='line_1_52' title="bbox 1805 710 3380 789; baseline 0.007 -26"><span class='ocrx_word' id='word_1_408' title='bbox 1805 711 1934 766; x_wconf 83' lang='lat' dir='ltr'><strong>fecit</strong></span> <span class='ocrx_word' id='word_1_409' title='bbox 1970 712 2022 765; x_wconf 93' lang='lat' dir='ltr'><strong>in</strong></span> <span class='ocrx_word' id='word_1_410' title='bbox 2053 710 2316 774; x_wconf 80' lang='lat' dir='ltr'><strong>Sabbato,</strong></span> <span class='ocrx_word' id='word_1_411' title='bbox 2347 723 2630 784; x_wconf 78' lang='lat' dir='ltr'><strong>propterea</strong></span> <span class='ocrx_word' id='word_1_412' title='bbox 2657 717 2952 771; x_wconf 74' lang='lat' dir='ltr'><strong>damnatur</strong></span> <span class='ocrx_word' id='word_1_413' title='bbox 2979 727 3237 789; x_wconf 87' lang='lat' dir='ltr'><strong>tanquam</strong></span> <span class='ocrx_word' id='word_1_414' title='bbox 3270 739 3380 776; x_wconf 84' lang='lat' dir='ltr'><strong>ma-</strong></span> 
     </span>
    </p>
   </div>
   <div class='ocr_carea' id='block_1_53' title="bbox 1804 803 3381 882">
    <p class='ocr_par' dir='ltr' id='par_1_53' title="bbox 1804 803 3381 882">
     <span class='ocr_line' id='line_1_53' title="bbox 1804 803 3381 882; baseline 0.009 -27"><span class='ocrx_word' id='word_1_415' title='bbox 1804 803 2015 858; x_wconf 84' lang='lat' dir='ltr'><strong>leﬁcus.</strong></span> <span class='ocrx_word' id='word_1_416' title='bbox 2053 803 2189 870; x_wconf 85' lang='lat' dir='ltr'><strong>Quis</strong></span> <span class='ocrx_word' id='word_1_417' title='bbox 2220 807 2416 870; x_wconf 78' lang='lat' dir='ltr'><strong>nescit,</strong></span> <span class='ocrx_word' id='word_1_418' title='bbox 2459 809 2603 877; x_wconf 91' lang='lat' dir='ltr'><strong>quod</strong></span> <span class='ocrx_word' id='word_1_419' title='bbox 2634 825 2821 864; x_wconf 89' lang='lat' dir='ltr'><strong>eorum</strong></span> <span class='ocrx_word' id='word_1_420' title='bbox 2853 828 2974 882; x_wconf 78' lang='lat' dir='ltr'><strong>quze</strong></span> <span class='ocrx_word' id='word_1_421' title='bbox 3011 813 3147 867; x_wconf 83' lang='lat' dir='ltr'><strong>liunt</strong></span> <span class='ocrx_word' id='word_1_422' title='bbox 3184 831 3381 869; x_wconf 84' lang='lat' dir='ltr'><strong>unum-</strong></span> 
     </span>
    </p>
   </div>
   <div class='ocr_carea' id='block_1_54' title="bbox 1802 897 3379 968">
    <p class='ocr_par' dir='ltr' id='par_1_54' title="bbox 1802 897 3379 968">
     <span class='ocr_line' id='line_1_54' title="bbox 1802 897 3379 968; baseline 0.006 -20"><span class='ocrx_word' id='word_1_423' title='bbox 1802 897 2079 966; x_wconf 81' lang='lat' dir='ltr'><strong>quodque,</strong></span> <span class='ocrx_word' id='word_1_424' title='bbox 2116 899 2336 968; x_wconf 88' lang='lat' dir='ltr'><strong>propria</strong></span> <span class='ocrx_word' id='word_1_425' title='bbox 2386 899 2666 966; x_wconf 90' lang='lat' dir='ltr'><strong>judicatur</strong></span> <span class='ocrx_word' id='word_1_426' title='bbox 2713 909 2930 967; x_wconf 88' lang='lat' dir='ltr'><strong>natura,</strong></span> <span class='ocrx_word' id='word_1_427' title='bbox 2980 903 3122 959; x_wconf 91' lang='lat' dir='ltr'><strong>sitnc</strong></span> <span class='ocrx_word' id='word_1_428' title='bbox 3177 905 3379 959; x_wconf 86' lang='lat' dir='ltr'><strong>bonum</strong></span> 
     </span>
    </p>
   </div>
   <div class='ocr_carea' id='block_1_55' title="bbox 1803 989 3383 1062">
    <p class='ocr_par' dir='ltr' id='par_1_55' title="bbox 1803 989 3383 1062">
     <span class='ocr_line' id='line_1_55' title="bbox 1803 989 3383 1062; baseline 0.005 -23"><span class='ocrx_word' id='word_1_429' title='bbox 1803 1002 1871 1040; x_wconf 89' lang='lat' dir='ltr'><strong>an</strong></span> <span class='ocrx_word' id='word_1_430' title='bbox 1901 989 2146 1043; x_wconf 88' lang='lat' dir='ltr'><strong>malum?</strong></span> <span class='ocrx_word' id='word_1_431' title='bbox 2172 990 2408 1060; x_wconf 87' lang='lat' dir='ltr'><strong>Tempus</strong></span> <span class='ocrx_word' id='word_1_432' title='bbox 2431 999 2610 1044; x_wconf 88' lang='lat' dir='ltr'><strong>autem</strong></span> <span class='ocrx_word' id='word_1_433' title='bbox 2641 991 2694 1044; x_wconf 91' lang='lat' dir='ltr'><strong>in</strong></span> <span class='ocrx_word' id='word_1_434' title='bbox 2721 1009 2829 1062; x_wconf 93' lang='lat' dir='ltr'><strong>quo</strong></span> <span class='ocrx_word' id='word_1_435' title='bbox 2857 994 2916 1048; x_wconf 83' lang='lat' dir='ltr'><strong>ﬁt</strong></span> <span class='ocrx_word' id='word_1_436' title='bbox 2941 996 3105 1057; x_wconf 81' lang='lat' dir='ltr'><strong>actio,</strong></span> <span class='ocrx_word' id='word_1_437' title='bbox 3133 995 3383 1050; x_wconf 82' lang='lat' dir='ltr'><strong>conside-</strong></span> 
     </span>
    </p>
   </div>
   <div class='ocr_carea' id='block_1_56' title="bbox 1803 1081 3380 1150">
    <p class='ocr_par' dir='ltr' id='par_1_56' title="bbox 1803 1081 3380 1150">
     <span class='ocr_line' id='line_1_56' title="bbox 1803 1081 3380 1150; baseline 0.003 -17"><span class='ocrx_word' id='word_1_438' title='bbox 1803 1086 1957 1133; x_wconf 90' lang='lat' dir='ltr'><strong>ratur</strong></span> <span class='ocrx_word' id='word_1_439' title='bbox 1983 1087 2137 1135; x_wconf 84' lang='lat' dir='ltr'><strong>extra</strong></span> <span class='ocrx_word' id='word_1_440' title='bbox 2175 1081 2296 1148; x_wconf 82' lang='lat' dir='ltr'><strong>ejus</strong></span> <span class='ocrx_word' id='word_1_441' title='bbox 2323 1081 2466 1150; x_wconf 90' lang='lat' dir='ltr'><strong>quod</strong></span> <span class='ocrx_word' id='word_1_442' title='bbox 2498 1081 2557 1135; x_wconf 84' lang='lat' dir='ltr'><strong>ﬁt</strong></span> <span class='ocrx_word' id='word_1_443' title='bbox 2580 1093 2853 1137; x_wconf 88' lang='lat' dir='ltr'><strong>naturam.</strong></span> <span class='ocrx_word' id='word_1_444' title='bbox 2886 1083 3024 1150; x_wconf 85' lang='lat' dir='ltr'><strong>Quid</strong></span> <span class='ocrx_word' id='word_1_445' title='bbox 3056 1087 3199 1139; x_wconf 83' lang='lat' dir='ltr'><strong>enim</strong></span> <span class='ocrx_word' id='word_1_446' title='bbox 3229 1103 3380 1140; x_wconf 76' lang='lat' dir='ltr'><strong>rom-</strong></span> 
     </span>
    </p>
   </div>
   <div class='ocr_carea' id='block_1_57' title="bbox 1805 1169 3380 1245">
    <p class='ocr_par' dir='ltr' id='par_1_57' title="bbox 1805 1169 3380 1245">
     <span class='ocr_line' id='line_1_57' title="bbox 1805 1169 3380 1245; baseline 0.006 -25"><span class='ocrx_word' id='word_1_447' title='bbox 1805 1182 1970 1222; x_wconf 87' lang='lat' dir='ltr'><strong>mune</strong></span> <span class='ocrx_word' id='word_1_448' title='bbox 2017 1169 2178 1223; x_wconf 83' lang='lat' dir='ltr'><strong>habet</strong></span> <span class='ocrx_word' id='word_1_449' title='bbox 2227 1169 2490 1239; x_wconf 89' lang='lat' dir='ltr'><strong>temporis</strong></span> <span class='ocrx_word' id='word_1_450' title='bbox 2539 1171 2798 1240; x_wconf 87' lang='lat' dir='ltr'><strong>spatium,</strong></span> <span class='ocrx_word' id='word_1_451' title='bbox 2856 1190 2980 1227; x_wconf 92' lang='lat' dir='ltr'><strong>cum</strong></span> <span class='ocrx_word' id='word_1_452' title='bbox 3034 1190 3099 1230; x_wconf 88' lang='lat' dir='ltr'><strong>eo</strong></span> <span class='ocrx_word' id='word_1_453' title='bbox 3143 1177 3285 1245; x_wconf 89' lang='lat' dir='ltr'><strong>quod</strong></span> <span class='ocrx_word' id='word_1_454' title='bbox 3317 1193 3380 1231; x_wconf 75' lang='lat' dir='ltr'><strong>ex</strong></span> 
     </span>
    </p>
   </div>
   <div class='ocr_carea' id='block_1_58' title="bbox 1807 1260 3385 1338">
    <p class='ocr_par' dir='ltr' id='par_1_58' title="bbox 1807 1260 3385 1338">
     <span class='ocr_line' id='line_1_58' title="bbox 1807 1260 3385 1338; baseline 0.006 -26"><span class='ocrx_word' id='word_1_455' title='bbox 1807 1268 1998 1313; x_wconf 88' lang='lat' dir='ltr'><strong>nostro</strong></span> <span class='ocrx_word' id='word_1_456' title='bbox 2028 1260 2198 1315; x_wconf 89' lang='lat' dir='ltr'><strong>libero</strong></span> <span class='ocrx_word' id='word_1_457' title='bbox 2235 1262 2513 1332; x_wconf 78' lang='lat' dir='ltr'><strong>peragitur</strong></span> <span class='ocrx_word' id='word_1_458' title='bbox 2545 1263 2816 1318; x_wconf 89' lang='lat' dir='ltr'><strong>arbitrio?</strong></span> <span class='ocrx_word' id='word_1_459' title='bbox 2855 1263 2910 1318; x_wconf 90' lang='lat' dir='ltr'><strong>Si</strong></span> <span class='ocrx_word' id='word_1_460' title='bbox 2941 1267 3065 1334; x_wconf 83' lang='lat' dir='ltr'><strong>quis</strong></span> <span class='ocrx_word' id='word_1_461' title='bbox 3095 1283 3196 1322; x_wconf 92' lang='lat' dir='ltr'><strong>nos</strong></span> <span class='ocrx_word' id='word_1_462' title='bbox 3232 1278 3385 1338; x_wconf 82' lang='lat' dir='ltr'><strong>roget</strong></span> 
     </span>
    </p>
   </div>
   <div class='ocr_carea' id='block_1_59' title="bbox 1807 1351 3380 1421">
    <p class='ocr_par' dir='ltr' id='par_1_59' title="bbox 1807 1351 3380 1421">
     <span class='ocr_line' id='line_1_59' title="bbox 1807 1351 3380 1421; baseline 0.008 -20"><span class='ocrx_word' id='word_1_463' title='bbox 1807 1351 1936 1417; x_wconf 89' lang='lat' dir='ltr'><strong>quid</strong></span> <span class='ocrx_word' id='word_1_464' title='bbox 1974 1351 2047 1404; x_wconf 88' lang='lat' dir='ltr'><strong>sit</strong></span> <span class='ocrx_word' id='word_1_465' title='bbox 2070 1352 2212 1412; x_wconf 81' lang='lat' dir='ltr'><strong>dies,</strong></span> <span class='ocrx_word' id='word_1_466' title='bbox 2249 1353 2418 1408; x_wconf 89' lang='lat' dir='ltr'><strong>solem</strong></span> <span class='ocrx_word' id='word_1_467' title='bbox 2451 1369 2574 1408; x_wconf 76' lang='lat' dir='ltr'><strong>esse</strong></span> <span class='ocrx_word' id='word_1_468' title='bbox 2609 1370 2774 1421; x_wconf 90' lang='lat' dir='ltr'><strong>super</strong></span> <span class='ocrx_word' id='word_1_469' title='bbox 2803 1363 3003 1410; x_wconf 86' lang='lat' dir='ltr'><strong>terram</strong></span> <span class='ocrx_word' id='word_1_470' title='bbox 3037 1359 3261 1412; x_wconf 88' lang='lat' dir='ltr'><strong>omnino</strong></span> <span class='ocrx_word' id='word_1_471' title='bbox 3293 1375 3380 1412; x_wconf 84' lang='lat' dir='ltr'><strong>rc-</strong></span> 
     </span>
    </p>
   </div>
   <div class='ocr_carea' id='block_1_60' title="bbox 1809 1441 3384 1518">
    <p class='ocr_par' dir='ltr' id='par_1_60' title="bbox 1809 1441 3384 1518">
     <span class='ocr_line' id='line_1_60' title="bbox 1809 1441 3384 1518; baseline 0.006 -23"><span class='ocrx_word' id='word_1_472' title='bbox 1809 1441 2224 1509; x_wconf 79' lang='lat' dir='ltr'><strong>Spondehimus,</strong></span> <span class='ocrx_word' id='word_1_473' title='bbox 2269 1451 2323 1498; x_wconf 87' lang='lat' dir='ltr'><strong>et</strong></span> <span class='ocrx_word' id='word_1_474' title='bbox 2356 1461 2514 1499; x_wconf 93' lang='lat' dir='ltr'><strong>mane</strong></span> <span class='ocrx_word' id='word_1_475' title='bbox 2541 1455 2594 1499; x_wconf 89' lang='lat' dir='ltr'><strong>et</strong></span> <span class='ocrx_word' id='word_1_476' title='bbox 2627 1463 2906 1516; x_wconf 81' lang='lat' dir='ltr'><strong>vesperam</strong></span> <span class='ocrx_word' id='word_1_477' title='bbox 2937 1457 3240 1505; x_wconf 86' lang='lat' dir='ltr'><strong>statuemus</strong></span> <span class='ocrx_word' id='word_1_478' title='bbox 3265 1451 3384 1518; x_wconf 86' lang='lat' dir='ltr'><strong>ejus</strong></span> 
     </span>
    </p>
   </div>
   <div class='ocr_carea' id='block_1_61' title="bbox 1807 1534 3385 1610">
    <p class='ocr_par' dir='ltr' id='par_1_61' title="bbox 1807 1534 3385 1610">
     <span class='ocr_line' id='line_1_61' title="bbox 1807 1534 3385 1610; baseline 0.008 -27"><span class='ocrx_word' id='word_1_479' title='bbox 1807 1545 1931 1584; x_wconf 83' lang='lat' dir='ltr'><strong>esse.</strong></span> <span class='ocrx_word' id='word_1_480' title='bbox 1959 1547 2293 1588; x_wconf 90' lang='lat' dir='ltr'><strong>mensuram.</strong></span> <span class='ocrx_word' id='word_1_481' title='bbox 2327 1534 2450 1590; x_wconf 68' lang='lat' dir='ltr'><strong>Haec</strong></span> <span class='ocrx_word' id='word_1_482' title='bbox 2473 1547 2654 1592; x_wconf 91' lang='lat' dir='ltr'><strong>autem</strong></span> <span class='ocrx_word' id='word_1_483' title='bbox 2685 1539 2787 1592; x_wconf 91' lang='lat' dir='ltr'><strong>diei</strong></span> <span class='ocrx_word' id='word_1_484' title='bbox 2819 1540 2959 1593; x_wconf 89' lang='lat' dir='ltr'><strong>ratio</strong></span> <span class='ocrx_word' id='word_1_485' title='bbox 2986 1556 3091 1594; x_wconf 89' lang='lat' dir='ltr'><strong>non</strong></span> <span class='ocrx_word' id='word_1_486' title='bbox 3119 1551 3385 1610; x_wconf 76' lang='lat' dir='ltr'><strong>congruet</strong></span> 
     </span>
    </p>
   </div>
   <div class='ocr_carea' id='block_1_62' title="bbox 1812 1622 3383 1698">
    <p class='ocr_par' dir='ltr' id='par_1_62' title="bbox 1812 1622 3383 1698">
     <span class='ocr_line' id='line_1_62' title="bbox 1812 1622 3383 1698; baseline 0.008 -24"><span class='ocrx_word' id='word_1_487' title='bbox 1812 1622 1901 1676; x_wconf 89' lang='lat' dir='ltr'><strong>uni</strong></span> <span class='ocrx_word' id='word_1_488' title='bbox 1941 1623 2040 1678; x_wconf 91' lang='lat' dir='ltr'><strong>soli</strong></span> <span class='ocrx_word' id='word_1_489' title='bbox 2076 1639 2140 1679; x_wconf 83' lang='lat' dir='ltr'><strong>ex</strong></span> <span class='ocrx_word' id='word_1_490' title='bbox 2186 1624 2254 1680; x_wconf 90' lang='lat' dir='ltr'><strong>iis</strong></span> <span class='ocrx_word' id='word_1_491' title='bbox 2296 1625 2389 1696; x_wconf 87' lang='lat' dir='ltr'><strong>qui</strong></span> <span class='ocrx_word' id='word_1_492' title='bbox 2417 1627 2712 1683; x_wconf 82' lang='lat' dir='ltr'><strong>volvuntur</strong></span> <span class='ocrx_word' id='word_1_493' title='bbox 2739 1645 2834 1698; x_wconf 88' lang='lat' dir='ltr'><strong>per</strong></span> <span class='ocrx_word' id='word_1_494' title='bbox 2873 1630 3133 1684; x_wconf 87' lang='lat' dir='ltr'><strong>ambitum</strong></span> <span class='ocrx_word' id='word_1_495' title='bbox 3174 1633 3383 1686; x_wconf 86' lang='lat' dir='ltr'><strong>hebdo-</strong></span> 
     </span>
    </p>
   </div>
   <div class='ocr_carea' id='block_1_63' title="bbox 1805 1712 3380 1793">
    <p class='ocr_par' dir='ltr' id='par_1_63' title="bbox 1805 1712 3380 1793">
     <span class='ocr_line' id='line_1_63' title="bbox 1805 1712 3380 1793; baseline 0.008 -28"><span class='ocrx_word' id='word_1_496' title='bbox 1805 1712 1998 1776; x_wconf 67' lang='lat' dir='ltr'><strong>madse,</strong></span> <span class='ocrx_word' id='word_1_497' title='bbox 2030 1715 2124 1769; x_wconf 90' lang='lat' dir='ltr'><strong>sed</strong></span> <span class='ocrx_word' id='word_1_498' title='bbox 2151 1726 2201 1770; x_wconf 91' lang='lat' dir='ltr'><strong>et</strong></span> <span class='ocrx_word' id='word_1_499' title='bbox 2231 1717 2390 1785; x_wconf 87' lang='lat' dir='ltr'><strong>primi</strong></span> <span class='ocrx_word' id='word_1_500' title='bbox 2437 1726 2492 1772; x_wconf 90' lang='lat' dir='ltr'><strong>et</strong></span> <span class='ocrx_word' id='word_1_501' title='bbox 2530 1720 2780 1784; x_wconf 87' lang='lat' dir='ltr'><strong>secundi,</strong></span> <span class='ocrx_word' id='word_1_502' title='bbox 2833 1731 2884 1774; x_wconf 81' lang='lat' dir='ltr'><strong>et</strong></span> <span class='ocrx_word' id='word_1_503' title='bbox 2915 1737 3088 1791; x_wconf 91' lang='lat' dir='ltr'><strong>usque</strong></span> <span class='ocrx_word' id='word_1_504' title='bbox 3113 1723 3177 1776; x_wconf 88' lang='lat' dir='ltr'><strong>ad</strong></span> <span class='ocrx_word' id='word_1_505' title='bbox 3211 1726 3380 1793; x_wconf 83' lang='lat' dir='ltr'><strong>septi-</strong></span> 
     </span>
    </p>
   </div>
   <div class='ocr_carea' id='block_1_64' title="bbox 1805 1807 3381 1886">
    <p class='ocr_par' dir='ltr' id='par_1_64' title="bbox 1805 1807 3381 1886">
     <span class='ocr_line' id='line_1_64' title="bbox 1805 1807 3381 1886; baseline 0.008 -30"><span class='ocrx_word' id='word_1_506' title='bbox 1805 1819 1952 1859; x_wconf 91' lang='lat' dir='ltr'><strong>mum</strong></span> <span class='ocrx_word' id='word_1_507' title='bbox 1985 1807 2172 1861; x_wconf 89' lang='lat' dir='ltr'><strong>eadem</strong></span> <span class='ocrx_word' id='word_1_508' title='bbox 2197 1816 2280 1863; x_wconf 85' lang='lat' dir='ltr'><strong>est</strong></span> <span class='ocrx_word' id='word_1_509' title='bbox 2306 1809 2464 1875; x_wconf 87' lang='lat' dir='ltr'><strong>ratio,</strong></span> <span class='ocrx_word' id='word_1_510' title='bbox 2498 1825 2675 1880; x_wconf 90' lang='lat' dir='ltr'><strong>neque</strong></span> <span class='ocrx_word' id='word_1_511' title='bbox 2698 1811 2816 1867; x_wconf 84' lang='lat' dir='ltr'><strong>dies</strong></span> <span class='ocrx_word' id='word_1_512' title='bbox 2835 1811 3057 1866; x_wconf 85' lang='lat' dir='ltr'><strong>Sabbati</strong></span> <span class='ocrx_word' id='word_1_513' title='bbox 3081 1815 3381 1886; x_wconf 86' lang='lat' dir='ltr'><strong>quidquam</strong></span> 
     </span>
    </p>
   </div>
   <div class='ocr_carea' id='block_1_65' title="bbox 1804 1893 3382 1973">
    <p class='ocr_par' dir='ltr' id='par_1_65' title="bbox 1804 1893 3382 1973">
     <span class='ocr_line' id='line_1_65' title="bbox 1804 1893 3382 1973; baseline 0.007 -26"><span class='ocrx_word' id='word_1_514' title='bbox 1804 1893 1985 1950; x_wconf 78' lang='lat' dir='ltr'><strong>din&#39;ert</strong></span> <span class='ocrx_word' id='word_1_515' title='bbox 2011 1912 2040 1950; x_wconf 90' lang='lat' dir='ltr'><strong>a</strong></span> <span class='ocrx_word' id='word_1_516' title='bbox 2071 1898 2286 1954; x_wconf 71' lang='lat' dir='ltr'><strong>cmtcris</strong></span> <span class='ocrx_word' id='word_1_517' title='bbox 2321 1899 2373 1952; x_wconf 92' lang='lat' dir='ltr'><strong>in</strong></span> <span class='ocrx_word' id='word_1_518' title='bbox 2401 1915 2468 1954; x_wconf 91' lang='lat' dir='ltr'><strong>eo</strong></span> <span class='ocrx_word' id='word_1_519' title='bbox 2493 1901 2636 1970; x_wconf 89' lang='lat' dir='ltr'><strong>quod</strong></span> <span class='ocrx_word' id='word_1_520' title='bbox 2669 1902 2742 1954; x_wconf 92' lang='lat' dir='ltr'><strong>sit</strong></span> <span class='ocrx_word' id='word_1_521' title='bbox 2769 1903 2904 1956; x_wconf 88' lang='lat' dir='ltr'><strong>dies.</strong></span> <span class='ocrx_word' id='word_1_522' title='bbox 2953 1902 3007 1956; x_wconf 93' lang='lat' dir='ltr'><strong>Si</strong></span> <span class='ocrx_word' id='word_1_523' title='bbox 3047 1904 3171 1973; x_wconf 90' lang='lat' dir='ltr'><strong>quis</strong></span> <span class='ocrx_word' id='word_1_524' title='bbox 3200 1913 3382 1960; x_wconf 87' lang='lat' dir='ltr'><strong>autem</strong></span> 
     </span>
    </p>
   </div>
   <div class='ocr_carea' id='block_1_66' title="bbox 1803 1987 3384 2061">
    <p class='ocr_par' dir='ltr' id='par_1_66' title="bbox 1803 1987 3384 2061">
     <span class='ocr_line' id='line_1_66' title="bbox 1803 1987 3384 2061; baseline 0.006 -22"><span class='ocrx_word' id='word_1_525' title='bbox 1803 1987 2136 2041; x_wconf 80' lang='lat' dir='ltr'><strong>examinabit</strong></span> <span class='ocrx_word' id='word_1_526' title='bbox 2165 1989 2308 2058; x_wconf 92' lang='lat' dir='ltr'><strong>quod</strong></span> <span class='ocrx_word' id='word_1_527' title='bbox 2341 1990 2445 2044; x_wconf 89' lang='lat' dir='ltr'><strong>sibi</strong></span> <span class='ocrx_word' id='word_1_528' title='bbox 2488 1992 2601 2044; x_wconf 84' lang='lat' dir='ltr'><strong>vult</strong></span> <span class='ocrx_word' id='word_1_529' title='bbox 2632 2001 2938 2061; x_wconf 86' lang='lat' dir='ltr'><strong>peccatum.</strong></span> <span class='ocrx_word' id='word_1_530' title='bbox 2985 1995 3235 2050; x_wconf 84' lang='lat' dir='ltr'><strong>dicemus</strong></span> <span class='ocrx_word' id='word_1_531' title='bbox 3265 2010 3384 2049; x_wconf 60' lang='lat' dir='ltr'><strong>om-</strong></span> 
     </span>
    </p>
   </div>
   <div class='ocr_carea' id='block_1_67' title="bbox 1807 2079 3384 2153">
    <p class='ocr_par' dir='ltr' id='par_1_67' title="bbox 1807 2079 3384 2153">
     <span class='ocr_line' id='line_1_67' title="bbox 1807 2079 3384 2153; baseline 0.006 -21"><span class='ocrx_word' id='word_1_532' title='bbox 1807 2079 1938 2132; x_wconf 90' lang='lat' dir='ltr'><strong>nino</strong></span> <span class='ocrx_word' id='word_1_533' title='bbox 1970 2079 2105 2133; x_wconf 87' lang='lat' dir='ltr'><strong>nihil</strong></span> <span class='ocrx_word' id='word_1_534' title='bbox 2137 2079 2316 2136; x_wconf 83' lang='lat' dir='ltr'><strong>facere</strong></span> <span class='ocrx_word' id='word_1_535' title='bbox 2343 2091 2535 2137; x_wconf 88' lang='lat' dir='ltr'><strong>contra</strong></span> <span class='ocrx_word' id='word_1_536' title='bbox 2572 2084 2906 2153; x_wconf 83' lang='lat' dir='ltr'><strong>proximum,</strong></span> <span class='ocrx_word' id='word_1_537' title='bbox 2957 2094 3014 2139; x_wconf 92' lang='lat' dir='ltr'><strong>ut</strong></span> <span class='ocrx_word' id='word_1_538' title='bbox 3054 2108 3071 2139; x_wconf 76' lang='grc' dir='ltr'><strong>ι</strong></span> <span class='ocrx_word' id='word_1_539' title='bbox 3093 2085 3210 2141; x_wconf 84' lang='grc' dir='ltr'>Νοιι</span> <span class='ocrx_word' id='word_1_540' title='bbox 3247 2103 3384 2142; x_wconf 67' lang='lat' dir='ltr'><strong>inm-</strong></span> 
     </span>
    </p>
   </div>
   <div class='ocr_carea' id='block_1_68' title="bbox 1805 2170 3380 2240">
    <p class='ocr_par' dir='ltr' id='par_1_68' title="bbox 1805 2170 3380 2240">
     <span class='ocr_line' id='line_1_68' title="bbox 1805 2170 3380 2240; baseline 0.004 -17"><span class='ocrx_word' id='word_1_541' title='bbox 1805 2170 2080 2237; x_wconf 85' lang='lat' dir='ltr'><strong>ehaberis,</strong></span> <span class='ocrx_word' id='word_1_542' title='bbox 2119 2189 2223 2226; x_wconf 90' lang='lat' dir='ltr'><strong>non</strong></span> <span class='ocrx_word' id='word_1_543' title='bbox 2253 2175 2496 2238; x_wconf 76' lang='lat' dir='ltr'><strong>occides,</strong></span> <span class='ocrx_word' id='word_1_544' title='bbox 2534 2191 2641 2230; x_wconf 91' lang='lat' dir='ltr'><strong>non</strong></span> <span class='ocrx_word' id='word_1_545' title='bbox 2693 2175 3020 2240; x_wconf 65' lang='lat' dir='ltr'><strong>fui-aberis,»</strong></span> <span class='ocrx_word' id='word_1_546' title='bbox 3060 2186 3115 2234; x_wconf 88' lang='lat' dir='ltr'><strong>et</strong></span> <span class='ocrx_word' id='word_1_547' title='bbox 3151 2187 3380 2234; x_wconf 61' lang='lat' dir='ltr'><strong>cetera:</strong></span> 
     </span>
    </p>
   </div>
   <div class='ocr_carea' id='block_1_69' title="bbox 1805 2264 3384 2339">
    <p class='ocr_par' dir='ltr' id='par_1_69' title="bbox 1805 2264 3384 2339">
     <span class='ocr_line' id='line_1_69' title="bbox 1805 2264 3384 2339; baseline 0.007 -25"><span class='ocrx_word' id='word_1_548' title='bbox 1805 2277 2038 2331; x_wconf 89' lang='lat' dir='ltr'><strong>quorum</strong></span> <span class='ocrx_word' id='word_1_549' title='bbox 2070 2264 2151 2316; x_wconf 74' lang='lat' dir='ltr'><strong>lex</strong></span> <span class='ocrx_word' id='word_1_550' title='bbox 2176 2271 2261 2317; x_wconf 89' lang='lat' dir='ltr'><strong>est</strong></span> <span class='ocrx_word' id='word_1_551' title='bbox 2283 2265 2552 2333; x_wconf 74' lang='lat' dir='ltr'><strong>generalis</strong></span> <span class='ocrx_word' id='word_1_552' title='bbox 2582 2269 2635 2320; x_wconf 88' lang='lat' dir='ltr'><strong>in</strong></span> <span class='ocrx_word' id='word_1_553' title='bbox 2668 2282 2727 2320; x_wconf 89' lang='lat' dir='ltr'><strong>se</strong></span> <span class='ocrx_word' id='word_1_554' title='bbox 2747 2267 2958 2336; x_wconf 77' lang='lat' dir='ltr'><strong>singula</strong></span> <span class='ocrx_word' id='word_1_555' title='bbox 2988 2269 3384 2339; x_wconf 86' lang='lat' dir='ltr'><strong>complectens,</strong></span> 
     </span>
    </p>
   </div>
   <div class='ocr_carea' id='block_1_70' title="bbox 1805 2353 3385 2430">
    <p class='ocr_par' dir='ltr' id='par_1_70' title="bbox 1805 2353 3385 2430">
     <span class='ocr_line' id='line_1_70' title="bbox 1805 2353 3385 2430; baseline 0.005 -24"><span class='ocrx_word' id='word_1_556' title='bbox 1805 2363 1858 2407; x_wconf 91' lang='lat' dir='ltr'><strong>et</strong></span> <span class='ocrx_word' id='word_1_557' title='bbox 1890 2353 1941 2406; x_wconf 92' lang='lat' dir='ltr'><strong>id</strong></span> <span class='ocrx_word' id='word_1_558' title='bbox 1983 2355 2130 2423; x_wconf 89' lang='lat' dir='ltr'><strong>quod</strong></span> <span class='ocrx_word' id='word_1_559' title='bbox 2175 2355 2363 2408; x_wconf 90' lang='lat' dir='ltr'><strong>datum</strong></span> <span class='ocrx_word' id='word_1_560' title='bbox 2395 2365 2478 2410; x_wconf 88' lang='lat' dir='ltr'><strong>est</strong></span> <span class='ocrx_word' id='word_1_561' title='bbox 2521 2370 2852 2427; x_wconf 62' lang='lat' dir='ltr'><strong>praeceptum</strong></span> <span class='ocrx_word' id='word_1_562' title='bbox 2896 2360 3157 2430; x_wconf 83' lang='lat' dir='ltr'><strong>diligendi</strong></span> <span class='ocrx_word' id='word_1_563' title='bbox 3194 2363 3385 2430; x_wconf 76' lang='lat' dir='ltr'><strong>proxi-</strong></span> 
     </span>
    </p>
   </div>
   <div class='ocr_carea' id='block_1_71' title="bbox 1807 2445 3388 2516">
    <p class='ocr_par' dir='ltr' id='par_1_71' title="bbox 1807 2445 3388 2516">
     <span class='ocr_line' id='line_1_71' title="bbox 1807 2445 3388 2516; baseline 0.004 -18"><span class='ocrx_word' id='word_1_564' title='bbox 1807 2459 1956 2500; x_wconf 88' lang='lat' dir='ltr'><strong>mum</strong></span> <span class='ocrx_word' id='word_1_565' title='bbox 1984 2453 2042 2499; x_wconf 91' lang='lat' dir='ltr'><strong>ut</strong></span> <span class='ocrx_word' id='word_1_566' title='bbox 2073 2445 2339 2515; x_wconf 89' lang='lat' dir='ltr'><strong>seipsum,</strong></span> <span class='ocrx_word' id='word_1_567' title='bbox 2368 2447 2482 2500; x_wconf 70' lang='lat' dir='ltr'><strong>haec</strong></span> <span class='ocrx_word' id='word_1_568' title='bbox 2510 2448 2776 2516; x_wconf 84' lang='lat' dir='ltr'><strong>quotidie,</strong></span> <span class='ocrx_word' id='word_1_569' title='bbox 2803 2464 2900 2504; x_wconf 86' lang='lat' dir='ltr'><strong>seu</strong></span> <span class='ocrx_word' id='word_1_570' title='bbox 2925 2459 3076 2506; x_wconf 89' lang='lat' dir='ltr'><strong>recte</strong></span> <span class='ocrx_word' id='word_1_571' title='bbox 3105 2459 3160 2506; x_wconf 89' lang='lat' dir='ltr'><strong>ct</strong></span> <span class='ocrx_word' id='word_1_572' title='bbox 3183 2468 3246 2507; x_wconf 79' lang='lat' dir='ltr'><strong>ex</strong></span> <span class='ocrx_word' id='word_1_573' title='bbox 3277 2454 3388 2507; x_wconf 90' lang='lat' dir='ltr'><strong>vir-</strong></span> 
     </span>
    </p>
   </div>
   <div class='ocr_carea' id='block_1_72' title="bbox 1808 2537 3386 2606">
    <p class='ocr_par' dir='ltr' id='par_1_72' title="bbox 1808 2537 3386 2606">
     <span class='ocr_line' id='line_1_72' title="bbox 1808 2537 3386 2606; baseline 0.009 -19"><span class='ocrx_word' id='word_1_574' title='bbox 1808 2543 1944 2599; x_wconf 87' lang='lat' dir='ltr'><strong>tute,</strong></span> <span class='ocrx_word' id='word_1_575' title='bbox 1978 2550 2072 2591; x_wconf 88' lang='lat' dir='ltr'><strong>seu</strong></span> <span class='ocrx_word' id='word_1_576' title='bbox 2101 2544 2292 2590; x_wconf 88' lang='lat' dir='ltr'><strong>contra</strong></span> <span class='ocrx_word' id='word_1_577' title='bbox 2327 2537 2471 2606; x_wconf 81' lang='lat' dir='ltr'><strong>leges</strong></span> <span class='ocrx_word' id='word_1_578' title='bbox 2495 2539 2648 2599; x_wconf 87' lang='lat' dir='ltr'><strong>liant,</strong></span> <span class='ocrx_word' id='word_1_579' title='bbox 2689 2548 2779 2593; x_wconf 85' lang='lat' dir='ltr'><strong>aut</strong></span> <span class='ocrx_word' id='word_1_580' title='bbox 2817 2548 2944 2594; x_wconf 90' lang='lat' dir='ltr'><strong>sunt</strong></span> <span class='ocrx_word' id='word_1_581' title='bbox 2971 2541 3196 2597; x_wconf 90' lang='lat' dir='ltr'><strong>omnino</strong></span> <span class='ocrx_word' id='word_1_582' title='bbox 3219 2542 3386 2601; x_wconf 87' lang='lat' dir='ltr'><strong>bona.</strong></span> 
     </span>
    </p>
   </div>
   <div class='ocr_carea' id='block_1_73' title="bbox 1807 2625 3385 2701">
    <p class='ocr_par' dir='ltr' id='par_1_73' title="bbox 1807 2625 3385 2701">
     <span class='ocr_line' id='line_1_73' title="bbox 1807 2625 3385 2701; baseline 0.003 -21"><span class='ocrx_word' id='word_1_583' title='bbox 1807 2633 1904 2680; x_wconf 91' lang='lat' dir='ltr'><strong>aut</strong></span> <span class='ocrx_word' id='word_1_584' title='bbox 1933 2625 2314 2696; x_wconf 76' lang='lat' dir='ltr'><strong>intelliguntur</strong></span> <span class='ocrx_word' id='word_1_585' title='bbox 2335 2641 2458 2681; x_wconf 89' lang='lat' dir='ltr'><strong>esse</strong></span> <span class='ocrx_word' id='word_1_586' title='bbox 2485 2629 2784 2682; x_wconf 79' lang='lat' dir='ltr'><strong>contraria.</strong></span> <span class='ocrx_word' id='word_1_587' title='bbox 2819 2629 2989 2684; x_wconf 81' lang='lat' dir='ltr'><strong>Nemo</strong></span> <span class='ocrx_word' id='word_1_588' title='bbox 3022 2639 3203 2686; x_wconf 88' lang='lat' dir='ltr'><strong>autem</strong></span> <span class='ocrx_word' id='word_1_589' title='bbox 3238 2633 3385 2701; x_wconf 86' lang='lat' dir='ltr'><strong>quod</strong></span> 
     </span>
    </p>
   </div>
   <div class='ocr_carea' id='block_1_74' title="bbox 1810 2715 3390 2788">
    <p class='ocr_par' dir='ltr' id='par_1_74' title="bbox 1810 2715 3390 2788">
     <span class='ocr_line' id='line_1_74' title="bbox 1810 2715 3390 2788; baseline 0.003 -18"><span class='ocrx_word' id='word_1_590' title='bbox 1810 2715 2012 2770; x_wconf 90' lang='lat' dir='ltr'><strong>malum</strong></span> <span class='ocrx_word' id='word_1_591' title='bbox 2051 2724 2135 2769; x_wconf 92' lang='lat' dir='ltr'><strong>est</strong></span> <span class='ocrx_word' id='word_1_592' title='bbox 2177 2715 2341 2770; x_wconf 89' lang='lat' dir='ltr'><strong>hodie</strong></span> <span class='ocrx_word' id='word_1_593' title='bbox 2381 2717 2709 2785; x_wconf 85' lang='lat' dir='ltr'><strong>judicatum,</strong></span> <span class='ocrx_word' id='word_1_594' title='bbox 2759 2724 2815 2774; x_wconf 90' lang='lat' dir='ltr'><strong>et</strong></span> <span class='ocrx_word' id='word_1_595' title='bbox 2847 2735 2944 2788; x_wconf 89' lang='lat' dir='ltr'><strong>pro</strong></span> <span class='ocrx_word' id='word_1_596' title='bbox 2991 2718 3192 2774; x_wconf 90' lang='lat' dir='ltr'><strong>delicto</strong></span> <span class='ocrx_word' id='word_1_597' title='bbox 3234 2721 3390 2775; x_wconf 80' lang='lat' dir='ltr'><strong>habi-</strong></span> 
     </span>
    </p>
   </div>
   <div class='ocr_carea' id='block_1_75' title="bbox 1811 2806 3388 2881">
    <p class='ocr_par' dir='ltr' id='par_1_75' title="bbox 1811 2806 3388 2881">
     <span class='ocr_line' id='line_1_75' title="bbox 1811 2806 3388 2881; baseline 0.004 -23"><span class='ocrx_word' id='word_1_598' title='bbox 1811 2815 1956 2869; x_wconf 88' lang='lat' dir='ltr'><strong>tum,</strong></span> <span class='ocrx_word' id='word_1_599' title='bbox 1999 2821 2096 2861; x_wconf 82' lang='lat' dir='ltr'><strong>seu</strong></span> <span class='ocrx_word' id='word_1_600' title='bbox 2123 2806 2324 2867; x_wconf 56' lang='lat' dir='ltr'><strong>cades.</strong></span> <span class='ocrx_word' id='word_1_601' title='bbox 2376 2822 2472 2861; x_wconf 86' lang='lat' dir='ltr'><strong>seu</strong></span> <span class='ocrx_word' id='word_1_602' title='bbox 2503 2808 2800 2878; x_wconf 87' lang='lat' dir='ltr'><strong>quidquam</strong></span> <span class='ocrx_word' id='word_1_603' title='bbox 2833 2810 2979 2864; x_wconf 83' lang='lat' dir='ltr'><strong>aliud</strong></span> <span class='ocrx_word' id='word_1_604' title='bbox 3031 2812 3388 2881; x_wconf 88' lang='lat' dir='ltr'><strong>prohibitum,</strong></span> 
     </span>
    </p>
   </div>
   <div class='ocr_carea' id='block_1_76' title="bbox 1811 2898 3388 2970">
    <p class='ocr_par' dir='ltr' id='par_1_76' title="bbox 1811 2898 3388 2970">
     <span class='ocr_line' id='line_1_76' title="bbox 1811 2898 3388 2970; baseline 0.004 -19"><span class='ocrx_word' id='word_1_605' title='bbox 1811 2899 1912 2952; x_wconf 86' lang='lat' dir='ltr'><strong>hoc</strong></span> <span class='ocrx_word' id='word_1_606' title='bbox 1967 2898 2144 2968; x_wconf 88' lang='lat' dir='ltr'><strong>ipsum</strong></span> <span class='ocrx_word' id='word_1_607' title='bbox 2188 2899 2278 2954; x_wconf 89' lang='lat' dir='ltr'><strong>die</strong></span> <span class='ocrx_word' id='word_1_608' title='bbox 2313 2901 2561 2970; x_wconf 80' lang='lat' dir='ltr'><strong>sequenti</strong></span> <span class='ocrx_word' id='word_1_609' title='bbox 2601 2901 2803 2954; x_wconf 91' lang='lat' dir='ltr'><strong>bonum</strong></span> <span class='ocrx_word' id='word_1_610' title='bbox 2849 2917 2973 2958; x_wconf 87' lang='lat' dir='ltr'><strong>esse</strong></span> <span class='ocrx_word' id='word_1_611' title='bbox 3005 2913 3059 2958; x_wconf 85' lang='lat' dir='ltr'><strong>et</strong></span> <span class='ocrx_word' id='word_1_612' title='bbox 3099 2904 3388 2959; x_wconf 79' lang='lat' dir='ltr'><strong>honestum</strong></span> 
     </span>
    </p>
   </div>
   <div class='ocr_carea' id='block_1_77' title="bbox 1811 2989 3389 3066">
    <p class='ocr_par' dir='ltr' id='par_1_77' title="bbox 1811 2989 3389 3066">
     <span class='ocr_line' id='line_1_77' title="bbox 1811 2989 3389 3066; baseline 0.004 -22"><span class='ocrx_word' id='word_1_613' title='bbox 1811 2991 2106 3045; x_wconf 84' lang='lat' dir='ltr'><strong>censuerit.</strong></span> <span class='ocrx_word' id='word_1_614' title='bbox 2143 2989 2200 3044; x_wconf 88' lang='lat' dir='ltr'><strong>Si</strong></span> <span class='ocrx_word' id='word_1_615' title='bbox 2232 3006 2364 3061; x_wconf 82' lang='lat' dir='ltr'><strong>ergo</strong></span> <span class='ocrx_word' id='word_1_616' title='bbox 2390 2991 2592 3045; x_wconf 87' lang='lat' dir='ltr'><strong>malum</strong></span> <span class='ocrx_word' id='word_1_617' title='bbox 2641 2999 2726 3047; x_wconf 89' lang='lat' dir='ltr'><strong>est</strong></span> <span class='ocrx_word' id='word_1_618' title='bbox 2759 2991 3092 3062; x_wconf 91' lang='lat' dir='ltr'><strong>hnjusmodi,</strong></span> <span class='ocrx_word' id='word_1_619' title='bbox 3137 3013 3389 3066; x_wconf 88' lang='lat' dir='ltr'><strong>quocun-</strong></span> 
     </span>
    </p>
   </div>
   <div class='ocr_carea' id='block_1_78' title="bbox 1811 3081 3390 3159">
    <p class='ocr_par' dir='ltr' id='par_1_78' title="bbox 1811 3081 3390 3159">
     <span class='ocr_line' id='line_1_78' title="bbox 1811 3081 3390 3159; baseline 0.006 -26"><span class='ocrx_word' id='word_1_620' title='bbox 1811 3095 1918 3151; x_wconf 89' lang='lat' dir='ltr'><strong>que</strong></span> <span class='ocrx_word' id='word_1_621' title='bbox 1944 3090 2188 3152; x_wconf 88' lang='lat' dir='ltr'><strong>tempore</strong></span> <span class='ocrx_word' id='word_1_622' title='bbox 2213 3081 2532 3136; x_wconf 77' lang='lat' dir='ltr'><strong>admittatur</strong></span> <span class='ocrx_word' id='word_1_623' title='bbox 2555 3098 2568 3135; x_wconf 92' lang='lat'>:</span> <span class='ocrx_word' id='word_1_624' title='bbox 2606 3093 2661 3138; x_wconf 88' lang='lat' dir='ltr'><strong>et</strong></span> <span class='ocrx_word' id='word_1_625' title='bbox 2689 3083 2742 3137; x_wconf 91' lang='lat' dir='ltr'><strong>id</strong></span> <span class='ocrx_word' id='word_1_626' title='bbox 2770 3087 2912 3154; x_wconf 87' lang='lat' dir='ltr'><strong>quod</strong></span> <span class='ocrx_word' id='word_1_627' title='bbox 2939 3094 3026 3141; x_wconf 87' lang='lat' dir='ltr'><strong>est</strong></span> <span class='ocrx_word' id='word_1_628' title='bbox 3051 3089 3182 3142; x_wconf 91' lang='lat' dir='ltr'><strong>nulli</strong></span> <span class='ocrx_word' id='word_1_629' title='bbox 3219 3090 3390 3159; x_wconf 67' lang='lat' dir='ltr'><strong>culpat</strong></span> 
     </span>
    </p>
   </div>
   <div class='ocr_carea' id='block_1_79' title="bbox 1811 3174 3393 3250">
    <p class='ocr_par' dir='ltr' id='par_1_79' title="bbox 1811 3174 3393 3250">
     <span class='ocr_line' id='line_1_79' title="bbox 1811 3174 3393 3250; baseline 0.005 -22"><span class='ocrx_word' id='word_1_630' title='bbox 1811 3174 1989 3238; x_wconf 82' lang='lat' dir='ltr'><strong>aliine,</strong></span> <span class='ocrx_word' id='word_1_631' title='bbox 2052 3192 2118 3229; x_wconf 89' lang='lat' dir='ltr'><strong>ne</strong></span> <span class='ocrx_word' id='word_1_632' title='bbox 2159 3174 2273 3230; x_wconf 85' lang='lat' dir='ltr'><strong>ﬁeri</strong></span> <span class='ocrx_word' id='word_1_633' title='bbox 2309 3176 2527 3244; x_wconf 89' lang='lat' dir='ltr'><strong>quidem</strong></span> <span class='ocrx_word' id='word_1_634' title='bbox 2579 3184 2762 3245; x_wconf 77' lang='lat' dir='ltr'><strong>potest</strong></span> <span class='ocrx_word' id='word_1_635' title='bbox 2813 3185 2871 3229; x_wconf 92' lang='lat' dir='ltr'><strong>ut</strong></span> <span class='ocrx_word' id='word_1_636' title='bbox 2919 3188 3141 3249; x_wconf 86' lang='lat' dir='ltr'><strong>propter</strong></span> <span class='ocrx_word' id='word_1_637' title='bbox 3176 3191 3393 3250; x_wconf 80' lang='lat' dir='ltr'><strong>tempus</strong></span> 
     </span>
    </p>
   </div>
   <div class='ocr_carea' id='block_1_80' title="bbox 1813 3265 3388 3339">
    <p class='ocr_par' dir='ltr' id='par_1_80' title="bbox 1813 3265 3388 3339">
     <span class='ocr_line' id='line_1_80' title="bbox 1813 3265 3388 3339; baseline 0.005 -20"><span class='ocrx_word' id='word_1_638' title='bbox 1813 3265 2033 3335; x_wconf 85' lang='lat' dir='ltr'><strong>aliquod</strong></span> <span class='ocrx_word' id='word_1_639' title='bbox 2073 3266 2146 3319; x_wconf 90' lang='lat' dir='ltr'><strong>sit</strong></span> <span class='ocrx_word' id='word_1_640' title='bbox 2181 3267 2397 3320; x_wconf 89' lang='lat' dir='ltr'><strong>crimini</strong></span> <span class='ocrx_word' id='word_1_641' title='bbox 2444 3267 2768 3322; x_wconf 75' lang='lat' dir='ltr'><strong>obnoxium.</strong></span> <span class='ocrx_word' id='word_1_642' title='bbox 2807 3267 2863 3322; x_wconf 90' lang='lat' dir='ltr'><strong>Si</strong></span> <span class='ocrx_word' id='word_1_643' title='bbox 2898 3285 3029 3339; x_wconf 79' lang='lat' dir='ltr'><strong>ergo</strong></span> <span class='ocrx_word' id='word_1_644' title='bbox 3075 3279 3202 3326; x_wconf 88' lang='lat' dir='ltr'><strong>ante</strong></span> <span class='ocrx_word' id='word_1_645' title='bbox 3256 3271 3388 3327; x_wconf 85' lang='lat' dir='ltr'><strong>Sab-</strong></span> 
     </span>
    </p>
   </div>
   <div class='ocr_carea' id='block_1_81' title="bbox 1815 3361 3394 3433">
    <p class='ocr_par' dir='ltr' id='par_1_81' title="bbox 1815 3361 3394 3433">
     <span class='ocr_line' id='line_1_81' title="bbox 1815 3361 3394 3433; baseline 0.004 -19"><span class='ocrx_word' id='word_1_646' title='bbox 1815 3361 1998 3415; x_wconf 88' lang='lat' dir='ltr'><strong>batum</strong></span> <span class='ocrx_word' id='word_1_647' title='bbox 2032 3362 2176 3432; x_wconf 84' lang='lat' dir='ltr'><strong>ligna</strong></span> <span class='ocrx_word' id='word_1_648' title='bbox 2223 3363 2502 3431; x_wconf 85' lang='lat' dir='ltr'><strong>colligere.</strong></span> <span class='ocrx_word' id='word_1_649' title='bbox 2532 3371 2586 3416; x_wconf 90' lang='lat' dir='ltr'><strong>et</strong></span> <span class='ocrx_word' id='word_1_650' title='bbox 2613 3378 2804 3433; x_wconf 79' lang='lat' dir='ltr'><strong>rogum</strong></span> <span class='ocrx_word' id='word_1_651' title='bbox 2837 3364 3160 3428; x_wconf 77' lang='lat' dir='ltr'><strong>accendere,</strong></span> <span class='ocrx_word' id='word_1_652' title='bbox 3196 3375 3280 3421; x_wconf 60' lang='lat' dir='ltr'><strong>est</strong></span> <span class='ocrx_word' id='word_1_653' title='bbox 3326 3368 3394 3420; x_wconf 87' lang='lat' dir='ltr'><strong>ah</strong></span> 
     </span>
    </p>
   </div>
   <div class='ocr_carea' id='block_1_82' title="bbox 1816 3453 3394 3526">
    <p class='ocr_par' dir='ltr' id='par_1_82' title="bbox 1816 3453 3394 3526">
     <span class='ocr_line' id='line_1_82' title="bbox 1816 3453 3394 3526; baseline 0.002 -21"><span class='ocrx_word' id='word_1_654' title='bbox 1816 3453 2105 3522; x_wconf 87' lang='lat' dir='ltr'><strong>iniquitate</strong></span> <span class='ocrx_word' id='word_1_655' title='bbox 2134 3463 2424 3514; x_wconf 87' lang='lat' dir='ltr'><strong>remotmn,</strong></span> <span class='ocrx_word' id='word_1_656' title='bbox 2464 3469 2563 3508; x_wconf 88' lang='lat' dir='ltr'><strong>nec</strong></span> <span class='ocrx_word' id='word_1_657' title='bbox 2596 3463 2681 3508; x_wconf 87' lang='lat' dir='ltr'><strong>est</strong></span> <span class='ocrx_word' id='word_1_658' title='bbox 2711 3456 3046 3524; x_wconf 77' lang='lat' dir='ltr'><strong>puniendum</strong></span> <span class='ocrx_word' id='word_1_659' title='bbox 3073 3474 3088 3511; x_wconf 88' lang='lat'><strong>:</strong></span> <span class='ocrx_word' id='word_1_660' title='bbox 3124 3464 3394 3526; x_wconf 74' lang='lat' dir='ltr'><strong>quomodo</strong></span> 
     </span>
    </p>
   </div>
   <div class='ocr_carea' id='block_1_83' title="bbox 1818 3547 3394 3616">
    <p class='ocr_par' dir='ltr' id='par_1_83' title="bbox 1818 3547 3394 3616">
     <span class='ocr_line' id='line_1_83' title="bbox 1818 3547 3394 3616; baseline 0.004 -16"><span class='ocrx_word' id='word_1_661' title='bbox 1818 3547 1920 3601; x_wconf 94' lang='lat' dir='ltr'><strong>hoc</strong></span> <span class='ocrx_word' id='word_1_662' title='bbox 1945 3547 2123 3616; x_wconf 88' lang='lat' dir='ltr'><strong>ipsum</strong></span> <span class='ocrx_word' id='word_1_663' title='bbox 2154 3547 2386 3601; x_wconf 76' lang='lat' dir='ltr'><strong>ellieilur</strong></span> <span class='ocrx_word' id='word_1_664' title='bbox 2415 3547 2674 3602; x_wconf 73' lang='lat' dir='ltr'><strong>delictum</strong></span> <span class='ocrx_word' id='word_1_665' title='bbox 2706 3549 2795 3602; x_wconf 88' lang='lat' dir='ltr'><strong>die</strong></span> <span class='ocrx_word' id='word_1_666' title='bbox 2819 3552 3106 3616; x_wconf 79' lang='lat' dir='ltr'><strong>sequenti?</strong></span> <span class='ocrx_word' id='word_1_667' title='bbox 3126 3551 3394 3606; x_wconf 63' lang='lat' dir='ltr'><strong>Caaterum</strong></span> 
     </span>
    </p>
   </div>
   <div class='ocr_carea' id='block_1_84' title="bbox 1817 3639 3392 3714">
    <p class='ocr_par' dir='ltr' id='par_1_84' title="bbox 1817 3639 3392 3714">
     <span class='ocr_line' id='line_1_84' title="bbox 1817 3639 3392 3714; baseline 0.004 -22"><span class='ocrx_word' id='word_1_668' title='bbox 1817 3640 1940 3692; x_wconf 84' lang='lat' dir='ltr'><strong>novi</strong></span> <span class='ocrx_word' id='word_1_669' title='bbox 1979 3639 2279 3693; x_wconf 87' lang='lat' dir='ltr'><strong>Sabbatnm</strong></span> <span class='ocrx_word' id='word_1_670' title='bbox 2316 3641 2536 3707; x_wconf 87' lang='lat' dir='ltr'><strong>quietis,</strong></span> <span class='ocrx_word' id='word_1_671' title='bbox 2590 3643 2714 3695; x_wconf 88' lang='lat' dir='ltr'><strong>novi</strong></span> <span class='ocrx_word' id='word_1_672' title='bbox 2767 3643 2938 3710; x_wconf 77' lang='lat' dir='ltr'><strong>legem</strong></span> <span class='ocrx_word' id='word_1_673' title='bbox 2987 3644 3122 3698; x_wconf 91' lang='lat' dir='ltr'><strong>nihil</strong></span> <span class='ocrx_word' id='word_1_674' title='bbox 3174 3649 3392 3714; x_wconf 80' lang='lat' dir='ltr'><strong>agendi.</strong></span> 
     </span>
    </p>
   </div>
   <div class='ocr_carea' id='block_1_85' title="bbox 1816 3730 3392 3804">
    <p class='ocr_par' dir='ltr' id='par_1_85' title="bbox 1816 3730 3392 3804">
     <span class='ocr_line' id='line_1_85' title="bbox 1816 3730 3392 3804; baseline 0.005 -23"><span class='ocrx_word' id='word_1_675' title='bbox 1816 3744 1936 3797; x_wconf 76' lang='lat' dir='ltr'><strong>qua:</strong></span> <span class='ocrx_word' id='word_1_676' title='bbox 1969 3745 2074 3781; x_wconf 88' lang='lat' dir='ltr'><strong>non</strong></span> <span class='ocrx_word' id='word_1_677' title='bbox 2114 3730 2330 3799; x_wconf 83' lang='lat' dir='ltr'><strong>alligata</strong></span> <span class='ocrx_word' id='word_1_678' title='bbox 2369 3731 2608 3786; x_wconf 88' lang='lat' dir='ltr'><strong>hominis</strong></span> <span class='ocrx_word' id='word_1_679' title='bbox 2631 3735 2865 3786; x_wconf 90' lang='lat' dir='ltr'><strong>naturali</strong></span> <span class='ocrx_word' id='word_1_680' title='bbox 2898 3735 3237 3804; x_wconf 88' lang='lat' dir='ltr'><strong>operatione,</strong></span> <span class='ocrx_word' id='word_1_681' title='bbox 3269 3755 3392 3791; x_wconf 85' lang='lat' dir='ltr'><strong>eum</strong></span> 
     </span>
    </p>
   </div>
   <div class='ocr_carea' id='block_1_86' title="bbox 1812 3818 3383 3897">
    <p class='ocr_par' dir='ltr' id='par_1_86' title="bbox 1812 3818 3383 3897">
     <span class='ocr_line' id='line_1_86' title="bbox 1812 3818 3383 3897; baseline 0.008 -27"><span class='ocrx_word' id='word_1_682' title='bbox 1812 3819 1964 3883; x_wconf 87' lang='lat' dir='ltr'><strong>jubet</strong></span> <span class='ocrx_word' id='word_1_683' title='bbox 1993 3818 2124 3872; x_wconf 85' lang='lat' dir='ltr'><strong>nihil</strong></span> <span class='ocrx_word' id='word_1_684' title='bbox 2155 3835 2333 3889; x_wconf 81' lang='lat' dir='ltr'><strong>agere.</strong></span> <span class='ocrx_word' id='word_1_685' title='bbox 2369 3819 2425 3873; x_wconf 91' lang='lat' dir='ltr'><strong>Si</strong></span> <span class='ocrx_word' id='word_1_686' title='bbox 2462 3822 2605 3875; x_wconf 88' lang='lat' dir='ltr'><strong>enim</strong></span> <span class='ocrx_word' id='word_1_687' title='bbox 2632 3822 2788 3890; x_wconf 87' lang='lat' dir='ltr'><strong>jubet</strong></span> <span class='ocrx_word' id='word_1_688' title='bbox 2823 3839 2944 3893; x_wconf 75' lang='lat' dir='ltr'><strong>qua:</strong></span> <span class='ocrx_word' id='word_1_689' title='bbox 2974 3826 3086 3879; x_wconf 84' lang='lat' dir='ltr'><strong>ﬁeri</strong></span> <span class='ocrx_word' id='word_1_690' title='bbox 3120 3842 3226 3880; x_wconf 91' lang='lat' dir='ltr'><strong>non</strong></span> <span class='ocrx_word' id='word_1_691' title='bbox 3265 3844 3383 3897; x_wconf 84' lang='lat' dir='ltr'><strong>pos-</strong></span> 
     </span>
    </p>
   </div>
   <div class='ocr_carea' id='block_1_87' title="bbox 1819 3912 3396 3991">
    <p class='ocr_par' dir='ltr' id='par_1_87' title="bbox 1819 3912 3396 3991">
     <span class='ocr_line' id='line_1_87' title="bbox 1819 3912 3396 3991; baseline 0.006 -26"><span class='ocrx_word' id='word_1_692' title='bbox 1819 3921 1969 3972; x_wconf 89' lang='lat' dir='ltr'><strong>sunt,</strong></span> <span class='ocrx_word' id='word_1_693' title='bbox 1998 3912 2200 3979; x_wconf 81' lang='lat' dir='ltr'><strong>jubens</strong></span> <span class='ocrx_word' id='word_1_694' title='bbox 2235 3930 2333 3968; x_wconf 90' lang='lat' dir='ltr'><strong>nos</strong></span> <span class='ocrx_word' id='word_1_695' title='bbox 2367 3915 2500 3968; x_wconf 87' lang='lat' dir='ltr'><strong>nihil</strong></span> <span class='ocrx_word' id='word_1_696' title='bbox 2532 3930 2715 3985; x_wconf 73' lang='lat' dir='ltr'><strong>agere,</strong></span> <span class='ocrx_word' id='word_1_697' title='bbox 2753 3918 2954 3986; x_wconf 88' lang='lat' dir='ltr'><strong>quibus</strong></span> <span class='ocrx_word' id='word_1_698' title='bbox 2998 3921 3159 3974; x_wconf 88' lang='lat' dir='ltr'><strong>etiam</strong></span> <span class='ocrx_word' id='word_1_699' title='bbox 3191 3921 3396 3991; x_wconf 87' lang='lat' dir='ltr'><strong>absque</strong></span> 
     </span>
    </p>
   </div>
   <div class='ocr_carea' id='block_1_88' title="bbox 1820 4003 3397 4081">
    <p class='ocr_par' dir='ltr' id='par_1_88' title="bbox 1820 4003 3397 4081">
     <span class='ocr_line' id='line_1_88' title="bbox 1820 4003 3397 4081; baseline 0.008 -26"><span class='ocrx_word' id='word_1_700' title='bbox 1820 4003 2038 4056; x_wconf 70' lang='lat' dir='ltr'><strong>ueteris</strong></span> <span class='ocrx_word' id='word_1_701' title='bbox 2066 4006 2326 4073; x_wconf 74' lang='lat' dir='ltr'><strong>operibus</strong></span> <span class='ocrx_word' id='word_1_702' title='bbox 2362 4007 2540 4076; x_wconf 87' lang='lat' dir='ltr'><strong>ipsqu</strong></span> <span class='ocrx_word' id='word_1_703' title='bbox 2573 4007 2696 4061; x_wconf 42' lang='lat' dir='ltr'><strong>vita.</strong></span> <span class='ocrx_word' id='word_1_704' title='bbox 2735 4024 2909 4078; x_wconf 81' lang='lat' dir='ltr'><strong>genus</strong></span> <span class='ocrx_word' id='word_1_705' title='bbox 2937 4019 3020 4065; x_wconf 85' lang='lat' dir='ltr'><strong>est</strong></span> <span class='ocrx_word' id='word_1_706' title='bbox 3054 4028 3224 4081; x_wconf 88' lang='lat' dir='ltr'><strong>opus:</strong></span> <span class='ocrx_word' id='word_1_707' title='bbox 3268 4030 3397 4068; x_wconf 84' lang='lat' dir='ltr'><strong>oru-</strong></span> 
     </span>
    </p>
   </div>
   <div class='ocr_carea' id='block_1_89' title="bbox 1821 4097 3400 4172">
    <p class='ocr_par' dir='ltr' id='par_1_89' title="bbox 1821 4097 3400 4172">
     <span class='ocr_line' id='line_1_89' title="bbox 1821 4097 3400 4172; baseline 0.004 -22"><span class='ocrx_word' id='word_1_708' title='bbox 1821 4097 1996 4150; x_wconf 91' lang='lat' dir='ltr'><strong>lorum</strong></span> <span class='ocrx_word' id='word_1_709' title='bbox 2027 4099 2246 4167; x_wconf 87' lang='lat' dir='ltr'><strong>quidem</strong></span> <span class='ocrx_word' id='word_1_710' title='bbox 2279 4101 2452 4160; x_wconf 87' lang='lat' dir='ltr'><strong>visus,</strong></span> <span class='ocrx_word' id='word_1_711' title='bbox 2488 4105 2701 4154; x_wconf 85' lang='lat' dir='ltr'><strong>aurium</strong></span> <span class='ocrx_word' id='word_1_712' title='bbox 2733 4110 2912 4157; x_wconf 87' lang='lat' dir='ltr'><strong>autem</strong></span> <span class='ocrx_word' id='word_1_713' title='bbox 2944 4119 3007 4158; x_wconf 88' lang='lat' dir='ltr'><strong>ea</strong></span> <span class='ocrx_word' id='word_1_714' title='bbox 3040 4121 3160 4172; x_wconf 79' lang='lat' dir='ltr'><strong>quze</strong></span> <span class='ocrx_word' id='word_1_715' title='bbox 3188 4116 3270 4158; x_wconf 85' lang='lat' dir='ltr'><strong>est</strong></span> <span class='ocrx_word' id='word_1_716' title='bbox 3316 4122 3400 4158; x_wconf 88' lang='lat' dir='ltr'><strong>se-</strong></span> 
     </span>
    </p>
   </div>
   <div class='ocr_carea' id='block_1_90' title="bbox 1821 4189 3397 4260">
    <p class='ocr_par' dir='ltr' id='par_1_90' title="bbox 1821 4189 3397 4260">
     <span class='ocr_line' id='line_1_90' title="bbox 1821 4189 3397 4260; baseline 0.004 -19"><span class='ocrx_word' id='word_1_717' title='bbox 1821 4189 2060 4242; x_wconf 82' lang='lat' dir='ltr'><strong>cundum</strong></span> <span class='ocrx_word' id='word_1_718' title='bbox 2106 4200 2359 4243; x_wconf 86' lang='lat' dir='ltr'><strong>naturam</strong></span> <span class='ocrx_word' id='word_1_719' title='bbox 2391 4191 2657 4260; x_wconf 87' lang='lat' dir='ltr'><strong>operatio,</strong></span> <span class='ocrx_word' id='word_1_720' title='bbox 2691 4195 2904 4247; x_wconf 87' lang='lat' dir='ltr'><strong>narimn</strong></span> <span class='ocrx_word' id='word_1_721' title='bbox 2946 4210 3074 4247; x_wconf 89' lang='lat' dir='ltr'><strong>vero</strong></span> <span class='ocrx_word' id='word_1_722' title='bbox 3115 4195 3397 4256; x_wconf 86' lang='lat' dir='ltr'><strong>odoratus,</strong></span> 
     </span>
    </p>
   </div>
   <div class='ocr_carea' id='block_1_91' title="bbox 1821 4278 3396 4350">
    <p class='ocr_par' dir='ltr' id='par_1_91' title="bbox 1821 4278 3396 4350">
     <span class='ocr_line' id='line_1_91' title="bbox 1821 4278 3396 4350; baseline 0.005 -19"><span class='ocrx_word' id='word_1_723' title='bbox 1821 4278 1934 4332; x_wconf 89' lang='lat' dir='ltr'><strong>oris</strong></span> <span class='ocrx_word' id='word_1_724' title='bbox 1966 4281 2107 4333; x_wconf 68' lang='lat' dir='ltr'><strong>aenis</strong></span> <span class='ocrx_word' id='word_1_725' title='bbox 2140 4289 2430 4341; x_wconf 86' lang='lat' dir='ltr'><strong>attractus,</strong></span> <span class='ocrx_word' id='word_1_726' title='bbox 2466 4281 2663 4350; x_wconf 75' lang='lat' dir='ltr'><strong>lingure</strong></span> <span class='ocrx_word' id='word_1_727' title='bbox 2693 4299 2894 4347; x_wconf 87' lang='lat' dir='ltr'><strong>sermo,</strong></span> <span class='ocrx_word' id='word_1_728' title='bbox 2927 4284 3182 4338; x_wconf 85' lang='lat' dir='ltr'><strong>dentibus</strong></span> <span class='ocrx_word' id='word_1_729' title='bbox 3216 4287 3396 4338; x_wconf 89' lang='lat' dir='ltr'><strong>nutri-</strong></span> 
     </span>
    </p>
   </div>
   <div class='ocr_carea' id='block_1_92' title="bbox 131 4371 1709 4446">
    <p class='ocr_par' dir='ltr' id='par_1_92' title="bbox 131 4376 1709 4446">
     <span class='ocr_line' id='line_1_92' title="bbox 131 4376 1709 4446; baseline 0.001 -20"><span class='ocrx_word' id='word_1_730' title='bbox 131 4377 324 4443; x_wconf 61' lang='grc' dir='ltr'>πρεσία,</span> <span class='ocrx_word' id='word_1_731' title='bbox 366 4378 714 4446; x_wconf 72' lang='grc' dir='ltr'>σπλάγχνων</span> <span class='ocrx_word' id='word_1_732' title='bbox 753 4377 786 4446; x_wconf 79' lang='grc' dir='ltr'><strong>ἡ</strong></span> <span class='ocrx_word' id='word_1_733' title='bbox 817 4376 1003 4444; x_wconf 62' lang='grc' dir='ltr'>πέψις,</span> <span class='ocrx_word' id='word_1_734' title='bbox 1035 4378 1192 4429; x_wconf 70' lang='grc' dir='ltr'>ποσὶν</span> <span class='ocrx_word' id='word_1_735' title='bbox 1213 4379 1246 4446; x_wconf 85' lang='grc' dir='ltr'><strong>ή</strong></span> <span class='ocrx_word' id='word_1_736' title='bbox 1273 4377 1506 4446; x_wconf 79' lang='grc' dir='ltr'>κίνησις,</span> <span class='ocrx_word' id='word_1_737' title='bbox 1533 4378 1709 4446; x_wconf 69' lang='grc' dir='ltr'>χερσὶι</span> 
     </span>
    </p>
   </div>
   <div class='ocr_carea' id='block_1_93' title="bbox 1814 4371 3401 4446">
    <p class='ocr_par' dir='ltr' id='par_1_93' title="bbox 1826 4371 3401 4446">
     <span class='ocr_line' id='line_1_93' title="bbox 1826 4371 3401 4446; baseline 0.004 -23"><span class='ocrx_word' id='word_1_738' title='bbox 1826 4371 1990 4424; x_wconf 87' lang='lat' dir='ltr'><strong>menti</strong></span> <span class='ocrx_word' id='word_1_739' title='bbox 2023 4371 2449 4436; x_wconf 83' lang='lat' dir='ltr'><strong>administratio,</strong></span> <span class='ocrx_word' id='word_1_740' title='bbox 2492 4374 2796 4429; x_wconf 83' lang='lat' dir='ltr'><strong>visceribus</strong></span> <span class='ocrx_word' id='word_1_741' title='bbox 2819 4378 3128 4433; x_wconf 82' lang='lat' dir='ltr'><strong>concoctio.</strong></span> <span class='ocrx_word' id='word_1_742' title='bbox 3174 4378 3401 4446; x_wconf 76' lang='lat' dir='ltr'><strong>pedibus</strong></span> 
     </span>
    </p>
   </div>
   <div class='ocr_carea' id='block_1_94' title="bbox 129 4468 1714 4541">
    <p class='ocr_par' dir='ltr' id='par_1_94' title="bbox 129 4468 1714 4541">
     <span class='ocr_line' id='line_1_94' title="bbox 129 4468 1714 4541; baseline 0.002 -24"><span class='ocrx_word' id='word_1_743' title='bbox 129 4468 291 4521; x_wconf 80' lang='grc' dir='ltr'>ἐκεῖνα</span> <span class='ocrx_word' id='word_1_744' title='bbox 322 4471 463 4541; x_wconf 75' lang='grc' dir='ltr'>πρὸς</span> <span class='ocrx_word' id='word_1_745' title='bbox 497 4470 537 4523; x_wconf 71' lang='grc' dir='ltr'>ἃ</span> <span class='ocrx_word' id='word_1_746' title='bbox 571 4470 959 4539; x_wconf 77' lang='grc' dir='ltr'>πέφυκενὴμῖν</span> <span class='ocrx_word' id='word_1_747' title='bbox 984 4471 1224 4537; x_wconf 78' lang='grc' dir='ltr'>ἐνεργεῖν</span> <span class='ocrx_word' id='word_1_748' title='bbox 1249 4469 1422 4522; x_wconf 79' lang='grc' dir='ltr'>ταῦτα</span> <span class='ocrx_word' id='word_1_749' title='bbox 1453 4468 1521 4522; x_wconf 75' lang='grc' dir='ltr'><strong>τὰ</strong></span> <span class='ocrx_word' id='word_1_750' title='bbox 1558 4469 1714 4539; x_wconf 85' lang='grc' dir='ltr'>μέλη.</span> 
     </span>
    </p>
   </div>
   <div class='ocr_carea' id='block_1_95' title="bbox 131 4556 1716 4630">
    <p class='ocr_par' dir='ltr' id='par_1_95' title="bbox 131 4556 1716 4630">
     <span class='ocr_line' id='line_1_95' title="bbox 131 4556 1716 4630; baseline 0.003 -23"><span class='ocrx_word' id='word_1_751' title='bbox 131 4558 237 4620; x_wconf 74' lang='grc' dir='ltr'><strong>Πῶς</strong></span> <span class='ocrx_word' id='word_1_752' title='bbox 268 4558 363 4612; x_wconf 74' lang='grc' dir='ltr'>οὖν</span> <span class='ocrx_word' id='word_1_753' title='bbox 409 4563 537 4614; x_wconf 82' lang='grc' dir='ltr'>ἐστι</span> <span class='ocrx_word' id='word_1_754' title='bbox 587 4561 810 4612; x_wconf 76' lang='grc' dir='ltr'>δυνατὸν</span> <span class='ocrx_word' id='word_1_755' title='bbox 842 4561 1154 4630; x_wconf 77' lang='grc' dir='ltr'>κυρωθῆναι</span> <span class='ocrx_word' id='word_1_756' title='bbox 1186 4561 1276 4612; x_wconf 79' lang='grc' dir='ltr'>τὸν</span> <span class='ocrx_word' id='word_1_757' title='bbox 1307 4562 1405 4628; x_wconf 81' lang='grc' dir='ltr'>τῆς</span> <span class='ocrx_word' id='word_1_758' title='bbox 1437 4556 1716 4629; x_wconf 81' lang='grc' dir='ltr'>ἀπραξίας</span> 
     </span>
    </p>
   </div>
   <div class='ocr_carea' id='block_1_96' title="bbox 131 4648 1718 4722">
    <p class='ocr_par' dir='ltr' id='par_1_96' title="bbox 131 4648 1718 4722">
     <span class='ocr_line' id='line_1_96' title="bbox 131 4648 1718 4722; baseline 0.004 -24"><span class='ocrx_word' id='word_1_759' title='bbox 131 4648 277 4716; x_wconf 51' lang='grc' dir='ltr'>νέμον</span> <span class='ocrx_word' id='word_1_760' title='bbox 320 4652 381 4703; x_wconf 61' lang='grc' dir='ltr'>αὖ</span> <span class='ocrx_word' id='word_1_761' title='bbox 417 4652 905 4722; x_wconf 81' lang='grc' dir='ltr'>παραδεχομένοις</span> <span class='ocrx_word' id='word_1_762' title='bbox 937 4653 1036 4722; x_wconf 79' lang='grc' dir='ltr'>τὴν</span> <span class='ocrx_word' id='word_1_763' title='bbox 1078 4651 1279 4722; x_wconf 88' lang='grc' dir='ltr'>ἀργίαν</span> <span class='ocrx_word' id='word_1_764' title='bbox 1317 4651 1417 4716; x_wconf 73' lang='grc' dir='ltr'>τῆς</span> <span class='ocrx_word' id='word_1_765' title='bbox 1465 4650 1718 4718; x_wconf 76' lang='grc' dir='ltr'>φύσεωςς</span> 
     </span>
    </p>
   </div>
   <div class='ocr_carea' id='block_1_97' title="bbox 129 4735 1720 4812">
    <p class='ocr_par' dir='ltr' id='par_1_97' title="bbox 129 4735 1720 4812">
     <span class='ocr_line' id='line_1_97' title="bbox 129 4735 1720 4812; baseline 0.003 -24"><span class='ocrx_word' id='word_1_766' title='bbox 129 4739 238 4801; x_wconf 68' lang='grc' dir='ltr'><strong>Πῶς</strong></span> <span class='ocrx_word' id='word_1_767' title='bbox 271 4743 609 4794; x_wconf 70' lang='grc' dir='ltr'>πείσω-’τὸν</span> <span class='ocrx_word' id='word_1_768' title='bbox 648 4741 926 4812; x_wconf 67' lang='grc' dir='ltr'>ὀφθαλμὺν</span> <span class='ocrx_word' id='word_1_769' title='bbox 963 4743 1036 4812; x_wconf 72' lang='grc' dir='ltr'>μὴ</span> <span class='ocrx_word' id='word_1_770' title='bbox 1067 4743 1200 4812; x_wconf 77' lang='grc' dir='ltr'>ὀρᾷν</span> <span class='ocrx_word' id='word_1_771' title='bbox 1231 4743 1290 4793; x_wconf 88' lang='grc' dir='ltr'><strong>ἐν</strong></span> <span class='ocrx_word' id='word_1_772' title='bbox 1330 4740 1592 4810; x_wconf 70' lang='grc' dir='ltr'><strong>Σαϐϐάτῳ</strong></span> <span class='ocrx_word' id='word_1_773' title='bbox 1617 4779 1631 4801; x_wconf 94' lang='grc'><strong>,</strong></span> <span class='ocrx_word' id='word_1_774' title='bbox 1660 4735 1720 4793; x_wconf 74' lang='grc' dir='ltr'><strong>οὗ</strong></span> 
     </span>
    </p>
   </div>
   <div class='ocr_carea' id='block_1_98' title="bbox 129 4827 1719 4900">
    <p class='ocr_par' dir='ltr' id='par_1_98' title="bbox 129 4827 1719 4900">
     <span class='ocr_line' id='line_1_98' title="bbox 129 4827 1719 4900; baseline 0.001 -21"><span class='ocrx_word' id='word_1_775' title='bbox 129 4827 275 4892; x_wconf 57' lang='lat' dir='ltr'><strong>7.5m;</strong></span> <span class='ocrx_word' id='word_1_776' title='bbox 306 4833 430 4882; x_wconf 72' lang='grc' dir='ltr'>ἐστὶ</span> <span class='ocrx_word' id='word_1_777' title='bbox 482 4831 552 4882; x_wconf 87' lang='grc' dir='ltr'>τὸ</span> <span class='ocrx_word' id='word_1_778' title='bbox 581 4832 794 4894; x_wconf 78' lang='grc' dir='ltr'>πάντως</span> <span class='ocrx_word' id='word_1_779' title='bbox 818 4849 868 4883; x_wconf 88' lang='grc' dir='ltr'><strong>τι</strong></span> <span class='ocrx_word' id='word_1_780' title='bbox 903 4831 1120 4900; x_wconf 80' lang='grc' dir='ltr'>βλέπειν</span> <span class='ocrx_word' id='word_1_781' title='bbox 1147 4848 1161 4885; x_wconf 90' lang='lat'>:</span> <span class='ocrx_word' id='word_1_782' title='bbox 1197 4829 1318 4891; x_wconf 84' lang='grc' dir='ltr'><strong>ῐΙῶς</strong></span> <span class='ocrx_word' id='word_1_783' title='bbox 1342 4830 1439 4898; x_wconf 80' lang='grc' dir='ltr'><strong>τὴν</strong></span> <span class='ocrx_word' id='word_1_784' title='bbox 1465 4831 1719 4882; x_wconf 86' lang='grc' dir='ltr'>ἀκουστι-</span> 
     </span>
    </p>
   </div>
   <div class='ocr_carea' id='block_1_99' title="bbox 128 4916 1717 4989">
    <p class='ocr_par' dir='ltr' id='par_1_99' title="bbox 128 4916 1717 4989">
     <span class='ocr_line' id='line_1_99' title="bbox 128 4916 1717 4989; baseline -0.004 -19"><span class='ocrx_word' id='word_1_785' title='bbox 128 4916 215 4980; x_wconf 69' lang='grc' dir='ltr'>κίςν</span> <span class='ocrx_word' id='word_1_786' title='bbox 243 4919 464 4988; x_wconf 77' lang='grc' dir='ltr'>ἐπίσχω</span> <span class='ocrx_word' id='word_1_787' title='bbox 498 4919 829 4989; x_wconf 81' lang='grc' dir='ltr'>ἐνέργειαν;</span> <span class='ocrx_word' id='word_1_788' title='bbox 868 4920 990 4984; x_wconf 81' lang='grc' dir='ltr'><strong>Πῶς</strong></span> <span class='ocrx_word' id='word_1_789' title='bbox 1023 4920 1217 4988; x_wconf 77' lang='grc' dir='ltr'>πεισθῇ</span> <span class='ocrx_word' id='word_1_790' title='bbox 1254 4935 1343 4988; x_wconf 90' lang='grc' dir='ltr'><strong>μοι</strong></span> <span class='ocrx_word' id='word_1_791' title='bbox 1366 4920 1399 4986; x_wconf 84' lang='grc' dir='ltr'><strong>ὴ</strong></span> <span class='ocrx_word' id='word_1_792' title='bbox 1449 4919 1717 4986; x_wconf 71' lang='grc' dir='ltr'>ὄσφρησις</span> 
     </span>
    </p>
   </div>
   <div class='ocr_carea' id='block_1_100' title="bbox 130 5006 1721 5086">
    <p class='ocr_par' dir='ltr' id='par_1_100' title="bbox 130 5006 1721 5086">
     <span class='ocr_line' id='line_1_100' title="bbox 130 5006 1721 5086; baseline 0.005 -32"><span class='ocrx_word' id='word_1_793' title='bbox 130 5006 214 5075; x_wconf 67' lang='grc' dir='ltr'>τὴν</span> <span class='ocrx_word' id='word_1_794' title='bbox 260 5010 679 5078; x_wconf 74' lang='grc' dir='ltr'>ἀντιληπτικὴν</span> <span class='ocrx_word' id='word_1_795' title='bbox 724 5010 978 5080; x_wconf 80' lang='grc' dir='ltr'>αἴσθησιν</span> <span class='ocrx_word' id='word_1_796' title='bbox 1031 5011 1140 5063; x_wconf 86' lang='grc' dir='ltr'>τῶν</span> <span class='ocrx_word' id='word_1_797' title='bbox 1185 5007 1377 5078; x_wconf 83' lang='grc' dir='ltr'>ἀτμῶν</span> <span class='ocrx_word' id='word_1_798' title='bbox 1422 5006 1721 5086; x_wconf 75' lang='grc' dir='ltr'>ἀποθέσθαι</span> 
     </span>
    </p>
   </div>
   <div class='ocr_carea' id='block_1_101' title="bbox 131 5096 1724 5169">
    <p class='ocr_par' dir='ltr' id='par_1_101' title="bbox 131 5096 1724 5169">
     <span class='ocr_line' id='line_1_101' title="bbox 131 5096 1724 5169; baseline 0.003 -23"><span class='ocrx_word' id='word_1_799' title='bbox 131 5099 257 5150; x_wconf 71' lang='grc' dir='ltr'>κατὰ</span> <span class='ocrx_word' id='word_1_800' title='bbox 279 5101 340 5151; x_wconf 66' lang='grc' dir='ltr'>τὸ</span> <span class='ocrx_word' id='word_1_801' title='bbox 359 5101 660 5152; x_wconf 72' lang='grc' dir='ltr'>Σὰῦῦατον</span> <span class='ocrx_word' id='word_1_802' title='bbox 680 5117 694 5156; x_wconf 90' lang='lat'>:</span> <span class='ocrx_word' id='word_1_803' title='bbox 711 5102 834 5162; x_wconf 83' lang='grc' dir='ltr'><strong>Πῶς</strong></span> <span class='ocrx_word' id='word_1_804' title='bbox 862 5100 916 5153; x_wconf 81' lang='grc' dir='ltr'>δὲ</span> <span class='ocrx_word' id='word_1_805' title='bbox 936 5101 1330 5169; x_wconf 82' lang='grc' dir='ltr'>οὐκένεργήσει</span> <span class='ocrx_word' id='word_1_806' title='bbox 1352 5096 1418 5150; x_wconf 82' lang='grc' dir='ltr'><strong>τὰ</strong></span> <span class='ocrx_word' id='word_1_807' title='bbox 1441 5097 1724 5167; x_wconf 82' lang='grc' dir='ltr'>σπλάγχνα</span> 
     </span>
    </p>
   </div>
   <div class='ocr_carea' id='block_1_102' title="bbox 133 5187 1726 5261">
    <p class='ocr_par' dir='ltr' id='par_1_102' title="bbox 133 5187 1726 5261">
     <span class='ocr_line' id='line_1_102' title="bbox 133 5187 1726 5261; baseline -0.002 -20"><span class='ocrx_word' id='word_1_808' title='bbox 133 5189 215 5256; x_wconf 68' lang='grc' dir='ltr'>τὴν</span> <span class='ocrx_word' id='word_1_809' title='bbox 239 5190 376 5242; x_wconf 79' lang='grc' dir='ltr'>ἰδίαν</span> <span class='ocrx_word' id='word_1_810' title='bbox 408 5192 724 5261; x_wconf 75' lang='grc' dir='ltr'>ἐνέργειαν,</span> <span class='ocrx_word' id='word_1_811' title='bbox 767 5191 845 5261; x_wconf 81' lang='grc' dir='ltr'>τῷ</span> <span class='ocrx_word' id='word_1_812' title='bbox 872 5191 1022 5261; x_wconf 86' lang='grc' dir='ltr'>νόμῳ</span> <span class='ocrx_word' id='word_1_813' title='bbox 1045 5189 1386 5254; x_wconf 84' lang='grc' dir='ltr'>δουλεύοντα,</span> <span class='ocrx_word' id='word_1_814' title='bbox 1414 5187 1555 5242; x_wconf 84' lang='grc' dir='ltr'>ὥστε</span> <span class='ocrx_word' id='word_1_815' title='bbox 1589 5189 1726 5241; x_wconf 85' lang='grc' dir='ltr'>ἄπε-</span> 
     </span>
    </p>
   </div>
   <div class='ocr_carea' id='block_1_103' title="bbox 136 5281 1725 5354">
    <p class='ocr_par' dir='ltr' id='par_1_103' title="bbox 136 5281 1725 5354">
     <span class='ocr_line' id='line_1_103' title="bbox 136 5281 1725 5354; baseline 0 -22"><span class='ocrx_word' id='word_1_816' title='bbox 136 5300 249 5334; x_wconf 69' lang='grc' dir='ltr'>πτον</span> <span class='ocrx_word' id='word_1_817' title='bbox 293 5287 397 5353; x_wconf 67' lang='grc' dir='ltr'>τὴν</span> <span class='ocrx_word' id='word_1_818' title='bbox 439 5283 662 5352; x_wconf 60' lang='grc' dir='ltr'>τροφὴν</span> <span class='ocrx_word' id='word_1_819' title='bbox 705 5285 963 5354; x_wconf 83' lang='grc' dir='ltr'>ἐμμεῖναι</span> <span class='ocrx_word' id='word_1_820' title='bbox 999 5282 1076 5351; x_wconf 77' lang='grc' dir='ltr'>τῷ</span> <span class='ocrx_word' id='word_1_821' title='bbox 1125 5282 1360 5353; x_wconf 82' lang='grc' dir='ltr'>σώματι,</span> <span class='ocrx_word' id='word_1_822' title='bbox 1413 5283 1502 5336; x_wconf 84' lang='grc' dir='ltr'>ἵνα</span> <span class='ocrx_word' id='word_1_823' title='bbox 1549 5281 1725 5351; x_wconf 79' lang='grc' dir='ltr'>ἀργὴν</span> 
     </span>
    </p>
   </div>
   <div class='ocr_carea' id='block_1_104' title="bbox 137 5373 1728 5453">
    <p class='ocr_par' dir='ltr' id='par_1_104' title="bbox 137 5373 1728 5453">
     <span class='ocr_line' id='line_1_104' title="bbox 137 5373 1728 5453; baseline 0.005 -33"><span class='ocrx_word' id='word_1_824' title='bbox 137 5373 270 5446; x_wconf 61' lang='grc' dir='ltr'><strong>ἰτΞῇ</strong></span> <span class='ocrx_word' id='word_1_825' title='bbox 293 5378 398 5445; x_wconf 73' lang='grc' dir='ltr'>τὴν</span> <span class='ocrx_word' id='word_1_826' title='bbox 433 5375 617 5442; x_wconf 66' lang='grc' dir='ltr'>εςύσιν</span> <span class='ocrx_word' id='word_1_827' title='bbox 648 5376 784 5430; x_wconf 81' lang='grc' dir='ltr'><strong>κατά</strong></span> <span class='ocrx_word' id='word_1_828' title='bbox 815 5375 875 5427; x_wconf 76' lang='grc' dir='ltr'><strong>τὸ</strong></span> <span class='ocrx_word' id='word_1_829' title='bbox 915 5375 1189 5428; x_wconf 76' lang='grc' dir='ltr'>Σάδϐατον</span> <span class='ocrx_word' id='word_1_830' title='bbox 1215 5393 1228 5442; x_wconf 88' lang='grc'>;</span> <span class='ocrx_word' id='word_1_831' title='bbox 1268 5380 1328 5436; x_wconf 65' lang='lat' dir='ltr'><strong>Et</strong></span> <span class='ocrx_word' id='word_1_832' title='bbox 1369 5380 1433 5453; x_wconf 82' lang='grc' dir='ltr'>δὴ</span> <span class='ocrx_word' id='word_1_833' title='bbox 1467 5377 1534 5432; x_wconf 68' lang='grc' dir='ltr'><strong>τὰ</strong></span> <span class='ocrx_word' id='word_1_834' title='bbox 1566 5376 1728 5429; x_wconf 84' lang='grc' dir='ltr'>λοιπὰ</span> 
     </span>
    </p>
   </div>
   <div class='ocr_carea' id='block_1_105' title="bbox 143 5465 1727 5541">
    <p class='ocr_par' dir='ltr' id='par_1_105' title="bbox 143 5465 1727 5541">
     <span class='ocr_line' id='line_1_105' title="bbox 143 5465 1727 5541; baseline 0.003 -25"><span class='ocrx_word' id='word_1_835' title='bbox 143 5465 221 5516; x_wconf 71' lang='grc' dir='ltr'>τνύ</span> <span class='ocrx_word' id='word_1_836' title='bbox 259 5466 522 5535; x_wconf 73' lang='grc' dir='ltr'>σώματος</span> <span class='ocrx_word' id='word_1_837' title='bbox 557 5465 712 5533; x_wconf 84' lang='grc' dir='ltr'>ἡμῶν</span> <span class='ocrx_word' id='word_1_838' title='bbox 733 5467 792 5520; x_wconf 77' lang='grc' dir='ltr'><strong>ού</strong></span> <span class='ocrx_word' id='word_1_839' title='bbox 831 5465 1052 5518; x_wconf 86' lang='grc' dir='ltr'>δύναται</span> <span class='ocrx_word' id='word_1_840' title='bbox 1080 5465 1325 5536; x_wconf 75' lang='grc' dir='ltr'>δέξασθαι</span> <span class='ocrx_word' id='word_1_841' title='bbox 1363 5479 1457 5534; x_wconf 73' lang='grc' dir='ltr'><strong>τὸν</strong></span> <span class='ocrx_word' id='word_1_842' title='bbox 1493 5472 1593 5541; x_wconf 80' lang='grc' dir='ltr'>τῆς</span> <span class='ocrx_word' id='word_1_843' title='bbox 1629 5469 1727 5538; x_wconf 86' lang='grc' dir='ltr'>ἀρ-</span> 
     </span>
    </p>
   </div>
   <div class='ocr_carea' id='block_1_106' title="bbox 147 5554 1727 5651">
    <p class='ocr_par' dir='ltr' id='par_1_106' title="bbox 147 5554 1727 5651">
     <span class='ocr_line' id='line_1_106' title="bbox 147 5554 1727 5651; baseline 0.006 -50"><span class='ocrx_word' id='word_1_844' title='bbox 147 5557 254 5617; x_wconf 73' lang='grc' dir='ltr'>γίας</span> <span class='ocrx_word' id='word_1_845' title='bbox 285 5558 458 5624; x_wconf 65' lang='grc' dir='ltr'>νόμον</span> <span class='ocrx_word' id='word_1_846' title='bbox 511 5554 667 5621; x_wconf 70' lang='grc' dir='ltr'>(οὐδὲ</span> <span class='ocrx_word' id='word_1_847' title='bbox 697 5557 804 5626; x_wconf 75' lang='grc' dir='ltr'>γὰρ</span> <span class='ocrx_word' id='word_1_848' title='bbox 833 5555 969 5618; x_wconf 83' lang='grc' dir='ltr'>ὅλως</span> <span class='ocrx_word' id='word_1_849' title='bbox 996 5557 1052 5606; x_wconf 85' lang='grc' dir='ltr'><strong>ἐν</strong></span> <span class='ocrx_word' id='word_1_850' title='bbox 1084 5559 1145 5626; x_wconf 78' lang='grc' dir='ltr'>τῇ</span> <span class='ocrx_word' id='word_1_851' title='bbox 1188 5559 1295 5651; x_wconf 69' lang='grc' dir='ltr'><strong>ζωῇ</strong></span> <span class='ocrx_word' id='word_1_852' title='bbox 1327 5576 1484 5636; x_wconf 54' lang='grc' dir='ltr'><strong>ἔσται</strong></span> <span class='ocrx_word' id='word_1_853' title='bbox 1538 5559 1608 5614; x_wconf 67' lang='grc' dir='ltr'>τὰ</span> <span class='ocrx_word' id='word_1_854' title='bbox 1651 5557 1727 5628; x_wconf 80' lang='grc' dir='ltr'>μὴ</span> 
     </span>
    </p>
   </div>
   <div class='ocr_carea' id='block_1_107' title="bbox 152 5631 1728 5745">
    <p class='ocr_par' dir='ltr' id='par_1_107' title="bbox 152 5631 1728 5745">
     <span class='ocr_line' id='line_1_107' title="bbox 152 5631 1728 5745; baseline 0.004 -51"><span class='ocrx_word' id='word_1_855' title='bbox 152 5645 420 5713; x_wconf 46' lang='lat' dir='ltr'><strong>inme-3.1“.</strong></span> <span class='ocrx_word' id='word_1_856' title='bbox 431 5647 513 5714; x_wconf 84' lang='grc' dir='ltr'><strong>α),</strong></span> <span class='ocrx_word' id='word_1_857' title='bbox 538 5646 645 5697; x_wconf 74' lang='grc' dir='ltr'>οὐκ</span> <span class='ocrx_word' id='word_1_858' title='bbox 667 5647 775 5699; x_wconf 69' lang='grc' dir='ltr'>ἔστι</span> <span class='ocrx_word' id='word_1_859' title='bbox 799 5648 1011 5708; x_wconf 81' lang='grc' dir='ltr'>πάντως</span> <span class='ocrx_word' id='word_1_860' title='bbox 1026 5646 1082 5697; x_wconf 81' lang='grc' dir='ltr'><strong>τὸ</strong></span> <span class='ocrx_word' id='word_1_861' title='bbox 1100 5649 1164 5719; x_wconf 69' lang='grc' dir='ltr'>μή</span> <span class='ocrx_word' id='word_1_862' title='bbox 1184 5672 1252 5720; x_wconf 61' lang='grc' dir='ltr'>πα</span> <span class='ocrx_word' id='word_1_863' title='bbox 1263 5631 1642 5745; x_wconf 55' lang='grc' dir='ltr'>ξανοαηοῇναι</span> <span class='ocrx_word' id='word_1_864' title='bbox 1672 5651 1728 5701; x_wconf 78' lang='grc' dir='ltr'>τὸ</span> 
     </span>
    </p>
   </div>
   <div class='ocr_carea' id='block_1_108' title="bbox 475 5729 1399 5806">
    <p class='ocr_par' dir='ltr' id='par_1_108' title="bbox 475 5729 1399 5806">
     <span class='ocr_line' id='line_1_108' title="bbox 475 5729 1399 5806; baseline 0.008 -6"><span class='ocrx_word' id='word_1_865' title='bbox 475 5744 753 5803; x_wconf 75' lang='grc' dir='ltr'>ΡΑτιιοι.</span> <span class='ocrx_word' id='word_1_866' title='bbox 798 5745 913 5802; x_wconf 73' lang='grc' dir='ltr'>(ιιι.</span> <span class='ocrx_word' id='word_1_867' title='bbox 963 5743 1155 5806; x_wconf 70' lang='lat' dir='ltr'><strong>xui:</strong></span> 
     </span>
    </p>
   </div>
   <div class='ocr_carea' id='block_1_109' title="bbox 1826 4463 3402 4538">
    <p class='ocr_par' dir='ltr' id='par_1_109' title="bbox 1826 4463 3402 4538">
     <span class='ocr_line' id='line_1_109' title="bbox 1826 4463 3402 4538; baseline 0.004 -22"><span class='ocrx_word' id='word_1_868' title='bbox 1826 4470 2030 4520; x_wconf 90' lang='lat' dir='ltr'><strong>motus.</strong></span> <span class='ocrx_word' id='word_1_869' title='bbox 2069 4463 2322 4518; x_wconf 88' lang='lat' dir='ltr'><strong>manibus</strong></span> <span class='ocrx_word' id='word_1_870' title='bbox 2361 4478 2423 4517; x_wconf 86' lang='lat' dir='ltr'><strong>ea</strong></span> <span class='ocrx_word' id='word_1_871' title='bbox 2454 4480 2576 4534; x_wconf 49' lang='lat' dir='ltr'><strong>qua</strong></span> <span class='ocrx_word' id='word_1_872' title='bbox 2615 4475 2673 4518; x_wconf 89' lang='lat' dir='ltr'><strong>ut</strong></span> <span class='ocrx_word' id='word_1_873' title='bbox 2711 4467 2801 4520; x_wconf 89' lang='lat' dir='ltr'><strong>illa</strong></span> <span class='ocrx_word' id='word_1_874' title='bbox 2834 4469 3073 4521; x_wconf 87' lang='lat' dir='ltr'><strong>membra</strong></span> <span class='ocrx_word' id='word_1_875' title='bbox 3105 4485 3402 4538; x_wconf 77' lang='lat' dir='ltr'><strong>operare&quot;-</strong></span> 
     </span>
    </p>
   </div>
   <div class='ocr_carea' id='block_1_110' title="bbox 1825 4553 3402 4629">
    <p class='ocr_par' dir='ltr' id='par_1_110' title="bbox 1825 4553 3402 4629">
     <span class='ocr_line' id='line_1_110' title="bbox 1825 4553 3402 4629; baseline 0.006 -25"><span class='ocrx_word' id='word_1_876' title='bbox 1825 4559 1915 4604; x_wconf 89' lang='lat' dir='ltr'><strong>tur</strong></span> <span class='ocrx_word' id='word_1_877' title='bbox 1941 4553 2098 4605; x_wconf 91' lang='lat' dir='ltr'><strong>nobis</strong></span> <span class='ocrx_word' id='word_1_878' title='bbox 2130 4568 2159 4605; x_wconf 74' lang='grc' dir='ltr'><strong>ιι</strong></span> <span class='ocrx_word' id='word_1_879' title='bbox 2190 4562 2382 4606; x_wconf 85' lang='lat' dir='ltr'><strong>natura</strong></span> <span class='ocrx_word' id='word_1_880' title='bbox 2416 4563 2499 4610; x_wconf 86' lang='lat' dir='ltr'><strong>est</strong></span> <span class='ocrx_word' id='word_1_881' title='bbox 2544 4557 2787 4610; x_wconf 88' lang='lat' dir='ltr'><strong>insitum.</strong></span> <span class='ocrx_word' id='word_1_882' title='bbox 2822 4558 3106 4623; x_wconf 83' lang='lat' dir='ltr'><strong>Quomodo</strong></span> <span class='ocrx_word' id='word_1_883' title='bbox 3129 4575 3258 4629; x_wconf 78' lang='lat' dir='ltr'><strong>ergo</strong></span> <span class='ocrx_word' id='word_1_884' title='bbox 3290 4561 3402 4614; x_wconf 80' lang='lat' dir='ltr'><strong>fieri</strong></span> 
     </span>
    </p>
   </div>
   <div class='ocr_carea' id='block_1_111' title="bbox 1826 4647 3402 4716">
    <p class='ocr_par' dir='ltr' id='par_1_111' title="bbox 1826 4647 3402 4716">
     <span class='ocr_line' id='line_1_111' title="bbox 1826 4647 3402 4716; baseline 0.005 -20"><span class='ocrx_word' id='word_1_885' title='bbox 1826 4652 2021 4712; x_wconf 80' lang='lat' dir='ltr'><strong>potest,</strong></span> <span class='ocrx_word' id='word_1_886' title='bbox 2057 4653 2114 4697; x_wconf 91' lang='lat' dir='ltr'><strong>ut</strong></span> <span class='ocrx_word' id='word_1_887' title='bbox 2140 4647 2273 4698; x_wconf 88' lang='lat' dir='ltr'><strong>nihil</strong></span> <span class='ocrx_word' id='word_1_888' title='bbox 2299 4647 2492 4716; x_wconf 78' lang='lat' dir='ltr'><strong>agendi</strong></span> <span class='ocrx_word' id='word_1_889' title='bbox 2523 4648 2605 4700; x_wconf 80' lang='lat' dir='ltr'><strong>lex</strong></span> <span class='ocrx_word' id='word_1_890' title='bbox 2637 4648 3014 4711; x_wconf 76' lang='lat' dir='ltr'><strong>conlirnwtur,</strong></span> <span class='ocrx_word' id='word_1_891' title='bbox 3053 4650 3095 4702; x_wconf 87' lang='lat' dir='ltr'><strong>si</strong></span> <span class='ocrx_word' id='word_1_892' title='bbox 3123 4661 3181 4702; x_wconf 88' lang='lat' dir='ltr'><strong>ut</strong></span> <span class='ocrx_word' id='word_1_893' title='bbox 3211 4661 3402 4704; x_wconf 65' lang='lat' dir='ltr'><strong>natura</strong></span> 
     </span>
    </p>
   </div>
   <div class='ocr_carea' id='block_1_112' title="bbox 1826 4735 3406 4809">
    <p class='ocr_par' dir='ltr' id='par_1_112' title="bbox 1826 4735 3406 4809">
     <span class='ocr_line' id='line_1_112' title="bbox 1826 4735 3406 4809; baseline 0.005 -23"><span class='ocrx_word' id='word_1_894' title='bbox 1826 4735 1898 4786; x_wconf 89' lang='lat' dir='ltr'><strong>sit</strong></span> <span class='ocrx_word' id='word_1_895' title='bbox 1927 4735 2101 4787; x_wconf 91' lang='lat' dir='ltr'><strong>otiosa</strong></span> <span class='ocrx_word' id='word_1_896' title='bbox 2144 4735 2366 4789; x_wconf 84' lang='lat' dir='ltr'><strong>minime</strong></span> <span class='ocrx_word' id='word_1_897' title='bbox 2405 4737 2784 4792; x_wconf 86' lang='lat' dir='ltr'><strong>admittimus?</strong></span> <span class='ocrx_word' id='word_1_898' title='bbox 2835 4739 3118 4804; x_wconf 84' lang='lat' dir='ltr'><strong>Quomodo</strong></span> <span class='ocrx_word' id='word_1_899' title='bbox 3177 4757 3406 4809; x_wconf 67' lang='lat' dir='ltr'><strong>persua-</strong></span> 
     </span>
    </p>
   </div>
   <div class='ocr_carea' id='block_1_113' title="bbox 1825 4822 3407 4895">
    <p class='ocr_par' dir='ltr' id='par_1_113' title="bbox 1825 4822 3407 4895">
     <span class='ocr_line' id='line_1_113' title="bbox 1825 4822 3407 4895; baseline 0.006 -23"><span class='ocrx_word' id='word_1_900' title='bbox 1825 4822 1963 4877; x_wconf 88' lang='lat' dir='ltr'><strong>debo</strong></span> <span class='ocrx_word' id='word_1_901' title='bbox 1995 4824 2156 4875; x_wconf 75' lang='lat' dir='ltr'><strong>oculo</strong></span> <span class='ocrx_word' id='word_1_902' title='bbox 2185 4840 2251 4878; x_wconf 92' lang='lat' dir='ltr'><strong>ne</strong></span> <span class='ocrx_word' id='word_1_903' title='bbox 2280 4825 2456 4878; x_wconf 82' lang='lat' dir='ltr'><strong>videat</strong></span> <span class='ocrx_word' id='word_1_904' title='bbox 2505 4826 2768 4887; x_wconf 88' lang='lat' dir='ltr'><strong>Sabbato,</strong></span> <span class='ocrx_word' id='word_1_905' title='bbox 2803 4828 2964 4895; x_wconf 87' lang='lat' dir='ltr'><strong>cujus</strong></span> <span class='ocrx_word' id='word_1_906' title='bbox 3001 4839 3192 4883; x_wconf 89' lang='lat' dir='ltr'><strong>natura</strong></span> <span class='ocrx_word' id='word_1_907' title='bbox 3230 4843 3314 4883; x_wconf 84' lang='lat' dir='ltr'><strong>est</strong></span> <span class='ocrx_word' id='word_1_908' title='bbox 3351 4839 3407 4882; x_wconf 87' lang='lat' dir='ltr'><strong>ut</strong></span> 
     </span>
    </p>
   </div>
   <div class='ocr_carea' id='block_1_114' title="bbox 1827 4915 3407 4986">
    <p class='ocr_par' dir='ltr' id='par_1_114' title="bbox 1827 4915 3407 4986">
     <span class='ocr_line' id='line_1_114' title="bbox 1827 4915 3407 4986; baseline 0.002 -16"><span class='ocrx_word' id='word_1_909' title='bbox 1827 4930 2041 4984; x_wconf 79' lang='lat' dir='ltr'><strong>semper</strong></span> <span class='ocrx_word' id='word_1_910' title='bbox 2069 4915 2274 4984; x_wconf 88' lang='lat' dir='ltr'><strong>aliquid</strong></span> <span class='ocrx_word' id='word_1_911' title='bbox 2309 4917 2575 4986; x_wconf 88' lang='lat' dir='ltr'><strong>aspiciat?</strong></span> <span class='ocrx_word' id='word_1_912' title='bbox 2611 4919 2898 4984; x_wconf 80' lang='lat' dir='ltr'><strong>Quomodo</strong></span> <span class='ocrx_word' id='word_1_913' title='bbox 2929 4922 3184 4975; x_wconf 73' lang='lat' dir='ltr'><strong>audiendi</strong></span> <span class='ocrx_word' id='word_1_914' title='bbox 3217 4923 3407 4976; x_wconf 78' lang='lat' dir='ltr'><strong>sistam</strong></span> 
     </span>
    </p>
   </div>
   <div class='ocr_carea' id='block_1_115' title="bbox 1827 5003 3410 5077">
    <p class='ocr_par' dir='ltr' id='par_1_115' title="bbox 1827 5003 3410 5077">
     <span class='ocr_line' id='line_1_115' title="bbox 1827 5003 3410 5077; baseline 0.005 -20"><span class='ocrx_word' id='word_1_915' title='bbox 1827 5003 2198 5072; x_wconf 87' lang='lat' dir='ltr'><strong>operationem</strong></span> <span class='ocrx_word' id='word_1_916' title='bbox 2226 5005 2248 5056; x_wconf 91' lang='lat'><strong>?</strong></span> <span class='ocrx_word' id='word_1_917' title='bbox 2279 5004 2566 5070; x_wconf 67' lang='lat' dir='ltr'><strong>Quemodo</strong></span> <span class='ocrx_word' id='word_1_918' title='bbox 2590 5022 2618 5060; x_wconf 87' lang='lat' dir='ltr'><strong>a</strong></span> <span class='ocrx_word' id='word_1_919' title='bbox 2647 5024 2731 5062; x_wconf 86' lang='lat' dir='ltr'><strong>me</strong></span> <span class='ocrx_word' id='word_1_920' title='bbox 2763 5011 3180 5077; x_wconf 84' lang='lat' dir='ltr'><strong>persuadebitur</strong></span> <span class='ocrx_word' id='word_1_921' title='bbox 3213 5013 3410 5066; x_wconf 84' lang='lat' dir='ltr'><strong>odora-</strong></span> 
     </span>
    </p>
   </div>
   <div class='ocr_carea' id='block_1_116' title="bbox 1830 5096 3411 5173">
    <p class='ocr_par' dir='ltr' id='par_1_116' title="bbox 1830 5096 3411 5173">
     <span class='ocr_line' id='line_1_116' title="bbox 1830 5096 3411 5173; baseline 0.005 -25"><span class='ocrx_word' id='word_1_922' title='bbox 1830 5096 1930 5154; x_wconf 91' lang='lat' dir='ltr'><strong>tui,</strong></span> <span class='ocrx_word' id='word_1_923' title='bbox 1986 5105 2044 5148; x_wconf 90' lang='lat' dir='ltr'><strong>ut</strong></span> <span class='ocrx_word' id='word_1_924' title='bbox 2086 5097 2323 5166; x_wconf 83' lang='lat' dir='ltr'><strong>deponat</strong></span> <span class='ocrx_word' id='word_1_925' title='bbox 2363 5113 2586 5153; x_wconf 88' lang='lat' dir='ltr'><strong>sensum</strong></span> <span class='ocrx_word' id='word_1_926' title='bbox 2619 5101 2711 5169; x_wconf 94' lang='lat' dir='ltr'><strong>qui</strong></span> <span class='ocrx_word' id='word_1_927' title='bbox 2743 5103 3104 5171; x_wconf 79' lang='lat' dir='ltr'><strong>apprehendit</strong></span> <span class='ocrx_word' id='word_1_928' title='bbox 3141 5105 3411 5173; x_wconf 65' lang='lat' dir='ltr'><strong>vapores?</strong></span> 
     </span>
    </p>
   </div>
   <div class='ocr_carea' id='block_1_117' title="bbox 1830 5187 3411 5262">
    <p class='ocr_par' dir='ltr' id='par_1_117' title="bbox 1830 5187 3411 5262">
     <span class='ocr_line' id='line_1_117' title="bbox 1830 5187 3411 5262; baseline 0.004 -22"><span class='ocrx_word' id='word_1_929' title='bbox 1830 5187 1950 5254; x_wconf 90' lang='lat' dir='ltr'><strong>Quo</strong></span> <span class='ocrx_word' id='word_1_930' title='bbox 1979 5198 2138 5258; x_wconf 88' lang='lat' dir='ltr'><strong>pacto</strong></span> <span class='ocrx_word' id='word_1_931' title='bbox 2166 5199 2346 5244; x_wconf 88' lang='lat' dir='ltr'><strong>autem</strong></span> <span class='ocrx_word' id='word_1_932' title='bbox 2374 5206 2481 5245; x_wconf 90' lang='lat' dir='ltr'><strong>non</strong></span> <span class='ocrx_word' id='word_1_933' title='bbox 2502 5193 2835 5246; x_wconf 81' lang='lat' dir='ltr'><strong>exercebunt</strong></span> <span class='ocrx_word' id='word_1_934' title='bbox 2860 5194 3071 5248; x_wconf 76' lang='lat' dir='ltr'><strong>viscera</strong></span> <span class='ocrx_word' id='word_1_935' title='bbox 3103 5211 3256 5248; x_wconf 86' lang='lat' dir='ltr'><strong>suam</strong></span> <span class='ocrx_word' id='word_1_936' title='bbox 3289 5210 3411 5262; x_wconf 89' lang='lat' dir='ltr'><strong>ope-</strong></span> 
     </span>
    </p>
   </div>
   <div class='ocr_carea' id='block_1_118' title="bbox 1833 5283 3411 5352">
    <p class='ocr_par' dir='ltr' id='par_1_118' title="bbox 1833 5283 3411 5352">
     <span class='ocr_line' id='line_1_118' title="bbox 1833 5283 3411 5352; baseline -0.001 -16"><span class='ocrx_word' id='word_1_937' title='bbox 1833 5283 2124 5344; x_wconf 85' lang='lat' dir='ltr'><strong>rationem,</strong></span> <span class='ocrx_word' id='word_1_938' title='bbox 2178 5284 2280 5352; x_wconf 77' lang='grc' dir='ltr'><strong>ιιιεί</strong></span> <span class='ocrx_word' id='word_1_939' title='bbox 2313 5284 2628 5349; x_wconf 86' lang='lat' dir='ltr'><strong>servientia,</strong></span> <span class='ocrx_word' id='word_1_940' title='bbox 2671 5287 2745 5339; x_wconf 82' lang='lat' dir='ltr'><strong>ita</strong></span> <span class='ocrx_word' id='word_1_941' title='bbox 2784 5295 2843 5338; x_wconf 90' lang='lat' dir='ltr'><strong>ut</strong></span> <span class='ocrx_word' id='word_1_942' title='bbox 2892 5287 3164 5341; x_wconf 84' lang='lat' dir='ltr'><strong>incoctum</strong></span> <span class='ocrx_word' id='word_1_943' title='bbox 3198 5295 3411 5339; x_wconf 80' lang='lat' dir='ltr'><strong>maneat</strong></span> 
     </span>
    </p>
   </div>
   <div class='ocr_carea' id='block_1_119' title="bbox 1835 5374 3409 5444">
    <p class='ocr_par' dir='ltr' id='par_1_119' title="bbox 1835 5374 3409 5444">
     <span class='ocr_line' id='line_1_119' title="bbox 1835 5374 3409 5444; baseline -0.002 -16"><span class='ocrx_word' id='word_1_944' title='bbox 1835 5374 1888 5428; x_wconf 90' lang='lat' dir='ltr'><strong>in</strong></span> <span class='ocrx_word' id='word_1_945' title='bbox 1925 5391 2154 5444; x_wconf 89' lang='lat' dir='ltr'><strong>corpore</strong></span> <span class='ocrx_word' id='word_1_946' title='bbox 2202 5376 2618 5436; x_wconf 83' lang='lat' dir='ltr'><strong>nutrimentum.</strong></span> <span class='ocrx_word' id='word_1_947' title='bbox 2677 5388 2733 5430; x_wconf 89' lang='lat' dir='ltr'><strong>ut</strong></span> <span class='ocrx_word' id='word_1_948' title='bbox 2781 5378 2833 5431; x_wconf 92' lang='lat' dir='ltr'><strong>in</strong></span> <span class='ocrx_word' id='word_1_949' title='bbox 2874 5377 3114 5431; x_wconf 75' lang='lat' dir='ltr'><strong>Sabhato</strong></span> <span class='ocrx_word' id='word_1_950' title='bbox 3162 5387 3409 5432; x_wconf 84' lang='lat' dir='ltr'><strong>naturam</strong></span> 
     </span>
    </p>
   </div>
   <div class='ocr_carea' id='block_1_120' title="bbox 1835 5463 3404 5537">
    <p class='ocr_par' dir='ltr' id='par_1_120' title="bbox 1835 5463 3404 5537">
     <span class='ocr_line' id='line_1_120' title="bbox 1835 5463 3404 5537; baseline -0.001 -18"><span class='ocrx_word' id='word_1_951' title='bbox 1835 5466 2087 5519; x_wconf 84' lang='lat' dir='ltr'><strong>ostendat</strong></span> <span class='ocrx_word' id='word_1_952' title='bbox 2119 5466 2350 5520; x_wconf 86' lang='lat' dir='ltr'><strong>otiosam</strong></span> <span class='ocrx_word' id='word_1_953' title='bbox 2376 5467 2398 5518; x_wconf 86' lang='lat'><strong>?</strong></span> <span class='ocrx_word' id='word_1_954' title='bbox 2431 5463 2487 5518; x_wconf 88' lang='lat' dir='ltr'><strong>Si</strong></span> <span class='ocrx_word' id='word_1_955' title='bbox 2522 5467 2704 5536; x_wconf 85' lang='lat' dir='ltr'><strong>itaque</strong></span> <span class='ocrx_word' id='word_1_956' title='bbox 2735 5468 2956 5537; x_wconf 74' lang='lat' dir='ltr'><strong>reliqua:</strong></span> <span class='ocrx_word' id='word_1_957' title='bbox 3005 5481 3186 5534; x_wconf 85' lang='lat' dir='ltr'><strong>partes</strong></span> <span class='ocrx_word' id='word_1_958' title='bbox 3214 5480 3404 5530; x_wconf 78' lang='lat' dir='ltr'><strong>Corpo-</strong></span> 
     </span>
    </p>
   </div>
   <div class='ocr_carea' id='block_1_121' title="bbox 1839 5553 3409 5629">
    <p class='ocr_par' dir='ltr' id='par_1_121' title="bbox 1839 5553 3409 5629">
     <span class='ocr_line' id='line_1_121' title="bbox 1839 5553 3409 5629; baseline -0.005 -19"><span class='ocrx_word' id='word_1_959' title='bbox 1839 5560 1914 5611; x_wconf 88' lang='lat' dir='ltr'><strong>ris</strong></span> <span class='ocrx_word' id='word_1_960' title='bbox 1941 5559 2109 5611; x_wconf 86' lang='lat' dir='ltr'><strong>nostri</strong></span> <span class='ocrx_word' id='word_1_961' title='bbox 2141 5574 2247 5611; x_wconf 89' lang='lat' dir='ltr'><strong>non</strong></span> <span class='ocrx_word' id='word_1_962' title='bbox 2276 5566 2501 5627; x_wconf 87' lang='lat' dir='ltr'><strong>possunt</strong></span> <span class='ocrx_word' id='word_1_963' title='bbox 2527 5561 2806 5629; x_wconf 78' lang='lat' dir='ltr'><strong>suscipere</strong></span> <span class='ocrx_word' id='word_1_964' title='bbox 2838 5560 3008 5627; x_wconf 84' lang='lat' dir='ltr'><strong>legem</strong></span> <span class='ocrx_word' id='word_1_965' title='bbox 3041 5560 3170 5612; x_wconf 87' lang='lat' dir='ltr'><strong>nihil</strong></span> <span class='ocrx_word' id='word_1_966' title='bbox 3197 5553 3409 5622; x_wconf 65' lang='lat' dir='ltr'><strong>agendi.</strong></span> 
     </span>
    </p>
   </div>
   <div class='ocr_carea' id='block_1_122' title="bbox 1838 5650 3411 5717">
    <p class='ocr_par' dir='ltr' id='par_1_122' title="bbox 1838 5650 3411 5717">
     <span class='ocr_line' id='line_1_122' title="bbox 1838 5650 3411 5717; baseline -0.002 -15"><span class='ocrx_word' id='word_1_967' title='bbox 1838 5665 2012 5717; x_wconf 81' lang='lat' dir='ltr'><strong>neque</strong></span> <span class='ocrx_word' id='word_1_968' title='bbox 2047 5650 2190 5703; x_wconf 88' lang='lat' dir='ltr'><strong>enim</strong></span> <span class='ocrx_word' id='word_1_969' title='bbox 2241 5652 2466 5703; x_wconf 74' lang='lat' dir='ltr'><strong>omnino</strong></span> <span class='ocrx_word' id='word_1_970' title='bbox 2502 5651 2620 5703; x_wconf 83' lang='lat' dir='ltr'><strong>viva</strong></span> <span class='ocrx_word' id='word_1_971' title='bbox 2659 5658 2814 5702; x_wconf 82' lang='lat' dir='ltr'><strong>erunt</strong></span> <span class='ocrx_word' id='word_1_972' title='bbox 2851 5663 2969 5714; x_wconf 64' lang='lat' dir='ltr'><strong>qua?</strong></span> <span class='ocrx_word' id='word_1_973' title='bbox 3023 5665 3132 5702; x_wconf 83' lang='lat' dir='ltr'><strong>non</strong></span> <span class='ocrx_word' id='word_1_974' title='bbox 3185 5657 3411 5713; x_wconf 62' lang='lat' dir='ltr'><strong>opel&#39;dil‘</strong></span> 
     </span>
    </p>
   </div>
   <div class='ocr_carea' id='block_1_123' title="bbox 3020 5742 3100 5800">
    <p class='ocr_par' dir='ltr' id='par_1_123' title="bbox 3020 5742 3100 5800">
     <span class='ocr_line' id='line_1_123' title="bbox 3020 5742 3100 5800; baseline 0.025 -2"><span class='ocrx_word' id='word_1_975' title='bbox 3020 5742 3100 5800; x_wconf 74' lang='lat'><strong>‘23</strong></span> 
     </span>
    </p>
   </div>
  </div>
