  <div class='ocr_page' id='page_1' title='image "/cluster/home/n/w/nwhite01/storage/ocr_20150623/44/hvd.32044052767431/365.png"; bbox 0 0 3928 6196; ppageno 0'>
   <div class='ocr_carea' id='block_1_1' title="bbox 560 324 669 377">
    <p class='ocr_par' dir='ltr' id='par_1_1' title="bbox 560 324 669 377">
     <span class='ocr_line' id='line_1_1' title="bbox 560 324 669 377; baseline 0 0"><span class='ocrx_word' id='word_1_1' title='bbox 560 324 669 377; x_wconf 75' lang='grc' dir='ltr'><strong>7ῐῦ</strong></span> 
     </span>
    </p>
   </div>
   <div class='ocr_carea' id='block_1_2' title="bbox 1795 320 2121 396">
    <p class='ocr_par' dir='ltr' id='par_1_2' title="bbox 1795 322 2121 382">
     <span class='ocr_line' id='line_1_2' title="bbox 1795 322 2121 382; baseline -0.009 -2"><span class='ocrx_word' id='word_1_2' title='bbox 1795 325 1864 382; x_wconf 74' lang='lat' dir='ltr'><strong>S.‘</strong></span> <span class='ocrx_word' id='word_1_3' title='bbox 1880 322 2121 380; x_wconf 77' lang='lat' dir='ltr'><strong>GREGO</strong></span> 
     </span>
    </p>
   </div>
   <div class='ocr_carea' id='block_1_3' title="bbox 2224 320 3738 396">
    <p class='ocr_par' dir='ltr' id='par_1_3' title="bbox 2243 320 3738 396">
     <span class='ocr_line' id='line_1_3' title="bbox 2243 320 3738 396; baseline 0.015 -22"><span class='ocrx_word' id='word_1_4' title='bbox 2243 320 2532 377; x_wconf 74' lang='lat' dir='ltr'><strong>NYSSEM</strong></span> <span class='ocrx_word' id='word_1_5' title='bbox 3653 344 3738 396; x_wconf 85' lang='lat'><strong>7|6</strong></span> 
     </span>
    </p>
   </div>
   <div class='ocr_carea' id='block_1_4' title="bbox 561 437 2121 518">
    <p class='ocr_par' dir='ltr' id='par_1_4' title="bbox 561 437 2121 507">
     <span class='ocr_line' id='line_1_4' title="bbox 561 437 2121 507; baseline 0.004 -17"><span class='ocrx_word' id='word_1_6' title='bbox 561 449 651 491; x_wconf 86' lang='lat' dir='ltr'><strong>tur</strong></span> <span class='ocrx_word' id='word_1_7' title='bbox 676 457 688 491; x_wconf 89' lang='lat'><strong>:</strong></span> <span class='ocrx_word' id='word_1_8' title='bbox 709 437 840 491; x_wconf 79' lang='lat' dir='ltr'><strong>.lieri</strong></span> <span class='ocrx_word' id='word_1_9' title='bbox 873 451 984 491; x_wconf 78' lang='lat' dir='ltr'><strong>non</strong></span> <span class='ocrx_word' id='word_1_10' title='bbox 1023 444 1202 507; x_wconf 90' lang='lat' dir='ltr'><strong>potest</strong></span> <span class='ocrx_word' id='word_1_11' title='bbox 1233 447 1289 492; x_wconf 92' lang='lat' dir='ltr'><strong>nt</strong></span> <span class='ocrx_word' id='word_1_12' title='bbox 1323 443 1545 494; x_wconf 82' lang='lat' dir='ltr'><strong>omnino</strong></span> <span class='ocrx_word' id='word_1_13' title='bbox 1590 456 1697 495; x_wconf 92' lang='lat' dir='ltr'><strong>non</strong></span> <span class='ocrx_word' id='word_1_14' title='bbox 1731 443 1965 498; x_wconf 76' lang='lat' dir='ltr'><strong>violetur</strong></span> <span class='ocrx_word' id='word_1_15' title='bbox 1998 443 2121 496; x_wconf 87' lang='lat' dir='ltr'><strong>Sab-</strong></span> 
     </span>
    </p>
   </div>
   <div class='ocr_carea' id='block_1_5' title="bbox 2224 437 3738 518">
    <p class='ocr_par' dir='ltr' id='par_1_5' title="bbox 2242 442 3738 518">
     <span class='ocr_line' id='line_1_5' title="bbox 2242 442 3738 518; baseline 0.014 -24"><span class='ocrx_word' id='word_1_16' title='bbox 2242 442 2535 506; x_wconf 75' lang='grc' dir='ltr'>Σάϐϐατον,</span> <span class='ocrx_word' id='word_1_17' title='bbox 2551 443 2653 498; x_wconf 67' lang='grc' dir='ltr'>κᾶν</span> <span class='ocrx_word' id='word_1_18' title='bbox 2672 446 2925 515; x_wconf 65' lang='grc' dir='ltr'>ἀκίνητος</span> <span class='ocrx_word' id='word_1_19' title='bbox 2948 448 2978 516; x_wconf 77' lang='grc' dir='ltr'>ἡ</span> <span class='ocrx_word' id='word_1_20' title='bbox 3002 447 3120 518; x_wconf 82' lang='grc' dir='ltr'>χεὶρ</span> <span class='ocrx_word' id='word_1_21' title='bbox 3146 447 3176 518; x_wconf 74' lang='grc' dir='ltr'>ἢ</span> <span class='ocrx_word' id='word_1_22' title='bbox 3201 447 3227 498; x_wconf 85' lang='grc' dir='ltr'><strong>ὁ</strong></span> <span class='ocrx_word' id='word_1_23' title='bbox 3248 448 3370 512; x_wconf 78' lang='grc' dir='ltr'>ποῦς</span> <span class='ocrx_word' id='word_1_24' title='bbox 3391 451 3474 505; x_wconf 71' lang='grc' dir='ltr'><strong>ἐπὶ</strong></span> <span class='ocrx_word' id='word_1_25' title='bbox 3493 453 3576 508; x_wconf 79' lang='grc' dir='ltr'>τοῦ</span> <span class='ocrx_word' id='word_1_26' title='bbox 3601 458 3738 515; x_wconf 79' lang='grc' dir='ltr'>αὒτοῦ</span> 
     </span>
    </p>
   </div>
   <div class='ocr_carea' id='block_1_6' title="bbox 562 527 2124 598">
    <p class='ocr_par' dir='ltr' id='par_1_6' title="bbox 562 527 2124 598">
     <span class='ocr_line' id='line_1_6' title="bbox 562 527 2124 598; baseline 0.003 -16"><span class='ocrx_word' id='word_1_27' title='bbox 562 527 1013 590; x_wconf 82' lang='lat' dir='ltr'><strong>batum,-etiamsi</strong></span> <span class='ocrx_word' id='word_1_28' title='bbox 1046 543 1140 598; x_wconf 88' lang='lat' dir='ltr'><strong>pes</strong></span> <span class='ocrx_word' id='word_1_29' title='bbox 1171 538 1262 583; x_wconf 87' lang='lat' dir='ltr'><strong>aut</strong></span> <span class='ocrx_word' id='word_1_30' title='bbox 1287 545 1481 586; x_wconf 85' lang='lat' dir='ltr'><strong>manus</strong></span> <span class='ocrx_word' id='word_1_31' title='bbox 1506 540 1717 586; x_wconf 86' lang='lat' dir='ltr'><strong>maneat</strong></span> <span class='ocrx_word' id='word_1_32' title='bbox 1747 534 2038 589; x_wconf 85' lang='lat' dir='ltr'><strong>immobilis</strong></span> <span class='ocrx_word' id='word_1_33' title='bbox 2072 535 2124 586; x_wconf 93' lang='lat' dir='ltr'><strong>in</strong></span> 
     </span>
    </p>
   </div>
   <div class='ocr_carea' id='block_1_7' title="bbox 560 619 2126 696">
    <p class='ocr_par' dir='ltr' id='par_1_7' title="bbox 560 619 2126 696">
     <span class='ocr_line' id='line_1_7' title="bbox 560 619 2126 696; baseline 0.006 -27"><span class='ocrx_word' id='word_1_34' title='bbox 560 622 747 673; x_wconf 85' lang='lat' dir='ltr'><strong>eadem</strong></span> <span class='ocrx_word' id='word_1_35' title='bbox 781 619 956 688; x_wconf 70' lang='lat' dir='ltr'><strong>ﬁgura</strong></span> <span class='ocrx_word' id='word_1_36' title='bbox 986 629 1039 673; x_wconf 89' lang='lat' dir='ltr'><strong>et</strong></span> <span class='ocrx_word' id='word_1_37' title='bbox 1069 620 1258 675; x_wconf 85' lang='lat' dir='ltr'><strong>eodem</strong></span> <span class='ocrx_word' id='word_1_38' title='bbox 1306 622 1444 676; x_wconf 86' lang='lat' dir='ltr'><strong>loco.</strong></span> <span class='ocrx_word' id='word_1_39' title='bbox 1486 623 1620 677; x_wconf 86' lang='lat' dir='ltr'><strong>Cum</strong></span> <span class='ocrx_word' id='word_1_40' title='bbox 1651 641 1780 696; x_wconf 81' lang='lat' dir='ltr'><strong>ergo</strong></span> <span class='ocrx_word' id='word_1_41' title='bbox 1812 642 1918 678; x_wconf 86' lang='lat' dir='ltr'><strong>non</strong></span> <span class='ocrx_word' id='word_1_42' title='bbox 1966 625 2126 680; x_wconf 84' lang='lat' dir='ltr'><strong>alicui</strong></span> 
     </span>
    </p>
   </div>
   <div class='ocr_carea' id='block_1_8' title="bbox 563 711 2127 788">
    <p class='ocr_par' dir='ltr' id='par_1_8' title="bbox 563 711 2127 788">
     <span class='ocr_line' id='line_1_8' title="bbox 563 711 2127 788; baseline 0.006 -26"><span class='ocrx_word' id='word_1_43' title='bbox 563 711 724 777; x_wconf 91' lang='lat' dir='ltr'><strong>parti,</strong></span> <span class='ocrx_word' id='word_1_44' title='bbox 759 711 854 765; x_wconf 84' lang='lat' dir='ltr'><strong>sed</strong></span> <span class='ocrx_word' id='word_1_45' title='bbox 900 712 995 765; x_wconf 92' lang='lat' dir='ltr'><strong>toti</strong></span> <span class='ocrx_word' id='word_1_46' title='bbox 1029 711 1236 766; x_wconf 86' lang='lat' dir='ltr'><strong>homini</strong></span> <span class='ocrx_word' id='word_1_47' title='bbox 1269 716 1350 768; x_wconf 93' lang='lat' dir='ltr'><strong>lex</strong></span> <span class='ocrx_word' id='word_1_48' title='bbox 1403 716 1509 770; x_wconf 87' lang='lat' dir='ltr'><strong>lata</strong></span> <span class='ocrx_word' id='word_1_49' title='bbox 1554 717 1643 778; x_wconf 86' lang='lat' dir='ltr'><strong>sit,</strong></span> <span class='ocrx_word' id='word_1_50' title='bbox 1706 734 1809 772; x_wconf 91' lang='lat' dir='ltr'><strong>non</strong></span> <span class='ocrx_word' id='word_1_51' title='bbox 1861 734 1926 773; x_wconf 88' lang='lat' dir='ltr'><strong>eo</strong></span> <span class='ocrx_word' id='word_1_52' title='bbox 1958 719 2127 788; x_wconf 79' lang='lat' dir='ltr'><strong>magis</strong></span> 
     </span>
    </p>
   </div>
   <div class='ocr_carea' id='block_1_9' title="bbox 558 799 2128 875">
    <p class='ocr_par' dir='ltr' id='par_1_9' title="bbox 558 799 2128 875">
     <span class='ocr_line' id='line_1_9' title="bbox 558 799 2128 875; baseline 0.006 -25"><span class='ocrx_word' id='word_1_53' title='bbox 558 799 694 852; x_wconf 90' lang='lat' dir='ltr'><strong>nihil</strong></span> <span class='ocrx_word' id='word_1_54' title='bbox 728 807 948 870; x_wconf 77' lang='lat' dir='ltr'><strong>agentes</strong></span> <span class='ocrx_word' id='word_1_55' title='bbox 983 816 1076 870; x_wconf 88' lang='lat' dir='ltr'><strong>per</strong></span> <span class='ocrx_word' id='word_1_56' title='bbox 1105 817 1272 856; x_wconf 91' lang='lat' dir='ltr'><strong>unum</strong></span> <span class='ocrx_word' id='word_1_57' title='bbox 1308 819 1370 856; x_wconf 89' lang='lat' dir='ltr'><strong>ex</strong></span> <span class='ocrx_word' id='word_1_58' title='bbox 1408 805 1664 860; x_wconf 87' lang='lat' dir='ltr'><strong>membris</strong></span> <span class='ocrx_word' id='word_1_59' title='bbox 1693 807 1859 875; x_wconf 79' lang='lat' dir='ltr'><strong>legem</strong></span> <span class='ocrx_word' id='word_1_60' title='bbox 1889 807 2128 861; x_wconf 87' lang='lat' dir='ltr'><strong>servabi-</strong></span> 
     </span>
    </p>
   </div>
   <div class='ocr_carea' id='block_1_10' title="bbox 563 894 2126 962">
    <p class='ocr_par' dir='ltr' id='par_1_10' title="bbox 563 894 2126 962">
     <span class='ocr_line' id='line_1_10' title="bbox 563 894 2126 962; baseline 0.004 -18"><span class='ocrx_word' id='word_1_61' title='bbox 563 907 704 955; x_wconf 89' lang='lat' dir='ltr'><strong>mus,</strong></span> <span class='ocrx_word' id='word_1_62' title='bbox 741 895 786 947; x_wconf 91' lang='lat' dir='ltr'><strong>si</strong></span> <span class='ocrx_word' id='word_1_63' title='bbox 824 894 1049 962; x_wconf 86' lang='lat' dir='ltr'><strong>reliquis</strong></span> <span class='ocrx_word' id='word_1_64' title='bbox 1091 910 1350 949; x_wconf 87' lang='lat' dir='ltr'><strong>sensuum</strong></span> <span class='ocrx_word' id='word_1_65' title='bbox 1402 897 1778 952; x_wconf 86' lang='lat' dir='ltr'><strong>instrumentis</strong></span> <span class='ocrx_word' id='word_1_66' title='bbox 1829 897 2126 954; x_wconf 86' lang='lat' dir='ltr'><strong>secundum</strong></span> 
     </span>
    </p>
   </div>
   <div class='ocr_carea' id='block_1_11' title="bbox 557 987 2126 1058">
    <p class='ocr_par' dir='ltr' id='par_1_11' title="bbox 557 987 2126 1058">
     <span class='ocr_line' id='line_1_11' title="bbox 557 987 2126 1058; baseline 0.003 -23"><span class='ocrx_word' id='word_1_67' title='bbox 557 992 810 1038; x_wconf 77' lang='lat' dir='ltr'><strong>naturam</strong></span> <span class='ocrx_word' id='word_1_68' title='bbox 845 993 1156 1054; x_wconf 89' lang='lat' dir='ltr'><strong>operantes,</strong></span> <span class='ocrx_word' id='word_1_69' title='bbox 1193 987 1460 1043; x_wconf 81' lang='lat' dir='ltr'><strong>violemus</strong></span> <span class='ocrx_word' id='word_1_70' title='bbox 1491 989 1634 1057; x_wconf 90' lang='lat' dir='ltr'><strong>quod</strong></span> <span class='ocrx_word' id='word_1_71' title='bbox 1657 989 1873 1058; x_wconf 92' lang='lat' dir='ltr'><strong>jussum</strong></span> <span class='ocrx_word' id='word_1_72' title='bbox 1900 997 2003 1042; x_wconf 89' lang='lat' dir='ltr'><strong>est.</strong></span> <span class='ocrx_word' id='word_1_73' title='bbox 2033 989 2126 1040; x_wconf 81' lang='lat' dir='ltr'><strong>At-</strong></span> 
     </span>
    </p>
   </div>
   <div class='ocr_carea' id='block_1_12' title="bbox 557 1075 2130 1148">
    <p class='ocr_par' dir='ltr' id='par_1_12' title="bbox 557 1075 2130 1148">
     <span class='ocr_line' id='line_1_12' title="bbox 557 1075 2130 1148; baseline 0.004 -21"><span class='ocrx_word' id='word_1_74' title='bbox 557 1076 651 1146; x_wconf 87' lang='lat' dir='ltr'><strong>qui</strong></span> <span class='ocrx_word' id='word_1_75' title='bbox 681 1078 765 1132; x_wconf 85' lang='lat' dir='ltr'><strong>lex</strong></span> <span class='ocrx_word' id='word_1_76' title='bbox 794 1075 919 1130; x_wconf 86' lang='lat' dir='ltr'><strong>data</strong></span> <span class='ocrx_word' id='word_1_77' title='bbox 953 1085 1036 1131; x_wconf 80' lang='lat' dir='ltr'><strong>est</strong></span> <span class='ocrx_word' id='word_1_78' title='bbox 1066 1076 1360 1146; x_wconf 87' lang='lat' dir='ltr'><strong>divinitus;</strong></span> <span class='ocrx_word' id='word_1_79' title='bbox 1398 1078 1531 1132; x_wconf 88' lang='lat' dir='ltr'><strong>nihil</strong></span> <span class='ocrx_word' id='word_1_80' title='bbox 1570 1087 1748 1132; x_wconf 87' lang='lat' dir='ltr'><strong>autem</strong></span> <span class='ocrx_word' id='word_1_81' title='bbox 1785 1095 1972 1132; x_wconf 91' lang='lat' dir='ltr'><strong>eorum</strong></span> <span class='ocrx_word' id='word_1_82' title='bbox 2010 1094 2130 1148; x_wconf 65' lang='lat' dir='ltr'><strong>quae</strong></span> 
     </span>
    </p>
   </div>
   <div class='ocr_carea' id='block_1_13' title="bbox 559 1167 2127 1241">
    <p class='ocr_par' dir='ltr' id='par_1_13' title="bbox 559 1167 2127 1241">
     <span class='ocr_line' id='line_1_13' title="bbox 559 1167 2127 1241; baseline 0.001 -21"><span class='ocrx_word' id='word_1_83' title='bbox 559 1184 590 1220; x_wconf 83' lang='lat' dir='ltr'><strong>a</strong></span> <span class='ocrx_word' id='word_1_84' title='bbox 629 1167 738 1223; x_wconf 89' lang='lat' dir='ltr'><strong>Deo</strong></span> <span class='ocrx_word' id='word_1_85' title='bbox 766 1168 1052 1236; x_wconf 86' lang='lat' dir='ltr'><strong>jnbentur,</strong></span> <span class='ocrx_word' id='word_1_86' title='bbox 1091 1179 1174 1224; x_wconf 88' lang='lat' dir='ltr'><strong>est</strong></span> <span class='ocrx_word' id='word_1_87' title='bbox 1217 1171 1508 1239; x_wconf 82' lang='lat' dir='ltr'><strong>ejusmodi,</strong></span> <span class='ocrx_word' id='word_1_88' title='bbox 1552 1180 1610 1225; x_wconf 89' lang='lat' dir='ltr'><strong>nt</strong></span> <span class='ocrx_word' id='word_1_89' title='bbox 1637 1171 1706 1224; x_wconf 85' lang='lat' dir='ltr'><strong>sit</strong></span> <span class='ocrx_word' id='word_1_90' title='bbox 1747 1180 1941 1241; x_wconf 61' lang='lat' dir='ltr'><strong>praeter</strong></span> <span class='ocrx_word' id='word_1_91' title='bbox 1970 1177 2127 1223; x_wconf 88' lang='lat' dir='ltr'><strong>natu-</strong></span> 
     </span>
    </p>
   </div>
   <div class='ocr_carea' id='block_1_14' title="bbox 562 1261 2128 1328">
    <p class='ocr_par' dir='ltr' id='par_1_14' title="bbox 562 1261 2128 1328">
     <span class='ocr_line' id='line_1_14' title="bbox 562 1261 2128 1328; baseline 0.001 -16"><span class='ocrx_word' id='word_1_92' title='bbox 562 1275 700 1322; x_wconf 90' lang='lat' dir='ltr'><strong>ram,</strong></span> <span class='ocrx_word' id='word_1_93' title='bbox 746 1268 840 1313; x_wconf 92' lang='lat' dir='ltr'><strong>aut</strong></span> <span class='ocrx_word' id='word_1_94' title='bbox 892 1261 962 1315; x_wconf 91' lang='lat' dir='ltr'><strong>sit</strong></span> <span class='ocrx_word' id='word_1_95' title='bbox 995 1271 1146 1315; x_wconf 80' lang='lat' dir='ltr'><strong>extra</strong></span> <span class='ocrx_word' id='word_1_96' title='bbox 1192 1264 1455 1314; x_wconf 89' lang='lat' dir='ltr'><strong>rationem</strong></span> <span class='ocrx_word' id='word_1_97' title='bbox 1491 1262 1727 1317; x_wconf 86' lang='lat' dir='ltr'><strong>virtutis.</strong></span> <span class='ocrx_word' id='word_1_98' title='bbox 1763 1263 1915 1328; x_wconf 87' lang='lat' dir='ltr'><strong>Quod</strong></span> <span class='ocrx_word' id='word_1_99' title='bbox 1949 1269 2128 1316; x_wconf 89' lang='lat' dir='ltr'><strong>autem</strong></span> 
     </span>
    </p>
   </div>
   <div class='ocr_carea' id='block_1_15' title="bbox 563 1351 2130 1419">
    <p class='ocr_par' dir='ltr' id='par_1_15' title="bbox 563 1351 2130 1419">
     <span class='ocr_line' id='line_1_15' title="bbox 563 1351 2130 1419; baseline 0.003 -16"><span class='ocrx_word' id='word_1_100' title='bbox 563 1351 771 1404; x_wconf 86' lang='lat' dir='ltr'><strong>ratione</strong></span> <span class='ocrx_word' id='word_1_101' title='bbox 797 1360 945 1405; x_wconf 87' lang='lat' dir='ltr'><strong>caret</strong></span> <span class='ocrx_word' id='word_1_102' title='bbox 975 1353 1168 1411; x_wconf 87' lang='lat' dir='ltr'><strong>otium.</strong></span> <span class='ocrx_word' id='word_1_103' title='bbox 1197 1368 1303 1406; x_wconf 86' lang='lat' dir='ltr'><strong>non</strong></span> <span class='ocrx_word' id='word_1_104' title='bbox 1331 1361 1414 1406; x_wconf 86' lang='lat' dir='ltr'><strong>cst</strong></span> <span class='ocrx_word' id='word_1_105' title='bbox 1441 1355 1629 1408; x_wconf 86' lang='lat' dir='ltr'><strong>virtus.</strong></span> <span class='ocrx_word' id='word_1_106' title='bbox 1662 1352 2022 1419; x_wconf 70' lang='lat' dir='ltr'><strong>Quaerendum</strong></span> <span class='ocrx_word' id='word_1_107' title='bbox 2049 1364 2130 1408; x_wconf 85' lang='lat' dir='ltr'><strong>est</strong></span> 
     </span>
    </p>
   </div>
   <div class='ocr_carea' id='block_1_16' title="bbox 559 1443 1896 1513">
    <p class='ocr_par' dir='ltr' id='par_1_16' title="bbox 559 1443 1896 1513">
     <span class='ocr_line' id='line_1_16' title="bbox 559 1443 1896 1513; baseline 0.002 -16"><span class='ocrx_word' id='word_1_108' title='bbox 559 1458 686 1512; x_wconf 81' lang='lat' dir='ltr'><strong>ergo</strong></span> <span class='ocrx_word' id='word_1_109' title='bbox 721 1443 849 1513; x_wconf 88' lang='lat' dir='ltr'><strong>quid</strong></span> <span class='ocrx_word' id='word_1_110' title='bbox 878 1445 980 1498; x_wconf 87' lang='lat' dir='ltr'><strong>sibi</strong></span> <span class='ocrx_word' id='word_1_111' title='bbox 1017 1445 1130 1497; x_wconf 81' lang='lat' dir='ltr'><strong>vult</strong></span> <span class='ocrx_word' id='word_1_112' title='bbox 1173 1453 1496 1513; x_wconf 71' lang='lat' dir='ltr'><strong>praeceptum</strong></span> <span class='ocrx_word' id='word_1_113' title='bbox 1526 1446 1618 1498; x_wconf 93' lang='lat' dir='ltr'><strong>otii</strong></span> <span class='ocrx_word' id='word_1_114' title='bbox 1654 1445 1896 1512; x_wconf 79' lang='lat' dir='ltr'><strong>Sabhati.</strong></span> 
     </span>
    </p>
   </div>
   <div class='ocr_carea' id='block_1_17' title="bbox 630 1534 2133 1604">
    <p class='ocr_par' dir='ltr' id='par_1_17' title="bbox 630 1534 2133 1604">
     <span class='ocr_line' id='line_1_17' title="bbox 630 1534 2133 1604; baseline 0.007 -16"><span class='ocrx_word' id='word_1_115' title='bbox 630 1534 759 1590; x_wconf 92' lang='lat' dir='ltr'><strong>Dico</strong></span> <span class='ocrx_word' id='word_1_116' title='bbox 792 1535 972 1604; x_wconf 84' lang='lat' dir='ltr'><strong>itaque</strong></span> <span class='ocrx_word' id='word_1_117' title='bbox 996 1535 1282 1603; x_wconf 88' lang='lat' dir='ltr'><strong>cujuslibet</strong></span> <span class='ocrx_word' id='word_1_118' title='bbox 1307 1535 1438 1604; x_wconf 79' lang='lat' dir='ltr'><strong>legis</strong></span> <span class='ocrx_word' id='word_1_119' title='bbox 1465 1551 1494 1588; x_wconf 89' lang='lat' dir='ltr'><strong>a</strong></span> <span class='ocrx_word' id='word_1_120' title='bbox 1528 1535 1634 1590; x_wconf 85' lang='lat' dir='ltr'><strong>Deo</strong></span> <span class='ocrx_word' id='word_1_121' title='bbox 1662 1537 1798 1591; x_wconf 75' lang='lat' dir='ltr'><strong>data:</strong></span> <span class='ocrx_word' id='word_1_122' title='bbox 1824 1555 1986 1592; x_wconf 89' lang='lat' dir='ltr'><strong>unum</strong></span> <span class='ocrx_word' id='word_1_123' title='bbox 2012 1557 2133 1597; x_wconf 87' lang='lat' dir='ltr'><strong>esse</strong></span> 
     </span>
    </p>
   </div>
   <div class='ocr_carea' id='block_1_18' title="bbox 560 1627 2132 1700">
    <p class='ocr_par' dir='ltr' id='par_1_18' title="bbox 560 1627 2132 1700">
     <span class='ocr_line' id='line_1_18' title="bbox 560 1627 2132 1700; baseline 0.005 -22"><span class='ocrx_word' id='word_1_124' title='bbox 560 1640 809 1695; x_wconf 90' lang='lat' dir='ltr'><strong>scopum,</strong></span> <span class='ocrx_word' id='word_1_125' title='bbox 844 1635 902 1678; x_wconf 91' lang='lat' dir='ltr'><strong>ut</strong></span> <span class='ocrx_word' id='word_1_126' title='bbox 940 1641 968 1678; x_wconf 91' lang='lat' dir='ltr'><strong>a</strong></span> <span class='ocrx_word' id='word_1_127' title='bbox 1003 1627 1118 1678; x_wconf 80' lang='lat' dir='ltr'><strong>vitii</strong></span> <span class='ocrx_word' id='word_1_128' title='bbox 1152 1641 1313 1694; x_wconf 82' lang='lat' dir='ltr'><strong>Opere</strong></span> <span class='ocrx_word' id='word_1_129' title='bbox 1345 1627 1530 1679; x_wconf 88' lang='lat' dir='ltr'><strong>mundi</strong></span> <span class='ocrx_word' id='word_1_130' title='bbox 1564 1627 1671 1680; x_wconf 89' lang='lat' dir='ltr'><strong>sint</strong></span> <span class='ocrx_word' id='word_1_131' title='bbox 1713 1631 1802 1697; x_wconf 87' lang='lat' dir='ltr'><strong>qui</strong></span> <span class='ocrx_word' id='word_1_132' title='bbox 1842 1631 2011 1700; x_wconf 83' lang='lat' dir='ltr'><strong>legem</strong></span> <span class='ocrx_word' id='word_1_133' title='bbox 2041 1649 2132 1685; x_wconf 86' lang='lat' dir='ltr'><strong>ac-</strong></span> 
     </span>
    </p>
   </div>
   <div class='ocr_carea' id='block_1_19' title="bbox 559 1718 2126 1790">
    <p class='ocr_par' dir='ltr' id='par_1_19' title="bbox 559 1718 2126 1790">
     <span class='ocr_line' id='line_1_19' title="bbox 559 1718 2126 1790; baseline 0.004 -22"><span class='ocrx_word' id='word_1_134' title='bbox 559 1726 838 1786; x_wconf 85' lang='lat' dir='ltr'><strong>ceperunt,</strong></span> <span class='ocrx_word' id='word_1_135' title='bbox 890 1727 944 1772; x_wconf 90' lang='lat' dir='ltr'><strong>et</strong></span> <span class='ocrx_word' id='word_1_136' title='bbox 980 1718 1064 1771; x_wconf 77' lang='lat' dir='ltr'><strong>lex</strong></span> <span class='ocrx_word' id='word_1_137' title='bbox 1104 1719 1284 1771; x_wconf 89' lang='lat' dir='ltr'><strong>omnis</strong></span> <span class='ocrx_word' id='word_1_138' title='bbox 1315 1733 1434 1785; x_wconf 67' lang='lat' dir='ltr'><strong>qua:</strong></span> <span class='ocrx_word' id='word_1_139' title='bbox 1464 1719 1627 1770; x_wconf 83' lang='lat' dir='ltr'><strong>vclila</strong></span> <span class='ocrx_word' id='word_1_140' title='bbox 1676 1719 1945 1787; x_wconf 86' lang='lat' dir='ltr'><strong>prohibet,</strong></span> <span class='ocrx_word' id='word_1_141' title='bbox 1977 1721 2126 1790; x_wconf 87' lang='lat' dir='ltr'><strong>jubet</strong></span> 
     </span>
    </p>
   </div>
   <div class='ocr_carea' id='block_1_20' title="bbox 2229 533 3740 613">
    <p class='ocr_par' dir='ltr' id='par_1_20' title="bbox 2229 533 3740 613">
     <span class='ocr_line' id='line_1_20' title="bbox 2229 533 3740 613; baseline 0.011 -29"><span class='ocrx_word' id='word_1_142' title='bbox 2229 535 2502 606; x_wconf 77' lang='grc' dir='ltr'>σχήματός</span> <span class='ocrx_word' id='word_1_143' title='bbox 2516 553 2573 588; x_wconf 88' lang='grc' dir='ltr'><strong>τε</strong></span> <span class='ocrx_word' id='word_1_144' title='bbox 2591 537 2685 588; x_wconf 70' lang='grc' dir='ltr'>καὶ</span> <span class='ocrx_word' id='word_1_145' title='bbox 2705 537 2867 588; x_wconf 82' lang='grc' dir='ltr'>τόπου</span> <span class='ocrx_word' id='word_1_146' title='bbox 2889 538 3042 606; x_wconf 79' lang='grc' dir='ltr'>μένῃ.</span> <span class='ocrx_word' id='word_1_147' title='bbox 3071 538 3221 589; x_wconf 73' lang='grc' dir='ltr'>Ἐπεὶ</span> <span class='ocrx_word' id='word_1_148' title='bbox 3239 533 3326 590; x_wconf 75' lang='grc' dir='ltr'><strong>οὖν</strong></span> <span class='ocrx_word' id='word_1_149' title='bbox 3349 540 3460 611; x_wconf 71' lang='grc' dir='ltr'>οὐχὶ</span> <span class='ocrx_word' id='word_1_150' title='bbox 3479 544 3618 613; x_wconf 89' lang='grc' dir='ltr'>μέρει</span> <span class='ocrx_word' id='word_1_151' title='bbox 3632 551 3740 611; x_wconf 75' lang='grc' dir='ltr'>τινὶ,</span> 
     </span>
    </p>
   </div>
   <div class='ocr_carea' id='block_1_21' title="bbox 2229 624 3743 705">
    <p class='ocr_par' dir='ltr' id='par_1_21' title="bbox 2229 624 3743 705">
     <span class='ocr_line' id='line_1_21' title="bbox 2229 624 3743 705; baseline 0.005 -27"><span class='ocrx_word' id='word_1_152' title='bbox 2229 625 2341 678; x_wconf 76' lang='grc' dir='ltr'>ἀλλ’</span> <span class='ocrx_word' id='word_1_153' title='bbox 2366 625 2471 694; x_wconf 82' lang='grc' dir='ltr'><strong>ὅλῳ</strong></span> <span class='ocrx_word' id='word_1_154' title='bbox 2493 629 2665 678; x_wconf 84' lang='grc' dir='ltr'>κεῖται</span> <span class='ocrx_word' id='word_1_155' title='bbox 2693 626 2768 695; x_wconf 83' lang='grc' dir='ltr'>τῷ</span> <span class='ocrx_word' id='word_1_156' title='bbox 2804 624 3074 696; x_wconf 79' lang='grc' dir='ltr'><strong>ἀνθρώπῳ</strong></span> <span class='ocrx_word' id='word_1_157' title='bbox 3095 626 3273 692; x_wconf 86' lang='grc' dir='ltr'>νόμος,</span> <span class='ocrx_word' id='word_1_158' title='bbox 3294 627 3352 679; x_wconf 76' lang='grc' dir='ltr'>οὐ</span> <span class='ocrx_word' id='word_1_159' title='bbox 3382 630 3565 698; x_wconf 81' lang='grc' dir='ltr'>μᾶλλον</span> <span class='ocrx_word' id='word_1_160' title='bbox 3593 635 3743 705; x_wconf 80' lang='grc' dir='ltr'>ἀπρα·</span> 
     </span>
    </p>
   </div>
   <div class='ocr_carea' id='block_1_22' title="bbox 2230 715 3745 788">
    <p class='ocr_par' dir='ltr' id='par_1_22' title="bbox 2230 715 3745 788">
     <span class='ocr_line' id='line_1_22' title="bbox 2230 715 3745 788; baseline 0.007 -22"><span class='ocrx_word' id='word_1_161' title='bbox 2230 715 2481 778; x_wconf 78' lang='grc' dir='ltr'>κτοῦντες</span> <span class='ocrx_word' id='word_1_162' title='bbox 2514 716 2583 768; x_wconf 73' lang='grc' dir='ltr'><strong>δι’</strong></span> <span class='ocrx_word' id='word_1_163' title='bbox 2608 716 2724 778; x_wconf 65' lang='grc' dir='ltr'>ἑνὸς</span> <span class='ocrx_word' id='word_1_164' title='bbox 2750 715 2858 767; x_wconf 80' lang='grc' dir='ltr'>τῶν</span> <span class='ocrx_word' id='word_1_165' title='bbox 2886 716 3060 785; x_wconf 84' lang='grc' dir='ltr'>μελῶν</span> <span class='ocrx_word' id='word_1_166' title='bbox 3081 715 3240 784; x_wconf 88' lang='grc' dir='ltr'>νόμον</span> <span class='ocrx_word' id='word_1_167' title='bbox 3264 717 3569 788; x_wconf 78' lang='grc' dir='ltr'><strong>φυλάξομεν,</strong></span> <span class='ocrx_word' id='word_1_168' title='bbox 3592 725 3635 775; x_wconf 83' lang='grc' dir='ltr'>εἰ</span> <span class='ocrx_word' id='word_1_169' title='bbox 3654 726 3745 785; x_wconf 83' lang='grc' dir='ltr'>τοῖς</span> 
     </span>
    </p>
   </div>
   <div class='ocr_carea' id='block_1_23' title="bbox 2229 804 3746 876">
    <p class='ocr_par' dir='ltr' id='par_1_23' title="bbox 2229 804 3746 876">
     <span class='ocr_line' id='line_1_23' title="bbox 2229 804 3746 876; baseline 0.006 -21"><span class='ocrx_word' id='word_1_170' title='bbox 2229 804 2436 866; x_wconf 78' lang='grc' dir='ltr'><strong>λοιποῖς</strong></span> <span class='ocrx_word' id='word_1_171' title='bbox 2497 804 2870 874; x_wconf 70' lang='grc' dir='ltr'><strong>αἰσθητηρίοις</strong></span> <span class='ocrx_word' id='word_1_172' title='bbox 2912 804 3051 857; x_wconf 87' lang='grc' dir='ltr'><strong>κατά</strong></span> <span class='ocrx_word' id='word_1_173' title='bbox 3108 804 3266 872; x_wconf 80' lang='grc' dir='ltr'>φύσιν</span> <span class='ocrx_word' id='word_1_174' title='bbox 3309 807 3657 876; x_wconf 75' lang='grc' dir='ltr'>ἐνεργοῦντες,</span> <span class='ocrx_word' id='word_1_175' title='bbox 3696 814 3746 864; x_wconf 73' lang='grc' dir='ltr'>τὸ</span> 
     </span>
    </p>
   </div>
   <div class='ocr_carea' id='block_1_24' title="bbox 2232 893 3746 967">
    <p class='ocr_par' dir='ltr' id='par_1_24' title="bbox 2232 893 3746 967">
     <span class='ocr_line' id='line_1_24' title="bbox 2232 893 3746 967; baseline 0.003 -19"><span class='ocrx_word' id='word_1_176' title='bbox 2232 895 2569 964; x_wconf 84' lang='grc' dir='ltr'>προσταχθὲν</span> <span class='ocrx_word' id='word_1_177' title='bbox 2589 895 3010 966; x_wconf 82' lang='grc' dir='ltr'>παραλύσωμεν.</span> <span class='ocrx_word' id='word_1_178' title='bbox 3043 893 3205 946; x_wconf 81' lang='grc' dir='ltr'>Ἀλλά</span> <span class='ocrx_word' id='word_1_179' title='bbox 3229 895 3331 964; x_wconf 80' lang='grc' dir='ltr'><strong>μὴν</strong></span> <span class='ocrx_word' id='word_1_180' title='bbox 3353 894 3528 949; x_wconf 89' lang='grc' dir='ltr'>θεόθεν</span> <span class='ocrx_word' id='word_1_181' title='bbox 3545 898 3718 967; x_wconf 81' lang='grc' dir='ltr'>ὁνόμος</span> <span class='ocrx_word' id='word_1_182' title='bbox 3735 919 3746 932; x_wconf 76' lang='grc' dir='ltr'><strong><em>ο</em></strong></span> 
     </span>
    </p>
   </div>
   <div class='ocr_carea' id='block_1_25' title="bbox 2228 985 3747 1056">
    <p class='ocr_par' dir='ltr' id='par_1_25' title="bbox 2228 985 3747 1056">
     <span class='ocr_line' id='line_1_25' title="bbox 2228 985 3747 1056; baseline 0.003 -18"><span class='ocrx_word' id='word_1_183' title='bbox 2228 986 2381 1038; x_wconf 64' lang='grc' dir='ltr'>οὐδὲν</span> <span class='ocrx_word' id='word_1_184' title='bbox 2413 987 2470 1039; x_wconf 81' lang='grc' dir='ltr'><strong>δὲ</strong></span> <span class='ocrx_word' id='word_1_185' title='bbox 2517 986 2623 1039; x_wconf 84' lang='grc' dir='ltr'><strong>τῶν</strong></span> <span class='ocrx_word' id='word_1_186' title='bbox 2658 988 2806 1056; x_wconf 80' lang='grc' dir='ltr'><strong>παρά</strong></span> <span class='ocrx_word' id='word_1_187' title='bbox 2844 985 2980 1039; x_wconf 78' lang='grc' dir='ltr'>Θεοῦ</span> <span class='ocrx_word' id='word_1_188' title='bbox 3024 987 3496 1056; x_wconf 79' lang='grc' dir='ltr'><strong>προσταττομένων</strong></span> <span class='ocrx_word' id='word_1_189' title='bbox 3521 988 3747 1042; x_wconf 78' lang='grc' dir='ltr'>τοιοῦτον·</span> 
     </span>
    </p>
   </div>
   <div class='ocr_carea' id='block_1_26' title="bbox 2229 1072 3748 1149">
    <p class='ocr_par' dir='ltr' id='par_1_26' title="bbox 2229 1072 3748 1149">
     <span class='ocr_line' id='line_1_26' title="bbox 2229 1072 3748 1149; baseline 0.005 -24"><span class='ocrx_word' id='word_1_190' title='bbox 2229 1076 2390 1128; x_wconf 79' lang='grc' dir='ltr'>οἱονεὶ</span> <span class='ocrx_word' id='word_1_191' title='bbox 2423 1076 2574 1145; x_wconf 82' lang='grc' dir='ltr'><strong>παρά</strong></span> <span class='ocrx_word' id='word_1_192' title='bbox 2611 1075 2773 1144; x_wconf 81' lang='grc' dir='ltr'>φύσιν</span> <span class='ocrx_word' id='word_1_193' title='bbox 2799 1072 2959 1138; x_wconf 79' lang='grc' dir='ltr'>εἶναι,</span> <span class='ocrx_word' id='word_1_194' title='bbox 2991 1076 3022 1145; x_wconf 86' lang='grc' dir='ltr'>ἢ</span> <span class='ocrx_word' id='word_1_195' title='bbox 3049 1074 3155 1139; x_wconf 76' lang='grc' dir='ltr'><strong>ἔξω</strong></span> <span class='ocrx_word' id='word_1_196' title='bbox 3176 1076 3266 1129; x_wconf 76' lang='grc' dir='ltr'>τοῦ</span> <span class='ocrx_word' id='word_1_197' title='bbox 3292 1077 3407 1129; x_wconf 85' lang='grc' dir='ltr'>κατ’</span> <span class='ocrx_word' id='word_1_198' title='bbox 3447 1078 3633 1149; x_wconf 76' lang='grc' dir='ltr'>ἀρετὴν</span> <span class='ocrx_word' id='word_1_199' title='bbox 3657 1080 3748 1133; x_wconf 80' lang='grc' dir='ltr'>δεί-</span> 
     </span>
    </p>
   </div>
   <div class='ocr_carea' id='block_1_27' title="bbox 2230 1165 3748 1238">
    <p class='ocr_par' dir='ltr' id='par_1_27' title="bbox 2230 1165 3748 1238">
     <span class='ocr_line' id='line_1_27' title="bbox 2230 1165 3748 1238; baseline 0.003 -21"><span class='ocrx_word' id='word_1_200' title='bbox 2230 1165 2457 1217; x_wconf 84' lang='grc' dir='ltr'>κνυσθαι</span> <span class='ocrx_word' id='word_1_201' title='bbox 2490 1166 2749 1234; x_wconf 84' lang='grc' dir='ltr'>λόγου.Ἢ</span> <span class='ocrx_word' id='word_1_202' title='bbox 2777 1167 2833 1219; x_wconf 80' lang='grc' dir='ltr'><strong>δὲ</strong></span> <span class='ocrx_word' id='word_1_203' title='bbox 2856 1168 3050 1234; x_wconf 87' lang='grc' dir='ltr'>άλογος</span> <span class='ocrx_word' id='word_1_204' title='bbox 3087 1167 3272 1235; x_wconf 82' lang='grc' dir='ltr'><strong>ἀργία,</strong></span> <span class='ocrx_word' id='word_1_205' title='bbox 3304 1167 3465 1238; x_wconf 78' lang='grc' dir='ltr'>ἀρετὴ</span> <span class='ocrx_word' id='word_1_206' title='bbox 3491 1170 3582 1221; x_wconf 70' lang='grc' dir='ltr'>οὐκ</span> <span class='ocrx_word' id='word_1_207' title='bbox 3610 1169 3748 1223; x_wconf 76' lang='grc' dir='ltr'>ἐστιν.</span> 
     </span>
    </p>
   </div>
   <div class='ocr_carea' id='block_1_28' title="bbox 2231 1257 3751 1330">
    <p class='ocr_par' dir='ltr' id='par_1_28' title="bbox 2231 1257 3751 1330">
     <span class='ocr_line' id='line_1_28' title="bbox 2231 1257 3751 1330; baseline 0.004 -22"><span class='ocrx_word' id='word_1_208' title='bbox 2231 1258 2420 1324; x_wconf 80' lang='grc' dir='ltr'>Ζητεῖν</span> <span class='ocrx_word' id='word_1_209' title='bbox 2449 1257 2557 1328; x_wconf 79' lang='grc' dir='ltr'>ἄρα</span> <span class='ocrx_word' id='word_1_210' title='bbox 2585 1261 2845 1328; x_wconf 74' lang='grc' dir='ltr'>προσήκει</span> <span class='ocrx_word' id='word_1_211' title='bbox 2877 1258 2928 1310; x_wconf 87' lang='grc' dir='ltr'><strong>τί</strong></span> <span class='ocrx_word' id='word_1_212' title='bbox 2951 1257 3197 1327; x_wconf 82' lang='grc' dir='ltr'>βούλεται</span> <span class='ocrx_word' id='word_1_213' title='bbox 3219 1259 3276 1310; x_wconf 79' lang='grc' dir='ltr'><strong>τὸ</strong></span> <span class='ocrx_word' id='word_1_214' title='bbox 3302 1259 3644 1330; x_wconf 76' lang='grc' dir='ltr'><strong>παράγγελμα</strong></span> <span class='ocrx_word' id='word_1_215' title='bbox 3669 1262 3751 1330; x_wconf 75' lang='grc' dir='ltr'>τῆς</span> 
     </span>
    </p>
   </div>
   <div class='ocr_carea' id='block_1_29' title="bbox 2231 1348 2890 1419">
    <p class='ocr_par' dir='ltr' id='par_1_29' title="bbox 2231 1348 2890 1419">
     <span class='ocr_line' id='line_1_29' title="bbox 2231 1348 2890 1419; baseline 0.012 -22"><span class='ocrx_word' id='word_1_216' title='bbox 2231 1348 2323 1398; x_wconf 77' lang='grc' dir='ltr'>τοῦ</span> <span class='ocrx_word' id='word_1_217' title='bbox 2357 1349 2637 1402; x_wconf 74' lang='grc' dir='ltr'>Σαϐϐάτου</span> <span class='ocrx_word' id='word_1_218' title='bbox 2671 1349 2890 1419; x_wconf 88' lang='grc' dir='ltr'>ἀργίας.</span> 
     </span>
    </p>
   </div>
   <div class='ocr_carea' id='block_1_30' title="bbox 2299 1532 3758 1603">
    <p class='ocr_par' dir='ltr' id='par_1_30' title="bbox 2299 1532 3758 1603">
     <span class='ocr_line' id='line_1_30' title="bbox 2299 1532 3758 1603; baseline 0.001 -19"><span class='ocrx_word' id='word_1_219' title='bbox 2299 1535 2443 1602; x_wconf 77' lang='grc' dir='ltr'>Φημὶ</span> <span class='ocrx_word' id='word_1_220' title='bbox 2472 1532 2647 1585; x_wconf 81' lang='grc' dir='ltr'>τοίνυν</span> <span class='ocrx_word' id='word_1_221' title='bbox 2677 1532 2786 1600; x_wconf 74' lang='grc' dir='ltr'>ἐγὼ</span> <span class='ocrx_word' id='word_1_222' title='bbox 2817 1535 2994 1603; x_wconf 82' lang='grc' dir='ltr'><strong>πάσης</strong></span> <span class='ocrx_word' id='word_1_223' title='bbox 3024 1533 3341 1602; x_wconf 75' lang='grc' dir='ltr'>νομοθεσίας</span> <span class='ocrx_word' id='word_1_224' title='bbox 3372 1534 3469 1603; x_wconf 76' lang='grc' dir='ltr'>τῆς</span> <span class='ocrx_word' id='word_1_225' title='bbox 3497 1534 3661 1586; x_wconf 78' lang='grc' dir='ltr'>θεόθεν</span> <span class='ocrx_word' id='word_1_226' title='bbox 3681 1549 3758 1601; x_wconf 83' lang='grc' dir='ltr'>γε·</span> 
     </span>
    </p>
   </div>
   <div class='ocr_carea' id='block_1_31' title="bbox 2231 1620 3758 1694">
    <p class='ocr_par' dir='ltr' id='par_1_31' title="bbox 2231 1620 3758 1694">
     <span class='ocr_line' id='line_1_31' title="bbox 2231 1620 3758 1694; baseline 0.003 -22"><span class='ocrx_word' id='word_1_227' title='bbox 2231 1623 2535 1692; x_wconf 78' lang='grc' dir='ltr'>γενημένης</span> <span class='ocrx_word' id='word_1_228' title='bbox 2577 1625 2670 1676; x_wconf 80' lang='grc' dir='ltr'><strong>ἕνα</strong></span> <span class='ocrx_word' id='word_1_229' title='bbox 2718 1624 2916 1676; x_wconf 76' lang='grc' dir='ltr'>σκοπὸν</span> <span class='ocrx_word' id='word_1_230' title='bbox 2947 1620 3104 1685; x_wconf 75' lang='grc' dir='ltr'>εἶναι,</span> <span class='ocrx_word' id='word_1_231' title='bbox 3137 1623 3198 1677; x_wconf 82' lang='grc' dir='ltr'><strong>τὸ</strong></span> <span class='ocrx_word' id='word_1_232' title='bbox 3227 1624 3544 1694; x_wconf 77' lang='grc' dir='ltr'>καθαρεύειν</span> <span class='ocrx_word' id='word_1_233' title='bbox 3578 1623 3648 1694; x_wconf 82' lang='grc' dir='ltr'>τῷ</span> <span class='ocrx_word' id='word_1_234' title='bbox 3677 1625 3758 1694; x_wconf 83' lang='grc' dir='ltr'>τῆς</span> 
     </span>
    </p>
   </div>
   <div class='ocr_carea' id='block_1_32' title="bbox 2235 1712 3760 1784">
    <p class='ocr_par' dir='ltr' id='par_1_32' title="bbox 2235 1712 3760 1784">
     <span class='ocr_line' id='line_1_32' title="bbox 2235 1712 3760 1784; baseline 0.001 -19"><span class='ocrx_word' id='word_1_235' title='bbox 2235 1714 2431 1775; x_wconf 89' lang='grc' dir='ltr'>κακίας</span> <span class='ocrx_word' id='word_1_236' title='bbox 2473 1712 2618 1783; x_wconf 78' lang='grc' dir='ltr'>ἔργῳ</span> <span class='ocrx_word' id='word_1_237' title='bbox 2666 1715 2788 1776; x_wconf 71' lang='grc' dir='ltr'>τοὺς</span> <span class='ocrx_word' id='word_1_238' title='bbox 2835 1712 3182 1784; x_wconf 80' lang='grc' dir='ltr'>δειξαμένονς</span> <span class='ocrx_word' id='word_1_239' title='bbox 3222 1714 3312 1766; x_wconf 72' lang='grc' dir='ltr'>τὸν</span> <span class='ocrx_word' id='word_1_240' title='bbox 3352 1714 3526 1783; x_wconf 78' lang='grc' dir='ltr'>νόμον,</span> <span class='ocrx_word' id='word_1_241' title='bbox 3558 1714 3644 1767; x_wconf 79' lang='grc' dir='ltr'>καὶ</span> <span class='ocrx_word' id='word_1_242' title='bbox 3671 1715 3760 1776; x_wconf 77' lang='grc' dir='ltr'><strong>πᾶς</strong></span> 
     </span>
    </p>
   </div>
   <div class='ocr_carea' id='block_1_33' title="bbox 559 1782 2121 1879">
    <p class='ocr_par' dir='ltr' id='par_1_33' title="bbox 559 1809 2121 1879">
     <span class='ocr_line' id='line_1_33' title="bbox 559 1809 2121 1879; baseline 0.003 -18"><span class='ocrx_word' id='word_1_243' title='bbox 559 1809 950 1864; x_wconf 87' lang='lat' dir='ltr'><strong>sabbatismum</strong></span> <span class='ocrx_word' id='word_1_244' title='bbox 984 1825 1144 1878; x_wconf 81' lang='lat' dir='ltr'><strong>agere</strong></span> <span class='ocrx_word' id='word_1_245' title='bbox 1169 1825 1198 1862; x_wconf 91' lang='lat' dir='ltr'><strong>a</strong></span> <span class='ocrx_word' id='word_1_246' title='bbox 1237 1811 1394 1864; x_wconf 88' lang='lat' dir='ltr'><strong>malis</strong></span> <span class='ocrx_word' id='word_1_247' title='bbox 1432 1810 1710 1879; x_wconf 89' lang='lat' dir='ltr'><strong>operibus.</strong></span> <span class='ocrx_word' id='word_1_248' title='bbox 1753 1809 1865 1863; x_wconf 92' lang='lat' dir='ltr'><strong>lloc</strong></span> <span class='ocrx_word' id='word_1_249' title='bbox 1899 1822 2026 1865; x_wconf 92' lang='lat' dir='ltr'><strong>sunt</strong></span> <span class='ocrx_word' id='word_1_250' title='bbox 2055 1821 2121 1867; x_wconf 89' lang='lat' dir='ltr'><strong>ta-</strong></span> 
     </span>
    </p>
   </div>
   <div class='ocr_carea' id='block_1_34' title="bbox 2224 1782 3760 1879">
    <p class='ocr_par' dir='ltr' id='par_1_34' title="bbox 2229 1782 3760 1875">
     <span class='ocr_line' id='line_1_34' title="bbox 2229 1782 3760 1875; baseline 0 -19"><span class='ocrx_word' id='word_1_251' title='bbox 2229 1806 2389 1874; x_wconf 90' lang='grc' dir='ltr'>νόμος</span> <span class='ocrx_word' id='word_1_252' title='bbox 2419 1805 2446 1856; x_wconf 84' lang='grc' dir='ltr'>ὁ</span> <span class='ocrx_word' id='word_1_253' title='bbox 2473 1804 2538 1856; x_wconf 85' lang='grc' dir='ltr'>τὰ</span> <span class='ocrx_word' id='word_1_254' title='bbox 2568 1782 2912 1875; x_wconf 72' lang='grc' dir='ltr'>ἀπειρημένα</span> <span class='ocrx_word' id='word_1_255' title='bbox 2941 1782 3161 1858; x_wconf 77' lang='grc' dir='ltr'>κωλύων</span> <span class='ocrx_word' id='word_1_256' title='bbox 3184 1782 3524 1868; x_wconf 72' lang='grc' dir='ltr'>σαϐϐατίζειν</span> <span class='ocrx_word' id='word_1_257' title='bbox 3552 1805 3650 1857; x_wconf 77' lang='grc' dir='ltr'><strong>ἀπὸ</strong></span> <span class='ocrx_word' id='word_1_258' title='bbox 3671 1805 3760 1857; x_wconf 80' lang='grc' dir='ltr'><strong>τῶν</strong></span> 
     </span>
    </p>
   </div>
   <div class='ocr_carea' id='block_1_35' title="bbox 561 1898 2128 1968">
    <p class='ocr_par' dir='ltr' id='par_1_35' title="bbox 561 1898 2128 1968">
     <span class='ocr_line' id='line_1_35' title="bbox 561 1898 2128 1968; baseline 0.004 -16"><span class='ocrx_word' id='word_1_259' title='bbox 561 1900 716 1963; x_wconf 73' lang='lat' dir='ltr'><strong>lmlze,</strong></span> <span class='ocrx_word' id='word_1_260' title='bbox 747 1899 849 1954; x_wconf 92' lang='lat' dir='ltr'><strong>hoc</strong></span> <span class='ocrx_word' id='word_1_261' title='bbox 887 1898 1123 1954; x_wconf 75' lang='lat' dir='ltr'><strong>Levitiea</strong></span> <span class='ocrx_word' id='word_1_262' title='bbox 1170 1901 1498 1961; x_wconf 86' lang='lat' dir='ltr'><strong>observatio,</strong></span> <span class='ocrx_word' id='word_1_263' title='bbox 1550 1899 1651 1952; x_wconf 90' lang='lat' dir='ltr'><strong>hoc</strong></span> <span class='ocrx_word' id='word_1_264' title='bbox 1684 1899 1826 1968; x_wconf 88' lang='lat' dir='ltr'><strong>quod</strong></span> <span class='ocrx_word' id='word_1_265' title='bbox 1877 1913 2128 1959; x_wconf 82' lang='lat' dir='ltr'><strong>accurate</strong></span> 
     </span>
    </p>
   </div>
   <div class='ocr_carea' id='block_1_36' title="bbox 558 1986 2128 2053">
    <p class='ocr_par' dir='ltr' id='par_1_36' title="bbox 558 1986 2128 2053">
     <span class='ocr_line' id='line_1_36' title="bbox 558 1986 2128 2053; baseline 0.004 -15"><span class='ocrx_word' id='word_1_266' title='bbox 558 1986 815 2040; x_wconf 89' lang='lat' dir='ltr'><strong>traditum</strong></span> <span class='ocrx_word' id='word_1_267' title='bbox 850 1995 935 2041; x_wconf 89' lang='lat' dir='ltr'><strong>est</strong></span> <span class='ocrx_word' id='word_1_268' title='bbox 979 1987 1030 2040; x_wconf 93' lang='lat' dir='ltr'><strong>in</strong></span> <span class='ocrx_word' id='word_1_269' title='bbox 1075 1987 1512 2049; x_wconf 87' lang='lat' dir='ltr'><strong>Deuteronomio,</strong></span> <span class='ocrx_word' id='word_1_270' title='bbox 1553 1994 1610 2039; x_wconf 94' lang='lat' dir='ltr'><strong>ut</strong></span> <span class='ocrx_word' id='word_1_271' title='bbox 1640 1988 1799 2042; x_wconf 79' lang='lat' dir='ltr'><strong>otiosi</strong></span> <span class='ocrx_word' id='word_1_272' title='bbox 1831 1989 2024 2053; x_wconf 90' lang='lat' dir='ltr'><strong>simus,</strong></span> <span class='ocrx_word' id='word_1_273' title='bbox 2075 2001 2128 2044; x_wconf 90' lang='lat' dir='ltr'><strong>et</strong></span> 
     </span>
    </p>
   </div>
   <div class='ocr_carea' id='block_1_37' title="bbox 557 2074 2124 2143">
    <p class='ocr_par' dir='ltr' id='par_1_37' title="bbox 557 2074 2124 2143">
     <span class='ocr_line' id='line_1_37' title="bbox 557 2074 2124 2143; baseline 0.004 -18"><span class='ocrx_word' id='word_1_274' title='bbox 557 2074 692 2126; x_wconf 86' lang='lat' dir='ltr'><strong>nihil</strong></span> <span class='ocrx_word' id='word_1_275' title='bbox 725 2089 948 2143; x_wconf 78' lang='lat' dir='ltr'><strong>agamus</strong></span> <span class='ocrx_word' id='word_1_276' title='bbox 994 2074 1226 2136; x_wconf 88' lang='lat' dir='ltr'><strong>illorum,</strong></span> <span class='ocrx_word' id='word_1_277' title='bbox 1262 2088 1492 2142; x_wconf 89' lang='lat' dir='ltr'><strong>quorum</strong></span> <span class='ocrx_word' id='word_1_278' title='bbox 1524 2087 1662 2142; x_wconf 86' lang='lat' dir='ltr'><strong>opus</strong></span> <span class='ocrx_word' id='word_1_279' title='bbox 1707 2084 1790 2129; x_wconf 81' lang='lat' dir='ltr'><strong>cst</strong></span> <span class='ocrx_word' id='word_1_280' title='bbox 1822 2075 2029 2132; x_wconf 77' lang='lat' dir='ltr'><strong>vitium.</strong></span> <span class='ocrx_word' id='word_1_281' title='bbox 2070 2075 2124 2131; x_wconf 90' lang='lat' dir='ltr'><strong>Si</strong></span> 
     </span>
    </p>
   </div>
   <div class='ocr_carea' id='block_1_38' title="bbox 557 2164 2123 2233">
    <p class='ocr_par' dir='ltr' id='par_1_38' title="bbox 557 2164 2123 2233">
     <span class='ocr_line' id='line_1_38' title="bbox 557 2164 2123 2233; baseline 0.003 -16"><span class='ocrx_word' id='word_1_282' title='bbox 557 2179 686 2232; x_wconf 82' lang='lat' dir='ltr'><strong>ergo</strong></span> <span class='ocrx_word' id='word_1_283' title='bbox 712 2165 782 2217; x_wconf 92' lang='lat' dir='ltr'><strong>ita</strong></span> <span class='ocrx_word' id='word_1_284' title='bbox 821 2165 900 2217; x_wconf 87' lang='lat' dir='ltr'><strong>lex</strong></span> <span class='ocrx_word' id='word_1_285' title='bbox 943 2165 1240 2233; x_wconf 89' lang='lat' dir='ltr'><strong>accipiatur</strong></span> <span class='ocrx_word' id='word_1_286' title='bbox 1267 2171 1321 2216; x_wconf 91' lang='lat' dir='ltr'><strong>ut</strong></span> <span class='ocrx_word' id='word_1_287' title='bbox 1351 2164 1511 2216; x_wconf 87' lang='lat' dir='ltr'><strong>homo</strong></span> <span class='ocrx_word' id='word_1_288' title='bbox 1541 2166 1612 2217; x_wconf 89' lang='lat' dir='ltr'><strong>sit</strong></span> <span class='ocrx_word' id='word_1_289' title='bbox 1640 2165 1850 2220; x_wconf 92' lang='lat' dir='ltr'><strong>otiosus</strong></span> <span class='ocrx_word' id='word_1_290' title='bbox 1885 2167 1939 2220; x_wconf 91' lang='lat' dir='ltr'><strong>in</strong></span> <span class='ocrx_word' id='word_1_291' title='bbox 1975 2169 2123 2230; x_wconf 88' lang='lat' dir='ltr'><strong>vitio,</strong></span> 
     </span>
    </p>
   </div>
   <div class='ocr_carea' id='block_1_39' title="bbox 557 2255 2128 2326">
    <p class='ocr_par' dir='ltr' id='par_1_39' title="bbox 557 2255 2128 2326">
     <span class='ocr_line' id='line_1_39' title="bbox 557 2255 2128 2326; baseline 0.003 -20"><span class='ocrx_word' id='word_1_292' title='bbox 557 2271 656 2326; x_wconf 72' lang='lat' dir='ltr'><strong>ego</strong></span> <span class='ocrx_word' id='word_1_293' title='bbox 693 2269 910 2324; x_wconf 88' lang='lat' dir='ltr'><strong>quoque</strong></span> <span class='ocrx_word' id='word_1_294' title='bbox 953 2257 1225 2310; x_wconf 89' lang='lat' dir='ltr'><strong>assentior</strong></span> <span class='ocrx_word' id='word_1_295' title='bbox 1277 2257 1576 2325; x_wconf 87' lang='lat' dir='ltr'><strong>sapientem</strong></span> <span class='ocrx_word' id='word_1_296' title='bbox 1616 2255 1976 2312; x_wconf 83' lang='lat' dir='ltr'><strong>Ecclesiasten</strong></span> <span class='ocrx_word' id='word_1_297' title='bbox 2027 2258 2128 2311; x_wconf 52' lang='lat' dir='ltr'><strong>ad;</strong></span> 
     </span>
    </p>
   </div>
   <div class='ocr_carea' id='block_1_40' title="bbox 559 2348 2126 2416">
    <p class='ocr_par' dir='ltr' id='par_1_40' title="bbox 559 2348 2126 2416">
     <span class='ocr_line' id='line_1_40' title="bbox 559 2348 2126 2416; baseline 0 -14"><span class='ocrx_word' id='word_1_298' title='bbox 559 2365 751 2402; x_wconf 86' lang='lat' dir='ltr'><strong>versus</strong></span> <span class='ocrx_word' id='word_1_299' title='bbox 782 2364 904 2403; x_wconf 90' lang='lat' dir='ltr'><strong>eum</strong></span> <span class='ocrx_word' id='word_1_300' title='bbox 937 2348 1029 2416; x_wconf 88' lang='lat' dir='ltr'><strong>qui</strong></span> <span class='ocrx_word' id='word_1_301' title='bbox 1060 2363 1156 2402; x_wconf 83' lang='lat' dir='ltr'><strong>sua</strong></span> <span class='ocrx_word' id='word_1_302' title='bbox 1199 2349 1343 2415; x_wconf 77' lang='lat' dir='ltr'><strong>ligna</strong></span> <span class='ocrx_word' id='word_1_303' title='bbox 1370 2348 1593 2416; x_wconf 80' lang='lat' dir='ltr'><strong>colligit.</strong></span> <span class='ocrx_word' id='word_1_304' title='bbox 1638 2349 1969 2404; x_wconf 89' lang='lat' dir='ltr'><strong>constituere</strong></span> <span class='ocrx_word' id='word_1_305' title='bbox 1996 2358 2126 2404; x_wconf 83' lang='lat' dir='ltr'><strong>tem-</strong></span> 
     </span>
    </p>
   </div>
   <div class='ocr_carea' id='block_1_41' title="bbox 558 2437 2127 2510">
    <p class='ocr_par' dir='ltr' id='par_1_41' title="bbox 558 2437 2127 2510">
     <span class='ocr_line' id='line_1_41' title="bbox 558 2437 2127 2510; baseline 0.005 -22"><span class='ocrx_word' id='word_1_306' title='bbox 558 2454 657 2506; x_wconf 90' lang='lat' dir='ltr'><strong>pus</strong></span> <span class='ocrx_word' id='word_1_307' title='bbox 682 2438 746 2492; x_wconf 90' lang='lat' dir='ltr'><strong>ad</strong></span> <span class='ocrx_word' id='word_1_308' title='bbox 771 2437 1084 2505; x_wconf 82' lang='lat' dir='ltr'><strong>jaciendum</strong></span> <span class='ocrx_word' id='word_1_309' title='bbox 1118 2439 1345 2508; x_wconf 86' lang='lat' dir='ltr'><strong>lapides,</strong></span> <span class='ocrx_word' id='word_1_310' title='bbox 1382 2448 1606 2510; x_wconf 82' lang='lat' dir='ltr'><strong>propter</strong></span> <span class='ocrx_word' id='word_1_311' title='bbox 1637 2439 1780 2509; x_wconf 89' lang='lat' dir='ltr'><strong>quod</strong></span> <span class='ocrx_word' id='word_1_312' title='bbox 1808 2442 2127 2510; x_wconf 86' lang='lat' dir='ltr'><strong>prohibetur</strong></span> 
     </span>
    </p>
   </div>
   <div class='ocr_carea' id='block_1_42' title="bbox 559 2531 2124 2603">
    <p class='ocr_par' dir='ltr' id='par_1_42' title="bbox 559 2531 2124 2603">
     <span class='ocr_line' id='line_1_42' title="bbox 559 2531 2124 2603; baseline 0.003 -21"><span class='ocrx_word' id='word_1_313' title='bbox 559 2531 808 2584; x_wconf 75' lang='lat' dir='ltr'><strong>collectio</strong></span> <span class='ocrx_word' id='word_1_314' title='bbox 863 2539 1262 2585; x_wconf 82' lang='lat' dir='ltr'><strong>sarmentorum</strong></span> <span class='ocrx_word' id='word_1_315' title='bbox 1317 2533 1452 2594; x_wconf 88' lang='lat' dir='ltr'><strong>vitii,</strong></span> <span class='ocrx_word' id='word_1_316' title='bbox 1514 2548 1632 2601; x_wconf 67' lang='lat' dir='ltr'><strong>qua!</strong></span> <span class='ocrx_word' id='word_1_317' title='bbox 1676 2534 2007 2603; x_wconf 87' lang='lat' dir='ltr'><strong>colliguntur</strong></span> <span class='ocrx_word' id='word_1_318' title='bbox 2058 2535 2124 2587; x_wconf 89' lang='lat' dir='ltr'><strong>ad</strong></span> 
     </span>
    </p>
   </div>
   <div class='ocr_carea' id='block_1_43' title="bbox 561 2622 2125 2693">
    <p class='ocr_par' dir='ltr' id='par_1_43' title="bbox 561 2622 2125 2693">
     <span class='ocr_line' id='line_1_43' title="bbox 561 2622 2125 2693; baseline 0.003 -20"><span class='ocrx_word' id='word_1_319' title='bbox 561 2623 839 2677; x_wconf 86' lang='lat' dir='ltr'><strong>materiam</strong></span> <span class='ocrx_word' id='word_1_320' title='bbox 873 2623 981 2693; x_wconf 88' lang='lat' dir='ltr'><strong>igni</strong></span> <span class='ocrx_word' id='word_1_321' title='bbox 1013 2623 1484 2693; x_wconf 84' lang='lat' dir='ltr'><strong>suppeditamlam.</strong></span> <span class='ocrx_word' id='word_1_322' title='bbox 1521 2622 1624 2677; x_wconf 89' lang='lat' dir='ltr'><strong>Sed</strong></span> <span class='ocrx_word' id='word_1_323' title='bbox 1649 2625 1691 2678; x_wconf 92' lang='lat' dir='ltr'><strong>si</strong></span> <span class='ocrx_word' id='word_1_324' title='bbox 1732 2625 1873 2678; x_wconf 88' lang='lat' dir='ltr'><strong>nuda</strong></span> <span class='ocrx_word' id='word_1_325' title='bbox 1912 2635 2125 2680; x_wconf 84' lang='lat' dir='ltr'><strong>maneat</strong></span> 
     </span>
    </p>
   </div>
   <div class='ocr_carea' id='block_1_44' title="bbox 559 2714 2122 2787">
    <p class='ocr_par' dir='ltr' id='par_1_44' title="bbox 559 2714 2122 2787">
     <span class='ocr_line' id='line_1_44' title="bbox 559 2714 2122 2787; baseline 0.003 -22"><span class='ocrx_word' id='word_1_326' title='bbox 559 2715 755 2778; x_wconf 85' lang='lat' dir='ltr'><strong>littera,</strong></span> <span class='ocrx_word' id='word_1_327' title='bbox 804 2730 911 2768; x_wconf 82' lang='lat' dir='ltr'><strong>non</strong></span> <span class='ocrx_word' id='word_1_328' title='bbox 963 2715 1123 2768; x_wconf 82' lang='lat' dir='ltr'><strong>video</strong></span> <span class='ocrx_word' id='word_1_329' title='bbox 1151 2714 1605 2784; x_wconf 85' lang='lat' dir='ltr'><strong>quemadmodum</strong></span> <span class='ocrx_word' id='word_1_330' title='bbox 1638 2716 1692 2769; x_wconf 87' lang='lat' dir='ltr'><strong>in</strong></span> <span class='ocrx_word' id='word_1_331' title='bbox 1749 2716 1865 2786; x_wconf 89' lang='lat' dir='ltr'><strong>lege</strong></span> <span class='ocrx_word' id='word_1_332' title='bbox 1895 2717 2122 2787; x_wconf 81' lang='lat' dir='ltr'><strong>cegitari</strong></span> 
     </span>
    </p>
   </div>
   <div class='ocr_carea' id='block_1_45' title="bbox 558 2805 2126 2878">
    <p class='ocr_par' dir='ltr' id='par_1_45' title="bbox 558 2805 2126 2878">
     <span class='ocr_line' id='line_1_45' title="bbox 558 2805 2126 2878; baseline 0.001 -18"><span class='ocrx_word' id='word_1_333' title='bbox 558 2808 727 2875; x_wconf 89' lang='lat' dir='ltr'><strong>possit</strong></span> <span class='ocrx_word' id='word_1_334' title='bbox 775 2807 916 2877; x_wconf 90' lang='lat' dir='ltr'><strong>quod</strong></span> <span class='ocrx_word' id='word_1_335' title='bbox 971 2807 1079 2860; x_wconf 79' lang='lat' dir='ltr'><strong>Deo</strong></span> <span class='ocrx_word' id='word_1_336' title='bbox 1111 2808 1333 2878; x_wconf 82' lang='lat' dir='ltr'><strong>(lignum</strong></span> <span class='ocrx_word' id='word_1_337' title='bbox 1380 2807 1468 2860; x_wconf 88' lang='lat' dir='ltr'><strong>sit.</strong></span> <span class='ocrx_word' id='word_1_338' title='bbox 1508 2805 1810 2861; x_wconf 77' lang='lat' dir='ltr'><strong>Videndum</strong></span> <span class='ocrx_word' id='word_1_339' title='bbox 1862 2815 1944 2861; x_wconf 88' lang='lat' dir='ltr'><strong>est</strong></span> <span class='ocrx_word' id='word_1_340' title='bbox 1993 2823 2126 2878; x_wconf 88' lang='lat' dir='ltr'><strong>ergo</strong></span> 
     </span>
    </p>
   </div>
   <div class='ocr_carea' id='block_1_46' title="bbox 555 2898 2122 2968">
    <p class='ocr_par' dir='ltr' id='par_1_46' title="bbox 555 2898 2122 2968">
     <span class='ocr_line' id='line_1_46' title="bbox 555 2898 2122 2968; baseline 0.001 -18"><span class='ocrx_word' id='word_1_341' title='bbox 555 2898 777 2967; x_wconf 80' lang='lat' dir='ltr'><strong>quinam</strong></span> <span class='ocrx_word' id='word_1_342' title='bbox 808 2900 918 2952; x_wconf 90' lang='lat' dir='ltr'><strong>sint</strong></span> <span class='ocrx_word' id='word_1_343' title='bbox 969 2899 1193 2968; x_wconf 87' lang='lat' dir='ltr'><strong>lapides,</strong></span> <span class='ocrx_word' id='word_1_344' title='bbox 1236 2899 1326 2968; x_wconf 75' lang='lat' dir='ltr'><strong>qui</strong></span> <span class='ocrx_word' id='word_1_345' title='bbox 1359 2898 1624 2953; x_wconf 82' lang='lat' dir='ltr'><strong>adversus</strong></span> <span class='ocrx_word' id='word_1_346' title='bbox 1654 2913 1777 2950; x_wconf 83' lang='lat' dir='ltr'><strong>eum</strong></span> <span class='ocrx_word' id='word_1_347' title='bbox 1818 2898 2122 2965; x_wconf 80' lang='lat' dir='ltr'><strong>jaciuntur,</strong></span> 
     </span>
    </p>
   </div>
   <div class='ocr_carea' id='block_1_47' title="bbox 557 2988 2122 3060">
    <p class='ocr_par' dir='ltr' id='par_1_47' title="bbox 557 2988 2122 3060">
     <span class='ocr_line' id='line_1_47' title="bbox 557 2988 2122 3060; baseline 0.001 -18"><span class='ocrx_word' id='word_1_348' title='bbox 557 3006 622 3045; x_wconf 87' lang='lat' dir='ltr'><strong>ne</strong></span> <span class='ocrx_word' id='word_1_349' title='bbox 643 2989 1069 3060; x_wconf 87' lang='lat' dir='ltr'><strong>colligendorum</strong></span> <span class='ocrx_word' id='word_1_350' title='bbox 1089 2998 1490 3044; x_wconf 82' lang='lat' dir='ltr'><strong>sarmentorum</strong></span> <span class='ocrx_word' id='word_1_351' title='bbox 1511 2988 1755 3042; x_wconf 88' lang='lat' dir='ltr'><strong>studium</strong></span> <span class='ocrx_word' id='word_1_352' title='bbox 1783 2989 1942 3042; x_wconf 90' lang='lat' dir='ltr'><strong>linem</strong></span> <span class='ocrx_word' id='word_1_353' title='bbox 1962 3005 2122 3044; x_wconf 90' lang='lat' dir='ltr'><strong>suum</strong></span> 
     </span>
    </p>
   </div>
   <div class='ocr_carea' id='block_1_48' title="bbox 2232 1894 3764 1966">
    <p class='ocr_par' dir='ltr' id='par_1_48' title="bbox 2232 1894 3764 1966">
     <span class='ocr_line' id='line_1_48' title="bbox 2232 1894 3764 1966; baseline -0.001 -18"><span class='ocrx_word' id='word_1_354' title='bbox 2232 1895 2477 1966; x_wconf 71' lang='grc' dir='ltr'>πονηρῶν</span> <span class='ocrx_word' id='word_1_355' title='bbox 2499 1894 2672 1964; x_wconf 76' lang='grc' dir='ltr'>ἔργων</span> <span class='ocrx_word' id='word_1_356' title='bbox 2700 1895 3088 1950; x_wconf 80' lang='grc' dir='ltr'>διακελεύεται.</span> <span class='ocrx_word' id='word_1_357' title='bbox 3113 1895 3285 1949; x_wconf 83' lang='grc' dir='ltr'>Τοῦτο</span> <span class='ocrx_word' id='word_1_358' title='bbox 3311 1897 3366 1948; x_wconf 83' lang='grc' dir='ltr'><strong>αί</strong></span> <span class='ocrx_word' id='word_1_359' title='bbox 3396 1895 3606 1958; x_wconf 81' lang='grc' dir='ltr'>πλάκες,</span> <span class='ocrx_word' id='word_1_360' title='bbox 3631 1895 3764 1947; x_wconf 79' lang='grc' dir='ltr'>τοῦτο</span> 
     </span>
    </p>
   </div>
   <div class='ocr_carea' id='block_1_49' title="bbox 2229 1983 3763 2056">
    <p class='ocr_par' dir='ltr' id='par_1_49' title="bbox 2229 1983 3763 2056">
     <span class='ocr_line' id='line_1_49' title="bbox 2229 1983 3763 2056; baseline -0.003 -17"><span class='ocrx_word' id='word_1_361' title='bbox 2229 1987 2262 2056; x_wconf 81' lang='grc' dir='ltr'>ὴ</span> <span class='ocrx_word' id='word_1_362' title='bbox 2295 1986 2547 2054; x_wconf 78' lang='grc' dir='ltr'>Λευῖτικὴ</span> <span class='ocrx_word' id='word_1_363' title='bbox 2585 1987 2979 2056; x_wconf 71' lang='grc' dir='ltr'>παρατήρησις,</span> <span class='ocrx_word' id='word_1_364' title='bbox 3011 1985 3167 2038; x_wconf 68' lang='grc' dir='ltr'>τοῦτο</span> <span class='ocrx_word' id='word_1_365' title='bbox 3207 1987 3240 2055; x_wconf 82' lang='grc' dir='ltr'><strong>ἡ</strong></span> <span class='ocrx_word' id='word_1_366' title='bbox 3292 1986 3350 2037; x_wconf 84' lang='grc' dir='ltr'><strong>ἐν</strong></span> <span class='ocrx_word' id='word_1_367' title='bbox 3377 1983 3453 2054; x_wconf 78' lang='grc' dir='ltr'>τῷ</span> <span class='ocrx_word' id='word_1_368' title='bbox 3481 1987 3763 2054; x_wconf 82' lang='grc' dir='ltr'>Δευτερονο·</span> 
     </span>
    </p>
   </div>
   <div class='ocr_carea' id='block_1_50' title="bbox 2232 2075 3766 2146">
    <p class='ocr_par' dir='ltr' id='par_1_50' title="bbox 2232 2075 3766 2146">
     <span class='ocr_line' id='line_1_50' title="bbox 2232 2075 3766 2146; baseline 0 -20"><span class='ocrx_word' id='word_1_369' title='bbox 2232 2075 2337 2145; x_wconf 87' lang='grc' dir='ltr'>μίῳ</span> <span class='ocrx_word' id='word_1_370' title='bbox 2383 2075 2651 2146; x_wconf 77' lang='grc' dir='ltr'>ἀκρίϐεια,</span> <span class='ocrx_word' id='word_1_371' title='bbox 2680 2076 2740 2128; x_wconf 85' lang='grc' dir='ltr'>τὸ</span> <span class='ocrx_word' id='word_1_372' title='bbox 2765 2078 2965 2146; x_wconf 77' lang='grc' dir='ltr'>ἀργοὺς</span> <span class='ocrx_word' id='word_1_373' title='bbox 2994 2077 3140 2146; x_wconf 84' lang='grc' dir='ltr'>ἡμᾶς</span> <span class='ocrx_word' id='word_1_374' title='bbox 3170 2078 3266 2129; x_wconf 75' lang='grc' dir='ltr'>καὶ</span> <span class='ocrx_word' id='word_1_375' title='bbox 3314 2076 3618 2145; x_wconf 76' lang='grc' dir='ltr'>ἀπράκτους</span> <span class='ocrx_word' id='word_1_376' title='bbox 3647 2075 3766 2127; x_wconf 82' lang='grc' dir='ltr'>ὲκεί·</span> 
     </span>
    </p>
   </div>
   <div class='ocr_carea' id='block_1_51' title="bbox 2225 2160 3766 2239">
    <p class='ocr_par' dir='ltr' id='par_1_51' title="bbox 2225 2160 3766 2239">
     <span class='ocr_line' id='line_1_51' title="bbox 2225 2160 3766 2239; baseline 0.002 -24"><span class='ocrx_word' id='word_1_377' title='bbox 2225 2183 2329 2217; x_wconf 71' lang='grc' dir='ltr'><strong>νων</strong></span> <span class='ocrx_word' id='word_1_378' title='bbox 2360 2160 2516 2231; x_wconf 71' lang='grc' dir='ltr'>εἶναι,</span> <span class='ocrx_word' id='word_1_379' title='bbox 2543 2160 2616 2219; x_wconf 85' lang='grc' dir='ltr'>ὧν</span> <span class='ocrx_word' id='word_1_380' title='bbox 2645 2166 2705 2220; x_wconf 79' lang='grc' dir='ltr'><strong>τὸ</strong></span> <span class='ocrx_word' id='word_1_381' title='bbox 2732 2167 2888 2239; x_wconf 73' lang='grc' dir='ltr'>ἔργον</span> <span class='ocrx_word' id='word_1_382' title='bbox 2914 2167 3083 2222; x_wconf 89' lang='grc' dir='ltr'>κακία</span> <span class='ocrx_word' id='word_1_383' title='bbox 3113 2167 3283 2222; x_wconf 81' lang='grc' dir='ltr'>ἐστίν.</span> <span class='ocrx_word' id='word_1_384' title='bbox 3317 2167 3379 2220; x_wconf 86' lang='grc' dir='ltr'><strong>Εἰ</strong></span> <span class='ocrx_word' id='word_1_385' title='bbox 3413 2167 3508 2238; x_wconf 72' lang='grc' dir='ltr'>μὲν</span> <span class='ocrx_word' id='word_1_386' title='bbox 3540 2161 3625 2220; x_wconf 79' lang='grc' dir='ltr'>οὖν</span> <span class='ocrx_word' id='word_1_387' title='bbox 3649 2166 3766 2218; x_wconf 77' lang='grc' dir='ltr'>οὕτω</span> 
     </span>
    </p>
   </div>
   <div class='ocr_carea' id='block_1_52' title="bbox 2227 2254 3769 2330">
    <p class='ocr_par' dir='ltr' id='par_1_52' title="bbox 2227 2254 3769 2330">
     <span class='ocr_line' id='line_1_52' title="bbox 2227 2254 3769 2330; baseline 0.001 -23"><span class='ocrx_word' id='word_1_388' title='bbox 2227 2273 2307 2318; x_wconf 83' lang='grc' dir='ltr'><strong>τις</strong></span> <span class='ocrx_word' id='word_1_389' title='bbox 2344 2258 2676 2328; x_wconf 76' lang='grc' dir='ltr'>ἐκλαμϐάνει</span> <span class='ocrx_word' id='word_1_390' title='bbox 2705 2260 2794 2312; x_wconf 76' lang='grc' dir='ltr'><strong>τὸν</strong></span> <span class='ocrx_word' id='word_1_391' title='bbox 2834 2261 3014 2330; x_wconf 85' lang='grc' dir='ltr'>νόμον,</span> <span class='ocrx_word' id='word_1_392' title='bbox 3052 2259 3225 2329; x_wconf 81' lang='grc' dir='ltr'>ἀργδν</span> <span class='ocrx_word' id='word_1_393' title='bbox 3265 2260 3324 2312; x_wconf 84' lang='grc' dir='ltr'>ὲν</span> <span class='ocrx_word' id='word_1_394' title='bbox 3351 2259 3517 2329; x_wconf 77' lang='grc' dir='ltr'>κακίᾳ,</span> <span class='ocrx_word' id='word_1_395' title='bbox 3545 2254 3674 2311; x_wconf 76' lang='grc' dir='ltr'>εἶναι</span> <span class='ocrx_word' id='word_1_396' title='bbox 3695 2257 3769 2310; x_wconf 79' lang='grc' dir='ltr'>τὸν</span> 
     </span>
    </p>
   </div>
   <div class='ocr_carea' id='block_1_53' title="bbox 2227 2347 3768 2421">
    <p class='ocr_par' dir='ltr' id='par_1_53' title="bbox 2227 2347 3768 2421">
     <span class='ocr_line' id='line_1_53' title="bbox 2227 2347 3768 2421; baseline -0.001 -21"><span class='ocrx_word' id='word_1_397' title='bbox 2227 2347 2529 2417; x_wconf 83' lang='grc' dir='ltr'>ἄνθρωπον,</span> <span class='ocrx_word' id='word_1_398' title='bbox 2568 2351 2717 2418; x_wconf 78' lang='grc' dir='ltr'>κάγὼ</span> <span class='ocrx_word' id='word_1_399' title='bbox 2750 2352 3035 2421; x_wconf 77' lang='grc' dir='ltr'>συντίθημι</span> <span class='ocrx_word' id='word_1_400' title='bbox 3064 2351 3154 2404; x_wconf 78' lang='grc' dir='ltr'>τὸν</span> <span class='ocrx_word' id='word_1_401' title='bbox 3187 2352 3353 2420; x_wconf 78' lang='grc' dir='ltr'>σοφὸν</span> <span class='ocrx_word' id='word_1_402' title='bbox 3378 2349 3768 2419; x_wconf 80' lang='grc' dir='ltr'>Ἑκκλησιαστὴν</span> 
     </span>
    </p>
   </div>
   <div class='ocr_carea' id='block_1_54' title="bbox 2228 2442 3771 2514">
    <p class='ocr_par' dir='ltr' id='par_1_54' title="bbox 2228 2442 3771 2514">
     <span class='ocr_line' id='line_1_54' title="bbox 2228 2442 3771 2514; baseline 0.001 -22"><span class='ocrx_word' id='word_1_403' title='bbox 2228 2442 2366 2493; x_wconf 84' lang='grc' dir='ltr'>κοιτά</span> <span class='ocrx_word' id='word_1_404' title='bbox 2397 2442 2488 2494; x_wconf 81' lang='grc' dir='ltr'>τοῦ</span> <span class='ocrx_word' id='word_1_405' title='bbox 2523 2443 2654 2508; x_wconf 76' lang='grc' dir='ltr'>ξύλα</span> <span class='ocrx_word' id='word_1_406' title='bbox 2685 2443 2877 2496; x_wconf 81' lang='grc' dir='ltr'>ἑαυτοῦ</span> <span class='ocrx_word' id='word_1_407' title='bbox 2911 2445 3257 2512; x_wconf 85' lang='grc' dir='ltr'>συνάγοντος,</span> <span class='ocrx_word' id='word_1_408' title='bbox 3286 2443 3474 2512; x_wconf 76' lang='grc' dir='ltr'>καιρὸν</span> <span class='ocrx_word' id='word_1_409' title='bbox 3498 2444 3684 2514; x_wconf 79' lang='grc' dir='ltr'>ὁρίζειν</span> <span class='ocrx_word' id='word_1_410' title='bbox 3707 2442 3771 2503; x_wconf 83' lang='grc' dir='ltr'>εις</span> 
     </span>
    </p>
   </div>
   <div class='ocr_carea' id='block_1_55' title="bbox 2225 2527 3772 2604">
    <p class='ocr_par' dir='ltr' id='par_1_55' title="bbox 2225 2527 3772 2604">
     <span class='ocr_line' id='line_1_55' title="bbox 2225 2527 3772 2604; baseline 0.006 -23"><span class='ocrx_word' id='word_1_411' title='bbox 2225 2530 2284 2581; x_wconf 84' lang='grc' dir='ltr'><strong>τὸ</strong></span> <span class='ocrx_word' id='word_1_412' title='bbox 2321 2531 2533 2600; x_wconf 77' lang='grc' dir='ltr'>βάλλειν</span> <span class='ocrx_word' id='word_1_413' title='bbox 2559 2533 2757 2596; x_wconf 80' lang='grc' dir='ltr'>λίθους,</span> <span class='ocrx_word' id='word_1_414' title='bbox 2779 2534 2846 2586; x_wconf 82' lang='grc' dir='ltr'><strong>δι’</strong></span> <span class='ocrx_word' id='word_1_415' title='bbox 2868 2533 2926 2586; x_wconf 84' lang='grc' dir='ltr'>ὃν</span> <span class='ocrx_word' id='word_1_416' title='bbox 2957 2527 3286 2604; x_wconf 67' lang='grc' dir='ltr'>κωλύεταίή</span> <span class='ocrx_word' id='word_1_417' title='bbox 3321 2533 3548 2602; x_wconf 81' lang='grc' dir='ltr'>συλλογὴ</span> <span class='ocrx_word' id='word_1_418' title='bbox 3572 2531 3668 2584; x_wconf 84' lang='grc' dir='ltr'>τῶν</span> <span class='ocrx_word' id='word_1_419' title='bbox 3689 2529 3772 2598; x_wconf 80' lang='grc' dir='ltr'><strong>τῆς</strong></span> 
     </span>
    </p>
   </div>
   <div class='ocr_carea' id='block_1_56' title="bbox 2227 2607 3770 2695">
    <p class='ocr_par' dir='ltr' id='par_1_56' title="bbox 2227 2619 3770 2695">
     <span class='ocr_line' id='line_1_56' title="bbox 2227 2619 3770 2695; baseline -0.001 -21"><span class='ocrx_word' id='word_1_420' title='bbox 2227 2622 2423 2684; x_wconf 84' lang='grc' dir='ltr'>κακίας</span> <span class='ocrx_word' id='word_1_421' title='bbox 2456 2624 2766 2693; x_wconf 80' lang='grc' dir='ltr'>φρυγάνων,</span> <span class='ocrx_word' id='word_1_422' title='bbox 2793 2624 2900 2677; x_wconf 85' lang='grc' dir='ltr'>τῶν</span> <span class='ocrx_word' id='word_1_423' title='bbox 2930 2627 3009 2687; x_wconf 84' lang='grc' dir='ltr'>εἰς</span> <span class='ocrx_word' id='word_1_424' title='bbox 3031 2624 3204 2695; x_wconf 78' lang='grc' dir='ltr'>πυρὸς</span> <span class='ocrx_word' id='word_1_425' title='bbox 3241 2624 3374 2694; x_wconf 78' lang='grc' dir='ltr'>ὓλην</span> <span class='ocrx_word' id='word_1_426' title='bbox 3407 2619 3770 2692; x_wconf 77' lang='grc' dir='ltr'>συναγομένων.</span> 
     </span>
    </p>
   </div>
   <div class='ocr_carea' id='block_1_57' title="bbox 2228 2709 3774 2787">
    <p class='ocr_par' dir='ltr' id='par_1_57' title="bbox 2228 2709 3774 2787">
     <span class='ocr_line' id='line_1_57' title="bbox 2228 2709 3774 2787; baseline -0.002 -22"><span class='ocrx_word' id='word_1_427' title='bbox 2228 2713 2289 2765; x_wconf 80' lang='grc' dir='ltr'><strong>Εἰ</strong></span> <span class='ocrx_word' id='word_1_428' title='bbox 2335 2713 2391 2766; x_wconf 82' lang='grc' dir='ltr'><strong>δὲ</strong></span> <span class='ocrx_word' id='word_1_429' title='bbox 2433 2714 2656 2785; x_wconf 78' lang='grc' dir='ltr'>ψιλότης</span> <span class='ocrx_word' id='word_1_430' title='bbox 2701 2716 3004 2787; x_wconf 84' lang='grc' dir='ltr'>παραμένει</span> <span class='ocrx_word' id='word_1_431' title='bbox 3049 2715 3126 2785; x_wconf 82' lang='grc' dir='ltr'>τῷ</span> <span class='ocrx_word' id='word_1_432' title='bbox 3189 2716 3496 2786; x_wconf 82' lang='grc' dir='ltr'>γράμματι,</span> <span class='ocrx_word' id='word_1_433' title='bbox 3545 2715 3640 2766; x_wconf 80' lang='grc' dir='ltr'>οὐκ</span> <span class='ocrx_word' id='word_1_434' title='bbox 3679 2709 3774 2764; x_wconf 74' lang='grc' dir='ltr'>οἶδα</span> 
     </span>
    </p>
   </div>
   <div class='ocr_carea' id='block_1_58' title="bbox 2225 2801 3775 2878">
    <p class='ocr_par' dir='ltr' id='par_1_58' title="bbox 2225 2801 3775 2878">
     <span class='ocr_line' id='line_1_58' title="bbox 2225 2801 3775 2878; baseline -0.002 -22"><span class='ocrx_word' id='word_1_435' title='bbox 2225 2806 2371 2868; x_wconf 80' lang='grc' dir='ltr'>ὅπως</span> <span class='ocrx_word' id='word_1_436' title='bbox 2418 2807 2476 2857; x_wconf 84' lang='grc' dir='ltr'><strong>τὸ</strong></span> <span class='ocrx_word' id='word_1_437' title='bbox 2514 2806 2816 2876; x_wconf 79' lang='grc' dir='ltr'>θεοπρεπὲς</span> <span class='ocrx_word' id='word_1_438' title='bbox 2859 2810 2916 2859; x_wconf 82' lang='grc' dir='ltr'><strong>ἐν</strong></span> <span class='ocrx_word' id='word_1_439' title='bbox 2954 2806 3029 2876; x_wconf 87' lang='grc' dir='ltr'><strong>τῷ</strong></span> <span class='ocrx_word' id='word_1_440' title='bbox 3067 2807 3224 2878; x_wconf 82' lang='grc' dir='ltr'>νόμῳ</span> <span class='ocrx_word' id='word_1_441' title='bbox 3260 2807 3550 2874; x_wconf 82' lang='grc' dir='ltr'>λογίσαιτο.</span> <span class='ocrx_word' id='word_1_442' title='bbox 3594 2801 3775 2857; x_wconf 71' lang='grc' dir='ltr'>Οὐκοῦν</span> 
     </span>
    </p>
   </div>
   <div class='ocr_carea' id='block_1_59' title="bbox 2227 2893 3775 2965">
    <p class='ocr_par' dir='ltr' id='par_1_59' title="bbox 2227 2893 3775 2965">
     <span class='ocr_line' id='line_1_59' title="bbox 2227 2893 3775 2965; baseline -0.003 -17"><span class='ocrx_word' id='word_1_443' title='bbox 2227 2898 2442 2965; x_wconf 88' lang='grc' dir='ltr'>νοητέον</span> <span class='ocrx_word' id='word_1_444' title='bbox 2467 2901 2591 2960; x_wconf 78' lang='grc' dir='ltr'>τους</span> <span class='ocrx_word' id='word_1_445' title='bbox 2620 2897 2797 2960; x_wconf 83' lang='grc' dir='ltr'>λίθους</span> <span class='ocrx_word' id='word_1_446' title='bbox 2835 2897 2978 2960; x_wconf 83' lang='grc' dir='ltr'>τίνες</span> <span class='ocrx_word' id='word_1_447' title='bbox 3011 2898 3148 2949; x_wconf 73' lang='grc' dir='ltr'>εἰσὶν</span> <span class='ocrx_word' id='word_1_448' title='bbox 3197 2899 3248 2950; x_wconf 82' lang='grc' dir='ltr'>οἱ</span> <span class='ocrx_word' id='word_1_449' title='bbox 3277 2899 3418 2951; x_wconf 82' lang='grc' dir='ltr'><strong>κατά</strong></span> <span class='ocrx_word' id='word_1_450' title='bbox 3448 2895 3539 2948; x_wconf 85' lang='grc' dir='ltr'>τοῦ</span> <span class='ocrx_word' id='word_1_451' title='bbox 3565 2893 3775 2947; x_wconf 77' lang='grc' dir='ltr'>τοιούτου</span> 
     </span>
    </p>
   </div>
   <div class='ocr_carea' id='block_1_60' title="bbox 2229 2984 3778 3059">
    <p class='ocr_par' dir='ltr' id='par_1_60' title="bbox 2229 2984 3778 3059">
     <span class='ocr_line' id='line_1_60' title="bbox 2229 2984 3778 3059; baseline -0.005 -19"><span class='ocrx_word' id='word_1_452' title='bbox 2229 2989 2565 3058; x_wconf 82' lang='grc' dir='ltr'>βαλλόμενοι.</span> <span class='ocrx_word' id='word_1_453' title='bbox 2621 2989 2705 3041; x_wconf 80' lang='grc' dir='ltr'>ἵνα</span> <span class='ocrx_word' id='word_1_454' title='bbox 2751 2989 2824 3059; x_wconf 82' lang='grc' dir='ltr'>μὴ</span> <span class='ocrx_word' id='word_1_455' title='bbox 2874 2991 2952 3051; x_wconf 83' lang='grc' dir='ltr'>εἰς</span> <span class='ocrx_word' id='word_1_456' title='bbox 2995 2989 3145 3052; x_wconf 82' lang='grc' dir='ltr'>τέλος</span> <span class='ocrx_word' id='word_1_457' title='bbox 3180 2990 3433 3057; x_wconf 69' lang='grc' dir='ltr'>ἀφίκοιτο</span> <span class='ocrx_word' id='word_1_458' title='bbox 3481 2989 3516 3057; x_wconf 83' lang='grc' dir='ltr'>ἡ</span> <span class='ocrx_word' id='word_1_459' title='bbox 3552 2985 3670 3056; x_wconf 71' lang='grc' dir='ltr'>περὶ</span> <span class='ocrx_word' id='word_1_460' title='bbox 3701 2984 3778 3035; x_wconf 77' lang='grc' dir='ltr'><strong>τὸν</strong></span> 
     </span>
    </p>
   </div>
   <div class='ocr_carea' id='block_1_61' title="bbox 556 3072 2121 3162">
    <p class='ocr_par' dir='ltr' id='par_1_61' title="bbox 556 3081 2121 3152">
     <span class='ocr_line' id='line_1_61' title="bbox 556 3081 2121 3152; baseline -0.001 -17"><span class='ocrx_word' id='word_1_461' title='bbox 556 3090 898 3152; x_wconf 83' lang='lat' dir='ltr'><strong>assequatur.</strong></span> <span class='ocrx_word' id='word_1_462' title='bbox 929 3081 1025 3136; x_wconf 91' lang='lat' dir='ltr'><strong>Sin</strong></span> <span class='ocrx_word' id='word_1_463' title='bbox 1059 3089 1236 3134; x_wconf 83' lang='lat' dir='ltr'><strong>autem</strong></span> <span class='ocrx_word' id='word_1_464' title='bbox 1265 3081 1404 3150; x_wconf 84' lang='lat' dir='ltr'><strong>ligna</strong></span> <span class='ocrx_word' id='word_1_465' title='bbox 1433 3089 1580 3142; x_wconf 92' lang='lat' dir='ltr'><strong>sunt,</strong></span> <span class='ocrx_word' id='word_1_466' title='bbox 1614 3096 1708 3149; x_wconf 92' lang='lat' dir='ltr'><strong>per</strong></span> <span class='ocrx_word' id='word_1_467' title='bbox 1733 3096 1852 3149; x_wconf 85' lang='lat' dir='ltr'><strong>quae</strong></span> <span class='ocrx_word' id='word_1_468' title='bbox 1873 3081 2014 3150; x_wconf 83' lang='lat' dir='ltr'><strong>ignis</strong></span> <span class='ocrx_word' id='word_1_469' title='bbox 2035 3097 2121 3134; x_wconf 84' lang='lat' dir='ltr'><strong>ar-</strong></span> 
     </span>
    </p>
   </div>
   <div class='ocr_carea' id='block_1_62' title="bbox 2224 3072 3780 3162">
    <p class='ocr_par' dir='ltr' id='par_1_62' title="bbox 2227 3072 3780 3150">
     <span class='ocr_line' id='line_1_62' title="bbox 2227 3072 3780 3150; baseline -0.003 -19"><span class='ocrx_word' id='word_1_470' title='bbox 2227 3079 2600 3149; x_wconf 72' lang='grc' dir='ltr'>φρυγανισμὸν</span> <span class='ocrx_word' id='word_1_471' title='bbox 2651 3079 2874 3150; x_wconf 76' lang='grc' dir='ltr'>σπουδή.</span> <span class='ocrx_word' id='word_1_472' title='bbox 2923 3080 2985 3131; x_wconf 77' lang='grc' dir='ltr'><strong>Εἰ</strong></span> <span class='ocrx_word' id='word_1_473' title='bbox 3028 3079 3084 3132; x_wconf 80' lang='grc' dir='ltr'><strong>δὲ</strong></span> <span class='ocrx_word' id='word_1_474' title='bbox 3113 3080 3186 3133; x_wconf 65' lang='grc' dir='ltr'>τὰ</span> <span class='ocrx_word' id='word_1_475' title='bbox 3226 3079 3359 3144; x_wconf 77' lang='grc' dir='ltr'>ξύλα</span> <span class='ocrx_word' id='word_1_476' title='bbox 3407 3079 3473 3132; x_wconf 87' lang='grc' dir='ltr'><strong>δι’</strong></span> <span class='ocrx_word' id='word_1_477' title='bbox 3504 3072 3576 3131; x_wconf 83' lang='grc' dir='ltr'>ὧν</span> <span class='ocrx_word' id='word_1_478' title='bbox 3605 3079 3661 3129; x_wconf 82' lang='grc' dir='ltr'>τὸ</span> <span class='ocrx_word' id='word_1_479' title='bbox 3687 3073 3780 3143; x_wconf 81' lang='grc' dir='ltr'>πῦρ</span> 
     </span>
    </p>
   </div>
   <div class='ocr_carea' id='block_1_63' title="bbox 553 3171 2120 3241">
    <p class='ocr_par' dir='ltr' id='par_1_63' title="bbox 553 3171 2120 3241">
     <span class='ocr_line' id='line_1_63' title="bbox 553 3171 2120 3241; baseline 0.003 -19"><span class='ocrx_word' id='word_1_480' title='bbox 553 3171 701 3226; x_wconf 90' lang='lat' dir='ltr'><strong>debit</strong></span> <span class='ocrx_word' id='word_1_481' title='bbox 726 3173 773 3226; x_wconf 87' lang='lat' dir='ltr'><strong>ei</strong></span> <span class='ocrx_word' id='word_1_482' title='bbox 805 3172 896 3241; x_wconf 92' lang='lat' dir='ltr'><strong>qui</strong></span> <span class='ocrx_word' id='word_1_483' title='bbox 923 3172 1218 3240; x_wconf 84' lang='lat' dir='ltr'><strong>collegerit,</strong></span> <span class='ocrx_word' id='word_1_484' title='bbox 1249 3179 1376 3224; x_wconf 89' lang='lat' dir='ltr'><strong>sunt</strong></span> <span class='ocrx_word' id='word_1_485' title='bbox 1406 3179 1584 3224; x_wconf 88' lang='lat' dir='ltr'><strong>autem</strong></span> <span class='ocrx_word' id='word_1_486' title='bbox 1619 3186 1680 3224; x_wconf 86' lang='lat' dir='ltr'><strong>ea</strong></span> <span class='ocrx_word' id='word_1_487' title='bbox 1737 3173 1960 3225; x_wconf 89' lang='lat' dir='ltr'><strong>omnino</strong></span> <span class='ocrx_word' id='word_1_488' title='bbox 1987 3174 2120 3227; x_wconf 87' lang='lat' dir='ltr'><strong>satis</strong></span> 
     </span>
    </p>
   </div>
   <div class='ocr_carea' id='block_1_64' title="bbox 554 3262 2116 3336">
    <p class='ocr_par' dir='ltr' id='par_1_64' title="bbox 554 3262 2116 3336">
     <span class='ocr_line' id='line_1_64' title="bbox 554 3262 2116 3336; baseline 0.005 -22"><span class='ocrx_word' id='word_1_489' title='bbox 554 3263 700 3315; x_wconf 89' lang='lat' dir='ltr'><strong>clara</strong></span> <span class='ocrx_word' id='word_1_490' title='bbox 727 3263 776 3316; x_wconf 91' lang='lat' dir='ltr'><strong>ei</strong></span> <span class='ocrx_word' id='word_1_491' title='bbox 807 3262 898 3329; x_wconf 85' lang='lat' dir='ltr'><strong>qui</strong></span> <span class='ocrx_word' id='word_1_492' title='bbox 933 3268 1206 3329; x_wconf 91' lang='lat' dir='ltr'><strong>utcunque</strong></span> <span class='ocrx_word' id='word_1_493' title='bbox 1234 3277 1454 3316; x_wconf 80' lang='lat' dir='ltr'><strong>sensum</strong></span> <span class='ocrx_word' id='word_1_494' title='bbox 1495 3262 1771 3318; x_wconf 89' lang='lat' dir='ltr'><strong>induxerit</strong></span> <span class='ocrx_word' id='word_1_495' title='bbox 1793 3268 2116 3336; x_wconf 81' lang='lat' dir='ltr'><strong>mysticum:</strong></span> 
     </span>
    </p>
   </div>
   <div class='ocr_carea' id='block_1_65' title="bbox 555 3352 2117 3423">
    <p class='ocr_par' dir='ltr' id='par_1_65' title="bbox 555 3352 2117 3423">
     <span class='ocr_line' id='line_1_65' title="bbox 555 3352 2117 3423; baseline 0.003 -19"><span class='ocrx_word' id='word_1_496' title='bbox 555 3353 779 3420; x_wconf 89' lang='lat' dir='ltr'><strong>pulchre</strong></span> <span class='ocrx_word' id='word_1_497' title='bbox 805 3352 950 3407; x_wconf 89' lang='lat' dir='ltr'><strong>enim</strong></span> <span class='ocrx_word' id='word_1_498' title='bbox 986 3352 1318 3421; x_wconf 65' lang='lat' dir='ltr'><strong>Apostolus‘</strong></span> <span class='ocrx_word' id='word_1_499' title='bbox 1344 3353 1507 3422; x_wconf 88' lang='lat' dir='ltr'><strong>ligna,</strong></span> <span class='ocrx_word' id='word_1_500' title='bbox 1542 3353 1798 3423; x_wconf 89' lang='lat' dir='ltr'><strong>stipulam</strong></span> <span class='ocrx_word' id='word_1_501' title='bbox 1824 3364 1878 3408; x_wconf 89' lang='lat' dir='ltr'><strong>et</strong></span> <span class='ocrx_word' id='word_1_502' title='bbox 1913 3355 2117 3417; x_wconf 72' lang='lat' dir='ltr'><strong>fenum,</strong></span> 
     </span>
    </p>
   </div>
   <div class='ocr_carea' id='block_1_66' title="bbox 555 3443 2119 3516">
    <p class='ocr_par' dir='ltr' id='par_1_66' title="bbox 555 3443 2119 3516">
     <span class='ocr_line' id='line_1_66' title="bbox 555 3443 2119 3516; baseline 0.004 -22"><span class='ocrx_word' id='word_1_503' title='bbox 555 3444 754 3498; x_wconf 87' lang='lat' dir='ltr'><strong>malum</strong></span> <span class='ocrx_word' id='word_1_504' title='bbox 801 3445 1044 3498; x_wconf 83' lang='lat' dir='ltr'><strong>nominat</strong></span> <span class='ocrx_word' id='word_1_505' title='bbox 1087 3443 1396 3506; x_wconf 72' lang='lat' dir='ltr'><strong>aedilicium,</strong></span> <span class='ocrx_word' id='word_1_506' title='bbox 1459 3452 1746 3515; x_wconf 90' lang='lat' dir='ltr'><strong>pr0pterea</strong></span> <span class='ocrx_word' id='word_1_507' title='bbox 1803 3447 1946 3516; x_wconf 90' lang='lat' dir='ltr'><strong>quod</strong></span> <span class='ocrx_word' id='word_1_508' title='bbox 1995 3448 2119 3502; x_wconf 79' lang='lat' dir='ltr'><strong>talia</strong></span> 
     </span>
    </p>
   </div>
   <div class='ocr_carea' id='block_1_67' title="bbox 551 3533 2121 3604">
    <p class='ocr_par' dir='ltr' id='par_1_67' title="bbox 551 3533 2121 3604">
     <span class='ocr_line' id='line_1_67' title="bbox 551 3533 2121 3604; baseline 0.004 -18"><span class='ocrx_word' id='word_1_509' title='bbox 551 3533 775 3587; x_wconf 78' lang='lat' dir='ltr'><strong>mdilicia</strong></span> <span class='ocrx_word' id='word_1_510' title='bbox 832 3534 963 3587; x_wconf 85' lang='lat' dir='ltr'><strong>liunt</strong></span> <span class='ocrx_word' id='word_1_511' title='bbox 1015 3534 1151 3603; x_wconf 85' lang='lat' dir='ltr'><strong>ignis</strong></span> <span class='ocrx_word' id='word_1_512' title='bbox 1184 3535 1234 3588; x_wconf 91' lang='lat' dir='ltr'><strong>in</strong></span> <span class='ocrx_word' id='word_1_513' title='bbox 1291 3543 1530 3604; x_wconf 89' lang='lat' dir='ltr'><strong>tempore</strong></span> <span class='ocrx_word' id='word_1_514' title='bbox 1575 3537 1787 3604; x_wconf 91' lang='lat' dir='ltr'><strong>judicii,</strong></span> <span class='ocrx_word' id='word_1_515' title='bbox 1843 3546 1896 3590; x_wconf 86' lang='lat' dir='ltr'><strong>et</strong></span> <span class='ocrx_word' id='word_1_516' title='bbox 1936 3540 2121 3594; x_wconf 84' lang='lat' dir='ltr'><strong>sterile</strong></span> 
     </span>
    </p>
   </div>
   <div class='ocr_carea' id='block_1_68' title="bbox 552 3627 2116 3699">
    <p class='ocr_par' dir='ltr' id='par_1_68' title="bbox 552 3627 2116 3699">
     <span class='ocr_line' id='line_1_68' title="bbox 552 3627 2116 3699; baseline 0.003 -20"><span class='ocrx_word' id='word_1_517' title='bbox 552 3635 886 3679; x_wconf 75' lang='lat' dir='ltr'><strong>sarmentum</strong></span> <span class='ocrx_word' id='word_1_518' title='bbox 944 3627 1049 3695; x_wconf 81' lang='lat' dir='ltr'><strong>igni</strong></span> <span class='ocrx_word' id='word_1_519' title='bbox 1091 3627 1264 3678; x_wconf 85' lang='lat' dir='ltr'><strong>solum</strong></span> <span class='ocrx_word' id='word_1_520' title='bbox 1315 3642 1438 3681; x_wconf 89' lang='lat' dir='ltr'><strong>esse</strong></span> <span class='ocrx_word' id='word_1_521' title='bbox 1482 3637 1664 3697; x_wconf 87' lang='lat' dir='ltr'><strong>aptmn</strong></span> <span class='ocrx_word' id='word_1_522' title='bbox 1717 3631 2116 3699; x_wconf 83' lang='lat' dir='ltr'><strong>pronuntiavit:</strong></span> 
     </span>
    </p>
   </div>
   <div class='ocr_carea' id='block_1_69' title="bbox 552 3715 2120 3789">
    <p class='ocr_par' dir='ltr' id='par_1_69' title="bbox 552 3715 2120 3789">
     <span class='ocr_line' id='line_1_69' title="bbox 552 3715 2120 3789; baseline 0.003 -20"><span class='ocrx_word' id='word_1_523' title='bbox 552 3728 604 3771; x_wconf 77' lang='lat' dir='ltr'><strong>rt</strong></span> <span class='ocrx_word' id='word_1_524' title='bbox 635 3719 807 3786; x_wconf 86' lang='lat' dir='ltr'><strong>palea,</strong></span> <span class='ocrx_word' id='word_1_525' title='bbox 857 3718 1028 3786; x_wconf 88' lang='lat' dir='ltr'><strong>inquit</strong></span> <span class='ocrx_word' id='word_1_526' title='bbox 1064 3732 1160 3770; x_wconf 81' lang='lat' dir='ltr'><strong>vox</strong></span> <span class='ocrx_word' id='word_1_527' title='bbox 1196 3715 1493 3786; x_wconf 79' lang='lat' dir='ltr'><strong>Evangelii,</strong></span> <span class='ocrx_word' id='word_1_528' title='bbox 1543 3729 1766 3788; x_wconf 89' lang='lat' dir='ltr'><strong>paratur</strong></span> <span class='ocrx_word' id='word_1_529' title='bbox 1809 3720 1918 3789; x_wconf 92' lang='lat' dir='ltr'><strong>igni</strong></span> <span class='ocrx_word' id='word_1_530' title='bbox 1954 3739 1966 3774; x_wconf 93' lang='lat'>:</span> <span class='ocrx_word' id='word_1_531' title='bbox 1998 3736 2120 3789; x_wconf 87' lang='lat' dir='ltr'><strong>per-</strong></span> 
     </span>
    </p>
   </div>
   <div class='ocr_carea' id='block_1_70' title="bbox 552 3809 2116 3880">
    <p class='ocr_par' dir='ltr' id='par_1_70' title="bbox 552 3809 2116 3880">
     <span class='ocr_line' id='line_1_70' title="bbox 552 3809 2116 3880; baseline 0.003 -20"><span class='ocrx_word' id='word_1_532' title='bbox 552 3811 796 3878; x_wconf 81' lang='lat' dir='ltr'><strong>spicuum</strong></span> <span class='ocrx_word' id='word_1_533' title='bbox 826 3817 931 3874; x_wconf 87' lang='lat' dir='ltr'><strong>cst,</strong></span> <span class='ocrx_word' id='word_1_534' title='bbox 977 3809 1118 3878; x_wconf 90' lang='lat' dir='ltr'><strong>quod</strong></span> <span class='ocrx_word' id='word_1_535' title='bbox 1163 3809 1305 3877; x_wconf 80' lang='lat' dir='ltr'><strong>ligna</strong></span> <span class='ocrx_word' id='word_1_536' title='bbox 1333 3824 1452 3877; x_wconf 80' lang='lat' dir='ltr'><strong>qme</strong></span> <span class='ocrx_word' id='word_1_537' title='bbox 1485 3810 1550 3862; x_wconf 86' lang='lat' dir='ltr'><strong>ad</strong></span> <span class='ocrx_word' id='word_1_538' title='bbox 1585 3811 1761 3880; x_wconf 84' lang='lat' dir='ltr'><strong>ignem</strong></span> <span class='ocrx_word' id='word_1_539' title='bbox 1798 3813 2116 3866; x_wconf 87' lang='lat' dir='ltr'><strong>struendum</strong></span> 
     </span>
    </p>
   </div>
   <div class='ocr_carea' id='block_1_71' title="bbox 552 3899 2120 3970">
    <p class='ocr_par' dir='ltr' id='par_1_71' title="bbox 552 3899 2120 3970">
     <span class='ocr_line' id='line_1_71' title="bbox 552 3899 2120 3970; baseline 0.003 -21"><span class='ocrx_word' id='word_1_540' title='bbox 552 3901 900 3968; x_wconf 77' lang='lat' dir='ltr'><strong>colliguntur,</strong></span> <span class='ocrx_word' id='word_1_541' title='bbox 947 3909 1074 3952; x_wconf 88' lang='lat' dir='ltr'><strong>sunt</strong></span> <span class='ocrx_word' id='word_1_542' title='bbox 1126 3899 1304 3952; x_wconf 91' lang='lat' dir='ltr'><strong>inania</strong></span> <span class='ocrx_word' id='word_1_543' title='bbox 1356 3901 1516 3964; x_wconf 83' lang='lat' dir='ltr'><strong>hujus</strong></span> <span class='ocrx_word' id='word_1_544' title='bbox 1547 3901 1670 3953; x_wconf 76' lang='lat' dir='ltr'><strong>vitze</strong></span> <span class='ocrx_word' id='word_1_545' title='bbox 1705 3900 1906 3959; x_wconf 86' lang='lat' dir='ltr'><strong>studia.</strong></span> <span class='ocrx_word' id='word_1_546' title='bbox 1969 3902 2120 3970; x_wconf 90' lang='lat' dir='ltr'><strong>isque</strong></span> 
     </span>
    </p>
   </div>
   <div class='ocr_carea' id='block_1_72' title="bbox 551 3989 2118 4062">
    <p class='ocr_par' dir='ltr' id='par_1_72' title="bbox 551 3989 2118 4062">
     <span class='ocr_line' id='line_1_72' title="bbox 551 3989 2118 4062; baseline 0.003 -20"><span class='ocrx_word' id='word_1_547' title='bbox 551 3997 635 4042; x_wconf 87' lang='lat' dir='ltr'><strong>est</strong></span> <span class='ocrx_word' id='word_1_548' title='bbox 666 3989 840 4059; x_wconf 85' lang='lat' dir='ltr'><strong>quiin</strong></span> <span class='ocrx_word' id='word_1_549' title='bbox 871 3997 1113 4058; x_wconf 87' lang='lat' dir='ltr'><strong>tempore</strong></span> <span class='ocrx_word' id='word_1_550' title='bbox 1167 3989 1464 4058; x_wconf 83' lang='lat' dir='ltr'><strong>percutitur</strong></span> <span class='ocrx_word' id='word_1_551' title='bbox 1517 3991 1808 4059; x_wconf 80' lang='lat' dir='ltr'><strong>lapidibus.</strong></span> <span class='ocrx_word' id='word_1_552' title='bbox 1857 4009 2016 4062; x_wconf 88' lang='lat' dir='ltr'><strong>quem</strong></span> <span class='ocrx_word' id='word_1_553' title='bbox 2073 3994 2118 4046; x_wconf 88' lang='lat' dir='ltr'><strong>si</strong></span> 
     </span>
    </p>
   </div>
   <div class='ocr_carea' id='block_1_73' title="bbox 551 4081 2120 4152">
    <p class='ocr_par' dir='ltr' id='par_1_73' title="bbox 551 4081 2120 4152">
     <span class='ocr_line' id='line_1_73' title="bbox 551 4081 2120 4152; baseline 0.002 -19"><span class='ocrx_word' id='word_1_554' title='bbox 551 4082 676 4152; x_wconf 89' lang='lat' dir='ltr'><strong>quis</strong></span> <span class='ocrx_word' id='word_1_555' title='bbox 733 4081 1058 4135; x_wconf 86' lang='lat' dir='ltr'><strong>intellexerit</strong></span> <span class='ocrx_word' id='word_1_556' title='bbox 1095 4095 1213 4133; x_wconf 91' lang='lat' dir='ltr'><strong>eam</strong></span> <span class='ocrx_word' id='word_1_557' title='bbox 1269 4096 1388 4149; x_wconf 65' lang='lat' dir='ltr'><strong>qua:</strong></span> <span class='ocrx_word' id='word_1_558' title='bbox 1434 4081 1498 4133; x_wconf 85' lang='lat' dir='ltr'><strong>ad</strong></span> <span class='ocrx_word' id='word_1_559' title='bbox 1533 4082 1673 4134; x_wconf 84' lang='lat' dir='ltr'><strong>maia</strong></span> <span class='ocrx_word' id='word_1_560' title='bbox 1725 4097 1992 4151; x_wconf 86' lang='lat' dir='ltr'><strong>propensa</strong></span> <span class='ocrx_word' id='word_1_561' title='bbox 2035 4093 2120 4138; x_wconf 91' lang='lat' dir='ltr'><strong>est</strong></span> 
     </span>
    </p>
   </div>
   <div class='ocr_carea' id='block_1_74' title="bbox 551 4172 2120 4242">
    <p class='ocr_par' dir='ltr' id='par_1_74' title="bbox 551 4172 2120 4242">
     <span class='ocr_line' id='line_1_74' title="bbox 551 4172 2120 4242; baseline 0.003 -18"><span class='ocrx_word' id='word_1_562' title='bbox 551 4173 954 4242; x_wconf 85' lang='lat' dir='ltr'><strong>cogitationem,</strong></span> <span class='ocrx_word' id='word_1_563' title='bbox 1005 4172 1050 4225; x_wconf 91' lang='lat' dir='ltr'><strong>is</strong></span> <span class='ocrx_word' id='word_1_564' title='bbox 1091 4187 1122 4224; x_wconf 91' lang='lat' dir='ltr'><strong>a</strong></span> <span class='ocrx_word' id='word_1_565' title='bbox 1161 4186 1327 4240; x_wconf 90' lang='lat' dir='ltr'><strong>scopo</strong></span> <span class='ocrx_word' id='word_1_566' title='bbox 1367 4173 1586 4224; x_wconf 81' lang='lat' dir='ltr'><strong>minimc</strong></span> <span class='ocrx_word' id='word_1_567' title='bbox 1633 4173 1988 4226; x_wconf 89' lang='lat' dir='ltr'><strong>aberraverit.</strong></span> <span class='ocrx_word' id='word_1_568' title='bbox 2025 4173 2120 4230; x_wconf 85' lang='lat' dir='ltr'><strong>Est</strong></span> 
     </span>
    </p>
   </div>
   <div class='ocr_carea' id='block_1_75' title="bbox 551 4263 2120 4335">
    <p class='ocr_par' dir='ltr' id='par_1_75' title="bbox 551 4263 2120 4335">
     <span class='ocr_line' id='line_1_75' title="bbox 551 4263 2120 4335; baseline 0.003 -20"><span class='ocrx_word' id='word_1_569' title='bbox 551 4273 730 4318; x_wconf 81' lang='lat' dir='ltr'><strong>autem</strong></span> <span class='ocrx_word' id='word_1_570' title='bbox 764 4265 986 4317; x_wconf 90' lang='lat' dir='ltr'><strong>omnino</strong></span> <span class='ocrx_word' id='word_1_571' title='bbox 1017 4263 1444 4332; x_wconf 79' lang='lat' dir='ltr'><strong>intelligendum,</strong></span> <span class='ocrx_word' id='word_1_572' title='bbox 1481 4263 1624 4332; x_wconf 89' lang='lat' dir='ltr'><strong>quod</strong></span> <span class='ocrx_word' id='word_1_573' title='bbox 1660 4279 1779 4332; x_wconf 74' lang='lat' dir='ltr'><strong>qua:</strong></span> <span class='ocrx_word' id='word_1_574' title='bbox 1807 4265 1994 4319; x_wconf 88' lang='lat' dir='ltr'><strong>vitium</strong></span> <span class='ocrx_word' id='word_1_575' title='bbox 2030 4283 2120 4335; x_wconf 80' lang='lat' dir='ltr'><strong>pe-</strong></span> 
     </span>
    </p>
   </div>
   <div class='ocr_carea' id='block_1_76' title="bbox 552 4354 2110 4424">
    <p class='ocr_par' dir='ltr' id='par_1_76' title="bbox 552 4354 2110 4424">
     <span class='ocr_line' id='line_1_76' title="bbox 552 4354 2110 4424; baseline 0.002 -16"><span class='ocrx_word' id='word_1_576' title='bbox 552 4355 754 4408; x_wconf 90' lang='lat' dir='ltr'><strong>rimunt</strong></span> <span class='ocrx_word' id='word_1_577' title='bbox 775 4355 1159 4420; x_wconf 86' lang='lat' dir='ltr'><strong>cogitationes,</strong></span> <span class='ocrx_word' id='word_1_578' title='bbox 1193 4369 1270 4408; x_wconf 65' lang='lat' dir='ltr'><strong>eae</strong></span> <span class='ocrx_word' id='word_1_579' title='bbox 1301 4363 1427 4409; x_wconf 92' lang='lat' dir='ltr'><strong>sunt</strong></span> <span class='ocrx_word' id='word_1_580' title='bbox 1465 4354 1688 4421; x_wconf 84' lang='lat' dir='ltr'><strong>lapides,</strong></span> <span class='ocrx_word' id='word_1_581' title='bbox 1719 4356 1809 4424; x_wconf 87' lang='lat' dir='ltr'><strong>qui</strong></span> <span class='ocrx_word' id='word_1_582' title='bbox 1839 4358 1906 4407; x_wconf 72' lang='lat' dir='ltr'><strong>ali</strong></span> <span class='ocrx_word' id='word_1_583' title='bbox 1937 4357 2110 4412; x_wconf 82' lang='lat' dir='ltr'><strong>Eccle-</strong></span> 
     </span>
    </p>
   </div>
   <div class='ocr_carea' id='block_1_77' title="bbox 2224 3166 3781 3242">
    <p class='ocr_par' dir='ltr' id='par_1_77' title="bbox 2224 3166 3781 3242">
     <span class='ocr_line' id='line_1_77' title="bbox 2224 3166 3781 3242; baseline -0.005 -18"><span class='ocrx_word' id='word_1_584' title='bbox 2224 3171 2622 3242; x_wconf 76' lang='grc' dir='ltr'>ἐκκαυθήσεται</span> <span class='ocrx_word' id='word_1_585' title='bbox 2665 3172 2745 3240; x_wconf 81' lang='grc' dir='ltr'><strong>τῷ</strong></span> <span class='ocrx_word' id='word_1_586' title='bbox 2786 3170 3132 3240; x_wconf 82' lang='grc' dir='ltr'>συνειλοχότι.</span> <span class='ocrx_word' id='word_1_587' title='bbox 3169 3171 3393 3234; x_wconf 81' lang='grc' dir='ltr'>πάντως</span> <span class='ocrx_word' id='word_1_588' title='bbox 3427 3169 3482 3222; x_wconf 82' lang='grc' dir='ltr'><strong>δὲ</strong></span> <span class='ocrx_word' id='word_1_589' title='bbox 3511 3169 3606 3223; x_wconf 77' lang='grc' dir='ltr'><strong>οὑκ</strong></span> <span class='ocrx_word' id='word_1_590' title='bbox 3635 3166 3781 3235; x_wconf 81' lang='grc' dir='ltr'>άδηλα</span> 
     </span>
    </p>
   </div>
   <div class='ocr_carea' id='block_1_78' title="bbox 2223 3260 3779 3331">
    <p class='ocr_par' dir='ltr' id='par_1_78' title="bbox 2223 3260 3779 3331">
     <span class='ocr_line' id='line_1_78' title="bbox 2223 3260 3779 3331; baseline -0.004 -16"><span class='ocrx_word' id='word_1_591' title='bbox 2223 3262 2414 3323; x_wconf 82' lang='grc' dir='ltr'>ταῦτα,</span> <span class='ocrx_word' id='word_1_592' title='bbox 2446 3261 2523 3331; x_wconf 83' lang='grc' dir='ltr'>τῷ</span> <span class='ocrx_word' id='word_1_593' title='bbox 2551 3263 2645 3314; x_wconf 72' lang='grc' dir='ltr'><strong>καὶ</strong></span> <span class='ocrx_word' id='word_1_594' title='bbox 2671 3261 2914 3314; x_wconf 81' lang='grc' dir='ltr'>ὁπωσοῦν</span> <span class='ocrx_word' id='word_1_595' title='bbox 2955 3262 3218 3331; x_wconf 66' lang='grc' dir='ltr'>μυστικὸν</span> <span class='ocrx_word' id='word_1_596' title='bbox 3250 3263 3581 3329; x_wconf 84' lang='grc' dir='ltr'>ἐπαγαγόντι</span> <span class='ocrx_word' id='word_1_597' title='bbox 3614 3260 3779 3327; x_wconf 86' lang='grc' dir='ltr'>λόγον·</span> 
     </span>
    </p>
   </div>
   <div class='ocr_carea' id='block_1_79' title="bbox 2222 3349 3778 3423">
    <p class='ocr_par' dir='ltr' id='par_1_79' title="bbox 2222 3349 3778 3423">
     <span class='ocr_line' id='line_1_79' title="bbox 2222 3349 3778 3423; baseline -0.015 -2"><span class='ocrx_word' id='word_1_598' title='bbox 2222 3349 2386 3423; x_wconf 68' lang='grc' dir='ltr'>ἧγὰρ</span> <span class='ocrx_word' id='word_1_599' title='bbox 2415 3351 2593 3413; x_wconf 78' lang='grc' dir='ltr'>καλῶς</span> <span class='ocrx_word' id='word_1_600' title='bbox 2621 3354 2649 3404; x_wconf 76' lang='grc'>6</span> <span class='ocrx_word' id='word_1_601' title='bbox 2676 3351 2995 3412; x_wconf 74' lang='grc' dir='ltr'>Ἀπόστολος</span> <span class='ocrx_word' id='word_1_602' title='bbox 3019 3351 3176 3414; x_wconf 68' lang='grc' dir='ltr'>ξύλα,</span> <span class='ocrx_word' id='word_1_603' title='bbox 3210 3351 3468 3422; x_wconf 83' lang='grc' dir='ltr'>καλάμην</span> <span class='ocrx_word' id='word_1_604' title='bbox 3499 3352 3590 3403; x_wconf 72' lang='grc' dir='ltr'><strong>καὶ</strong></span> <span class='ocrx_word' id='word_1_605' title='bbox 3615 3350 3778 3418; x_wconf 79' lang='grc' dir='ltr'>χόρτον</span> 
     </span>
    </p>
   </div>
   <div class='ocr_carea' id='block_1_80' title="bbox 2221 3440 3781 3514">
    <p class='ocr_par' dir='ltr' id='par_1_80' title="bbox 2221 3440 3781 3514">
     <span class='ocr_line' id='line_1_80' title="bbox 2221 3440 3781 3514; baseline -0.005 -18"><span class='ocrx_word' id='word_1_606' title='bbox 2221 3445 2318 3510; x_wconf 76' lang='grc' dir='ltr'>τὴν</span> <span class='ocrx_word' id='word_1_607' title='bbox 2363 3442 2600 3514; x_wconf 77' lang='grc' dir='ltr'>πονηρὰν</span> <span class='ocrx_word' id='word_1_608' title='bbox 2636 3442 2920 3512; x_wconf 69' lang='grc' dir='ltr'>οἰκοδομὴν</span> <span class='ocrx_word' id='word_1_609' title='bbox 2965 3442 3249 3512; x_wconf 76' lang='grc' dir='ltr'>ὀνομάζει,</span> <span class='ocrx_word' id='word_1_610' title='bbox 3293 3444 3430 3497; x_wconf 87' lang='grc' dir='ltr'>διότι</span> <span class='ocrx_word' id='word_1_611' title='bbox 3476 3444 3544 3495; x_wconf 74' lang='grc' dir='ltr'>τέι</span> <span class='ocrx_word' id='word_1_612' title='bbox 3582 3440 3781 3494; x_wconf 72' lang='grc' dir='ltr'>τοιαῦτα</span> 
     </span>
    </p>
   </div>
   <div class='ocr_carea' id='block_1_81' title="bbox 2221 3528 3779 3606">
    <p class='ocr_par' dir='ltr' id='par_1_81' title="bbox 2221 3528 3779 3606">
     <span class='ocr_line' id='line_1_81' title="bbox 2221 3528 3779 3606; baseline -0.003 -18"><span class='ocrx_word' id='word_1_613' title='bbox 2221 3535 2626 3606; x_wconf 73' lang='grc' dir='ltr'>οἰκοδομήματα</span> <span class='ocrx_word' id='word_1_614' title='bbox 2669 3535 2726 3587; x_wconf 80' lang='grc' dir='ltr'><strong>έν</strong></span> <span class='ocrx_word' id='word_1_615' title='bbox 2766 3533 2843 3603; x_wconf 81' lang='grc' dir='ltr'><strong>τῷ</strong></span> <span class='ocrx_word' id='word_1_616' title='bbox 2884 3534 2981 3601; x_wconf 77' lang='grc' dir='ltr'>τῆς</span> <span class='ocrx_word' id='word_1_617' title='bbox 3027 3534 3272 3604; x_wconf 86' lang='grc' dir='ltr'>κρίσεως</span> <span class='ocrx_word' id='word_1_618' title='bbox 3328 3533 3506 3602; x_wconf 82' lang='grc' dir='ltr'>καιρῷ</span> <span class='ocrx_word' id='word_1_619' title='bbox 3557 3531 3659 3601; x_wconf 77' lang='grc' dir='ltr'>πῦρ</span> <span class='ocrx_word' id='word_1_620' title='bbox 3712 3528 3779 3596; x_wconf 80' lang='grc' dir='ltr'>γί-</span> 
     </span>
    </p>
   </div>
   <div class='ocr_carea' id='block_1_82' title="bbox 2222 3622 3781 3697">
    <p class='ocr_par' dir='ltr' id='par_1_82' title="bbox 2222 3622 3781 3697">
     <span class='ocr_line' id='line_1_82' title="bbox 2222 3622 3781 3697; baseline -0.005 -19"><span class='ocrx_word' id='word_1_621' title='bbox 2222 3644 2393 3686; x_wconf 86' lang='grc' dir='ltr'>νεται,</span> <span class='ocrx_word' id='word_1_622' title='bbox 2432 3627 2523 3679; x_wconf 71' lang='grc' dir='ltr'><strong>καὶ</strong></span> <span class='ocrx_word' id='word_1_623' title='bbox 2580 3627 2640 3678; x_wconf 78' lang='grc' dir='ltr'><strong>τὸ</strong></span> <span class='ocrx_word' id='word_1_624' title='bbox 2701 3625 2920 3696; x_wconf 76' lang='grc' dir='ltr'>ἄχυρον,</span> <span class='ocrx_word' id='word_1_625' title='bbox 2979 3625 3142 3695; x_wconf 68' lang='grc' dir='ltr'>φησιν</span> <span class='ocrx_word' id='word_1_626' title='bbox 3241 3626 3276 3697; x_wconf 85' lang='grc' dir='ltr'>ἡ</span> <span class='ocrx_word' id='word_1_627' title='bbox 3334 3625 3431 3678; x_wconf 76' lang='grc' dir='ltr'>τοῦ</span> <span class='ocrx_word' id='word_1_628' title='bbox 3482 3622 3781 3691; x_wconf 75' lang='grc' dir='ltr'>Εὑαγγελίου</span> 
     </span>
    </p>
   </div>
   <div class='ocr_carea' id='block_1_83' title="bbox 2222 3714 3782 3790">
    <p class='ocr_par' dir='ltr' id='par_1_83' title="bbox 2222 3714 3782 3790">
     <span class='ocr_line' id='line_1_83' title="bbox 2222 3714 3782 3790; baseline -0.004 -18"><span class='ocrx_word' id='word_1_629' title='bbox 2222 3719 2393 3790; x_wconf 75' lang='grc' dir='ltr'>φωνὴ,</span> <span class='ocrx_word' id='word_1_630' title='bbox 2430 3719 2562 3790; x_wconf 74' lang='grc' dir='ltr'>πυρὶ</span> <span class='ocrx_word' id='word_1_631' title='bbox 2613 3719 2980 3788; x_wconf 80' lang='grc' dir='ltr'>ὲτοιμὰζεται,</span> <span class='ocrx_word' id='word_1_632' title='bbox 3017 3720 3108 3770; x_wconf 72' lang='grc' dir='ltr'><strong>καὶ</strong></span> <span class='ocrx_word' id='word_1_633' title='bbox 3165 3719 3270 3789; x_wconf 80' lang='grc' dir='ltr'>τὴν</span> <span class='ocrx_word' id='word_1_634' title='bbox 3304 3719 3554 3788; x_wconf 78' lang='grc' dir='ltr'>ἄκαρπον</span> <span class='ocrx_word' id='word_1_635' title='bbox 3597 3714 3782 3784; x_wconf 84' lang='grc' dir='ltr'>κλημα-</span> 
     </span>
    </p>
   </div>
   <div class='ocr_carea' id='block_1_84' title="bbox 2221 3804 3785 3880">
    <p class='ocr_par' dir='ltr' id='par_1_84' title="bbox 2221 3804 3785 3880">
     <span class='ocr_line' id='line_1_84' title="bbox 2221 3804 3785 3880; baseline -0.007 -16"><span class='ocrx_word' id='word_1_636' title='bbox 2221 3812 2358 3873; x_wconf 84' lang='grc' dir='ltr'>τίδα,</span> <span class='ocrx_word' id='word_1_637' title='bbox 2405 3811 2549 3880; x_wconf 85' lang='grc' dir='ltr'>μόνῳ</span> <span class='ocrx_word' id='word_1_638' title='bbox 2599 3809 2814 3863; x_wconf 78' lang='grc' dir='ltr'>εὔθετον</span> <span class='ocrx_word' id='word_1_639' title='bbox 2852 3808 2929 3879; x_wconf 80' lang='grc' dir='ltr'><strong>τῷ</strong></span> <span class='ocrx_word' id='word_1_640' title='bbox 2969 3809 3101 3880; x_wconf 78' lang='grc' dir='ltr'><strong>πυρὶ</strong></span> <span class='ocrx_word' id='word_1_641' title='bbox 3135 3811 3504 3879; x_wconf 77' lang='grc' dir='ltr'>ἀπεφήνατο·</span> <span class='ocrx_word' id='word_1_642' title='bbox 3549 3806 3695 3876; x_wconf 75' lang='grc' dir='ltr'>δῆλον</span> <span class='ocrx_word' id='word_1_643' title='bbox 3731 3804 3785 3856; x_wconf 79' lang='grc' dir='ltr'><strong>ἂν</strong></span> 
     </span>
    </p>
   </div>
   <div class='ocr_carea' id='block_1_85' title="bbox 2219 3893 3783 3970">
    <p class='ocr_par' dir='ltr' id='par_1_85' title="bbox 2219 3893 3783 3970">
     <span class='ocr_line' id='line_1_85' title="bbox 2219 3893 3783 3970; baseline -0.004 -18"><span class='ocrx_word' id='word_1_644' title='bbox 2219 3904 2324 3970; x_wconf 76' lang='grc' dir='ltr'>εἴη,</span> <span class='ocrx_word' id='word_1_645' title='bbox 2356 3901 2437 3953; x_wconf 83' lang='grc' dir='ltr'>ὃτι</span> <span class='ocrx_word' id='word_1_646' title='bbox 2482 3899 2620 3964; x_wconf 73' lang='grc' dir='ltr'>ξύλαρ</span> <span class='ocrx_word' id='word_1_647' title='bbox 2640 3901 2788 3952; x_wconf 68' lang='grc' dir='ltr'>ἐστὶν</span> <span class='ocrx_word' id='word_1_648' title='bbox 2840 3901 2918 3961; x_wconf 79' lang='grc' dir='ltr'><strong>είς</strong></span> <span class='ocrx_word' id='word_1_649' title='bbox 2969 3898 3134 3970; x_wconf 77' lang='grc' dir='ltr'>πυρὸς</span> <span class='ocrx_word' id='word_1_650' title='bbox 3177 3899 3544 3970; x_wconf 79' lang='grc' dir='ltr'>παρασκευὴν</span> <span class='ocrx_word' id='word_1_651' title='bbox 3587 3893 3783 3960; x_wconf 76' lang='grc' dir='ltr'>συναγό-</span> 
     </span>
    </p>
   </div>
   <div class='ocr_carea' id='block_1_86' title="bbox 2223 3974 3783 4062">
    <p class='ocr_par' dir='ltr' id='par_1_86' title="bbox 2223 3974 3783 4062">
     <span class='ocr_line' id='line_1_86' title="bbox 2223 3974 3783 4062; baseline -0.002 -17"><span class='ocrx_word' id='word_1_652' title='bbox 2223 4010 2377 4062; x_wconf 84' lang='grc' dir='ltr'>μενα,</span> <span class='ocrx_word' id='word_1_653' title='bbox 2407 3991 2476 4044; x_wconf 86' lang='grc' dir='ltr'><strong>τά</strong></span> <span class='ocrx_word' id='word_1_654' title='bbox 2521 3991 2723 4060; x_wconf 84' lang='grc' dir='ltr'>μάταια</span> <span class='ocrx_word' id='word_1_655' title='bbox 2769 3989 2862 4042; x_wconf 76' lang='grc' dir='ltr'><strong>τοῦ</strong></span> <span class='ocrx_word' id='word_1_656' title='bbox 2908 3989 3022 4058; x_wconf 87' lang='grc' dir='ltr'>βίου</span> <span class='ocrx_word' id='word_1_657' title='bbox 3053 3989 3500 4059; x_wconf 78' lang='grc' dir='ltr'>ἐπιτηδεύματα,</span> <span class='ocrx_word' id='word_1_658' title='bbox 3530 3987 3619 4040; x_wconf 72' lang='grc' dir='ltr'><strong>καὶ</strong></span> <span class='ocrx_word' id='word_1_659' title='bbox 3655 3974 3783 4043; x_wconf 67' lang='grc' dir='ltr'>οὗτός</span> 
     </span>
    </p>
   </div>
   <div class='ocr_carea' id='block_1_87' title="bbox 2219 4073 3782 4152">
    <p class='ocr_par' dir='ltr' id='par_1_87' title="bbox 2219 4073 3782 4152">
     <span class='ocr_line' id='line_1_87' title="bbox 2219 4073 3782 4152; baseline -0.01 -16"><span class='ocrx_word' id='word_1_660' title='bbox 2219 4086 2365 4136; x_wconf 76' lang='grc' dir='ltr'>ἐστιν</span> <span class='ocrx_word' id='word_1_661' title='bbox 2405 4085 2433 4135; x_wconf 86' lang='grc' dir='ltr'>ὁ</span> <span class='ocrx_word' id='word_1_662' title='bbox 2464 4085 2520 4136; x_wconf 85' lang='grc' dir='ltr'>ὲν</span> <span class='ocrx_word' id='word_1_663' title='bbox 2556 4081 2732 4152; x_wconf 86' lang='grc' dir='ltr'>καιρῷ</span> <span class='ocrx_word' id='word_1_664' title='bbox 2763 4085 2873 4142; x_wconf 80' lang='grc' dir='ltr'>τοῖς</span> <span class='ocrx_word' id='word_1_665' title='bbox 2908 4081 3072 4140; x_wconf 83' lang='grc' dir='ltr'>λίθοις</span> <span class='ocrx_word' id='word_1_666' title='bbox 3119 4079 3484 4150; x_wconf 85' lang='grc' dir='ltr'>βαλλόμενος,</span> <span class='ocrx_word' id='word_1_667' title='bbox 3517 4081 3672 4144; x_wconf 78' lang='grc' dir='ltr'>ὅνπερ</span> <span class='ocrx_word' id='word_1_668' title='bbox 3708 4073 3782 4123; x_wconf 77' lang='grc' dir='ltr'><strong>τὸν</strong></span> 
     </span>
    </p>
   </div>
   <div class='ocr_carea' id='block_1_88' title="bbox 2220 4163 3783 4244">
    <p class='ocr_par' dir='ltr' id='par_1_88' title="bbox 2220 4163 3783 4244">
     <span class='ocr_line' id='line_1_88' title="bbox 2220 4163 3783 4244; baseline 0.003 -18"><span class='ocrx_word' id='word_1_669' title='bbox 2220 4177 2298 4237; x_wconf 86' lang='grc' dir='ltr'>εἰς</span> <span class='ocrx_word' id='word_1_670' title='bbox 2328 4175 2395 4228; x_wconf 86' lang='grc' dir='ltr'><strong>τά</strong></span> <span class='ocrx_word' id='word_1_671' title='bbox 2426 4173 2569 4227; x_wconf 88' lang='grc' dir='ltr'><strong>κακά</strong></span> <span class='ocrx_word' id='word_1_672' title='bbox 2599 4173 2832 4244; x_wconf 78' lang='grc' dir='ltr'>ῥέποντα</span> <span class='ocrx_word' id='word_1_673' title='bbox 2861 4171 3118 4240; x_wconf 80' lang='grc' dir='ltr'>λογισμόν</span> <span class='ocrx_word' id='word_1_674' title='bbox 3146 4189 3235 4235; x_wconf 89' lang='grc' dir='ltr'><strong>τις</strong></span> <span class='ocrx_word' id='word_1_675' title='bbox 3265 4173 3495 4240; x_wconf 79' lang='grc' dir='ltr'>νοήσας,</span> <span class='ocrx_word' id='word_1_676' title='bbox 3523 4169 3616 4237; x_wconf 70' lang='grc' dir='ltr'>οὐχ</span> <span class='ocrx_word' id='word_1_677' title='bbox 3637 4163 3783 4233; x_wconf 75' lang='grc' dir='ltr'><strong>ἀμάΡ·</strong></span> 
     </span>
    </p>
   </div>
   <div class='ocr_carea' id='block_1_89' title="bbox 2220 4261 3780 4335">
    <p class='ocr_par' dir='ltr' id='par_1_89' title="bbox 2220 4261 3780 4335">
     <span class='ocr_line' id='line_1_89' title="bbox 2220 4261 3780 4335; baseline -0.007 -17"><span class='ocrx_word' id='word_1_678' title='bbox 2220 4283 2299 4318; x_wconf 90' lang='grc' dir='ltr'><strong>τοι</strong></span> <span class='ocrx_word' id='word_1_679' title='bbox 2327 4265 2420 4318; x_wconf 81' lang='grc' dir='ltr'>τοῦ</span> <span class='ocrx_word' id='word_1_680' title='bbox 2452 4265 2677 4327; x_wconf 85' lang='grc' dir='ltr'>δέοντος.</span> <span class='ocrx_word' id='word_1_681' title='bbox 2706 4263 2822 4335; x_wconf 82' lang='grc' dir='ltr'>Χρὴ</span> <span class='ocrx_word' id='word_1_682' title='bbox 2855 4263 2909 4315; x_wconf 81' lang='grc' dir='ltr'><strong>δὲ</strong></span> <span class='ocrx_word' id='word_1_683' title='bbox 2949 4263 3170 4322; x_wconf 77' lang='grc' dir='ltr'>πάντως</span> <span class='ocrx_word' id='word_1_684' title='bbox 3198 4265 3351 4314; x_wconf 86' lang='grc' dir='ltr'>νοεῖν</span> <span class='ocrx_word' id='word_1_685' title='bbox 3389 4263 3473 4314; x_wconf 82' lang='grc' dir='ltr'>ὅτι</span> <span class='ocrx_word' id='word_1_686' title='bbox 3503 4261 3551 4312; x_wconf 84' lang='lat' dir='ltr'><strong>oi</strong></span> <span class='ocrx_word' id='word_1_687' title='bbox 3591 4261 3780 4322; x_wconf 81' lang='grc' dir='ltr'>ἀναιρε·</span> 
     </span>
    </p>
   </div>
   <div class='ocr_carea' id='block_1_90' title="bbox 2220 4343 3779 4426">
    <p class='ocr_par' dir='ltr' id='par_1_90' title="bbox 2220 4343 3779 4426">
     <span class='ocr_line' id='line_1_90' title="bbox 2220 4343 3779 4426; baseline -0.01 -17"><span class='ocrx_word' id='word_1_688' title='bbox 2220 4358 2362 4409; x_wconf 69' lang='grc' dir='ltr'>τικοὶ</span> <span class='ocrx_word' id='word_1_689' title='bbox 2404 4358 2501 4426; x_wconf 80' lang='grc' dir='ltr'><strong>τῆς</strong></span> <span class='ocrx_word' id='word_1_690' title='bbox 2550 4357 2748 4418; x_wconf 84' lang='grc' dir='ltr'>κακίας</span> <span class='ocrx_word' id='word_1_691' title='bbox 2785 4355 3054 4425; x_wconf 79' lang='grc' dir='ltr'>λογισμοὶ,</span> <span class='ocrx_word' id='word_1_692' title='bbox 3108 4348 3265 4407; x_wconf 74' lang='grc' dir='ltr'>οὗτοί</span> <span class='ocrx_word' id='word_1_693' title='bbox 3323 4356 3467 4406; x_wconf 77' lang='grc' dir='ltr'>εἰσιν</span> <span class='ocrx_word' id='word_1_694' title='bbox 3500 4352 3550 4404; x_wconf 79' lang='grc' dir='ltr'>οι</span> <span class='ocrx_word' id='word_1_695' title='bbox 3580 4348 3704 4401; x_wconf 85' lang='grc' dir='ltr'>λίθοι</span> <span class='ocrx_word' id='word_1_696' title='bbox 3739 4343 3779 4394; x_wconf 83' lang='grc' dir='ltr'>οἱ</span> 
     </span>
    </p>
   </div>
   <div class='ocr_carea' id='block_1_91' title="bbox 551 4441 2121 4518">
    <p class='ocr_par' dir='ltr' id='par_1_91' title="bbox 551 4441 2112 4513">
     <span class='ocr_line' id='line_1_91' title="bbox 551 4441 2112 4513; baseline 0.001 -17"><span class='ocrx_word' id='word_1_697' title='bbox 551 4445 718 4499; x_wconf 83' lang='lat' dir='ltr'><strong>siaste</strong></span> <span class='ocrx_word' id='word_1_698' title='bbox 775 4443 938 4497; x_wconf 81' lang='lat' dir='ltr'><strong>funda</strong></span> <span class='ocrx_word' id='word_1_699' title='bbox 998 4451 1144 4498; x_wconf 84' lang='lat' dir='ltr'><strong>recte</strong></span> <span class='ocrx_word' id='word_1_700' title='bbox 1199 4441 1498 4510; x_wconf 90' lang='lat' dir='ltr'><strong>jaciuntur,</strong></span> <span class='ocrx_word' id='word_1_701' title='bbox 1549 4457 1686 4511; x_wconf 85' lang='lat' dir='ltr'><strong>quos</strong></span> <span class='ocrx_word' id='word_1_702' title='bbox 1733 4459 1947 4513; x_wconf 77' lang='lat' dir='ltr'><strong>semper</strong></span> <span class='ocrx_word' id='word_1_703' title='bbox 1977 4447 2112 4498; x_wconf 91' lang='lat' dir='ltr'><strong>mitti</strong></span> 
     </span>
    </p>
   </div>
   <div class='ocr_carea' id='block_1_92' title="bbox 2224 4441 3776 4518">
    <p class='ocr_par' dir='ltr' id='par_1_92' title="bbox 2224 4441 3776 4518">
     <span class='ocr_line' id='line_1_92' title="bbox 2224 4441 3776 4518; baseline -0.008 -17"><span class='ocrx_word' id='word_1_704' title='bbox 2224 4449 2488 4518; x_wconf 74' lang='grc' dir='ltr'>εὐστόχως</span> <span class='ocrx_word' id='word_1_705' title='bbox 2538 4448 2642 4500; x_wconf 84' lang='grc' dir='ltr'><strong>ὑπὸ</strong></span> <span class='ocrx_word' id='word_1_706' title='bbox 2690 4447 2782 4499; x_wconf 82' lang='grc' dir='ltr'>τοῦ</span> <span class='ocrx_word' id='word_1_707' title='bbox 2844 4444 3282 4515; x_wconf 81' lang='grc' dir='ltr'>Ἐκκλησιαποῦ</span> <span class='ocrx_word' id='word_1_708' title='bbox 3346 4441 3776 4511; x_wconf 74' lang='grc' dir='ltr'>σφενδονούμενοί.</span> 
     </span>
    </p>
   </div>
   <div class='ocr_carea' id='block_1_93' title="bbox 553 4533 2114 4605">
    <p class='ocr_par' dir='ltr' id='par_1_93' title="bbox 553 4533 2114 4605">
     <span class='ocr_line' id='line_1_93' title="bbox 553 4533 2114 4605; baseline 0.002 -18"><span class='ocrx_word' id='word_1_709' title='bbox 553 4545 764 4605; x_wconf 88' lang='lat' dir='ltr'><strong>oportet</strong></span> <span class='ocrx_word' id='word_1_710' title='bbox 793 4546 846 4590; x_wconf 91' lang='lat' dir='ltr'><strong>et</strong></span> <span class='ocrx_word' id='word_1_711' title='bbox 867 4535 1065 4603; x_wconf 86' lang='lat' dir='ltr'><strong>colligi.</strong></span> <span class='ocrx_word' id='word_1_712' title='bbox 1102 4534 1236 4588; x_wconf 85' lang='lat' dir='ltr'><strong>Mitti</strong></span> <span class='ocrx_word' id='word_1_713' title='bbox 1270 4533 1488 4603; x_wconf 88' lang='lat' dir='ltr'><strong>quidem</strong></span> <span class='ocrx_word' id='word_1_714' title='bbox 1523 4534 1586 4587; x_wconf 93' lang='lat' dir='ltr'><strong>ad</strong></span> <span class='ocrx_word' id='word_1_715' title='bbox 1615 4550 1736 4590; x_wconf 85' lang='lat' dir='ltr'><strong>eum</strong></span> <span class='ocrx_word' id='word_1_716' title='bbox 1764 4536 2114 4591; x_wconf 68' lang='lat' dir='ltr'><strong>even-tendum</strong></span> 
     </span>
    </p>
   </div>
   <div class='ocr_carea' id='block_1_94' title="bbox 551 4626 2114 4696">
    <p class='ocr_par' dir='ltr' id='par_1_94' title="bbox 551 4626 2114 4696">
     <span class='ocr_line' id='line_1_94' title="bbox 551 4626 2114 4696; baseline 0.002 -18"><span class='ocrx_word' id='word_1_717' title='bbox 551 4627 642 4695; x_wconf 88' lang='lat' dir='ltr'><strong>qui</strong></span> <span class='ocrx_word' id='word_1_718' title='bbox 673 4635 863 4680; x_wconf 90' lang='lat' dir='ltr'><strong>contra</strong></span> <span class='ocrx_word' id='word_1_719' title='bbox 891 4627 1052 4678; x_wconf 68' lang='lat' dir='ltr'><strong>vitam</strong></span> <span class='ocrx_word' id='word_1_720' title='bbox 1084 4633 1322 4680; x_wconf 83' lang='lat' dir='ltr'><strong>nostrain</strong></span> <span class='ocrx_word' id='word_1_721' title='bbox 1350 4626 1611 4693; x_wconf 74' lang='lat' dir='ltr'><strong>erigitur;</strong></span> <span class='ocrx_word' id='word_1_722' title='bbox 1643 4627 1820 4696; x_wconf 84' lang='lat' dir='ltr'><strong>colligi</strong></span> <span class='ocrx_word' id='word_1_723' title='bbox 1849 4636 2026 4681; x_wconf 85' lang='lat' dir='ltr'><strong>autem</strong></span> <span class='ocrx_word' id='word_1_724' title='bbox 2051 4629 2114 4682; x_wconf 90' lang='lat' dir='ltr'><strong>ad</strong></span> 
     </span>
    </p>
   </div>
   <div class='ocr_carea' id='block_1_95' title="bbox 553 4717 2116 4788">
    <p class='ocr_par' dir='ltr' id='par_1_95' title="bbox 553 4717 2116 4788">
     <span class='ocr_line' id='line_1_95' title="bbox 553 4717 2116 4788; baseline 0.002 -19"><span class='ocrx_word' id='word_1_725' title='bbox 553 4719 676 4782; x_wconf 85' lang='lat' dir='ltr'><strong>hoc,</strong></span> <span class='ocrx_word' id='word_1_726' title='bbox 703 4725 763 4770; x_wconf 94' lang='lat' dir='ltr'><strong>ut</strong></span> <span class='ocrx_word' id='word_1_727' title='bbox 795 4719 987 4769; x_wconf 69' lang='lat' dir='ltr'><strong>anima:</strong></span> <span class='ocrx_word' id='word_1_728' title='bbox 1018 4723 1218 4768; x_wconf 71' lang='lat' dir='ltr'><strong>nostra:</strong></span> <span class='ocrx_word' id='word_1_729' title='bbox 1251 4717 1406 4770; x_wconf 84' lang='lat' dir='ltr'><strong>sinus</strong></span> <span class='ocrx_word' id='word_1_730' title='bbox 1432 4719 1621 4785; x_wconf 80' lang='lat' dir='ltr'><strong>plenus</strong></span> <span class='ocrx_word' id='word_1_731' title='bbox 1651 4719 1721 4773; x_wconf 86' lang='lat' dir='ltr'><strong>sit.</strong></span> <span class='ocrx_word' id='word_1_732' title='bbox 1755 4719 1820 4772; x_wconf 90' lang='lat' dir='ltr'><strong>iis</strong></span> <span class='ocrx_word' id='word_1_733' title='bbox 1849 4734 2116 4788; x_wconf 69' lang='lat' dir='ltr'><strong>praepara-</strong></span> 
     </span>
    </p>
   </div>
   <div class='ocr_carea' id='block_1_96' title="bbox 551 4806 2113 4876">
    <p class='ocr_par' dir='ltr' id='par_1_96' title="bbox 551 4806 2113 4876">
     <span class='ocr_line' id='line_1_96' title="bbox 551 4806 2113 4876; baseline 0.002 -16"><span class='ocrx_word' id='word_1_734' title='bbox 551 4809 638 4871; x_wconf 86' lang='lat' dir='ltr'><strong>tis,</strong></span> <span class='ocrx_word' id='word_1_735' title='bbox 675 4818 732 4860; x_wconf 89' lang='lat' dir='ltr'><strong>ut</strong></span> <span class='ocrx_word' id='word_1_736' title='bbox 769 4807 834 4859; x_wconf 90' lang='lat' dir='ltr'><strong>ad</strong></span> <span class='ocrx_word' id='word_1_737' title='bbox 867 4821 1085 4858; x_wconf 89' lang='lat' dir='ltr'><strong>manum</strong></span> <span class='ocrx_word' id='word_1_738' title='bbox 1133 4806 1204 4858; x_wconf 88' lang='lat' dir='ltr'><strong>sit</strong></span> <span class='ocrx_word' id='word_1_739' title='bbox 1233 4807 1376 4874; x_wconf 90' lang='lat' dir='ltr'><strong>quod</strong></span> <span class='ocrx_word' id='word_1_740' title='bbox 1413 4807 1514 4876; x_wconf 82' lang='lat' dir='ltr'><strong>iaci</strong></span> <span class='ocrx_word' id='word_1_741' title='bbox 1555 4809 1723 4876; x_wconf 77' lang='lat' dir='ltr'><strong>possit</strong></span> <span class='ocrx_word' id='word_1_742' title='bbox 1773 4809 1823 4860; x_wconf 92' lang='lat' dir='ltr'><strong>in</strong></span> <span class='ocrx_word' id='word_1_743' title='bbox 1857 4809 2113 4862; x_wconf 88' lang='lat' dir='ltr'><strong>adversa-</strong></span> 
     </span>
    </p>
   </div>
   <div class='ocr_carea' id='block_1_97' title="bbox 552 4897 2117 4968">
    <p class='ocr_par' dir='ltr' id='par_1_97' title="bbox 552 4897 2117 4968">
     <span class='ocr_line' id='line_1_97' title="bbox 552 4897 2117 4968; baseline 0 -16"><span class='ocrx_word' id='word_1_744' title='bbox 552 4900 708 4966; x_wconf 89' lang='lat' dir='ltr'><strong>rium,</strong></span> <span class='ocrx_word' id='word_1_745' title='bbox 737 4899 782 4954; x_wconf 91' lang='lat' dir='ltr'><strong>si</strong></span> <span class='ocrx_word' id='word_1_746' title='bbox 812 4897 1029 4968; x_wconf 90' lang='lat' dir='ltr'><strong>quando</strong></span> <span class='ocrx_word' id='word_1_747' title='bbox 1055 4897 1210 4950; x_wconf 89' lang='lat' dir='ltr'><strong>aliter</strong></span> <span class='ocrx_word' id='word_1_748' title='bbox 1240 4899 1391 4951; x_wconf 82' lang='lat' dir='ltr'><strong>nobis</strong></span> <span class='ocrx_word' id='word_1_749' title='bbox 1422 4899 1582 4952; x_wconf 78' lang='lat' dir='ltr'><strong>fuerit</strong></span> <span class='ocrx_word' id='word_1_750' title='bbox 1606 4900 1909 4954; x_wconf 90' lang='lat' dir='ltr'><strong>insidiatus.</strong></span> <span class='ocrx_word' id='word_1_751' title='bbox 1967 4901 2117 4954; x_wconf 87' lang='lat' dir='ltr'><strong>l‘nde</strong></span> 
     </span>
    </p>
   </div>
   <div class='ocr_carea' id='block_1_98' title="bbox 550 4983 2121 5058">
    <p class='ocr_par' dir='ltr' id='par_1_98' title="bbox 550 4983 2121 5058">
     <span class='ocr_line' id='line_1_98' title="bbox 550 4983 2121 5058; baseline 0 -18"><span class='ocrx_word' id='word_1_752' title='bbox 550 5003 677 5058; x_wconf 88' lang='lat' dir='ltr'><strong>ergo</strong></span> <span class='ocrx_word' id='word_1_753' title='bbox 694 4987 1012 5057; x_wconf 89' lang='lat' dir='ltr'><strong>colligemus</strong></span> <span class='ocrx_word' id='word_1_754' title='bbox 1029 4983 1236 5055; x_wconf 86' lang='lat' dir='ltr'><strong>lapides</strong></span> <span class='ocrx_word' id='word_1_755' title='bbox 1255 4987 1453 5054; x_wconf 88' lang='lat' dir='ltr'><strong>quibus</strong></span> <span class='ocrx_word' id='word_1_756' title='bbox 1483 4987 1760 5041; x_wconf 89' lang='lat' dir='ltr'><strong>inimicum</strong></span> <span class='ocrx_word' id='word_1_757' title='bbox 1785 4989 2121 5042; x_wconf 81' lang='lat' dir='ltr'><strong>obruamus?</strong></span> 
     </span>
    </p>
   </div>
   <div class='ocr_carea' id='block_1_99' title="bbox 553 5077 2118 5150">
    <p class='ocr_par' dir='ltr' id='par_1_99' title="bbox 553 5077 2118 5150">
     <span class='ocr_line' id='line_1_99' title="bbox 553 5077 2118 5150; baseline 0.005 -22"><span class='ocrx_word' id='word_1_758' title='bbox 553 5078 741 5132; x_wconf 73' lang='lat' dir='ltr'><strong>Audivi</strong></span> <span class='ocrx_word' id='word_1_759' title='bbox 770 5077 1109 5147; x_wconf 80' lang='lat' dir='ltr'><strong>prOphetiam</strong></span> <span class='ocrx_word' id='word_1_760' title='bbox 1139 5077 1407 5132; x_wconf 87' lang='lat' dir='ltr'><strong>dicentem</strong></span> <span class='ocrx_word' id='word_1_761' title='bbox 1435 5096 1445 5129; x_wconf 77' lang='grc' dir='ltr'><strong>τ</strong></span> <span class='ocrx_word' id='word_1_762' title='bbox 1493 5095 1509 5128; x_wconf 83' lang='grc' dir='ltr'>ι</span> <span class='ocrx_word' id='word_1_763' title='bbox 1532 5077 1764 5150; x_wconf 80' lang='lat' dir='ltr'><strong>Lapides</strong></span> <span class='ocrx_word' id='word_1_764' title='bbox 1789 5083 1964 5136; x_wconf 84' lang='lat' dir='ltr'><strong>sancti</strong></span> <span class='ocrx_word' id='word_1_765' title='bbox 2003 5083 2118 5136; x_wconf 82' lang='lat' dir='ltr'><strong>vol-</strong></span> 
     </span>
    </p>
   </div>
   <div class='ocr_carea' id='block_1_100' title="bbox 553 5167 2118 5240">
    <p class='ocr_par' dir='ltr' id='par_1_100' title="bbox 553 5167 2118 5240">
     <span class='ocr_line' id='line_1_100' title="bbox 553 5167 2118 5240; baseline 0.004 -21"><span class='ocrx_word' id='word_1_766' title='bbox 553 5179 752 5223; x_wconf 79' lang='lat' dir='ltr'><strong>vttnlut‘</strong></span> <span class='ocrx_word' id='word_1_767' title='bbox 775 5184 938 5238; x_wconf 81' lang='lat' dir='ltr'><strong>super</strong></span> <span class='ocrx_word' id='word_1_768' title='bbox 985 5175 1186 5221; x_wconf 87' lang='lat' dir='ltr'><strong>terram</strong></span> <span class='ocrx_word' id='word_1_769' title='bbox 1208 5171 1250 5221; x_wconf 80' lang='grc'><strong>⁵.</strong></span> <span class='ocrx_word' id='word_1_770' title='bbox 1289 5187 1307 5220; x_wconf 73' lang='grc' dir='ltr'>ι</span> <span class='ocrx_word' id='word_1_771' title='bbox 1348 5167 1384 5220; x_wconf 87' lang='lat' dir='ltr'><strong>li</strong></span> <span class='ocrx_word' id='word_1_772' title='bbox 1416 5176 1593 5223; x_wconf 87' lang='lat' dir='ltr'><strong>autem</strong></span> <span class='ocrx_word' id='word_1_773' title='bbox 1627 5179 1778 5232; x_wconf 88' lang='lat' dir='ltr'><strong>sunt,</strong></span> <span class='ocrx_word' id='word_1_774' title='bbox 1806 5187 1926 5240; x_wconf 65' lang='lat' dir='ltr'><strong>qua:</strong></span> <span class='ocrx_word' id='word_1_775' title='bbox 1966 5188 1995 5224; x_wconf 89' lang='lat' dir='ltr'><strong>a</strong></span> <span class='ocrx_word' id='word_1_776' title='bbox 2033 5173 2118 5227; x_wconf 85' lang='lat' dir='ltr'><strong>di-</strong></span> 
     </span>
    </p>
   </div>
   <div class='ocr_carea' id='block_1_101' title="bbox 551 5257 2112 5328">
    <p class='ocr_par' dir='ltr' id='par_1_101' title="bbox 551 5257 2112 5328">
     <span class='ocr_line' id='line_1_101' title="bbox 551 5257 2112 5328; baseline 0.003 -16"><span class='ocrx_word' id='word_1_777' title='bbox 551 5261 751 5314; x_wconf 84' lang='lat' dir='ltr'><strong>vinitus</strong></span> <span class='ocrx_word' id='word_1_778' title='bbox 770 5259 1030 5328; x_wconf 86' lang='lat' dir='ltr'><strong>inspirata</strong></span> <span class='ocrx_word' id='word_1_779' title='bbox 1052 5257 1332 5328; x_wconf 81' lang='lat' dir='ltr'><strong>Scriptura</strong></span> <span class='ocrx_word' id='word_1_780' title='bbox 1362 5259 1426 5311; x_wconf 88' lang='lat' dir='ltr'><strong>ad</strong></span> <span class='ocrx_word' id='word_1_781' title='bbox 1455 5275 1551 5314; x_wconf 90' lang='lat' dir='ltr'><strong>nos</strong></span> <span class='ocrx_word' id='word_1_782' title='bbox 1575 5261 1734 5314; x_wconf 88' lang='lat' dir='ltr'><strong>verba</strong></span> <span class='ocrx_word' id='word_1_783' title='bbox 1759 5261 2112 5326; x_wconf 84' lang='lat' dir='ltr'><strong>descendunt,</strong></span> 
     </span>
    </p>
   </div>
   <div class='ocr_carea' id='block_1_102' title="bbox 549 5350 2114 5420">
    <p class='ocr_par' dir='ltr' id='par_1_102' title="bbox 549 5350 2114 5420">
     <span class='ocr_line' id='line_1_102' title="bbox 549 5350 2114 5420; baseline 0.002 -17"><span class='ocrx_word' id='word_1_784' title='bbox 549 5366 668 5420; x_wconf 67' lang='lat' dir='ltr'><strong>qua:</strong></span> <span class='ocrx_word' id='word_1_785' title='bbox 707 5351 960 5419; x_wconf 89' lang='lat' dir='ltr'><strong>colligere</strong></span> <span class='ocrx_word' id='word_1_786' title='bbox 1004 5357 1218 5417; x_wconf 80' lang='lat' dir='ltr'><strong>Oportet</strong></span> <span class='ocrx_word' id='word_1_787' title='bbox 1259 5350 1310 5403; x_wconf 92' lang='lat' dir='ltr'><strong>iu</strong></span> <span class='ocrx_word' id='word_1_788' title='bbox 1359 5351 1481 5403; x_wconf 88' lang='lat' dir='ltr'><strong>sinu</strong></span> <span class='ocrx_word' id='word_1_789' title='bbox 1517 5351 1730 5412; x_wconf 66' lang='lat' dir='ltr'><strong>anima),</strong></span> <span class='ocrx_word' id='word_1_790' title='bbox 1772 5360 1827 5406; x_wconf 89' lang='lat' dir='ltr'><strong>ut</strong></span> <span class='ocrx_word' id='word_1_791' title='bbox 1875 5354 1926 5406; x_wconf 92' lang='lat' dir='ltr'><strong>in</strong></span> <span class='ocrx_word' id='word_1_792' title='bbox 1978 5362 2114 5408; x_wconf 87' lang='lat' dir='ltr'><strong>lem-</strong></span> 
     </span>
    </p>
   </div>
   <div class='ocr_carea' id='block_1_103' title="bbox 551 5439 2112 5509">
    <p class='ocr_par' dir='ltr' id='par_1_103' title="bbox 551 5439 2112 5509">
     <span class='ocr_line' id='line_1_103' title="bbox 551 5439 2112 5509; baseline 0.003 -17"><span class='ocrx_word' id='word_1_793' title='bbox 551 5457 676 5509; x_wconf 82' lang='lat' dir='ltr'><strong>porc</strong></span> <span class='ocrx_word' id='word_1_794' title='bbox 713 5444 781 5497; x_wconf 92' lang='lat' dir='ltr'><strong>iis</strong></span> <span class='ocrx_word' id='word_1_795' title='bbox 811 5450 1026 5494; x_wconf 87' lang='lat' dir='ltr'><strong>utamur</strong></span> <span class='ocrx_word' id='word_1_796' title='bbox 1075 5439 1338 5496; x_wconf 86' lang='lat' dir='ltr'><strong>adversus</strong></span> <span class='ocrx_word' id='word_1_797' title='bbox 1382 5458 1478 5496; x_wconf 78' lang='lat' dir='ltr'><strong>eos</strong></span> <span class='ocrx_word' id='word_1_798' title='bbox 1517 5442 1608 5509; x_wconf 89' lang='lat' dir='ltr'><strong>qui</strong></span> <span class='ocrx_word' id='word_1_799' title='bbox 1641 5453 1765 5496; x_wconf 90' lang='lat' dir='ltr'><strong>sunt</strong></span> <span class='ocrx_word' id='word_1_800' title='bbox 1801 5444 1957 5497; x_wconf 89' lang='lat' dir='ltr'><strong>nobis</strong></span> <span class='ocrx_word' id='word_1_801' title='bbox 1996 5462 2112 5497; x_wconf 83' lang='lat' dir='ltr'><strong>ino-</strong></span> 
     </span>
    </p>
   </div>
   <div class='ocr_carea' id='block_1_104' title="bbox 548 5531 2108 5604">
    <p class='ocr_par' dir='ltr' id='par_1_104' title="bbox 548 5531 2108 5604">
     <span class='ocr_line' id='line_1_104' title="bbox 548 5531 2108 5604; baseline 0.001 -17"><span class='ocrx_word' id='word_1_802' title='bbox 548 5533 704 5588; x_wconf 84' lang='lat' dir='ltr'><strong>lesti:</strong></span> <span class='ocrx_word' id='word_1_803' title='bbox 741 5547 972 5604; x_wconf 88' lang='lat' dir='ltr'><strong>quorum</strong></span> <span class='ocrx_word' id='word_1_804' title='bbox 1007 5531 1246 5585; x_wconf 84' lang='lat' dir='ltr'><strong>estadeo</strong></span> <span class='ocrx_word' id='word_1_805' title='bbox 1267 5531 1705 5601; x_wconf 80' lang='lat' dir='ltr'><strong>pnlclierjactus,</strong></span> <span class='ocrx_word' id='word_1_806' title='bbox 1739 5541 1791 5585; x_wconf 91' lang='lat' dir='ltr'><strong>ut</strong></span> <span class='ocrx_word' id='word_1_807' title='bbox 1825 5540 1876 5586; x_wconf 90' lang='lat' dir='ltr'><strong>et</strong></span> <span class='ocrx_word' id='word_1_808' title='bbox 1900 5535 2108 5589; x_wconf 84' lang='lat' dir='ltr'><strong>hostem</strong></span> 
     </span>
    </p>
   </div>
   <div class='ocr_carea' id='block_1_105' title="bbox 611 5704 1577 5777">
    <p class='ocr_par' dir='ltr' id='par_1_105' title="bbox 611 5704 1577 5777">
     <span class='ocr_line' id='line_1_105' title="bbox 611 5704 1577 5777; baseline 0.005 -15"><span class='ocrx_word' id='word_1_809' title='bbox 611 5704 626 5731; x_wconf 70' lang='grc'>³</span> <span class='ocrx_word' id='word_1_810' title='bbox 667 5704 684 5762; x_wconf 86' lang='grc' dir='ltr'><strong>Ι</strong></span> <span class='ocrx_word' id='word_1_811' title='bbox 714 5712 838 5767; x_wconf 83' lang='lat' dir='ltr'><strong>Cor.</strong></span> <span class='ocrx_word' id='word_1_812' title='bbox 863 5731 940 5777; x_wconf 88' lang='grc' dir='ltr'>ιιι,</span> <span class='ocrx_word' id='word_1_813' title='bbox 969 5715 1050 5767; x_wconf 69' lang='lat'><strong>12.</strong></span> <span class='ocrx_word' id='word_1_814' title='bbox 1130 5717 1150 5744; x_wconf 83' lang='lat'>&#39;</span> <span class='ocrx_word' id='word_1_815' title='bbox 1185 5713 1348 5766; x_wconf 79' lang='lat' dir='ltr'><strong>Zarh.</strong></span> <span class='ocrx_word' id='word_1_816' title='bbox 1382 5730 1454 5774; x_wconf 80' lang='lat' dir='ltr'><strong>Ix,</strong></span> <span class='ocrx_word' id='word_1_817' title='bbox 1499 5716 1577 5767; x_wconf 72' lang='grc' dir='ltr'><strong>ιδ.</strong></span> 
     </span>
    </p>
   </div>
   <div class='ocr_carea' id='block_1_106' title="bbox 2223 4525 3775 4607">
    <p class='ocr_par' dir='ltr' id='par_1_106' title="bbox 2223 4525 3775 4607">
     <span class='ocr_line' id='line_1_106' title="bbox 2223 4525 3775 4607; baseline -0.01 -14"><span class='ocrx_word' id='word_1_818' title='bbox 2223 4540 2316 4602; x_wconf 85' lang='grc' dir='ltr'><strong>οὓς</strong></span> <span class='ocrx_word' id='word_1_819' title='bbox 2361 4541 2446 4592; x_wconf 74' lang='grc' dir='ltr'><strong>ἀεὶ</strong></span> <span class='ocrx_word' id='word_1_820' title='bbox 2479 4539 2572 4592; x_wconf 73' lang='grc' dir='ltr'><strong>καὶ</strong></span> <span class='ocrx_word' id='word_1_821' title='bbox 2605 4538 2915 4607; x_wconf 88' lang='grc' dir='ltr'>πέμπεσθαι</span> <span class='ocrx_word' id='word_1_822' title='bbox 2957 4537 3080 4606; x_wconf 77' lang='grc' dir='ltr'><strong>χρὴ.</strong></span> <span class='ocrx_word' id='word_1_823' title='bbox 3115 4537 3217 4588; x_wconf 79' lang='grc' dir='ltr'>καὶ</span> <span class='ocrx_word' id='word_1_824' title='bbox 3264 4533 3624 4602; x_wconf 85' lang='grc' dir='ltr'>συνάγεσθαι·</span> <span class='ocrx_word' id='word_1_825' title='bbox 3662 4525 3775 4593; x_wconf 78' lang='grc' dir='ltr'>πέμ·</span> 
     </span>
    </p>
   </div>
   <div class='ocr_carea' id='block_1_107' title="bbox 2225 4619 3778 4699">
    <p class='ocr_par' dir='ltr' id='par_1_107' title="bbox 2225 4619 3778 4699">
     <span class='ocr_line' id='line_1_107' title="bbox 2225 4619 3778 4699; baseline -0.004 -17"><span class='ocrx_word' id='word_1_826' title='bbox 2225 4631 2418 4684; x_wconf 86' lang='grc' dir='ltr'>πεσθαι</span> <span class='ocrx_word' id='word_1_827' title='bbox 2469 4631 2567 4699; x_wconf 84' lang='grc' dir='ltr'><strong>μὲν</strong></span> <span class='ocrx_word' id='word_1_828' title='bbox 2611 4630 2689 4690; x_wconf 87' lang='grc' dir='ltr'>εἰς</span> <span class='ocrx_word' id='word_1_829' title='bbox 2735 4627 3048 4697; x_wconf 86' lang='grc' dir='ltr'>καθαίρεσιν</span> <span class='ocrx_word' id='word_1_830' title='bbox 3076 4625 3174 4677; x_wconf 75' lang='grc' dir='ltr'>τοῦ</span> <span class='ocrx_word' id='word_1_831' title='bbox 3225 4627 3379 4678; x_wconf 84' lang='grc' dir='ltr'><strong>κατά</strong></span> <span class='ocrx_word' id='word_1_832' title='bbox 3414 4625 3515 4692; x_wconf 78' lang='grc' dir='ltr'><strong>τῆς</strong></span> <span class='ocrx_word' id='word_1_833' title='bbox 3548 4619 3778 4691; x_wconf 73' lang='grc' dir='ltr'>ἡμετέραέ</span> 
     </span>
    </p>
   </div>
   <div class='ocr_carea' id='block_1_108' title="bbox 2224 4708 3771 4794">
    <p class='ocr_par' dir='ltr' id='par_1_108' title="bbox 2224 4708 3771 4794">
     <span class='ocr_line' id='line_1_108' title="bbox 2224 4708 3771 4794; baseline -0.014 -15"><span class='ocrx_word' id='word_1_834' title='bbox 2224 4725 2368 4794; x_wconf 76' lang='grc' dir='ltr'>ζωῆς</span> <span class='ocrx_word' id='word_1_835' title='bbox 2399 4721 2700 4792; x_wconf 73' lang='grc' dir='ltr'>ὑψουμένου</span> <span class='ocrx_word' id='word_1_836' title='bbox 2723 4736 2736 4749; x_wconf 83' lang='lat'><strong><em>°</em></strong></span> <span class='ocrx_word' id='word_1_837' title='bbox 2783 4718 3109 4786; x_wconf 84' lang='grc' dir='ltr'>συνάγεσθαι</span> <span class='ocrx_word' id='word_1_838' title='bbox 3143 4717 3230 4779; x_wconf 80' lang='grc' dir='ltr'><strong>δὲ,</strong></span> <span class='ocrx_word' id='word_1_839' title='bbox 3268 4719 3354 4779; x_wconf 82' lang='grc' dir='ltr'>εἰς</span> <span class='ocrx_word' id='word_1_840' title='bbox 3395 4717 3456 4768; x_wconf 76' lang='grc' dir='ltr'>τὸ</span> <span class='ocrx_word' id='word_1_841' title='bbox 3498 4713 3585 4767; x_wconf 77' lang='grc' dir='ltr'>ἀεὶ</span> <span class='ocrx_word' id='word_1_842' title='bbox 3631 4708 3771 4773; x_wconf 75' lang='grc' dir='ltr'>πλήρη</span> 
     </span>
    </p>
   </div>
   <div class='ocr_carea' id='block_1_109' title="bbox 2222 4805 3773 4880">
    <p class='ocr_par' dir='ltr' id='par_1_109' title="bbox 2222 4805 3773 4880">
     <span class='ocr_line' id='line_1_109' title="bbox 2222 4805 3773 4880; baseline -0.006 -16"><span class='ocrx_word' id='word_1_843' title='bbox 2222 4807 2359 4864; x_wconf 83' lang='grc' dir='ltr'>εἶναι</span> <span class='ocrx_word' id='word_1_844' title='bbox 2409 4811 2499 4863; x_wconf 83' lang='grc' dir='ltr'><strong>τὸν</strong></span> <span class='ocrx_word' id='word_1_845' title='bbox 2553 4811 2650 4880; x_wconf 81' lang='grc' dir='ltr'>τῆς</span> <span class='ocrx_word' id='word_1_846' title='bbox 2681 4809 2857 4878; x_wconf 74' lang='grc' dir='ltr'>ψυχῆς</span> <span class='ocrx_word' id='word_1_847' title='bbox 2902 4808 3099 4860; x_wconf 84' lang='grc' dir='ltr'>κόλπον</span> <span class='ocrx_word' id='word_1_848' title='bbox 3145 4806 3265 4858; x_wconf 84' lang='grc' dir='ltr'>τῶν</span> <span class='ocrx_word' id='word_1_849' title='bbox 3327 4805 3588 4859; x_wconf 78' lang='grc' dir='ltr'>τοιούτων</span> <span class='ocrx_word' id='word_1_850' title='bbox 3632 4811 3773 4865; x_wconf 79' lang='grc' dir='ltr'>παρα·</span> 
     </span>
    </p>
   </div>
   <div class='ocr_carea' id='block_1_110' title="bbox 2225 4885 3772 4972">
    <p class='ocr_par' dir='ltr' id='par_1_110' title="bbox 2225 4885 3772 4972">
     <span class='ocr_line' id='line_1_110' title="bbox 2225 4885 3772 4972; baseline -0.008 -16"><span class='ocrx_word' id='word_1_851' title='bbox 2225 4903 2452 4968; x_wconf 83' lang='grc' dir='ltr'>σκευῶν,</span> <span class='ocrx_word' id='word_1_852' title='bbox 2485 4902 2624 4956; x_wconf 77' lang='grc' dir='ltr'>ὥστε</span> <span class='ocrx_word' id='word_1_853' title='bbox 2656 4901 2944 4972; x_wconf 80' lang='grc' dir='ltr'>πρόχειρον</span> <span class='ocrx_word' id='word_1_854' title='bbox 2976 4895 3114 4951; x_wconf 81' lang='grc' dir='ltr'>εἶναι</span> <span class='ocrx_word' id='word_1_855' title='bbox 3140 4898 3296 4951; x_wconf 85' lang='grc' dir='ltr'><strong>κατά</strong></span> <span class='ocrx_word' id='word_1_856' title='bbox 3332 4895 3432 4949; x_wconf 81' lang='grc' dir='ltr'>τοῦ</span> <span class='ocrx_word' id='word_1_857' title='bbox 3495 4891 3674 4966; x_wconf 75' lang='grc' dir='ltr'>ἐχθροῦ</span> <span class='ocrx_word' id='word_1_858' title='bbox 3697 4885 3772 4952; x_wconf 76' lang='grc' dir='ltr'><strong>τὴν</strong></span> 
     </span>
    </p>
   </div>
   <div class='ocr_carea' id='block_1_111' title="bbox 2224 4974 3778 5064">
    <p class='ocr_par' dir='ltr' id='par_1_111' title="bbox 2224 4974 3778 5064">
     <span class='ocr_line' id='line_1_111' title="bbox 2224 4974 3778 5064; baseline -0.01 -20"><span class='ocrx_word' id='word_1_859' title='bbox 2224 4993 2402 5064; x_wconf 78' lang='grc' dir='ltr'>βολὴν,</span> <span class='ocrx_word' id='word_1_860' title='bbox 2429 4992 2608 5045; x_wconf 82' lang='grc' dir='ltr'>εἴποτε</span> <span class='ocrx_word' id='word_1_861' title='bbox 2630 4990 2800 5051; x_wconf 77' lang='grc' dir='ltr'>ἄλλως</span> <span class='ocrx_word' id='word_1_862' title='bbox 2834 4989 2933 5058; x_wconf 81' lang='grc' dir='ltr'><strong>τὴν</strong></span> <span class='ocrx_word' id='word_1_863' title='bbox 2965 4986 3084 5040; x_wconf 83' lang='grc' dir='ltr'>καθ’</span> <span class='ocrx_word' id='word_1_864' title='bbox 3101 4986 3276 5055; x_wconf 79' lang='grc' dir='ltr'>ἡμῶν</span> <span class='ocrx_word' id='word_1_865' title='bbox 3309 4983 3604 5051; x_wconf 79' lang='grc' dir='ltr'>ἐπιϐουλὴν</span> <span class='ocrx_word' id='word_1_866' title='bbox 3626 4974 3778 5040; x_wconf 72' lang='grc' dir='ltr'>ἐννοή-</span> 
     </span>
    </p>
   </div>
   <div class='ocr_carea' id='block_1_112' title="bbox 2223 5064 3779 5147">
    <p class='ocr_par' dir='ltr' id='par_1_112' title="bbox 2223 5064 3779 5147">
     <span class='ocr_line' id='line_1_112' title="bbox 2223 5064 3779 5147; baseline -0.01 -10"><span class='ocrx_word' id='word_1_867' title='bbox 2223 5101 2386 5136; x_wconf 86' lang='grc' dir='ltr'>σειεν.</span> <span class='ocrx_word' id='word_1_868' title='bbox 2420 5083 2588 5136; x_wconf 86' lang='grc' dir='ltr'>Πόθεν</span> <span class='ocrx_word' id='word_1_869' title='bbox 2620 5076 2712 5135; x_wconf 77' lang='grc' dir='ltr'>οὖν</span> <span class='ocrx_word' id='word_1_870' title='bbox 2743 5078 3135 5147; x_wconf 83' lang='grc' dir='ltr'>συναγάγωμεν</span> <span class='ocrx_word' id='word_1_871' title='bbox 3166 5076 3362 5139; x_wconf 86' lang='grc' dir='ltr'>λίθους</span> <span class='ocrx_word' id='word_1_872' title='bbox 3391 5070 3475 5136; x_wconf 73' lang='grc' dir='ltr'>οἷς</span> <span class='ocrx_word' id='word_1_873' title='bbox 3502 5073 3592 5125; x_wconf 79' lang='grc' dir='ltr'>τὸν</span> <span class='ocrx_word' id='word_1_874' title='bbox 3619 5064 3779 5138; x_wconf 76' lang='grc' dir='ltr'><strong>ἐχθρὸν</strong></span> 
     </span>
    </p>
   </div>
   <div class='ocr_carea' id='block_1_113' title="bbox 2220 5158 3780 5243">
    <p class='ocr_par' dir='ltr' id='par_1_113' title="bbox 2220 5158 3780 5243">
     <span class='ocr_line' id='line_1_113' title="bbox 2220 5158 3780 5243; baseline -0.008 -16"><span class='ocrx_word' id='word_1_875' title='bbox 2220 5173 2656 5243; x_wconf 76' lang='grc' dir='ltr'>καταχὼσωμεν;</span> <span class='ocrx_word' id='word_1_876' title='bbox 2691 5172 2934 5223; x_wconf 83' lang='grc' dir='ltr'>Ἤκουσα</span> <span class='ocrx_word' id='word_1_877' title='bbox 2984 5167 3082 5235; x_wconf 77' lang='grc' dir='ltr'><strong>τῆς</strong></span> <span class='ocrx_word' id='word_1_878' title='bbox 3124 5167 3489 5238; x_wconf 77' lang='grc' dir='ltr'>προφητείας</span> <span class='ocrx_word' id='word_1_879' title='bbox 3531 5158 3780 5223; x_wconf 43' lang='grc' dir='ltr'>εἰπούσηςξ</span> 
     </span>
    </p>
   </div>
   <div class='ocr_carea' id='block_1_114' title="bbox 2217 5248 3778 5328">
    <p class='ocr_par' dir='ltr' id='par_1_114' title="bbox 2217 5248 3778 5328">
     <span class='ocr_line' id='line_1_114' title="bbox 2217 5248 3778 5328; baseline -0.006 -20"><span class='ocrx_word' id='word_1_880' title='bbox 2217 5276 2234 5308; x_wconf 86' lang='grc' dir='ltr'>ι</span> <span class='ocrx_word' id='word_1_881' title='bbox 2276 5257 2428 5314; x_wconf 84' lang='grc' dir='ltr'>Λίθοι</span> <span class='ocrx_word' id='word_1_882' title='bbox 2467 5257 2612 5325; x_wconf 77' lang='grc' dir='ltr'>ἅγιοι</span> <span class='ocrx_word' id='word_1_883' title='bbox 2651 5255 2920 5310; x_wconf 86' lang='grc' dir='ltr'>κυλίονται</span> <span class='ocrx_word' id='word_1_884' title='bbox 2958 5257 3051 5308; x_wconf 69' lang='grc' dir='ltr'><strong>ἐπὶ</strong></span> <span class='ocrx_word' id='word_1_885' title='bbox 3078 5255 3188 5326; x_wconf 81' lang='grc' dir='ltr'>τῆς</span> <span class='ocrx_word' id='word_1_886' title='bbox 3222 5258 3358 5328; x_wconf 81' lang='grc' dir='ltr'>γῆς.</span> <span class='ocrx_word' id='word_1_887' title='bbox 3403 5277 3420 5309; x_wconf 79' lang='grc' dir='ltr'>ι</span> <span class='ocrx_word' id='word_1_888' title='bbox 3457 5251 3610 5311; x_wconf 83' lang='grc' dir='ltr'>Οὗτοι</span> <span class='ocrx_word' id='word_1_889' title='bbox 3651 5251 3692 5303; x_wconf 80' lang='grc' dir='ltr'><strong>δ’</strong></span> <span class='ocrx_word' id='word_1_890' title='bbox 3723 5248 3778 5300; x_wconf 75' lang='grc' dir='ltr'>ἄν</span> 
     </span>
    </p>
   </div>
   <div class='ocr_carea' id='block_1_115' title="bbox 2214 5344 3785 5420">
    <p class='ocr_par' dir='ltr' id='par_1_115' title="bbox 2214 5344 3785 5420">
     <span class='ocr_line' id='line_1_115' title="bbox 2214 5344 3785 5420; baseline -0.001 -19"><span class='ocrx_word' id='word_1_891' title='bbox 2214 5344 2322 5401; x_wconf 77' lang='grc' dir='ltr'>εἷεν</span> <span class='ocrx_word' id='word_1_892' title='bbox 2347 5347 2454 5402; x_wconf 83' lang='grc' dir='ltr'><strong>ἀπό</strong></span> <span class='ocrx_word' id='word_1_893' title='bbox 2479 5350 2575 5418; x_wconf 81' lang='grc' dir='ltr'><strong>τῆς</strong></span> <span class='ocrx_word' id='word_1_894' title='bbox 2594 5346 2951 5400; x_wconf 84' lang='grc' dir='ltr'>θεοπνεύστου</span> <span class='ocrx_word' id='word_1_895' title='bbox 2985 5347 3218 5417; x_wconf 76' lang='grc' dir='ltr'>Γραφῆς</span> <span class='ocrx_word' id='word_1_896' title='bbox 3241 5351 3330 5412; x_wconf 81' lang='grc' dir='ltr'><strong>είς</strong></span> <span class='ocrx_word' id='word_1_897' title='bbox 3362 5351 3511 5420; x_wconf 78' lang='grc' dir='ltr'>ἡμᾶς</span> <span class='ocrx_word' id='word_1_898' title='bbox 3539 5344 3785 5402; x_wconf 78' lang='grc' dir='ltr'>κατιόντες</span> 
     </span>
    </p>
   </div>
   <div class='ocr_carea' id='block_1_116' title="bbox 2215 5427 3784 5512">
    <p class='ocr_par' dir='ltr' id='par_1_116' title="bbox 2215 5427 3784 5512">
     <span class='ocr_line' id='line_1_116' title="bbox 2215 5427 3784 5512; baseline -0.008 -19"><span class='ocrx_word' id='word_1_899' title='bbox 2215 5439 2492 5507; x_wconf 82' lang='grc' dir='ltr'>λόγοι,οὒς</span> <span class='ocrx_word' id='word_1_900' title='bbox 2518 5440 2620 5510; x_wconf 76' lang='grc' dir='ltr'><strong>χρὴ</strong></span> <span class='ocrx_word' id='word_1_901' title='bbox 2649 5441 2971 5507; x_wconf 87' lang='grc' dir='ltr'>συναγαγεῖν</span> <span class='ocrx_word' id='word_1_902' title='bbox 2993 5440 3049 5490; x_wconf 81' lang='grc' dir='ltr'>ὲν</span> <span class='ocrx_word' id='word_1_903' title='bbox 3075 5438 3159 5509; x_wconf 81' lang='grc' dir='ltr'>τῷ</span> <span class='ocrx_word' id='word_1_904' title='bbox 3188 5444 3296 5512; x_wconf 82' lang='grc' dir='ltr'><strong>τῆς</strong></span> <span class='ocrx_word' id='word_1_905' title='bbox 3317 5442 3502 5512; x_wconf 78' lang='grc' dir='ltr'>ψυχῆς</span> <span class='ocrx_word' id='word_1_906' title='bbox 3524 5440 3711 5504; x_wconf 83' lang='grc' dir='ltr'>κόλπῳ,</span> <span class='ocrx_word' id='word_1_907' title='bbox 3727 5427 3784 5482; x_wconf 79' lang='grc' dir='ltr'><strong>ἶν’</strong></span> 
     </span>
    </p>
   </div>
   <div class='ocr_carea' id='block_1_117' title="bbox 2221 5516 3783 5604">
    <p class='ocr_par' dir='ltr' id='par_1_117' title="bbox 2221 5516 3783 5604">
     <span class='ocr_line' id='line_1_117' title="bbox 2221 5516 3783 5604; baseline -0.002 -20"><span class='ocrx_word' id='word_1_908' title='bbox 2221 5536 2276 5584; x_wconf 76' lang='grc' dir='ltr'><strong>ἐν</strong></span> <span class='ocrx_word' id='word_1_909' title='bbox 2301 5529 2475 5601; x_wconf 80' lang='grc' dir='ltr'>καιρῷ</span> <span class='ocrx_word' id='word_1_910' title='bbox 2506 5530 2644 5582; x_wconf 81' lang='grc' dir='ltr'><strong>κατὰ</strong></span> <span class='ocrx_word' id='word_1_911' title='bbox 2668 5530 2774 5582; x_wconf 83' lang='grc' dir='ltr'><strong>τῶν</strong></span> <span class='ocrx_word' id='word_1_912' title='bbox 2799 5528 3104 5583; x_wconf 82' lang='grc' dir='ltr'>λυπούντων</span> <span class='ocrx_word' id='word_1_913' title='bbox 3132 5530 3507 5604; x_wconf 81' lang='grc' dir='ltr'>χρησώμεθα,</span> <span class='ocrx_word' id='word_1_914' title='bbox 3539 5524 3650 5598; x_wconf 80' lang='grc' dir='ltr'><strong>ὧνή</strong></span> <span class='ocrx_word' id='word_1_915' title='bbox 3674 5516 3783 5595; x_wconf 62' lang='grc' dir='ltr'><strong>βοὶ-ἠ</strong></span> 
     </span>
    </p>
   </div>
  </div>
