3928 6196
221 263 301 317 717
469 307 476 314 .
1184 253 1248 306 lN
1290 252 1820 309 ECCIJ‘ISIASTI‘K.
1864 252 2148 309 llOMlLlA
2188 256 2296 310 νιι.

3288 245 3388 297 718

214 375 331 429 οὕτω
367 369 510 438 καλὴ.
555 369 647 421 καὶ
679 369 892 437 ἀναιρεῖ
935 367 1022 418 τον
1057 367 1332 434 πολέμιον,
1387 367 1478 418 καὶ
1508 365 1605 432 τῆς
1641 363 1732 416 τοῦ

1841 365 2174 426 interimant.
2206 375 2259 419 et
2291 366 2358 419 ab
2385 364 2504 433 ejus
2534 364 2624 432 qui
2653 363 2786 431 jaeit
2822 377 2982 415 manu
3013 375 3120 412 non
3147 374 3396 427 ειτιιηινιι-

215 465 451 537 βάλλοντος
480 458 658 529 χειρὸς
686 459 747 510 οὐ
784 457 1086 527 χωρίζεται.
1135 458 1192 508 ’0
1227 456 1336 526 γὰρ
1371 455 1447 524 τῷ
1477 455 1608 524 λίθῳ
1640 455 1735 523 τῆς

213 551 518 621 σωφροσύνης
565 547 913 600 καταϐάλλων
973 547 1065 598 τὸν
1115 545 1410 598 ἀκόλαστον
1458 543 1732 610 λογισμὸν,

207 643 281 696 τὸν
303 642 376 694 διὰ
400 639 502 690 τῶν
527 637 728 707 ἡδονῶν
744 636 841 699 τὰς
873 635 965 688 τοῦ
997 635 1158 705 πυρὸς
1181 633 1310 696 ὔλας
1338 632 1734 703 φρυγανιζόμε-

210 749 295 789 νον,
335 729 574 781 κάκεῖνον
599 727 665 794 τῇ
695 723 822 793 βολῇ
872 721 1302 792 κατηγωνίσατο,
1331 722 1422 773 καὶ
1450 721 1534 772 διὰ
1556 719 1735 789 χειρὸς

206 823 272 873 ἀεὶ
299 819 436 888 φέρει
470 816 532 867 τὸ
576 815 756 867 ὅπλον.
807 812 963 866 Οὕτω
1005 813 1098 865 καὶ
1147 814 1179 881 ἡ
1227 811 1536 878 δικαιοσύνη
1589 809 1732 872 λίθος

207 907 317 960 κατὰ
347 906 436 974 τῆς
482 904 694 966 ἀδικίας
730 903 957 970 γίνεται,
994 901 1250 968 κάκείνην
1279 901 1510 969 ἀναιρεῖ,
1542 899 1635 952 καὶ
1676 901 1732 950 ἐν

201 996 260 1064 τῷ
307 995 476 1064 κόλπῳ
513 993 606 1046 τοῦ
661 993 995 1063 προσεμένου
1042 991 1384 1059 φυλάττεται.
1440 989 1594 1041 Κατὰ
1641 989 1730 1039 τὸν

202 1089 332 1140 αὑτὸν
361 1085 553 1156 τρόπον
595 1084 771 1137 πάντα
799 1083 932 1153 πρὸς
964 1083 1024 1134 τὸ
1052 1085 1294 1152 κρεῖττον
1327 1080 1604 1149 νοούμενα,
1635 1081 1730 1133 άν-

198 1177 413 1247 αιρετικὰ
443 1177 552 1229 τῶν
574 1175 828 1245 χειρόνων
859 1175 1086 1241 γίνεται.
1115 1171 1320 1225 καὶτοῦ
1349 1171 1730 1241 κατορθοῦντος

196 1271 274 1339 τὴν
295 1267 476 1338 ἀρετὴν
506 1267 569 1318 ού
602 1264 910 1334 χωρίζεται.
952 1264 1106 1316 Κατά
1136 1279 1192 1314 τε
1230 1262 1321 1313 τὸν
1350 1261 1611 1330 ἡμέτερον
1644 1260 1730 1311 λό-

197 1378 288 1427 γον,
317 1357 474 1419 οὕτως
512 1356 619 1427 χρὴ
646 1358 702 1408 ἐν
734 1354 906 1424 καιρῷ
937 1353 1116 1422 βαλεῖν
1148 1354 1268 1413 τοὺς
1313 1352 1511 1414 λίθους,
1553 1352 1643 1404 καὶ
1672 1353 1728 1402 ἐν

196 1447 340 1518 καιρῷ
392 1447 718 1513 συναγαγεῖν
767 1444 970 1504 λίθους,
998 1443 1074 1504 ὡς
1107 1442 1200 1494 καὶ
1232 1442 1316 1492 ἀεὶ
1367 1441 1603 1509 πέμπειν
1636 1441 1729 1502 τὰς

193 1537 368 1603 ἀγαθάς
397 1535 556 1604 βολὰς
601 1535 692 1586 ἐπὶ
730 1533 790 1584 τὸ
821 1531 1103 1584 καταλύειν
1141 1530 1206 1582 τὰ
1236 1529 1471 1598 χείρονα,
1505 1529 1597 1579 καὶ
1628 1546 1730 1596 μη-

192 1628 349 1678 δέποτε
400 1627 546 1695 ἡμᾶς
601 1623 897 1676 ἐπιλείπειν
943 1621 1049 1672 τῶν
1097 1619 1348 1672 τοιούτων
1398 1617 1577 1672 ὃπλων
1629 1618 1726 1686 τὴν

1839 464 1944 507 tur.
1982 457 2084 520 Qui
2118 458 2261 508 enim
2293 456 2473 523 lapide
2510 454 2880 520 temperantiae
2912 451 3237 519 impudicam
3272 464 3392 515 pro-

1838 548 2035 600 sternit
2077 547 2490 615 cognationem.
2523 560 2643 613 quae
2682 559 2777 612 per
2808 543 3109 610 voluptates
3141 541 3396 594 sarmenti

1838 637 1943 704 igni
1981 638 2257 690 materiam
2285 636 2612 705 suppeditat,
2645 636 2788 687 illam
2816 634 2963 700 jattn
2995 643 3235 700 superat,
3260 641 3314 684 et
3342 632 3394 684 in

1835 743 1993 779 manu
2031 742 2243 794 semper
2281 725 2383 780 fert
2416 740 2590 779 arma.
2628 724 2890 776 Itartiam
2919 721 3131 788 jnstitia
3167 721 3224 771 (it
3260 721 3397 787 lapis

1834 817 2098 872 adversus
2138 816 2486 884 injustitiam.
2518 817 2772 883 illamque
2804 813 3040 882 perimit,
3070 820 3119 864 ct
3151 820 3400 864 servatur

1833 909 1886 960 in
1915 911 2036 962 sinu
2064 909 2183 976 ejus
2213 909 2306 976 qui
2353 908 2591 961 admisit.
2626 907 2823 961 Eodem
2872 905 3034 959 modo
3067 905 3248 957 omnia
3280 920 3401 972 quae

1832 998 1899 1051 de
1948 1014 2012 1052 eo
2043 1001 2184 1068 quod
2228 1007 2312 1053 est
2362 999 2557 1052 melius
2602 998 3001 1065 intelliguntur,
3039 1005 3090 1050 et
3130 996 3397 1050 deteriora

1834 1090 2128 1156 perimunt,
2160 1099 2344 1142 etnon
2380 1097 2705 1156 separantur
2729 1089 2798 1140 ab
2825 1087 3001 1154 coqui
3028 1103 3092 1140 ex
3122 1087 3320 1140 virtute
3341 1103 3402 1140 se

1831 1174 1987 1240 gerit.
2023 1173 2135 1226 Mea
2164 1175 2382 1240 quidem
2416 1174 2686 1226 sententia
2721 1181 2938 1241 Oportet
2962 1172 3033 1224 ita
3071 1173 3122 1225 in
3153 1180 3400 1241 tempore

1826 1265 2007 1332 jacere
2040 1265 2266 1332 lapides,
2299 1274 2350 1318 et
2379 1265 2431 1317 in
2459 1275 2701 1331 tempore
2729 1264 2984 1332 colligere
3014 1264 3238 1332 lapides.
3266 1272 3323 1317 ιιι
3346 1275 3401 1318 et

1831 1365 2045 1420 semper
2080 1352 2251 1404 bonos
2280 1352 2560 1405 mittamus
2593 1351 2797 1420 jactus,
2829 1353 2893 1406 ad
2929 1353 3258 1422 proﬂiganda
3279 1371 3400 1423 quae

1831 1449 1958 1493 sunt
1987 1442 2276 1504 deteriora,
2307 1453 2360 1495 et
2392 1444 2547 1496 nobis
2579 1443 2852 1512 nunquam
2885 1444 3097 1497 deliciat
3130 1445 3398 1513 ejusmodi

1831 1547 2105 1586 armorum
2144 1535 2321 1601 (cpia.
2362 1535 2464 1599 Qui
2497 1544 2677 1588 autem
2710 1536 2966 1603 deinceps
2991 1536 3240 1604 sequitur
3275 1554 3396 1590 ver-

1830 1623 2020 1675 borum
2052 1633 2360 1686 contextus,
2391 1626 2575 1680 definit
2605 1635 2816 1695 tempus
2845 1635 2898 1679 et
2925 1626 3393 1694 importunitatem

193 1685 450 1783 deﬂevi-av:-
486 1685 551 1766 Ἦ
601 1714 656 1765 δὲ
695 1711 888 1779 ἐφεξῆς
942 1709 1082 1762 κατὰ
1125 1707 1183 1760 τὸ
1229 1707 1516 1760 ἀκόλουθον
1549 1685 1726 1773 ἐγκει-

1836 1711 2114 1779 cujusdam
2149 1714 2485 1782 complexus.

193 1810 303 1877 μένη
332 1809 502 1878 ῥῆσις,
549 1803 893 1875 περιλήψεὼς
931 1820 1071 1865 τινος
1119 1801 1306 1872 καιρὸν
1341 1802 1434 1853 καὶ
1477 1799 1729 1870 ἀκαιρίαν

190 1901 417 1969 ὁρίζεται.

247 1991 380 2057 Ἔχει
407 1987 463 2040 δὲ
504 1989 540 2056 ἡ
582 1986 724 2047 λέξις
751 1984 920 2046 οὕτως
941 2000 954 2013 ·
1001 2001 1017 2032 ι
1051 1984 1251 2052 Καιρὸς
1278 1981 1370 2034 τοῦ
1402 1979 1727 2050 περιλαϐεῖν,

189 2081 260 2132 καὶ
283 2080 457 2148 καιρὸς
483 2077 586 2130 τοῦ
611 2076 980 2147 μακρυνθῆναι
1011 2077 1114 2127 ἀπὸ
1139 2074 1494 2145 περιλήψεως.
1513 2095 1529 2124 ›
1548 2072 1732 2126 Ταῦτα

184 2171 226 2222 δέ
249 2171 337 2222 ούκ
359 2169 421 2222 ἂν
451 2169 635 2231 ἄλλως
662 2168 866 2234 γένοιτο
895 2167 1024 2234 ἡμῖν
1062 2168 1344 2234 καταφανῆ
1372 2164 1438 2217 τὰ
1465 2167 1728 2234 νοήματα,

187 2260 246 2328 μὴ
273 2259 360 2328 τῆς
394 2259 601 2324 λέξεως
633 2257 893 2327 πρότερον
921 2256 1008 2309 διὰ
1042 2257 1137 2326 τῆς
1168 2257 1386 2327 Γραφῆς
1416 2257 1696 2327 νοηθείσης
1715 2274 1727 2286 ·

181 2348 582 2416 ὥστεγενέσθαι
636 2347 793 2415 δῆλον
833 2349 983 2416 ἡμῖν,
1038 2347 1127 2396 ἐτιί
1174 2345 1314 2408 τίνος
1358 2340 1494 2398 οἶδεν
1540 2348 1566 2396 ὀ
1618 2345 1732 2396 θεό-

182 2455 408 2502 πνευστος
454 2438 621 2504 λόγος
670 2441 734 2506 τῇ
786 2439 932 2506 φωνῇ
985 2436 1301 2506 κεχρῆσθαι.
1354 2439 1418 2488 "O
1452 2437 1546 2506 μὲν
1587 2431 1675 2487 οὖν
1704 2436 1731 2486 ὁ

180 2531 328 2596 μέγας
351 2529 522 2581 Δαὸὶδ
553 2528 638 2579 διὰ
665 2527 890 2596 ψαλμῶν
922 2527 1234 2595 διεσήμανε,
1267 2529 1360 2579 καὶ
1393 2527 1488 2596 βοᾷ
1521 2525 1726 2593 λέγων·

183 2620 530 2673 «Κυκλώσατε
561 2617 717 2681 Σιὼν,
747 2619 836 2670 καὶ
863 2618 1186 2687 περιλάϐετε
1220 2618 1409 2685 αύτήν·
1441 2637 1457 2667 ι
1483 2617 1642 2689 αὐτὸς
1675 2616 1731 2669 δέ

178 2706 306 2774 οὗτος
335 2714 360 2764 ὁ
392 2710 674 2781 Σολομῶν,
723 2712 809 2763 ὅτε
852 2708 948 2779 τὴν
997 2708 1294 2761 ἐνδιάθετον
1353 2706 1524 2758 ἐποίει
1574 2707 1734 2770 συζυ-

176 2805 279 2869 γίαν
307 2805 394 2857 τοῦ
423 2803 713 2876 ἐρωτικῶς
755 2802 888 2873 πρὸς
924 2802 1022 2873 τὴν
1066 2803 1256 2870 σοφίαν
1287 2801 1632 2862 διατεθέντος.
1666 2802 1734 2854 τά

176 2911 221 2945 τε
263 2896 387 2948 ἄλλα
422 2897 587 2966 φησι,
628 2894 692 2946 δι’
717 2887 789 2947 ὧν
836 2895 1040 2962 γίνεται
1072 2895 1200 2963 ἡμῖν
1230 2894 1366 2964 πρὸς
1401 2894 1496 2962 τὴν
1535 2892 1732 2962 ἀρετὴν

177 2987 431 3054 συνάφεια.
469 2987 576 3040 καὶ
604 2986 760 3038 τοῦτο
793 2987 1018 3052 ἐπάγει·
1051 3007 1065 3030 ι
1091 2985 1329 3054 Τίμησον
1361 2985 1548 3053 αὐτὴν,
1569 2983 1652 3035 ἵνα
1671 3000 1728 3035 σε

176 3078 437 3151 περιλάϐῃ.
463 3097 481 3128 ι
530 3076 594 3130 Εἰ
621 3075 712 3130 οὖν
743 3076 905 3129 Δαϐὶδ
923 3075 1015 3145 τὴν
1035 3073 1168 3126 Σιὼν
1199 3077 1343 3144 ἡμᾶς
1363 3065 1728 3145 παρακελεύε-

170 3186 245 3221 ται
292 3169 764 3241 περιλαμϐάνειν·
801 3167 1052 3237 Σολομὼν
1100 3166 1154 3218 δέ
1203 3167 1327 3228 τοὺς
1375 3166 1734 3235 τετιμηκότας

173 3259 255 3330 τὴν
288 3262 474 3329 σοφίαν
505 3264 646 3333 παρ’
676 3259 845 3329 αὐτῆς
885 3256 1002 3311 εἷπε
1040 3257 1558 3328 περιλαμόάνεσθαι,
1595 3257 1734 3327 τάχα

167 3350 249 3414 τῆς
274 3350 666 3420 προσηκούσης
695 3350 899 3412 ἐννοίας
921 3350 1017 3417 οὐχ
1045 3349 1450 3418 ἁμαρτάνομεν,
1475 3346 1734 3417 μαθόντες

169 3438 218 3489 τὸ
245 3442 495 3510 πρᾶγμα,
556 3436 616 3494 οὗ
657 3439 909 3509 εὔκαιρος
944 3440 1086 3491 ἐστιν
1121 3440 1152 3507 ἡ
1189 3437 1492 3507 περίληψις.
1529 3437 1601 3488 Τὸ
1629 3438 1732 3508 γὰρ

166 3529 282 3583 Σιιῖλν
323 3533 451 3602 ὅρος
485 3532 612 3586 ἐστὶ
640 3534 736 3602 τῆς
774 3530 1153 3602 Ἰεροσολύμων
1185 3529 1360 3599 ἄκρας
1405 3529 1733 3599 ὑπερφαινό-

169 3638 324 3686 μενον.
383 3625 444 3677 ’0
476 3621 580 3678 οὖν
618 3623 822 3692 ταύτην
859 3640 917 3675 σε
969 3621 1393 3694 περιλαμϐάνειν
1438 3623 1734 3693 προτρεπό-

165 3727 324 3776 μενος,
356 3716 426 3784 τῇ
461 3713 652 3783 ὑψηλῇ
686 3713 927 3783 πολιτείᾳ
955 3713 1173 3782 συμφυῆ
1200 3708 1334 3764 εἶναι
1372 3712 1735 3782 παρακελεύε-

163 3815 239 3852 ται
266 3802 406 3856 ὥστε
444 3807 534 3867 είς
585 3803 751 3872 αὐτὴν
784 3802 986 3870 φθάσαι
1020 3802 1125 3854 τῶν
1173 3801 1380 3872 ἀρετῶν
1425 3800 1520 3870 τὴν
1568 3802 1733 3872 ἀκρό-

162 3890 315 3956 πολιν,
349 3896 418 3964 ἣν
449 3893 535 3964 τῷ
568 3894 790 3963 ὀνόματι
816 3892 952 3943 Σιὼν
981 3890 1281 3962 παραδηλοί
1299 3891 1364 3943 δι’
1394 3890 1732 3960 αἰνίγματος.

169 3983 218 4034 Ὀ
265 3986 320 4037 δέ
370 3987 481 4054 τῆς
542 3985 736 4053 σοφίας
774 3983 1176 4046 ἐσσυνοικίζων.
1223 3981 1320 4052 τὴν
1355 3982 1481 4051 παρ’
1511 3981 1736 4043 ἐκείνοις

159 4073 422 4146 ἐπμένην
449 4075 754 4146 περίληψίν
782 4092 862 4126 σοι
899 4072 1327 4141 εὐαγγελίζεται.
1371 4072 1576 4124 Οὐκοῦν
1611 4089 1734 4124 και-

159 4164 236 4231 ρός
280 4167 399 4219 ἐστι
444 4165 597 4219 Σιὼν
647 4164 1090 4237 περιλαμϐάνειν,
1128 4163 1219 4216 καὶ
1261 4162 1364 4214 ὑπὸ
1404 4165 1502 4231 τῆς
1548 4161 1736 4229 σοφίας

159 4255 693 4325 πριλαμεάνεσθαι,
725 4255 818 4308 τοῦ
858 4256 954 4326 μὲν
990 4255 1249 4324 ὀνόματος
1278 4253 1413 4306 Σιὼν
1447 4253 1504 4305 τὸ
1537 4253 1737 4324 ὑψηλὸν

1905 1985 1991 2038 Sic
2021 1994 2197 2038 autem
2230 1986 2392 2040 Ιιςιὶιι·ι
2422 1990 2809 2043 contextuszi‘i.
2852 2008 2868 2039 ι
2890 1988 3128 2059 Tempus
3151 1997 3235 2044 est
3257 2005 3398 2042 com-

1834 2075 2126 2145 plectendi,
2184 2086 2237 2128 et
2281 2085 2494 2146 tempus
2547 2089 2629 2132 est
2677 2080 2862 2147 procul
2895 2096 2952 2133 se
2999 2079 3307 2134 removendi
3367 2096 3395 2132 a

1832 2169 2183 2237 complexu.»
2244 2165 2361 2220 Non
2415 2169 2520 2222 erit
2569 2180 2748 2224 autem
2800 2187 2996 2225 sensus
3041 2173 3198 2227 nobis
3243 2175 3398 2226 aliter

1832 2260 2036 2319 clarus,
2079 2274 2240 2328 quam
2301 2260 2345 2313 si
2382 2270 2671 2316 contextus
2715 2278 2811 2330 per
2862 2263 3200 2332 Scripturam
3235 2264 3398 2318 fuerit

1833 2351 1983 2418 prius
2014 2350 2342 2412 intellectus,
2378 2359 2436 2402 ut
2483 2352 2640 2405 nobis
2671 2352 2760 2405 ﬁat
2791 2355 3137 2422 perspicuum
3177 2356 3228 2408 in
3261 2371 3397 2424 quo—

1835 2456 1956 2492 nam
2000 2440 2264 2494 divinitus
2302 2441 2564 2507 inspirata
2613 2441 2891 2510 Scriptura
2953 2460 3082 2498 voce
3126 2445 3203 2497 uti
3239 2446 3397 2499 sciat.

1832 2529 2008 2597 Atque
2040 2544 2270 2596 magnus
2305 2530 2523 2598 quidem
2557 2529 2720 2582 David
2755 2532 2932 2584 hocin
2972 2532 3202 2586 Psalmis
3233 2535 3401 2602 signi-

1835 2622 2031 2674 licavit.
2067 2619 2275 2673 Clamat
2301 2621 2444 2672 enim
2478 2620 2666 2672 dicens
2694 2642 2706 2674 :
2749 2621 3134 2678 (Circutndate
3166 2622 3318 2689 Sion,
3346 2635 3401 2679 et
3439 2687 3442 2690 ,

1833 2710 2258 2779 complectimiui
2311 2711 2527 2763 eatit‘.i
2576 2710 2669 2762 llic
2723 2711 2837 2780 ipse
2885 2721 3065 2764 autem
3117 2711 3398 2775 Salomon,

1833 2800 2050 2868 quando
2073 2798 2406 2852 intrinsecus
2436 2799 2664 2867 positam
2700 2797 2929 2852 faciebat
2959 2799 3396 2867 conjunctionent

1833 2892 1952 2960 ejus
1985 2892 2075 2959 qui
2108 2905 2291 2943 amore
2318 2899 2510 2958 captus
2539 2899 2652 2942 erat
2687 2889 2987 2958 sapientiae.
3023 2899 3074 2942 et
3106 2890 3209 2943 alia
3243 2891 3396 2950 dicit,

1834 2999 1929 3052 per
1956 2998 2075 3052 qua:
2116 2981 2170 3034 ﬁt
2203 2982 2362 3035 nobis
2405 2997 2527 3035 cum
2581 2981 2781 3034 virtute
2813 2981 3147 3048 conjunctio,
3195 2992 3247 3034 ct
3297 2983 3400 3034 hoc

1833 3076 2132 3144 subjungit,
2180 3073 2396 3128 llonora
2438 3074 2632 3142 ipsam,
2686 3083 2743 3127 ut
2786 3083 2838 3129 te
2886 3075 3304 3142 complectatur.
3341 3074 3397 3126 Si

1833 3180 1961 3233 ergo
1990 3163 2154 3217 David
2182 3165 2338 3232 jubet
2377 3178 2475 3216 nos
2501 3162 2630 3216 Sion
2657 3163 2941 3232 complecti
2967 3181 2979 3216 :
3017 3161 3271 3216 Salomon
3305 3179 3402 3216 au-

1836 3267 1940 3312 tem
1995 3258 2130 3311 dicit
2166 3273 2260 3312 eos
2303 3259 2392 3326 qni
2445 3257 2787 3310 bonorarunt
2829 3257 3176 3325 sapientiam,
3229 3256 3402 3324 ipsam

1836 3348 2123 3416 complecti
2149 3349 2190 3410 ⁷,
2226 3363 2254 3400 a
2287 3348 2644 3402 conveniente
2685 3363 2848 3402 sensu
2880 3347 3016 3401 forte
3044 3363 3152 3400 non
3181 3346 3404 3400 aberra-

1837 3455 1977 3503 mus,
2039 3440 2084 3493 si
2137 3455 2248 3493 rem
2303 3438 2656 3494 didicerimus
2708 3439 2868 3507 cujus
2916 3449 3000 3493 est
3047 3438 3403 3507 tempestivus

1837 3529 2170 3598 complexus.
2211 3528 2338 3582 Sion
2388 3529 2532 3583 enim
2581 3545 2736 3583 mons
2766 3538 2849 3583 est
2883 3528 3401 3598 Hierosolymorum,

1837 3621 1926 3690 qui
1955 3636 2116 3689 super
2139 3635 2317 3674 arcem
2347 3621 2566 3674 eminet.
2597 3620 2695 3685 Qui
2715 3635 2844 3688 ergo
2867 3620 3188 3672 adhortatur
3207 3629 3262 3672 ut
3282 3635 3401 3673 eam

1837 3713 2238 3780 cowplectaris,
2273 3711 2428 3780 jubet
2457 3719 2514 3764 ut
2539 3710 2759 3765 sublimi
2796 3712 2920 3763 vita:
2943 3710 3162 3779 agenda:
3193 3711 3403 3763 ratione

1837 3803 2136 3865 coalescas,
2190 3811 2248 3856 ιιι
2285 3804 2568 3872 pervenias
2603 3803 2668 3854 a=l
2697 3801 2867 3870 ipsam
2898 3816 3074 3854 arcem
3117 3801 3400 3864 virtutum,

1837 3909 1999 3964 quam
2029 3894 2132 3947 sub
2162 3893 2378 3946 nomine
2411 3889 2542 3945 Sion
2573 3890 2844 3960 signiﬁcat
2874 3891 2926 3943 in
2955 3890 3259 3960 a-nigtnate.
3299 3889 3401 3956 Qui

1837 3999 1966 4051 ergo
1998 3993 2176 4038 tecum
2200 3984 2448 4037 habitare
2475 3983 2589 4035 vult
2620 3981 2966 4050 sapientiam,
3001 3997 3124 4035 eum
3148 3981 3240 4050 qui
3261 3981 3404 4050 apud

1840 4074 1962 4128 illos
1992 4074 2237 4142 sequitur
2268 4075 2557 4127 annuntiat
2596 4073 2693 4127 tibi
2738 4075 3099 4142 complexum.
3148 4073 3239 4127 list
3274 4088 3404 4144 ergo

1840 4173 2052 4234 tempus
2080 4164 2469 4232 complectendi
2505 4164 2659 4225 Sion,
2696 4173 2750 4217 ct
2782 4173 2997 4234 tempus
3027 4173 3084 4216 ut
3122 4180 3221 4218 nos
3254 4180 3404 4216 com-

1841 4255 2108 4323 plectatur
2131 4257 2415 4323 sapientia,
2444 4256 2662 4312 nomine
2681 4255 2898 4325 quidem
2925 4257 3056 4309 Sion
3080 4256 3403 4309 ostendente

150 4349 238 4412 τῆς
272 4349 569 4411 πολιτείας
606 4347 1011 4417 ἐνδεικνυμένου
1033 4388 1047 4406 ,
1081 4347 1178 4415 τῆς
1223 4345 1277 4396 δὲ
1329 4345 1518 4413 σοφία-ς
1559 4347 1732 4397 πᾶσαν

1839 4345 2222 4400 sublimitatem
2253 4345 2372 4398 vita:
2391 4345 2611 4414 agendae
2644 4346 2905 4412 rationis;
2939 4347 3200 4416 sapientia
3225 4357 3402 4399 autem

152 4433 249 4485 ἀπὸ
284 4438 502 4506 μέρους
541 4439 641 4507 τὴν
682 4437 881 4507 ἀρετὴν
909 4437 976 4488 δι’
1002 4435 1200 4504 ἐαυτῆς
1239 4435 1625 4505 σημαινούσης.
1674 4437 1734 4489 Εἰ

146 4527 313 4578 τοίνυν
347 4528 694 4597 ἐγνώκαμεν
733 4529 822 4581 διὰ
868 4528 975 4580 τῶν
1013 4527 1315 4597 εἰρημένων
1346 4525 1406 4577 τὸ
1443 4526 1542 4594 τῆς
1581 4545 1734 4597 περι-

147 4614 352 4686 letam;
396 4621 692 4691 εὔκαιρον,
721 4620 805 4672 διὰ
837 4620 942 4672 τῶν
972 4618 1150 4672 αὐτῶν
1179 4617 1550 4686 ἐδιδάχθημεν,
1579 4618 1736 4671 τίνων

142 4707 168 4755 ὁ
195 4710 485 4779 χωριαμδς
519 4713 626 4780 τῆς
661 4709 936 4780 συμφυΐας
979 4709 1095 4760 ἐστὶ
1122 4705 1574 4776 λυσιτελέστερος.
1606 4710 1740 4761 Και-

148 4795 230 4860 [ἰις
262 4800 399 4868 γὰρ,
448 4800 617 4869 φησι.
655 4800 749 4852 τοῦ
795 4799 1168 4870 μακρυνθῆναι
1219 4797 1328 4851 ἀπὸ
1373 4798 1732 4869 περιλήψεως.

154 4885 205 4935 ὐ
238 4889 381 4957 πρὸς
408 4889 522 4958 τὴν
559 4889 756 4960 ἀρετὴν
781 4889 1096 4952 οἰκειωθεὶς,
1121 4888 1223 4957 τῆς
1249 4888 1383 4959 πρὸς
1412 4889 1508 4959 τὴν
1538 4895 1734 4942 κακίαν

145 4975 382 5038 σχέσεως
414 4978 810 5048 ἠλλοτρίωται.
845 5000 862 5029 ι
891 4979 984 5042 Τίς
1016 4981 1124 5046 γὰρ
1148 4977 1402 5029 κοινωνία
1432 4978 1570 5044 φωτὶ
1601 4977 1736 5047 πρὸς

145 5063 352 5126 σκότος,
409 5065 446 5134 ἦ
507 5065 731 5135 Χριστῴ
786 5063 919 5136 πρὸς
967 5064 1180 5128 Βελίαλ;
1213 5087 1231 5118 ι
1257 5066 1326 5118 Ἢ
1369 5068 1486 5127 πῶς
1516 5065 1736 5120 δυνατόν

143 5153 250 5203 ἐστι
277 5156 406 5208 δυσὶ
444 5157 668 5225 κυρίοις
702 5157 959 5219 ἐναντίοις
981 5155 1316 5219 δουλεύοντα.
1348 5157 1534 5213 εὔνουν
1555 5157 1733 5225 ἀμφο-

144 5242 309 5311 τέροις
353 5246 662 5314 γενέσθαι;
706 5249 770 5301 ’11
804 5249 910 5319 γὰρ
936 5247 1031 5300 τοῦ
1061 5248 1176 5310 ἑνὸς
1195 5249 1401 5329 ἀγάπη.
1439 5257 1596 5327 μῖσος
1641 5249 1732 5300 τοῦ

144 5333 323 5403 ἐτέρου
380 5339 676 5407 ἐποίησεν.
709 5340 880 5392 Ὅταν
928 5334 1089 5408 οὖνὴ
1134 5341 1442 5426 ἀγαπητικὴ
1491 5339 1734 5401 διάθεσις

148 5431 400 5499 περιποιῇ
438 5429 505 5480 τδ
560 5430 736 5495 καλὸν,
765 5431 926 5483 τοῦτο
967 5430 1022 5482 δέ
1052 5432 1160 5482 ἐστι
1203 5437 1262 5491 τὸ
1321 5452 1601 5522 εὔκαιρον,
1635 5433 1734 5483 ἐπ-

216 5610 236 5638 ⁸
273 5608 425 5662 ινδιιι.
455 5623 605 5662 ινιι,
635 5609 706 5661 13.
785 5610 802 5637 ⁷
843 5606 999 5659 Prov.
1027 5622 1092 5665 tv.
1113 5609 1156 5659 8.

1229 5629 1250 5663 ⁸
1282 5653 1324 5723 lt
1341 5625 1465 5722 Cor;
1501 5643 1589 5686 ""

1629 5609 1833 5676 14,15.

1836 4453 1898 4490 ex
1950 4447 2100 4505 parte
2132 4450 2344 4488 omnem
2400 4450 2492 4504 per
2537 4451 2595 4489 se
2644 4437 2894 4488 \irtutcm
2941 4436 3301 4506 signiﬁcante.
3345 4437 3404 4489 Si

1835 4541 1966 4594 ergo
1998 4541 2094 4594 per
2137 4540 2198 4578 ea
2232 4541 2352 4594 qua:
2390 4525 2533 4578 dicta
2566 4533 2693 4578 sunt
2743 4526 3101 4594 cognovimus
3139 4535 3405 4595 opportu-

1839 4617 2058 4668 nitatem
2102 4616 2438 4682 complexus,
2483 4630 2579 4684 per
2612 4629 2674 4668 ea
2718 4616 2833 4684 ipsa
2879 4615 3189 4677 didicimus,
3227 4631 3256 4668 a
3286 4616 3406 4686 qui-

1839 4706 2065 4760 busnam
2107 4705 2381 4772 separatio
2413 4705 2482 4757 sit
2513 4705 2698 4757 utilior
2729 4705 3136 4773 conjunctione.
3167 4705 3406 4776 Tempus

1835 4805 1918 4849 est
1950 4795 2115 4859 enim,
2162 4795 2358 4864 inquit,
2397 4796 2551 4864 longe
2596 4795 2708 4849 fieri
2743 4811 2772 4848 a
2802 4797 3106 4866 complexu.
3161 4795 3264 4863 Qui
3295 4799 3407 4851 vir-

1839 4886 1940 4938 tuti
1971 4893 2055 4938 est
2100 4886 2428 4954 conjuncttts
2457 4887 2870 4942 necessitudine
2905 4903 2968 4941 ac
3019 4888 3404 4954 familiaritate,

1839 4985 1922 5031 est
1957 4975 2222 5030 alienatus
2262 4977 2330 5028 ab
2365 4992 2426 5029 ea
2461 4993 2583 5046 qua:
2615 4993 2738 5030 cum
2774 4979 2906 5032 vitio
2935 4991 3018 5033 est
3068 4981 3403 5036 habitudine.

1845 5067 2011 5133 «Quze
2060 5077 2144 5121 est
2197 5067 2340 5122 enim
2377 5070 2614 5123 societas
2662 5070 2768 5122 luci
2823 5086 2947 5123 cum
2999 5073 3260 5132 tenebris.
3314 5083 3407 5125 aut

1838 5161 2057 5215 Christo
2101 5178 2222 5214 cum
2262 5160 2542 5215 Belial‘?»
2582 5164 2686 5215 Aut
2722 5163 2997 5233 quomodo
3046 5165 3162 5219 ﬁeri
3207 5171 3405 5235 potest,

1841 5262 1900 5305 ut
1929 5253 2020 5322 qui
2049 5253 2263 5307 duobus
2284 5255 2522 5309 dominis
2545 5256 2713 5308 servit
2744 5255 3036 5308 contrariis
3065 5255 3135 5309 sit
3167 5256 3407 5322 utrisque

1840 5343 2136 5398 benevolus
2157 5344 2213 5396 ’ἲ
2248 5343 2420 5399 Unius
2441 5346 2584 5398 enim
2627 5345 2846 5398 dilectio
2871 5345 3052 5399 odium
3085 5345 3244 5399 emt-it
3277 5346 3406 5395 alte-

1842 5434 1974 5488 rius.
2003 5432 2232 5499 Quando
2272 5451 2401 5504 ergo
2443 5435 2752 5489 dilectionis
2784 5432 2995 5486 affectio
3037 5433 3140 5486 sibi
3173 5429 3408 5483 vindicat

1911 5611 1930 5640 '
1971 5607 2158 5664 Matth.
2192 5625 2264 5670 Vt.
2294 5611 2383 5666 24.
