3928 6196
497 337 596 393 719

1716 332 1780 386 ‘S.
1817 331 2149 387 GREGORII
2191 330 2483 386 NYSSENI
3587 338 3669 392 ’ῖἓο

495 450 547 503 id
582 443 726 519 quod
759 453 843 500 est
869 443 1071 500 bonum
1095 442 1618 508 et”ltonestum,'hoc
1646 449 1827 497 autem
1860 452 1944 499 est
1973 459 2072 511 op-

2187 442 2544 513 ηκολούθησεν
2573 441 2741 505 ὅντως
2772 441 2804 512 ἡ
2832 441 2966 512 πρὸς
2995 438 3056 493 rb
3073 439 3420 511 ἀντικείμενον
3433 445 3671 520 ἀλλοτρίω.

492 546 788 611 portunum
819 547 874 592 et
921 536 1328 607 tempestivum,
1373 551 1502 591 vere
1534 536 1782 607 sequitur
1811 536 2067 589 alienatio

491 631 562 685 ab
592 644 659 685 eo
689 630 835 699 quod
868 629 916 684 ei
956 628 1300 683 adversatur.
1328 624 1387 679 Si
1421 640 1547 680 vere
1591 624 1828 679 dilexisti
1864 631 2059 692 tempe-

492 721 753 785 rantiam,
786 719 839 773 id
862 719 1005 789 quod
1036 718 1363 773 adversatur
1379 716 1567 773 odisti.
1597 715 1655 770 Si
1680 715 1746 769 ad
1777 715 2065 785 puritatem

490 808 674 863 oculis
695 807 899 878 aspicis
916 805 1218 867 amatoriis,
1238 804 1403 859 odisti
1426 803 1637 859 scilicet
1656 803 1878 857 fetorem
1898 801 2065 856 cteni.

493 897 552 951 Si
613 897 757 950 bono
805 894 1101 959 adhaesisti,
1161 892 1324 961 longe
1365 892 1591 947 omnino
1633 892 1702 945 ab
1756 890 2069 944 adhaesione

495 990 621 1045 mali
654 998 707 1045 te
760 988 1062 1043 remevisti.
1112 986 1266 1053 Quod
1308 986 1352 1042 si
1397 984 1523 1056 quis
1548 985 1714 1038 etiam
1748 981 2068 1050 complexus

494 1079 1125 1152 signiﬁcatum-deducat
1148 1077 1216 1131 ad
1247 1078 1596 1146 complexum
1628 1073 1965 1136 divitiarum,
2015 1071 2068 1125 id

493 1189 710 1245 quoque
735 1170 995 1233 ostendit,
1023 1184 1272 1240 quaenam
1298 1168 1416 1224 sint
1444 1164 1820 1238 amplexanda;
1844 1163 2068 1227 divitiae,

494 1277 814 1338 etquamm
859 1264 1176 1319 divitiarum
1224 1263 1509 1333 amplexus
1542 1262 1616 1315 sit
1668 1255 2067 1312 amandandus.

495 1357 627 1412 Novi
657 1358 973 1412 thesaurum
1004 1354 1096 1425 qui
1130 1367 1324 1423 magno
1350 1350 1533 1407 studio
1562 1349 1847 1420 qureritur,
1876 1360 2071 1414 nempe

495 1449 745 1519 eum-qui
769 1455 853 1502 est
887 1447 1192 1501 absconsus
1224 1445 1276 1519 in
1303 1457 1437 1507 agro
1461 1442 1524 1503 “,
1561 1455 1669 1494 non
1700 1453 1822 1493 eum
1859 1438 1950 1507 qui
1976 1451 2069 1506 ap-

498 1549 651 1612 paret
671 1516 954 1595 bmnibus.
1004 1537 1137 1591 Novi
1171 1516 1361 1592 rursus
1387 1534 1608 1589 divitias
1647 1547 1769 1602 quae
1801 1530 2075 1583 habentur

495 1630 854 1700 contemptui,
896 1644 1003 1681 non
1035 1642 1129 1682 eas
1179 1640 1301 1696 quae
1337 1631 1649 1695 sperantur,
1705 1621 1799 1676 sed
1848 1634 1970 1689 quae
2015 1633 2074 1672 se

495 1722 732 1777 offerunt
780 1721 976 1775 oculis.
1033 1719 1145 1773 Hoc
1187 1718 1348 1772 docet
1391 1731 1492 1769 vox
1535 1713 1804 1784 Apostuli,
1845 1711 2069 1765 dicens:

2176 551 2280 597 σις.
2306 534 2369 586 Ei
2391 531 2608 604 ἀληθῶς
2636 532 2735 601 τὴν
2765 531 3116 602 σωφροσύνην
3141 531 3430 602 ἠγάπησας,
3457 536 3677 609 ἐμίσησας

2174 624 2240 679 ἂν
2268 625 2330 678 r'b
2361 623 2753 694 ἀντικείμενον.
2777 624 2841 677 Εἰ
2875 623 3013 695 πρὸς
3036 623 3135 693 τὴν
3165 623 3478 695 καθαρότητα
3505 628 3678 696 βλέπεις

2174 716 2474 785 ἐρωτικῶς,
2518 714 2795 781 ’έδδελύξω
2856 715 3012 785 δῆλον
3072 717 3154 769 ὃτι
3207 714 3298 786 τὴν
3332 717 3418 769 τοῦ
3467 710 3684 792 βορϐόρου

2173 806 2455 859 δυσωδίαν.
2487 807 2549 858 Ei
2586 806 2664 875 τῷ
2697 805 2887 875 ἀγαθῷ
2913 806 3363 877 προσεκολλὴθης,
3393 812 3686 884 ὲμακρὺνθης

2175 897 2392 959 πάντως
2422 897 2522 966 τῆς
2565 896 2659 949 τοῦ
2691 895 2930 969 πονηροῦ
2970 896 3421 967 προσκολλήσεως.
3464 901 3522 951 Ei
3549 902 3595 953 δὲ
3616 904 3692 954 καὶ

2176 989 2313 1059 πρὸς
2359 988 2461 1058 τὴν
2502 987 2599 1040 τοῦ
2645 987 2875 1041 πλούτου
2928 987 3217 1058 περιϐολὴν
3261 988 3375 1055 ἄγοι
3415 1006 3493 1051 τις
3523 989 3575 1040 rb
3611 990 3693 1061 τῆς

2177 1080 2523 1151 περιλήψεως
2554 1080 2972 1151 σημαινόμενον,
2994 1081 3231 1132 δείκνυσι
3254 1082 3346 1134 καὶ
3362 1076 3501 1143 οὗτος
3520 1084 3545 1133 ό
3565 1081 3695 1149 λόγος

2176 1174 2327 1223 ποῖον
2355 1170 2583 1223 πλοῦτον
2605 1170 2809 1237 ἀγαθόν
2839 1172 2955 1223 ἐστι
2986 1170 3416 1238 περιϐάλλεσθαι.
3447 1172 3531 1223 καὶ
3559 1173 3697 1224 ποίων

2176 1263 2475 1333 κτημάτων
2515 1262 2810 1334 περιϐολὴν
2842 1263 3278 1332 ἀποπέμπεσθαι.
3314 1259 3436 1315 Οἶδα
3468 1263 3699 1334 θησαυρόν

2178 1351 2632 1423 σπουδαζόμενον,
2675 1353 2767 1406 τὸν
2813 1353 3194 1425 κεκρυμμένον
3226 1355 3283 1406 ἐν
3306 1353 3381 1422 τῷ
3418 1354 3575 1424 ἀγρῷ,
3604 1355 3702 1424 οὐλί

2177 1445 2267 1498 τὸν
2306 1446 2439 1497 πᾶσι
2489 1446 2831 1516 φαινόμενον.
2869 1443 2999 1499 Οίδα
3034 1446 3196 1498 πάλιν
3238 1443 3456 1498 πλοῦτον
3483 1445 3703 1515 ἀτιμαζό-

2182 1553 2361 1605 μενον,
2388 1536 2449 1588 ού
2479 1536 2569 1589 τὸν
2603 1535 2976 1607 ἐλπιζόμενον,
3010 1536 3143 1590 ἀλλά
3173 1536 3262 1589 τὸν
3289 1535 3569 1605 ὀφθαλμοῖς
3595 1553 3703 1606 προ-

2181 1626 2523 1698 φαινόμενον.
2559 1627 2807 1680 Διδάσκει
2834 1626 3044 1698 τοῦτοὴ
3077 1626 3168 1680 τοῦ
3219 1626 3525 1680 ’Λποστόλου
3560 1627 3706 1696 φωνὴ,

2180 1715 2445 1783 λέγουσα·
2489 1734 2508 1766 ι
2548 1716 2639 1787 Μὴ
2687 1716 3029 1770 σκοπούντων
3079 1715 3233 1788 ἡμῶν
3290 1716 3356 1770 τά
3423 1715 3708 1788 βλεπόμενα,

501 1834 519 1864 ι
540 1812 658 1867 Non
689 1811 1168 1867 considerantibus
1199 1808 1355 1865 nobis
1382 1822 1503 1878 qua:
1529 1806 1803 1865 videntur,
1832 1803 1925 1858 sed
1955 1817 2075 1872 qua:

2187 1807 2311 1861 ἅλλά
2361 1806 2429 1860 τὰ
2481 1807 2556 1878 μὴ
2605 1806 2939 1877 βλεπόμενα·
2991 1807 3058 1861 rit
3088 1808 3197 1879 γὰρ
3228 1808 3518 1878 βλεπόμενα
3566 1808 3703 1878 πρόσ-

499 1920 605 1958 nun
634 1903 913 1958 videntur:
947 1916 1069 1971 quae
1089 1899 1234 1954 enim
1262 1898 1539 1959 videntur,
1568 1905 1694 1951 sunt
1726 1892 2071 1964 temporalia;

498 2012 619 2067 quae.
645 2003 827 2050 autem
857 2010 965 2048 non
991 1993 1264 2056 videntur,
1281 1999 1483 2045 aeterna
1506 1989 1571 2041 ".
1588 2007 1605 2039 ι
1643 1986 1699 2041 Si
1727 1986 1841 2041 haec
1863 1984 2074 2040 intelle-

501 2092 705 2153 ximus,
739 2104 802 2144 ea
828 2089 993 2143 etiam
1024 2102 1146 2158 qua:
1174 2085 1435 2154 deinceps
1465 2088 1790 2153 sequuntur,
1821 2094 1919 2150 per
1963 2078 2076 2132 hinc

481 2181 950 2238 intellexerimus.

564 2273 931 2342 6.1Tempus
980 2278 1064 2325 est
1090 2269 1256 2330 enim,
1307 2287 1326 2320 ι
1359 2266 1555 2338 inquit,
1600 2281 1620 2316 ι
1660 2262 1960 2335 quaerendi,
2022 2270 2077 2316 et

496 2375 717 2435 tempus
742 2362 1024 2435 perdendi.
1070 2381 1088 2414 ι
1119 2361 1221 2429 Qui
1253 2360 1397 2416 enim
1430 2374 1496 2414 cx
1526 2357 1593 2413 iis
1626 2371 1748 2427 qua:
1767 2354 2074 2410 examinata

504 2463 655 2519 sunt,
717 2454 1047 2509 intellexerit
1089 2467 1118 2506 a
1169 2464 1400 2521 quorum
1449 2448 1734 2519 complexu
1788 2445 2077 2515 seiungere

502 2548 741 2617 seipsum
773 2545 987 2608 debeat,
1022 2552 1074 2598 et
1103 2559 1228 2598 cum
1252 2542 1451 2613 quibus
1485 2547 1734 2611 oporteat
1760 2553 1821 2593 se
1854 2536 2079 2605 conjun-

502 2651 663 2707 gere;
698 2641 993 2706 cognoscet
1024 2633 1186 2688 etiam
1210 2630 1337 2702 quid
1367 2628 1716 2701 quaerendum
1747 2627 1837 2693 sit,
1869 2636 1920 2680 et
1940 2640 2078 2696 quo-

506 2741 623 2780 rum
641 2725 866 2780 amissio
886 2723 957 2778 sit
985 2722 1247 2777 lucrum”
1269 2719 1504 2789 Tempus
1523 2727 1607 2772 est
1634 2717 1802 2779 enim,
1831 2734 1849 2766 ι
1878 2713 2077 2783 inquit,

508 2839 527 2870 ι
567 2816 871 2888 qumrendi,
928 2822 982 2869 et
1014 2821 1229 2883 tempus
1258 2809 1564 2866 amittendi.
1605 2827 1623 2860 ι
1664 2807 1804 2875 Quid
1837 2814 1922 2862 est
1949 2821 2080 2876 ergo

504 2908 649 2977 quod
676 2922 761 2962 me
786 2920 1030 2976 qumrere
1058 2911 1293 2974 Oportet,
1328 2909 1389 2956 ut
1415 2912 1630 2970 tempus
1660 2912 1923 2968 assequar
1955 2911 2083 2951 con-

501 3000 769 3056 veniens"!
805 2998 908 3053 Sed
945 2996 1202 3066 quidnam
1240 2992 1455 3064 quidem
1482 2990 1652 3061 quazri
1689 2994 1956 3059 oporteat,
1996 2987 2083 3041 in-

498 3095 652 3150 dicat
699 3090 1004 3163 prophetia,
1070 3086 1261 3141 dicens
1301 3103 1315 3139 :
1363 3102 1381 3135 ι
1415 3081 1652 3149 Quaerite
1689 3079 2000 3157 Dominum,
2031 3085 2083 3131 et

500 3181 907 3243 eonﬁrmamini
931 3182 997 3235 “.
1040 3199 1057 3231 ι
1092 3177 1160 3231 Et
1188 3190 1421 3231 rursus:
1460 3193 1477 3225 ι
1506 3170 1743 3239 Quaerite
1768 3169 2080 3230 Dominum,

501 3288 560 3333 et
590 3279 644 3332 in
665 3272 992 3331 inveniendo
1022 3286 1147 3325 eum
1201 3269 1467 3333 invocate,
1499 3273 1552 3322 et
1576 3266 1787 3320 laetetur
1805 3277 1902 3317 cor
1939 3275 2079 3332 quae-

507 3366 741 3421 rentium
784 3360 1159 3416 Dominum".
1200 3377 1218 3410 ι
1263 3353 1507 3425 Cognovi
1555 3366 1687 3422 ergo
1722 3363 1818 3419 per
1860 3361 1922 3402 ea
1966 3359 2087 3416 quae

508 3459 651 3513 dicta
682 3465 827 3522 sunt,
875 3453 934 3507 id
961 3450 1115 3522 quod
1165 3446 1513 3520 qttmrendum
1549 3452 1634 3500 est
1674 3461 1687 3497 :
1720 3441 2087 3512 eujusinven-

510 3549 589 3605 tio
609 3556 693 3604 est
727 3547 906 3618 ipsum
947 3558 1163 3613 seraper
1200 3554 1465 3611 quaerere.
1503 3535 1624 3593 Non
1651 3535 1797 3591 enim
1830 3532 1976 3588 aliud
2004 3538 2090 3586 est

509 3654 774 3712 qumrere,
803 3646 857 3693 et
886 3634 1031 3690 aliud
1060 3634 1307 3688 invenire
1342 3650 1355 3686 :
1398 3630 1492 3686 sed
1521 3625 1843 3699 exquirendi
1876 3625 2087 3677 lucrum

509 3742 596 3787 est
620 3733 797 3801 ipsum
825 3742 1089 3800 quzerere.
1123 3724 1216 3780 Vis
1242 3725 1406 3779 etiam
1439 3723 1582 3778 scire
1602 3715 2092 3791 opportunitatem?

510 3823 667 3892 Quod
693 3830 779 3878 est
804 3828 1019 3892 tempus
1049 3816 1326 3889 quaerendi
1351 3813 1637 3867 Dominum
1655 3812 1683 3866 ?
1704 3810 1947 3865 Breviter
1962 3805 2093 3860 diro

513 3926 566 3971 et
629 3913 975 3985 compendio,
1040 3918 1152 3965 tota
1201 3909 1328 3963 vita.
1378 3905 1437 3961 In
1463 3904 1569 3960 hoc
1596 3904 1743 3959 enim
1785 3902 1902 3959 solo
1924 3897 2119 3955 studii‘

512 4019 729 4079 tempus
759 4016 844 4061 est
867 4014 1038 4059 totum
1085 4002 1349 4059 studium.
1376 3999 1491 4055 Non
1523 3999 1667 4055 enim
1710 4003 1862 4051 certo
1909 3994 2093 4063 aliquo

516 4117 577 4158 ac
606 4100 828 4156 deﬁnito
858 4107 1099 4168 tempore
1147 4093 1431 4149 Dominum
1468 4104 1712 4162 quzerere
1758 4089 1960 4143 bonum
1987 4092 2092 4147 est,

517 4193 742 4248 sednon
773 4204 993 4247 cessare
1031 4201 1294 4259 qumrere,
1335 4184 1439 4239 hoc
1482 4192 1568 4238 est
1608 4193 1735 4235 vera
1769 4175 2095 4248 opportuni-

515 4296 620 4342 tas.
648 4304 666 4338 ι
707 4284 862 4340 Oculi
928 4302 946 4334 ι
988 4282 1132 4338 enim
1181 4300 1199 4332 ι
1237 4278 1365 4341 mei,
1406 4295 1424 4328 ι
1476 4274 1674 4346 inquit,
1737 4290 1755 4317 ι
1794 4284 2008 4340 semper
2027 4267 2094 4322 ad

520 4377 808 4432 Dominum
844 4377 906 4430 “.
948 4396 966 4429 ι
1031 4372 1195 4429 Vides
1243 4360 1408 4443 quam
1457 4369 1745 4439 diligenter
1816 4371 2096 4421 scrutatur

520 4470 713 4525 oculus
742 4468 886 4539 quod
915 4467 1199 4539 qumritur,
1229 4471 1289 4519 ut
1314 4463 1406 4534 qui
1430 4461 1633 4516 nullam
1655 4458 1758 4513 sibi
1782 4457 1872 4511 det
1900 4454 2093 4511 remis-
2125 4492 2170 4550 υ

522 4567 755 4628 sionem,
792 4578 967 4632 neque
1008 4562 1177 4615 ullum
1210 4558 1329 4626 ejus
1361 4554 1505 4627 quod
1533 4552 1796 4625 qumritur
1831 4548 2091 4605 interval-

528 4659 660 4717 lum,
712 4670 885 4724 neque
933 4654 1095 4705 ullam
1148 4649 1537 4704 relaxationem
1577 4638 2094 4714 cogitationis?Per

525 4744 884 4814 adiectionem
933 4742 1076 4796 enim
1126 4740 1245 4808 ejus
1284 4737 1427 4806 quod
1453 4745 1537 4791 est
1590 4746 1824 4802 semper,
1856 4726 2094 4785 ostendit

529 4843 844 4905 perpetuum
869 4873 883 4895 ,
919 4840 973 4885 ct
1006 4828 1146 4899 quod
1192 4840 1467 4897 nunquam
1525 4820 1929 4881 intermittitur,
1969 4825 2092 4872 stu-

528 4926 698 4979 dium.
736 4923 997 4978 Similiter
1030 4929 1211 4974 autcm
1249 4918 1617 4986 intelligamus
1644 4924 1698 4967 et
1733 4921 1942 4979 tempus
1972 4922 2095 4978 per-

524 5015 709 5077 dendi,
739 5016 947 5070 lucrum
1002 5028 1121 5067 esse
1144 5011 1450 5082 judicantes
1490 5006 1622 5063 illud
1672 5004 1923 5076 perdere,
1950 4998 2095 5071 quod

524 5112 569 5164 si
612 5107 737 5179 quis
769 5108 982 5167 haheat,
1018 5104 1070 5158 id
1110 5104 1185 5157 illi
1227 5101 1483 5156 damnum
1510 5097 1685 5153 aﬂ'ert.
1722 5095 1859 5149 Mala
1882 5107 2095 5164 posses-

527 5204 610 5257 tio
639 5210 723 5259 est
758 5198 984 5252 avaritia
1016 5211 1173 5262 ;eam
1200 5208 1328 5263 ergo
1352 5191 1658 5262 perdamus.
1695 5187 1895 5242 Malum
1930 5184 2096 5253 depo-

527 5296 688 5348 situm
718 5299 803 5347 est
830 5296 1065 5359 acceptae
1098 5286 1311 5354 injuriae
1334 5282 1662 5339 recordatio.
1702 5280 1757 5336 Id
1780 5294 1909 5348 ergo
1938 5276 2097 5330 amit-

528 5402 726 5443 tamus.
767 5382 904 5436 Mala
963 5379 1235 5451 possessio
1274 5383 1358 5432 est
1393 5373 1651 5430 effrenata
1707 5371 1876 5427 libido
1914 5386 1926 5421 :
1975 5369 2095 5438 ejus

529 5476 763 5532 maxime
798 5481 923 5528 ante
964 5471 1100 5525 alios
1134 5475 1506 5541 paupertatem
1555 5474 1859 5527 teneamus,
1899 5470 1957 5516 ut
1999 5475 2095 5529 per

531 5568 795 5638 ejusmodi
824 5571 1191 5636 paupertatem
1221 5575 1444 5633 regnum
1469 5557 1891 5613 lucril‘aeiamus.
1917 5573 1934 5605 ι
1965 5552 2089 5606 Bea-

2176 1914 2378 1970 καιρα·
2429 1898 2503 1952 τὰ
2556 1898 2612 1951 δὲ
2667 1897 2741 1970 μὴ
2777 1897 3112 1969 βλεπόμενα,
3163 1899 3372 1955 αἰώνια.
3412 1919 3429 1951 ι
3461 1900 3521 1952 Ei
3570 1898 3715 1951 ταῦτα

2177 1992 2527 2061 νενοήκαμεν,
2564 1989 2655 2042 καὶ
2706 1992 2797 2043 τὸν
2844 1990 3040 2061 ἐφεξῆς
3080 1990 3239 2059 λόγον
3289 1991 3378 2045 διά
3417 1990 3607 2044 τούτων
3640 2007 3714 2042 νι-

2176 2081 2429 2154 νοηκότες
2462 2079 2719 2153 ἐσόμεθα.
3290 2086 3307 2097 ‘

2252 2284 2271 2317 ι
2299 2265 2507 2337 Καιρὸς
2542 2264 2670 2337 γὰρ,
2715 2283 2732 2314 ι
2763 2264 2915 2335 φησι,
2958 2283 2977 2316 ι
3012 2265 3106 2317 τοῦ
3149 2263 3407 2336 ζητῆσαι,
3437 2265 3526 2318 καὶ
3561 2263 3721 2333 καιρὸς

2177 2354 2271 2408 τοῦ
2301 2354 2581 2409 ἀπολέσαι.
2610 2375 2628 2408 ι
2661 2355 2719 2408 '0
2741 2355 2848 2427 γὰρ
2870 2347 3068 2426 νοήσας
3091 2356 3181 2409 διὰ
3210 2356 3320 2408 τῶν
3340 2354 3721 2419 ἐξετασθέντων,

2177 2447 2337 2500 τίνων
2378 2448 2642 2519 προσήκει
2693 2446 2989 2519 μακρύνειν
3024 2447 3218 2500 ἑαυτὸν
3263 2448 3370 2500 ἀπδ
3406 2449 3504 2517 τῆς
3535 2444 3730 2516 περιλή-

2179 2537 2324 2607 ψεως
2353 2538 2449 2591 καὶ
2483 2538 2595 2592 τίσι
2624 2537 3010 2593 συνάπτεσθαι*
3031 2534 3182 2608 γνῲη
3216 2538 3301 2602 ἂν,
3331 2537 3383 2591 τί
3409 2555 3465 2590 τε
3495 2537 3729 2609 προσήκει

2180 2627 2385 2697 ζητεῖν,
2420 2628 2516 2681 καὶ
2550 2627 2727 2681 τίνων.
2751 2629 2783 2699 ἠ
2806 2627 3050 2682 ἀπώλεια
3082 2629 3277 2700 κέρδος
3304 2629 3467 2682 ἐστίν.
3500 2646 3517 2678 ι
3552 2625 3731 2697 Καιρδς

2182 2721 2311 2794 γὰρ,
2348 2742 2366 2774 ι
2384 2722 2539 2794 φησὶ,
2561 2741 2581 2774 r
2611 2722 2706 2777 τοῦ
2730 2723 2980 2795 ζητῆσαι,
3000 2724 3093 2778 καὶ
3115 2724 3311 2795 καιρὸς
3332 2722 3425 2775 τοῦ
3448 2718 3730 2773 ἀπολέσαω

2181 2810 2245 2862 Τί
2276 2811 2455 2865 τοίνυν
2512 2812 2657 2866 ἐστὶν
2700 2814 2730 2866 δ
2758 2830 2825 2884 με
2860 2812 3093 2885 ζητῆσαι
3133 2814 3282 2884 χρὴ,
3310 2812 3451 2866 ὥστε
3493 2810 3736 2878 ἐπιτυχεῖν

2180 2901 2275 2954 τοῦ
2317 2902 2510 2974 καιροῦ
2550 2902 2645 2957 τοῦ
2690 2904 3064 2975 καθήκοντος;
3100 2904 3245 2957 ἀλλά
3276 2904 3329 2957 τί
3362 2903 3462 2973 μὲν
3489 2898 3738 2971 ζητεῖσθαι

2182 2991 2298 3046 δέον
2325 2994 2358 3064 ἡ
2397 2993 2700 3065 προφητεία
2729 2994 2988 3059 δείκνυσι,
3015 2995 3256 3063 λέγουσα
3276 3012 3290 3026 ·
3331 3014 3349 3046 ι
3379 2995 3644 3065 Ζητήσατε
3662 2988 3738 3041 τόν

2187 3084 2411 3157 Κύριον,
2442 3087 2537 3141 καὶ
2573 3084 2979 3159 κραταιώθητε·
3029 3107 3046 3139 ι
3085 3089 3186 3141 καὶ
3213 3086 3412 3141 πάλιν·
3446 3106 3464 3137 ι
3494 3085 3742 3155 Ζητήσατε

2185 3177 2277 3230 τὸν
2298 3176 2523 3252 Κύριον,
2555 3179 2648 3231 καὶ
2678 3181 2735 3232 ὲν
2760 3178 2837 3250 τῷ
2857 3179 3130 3252 εὒρίσκειν
3161 3181 3330 3234 αὐτὸν
3357 3173 3743 3238 ὲπικαλέσασθε,

2185 3268 2280 3321 καὶ
2339 3269 2695 3341 εύιρρανθήτω
2745 3271 2942 3341 καρδία
2981 3270 3300 3343 ζητούντων
3354 3271 3447 3323 τὸν
3497 3270 3699 3340 Κύριον.
3728 3284 3743 3315 ι

2191 3364 2401 3425 Ἐγνων
2421 3360 2598 3414 τοίνυν
2625 3360 2715 3414 διὰ
2737 3362 2845 3414 τῶν
2874 3363 3187 3432 είρημένων
3216 3364 3359 3432 ὅπερ
3393 3360 3615 3431 ζητῆσαι
3640 3356 3746 3428 χρὴ⁸

2187 3449 2247 3510 οὗ
2279 3457 2312 3525 ἠ
2348 3453 2566 3525 ε’ύρεσίς
2594 3454 2744 3507 ἐστιν
2782 3453 2913 3507 αὐτὸ
2943 3453 3003 3506 rb
3027 3454 3115 3507 ἀεὶ
3158 3455 3368 3525 ζητεῖν.
3406 3454 3482 3507 Οὐ
3512 3452 3613 3522 γὰρ
3646 3447 3755 3502 ἄλλο

2187 3549 2238 3601 τί
2276 3548 2391 3600 ἐστι
2436 3546 2496 3599 rb
2546 3544 2751 3617 ζητεῖν,
2784 3547 2879 3598 καὶ
2928 3544 3055 3600 ἄλλο
3084 3546 3154 3599 rb
3193 3546 3509 3617 εὑρίσκειν·
3540 3540 3663 3596 ἀλλὰ
3703 3537 3754 3590 τὸ

2187 3638 2281 3693 τοῦ
2311 3638 2610 3708 ἐκζητῆσαι
2643 3636 2850 3708 κέρδος.
2883 3636 3014 3689 αὐτὸ
3043 3635 3105 3689 rb
3142 3635 3389 3707 ζητῆσαί
3432 3636 3565 3688 ἐστι.
3598 3630 3759 3684 Βούλει

2189 3730 2281 3784 καὶ
2316 3731 2412 3799 τὴν
2441 3726 2723 3799 εὐκαιρίαν
2755 3725 2966 3797 μαθεῖν,
2998 3725 3081 3789 τίς
3129 3727 3332 3798 καιρὸς
3358 3725 3454 3779 τοῦ
3493 3724 3665 3792 ζητεῖν
3683 3717 3757 3772 τίεν

2192 3819 2432 3892 Κύριονς
2470 3818 2750 3888 συντόμως
2778 3817 2939 3885 λέγω,
2980 3817 3038 3869 '0
3077 3816 3202 3888 βίος
3240 3818 3387 3880 ὅλος.
3430 3816 3554 3869 Ἐπὶ
3596 3811 3759 3865 τούτου

2191 3912 2299 3984 γὰρ
2332 3912 2489 3984 μόνον
2506 3906 2573 3983 ἧς
2589 3910 2779 3982 καιρὸς
2803 3911 2901 3979 τῆς
2931 3909 3170 3980 σπουδῆς
3201 3912 3358 3963 ἐστιν
3385 3911 3418 3980 ἡ
3453 3905 3647 3974 σπουδὴ
3669 3904 3758 3955 πᾶ-

2194 4003 2380 4056 σα.ού
2422 4002 2531 4073 γὰρ
2583 4000 3006 4071 ἀποτεταγμένῳ
3056 4002 3171 4054 τινί
3228 4001 3419 4072 καιρῷ
3469 4001 3562 4053 καὶ
3612 3995 3765 4068 χρόνῳ

2193 4095 2563 4166 ἀφωρισμένῳ
2604 4093 2665 4147 rb
2700 4093 2879 4164 ζητεῖν
2922 4090 3014 4146 rbv
3052 4093 3311 4166 Κύριον,
3354 4093 3560 4162 ἀγαθόν
3605 4092 3761 4142 ἐστιν·

2195 4186 2330 4240 ἀλλά
2370 4185 2431 4239 rb
2462 4187 2599 4257 μήτε
2646 4184 2781 4249 ὅλως
2826 4184 3126 4239 διαλείπειν
3162 4187 3260 4239 ἀεὶ
3312 4185 3602 4257 ζητοῦντα,
3631 4174 3766 4233 τοῦτό

2194 4280 2338 4334 ἐστιν
2367 4276 2572 4350 ἀληθὴς
2609 4276 2882 4348 εὐκαιρία.
2913 4296 2930 4328 ι
2960 4278 3022 4330 Οί
3054 4297 3073 4329 ι
3111 4278 3233 4348 γὰρ
3270 4298 3287 4329 ι
3316 4277 3585 4347 ὀφθαλμοί
3616 4291 3723 4345 μου,
3746 4290 3759 4317 ο

2196 4370 2347 4439 φησὶ,
2373 4389 2391 4420 ι
2420 4367 2709 4431 διαπαντὸς
2734 4367 2868 4438 πρὸς
2896 4367 2986 4420 rbv
3019 4367 3262 4437 Κύριον.
3293 4389 3313 4420 ι
3351 4369 3515 4439 Ὁρᾷς
3539 4366 3646 4427 πῶς
3665 4364 3764 4414 ἐπι-

2199 4457 2373 4528 μελῶς
2406 4457 2600 4527 ἐρευνᾷ
2630 4458 2657 4510 ό
2691 4455 2963 4527 ὀφθαλμὸς
3006 4455 3069 4508 τὸ
3115 4457 3509 4528 ζητούμενον,
3547 4450 3765 4521 οὐδεμίαν

2198 4548 2381 4602 ἄνεσιν
2413 4546 2594 4619 ἐαυτῷ
2625 4546 2814 4611 διδοὺς,
2846 4546 2968 4599 ούδὲ
3006 4564 3059 4600 τι
3088 4547 3416 4620 διάλειμμα
3450 4547 3550 4617 τῆς
3578 4542 3659 4598 τοῦ
3686 4539 3764 4607 {Tr

2199 4640 2460 4709 τουμένου
2489 4642 2895 4711 κατανοήσεως;
2925 4642 3003 4711 Τῇ
3036 4640 3152 4712 γὰρ
3177 4641 3281 4694 τοῦ
3314 4639 3608 4700 διαπαντὸς
3632 4647 3765 4704 προσ·

2201 4729 2366 4792 θέσει,
2388 4730 2449 4782 τὸ
2471 4729 2716 4799 διηνεκές
2736 4747 2795 4783 τε
2818 4731 2909 4783 καὶ
2936 4711 3301 4784 ἀδιάλειπτον
3322 4731 3429 4801 τῆς
3461 4725 3675 4794 σπουδῆς
3698 4721 3762 4771 ἐν’

2200 4820 2454 4884 εδείξατο.
2473 4819 2744 4885 Ὡσαύτως
2764 4820 2820 4873 δὲ
2845 4822 3131 4892 νοήσωμεν
3182 4824 3285 4875 καὶ
3310 4822 3408 4875 τὸν
3434 4821 3530 4874 τοῦ
3550 4813 3765 4873 ἀπολέσαι

2202 4911 2421 4983 καίρδνν
2460 4911 2651 4982 κέρδος
2698 4906 2834 4964 εἶναι
2874 4911 3181 4981 κρίνοντες,
3215 4913 3281 4964 rb
3313 4910 3581 4965 ἀπολέσαι
3611 4902 3769 4957 ἐκεῖνος

2200 4994 2261 5055 οὗ
2282 5005 2316 5073 ἡ
2344 5001 2594 5073 ὖπαρξις,
2625 5001 2798 5073 ζημία
2822 5001 2899 5072 τῷ
2928 5001 3106 5071 ἔχοντι
3139 5002 3391 5070 γίνεται.
3419 5001 3601 5056 Κακὸν
3623 4993 3776 5061 κτῆμα

2202 5094 2235 5164 ἠ
2258 5092 2609 5164 φιλαργυρία·
2638 5091 2833 5146 οὐκοῦν
2854 5091 3245 5155 ἀπολέσωμεν.
3269 5091 3523 5163 Πονηρὸν
3549 5084 3777 5143 ἀπόθετον

2202 5190 2235 5259 η
2278 5187 2634 5257 μνησικακία·
2663 5183 2857 5238 οὐκοῦν
2892 5182 3226 5254 προώμεθα.
3262 5184 3544 5255 Ὀλέθριον
3571 5171 3778 5246 κτῆμαῆ

2202 5278 2499 5351 ἀκόλαστος
2526 5278 2807 5349 ἐπιθυμία·
2847 5276 3035 5330 τούτου
3067 5276 3326 5347 μάλιστα
3363 5275 3473 5346 πρὸ
3505 5272 3608 5325 τῶν
3632 5265 3781 5322 ἀλλων

2204 5370 2636 5441 ποωχεύσωμεν,
2672 5370 2759 5422 ἴνα
2794 5368 2882 5422 διά
2922 5369 3021 5439 τῆς
3055 5369 3339 5435 τοιαύτης
3376 5363 3674 5436 πτωχείας,
3702 5353 3784 5423 τὴν

2206 5462 2483 5533 βασιλείαν
2514 5462 2882 5535 κερδήσωμεν.
2909 5480 2927 5512 ι
2953 5460 3247 5531 Μακάριοι
3277 5480 3298 5512 ι
3338 5460 3450 5531 γάρ
3472 5477 3491 5509 ι
3523 5457 3571 5509 oi
3606 5444 3783 5516 πτωχοὶ

2206 5552 2285 5624 τῷ
2314 5553 2601 5625 πνεύματι»
2638 5572 2656 5606 ³
2681 5551 2879 5625 δηλαδὴ
2900 5552 2947 5606 οἱ
2976 5549 3072 5604 τοῦ
3103 5551 3367 5605 τοιούτου
3403 5549 3627 5605 πλούτου
3649 5537 3785 5597 mw?-

603 5747 645 5780 "
686 5747 873 5801 Matth.
910 5758 1027 5800 xm.
1060 5745 1147 5800 44.
1227 5746 1264 5775 ¹¹
1308 5743 1350 5797 ιι
1382 5743 1506 5797 Cor.
1544 5757 1617 5798 tv.
1656 5739 1739 5793 18.
1821 5738 1861 5768 "
1901 5735 2043 5791 Psal.
2076 5757 2082 5787 ι

2212 5736 2265 5790 4.
2346 5737 2389 5768 ¹³
2413 5734 2544 5790 ibid.
2571 5734 2623 5789 3.
2706 5734 2749 5765 ”
2790 5733 2933 5789 Psal.
2962 5734 3234 5794 xxt\>,15.
