3928 6196
258 168 328 220 HI
1210 165 1276 224 ΙΝ
1321 168 1851 227 ECCLESIASTEN.
1891 166 2169 224 IIOMILIA
2196 166 2297 222 VII.

3357 165 3461 219 ’ἱξίὲ

252 297 388 353 μενοι.
411 280 502 333 καὶ
527 279 596 333 τά
615 279 749 333 ἄλλα
774 282 951 334 πάντα
984 280 1077 334 τοῦ
1104 282 1351 336 διαϐόλου
1374 284 1651 355 κειμήλια,
1687 302 1762 353 μα

1896 283 1934 336 ti
1976 300 1996 332 ι
2029 282 2177 336 enim
2215 291 2341 334 sunt
2389 299 2406 330 ι
2463 293 2725 347 pauperes
2775 278 2971 349 spiritu
2995 285 3037 318 ι·
3075 311 3093 339 ,
3145 296 3162 327 ι
3212 278 3459 331 videlicet

251 372 542 443 καριὼτερον
573 371 691 439 μὲν,
721 373 781 423 τὸ
806 372 943 442 μηδὲ
962 371 1058 443 τὴν
1090 374 1267 449 ἀρχήν
1290 392 1412 428 τινα
1458 376 1783 446 κτήσασθαι,

247 467 318 519 ἵνα
360 463 579 516 καθόλου
613 463 752 533 ἀκτή
761 480 921 528 μονες
963 463 1073 516 τῶν
1107 465 1442 534 μολυνόντων
1476 468 1783 539 γενώμεθα.

248 554 390 610 Καλὸν
424 554 481 607 δὲ
507 554 606 623 οὐχ
638 549 799 623 ἦττον
831 554 910 625 τῷ
937 555 1302 627 πρυληφθέντι
1330 560 1397 629 τῇ
1435 561 1645 631 πονηρᾷ
1669 559 1785 613 κτί-

243 664 310 699 σει
330 644 380 697 τὸ
404 645 669 698 ἀπολέσαι
701 645 771 698 τὰ
799 646 1024 701 τοιαῦτα
1059 650 1335 719 κτήματα,
1366 652 1460 704 καὶ
1483 653 1563 714 είς
1585 653 1783 720 ἀφανι-

243 738 353 807 σμὸν
389 737 637 805 ἀγαγεῖν.
679 736 840 790 Ἀλλά
882 738 942 791 τὸ
981 739 1118 810 μηδὲ
1152 740 1286 804 ὅλως
1338 742 1467 795 ποτὲ
1495 742 1640 811 ἔχειν
1677 744 1784 797 τῶν

238 828 461 882 τοιούτων
494 831 807 898 μετουσίαν,
838 834 1085 901 κρεῖττον
1118 833 1151 904 ἦ
1181 834 1323 888 κατά
1361 834 1460 906 τὴν
1505 836 1783 907 ἀνθρωπί-

238 935 314 990 νην
350 918 507 987 φύσιν
545 920 682 983 ἐστὶ,
709 920 773 974 τὸ
805 921 863 973 δὲ
905 920 1139 977 λαὸόντα
1186 924 1541 994 ἐξαφανίσαι,
1590 925 1780 980 τούτου

234 1012 309 1063 καὶ
333 1012 361 1079 ἡ
389 1010 503 1062 τῶν
533 1009 836 1081 ἀνθρώπων
858 1011 1088 1083 δύναμις
1130 1014 1231 1085 τὴν
1259 1017 1413 1086 ἰσχὺν
1439 1016 1571 1087 ἔχει.
1601 1017 1692 1070 Διὸ
1715 1017 1782 1070 τὸ

236 1102 374 1171 μηδὲν
413 1102 712 1172 ἐσχηκέναι
758 1104 868 1163 τῶν
917 1103 1010 1156 τοῦ
1060 1106 1435 1177 ἀντικειμένου
1487 1113 1781 1181 κτημάτων

234 1192 367 1261 μόνου
388 1191 484 1243 τοῦ
525 1193 730 1259 Κυρίου
782 1194 900 1245 ἐστὶ
924 1232 939 1254 ,
973 1192 1067 1246 τοῦ
1105 1197 1466 1265 μετασχόντος
1504 1200 1635 1269 ἡμῖν
1672 1199 1779 1253 τῶν

230 1282 379 1336 αὐτῶν
412 1282 755 1354 παθημάτων
775 1285 943 1355 χωρὶς
963 1286 1256 1357 ἁμαρτίας.
1282 1307 1299 1338 ι
1317 1289 1574 1358 Ἔρχεται
1594 1291 1723 1363 γὰρ,
1755 1312 1773 1343 ι

130 1364 133 1369 λ
230 1375 381 1442 φησὶν,
409 1393 427 1424 ι
470 1376 502 1426 ό
532 1374 714 1445 ἄρχων
741 1377 836 1430 τοῦ
872 1379 1077 1448 κόσμου
1101 1378 1310 1442 τούτου,
1336 1382 1429 1434 καὶ
1453 1384 1510 1435 ἐν
1536 1385 1656 1453 ἐμοὶ
1684 1387 1773 1438 εὑ-

230 1462 378 1533 ρίσκει
399 1463 516 1515 τῶν
548 1464 690 1517 ίδίων
721 1465 893 1519 οὐδέν.
935 1485 954 1517 ι
997 1465 1070 1519 T6
1097 1467 1153 1519 δὲ
1177 1467 1243 1520 δι’
1284 1469 1574 1538 ἐπιμελοῦς
1605 1487 1775 1540 μετα-

228 1553 414 1623 μελείας
447 1556 648 1607 ἑαυτὸν
680 1556 986 1627 ἐκκαθῆραι
1009 1599 1021 1620 ,
1055 1558 1214 1611 τοῦτο
1242 1560 1332 1612 καὶ
1358 1561 1445 1612 ἐπ’
1473 1560 1775 1631 ἀνθρώπων

224 1645 311 1697 τῶν
333 1646 393 1698 δι’
421 1647 632 1717 ἀρετῆς
687 1648 915 1711 ἑαυτοὺς
962 1648 1386 1720 λαμπρυνόντων
1430 1651 1574 1705 ἔστιν
1624 1653 1769 1708 ἰδεῖν.

234 1736 516 1790 ’Δπὼλεσεν
543 1740 572 1790 6
602 1738 813 1802 Παῦλος
838 1740 901 1793 τὸ
919 1741 1152 1813 πονηρὸν
1172 1742 1359 1812 κτῆμα
1386 1744 1481 1813 τῆς
1496 1744 1771 1810 ἀπιστίας,

221 1826 293 1878 διὰ
314 1826 398 1878 τοῦ
420 1827 780 1897 ἐνεργοῦντος
814 1831 871 1882 ὲν
885 1829 1033 1900 αὐτῷ
1054 1831 1152 1900 τῆς
1182 1832 1510 1904 προφητείας
1546 1834 1644 1904 τὴν
1672 1835 1772 1905 χά-

224 1931 290 1966 οιν
314 1933 327 1945 ·
358 1916 580 1986 πλήρης
624 1917 718 1970 τοῦ
772 1918 1044 1991 θησαυροῦ
1095 1920 1311 1989 ἐγένετο
1334 1963 1346 1982 ,
1379 1923 1438 1976 ὃν
1486 1924 1769 1995 ἐζήτησεν.

230 2006 512 2061 Ἀπώλεσεν
553 2009 779 2074 Ἡσαΐας
823 2012 881 2063 ὲν
928 2010 1005 2081 τῷ
1043 2013 1324 2084 καθαρσίῳ
1365 2013 1459 2067 τοῦ
1503 2014 1647 2068 θείου
1681 2017 1774 2070 ἄν·

219 2096 389 2166 θρακος
442 2102 560 2152 πᾶν
606 2102 851 2172 ῥυπαρὸν
879 2143 894 2167 ,
934 2104 1028 2155 καὶ
1077 2105 1262 2174 ῥῆμα,
1297 2105 1390 2158 καὶ
1447 2107 1625 2176 νόημα
1648 2124 1661 2137 °
1683 2108 1771 2162 διὰ

216 2186 347 2241 τοῦτο
390 2189 693 2261 ἐπληρώθη
739 2191 834 2244 τοῦ
890 2193 1048 2261 ἁγίου
1087 2194 1424 2265 Πνεῦματος,
1484 2198 1770 2253 Ἀπόλλυσι

216 2281 303 2343 πᾶς
324 2283 378 2333 ὲν
402 2285 468 2352 τῇ
507 2282 813 2353 μεταλήψει
842 2282 938 2337 τοῦ
981 2285 1287 2355 κρείττονος
1316 2289 1424 2340 πᾶν
1448 2288 1508 2340 τὸ
1543 2290 1677 2360 πρὸς
1711 2291 1771 2344 τὸ

213 2370 422 2425 ἐναντίον
459 2372 779 2443 νοούμενον.
819 2373 1005 2438 Οὕτως
1040 2377 1069 2429 6
1092 2376 1323 2449 σώφρων
1352 2379 1451 2450 τὴν
1474 2380 1769 2437 ἀκολασίαν

212 2462 460 2531 ἀπόλλυσι,
507 2463 611 2534 τὴν
644 2464 858 2520 ἀδικίαν
885 2471 914 2524 6
955 2467 1181 2535 δίκαιος,
1204 2472 1302 2541 τὴν
1327 2472 1707 2543 ὑπερηφανίαν
1738 2477 1768 2528 ό

212 2553 425 2625 μέτριος,
445 2558 475 2610 6
513 2555 708 2621 εὔνους
740 2558 832 2611 τὸν
860 2558 1072 2628 φθόνον,
1106 2564 1135 2615 6
1163 2564 1503 2634 ἀγαπητικὸς
1527 2566 1629 2636 τὴν
1663 2568 1768 2620 ἀπ-

209 2642 646 2721 έχθειαν.Ὦσπερ
668 2650 774 2720 γὰρ
800 2651 829 2702 ό
855 2652 914 2703 ἐν
932 2650 1011 2721 τῷ
1043 2652 1359 2725 Εὑαγγελίῳ
1384 2654 1580 2724 τυφλὸς
1609 2646 1767 2727 εὗρεν

207 2735 233 2790 ὅ
256 2737 326 2811 μὴ
354 2734 528 2812 εἶχεν,
558 2741 625 2795 ὲκ
656 2739 750 2793 τοῦ
780 2738 1041 2796 ἀπολέσαι
1062 2741 1092 2796 ὃ
1120 2735 1265 2812 εἶχεο
1298 2737 1401 2808 τῆς
1431 2742 1543 2817 γὰρ
1572 2746 1766 2816 τυφλό-

206 2845 342 2900 τητος
369 2833 787 2905 ἀφαιρεθείσης,
817 2833 964 2907 ήτοῦ
988 2834 1166 2906 φωτὸς
1196 2833 1543 2908 ἀντεισῆλθεν
1579 2837 1725 2911 αὐγή
1746 2854 1759 2867 ·

1890 369 1982 438 qui
2031 376 2185 423 sunt.
2219 368 2406 421 talium
2454 366 2609 434 egeni
2656 364 2987 431 divitiarum,
3039 376 3092 418 et
3140 363 3275 419 alias
3328 381 3459 435 opes

1887 471 2079 511 omnes
2139 455 2340 510 diaboli
2401 455 2615 510 beatius
2673 454 2888 521 quidem
2954 465 3039 507 est
3104 468 3172 507 ne
3236 455 3458 508 omnino

1887 542 2105 612 quidem
2167 541 2468 612 possidere,
2522 550 2580 594 ιιι
2621 556 2808 596 eorum
2850 556 2970 610 quae
3012 556 3112 595 nos
3151 541 3456 610 inquinant,

1885 643 2171 684 careamus
2226 628 2451 683 omnino
2505 628 2878 698 possessione.
2932 625 3049 682 Non
3115 629 3296 682 minus
3358 644 3456 681 au-

1886 724 1993 770 tem
2043 716 2246 771 bonum
2291 725 2376 772 est
2422 714 2469 770 ei
2520 730 2680 785 quem
2728 716 2869 769 mala
2916 714 3116 768 invasit
3157 716 3455 783 possessio,

1885 816 1973 856 res
2003 801 2273 871 ejusmodi
2329 817 2450 873 quae
2477 802 2546 857 ab
2595 803 2717 873 ipso
2746 801 3099 871 possidentur
3131 801 3380 870 perdere.
3405 812 3458 855 et

1882 889 2107 942 omnino
2133 889 2333 944 delere.
2359 889 2466 945 Sed
2497 905 2681 944 eorum
2707 891 2925 958 quidem
2954 904 3061 942 non
3085 904 3208 943 esse
3232 890 3456 941 omnino

1881 976 2195 1044 participes,
2256 977 2447 1030 melius
2485 988 2589 1040 est,
2646 991 2808 1045 quam
2843 984 2901 1029 ιιι
2940 976 2999 1029 id
3024 977 3244 1031 evenire
3286 977 3456 1044 possit

1884 1060 2133 1115 humana:
2160 1075 2386 1125 naturae,
2418 1061 2515 1117 sed
2543 1077 2669 1116 cum
2701 1064 2976 1133 acceperit
3010 1078 3074 1116 ea
3124 1062 3368 1127 abolere,
3402 1062 3451 1115 id

1880 1146 2042 1200 situm
2065 1157 2146 1203 cst
2173 1149 2227 1202 in
2278 1151 2513 1205 hominis
2574 1159 2859 1218 potestate.
2922 1149 3105 1205 Solius
3163 1149 3343 1218 itaque
3371 1157 3455 1202 est

1882 1230 2092 1285 Domini
2136 1234 2271 1287 nihil
2325 1234 2581 1289 habuisse
2612 1250 2799 1289 eorum
2836 1251 2956 1305 qua:
2991 1236 3232 1306 possidet
3262 1236 3451 1290 adver-

1878 1320 2081 1379 sarius.
2131 1322 2223 1390 qui
2259 1336 2447 1376 earum
2484 1338 2622 1393 quas
2684 1340 2783 1378 nos
2816 1325 2963 1393 passi
2991 1340 3182 1379 stnnus
3212 1324 3451 1378 aﬂectio-

1879 1422 2005 1460 nunt
2038 1408 2136 1462 fuit
2166 1411 2438 1479 particeps
2457 1420 2651 1481 prartt-r
2676 1421 2977 1482 peccatum.
3009 1432 3028 1465 ι
3060 1412 3220 1467 Vertit
3247 1414 3447 1475 enim,»

1875 1493 2071 1562 inquit,
2128 1514 2145 1545 ι
2189 1499 2442 1566 princeps
2502 1498 2664 1568 hujus
2718 1499 2925 1564 mundi,
2966 1509 3019 1552 et
3066 1501 3120 1554 in
3176 1517 3261 1556 me
3316 1500 3450 1554 nihil

1878 1579 2083 1633 invenit
2110 1597 2173 1635 cx
2201 1584 2435 1651 prapriis
2464 1585 2527 1638 “.
2568 1605 2587 1637 ι
2634 1584 2884 1655 Seipsuut
2935 1596 3114 1640 autem
3171 1604 3266 1656 per
3323 1588 3455 1641 «ιιι-ι-

1877 1677 2090 1736 gentem
2122 1684 2424 1738 expurgare
2477 1672 2872 1740 pa-uitentiam,
2925 1674 3028 1728 hoc
3052 1690 3271 1744 quoque
3323 1675 3467 1730 licet

1877 1750 2061 1809 vidére
2089 1756 2142 1809 in
2176 1757 2487 1814 hominibus
2514 1759 2605 1828 qui
2638 1776 2697 1814 se
2727 1760 2876 1829 ipsos
2922 1763 3196 1817 illustrant
3233 1763 3451 1816 virtuti—

1876 1839 1998 1895 bus.
2032 1843 2231 1896 Amisit
2260 1841 2467 1898 Paulus
2495 1847 2689 1898 malam
2732 1847 3128 1903 incredulitatis
3152 1850 3451 1918 posscssio-

1874 1941 1995 1980 nem
2031 1943 2127 1997 per
2149 1944 2273 1983 eum
2304 1930 2396 1998 qui
2428 1932 2479 1983 in
2506 1931 2623 2000 ipso
2651 1946 2908 2002 operatur
2936 1937 3166 2004 gratiam
3212 1938 3448 2007 prOphe-

1874 2013 2005 2068 tiae:
2076 2017 2268 2083 plenus
2313 2024 2495 2071 autem
2554 2018 2656 2071 t’uit
2704 2020 2964 2075 thesauro
2992 2038 3153 2092 quem
3209 2025 3442 2094 qttzsiit.

1873 2107 2111 2162 Perdidit
2140 2108 2309 2165 Isaias
2331 2112 2383 2164 in
2424 2111 2592 2166 divini
2644 2115 2908 2171 carbonis
2932 2118 3253 2186 purgatione
3275 2118 3436 2189 quid-

1870 2188 2000 2266 quid
2030 2199 2081 2253 itt
2110 2215 2168 2255 se
2201 2210 2314 2254 crat
2337 2203 2640 2266 sordidum,
2673 2217 2727 2259 et
2753 2208 3003 2270 verbum,
3033 2216 3088 2263 et
3125 2188 3441 2279 cogitatum.

1870 2287 2162 2358 Propterea
2197 2296 2433 2362 repletus
2463 2294 2566 2349 fuit
2598 2305 2791 2351 sancto
2843 2297 3071 2369 Spiritu.
3107 2298 3290 2354 Perdit
3322 2301 3447 2369 qui-

1872 2379 2000 2436 libet
2021 2382 2075 2434 in
2102 2383 2227 2450 ejus
2250 2384 2392 2452 quod
2421 2394 2506 2440 est
2546 2387 2741 2443 melius
2796 2391 3231 2459 participatione,
3279 2393 3446 2461 quit!-

1867 2472 1998 2540 quid
2032 2464 2351 2543 intelligitur
2378 2476 2427 2530 ei
2457 2492 2580 2532 esse
2603 2482 2958 2550 contrarium.
2996 2482 3088 2536 Sic
3134 2490 3443 2553 temperans

1867 2561 2046 2630 perdit
2066 2562 2559 2634 intemperantiam,
2616 2567 2800 2637 justus
2852 2572 3203 2639 injustitiam,
3253 2575 3440 2629 mode-
3500 2576 3505 2583 ’

1866 2660 1986 2706 stus
2005 2654 2335 2724 superbiam,
2371 2657 2669 2714 benevolus
2730 2660 3021 2727 invidiam,
3058 2663 3151 2731 qui
3186 2672 3272 2717 est
3309 2666 3440 2718 cha-

1864 2743 2029 2797 ritate
2054 2745 2315 2815 praeditus
2353 2746 2691 2805 inimicitias.
2720 2750 3005 2817 Quomodo
3024 2753 3167 2807 enim
3201 2756 3293 2824 qui
3321 2768 3439 2810 erat

1863 2846 2043 2891 camus
2077 2836 2133 2890 in
2192 2837 2504 2910 Evangelio,
2570 2841 2773 2897 invenit
2821 2844 2967 2912 quod
3021 2860 3132 2899 non
3180 2848 3433 2900 habebat:

207 2922 284 2973 καὶ
302 2924 388 2974 ἐπὶ
416 2924 519 2977 τοῦ
558 2924 782 2997 λεπροῦ,
812 2926 905 2980 τοῦ
938 2927 1141 2992 πάθους
1171 2929 1578 2998 ἀφανισθέντος,
1610 2931 1764 3004 ήτῆς

1867 2928 2048 2986 ablata
2092 2930 2237 2985 enim
2261 2932 2528 2996 caecitate,
2552 2932 2672 3001 ejus
2695 2934 2817 2989 loco
2838 2937 3110 2991 successit
3180 2937 3438 3006 splendor

200 3010 366 3079 ὑγείας
406 3016 776 3088 ἐπανέρχεται
826 3021 986 3091 χάρις
1011 3037 1026 3050 ·
1053 3022 1147 3074 καὶ
1175 3023 1398 3077 ἐπὶτῶν
1438 3027 1504 3078 ὲκ
1533 3025 1762 3080 θανάτου

1867 3018 2043 3084 lucis;
2096 3029 2152 3075 et
2189 3022 2243 3075 in
2276 3022 2511 3091 lcproso,
2542 3024 2724 3077 ablato
2760 3027 2949 3082 morbo
2971 3027 3110 3082 redit
3139 3028 3312 3096 gratia
3341 3044 3433 3082 sa-
3534 3095 3538 3099 ψ

201 3100 560 3175 ἀνισταμένων
589 3109 625 3178 ἡ
675 3110 940 3180 νεκρότης
969 3113 1036 3182 τῇ
1072 3112 1344 3185 παρουσίᾳ
1366 3115 1465 3185 τῆς
1493 3115 1637 3187 ζωῆς
1664 3117 1765 3169 ὑπ-

196 3190 472 3262 εχώρησεν
491 3195 678 3260 οὕτως
706 3198 801 3251 καὶ
822 3200 916 3251 ἐπὶ
938 3200 1039 3271 τῆς
1059 3203 1424 3274 προκειμένης
1450 3206 1583 3276 ἡμῖν
1611 3207 1762 3276 φιλο-

199 3283 369 3352 σοφίας
395 3288 498 3342 οὐκ
535 3288 655 3342 ἔστι
689 3305 745 3341 τι
788 3289 897 3343 τῶν
941 3290 1159 3362 ὑψηλῶν
1196 3294 1520 3365 κτήσασθαι,
1551 3297 1628 3369 μὴ
1662 3299 1761 3369 τὴν

191 3373 303 3439 περὶ
321 3372 388 3425 τά
415 3376 591 3446 γηῖνά
615 3392 678 3429 τε
707 3376 801 3429 καὶ
841 3379 1070 3433 ταπεινά
1103 3381 1338 3453 σπουδὴν
1367 3383 1755 3452 ἀπολέσαντας.

203 3460 277 3511 Ἑν
307 3463 411 3533 γὰρ
441 3466 525 3536 τῷ
549 3467 723 3520 ταῦτα
742 3468 1035 3541 εὑρίσκειν,
1052 3472 1349 3528 ἀπόλλυται
1384 3477 1514 3546 ἡμῖν
1533 3476 1602 3531 τὰ
1627 3496 1759 3550 προ-

189 3551 464 3623 τιμότερα·
509 3558 611 3609 καὶ
653 3557 716 3610 τὸ
760 3557 1016 3629 ἔμπαλιν,
1044 3563 1077 3631 ή
1118 3562 1320 3618 τούτων
1361 3566 1624 3632 ἀπώλεια,
1657 3570 1759 3642 τῆς

187 3640 279 3692 τῶν
328 3647 542 3715 τιμίων
595 3648 865 3720 εὑρέσεως
915 3652 1172 3721 πρόξενος
1213 3658 1523 3728 γενήσεται.
1573 3640 1756 3717 Ταῦτα

187 3731 319 3801 παρὰ
342 3734 447 3805 τῆς
486 3736 593 3791 τοῦ
625 3737 826 3811 Κυρίου
869 3742 1054 3812 φωνῆς
1087 3746 1507 3820 μεμαθήκαμεν·
1539 3771 1558 3802 ι
1580 3752 1636 3807 '0
1664 3755 1753 3807 εὑ-

186 3825 287 3895 ρὼν
302 3830 404 3901 τὴν
444 3831 639 3905 ψυχὴν
665 3830 830 3884 αὑτοῦ
870 3831 1124 3887 ἀπολέσει
1153 3835 1352 3907 αὐτὴν,
1386 3841 1479 3893 καὶ
1506 3843 1535 3895 ὁ
1561 3844 1756 3898 ἀπολέ-

179 3931 266 3982 σας
291 3921 613 3993 τήκψυχὴν
640 3922 807 3976 αὑτοῦ
847 3924 1032 3979 ἕνεκεν
1066 3927 1221 3997 ἐμοῦ,
1264 3929 1486 4001 εὑρήσει
1513 3936 1701 4008 αὐτήν.
1730 3956 1750 3990 ι

1865 3117 2088 3184 nitatis;
2117 3126 2172 3172 et
2196 3119 2249 3173 in
2286 3119 2352 3174 iis
2371 3120 2463 3189 qui
2496 3128 2729 3191 surgunt
2762 3136 2791 3174 a
2822 3123 3078 3187 mortuis,
3117 3123 3438 3179 adveniente

1861 3209 1969 3263 vita
1996 3224 2147 3266 mors
2194 3212 2401 3267 recedit
2451 3233 2464 3268 :
2509 3215 2583 3268 ita
2646 3214 2811 3268 etiam
2864 3215 2921 3268 in
2967 3215 3247 3286 proposita
3278 3217 3435 3271 nobis

1860 3299 2222 3371 philosOphia,
2259 3302 2371 3360 ﬁeri
2401 3320 2507 3359 non
2537 3314 2715 3375 potest
2769 3316 2827 3359 ut
2856 3308 3060 3376 aliquid
3091 3308 3436 3377 possideatur

1857 3406 2048 3446 eorum
2122 3410 2245 3463 qua
2312 3404 2441 3450 sunt
2502 3399 2737 3463 excelsa,
2820 3397 2925 3452 nisi
3005 3414 3185 3454 rerum
3262 3409 3435 3456 terre-

1859 3499 2053 3539 narum
2109 3495 2164 3540 et
2237 3487 2520 3542 humilium
2602 3491 2842 3544 studium
2913 3491 3278 3546 amiserimus.
3358 3491 3432 3546 Ea

1855 3575 2004 3630 enim
2076 3576 2401 3631 inveniendo
2458 3588 2682 3647 pereunt
2744 3581 2903 3636 nobis
2944 3596 3066 3650 qua:
3097 3591 3225 3638 sunt
3292 3600 3431 3653 prae-

1857 3664 2145 3720 stantiora.
2203 3665 2268 3719 Et
2314 3676 2504 3722 contra
2568 3684 2757 3723 eorum
2836 3672 3061 3726 amissio
3121 3675 3433 3742 procurabit

1859 3755 2229 3811 inventionem
2279 3773 2460 3811 reruzn
2511 3760 2892 3827 pretiosarum.
2929 3761 3054 3818 Haec
3086 3763 3377 3821 didicimus
3399 3782 3429 3821 τι

1856 3863 1989 3904 voce
2016 3848 2227 3903 Domini
2264 3868 2277 3903 :
2320 3868 2337 3901 ι
2389 3851 2494 3918 Qui
2527 3853 2732 3908 invenit
2765 3856 3000 3909 animant
3029 3872 3205 3922 suam,
3243 3857 3430 3928 perdet

1853 3954 1975 3993 eam
2011 3958 2024 3995 :
2055 3947 2109 3994 et.
2161 3940 2254 4009 qui
2304 3942 2541 4011 perdidit
2598 3945 2835 3999 animam
2878 3963 3032 4002 suam
3067 3959 3286 4019 prOpter
3319 3967 3425 4015 me,

176 4007 239 4060 T6
262 4011 370 4082 γὰρ
402 4013 477 4065 ἐν
506 4015 630 4076 τοῖς
671 4012 812 4066 κα.τά
856 4015 956 4085 τὴν
1005 4015 1138 4087 ὓλην
1179 4018 1634 4091 σπουδαζομένας
1656 4027 1756 4096 τὴν

1867 4029 2093 4084 inveniet
2125 4029 2298 4098 ipsam
2340 4033 2402 4086 ".
2443 4051 2463 4084 ›
2495 4033 2650 4101 Quod
2696 4037 2839 4090 enim
2897 4038 3114 4093 inventa
3147 4043 3217 4095 sit
3244 4041 3425 4093 anima

176 4098 335 4171 ψυχὴν
360 4103 668 4175 εὑρεθῆναι
706 4104 880 4158 αῖτιον
910 4106 1115 4175 γίνεται
1150 4107 1245 4160 τοῦ
1272 4110 1329 4161 ἐν
1348 4114 1459 4174 τοῖς
1482 4113 1756 4185 ἀληθινοῖς

1867 4120 1911 4172 in
1975 4119 2043 4175 iis
2098 4135 2332 4190 quorum
2379 4124 2621 4178 studium
2678 4126 2982 4181 collocatur
3033 4128 3088 4182 in
3172 4129 3422 4192 materia,

169 4192 383 4258 ἀγαθοῖς
409 4195 601 4265 αὐτὴν
629 4196 703 4267 μὴ
731 4196 1053 4268 εὑρεθῆναι-ο
1077 4202 1171 4253 καὶ
1189 4202 1250 4255 τὸ
1278 4202 1535 4275 ἔμπαλιν,
1564 4208 1598 4278 ή
1627 4210 1753 4262 τοὺ-

1867 4223 2025 4263 rausa
2049 4220 2133 4264 est
2158 4222 2217 4263 ut
2247 4212 2360 4280 ipsa
2392 4228 2500 4266 non
2536 4213 2848 4268 inveniatur
2885 4216 2940 4269 in
2971 4217 3117 4271 veris
3145 4216 3325 4288 bonis.
3360 4216 3424 4271 Et

173 4295 268 4372 των
288 4286 563 4357 στέρησις
590 4288 685 4341 καί⁵
704 4287 968 4353 ἀπώλεια,
992 4291 1104 4345 τῶν
1130 4293 1499 4366 ἐλπιζομένων
1519 4297 1751 4372 ὓπαρξις

1867 4305 2282 4363 contra,corum
2309 4300 2540 4369 privatio
2566 4311 2622 4357 et
2650 4303 2895 4370 amissio,
2913 4305 3146 4359 eﬂicitur
3166 4286 3423 4361 substan~

169 4367 382 4466 γίνεται.
416 4393 437 4424 ι
460 4376 536 4427 Τί
557 4375 670 4446 γὰρ
687 4375 976 4451 ὠφελεῖται
1002 4380 1288 4452 ἄνθρωπος
1310 4383 1405 4438 ἐὰν
1431 4386 1525 4441 τὸν
1550 4367 1751 4459 κόσμον

1867 4387 1928 4441 lia
1955 4403 2144 4443 eorum
2177 4367 2622 4459 quaesperantur.
2660 4412 2679 4445 ι
2731 4394 2869 4459 Quid
2896 4396 3039 4449 enim
3067 4397 3290 4466 prodest
3328 4399 3424 4451 ho-

172 4452 290 4554 ἰμν
310 4466 590 4539 κερδήσῃ,
612 4468 715 4554 τὴν
731 4468 978 4543 δὲψυχὴν
1000 4474 1167 4528 αὐτοῦ
1184 4476 1435 4550 ζημιωθῇ
1458 4495 1473 4544 ;
1505 4499 1598 4533 ›-‹
1632 4452 1761 4535 lict-

1867 4480 1986 4534 mini
2020 4481 2067 4535 si
2115 4489 2285 4536 toturn
2330 4483 2589 4538 mundum
2626 4486 2888 4550 lucretur,
2918 4488 3189 4554 jacturam
3240 4499 3425 4546 autem

170 4541 275 4609 ρδς,
306 4566 327 4599 ι
357 4554 529 4620 φησι,
565 4572 584 4605 ι
608 4553 703 4608 τοῦ
722 4541 978 4627 ζητῆσαι,
1002 4559 1097 4611 καὶ
1124 4541 1314 4631 καιρός
1331 4541 1753 4622 τοῦάπολέσαι.»

173 4633 237 4727 Ei
247 4639 431 4693 τοίνυν
459 4643 719 4715 ἔγνωμεν
735 4648 789 4700 τί
820 4650 935 4703 ἐστι
956 4649 1017 4702 τὸ
1035 4650 1367 4722 ζητούμενον
1393 4654 1601 4727 κέρδος,
1624 4658 1653 4711 ὃ
1675 4658 1762 4714 διὰ

160 4724 242 4824 ἰοῦ
264 4730 569 4824 ,ἀπολέσαι
590 4734 671 4824 τάν
696 4737 881 4802 κακῶς
912 4740 1180 4811 κτηθέντα
1206 4724 1537 4814 εὑρίσκεται,
1553 4750 1616 4804 τὸ
1649 4753 1747 4824 μὲν

158 4809 512 4911 ζητήσωμεν,
547 4821 610 4874 τὸ
630 4823 688 4876 δὲ
712 4809 1065 4898 ἀπολέσωμεν
1086 4846 1099 4860 ο
1131 4830 1209 4885 τὰ.
1233 4809 1373 4887 καλὰ
1400 4809 1746 4911 ζητήσωμεν,

157 4902 217 4955 τὶ
439 4911 829 4987 ἀπολέσωμεν.
856 4920 1049 4985 Καλῶς
1073 4922 1132 4976 δὲ
1167 4925 1262 4977 καὶ
1310 4902 1603 4998 προσιρυίῦς
1625 4902 1750 4998 ’τοῖς

157 4996 664 5091 ξίφεξητασμένοις
702 5008 797 5059 καί
822 5009 856 5079 ἡ
901 5009 1187 5067 ἀκολουθία
1213 5016 1323 5070 τῶν
1350 4996 1748 5091 γεγραμμένων

157 5083 437 5185 “ﬁniat:
465 5094 756 5169 φησῑιγάρ·
780 5119 799 5149 ι
824 5101 1026 5172 Καιρὸς
1060 5105 1155 5159 τοῦ
1188 5083 1542 5177 φυλάξὲιιᾶαι
1561 5083 1747 5185 καιρὸς

155 5178 240 5277 ξοῦ
268 5178 564 5277 ἒκεμλεῖν.
581 5202 600 5234 ι
626 5188 688 5241 Τί
708 5188 972 5259 φυλάξαις
999 5196 1247 5267 Δηλονότι
1274 5203 1336 5261 τὸ
1361 5202 1585 5277 εὑρεθὲν
1614 5178 1744 5276 ἡμῖν

157 5262 215 5363 6x
234 5269 335 5367 τῇς
358 5269 677 5367 ξηῖήσεως.
697 5279 763 5332 Τί
787 5262 1072 5352 ὲκϐαλεῖνξ
1117 5287 1321 5355 Ἐκεῖνο,
1342 5262 1587 5359 πάᾷτως,
1704 5298 1739 5367 ἡ

158 5356 399 5419 ἀπώλεια
440 5362 748 5423 λυσιτελεῖν
798 5372 1078 5444 ἐνομίσθη.
1137 5376 1372 5454 Ἐγένετό
1428 5406 1512 5447 σοι
1545 5356 1746 5458 ⁷νόημα

1852 4568 2017 4625 faciat
2046 4571 2240 4626 anima:
2264 4573 2344 4627 “7
2367 4592 2386 4625 ι
2411 4604 2478 4613 -
2502 4593 2521 4626 ι
2546 4574 2788 4646 Tempus
2812 4586 2915 4642 est,
2951 4597 2969 4629 ι
2999 4580 3195 4649 inquit,
3219 4599 3237 4630 ι
3272 4596 3420 4651 quae~

1853 4661 2005 4716 rendi
2038 4672 2094 4716 et
2132 4670 2343 4733 tempus
2378 4674 2463 4721 est
2506 4667 2811 4724 amittendi.
2868 4689 2887 4721 ι
2960 4671 3016 4726 Si
3050 4688 3181 4743 ergo
3214 4675 3422 4729 scimus

1851 4749 1982 4819 quid
2006 4753 2079 4806 sit
2112 4752 2320 4807 lucrum
2349 4755 2496 4825 quod
2521 4759 2803 4827 queritur,
2833 4761 2979 4830 quod
3009 4763 3227 4832 quidem
3261 4782 3326 4820 ex
3356 4781 3423 4821 eo

1852 4842 2298 4913 invenitur,quod
2322 4847 2582 4916 perierint
2603 4865 2723 4920 quae
2746 4853 2885 4907 male
2908 4868 3162 4923 possessa
3182 4856 3419 4922 I‘ueraut,

1849 4933 1983 4989 illud
2040 4938 2259 5006 quidem
2312 4954 2658 5010 quaeramus,
2715 4943 2818 4998 hoc
2870 4960 3000 5000 vero
3063 4948 3420 5007 amittamus;

1849 5026 1991 5081 bona
2020 5044 2353 5097 quaeramus,
2402 5033 2542 5085 maia
2597 5036 2935 5093 amittamus.
2975 5039 3142 5094 Recte
3165 5053 3419 5098 autemet

1851 5118 2098 5189 apposite
2131 5120 2203 5174 iis
2221 5136 2343 5190 qua:
2366 5122 2518 5191 prius
2543 5135 2673 5178 sunt
2698 5128 3032 5196 examinata,
3067 5132 3418 5204 suhjungitur

1850 5212 2241 5279 consequentia
2266 5226 2456 5266 eorum
2487 5230 2608 5283 qua:
2641 5215 2846 5285 scripta
2895 5229 3044 5274 sunt.
3078 5221 3213 5276 Dicit
3242 5226 3411 5288 enim.

1855 5319 1873 5351 ι
1913 5299 2150 5370 Tempus
2178 5310 2265 5357 est
2292 5305 2570 5368 servandi,
2604 5312 2659 5358 et
2706 5313 2920 5376 tempus
2948 5322 3033 5365 est
3082 5313 3355 5381 ejiciendi.
3394 5333 3413 5366 ι

1851 5393 1991 5458 Quid
2023 5396 2316 5450 servandi?
2346 5395 2402 5451 Id
2440 5399 2652 5454 scilicet
2696 5400 2841 5471 quod
2871 5417 2900 5456 a
2937 5407 3094 5461 nobis
3138 5407 3417 5464 inventum

230 5540 269 5572 "
310 5543 605 5615 Iattb.v,
626 5549 673 5605 3.
752 5554 794 5585 ¹⁶
831 5551 985 5611 Joau.
1010 5562 1212 5632 xtv,50,
1294 5602 1334 5639 ,τ
1367 5552 1582 5657 nati-ll.
1615 5584 1667 5639 κ,
1693 5566 1760 5623 59

1867 5568 1904 5600 ι’
1943 5567 2135 5626 Matth.
2161 5586 2275 5642 nt,
2296 5570 2386 5631 26.
