3928 6196
548 235 648 287 79.5

1779 237 1838 292 S.
1873 236 2193 292 GREGORII
2226 238 2516 295 NYSSENI
3621 250 3696 304 7*2'.

542 363 625 407 est
653 366 718 405 ex
742 348 1113 418 inquisitione.
1147 349 1285 414 Quld
1305 349 1596 417 ejiciendi?
1626 351 1678 405 Id
1711 352 1921 407 scilicet
1950 353 2098 420 cujus

2210 355 2398 419 δεξιὸν.
2434 357 2678 427 εἰσῆλθεν
2711 358 2969 430 ἐπιθυμία
3009 360 3102 414 τοῦ
3136 361 3256 415 ἰδεῖν
3281 365 3362 418 τὸν
3385 367 3518 437 Θεὸν,
3548 371 3695 446 ἐδίψη-

543 443 892 496 amissionem
915 441 1284 496 existimatum
1311 452 1392 497 est
1421 443 1692 497 conferre.
1731 442 1862 497 Orta
1889 452 1974 498 est
2007 443 2104 498 tibi

544 534 684 585 bona
731 533 1016 602 cogitatio,
1073 541 1126 588 te
1198 534 1424 588 incessit
1495 535 1828 589 desiderium
1887 535 2103 590 videndi

542 623 730 688 Deum,
762 626 930 680 sitivit
961 625 1140 678 anima
1161 635 1249 678 tua
1272 627 1338 680 ad
1371 625 1536 680 Deum
1573 626 1787 689 fortem,
1828 628 2005 681 vivum
2039 628 2102 694 ¹⁹,

539 718 636 771 tibi
679 726 800 771 orta
856 725 942 771 est
985 717 1248 786 appetitio
1284 725 1340 771 ut
1376 734 1527 773 esses
1558 718 1612 771 in
1653 719 1808 774 atriis
1836 718 2048 772 Domini
2088 734 2100 768 :

538 806 676 858 atria
711 814 890 859 autem
925 807 1133 861 Domini
1172 816 1329 872 sunt.
1361 823 1480 862 meo
1503 807 1719 877 quidem
1738 808 1967 877 judicio,
1997 808 2106 861 vir-

538 907 684 951 tutes
712 914 834 952 cum
887 899 1084 969 quibus
1137 900 1346 956 habitat
1406 901 1569 965 ratio,
1604 909 1656 954 et
1687 901 1998 970 quicunque
2026 916 2106 954 se-

535 993 723 1062 quitur
756 993 1046 1047 rationcm.
1081 991 1206 1047 llaac
1231 993 1466 1055 custodi,
1499 1009 1568 1048 ne
1595 993 1688 1046 tibi
1723 992 1944 1048 elliuant
1975 993 2106 1046 divi-

537 1086 624 1138 tia:
679 1083 1004 1138 mundorum
1062 1086 1261 1141 mentis
1320 1085 1752 1154 possessionmu.
1800 1086 2104 1155 ingreditur

536 1177 802 1246 quzrpiam
861 1177 1135 1230 contraria
1186 1175 1464 1244 cogitatio,
1521 1187 1781 1247 tanquam
1848 1178 1934 1231 fur
1991 1192 2102 1231 non

536 1269 881 1330 manifestus,
907 1285 1027 1340 qua:
1059 1269 1293 1322 mundas
1345 1268 1590 1338 proﬂigat
1619 1268 1996 1336 cogitationes,
2039 1283 2102 1323 ea

533 1369 616 1413 est
663 1359 928 1429 ejicienda
949 1371 1002 1413 et
1031 1375 1058 1411 a
1085 1367 1262 1413 mente
1279 1358 1637 1413 amandanda.
1669 1358 1724 1412 ln
1752 1373 1813 1412 ea
1837 1360 1980 1413 enim
2009 1361 2103 1416 de—

534 1456 822 1513 turbanda,
879 1461 997 1508 tuto
1027 1455 1445 1508 conservabitur
1497 1452 1654 1507 nobis
1690 1453 1954 1507 bonorum
1992 1453 2104 1508 the—

533 1561 751 1599 saurus.
781 1545 836 1598 Si
869 1556 1050 1597 autem
1074 1559 1180 1598 non
1214 1540 1380 1597 fuerit
1402 1541 1575 1610 ejecta
1597 1556 1717 1610 qua:
1738 1540 1935 1610 perdit,
1970 1543 2102 1596 nihil

535 1639 668 1691 lucri
704 1637 1127 1706 possidebimus,
1173 1636 1448 1688 latronum
1480 1633 1575 1702 qui
1612 1623 1800 1687 muros
1840 1633 2102 1689 ellodiunt

535 1727 750 1782 insuliis
774 1727 1139 1780 ditllucntibus
1163 1723 1537 1779 facultatibus.

603 1820 868 1884 Quoniam
951 1833 1082 1882 ergo
1155 1825 1368 1885 tempus
1451 1819 1726 1886 quaerendi
1788 1819 2100 1881 didicimus,

537 1931 556 1962 ι
592 1913 772 1966 omnis
803 1922 981 1964 autem
1013 1909 1102 1978 qui
1144 1910 1358 1978 quwrit,
1388 1909 1591 1964 invenit
1626 1911 1672 1942 πο
1707 1929 1718 1964 :
1753 1929 1769 1961 ι
1807 1918 1864 1964 ιιι
1887 1926 2103 1980 perma-

535 2012 656 2056 neat
690 2002 840 2072 quod
878 2003 1160 2056 inventum
1207 2008 1310 2064 est,
1337 2001 1596 2054 thesauro
1638 2002 1950 2071 diligentem
2000 2001 2102 2054 ali-

532 2109 696 2163 quam
768 2094 1112 2162 imponamus
1155 2089 1481 2144 custodiam.
1552 2109 1570 2140 ι
1615 2091 1795 2153 Omni,
1847 2110 1865 2142 ι
1905 2091 2099 2160 inquit,

537 2203 556 2233 ι
601 2183 853 2237 custodia
897 2197 1056 2234 serva
1107 2195 1202 2232 cor
1233 2187 1385 2232 tuum
1417 2181 1483 2242 ",
1536 2199 1552 2229 ›
1591 2189 1648 2232 ιιι
1685 2189 1967 2250 postquam
2019 2181 2102 2234 in—

483 2268 493 2274 ’
533 2274 771 2336 veneris,
803 2271 1082 2326 custodias
1115 2271 1390 2325 inventam
1445 2272 1693 2341 gratiam,
1746 2279 1825 2335 ut,
1868 2271 2100 2341 exempli

535 2379 723 2427 causa,
749 2363 842 2431 qui
874 2362 940 2415 ad
978 2360 1133 2415 iidem
1161 2361 1418 2425 accessit,
1443 2360 1734 2428 puritatem
1772 2361 1980 2414 invenit
2007 2375 2102 2428 per

532 2454 827 2506 lavacrum.
860 2449 965 2504 Sed
994 2449 1164 2517 major
1197 2458 1276 2503 est
1311 2449 1461 2502 labor
1490 2447 1542 2502 in
1574 2447 1931 2502 custodiendo
1954 2447 2098 2516 quod

531 2540 763 2610 accepit,
835 2555 996 2606 quam
1059 2540 1113 2592 in
1159 2538 1487 2592 inveniendo
1539 2538 1686 2606 quod
1726 2553 1837 2592 non
1888 2538 2096 2592 habuit.

531 2631 812 2698 Quomodo
842 2646 971 2698 ergo
990 2631 1310 2684 dicebamus
1341 2646 1446 2683 non
1491 2629 1675 2697 aliquo
1713 2637 1958 2698 tempore
1987 2630 2096 2682 cir—

530 2723 823 2777 cumscribi
883 2721 1343 2791 opportunitatem
1403 2720 1735 2783 inveniendi,
1787 2720 1880 2774 sed
1930 2728 2096 2773 totam

529 2819 692 2870 vitam
733 2833 854 2871 esse
880 2832 1046 2870 unum
1084 2827 1297 2884 tempus
1325 2813 1478 2867 home
1500 2814 1645 2867 illius
1676 2813 2047 2882 inquisitionis
2078 2832 2091 2867 :
2119 2854 2121 2856 -

531 2914 601 2964 ita
631 2912 792 2965 etiam
822 2918 1035 2978 tempus
1083 2907 1346 2960 custodiae
1372 2914 1540 2957 totam
1575 2905 1739 2958 vitam
1771 2907 1947 2960 metiri
1973 2921 2097 2975 pro-

2211 465 2301 500 σεν
2327 452 2359 520 ἡ
2391 450 2534 521 ψυχή
2563 468 2655 503 σου
2678 451 2815 522 πρὸς
2839 453 2931 505 τὸν
2957 453 3088 505 Θεὸν
3106 453 3194 508 τὸν
3221 456 3521 527 ίσχυρὸν,τδν
3539 463 3701 530 ζῶντα,

2207 539 2369 604 πόθος
2419 541 2629 607 ἐγένετό
2672 559 2753 594 σοι
2794 541 2888 594 τοῦ
2939 543 2994 594 ἐν
3036 545 3157 605 ταῖς
3201 544 3376 609 αὐλαῖς
3419 548 3499 601 τοῦ
3537 553 3703 623 Κυρίου

2206 634 2456 702 γενέσθαι
2478 653 2492 667 ο
2532 636 2687 688 αὐλαὶ
2717 635 2760 688 δ’
2793 636 2858 689 ἂν
2883 631 2990 688 εἷεν
3032 635 3124 688 τοῦ
3159 639 3369 706 Κυρίου,
3397 643 3522 696 κατά
3554 661 3608 711 γε
3631 644 3704 700 τὸν

2205 727 2336 795 ἐμὸν
2372 726 2546 793 λόγον,
2583 727 2639 778 αἱ
2669 727 2878 797 ἀρεταὶ,
2903 721 2992 789 αἷς
3012 727 3374 790 συναυλίζεται
3393 731 3419 781 6
3444 731 3600 798 λόγος,
3635 735 3709 788 καὶ

2205 819 2315 880 πᾶς
2355 821 2384 871 6
2415 818 2493 888 τῷ
2544 819 2686 888 λόγῳ
2724 818 3005 888 ἑπόμενος.
3040 818 3222 872 Ταῦτα
3271 819 3516 888 φύλαξον,
3545 823 3611 884 ὡς
3651 824 3709 895 μὴ

2203 907 2524 978 διαρρυῆναί
2562 925 2643 960 σοι
2691 909 2782 960 τὸν
2811 909 3037 962 πλοῦτον
3071 909 3180 962 τῶν
3222 909 3464 981 καθαρῶν
3501 916 3587 983 τῆς
3621 914 3713 967 δια·

2204 1000 2353 1062 νοίας
2383 1000 2695 1070 κτημάτων.
2710 998 3101 1070 Παρεισδύεταί
3124 1017 3207 1062 τις
3231 999 3474 1070 λογισμὸς
3493 1003 3711 1067 ἐναντίος,

2203 1087 2312 1144 οἶόν
2344 1109 2425 1155 τις
2464 1091 2718 1162 λαθραῖος
2755 1091 2996 1160 κλέπτης
3025 1091 3326 1160 ἀφανισμὸν
3371 1090 3472 1143 τῶν
3503 1092 3718 1163 καθαρῶν

2205 1183 2492 1253 νοημάτων
2522 1182 2859 1253 ποιούμενος,
2895 1182 3183 1252 ἐκϐλητέος
3212 1178 3359 1244 οὗτος
3388 1182 3474 1234 καὶ
3502 1183 3716 1246 ἀποπεμ-

2205 1275 2363 1338 πτέος
2390 1274 2490 1343 τῆς
2519 1275 2775 1338 διανοίας.
2813 1275 2902 1328 Ἐν
2941 1273 3051 1345 γάρ
3080 1273 3158 1344 τῷ
3186 1274 3386 1326 ἐκεῖνον
3421 1272 3720 1336 ἀπώσασθαι,

2202 1367 2267 1419 δι’
2292 1366 2587 1436 ἀσφαλείας
2614 1369 2744 1437 ἡμῖν
2768 1369 2796 1419 6
2828 1367 2934 1420 τῶν
2966 1366 3185 1435 ἀγαθῶν
3213 1365 3474 1437 θησαυρὸς
3490 1366 3721 1436 φυλαχθη-

2204 1472 2376 1508 σεται.
2419 1456 2480 1507 Εἰ
2521 1455 2577 1507 δὲ
2615 1455 2690 1526 μὴ
2737 1455 3023 1525 ἐκϐληθείη
3051 1457 3079 1508 6
3126 1454 3501 1524 λυμαινόμενος
3525 1494 3539 1517 ,
3563 1453 3722 1523 κέρδος

2203 1548 2353 1600 οὐδὲν
2383 1548 2534 1601 ἐσται
2555 1549 2652 1618 τῆς
2682 1549 2942 1618 κτήσεως,
2966 1550 3023 1600 ἐν
3047 1551 3111 1618 τῇ
3139 1547 3246 1599 τῶν
3269 1544 3598 1615 τοιχωρύχων
3623 1547 3723 1598 ἐπι-

2206 1640 2365 1709 ϐουλῇ
2389 1641 2484 1711 τῆς
2518 1639 2776 1710 εὐπορίας
2800 1638 3193 1710 ὑπορρεούσης.

2286 1822 2498 1887 Ἐπειδὴ
2529 1818 2620 1876 οὖν
2641 1820 2884 1891 ἐδιδάχθη
2894 1837 2990 1890 μεν
3009 1821 3098 1873 τὸν
3108 1819 3298 1890 καιρὸν
3311 1821 3402 1875 τοῦ
3414 1823 3626 1894 ζητεῖν,ι
3643 1822 3731 1883 πᾶς

2202 1905 2259 1957 δὲ
2279 1907 2308 1958 ὁ
2331 1908 2504 1979 ζητῶν
2519 1905 2782 1978 εὐρσίκει,
2809 1923 2828 1956 ι
2851 1907 3000 1965 ὅπως
3025 1905 3091 1959 ἂν
3117 1906 3179 1959 τὸ
3207 1907 3427 1978 εὑρεθὲν
3458 1907 3733 1978 παραμένῃ.

2203 1994 2403 2065 ἀκριθῆ
2429 2010 2550 2046 τινα
2576 1991 2652 2062 τῷ
2679 1993 2938 2064 Θησαυρῷ
2964 1997 3062 2066 τὴν
3090 1999 3336 2068 φρουράν
3365 2001 3733 2070 ἐπιστήσωμεν.

2210 2106 2228 2138 ι
2257 2085 2412 2158 Πάσῃ
2443 2085 2673 2155 φυλακῇ,
2690 2105 2707 2136 ι
2736 2088 2890 2156 φησὶ,
2909 2108 2928 2140 ι
2950 2093 3100 2158 τήρει
3127 2090 3225 2156 σὴν
3247 2090 3486 2161 καρδίαν,
3512 2109 3527 2141 ι
3548 2089 3671 2159 μετὰ
3692 2089 3740 2140 τὸ

2202 2179 2381 2250 εὑρεῖν
2404 2177 2480 2247 τῷ
2510 2177 2735 2246 φυλάξαι
2758 2177 2854 2248 τὴν
2878 2176 3193 2247 εὑρεθεῖσαν
3209 2177 3371 2248 χάριν
3387 2195 3400 2209 ο
3421 2175 3530 2232 οἷον
3556 2175 3694 2248 εὗρεν
3716 2181 3740 2231 6

2203 2267 2514 2340 προσελθὼν
2537 2271 2599 2338 τῇ
2629 2269 2805 2320 πίστει
2825 2269 2924 2336 τὴν
2939 2267 3026 2320 διὰ
3046 2266 3138 2319 τοῦ
3155 2267 3384 2337 λουτροῦ
3409 2269 3740 2339 καθαρότητα.

2214 2359 2372 2411 Ἀλλά
2406 2359 2602 2428 μείζων
2634 2359 2662 2410 ό
2701 2357 2856 2419 πόνος
2879 2358 2936 2408 ἐν
2975 2357 3053 2426 τῷ
3087 2357 3323 2426 φυλάξαι
3351 2359 3378 2410 ὃ
3411 2358 3610 2418 ἐλαϐεν,
3641 2359 3670 2427 ἦ
3697 2359 3743 2408 ὲν

2199 2449 2277 2516 τῷ
2297 2450 2474 2518 εὑρεῖν
2505 2448 2532 2500 ὃ
2553 2449 2652 2500 οὐκ
2683 2442 2847 2516 εἶχεν.
2873 2448 3078 2519 ’Ὠσπερ
3101 2445 3198 2502 οὖν
3236 2449 3464 2520 εἴπομεν
3497 2450 3566 2519 μὴ
3595 2448 3748 2518 χρόνῳ

2199 2543 2304 2592 τινὶ
2335 2541 2434 2610 τὴν
2462 2539 2553 2592 τοῦ
2611 2538 2791 2608 ζητεῖν
2829 2539 3112 2610 εὐκαιρίαν
3172 2541 3595 2614 περιορίζεσθαι,
3629 2539 3746 2591 ἀλλὰ

2201 2635 2373 2684 πάντα
2405 2632 2496 2684 τὸν
2531 2631 2640 2700 βίον
2665 2633 2758 2683 ἕνα
2790 2631 2976 2701 καιρὸν
3018 2629 3158 2684 εἶναι
3184 2635 3284 2703 τῆς
3323 2634 3529 2703 ἀγαθῆς
3563 2633 3749 2701 ἐκείνης

2198 2723 2510 2794 ζητήσεως·
2543 2721 2685 2774 οὕτω
2727 2724 2820 2775 καὶ
2863 2724 2955 2776 τὸν
2993 2727 3090 2794 τῆς
3113 2725 3370 2794 φυλακῆς
3407 2724 3589 2793 καιρὸν
3623 2722 3751 2790 πάσῃ

2197 2819 2262 2885 τῇ
2298 2815 2409 2886 ζωῇ
2441 2814 2754 2885 μετρεῖσθαι
2801 2815 3246 2884 ἀποφαινόμεθα·
3279 2806 3378 2886 τὴν
3401 2816 3567 2886 αὐτὴν
3595 2813 3751 2882 φωνὴν

2196 2910 2293 2976 τῆς
2321 2906 2656 2976 προφητείας
2690 2907 2780 2959 καὶ
2803 2907 2898 2959 νῦν
2931 2909 3330 2977 παραθέμενοι,
3358 2911 3458 2980 τὴν
3485 2910 3753 2977 λέγουσαν·

528 3005 868 3065 nuntiamus,
897 3000 1084 3055 eadem
1110 3014 1240 3052 voce
1277 2998 1571 3066 prophetiae
1594 3013 1739 3052 nunc
1761 3013 1980 3067 quoque
2002 2997 2095 3050 ad-

2203 3015 2221 3047 t
2255 2999 2317 3049 Oi
2347 2996 2612 3065 ὀφθαλμοί
2642 3013 2742 3065 μου
2771 2994 3060 3058 διαπαντὸς
3090 2997 3236 3066 πρὸς
3269 2997 3362 3049 τὸν
3423 2997 3641 3064 Κύριυνο
3687 2993 3757 3044 ὅτι

527 3096 709 3152 ducta.
737 3109 856 3162 quae
889 3092 1055 3145 dicit:
1087 3110 1101 3139 I
1134 3089 1288 3143 Oculi
1318 3090 1422 3141 mei
1451 3103 1665 3157 semper
1684 3091 1748 3142 ad
1775 3088 2094 3144 Dominum:

527 3188 786 3251 quoniam
825 3184 940 3249 ipse
979 3180 1171 3233 evellet
1212 3194 1274 3230 ex
1324 3181 1515 3246 laqueo
1567 3179 1730 3246 pedes
1774 3195 1924 3234 meos
1962 3181 2028 3233 ”.
2073 3199 2090 3231 ι

531 3278 586 3330 lu
613 3275 714 3326 hoc
743 3273 885 3326 enim
919 3270 1218 3339 poterimus
1252 3271 1407 3322 nobis
1451 3271 1714 3339 integram
1751 3277 1804 3323 et
1835 3272 2094 3323 intactam

527 3379 855 3420 conservare
888 3362 1085 3416 bonam
1139 3361 1565 3430 possessionem,
1611 3361 1757 3431 quod
1790 3360 1956 3415 Deum
1985 3371 2099 3415 sta-

529 3470 748 3511 tuamus
777 3463 1088 3509 nostrarum
1113 3468 1293 3507 rerum
1323 3455 1628 3507 custodem.
1678 3452 1907 3519 Quando
1951 3455 2095 3508 enim

528 3548 671 3600 oculi
723 3547 824 3600 mei
852 3561 1065 3614 semper
1113 3543 1318 3598 fuerint
1362 3545 1426 3598 ad
1464 3543 1776 3608 Dominum,
1808 3555 1936 3599 tunc
1963 3546 2096 3598 nihil

530 3644 782 3708 poterunt
837 3636 1049 3691 ellicere
1106 3636 1282 3704 laquei
1326 3634 1651 3697 adversarii,
1691 3652 1786 3705 per
1816 3652 1956 3700 quos
2008 3639 2098 3691 ille

530 3730 753 3783 molitur
802 3728 1028 3782 insidias
1108 3728 1176 3782 iis
1233 3744 1354 3796 quae
1405 3738 1533 3783 sunt
1591 3729 1786 3782 animae
1836 3730 2095 3799 pretiosa.

533 3839 552 3872 ιι
609 3819 726 3873 Non
764 3819 879 3882 des,
931 3838 949 3869 ι
994 3820 1187 3888 inquit,
1249 3839 1266 3867 ι
1320 3819 1372 3872 in
1430 3820 1846 3873 commotionem
1910 3820 2096 3889 pedem

530 3926 705 3976 tuum,
755 3920 809 3965 ct
858 3928 963 3964 non
994 3911 1305 3965 dormitabit
1335 3911 1428 3978 qui
1471 3911 1710 3964 custodit
1760 3920 1812 3966 tc
1844 3911 1908 3964 ³³.
1953 3930 1970 3961 ρ
2006 3909 2099 3964 Est

528 4018 656 4072 ergo
689 4017 927 4070 praesens
957 4010 1244 4055 centcxtus
1273 4016 1614 4069 consequens
1644 4003 1689 4054 ei
1735 4003 1827 4070 qui
1866 4017 2098 4069 praeces-

527 4097 618 4150 sit.
654 4095 744 4147 Ille
770 4094 934 4162 jussit
957 4110 1201 4162 qmcrcre
1240 4105 1295 4146 ut
1343 4093 1685 4146 inveniamus
1722 4113 1733 4146 :
1790 4094 1878 4147 hic
1909 4093 2100 4148 suadet

528 4187 806 4241 custodire
847 4203 912 4240 ne
941 4187 1246 4254 perdamus.
1304 4183 1496 4238 Modus
1522 4194 1701 4239 autem
1728 4187 1975 4239 servandi
1999 4186 2099 4239 bo-

527 4295 596 4332 na
627 4288 708 4332 est
739 4279 790 4332 in
822 4278 1104 4347 ejiciendis
1135 4279 1200 4330 iis
1234 4277 1745 4347 quaeintelliguntur
1776 4291 1840 4329 ex
1873 4286 2092 4331 contra-

528 4369 639 4432 rio;
671 4370 941 4438 quomodo
965 4369 1220 4438 oppidum
1253 4367 1394 4436 quod
1431 4367 1731 4430 obsidetur,
1792 4366 1963 4420 tutius
1989 4381 2084 4418 cu-

527 4461 760 4514 stoditur
779 4459 969 4527 ejectis
999 4460 1406 4529 proditoribus:
1457 4458 1694 4528 quandiu
1743 4469 1922 4512 autem
1969 4468 2097 4513 sunt

529 4552 695 4612 intus,
731 4553 902 4621 magis
931 4552 1261 4605 insidiantur
1291 4553 1324 4604 ii
1369 4552 1460 4619 qui
1517 4552 1703 4613 latent,
1737 4566 1898 4619 quam
1934 4551 1967 4603 ii
2003 4552 2095 4619 qui

529 4655 654 4698 sunt
677 4645 846 4711 aperti
877 4644 1080 4697 hostes.
1105 4643 1344 4710 Tempus
1367 4652 1452 4696 est
1477 4643 1647 4705 enim,
1689 4643 1885 4711 inquit,
1911 4652 2096 4696 custo-

528 4735 732 4796 diendi,
763 4743 815 4786 et
843 4746 1053 4801 tempus
1084 4735 1395 4801 abiiciendi.

597 4825 752 4890 Quod
829 4836 1006 4879 autem
1084 4825 1342 4894 deinceps
1401 4827 1666 4896 sequitur,
1717 4828 1951 4880 animam
2027 4827 2094 4880 ad

527 4918 788 4984 majorem
861 4916 928 4968 de
985 4918 1144 4970 rebus
1233 4934 1353 4985 quae
1433 4918 1638 4970 cadunt
1721 4918 1823 4972 sub
1898 4919 2098 4972 intelli-

528 5009 762 5075 gentiam
841 5008 1061 5061 deducit
1133 5009 1558 5076 philosophiam.
1626 5009 1877 5064 Ostendit
1952 5010 2094 5063 enim

527 5097 674 5168 quod
727 5099 1056 5153 universitas
1105 5108 1189 5153 est
1271 5099 1372 5152 sibi
1430 5099 1532 5168 ipsi
1591 5100 1924 5158 continens,
1993 5114 2093 5151 nec

526 5206 792 5261 compago
851 5205 1038 5244 eorum
1087 5205 1208 5259 quae
1261 5191 1462 5244 cadunt
1507 5191 1609 5244 sub
1655 5190 2094 5259 intelligentiam,

527 5283 695 5336 ullam
731 5284 896 5338 habet
938 5283 1294 5338 solutionem.
1337 5283 1430 5336 sed
1477 5293 1562 5335 est
1608 5284 1856 5351 quaedam
1903 5297 2093 5336 eorum

526 5390 648 5444 qua:
675 5385 823 5438 sunt,
854 5376 995 5428 inter
1027 5391 1085 5429 se
1118 5375 1348 5428 invicem
1395 5374 1753 5442 conspiratio.
1782 5373 1965 5440 Neque
2001 5374 2093 5428 ab-

529 5467 768 5526 scissum
803 5477 884 5519 est
915 5468 1228 5520 universum
1267 5467 1336 5519 ab
1364 5481 1426 5519 ea
1457 5480 1578 5532 quas
1613 5474 1696 5518 est
1739 5479 1926 5516 secum
1958 5479 2093 5515 cnn-

2200 3089 2362 3150 αὐτὸς
2413 3087 2676 3140 ἐκσπάσει
2709 3088 2773 3139 ἐκ
2823 3086 3043 3152 παγίδος
3092 3088 3227 3149 τοὺς
3272 3087 3444 3148 πόδας
3486 3103 3602 3155 μου.
3630 3103 3648 3136 t
3689 3082 3760 3135 Ἐν

2197 3178 2369 3249 τούτῳ
2412 3177 2520 3247 γάρ
2553 3179 2666 3229 ἐστι
2703 3177 2768 3230 τὸ
2801 3175 2998 3230 ἄσυλον
3030 3175 3128 3246 τὴν
3170 3176 3389 3248 ἀγαθὴν
3424 3179 3608 3245 κτῆσιν
3643 3175 3757 3244 ἡμῖν

2199 3266 2580 3338 φυλάττεσθαι,
2617 3267 2676 3318 ἐν
2721 3265 2801 3335 τῷ
2837 3265 2927 3317 τὸν
2947 3264 3075 3317 Θεὸν
3113 3266 3345 3333 φύλακα
3369 3266 3478 3318 τῶν
3504 3263 3761 3336 ἡμετέρων

2200 3359 2545 3430 ποιήσασθαι.
2584 3357 2755 3412 Ὅταν
2784 3357 2892 3428 γάρ
2917 3359 2965 3410 οἱ
2990 3356 3268 3428 ὀφθαλμοί
3303 3375 3408 3427 μου
3433 3351 3532 3410 ὦσι
3563 3357 3762 3409 διαπαν-

2197 3451 2286 3513 τὸς
2334 3450 2469 3519 πρὸς
2507 3450 2598 3502 τὸν
2635 3448 2870 3520 Κύριον,
2904 3449 3024 3502 τότε
3067 3449 3354 3520 ἄπρακτοι
3422 3450 3654 3518 γίνονται
3685 3443 3763 3496 τοῦ

2197 3542 2570 3614 ἀντικειμένου
2620 3543 2676 3594 αἱ
2731 3540 2956 3608 παγίδες
2979 3582 2992 3604 ,
3024 3539 3089 3592 δι’
3125 3534 3206 3593 ὧν
3249 3541 3464 3600 ἐκεῖνος
3495 3538 3598 3590 τῶν
3626 3539 3678 3588 ἐν
3708 3536 3762 3602 τῇ

2195 3636 2340 3705 ψυχῇ
2370 3635 2564 3704 τιμίων
2594 3633 2691 3703 τὴν
2720 3632 3005 3700 ἐπιδουλὴν
3026 3631 3381 3700 τεχνάζεται.
3414 3649 3434 3682 ι
3462 3629 3552 3698 Μὴ
3583 3627 3763 3698 διξιης,ι

2199 3728 2382 3796 φησὶν,
2421 3747 2440 3777 ι
2476 3728 2555 3788 εἰς
2598 3723 2757 3778 σάλον
2782 3723 2873 3776 τὸν
2905 3722 3035 3774 πόδα
3067 3738 3191 3787 σου,
3221 3724 3321 3775 καὶ
3372 3722 3434 3774 οὐ
3478 3716 3713 3781 νυστάξει
3743 3715 3768 3765 6

2200 3819 2507 3889 φυλάσσων.
2553 3836 2571 3868 ι
2601 3815 2809 3870 Οὐκοῦν
2837 3813 3132 3877 ἀκόλουθος
3164 3815 3200 3883 ἠ
3240 3812 3501 3884 παροῦσα
3536 3812 3682 3881 ῥῆσις
3705 3802 3771 3874 τῷ

2200 3909 2492 3979 προάγοντι
2526 3908 2688 3974 λόγῳ.
2727 3906 2962 3967 Ἐκεῖνος
2993 3903 3258 3956 ἐκέλευσε
3290 3905 3479 3974 ζητεῖν
3517 3902 3602 3954 ἵνα
3627 3897 3771 3966 εὖρον

2203 4019 2331 4070 μεν,
2363 3994 2512 4060 οὗτος
2546 3997 2837 4064 φυλάσσειν
2876 3995 3268 4066 συμϐουλεύει,
3291 3996 3386 4048 ἵνα
3418 3994 3492 4065 μὴ
3527 3988 3774 4046 ἀπολέσω-

2205 4107 2321 4160 μεν.
2363 4089 2418 4141 ’0
2445 4087 2502 4138 δὲ
2538 4085 2628 4138 τοῦ
2663 4085 2948 4154 φυλάττειν
2969 4085 3036 4136 τὰ
3075 4084 3272 4154 ἀγαθά
3308 4085 3515 4156 τρόπος
3540 4079 3678 4132 ἐστὶν
3724 4077 3773 4125 ἐν

2201 4183 2278 4252 τῷ
2321 4179 2601 4234 ἐκϐάλλειν
2645 4175 2714 4228 τά
2741 4178 2806 4228 ἐκ
2833 4174 2926 4228 τοῦ
2957 4175 3207 4227 ἐναντίου
3253 4173 3532 4244 νοούμενα
3561 4187 3574 4199 ·
3609 4167 3774 4231 ὥσπερ

2202 4272 2294 4324 ἐπὶ
2311 4273 2406 4339 τῆς
2429 4265 2836 4336 πολεμουμένης
2863 4263 3064 4326 πόλεως
3093 4262 3501 4332 ἀσφαλεστέρα
3528 4258 3718 4326 γίνεται
3746 4254 3771 4317 ἡ

2129 4332 2172 4386 θ
2202 4332 2414 4430 φρουρὰ
2451 4332 2851 4425 τϋ›ν’προδοτῶν
2881 4354 3268 4424 ἐκβληθέντων
3306 4372 3320 4384 ·
3355 4355 3465 4417 ἕως
3487 4353 3531 4406 δ’
3563 4351 3626 4406 ἂν
3647 4345 3772 4402 ἐντὸξ

2200 4447 2322 4513 ὦσι,
2363 4449 2560 4519 μᾶλλον
2607 4443 3008 4499 ἐπιδουλεύουσι
3045 4443 3160 4495 τῶν
3195 4445 3464 4514 φανερῶν
3497 4439 3692 4511 ἐχθρῶν
3731 4435 3770 4485 οξ

2201 4541 2570 4602 λανθάνοντες.
2608 4537 2811 4608 Καιρὸς
2845 4535 2972 4607 γὰρ,
2997 4536 3189 4607 φησιν,
3222 4535 3327 4589 τοῦ
3371 4524 3769 4606 φυλάσσειν,καὶ

2203 4634 2390 4704 καιρὸς
2418 4632 2512 4684 τοῦ
2543 4629 2844 4682 ἐκϐάλλειν.

2282 4815 2346 4868 'll
2387 4813 2444 4866 δὲ
2491 4812 2686 4880 ἐφεξῆς
2735 4807 3024 4863 ἀκολουθία
3056 4805 3156 4860 τοῦ
3199 4808 3376 4876 λόγου
3453 4811 3534 4870 εἰς
3583 4795 3767 4876 μείζονὰ

2201 4931 2323 4967 τινα
2367 4913 2465 4982 τὴν
2512 4911 2639 4978 περὶ
2689 4906 2798 4958 τῶν
2841 4902 3046 4974 νοητῶν
3099 4905 3450 4974 φιλοσοφίαν
3495 4903 3594 4972 τὴν
3621 4893 3768 4968 ψυχὴν

2201 5007 2342 5073 ἄγει.
2398 5003 2644 5055 Δείκνυσι
2687 4998 2793 5068 γάρ
2827 4997 2908 5049 ὅτι
2953 4996 3183 5063 συνεχές
3215 4998 3344 5047 ἐστι
3382 4997 3446 5048 τὸ
3480 4995 3588 5047 πᾶν
3627 4983 3775 5050 ἑαυτῷ

2201 5099 2296 5151 καὶ
2326 5098 2424 5148 οὐκ
2455 5095 2565 5164 ἔχει
2594 5090 2714 5143 τινὰ
2737 5090 2890 5141 λύσιν
2915 5090 2947 5157 ὴ
2985 5088 3232 5155 ἁρμονία
3262 5089 3381 5140 τῶν
3411 5085 3634 5156 νοητῶν,
3664 5074 3778 5132 ἀλλά

2199 5191 2283 5252 τίς
2325 5190 2440 5240 ἐστι
2478 5185 2751 5253 σύμπνοια
2778 5180 2886 5232 τῶν
2915 5179 3083 5232 ὄντων
3115 5180 3268 5248 πρὸς
3307 5180 3542 5249 ἄλληλα.
3570 5173 3670 5229 Καὶ
3696 5169 3780 5220 οὐκ

2195 5279 2519 5348 ἀπέσχισται
2565 5274 2627 5326 τὸ
2653 5273 2760 5325 πᾶν
2787 5271 2888 5340 τῆς
2919 5271 3055 5341 πρὸς
3081 5270 3294 5322 ἑαυτὸν
3331 5267 3647 5338 συναφείας,
3678 5255 3779 5312 ἀλλ’

2193 5375 2251 5426 ἐν
2293 5371 2371 5441 τῷ
2405 5365 2544 5422 εἶναι
2601 5365 2749 5435 μένει
2789 5362 2860 5414 τὰ
2910 5362 3088 5414 πάντα
3123 5366 3198 5432 τῇ
3236 5362 3340 5414 τοῦ
3385 5362 3543 5422 ὄντος
3579 5351 3784 5418 δυνάμει

2195 5461 2685 5534 περικρατούμενα.
2719 5455 2793 5507 T6
2830 5455 2888 5506 δέ
2928 5453 3095 5514 ὅντως
3136 5452 3228 5514 ὃν,
3357 5452 3494 5507 αὐτὸ
3534 5442 3781 5516 ἁγαθότηϐ

599 5648 640 5682 ¹⁹
675 5649 820 5705 Psal.
854 5665 962 5718 xu,
995 5649 1048 5702 2.
1128 5649 1170 5680 ¹⁰
1211 5647 1400 5701 Matth.
1435 5663 1528 5711 vn,
1561 5645 1612 5700 8.
1691 5647 1733 5676 "
1775 5643 1934 5698 Prov.
1973 5661 2047 5711 tv,
2077 5647 2098 5699 ﬁ

2244 5646 2288 5678 ²³
2324 5641 2469 5698 Psal.
2501 5655 2646 5707 xxiv,
2692 5636 2776 5690 15.
2855 5635 2899 5666 ⁸³
2934 5632 3077 5689 Psal.
3121 5647 3262 5702 cxx,
3292 5633 3357 5690 3.
