3928 6196
541 251 651 306 727

1734 265 1791 322 S.
1825 266 2149 324 GREGOIiIl
2186 271 2271 326 ΝΥ
2287 273 2475 329 SSENI

3605 285 3693 340 728

543 371 888 441 licclesiae,et
918 389 1111 432 rursus
1141 386 1447 447 opportune
1475 393 1721 444 assuere,
1761 383 1984 451 quando
2010 401 2102 452 per

2216 387 2342 452 δίας.
2410 390 2546 441 Ἀλλ’
2596 389 2704 442 εἴτε
2767 391 2907 442 κατὰ
2953 391 3051 461 τὴν
3103 391 3540 462 προεξετασθεῖσαν
3588 403 3692 470 ἡμῖν

539 462 918 528 pmnitentiam
949 465 1019 520 ab
1049 466 1466 537 inquinamento
1495 469 1652 526 fuerit
1690 473 1899 527 abluta.
1932 472 2101 528 Multa

537 560 718 606 autem
753 553 1024 622 ejusmodi
1055 557 1184 613 licet
1232 559 1417 615 videre
1445 569 1554 615 tam
1600 562 1656 616 in
1683 565 1926 635 antiquis
1977 581 2103 619 nar-

540 642 864 710 rationibus,
901 662 1064 716 quam
1090 649 1145 702 in
1174 649 1276 703 hac
1317 660 1502 707 nostra
1532 654 1662 718 vita,
1707 669 1830 724 quae
1875 671 2102 710 oecono-

537 731 677 787 mice
707 733 843 788 ﬁunt
876 738 932 790 in
975 739 1245 794 ecclesiis.
1303 741 1469 797 Scitis
1499 744 1643 799 enim
1679 761 1708 798 a
1765 747 1965 816 quibus
2007 748 2099 800 ab-

539 824 682 892 rupti
720 840 932 894 sumus,
960 839 1012 882 et
1042 831 1242 900 quibus
1271 835 1566 888 assuimur.
1592 838 1834 892 Abscissi
1867 839 2011 892 enim
2037 838 2105 892 ab

541 913 758 978 haeresi,
790 916 982 984 pietati
1015 934 1080 973 ac
1123 937 1264 975 vera:
1310 923 1561 993 religioni
1605 937 1871 997 perpetuo
1924 929 2103 982 insui-

2209 478 2440 548 Θεωρίαν
2471 480 2750 549 φιλοσοφεῖ
2780 481 2908 552 περὶ
2945 482 3052 534 τῶν
3087 482 3248 535 ὄντων
3274 485 3300 536 6
3326 484 3496 552 λόγος,
3530 490 3622 542 εἴτε
3642 494 3696 548 τὰ

2208 565 2430 620 τοιαῦτα
2475 567 2561 620 διὰ
2603 569 2701 639 τῆς
2747 569 3053 640 συμϐουλῆς
3092 569 3286 638 ταύτης
3320 573 3556 639 παιδεύει,
3585 579 3698 632 κατὰ

2209 657 2384 709 πάντα
2405 655 2466 708 τὸ
2487 657 2760 726 έπωφελές
2780 674 2838 709 τε
2863 660 2954 711 καὶ
2975 659 3237 729 χρήσιμον
3263 663 3531 732 περιέχειή
3555 666 3698 734 ῥῆσις,

2210 747 2269 797 ὲν
2300 746 2475 817 καιρῷ
2522 764 2580 799 τε
2620 748 3010 818 ἀπορρηγνῦσα
3039 743 3114 802 ὧν
3157 753 3357 822 πονηρὰ
3397 755 3428 823 ἡ
3460 756 3700 822 συνάφεια,

2211 839 2305 889 καὶ
2358 838 2494 892 κατὰ
2541 839 2730 911 καιρόν
2784 841 2939 894 πάλιν
2985 842 3318 896 συνάπτουσα
3356 839 3425 898 ὧν
3467 847 3700 920 ὲπωφελής

2210 929 2357 981 ἐστιν
2390 931 2422 1001 ἠ
2451 930 2661 993 ἓνωσις.

539 1021 662 1060 mur
698 1027 712 1062 :
754 1017 883 1064 tunc
909 1013 1185 1068 intuentes
1220 1016 1505 1072 infractam
1552 1019 1808 1076 Ecclesia:
1860 1022 2134 1089 tunicam,
2179 1024 2397 1092 quando
2447 1041 2477 1078 a
2515 1027 2902 1082 communione
2940 1044 3062 1082 cum
3089 1029 3276 1084 haeresi
3303 1030 3455 1086 fuerit
3481 1032 3706 1101 quispiam

538 1099 823 1168 abruptus.
868 1101 973 1157 Sed
1031 1105 1146 1159 sive
1177 1110 1565 1164 convenienter
1617 1114 2092 1183 contemplationi,
2134 1132 2256 1184 quze
2282 1117 2436 1185 prius
2467 1132 2496 1170 a
2560 1119 2721 1172 nobis
2786 1119 2886 1173 fuit
2918 1121 3248 1184 examinata,
3278 1107 3342 1176 de
3375 1123 3438 1176 iis
3465 1099 3570 1192 qua:
3596 1099 3712 1177 dsunt

541 1193 591 1244 id
631 1193 776 1260 quod
808 1192 1016 1248 dictum
1065 1205 1150 1251 est
1188 1199 1649 1270 philosophatur:
1684 1205 1798 1258 sive
1836 1208 1964 1263 dato
2020 1209 2254 1264 consilio
2320 1208 2386 1264 de
2451 1209 2535 1265 his
2581 1210 2785 1275 erudit,
2821 1203 3045 1266 omnino
3092 1213 3333 1268 continet
3378 1222 3633 1269 contextus
3670 1216 3711 1270 id

539 1285 685 1350 quod
722 1292 807 1339 est
835 1288 1204 1356 conducibile,
1248 1301 1306 1344 ut
1344 1293 1437 1362 qui
1477 1302 1532 1347 et
1566 1295 1617 1348 in
1668 1305 1913 1367 tempore
1962 1315 2024 1355 ea
2082 1301 2387 1373 abrumpat,
2425 1319 2657 1374 quorum
2692 1305 2832 1358 mala
2870 1313 2954 1362 est
2983 1306 3308 1370 commistio,
3354 1315 3406 1362 et
3432 1307 3483 1360 in
3514 1315 3715 1376 tempore

543 1390 734 1430 rursus
766 1377 1064 1449 conjungat
1091 1396 1154 1436 ea
1195 1397 1430 1452 quorum
1463 1386 1610 1441 utilis
1633 1395 1716 1440 est
1755 1390 1904 1444 unio.

610 1467 720 1522 Nos
748 1477 928 1524 autem
983 1488 1272 1543 pergamus
1327 1476 1395 1529 ad
1440 1493 1503 1532 ea
1543 1494 1664 1548 qua:
1710 1480 1969 1552 deinceps
2008 1499 2097 1538 se-
2137 1491 2176 1545 Β

540 1567 785 1625 quuntur
812 1561 866 1614 in
901 1571 1181 1627 contextu,
1216 1581 1311 1636 per
1345 1582 1466 1635 qua:
1520 1569 1651 1622 mihi
1681 1570 1897 1624 videtur
1932 1573 2109 1626 oratio

543 1666 637 1717 per
668 1651 1042 1707 sublimiorem
1071 1657 1417 1711 considerata
1461 1659 1890 1729 philosophiam,
1934 1663 2108 1731 majo-

543 1756 654 1794 rem
715 1755 839 1794 cum
899 1744 1085 1798 verbis
1142 1745 1345 1800 habere
1411 1750 1870 1805 convenientiam.
1931 1747 2111 1805 Priori

539 1833 685 1884 cnim
716 1833 836 1887 loco
859 1835 1188 1890 collocatum
1223 1848 1308 1892 est
1343 1847 1558 1910 tempus
1603 1842 1846 1906 tacendi,
1895 1849 1952 1897 et
1991 1850 2112 1910 post

541 1924 822 1978 silentium
856 1925 1006 1979 dedit
1048 1937 1265 1996 tempus
1296 1930 1574 1999 loquendi.
1622 1931 1856 1996 Quando
1887 1948 2018 2002 ergo
2053 1941 2108 1988 ct

539 2016 608 2068 de
641 2015 975 2083 quibusnam
1018 2027 1104 2071 est
1132 2019 1325 2072 melius
1356 2021 1573 2074 tacere?
1599 2019 1804 2075 Dixerit
1838 2023 2111 2091 quispiam

539 2122 602 2158 es
638 2105 709 2158 iis
739 2105 831 2173 qui
869 2107 935 2158 ad
962 2122 1142 2162 mores
1167 2109 1473 2177 aspiciunt,
1509 2126 1651 2180 saepe
1686 2112 1960 2166 silentium
1992 2128 2113 2168 esse

541 2197 826 2251 decentius
855 2213 1130 2261 sermone,
1165 2208 1223 2252 ut
1259 2201 1534 2269 quomodo
1585 2203 1855 2257 discernit
1908 2202 2111 2260 Paulus

541 2293 1007 2360 opportunitatem
1058 2294 1260 2348 silentii
1315 2305 1368 2350 et
1421 2299 1716 2361 sermonis,
1811 2299 2112 2369 aliquando

541 2383 763 2450 quidem
800 2383 1102 2440 decernens
1144 2394 1325 2442 tacere
1363 2403 1376 2440 :
1410 2387 1706 2458 aliquando
1751 2399 1933 2444 autem
1991 2407 2114 2460 per-

545 2474 767 2530 mittens
803 2475 971 2544 loqui.
1003 2496 1021 2526 ι
1049 2477 1240 2532 Omnis
1266 2493 1450 2534 sermo
1490 2480 1666 2535 malus
1697 2496 1760 2535 ex
1797 2497 1892 2535 ore
1921 2491 2111 2537 vestro

545 2580 652 2618 nou
685 2565 992 2634 prodeat".
1020 2586 1037 2617 ι
1078 2565 1204 2622 [Lee
1261 2576 1345 2623 est
1371 2569 1454 2622 lex
1487 2569 1713 2624 silentii.
1767 2570 1874 2624 Sed
1905 2572 1949 2626 si
1988 2573 2112 2636 quis

545 2655 616 2708 sit
638 2656 816 2712 bonus
875 2661 939 2709 a.l
993 2657 1412 2714 aediﬁcationem
1457 2659 1601 2724 ﬁdei,
1648 2669 1705 2713 ut
1752 2661 1842 2715 det
1881 2663 2109 2729 gratiam

547 2747 896 2802 audientibus
926 2765 937 2799 :
977 2749 1084 2804 hoc
1118 2758 1202 2805 est
1239 2761 1450 2820 tempus
1487 2753 1765 2821 laquendi.
1809 2773 1826 2803 ι
1857 2752 2110 2809 Mulieres

2285 1486 2476 1554 Ἡμεῖς
2501 1484 2556 1538 δὲ
2590 1485 2723 1552 πρὸς
2750 1483 2817 1536 τὰ
2849 1482 3050 1552 ἐφεξῆς
3088 1480 3182 1534 τοῦ
3209 1481 3363 1549 λόγου
3396 1479 3715 1550 προέλθωμεν,

2208 1573 2274 1625 δι’
2308 1568 2367 1626 οὗ
2401 1589 2489 1642 μοι
2517 1572 2662 1625 δοκεῖ
2693 1571 2891 1641 μᾶλλον
2917 1572 2944 1622 6
2971 1571 3112 1623 κατὰ
3137 1568 3234 1640 τὴν
3264 1568 3574 1640 ὑψηλοτέραν
3598 1568 3718 1636 φιλο-

2213 1663 2400 1733 σοφίαν
2449 1663 2744 1735 θεωρηθεὶς
2780 1663 2937 1731 λόγος
2981 1660 3302 1724 οἱκειώσεως
3339 1659 3468 1730 πρὸς
3498 1659 3553 1711 τὸ
3591 1659 3721 1729 ῥητὴν

2211 1755 2376 1824 ἔχειν.
2405 1754 2774 1824 Προτέτακται
2801 1753 2908 1824 γὰρ
2932 1755 2960 1804 6
2980 1752 3072 1805 τοῦ
3104 1753 3259 1822 σιγᾷν
3281 1749 3477 1821 καιρὸς,
3504 1750 3587 1802 καὶ
3611 1748 3722 1818 μετὰ

2211 1846 2309 1916 τὴν
2349 1844 2503 1914 σιγὴν
2544 1844 2711 1897 ἔδωκε
2745 1844 2833 1896 τὸν
2879 1842 2974 1895 τοῦ
3017 1843 3194 1909 λέγειν
3231 1840 3433 1911 καιρόν.
3469 1838 3592 1891 Πότε
3619 1834 3723 1898 οὖν,

2212 1939 2305 1991 καὶ
2352 1939 2480 2007 περὶ
2530 1936 2689 1990 τίνων
2733 1935 2793 1989 τὺ
2828 1936 2983 2005 σιγᾷν
3033 1937 3180 1987 ἐστιν
3219 1933 3461 2002 ἄμεινονς
3499 1931 3623 1982 εἴποι
3662 1944 3725 1988 τις

2207 2030 2318 2084 τῶν
2363 2029 2497 2099 πρὸς
2541 2029 2600 2080 τὸ
2632 2024 2761 2098 ἦθος
2801 2028 3104 2097 βλεπόντων
3147 2016 3386 2094 πολλαχῆ
3414 2023 3504 2092 τὴν
3552 2020 3726 2089 σιωπὴν

2211 2118 2714 2190 εὐσχημονεστέραν
2762 2113 2899 2169 εἶναι
2941 2116 3035 2169 τοῦ
3069 2115 3259 2182 λόγου,
3301 2107 3408 2165 οἷον
3445 2109 3608 2172 καθὼς
3633 2109 3727 2160 δια-

2211 2210 2384 2280 κρίνει
2411 2210 2508 2280 τῆς
2537 2208 2743 2277 σιωπῆς
2775 2223 2833 2259 τε
2866 2206 2959 2259 καὶ
2987 2204 3080 2257 τοῦ
3108 2204 3270 2272 λόγου
3303 2203 3398 2272 τὴν
3430 2200 3680 2271 εὐκαιρίαν
3707 2200 3728 2250 6

2211 2301 2442 2363 Παῦλος.
2486 2300 2613 2352 ποτὲ
2651 2299 2749 2368 μὲν
2778 2296 3081 2366 νομοθετῶν
3110 2297 3172 2348 τὸ
3207 2297 3381 2365 σιγᾷν,
3409 2294 3531 2346 ποτὲ
3560 2292 3607 2344 δὲ
3634 2292 3730 2342 ἐπι-

2209 2389 2422 2458 τρέπων
2452 2387 2512 2440 τὸ
2543 2386 2740 2455 λέγειν’
2780 2405 2797 2437 ι
2830 2387 2942 2447 Πᾶς
2988 2383 3145 2453 λόγος
3179 2383 3384 2454 σαπρὸς
3419 2383 3480 2434 ὲκ
3514 2380 3599 2433 τοῦ
3634 2377 3732 2431 στό-

2213 2496 2379 2551 ματος
2411 2478 2565 2548 ὑμῶν
2604 2478 2677 2549 μὴ
2709 2476 3108 2547 ἐκπορευέσθω.
3135 2494 3156 2526 ι
3198 2468 3364 2537 Οὗτος
3400 2472 3594 2542 σιωπῆς
3617 2472 3640 2522 6
3663 2468 3734 2522 νό-

2214 2588 2311 2640 μος
2328 2584 2340 2597 ⁸
2377 2570 2491 2623 ἀλλ’
2518 2569 2668 2632 εἴτις
2695 2569 2896 2639 ἀγαθὸς
2925 2569 3060 2637 πρὸς
3084 2567 3370 2636 οἰκοδομὴν
3391 2565 3485 2634 τῆς
3513 2563 3731 2622 πίστεως,

2211 2664 2295 2715 ἵνα
2336 2660 2412 2732 δῷ
2445 2662 2602 2732 χάριν
2639 2663 2750 2724 τοῖς
2785 2660 3071 2714 ἀκούουσιν
3093 2698 3106 2718 ,
3134 2654 3292 2721 οὗτος
3315 2656 3406 2710 τοῦ
3441 2656 3605 2722 λέγειν
3634 2669 3733 2705 και-

2214 2755 2320 2828 ρός·
2361 2773 2377 2804 ι
2407 2754 2472 2805 Al
2505 2755 2756 2821 γυναῖκες
2793 2754 2850 2803 ἐν
2884 2753 3001 2814 ταῖς
3036 2750 3355 2820 ἐκκλησίαις
3385 2747 3693 2814 σιγάτωσαν
3716 2757 3734 2792 ι

544 2846 762 2891 taceant
793 2839 845 2891 iu
877 2839 1216 2894 ecclesiis”.
1241 2860 1260 2893 ι
1325 2839 1548 2895 llursus
1595 2843 1746 2896 dedit
1793 2851 2012 2911 tempus
2039 2843 2112 2896 si-

2219 2844 2376 2898 πάλιν
2399 2842 2564 2895 ἔδωκε
2593 2845 2660 2912 τῇ
2695 2844 2818 2911 σιγῇ
2846 2841 2938 2894 τὸν
2963 2840 3176 2912 καιρόν.
3215 2859 3232 2892 ι
3257 2840 3318 2892 Εἰ
3337 2837 3392 2890 δέ
3409 2854 3460 2889 τι
3487 2831 3739 2906 μανθάνειν

547 2928 733 2981 lentio.
774 2948 791 2979 ι
824 2928 880 2982 Si
912 2930 1043 2999 quid
1086 2941 1267 2985 autem
1320 2931 1509 2985 volunt
1561 2932 1774 2987 discere
1800 2948 1866 2987 ex
1899 2933 1966 2987 iis
1991 2949 2114 3002 qua:

547 3017 821 3081 nesciunt,
853 3016 1000 3071 domi
1035 3019 1262 3072 maritos
1287 3034 1421 3074 suos
1453 3021 1792 3091 interrogent
1819 3022 1886 3075 ³¹.
1915 3041 1934 3073 ι
1969 3019 2114 3075 Rur-

545 3125 642 3164 sus
703 3109 950 3164 ostendit
1013 3111 1480 3178 opportunitatem
1530 3113 1828 3168 sermonis.
1887 3112 2114 3168 «Nolite

553 3201 772 3254 mentiri
810 3201 954 3254 inter
981 3217 1080 3254 vos
1113 3201 1344 3255 invicem
1369 3201 1435 3256 ³¹.
1473 3222 1492 3252 ι
1524 3201 1649 3258 Haec
1677 3219 1899 3274 quoque
1919 3215 2003 3259 est
2038 3205 2116 3260 si-

549 3290 699 3342 lentii
762 3291 1166 3358 opportunitas.
1225 3289 1554 3360 «Loquatur
1604 3295 1887 3348 veritatem
1941 3309 2115 3348 unus-

546 3379 778 3446 quisque
809 3393 930 3431 cum
970 3381 1220 3448 proximo
1249 3396 1352 3434 suo
1372 3381 1436 3433 ³⁸.
1463 3401 1481 3431 ι
1547 3381 1763 3437 Rursus
1821 3383 1982 3438 datur
2021 3399 2115 3454 po-

550 3477 720 3522 testas
781 3469 1058 3537 loquendi.
1109 3469 1275 3524 Multa
1328 3471 1492 3526 etiam
1556 3473 1870 3542 hujusmodi
1931 3474 2112 3530 aﬂ'erri

551 3565 781 3626 possunt
819 3575 882 3611 ex
909 3560 1074 3614 veteri
1103 3558 1403 3629 Scriptura.
1441 3581 1460 3612 ‹
1493 3561 1626 3616 Dum
1648 3563 1973 3618 consisteret
1995 3581 2116 3633 pec-

549 3657 705 3702 cator
732 3649 1020 3704 adVersum
1058 3667 1162 3717 me,
1209 3652 1496 3716 obsnrdui,
1531 3662 1585 3707 et
1619 3654 1938 3709 humiliatus
1968 3670 2111 3719 sum,

546 3750 601 3794 et
635 3741 759 3794 silui
795 3757 824 3793 a
863 3742 1019 3795 bonis
1039 3742 1107 3808 ",
1152 3753 1206 3797 et
1239 3752 1496 3812 tanquam
1543 3744 1746 3800 surdus
1785 3760 1893 3799 non
1923 3746 2116 3800 audie-

551 3836 694 3896 lzam,
725 3842 779 3887 et
816 3842 1074 3902 tanquam
1099 3842 1283 3890 mutus
1315 3853 1419 3888 non
1449 3838 1700 3906 aperiens
1719 3852 1782 3892 os
1815 3853 1973 3892 suum
1999 3839 2064 3892 ³⁸.
2093 3856 2111 3887 υ

551 3925 732 3980 Mutus
797 3928 851 3979 lit
891 3927 982 3995 qui
1037 3927 1102 3980 ad
1146 3927 1431 3982 referenda
1467 3931 1605 3981 mala
1655 3940 1738 3984 est
1789 3928 2114 3993 immobilis;

550 4019 603 4070 in
636 4017 838 4085 quibus
876 4025 1056 4071 autem
1096 4018 1357 4071 utendum
1391 4026 1474 4072 est
1517 4033 1789 4080 sermone,
1842 4020 2020 4086 aperit
2063 4019 2117 4072 in

2215 2935 2453 2988 θέλουσιν
2485 2928 2560 2986 ὧν
2603 2931 2917 3001 ἀγνοοῦσιν,
2965 2933 3023 2984 ὲν
3053 2931 3191 3002 οἴκῳ
3221 2930 3349 2990 τοὺς
3385 2928 3537 2990 ἰδίους
3574 2923 3740 2992 ἄνδρας

2214 3028 2642 3100 ἐπερωτάτωσαν
2659 3041 2673 3053 ·
2690 3045 2708 3077 ι
2738 3024 2897 3078 πάλιν
2916 3021 3159 3088 ἐπέδειξε
3182 3021 3278 3075 τοῦ
3299 3019 3456 3088 λόγου
3475 3019 3567 3086 τὴν
3588 3014 3742 3066 εὐκαι-

2216 3117 2358 3189 ρίαν.
2383 3132 2400 3163 ι
2418 3113 2508 3183 Μὴ
2531 3113 2792 3182 ψεύδεσθε
2823 3114 2902 3177 είς
2936 3113 3232 3181 ἀλλήλους·
3263 3131 3282 3165 ι
3303 3113 3396 3165 καί
3415 3107 3546 3175 αὕτη
3565 3102 3741 3169 σιωπῆς

2214 3206 2461 3277 εὐκαιρία
2495 3225 2511 3256 ι
2537 3204 2778 3258 Λαλείτω
2803 3193 3058 3272 ἀλήθειαν
3090 3201 3326 3264 ἕκαστος
3361 3198 3492 3270 μετὰ
3518 3195 3602 3250 τοῦ
3630 3193 3739 3260 πλη-

2216 3303 2328 3356 σίον
2361 3299 2546 3356 αὑτοῦ·
2579 3319 2596 3350 ι
2637 3298 2797 3351 πάλιν
2821 3298 2855 3366 ἡ
2885 3294 3097 3360 ἐξουσία
3126 3293 3224 3347 τοῦ
3251 3292 3430 3361 λόγου.
3472 3289 3574 3342 Καὶ
3603 3282 3742 3337 πολλὰ

2212 3393 2435 3448 τοιαῦτα
2477 3391 2624 3444 ἐστιν
2664 3391 2838 3442 εἰπεῖν
2873 3387 2967 3441 καὶ⁵
3017 3389 3081 3440 ὲκ
3115 3387 3222 3456 τῆς
3254 3379 3597 3455 ἀρχαιοτέρας
3629 3375 3744 3444 Γρα-

2215 3487 2320 3556 φῆς
2339 3501 2351 3514 ⁸
2386 3502 2404 3535 ι
2436 3483 2521 3534 Ἐν
2541 3480 2618 3549 τῷ
2635 3478 2894 3546 συστῆναι
2915 3477 3003 3531 τὸν
3025 3475 3356 3546 ἁμαρτωλὸν
3387 3469 3612 3527 ἐναντίον
3643 3481 3743 3556 μου.

2217 3554 2532 3644 ἐκωφὼθην,
2559 3571 2653 3625 καὶ
2679 3567 3064 3638 ἐταπεινώθην,
3092 3569 3191 3620 καὶ
3213 3566 3442 3634 ὲσίγησα
3464 3561 3520 3625 ἐξ
3538 3554 3744 3626 ἀγαθῶν,

2219 3669 2306 3720 καὶ
2339 3665 2470 3718 ὡσεὶ
2511 3663 2691 3730 κωφὸς
2738 3661 2837 3713 οὐκ
2883 3660 3108 3729 ἤκουον,
3161 3657 3256 3710 καὶ
3307 3655 3437 3707 ὡσεὶ
3467 3651 3644 3710 ἄλαλος
3669 3645 3748 3697 οὐκ

2216 3759 2446 3825 ἀνοίγων
2469 3756 2529 3808 τὸ
2550 3753 2720 3822 στόμα
2743 3749 2927 3805 αὑτοῦ.
2951 3750 3235 3816 »Ἀφωνος
3256 3747 3460 3817 γίνεται
3478 3745 3505 3796 6
3532 3739 3649 3811 πρὸς
3669 3737 3749 3804 τὴν

2218 3848 2481 3903 ἀντίδοσιν
2506 3844 2599 3898 τοῦ
2627 3841 2797 3896 κοικοῦ
2831 3841 3003 3912 μένων
3027 3839 3289 3908 ἀκίνητος
3310 3856 3324 3870 ·
3352 3839 3409 3889 ὲν
3437 3829 3514 3897 οἷς
3533 3832 3584 3884 δὲ
3615 3842 3751 3898 προσ-

2219 3940 2341 4008 ήκει
2365 3935 2440 4006 τῷ
2475 3934 2616 4003 λόγῳ
2649 3930 2982 4002 χρήσασθαι,
3020 3930 3232 3997 ἀνοίγει
3276 3931 3332 3979 ἐν
3371 3921 3681 3995 παραϐολαῖς
3703 3913 3751 3966 τὸ

2222 4031 2428 4098 στόμα,
2463 4025 2757 4095 φθέγγεται
2807 4022 3206 4095 προϐλήματα,
3263 4021 3463 4090 πληροῖ
3511 4015 3566 4068 τὸ
3611 4010 3754 4098 στόμα

554 4107 830 4177 parabolis
859 4122 922 4162 os
946 4123 1128 4173 suum,
1162 4110 1405 4178 loquitur
1449 4112 1878 4179 propositiones,
1927 4111 2116 4180 implet

2221 4094 2497 4181 αἰνέσεως,
2526 4116 2768 4183 κάλαμον
2803 4094 2945 4165 ποιεῖ
2978 4113 3074 4181 τὴν
3097 4111 3376 4178 γλῶσσαν.
3417 4105 3570 4158 Ἀλλὰ
3595 4101 3640 4152 τί
3669 4094 3752 4166 χρὴ

553 4215 614 4254 os
643 4216 802 4255 suum
837 4199 1016 4261 laude,
1053 4200 1291 4268 linguam
1323 4216 1476 4252 suam
1513 4203 1642 4255 facit
1674 4202 1972 4255 calamum.
2010 4200 2116 4254 Sed

551 4309 676 4347 cum
741 4293 852 4346 sint
908 4293 1331 4347 innumerabilia
1381 4308 1503 4361 quae
1559 4294 1611 4346 in
1665 4292 1951 4361 Scriptura
1993 4301 2122 4346 sunt

551 4385 820 4453 exempla,
881 4384 1010 4454 quid
1047 4399 1185 4454 opus
1215 4394 1300 4439 est
1343 4386 1617 4441 subtiliter
1652 4401 1814 4454 agere
1860 4387 1913 4437 in
1947 4385 2014 4438 iis
2055 4384 2121 4437 de

553 4476 754 4545 quibus
777 4475 1028 4530 constat?
1050 4475 1202 4541 Quod
1237 4484 1416 4530 autem
1448 4485 1572 4530 ante
1592 4477 1694 4530 hoc
1729 4476 1858 4529 mihi
1887 4476 2120 4544 primum

555 4571 606 4620 in
642 4584 703 4621 os
738 4569 904 4628 venit,
942 4576 1126 4635 utpote
1157 4567 1303 4636 quod
1347 4566 1560 4620 tacendi
1610 4578 1663 4620 et
1716 4567 1971 4636 loquendi
2019 4581 2122 4635 op-

559 4659 864 4725 portunitas
893 4660 1186 4712 conveniat
1220 4658 1691 4726 contemplationi,
1727 4672 1848 4727 qua:
1879 4656 2006 4710 data
2039 4664 2124 4712 est

557 4751 624 4802 de
653 4758 876 4817 ruptura
903 4758 955 4803 et
983 4758 1200 4810 sutura,
1253 4748 1308 4802 id
1364 4746 1487 4801 volo
1539 4761 1730 4802 rursus
1776 4758 2028 4812 sumere,
2072 4751 2128 4798 et

560 4839 748 4907 paucis
779 4841 981 4894 dicere.
1012 4838 1148 4892 Nam
1184 4846 1239 4892 et
1275 4837 1386 4890 illic
1415 4852 1537 4890 cum
1567 4853 1687 4906 quae
1725 4836 1864 4889 male
1903 4845 2126 4890 contra-

562 4933 642 4983 rio
673 4928 1003 4990 adlizeserat,
1037 4928 1270 4980 animam
1302 4927 1637 4996 abripuisset
1684 4928 1882 4989 oratio,
1909 4927 1974 4980 ad
2007 4927 2127 4994 ejus

556 5021 700 5089 quod
738 5034 862 5074 vere
889 5028 971 5072 est
1007 5018 1264 5071 unionem
1305 5033 1424 5071 eam
1455 5018 1680 5071 deduxit
1719 5033 1814 5086 per
1848 5018 2124 5072 adhmsio-

560 5128 703 5173 nam,
754 5107 899 5177 quod
934 5108 1152 5174 quidem
1210 5107 1516 5160 orationem
1554 5106 1812 5161 excedit:
1847 5121 1968 5175 qua:
2007 5106 2129 5175 qui-

557 5204 680 5256 dem
709 5201 853 5254 dicta
886 5207 1014 5254 sunt
1045 5199 1096 5268 in
1132 5199 1219 5252 his
1267 5213 1388 5267 qua:
1430 5199 1758 5266 praecedunt.
1812 5197 1912 5250 llic
1947 5207 2126 5251 autem

563 5301 853 5364 propterea
897 5291 1028 5345 mihi
1061 5291 1282 5344 videtur
1333 5290 1500 5358 priori
1549 5291 1670 5343 loco
1722 5290 1960 5358 positum
2001 5305 2129 5344 esse

562 5397 768 5449 tacere,
812 5385 953 5453 quod
990 5382 1122 5436 illud
1159 5382 1305 5452 quod
1351 5397 1513 5436 omne
1549 5397 1750 5435 nomen
1801 5391 2028 5450 superat
2074 5391 2129 5436 et

637 5561 680 5592 τ’
722 5559 920 5629 ῐείρὶιρε.
955 5576 1024 5616 ιν.
1059 5559 1148 5611 ‘29.
1227 5559 1270 5588 ³ο
1313 5557 1328 5610 1
1360 5559 1633 5629 (Σιιιοηκιν,
1657 5557 1746 5610 ⁸54.

567 5627 780 5696 xxxvii,
811 5631 887 5683 ιι.
966 5631 1008 5660 ³⁵
1051 5629 1193 5683 Psal.
1233 5644 1434 5691 Lxxm,
1462 5627 1546 5679 "ll.

1824 5556 1862 5587 ³¹
1907 5556 2025 5610 Col.
2047 5558 2201 5620 "1,9.

2225 4210 2430 4281 μυρίων
2488 4207 2655 4258 όντων
2699 4206 2756 4256 ὲν
2812 4205 2881 4272 τῇ
2935 4202 3120 4272 Γραφῇ
3177 4201 3290 4253 τῶν
3345 4192 3750 4281 ὑποδειγμάτων..

2221 4273 2570 4369 λεπτουργεῖν
2592 4296 2649 4347 ὲν
2681 4296 2791 4356 τοῖς
2814 4290 3272 4362 ὁμολογουμένοις
3305 4289 3397 4341 τὸν
3418 4287 3596 4376 λόγον;
3626 4282 3680 4330 Ὂ
3704 4273 3753 4376 fg

2226 4407 2317 4458 μοι
2341 4388 2446 4458 πρὸ
2467 4385 2668 4439 τούτων
2696 4384 2788 4436 ἐπὶ
2806 4383 2928 4435 νοῦν
2959 4377 3142 4452 ἦλθεν,
3178 4381 3260 4443 ὡς
3285 4397 3352 4432 συ
3361 4373 3661 4448 μφωνούσης
3677 4373 3753 4458 τῆς

2222 4455 2350 4548 περὶ
2382 4455 2474 4528 τοῦ
2508 4475 2664 4544 σιγᾷν
2700 4472 2794 4525 καὶ
2835 4471 3016 4524 λαλεῖν
3045 4468 3340 4540 εὐκαιρίας
3387 4469 3452 4536 τῇ
3481 4455 3753 4555 ἀποδοθείσῃ

2224 4547 2352 4638 περὶ
2375 4566 2468 4619 τοῦ
2499 4568 2776 4636 ρήγματος
2795 4563 2890 4615 καὶ
2912 4563 3010 4633 τῆς
3029 4562 3210 4632 ραφῆς
3234 4559 3463 4632 θεωρίᾳ,
3491 4552 3637 4610 τοῦτο
3659 4547 3752 4618 βού-

2223 4660 2386 4730 λομαι
2411 4657 2574 4710 πάλιν
2611 4653 2960 4709 έπαναλαδὼν
2979 4694 2993 4717 ,
3019 4655 3086 4707 δι’
3107 4654 3311 4721 ὀλίγων
3335 4653 3527 4705 εἰπεῖν.
3564 4644 3684 4698 Ἐκεῖ
3706 4653 3748 4730 ῖε

2224 4728 2334 4820 γάρ
2355 4749 2453 4820 τὴν
2474 4747 2657 4810 κακῶς
2679 4746 2757 4816 τῷ
2782 4745 3006 4815 ἐναντίῳ
3034 4748 3413 4814 προσφυεῖσαν
3437 4740 3603 4811 ψυχὴν
3626 4728 3751 4798 ἁττορ-

2227 4840 2395 4912 ῥήξας
2431 4840 2459 4891 6
2486 4839 2641 4907 λόγος
2669 4841 2746 4901 εἰς
2774 4838 2964 4890 ἕνωσιν
3006 4837 3183 4907 ήγαγε
3220 4836 3317 4889 τοῦ
3345 4835 3514 4895 ὅντως
3537 4831 3666 4888 ὄντος
3688 4821 3753 4873 διὰ

2225 4933 2323 5001 τῆς
2345 4929 2811 5000 προσκολλήσεως,
2839 4929 2974 4995 ὅπερ
3004 4928 3143 4997 ὑπὲρ
3173 4927 3338 4995 λόγον
3362 4925 3528 4985 ἐστὶν,
3553 4920 3585 4974 ἃ
3606 4921 3629 4971 6
3654 4927 3755 4981 πρθ·

2227 5020 2403 5073 λαϐὼν
2421 5019 2668 5072 ἀπέδωκε
2696 5019 2871 5086 λόγος.
2890 5017 3153 5071 Ἐνταῦθα
3177 5035 3238 5070 τε
3261 5018 3349 5070 διὰ
3365 5015 3519 5070 τοῦτό
3547 5028 3626 5082 μοι
3644 5002 3758 5099 δοκξῖ

2226 5110 2288 5161 τὸ
2319 5109 2476 5178 σιγᾷν
2509 5106 2898 5179 προτετάχθαι·
2929 5104 3070 5157 τοῦτ’
3102 5103 3223 5156 ἔστι
3263 5104 3400 5156 διότι
3441 5100 3496 5152 τὸ
3525 5096 3648 5162 ὑπὲρ
3673 5096 3758 5140 πᾶν

2229 5200 2402 5250 ἐκεῖνο
2431 5196 2608 5267 νόημά
2643 5213 2702 5248 τε
2735 5196 2828 5248 καὶ
2855 5195 3052 5264 ὄνομα,
3088 5194 3115 5246 ὃ
3165 5196 3195 5263 ἡ
3228 5193 3326 5246 τοῦ
3361 5189 3527 5245 κακοί
3554 5182 3760 5268 itm-M3:

2227 5289 2384 5354 γεῖσα
2415 5284 2558 5354 ψυχὴ
2589 5283 2684 5336 καὶ
2717 5281 2867 5353 ζητεῖ
2893 5280 3186 5344 διαπαντὸς
3205 5320 3220 5342 ,
3268 5279 3366 5332 καὶ
3399 5272 3674 5345 ἐνραφῆναι
3699 5276 3761 5360 ἴῳ

2230 5378 2504 5450 εὑρεθέντι
2532 5377 2759 5444 ἐφίεται,
2794 5374 2951 5427 τοῦτο
2979 5375 3156 5442 πάσης
3188 5364 3584 5442 ἑρμηνευτικῆς
3613 5366 3764 5427 eum;

3567 5539 3604 5569 ³³
3643 5526 3761 5587 Psal.

2283 5557 2324 5586 ³⁸
2367 5551 2770 5624 Ephes.tv,‘25.
2852 5553 2894 5583 ³³
2936 5550 3078 5607 l’sal.
3107 5564 3346 5611 xxxvm,
3385 5545 3494 5600 1.5.
