3928 6196
219 182 295 236 729
1180 169 1245 224 ιΝ
1288 164 1824 224 ECCLESIAS’I‘EN.
1867 162 2148 219 HOMILIA
2189 162 2295 216 VII.

3309 153 3409 206 Tit)

213 295 328 344 ἔστιν
362 286 692 357 ὑψηλότερον.
744 284 922 356 Ὅπερ
955 287 984 338 ὁ
1023 283 1343 353 φιλονεικῶν
1373 283 1478 337 ὑπὸ
1511 283 1610 352 τὴν
1638 281 1732 336 τοῦ

1848 281 2248 351 cogitationem,
2283 273 2427 346 quod
2455 291 2484 327 a
2526 289 2671 328 maio
2700 275 2934 344 abrupta
2958 273 3142 327 anima
3173 281 3228 328 et
3257 289 3406 341 qua:-

209 383 338 448 λόγου
381 375 640 447 σημασίαν
697 374 1007 439 καθέλκειν,
1087 375 1338 428 λανθάνει
1396 373 1732 443 πλημμελῶν

209 474 272 534 εἰς
285 470 336 521 τὸ
356 467 513 520 Θείον.
555 466 628 518 Τὸ
653 465 762 535 γὰρ
795 465 935 535 ὑπὲρ
968 466 1076 518 πᾶν
1101 460 1241 519 εἶναι
1273 464 1732 533 πεπιστευμένον,

208 564 283 616 καὶ
312 559 435 628 ὑπὲρ
475 558 628 626 λόγον
661 559 875 622 πάντως
924 558 1090 612 ἐστίν.
1145 559 1205 611 '0
1236 558 1292 611 δὲ
1339 558 1481 627 λόγῳ
1510 557 1733 627 διαλαμ-

207 656 358 708 ϐάνειν
384 652 668 720 ἐπιχειρῶν
705 651 764 702 τὸ
789 651 1060 721 ἀόριστον,
1091 650 1273 704 οὐκέτι
1300 651 1483 702 δίδωσι
1512 649 1572 701 τὸ
1597 649 1735 718 ὑπὲρ

209 744 292 793 πᾶν
315 737 438 791 εἶναι
474 741 647 791 ἐκεῖνο
674 738 702 790 ὃ
728 738 1034 806 ἀντεξάγει,
1070 738 1164 790 τὸν
1205 737 1334 790 ίδιον
1371 737 1528 804 λόγον
1562 735 1737 789 τοιοῦ-

205 833 274 883 τὸν
314 849 360 883 τι
398 831 486 882 καὶ
525 831 778 882 τοσοῦτον
817 825 952 882 εἶναι
1003 829 1285 897 οἰόμενος,
1325 823 1436 882 οἶον
1475 829 1570 881 καλ⁸
1615 829 1737 881 ὅσον

205 924 344 972 simi:
373 922 398 972 ὁ
427 920 578 988 λόγος
603 919 903 990 ἐχώρησεν,
941 919 1041 970 οὐκ
1063 917 1218 980 εἰδὼς
1236 919 1318 971 ὃτι
1348 920 1405 970 ἐν
1431 919 1507 988 τῷ
1544 920 1738 970 πεπεῖ-

205 1013 302 1064 σθαι
326 1013 454 1081 ὑπὲρ
485 1011 686 1079 γνῶσιν
712 1007 848 1063 εἶναι
887 1011 948 1064 τὸ
978 1010 1151 1073 Θεῖον,
1170 1011 1226 1063 ἐν
1252 1009 1426 1080 τούτῳ
1454 1011 1486 1080 ἡ
1511 1010 1736 1080 θεοπρε-

205 1106 291 1170 πὴς
322 1104 435 1172 περὶ
469 1101 564 1154 τοῦ
591 1102 758 1164 ὅντως
806 1102 954 1163 ὄντος
990 1101 1317 1170 φυλάσσεται
1363 1101 1538 1154 ἔννοια
1561 1116 1574 1129 °
1607 1099 1737 1153 διότι

203 1197 290 1248 πᾶν
319 1195 374 1246 τὸ
397 1197 450 1246 ἐν
475 1197 542 1264 τῇ
578 1195 750 1246 κτίσει
784 1193 864 1257 ὃν,
897 1194 1031 1264 πρὸς
1059 1194 1120 1246 τὸ
1151 1193 1408 1261 συγγενὲς
1434 1193 1498 1245 ἐκ
1525 1191 1739 1260 φύσεως

203 1284 378 1352 βλέπει.
415 1284 519 1335 Καὶ
547 1282 695 1333 οὐδὲν
720 1282 828 1334 τῶν
855 1282 1022 1334 ὄντων
1047 1281 1106 1345 ἐξ
1139 1281 1334 1334 ἑαυτοῦ
1361 1281 1648 1350 γενόμενον
1683 1281 1741 1332 ἐν

199 1376 260 1445 τῷ
289 1372 413 1428 εἶναι
459 1376 634 1445 μένει.
678 1377 751 1427 UO
798 1375 910 1445 πῦρ
955 1379 1014 1427 ἐν
1055 1374 1239 1437 ὕδατι,
1274 1374 1372 1426 οὐκ
1409 1375 1467 1425 ὲν
1500 1373 1632 1443 πυρὶ
1680 1372 1742 1424 τὸ

201 1468 337 1537 ὕδωρ,
365 1469 458 1520 οὐκ
487 1469 548 1519 ἐν
576 1467 653 1537 τῷ
681 1466 826 1536 βυθῷ
854 1467 914 1518 τὸ
943 1468 1212 1536 χερσαῖον,
1254 1466 1354 1517 οὐκ
1383 1467 1438 1516 ἐν
1464 1467 1530 1534 τῇ
1565 1465 1741 1534 χέρσῳ

199 1558 246 1609 τὸ
272 1558 494 1628 ἔνυδρον,
528 1558 631 1609 οὐκ
662 1560 717 1608 ἐν
746 1559 868 1627 ἀέρι
904 1557 964 1609 τὸ
992 1557 1223 1624 ἔγγειον,
1251 1555 1350 1608 οὐκ
1381 1557 1439 1607 ἐν
1471 1557 1541 1625 γῇ
1580 1554 1741 1608 πάλιν

1838 373 1910 426 rit
1965 378 2252 440 perpetuo,
2305 377 2359 423 et
2403 365 2686 421 desiderat
2722 367 2870 420 insui
2907 366 2955 420 ei
3003 364 3148 434 quod
3185 373 3271 418 est
3318 365 3405 418 in—

1836 471 2084 527 ventum,
2126 464 2179 517 id
2215 469 2300 517 est
2334 463 2500 514 altius
2524 475 2687 528 quam
2745 467 2806 511 ut
2833 459 2943 512 ulla
2977 473 3080 512 vox
3129 458 3182 512 id
3233 461 3406 527 possit

1840 555 2215 626 interpretari.
2268 553 2425 619 Quod
2486 551 2708 621 quidem
2766 550 2859 620 qui
2905 550 3192 604 contendit
3225 549 3407 603 detra-

1838 646 1970 700 here
1999 645 2066 699 ad
2098 646 2377 701 sermonis
2412 641 2898 713 signiﬁcationem,
2923 640 3251 709 imprudens
3276 654 3406 708 pec-

1838 746 1928 791 cat
1952 739 2004 791 in
2041 736 2231 791 Deum.
2283 735 2441 800 Quod
2470 735 2614 788 enim
2654 733 2928 787 creditum
2965 739 3052 786 est
3083 745 3205 784 esse
3241 744 3406 798 supra

1840 831 2184 894 universum,
2249 829 2476 882 omnino
2528 834 2613 880 est
2659 825 2822 877 etiam
2864 840 3034 894 supra
3074 824 3404 877 oralionem.

1839 920 1944 986 Qui
1996 929 2180 973 autem
2241 917 2714 987 comprehendere
2761 924 3000 969 conatur
3061 915 3310 967 oratione
3353 913 3405 966 id

1842 1011 1990 1082 quod
2026 1011 2197 1064 nullis
2239 1010 2438 1064 linibns
2485 1016 2664 1078 potest
2710 1006 3118 1066 circumscribi,
3166 1021 3273 1059 non
3302 1005 3410 1058 uti»

1839 1118 1948 1172 que
1997 1101 2253 1157 concedit
2314 1115 2484 1169 supra
2524 1099 2846 1153 universum
2903 1112 3026 1152 esse
3083 1098 3216 1151 illud
3263 1096 3408 1165 quod

1840 1203 2031 1247 contra
2073 1191 2316 1257 adducit,
2355 1200 2415 1245 ut
2457 1192 2550 1261 qui
2585 1206 2739 1246 suam
2789 1191 3100 1244 orationem
3149 1189 3308 1242 talem
3355 1197 3409 1243 et

1841 1291 2048 1338 tantam
2071 1299 2194 1338 esse
2225 1292 2396 1352 putet,
2432 1283 2649 1353 qualem
2675 1290 2730 1337 et
2751 1289 3013 1352 quantam
3048 1282 3411 1349 comprehen—

1841 1374 1922 1428 dit
1951 1375 2147 1440 oratio,
2180 1375 2436 1429 nesciens
2468 1375 2614 1444 quod
2659 1375 2713 1427 in
2749 1389 2814 1427 eo
2845 1373 2991 1442 quod
3025 1372 3411 1434 sitereditum,

1843 1465 2014 1520 Deum
2045 1481 2171 1521 esse
2211 1482 2377 1535 supra
2426 1466 2824 1536 cognitionem,
2884 1465 2938 1518 in
2973 1480 3038 1516 eo
3079 1479 3202 1532 qua:
3243 1461 3411 1515 Deum

1843 1555 2019 1616 decet,
2054 1554 2544 1624 comprehenditur
2589 1553 2709 1622 ejus
2750 1553 2897 1622 quod
2937 1568 3063 1606 vere
3098 1559 3183 1606 est
3210 1551 3363 1604 notio
3397 1567 3409 1603 :

198 1648 245 1700 τὸ
269 1647 518 1718 ἐναέρονο
566 1648 680 1700 ἀλλ’
713 1649 768 1699 ἐν
794 1651 904 1709 τοῖς
935 1647 1084 1709 ίδίοις
1126 1647 1354 1699 ἕκαστον
1398 1647 1555 1715 μένον
1592 1647 1737 1715 ὅροις

1848 1647 2105 1716 quoniam
2148 1647 2413 1716 quidquid
2447 1656 2532 1701 est
2573 1647 2626 1698 in
2657 1654 2932 1705 creatura,
2969 1647 3217 1697 intuetur
3245 1642 3311 1694 ad
3360 1641 3412 1694 id

199 1739 276 1807 τῆς
300 1738 502 1806 φύσεως
521 1781 534 1802 ,
576 1740 679 1801 ἕως
706 1740 826 1791 τότε
861 1739 1027 1800 ἐστιν,
1059 1737 1164 1800 ἓως
1193 1737 1258 1790 ἂν
1287 1737 1392 1790 τῶν
1420 1737 1565 1790 ἰδίων
1597 1739 1738 1808 ὅρων

198 1829 321 1891 ἐντὸς
350 1830 498 1898 μένῃ.
538 1830 600 1881 ΕΞ
627 1828 682 1880 δὲ
713 1828 816 1892 ἔξω
845 1828 1038 1881 ἑαυτοῦ
1070 1828 1300 1896 γένοιτο,
1335 1827 1491 1890 ἐκτὸς
1521 1829 1614 1880 καὶ
1645 1826 1737 1880 τοῦ

198 1916 307 1970 εἶναι
333 1923 618 1987 γενήσεται
639 1933 652 1946 '
701 1920 795 1970 καὶ
828 1918 1016 1988 ὥσπερ
1048 1917 1155 1970 τῶν
1184 1915 1552 1989 αἰσθητηρίων
1586 1919 1618 1988 ἡ
1652 1917 1741 1970 δύ-

197 2027 357 2080 ναμις,
402 2013 523 2071 ταῖς
578 2010 714 2082 καιτά
751 2009 910 2079 φύσιν
959 2011 1258 2080 ἐνεργείαις
1313 2009 1737 2080 παραμένουσα,

200 2100 461 2168 μεταϐῆναι
501 2099 643 2169 πρὸς
670 2100 770 2170 τὴν
799 2100 1203 2170 παρακειμένην
1224 2101 1285 2152 οὐ
1316 2100 1558 2154 δύναται.
1602 2099 1740 2153 Οὔτε

197 2190 282 2258 γὰρ
307 2190 581 2258 ὀφθαλμὸς
623 2189 691 2241 τὰ
723 2191 819 2260 τῆς
848 2191 1018 2260 ἀκοῆς
1065 2193 1400 2261 ἐνεργεῖται,
1446 2189 1570 2244 οὔτε
1604 2190 1742 2262 ἀκοὴ

197 2281 404 2345 γεύεται,
430 2281 561 2332 οὔτε
585 2280 696 2350 ἀρὴ
724 2281 1050 2348 διαλέγεται,
1085 2280 1210 2334 οὗτε
1234 2282 1268 2351 ἡ
1297 2281 1518 2350 γλῶσσα
1546 2282 1614 2334 τά
1644 2283 1743 2353 τῆς

177 2371 341 2440 ’ὂψεως
381 2372 413 2442 ἢ
453 2373 524 2424 τὰ
561 2372 662 2440 τῆς
692 2374 862 2443 ἀκοῆς
905 2373 1148 2445 ἐνεργεῖ,
1199 2373 1313 2426 ἀλλ’
1345 2373 1574 2436 ἕκαστος
1618 2374 1743 2444 ὅρον

197 2459 288 2526 ίχει
311 2459 402 2526 τῆς
429 2459 570 2522 ίδίας
607 2459 918 2528 δυνάμεως,
948 2460 1045 2530 τὴν
1073 2459 1215 2514 κατά
1241 2460 1398 2528 φύσιν
1426 2460 1704 2532 ἐνέργειαν
1727 2477 1741 2488 ·

195 2549 311 2602 οὕτω
335 2551 420 2603 καὶ
449 2553 607 2603 πᾶσα
635 2552 668 2620 ἡ
700 2549 872 2613 κτίσις
906 2551 1010 2616 ἐξω
1040 2551 1239 2621 ἑαυτῆς
1258 2550 1508 2619 γενέσθαι
1541 2552 1629 2606 διὰ
1646 2552 1745 2624 τῆς

197 2643 582 2713 καταληπικῆς
603 2643 832 2712 Θεωρίας
857 2643 915 2695 οὐ
945 2642 1190 2700 δύναται,
1212 2643 1327 2695 ἀλλ’
1355 2644 1412 2695 ἐν
1434 2643 1570 2714 αὐτῇ
1597 2643 1745 2713 μένει

193 2735 287 2799 ἀεὶ,
319 2737 405 2788 καὶ
443 2737 590 2804 ὅπερ
635 2735 700 2788 ἂν
736 2735 848 2807 ἴδῃ,
893 2735 1092 2806 ἑαυτὴν
1132 2734 1352 2804 βλέπει,
1389 2734 1490 2788 κᾶν
1535 2734 1744 2805 οἰηθείη

191 2842 232 2876 τι
263 2827 389 2896 ὑπὲρ
409 2827 617 2896 ἑαυτὴν
643 2825 879 2895 βλέπειν,
910 2826 970 2878 τὸ
1025 2827 1180 2889 ἐκτὸς
1204 2827 1403 2896 ἑαυτῆς
1431 2826 1592 2895 φύσιν
1620 2827 1746 2879 ἰδεῖν

193 2915 273 2968 οὐκ
303 2917 408 2986 ἔχει
425 2935 438 2949 ·
477 2912 598 2970 οἷον
638 2917 737 2986 τὴν
774 2917 1206 2988 διαστηματικὴν
1229 2918 1436 2971 ἔννοιαν
1463 2919 1520 2971 ἐν
1548 2921 1613 2988 τῇ
1637 2918 1747 2971 τῶν

189 3006 331 3058 ιντωι
374 3008 585 3079 θεωρία
614 3007 902 3078 παρελθεῖν
943 3007 1209 3078 βιάζεται,
1237 3008 1350 3062 ἀλλ’
1383 3009 1444 3061 οὐ
1479 3008 1747 3079 παρέρχε-

190 3113 282 3150 ται.
307 3100 470 3153 Παντὶ
511 3101 630 3170 γὰρ
668 3099 749 3169 τῷ
791 3101 1166 3171 εὑρισκομένῳ
1194 3101 1424 3170 νοήματι
1457 3100 1749 3172 συνθεωρεῖ

187 3187 377 3250 πάντως
405 3188 466 3240 τὸ
511 3187 1178 3257 συγκαταλαμὸανὸμενον
1220 3191 1287 3259 τῇ
1332 3187 1624 3241 ὑποστάσει
1655 3188 1746 3242 τοῦ

187 3281 446 3349 νωυμένου
487 3281 772 3351 διάστημα
795 3297 810 3310 ο
848 3279 908 3332 τὸ
944 3280 1000 3332 δὲ
1032 3280 1304 3350 διάστημα
1349 3281 1499 3332 οὐδὲν
1539 3280 1746 3350 ἄλλο,ἢ

182 3370 336 3433 κτίσις
377 3372 528 3423 ἐστίν
597 3372 805 3423 Ἐκεῖνο
849 3371 906 3422 δὲ
945 3371 1005 3423 τὸ
1034 3371 1271 3438 ἀγαθὸν,
1295 3371 1324 3423 ὃ
1347 3371 1528 3441 ζητεῖν
1567 3389 1626 3424 τε
1653 3370 1750 3423 καὶ

184 3460 449 3524 φυλάσσειν
490 3461 794 3531 ἐμάθομεν,
827 3462 937 3514 ἄνω
973 3461 1031 3512 ὂν
1060 3462 1158 3529 τῆς
1191 3461 1456 3525 κτίσεως,
1488 3460 1600 3514 ἄνω
1632 3461 1749 3513 ἐστὶ

178 3552 536 3620 καταλήψεως.
556 3553 624 3604 Ἥ
642 3551 748 3621 γάρ
767 3551 1010 3622 ἡμετέρα
1029 3552 1235 3605 διάνοια
1252 3553 1317 3620 τῇ
1347 3551 1536 3620 διαστη
1545 3553 1746 3622 ματικῇ

180 3645 461 3709 παρατάσει
501 3642 875 3696 ὲνδιώεύουσα
894 3683 908 3706 ,
940 3642 1055 3704 πῶς
1081 3641 1147 3694 ἂν
1175 3641 1453 3711 καταλάϐῃ
1475 3642 1576 3711 τὴν
1599 3641 1749 3694 ἀδιά-

175 3746 348 3785 ττατον
365 3733 536 3802 φύσιν
550 3734 638 3786 διά
654 3733 747 3785 τοῦ
765 3733 957 3802 χρόνου
977 3733 1232 3784 ἀνάλυσιν
1251 3732 1333 3784 άεὶ
1347 3732 1424 3784 διε
1434 3731 1745 3802 ρευνωμένη

174 3824 230 3874 τὰ
252 3825 355 3876 τῶν
391 3825 808 3896 εὑρισκομένων
834 3823 1174 3894 πρεσΰύτερα
1198 3841 1211 3887 ;
1245 3824 1354 3876 Καὶ⁸
1373 3822 1441 3875 τὰ
1469 3823 1566 3893 μὲν
1588 3839 1749 3891 γινω-

171 3917 393 3986 σκόμενα.
408 3920 616 3978 πάντα,
631 3917 719 3969 διά
734 3917 832 3985 τῆς
854 3915 1383 3986 πολυπραγμοσύνης
1403 3915 1746 3986 παρέδραμε,

171 4008 254 4076 τὴν
276 4009 332 4061 δὲ
363 4008 462 4061 τοῦ
488 4008 690 4071 αἰῶνος
713 4007 916 4059 ἔννοιαν
946 4006 1342 4076 παραδραμεῖν,
1369 4005 1624 4076 οὐδεμίαν
1653 4022 1751 4076 μη·

169 4099 321 4168 μὴν
359 4100 707 4170 ἐξευρίσκει,
733 4101 878 4162 ὅπως
914 4099 978 4152 ἂν
1003 4097 1106 4162 ἔξω
1136 4099 1334 4169 ἑαυτὴν
1365 4099 1578 4168 στήσειε
1599 4137 1613 4160 ,
1653 4097 1748 4149 καὶ

170 4190 417 4262 ὑπερθείη
436 4192 538 4243 τοῦ
559 4190 1040 4260 προθεωροομένου
1054 4190 1159 4242 τῶν
1172 4189 1338 4242 ὄντων
1352 4190 1446 4242 καὶ
1469 4187 1634 4241 αὑτοῦ
1651 4188 1746 4241 τοῦ

165 4283 377 4346 αἰῶνος·
416 4283 541 4335 ἀλλ’
572 4281 762 4353 ὥσπερ
809 4281 898 4334 ἐπί
945 4298 1091 4344 τινος
1123 4280 1366 4351 εὑρεθεὶς
1418 4281 1745 4352 ἀκρωρείας.
1782 4315 1824 4369 D

173 4374 522 4428 ’Υποκείσθω
553 4377 609 4428 δὲ
639 4375 814 4445 πέτρα
857 4391 941 4436 τις
981 4370 1119 4427 εἶναι
1158 4374 1275 4426 λεία
1323 4375 1417 4427 καὶ
1457 4375 1747 4445 ἀπότομος,

165 4462 400 4516 κάτωθεν
435 4465 500 4515 ἐν
532 4463 747 4532 ἐρυθρῷ
792 4463 870 4532 τῷ
915 4463 1174 4532 σχήματι,
1212 4463 1292 4525 είς
1325 4464 1548 4535 ἄπειρον
1581 4464 1752 4534 μῆκος

162 4556 622 4628 κατατεινομένη,
656 4556 752 4607 καὶ
781 4554 986 4608 ἄνωθεν
1027 4555 1120 4606 ἐπὶ
1153 4553 1214 4606 τὸ
1257 4552 1389 4624 ὕψος
1435 4555 1534 4624 τὴν
1578 4555 1753 4626 ἄκραν

159 4647 372 4718 ἐκείνην
408 4649 692 4721 ἀνέχουσα
713 4691 728 4712 ,
757 4647 852 4717 τὴν
881 4649 938 4699 ἐν
969 4649 1034 4718 τῇ
1063 4647 1298 4717 προϐολῇ
1325 4647 1423 4716 τῆς
1445 4648 1644 4718 ὀφρύος
1673 4649 1753 4710 είς

155 4751 203 4785 τι
225 4735 391 4802 βάθος
415 4740 622 4807 ἀχανὲς
641 4737 1106 4790 καταπίπτουσαν·
1128 4739 1264 4808 ὅπερ
1283 4733 1375 4790 οὖν
1396 4739 1540 4801 εἰκὸς
1563 4739 1752 4792 παθεῖν

156 4825 241 4875 τὸν
274 4828 439 4898 ἄκρῳ
473 4828 556 4897 τῷ
585 4828 706 4880 ποῶ
732 4828 832 4897 τῆς
863 4828 1216 4898 ἐπινευούσης
1249 4828 1326 4899 τῷ
1366 4829 1516 4898 βάθει
1559 4831 1752 4901 ῥαχίας

156 4916 528 4983 ἐπινξαύοντα,
551 4920 642 4972 καὶ
661 4919 913 4988 οὐδεμίαν
940 4918 1018 4971 ἔτι
1039 4917 1160 4971 οὕτε
1183 4918 1258 4986 τῷ
1281 4919 1404 4972 ποδὶ
1429 4920 1604 4989 βάσιν,
1629 4919 1752 4974 οὔτε

156 5009 420 5078 τῇεχειρὶ
472 5009 697 5079 ἀντίκλη
748 5009 1148 5080 ἐξευρίσκοντα.
1211 5007 1380 5062 Τοῦτό
1434 5027 1522 5080 μοι
1575 5010 1666 5062 καὶ
1719 5012 1751 5080 ὴ

156 5095 300 5164 ψυχὴ
333 5096 694 5164 παρελθοῦσα
720 5097 782 5148 τὸ
810 5099 868 5149 ἐν
892 5101 1000 5160 τοῖς
1027 5098 1474 5169 διαστηματικοῖς
1501 5098 1751 5168 βάσιμον,

159 5183 213 5231 ἐν
256 5189 323 5254 τῇ
361 5185 602 5256 ζητήσει
645 5188 747 5254 τῆς
800 5188 1126 5258 προαιωνίου
1174 5207 1233 5244 τε
1285 5191 1379 5245 καὶ
1429 5189 1752 5243 ἀδιαστάτου

163 5275 376 5340 φῦσεως
419 5279 646 5348 πάσχει,
692 5281 790 5332 οὐκ
831 5281 1026 5349 ἔχουσα
1058 5281 1086 5332 ὃ
1118 5284 1528 5362 περιδράξηται,
1569 5281 1630 5333 οὐ
1667 5281 1754 5332 τό-

165 5381 282 5426 πον,
310 5368 376 5419 οὐ
416 5370 635 5437 χρὸνον,
662 5371 724 5423 οὐ
757 5370 974 5441 μέτρον.
1003 5371 1098 5424 οὐκ
1129 5375 1251 5441 ἄλλο
1295 5399 1344 5438 τι
1388 5373 1630 5429 τοιοῦτον
1660 5373 1750 5424 0°"

168 5455 284 5520 δεν,
319 5460 385 5512 οὐ
441 5459 654 5528 δέχεται
701 5463 798 5531 τῆς
852 5462 1082 5526 διανοίας
1109 5469 1256 5546 ἡμῶν
1310 5478 1416 5548 τὴν
1472 5465 1747 5520 ἐπίϐασιν·

174 5547 301 5599 ἀλλὰ
331 5551 673 5618 πανταχόθεν
702 5554 807 5606 τῶν
837 5553 1074 5623 ἀλήπτων
1098 5561 1588 5652 ἀποὶισοαίνουσα,
1626 5556 1747 5623 ξλιγ·

1845 1736 1992 1807 qnod
2027 1745 2112 1791 est
2147 1744 2442 1804 cognatum
2472 1750 2502 1788 a
2537 1745 2759 1789 natura.
2790 1733 2979 1802 Neque
3013 1733 3313 1802 quidquam
3348 1747 3413 1782 ex

1847 1830 1914 1884 iis
1951 1844 2072 1898 qua:
2103 1839 2248 1890 sunt,
2286 1843 2349 1882 ex
2384 1843 2444 1882 se
2478 1833 2878 1892 ortum,manet
2911 1826 2966 1880 in
2999 1825 3262 1880 essentia.
3296 1821 3413 1876 Non

1847 1920 1988 1990 ignis
2019 1921 2073 1973 in
2113 1934 2277 1988 aqua,
2307 1933 2414 1972 non
2442 1934 2582 1988 aqua
2615 1919 2668 1971 in
2698 1919 2845 1986 igne,
2905 1934 3014 1971 non
3053 1919 3105 1970 in
3143 1915 3416 1987 profundo

1849 2019 2152 2075 terrenmn,
2181 2024 2287 2062 non
2332 2010 2386 2062 in
2432 2017 2580 2062 terra
2609 2023 2871 2076 aqueum,
2908 2022 3016 2061 non
3051 2007 3105 2060 iu
3138 2023 3264 2060 aere
3306 2015 3416 2059 ter-

1853 2117 2068 2161 renum,
2109 2115 2218 2164 non
2252 2101 2305 2154 in
2341 2108 2489 2154 terra
2539 2115 2738 2154 rursus
2784 2100 3033 2154 aerium:
3074 2099 3168 2153 sed
3219 2113 3418 2151 unum-

1847 2198 2105 2263 quidque
2163 2207 2392 2246 manens
2452 2192 2506 2246 in
2576 2191 2818 2262 propriis
2876 2200 3087 2246 natura:
3139 2189 3415 2252 terminis,

1850 2283 2040 2337 tandiu
2066 2291 2172 2344 est,
2213 2282 2460 2351 quandiu
2489 2290 2575 2336 est
2604 2283 2749 2336 intra
2775 2298 2906 2339 suos
2938 2281 3226 2336 terminos.
3259 2279 3416 2344 Quod

1851 2375 1896 2430 si
1927 2383 2079 2430 extra
2123 2390 2184 2429 se
2219 2372 2409 2436 fuerit,
2438 2376 2540 2428 erit
2589 2375 2755 2429 etiam
2802 2382 2956 2428 extra
2998 2372 3322 2431 essentiam,
3367 2381 3422 2424 et

1850 2466 2128 2536 quomodo
2187 2465 2465 2519 sentiendi
2529 2465 3028 2519 instrumentorum
3085 2466 3190 2523 vis,
3248 2464 3302 2516 in
3350 2463 3420 2517 iis

1850 2574 2082 2613 manens
2113 2556 2533 2628 operationibus
2565 2572 2687 2625 qua:
2723 2565 2853 2611 sunt
2903 2555 3207 2611 secundum
3255 2563 3413 2608 natu-

1851 2667 1990 2718 ram,
2025 2665 2134 2704 non
2181 2657 2361 2718 potest
2395 2649 2634 2702 transire
2687 2647 2753 2701 ad
2801 2663 2921 2700 eam
2969 2663 3091 2716 quae
3131 2656 3214 2699 est
3256 2661 3422 2714 prope

1852 2741 1978 2797 sita.
2043 2739 2232 2808 Neque
2286 2741 2434 2794 enim
2470 2739 2667 2793 oculos
2716 2746 2981 2807 operatur
3013 2753 3074 2792 ea
3121 2753 3244 2806 qua:
3292 2746 3423 2789 sunt
3495 2773 3498 2776 -

1853 2829 2096 2893 auditus,
2125 2845 2303 2901 neque
2329 2830 2482 2884 auris
2509 2837 2715 2899 gustat.
2749 2845 2926 2898 neque
2950 2836 3130 2882 tactus
3157 2828 3423 2896 loquitur,

1853 2937 2029 2992 neque
2063 2923 2250 2993 lingua
2281 2936 2345 2977 ea
2371 2921 2483 2992 agit
2511 2937 2634 2988 qua:
2668 2930 2800 2975 sunt
2837 2921 2990 2976 visus
3025 2928 3119 2974 aut
3171 2919 3420 2980 auditus,

1849 3012 1943 3067 scd
1983 3011 2415 3080 unumquodque
2441 3009 2602 3064 habet
2637 3011 2932 3063 terminum
2963 3026 3077 3063 sua:
3113 3009 3418 3070 facultatis,

1847 3116 2042 3171 nempe
2077 3115 2196 3154 eam
2227 3101 2605 3170 operationem
2643 3116 2764 3170 qua:
2797 3111 2881 3155 est
2917 3100 3220 3154 secundmu
3261 3110 3422 3152 natu-

1848 3207 1989 3246 ram.
2045 3191 2124 3244 lta
2156 3191 2322 3244 etiam
2359 3192 2542 3246 omnis
2575 3200 2831 3246 creatura
2875 3200 3033 3246 extra
3061 3207 3120 3247 se
3157 3207 3280 3247 esse
3317 3208 3424 3245 non

1850 3289 2029 3352 potest
2070 3297 2165 3351 per
2211 3282 2706 3351 comprehendendi
2743 3283 3286 3352 conten'iplationem,
3333 3284 3425 3336 sed

1847 3371 1903 3424 in
1925 3384 1984 3424 se
2001 3370 2114 3441 ipsa
2129 3384 2345 3439 semper
2361 3379 2628 3434 manet,et
2649 3371 2917 3442 quidquid
2942 3373 3155 3433 viderit.
3190 3373 3424 3441 seipsam

1851 3462 2118 3524 intuetur,
2154 3469 2207 3516 et
2240 3463 2284 3517 si
2313 3462 2718 3518 existimaverit
2743 3480 2803 3518 se
2833 3464 3042 3533 aliquid
3075 3464 3261 3518 videre
3283 3465 3426 3533 quod

1849 3553 1922 3608 sit
1945 3567 2114 3622 supra
2153 3568 2235 3619 se,
2269 3567 2377 3606 non
2413 3561 2587 3606 estea
2625 3563 2820 3608 natura
2851 3564 2905 3607 ut
2933 3555 3112 3608 videat
3152 3564 3308 3610 extra
3344 3571 3426 3616 se,

1851 3653 1910 3698 ιιι
1938 3644 2088 3697 verbi
2126 3659 2312 3707 causa,
2344 3644 2617 3699 intervalli
2657 3655 2711 3698 et
2761 3647 2926 3714 spatii
2982 3646 3034 3699 in
3077 3658 3256 3700 mente
3297 3662 3429 3699 eon-

1849 3734 2154 3804 Ceptionem
2193 3733 2247 3786 in
2299 3748 2493 3787 eorum
2527 3751 2648 3803 qua:
2699 3744 2831 3789 sunt
2873 3735 3343 3803 contemplatione
3377 3737 3426 3789 vi

1850 3833 2082 3880 conatur
2109 3824 2441 3893 transgredi,
2503 3825 2598 3878 sed
2646 3841 2754 3878 non
2811 3825 3236 3895 transgreditur.
3295 3826 3426 3879 Nam

1851 3931 1976 3971 cum
2004 3916 2153 3970 omni
2175 3930 2294 3985 qua?
2321 3915 2596 3968 invenitur
2625 3917 2828 3972 mentis
2864 3919 3245 3985 conceptione,
3267 3917 3428 3970 simul

1851 4009 2076 4063 omnino
2102 4007 2826 4075 consideratintervallum,
2870 4009 3014 4080 quod
3065 4009 3226 4063 simul
3279 4023 3429 4061 com-

1854 4099 2213 4171 prehenditur
2236 4114 2361 4153 cum
2404 4100 2714 4154 substantia
2745 4100 2868 4170 ejus
2905 4099 3049 4170 quod
3087 4111 3270 4154 mente
3290 4114 3429 4153 con-

1853 4191 2076 4260 cipitur.
2126 4187 2474 4243 lntervallmn
2503 4199 2683 4244 autem
2743 4191 2877 4243 nihil
2929 4189 3079 4242 aliud
3126 4199 3208 4243 est
3263 4204 3426 4256 quam

1853 4288 2127 4334 creatura.
2154 4277 2289 4332 illud
2315 4289 2499 4332 autem
2535 4280 2738 4333 bonmn
2766 4280 2910 4348 quod
2942 4279 3238 4333 didicimus
3276 4294 3426 4348 qua:-

1853 4385 1972 4425 rere
2009 4378 2062 4422 et
2101 4369 2400 4433 custodire,
2455 4385 2578 4422 cum
2638 4370 2710 4424 sit
2759 4387 2922 4438 supra
2974 4379 3300 4433 creaturam,
3346 4377 3431 4423 est

1853 4475 2017 4530 supra
2094 4458 2660 4527 comprehensionem.
2740 4458 2936 4514 Nostra
2998 4459 3142 4512 enim
3215 4458 3424 4527 cogita-

1853 4553 1950 4617 tio,
1995 4565 2117 4621 qua:
2165 4550 2470 4604 intervallis
2508 4549 2842 4619 disjunctam
2897 4548 3201 4618 ingreditur
3240 4555 3432 4601 exten-

1852 4641 2087 4702 sionem,
2129 4638 2405 4708 quomodo
2443 4653 2539 4706 per
2575 4646 2790 4707 tempus
2816 4637 3242 4707 comprehendet
3273 4645 3433 4689 natu-

1855 4743 2170 4798 ram,quam
2211 4729 2358 4782 nulla
2386 4728 2749 4783 ditnetiuntur
2791 4729 3100 4790 intervalla,
3141 4744 3262 4796 quae
3305 4729 3432 4797 qui-

1851 4825 1973 4878 dem
2019 4821 2279 4891 cogitatio
2323 4835 2539 4889 semper
2594 4827 2876 4874 scrutatur
2913 4834 3008 4888 per
3041 4818 3432 4872 resolutionem

1853 4912 2162 4982 antiquiora
2227 4911 2293 4966 iis
2345 4927 2466 4980 qua
2510 4911 2906 4965 inveniuntur?
2971 4912 3034 4964 Et
3081 4912 3263 4966 omnia
3309 4909 3434 4978 qui-

1853 5002 1976 5057 dem
2037 5016 2157 5071 quae
2197 5009 2608 5072 c0gnoscuntur
2666 5002 3043 5070 pnetercurrit
3098 5018 3194 5072 per
3244 5003 3431 5055 curio-

1853 5092 2092 5155 sitatem,
2130 5093 2334 5145 nullam
2365 5099 2548 5144 autem
2588 5092 2856 5145 rationem
2893 5094 3123 5156 invenit,
3173 5108 3277 5161 qua
3305 5105 3430 5160 pos-

1854 5185 1925 5238 sit
1954 5193 2378 5253 praetercurrere
2426 5184 2750 5238 aeternitatis
2783 5185 3228 5253 conceptionem,
3278 5191 3334 5235 ut
3368 5197 3430 5236 re

1851 5287 2007 5332 extra
2046 5291 2166 5332 eam
2231 5277 2414 5340 sistat,
2442 5287 2497 5331 et
2549 5286 2772 5346 superet
2815 5275 2866 5330 id
2909 5277 3053 5344 quod
3088 5292 3153 5330 ex
3201 5276 3267 5328 iis
3308 5288 3426 5340 qua:

1855 5385 1984 5428 sunt
2034 5372 2187 5441 prius
2238 5369 2645 5432 consideratur,
2693 5378 2747 5422 et
2795 5369 2970 5437 ipsam
3015 5367 3421 5421 azternitatem:

1855 5465 1949 5518 sed
1976 5467 2119 5518 sicut
2149 5464 2402 5517 inventus
2427 5463 2480 5514 in
2521 5461 2708 5528 aliquo
2747 5458 3148 5529 promontorio.
3180 5453 3419 5506 Ponatur

1856 5565 2034 5612 autem
2077 5570 2241 5625 rupes
2277 5555 2462 5622 aliqua
2497 5552 2643 5605 laevis
2680 5559 2730 5603 et
2779 5560 3072 5618 praerupta,
3105 5544 3316 5598 inferne
3369 5543 3421 5594 it.
