3928 6196
529 199 624 250 751

1805 205 1864 258 S.
1906 205 2236 260 GREGORII
2259 205 2552 260 NYSSENI
3616 228 3698 284 ιει

528 315 692 372 rubra
724 315 893 386 ligura
918 317 974 370 in
1007 315 1278 372 inliuitam
1309 315 1536 374 extensa
1586 321 2008 392 longitudinem,
2047 333 2099 379 et

2206 325 2296 394 γιᾷ
2327 341 2382 376 τε
2425 326 2516 376 καὶ
2558 325 2850 396 ἁμηχανεῖ,
2895 325 2989 379 καὶ
3032 326 3186 380 πάλιν
3235 331 3356 399 πρὸς
3397 333 3449 389 τὸ
3492 346 3699 409 συγγενὲς

528 423 766 476 superne
811 407 1018 462 habens
1062 408 1116 461 iu
1147 409 1436 464 altitudine
1474 411 1607 466 illud
1645 415 2102 482 promontorium,

527 495 672 564 quod
717 497 771 550 in
815 497 1058 566 projecto
1111 501 1408 570 supercilio
1445 502 1498 555 in
1530 515 1740 557 vastam
1775 504 1922 558 cadit
1975 521 2104 574 pro-

527 587 876 642 (nuditatem.
925 589 1081 656 Quod
1121 608 1251 662 ergo
1284 606 1716 649 consentaneum
1765 604 1848 650 est
1887 598 2106 652 evenire

525 681 575 736 ei
598 681 688 749 qui
710 696 926 736 summo
953 682 1091 751 pede
1123 686 1306 753 tangit.
1323 687 1471 739 illam
1497 687 1663 740 veluti
1689 687 1838 742 dorsi
1864 689 2102 757 spinam,

529 787 654 837 qua:
677 771 914 824 declinat
945 772 1000 825 in
1024 773 1376 840 profundum,
1404 785 1457 830 et
1480 759 1656 846 neque
1686 776 1892 832 invenit
1916 779 1970 830 in
1997 791 2105 846 quo

531 861 654 930 ﬁgat
686 862 838 930 pedis
871 879 1147 934 gressum,
1197 882 1375 936 neque
1411 868 1555 937 quod
1592 884 1754 922 manu
1798 869 2104 938 apprehen-

527 950 654 1004 dat:
692 953 795 1005 hoc
825 954 1080 1008 usuvenit
1105 954 1320 1016 animae,
1354 970 1474 1024 qua:
1502 955 1721 1010 transiit
1753 954 1803 1008 id
1837 971 1931 1024 per
1957 955 2101 1024 quod

529 1041 704 1096 inccdi
739 1052 914 1112 potest
945 1045 1000 1099 in
1028 1046 1096 1100 iis
1118 1063 1238 1116 qua:
1262 1047 1655 1118 disjunguntur
1691 1047 2103 1115 intervallorum

529 1134 747 1202 spatiis,
781 1134 836 1188 in
859 1135 1151 1204 quaerendo
1184 1144 1432 1191 naturam
1459 1152 1578 1206 quae
1607 1147 1690 1191 est
1723 1143 1848 1190 ante
1877 1137 2100 1198 saacula,

527 1238 580 1278 et
618 1243 780 1295 quam
831 1230 979 1282 nulla
1010 1231 1334 1284 metiuntur
1387 1230 1694 1291 intervalla,
1742 1239 1797 1283 ut
1833 1242 2102 1300 quaecum

529 1319 666 1372 nihil
702 1320 899 1375 habeat
949 1321 1095 1392 quod
1125 1321 1520 1392 apprehendat,
1572 1337 1680 1374 non
1733 1320 1937 1381 locum,
1993 1333 2102 1371 non

532 1423 767 1480 tempus,
789 1428 896 1466 non
922 1430 1256 1477 mensuram,
1278 1429 1386 1468 non
1409 1413 1614 1482 aliquid
1639 1411 1786 1465 aliud
1809 1409 2101 1479 ejusmodi,

531 1512 736 1556 nostra!
785 1504 1137 1571 cogitationis
1174 1521 1282 1558 non
1339 1505 1571 1574 suscipit
1614 1505 1949 1573 ingressum:
2006 1500 2103 1555 sed

530 1595 772 1662 undique
806 1596 1054 1650 dilabens
1083 1598 1152 1650 ab
1198 1598 1262 1651 iis
1290 1612 1411 1666 quae
1438 1612 1545 1649 non
1595 1603 1821 1664 possunt
1854 1608 2104 1661 compre-

532 1685 719 1752 hendi,
751 1687 951 1757 caligat
981 1697 1035 1742 et
1068 1695 1152 1742 est
1187 1664 1445 1757 perplexa
1482 1695 1534 1741 et
1558 1686 1895 1755 perturbata,
1952 1694 2005 1738 et
2048 1699 2107 1738 se
2141 1664 2180 1716 Β

530 1793 726 1832 rursus
751 1780 1022 1833 convertit
1057 1780 1123 1833 ad
1173 1779 1224 1832 id
1258 1780 1402 1850 quod
1436 1790 1520 1834 est
1552 1779 1604 1833 ei
1645 1793 1843 1848 genere
1877 1777 2107 1845 conjun-

529 1874 700 1930 etum,
736 1869 874 1921 satis
905 1867 1112 1922 habens
1143 1867 1188 1921 si
1229 1867 1295 1922 de
1333 1882 1399 1922 eo
1431 1867 1576 1937 quod
1608 1875 1690 1921 est
1724 1881 1890 1934 super
1923 1866 2106 1920 omnia

531 1957 634 2011 hoc
670 1958 846 2012 solum
885 1969 1204 2027 cognoscat,
1240 1961 1384 2028 quod
1423 1974 1747 2028 persuasum
1792 1959 2010 2023 habeat,
2052 1959 2104 2013 id

526 2048 862 2117 essealiquid
879 2049 1026 2102 aliud
1051 2065 1078 2101 a
1104 2060 1296 2104 natura
1322 2065 1512 2104 eorum
1537 2066 1657 2120 qua:
1677 2062 2103 2120 cognoscuntur.

528 2136 822 2206 Propterea
848 2139 1068 2208 quando
1101 2141 1310 2194 venerit
1338 2141 1478 2196 ratio
1501 2149 1556 2194 et
1587 2142 1764 2194 oratio
1793 2141 1858 2194 ad
1893 2157 1954 2195 ea
1985 2157 2107 2210 qua:

526 2228 798 2283 rationein
841 2239 1126 2300 superant,
1179 2246 1279 2285 nec
1311 2232 1493 2286 verbis
1544 2240 1775 2300 possunt
1823 2233 2106 2302 explicari,

528 2327 662 2373 tunc
686 2331 770 2375 est
801 2328 1017 2390 tempus
1045 2323 1277 2388 tacendi,
1305 2331 1359 2375 et
1391 2321 1680 2378 ineﬂ'abilis
1722 2324 1868 2378 illius
1900 2332 2111 2378 natura:

529 2410 991 2479 inexplicabilitas
1043 2413 1208 2466 habet
1263 2413 1590 2466 miraculum
1640 2413 1691 2466 in
1725 2428 1928 2467 arcano
1977 2429 2110 2467 con-

529 2500 792 2563 scientize,
829 2503 972 2570 apud
1005 2518 1128 2556 eum
1165 2503 1255 2572 qui
1292 2503 1418 2566 scit,
1451 2503 1593 2572 quod
1617 2503 1780 2556 etiam
1806 2503 1909 2556 viri
1930 2504 2109 2574 magni

528 2591 596 2644 de
614 2589 707 2645 Dei
727 2594 1005 2660 operibus,
1020 2602 1073 2648 et
1095 2609 1202 2647 non
1218 2593 1284 2648 de
1301 2593 1408 2647 Deo
1429 2595 1812 2663 loquebantur,
1831 2594 2107 2648 dicentes:

535 2679 701 2745 «Quis
734 2681 987 2750 loquetur
1020 2683 1295 2751 potentias
1331 2682 1644 2737 Domini"?
1666 2699 1684 2731 ι
1713 2691 1787 2745 et,
1817 2702 1834 2733 ι
1866 2682 2112 2739 Narrabo

529 2772 712 2825 omnia
735 2787 898 2840 opera
937 2773 1087 2826 tua"
1119 2793 1130 2827 :
1166 2792 1184 2824 ι
1205 2781 1280 2833 et,
1318 2793 1335 2824 ι
1363 2773 1651 2827 Generatio
1673 2773 1912 2832 laudabit
1945 2788 2110 2843 opera

529 2864 696 2918 tua”.
713 2863 868 2918 illaec
887 2866 1075 2918 dicunt
1104 2873 1157 2919 et
1181 2864 1327 2919 deiis
1346 2865 1647 2928 disserunt,
1666 2872 1720 2918 et
1744 2864 1863 2918 voci
1897 2865 2112 2935 permit-

2206 415 2610 486 ἐπιστρέφεται,
2645 415 2917 484 ἀγαπῶσα
2952 417 3200 472 τοσοῦτον
3232 424 3377 489 μόνον
3399 425 3571 490 γνῶναι
3601 435 3702 502 περὶ

2204 509 2297 561 τοῦ
2324 510 2740 580 ὑπερκειμένου,
2766 513 2891 564 ὅσον
2921 512 3226 583 πεισθῆναι,
3257 516 3332 569 ὅτι
3374 519 3488 574 ἄλλο
3523 540 3563 575 τι
3585 533 3704 598 παρὰ

2204 600 2301 672 τὴν
2333 601 2438 656 τῶν
2470 602 2889 672 γινωσκομένων
2932 604 3094 672 φύσιν
3139 607 3271 659 ἐστί.
3313 608 3402 662 Διὰ
3447 612 3581 666 τοῦτο
3605 617 3706 672 ὅταν

2205 691 2333 764 ἔλθῃ
2361 695 2438 756 εἰς
2466 694 2533 746 τὰ
2567 693 2707 764 ὑπὲρ
2739 693 2896 762 λόγον
2923 695 2951 746 ό
2988 695 3164 763 λόγος,
3198 697 3391 765 γίνεται
3431 703 3535 756 τότε
3560 709 3708 777 καιρὸς

2203 783 2297 835 τοῦ
2334 785 2509 853 σιγᾷν,
2539 785 2632 836 καὶ
2679 783 2778 853 τῆς
2821 785 3102 854 ἁφράστου
3143 787 3343 858 ἐκείνης
3374 791 3616 862 δυνάμεως
3639 797 3710 849 ἁν-

2205 891 2229 924 ε
2239 876 2535 944 ρμήνευτον
2561 877 2618 928 ἐν
2643 873 2721 945 τῷ
2750 877 3046 948 ἀπορρήτῳ
3077 879 3175 948 τῆς
3206 883 3528 952 συνειδήσεως
3556 885 3648 954 εχει
3665 889 3714 939 τδ

2205 963 2405 1034 θαῦμα,
2434 965 2611 1017 εἰδότα
2642 967 2722 1018 ὅτι
2758 968 2851 1020 καὶ
2882 968 2930 1020 0i
2966 969 3186 1037 μεγάλοι
3217 971 3282 1024 τὰ
3331 973 3459 1042 ἔργα
3499 975 3580 1027 τοῦ
3607 977 3713 1030 Θεοῦ

2205 1057 2297 1108 καὶ
2320 1056 2379 1108 ού
2409 1056 2497 1109 τὸν
2527 1057 2658 1109 Θεὸν
2688 1058 2930 1123 ἐλάλουν,
2959 1059 3229 1128 λέγοντες·
3272 1084 3288 1114 ι
3310 1064 3400 1126 Τίς
3424 1064 3616 1134 λαλήσει
3638 1069 3714 1130 τὰς
3781 1113 3791 1121 __

2203 1144 2517 1208 δυναστείας
2534 1147 2627 1199 τοῦ
2648 1149 2850 1220 Κυρίου
2872 1167 2887 1213 ;
2923 1169 2941 1200 ι
2976 1152 3089 1215 καὶ,
3120 1171 3139 1203 ι
3157 1155 3474 1224 Διηγήσομαι
3495 1156 3644 1209 πάντα
3665 1161 3718 1210 τὰ

2203 1233 2340 1306 ἔργα
2371 1253 2464 1288 σου
2481 1253 2496 1268 ’
2517 1256 2535 1287 ι
2557 1239 2672 1302 καὶ,
2696 1258 2713 1290 ι
2735 1241 2899 1293 Γενεὰ
2928 1243 3200 1297 ἐπαινέσει
3225 1244 3290 1296 τὰ
3312 1246 3436 1315 ἔργα
3459 1263 3586 1300 σου.»
3607 1233 3720 1299 Αὑτᾶ

2203 1325 2417 1380 λαλοῦσι
2453 1329 2547 1381 καὶ
2589 1346 2657 1381 πε
2668 1331 2720 1398 pi.
2754 1330 2956 1384 τούτων
2995 1331 3369 1404 διεξέρχονται,
3401 1336 3486 1389 καὶ
3517 1337 3602 1407 τὴν
3632 1341 3719 1392 τῶν

2204 1417 2502 1485 γεγονότων
2581 1419 2926 1490 ἐξαγόρευσιν
2996 1425 3061 1493 τῇ
3131 1426 3277 1494 φωνῇ
3347 1425 3683 1495 ἐπιτρέπουσιν
3705 1447 3716 1460 ο

2204 1507 2330 1560 ὅταν
2358 1507 2414 1559 δὲ
2449 1508 2576 1578 περὶ
2620 1510 2783 1563 αὑτοῦ
2824 1510 2916 1564 τοῦ
2957 1512 3325 1584 ὑπερεστῶτος
3353 1515 3518 1585 πάσης
3552 1517 3721 1580 ἐννοίας

2204 1599 2233 1650 ό
2265 1597 2439 1666 λόγος,
2490 1599 2701 1669 σιωπὴν
2748 1601 3022 1672 ἄντικρυς,
3066 1603 3131 1655 δι’
3165 1598 3238 1656 ὦν
3280 1604 3502 1673 λέγουσι,
3543 1607 3723 1677 νομοθε-

2207 1688 2378 1742 τοῦσι.
2413 1689 2643 1756 Λέγουσι
2667 1690 2775 1763 γὰρ
2803 1693 2884 1745 ὅτι
2918 1694 3015 1762 τῆς
3063 1695 3532 1766 μεγαλοπρεπείας,
3554 1699 3638 1766 τῆς
3661 1698 3727 1750 δός

2209 1773 2325 1843 ξης,
2355 1773 2456 1844 τῆς
2490 1775 2800 1845 ἁγιωσύνης
2833 1776 3020 1842 αὐτοῦ,
3066 1778 3164 1830 οὐκ
3207 1778 3316 1831 ἔστι
3355 1779 3532 1850 πέρας.
3562 1781 3616 1831 Ὢ
3653 1780 3725 1834 τοῦ

2208 1863 2509 1934 θαύματοςι
2544 1865 2660 1930 πῶς
2687 1866 2925 1938 ἐφοϐήθη
2957 1870 3024 1938 τῇ
3048 1867 3140 1920 τοῦ
3170 1869 3311 1922 θείου
3350 1869 3601 1938 θαύματος
3626 1870 3725 1938 δόξῃ

2209 1955 2567 2025 προσεγγίσαι
2616 1958 2644 2008 ὀ
2682 1954 2856 2023 λόγος,
2905 1956 3047 2009 ὥστε
3092 1958 3215 2035 οὐδὲ
3255 1958 3357 2010 τῶν
3406 1957 3583 2021 ἔξωθέν
3617 1975 3729 2020 τινος

2209 2044 2595 2115 θεωρουμένων
2618 2045 2675 2098 τὺ
2703 2045 2884 2116 θαῦμα
2925 2047 3249 2114 κατέλαϐεν;
3275 2049 3348 2101 Ού
3384 2048 3486 2119 γὰρ
3517 2045 3649 2100 εἶπεν
3670 2049 3732 2100 ὃτι

2207 2137 2306 2206 τῆς
2332 2135 2517 2198 οὐσίας
2544 2135 2636 2188 τοῦ
2667 2137 2801 2190 Θεοῦ
2844 2139 3016 2208 πέρας
3061 2139 3161 2192 οὐκ
3200 2139 3331 2200 ἐστι,
3363 2139 3608 2210 τολμηρὸν
3637 2141 3732 2208 κρί-

2209 2245 2314 2280 νων
2346 2227 2482 2289 ὃλως
2508 2227 2568 2279 τὸ
2599 2228 2679 2290 εἰς
2710 2227 2915 2280 έννοιαν
2944 2227 3098 2281 τοῦτο
3132 2229 3335 2291 λαϐεῖν,
3370 2229 3497 2281 ἀλλὰ
3533 2229 3618 2297 τὴν
3645 2231 3736 2280 ἐπι-

2211 2317 2589 2389 θεωρουμένην
2627 2321 2695 2389 τῇ
2731 2318 2855 2390 δόξῃ
2908 2320 3377 2391 μεγαλοπρέπειαν
3417 2320 3654 2389 θαυμάζει
3677 2319 3737 2387 τῷ

2209 2410 2368 2480 λόγῳ.
2399 2411 2567 2462 Πάλιν
2592 2411 2647 2462 δέ
2675 2411 2796 2463 ούδέ
2823 2413 2994 2479 αὐτῆς
3026 2413 3125 2482 τῆς
3149 2413 3307 2483 δόξης
3330 2415 3422 2482 τὴν
3443 2413 3609 2465 οὐσίαν
3637 2412 3738 2464 ἰδεῖν

2210 2502 2483 2572 ἡδυνήθη’
2522 2501 2656 2554 ἀλλὰ
2693 2501 2792 2572 τῆς
2829 2504 3138 2573 ἁγιωσύνης
3185 2503 3346 2557 αὑτοῦ
3376 2505 3467 2573 τὴν
3498 2502 3634 2566 δόξαν
3672 2503 3739 2565 ἐξ·

2211 2591 2423 2660 επλάγη
2475 2593 2836 2662 κατανοήσας.
2869 2594 3039 2647 Πόσον
3082 2594 3262 2647 τοίνυν
3309 2596 3502 2664 ἀπέσχε
3541 2594 3625 2648 τοῦ
3663 2594 3740 2662 τὴν

2212 2680 2391 2750 φύσιν,
2423 2683 2544 2751 ἥτις
2577 2684 2715 2745 ἐστὶ,
2746 2685 3235 2755 περιεργάσασθαι,
3277 2687 3334 2749 ὃς
3360 2702 3420 2753 γε
3466 2687 3523 2738 τὸ
3555 2685 3742 2753 ἔσχατον

2211 2774 2318 2826 τῶν
2379 2775 2822 2845 προφαινομένων
2873 2776 3152 2846 θαυμάσαι
3210 2780 3308 2831 οὐκ
3361 2779 3587 2848 ἴσχυσεν;
3633 2774 3744 2828 Ούτε

2212 2865 2320 2936 γὰρ
2362 2865 2458 2936 τὴν
2501 2867 2806 2938 ἁγιωσύνην
2838 2867 3003 2920 αὑτοῦ
3051 2869 3378 2940 ἐθαύμασεν,
3421 2868 3532 2920 οὔτε
3565 2868 3648 2935 τὴν
3679 2865 3745 2916 δό-

530 2960 674 3019 ιιιιιι,
697 2961 755 3005 ιιι
775 2955 842 3006 ab
857 2970 920 3008 ea
940 2953 1250 3008 referantur
1266 2967 1387 3022 qua:
1417 2953 1557 3006 l'acta
1591 2960 1739 3007 sunt.
1762 2951 1866 3006 Sed
1893 2956 2106 3022 quando

2216 2953 2310 3018 ξαν
2336 2955 2435 3023 τῆς
2466 2954 2795 3025 ἁγιωσύνης,
2828 2956 2963 3009 ἀλλὰ
3000 2958 3098 3028 τὴν
3130 2957 3586 3027 μεγαλοπρέπειαν
3612 2956 3745 3024 μόνην

529 3043 598 3096 de
630 3058 695 3097 eo
717 3043 899 3112 agitur
927 3043 1072 3112 qttod
1097 3051 1318 3111 superat
1343 3057 1557 3095 onmem
1584 3041 1783 3095 mentis
1806 3043 2113 3110 conceptio-

531 3149 677 3196 nem,
708 3149 804 3202 per
821 3149 883 3188 ea
911 3149 1029 3203 quae
1051 3133 1264 3197 dicunt,
1296 3131 1363 3186 de
1384 3132 1601 3186 silentio
1624 3140 1810 3199 aperte
1831 3131 1998 3200 legem
2038 3131 2114 3184 fe-

531 3233 679 3279 runt.
705 3224 902 3277 Dicunt
931 3225 1074 3278 enim
1095 3243 1107 3277 :
1125 3222 1552 3293 Magnificentiaa,
1577 3223 1783 3292 glorite,
1805 3225 2110 3278 sanctitatis

528 3320 650 3387 ejus
687 3333 793 3373 non
827 3328 910 3373 est
953 3318 1096 3372 linis.
1131 3316 1174 3372 Ο
1215 3318 1572 3371 miraculum!
1608 3315 1892 3381 Quomodo
1933 3321 2112 3373 timuit

529 3411 705 3482 oratio
739 3415 995 3465 accedere
1021 3411 1085 3464 ad
1116 3410 1343 3481 gloriam
1381 3410 1547 3463 divini
1581 3411 1850 3472 miraculi,
1889 3412 2022 3465 adeo
2053 3424 2111 3465 ut

532 3517 707 3568 neque
730 3502 962 3570 alicujus
979 3518 1166 3556 eorum
1187 3519 1305 3571 quae
1328 3502 1746 3557 considerantur
1767 3504 2110 3559 extrinsecus

531 3593 1008 3662 comprehenderit
1051 3594 1419 3646 miraculum?
1459 3593 1574 3647 Non
1608 3595 1752 3648 enim
1790 3593 1926 3648 dixit
1965 3611 1977 3645 :
2016 3595 2108 3650 Dei

530 3685 785 3738 essentia:
813 3700 918 3738 non
947 3693 1030 3739 est
1056 3686 1196 3748 linis;
1223 3684 1401 3737 nimiae
1415 3699 1539 3739 esse
1564 3685 1806 3738 audacia:
1834 3685 2107 3754 judicans,

533 3779 616 3833 vel
651 3779 717 3834 de
747 3795 813 3832 eo
842 3780 1104 3849 cogitare;
1141 3777 1235 3833 sed
1269 3794 1390 3848 quae
1418 3778 1471 3830 in
1505 3778 1677 3847 gloria
1702 3779 2106 3842 consideratur,

534 3869 719 3924 verbis
744 3869 976 3922 miratur
1009 3867 1494 3938 magniﬁcentiam.
1525 3864 1742 3931 Rursus
1772 3882 1898 3921 vero
1933 3883 2109 3936 neque

535 3959 713 4028 ipsius
746 3959 933 4028 gloria:
959 3957 1147 4012 videre
1187 3958 1363 4026 potuit
1392 3957 1693 4011 essentiam
1721 3973 1736 4012 :
1778 3957 1874 4010 sed
1919 3957 2108 4011 obstu-

535 4049 654 4120 pttit
685 4065 810 4103 cum
864 4049 1280 4104 considerasset
1325 4049 1555 4117 gloriam
1598 4048 1719 4116 ejus
1771 4049 2103 4104 sanctitatis.

533 4141 809 4208 Quantum
833 4156 963 4211 ergo
995 4139 1170 4194 abfuit
1205 4149 1260 4192 ut
1288 4139 1507 4193 curiose
1541 4145 1830 4206 quaereret,
1859 4153 2105 4207 quaenam

534 4233 607 4287 sit
634 4241 850 4295 natura,
895 4233 986 4301 qui
1029 4233 1278 4284 ultimum
1309 4244 1500 4284 eorum
1528 4243 1651 4298 qua:
1700 4235 1962 4296 apparent
1995 4243 2102 4281 non

2212 3041 2312 3110 τῆς
2343 3041 2501 3111 δόξης
2525 3044 2624 3112 τῆς
2658 3044 2964 3115 ἁγιωσύνης
3007 3045 3290 3116 θαυμάσαι
3323 3045 3646 3115 προθέμενος,
3676 3046 3748 3094 καὶ

2213 3132 2338 3202 περὶ
2363 3133 2422 3185 τὸ
2451 3135 2649 3204 ταύτης
2689 3134 2873 3205 θαῦμα
2921 3137 3207 3207 ὴτόνησεν.
3251 3140 3324 3193 Οὐ
3363 3139 3466 3209 γὰρ
3486 3134 3671 3191 διέλαϐε
3694 3137 3744 3202 τῇ

2209 3220 2416 3293 διανοίᾳ
2444 3223 2534 3276 τοῦ
2567 3225 2981 3296 θαυμαζομένου
3020 3228 3082 3281 τὸ
3126 3230 3324 3301 πέρας.
3366 3229 3455 3282 Διό
3491 3243 3627 3299 φησι·
3659 3225 3749 3292 Τῆς

2207 3311 2382 3381 δόξης.
2434 3313 2531 3381 τῆς
2584 3315 3074 3386 μεγαλοπρεπείας,
3117 3318 3226 3388 τῆς
3277 3318 3572 3386 ἁγιωσύνης
3613 3311 3746 3367 αὑτοῦ

2209 3406 2307 3458 ούκ
2347 3405 2492 3458 ἐστιν
2543 3407 2732 3477 πέρας.
2765 3409 2969 3460 Οὐκοῦν
3009 3411 3066 3462 ἐν
3099 3415 3220 3475 τοῖς
3259 3409 3389 3479 περὶ
3425 3409 3550 3462 Θεοῦ
3584 3408 3748 3474 λόγοις,

2208 3497 2335 3550 ὅταν
2368 3498 2465 3567 μὲν
2510 3498 2637 3568 περὶ
2688 3499 2787 3568 τῆς
2828 3501 3069 3570 οὐσίαςὴ
3101 3503 3334 3573 ζήτησις
3371 3503 3444 3580 ᾖ,
3483 3498 3654 3568 καιρὸς
3675 3495 3748 3548 τοῦ

2210 3589 2395 3658 σιγᾷνο
2430 3589 2555 3640 ὅταν
2587 3589 2644 3641 δὲ
2678 3591 2803 3660 περί
2855 3608 2996 3654 τινος
3044 3593 3261 3664 ἀγαθῆς
3309 3592 3592 3663 ἐνεργείας,
3628 3585 3685 3660 ἦς
3723 3588 3747 3652 ἦ

2209 3679 2408 3746 γνῶσις
2435 3680 2528 3731 καὶ
2563 3682 2754 3750 μέχρις
2782 3683 2938 3752 ἡμῶν
2966 3684 3308 3747 καταϐαίνει,
3345 3685 3459 3738 τότε
3487 3682 3647 3734 λαλεῖν
3673 3679 3750 3738 τὰς

2163 3768 2168 3770 ’
2207 3768 2540 3835 δυναστείας,
2567 3771 2912 3840 ἐξαγγέλλειν
2948 3777 3015 3827 τὰ
3056 3775 3348 3848 θαύματα,
3387 3775 3667 3845 διηγεῖσθαι
3697 3771 3750 3824 τὰ

2209 3860 2365 3932 ἔργα,
2396 3862 2586 3932 μέχρις
2611 3863 2801 3916 τούτου
2837 3865 3137 3935 κεχρῆσθαι
3169 3868 3248 3937 τῷ
3277 3869 3438 3938 λόγῳ.
3483 3868 3562 3919 Ἑν
3586 3866 3634 3917 δὲ
3661 3865 3750 3921 τοῖς

2208 3953 2349 4024 ὺπέρ
2369 3953 2625 4006 ἐπέκεινα
2650 3955 2722 4022 μὴ
2753 3955 2958 4022 ἐφιέναι
2980 3959 3043 4026 τῇ
3074 3957 3254 4011 κτίσει
3288 3959 3414 4022 τοὺς
3453 3956 3602 4018 ἰδίους
3621 3955 3749 4023 ὄρους

2207 4043 2496 4107 ἐκϐαίνειν,
2527 4043 2637 4098 ἀλλ’
2671 4045 2889 4115 ἀγαπᾷν
2921 4047 2970 4098 εἰ
2999 4049 3199 4118 ἐαυτὴν
3229 4049 3366 4117 εἰδῇ.
3403 4049 3464 4102 Εἰ
3499 4046 3636 4099 οῦπω
3662 4042 3748 4111 γὰρ

2207 4135 2366 4202 ἔγνω,
2399 4137 2538 4189 κατά
2566 4153 2628 4204 γε
2668 4137 2755 4189 τὸν
2791 4137 3054 4209 ἡμέτερον
3093 4139 3275 4207 λόγον,
3314 4138 3507 4209 ἑαυτὴν
3533 4140 3563 4208 η
3587 4134 3747 4193 κτίσις.

2206 4227 2324 4280 οὐδὲ
2357 4228 2651 4281 κατέλαϐεν
2675 4228 2762 4282 οἵα
2790 4230 2889 4298 τῆς
2922 4229 3098 4302 ψυχῆς
3133 4233 3166 4301 ἠ
3208 4232 3387 4295 οὐσία,
3424 4231 3515 4284 τοῦ
3543 4229 3749 4294 σώματος

534 4326 712 4394 potuit
737 4323 997 4378 admirari
1026 4322 1037 4375 !
1064 4320 1248 4392 Neque
1273 4320 1420 4375 enim
1467 4319 1586 4388 ejus
1620 4320 1970 4373 sanctitatem
2018 4328 2102 4374 est

2207 4320 2239 4388 ἡ
2274 4317 2452 4387 φύσις,
2485 4319 2646 4372 πόθεν
2672 4321 2739 4372 τὰ
2773 4321 2920 4383 ὄντα,
2955 4323 3117 4375 πόθεν
3164 4324 3222 4388 ἐξ
3258 4323 3499 4394 ἀλλήλων
3525 4317 3746 4388 γενέσεις.

533 4414 858 4477 admiratus,
915 4429 1089 4482 neque
1144 4414 1374 4481 gloriam
1435 4410 1768 4474 sanctitatis,
1826 4408 1920 4464 sed
1977 4424 2102 4463 cum

533 4506 848 4561 sanctitatis
869 4503 1041 4558 solam
1065 4498 1166 4554 sibi
1183 4502 1553 4569 proposuisset
1574 4499 1827 4553 admirari
1853 4503 2033 4573 magni
2043 4503 2105 4556 ﬁ-

532 4596 793 4660 centiam,
831 4593 996 4648 etiam
1039 4593 1106 4646 ad
1142 4609 1262 4648 eam
1300 4591 1684 4647 admirandam
1711 4593 1854 4648 vires
1887 4593 2107 4649 fuerunt

532 4684 841 4739 itnhecillae.
861 4684 980 4738 Non
1001 4685 1144 4740 enim
1163 4683 1581 4752 comprehendit
1597 4683 1928 4753 cogitatione
1946 4685 2104 4740 linem

531 4774 653 4842 ejus
676 4774 820 4844 quod
847 4776 1165 4830 admiratur.
1210 4774 1350 4829 Dicit
1387 4775 1834 4844 itaquezcloriae,
1859 4777 2106 4848 magniﬁ-

530 4867 747 4930 centiae,
769 4867 1082 4922 sanctitatis
1105 4867 1226 4939 ejus
1253 4882 1358 4920 non
1381 4875 1464 4921 est
1494 4866 1634 4920 linis.
1657 4867 1714 4920 In
1742 4865 1809 4920 iis
1831 4883 1960 4937 ergo
1985 4884 2106 4936 quae

533 4957 599 5010 de
631 4955 740 5012 Deo
771 4955 1053 5020 dicuntur,
1100 4955 1324 5026 quando
1369 4957 1634 5024 qumritur
1663 4957 1883 5025 quidem
1919 4958 1986 5011 de
2017 4973 2106 5012 es-

532 5048 729 5113 sentia,
761 5058 847 5104 est
879 5058 1092 5118 tempus
1125 5050 1363 5105 tacendi.
1393 5049 1620 5114 Quando
1653 5057 1835 5102 autem
1863 5049 1929 5102 de
1963 5050 2101 5104 bona

2208 4409 2322 4472 πῶς
2359 4410 2419 4461 τὸ
2459 4410 2532 4480 μὴ
2569 4409 2626 4462 ὃν
2667 4411 2960 4472 ούσιοῦται,
3003 4412 3123 4474 πῶς
3162 4414 3226 4466 τὸ
3276 4413 3336 4465 ὃν
3379 4415 3456 4474 εἰς
3495 4407 3552 4462 τὸ
3601 4406 3664 4475 μὴ
3701 4403 3749 4453 ὃν

2207 4501 2516 4561 ἀναλύεται.
2555 4502 2638 4563 τίς
2683 4503 2716 4570 ἡ
2766 4503 2830 4554 ἐκ
2871 4502 2978 4554 τῶν
3009 4504 3268 4557 ἐναντίων
3299 4502 3440 4556 κατά
3471 4500 3557 4553 τὸν
3587 4495 3746 4560 κόσμον

2206 4591 2391 4644 τοῦτον
2428 4591 2777 4661 εὐαρμοστία·
2825 4593 2872 4644 εἰ
2916 4593 3115 4664 ἑαυτὴν
3150 4597 3185 4664 ἡ
3224 4596 3402 4655 κτίσις
3431 4592 3527 4644 οὐκ
3564 4584 3673 4644 οἶδεν
3697 4581 3747 4631 τά

2207 4681 2344 4751 ὑπὲρ
2389 4680 2584 4749 ἑαυτὴν
2621 4680 2737 4743 πῶς
2791 4681 3148 4752 διηγήσεται;
3203 4682 3415 4735 υύκοῦν
3469 4677 3638 4746 καιρὸς
3675 4667 3744 4721 τίιῦ

2210 4771 2381 4824 ταῦτα
2406 4772 2588 4840 σιγᾷν*
2631 4771 2889 4840 κρείττων
2917 4771 3023 4842 γὰρ
3054 4773 3111 4823 ἐν
3137 4771 3350 4834 τούτοις
3376 4772 3408 4842 ἡ
3442 4768 3623 4835 σιωπή.
3645 4762 3748 4814 Και-

2215 4864 2304 4934 ρὸς
2332 4863 2386 4916 δέ
2417 4862 2509 4915 τοῦ
2540 4862 2740 4925 λαλεῖν,
2778 4863 2845 4915 δι’
2885 4856 2960 4915 ὧν
3005 4865 3034 4916 ὁ
3081 4863 3194 4932 βίος
3231 4862 3390 4934 ήμῶν
3433 4860 3560 4930 πρὸς
3586 4850 3746 4923 ἀρετὴν

2211 4955 2533 5018 ἐπιδίδωσιν,
2573 4956 2628 5007 ἐν
2663 4954 2883 5025 Χριστῷ
2919 4954 3091 5025 Ἰησοῦ
3127 4955 3206 5024 τῷ
3254 4953 3446 5025 Κυρίῳ
3487 4949 3645 5020 ἡμῶν.
3669 4936 3748 5008 ᾧῆ

2209 5048 2332 5114 δόξα
2352 5050 2445 5102 καὶ
2459 5047 2519 5099 τὸ
2539 5048 2736 5117 κράτος
2757 5049 2832 5109 εἰς
2854 5047 2978 5110 τοὺς
2997 5046 3199 5109 αἰῶνας
3215 5047 3326 5098 τῶν
3351 5043 3570 5098 αἰώνων.
3590 5034 3747 5103 Ἀμήν.

531 5141 712 5210 ¹¹¹ῘΨ¹³
766 5140 1109 5210 ορθηῑίοηο,
1149 5141 1310 5209 cuius
1350 5142 1592 5212 cognitio
1636 5141 1705 5194 ad
1750 5156 1850 5196 nos
1906 5158 2077 5212 usque
2113 5141 2415 5201 descendit,
2463 5148 2593 5191 tunc
2652 5148 2868 5206 tempus
2920 5147 3005 5192 est
3055 5137 3314 5208 loquendi
3370 5130 3644 5205 potentias.
3677 5138 3752 5174 an-

532 5230 817 5285 nuntiandi
876 5231 1170 5298 miracula,
1237 5230 1496 5284 narrandi
1557 5244 1754 5299 opera,
1821 5231 2087 5286 hactenus
2129 5230 2316 5284 utendi
2362 5243 2635 5284 sermone.
2688 5227 2742 5280 In
2815 5227 2883 5281 iis
2941 5239 3123 5282 autem
3195 5243 3322 5297 quae
3366 5227 3453 5280 illa
3507 5219 3748 5310 superam.

534 5341 641 5382 non
691 5334 776 5380 est
809 5327 1230 5395 permittendum
1267 5334 1535 5380 creatura:
1575 5333 1634 5377 ut
1710 5340 1840 5378 suos
1915 5327 2177 5381 terminos
2217 5333 2458 5394 superet,
2516 5320 2610 5376 sed
2665 5321 2714 5376 ei
2759 5321 2918 5375 debet
2969 5309 3219 5376 suliicere
3265 5320 3310 5375 si
3355 5317 3583 5386 seipsam
3611 5309 3750 5400 ηυτξξ,

531 5414 666 5474 Nam
710 5415 754 5469 si
805 5392 1045 5470 nonduin
1083 5419 1343 5486 seipsam,
1405 5425 1464 5470 ιιι
1514 5426 1697 5470 nostra
1749 5408 1967 5483 quidem
2006 5415 2107 5468 fert
2150 5392 2353 5485 opinio,
2401 5414 2551 5469 novit
2612 5419 2887 5472 creatura,
2963 5427 3136 5483 neque
3167 5392 3752 5480 comprehenditth-llis

604 5600 647 5630 ³⁶
676 5599 821 5656 Psal.
856 5620 940 5668 ev,
977 5603 1028 5655 :2.

1103 5605 1142 5632 ³⁷
1187 5602 1328 5656 I‘sai.
1366 5619 1437 5668 Ix,
1475 5601 1525 5653 :2.
1609 5603 1647 5629 3“
1675 5599 1816 5653 i‘sal.
1848 5617 2021 5662 cxm,
2049 5599 2098 5653 .i.
