3928 6196
215 172 298 225 73')

1194 178 1257 235 IN
1300 179 1833 238 ECCLESIASTEN.
1865 180 2150 236 IIUMILIA
2198 182 2327 236 VIII.

3313 183 3414 239 734

210 285 268 337 sit
307 285 487 339 animae
517 287 774 350 essentia,
825 289 1004 356 qualis
1052 301 1247 347 natura
1295 296 1568 361 corporis,
1607 295 1750 348 unde
1788 301 1918 350 sunt
1955 311 2017 350 ea
2056 312 2177 365 qua:
2242 303 2392 356 sunt,
2446 293 2714 346 undenam
2760 301 2964 347 mutuae
2988 308 3054 347 ex
3085 308 3145 346 se
3182 293 3412 347 invicem

209 371 316 425 tiant
355 375 745 439 generationes,
783 392 892 446 quo
940 391 1104 448 pacto
1149 383 1296 451 quod
1363 399 1473 438 non
1544 392 1629 438 est
1695 383 2066 438 substantiam
2140 384 2394 452 accipiat,
2429 381 2887 450 quemadmodum
2920 383 2972 436 id
3018 382 3163 452 quod
3192 389 3298 446 ost,
3356 379 3417 436 in

205 467 247 518 id
273 467 404 535 quod
440 483 541 521 non
574 478 658 524 est
696 473 1045 529 resolvatur:
1088 493 1340 546 quaenam
1374 480 1450 534 sit
1521 495 1600 548 ex
1639 480 1934 535 contrariis
2003 483 2055 534 in
2128 480 2233 533 hoc
2267 480 2474 533 tnnndo
2509 480 2774 532 continua
2820 480 3148 548 compositio
3187 497 3201 532 :

3243 479 3290 533 si
3329 493 3418 534 se-

205 560 350 628 ipsam
378 578 478 616 non
510 566 659 618 novit
685 575 959 644 creatura,
992 587 1115 640 qua:
1147 589 1314 645 supra
1351 576 1585 644 seipsam
1627 587 1754 629 sunt
1792 576 2068 645 quomodo
2099 575 2417 630 enarrabit?
2439 574 2678 643 Tempus
2712 580 2796 627 est
2824 587 2954 642 ergo
3015 573 3128 627 haec
3168 571 3407 627 taeendi.

203 650 247 703 Ia
276 652 351 705 his
392 654 532 706 enim
577 655 772 711 melius
813 667 897 713 est
945 660 1260 718 silentium:
1303 672 1518 734 tempus
1573 674 1754 719 autem
1791 675 1877 720 est
1932 681 1996 720 ea
2047 665 2325 735 loquendi,
2384 680 2482 734 per
2549 680 2671 733 quae
2717 664 2822 716 vita
2887 673 3073 716 nostra
3114 663 3170 716 in
3216 664 3416 718 virtute

201 746 368 814 accipit
434 749 868 816 incrementum,
921 753 978 808 in
1038 756 1260 813 Christo
1319 757 1449 814 Iesu
1508 757 1740 814 Domino
1780 767 1991 822 nostro.
2021 760 2111 814 cui
2138 759 2311 830 gloria
2336 769 2385 813 et
2421 758 2659 827 potentia
2723 757 2779 810 in
2841 756 3038 810 saecula
3065 756 3412 813 saeculorum.

199 838 364 892 Amen.

774 934 1017 987 OMIAIA
1063 936 1146 988 H'.

251 1021 375 1088 Κεφ.
416 1027 484 1088 γ’,
533 1024 674 1094 στίχ,
709 1024 778 1094 η’.
826 1054 897 1064 -
952 1045 970 1077 ι
1001 1026 1203 1095 Καιρὸς
1229 1027 1321 1081 τοῦ
1359 1029 1604 1100 φιλῆσαι,
1641 1031 1735 1083 καὶ

197 1113 355 1184 καιρὸς
379 1112 469 1166 τοῦ
499 1115 748 1184 μισῆσαι.
766 1135 783 1165 ι
807 1115 901 1178 Τίς
929 1115 1038 1186 ἄρα
1067 1116 1238 1180 οὕτως
1267 1118 1418 1171 ἔσται
1443 1119 1541 1189 τὴν
1568 1120 1736 1193 ἀκοὴν

195 1201 592 1273 κεκαθαρμένος,
625 1204 766 1257 ῶστε
791 1205 1048 1274 καθαρῶς
1072 1206 1326 1273 δέξασθαι
1357 1209 1448 1262 τὸν
1477 1210 1607 1280 περὶ
1641 1209 1735 1262 τοῦ

195 1295 381 1362 φιλῆσαι
425 1295 620 1363 λόγον,
668 1297 832 1367 μηδὲν
881 1297 982 1366 τῆς
1029 1300 1280 1369 ρυπαρᾶς
1334 1299 1515 1367 φιλίας
1557 1300 1736 1369 ἐαυτῷ

195 1387 615 1459 ουνεισφέροντη
640 1390 792 1459 Τάχα
819 1391 910 1442 καὶ
928 1390 996 1443 τὰ
1016 1393 1046 1460 ή
1057 1392 1180 1460 μέτε
1192 1408 1258 1461 ρα
1281 1385 1394 1444 ὦτα
1417 1391 1606 1462 χρῄζει
1628 1393 1737 1445 τῶν

192 1469 436 1525 δακτύλων
491 1474 671 1544 Ἰησοῦ
697 1515 713 1539 ,
763 1477 849 1529 ἵνα
899 1478 986 1530 διὰ
1031 1479 1130 1546 τῆς
1181 1478 1330 1541 θείας
1376 1480 1590 1549 ἐπαφῆς
1640 1480 1734 1532 τοῦ

194 1561 412 1631 ἀληθινοῦ
439 1563 645 1631 Λόγου,
687 1565 1022 1638 ἐλευθερωθῇ
1056 1569 1254 1632 παντὸς
1286 1569 1482 1639 ῥύπου,
1514 1570 1607 1622 τοῦ
1637 1569 1734 1641 τὴν

194 1653 329 1722 ἀκοὴν
357 1654 787 1723 ἐμφράσσοντος,
831 1658 864 1726 ὴ
910 1657 1205 1728 ἀκουστικὴ
1232 1659 1330 1727 τῆς
1360 1659 1536 1729 ψυχῆς
1576 1659 1734 1728 ήμῶν

192 1741 416 1812 δόναμιςο
460 1743 607 1797 ὥστε
653 1748 747 1798 καὶ
791 1747 1030 1800 συνιέναι
1077 1750 1176 1819 τὴν
1222 1749 1506 1820 ἐπαινετὴν
1533 1749 1731 1817 φιλίαν,

195 1835 264 1884 λαὶ
282 1838 337 1903 τῇ
363 1835 496 1905 ᾇυχῇ
536 1837 962 1906 παραδέξασθαι,
993 1839 1078 1902 τίς
1106 1841 1133 1891 ὀ
1161 1841 1350 1909 καιρὸς
1367 1840 1460 1892 τοῦ
1484 1839 1729 1909 φιλῆσαι,

193 1925 264 1975 καὶ
289 1925 363 1986 τίς
386 1928 412 1978 ὁ
437 1926 634 1997 καιρὸς
673 1927 766 1980 τοῦ
803 1930 1046 1999 μισῆσαι.
1095 1931 1210 1982 Οὐκ
1239 1926 1392 2000 οἶμαι
1423 1929 1608 1983 τοῦτον
1641 1930 1735 1984 ἄλ-

193 2013 257 2064 λον
276 2010 399 2067 εἶναι
428 2017 626 2086 καιρὸν
656 2017 794 2086 πλὴν
823 2018 916 2070 τοῦ
961 2021 1344 2090 συμφέροντος.
1408 2021 1469 2073 Ἢ
1498 2021 1607 2090 γὰρ
1637 2021 1730 2089 ἀφ’

193 2105 411 2174 ἐκατέρου
443 2107 658 2158 τούτων
687 2107 942 2174 ὼψέλεια,
977 2108 1117 2161 κατά
1145 2125 1206 2177 γε
1241 2110 1340 2179 τὴν
1360 2110 1496 2180 ἐμὴν
1527 2112 1726 2182 κρίσιν,

191 2198 214 2263 ἡ
242 2197 466 2267 εὐκαιρία
509 2199 620 2268 τῆς
658 2200 903 2269 χρήσεως
929 2199 1251 2271 ἀμφοτέρων
1281 2202 1428 2254 ἐστίν
1448 2219 1460 2233 ·
1506 2202 1581 2264 ὡς
1614 2204 1728 2272 εἴγε

193 2287 270 2348 ἔξω
305 2288 389 2339 τοῦ
417 2288 825 2352 λυσιτελοῦντος
851 2291 1085 2358 γίνοιτο,
1135 2292 1238 2355 ἔξω
1285 2294 1351 2346 ἂν
1385 2294 1467 2364 εἴη
1515 2295 1726 2348 καὶτοῦ

191 2379 344 2448 καιροῦ
388 2380 446 2432 τὸ
491 2381 784 2451 γινόμενον
813 2399 828 2414 ο
862 2383 1124 2454 πρότερον
1164 2384 1220 2436 δὲ
1265 2385 1382 2455 μὲν,
1413 2381 1588 2456 οἶμαι,
1622 2389 1726 2458 χρὴ

189 2471 340 2537 νοῆσαι
383 2471 487 2522 τῶν
520 2471 624 2524 δύο
666 2472 868 2526 τούτων
905 2475 1165 2544 ῥημάτων
1201 2476 1262 2528 τὸ
1309 2478 1724 2547 σημαινόμενον,

189 2559 258 2611 τοῦ
285 2561 488 2631 φιλῆσαι
513 2563 665 2630 λέγω
695 2565 788 2616 καὶ
820 2564 914 2617 τοῦ
941 2565 1189 2635 μισῆσαι,
1220 2567 1283 2619 ἵν’
1312 2568 1483 2630 οὕτως
1512 2569 1606 2621 καὶ
1626 2569 1726 2640 τὴν

189 2649 398 2722 εὔκαιρον
453 2655 643 2707 αὐτῶν
701 2659 893 2725 χρῆσιν
955 2655 1033 2726 τῷ
1083 2657 1223 2728 λόγῳ
1281 2661 1722 2727 κατανοήσωμεν.

187 2739 369 2811 Φίλτρυν
399 2744 549 2796 ἐστὶν
585 2747 620 2814 ἡ
651 2745 949 2807 ἐνδιάθετος
982 2746 1107 2816 περὶ
1146 2746 1204 2798 τὸ
1233 2747 1567 2817 καταθύμιον
1606 2749 1728 2818 σχέ-

188 2848 251 2893 σις
273 2833 330 2884 δι’
360 2835 554 2904 ἡδονῆς
585 2836 682 2888 καὶ
708 2836 1076 2905 προσπαθείας
1105 2839 1470 2907 ἐνεργουμένη
1506 2855 1518 2868 ο
1570 2843 1725 2909 μῖσος

185 2920 226 2973 δὲ
249 2924 274 2991 ἡ
302 2924 425 2994 πρὸς
456 2926 517 2979 τὸ
544 2927 709 2996 ἀηδὲς
736 2926 1084 2997 ἁλλοτρὶωσις
1118 2931 1209 2980 καὶ
1235 2933 1266 2999 ἡ
1302 2930 1395 2982 τοῦ
1431 2929 1725 2994 λυποῦντος

185 3012 475 3085 ἁποπροςρή.
531 3019 692 3069 Ἐστι
719 3018 774 3069 δὲ
807 3018 1008 3070 τούτων
1036 3019 1270 3090 ἑκατέρᾳ
1299 3021 1406 3073 τῶν
1432 3020 1725 3074 διαθέσεων

187 3103 552 3168 milesne-.16);
593 3108 685 3158 καὶ
717 3109 808 3159 ἐπὶ
855 3109 962 3160 τῶν
991 3110 1243 3162 ἐναντίων
1273 3111 1600 3180 χρήσασθαι,
1633 3114 1725 3164 καὶ

182 3193 338 3264 ὥσπερ
384 3198 485 3259 πᾶς
526 3199 560 3250 ὀ
612 3200 731 3251 κατ’
769 3198 968 3268 ἀρετὴν
1001 3199 1112 3269 βίος
1144 3201 1388 3254 ἐντεῦθεν
1426 3202 1525 3273 τὴν
1553 3202 1724 3272 ἀρχὴν

183 3281 288 3350 ἕχει.
325 3287 486 3339 ὐπου
527 3287 644 3357 γὰρ
679 3288 744 3340 ἂν
781 3291 847 3358 τῇ
884 3289 1071 3360 ἀγάπῃ
1104 3291 1376 3360 ῥέῲωμεν,
1407 3295 1579 3344 ἐκεῖνο
1606 3296 1725 3355 ταῖς

180 3374 344 3444 ψυχαῖς
382 3378 739 3448 οἰκειούμεθα
763 3420 778 3442 ,
831 3382 923 3433 καὶ
970 3382 1106 3450 πρὸς
1141 3384 1276 3453 ὅπερ
1311 3382 1376 3435 ἂν
1424 3384 1727 3453 μισητικῶς

181 3464 492 3537 διατεθῶμεν,
527 3470 723 3523 τούτου
771 3471 1213 3543 ἀλλοτριούμεθα.
1273 3475 1396 3527 Εἴτε
1443 3475 1551 3545 γὰρ
1590 3476 1724 3546 πρὸς

177 3558 224 3608 τὺ
245 3561 409 3625 καλὸν,
457 3563 576 3614 εἴτε
630 3562 765 3633 πρὸς
797 3563 854 3615 τὸ
899 3565 1066 3618 κακὸν
1097 3567 1128 3635 ἡ
1159 3566 1258 3634 τῆς
1288 3565 1466 3635 ψυχῆς
1504 3566 1724 3637 γένηται

182 3652 347 3718 σχέσις,
375 3655 777 3723 κατακιρνᾶταί
822 3671 936 3718 πως
973 3659 1039 3726 τῇ
1070 3657 1214 3728 ψυχῇ
1251 3658 1311 3710 τὸ
1339 3658 1724 3728 ἀγαπώμενον.

179 3740 228 3792 ὐ
248 3759 294 3794 τι
319 3743 362 3796 δ’
393 3745 460 3798 ἂν
486 3748 578 3813 εἴη
611 3747 868 3816 καὶνὸττερ
899 3748 964 3800 ἂν
995 3748 1325 3821 παρεμπέσῃ
1356 3749 1443 3801 διὰ
1475 3749 1638 3819 μέσου
1667 3749 1728 3802 τὸ

178 3833 323 3896 μῖσος.
352 3837 546 3888 τούτου
585 3835 678 3887 τὸν
725 3839 1003 3908 χωρισμὸν
1037 3841 1458 3909 κατειργάσατο,
1486 3842 1594 3894 εἴτε
1629 3841 1725 3895 τοῦ

173 3921 328 3988 καλοῦ,
377 3925 490 3980 εἴτε
547 3927 646 3980 τοῦ
696 3929 956 3999 χείρονος.
1009 3929 1218 3982 Οὐκοῦν
1256 3933 1614 3985 ἐπισκεπτέον
1661 3933 1728 3986 ἂν

172 4011 259 4080 εἴη.
288 4015 336 4065 τί
365 4017 466 4084 μὲν
512 4019 823 4088 ἀγαπητὸν,
848 4020 900 4072 τί
935 4019 989 4072 δὲ
1019 4022 1240 4089 μισητόν
1284 4023 1398 4073 ἐστι
1437 4023 1502 4091 τῇ
1547 4021 1726 4089 φύσει,

253 4105 314 4157 ἂν
343 4109 400 4160 ἐν
433 4108 617 4180 καιρῷ
648 4113 714 4180 τῇ
747 4111 970 4181 τοιαύτῃ
999 4113 1098 4181 τῆς
1126 4111 1302 4182 ψυχῆς
1327 4112 1564 4165 διαθέσει
1592 4129 1727 4182 χρη-

171 4191 397 4259 σάμενοι,
447 4199 565 4250 τῶν
615 4216 674 4252 τε
722 4199 908 4252 κακῶν
953 4199 1222 4270 ἀλλότριοι
1271 4200 1359 4252 διὰ
1406 4198 1499 4250 τοῦ
1538 4200 1728 4268 μίσους

169 4285 430 4355 γενοέμεθα
466 4291 564 4342 καὶ
596 4293 662 4360 τῇ
694 4291 852 4358 φύσει
878 4291 987 4344 τῶν
1015 4291 1233 4358 ἀγαθῶν
1261 4290 1722 4360 συγκραθείημεν.

166 4372 258 4424 Καὶ
290 4377 397 4429 εἴθε
445 4379 612 4431 τοῦτο
645 4379 750 4449 πρὸ
778 4379 992 4432 πάντων
1036 4381 1070 4449 ή
1103 4379 1210 4432 τῶν
1235 4378 1535 4450 ἀνθρώπων
1567 4381 1724 4431 ἐπαι-

164 4461 324 4518 δεύετο
351 4469 539 4538 φύσις,
575 4473 656 4534 είς
682 4471 780 4540 τὴν
810 4471 901 4524 τοῦ
938 4471 1102 4525 καλοῦ
1131 4471 1293 4538 λέγω,
1325 4471 1416 4522 καὶ
1450 4469 1522 4539 μὴ
1553 4469 1724 4522 τοιού-

161 4569 241 4604 του
273 4557 584 4630 διακρισινε
616 4562 690 4612 υὺ
727 4561 834 4630 γὰρ
867 4561 932 4614 ἂν
962 4561 1119 4630 ἔσχεν
1163 4559 1394 4630 πάροδον
1441 4559 1586 4611 κατὰ
1627 4558 1727 4627 τῆς

163 4641 288 4714 ζωῆς
314 4651 473 4719 ἡμῶν
501 4652 572 4704 τὰ
598 4652 768 4721 πάθη,
798 4655 844 4704 εἰ
869 4651 925 4716 ἐξ
954 4653 1125 4722 ἀρχῆς
1154 4651 1215 4704 τὸ
1236 4650 1398 4702 καλὸν
1428 4644 1726 4719 ἐγνωρίσα-

162 4753 263 4802 μεν.
310 4741 444 4792 Νυνὶ
478 4743 540 4794 δὲ
568 4747 663 4813 τὴν
695 4743 888 4810 ἄλογον
916 4743 1168 4810 αἴσθησιν
1201 4741 1294 4793 τοῦ
1326 4740 1490 4793 καλοῦ
1533 4744 1719 4810 κριτή-

163 4843 261 4892 ριον
286 4832 434 4900 παρὰ
473 4835 575 4903 τὴν
601 4835 824 4905 πρώτην
856 4835 1186 4905 ποιούμενοι,
1226 4831 1631 4903 συντρεφόμεθα
1658 4835 1723 4902 τῇ

1765 946 1814 1001 Δ

2391 929 2675 985 HOMIIJA
2719 930 2852 987 VIII.

1910 1024 2041 1078 CAP.
2077 1022 2162 1089 ΙΙΙ,
2195 1039 2247 1076 v.
2272 1024 2325 1075 8.
2375 1042 2391 1073 ι
2431 1022 2670 1092 Tempus
2701 1023 2942 1084 amandi,
2977 1031 3030 1078 ct
3053 1031 3268 1092 tempus
3287 1023 3415 1078 odio

1839 1117 2098 1171 habendi.
2137 1135 2156 1168 ι
2221 1116 2358 1181 Quis
2413 1115 2519 1169 erit
2561 1115 2697 1169 adeo
2745 1116 2993 1186 purgatis
3049 1116 3296 1179 auribus,
3353 1125 3414 1169 ut

1838 1225 1974 1278 pure
2004 1209 2239 1277 accipiat
2267 1207 2318 1262 id
2366 1208 2512 1277 quod
2551 1207 2757 1262 dicitur
2795 1206 2861 1262 de
2895 1208 3151 1271 amando,
3184 1208 3411 1263 obsceni

1836 1299 2044 1354 amoris
2076 1297 2215 1352 nihil
2261 1312 2448 1352 secum
2485 1296 2756 1352 allerens?
2789 1296 3047 1351 Fortasse
3089 1305 3268 1350 autem
3313 1313 3411 1351 no-

1837 1398 1964 1446 stra:
1986 1406 2150 1446 aures
2179 1405 2318 1459 Opus
2339 1389 2538 1443 habent
2563 1389 2749 1458 digitis
2777 1387 2930 1452 Jesu,
2967 1398 3022 1441 ut
3049 1405 3146 1459 per
3165 1388 3409 1443 divinum

1840 1479 1999 1534 Verbi
2035 1487 2349 1535 contactum
2378 1478 2448 1532 ab
2479 1479 2625 1532 omni
2659 1477 2840 1543 sorde,
2883 1495 3004 1549 qua:
3038 1482 3279 1533 obstruit
3306 1493 3410 1532 au-

1839 1571 2034 1632 ditum,
2071 1572 2338 1626 liberetur
2365 1572 2448 1624 vis
2477 1570 2734 1624 audiendi
2765 1579 2963 1625 nostra:
2993 1571 3190 1624 animm
3223 1590 3236 1624 :
3272 1582 3328 1624 ut
3357 1580 3411 1623 et

1838 1661 2165 1716 laudabilem
2223 1661 2489 1729 intelligat
2542 1675 2808 1722 amorem,
2857 1668 2911 1714 et
2947 1661 3128 1713 anima
3175 1660 3410 1729 accipiat

1835 1752 2110 1821 quodnam
2144 1751 2214 1805 sit
2259 1760 2474 1820 tempus
2503 1750 2746 1813 amandi,
2793 1758 2846 1804 et
2890 1749 3036 1819 quod
3079 1751 3151 1804 sit
3191 1757 3408 1818 tempus

1835 1844 1959 1897 odio
1983 1843 2235 1896 habendi.
2258 1839 2373 1894 Non
2397 1851 2524 1910 puto
2545 1848 2724 1895 autem
2752 1840 2855 1893 hoc
2878 1839 3022 1893 aliud
3049 1855 3172 1894 esse
3192 1849 3408 1908 tempus

1833 1943 2196 2005 praeterquam
2250 1933 2371 2002 ejus
2413 1934 2559 2000 quod
2615 1941 2698 1986 est
2741 1933 2896 1986 utile.
2956 1933 3088 1997 Quae
3136 1931 3283 1984 enim
3339 1945 3407 1984 ex

1833 2037 2066 2095 utroque
2096 2040 2286 2079 eorum
2332 2023 2550 2091 capitur
2580 2021 2810 2087 utilitas,
2859 2038 2980 2076 meo
3009 2022 3227 2092 quidem
3261 2019 3410 2091 judi-

1831 2120 1939 2181 cio,
1961 2126 2046 2172 est
2099 2118 2384 2170 amborum
2429 2132 2564 2170 usus
2612 2116 3016 2184 Opportunitas.
3068 2112 3204 2166 Nam
3249 2113 3296 2168 si
3336 2113 3411 2167 ita

1832 2208 1949 2272 ﬁat,
1995 2215 2054 2261 ut
2097 2207 2171 2261 sit
2226 2213 2494 2260 remotum
2556 2207 2624 2259 ab
2672 2207 2930 2269 utilitate,
2993 2216 3147 2257 (λιιι-ο
3193 2211 3410 2273 tempus

1765 2285 1802 2337 Β
1833 2299 1996 2352 etiam
2046 2296 2212 2350 fuerit
2248 2297 2299 2349 id
2340 2295 2486 2365 quod
2539 2297 2620 2350 ﬁt.
2658 2297 2833 2364 Atque
2885 2295 3039 2364 prius
3067 2295 3310 2364 quidem,
3351 2303 3412 2348 ut

1755 3629 1795 3683 C

1832 2389 2048 2458 Opinor,
2083 2387 2493 2458 intelligendum
2523 2397 2608 2442 est
2639 2387 3006 2457 signiﬁcatum
3038 2387 3232 2440 horum
3272 2386 3412 2439 duo-

1832 2498 1954 2537 rum
1986 2481 2300 2543 verborum,
2337 2479 2581 2543 amandi,
2614 2480 2926 2548 inquam,et
2958 2479 3204 2538 ndicndi.
3235 2487 3296 2532 ut
3329 2481 3411 2535 sic

1832 2573 1998 2628 etiam
2029 2579 2402 2640 opportunmn
2435 2586 2625 2624 eorum
2661 2585 2820 2623 usum
2865 2571 3050 2624 verbis
3089 2570 3405 2625 considere-

1833 2679 1975 2716 mus.
2009 2661 2176 2714 Amor
2199 2668 2286 2715 est
2316 2660 2651 2714 intrinsecus
2679 2659 2845 2713 insita
2877 2659 2931 2712 in
2965 2659 3015 2712 id
3048 2659 3196 2727 quod
3225 2659 3410 2713 animo

1830 2751 2258 2821 estjucundum,
2295 2750 2579 2811 habitudo,
2603 2754 2967 2819 operans'per
2989 2750 3326 2818 voluptatem
3355 2757 3411 2804 et

1831 2841 2277 2896 delectationem.
2309 2839 2503 2894 Odium
2555 2849 2736 2893 autem
2793 2848 2878 2893 est
2923 2840 3185 2894 alienatio
3227 2839 3298 2893 ab
3341 2854 3411 2893 eo

1831 2930 1978 2998 quod
2021 2937 2106 2984 est
2146 2929 2530 2996 injucundum,
2561 2939 2614 2982 et
2659 2929 2873 2982 aversio
2909 2927 2979 2981 ab
3007 2941 3072 2981 eo
3102 2927 3248 2996 quod
3293 2941 3410 2981 mo-

1832 3023 1987 3077 lestia
2022 3021 2205 3074 allicit.
2244 3019 2545 3074 Possumus
2579 3030 2759 3073 autem
2798 3029 3030 3085 utraque
3056 3021 3249 3072 harum
3273 3016 3409 3072 alle-

1830 3114 2077 3168 ctionum
2120 3121 2175 3165 et
2231 3112 2441 3164 utiliter
2485 3111 2589 3170 uti.
2638 3119 2692 3164 et
2722 3123 2932 3172 contra,
2995 3121 3048 3163 et
3084 3117 3142 3162 ut
3180 3124 3302 3178 quiec
3341 3123 3411 3166 cx

1830 3204 2035 3259 virtute
2067 3202 2178 3255 vita
2210 3202 2389 3268 agitur
2414 3201 2541 3254 hinc
2577 3201 2738 3255 habet
2762 3201 3118 3270 principium.
3157 3200 3236 3254 Ad
3262 3201 3410 3270 quod

1831 3296 1977 3351 enim
2003 3308 2190 3347 amore
2224 3291 2490 3345 fuerimus
2517 3293 2796 3360 prOpcnsi,
2843 3291 2916 3344 illi
2951 3290 3324 3345 fatniliaritate
3348 3305 3413 3344 ac

1831 3386 2242 3443 necessitudine
2303 3386 2485 3438 animo
2535 3385 2963 3454 conjungimur,
3020 3392 3074 3438 et
3131 3383 3197 3436 ad
3263 3387 3412 3453 quod

1831 3481 1959 3533 odio
1986 3478 2164 3533 allecti
2208 3492 2420 3540 smnus,
2457 3477 2526 3530 ah
2559 3492 2624 3531 eo
2658 3477 2982 3530 alicnamur.
3016 3474 3149 3527 Nam
3191 3475 3304 3528 sive
3334 3476 3403 3527 ad

1835 3572 2070 3631 bonum,
2106 3568 2220 3622 sive
2248 3567 2314 3620 ad
2351 3567 2552 3620 malum
2595 3565 2756 3619 fuerit
2789 3566 2984 3618 animae
3021 3564 3304 3626 habitudo,
3337 3566 3396 3618 in

1830 3662 2010 3714 anima
2040 3656 2448 3727 quodannnodo
2473 3655 2738 3710 miscetur
2769 3655 2913 3723 quod
2941 3654 3205 3723 diligitur.
3237 3652 3406 3717 Quid-

1828 3750 1960 3818 quid
2011 3757 2195 3801 autem
2249 3745 2436 3805 fuerit,
2473 3753 2528 3797 et
2571 3744 2657 3797 cui
2701 3743 3092 3797 intermedium
3136 3742 3406 3795 interces-o

1831 3840 1967 3894 serit
1999 3837 2211 3896 odium.
2245 3835 2366 3902 ejus
2401 3833 2528 3886 facit
2564 3832 2992 3902 separationem,
3020 3845 3118 3883 seu
3150 3829 3276 3883 boni
3309 3845 3408 3884 seu

1831 3929 1980 3984 mali.
2029 3929 2123 3982 list
2177 3941 2306 3996 ergo
2347 3924 2810 3980 considerandum
2863 3922 2994 3992 quid
3050 3923 3123 3977 sit
3182 3921 3409 3989 quidem

1830 4020 2151 4081 amandum,
2182 4019 2312 4089 quid
2342 4033 2473 4074 vero
2505 4019 2576 4073 sit
2609 4033 2638 4070 a
2679 4025 2878 4070 natura
2913 4016 3039 4070 odio
3073 4014 3405 4076 habendum,

1830 4119 1889 4165 ut
1927 4112 1981 4164 in
2011 4119 2259 4180 tempore
2288 4117 2510 4164 utentes
2562 4108 2666 4162 hac
2708 4107 2878 4161 animi
2929 4105 3239 4168 allectione,
3289 4112 3346 4158 et
3377 4120 3408 4158 ιι

1829 4203 1989 4258 malis
2037 4202 2202 4256 alieni
2251 4202 2557 4256 evadamus
2601 4215 2698 4269 per
2727 4193 2937 4262 odium,
2971 4206 3025 4250 et
3061 4212 3182 4252 cum
3230 4194 3408 4249 bono~

1830 4308 1948 4345 rum
1997 4301 2194 4346 natura
2249 4299 2746 4356 contcmpcremur.
2791 4286 2857 4339 Et
2889 4286 3096 4340 utinam
3148 4284 3251 4338 hoc
3281 4291 3412 4339 anto

1825 4384 2010 4437 omnia
2061 4383 2346 4436 hominum
2395 4381 2691 4434 doceretur
2725 4387 2945 4440 natura,
2988 4376 3054 4431 ad
3086 4376 3410 4430 discernen-

1826 4472 1977 4536 dum,
2012 4472 2256 4541 iuquam.
2288 4471 2492 4524 bonum
2525 4477 2581 4523 et
2618 4470 2932 4533 honestum,
2954 4475 3006 4521 et
3037 4467 3091 4520 id
3116 4466 3262 4536 quod
3297 4481 3410 4521 non

1823 4569 1908 4616 est
1933 4561 2240 4631 ejusmodi!
2275 4557 2397 4613 Non
2439 4559 2584 4613 enim
2615 4559 2683 4612 ad
2720 4559 2884 4611 vitam
2919 4567 3164 4612 nostram
3199 4555 3411 4611 aditum

1825 4651 2090 4705 haberent
2119 4649 2287 4702 animi
2320 4648 2787 4718 perturbationes,
2821 4647 2870 4701 si
2907 4645 2960 4699 id
2983 4645 3130 4715 quod
3171 4656 3254 4702 est
3290 4646 3392 4699 bo-

1825 4757 1955 4797 num
2009 4757 2300 4796 nossemus
2356 4741 2425 4793 ah
2473 4739 2655 4793 initio.
2727 4736 2885 4790 Nunc
2937 4745 3121 4790 autem
3185 4751 3412 4790 sensum

1826 4841 2104 4903 expertem
2141 4833 2393 4894 rationis,
2421 4829 2663 4896 judicem
2693 4829 2818 4881 boni
2844 4837 2897 4882 et
2925 4828 3137 4883 honesti
3168 4828 3408 4898 primum

161 4921 264 4970 κατ’
296 4924 473 4992 ἀρχὲις
525 4927 846 4999 ἐγγινομένῃ
886 4927 1011 4997 περὶ
1043 4927 1150 4978 τῶν
1197 4927 1364 4978 ὄντων
1404 4925 1601 4988 κρίσει,
1632 4925 1726 4976 καὶ

1834 4925 2117 4988 facientes,
2151 4923 2314 4978 simul
2349 4923 2550 4976 alimur
2581 4935 2706 4973 cum
2740 4935 2806 4973 eo
2833 4918 3046 4988 judicio
3081 4919 3151 4974 de
3189 4919 3258 4974 iis
3289 4933 3414 4988 qua:

164 5009 336 5062 τούτου
372 5015 540 5082 χάριν
571 5016 1033 5079 δυσαποσπάστως
1071 5017 1268 5086 ἔχομεν
1295 5013 1402 5066 τῶν
1430 5016 1497 5083 τῇ
1534 5014 1725 5084 αίσϐἡο

167 5113 234 5149 σει
258 5102 621 5169 νομισθέντων
651 5101 790 5157 εἶναι
815 5104 1012 5166 καλῶν,
1047 5106 1255 5165 ἑαυτοῖς
1281 5101 1377 5172 τὴν
1407 5099 1533 5169 περὶ
1554 5098 1723 5154 ταῦτα

167 5190 333 5257 σχέσιν
359 5198 427 5263 τῇ
466 5196 761 5267 συντροφία
798 5197 1138 5266 ποιήσαντες.

231 5460 405 5514 Καλὸν
444 5464 681 5530 φαίνεται
723 5469 832 5528 τοῖς
876 5465 1177 5534 ἀνθρώποις
1206 5473 1233 5528 ὃ
1272 5470 1573 5554 πωλικῆς
1605 5483 1722 5517 τινα

181 5547 351 5620 ἡδονὴν
380 5552 469 5608 διὰ
499 5558 590 5626 τῆς
617 5557 864 5627 εὖχροίας
893 5557 1172 5631 ἐντίθησιν,
1205 5547 1394 5641 ira.“
1434 5565 1503 5638 τῇ
1531 5557 1722 5629 ἀψύχῳ

1833 5025 1982 5078 sunt,
2033 5013 2181 5082 quod
2231 5013 2376 5068 inest
2418 5027 2447 5064 a
2500 5008 2796 5080 principio,
2843 5017 2897 5062 ct
2951 5008 3070 5061 ideo
3120 5005 3413 5060 dilllculter

1833 5107 2122 5161 avellimur
2166 5106 2235 5159 ab
2274 5105 2342 5159 iis
2378 5119 2502 5174 quae
2547 5102 2689 5157 bona
2730 5116 2852 5155 esse
2896 5113 3094 5154 sensus
3123 5097 3409 5151 existiman

1827 5198 1925 5258 vit,
1976 5205 2035 5250 ut
2081 5197 2174 5264 qui
2235 5198 2444 5249 (inuam
2492 5209 2557 5248 ac
2600 5192 2853 5248 stabilem
2901 5189 3062 5244 nobis
3109 5188 3410 5242 fecerimus

1831 5292 2232 5352 habitudinem,
2295 5306 2360 5344 eo
2413 5288 2560 5359 quod
2605 5302 2728 5340 cum
2785 5285 2855 5338 iis
2905 5282 3068 5338 simul
3119 5280 3304 5335 educti
3353 5285 3407 5331 et

1829 5383 2053 5437 cnutriti
2083 5398 2295 5437 sumus.

1903 5473 2194 5526 Pulchrum
2239 5471 2455 5524 videtur
2504 5465 2844 5529 hominibus,
2888 5462 3034 5534 quod
3091 5457 3268 5512 oculis
3309 5470 3404 5528 per

1834 5565 2032 5620 bonum
2069 5563 2306 5616 colorem
2352 5557 2509 5614 affert
2540 5556 2876 5623 voluptatem
2916 5554 3031 5608 sive
3072 5551 3124 5605 in
3161 5549 3402 5605 inanima
