3928 6196
549 233 653 286 Ἰτιῖ

1787 238 1846 295 S.
1871 236 2193 295 GREGORII
2225 233 2526 292 NYSSENI.
3658 233 3741 286 77.6

551 343 804 407 materia,
837 343 952 397 sive
979 343 1032 397 in
1064 343 1328 400 animatis
1359 346 1710 416 spectaculis.
1747 348 1970 402 Auditui
2008 351 2130 419 pul-

2237 348 2358 421 ὕλῃ,
2389 350 2497 402 εἴτε
2529 347 2586 398 ἐν
2613 348 2726 408 τοῖς
2760 342 3024 414 ἐμψύχοις
3057 339 3308 412 θεάμασι.
3340 341 3504 394 Καλὸν
3535 345 3592 412 τῇ
3630 346 3743 414 ἀκιῇ

551 435 684 488 citra
733 451 821 490 res
858 447 942 489 est
993 435 1249 490 melodia.
1291 438 1347 491 ln
1397 439 1692 508 saporibus
1729 456 1950 510 quoque
1991 452 2045 496 et
2078 443 2132 496 in

549 525 814 580 odoribus
865 526 1137 596 ejusmodi
1182 528 1388 582 bonum
1447 545 1512 583 ac
1559 531 1851 599 pulchrum
1902 532 2132 598 delinit,

551 615 687 669 illud
721 616 940 685 quidem
983 627 1199 686 gustus,
1239 619 1342 674 hoc
1376 635 1506 674 vero
1551 622 1836 676 odoratus.
1877 620 2132 677 Omnium

552 716 733 761 autem
771 710 1184 776 gravissimum,
1219 720 1274 765 et
1306 727 1335 764 a
1364 713 1577 767 ratione
1613 714 2016 770 alienissimum
2050 726 2135 771 est

553 805 757 860 tactus,
793 813 885 866 per
912 815 1074 867 quem
1107 801 1483 869 intemperans
1514 803 1787 871 voluptas,
1819 804 1872 857 in
1898 820 1962 858 eo
1987 807 2134 875 quod

552 889 844 956 pulchrum
883 898 968 944 est
1003 890 1382 958 dijudicando,
1439 895 1644 961 primas
1685 896 1828 965 apud
1874 905 2131 951 naturam

553 985 742 1045 partes
767 989 930 1033 tenet.
958 980 1228 1044 Quoniam
1253 998 1381 1050 ergo
1407 999 1605 1039 Sensus
1627 1003 1750 1039 eum
1780 988 2134 1043 nascentibus

553 1067 716 1122 nobis
752 1070 938 1126 statim
985 1071 1263 1134 oriuntur,
1307 1085 1359 1126 et
1391 1090 1515 1127 eum
1565 1076 1646 1152 eis
1696 1077 1749 1130 in
1798 1077 1976 1146 primo
2013 1079 2135 1132 vita:

554 1155 714 1209 initio
765 1160 949 1213 statim
1006 1177 1324 1228 versamur;
1359 1165 1410 1218 vi
1456 1173 1636 1220 autem
1689 1170 1958 1222 sentiendi
2006 1186 2132 1223 cum

555 1247 665 1299 vita
703 1263 732 1301 a
779 1252 992 1307 ratione
1023 1254 1203 1308 aliena
1238 1271 1432 1326 magna
1473 1266 1558 1311 est
1595 1258 1947 1312 familiaritas
1971 1279 1980 1312 :
2006 1277 2131 1313 om-

556 1340 647 1392 nia
693 1343 841 1395 enim
887 1345 1158 1412 ejusmodi
1213 1355 1519 1401 cernuntur
1559 1349 1723 1403 etiam
1782 1351 1836 1404 in
1889 1350 2130 1406 bestiis:

556 1447 713 1486 tuens
751 1443 931 1490 autem
968 1437 1371 1506 quodammodo
1396 1439 1689 1509 impeditur
1725 1457 1756 1495 a
1809 1457 1907 1496 sua
1938 1458 2135 1512 opera-

557 1523 729 1580 tione.
769 1533 828 1578 ut
874 1543 1039 1595 quam
1069 1544 1178 1582 non
1218 1530 1400 1598 capiat
1432 1530 1688 1595 infantia,
1735 1540 1790 1586 et
1820 1535 2002 1603 aliqua
2049 1551 2132 1589 ra-

559 1615 713 1669 tione
737 1619 1066 1685 exprimitur
1095 1635 1124 1673 a
1156 1621 1439 1675 dominatu
1475 1639 1674 1678 sensus
1705 1627 1798 1693 qui
1824 1635 1910 1679 est
1936 1643 2133 1696 expers

558 1707 832 1762 rationis:
861 1718 1147 1779 propterea
1181 1711 1353 1766 falsus
1389 1723 1443 1767 et
1469 1714 1733 1770 aberraus
1759 1733 1892 1771 usus
1913 1719 2130 1772 amandi
2168 1692 2208 1746 Β

556 1793 883 1856 allectionis.
938 1800 1268 1868 principium
1315 1809 1401 1856 est
1453 1811 1507 1856 et
1555 1802 1973 1859 fundamentum
2015 1807 2137 1862 vita:

557 1901 679 1954 qua)
711 1889 762 1940 in
805 1890 936 1942 vitio
963 1892 1166 1959 agitur.
1203 1891 1337 1946 Nam
1371 1895 1630 1964 quoniam
1681 1896 1877 1966 duplex
1914 1907 1998 1953 est
2042 1916 2138 1953 no-

558 1977 647 2032 bis
690 1988 908 2045 natura,
945 1998 1140 2051 nempe
1181 1993 1233 2038 et
1271 2001 1338 2038 eo
1363 1987 1512 2055 quod
1545 1987 1649 2042 sub
1691 1989 2136 2060 intelligentiam,

557 2074 613 2119 et
641 2083 708 2120 eo
734 2068 877 2136 quod
913 2072 1018 2124 sub
1049 2089 1270 2127 sensum
1303 2075 1446 2129 cadit
1467 2087 1900 2147 contemperata,
1937 2082 2133 2152 duplex

557 2167 962 2227 consequenter
991 2171 1074 2216 est
1103 2165 1263 2219 nobis
1296 2165 1426 2230 vita,
1469 2184 1592 2237 qua:
1627 2169 1681 2222 in
1722 2179 1957 2240 utroque
1995 2173 2138 2229 inest

559 2251 1006 2305 convenienter:
1047 2258 1410 2325 corporaliter
1455 2259 1676 2328 quidem
1725 2265 1862 2330 parti
1920 2267 2134 2328 sensili.

561 2341 723 2394 alteri
787 2351 968 2396 autem
1031 2345 1472 2416 incorporaliter.
1522 2350 1787 2408 Similiter
1843 2362 2023 2409 autem
2083 2365 2138 2412 et

557 2430 702 2499 quod
727 2441 812 2486 est
847 2433 1074 2498 bonum,
1112 2445 1164 2490 et
1199 2438 1343 2506 quod
1389 2455 1494 2494 non
1529 2451 1612 2496 est
1651 2442 1988 2511 bujusmodi,
2028 2463 2136 2500 non

558 2520 700 2576 idem
723 2536 808 2578 est
839 2527 1058 2596 utrique
1087 2530 1207 2583 vita:
1232 2540 1436 2585 nostrze
1459 2536 1668 2601 generi,
1704 2538 1796 2590 sed
1829 2538 1878 2591 id
1913 2541 2133 2609 quidem

559 2615 703 2682 quod
741 2618 1045 2688 percipitur
1085 2621 1467 2692 intelligentia,
1503 2625 1552 2678 ei
1581 2643 1702 2694 qme
1736 2629 1885 2682 cadit
1911 2633 2014 2685 sub
2048 2633 2131 2685 in-

559 2707 918 2776 telligentiam
949 2728 961 2762 :
997 2713 1186 2766 sensili
1223 2725 1404 2769 autem
1441 2723 1495 2770 et
1543 2733 1825 2787 corporea:
1854 2723 1996 2790 parti
2031 2725 2138 2779 tale

558 2795 724 2864 quale
768 2800 883 2852 vult
927 2815 1146 2856 sensus.
1197 2801 1465 2867 Quoniam
1506 2821 1636 2876 ergo
1676 2823 1876 2864 sensus
1915 2812 2133 2881 quidem

557 2888 724 2942 simul
753 2891 1001 2946 nascitur
1025 2909 1149 2946 cum
1184 2894 1362 2963 primo
1384 2906 1530 2959 ortu,
1560 2915 1711 2956 meus
1732 2909 1914 2955 autent
1943 2919 2138 2972 exspe-

2234 441 2294 492 τὸ
2343 439 2638 510 μελῴδημα
2677 455 2692 469 ·
2745 437 2837 490 καὶ
2881 437 2940 489 ἐν
2981 437 3095 497 τοῖς
3139 436 3326 503 χυμοῖς
3366 433 3418 485 δὲ
3464 435 3549 485 καὶ
3584 438 3746 499 ἐντοῖς

2233 533 2421 604 ὀσμοῑς
2473 533 2636 586 καλὸν
2686 530 2948 601 ὁρίζεται,
2984 528 3045 580 τὸ
3091 525 3188 596 μὲν
3235 527 3268 596 ἡ
3319 524 3514 592 γεῦσις,
3551 525 3604 576 τὺ

2233 624 2517 696 ὖσιρρησις.
2565 624 2638 676 Τὸ
2671 623 2728 675 δέ
2761 622 2978 674 πάντων
3032 615 3331 688 βαρύτατόν
3369 632 3427 666 τε
3466 617 3552 667 καὶ
3579 616 3750 683 ἀλογὼ·

2233 717 2392 768 τατόν
2422 718 2569 768 ἐστιν
2603 717 2636 784 ἡ
2670 714 2804 782 ἁφὴ,
2849 712 2915 764 δι’
2945 705 3013 781 ἦς
3040 711 3074 778 ἡ
3113 707 3400 766 ἀκόλαστος
3426 705 3574 774 ἡδονὴ
3598 706 3676 757 ἐπὶ
3698 711 3752 777 τῇ

2232 807 2327 859 τοῦ
2359 807 2524 860 καλοῦ
2553 806 2720 874 ψήφῳ
2756 799 3078 874 προτερεύει
3120 801 3187 868 τῇ
3221 797 3395 866 φύσει.
3438 797 3578 848 Ἐπεὶ
3601 792 3680 849 οὖν
3709 800 3753 849 αἱ

2235 899 2514 968 αἰσθήσεις
2534 899 2664 968 ἡμῖν
2686 895 2846 957 εὐθὺς
2877 891 3182 962 γινομένοις
3208 888 3667 948 συναποτίκτονται,
3685 891 3756 940 καὶ

2233 986 2509 1057 ταύτα[ις]
2560 987 2710 1056 παρὰ
2756 985 2856 1055 τὴν
2901 983 3127 1054 πρώτην
3176 980 3318 1050 ζωὴν
3359 977 3754 1048 συστρεφόμεθγ

2237 1078 2403 1148 πολλὴ
2430 1078 2484 1129 δέ
2509 1079 2624 1130 ἐστι
2659 1079 2723 1146 τῇ
2755 1075 3044 1145 αἰσθητικῇ
3074 1072 3299 1142 δυνάμει
3329 1070 3459 1140 πρὸς
3484 1070 3573 1139 τὴν
3602 1070 3759 1136 ἄλογον

2235 1168 2381 1238 ζωὴν
2407 1169 2440 1237 ἡ
2469 1166 2767 1229 οἰκείωσις·
2800 1165 2978 1219 πάντα
3010 1163 3117 1233 γὰρ
3150 1161 3219 1214 τὰ
3241 1161 3459 1214 τοιαῦτα
3485 1161 3570 1212 καὶ
3597 1161 3647 1210 ἐν
3670 1161 3757 1221 τοῖς

2234 1255 2450 1324 ἀλόγοις
2483 1257 2704 1325 ὁρᾶται·
2734 1255 2762 1304 ὁ
2793 1250 2849 1302 δὲ
2878 1251 3001 1314 νοῦς
3031 1249 3376 1321 ἐμποδίζεταί
3407 1265 3515 1310 πως
3543 1247 3660 1317 πρὸς
3682 1247 3762 1316 τὴν

2233 1343 2438 1397 οἰκείαν
2485 1344 2762 1412 ἐνέργειαν
2811 1341 2916 1393 ὑπὸ
2965 1341 3065 1410 τῆς
3115 1337 3434 1408 νηπιότητος
3478 1336 3547 1408 μὴ
3587 1336 3757 1406 χωρού-

2239 1452 2396 1505 μενος
2424 1475 2439 1497 ,
2491 1435 2606 1488 ἀλλ’
2637 1432 2942 1486 ἐκθλίϐεται
2970 1432 3172 1504 τρόπον
3201 1431 3324 1483 τινὰ
3356 1432 3420 1500 τῇ
3452 1431 3760 1500 ἐπικρατήσει

2234 1528 2333 1597 τῆς
2365 1528 2712 1599 ἀλογωτέρας
2751 1525 3080 1596 αἰσθήσεως,
3112 1523 3198 1576 διὰ
3238 1521 3393 1575 τοῦτο
3422 1521 3762 1590 πεπλανημένη

2236 1636 2295 1671 τε
2349 1621 2442 1672 καὶ
2506 1619 2920 1690 διημαρτημένη
2977 1617 3076 1683 τῆς
3127 1615 3471 1686 ἁγαπητικῆς
3518 1614 3764 1673 διαθέσεως

2239 1713 2456 1783 χρῆσις,
2492 1709 2633 1780 ἀρχὴ
2668 1708 2763 1760 καὶ
2792 1707 3049 1768 ὑπόθεσις
3089 1705 3183 1757 τοῦ
3217 1705 3358 1758 κατὰ
3387 1706 3571 1757 κακίαν
3595 1703 3766 1770 γίνεται

2241 1804 2375 1875 βίου.
2426 1799 2640 1870 Ἐπειδὴ
2668 1799 2776 1869 γὰρ
2804 1797 2967 1867 διπλῆ
2995 1799 3075 1861 τίς
3111 1799 3260 1850 ἐστιν
3284 1798 3411 1868 ἡμῖν
3451 1797 3483 1865 ἡ
3514 1794 3676 1863 φύσις,
3706 1792 3765 1862 τῷ

2237 1894 2413 1967 νοητῷ
2435 1911 2492 1947 τε
2529 1892 2622 1946 καὶ¹
2655 1890 2897 1962 αἰσθητῷ
2929 1890 3370 1960 συγκεκραμένη,
3397 1888 3547 1957 διπλῆ
3578 1887 3700 1938 κατὰ
3721 1887 3768 1936 τὸ

2237 1985 2531 2040 ἀκόλουθόν
2561 1985 2707 2036 ἐστιν
2737 1984 2870 2054 ἡμῖν
2899 1980 2994 2035 καὶ
3020 1981 3053 2052 ἡ
3081 1979 3228 2051 ζωὴ,
3275 1978 3542 2048 ἑκατέρων
3585 1978 3636 2028 ἐν
3663 1978 3766 2044 ἡμῖν

2237 2076 2586 2147 καταλλὴλως
2612 2075 2956 2145 ἐγγινομένη,
2990 2071 3315 2143 σωματικῶς
3350 2071 3444 2141 μὲν
3469 2069 3543 2140 τῷ
3566 2067 3768 2137 αἰσθητῷ

2241 2168 2417 2238 μέρει,
2453 2167 2531 2237 τῷ
2573 2167 2626 2219 δὲ
2676 2167 2849 2236 ἑτέρῳ
2878 2167 3209 2235 ἁσωμάτως.
3258 2162 3522 2225 Ὡσαύτως
3547 2162 3600 2214 δὲ
3623 2161 3701 2214 καὶ
3723 2157 3768 2210 τὸ

2237 2259 2403 2312 καλόν
2431 2276 2487 2310 τε
2519 2258 2612 2311 καὶ
2657 2258 2731 2327 μὴ
2765 2256 3027 2322 τοιοῦτον,
3063 2257 3122 2309 οὐ
3151 2257 3213 2309 τὸ
3246 2257 3375 2309 αύτό
3401 2259 3539 2308 ἐστιν
3565 2254 3769 2324 ἐκατέρῳ

2235 2351 2314 2421 τῷ
2341 2351 2437 2420 τῆς
2463 2351 2605 2419 ζωῆς
2628 2349 2786 2420 ήμῶν
2813 2349 2962 2412 εἴδει,
2991 2349 3128 2402 ἀλλὰ
3158 2348 3350 2420 νοητὸν
3374 2348 3488 2418 μὲν,
3511 2347 3584 2417 τῷ
3604 2345 3764 2415 νοητῷσ

2236 2441 2314 2510 τῷ
2343 2442 2399 2493 δὲ
2424 2440 2666 2511 αἰσθητῷ
2705 2457 2762 2493 τε
2792 2441 2886 2492 καὶ
2919 2440 3222 2510 σωματικῷ
3255 2442 3407 2510 μέρει
3433 2439 3654 2492 τοιοῦτον
3678 2433 3767 2489 οἷον

2239 2535 2272 2603 ἡ
2307 2533 2559 2604 αἴσθησις
2591 2532 2860 2602 βούλεται.
2909 2531 3062 2584 Ἐπεὶ
3090 2528 3186 2585 οῦν
3217 2535 3249 2602 ἡ
3287 2533 3385 2602 μὲν
3427 2531 3657 2601 αἴσθησις
3678 2529 3768 2597 ἃμα

2237 2629 2305 2697 τῇ
2343 2626 2532 2698 πρώτῃ
2565 2625 2777 2694 γενέσει
2809 2627 3135 2696 συμφύεται,
3163 2630 3192 2679 6
3214 2627 3269 2679 δὲ
3297 2626 3416 2689 νοῦς
3445 2624 3768 2695 ἀναμένειτὴν

2238 2721 2318 2782 εἰς
2356 2722 2418 2772 τὸ
2447 2719 2756 2789 σύμμετρον
2794 2719 2893 2788 τῆς
2925 2719 3140 2789 ἡλικίας
3186 2719 3508 2790 ἀναδρομὴν,
3538 2717 3661 2769 ὥστε
3697 2716 3769 2766 δν-

2238 2809 2466 2881 νηθῆναι
2505 2811 2624 2862 κατ’
2654 2809 2833 2877 ὀλίγον
2863 2810 3170 2880 ἐμφανῆναι
3199 2811 3277 2879 τῷ
3302 2810 3645 2878 ὑποκειμένῳ,
3671 2806 3768 2858 τού·

2240 2918 2332 2954 του
2367 2901 2524 2971 χάριν
2551 2901 2934 2953 δυναστεύεται
2968 2900 3074 2952 ὑπὸ
3111 2900 3213 2970 τῆς
3260 2900 3554 2970 αἰσθήσεως
3577 2901 3602 2950 6
3630 2896 3772 2958 νοῦςό

557 2986 673 3032 etat
697 2987 754 3033 ut
779 2991 1041 3036 excurrat
1066 2993 1200 3040 mtas
1233 2986 1299 3040 ad
1332 2991 1734 3057 symmetriam,
1774 3004 1832 3048 ut
1864 2995 1980 3065 ipsa
2006 3012 2134 3065 pos-

2241 2992 2384 3046 κατά
2431 2993 2622 3063 μικρὸν
2655 2991 3032 3060 ἐγγινόμενος,
3071 2991 3166 3044 καὶ
3201 2991 3344 3044 κατὰ
3389 2991 3576 3061 κράτος
3617 2987 3690 3041 ἀεὶ
3713 2983 3776 3055 τῷ

561 3069 634 3123 sit
681 3073 947 3140 paulatim
1001 3092 1266 3146 apparere
1314 3077 1367 3131 in
1422 3080 1694 3148 subjecto,
1737 3100 1799 3138 ea
1846 3086 1914 3140 de
1967 3103 2136 3145 causa

559 3175 760 3216 sensus
793 3163 1136 3218 dominatum
1170 3167 1386 3222 obtinet
1422 3169 1475 3222 in
1510 3180 1747 3227 mentem
1775 3189 1897 3243 qua:
1931 3178 2135 3232 sensim

559 3251 794 3316 accedit,
833 3263 887 3308 et
933 3271 1151 3325 semper
1199 3261 1469 3314 assueStrit
1502 3262 1550 3315 ei
1579 3263 1725 3331 quod
1760 3267 1933 3336 magis
1971 3269 2138 3323 abun-

559 3340 740 3395 datad
775 3346 822 3399 ei
869 3346 1256 3414 obediemlnm,
1296 3349 1430 3404 illttd
1462 3353 1662 3407 bonqu
1700 3357 1784 3410 vel
1820 3360 2021 3414 malum
2045 3361 2135 3431 ju-

559 3433 774 3498 dicans,
803 3438 946 3505 quod
998 3440 1362 3507 expetendum
1412 3444 1497 3497 vel
1529 3445 1890 3514 rejieiendum
1935 3467 2136 3508 sensus

561 3525 844 3581 statuerit.
884 3528 1002 3592 Quo
1041 3533 1118 3590 lit,
1158 3539 1215 3583 ut
1251 3532 1323 3585 sit
1356 3533 1515 3588 nobis
1547 3535 1780 3590 arduum
1821 3549 1876 3592 et
1917 3541 2138 3598 dillicile

561 3631 748 3669 verum
813 3618 1014 3672 bonum
1080 3629 1260 3676 mente
1315 3627 1816 3698 comprehendere;
1878 3635 2135 3702 quoniam

560 3714 927 3781 praeoccupati
949 3729 1143 3769 smnus
1170 3716 1449 3772 sentiendi
1474 3719 1854 3780 instrumentis
1875 3769 1888 3790 ,
1907 3741 1972 3780 eo
1993 3727 2136 3797 quod

559 3803 696 3856 delet
719 3811 796 3856 tat
823 3812 876 3858 et
907 3806 1090 3860 lmtitia
1119 3808 1316 3872 allicit,
1344 3811 1546 3865 bonum
1585 3821 1640 3866 et
1684 3815 1974 3871 honestum
2025 3819 2134 3872 cir-

561 3897 1022 3952 cumscribentes.
1075 3899 1364 3964 Quomodo
1415 3904 1560 3958 enim
1607 3905 1720 3960 ﬁeri
1774 3922 1881 3961 non
1935 3919 2133 3978 potest,

562 3987 705 4041 utad
722 4004 840 4041 eam
874 4006 995 4060 qua:
1025 3994 1182 4048 estin
1211 3996 1368 4050 uelis
1403 3997 1869 4066 pulchritudinem
1903 4002 2139 4071 aspicia-

559 4096 703 4143 mus,
734 4081 779 4134 si
816 4099 994 4138 aercm
1020 4087 1112 4155 qui
1147 4097 1232 4142 est
1273 4104 1442 4158 supra
1480 4098 1646 4158 caput
1689 4091 1866 4161 caligo
1903 4093 2138 4150 interce-

560 4172 746 4240 perit:
785 4173 857 4226 ita
888 4191 988 4230 nec
1016 4179 1212 4231 oculus
1257 4179 1456 4233 anima:
1499 4180 1567 4233 ad
1609 4179 1864 4236 virtutem
1919 4184 2134 4253 aspicit,

559 4263 604 4316 si
645 4280 739 4332 per
769 4267 1126 4335 voluptatem,
1164 4270 1331 4323 veluti
1373 4269 1667 4340 quamdam
1706 4271 1995 4342 caliginem
2017 4274 2137 4343 ejus

2241 3081 2587 3146 πλεονάζοντι
2634 3082 2769 3153 πρὸς
2813 3083 2874 3134 τὸ
2922 3082 3222 3135 ὑπακούειν
3269 3081 3417 3150 αύτῷ
3460 3079 3771 3142 συνεθίζετσι,

2240 3176 2416 3228 ἐκεῖνο
2442 3173 2602 3227 καλὸν
2625 3174 2664 3243 ἢ
2702 3173 2903 3243 φαῦλον
2931 3173 3156 3245 κρίνων,
3193 3174 3330 3244 ὅπερ
3365 3173 3429 3226 ἂν
3455 3173 3486 3242 ἢ
3520 3170 3772 3242 προέληται

2239 3266 2273 3336 ἢ
2323 3264 2569 3334 ἀποϐάλῃ
2617 3266 2650 3334 ἡ
2695 3263 2964 3334 αἴσθησις.
3001 3263 3100 3316 Διὰ
3148 3263 3310 3316 τοῦτο
3369 3263 3565 3333 χαλεπή
3605 3278 3656 3312 τε
3701 3258 3775 3310 καὶ·

2239 3357 2679 3428 δυσκατόρθωτος
2706 3358 2836 3427 ἡμῖν
2871 3359 2904 3427 ἡ
2937 3356 3031 3409 τοῦ
3067 3356 3288 3428 ἀληθῶς
3319 3354 3518 3424 ἀγαθοῦ
3546 3351 3771 3419 κατανόη·

2241 3467 2322 3512 σις
2353 3450 2593 3519 γίνεται⁹
2623 3448 2705 3501 ὅτι
2747 3448 3164 3520 προειλήμμεθα
3197 3452 3312 3512 τοῖς
3345 3447 3660 3518 αἱσθητικοῖς
3680 3461 3772 3512 κρι-

2237 3543 2468 3612 τηρίοις,
2513 3542 2570 3593 ἐν
2617 3539 2695 3610 τῷ
2739 3539 3081 3610 εύφραίνοντί
3122 3558 3186 3593 τε
3229 3542 3323 3594 καὶ
3361 3541 3536 3610 ἤδοντι
3561 3538 3614 3591 τὸ
3644 3535 3771 3588 καλὸν

2238 3633 2562 3704 ὁριζόμενοι.
2597 3633 2807 3702 Ὥσπερ
2837 3632 2945 3702 γὰρ
2976 3632 3075 3684 οὐκ
3107 3631 3226 3684 ἔστι
3265 3632 3400 3701 πρὸς
3427 3632 3492 3683 τά
3519 3632 3572 3682 ἐν
3597 3625 3773 3697 ούρανῷ

2239 3723 2409 3792 κάλλη
2442 3721 2680 3792 βλέπειν,
2716 3721 2947 3792 ὁμίχλης
2976 3721 3065 3774 τὸν
3096 3722 3243 3792 ὑπὲρ
3273 3722 3508 3791 κεφαλῆς
3533 3719 3655 3790 ἀέρα
3680 3718 3770 3768 δια-

2238 3813 2538 3883 λαϐούσηςο
2573 3811 2744 3875 οὕτως·
2779 3812 2898 3864 οὐδὲ
2944 3813 2973 3863 6
3013 3812 3111 3881 τῆς
3166 3812 3349 3881 ψυχῆς
3380 3808 3638 3880 ὀφθαλμὸς
3665 3804 3771 3873 πῷς

2237 3903 2338 3974 τὴν
2381 3904 2579 3975 ἀρετὴν
2624 3904 2853 3974 καθορᾷ,
2895 3900 3006 3956 οἷον
3051 3903 3216 3974 άχλύῖ
3250 3905 3358 3956 τινὶ
3407 3903 3532 3972 πρὸς
3563 3900 3648 3970 τὴν
3675 3897 3772 3964 ὄψιν

2238 3994 2325 4048 διὰ
2351 3995 2450 4064 τῆς
2475 3995 2668 4064 ἡδονῆς
2709 3994 3127 4064 ἀναλαϐόμενος.
3183 3995 3340 4047 Ἐπεὶ
3383 3989 3472 4046 οὖν
3509 3995 3539 4061 ἡ
3589 3989 3673 4059 μὲν
3703 3985 3770 4038 σί-

2241 4087 2430 4158 σθησις
2473 4087 2609 4157 πρὸς
2653 4087 2754 4157 τὴν
2804 4086 3000 4157 ἡδονὴν
3045 4085 3260 4156 βλέπει,
3297 4088 3324 4138 6
3355 4086 3410 4138 δέ
3449 4085 3564 4146 νοῦς
3591 4081 3666 4133 διὰ
3695 4077 3767 4146 τῆς

2239 4179 2431 4249 ἡδονῆς
2483 4177 2618 4247 πρὸς
2663 4179 2764 4249 τὴν
2810 4178 3011 4248 ἀρετὴν
3061 4179 3196 4247 όρᾷν
3249 4176 3614 4249 ἐμποδίζεται,
3660 4167 3768 4266 αὕτη

2238 4269 2446 4339 γίνεται
2473 4271 2505 4340 ἡ
2535 4270 2635 4338 τῆς
2667 4270 2864 4333 κακίας
2887 4269 3048 4340 ἀρχὴ,
3075 4269 3213 4322 διότι
3239 4268 3339 4340 τὴν
3364 4269 3546 4335 ἄλογον
3572 4261 3766 4332 περὶτοῦ

556 4355 894 4412 obtundatur
935 4360 1108 4416 visus.
1161 4360 1432 4426 Quoniam
1485 4377 1616 4433 ergo
1675 4378 1873 4417 sensus
1915 4364 2134 4432 quidem

2240 4357 2406 4412 καλοῦ
2435 4359 2615 4428 κρίσιν
2638 4357 2733 4411 καὶ
2756 4359 2784 4410 6
2806 4357 2931 4421 νοῦς
2951 4359 3054 4412 ὑπὸ
3083 4359 3183 4429 τῆς
3214 4357 3516 4429 αἰσθήσεως
3535 4355 3765 4407 δυναστευ-

558 4448 1213 4522 aspicitadvoluptatcm.
1264 4469 1418 4508 mens
1460 4464 1640 4508 autem
1694 4454 1990 4523 impeditur
2040 4472 2134 4525 per

558 4539 889 4610 voluptatem
936 4560 1003 4598 ne
1025 4546 1205 4600 videat
1233 4545 1516 4607 virtutem,
1555 4545 1658 4600 hoc
1679 4553 1763 4600 est
1804 4546 2132 4615 principium

558 4631 698 4695 vitii,
743 4635 999 4702 quoniam
1053 4651 1084 4688 a
1134 4636 1345 4689 ratione
1400 4637 1639 4691 aliettum
1685 4636 1753 4691 de
1783 4637 1928 4691 bono
1958 4645 2011 4692 et
2036 4637 2135 4691 lto-

557 4723 1014 4792 nestojudieium,
1045 4744 1198 4783 mens
1228 4745 1468 4798 quoque,
1507 4729 1562 4782 in
1591 4743 1756 4798 quam
1788 4744 1984 4783 sensus
2033 4731 2131 4784 ob-

558 4811 693 4867 tinet
723 4813 1086 4880 dominatum,
1127 4835 1229 4874 suo
1285 4821 1610 4888 comprobat
1655 4818 1940 4890 suﬂ'ragio,
1984 4828 2039 4874 et
2085 4820 2129 4874 si

556 4903 758 4958 dixerit
795 4910 987 4963 oculus
1011 4911 1301 4979 pulchrum
1333 4922 1385 4966 et
1423 4912 1708 4966 honestum
1747 4927 1868 4966 esse
1900 4911 1954 4964 in
1987 4911 2132 4966 bono

555 4996 741 5052 colore
763 4999 882 5068 ejus
913 5001 1058 5068 quod
1085 5003 1356 5064 cernitur,
1386 5019 1452 5057 eo
1487 5018 1706 5073 quoque
1745 5002 1928 5072 vergit
1968 5002 2133 5056 intel-

556 5089 800 5157 ligentia.
831 5090 896 5143 Et
927 5091 1180 5146 similiter
1208 5094 1264 5147 in
1293 5095 1438 5154 aliis.
1473 5095 1522 5148 id
1555 5095 1701 5164 quod
1731 5109 1953 5148 sensum
1983 5093 2136 5148 oble-

553 5188 685 5243 ctat,
746 5181 948 5236 bonum
1005 5199 1128 5238 esse
1176 5193 1452 5239 censetur.
1492 5184 1646 5250 Quod
1680 5187 1724 5239 si
1754 5186 1936 5254 aliquo
1970 5183 2134 5238 modo

555 5273 670 5326 lieri
697 5283 900 5342 posset,
941 5283 997 5328 nt
1031 5277 1189 5332 nobis
1211 5277 1279 5330 ab
1316 5279 1476 5332 initio
1530 5283 1738 5333 inesset
1783 5277 1850 5330 de
1895 5276 2036 5329 bono
2081 5283 2135 5330 ct

555 5363 1098 5434 bonestojudieium,
1135 5379 1314 5423 mente
1349 5369 1401 5422 in
1450 5371 1628 5438 seipsa
1685 5367 1947 5438 probante
1988 5367 2130 5434 quod

553 5455 756 5510 bonum
783 5467 889 5519 est,
930 5476 1038 5513 non
1076 5461 1304 5517 rationis
1343 5462 1553 5530 experti
1579 5459 1763 5514 sensui
1791 5459 2126 5514 serviremus

555 5558 815 5619 tanquam
864 5553 1053 5607 bestia:
1095 5555 1147 5608 in
1207 5554 1526 5609 servitutem
1582 5553 1835 5606 redactae.
1884 5549 1951 5604 L't
2001 5569 2130 5621 ergo

557 5643 680 5699 talis
710 5646 963 5703 confusio
996 5647 1344 5703 discernatur
1381 5647 1434 5702 in
1463 5647 1646 5713 nobis,
1694 5653 1747 5702 et
1784 5647 1837 5701 id
1875 5643 2017 5718 quod
2048 5656 2131 5701 est

2240 4448 2352 4512 θεὶς
2378 4448 2709 4518 ἐπεψήφισε,
2741 4448 2846 4501 κᾶν
2873 4448 3000 4518 εἴπῃ
3045 4450 3073 4500 6
3109 4449 3396 4520 ὀφθαλμὸς
3418 4450 3475 4500 ἐν
3500 4448 3559 4515 τῇ
3592 4437 3761 4510 εὐχροίὲ

2236 4541 2330 4595 τοῦ
2365 4540 2691 4611 φαινομένου
2724 4541 2787 4593 τὸ
2815 4541 2979 4594 καλὸν
3024 4537 3184 4608 εἶναι,
3236 4531 3760 4611 συνεπιρῤἐπειτούτφ

2238 4634 2333 4703 καὶ
2365 4635 2398 4703 ἡ
2431 4633 2658 4687 διάνοια.
2696 4633 2805 4685 Καὶ
2852 4633 2943 4685 ἐπὶ
2978 4631 3087 4685 τῶν
3116 4632 3324 4685 λοιπῶν
3357 4633 3412 4684 δὲ
3450 4628 3690 4686 ὡσαύτως,
3714 4617 3757 4668 τὸ

2237 4698 2527 4794 εύφραῖνον
2565 4725 2664 4794 τὴν
2697 4723 2948 4794 αἴσθησιν
2974 4725 3072 4793 τὴν
3112 4724 3208 4777 τοῦ
3249 4723 3416 4778 καλοῦ
3450 4722 3610 4793 ψῆφον

2239 4831 2394 4868 κατο.
2425 4816 2488 4868 Et
2511 4814 2569 4867 δέ
2598 4831 2715 4877 πως
2747 4809 2858 4866 οἷόν
2883 4829 2942 4864 τε
2969 4808 3038 4883 ἦν
3069 4814 3128 4880 ἐξ
3161 4815 3340 4885 ἀρχῆς
3370 4817 3497 4886 ἡμῖν
3517 4812 3604 4880 τὴν
3624 4801 3754 4869 ἀληθῆ

2239 4908 2484 4977 περὶτοῦ
2511 4906 2676 4960 καλοῦ
2707 4907 2887 4978 κρίσιν
2914 4905 3250 4974 ἐγγίνεσθαι,
3281 4906 3374 4958 τοῦ
3402 4904 3490 4957 νοῦ
3521 4901 3574 4954 τὸ
3602 4891 3757 4965 ἀγαθὸν

2237 5000 2322 5070 ἐφ’
2349 5001 2544 5053 ἑαυτοῦ
2575 5000 2979 5069 δοκιμάζοντος,
3012 4999 3114 5051 οὐκ
3157 4997 3226 5050 ἂν
3252 4999 3321 5068 τῇ
3365 4995 3534 5063 ἀλόγῳ
3558 4987 3756 5053 αἰσθήσει

2236 5093 2622 5163 δεδουλωμένοι
2668 5093 2960 5163 κτηνὼδεις
3003 5091 3280 5161 γινόμενοι
3331 5075 3754 5180 κατεδουλούξίεθα·

2251 5186 2338 5248 Ὠς
2383 5186 2448 5239 ἂν
2476 5182 2570 5238 οὖν
2599 5187 2632 5255 ή
2679 5185 2900 5254 τοιαύτη
2939 5183 3199 5253 σύγχυσις
3243 5184 3302 5234 ἐν
3329 5183 3456 5250 ἡμῖν
3487 5169 3756 5243 διακριθεῑην

2237 5277 2328 5329 καὶ
2373 5277 2434 5329 τὸ
2477 5279 2542 5346 τῇ
2593 5275 2750 5344 φύσει
2793 5275 3098 5344 ἀγαπητὸν,
3152 5273 3247 5326 καὶ
3292 5271 3360 5323 τὰ
3401 5268 3585 5339 ἑτέρως
3608 5262 3756 5330 ἔχοντα

2239 5363 2422 5428 πάλιν,
2459 5364 2713 5427 ἀπλανῶς
2745 5365 3128 5433 ἐπιγνωσθειη,
3155 5361 3329 5415 ταῦτά
3356 5377 3481 5429 φησι
3505 5354 3635 5409 νῦνὸ
3664 5347 3755 5444 Ἕκς

2237 5457 2568 5528 κλησιαστὴς
2593 5458 2651 5510 ἐν
2679 5455 2755 5525 τῷ
2782 5455 2949 5525 λόγῳ,
2975 5457 3055 5508 ὅτι
3073 5474 3090 5506 ‹
3111 5452 3316 5524 Καιρὸς
3338 5450 3424 5503 τοῦ
3452 5447 3664 5518 φιλῆσαι,
3684 5449 3752 5487 καί

2237 5549 2424 5618 καιρὸς
2456 5548 2548 5600 τοῦ
2591 5550 2832 5618 μισῆσαι.
2867 5566 2886 5599 ι
2911 5549 2988 5600 Δι’
3016 5540 3089 5600 ὧν
3120 5544 3382 5614 διακρίνει
3407 5544 3500 5612 τὴν
3521 5535 3613 5589 τῶν
3644 5543 3752 5631 73W"

2238 5642 2462 5713 γμάτων
2515 5641 2694 5711 φύσιν,
2737 5642 2946 5703 δεικνὺς
2996 5640 3045 5691 τί
3091 5637 3147 5690 τὸ
3195 5633 3560 5706 συμφερόντως
3608 5635 3751 5693 gum-
