3928 6196
170 303 256 356 ῚΤΙ
1162 297 1228 352 IN
1270 298 1806 357 ECCLESIASTEN.
1836 298 2122 358 IIOMILIA
2161 301 2292 356 VIII.

3291 299 3393 350 758

170 431 334 486 μενον,
368 413 460 468 καὶ
483 415 535 468 τί
559 413 621 468 τὸ
647 411 990 485 μισούμενον.
1024 413 1186 481 Λέγει
1207 402 1374 486 γάρῗὴ
1400 415 1591 487 νεότης
1611 421 1709 482 τοῖς

1826 426 2022 470 natura
2049 415 2408 486 diligendum,
2439 423 2493 468 et
2521 429 2641 484 qua:
2669 414 2827 470 aliter
2858 429 2917 470 se
2942 415 3164 476 habent,
3196 430 3390 471 rursus

167 513 250 580 τῆς
285 511 493 582 ἡλικίας
536 511 738 565 πάοεσι
776 510 992 575 ζέουσα,
1036 511 1227 580 καιρὸν
1263 507 1404 564 εἷναι
1443 513 1580 582 αὐτῇ
1627 513 1720 566 τοῦ

167 601 321 667 φιλεῖν
359 603 524 654 ταῦτα
547 603 584 656 ἂ
616 606 682 674 τῇ
718 603 929 672 νεότητι
959 601 1088 671 φίλα
1122 602 1290 654 ἐστίν.
1336 602 1474 654 Ἀλλ’
1500 603 1722 672 ἁντιϐοᾷ

165 693 640 763 ὀἘκκλησιαστὴς
693 697 756 764 τῇ
814 694 1028 763 νεότητι
1056 734 1071 754 ,
1126 693 1285 746 ἄλλον
1333 695 1430 764 τῆς
1477 694 1721 764 καθαρᾶς

167 784 327 850 φιλίας
356 786 546 854 καιρὸν
575 782 910 855 ὁριζόμενος.
951 787 1101 856 Μηδὲ
1142 786 1249 856 γὰρ
1279 782 1418 838 εἶναι
1449 785 1603 839 τοῦτο
1637 805 1722 855 φι-

169 879 282 933 λίαν,
305 875 405 942 τὴν
430 875 878 946 διημαρτημένην
916 877 1016 946 τῆς
1059 876 1237 946 ψυχῆς
1276 877 1501 948 περὶτὰ
1546 879 1722 932 ἄτοπα

171 967 348 1035 σχέσιν.
392 967 607 1035 ’Ὠσπερ
649 969 758 1037 γὰρ
787 969 1147 1039 εὐοδουμένης
1193 970 1250 1022 ὲν
1284 971 1462 1042 ὑγιείᾳ
1492 970 1592 1039 τῆς
1623 971 1722 1041 φύ-

169 1075 297 1120 σεως,
332 1059 388 1109 ὲν
414 1058 594 1128 καιρῷ
622 1059 968 1128 προσγίνεται
994 1059 1054 1112 τὸ
1083 1059 1231 1128 δίψος
1255 1060 1332 1130 τῷ
1356 1060 1568 1130 σώματι
1589 1079 1601 1092 '
1639 1057 1720 1125 οἷς

164 1148 209 1199 δὲ
240 1147 296 1199 τὺ
338 1147 528 1217 δῆγμα
564 1149 663 1218 τῆς
691 1149 907 1218 διψάδος
946 1149 1158 1218 ἐχίδνης
1201 1151 1298 1219 τὴν
1328 1151 1580 1219 τοιαύτην
1601 1151 1718 1205 διά-

165 1239 286 1290 θεσιν
314 1238 655 1308 ἐνεποίησεν,
691 1241 790 1292 οὐκ
828 1239 893 1292 ἄν
922 1257 1001 1302 τις
1039 1242 1181 1292 εἴποι
1222 1240 1362 1293 κατά
1408 1241 1596 1310 καιρὸν
1634 1243 1720 1294 ὲν-

165 1326 415 1394 εργείσθαι
443 1327 545 1397 τὴν
583 1329 768 1396 δίψαν
809 1329 868 1380 ού
898 1329 1006 1398 γαρ
1040 1331 1243 1400 φυσικὴ
1274 1332 1452 1398 ὄρεξις
1477 1335 1570 1386 ἐπὶ
1599 1334 1718 1386 τού-

164 1434 268 1479 των,
291 1418 422 1471 ἀλλά
448 1419 624 1482 πάοος
643 1422 676 1490 ἠ
698 1419 822 1488 δίψα
846 1420 1050 1486 γίνεται
1070 1437 1082 1450 ’
1111 1420 1252 1474 οὕτω
1276 1423 1448 1474 καὶτὸ
1477 1426 1718 1494 ῥυπαρὸν

163 1508 242 1575 τῆς
270 1509 519 1579 νεότητος
552 1510 795 1580 φίλτρον,
835 1511 895 1561 οὐ
934 1510 1175 1579 φίλτρον,
1207 1511 1340 1563 ἀλλὰ
1389 1512 1541 1575 νόσος
1598 1514 1718 1566 ἐστὶ

163 1597 224 1666 τῷ
254 1597 465 1651 διακαεί
514 1616 571 1650 τε
618 1600 711 1651 καὶ
752 1597 942 1669 γνώμη
990 1599 1065 1668 τῷ
1099 1600 1196 1668 τῆς
1233 1600 1447 1668 ἡλικίας
1479 1602 1716 1672 δήγματι

164 1688 484 1758 ἐγγινομένη.
522 1690 596 1740 Οὐ
628 1690 779 1742 πᾶσα
810 1690 992 1741 τοίνυν
1023 1689 1171 1756 φιλία
1199 1689 1258 1742 τὸ
1286 1689 1540 1762 εὔκαιρον
1567 1692 1710 1762 ἔχει,

163 1776 257 1827 ἀλλ’
285 1778 316 1846 ἡ
348 1778 480 1846 περὶ
511 1777 573 1828 τὸ
609 1777 768 1847 μόνον
797 1779 1079 1848 ἀγαπητὸν
1109 1779 1388 1848 γινομένη.
1438 1781 1575 1832 Ἀλλ’
1612 1782 1711 1834 οὐκ

165 1867 254 1918 ἐστι
297 1869 440 1936 σαφῆ
481 1868 611 1937 περὶ
642 1867 845 1920 τούτων
874 1868 1074 1935 γνῶσιν
1117 1868 1333 1931 λαϐεῖν,
1393 1869 1467 1940 μὴ
1515 1872 1713 1924 οὑτωσὶ

166 1957 428 2026 διελόμενον
458 1961 521 2010 ἐν
551 1961 617 2029 τῇ
654 1958 854 2028 θεωρία
885 1959 972 2011 τὸν
1000 1959 1184 2027 λόγον·
1219 1961 1326 2012 τῶν
1354 1961 1573 2028 ἀγαθῶν
1597 1963 1710 2015 τοία

167 2067 253 2110 νυν,
294 2051 388 2102 ὃσα
435 2052 594 2120 παρᾶ
626 2054 737 2103 τῶν
769 2049 1072 2120 ἀνθρώπων
1109 2051 1487 2116 σπουδάζεται,
1513 2052 1583 2104 τὰ
1613 2054 1712 2122 μὲν

165 2142 297 2204 ὅπως
345 2143 580 2195 τοιαῦτα
627 2143 806 2203 ἐστιν,
850 2135 936 2194 οἶα
978 2141 1070 2193 καὶ
1113 2141 1432 2212 ὀνομάζεται
1465 2160 1479 2173 ο
1536 2143 1604 2196 τὰ
1655 2144 1712 2196 δὲ

167 2229 478 2301 ψευδώνυμον
525 2230 620 2300 τὴν
673 2230 988 2300 ἐπωνυμίαν
1039 2230 1171 2300 ἔχει.
1243 2233 1381 2284 Ὅσα
1435 2232 1544 2303 γάρ
1591 2232 1712 2301 οὐχὶ

167 2321 460 2392 πρόσκαιρον
529 2321 714 2374 δίδωσι
777 2321 874 2390 τὴν
928 2320 1260 2384 ἀπόλαυσιν,
1318 2321 1436 2374 οὐδὲ
1486 2321 1554 2374 τά
1605 2338 1709 2374 τινι

161 2409 377 2464 ίοκοῦντα
403 2412 551 2465 καλὴ
594 2411 802 2482 ἑτέροις
845 2412 1091 2482 ἄχρηστα
1120 2411 1327 2478 γίνεται
1359 2451 1374 2473 ,
1417 2411 1552 2465 ἀλλά
1578 2413 1712 2466 πάν-

161 2516 256 2552 τοτε
293 2504 379 2554 καὶ
408 2502 506 2554 διὰ
537 2502 758 2555 πάντων
791 2502 884 2554 καὶ
918 2503 976 2554 ἐν
1007 2502 1170 2554 πᾶσίν
1215 2503 1360 2555 ἐστιν
1398 2503 1594 2570 ἀγαθὰ,
1629 2499 1709 2568 οἷς

161 2591 212 2642 ἂν
235 2592 535 2662 ἐγγένηται,
583 2593 758 2646 ταῦτα
798 2593 873 2654 ὡς
917 2591 1133 2661 ἀληθῶς
1179 2595 1325 2646 ἐστιν
1375 2593 1576 2661 ἀγαθὰ,
1621 2596 1710 2648 ἀεὶ

161 2680 380 2746 ὡσαύτως
416 2684 640 2754 ἔχοντα,
692 2683 786 2735 καὶ
815 2684 914 2754 τὴν
947 2683 1040 2737 τοῦ
1075 2685 1313 2756 χείρονος
1355 2685 1596 2754 ἐπίμιξιν
1645 2686 1706 2738 οὐ

163 2774 558 2845 προσδεχόμενα.
595 2776 773 2846 ’Λπερ
817 2779 928 2838 τοῖς
976 2775 1216 2846 ἀκριϐῶς
1243 2764 1551 2839 ἐξετάζουσι
1583 2778 1709 2848 περὶ

165 2866 298 2934 μόνην
343 2867 441 2937 τὴν
476 2867 630 2919 Θείαν
665 2884 721 2919 τε
751 2867 844 2920 καὶ
871 2867 1037 2920 ἀΐδιον
1073 2868 1352 2936 Θεωρεῖται
1396 2868 1575 2936 φύσιν.
1628 2869 1709 2922 Τὰ

233 2958 351 3011 ἀλλα
386 2959 574 3012 πάντα
608 2960 706 3012 ὅσα
749 2961 814 3029 τῇ
863 2958 1109 3028 αἰσθήσει
1139 2959 1278 3011 καλά
1310 2960 1444 3021 ἐστι,
1487 2959 1573 3011 διὰ
1609 2959 1708 3028 τῆς

162 3049 271 3101 κατὰ
297 3050 386 3120 τὴν
421 3051 609 3117 οἴησιν
643 3050 856 3120 ἀπάτης
885 3049 1024 3101 καλά
1070 3050 1386 3120 φαινόμενα,
1425 3050 1547 3102 οὔτε
1593 3049 1706 3102 ἔστι
1736 3077 1776 3131 C

160 3139 211 3205 τῇ
235 3139 394 3204 φύσει,
413 3139 545 3192 οὕτε
576 3139 900 3210 ὑφέστηκεν,
917 3139 1048 3192 ἀλλὰ
1068 3137 1166 3209 τῆς
1193 3140 1420 3208 ροώδους
1450 3142 1542 3193 καὶ
1571 3157 1708 3211 παρ-

159 3231 309 3300 ώικῆς
334 3232 464 3284 ὄντα
502 3231 748 3300 φύσεως,
801 3231 866 3283 δι’
898 3227 1111 3298 ἀπάτης
1155 3231 1298 3293 τινὸς
1341 3231 1432 3282 καὶ
1472 3232 1707 3301 ματαίας

162 3318 470 3388 προλήψεως,
511 3320 586 3384 ὡς
619 3320 761 3373 κατὰ·
789 3319 1044 3388 ἀλήθειαν
1071 3319 1198 3372 ὄντα
1223 3321 1335 3381 τοῖς
1363 3318 1706 3382 ἀπαιδεύτοις

163 3409 419 3475 νομίζεται.
461 3412 524 3462 Εἰ
557 3408 649 3464 οὖν
671 3410 778 3462 τῶν
805 3411 1051 3464 ἁστάτων
1079 3409 1455 3480 περιεχόμενοι
1486 3409 1593 3462 τῶν
1618 3410 1704 3462 ἀεὶ

162 3499 370 3553 ἑστώτων
397 3503 509 3554 οὐκ
548 3501 921 3570 ἑπορέγονται,
957 3500 1099 3553 ἔοικε
1132 3500 1239 3571 γὰρ
1271 3501 1446 3552 τοίνυν
1471 3494 1582 3552 οἷον
1613 3499 1704 3551 ἐπί

161 3603 273 3652 me;
313 3593 547 3655 σκοπιᾶς
596 3592 804 3662 ὑψηλῆς
855 3592 1024 3654 ἑστὼς
1068 3595 1097 3645 ὁ
1139 3592 1564 3662 Ἑκκλησιαστὴς
1609 3594 1706 3662 ὲμ-

160 3679 261 3748 σῖοᾷν
289 3687 346 3753 τῇ
367 3685 687 3754 ἀνθρωπίνῃ
719 3684 876 3752 φύσει
906 3684 971 3737 δι’
999 3677 1074 3738 ὧν
1103 3683 1250 3752 λέγει
1276 3701 1292 3717 ⁶
1336 3705 1352 3735 ι
1378 3683 1582 3750 Καιρδς
1608 3681 1702 3735 τοῦ

165 3770 363 3841 τριλῆσαι,
395 3776 498 3828 καὶ
533 3776 722 3846 καιρὸς
763 3775 855 3828 τοῦ
893 3775 1138 3846 μισῆσαι,
1164 3796 1181 3826 ι
1207 3777 1286 3828 ὅτι
1334 3775 1468 3828 ἄλλα.
1495 3775 1609 3827 ἐστὶ⁵
1636 3775 1703 3828 τὰ

161 3857 293 3926 ὅντως
326 3866 534 3934 ἀγαθὰ,
580 3866 615 3919 ἃ
648 3866 741 3919 καὶ
768 3867 908 3920 αύτά
937 3869 1050 3920 ἐστι
1082 3867 1238 3933 καλά,
1278 3866 1372 3920 καὶ
1417 3867 1540 3929 τοὺς
1577 3883 1704 3936 μετ-

161 3949 342 4020 έχοντας
369 3958 650 4020 τοιούτους
683 3960 842 4010 ποιεῖ.

1823 504 1964 560 citra
2008 521 2250 559 errorem
2282 515 2671 575 agnoscantur,
2704 505 2817 559 haec
2849 521 2996 560 nunc
3036 507 3173 560 dicit
3203 507 3258 560 in
3286 507 3390 560 hoc

1823 599 1960 651 libro
1980 595 2364 660 Ecclesiastes,
2398 617 2415 648 ι
2441 596 2679 665 Tempus
2707 605 2793 650 est
2828 598 3067 658 amandi,
3101 605 3154 650 et
3177 608 3390 666 tempus

1821 696 1907 742 est
1933 689 2059 741 odio
2089 689 2376 742 habendi.»
2411 687 2509 740 Per
2543 702 2663 755 ιμιιι1
2686 686 2903 755 quidem
2926 686 3186 740 discernit
3208 704 3388 740 rerum

1823 785 2100 841 naturam,
2139 778 2434 831 ostendens
2463 777 2591 845 quid
2634 777 2840 829 utiliter
2877 785 3111 834 ametur,
3163 785 3217 829 et
3258 777 3388 844 quid

1821 868 1948 921 odio
1986 868 2267 922 habeatur.
2308 869 2446 922 Dicit
2486 869 2628 921 enim
2661 868 2922 936 juventus
2949 869 3128 922 :etatis
3173 869 3390 924 fervens

1822 958 2130 1022 all‘eetibus,
2164 960 2266 1014 sibi
2313 969 2526 1027 tempus
2559 975 2680 1012 esse
2726 958 2941 1010 amandi
2973 973 3034 1010 ea
3069 973 3190 1026 quae
3225 958 3389 1010 chara

1819 1049 2247 1115 sintjuveututi.
2295 1050 2397 1104 Sed
2427 1049 2696 1119 juventuti
2725 1061 2915 1102 contra
2956 1050 3158 1102 clamat
3201 1049 3388 1102 Eccle-

1821 1142 2044 1204 siastes,
2085 1142 2352 1196 deﬁniens
2387 1143 2532 1196 aliud
2583 1158 2705 1197 esse
2750 1153 2966 1212 tempus
3002 1158 3150 1212 pura:
3192 1143 3387 1195 amici-

1821 1233 1926 1285 tia-.
1958 1231 2074 1286 Non
2111 1234 2255 1286 enim
2308 1234 2408 1287 hoe
2452 1249 2572 1287 esse
2608 1234 3129 1298 amicitiam,anim:e
3167 1233 3386 1286 habitu-

1819 1323 2004 1378 dinem
2046 1325 2392 1379 aberrantem
2426 1325 2478 1378 in
2513 1326 2677 1378 rebus
2711 1325 2962 1392 turpibus
2991 1332 3042 1376 et
3079 1324 3386 1391 ﬂagitiosis.

1820 1412 2107 1478 Quomodo
2133 1416 2275 1468 enim
2319 1415 2362 1467 si
2399 1415 2452 1467 in
2484 1415 2721 1468 sanitate
2771 1423 2920 1469 recto
2951 1431 3116 1469 cursu
3155 1424 3242 1468 eat
3287 1432 3386 1469 na-

1822 1514 1963 1569 tura,
1998 1507 2050 1559 in
2084 1516 2328 1575 tempore
2371 1507 2492 1559 sitis
2531 1508 2740 1560 accedit
2776 1507 2993 1575 corpori
3026 1526 3038 1561 :
3067 1509 3267 1575 quibus
3296 1526 3388 1562 :tll-

1819 1607 1923 1651 tem
1953 1614 2171 1652 morsus
2195 1598 2438 1667 dipsadis
2465 1600 2624 1651 talem
2658 1600 2795 1651 indit
2823 1598 3190 1659 allectioucm,
3226 1616 3384 1652 nemo

1816 1689 2012 1743 dixerit
2035 1690 2086 1742 in
2111 1698 2351 1757 tempore
2374 1705 2492 1743 eam
2516 1689 2654 1743 edici
2691 1692 2834 1744 sitim
2861 1711 2871 1741 :
2897 1707 3002 1744 non
3042 1692 3187 1745 enim
3219 1694 3271 1745 iu
3299 1693 3384 1747 his

1823 1782 2093 1834 naturalis
2127 1783 2420 1849 appetitus,
2463 1781 2557 1836 sed
2601 1781 2794 1835 vitiosa
2827 1782 3044 1836 alTectio
3080 1791 3165 1836 est
3212 1784 3335 1838 sitis
3367 1802 3382 1838 :

1816 1872 1887 1924 ita
1955 1874 2120 1925 etiam
2183 1874 2458 1927 obscenus
2523 1888 2678 1926 amor
2727 1874 3070 1941 jnvcntutis,
3124 1891 3233 1927 non
3301 1887 3384 1929 est

1813 1979 1987 2026 amor,
2020 1965 2111 2017 sed
2142 1965 2365 2018 morbus
2405 1965 2496 2034 qui
2523 1975 2844 2033 procreatur
2874 1966 3083 2018 ardenti
3121 1975 3172 2019 et
3198 1966 3384 2035 dipsa-

1813 2055 1899 2109 dis
1931 2056 2154 2109 minime
2191 2056 2430 2109 absimili
2466 2071 2653 2108 morsu
2682 2055 3007 2122 juventutis.
3055 2055 3168 2108 Non
3203 2058 3383 2110 omnis

1812 2159 1940 2214 ergo
1971 2159 2124 2196 amor
2155 2159 2248 2197 seu
2282 2144 2520 2196 amicitia
2559 2151 2642 2197 est
2683 2153 3009 2211 opportuna,
3054 2144 3149 2197 sed
3184 2158 3246 2196 ea
3291 2145 3385 2196 de-

1815 2249 1982 2294 mum,
2010 2248 2128 2301 qua:
2163 2239 2414 2286 versatur
2466 2233 2518 2284 in
2556 2246 2620 2284 eo
2666 2231 2808 2300 quod
2843 2240 2927 2285 est
2979 2233 3154 2284 solum
3197 2247 3385 2286 aman-

1811 2324 1962 2377 dum.
1998 2325 2102 2378 Sed
2139 2323 2252 2378 ﬁeri
2294 2339 2400 2377 non
2437 2331 2636 2392 potest,
2684 2331 2739 2376 nt
2772 2323 2839 2376 de
2869 2323 2953 2378 his
2986 2325 3132 2376 clara
3174 2325 3377 2379 hahea-

1813 2421 1901 2466 tur
1933 2415 2196 2484 cognitio,
2241 2415 2344 2468 uisi
2384 2413 2435 2468 id
2458 2414 2526 2468 de
2552 2429 2661 2482 quo
2693 2415 2875 2483 agitur
2910 2415 2979 2466 ita
3016 2416 3296 2468 dividatur
3325 2417 3380 2469 in

1811 2504 2318 2571 contemplatione:
2355 2503 2630 2557 Bonorum
2687 2519 2854 2573 ergo,
2903 2520 3135 2572 quorum
3196 2507 3382 2560 studio

1811 2603 2066 2647 tenentur
2120 2594 2408 2657 homines,
2456 2597 2563 2648 alia
2621 2597 2835 2664 quidem
2886 2613 3012 2651 vere
3075 2607 3203 2652 sunt
3253 2601 3379 2653 talia

1809 2685 1986 2753 qualia
2049 2685 2458 2739 nominantur:
2505 2686 2610 2739 alia
2675 2695 2853 2740 autem
2924 2688 3116 2741 falsam
3180 2691 3380 2744 habent

1810 2775 2245 2843 appellationem.
2299 2776 2429 2840 Qua:
2482 2778 2626 2831 enim
2667 2786 2797 2832 sunt
2841 2778 3110 2846 ejusmodi
3161 2791 3378 2835 utnon

1810 2880 1868 2918 se
1901 2865 1965 2917 ad
2004 2876 2219 2934 tempus
2254 2866 2480 2921 fruenda
2522 2869 2834 2938 praebeant;
2885 2886 3061 2939 neque
3111 2889 3233 2942 cum
3273 2873 3377 2925 ali-

1809 2955 1897 3007 cui
1947 2957 2174 3026 pulchra
2229 2958 2558 3023 videantur,
2613 2961 2734 3016 aliis
2789 2970 2917 3014 sunt
2977 2963 3220 3026 inutilia,
3281 2965 3376 3018 sed

1810 3061 2024 3116 semper
2073 3057 2128 3101 et
2175 3064 2270 3118 per
2303 3050 2506 3115 omnia,
2553 3059 2608 3105 et
2663 3052 2717 3104 in
2748 3053 3004 3108 omnibus
3051 3063 3180 3107 sunt
3238 3055 3375 3107 bima

1807 3139 2008 3207 quibus
2039 3139 2261 3202 fuerint,
2307 3156 2368 3196 ea
2402 3157 2529 3196 vere
2570 3151 2701 3197 sunt
2735 3143 2900 3209 bona,
2936 3161 3151 3213 semper
3180 3146 3378 3199 simili-

1808 3238 1890 3283 ter
1918 3239 1970 3285 et
2001 3233 2188 3286 eodem
2235 3236 2396 3286 modo
2429 3249 2489 3288 se
2533 3235 2812 3297 habentia,
2845 3247 2898 3290 ct
2942 3252 3050 3291 non
3081 3238 3376 3292 admitten-

1807 3322 1881 3374 tia
1927 3323 2052 3375 mali
2100 3325 2561 3378 eonnnistionem.
2599 3326 2730 3391 Quae
2763 3328 2981 3396 quidem
3023 3329 3090 3381 iis
3134 3329 3224 3397 qui
3264 3345 3376 3382 rem

1803 3421 2058 3466 accurate
2092 3417 2428 3480 emminant,
2468 3419 2522 3471 in
2553 3420 2667 3472 sola
2693 3420 2878 3473 divina
2922 3429 2975 3472 et
3005 3428 3210 3474 teterna
3239 3437 3376 3474 eon-

1805 3504 2122 3559 siderantut‘
2173 3515 2392 3562 natura.
2422 3509 2542 3562 Alia
2571 3518 2752 3564 autem
2803 3513 2986 3564 omnia
3022 3528 3144 3581 quin
3189 3513 3374 3566 sensui

1804 3602 1932 3645 sunt
1963 3594 2190 3662 pulchra
2235 3612 2300 3649 ac
2333 3582 2508 3656 bona:
2529 3599 2757 3668 pulchra
2787 3609 2965 3653 autem
2992 3601 3249 3654 videntur
3281 3617 3378 3669 per

1803 3698 2043 3736 errorem
2089 3685 2384 3753 opinionis,
2436 3705 2611 3757 neque
2653 3701 2800 3753 sunt,
2852 3705 3029 3758 neque
3066 3692 3376 3744 consistunt

1810 3783 2026 3838 natura,
2071 3776 2166 3831 sed
2209 3794 2328 3830 cum
2369 3779 2477 3830 sint
2512 3778 2669 3832 llum:
2699 3790 2752 3833 et
2781 3782 3114 3834 transeuntis
3146 3789 3371 3843 naturte,

1809 3882 1904 3935 per
1930 3882 2171 3922 errorem
2207 3872 2496 3938 quemdam
2549 3880 2602 3924 et
2634 3873 2846 3925 inanem
2891 3873 3371 3937 existimationem,

1807 3972 1934 4009 vera
1965 3973 2087 4013 esse
2115 3969 2408 4015 censentur
2441 3962 2751 4016 ineruditis.
2791 3964 2846 4016 Si
2882 3979 3010 4032 ergo
3045 3965 3376 4033 amp'ecten-

164 4053 225 4098 tes
247 4064 301 4102 ea
329 4067 450 4119 quae
489 4059 617 4104 sunt
696 4051 988 4112 instabilia,
1054 4066 1116 4103 ea
1175 4066 1280 4102 non
1335 4055 1600 4118 appetunt
1643 4063 1762 4118 quae
1801 4064 2013 4118 semper
2051 4060 2199 4115 sunt,
2253 4053 2466 4106 videtur
2511 4053 2869 4109 Ecclesiastes
2917 4056 3080 4109 veluti
3129 4059 3180 4110 in
3234 4074 3372 4124 qua-

162 4137 257 4190 dam
298 4144 399 4196 alta
454 4151 614 4198 stans
653 4143 894 4211 specula,
941 4142 1007 4195 ad
1048 4142 1340 4194 humanam
1393 4141 1702 4194 exclamare
1740 4149 1990 4196 naturam
2056 4159 2180 4196 eum
2249 4144 2398 4205 dicit.
2437 4164 2454 4195 ι
2491 4144 2731 4214 Tempus
2759 4156 2843 4200 est
2879 4147 3118 4209 amandi,
3151 4158 3202 4202 et
3234 4159 3369 4202 tem-

163 4243 240 4293 pus
261 4241 336 4284 est
367 4233 498 4287 odio
535 4231 792 4291 habendi,
830 4252 847 4278 ι
883 4231 1028 4300 quod
1060 4231 1166 4284 alia
1211 4238 1340 4284 sunt
1410 4246 1535 4285 vere
1565 4230 1726 4298 bona,
1801 4247 1921 4301 qum
1953 4234 2115 4288 etiam
2149 4236 2266 4305 ipsa
2310 4246 2435 4289 snnt
2479 4236 2707 4304 pulchra
2756 4247 2810 4290 et
2857 4238 3108 4302 honesta,
3143 4247 3196 4291 et
3237 4241 3372 4296 tales

165 4317 335 4372 iaciunt
369 4339 470 4377 eos
503 4323 597 4388 qui
636 4329 765 4376 sunt
790 4321 1100 4390 participes.

214 4407 454 4485 υἷονγάρ
501 4410 638 4485 ἂνῇ
692 4417 756 4482 τῇ
814 4414 970 4480 φύσει
1022 4413 1082 4465 τὸ
1139 4413 1515 4483 μετεχόμενον,
1566 4413 1700 4484 πρὸς

1875 4411 2042 4476 Quale
2067 4411 2210 4466 enim
2239 4418 2321 4463 est
2349 4419 2538 4462 natura
2568 4409 2617 4461 id
2649 4409 2792 4478 quod
2826 4409 3200 4478 partieipatur,
3228 4411 3279 4464 in
3316 4411 3367 4465 id

162 4501 288 4554 τοῦτο
339 4507 551 4577 ἀνάγκη
618 4506 712 4559 καὶ
768 4505 826 4557 τὸ
889 4507 1112 4575 μετέχον
1171 4504 1698 4575 συμμετατίοεσοαι·

159 4588 248 4643 οἷον
301 4596 530 4650 εὔπνουν
587 4597 792 4665 γίνεται
850 4598 912 4650 τὸ
972 4598 1144 4667 στόμα
1196 4596 1290 4649 τοῦ
1350 4596 1601 4658 λαϐόντος
1649 4614 1702 4648 τι

162 4682 245 4734 τῶν
273 4687 635 4740 εὖτε-ιοούντωι
690 4688 995 4758 ἀρωμάτων
1039 4686 1126 4739 διὰ
1153 4685 1243 4738 τοῦ
1295 4686 1576 4751 στόματος,
1611 4687 1701 4738 καὶ

158 4773 359 4840 δυσῶδες
408 4781 570 4832 πάλιν
613 4779 708 4831 τοῦ
760 4779 1008 4849 σκόροδον
1049 4777 1426 4848 ἐντρώγοντος,
1476 4777 1509 4848 ἦ
1556 4794 1699 4840 τινος

159 4863 293 4917 ἄλλον
363 4871 470 4922 τῶν
537 4870 967 4938 δυσωδεστέρων.
1037 4868 1244 4921 Οὐκοῦν
1316 4869 1498 4938 ἐπειδὴ
1571 4868 1697 4920 δυσ-

158 4955 276 5025 ώδης
317 4961 410 5028 μὲν
444 4965 550 5023 πᾶς
593 4962 763 5030 ῥύπος
795 4962 891 5030 τῆς
935 4961 1226 5030 ἁμαρτίας,
1267 4962 1328 5012 ἐκ
1361 4960 1418 5012 δὲ
1462 4960 1552 5013 τοῦ
1607 4962 1693 5013 ὲν-

161 5048 378 5118 avt-faui}
420 5052 587 5121 ἀρετὴ
633 5051 866 5121 Χριστοῦ
914 5054 1062 5102 ἐστιν
1107 5049 1335 5112 εὐωδία,
1384 5052 1416 5119 ἡ
1462 5050 1519 5102 δὲ
1562 5052 1698 5118 ἀγα-

161 5138 334 5208 πητικὴ
375 5145 551 5208 σχέσις
581 5143 678 5211 τὴν
721 5141 854 5210 πρὸς
891 5141 950 5193 τὸ
992 5141 1349 5210 ἀγαπώμενον
1396 5142 1694 5210 ἀνάκρασιν

159 5232 370 5292 φυσικῶς
410 5235 841 5303 κατεργάζεται·
895 5235 1031 5302 ὅπερ
1074 5233 1139 5286 ἂν
1184 5229 1278 5286 οὖν
1325 5232 1414 5285 διὰ
1463 5232 1562 5301 τῆς
1605 5250 1694 5302 φι-

161 5316 255 5379 ὶ-ίις
305 5323 587 5392 ὲρώμεῦα,
632 5328 804 5377 ἐκεῖνο
849 5324 1168 5394 ’γινόμεΘα,
1214 5325 1246 5394 ἢ
1317 5323 1514 5376 εὐωδία
1559 5323 1692 5394 Χρι-

162 5409 262 5460 στοῦ
320 5412 352 5480 ἢ
418 5413 663 5468 δυσωδία.
736 5417 794 5467 Ὀ
849 5416 956 5486 γὰρ
1007 5415 1066 5467 τὸ
1129 5415 1291 5467 καλὸν
1361 5414 1688 5483 ἀγαπήσας,

162 5499 295 5563 ⁷³³³δῖ
321 5503 412 5554 καὶ
449 5507 607 5569 αὐτὸς
641 5507 812 5570 ἔσται.
843 5508 942 5576 τῆς
981 5505 1312 5574 ἀγαοὸτητος
1339 5503 1432 5557 τοῦ
1463 5505 1518 5558 ἐν
1544 5503 1692 5574 αὐτῴ

225 5672 259 5701 ²⁹
289 5679 327 5732 II
374 5681 493 5736 Cur.
531 5701 590 5746 ιι,
642 5684 722 5736 I3.

1800 4505 1964 4558 etiam
1995 4517 2219 4556 necesse
2247 4509 2329 4553 est
2355 4500 2518 4553 simul
2569 4509 2965 4555 transmutetur
2993 4501 3042 4552 id
3075 4502 3217 4570 quod
3250 4518 3369 4569 par-

1799 4594 2020 4663 ticipat,
2067 4599 2125 4644 ut
2167 4592 2303 4645 bene
2348 4590 2501 4644 olens
2539 4592 2596 4643 lit
2622 4608 2684 4644 os
2715 4591 2835 4659 ejus
2864 4591 2952 4660 qui
3015 4606 3109 4644 ore
3159 4596 3368 4661 accepit

1796 4693 2074 4744 aromata.
2125 4692 2178 4738 et
2225 4699 2419 4736 rursus
2465 4683 2605 4737 trude
2647 4685 2800 4736 olens
2843 4683 2962 4751 ejus
3005 4684 3096 4754 qui
3129 4685 3367 4737 comedit

1797 4775 2014 4837 allium,
2069 4782 2162 4826 aut
2193 4772 2395 4840 aliquid
2435 4772 2580 4826 aliud
2620 4773 2763 4842 quod
2801 4783 2884 4826 est
2924 4775 3186 4827 [ουιιιιίιιε.
3222 4775 3369 4840 Qum

1798 4867 1938 4919 niam
1967 4880 2095 4934 ergo
2124 4863 2310 4918 ftetida
2339 4863 2558 4931 quidem
2608 4872 2693 4917 est
2729 4866 2908 4918 munis
2951 4865 3141 4918 sanies
3179 4881 3368 4934 pecca-

1796 4958 1866 5020 ti;
1910 4967 2097 5011 contra
2145 4964 2324 5009 autem
2365 4956 2535 5009 virtus
2567 4964 2651 5008 est
2689 4957 2862 5009 lmnus
2893 4957 3029 5010 odor
3060 4955 3262 5010 Christi
3299 4956 3363 5018 ³⁸,

1794 5046 2008 5098 amandi
2052 5054 2230 5098 autem
2265 5044 2527 5097 habitudo
2561 5046 2883 5099 naturaliter
2921 5046 3082 5098 cilicit
3122 5055 3366 5099 contem-

1794 5137 2124 5205 peratiunem
2156 5152 2280 5189 cum
2328 5152 2393 5190 co
2436 5140 2580 5205 quod
2615 5145 2872 5189 amatur:
2907 5136 3050 5205 quod
3087 5151 3216 5203 ergo
3243 5135 3366 5188 dili-

1793 5229 1967 5298 gimus
1992 5244 2088 5297 per
2111 5244 2350 5282 amorem
2375 5268 2390 5291 ,
2423 5244 2519 5297 per
2549 5229 2679 5282 illud
2709 5227 3009 5282 ellieiamur
3038 5228 3237 5280 Christi
3272 5228 3364 5280 ho-

1795 5337 1899 5374 uus
1929 5323 2012 5374 vel
2047 5321 2220 5374 malus
2254 5321 2409 5374 odor.
2452 5320 2555 5386 Qui
2588 5320 2734 5374 enim
2780 5318 2921 5388 quod
2953 5319 3152 5370 bonum
3197 5323 3362 5369 estet

1794 5410 2080 5466 honestum
2124 5398 2360 5474 amavit,
2410 5412 2526 5480 ipse
2567 5425 2786 5479 quoque
2823 5409 2928 5461 erit
2970 5408 3144 5462 bonus
3179 5417 3230 5459 et
3263 5406 3358 5457 ho-

1799 5500 2269 5565 nestus,bonilate
2289 5499 2572 5568 ejusquod
2592 5498 2644 5551 in
2667 5499 2782 5566 ipso
2803 5508 2903 5562 est,
2930 5515 3051 5552 eum
3083 5497 3176 5566 qui
3211 5508 3358 5548 acce-
