3928 6196
569 320 671 375 739

1745 318 1805 376 s.
1837 316 2162 374 cusooau
2203 317 2497 386 stsam
3641 334 3722 390 κο

566 437 643 505 pit
674 433 728 487 in
757 431 993 501 seipsam
1025 439 1446 487 transmutante.
1477 431 1770 503 Pr0pterea
1806 435 1965 488 nobis
1997 434 2135 503 seip-

2243 437 2525 506 γινομένου
2559 439 2690 508 πρὸς
2713 438 2913 509 ἑαυτὴν
2945 438 3034 490 τὸν
3066 435 3342 506 δεξάμενον
3369 433 3720 516 μεταποιουσης.

565 539 683 576 sum
712 522 1104 576 comedendum
1148 524 1403 592 proponit
1439 524 1482 576 is
1526 525 1619 592 qui
1661 539 1876 593 semper
1916 533 2032 584 est.
2078 533 2136 576 ut

562 629 688 666 cum
722 613 896 680 ipsum
923 613 976 664 in
999 609 1160 664 uobis
1187 611 1322 680 ipsis
1344 612 1717 680 acceperimus
1737 652 1752 676 ,
1781 613 1910 666 illud
1944 612 2136 666 ﬁamus

563 706 711 775 quod
744 705 834 758 ille
867 713 970 758 est.
1006 703 1149 758 Dicit
1201 705 1345 758 enim
1368 743 1383 768 ,
1417 723 1435 754 ι
1464 702 1605 757 Caro
1638 718 1754 758 mea
1788 719 1912 758 vere
1940 712 2025 757 est
2055 703 2135 757 ci-

564 798 670 852 bus
691 838 708 860 ,
744 803 799 850 et
831 795 1057 865 sanguis
1085 811 1237 850 meus
1266 809 1393 848 vere
1421 802 1503 849 est
1540 803 1702 864 potus
1731 794 1797 846 ⁸ο.
1825 812 1843 844 ι
1872 793 1974 858 Qui
2006 809 2136 863 ergo

563 889 707 942 hanc
742 896 889 940 amat
919 901 1142 939 carnem
1165 926 1179 950 ,
1211 901 1318 939 non
1347 892 1432 940 est
1461 885 1671 939 amicus
1703 900 1816 939 sua}
1839 884 2021 939 carnis
2041 926 2055 947 ,
2084 892 2137 938 et

564 981 658 1048 qui
690 966 920 1032 in‘bunc
955 977 1277 1046 sanguinem
1306 985 1390 1031 est
1421 975 1648 1030 alfeetus
1670 1018 1683 1041 ,
1715 976 1948 1030 mundus
1974 979 2075 1030 erit
2106 991 2136 1028 a

566 1072 754 1126 sensili
793 1073 1079 1139 sanguine.
1117 1067 1259 1121 Caro
1292 1069 1435 1120 enim
1467 1066 1669 1134 Verbi,
1698 1076 1751 1121 et
1788 1069 2010 1137 sanguis
2043 1068 2134 1136 qui

565 1172 650 1215 est
673 1163 726 1216 in
757 1162 859 1214 hac
885 1175 1191 1222 carne,non
1219 1175 1382 1213 unam
1406 1161 1569 1213 habet
1597 1160 1959 1230 gratiam,sed
1984 1169 2139 1214 estet

569 1253 754 1306 suavis
787 1253 852 1307 iis
885 1253 974 1320 qui
1007 1261 1248 1320 gustant,
1281 1260 1333 1304 et
1358 1253 1693 1321 appetendos
1717 1252 1784 1306 iis
1803 1253 1898 1322 qui
1923 1252 2137 1306 deside-

567 1352 713 1404 rant,
735 1343 871 1397 etiis
892 1343 982 1410 qui
1002 1342 1522 1410 diliguntaluabilis.
1541 1341 1597 1395 Si
1628 1344 1752 1411 quis
1782 1353 1961 1396 autem
1990 1357 2138 1395 amo-

567 1451 681 1488 rem
700 1433 1030 1488 converterit
1048 1433 1113 1484 ad
1133 1448 1194 1486 ea
1216 1449 1336 1501 qum
1359 1449 1465 1486 non
1484 1431 2136 1502 consistunt,cujusnzodi

569 1535 697 1579 sunt
727 1541 789 1577 ea
825 1535 1041 1584 natura,
1078 1523 1186 1577 tale
1220 1525 1384 1577 etiam
1431 1525 1503 1577 sit
1539 1539 1766 1578 necesse
1799 1533 1883 1578 est
1912 1533 1965 1578 et
1994 1523 2136 1591 quod

567 1617 631 1668 in
659 1615 768 1669 illis
800 1615 982 1668 fuerit.
1008 1613 1276 1679 Quoniam
1307 1631 1436 1683 ergo
1472 1615 1524 1666 iu
1557 1615 1624 1668 iis
1665 1629 1785 1682 quae
1815 1626 1961 1676 sunt,
1993 1613 2137 1666 aliud

566 1704 785 1773 quidem
806 1713 888 1756 est
909 1718 1118 1767 verum,
1146 1702 1292 1755 aliud
1317 1718 1443 1756 vero
1471 1703 1654 1765 inane,
1677 1704 1927 1757 convenit
1948 1718 2140 1773 cogno-

566 1808 724 1845 scere
755 1792 939 1852 inane,
963 1802 1020 1843 ut
1053 1805 1114 1844 ea
1146 1793 1470 1859 opponendo
1501 1801 1552 1844 ct
1583 1793 1951 1860 comparando
1981 1793 2139 1846 intel-

569 1885 799 1952 ligamus
834 1893 1086 1936 naturam
1127 1897 1316 1934 eorum
1350 1900 1471 1950 qmc
1508 1899 1633 1936 vere
1669 1896 1816 1936 sunt.
1864 1882 1954 1936 Sic
1995 1885 2139 1936 enim

567 1977 777 2028 iaciunt
813 1989 1006 2028 omnes
1042 1973 1216 2027 sancti
1240 2014 1254 2036 ,
1287 1989 1384 2026 eos
1416 1977 1508 2042 qui
1542 1990 1570 2025 a
1604 1983 1750 2026 recta
1789 1976 1873 2026 via
1923 1975 2143 2028 aberra-

571 2073 732 2127 runt,
777 2075 831 2119 et
867 2080 961 2133 per
995 2079 1101 2116 non
1135 2071 1339 2116 ret-tam
1380 2064 1784 2132 ingrediuntur.
1821 2065 2139 2119 reducentes

565 2158 630 2209 ad
669 2159 806 2208 viam
834 2172 861 2206 a
891 2171 997 2222 qua
1029 2155 1369 2207 diverterunt
1391 2193 1404 2213 ,
1431 2156 1616 2221 procul
1653 2156 2140 2223 clamantes,Fuge

565 2247 705 2298 viain
759 2245 811 2297 in
845 2261 951 2313 qua
990 2244 1312 2314 ingrederis.
1363 2243 1419 2295 In
1454 2259 1514 2297 ea
1544 2243 1688 2296 enim
1730 2251 1858 2296 sunt
1898 2243 2138 2297 latrones

562 2346 617 2389 ct
675 2336 958 2405 praedones
1011 2343 1065 2388 et
1119 2334 1518 2387 homicidarum
1567 2335 1818 2396 insidizn,
1875 2343 1932 2388 ut
1976 2336 2138 2389 simul

561 2429 782 2496 quidem
818 2428 992 2480 viator
1028 2426 1330 2496 perieulum
1368 2426 1600 2478 declinet
1634 2427 1736 2478 vim
1775 2427 2093 2493 perniciosa:
2123 2445 2136 2493 ;

565 2521 633 2570 ab
668 2521 758 2570 illa
800 2525 981 2571 autem
1019 2517 1105 2570 via
1141 2532 1424 2577 recessus,
1487 2516 1541 2569 ﬁt
1576 2518 1660 2569 via
1713 2533 1832 2585 quae
1879 2520 2027 2572 ducit
2073 2520 2137 2572 ad

563 2626 684 2662 eam
719 2625 838 2678 qua:
875 2618 1076 2662 servat.
1113 2608 1186 2660 lta
1224 2610 1390 2661 etiam
1444 2624 1674 2676 magnus
1727 2611 1818 2663 ille
1872 2609 2141 2664 Ecclesia-

560 2709 674 2754 stes
709 2701 943 2766 desuper
968 2700 1238 2752 clamabat
1276 2699 1528 2754 humana.-
1565 2711 1774 2755 uatura:
1794 2743 1808 2766 ,
1839 2719 1960 2770 quae
1986 2719 2140 2774 erra-

562 2794 654 2846 bat
705 2794 759 2845 in
811 2792 958 2844 invio
993 2799 1045 2844 et
1083 2806 1189 2843 non
1225 2791 1278 2844 in
1313 2794 1432 2851 via.
1471 2801 1528 2845 ut
1584 2793 1716 2846 dicit
1768 2791 2035 2863 Propheta
2071 2794 2136 2858 “,

562 2886 677 2939 haec
729 2893 917 2953 aperte
951 2883 1141 2936 dicens
1192 2898 1288 2951 per
1336 2899 1396 2935 ea
1431 2900 1548 2951 qua.-
1598 2885 1840 2952 loquitur
1870 2883 2015 2937 :(Jur
2045 2900 2141 2952 per

565 2985 731 3027 totam
763 2977 928 3026 vitam
961 2973 1160 3026 erratis
1185 3015 1199 3036 ,
1234 2991 1266 3025 ο
1293 2973 1586 3027 homines?
1612 2989 1710 3027 cur
1735 2975 1934 3027 amatis
1969 2990 2100 3025 vana
2122 3015 2136 3035 ,

2238 528 2337 581 Διὰ
2365 528 2520 580 τοῦτο
2545 528 2800 598 ἐδώδιμον
2827 529 2960 598 ἡμῖν
2976 527 3166 579 ἑαυτὸν
3197 530 3486 600 προτίθησιν
3507 537 3532 586 6
3553 537 3626 588 ἀεὶ
3647 537 3724 602 ὢν,

2239 621 2324 673 ἵνα
2377 621 2732 683 ἀναλαϐόντες
2763 621 2925 673 αὑτὸν
2965 621 3022 671 ἐν
3062 620 3259 683 αὐτοῖς,
3305 623 3463 676 ἐκεῖνο
3494 626 3727 698 γενώμεθα

2237 714 2373 782 ὅπερ
2403 713 2604 775 ἐκεῖνός
2631 715 2764 764 ἐστι.
2787 713 2924 781 Φησὶ
2954 711 3081 782 γὰρ.
3117 713 3196 765 ὃτι
3234 733 3250 763 ι
3271 714 3331 765 Ἦ
3366 715 3488 784 σάρξ
3514 733 3601 784 μου
3625 720 3730 789 ἀλη-

2238 802 2342 865 θῶς
2359 805 2472 855 ἐστι
2494 802 2712 874 βρῶσις,
2738 803 2829 855 καὶ
2849 801 2908 854 τὸ
2933 797 3068 872 αἷμὰ
3097 820 3194 871 μου
3215 803 3410 872 ἀληθῶς
3434 807 3535 857 ἐστι
3559 809 3728 870 πόσις.»

2248 895 2308 947 '0
2357 890 2448 946 οὖν
2497 893 2699 963 ταύτην
2733 893 2961 959 ἀγαπῶν
2992 893 3090 962 τὴν
3121 893 3324 962 σάρκα,
3361 896 3454 947 οὐκ
3487 896 3585 948 ἐστι
3615 899 3735 966 φίλις

2237 984 2335 1053 τῆς
2365 985 2500 1046 ἰδίας
2531 984 2747 1053 σαρκὸς,
2767 985 2860 1036 καὶ
2887 985 2914 1035 6
2946 984 3078 1054 πρὸς
3101 983 3253 1036 τοῦτο
3269 985 3324 1037 τὸ
3347 981 3474 1054 αἷμα
3499 987 3733 1053 διατεθεὶς,

2238 1075 2330 1126 τοῦ
2369 1074 2626 1143 αἰσθητοῦ
2654 1077 2884 1142 αἵματος
2919 1075 3265 1144 καθαρεύσει.
3295 1078 3357 1128 'll
3384 1077 3484 1147 γάρ
3498 1079 3580 1130 τοῦ
3600 1082 3739 1148 Λόγον

2241 1166 2393 1237 σάρξ,
2456 1168 2549 1219 καὶ
2599 1167 2661 1218 τὸ
2691 1169 2756 1237 τῇ
2810 1168 2970 1237 σαριιι)⁵
2995 1168 3166 1237 ταύτῃ
3214 1169 3514 1237 ἐγκείμενον
3535 1168 3738 1241 αἷμα,ού

2241 1257 2370 1325 μίαν
2399 1254 2519 1307 τινά
2549 1255 2708 1324 χάριν
2735 1254 2849 1324 ἔχει
2873 1272 2886 1284 ·
2922 1255 3036 1307 ἀλλ’
3068 1255 3163 1324 ήδύ
3197 1272 3252 1308 τε
3278 1255 3472 1322 γίνεται
3499 1260 3597 1319 τοῖς
3612 1277 3742 1330 γευο-

2241 1348 2440 1416 μένοις,
2495 1348 2589 1398 καὶ
2633 1346 2857 1416 ὀρεκτὸν
2890 1350 3000 1408 τοῖς
3033 1345 3371 1414 ἐπιθυμοῦσι,
3411 1347 3614 1408 καὶτοῖς
3635 1349 3744 1414 ἁγα-

2238 1437 2411 1488 πῶσιν
2465 1435 2747 1506 ἐράσμιον.
2778 1435 2838 1486 ΕΞ
2869 1434 2924 1486 δέ
2956 1451 3038 1496 τις
3070 1432 3284 1502 τρέψειε
3327 1433 3454 1502 πρὸς
3481 1433 3542 1484 τὰ
3579 1433 3640 1501 μὴ
3666 1432 3746 1498 ὑφ-

2238 1527 2445 1579 εστῶτα
2467 1526 2526 1578 τὸ
2551 1526 2791 1594 φίλτρον,
2817 1521 2901 1578 οἷα
2931 1528 2995 1594 τῇ
3019 1523 3175 1592 φύσει
3199 1523 3364 1575 ταῦτά
3387 1525 3542 1580 ἐστιν,
3570 1522 3744 1589 ἀνάγκη

2239 1621 2388 1672 πᾶσα
2425 1617 2661 1670 τοιοῦτον
2694 1617 2945 1684 γενέσθαι
2991 1618 3084 1669 καὶ
3114 1616 3205 1667 τὸν
3241 1616 3298 1667 ἐν
3327 1615 3538 1676 ἐκείνοις
3558 1614 3748 1681 γενόμε-

2241 1726 2346 1762 νον.
2396 1709 2547 1760 Ἐπεὶ
2576 1703 2669 1760 οὖν
2715 1709 2772 1760 ὲν
2802 1710 2911 1769 τοῖς
2938 1703 3054 1760 οὖσι
3089 1707 3148 1758 τὸ
3187 1706 3283 1776 μέν
3327 1723 3402 1756 τοι
3438 1703 3616 1774 ἀληθές
3637 1705 3747 1760 ἐστι.

2239 1801 2300 1853 τὸ
2325 1799 2380 1851 δὲ
2422 1799 2668 1868 μάταιον,
2712 1798 2796 1849 ἵνα
2827 1797 2913 1849 διὰ
2943 1799 3040 1865 τῆς
3066 1795 3526 1866 ἀντιπαραθέσεως
3550 1795 3636 1863 τήν
3665 1794 3750 1845 τῶν

2240 1891 2455 1959 ἀληθῶς
2509 1890 2676 1944 όντων
2731 1889 2892 1958 φύσιν
2922 1889 3225 1971 νοήσωμεκί.
3250 1887 3403 1939 Οὕτω
3442 1885 3541 1954 γὰρ
3582 1883 3753 1937 ποιοῦσι

2239 1983 2439 2044 πάντες
2453 1983 2502 2032 oi
2535 1983 2695 2049 ἅγιοι,
2730 1982 2851 2041 τοὺς
2867 1979 3278 2047 ἀποσφαλέντας
3301 1977 3394 2046 τῆς
3422 1976 3616 2037 εὐθείας
3639 1974 3750 2034 ὁδοῦ.

2238 2075 2333 2125 καὶ
2360 2072 2448 2125 διὰ
2491 2072 2592 2140 τῆς
2621 2071 3041 2140 πεπλανημένης
3071 2068 3498 2139 ὁδοιποροῦντας,
3532 2067 3652 2137 πρὸς
3679 2066 3755 2134 τὴν

2236 2167 2355 2219 όδὸν
2394 2165 2485 2233 ἀφ’
2523 2160 2590 2234 ἧς
2640 2163 3013 2233 ἐξετράπησαν
3066 2163 3444 2228 ἐπανάγοντες,
3499 2158 3756 2228 ἐμὸοὼντες

2237 2257 2540 2327 πόρρωθεν,
2589 2257 2671 2308 ὅτι
2725 2255 2864 2321 Φύγε
2896 2254 2992 2322 τὴν
3022 2253 3138 2306 ὁδὸν
3179 2255 3236 2306 ἐν
3338 2251 3554 2322 πορεύῃ.
3585 2250 3760 2320 Λῃσταὶ

2237 2351 2346 2419 γὰρ
2387 2349 2508 2401 κατ’
2537 2348 2704 2415 αὐτὴν
2732 2345 2824 2398 καὶ
2855 2345 3181 2407 λωποδύται,
3221 2346 3312 2396 καὶ
3343 2344 3534 2411 φονέων
3563 2342 3757 2407 ἐνέδραι,

2237 2444 2269 2511 ἢ
2323 2442 2408 2493 ἵνα
2461 2440 2574 2508 ἅμα
2610 2441 2705 2508 μὲν
2737 2440 2764 2489 6
2812 2436 2990 2503 ὁδίτης
3029 2437 3118 2487 τὸν
3161 2437 3402 2488 κίνδυνον
3433 2435 3657 2504 ἐκτραπῇ
3684 2432 3762 2501 τῆς

2237 2533 2485 2602 ὀλεθρίας
2509 2530 2627 2582 ὁδοῦ
2652 2545 2664 2557 ·
2693 2532 2725 2597 ή
2761 2527 2816 2580 δὲ
2847 2525 3196 2597 ἀναχώρησις
3231 2527 3460 2594 ἐκείνης,
3487 2525 3657 2594 όδηγία
3686 2524 3763 2588 τῆς

2240 2624 2515 2692 σωζούσης
2537 2623 2760 2688 γίνεται.
2788 2617 2968 2678 Οὕτως
2996 2619 3088 2670 καὶ
3116 2619 3143 2669 6
3178 2619 3347 2687 μέγας
3366 2614 3762 2683 Ἐκκλησιαστής,

2239 2716 2440 2769 ἀνωθεν
2465 2713 2588 2764 ἐϐόα
2623 2715 2685 2780 τῇ
2725 2709 3041 2780 ἀνθρωπίνῃ
3087 2710 3248 2777 φύσει
3283 2713 3347 2779 τῇ
3376 2713 3430 2761 ὲν
3463 2707 3632 2774 ἀϐάτῳ
3658 2704 3765 2756 πλα-

2238 2807 2450 2875 νωμένη
2473 2804 2564 2856 καὶ
2583 2805 2678 2871 οὐχ
2714 2801 2835 2870 ὁδῷ,
2859 2801 3039 2863 καθὼς
3065 2817 3234 2871 φησιν
3257 2803 3284 2853 6
3306 2800 3600 2870 Προφήτης,
3624 2795 3766 2848 ταῦτα

2237 2898 2494 2964 ἄντικρυς
2543 2893 2606 2944 δι’
2635 2887 2707 2943 ὧν
2748 2892 3045 2960 φθέγγεται
3075 2892 3274 2958 λέγων·
3323 2891 3387 2941 Τί
3422 2889 3672 2942 πλανᾶσθε
3699 2886 3769 2937 διὰ

2237 2988 2331 3039 τοῦ
2357 2988 2492 3056 βίου,
2533 2979 2586 3036 ὢ
2620 2983 2928 3052 ἀνθρωποι;
2980 2981 3044 3034 Τί
3089 2983 3345 3048 ἀγαπᾶτε
3373 2981 3440 3032 τὰ
3471 2980 3673 3048 μάταια,
3693 2992 3768 3026 κα*⁵

560 3074 615 3119 et
647 3067 870 3134 diligitis
899 3082 962 3119 ea
993 3081 1114 3133 qua:
1143 3080 1248 3117 non
1285 3073 1513 3132 possunt
1543 3067 1847 3119 consistere
1870 3107 1883 3128 ,
1916 3076 1967 3116 et
2003 3065 2134 3118 alle-

2241 3079 2440 3147 φιλεῖτε
2462 3076 2531 3129 τὰ
2567 3077 2929 3136 ἀνυπόστατα,
2981 3075 3074 3124 καὶ
3113 3075 3520 3145 προστετήκατε
3546 3074 3603 3140 τῇ
3625 3067 3769 3121 διαθέο

563 3159 748 3211 ctione
785 3159 837 3210 in
873 3158 942 3210 iis
979 3156 1369 3210 contabescitis
1411 3172 1643 3225 quorum
1691 3158 1837 3210 nulla
1883 3165 1966 3209 est
2009 3156 2141 3209 sub~

564 3250 802 3303 stantia?
828 3250 945 3300 Alia
975 3257 1060 3301 est
1087 3248 1171 3299 via
1204 3249 1426 3301 minime
1457 3264 1646 3303 errans
1675 3257 1727 3301 et
1759 3248 2046 3309 salutaris,
2076 3248 2141 3300 il-

569 3341 677 3390 lam
707 3337 947 3406 diligite,
979 3338 1032 3389 in
1065 3337 1154 3388 illa
1179 3337 1455 3390 ambulate
1483 3353 1577 3406 per
1603 3339 1922 3392 eharitatem
1943 3378 1955 3400 ,
1984 3339 2140 3406 cujus

564 3444 760 3482 nomen
790 3438 873 3482 est
905 3429 1106 3482 veritas
1128 3468 1142 3490 ,
1173 3438 1225 3481 et
1255 3429 1364 3480 vita
1385 3468 1398 3488 ,
1429 3437 1483 3481 et
1514 3430 1857 3498 incorruptio
1878 3469 1892 3492 ,
1923 3438 1975 3482 et
2011 3430 2100 3482 lux
2123 3472 2137 3494 ,

560 3531 616 3573 et
653 3536 772 3589 qua:
807 3528 936 3572 sunt
970 3519 1309 3588 hujusmodi.
1354 3519 1478 3574 llaec
1510 3530 1691 3576 autem
1727 3523 1814 3574 via
1850 3537 1944 3591 per
1976 3538 2139 3591 quam

565 3628 711 3666 nunc
765 3611 1024 3672 curritis,
1067 3612 1229 3680 digna
1275 3621 1360 3666 est
1401 3629 1563 3682 quam
1614 3613 1739 3665 odio
1787 3612 2035 3666 habeatis
2088 3620 2142 3667 et

563 3703 928 3764 avet-semini;
966 3711 1114 3756 caret
1152 3704 1297 3756 enim
1334 3705 1451 3758 luce
1473 3746 1486 3766 ,
1524 3715 1575 3758 et
1609 3714 1692 3758 est
1727 3705 2027 3774 intercepta
2062 3713 2142 3759 te-

563 3796 785 3858 nebris,
817 3795 1080 3863 ducitque
1129 3794 1192 3850 ad
1250 3797 1585 3865 prmcipitia.
1635 3805 1690 3849 et
1740 3798 2035 3858 barathra,
2087 3805 2140 3851 et

563 3887 801 3940 ferarum
831 3887 1053 3939 latibula
1075 3927 1089 3949 ,
1115 3895 1168 3939 et
1200 3888 1265 3939 ad
1297 3889 1568 3941 latronum
1599 3889 1849 3942 insidias.
1879 3889 1980 3953 Qui
2011 3906 2140 3959 ergo

563 3977 702 4031 dixit
729 3997 740 4030 :
767 3996 785 4026 ι
811 3976 1048 4047 Tempus
1072 3987 1157 4031 est
1187 3979 1426 4041 amandi,
1454 3999 1471 4030 ι
1499 3979 1739 4034 ostendit
1761 3979 1812 4032 id
1843 3980 1986 4048 quod
2010 3997 2139 4036 vere

562 4078 646 4123 est
695 4068 927 4120 amabile
976 4077 1030 4121 et
1077 4069 1453 4138 diligendum:
1515 4077 1568 4123 et
1613 4069 1704 4138 qui
1757 4069 1883 4122 odio
1926 4060 2139 4140 tempus

563 4158 850 4227 ascripsit,
883 4158 1043 4212 docet
1068 4174 1316 4228 qumnam
1345 4161 1454 4214 sint
1488 4160 1810 4214 aversanda.
1843 4159 1978 4214 Cum
2007 4179 2138 4232 ergo

562 4249 614 4303 id
639 4251 782 4320 quod
815 4259 898 4304 est
933 4259 1124 4303 natura
1157 4251 1448 4304 amandum
1481 4248 1872 4312 didicerimus.
1912 4251 1962 4305 id
1995 4268 2140 4306 com-

564 4345 864 4411 plectamur
906 4358 999 4409 per
1036 4343 1394 4405 ebaritatem,
1440 4342 1508 4395 ab
1551 4358 1616 4395 eo
1657 4342 1882 4396 minime
1925 4344 2131 4407 aversi,

2240 3181 2322 3218 σει
2354 3163 2578 3223 τούτοις,
2601 3155 2672 3212 ὧν
2695 3162 2838 3212 ἐστιν
2863 3160 3082 3229 οὐδεμία
3104 3161 3406 3221 ὑπόστασις
3433 3176 3446 3223 ;
3479 3159 3632 3228 ’Δλλη
3650 3157 3772 3208 ἐστὶν

2237 3256 2354 3316 ὁδὸς
2389 3253 2632 3322 ἀπλανὴς
2684 3270 2740 3304 τε
2775 3254 2866 3304 καὶ
2913 3254 3216 3322 σωτήριος·
3265 3253 3480 3320 ἐκείνην
3528 3251 3771 3320 φιλήσατε,

2241 3348 2296 3398 ἐν
2323 3345 2503 3414 ἐκείνῃ
2527 3344 2612 3395 διὰ
2633 3344 2729 3411 τῆς
2758 3343 2975 3411 ἀγάπης
2995 3342 3414 3414 ὁδοιπορήσατε,
3449 3339 3512 3412 ἦς
3531 3343 3584 3394 τὸ
3613 3341 3771 3408 ὄνομα.

2239 3434 2465 3504 ἀλήθειά
2494 3435 2608 3485 ἐστι
2658 3432 2750 3485 καὶ
2792 3432 2923 3503 ζωὴ,
2960 3435 3051 3485 καὶ
3084 3434 3388 3504 ἁφθαρσία.
3431 3435 3520 3485 καὶ
3553 3432 3672 3499 φῶς,
3702 3430 3776 3482 καί

2239 3527 2306 3578 τὰ
2335 3525 2557 3578 τοιαῦτα
2583 3542 2590 3551 ·
2618 3523 2756 3592 αὕτη
2779 3525 2832 3576 δὲ
2858 3527 2888 3593 ἡ
2917 3525 3032 3585 ὁδὸς
3054 3519 3208 3594 δι’ἦς
3243 3525 3340 3576 νῦν
3369 3526 3598 3594 τρέχετε,
3620 3521 3774 3590 μίσους

2241 3619 2333 3672 καὶ
2381 3619 2726 3688 ἀποστροφῆς
2768 3616 2891 3680 ἀξία
2913 3634 2924 3646 ·
2963 3618 3214 3686 ἀφεγγὴς
3240 3617 3350 3688 γάρ
3376 3620 3490 3669 ἐστι
3516 3616 3602 3667 καὶ
3630 3613 3777 3665 σκότει

2237 3708 2616 3777 διειλημμένη,
2648 3709 2726 3768 εἰς
2754 3707 3027 3777 κρημνοὺς
3053 3705 3105 3757 δὲ
3130 3706 3280 3773 ἄγει,
3313 3705 3405 3758 καὶ
3435 3703 3684 3774 βάραθρα,
3704 3699 3776 3751 καὶ

2239 3800 2522 3872 θηριώδεις
2576 3799 2788 3861 τόπους,
2845 3797 2939 3849 καὶ
2996 3795 3214 3865 λῃστῶν
3269 3795 3505 3860 ἐνέδρας.
3549 3795 3602 3846 ὐ
3631 3791 3778 3844 τοίνυν

2239 3891 2430 3950 εἰπὼν,
2462 3911 2480 3941 ‹
2498 3889 2700 3958 Καιρὸς
2723 3888 2816 3940 τοῦ
2851 3888 3092 3956 φιλῆσαι,
3121 3907 3140 3938 ι
3162 3889 3226 3940 τὸ
3254 3888 3478 3957 φιλητὸν
3508 3886 3580 3944 ὡς
3602 3880 3778 3951 άληθῶς

2241 3986 2334 4038 καὶ
2356 3981 2633 4050 ἀγαπητὸν
2679 3979 2975 4043 ἐνεδείξατο
2999 3995 3011 4007 ·
3048 3979 3143 4031 καὶ
3178 3981 3208 4030 6
3245 3978 3326 4048 τῷ
3353 3979 3500 4049 μίσει
3518 3977 3602 4029 τὸν
3620 3969 3778 4040 καιρὸν

2239 4071 2578 4142 προγράψας,
2626 4061 2700 4120 ὧν
2735 4066 2840 4138 χρὴ
2869 4067 2966 4136 τήν
3004 4067 3373 4138 ἀποστροφὴν
3395 4061 3778 4135 ἔχεινέδίδαξεν.
3851 4115 3854 4118 ί

2238 4162 2446 4217 Οὐκοῦν
2496 4159 2752 4230 μαθόντες
2778 4158 2839 4210 τὸ
2864 4158 3145 4228 ἀγαπητὸν
3188 4162 3258 4228 τῇ
3309 4158 3493 4226 φύσει,
3522 4154 3692 4208 τούτου
3708 4149 3779 4201 δὴ

2237 4250 2336 4318 τῆς
2369 4248 2588 4316 ἀγάπης
2639 4245 3038 4316 περιεχὼμεθα.
3070 4246 3330 4315 μηδαμοῦ
3370 4241 3778 4316 παρατραπέντες

2207 4342 2344 4395 μύπὸ
2382 4341 2480 4410 τῆς
2511 4338 2637 4409 περὶ
2668 4338 2726 4390 τὸ
2760 4337 2920 4389 καλὸν
2956 4337 3237 4406 ἀκρισίας,
3281 4339 3341 4390 ἐν
3384 4336 3584 4396 τούτοις
3605 4331 3657 4384 τὸ
3683 4327 3776 4398 φίλ-

559 4447 625 4483 ex
685 4446 751 4483 eo
805 4431 950 4496 quod
1008 4433 1208 4487 bonum
1259 4439 1313 4483 et
1383 4431 1668 4485 bonestmn
1731 4431 1978 4499 judicare
2023 4449 2128 4488 non

2237 4451 2361 4505 τρον
2390 4433 2812 4500 δαπανήσαντες,
2863 4430 2919 4480 ἐν
2959 4423 3040 4490 οἷς
3083 4427 3434 4498 ἀπαγορεύει
3473 4427 3562 4479 καὶ
3594 4422 3775 4491 ὁμέῖας

562 4519 865 4587 possimus,
912 4532 1152 4571 amorem
1189 4519 1240 4572 in
1293 4518 1360 4571 iis
1400 4526 1815 4582 consumentes,
1849 4521 1902 4573 in
1932 4521 2132 4589 quibus

563 4609 814 4676 prohibet
850 4624 1080 4679 magnus
1116 4610 1280 4662 David
1308 4651 1320 4670 ,
1356 4610 1538 4663 dicens
1567 4629 1579 4663 :
1610 4629 1627 4661 ‹
1661 4609 1777 4664 Filii
1813 4612 2128 4674 hominum,

559 4713 847 4766 quousque
876 4702 1026 4768 gravi
1055 4701 1218 4752 corde
1244 4701 1267 4752 ?
1305 4716 1404 4753 eur
1431 4700 1658 4769 diligitis
1704 4703 1994 4756 vanitatem
2017 4743 2031 4764 ,
2078 4710 2133 4757 et

557 4788 808 4856 quaeritis
833 4790 1173 4843 mendacium
1200 4789 1242 4821 δ’
1265 4790 1324 4842 ?»
1347 4790 1440 4843 Est
1464 4793 1608 4844 enim
1640 4808 1806 4845 unum
1834 4793 2008 4846 solum
2043 4809 2134 4846 na-

560 4887 684 4930 tura
712 4877 1045 4947 diligendum
1068 4920 1083 4944 ,
1130 4880 1180 4932 id
1211 4879 1352 4947 quod
1385 4896 1508 4935 vere
1551 4890 1668 4947 est,
1707 4883 1774 4937 de
1807 4899 1916 4951 quo
1963 4884 2126 4938 etiam

559 4966 692 5020 dicit
727 4967 812 5020 lex
848 4967 1096 5037 Decalogi
1129 4986 1141 5021 :
1172 4987 1189 5018 ‹
1221 4967 1419 5037 Diliges
1455 4967 1738 5024 Dominum
1773 4971 1936 5026 Deum
1973 4981 2124 5026 tuum

557 5074 621 5111 ex
658 5063 772 5110 toto
802 5057 968 5112 corde
996 5066 1120 5121 tuo,
1157 5067 1207 5113 et
1239 5076 1304 5113 ex
1333 5069 1445 5114 tota
1479 5072 1660 5118 mente
1687 5074 1777 5117 tua
1801 5104 1814 5127 ,
1843 5073 1896 5120 et
1921 5081 1986 5118 ex
2017 5072 2128 5118 tota

558 5147 739 5201 anima
773 5156 861 5199 tua
888 5147 954 5202 “.
984 5168 1001 5197 ι
1034 5148 1096 5200 Et
1143 5165 1307 5203 unum
1351 5161 1435 5205 est
1477 5168 1672 5208 rursus
1717 5171 1839 5208 vere
1864 5156 1989 5207 odio
2035 5157 2131 5208 ba-

559 5239 794 5292 beudum
816 5279 829 5300 ,
859 5256 1052 5309 nempe
1080 5239 1192 5293 vitii
1227 5242 1500 5309 inventor,
1530 5247 1654 5299 vita:
1686 5256 1885 5300 nostrae
1914 5246 2087 5299 hostis
2112 5263 2126 5312 ;

555 5327 744 5395 dequo
764 5325 1041 5390 dicitlex,¢
1057 5326 1196 5382 Odio
1215 5330 1440 5386 habebis
1462 5333 1739 5386 inimicum
1754 5343 1902 5387 tuum
1918 5331 1981 5384 δ”.
2001 5357 2015 5386 ι
2033 5332 2123 5386 Dei

553 5419 698 5472 enim
717 5419 962 5482 dilectio,
983 5427 1068 5494 est
1091 5422 1354 5475 fortitudo
1373 5422 1492 5490 ejus
1506 5424 1598 5492 qui
1619 5424 1814 5494 diligit.
1837 5424 1913 5478 Ad
1931 5425 2122 5479 vitium

554 5520 734 5564 autem
761 5511 976 5565 affectio
999 5514 1224 5567 exitium
1247 5513 1396 5568 aﬂ‘ert
1419 5517 1464 5568 ei
1483 5517 1578 5585 qui
1602 5517 1802 5569 malum
1821 5517 2012 5588 diligit.
2031 5518 2123 5573 Sic

625 5702 670 5733 ⁸ο
707 5701 864 5757 han.
905 5720 974 5767 vl,
1005 5706 1090 5760 56.
1173 5707 1210 5737 δ’
1255 5707 1641 5772 Ρελ1.(ῑνι,4θ.
1722 5714 1765 5741 δ’
1807 5709 1952 5766 Psal.
1979 5716 2126 5782 Iv,5.

2239 4525 2420 4584 Δαϐὶδ,
2455 4523 2657 4591 λέγων·
2687 4540 2704 4571 ι
2745 4521 2862 4572 Υίοὶ
2893 4519 3220 4591 ἀνθρώπων,
3257 4522 3366 4583 ἕως
3389 4520 3512 4572 πότε
3541 4511 3770 4587 βαρνκάρ·

2235 4617 2375 4680 διοι;
2411 4616 2497 4669 ἵνα
2538 4612 2589 4666 τί
2631 4613 2878 4680 ἀγαπᾶτε
2921 4612 3286 4682 ματαιότητα,
3318 4615 3418 4665 καὶ
3447 4611 3646 4681 ζητεῖτε
3671 4601 3771 4671 ψεῦ-

2233 4709 2355 4772 δος;
2388 4706 2515 4760 »Ἕν
2540 4705 2648 4775 γὰρ
2686 4703 2842 4772 μόνον
2866 4703 3144 4772 ἀγαπητὸν
3193 4707 3261 4774 τῇ
3297 4704 3480 4770 φύσει,
3520 4701 3575 4753 τὸ
3600 4690 3766 4763 άληθῶς

2232 4793 2312 4853 ὃν,
2347 4791 2475 4860 περὶ
2531 4784 2593 4842 οὗ
2633 4806 2763 4859 φησι
2811 4790 2902 4842 καὶ
2947 4792 2978 4858 ή
3019 4791 3335 4860 Δεκαλόγου
3379 4787 3678 4860 νομοθεσία,
3710 4781 3772 4832 ὅτι

2241 4903 2257 4934 ι
2282 4883 2609 4951 Ἀγαπήσεις
2636 4879 2830 4951 Κύριον
2849 4880 2939 4933 τὸν
2961 4880 3092 4932 Θεόν
3117 4899 3212 4934 σου
3235 4882 3297 4946 ἐξ
3319 4881 3448 4950 ὅλης
3471 4880 3564 4946 τῆς
3582 4872 3771 4929 διανοίας

2234 4989 2346 5024 σου.
2364 4990 2381 5021 ι
2409 4971 2515 5021 Καὶ
2535 4969 2591 5021 ἐν
2621 4969 2781 5021 πάλιν
2813 4970 3037 5039 μισητὸν
3056 4973 3121 5039 τῇ
3152 4971 3410 5042 ἀληθείᾳ,
3445 4972 3474 5023 6
3503 4969 3595 5038 τῆς
3616 4962 3774 5019 κακίας

2232 5059 2478 5128 εὑρετὴς.
2519 5059 2547 5109 ὁ
2600 5057 2697 5126 τῆς
2726 5055 2870 5125 ζωῆς
2899 5056 3057 5127 ήμῶν
3086 5059 3356 5127 πολέμιος
3377 5077 3389 5087 ·
3415 5059 3539 5128 περὶ
3557 5051 3611 5108 οὗ
3641 5065 3774 5120 φησιν

2231 5150 2259 5200 6
2291 5149 2470 5217 νόμος,
2521 5147 2602 5199 ὅτι
2645 5167 2663 5197 ‹
2692 5148 2956 5215 Μισήσεις
2991 5148 3082 5200 τὸν
3097 5145 3299 5216 ἐχθρόν
3315 5167 3433 5203 σου.
3455 5166 3472 5198 ι
3492 5149 3553 5201 Ἢ
3584 5145 3679 5213 γὰρ
3700 5136 3774 5190 τοῦ

2232 5239 2368 5290 Θεοῦ
2398 5238 2607 5307 ἀγάπη,
2636 5238 2786 5305 ἰσχὺς
2807 5237 2899 5290 τοῦ
2939 5237 3266 5305 ἀγαπῶντος
3288 5239 3571 5306 γίνεται-ἠ
3600 5235 3649 5286 δὲ
3670 5227 3776 5297 πρὸς

2229 5328 2326 5399 τὴν
2359 5328 2556 5380 κακίαν
2594 5327 2849 5390 διάθεσις,
2897 5328 3117 5400 ὄλεθρον
3149 5330 3315 5399 φέρει
3359 5330 3438 5401 τῷ
3478 5326 3633 5382 κακὸν
3665 5321 3777 5387 ἀγα·

2230 5420 2420 5474 πῶντι.
2463 5419 2619 5473 Οὕτω
2669 5419 2777 5488 γάρ
2815 5437 2978 5489 φησιν
3015 5422 3042 5490 ή
3094 5420 3448 5490 προφητεία’
3479 5438 3498 5470 ι
3521 5414 3776 5482 Ἀγαπήσω

2231 5530 2312 5574 σε,
2350 5512 2540 5584 Κύριε,
2586 5514 2619 5582 ή
2645 5511 2796 5582 ἰσχύς
2832 5529 2932 5582 μου
2959 5529 2972 5542 ·
3005 5513 3206 5585 Κύριος
3239 5511 3528 5584 στερέωμὰ
3559 5525 3670 5579 μου.
3697 5497 3776 5555 κί’*

2212 5712 2260 5744 ⁸³
2311 5713 2467 5766 Deut.
2505 5715 2649 5779 ηδ.
2727 5714 2771 5745 ’⁵⁵
2809 5713 3000 5768 Matth.
3030 5732 3080 5779 v,
3107 5713 3200 5768 45.
