3928 6196
195 278 268 331 7H

1162 267 1226 320 IN
1269 265 1801 322 ECCLI‘.‘SIASTE‘.\.
1845 268 2128 321 HUMlLlA
2165 270 2292 320 VIII.

3281 275 3382 330 7t:

192 384 435 455 καταουγή
458 400 572 454 μου,
599 383 690 436 καὶ
710 382 913 453 ῥύστης
937 398 1087 451 μου.»
1114 384 1244 453 Περὶ
1266 383 1320 436 δὲ
1353 383 1444 436 τοῦ
1470 385 1684 436 ἐναντία

1813 382 1954 435 enim
1989 383 2120 436 dicit
2166 383 2443 451 prophetia
2475 404 2484 436 :
2517 403 2534 434 ‹
2567 382 2796 455 Diligam
2841 395 2895 442 te
2923 430 2939 454 ,
2981 387 3243 459 Domine,
3277 391 3385 448 Ior-

188 478 342 548 ᾳησὶν,
368 494 385 526 ι
407 476 459 526 Ὁ
490 474 539 526 δὲ
567 473 799 538 ἀγαπῶν
843 473 941 545 τὴν
966 473 1196 538 ἀδικίαν,
1229 478 1375 544 μισεῖ
1397 475 1493 544 τὴν
1513 476 1706 528 ἑαυτοῦ

186 570 349 638 ψυχήν.
381 563 672 635 Ἐπιὸρέξει
702 565 794 616 ἐπὶ
816 563 1172 634 ἁμαρτωλοὺς
1201 565 1419 632 παγίδα.
1453 585 1472 616 ι
1505 567 1708 634 Καιρὸς

184 655 256 712 οὖν
282 656 364 711 τοῦ
395 655 522 726 πρὸς
542 656 674 708 Θεὸν
712 656 932 728 φίλτρου
958 659 990 726 ἡ
1025 659 1137 728 ζωὴ
1173 660 1340 721 πᾶσα,
1373 659 1466 711 καὶ
1490 658 1586 728 τῆς
1613 658 1706 710 τοῦ

183 747 510 816 ἀντικειμένου
539 746 942 817 ἀλλοτριώσεως
969 749 998 800 ὁ
1027 748 1141 818 βίος
1169 749 1308 813 ὅλος.
1341 753 1398 803 ’0
1423 752 1477 804 δὲ
1510 752 1706 821 μικρὸν

184 855 220 891 τι
235 837 317 904 τῆς
339 833 476 903 ζωῆς
507 834 610 897 ἔξω
633 833 726 886 τοῦ
755 834 928 902 φιλεῖν
961 834 1054 887 τὸν
1087 834 1220 888 Θεὸν
1258 836 1568 906 γενόμενος,
1599 837 1704 901 ἔξω

183 928 353 995 γίνεται
390 925 600 987 πάντως
635 919 695 979 οὗ
725 926 822 995 τῆς
853 926 1074 995 ἀγάπης
1119 927 1468 998 κεχώρισται.
1509 929 1612 981 Τὸν
1647 929 1704 982 δὲ

180 1015 261 1078 ἔξω
281 1012 362 1066 τοῦ
385 1013 514 1065 Θεοῦ
527 1013 838 1082 γενόμενον,
859 1013 963 1077 ἔξω
989 1009 1129 1066 εἶναι
1145 1014 1238 1067 τοῦ
1257 1016 1430 1084 φωτὸς
1455 1017 1668 1089 ἀνάγκη
1685 1034 1699 1049 ο

185 1103 282 1155 ῖιότι
325 1103 434 1171 φῶς
482 1105 510 1156 ὀ
555 1102 721 1166 Θεός’
768 1103 873 1170 ἔξω
904 1105 960 1157 δὲ
993 1105 1084 1157 καὶ
1132 1106 1230 1176 τῆς
1279 1104 1423 1176 ζωῆς
1465 1107 1556 1159 καὶ
1601 1108 1704 1179 τῆς

179 1195 354 1263 ἁσθαρσ
365 1195 462 1258 ξας,
487 1195 584 1248 καὶ
607 1194 804 1257 παντὸς
831 1195 926 1248 τοῦ
956 1196 1090 1268 πρὸς
1119 1197 1178 1249 τὸ
1199 1199 1440 1268 κρεῖττον
1469 1198 1703 1269 θεωρου-

179 1285 305 1353 μένου
341 1285 605 1355 νοήματος
657 1303 715 1339 τε
748 1287 840 1340 καὶ
874 1287 1225 1358 πράγματος’
1271 1288 1416 1358 ειπερ
1467 1291 1643 1344 πάντα
1671 1291 1700 1341 ὁ

175 1376 274 1438 Θεός
303 1377 461 1430 ἐστιν.
509 1377 570 1429 '0
599 1377 706 1449 γὰρ
737 1380 794 1431 ὲν
835 1378 1043 1442 τούτοις
1087 1379 1160 1449 μὴ
1199 1378 1297 1443 ὢν,
1327 1382 1386 1434 ὲν
1411 1384 1522 1444 τοῖς
1556 1382 1698 1435 ἐναν-

173 1466 276 1528 τίοις
312 1465 515 1530 πάντως
558 1468 726 1520 ἐστίν.
769 1467 978 1521 υύκοῦν
1008 1469 1285 1538 ἐκδέχεται
1327 1469 1416 1522 τὸν
1456 1470 1695 1524 τοιοῦτον

176 1556 323 1622 σκότος
368 1559 458 1612 καὶ
486 1558 774 1630 διαφθορὰ,
822 1559 916 1612 καὶ¹
943 1558 1290 1638 πανωλεθρία
1319 1560 1413 1618 καὶ
1445 1560 1692 1626 θάνατος.

216 1906 370 1960 Ταῦτα
418 1910 474 1961 ὲν
532 1907 757 1978 βραχείᾳ
811 1914 961 1980 φωνῇ
1026 1914 1052 1963 ὁ
1114 1912 1205 1964 τοῦ
1267 1912 1687 1980 Ἐκκλησιαστοῦ

167 1995 282 2063 λόγος
307 1996 508 2063 διελὼν,
553 1999 882 2050 ἐπιδείκνυσι
916 2002 981 2069 τῇ
1024 2000 1262 2071 εὐκαίρῳ
1287 2001 1457 2072 ιριλίᾳ,
1492 2003 1583 2054 καὶ
1613 2003 1690 2072 τῷ

168 2089 269 2140 κατά
293 2089 469 2158 καιρὸν
521 2090 898 2161 ὲνεργουμένῳ
937 2092 1102 2162 μίσει,
1148 2092 1244 2164 τὴν
1286 2094 1546 2165 ἐκατέρου
1583 2096 1689 2148 τῶν

166 2179 268 2232 κατὰ
312 2179 366 2232 τὸ
424 2181 676 2234 ἐναντίον
745 2181 1050 2250 νοουμένων
1105 2183 1262 2252 φύσιν
1315 2185 1684 2255 ἀποκαλύψας.

164 2268 336 2336 Καιρὸς,
361 2270 548 2338 φησιν,
579 2268 671 2320 τοῦ
714 2268 936 2338 φιλῆσαι
993 2270 1052 2322 τὸ
1100 2271 1300 2339 ἀγαθὸν
1325 2311 1339 2332 .
1376 2275 1468 2326 καὶ
1502 2275 1691 2344 καιρὸς

163 2359 281 2410 πάλιν
320 2361 404 2412 τοῦ
451 2362 687 2431 μισῆσαι
721 2361 781 2413 τὸ
825 2362 1082 2415 ἐναντίον.
1113 2364 1270 2433 Λέγει
1297 2367 1373 2431 δὲ,
1402 2369 1481 2420 ὅτι
1517 2371 1610 2435 Σὺ,
1644 2365 1688 2424 ὦ

161 2448 383 2520 ἄνθρωπε,
412 2453 555 2522 πρὸς
591 2451 650 2503 τὸ
686 2451 859 2528 καλὸν
894 2454 1006 2505 οἴου
1043 2452 1254 2522 βλέπειν
1288 2458 1378 2509 τὸν
1413 2459 1587 2527 λόγον.
1625 2463 1685 2514 Ἡ

160 2542 239 2609 γὰρ
256 2543 614 2614 ἐνηλλαγμένη
644 2561 700 2596 τε
727 2543 821 2596 καὶ
849 2543 1238 2615 πεπλανημένη
1265 2548 1398 2617 πρὸς
1425 2551 1686 2622 ἑκάτερον

157 2629 318 2682 τούτων
338 2634 430 2703 τῆς
449 2635 638 2703 ψυχῆς
663 2634 817 2704 ἡμῶν
843 2634 1104 2700 διάθεσις,
1145 2638 1264 2707 ῥίζα
1299 2639 1390 2690 καὶ
1424 2642 1564 2712 ἀρχὴ
1591 2644 1686 2712 τῆς

159 2720 379 2790 ἁμαρτίας
394 2725 824 2787 ἑστίνΑΟὒδεὶς»
841 2724 950 2796 γὰρ
972 2745 990 2776 ι
1010 2726 1251 2788 δύναται,
1275 2747 1290 2778 1
1315 2731 1497 2799 φησιν,
1522 2749 1541 2780 Ἰ
1566 2733 1687 2786 δυσὶ

158 2810 321 2880 κυρίοις
344 2812 692 2884 δουλεύεινοῆ
719 2815 826 2884 γὰρ
847 2816 934 2868 τὸν
962 2815 1054 2869 ἕνα
1081 2818 1297 2888 μισήσει
1330 2821 1423 2873 καὶ
1453 2821 1541 2874 τὸν
1570 2823 1686 2875 ἓτε-

158 2918 224 2967 ςην
246 2905 523 2975 ἀγαπήσει.
556 2925 576 2957 ι
599 2907 862 2973 Ἐδίδαξεν
889 2909 921 2977 ὴ
943 2909 1332 2982 ἀντιδιαστολὴ,
1355 2913 1436 2975 τίς
1456 2916 1483 2966 ὁ
1503 2915 1685 2979 κακῶς

157 2996 392 3061 κυριεύων,
421 2991 479 3050 οὗ
513 2996 624 3067 χρὴ
659 2995 745 3049 διὰ
779 2996 872 3050 τοῦ
909 2999 1097 3066 μίσους
1137 3001 1566 3072 ἀλλοτριοῦσοαι,
1591 3004 1685 3055 καὶ⁵

154 3087 214 3148 τίς
235 3091 258 3139 ὁ
283 3091 358 3141 ἐπ’
381 3091 577 3160 ἀγαθῷ
615 3089 710 3143 τοῦ
740 3092 1040 3161 ἀρχομένου
1088 3094 1322 3165 κρατῶν,
1351 3089 1394 3162 ᾧ
1422 3098 1684 3167 προσήκει

153 3175 202 3228 δι’
230 3179 426 3252 άγάπης
472 3182 867 3236 συνάπτεσθαι.
911 3185 972 3237 Εἰ
1010 3185 1066 3238 δέ
1093 3204 1177 3250 τις
1205 3188 1298 3241 τοῦ
1327 3189 1553 3258 μισητοῦ
1589 3191 1684 3259 μὲν

153 3271 401 3342 ἀπέχοιτο,
425 3277 522 3328 τοῦ
547 3277 606 3329 δὲ
630 3277 913 3346 ἀγαπητοῦ
935 3279 1321 3348 καταφρονοίη,
1347 3275 1500 3342 οὗτός
1539 3282 1685 3332 ἐστιν

152 3362 515 3420 ὀύπαλλάσσων
543 3368 646 3438 τῆς
693 3369 874 3438 φιλίας
922 3371 1009 3423 καὶ
1039 3370 1132 3423 τοῦ
1158 3371 1347 3441 μίσους
1377 3372 1474 3442 τὴν
1506 3373 1685 3426 εὐκαι-

153 3453 244 3517 ρίαν
285 3456 388 3526 ἰδίῳ
433 3457 618 3528 κακῷ.
673 3459 730 3511 '0
766 3458 875 3529 γὰρ
925 3460 1277 3530 καταφρονῶν
1325 3464 1679 3532 πράγματος,

152 3546 590 3618 καταφραρήσεται
629 3548 718 3600 ὑπ’
768 3548 966 3601 αὐτοῦ’
1015 3551 1044 3602 ὁ
1089 3550 1145 3602 δὲ
1195 3551 1550 3621 ἀντεχόμενος
1585 3554 1683 3623 τῆς

152 3631 394 3700 ἀπωλείας.
428 3640 852 3710 περιποιήσεται
891 3640 1048 3694 τοῦτο
1090 3643 1266 3712 ἑαυτῷ
1294 3639 1354 3697 οὗ
1385 3645 1677 3714 ἀντείχετο.

152 3726 418 3793 Αιαστείλας
465 3733 653 3785 τοίνυν
700 3733 777 3802 τῷ
823 3733 964 3804 λόγῳ
997 3736 1064 3786 τά
1109 3737 1228 3788 κατ’
1259 3738 1460 3807 ἀρετήν
1486 3755 1542 3790 τε
1587 3739 1681 3792 καὶ

150 3818 304 3870 κακίαν
335 3823 626 3892 νοούμενα,
656 3823 946 3892 ἐπιγνώσει
973 3825 1072 3895 τὴν
1099 3827 1403 3897 εὐκαιρίαν,
1442 3829 1532 3881 τοῦ
1565 3829 1679 3892 πῶς

151 3905 226 3974 χρὴ
265 3910 388 3978 πρὸς
439 3913 707 3981 ἑκάτερον
761 3915 962 3968 τούτων
1009 3915 1171 3985 ἔχειν.
1225 3917 1548 3986 Ἐγκράτεια
1587 3922 1679 3972 καὶ

146 3992 287 4066 iac-Ii}.
332 3999 658 4072 σωφροσύνη
707 4003 799 4054 καὶ
832 4003 1113 4068 ἀκολασία,
1151 4005 1438 4075 μετριότης
1462 4007 1554 4058 καὶ
1586 4005 1680 4059 τῦ-

147 4098 236 4146 φος,
264 4088 434 4144 εὔνοια
469 4093 569 4145 καὶ
618 4094 894 4160 κακόνοια,
917 4095 1010 4147 καὶ
1036 4095 1210 4149 πάντα
1240 4097 1307 4149 τὰ
1342 4097 1400 4161 ἐξ
1434 4100 1676 4152 ἐναντίου

143 4175 383 4246 νοούμενα,
431 4179 690 4254 φανερῶς
725 4185 829 4237 ὑπὸ
874 4185 968 4238 τοῦ
1009 4187 1430 4258 Ἐκκλησιαστοῦ
1459 4190 1674 4244 ὑποδεί-

143 4271 293 4321 ﬂaui
321 4289 399 4325 σοι
429 4275 585 4336 ὅπως
605 4279 668 4346 τῇ
695 4277 838 4347 ψυχῇ
858 4279 985 4348 περὶ
1005 4279 1173 4331 ταῦτα
1191 4275 1250 4332 εὖ
1282 4280 1670 4351 διατιθέμενος,

1723 1710 1759 1762 Β

1809 473 1982 525 titudo
2010 488 2125 527 mea
2153 491 2165 524 :
2197 472 2458 527 Dominus
2491 472 2890 530 ﬁrmamentum
2919 493 3096 533 meum
3122 521 3138 546 ,
3162 494 3216 536 et
3241 483 3384 538 refu-

1808 563 1953 633 gium
2000 578 2211 623 meum,
2257 573 2309 616 et
2361 564 2618 617 liberator
2660 580 2814 618 meus
2856 567 2920 620 ⁵⁵.
2948 587 2966 618 1
2995 568 3065 622 De
3100 576 3381 627 contrario

1808 660 1985 706 autem
2019 652 2152 705 dicit
2178 675 2188 706 ;
2215 672 2230 702 ι
2257 653 2356 718 Qui
2401 664 2578 708 autem
2625 655 2802 722 diligit
2841 657 3181 726 iniquitatem
3207 701 3222 727 ,
3265 665 3382 718 odit

1807 742 2042 794 animam
2069 759 2242 796 suam.
2260 745 2416 796 Pluet
2445 760 2609 812 super
2640 755 2958 814 peccattn‘es
2987 750 3234 818 laqueum
3261 753 3330 808 “.
3355 774 3374 806 ι

1806 831 2042 900 Tempus
2073 847 2201 902 ergo
2232 833 2486 904 diligendi
2520 834 2686 890 Deum
2714 846 2796 890 est
2841 846 2949 890 tota
2978 841 3118 902 vita,
3150 849 3198 895 et
3242 851 3380 898 tem-

1804 936 1905 989 pus
1932 922 2347 978 abalienationis
2381 927 2448 978 ab
2478 927 2794 980 adversario
2831 937 2916 982 est
2943 937 3111 982 totum
3160 940 3376 1002 tempus

1805 1013 1945 1066 vitae.
1980 1015 2079 1078 Qui
2125 1024 2305 1068 autem
2346 1032 2515 1085 parvo
2556 1017 2741 1087 aliquo
2783 1020 2906 1072 vitae
2949 1036 3061 1074 sua:
3092 1024 3269 1091 spatio
3296 1035 3379 1078 est

1802 1113 2046 1160 remotus
2092 1122 2120 1159 a
2167 1107 2261 1162 Dei
2291 1109 2585 1164 dilectione
2615 1151 2628 1173 ,
2663 1113 2822 1178 plane
2862 1113 2973 1166 exit
3000 1116 3186 1180 abeo,
3218 1119 3377 1186 cujus

1801 1207 1829 1245 a
1878 1194 2145 1251 eharitate
2174 1199 2457 1266 sejunctus
2485 1210 2586 1254 est.
2619 1200 2754 1254 Ettm
2788 1214 2964 1256 autem
2991 1206 3080 1273 qui
3109 1215 3192 1260 est
3221 1218 3374 1262 extra

1805 1283 2005 1348 Deum,
2059 1295 2211 1340 extra
2266 1288 2440 1342 lucem
2493 1306 2616 1344 esse
2673 1307 2896 1346 necesse
2941 1303 3058 1355 est,
3112 1299 3371 1365 quoniam

1801 1372 1941 1428 Deus
1971 1383 2055 1431 est
2090 1378 2223 1431 lux:
2269 1381 2569 1448 quinetiam
2621 1391 2774 1434 extra
2822 1383 2986 1437 vitam
3034 1395 3086 1439 et
3127 1389 3375 1444 IIICOI'I'II-

1799 1470 2036 1532 ptionem
2060 1509 2072 1531 ,
2107 1478 2157 1522 et
2184 1485 2566 1539 quamcunque
2595 1473 2794 1525 mentis
2822 1476 3238 1542 conceptionem
3262 1518 3276 1538 ,
3319 1489 3372 1531 et

1801 1572 1910 1610 rem
1943 1597 1956 1621 ,
1994 1576 2114 1628 quae
2145 1563 2362 1628 quidem
2394 1563 2575 1615 omnia
2608 1572 2690 1617 est
2724 1564 2886 1618 Deus.
2922 1566 3023 1630 Qui
3071 1569 3214 1621 enim
3260 1586 3369 1624 non

1794 1657 1875 1702 est
1900 1649 1953 1701 in
1982 1649 2088 1712 his,
2124 1661 2207 1705 est
2239 1653 2463 1705 omnino
2495 1653 2547 1704 in
2575 1656 2889 1710 contrariis.
2917 1655 3046 1709 lium
3073 1658 3252 1728 itaque
3275 1663 3367 1731 qui

1789 1746 1874 1790 est
1918 1739 2225 1807 ejusmodi,
2273 1742 2552 1811 excipiunt
2600 1745 2836 1799 tenebtm
2881 1755 2934 1800 et
2977 1748 3266 1814 interitus,
3311 1761 3367 1808 et

1788 1830 2013 1883 exitium
2049 1839 2102 1883 et
2135 1847 2301 1886 mors.
3028 1835 3030 1837 ’

1863 1940 1984 1996 Πίος
2015 1958 2135 1996 eum
2168 1942 2406 1996 breviter
2432 1944 2771 2000 distinxisset
2791 1962 2971 2002 sermo
2999 1949 3363 2012 Ecclesiastaa.

1791 2033 2108 2101 tempestiva
2157 2034 2430 2095 amicitia,
2492 2046 2543 2088 et
2608 2035 2732 2090 odio
2778 2039 2921 2106 quod
2976 2051 3260 2094 exercetur
3310 2044 3362 2096 in

1792 2130 2075 2192 tempore,
2119 2126 2359 2178 ostendit
2405 2127 2688 2194 aperitque
2737 2136 2988 2181 naturam
3028 2145 3212 2184 eorum
3244 2148 3366 2200 qua:

1792 2215 1895 2268 sibi
1943 2216 2224 2269 adwrsari
2283 2216 2673 2286 intelliguntur.
2741 2217 2982 2287 Tempus
3028 2228 3134 2284 est,
3162 2222 3360 2291 inquit.

1792 2309 2010 2361 amandi
2039 2308 2240 2361 bonum
2267 2327 2280 2361 :
2306 2316 2358 2362 et
2394 2315 2611 2377 tempus
2645 2317 2729 2363 est
2756 2325 2947 2365 rursus
2971 2311 3098 2365 odio
3128 2313 3362 2367 habendi

1761 2399 2148 2459 .contrarium.
2195 2400 2331 2452 Dicit
2373 2408 2576 2462 autem,
2607 2399 2709 2462 Tu,
2744 2415 2777 2453 o
2807 2401 2989 2462 homo,
3023 2403 3272 2457 existima
3309 2404 3360 2456 id

1786 2490 1930 2556 quod
1963 2490 2164 2542 dicitur
2194 2491 2439 2558 aspicere
2470 2490 2534 2542 ad
2574 2491 2623 2543 id
2655 2492 2798 2560 quod
2828 2503 2910 2546 est
2941 2493 3143 2546 bonum
3179 2505 3231 2548 et
3261 2495 3362 2548 ho-

1785 2587 2020 2634 nestum.
2046 2579 2178 2632 Nam
2207 2597 2326 2649 qua:
2348 2581 2398 2632 in
2427 2591 2655 2649 utroque
2683 2584 2874 2636 horum
2907 2593 2991 2638 est
3023 2601 3278 2655 perversa
3307 2596 3362 2642 et

1786 2671 2043 2724 aberrans
2080 2673 2273 2724 anime
2301 2671 2536 2733 affectio,
2571 2688 2631 2725 ea
2657 2682 2739 2727 est
2765 2675 2918 2728 radix
2949 2684 3002 2729 et
3033 2677 3358 2746 principium

1787 2761 2012 2828 peccati.
2033 2781 2052 2810 ‹
2078 2761 2246 2815 Nemo
2262 2765 2404 2817 enim
2431 2771 2628 2831 potest,
2653 2785 2670 2816 1
2695 2766 2870 2834 inquit
2891 2765 3203 2832 Dominus,«
3225 2770 3362 2822 duo-

1788 2849 1886 2902 bus
1918 2849 2153 2905 dominis
2187 2854 2390 2906 servire
2417 2871 2431 2917 ;
2471 2862 2562 2907 aut
2589 2855 2732 2907 enim
2767 2872 2933 2909 unum
2963 2857 3088 2911 odio
3117 2859 3353 2921 habebit,

1783 2945 1836 2991 et
1882 2939 2110 2993 alterum
2159 2941 2345 3010 diliget
2377 2943 2441 2995 δ’.
2481 2962 2498 2993 1
2538 2942 2706 2997 Docet
2741 2945 2851 2997 hare
2887 2944 3193 3009 distinctio,
3233 2950 3359 3017 quis

1713 3045 1753 3100 ο
1789 3029 1858 3081 sit
1889 3031 1978 3098 qui
2009 3032 2149 3084 male
2181 3033 2516 3094 dominetur,
2553 3048 2581 3086 a
2613 3051 2722 3103 quo
2767 3045 2979 3104 Oportet
3005 3037 3228 3092 alienari
3263 3055 3358 3107 per

1786 3120 1990 3181 odium.
2027 3130 2079 3175 et
2118 3124 2241 3192 quis
2279 3125 2597 3179 dominetur
2628 3126 2748 3195 ejus
2789 3128 2935 3180 hono
2967 3130 3052 3182 cui
3099 3129 3356 3198 imperat,

1785 3210 2120 3280 cui'oportet
2140 3215 2397 3283 conjungi
2425 3231 2519 3284 per
2539 3217 2884 3272 eharitatem.
2927 3219 2982 3273 Si
3023 3222 3146 3289 quis
3175 3231 3356 3276 autem

1785 3299 1836 3352 id
1892 3302 2109 3368 quidem
2154 3306 2297 3372 quod
2331 3314 2415 3358 est
2445 3306 2571 3359 odio
2603 3307 2907 3362 habendum
2940 3312 3355 3380 complectatur,

1784 3399 2100 3445 contemnat
2135 3405 2314 3448 autem
2355 3396 2405 3449 id
2463 3399 2606 3465 quod
2659 3407 2742 3452 est
2790 3400 3146 3469 diligendum,
3186 3404 3232 3456 is
3273 3415 3356 3461 est

1782 3481 1875 3547 qui
1906 3496 2006 3534 suo
2035 3483 2179 3534 malo
2208 3493 2382 3537 mutat
2406 3489 2869 3555 opportunitatem
2902 3493 3101 3546 amoris
3131 3503 3184 3546 et
3220 3495 3351 3549 odii.

1782 3569 1885 3635 Qui
1935 3573 2077 3625 enim
2123 3588 2234 3626 rem
2285 3577 2606 3638 contemnit,
2659 3578 2705 3631 is
2739 3579 2807 3631 ab
2846 3593 2906 3632 ea
2950 3581 3209 3635 interibit.
3251 3583 3352 3649 Qui

1781 3668 1957 3713 autem
2005 3663 2390 3731 complectitur
2445 3665 2824 3732 perditionem,
2874 3669 3118 3736 acquiret
3153 3672 3256 3725 sibi
3300 3673 3351 3726 id

1779 3751 1924 3818 quod
1960 3753 2405 3820 amplectebatur.
2439 3753 2540 3819 Qui
2571 3771 2702 3823 ergo
2735 3757 2916 3812 verbis
2945 3759 3257 3814 distinxerit
3288 3778 3349 3815 ea

1779 3856 1900 3909 quae
1956 3857 2019 3895 ex
2080 3843 2286 3898 virtute
2331 3851 2385 3898 et
2431 3845 2564 3898 vitio
2617 3846 3010 3916 intelliguntur,
3058 3861 3352 3919 cognoscet

1782 3931 2270 4000 opportunitatem,
2305 3933 2762 4001 quemadmodum
2810 3952 2870 3991 se
2896 3954 3082 4007 gerere
3103 3949 3350 4009 oporteat

1779 4021 1832 4074 in
1882 4023 2146 4092 utrisque.
2200 4023 2550 4086 Continentia
2580 4035 2634 4079 et
2660 4027 2906 4097 voluptas
2939 4069 2953 4093 ,
2991 4033 3348 4099 temperantia

1776 4119 1830 4166 et
1862 4111 2302 4181 intemperantia,
2333 4114 2599 4169 modestia
2641 4123 2695 4170 et
2745 4121 3076 4188 arrogantia,
3109 4122 3348 4176 benevo-

1777 4203 1940 4256 lentia
1986 4211 2039 4258 et
2095 4205 2492 4267 malevolentia,
2535 4214 2590 4261 et
2638 4223 2979 4278 quacunque
3021 4227 3083 4265 ex
3117 4212 3348 4269 adverso

1776 4295 2175 4365 intelliguntur,
2219 4296 2316 4350 tibi
2348 4296 2416 4350 ab
2457 4296 2787 4354 Ecclesiaste
2829 4309 3017 4369 aperte
3048 4303 3346 4358 ostendun-

141 4352 386 4425 λυσιτελῶς
417 4364 709 4436 βουλεύσῃ.
745 4369 946 4439 Καιρὸς
979 4366 1072 4422 οὖν
1098 4370 1188 4423 τοῦ
1217 4371 1437 4441 φιλῆσαι
1466 4372 1564 4443 τὴν
1585 4375 1676 4442 ὲγ-

1787 4395 1890 4450 tur,
1928 4395 1987 4439 ttt
2036 4389 2088 4440 in
2140 4387 2224 4441 his
2280 4397 2426 4442 recte
2473 4389 2752 4444 consulas.
2811 4389 3049 4461 Tempus
3077 4403 3162 4448 est
3213 4411 3347 4466 ergo

141 4448 379 4538 testeum,
421 4457 516 4508 καὶ
557 4457 653 4509 τοῦ
687 4459 912 4527 μισῆσαι
946 4462 1043 4530 τὴν
1075 4462 1284 4532 ἡδονὴν.
1319 4465 1402 4516 ἵνα
1432 4464 1504 4536 μὴ
1538 4467 1671 4538 γένῃ

141 4534 398 4608 φιλήδονος,
450 4547 654 4615 μᾶλλον
699 4548 756 4600 δὲ
795 4549 1056 4616 φιλόθεος,
1092 4553 1182 4606 καὶ
1214 4553 1280 4606 τὰ
1321 4534 1456 4608 ἀλλά
1491 4534 1670 4610 πάντα

1776 4477 1993 4532 amandi
2024 4478 2443 4542 continentiam,
2476 4486 2529 4533 et
2558 4478 2685 4533 odio
2726 4480 2956 4536 habendi
2989 4483 3346 4553 voluptatem,

1776 4566 1842 4624 n'e
1891 4570 2091 4624 evadas
2130 4569 2479 4629 libidinosus,
2526 4570 2618 4624 sed
2668 4571 2916 4640 protinus
2961 4573 3249 4644 religiosus
3291 4589 3343 4633 et

135 4623 374 4728 ξισαὺτως,
396 4637 456 4689 τὸ
484 4638 805 4705 φιλόνεικον,
833 4642 892 4694 τὸ
926 4644 1234 4714 φιλοκερδές
1258 4663 1317 4698 τε
1348 4647 1440 4698 καὶ
1464 4648 1670 4716 φιλόδο-

1799 4623 1802 4624 ,
2078 4623 2082 4624 ,
2370 4623 2382 4624 η
2470 4623 2479 4629 ,
2670 4623 2694 4640 r
2961 4623 3246 4644 --πυ----π
3293 4623 3340 4633 ν.

1787 4653 1869 4708 Dei
1904 4656 2134 4719 amicus,
2169 4665 2222 4711 et
2266 4657 2372 4710 alia
2417 4658 2598 4712 omnia
2629 4659 2898 4724 similiter.
2947 4665 3340 4730 contentionis,

137 4713 222 4776 ξῦν,
253 4724 337 4774 καὶ
357 4727 535 4781 πάντα
565 4731 630 4798 τῇ
663 4731 754 4782 ἐπὶ
785 4732 850 4784 τὰ
885 4733 958 4802 μὴ
993 4713 1180 4786 δέοντα
1200 4735 1296 4805 τῆς
1323 4713 1500 4804 φιλίας
1537 4739 1670 4808 χρή-

137 4820 215 4895 ﬁt.
244 4812 333 4880 τῆς
362 4816 499 4884 πρὸς
555 4818 616 4870 τὸ
671 4819 872 4887 ἀγαθὸν
900 4821 1134 4891 σχέσεως
1173 4825 1498 4895 ἀφορίζοντα
1518 4844 1532 4858 ·
1557 4827 1669 4880 οἷον

135 4894 183 4947 ἐκ
201 4904 418 4972 παρόδου
447 4907 624 4978 δόγμα
653 4910 947 4979 ἐμάθομεν,
973 4913 1055 4965 ὅτι
1092 4915 1237 4967 πᾶσα
1262 4894 1359 4984 τῆς
1386 4915 1565 4987 ψυχῆς
1590 4918 1672 4970 κί-

132 5003 257 5054 *ητις
275 4994 358 5044 ἐπ’
382 4997 574 5067 ἀγαθῴ
600 5001 748 5068 παρᾶ
769 5002 862 5054 τοῦ
881 5004 1377 5075 δημιουργήσαντος
1393 5008 1490 5078 τὴν
1511 5009 1672 5077 φύσιν

131 5079 258 5146 ἡμῶν
295 5093 701 5162 κατεσκευάσθη
722 5110 736 5123 ·
809 5095 924 5149 ἀλλ’
957 5095 1006 5147 εί
1041 5097 1106 5163 δὴ
1142 5099 1504 5171 ἡμαρτημένη
1564 5101 1673 5155 τῶν

131 5173 353 5228 ταιούτων
376 5181 692 5250 κινημάτων
712 5185 903 5254 χρῆσις
928 5186 1024 5249 τὰς
1046 5189 1123 5250 είς
1146 5189 1342 5242 κακίαν
1380 5191 1670 5261 ἐγέννησεν

134 5258 352 5352 ᾇᾳορμάς
373 5284 387 5298 ’
411 5272 571 5326 καλόν
592 5292 640 5326 τι
673 5271 808 5328 οὖσα
833 5279 864 5345 ἡ
890 5277 1230 5342 αὑτεξούσιος
1247 5280 1473 5351 δύναμις
1489 5258 1668 5352 ήμῶν,

132 5351 235 5404 ἱτίν
271 5361 402 5427 πρὸς
433 5363 496 5414 τὺ
513 5367 675 5419 κακὸν
701 5368 1009 5438 ὲνεργῆται,
1045 5371 1232 5425 κακῶν
1264 5371 1486 5442 ἔσχατον
1512 5351 1664 5442 γίνε-

134 5454 215 5494 ται.
257 5449 359 5501 Καὶ
395 5453 457 5505 τὸ
504 5455 754 5524 ἔμπαλιν,
791 5459 1023 5528 ὄργανον
1063 5463 1264 5534 ἀρετῆς
1304 5464 1452 5516 ἐστιν
1489 5467 1522 5535 ή
1562 5467 1666 5519 ἀπ-

187 5617 224 5643 ⁶²
254 5620 390 5675 ρςυι.
436 5641 562 5690 nu,
598 5629 649 5682 2.
728 5632 772 5662 “
814 5630 961 5686 Psal.
999 5650 1050 5698 κ,
1085 5634 1138 5699 6,
1175 5637 1226 5688 7.

1778 4745 1913 4800 lucri
1948 4753 2002 4800 et
2029 4746 2217 4816 gloriae
2253 4761 2520 4814 amorem,
2559 4757 2614 4803 et
2641 4751 2822 4804 omnia
2853 4767 2974 4820 quae
2999 4769 3098 4808 ttsu
3139 4757 3344 4812 amoris

1767 4839 1833 4892 ad
1881 4854 1943 4893 ea
2000 4855 2120 4906 quae
2176 4856 2280 4895 non
2339 4853 2570 4910 oportet,
2611 4853 2866 4912 separant
2916 4846 2984 4901 ab
3030 4862 3092 4902 ea
3125 4864 3248 4918 qua:
3277 4852 3342 4906 ad

1768 4929 1970 4982 bonum
2015 4941 2098 4984 est
2148 4931 2491 4995 habitudine,
2526 4943 2582 4987 ut
2625 4936 2775 4990 verbi
2808 4951 2972 4992 causa
3016 4939 3068 4992 in
3105 4942 3341 4997 transitu

1772 5017 1874 5071 hoc
1922 5017 2116 5087 dogma
2151 5020 2468 5082 didicimus.
2512 5025 2656 5092 quod
2701 5027 2881 5081 omnis
2930 5028 3127 5084 animae
3164 5041 3344 5086 motus

1770 5105 1836 5159 ad
1888 5107 2088 5159 bonum
2129 5116 2212 5162 est
2261 5110 2516 5166 conditus
2551 5113 2620 5167 ab
2648 5127 2714 5167 eo
2757 5114 2849 5183 qui
2887 5126 3132 5170 nostram
3167 5117 3337 5172 fabri-

1768 5203 1926 5251 catus
1965 5204 2050 5251 est
2088 5206 2375 5267 naturam;
2430 5203 2523 5256 sed
2555 5203 2598 5257 si
2639 5206 2944 5273 peccaverit
2993 5206 3188 5260 horum
3221 5223 3333 5262 mo-

1765 5295 1918 5341 tuum
1953 5304 2108 5352 usus,
2165 5291 2210 5347 is
2258 5293 2324 5347 ad
2374 5295 2564 5348 vitium
2617 5305 2868 5364 procreat
2922 5300 3242 5352 occasiones
3285 5309 3338 5353 et

1765 5379 2100 5435 adminicula
2139 5401 2150 5436 :
2187 5384 2346 5439 liberi
2400 5387 2616 5442 arbitrii
2672 5387 2904 5442 facultas
2954 5405 3077 5446 eum
3127 5392 3196 5444 sit
3249 5405 3337 5444 rea

1763 5466 1924 5533 bona,
1977 5471 2197 5540 quando
2256 5489 2317 5529 ea
2363 5475 2429 5529 ad
2469 5477 2670 5530 malum
2705 5485 3011 5541 exercetur,
3045 5487 3129 5531 est
3195 5487 3329 5524 nia--

1310 5637 1352 5666 "’
1400 5635 1587 5690 Matth.
1626 5654 1695 5703 v1,
1724 5641 1812 5694 2i.
