3928 6196
547 291 647 347 785

555 509 818 560 mentum,
853 497 936 551 vis
969 497 1246 566 expultrix
1265 514 1454 552 eorum
1487 517 1606 569 quae
1630 515 1756 556 sunt
1800 504 2120 573 injucunda,

553 593 641 644 cui
686 605 881 642 nomen
928 597 1013 642 est
1066 588 1274 651 odimn,
1326 591 1545 658 quando
1587 603 1832 647 armatur
1863 597 2125 651 adversus

553 681 914 734 contrarimn.
960 678 1064 730 Sed
1129 689 1260 730 tunc
1320 679 1372 731 lit
1421 695 1568 732 arma
1627 685 1854 748 peccati,
1905 686 2124 753 quando

556 772 698 824 bono
745 768 973 821 resistit.
1040 765 1231 820 Omnis
1287 782 1420 836 ergo
1478 769 1570 822 Dei
1617 773 1891 837 creatura,
1945 789 2010 826 ex
2057 775 2124 828 iis

552 875 672 929 qum
724 870 853 912 sunt
906 859 957 910 in
1003 859 1164 910 nobis
1205 868 1541 923 constructa,
1595 862 1735 914 bona
1777 871 1879 927 est,
1914 872 1968 916 et
2013 879 2121 917 non

551 950 870 1018 rejirienda,
934 948 980 1000 si
1025 958 1273 1001 sumatur
1325 965 1447 1002 cum
1509 952 1805 1021 gratiarum
1856 955 2118 1009 actione:

552 1043 799 1108 ingratus
849 1049 1028 1091 autem
1084 1054 1275 1092 eorum
1325 1056 1458 1094 usus
1494 1043 1681 1096 vitium
1713 1044 1876 1098 eflicit
1907 1055 2121 1099 creatu-

550 1147 688 1192 ram,
755 1147 848 1199 per
897 1130 1042 1198 quod
1100 1130 1306 1184 recedit
1354 1147 1476 1200 quae
1515 1144 1599 1188 est
1653 1136 1810 1190 nobis
1844 1152 1965 1190 cum
2011 1137 2120 1191 Deo

547 1220 886 1288 eonjunctio,
923 1220 1286 1288 ingredientia
1327 1230 1507 1275 autem
1542 1226 1838 1291 contraria,
1870 1227 1990 1280 loco
2025 1227 2116 1280 Dei

549 1322 866 1381 poliuntur:
909 1313 1042 1365 adeo
1091 1321 1151 1365 ut
1198 1329 1294 1381 per
1341 1329 1402 1368 ea
1445 1315 1653 1370 vitiosa:
1697 1318 2018 1374 aﬂectiones
2062 1319 2114 1372 in

544 1407 675 1458 deos
717 1404 1040 1458 referamur.
1085 1403 1173 1457 Sic
1212 1407 1276 1459 iis
1308 1406 1399 1474 qui
1432 1408 1568 1476 gula:
1591 1419 1719 1461 sunt
1752 1409 1938 1475 dediti,
1981 1409 2116 1464 deus

543 1505 628 1548 est
677 1504 882 1547 venter.
941 1495 1032 1546 Sic
1084 1495 1234 1547 avari
1274 1497 1378 1548 sibi
1409 1512 1474 1550 ex
1511 1498 1642 1550 vitio
1678 1499 1882 1553 idolum
1909 1500 2117 1553 consti-

544 1596 726 1639 tuunt.
773 1586 864 1638 Sic
901 1587 937 1638 ii
978 1587 1070 1654 qui
1121 1603 1216 1655 per
1263 1604 1505 1642 errorem
1544 1591 1743 1644 habent
1788 1592 1840 1644 in
1880 1592 1980 1646 hoc
2015 1608 2116 1646 sa:-

541 1680 668 1732 culo
709 1679 1036 1732 obscuratos
1082 1680 1278 1731 anima:
1317 1681 1528 1744 oculos,
1564 1682 1722 1734 deum
1771 1683 1872 1735 sibi
1905 1684 2114 1737 faciunt

1682 296 1740 351 S.
1777 297 2102 355 GRELOIHI
2138 297 2432 354 NYSSI‘IM
3635 325 3715 381 7,“

553 409 730 460 lorum
777 413 1104 459 extremum.
1165 403 1230 458 Et
1279 414 1493 468 contra,
1529 409 1748 466 virtutis
1799 421 1884 467 est
1917 414 2115 468 instru~

2227 416 2430 485 ωστικὴ
2458 415 2564 468 τῶν
2593 418 2772 488 ἀηδῶν
2801 417 3049 489 δύναμις,
3080 413 3291 493 ᾖὸνομα
3327 429 3382 479 τὸ
3419 434 3528 499 μίσό

3532 453 3554 496 ς
3577 439 3701 494 ἐστιν

2421 481 2429 485 -
2652 481 2662 488 .
2939 481 2950 489 .
3011 481 3044 484 κ.
3085 481 3112 492 ..
3223 481 3233 493 .
3419 481 3430 499 .
3460 481 3552 496 κη,
3577 481 3699 494 --ην

2227 507 2355 559 ὅταν
2402 508 2543 560 κατὰ
2571 509 2663 561 τοῦ
2703 511 2942 562 ἐναντίου
2979 511 3278 582 ὁπλίζηται.
3317 519 3462 573 Ἀλλὰ
3496 481 3723 598 ἁμαρτίας

2226 596 2343 648 τότε
2375 597 2582 665 γίνεται
2615 600 2796 663 ὅπλον,
2837 601 2964 652 ὅταν
2995 603 3128 672 πρὸς
3157 604 3213 656 τὸ
3249 607 3434 674 ἀγαθὸν
3462 596 3721 674 ἀντιτακτιέ

2226 689 2337 752 κῶς
2385 689 2517 760 ἔχει.
2571 693 2775 746 Οὐκοῦν
2827 695 2934 746 πᾶν
2977 696 3179 764 κτίσμα
3222 699 3348 753 Θεοῦ
3403 705 3501 758 τῶν
3542 710 3589 760 ἐν
3622 714 3727 779 ἡμῖν

2226 785 2744 854 κατεσκευασμένων
2789 785 2969 848 καλὸν,
3007 788 3100 840 καὶ
3137 788 3281 842 οὐδὲν
3318 793 3591 866 ἀπόϐλητον
3618 805 3727 869 μετὰ

2223 873 2572 945 εὐχαριστίας
2625 877 2688 930 λα
2701 879 3064 949 μϐανόμενον·
3102 883 3134 950 ἡ
3184 884 3238 935 δὲ
3268 885 3541 957 ἀχάριστος
3563 895 3731 948 τούτων

2222 964 2417 1034 χρῆσις
2465 966 2635 1028 πάθος
2685 967 2746 1020 τὸ
2802 971 3004 1038 κτίσμα
3034 972 3274 1040 ἐποίησε.
3311 975 3373 1027 δι’
3397 974 3452 1032 οὗ
3479 982 3731 1056 ἐκϐαίνειὴ

2221 1057 2358 1127 πρὸς
2415 1058 2545 1109 Θεὸν
2595 1059 2885 1126 οἰκειότης,
2939 1063 3341 1118 ἀντεισελθόντα
3366 1068 3418 1120 δὲ
3448 1070 3510 1123 τὰ
3533 1075 3733 1136 ἐναντία,

2219 1147 2298 1207 εἰς
2331 1147 2420 1197 τὸν
2465 1148 2556 1199 τοῦ
2599 1147 2732 1202 Θεοῦ
2758 1150 2920 1202 τόπον
2947 1152 3449 1210 ἀντικαθίστανται·
3487 1161 3608 1215 ὥστε
3643 1169 3735 1229 τοῖς

2218 1237 2477 1299 τοιούτοις
2507 1239 2865 1294 θεοποιεῖσθαι
2895 1241 2961 1293 τὰ
2994 1242 3162 1312 πάθη.
3188 1245 3370 1309 Οὕτως
3394 1246 3481 1302 οὖν
3513 1257 3610 1313 τοῖς
3639 1256 3736 1307 λαι-

2221 1327 2489 1396 μαργοῦσι
2509 1329 2714 1396 γίνεται
2748 1329 2914 1400 θεὸςὴ
2939 1332 3132 1386 κοιλία.
3152 1334 3335 1399 Οὕτως
3354 1338 3663 1395 εἰδωλοποιοῦ
3673 1362 3738 1396 σιν

2216 1417 2426 1480 ἑαυτοῖς
2446 1419 2496 1468 σί
2526 1419 2844 1473 πλεονέκται
2877 1424 2974 1492 τὴν
3007 1423 3178 1476 νόσον.
3200 1424 3382 1488 Οὕτως
3409 1433 3455 1480 οἰ
3478 1429 3538 1481 δι’
3558 1433 3736 1502 ἀπάτης

2216 1505 2587 1569 σκοτισθέντες
2639 1508 2694 1558 ἐν
2731 1508 2807 1576 τῷ
2835 1510 2991 1562 αἰῶνι
3017 1513 3189 1583 τούτῳ
3213 1517 3323 1578 τοῖς
3355 1517 3628 1587 ὀφθαλμοῖς
3659 1521 3741 1588 τῆς

2213 1595 2411 1664 ψυχῆς,
2471 1595 2593 1648 θεὸν
2640 1599 2849 1662 ἑαυτοῖς
2895 1603 2993 1671 τὴν
3032 1604 3334 1668 κενοδοξίαν
3364 1609 3622 1678 ἐποίησαν.
3651 1613 3741 1664 Καὶ

2217 1685 2485 1738 συνελόντι
2535 1688 2760 1755 φράσαι,
2808 1683 2958 1761 ᾧπερ
2993 1694 3056 1746 ἄν
3087 1712 3168 1757 τις
3200 1697 3290 1748 τὸν
3313 1698 3502 1750 ἑαυτοῦ
3524 1701 3744 1771 λογισμδν

541 1787 734 1822 vanam
773 1770 1023 1839 gloriam.
1060 1770 1123 1822 Et
1161 1781 1217 1823 ut.
1254 1773 1422 1824 semel
1457 1772 1633 1825 dicam
1671 1789 1683 1823 ι
1725 1774 1812 1826 cui
1849 1774 1925 1827 rei
1961 1777 2115 1842 quis-

2219 1775 2536 1840 ὑποζεύξας,
2577 1778 2758 1830 δοῦλον
2806 1781 3004 1852 ποιήσῃ
3041 1785 3133 1836 καί
3173 1787 3495 1859 ὑποχείριον.
3527 1792 3666 1844 τοῦτο
3697 1796 3743 1845 ὲν

541 1862 684 1929 piam
726 1877 876 1914 suam
926 1860 1190 1914 rationem
1226 1861 1591 1928 subjunxerit,
1624 1871 1674 1916 et
1704 1865 1758 1917 in
1798 1867 2111 1918 servitutem

542 1953 816 2006 redactam
853 1954 1266 2022 mancipaverit.
1303 1969 1420 2006 eam
1453 1969 1553 2007 suo
1583 1955 1714 2008 vitio
1756 1955 1916 2010 deum
1951 1958 2112 2011 fecit:

541 2061 649 2097 non
693 2045 792 2097 boc
821 2044 1085 2108 facturus,
1126 2045 1226 2098 nisi
1262 2060 1356 2114 per
1384 2045 1740 2100 dilectionem
1777 2049 1976 2101 malum
2007 2049 2112 2103 sibi

541 2136 808 2190 familiare
837 2143 890 2187 et
922 2135 1327 2190 necessitudine
1351 2137 1704 2205 conjunetum
1729 2138 2017 2193 effecisset.
2057 2139 2112 2193 Si

2218 1867 2295 1936 τῷ
2344 1868 2455 1938 ἰδίῳ
2512 1869 2670 1921 πάθει
2703 1870 3044 1941 ἐθεοποίησεν
3069 1891 3080 1902 ·
3131 1878 3232 1929 οὐκ
3266 1880 3330 1930 ἂν
3380 1881 3531 1932 τοῦτο
3568 1882 3745 1942 παθὼν,

2209 1961 2256 2010 εἰ
2292 1958 2365 2028 μὴ
2405 1959 2489 2011 διὰ
2537 1962 2633 2030 τῆς
2674 1961 2894 2033 ἀγάπης
2925 1965 2984 2016 τὸ
3029 1969 3202 2020 κακον
3229 1969 3555 2039 ᾠκειώσατο.
3595 1971 3745 2026 Είοῦν

2211 2051 2522 2120 ὲνοήσαμεν
2547 2056 2642 2122 τῆς
2668 2072 2724 2106 τε
2759 2055 2939 2123 φιλίας
2987 2061 3078 2110 καὶ
3109 2059 3204 2112 τοῦ
3250 2063 3437 2130 μίσους
3465 2066 3558 2135 τὴν
3593 2067 3748 2117 εὐκαι-

2216 2142 2357 2208 ρίαν,
2388 2141 2448 2194 τὺ
2477 2144 2574 2212 μὲν
2597 2145 2986 2218 ἀγαπήσωμεν.
3019 2151 3080 2202 τὸ
3114 2151 3170 2202 δὲ
3209 2154 3616 2224 πολεμήσωμεν.

537 2239 666 2292 ergo
706 2225 908 2277 amoris
937 2233 990 2278 et
1027 2224 1135 2278 odii
1183 2227 1550 2281 intelleximus
1607 2230 2096 2297 opportunitatem.
2137 2233 2363 2285 alterum
2396 2235 2616 2302 quidem
2653 2237 2944 2306 dil'gamus
2972 2256 3117 2292 zeum
3155 2245 3331 2297 a‘tero
3399 2260 3522 2298 vero
3581 2243 3750 2296 bellum

537 2331 810 2384 geramus.

615 2424 633 2455 ι
678 2405 914 2472 Tempus
954 2413 1037 2457 est
1074 2404 1242 2467 enim,
1289 2423 1307 2455 ι
1347 2405 1542 2474 inquit,
1589 2423 1606 2454 ε
1634 2405 1785 2468 belli,
1813 2414 1867 2460 ct
1900 2413 2114 2474 tempus

543 2495 713 2562 pacis.
771 2513 788 2544 ι
839 2487 1003 2547 Vide‘s
1050 2494 1453 2548 contrariarum
1507 2493 1855 2548 affectionum
1907 2496 2113 2548 instru-

539 2594 681 2638 ctam
743 2586 938 2642 aciem.
995 2585 1164 2652 legem
1215 2585 1399 2639 carnis
1456 2595 1788 2654 pugnantem
1845 2584 2112 2639 adversus

543 2679 710 2746 legem
741 2677 960 2738 mentis,
995 2687 1047 2730 et
1083 2677 1447 2746 captivantem
1495 2677 1549 2728 in
1596 2677 1765 2744 legem
1805 2676 2011 2745 peccati
2044 2677 2111 2728 "'.

542 2767 776 2820 Attende
819 2767 1176 2835 niuttiplicem
1223 2775 1278 2820 et
1308 2769 1520 2832 varium
1549 2783 1741 2837 pugna-
1767 2775 2112 2837 apparatum,

537 2866 593 2910 et
642 2873 802 2927 quam
851 2858 1038 2910 multis
1079 2866 1243 2925 atque
1294 2857 1428 2911 adeo
1470 2857 1702 2913 infinitis
1745 2859 1922 2912 modis
1961 2873 2118 2911 exer-

540 2950 684 3003 citus
734 2946 1032 3002 adversarii
1109 2951 1295 3002 urbem
1383 2957 1530 3001 tuam
1589 2959 1902 3018 oppugnet;
1953 2949 2118 3002 mittit

540 3040 936 3104 exploratores,
981 3035 1243 3089 subornat
1283 3038 1612 3105 proditores,
1650 3039 1701 3091 in
1749 3040 1850 3093 viis
1885 3039 2118 3092 collocat

542 3129 797 3190 insidias,
846 3128 1104 3180 adsciscit
1155 3129 1278 3181 belli
1328 3129 1529 3186 socios.
1577 3139 1629 3181 et
1679 3137 1959 3197 comparat
1995 3144 2108 3181 ma-

541 3220 752 3275 chinas.
802 3232 895 3284 per
941 3232 1079 3282 quas
1125 3217 1368 3284 quatitur
1417 3232 1604 3269 murus
1654 3217 1878 3278 animm;
1933 3216 2115 3269 fundi-

544 3317 712 3361 tores.
769 3307 1108 3374 sagittarios,
1150 3315 1204 3359 ct
1256 3322 1352 3358 eos
1407 3308 1498 3374 qui
1549 3323 1744 3360 manus
1793 3315 2111 3367 conserunt,

541 3404 595 3448 ct
625 3395 812 3463 copias
833 3405 1142 3462 cqueSIres,
1175 3405 1227 3448 et
1263 3410 1603 3464 quaecunque
1619 3404 1747 3448 sunt
1779 3395 2112 3463 bnjusuiodi,

541 3501 604 3536 ea
667 3484 851 3536 omnia
913 3482 1178 3536 adversus
1218 3490 1269 3536 te
1321 3484 1371 3535 in
1425 3483 1543 3535 acie
1589 3481 1876 3534 dimicant.
1931 3481 2116 3550 Neque

543 3592 670 3629 vero
731 3576 971 3644 ignoras,
1031 3575 1156 3642 quis
1221 3575 1294 3627 sit
1338 3589 1534 3627 sensus
1580 3589 1766 3626 eorum
1824 3589 1944 3642 qua:
1971 3575 2114 3626 dicta

469 3669 471 3672 ’
542 3675 694 3728 sunt,
751 3667 876 3736 quis
931 3667 1002 3720 sit
1064 3666 1330 3734 proditor,
1368 3667 1493 3735 quis
1529 3667 1861 3734 speculator,
1893 3666 1983 3734 qui
2036 3665 2117 3718 in-

543 3759 856 3821 sidiatores,
882 3758 974 3826 qui
1010 3757 1337 3816 funditores.
1370 3759 1462 3826 qui
1494 3757 1785 3826 sagittarii,
1810 3767 1862 3811 et
1897 3757 1987 3824 qui
2026 3771 2113 3823 pu-

543 3858 710 3915 gnant
764 3849 1016 3902 cominus
1066 3862 1367 3914 manusque
1408 3858 1728 3906 conserunt.
1778 3858 1831 3901 et
1876 3861 1997 3916 quae
2047 3846 2117 3899 sit

545 3951 723 3992 turma
745 3940 1009 4004 equitum.
1032 3937 1109 3990 Ad
1134 3940 1320 3991 omnia
1340 3955 1469 4008 ergo
1499 3939 1827 4008 aspicientes
1858 3954 1958 3992 nos
1988 3954 2116 4006 quo-

544 4044 648 4092 que
682 4035 900 4095 oportet
946 4029 1172 4092 armari,
1223 4037 1277 4080 et
1324 4031 1505 4081 socios
1534 4028 1832 4089 adhortari,
1863 4034 1918 4080 et
1974 4027 2114 4079 inter

543 4133 637 4170 eos
669 4117 760 4183 qui
819 4123 946 4167 sunt
1006 4116 1164 4169 nobis
1212 4117 1440 4182 subjecti
1486 4115 1810 4184 dijudieare,
1861 4131 1990 4168 num
2038 4115 2118 4168 fa—

547 4217 707 4262 veant
759 4208 996 4261 hostium
1063 4208 1328 4276 partibus,
1369 4216 1424 4260 et
1480 4208 1791 4276 prospicere
1826 4224 1892 4262 ne
1927 4209 1979 4260 in
2030 4208 2115 4260 via

547 4303 673 4351 tiant
715 4300 950 4352 insidiae.
983 4306 1036 4352 et
1081 4299 1346 4351 adversus
1390 4298 1620 4352 telorum
1655 4299 1858 4367 jactus,
1912 4313 2116 4367 eosque

544 4392 634 4458 qui
682 4392 936 4443 «τυηιίιιιιε
982 4391 1265 4443 nobiscum
1309 4404 1506 4443 manus
1543 4399 1870 4455 conserunt,
1913 4390 2115 4460 clypeis

547 4499 645 4535 ms
703 4492 1005 4550 protegere.
1050 4490 1103 4533 et
1147 4480 1292 4534 fossa
1337 4480 1406 4534 ab
1455 4481 1603 4534 aditu
1659 4497 1844 4535 arcere
1879 4496 1974 4535 eos
2021 4483 2115 4550 qui

546 4572 599 4622 in
656 4587 755 4627 nos
809 4573 1180 4624 iunnittuntur
1213 4573 1444 4640 equites.
1478 4574 1746 4627 Convenit
1788 4583 1966 4626 autem
1999 4573 2118 4642 qui-

549 4661 770 4713 busdam
805 4665 965 4716 etiam
1015 4665 1440 4732 propugnaculis
1493 4665 1690 4719 moenia
1743 4666 2000 4726 munire,
2054 4680 2120 4718 ne

546 4753 930 4804 roncutiantur
982 4754 1270 4807 machinis.
1331 4753 1519 4824 Neque
1560 4772 1690 4809 vero
1741 4772 1879 4826 opus
1923 4765 2006 4810 est
2063 4765 2120 4808 ut

547 4841 726 4894 verbis
773 4843 989 4912 singula
1047 4845 1402 4911 explicemus,
1440 4863 1630 4915 nempe
1659 4847 2114 4915 quemadmodum

545 4933 799 4986 inimicus
847 4935 1281 5004 uniuscujusque
1326 4947 1528 4992 nostrae
1581 4940 1839 5000 civitatis.
1886 4956 2006 5008 qua:
2036 4948 2119 4994 est

543 5040 572 5076 a
630 5023 737 5076 lien
783 5023 1004 5076 condita
1065 5026 1116 5076 in
1165 5029 1381 5089 anima,
1446 5038 1539 5081 aut
1592 5045 1686 5097 per
1744 5031 2120 5098 exploratores

546 5125 855 5168 nostrarum
897 5115 1176 5184 copiarum
1219 5117 1346 5171 facit
1383 5122 1703 5189 perieulum,
1753 5132 1807 5176 et
1849 5139 2118 5191 quosnam

547 5206 795 5260 Iuberes
841 5209 1048 5260 nostris
1090 5209 1180 5276 qui
1223 5219 1468 5262 nostrum
1523 5213 1754 5279 prodant
1794 5212 2119 5266 everritum.

553 5297 618 5350 lt
667 5305 842 5350 autent
901 5314 1098 5354 sensus
1141 5301 1420 5370 aperiatur
1470 5303 1815 5367 manifestus,
1867 5306 1992 5356 talis
2025 5315 2113 5359 est

552 5389 757 5459 p.‘imus
789 5391 1109 5446 tentationis
1145 5392 1404 5456 insultus,
1441 5395 1584 5448 umle
1638 5397 1862 5463 capiunt
1895 5396 2112 5450 initium

544 5480 752 5534 vitiosa:
783 5479 1121 5536 aﬂeetiones.
1176 5481 1276 5537 ilic
1309 5494 1393 5538 est
1449 5486 1766 5554 explorator
1797 5492 2111 5538 nostrarum

615 5657 656 5682 “'
698 5653 848 5708 liam.
884 5671 983 5721 VII,
1029 5655 1121 5714 ‘23.

2291 2433 2308 2464 ι
2333 2415 2537 2488 Καιρὸς
2561 2413 2690 2484 γὰρ.
2707 2421 2860 2487 φησὶ,
2879 2420 3144 2486 πολέμου,
3174 2420 3270 2472 καὶ
3295 2427 3482 2495 καιρῆς
3503 2425 3720 2492 εἰρήνης.
3741 2443 3755 2470 ι

2227 2497 2388 2568 Ὁρᾷς
2411 2498 2519 2549 τῶν
2561 2500 2952 2571 ἀντικειμένων
2983 2503 3173 2556 παθῶν
3207 2506 3307 2575 τὴν
3341 2505 3651 2575 παράταξιν,
3682 2504 3762 2555 τὸν

2214 2589 2377 2659 νόμον
2425 2591 2524 2660 τῆς
2565 2591 2784 2662 σαρκὸς,
2815 2591 2908 2644 τὸν
2954 2595 3511 2665 ἀντιστρατευόμενον
3536 2594 3607 2664 τῷ
3631 2593 3759 2662 νόμῳ

2214 2681 2312 2750 τῆς
2361 2681 2653 2752 ἁμαρτίας.
2687 2681 2927 2750 Πρόσχες
2966 2685 3031 2752 τῇ
3061 2684 3289 2756 ποικίλῃ
3336 2684 3436 2754 τῆς
3471 2684 3638 2753 μάχης
3669 2684 3762 2734 δια-

2211 2774 2399 2842 σκευῇ,
2445 2772 2560 2834 πῶς
2593 2789 2657 2838 μ·.
2676 2771 2923 2842 ριότοπός
2953 2775 3068 2824 ἐσσι
3100 2775 3248 2826 κατὰ
3279 2775 3377 2844 τῆς
3408 2777 3503 2844 σῆς
3523 2775 3708 2836 πόλεως
3734 2775 3759 2841 η

2210 2863 2302 2914 τοῦ
2325 2863 2699 2931 ἀντικειμένου
2760 2863 3060 2932 στρατηγία
3085 2881 3097 2893 ⁸
3150 2867 3538 2928 κατασκόπους
3564 2865 3764 2934 πέμπει,

2214 2951 2477 3022 προδότας
2525 2951 2883 3010 ὑποποιεῖται,
2918 2953 3037 3013 ταῖς
3082 2953 3231 3016 ὁδοῖς
3280 2953 3580 3026 ἐνρεδρεύει,
3609 2953 3768 3021 λόχους

2216 3041 2307 3091 καὶ
2341 3041 2530 3110 ἕνεδρα
2576 3041 2874 3110 συνίστησι,
2925 3044 3254 3111 συμμάχους
3303 3042 3768 3114 προσεταιρίζεται,

2222 3130 2589 3198 μηχανήματα
2621 3129 3039 3193 κατασκευάζει,
3079 3133 3436 3198 σφενδονίτας
3459 3134 3549 3185 καὶ
3578 3132 3770 3194 τοξότας

2215 3220 2307 3270 καὶ
2365 3219 2489 3281 τοὺς
2535 3221 2806 3290 συστάδην
2845 3221 3363 3292 συμπλεκομένους,
3393 3225 3488 3277 καὶ
3521 3223 3612 3293 τὴν
3641 3225 3770 3273 ἱππι-

2215 3309 2316 3380 κὴν
2337 3309 2582 3378 δύναμιν,
2614 3312 2707 3363 καὶ
2736 3312 2910 3364 πάντα
2933 3312 3000 3364 τὰ
3027 3313 3264 3367 τοιαῦτα
3294 3317 3438 3369 κατά
3460 3316 3551 3367 σοῦ
3570 3316 3772 3383 ἐκστραο

2214 3401 2450 3452 τεύεται.
2484 3401 2708 3463 Πάντως
2732 3402 2787 3454 δὲ
2821 3403 2919 3455 οὐκ
2966 3404 3186 3470 ἀγνοεῖς
3220 3406 3323 3475 τὴν
3361 3407 3470 3458 τῶν
3503 3404 3775 3475 εἰρημένων

2215 3491 2473 3552 διάνοιαν,
2500 3493 2580 3554 τίς
2605 3495 2632 3545 ὁ
2664 3493 2948 3563 προδότης,
2985 3494 3066 3556 τίς
3099 3498 3129 3547 ὁ
3175 3497 3551 3559 κατάσκοπος.
3591 3494 3776 3556 τίνεςοὶ

2217 3583 2546 3653 ἐνεδρευταὶ,
2568 3585 2710 3648 τίνες
2725 3588 2771 3638 οἱ
2806 3587 3168 3654 σφενδονῖται.
3193 3589 3343 3650 τίνες
3377 3591 3427 3639 οἱ
3451 3589 3673 3651 τοξόται,
3700 3584 3777 3637 καὶ

2215 3675 2356 3737 τίνες
2379 3677 2428 3727 oi
2471 3676 2795 3746 ἀγχέμαχοι,
2838 3677 2929 3730 καὶ
2964 3677 3074 3730 τῶν
3103 3680 3333 3732 ἱππέων
3369 3681 3478 3749 ἴλη.
3508 3680 3679 3731 Πάντα
3703 3672 3779 3727 οὖν

2219 3766 2512 3836 βλέποντας
2563 3767 2666 3836 χρὴ
2715 3769 2808 3820 καὶ
2858 3769 3003 3838 ἡμᾶς
3035 3769 3498 3832 καθοπλίξεσθαι,
3544 3770 3634 3820 καὶ
3674 3767 3778 3826 τοὺς

2220 3857 2539 3926 συμμάχους
2567 3859 2918 3928 παρακαλεῖν,
2952 3860 3041 3911 καὶ
3067 3863 3420 3930 φιλοκρινεῖν
3449 3863 3506 3912 ἐν
3537 3862 3640 3920 τοῖς
3668 3848 3781 3908 ὕπο-

2217 3949 2474 4019 χειρίυις,
2515 3949 2584 4018 μή
2624 3965 2707 4012 τις
2747 3950 2814 4001 τὰ
2847 3949 2956 4000 τῶν
2999 3950 3291 4018 πολεμίων
3329 3952 3537 4021 φρονεῖ,
3580 3943 3780 4018 προϐλε-

2218 4057 2340 4090 πειν
2374 4056 2427 4090 τε
2453 4039 2550 4100 τὰς
2577 4039 2867 4108 παροδίους
2885 4039 3125 4109 ἐνέδρας,
3157 4045 3255 4093 καὶ
3285 4044 3501 4111 τυρεοῖς
3525 4041 3616 4102 τὰς
3647 4036 3784 4106 βολὰς

2217 4129 2631 4196 ἀσφαλίζεσθαι,
2676 4129 2810 4199 πρός
2839 4146 2894 4181 τε
2931 4130 3054 4191 τοὺς
3087 4131 3376 4200 συστάδην
3410 4133 3541 4201 ἡμῖν
3570 4124 3781 4195 συμπλεο

2221 4219 2486 4289 κομένους
2517 4219 2743 4278 ἄνωθεν,
2774 4219 2867 4272 καλ.
2892 4221 3313 4288 ἀποταφρεύειν
3351 4225 3468 4284 τοῖς
3512 4219 3625 4272 καθ’
3649 4214 3782 4285 ἡμῶν

2221 4310 2478 4372 ἱππόταις
2512 4310 2606 4380 τὴν
2643 4310 2893 4380 πάροδον.
2927 4312 3178 4380 ’Ἡρμοζε
3221 4312 3281 4363 δέ
3312 4329 3426 4363 τισι
3459 4312 3550 4362 καὶ
3575 4303 3777 4378 προσϐο-

2218 4405 2336 4466 λαῖς
2365 4403 2434 4456 τὰ
2467 4403 2616 4471 τείχη
2650 4401 3174 4469 κατασφαλίζεσθαι,
3219 4403 3303 4465 ὡς
3348 4404 3416 4456 ἂν
3453 4404 3526 4472 μὴ
3561 4412 3779 4452 κατασει-

2219 4495 2369 4564 σθείη
2413 4497 2525 4554 τοῖς
2571 4499 2942 4563 μηχανήμασι.
2978 4493 3207 4554 Πάντως
3260 4495 3319 4544 δὲ
3370 4494 3547 4546 οὐδενὶ
3574 4491 3698 4557 λόγῳ
3723 4483 3775 4534 τά

2218 4584 2338 4636 καθ’
2356 4583 2582 4635 ἕκαστον
2603 4581 3034 4652 ἑρμηνευόμεθα,
3056 4581 3178 4643 πῶς
3195 4584 3224 4634 ὁ
3241 4583 3443 4652 ἐχθρὸς
3463 4583 3559 4651 τῆς
3586 4580 3774 4632 ἑκάστου

2217 4671 2373 4741 ἡμῶν
2429 4672 2656 4733 πόλεως,
2686 4673 2781 4741 τῆς
2810 4673 2866 4722 ὲν
2892 4674 2955 4740 τῇ
3180 4673 3344 4741 παρὰ
3387 4673 3485 4724 τοῦ
3528 4670 3650 4722 Θεοῦ
3678 4679 3771 4716 συν·

2215 4763 2547 4833 ῳκισμένης,
2594 4763 2625 4832 ἦ
2671 4762 2758 4814 διὰ
2812 4763 3183 4815 κατασκόπων
3221 4765 3606 4835 ἁποπειρᾶται
3650 4753 3772 4827 ἡμῶν

2214 4853 2312 4922 τῆς
2366 4853 2665 4921 δυνάμεως,
2715 4852 2806 4904 καί
2888 4868 3034 4915 τινας
3088 4852 3210 4921 ἔχει
3274 4858 3406 4913 τοὺς
3437 4856 3494 4918 ἐξ
3527 4852 3667 4921 ἡμῶν
3703 4844 3776 4896 αὐτ

2215 4939 2322 4990 τῶν
2353 4938 2614 5007 προδότας
2649 4938 2967 5007 γινομένους
3015 4938 3112 5006 τῆς
3171 4942 3465 5014 ἡμετέρας
3517 4939 3777 5006 δυνάμεως.

2227 5030 2312 5091 Ὠς
2347 5029 2389 5080 δ’
2420 5029 2484 5081 ἂν
2510 5028 2884 5098 φανερώτερον
2909 5029 2968 5080 τὸ
3001 5029 3184 5100 νόημα
3209 5032 3608 5100 ὲκκαλυφθείη,
3637 5022 3782 5078 τοιοῦο

2216 5119 2306 5171 τόν
2333 5122 2478 5171 ἐστιν
2507 5117 2750 5188 ἡπρώτη
2780 5119 2873 5170 τοῦ
2909 5121 3232 5190 πειρασμοῦ
3274 5113 3707 5194 προσϐολὴ,’δθεν
3729 5113 3784 5164 τὰ

2220 5210 2366 5279 πάθη
2395 5209 2490 5279 τὴν
2512 5209 2683 5280 ἀρχὴν
2709 5209 2994 5278 λαμϐάνει.
3022 5206 3199 5275 Οὗτος
3226 5215 3336 5284 τῆς
3367 5214 3636 5284 ἡμετέρας
3655 5206 3786 5260 δυνά-

2225 5319 2366 5371 μεως
2387 5303 2724 5363 κατάσκοπος
2745 5300 2954 5368 γίνεται
2971 5319 2984 5332 ⁸
3014 5297 3146 5363 οἷον,
3178 5305 3419 5358 ἐνέπεσε
3451 5305 3528 5375 τῷ
3554 5294 3788 5373 ὀφθαλμῷ

2222 5393 2400 5462 θέαμα
2447 5392 2544 5461 τὴν
2596 5391 2891 5461 ἐπιθυμίαν
2941 5395 3306 5450 ἀνακαινίσαι
3349 5398 3659 5466 δυνάμενον.
3707 5389 3790 5440 Διά

2222 5480 2314 5536 οὖν
2347 5483 2533 5535 τούτου
2584 5486 2919 5534 κατασκοπεῖ
2951 5485 3048 5554 τὴν
3089 5486 3150 5535 ὲν
3189 5489 3278 5538 σοὶ
3324 5487 3558 5559 δύναμιν
3588 5487 3614 5536 ὁ
3656 5478 3785 5532 mli—
