3928 6196
241 259 333 320 Ἠἰὶ
1289 253 1353 307 IN
1385 250 1917 310 ECCLESIASTEN.
1959 250 2238 307 IIOMILIA
2284 252 2410 306 VIII.

3367 260 3471 317 7m

232 385 360 439 μιος,
391 369 503 423 εἴτε
538 368 734 443 ἰσχυρά
781 385 864 432 τις
893 367 987 421 καὶ
1023 367 1430 438 εύπαρασκευός
1471 366 1638 430 ἐστιν,
1691 366 1794 419 εἴτε

1905 363 2225 433 copiarum;
2278 373 2335 421 ut
2379 366 2610 437 exempli
2671 381 2858 433 causa,
2925 369 3116 425 incidit
3180 374 3466 430 oculorum

229 461 403 522 ἀτονος
441 461 537 514 καὶ
567 457 854 525 εὐάλωτος.
887 462 949 513 Εἰ
992 461 1100 531 γὰρ
1131 459 1231 512 οὑκ
1265 457 1518 522 ῶκλασας
1549 458 1626 529 τῷ
1663 460 1795 530 σχήο

228 566 372 621 ματι,
401 551 525 602 ούδέ
561 568 641 604 σοι
681 551 815 622 πρὸς
840 551 901 602 τὸ
934 549 1099 618 φανὲν
1130 547 1344 619 διελύθη
1371 551 1469 619 τῆς
1494 547 1731 612 διανοίας
1768 549 1796 601 6

222 642 389 707 τόνος,
421 643 538 694 ἀλλ’
572 642 797 714 ἀπαθῶς
829 639 1195 712 παρέπεμψας
1226 641 1324 710 τὴν
1371 640 1678 710 συντυχίαν,
1709 640 1796 693 εύ-

222 732 312 796 Θὺς
357 733 641 804 ἐπτόησας
680 733 772 784 τὸν
830 733 1194 796 κατάσκοπον,
1250 727 1360 785 οἷον
1404 731 1638 786 ὁπλιτῶν
1675 749 1794 786 τινα

226 823 477 893 ςάλαγγα
503 828 616 888 τοῖς
643 826 830 894 δόρασι
869 825 1226 894 φρίσσουσαν,
1252 824 1350 896 τὴν
1378 824 1488 878 τῶν
1519 824 1794 896 λογισμῶν

221 917 352 980 λέγω
382 917 739 990 παρασκευὴν
760 918 838 988 τῷ
868 917 1199 987 κατασκόπῳ
1221 916 1417 980 δείξας.
1449 917 1509 968 Εἰ
1538 916 1592 968 δὲ
1622 916 1792 986 μαλα-

221 1007 364 1078 χΘείη
417 1009 489 1060 δι’
516 1009 711 1078 ἡδονῆς
763 1009 900 1080 πρὸς
948 1009 1047 1078 τὴν
1084 1007 1212 1062 θέαν
1247 1008 1279 1078 ἡ
1309 1007 1580 1076 αἴσθησις,
1615 1008 1794 1060 καὶτὸ

218 1097 301 1150 τοῦ
334 1100 697 1169 χαρακτῆρος
737 1099 956 1151 εἴδωλον
987 1099 1136 1163 ὲντδς
1171 1099 1268 1168 τῆς
1301 1099 1537 1162 διανοίας
1562 1098 1649 1152 διὰ
1685 1099 1792 1151 τῶν

217 1189 510 1260 ὀφθαλμῶν
538 1191 752 1262 είσδύῃ,
783 1192 902 1244 τότε
930 1191 1388 1260 καταπολεμεῖται
1419 1192 1517 1261 μὲν
1554 1192 1581 1243 6
1627 1208 1791 1262 στρα-

214 1279 377 1347 τηγὸς
422 1278 531 1331 τῶν
567 1278 712 1331 ἔνδον
746 1281 773 1331 6
803 1278 947 1355 νοῦς,
982 1278 1056 1342 ὼς
1085 1281 1236 1332 οὐδὲν
1269 1269 1536 1350 ἀνδρῶδες
1568 1281 1600 1350 ἢ
1627 1298 1794 1333 νεανι-

215 1369 298 1420 κὸν
335 1367 502 1438 ἔχων,
546 1368 681 1421 ἀλλά
717 1367 1000 1438 βλακώδης
1044 1387 1128 1433 τις
1173 1369 1266 1422 καὶ
1297 1368 1518 1432 ἔκλυτος
1551 1367 1648 1432 ὢν,
1695 1370 1791 1422 καὶ

213 1460 417 1529 πλῆθος
450 1461 724 1530 προδοτῶν
767 1461 831 1512 ἐκ
860 1459 954 1513 τοῦ
985 1461 1158 1531 δήμου
1207 1463 1316 1514 τῶν
1348 1462 1623 1532 λογισμῶν
1667 1464 1793 1534 περὶ

212 1549 291 1601 τὸν
320 1551 682 1604 κατάσκοπον
716 1554 1119 1620 συγκροτεῖται.
1158 1547 1314 1606 Οὗτοι
1339 1551 1392 1604 δέ
1421 1553 1558 1605 εἰσιν
1585 1555 1631 1605 οί
1663 1570 1792 1621 προ-

211 1627 376 1706 δόται,
414 1644 548 1712 περὶ
576 1636 652 1697 ὧν
682 1660 846 1714 φησιν
874 1644 901 1695 6
932 1643 1154 1714 Κύριος,
1187 1645 1268 1697 ὅτι
1317 1663 1334 1695 ‹
1360 1645 1421 1698 Oi.
1470 1643 1654 1714 ἐχθροὶ
1697 1643 1789 1695 τού

1899 459 2272 528 spectaculum
2330 459 2474 530 quod
2535 474 2798 515 renovare
2854 459 3032 531 potest
3089 465 3462 534 cupiditatem.

1896 550 2000 606 Per
2031 552 2133 608 hoc
2155 569 2284 625 ergo
2329 554 2573 624 explorat
2636 555 2806 610 hostis
2841 572 2932 611 eas
2967 573 3087 626 quae
3142 558 3194 613 in
3247 567 3298 616 te
3341 571 3467 616 sunt

1898 641 2109 710 copias,
2139 643 2319 699 sintne
2357 643 2551 698 validae
2594 651 2646 698 et
2684 644 2822 698 bene
2857 645 3162 711 instructaz,
3195 662 3263 702 an
3297 650 3465 704 imbe-

1897 733 2036 787 cilla:
2075 742 2129 789 et
2183 743 2497 806 expugnatu
2548 734 2757 790 faciles.
2793 734 2848 788 Si
2887 735 3030 789 enim
3086 751 3193 790 non
3219 746 3271 792 te
3305 738 3468 809 fregit

1897 829 2083 898 ﬁgura?
2115 839 2390 898 aspectus,
2418 843 2515 882 nec
2544 834 2728 897 aperte
2756 827 2991 880 solutum
3047 825 3146 880 fuit
3174 829 3337 882 robur
3357 837 3466 884 tua?

1896 920 2264 992 cogitationis,
2298 919 2391 974 scd
2424 921 2562 973 citra
2601 920 2765 972 ullam
2800 919 2966 972 animi
3000 919 3463 988 perturbationem

1896 1010 2249 1084 transmisisti
2287 1010 2338 1062 id
2382 1009 2525 1078 quod
2575 1009 2672 1062 tibi
2719 1008 2985 1070 occurrit,
3041 1008 3464 1076 perterrel'ecisti

1896 1101 2146 1169 protinus
2182 1096 2600 1168 exploratorem,
2643 1099 2806 1152 veluti
2843 1097 3077 1169 quadam
3129 1106 3463 1150 armatorum

1896 1193 2162 1261 phalange
2225 1192 2399 1247 hastis
2453 1191 2744 1255 horrente,
2802 1192 3026 1260 paratis,
3089 1191 3352 1260 inquam,
3410 1199 3464 1245 et

1896 1275 2178 1336 instructis
2235 1282 2542 1336 rationibus
2581 1279 2822 1336 ostensis
2875 1281 3226 1350 exploratori.
3279 1282 3383 1336 Sed
3416 1282 3464 1335 si

1896 1356 1961 1420 ad
1998 1370 2369 1437 spectaculum
2404 1385 2499 1438 per
2533 1371 2862 1439 voluptatem
2895 1367 3172 1424 emollitus
3209 1369 3309 1423 fuit
3339 1371 3466 1424 scr;-

1897 1475 2012 1523 sus,
2041 1470 2096 1514 et
2130 1460 2312 1529 figura:
2353 1461 2710 1514 simulacrum
2748 1461 3132 1530 cogitationem
3166 1462 3333 1517 subiit
3371 1461 3466 1532 per

1896 1553 2107 1615 oculos,
2143 1561 2275 1606 tunc
2305 1562 2652 1622 expugnatur
2669 1551 2885 1622 quidem
2917 1569 3092 1616 mens,
3126 1569 3316 1608 eorum
3341 1570 3465 1625 qua:

1896 1633 2023 1698 Sunt
2056 1645 2202 1700 intus
2241 1641 2578 1715 impcratrix,
2611 1655 2672 1698 ut
2725 1661 2842 1715 qua:
2872 1646 3007 1699 nihil
3059 1646 3257 1700 habeat
3307 1649 3465 1701 virile

211 1732 504 1804 ἀνθρώπου
531 1736 578 1788 oi
605 1736 868 1788 οἰκειακο)⁵
897 1735 1060 1787 αὑτοῦ
1081 1751 1094 1766 ο
1129 1755 1146 1786 ›
1177 1737 1226 1788 οἱ
1258 1735 1356 1805 τῆς
1376 1733 1599 1806 καρδίας
1628 1737 1791 1788 ἐκπο-

1897 1744 1989 1789 aut
2020 1736 2282 1805 juvenile,
2344 1737 2436 1791 sed
2473 1737 2542 1791 sit
2577 1729 2884 1792 effeminata
2940 1745 2994 1790 et
3054 1737 3346 1802 dissoluta,
3409 1747 3464 1793 et

213 1825 520 1895 ρευόμενοι,
554 1826 648 1878 καὶ
681 1825 988 1888 κοινοῦντες
1017 1826 1106 1879 τὸν
1137 1825 1444 1896 ἄνθρωπον,
1476 1819 1549 1879 ῶν
1578 1825 1648 1877 τὰ
1676 1823 1792 1878 ὀνό-

212 1936 342 1986 ματα
383 1919 576 1986 σαφῶς
609 1919 752 1972 ἔστιν
791 1919 856 1972 ὲκ
883 1918 976 1971 τοῦ
1023 1918 1354 1987 Εὑαγγελίου
1392 1917 1602 1988 μαθεῖν.
1636 1917 1708 1970 Τὸ
1734 1917 1790 1970 δὲ

209 2009 304 2060 ἀπδ
337 2007 566 2070 τούτου,
599 2009 778 2080 οὒκ-ἐτι
809 2008 874 2061 ἄν
907 2026 986 2060 σοι
1017 2008 1238 2078 γενηται
1267 2007 1544 2078 δυσχερὲς,
1571 2005 1636 2058 δι’
1665 2006 1790 2058 ἁκο-

209 2095 398 2150 λούοου
432 2099 504 2151 τὲ
539 2098 660 2152 καθ’
692 2099 919 2151 ἕκαστον
949 2099 1047 2167 τῆς
1087 2097 1390 2167 πολεμικῆς
1431 2097 1646 2166 ἐκείνης
1671 2096 1788 2148 δια-

209 2192 411 2260 σκευῆς
452 2191 784 2260 κατανοῆσαι
820 2191 916 2260 τῆς
943 2191 1005 2242 ἐκ
1032 2188 1125 2242 τού
1164 2189 1402 2258 ἀρανοῦς
1442 2187 1792 2258 προλοχεύον-

210 2301 317 2345 τος,
356 2279 449 2346 οἷς
485 2284 907 2352 περιπίπτουσιν
951 2283 998 2335 οἱ
1031 2283 1355 2353 ἀπροόπτως
1400 2281 1537 2334 κατά
1570 2281 1666 2352 τὴν
1699 2281 1790 2334 τού

209 2375 314 2442 βίου
367 2374 496 2426 ὁδὸν
546 2376 918 2445 πορευόμενοι.
969 2375 1031 2427 Oi
1072 2373 1177 2446 γὰρ
1224 2375 1282 2427 ἐν
1328 2374 1566 2443 σχήματι
1612 2372 1792 2442 φιλίοις

208 2466 292 2518 καὶ
325 2465 556 2526 εὐνοίας
594 2465 728 2534 πρὸς
760 2465 851 2517 τὸν
894 2465 992 2534 τῆς
1023 2464 1296 2534 ἁμαρτίας
1339 2463 1556 2533 ὄλεθρον
1599 2463 1792 2516 καθέλ-

208 2571 401 2616 κοντες
432 2554 524 2606 τὸν
555 2553 894 2623 πειθόμενον.
925 2547 1071 2607 οὗτοί
1105 2556 1238 2606 εἰσιν
1261 2555 1308 2606 οἱ
1343 2552 1484 2606 κατά
1514 2553 1612 2616 τὰς
1641 2551 1794 2616 ὁδοὺς

207 2643 626 2715 ἐνεδρεύοντες,
661 2645 708 2696 οξ
752 2642 850 2714 τῆς
896 2644 1086 2712 ἡδονῆς
1115 2643 1432 2708 ἐπαινέται,
1468 2644 1515 2696 οί
1549 2642 1683 2713 πρὸς
1724 2641 1794 2696 τὰ

207 2736 418 2805 θέατρα
448 2734 938 2806 χειραγωγοῦντες.
978 2735 1025 2785 οἱ
1060 2733 1151 2786 τού
1193 2733 1362 2786 κακοῦ
1413 2733 1508 2803 τὴν
1541 2733 1793 2787 εὐκολίαν

205 2824 692 2886 ἀποδεικνύοντες,
735 2825 826 2875 καὶ
864 2822 929 2874 δι’
978 2815 1051 2874 ὧν
1105 2821 1315 2875 ποιοῦσι
1371 2823 1503 2892 πρὸς
1551 2823 1649 2893 τὴν
1687 2821 1796 2876 τῶν

205 2916 415 2983 ὁμοίων
473 2915 702 2985 μίμησιν
766 2914 1208 2984 ἐκκαλούμενοι,
1264 2909 1524 2983 ἀδελφοὺς
1573 2915 1795 2977 ἑαυτοὺς

205 3008 294 3059 καὶ
325 3007 529 3075 φίλους
567 3007 652 3057 ἐπ’
681 3005 886 3078 ὀλέθρῳ
923 3005 1030 3058 τῶν
1069 3004 1456 3074 ἀπολλυμένων
1501 3004 1796 3072 κατονομά-

1893 1841 2087 1896 magna
2122 1842 2316 1881 manus
2347 1827 2687 1897 proditorum
2719 1842 2783 1882 ex
2819 1830 3021 1898 populo
3061 1829 3458 1897 cogitationum

1892 1919 2107 1987 cogitur
2139 1909 2287 1972 circa
2321 1920 2745 1989 exploratorem.
2781 1918 2872 1973 Isti
2913 1930 3094 1973 autem
3128 1928 3256 1974 sunt
3280 1922 3462 1990 prodi-

1894 2018 2040 2064 tores
2073 2010 2137 2064 de
2174 2010 2374 2080 quibus
2407 2011 2542 2064 dicit
2575 2010 2839 2067 Dominus
2872 2030 2884 2064 :
2923 2029 2941 2062 ι
2977 2011 3184 2066 Inimici
3223 2012 3462 2068 hominis

1893 2097 2175 2156 domestici
2202 2102 2321 2168 ejus
2341 2101 2407 2165 ⁸⁸,
2439 2119 2455 2151 ι
2479 2101 2570 2171 qui
2598 2117 2663 2156 ex
2688 2101 2850 2156 corde
2873 2112 3090 2165 exeunt,
3115 2109 3166 2156 et
3185 2101 3460 2157 hominem

1894 2189 2189 2258 inquinant
2213 2190 2278 2254 ⁸ο,
2311 2203 2546 2259 quorum
2586 2190 2804 2242 nomina
2838 2188 3021 2256 aperte
3058 2188 3194 2242 disci
3234 2183 3464 2257 possunt

1893 2295 1959 2334 ex
1993 2281 2305 2351 Evangelia.
2343 2278 2481 2333 IIinc
2525 2279 2623 2334 tibi
2657 2275 2881 2332 minime
2924 2268 3088 2333 fuerit
3129 2275 3365 2343 diliicile,
3395 2276 3458 2333 ex

1894 2369 2254 2441 consequenti
2285 2371 2592 2441 intelligere
2649 2372 2863 2440 singula
2913 2386 3033 2441 quae
3091 2371 3362 2440 pertinent
3392 2370 3460 2425 ad

1897 2464 2150 2518 bellicum
2185 2464 2336 2518 illum
2367 2471 2711 2532 apparatum,
2751 2469 2803 2516 ct
2829 2463 2918 2532 qui
2978 2469 3104 2517 sunt
3137 2460 3170 2515 ii
3204 2463 3294 2532 qui
3323 2463 3460 2516 clam

1895 2546 2167 2607 collocant
2200 2551 2450 2616 insidias,
2482 2551 2572 2620 qui
2605 2551 2976 2604 incursionem
3013 2549 3221 2603 faciunt
3253 2552 3304 2603 in
3345 2556 3462 2614 ebs,

1895 2644 1986 2714 qui
2019 2659 2085 2698 ex
2113 2639 2413 2711 improviso
2449 2641 2503 2694 in
2533 2641 2673 2692 viam
2731 2641 2854 2693 vita:
2907 2640 3306 2709 ingrediuntur.
3357 2641 3461 2706 Qui

1897 2735 2041 2791 enim
2078 2741 2340 2804 praetextu
2372 2731 2624 2784 amicitia:
2657 2737 2709 2784 ct
2750 2730 3162 2794 benevolentim,
3216 2747 3340 2784 eum
3372 2732 3460 2786 eui

1899 2823 2259 2893 persuadetur
2291 2821 2574 2873 attrahunt
2611 2818 2675 2872 ad
2721 2817 2925 2885 peccati
2958 2816 3208 2879 exitium,
3244 2817 3280 2870 ii
3332 2817 3462 2870 sunt

1897 2914 1989 2984 qui
2026 2915 2078 2966 in
2113 2913 2198 2966 via
2231 2910 2582 2972 insidiantur,
2647 2907 2954 2963 laudatores
3002 2907 3318 2978 voluptatis,
3367 2909 3461 2977 qui

1898 3004 2179 3058 deducunt
2212 3002 2276 3056 ad
2307 3003 2540 3063 theatra,
2564 3000 2656 3070 qui
2685 3000 2808 3053 mali
2841 2998 3085 3054 indicant
3119 2999 3456 3061 facilitatem,

205 3097 422 3160 ζοντες.
444 3097 580 3169 Περὶ
601 3089 674 3148 ῶν
697 3085 1030 3166 γέγραπται,
1050 3097 1130 3148 ὅτι
1166 3115 1182 3146 ι
1210 3097 1322 3159 Πᾶς
1341 3096 1568 3166 ἀδελφὸς
1600 3097 1794 3170 πτέρνῃ

1903 3101 1957 3148 et
1985 3111 2077 3165 per
2101 3110 2161 3148 ea
2191 3109 2310 3164 qua:
2341 3093 2570 3159 faciunt,
2623 3101 2917 3162 provocant
2959 3092 3024 3145 ad
3079 3092 3458 3156 imitationem,

208 3190 505 3259 πτερνιείο
552 3189 645 3241 καὶ⁵
696 3191 802 3250 πᾶς
849 3189 1000 3257 φίλος
1043 3188 1178 3258 δόλῳ
1213 3187 1556 3258 πορεύσεται.
1594 3203 1611 3234 ι
1648 3191 1710 3242 Εἰ
1736 3190 1791 3243 δὲ

206 3284 554 3350 νενοήκαμεν
591 3280 686 3342 τὰς
723 3279 964 3350 ἐνέδρας,
1003 3280 1171 3348 σαφὲς
1210 3279 1276 3332 ἂν
1322 3281 1404 3350 εἴη
1451 3281 1544 3332 καὶ
1581 3280 1642 3332 τὸ
1689 3281 1796 3334 τῶν

208 3370 591 3441 σφενδονητῶν
606 3387 663 3423 τε
701 3370 795 3423 καὶ
835 3371 1065 3435 τοξοτῶν
1109 3370 1204 3424 καὶ
1239 3370 1568 3424 ἀκοντιστῶν
1611 3372 1797 3441 στίφος

203 3460 690 3531 διερευνήσασθαι,
709 3461 770 3512 Oi
805 3459 913 3530 γὰρ
935 3459 1188 3530 ὑϐρισταί
1211 3476 1270 3512 τε
1293 3446 1386 3512 καὶ
1413 3459 1676 3529 ουμὼδεις
1703 3460 1796 3513 καὶ

206 3551 444 3622 λοίδοροι
486 3551 563 3620 τῷ
600 3553 1001 3623 προκατάρχειν
1058 3551 1165 3602 τῶν
1199 3549 1427 3622 ὕϐρεων,
1472 3551 1591 3603 ἀντὶ
1629 3549 1795 3620 βελῶν

206 3645 236 3712 ἢ
265 3644 462 3706 λίθων,
495 3645 619 3706 τοὺς
667 3642 1093 3714 παροξυντικοὺς
1121 3635 1314 3708 λόγους
1352 3639 1792 3706 ἀποτοξεύοντες,

207 3735 300 3786 καὶ
334 3735 783 3802 σφενδονῶντες,
833 3734 924 3787 καὶ
967 3733 1338 3798 ἀκοντίζοντες
1358 3775 1372 3802 ,
1403 3733 1574 3804 μέσην
1604 3733 1796 3804 τιτρώ-

209 3843 410 3879 σκουσι
460 3826 559 3896 τὴν
613 3827 838 3897 καρδίαν
885 3819 990 3878 τῶν
1034 3825 1422 3894 ἀθωρακίστως
1464 3825 1558 3877 καὶ
1591 3825 1796 3893 ἀφυλά-

207 3933 353 3979 κτως
402 3915 766 3968 διοδευόντων.
799 3917 870 3968 Τὸ
910 3915 965 3967 δὲ
995 3914 1086 3968 τοῦ
1117 3914 1284 3982 τύφου
1323 3915 1416 3966 καὶ
1459 3914 1554 3984 τῆς
1589 3916 1795 3986 ύπερηο

209 4007 415 4074 φανίας
441 4008 630 4070 πάθος,
667 4011 747 4071 είς
779 4007 838 4060 τὸ
863 4008 1147 4078 γαυρίαμα
1179 4007 1286 4058 τῶν
1315 4008 1498 4059 ἵππων
1526 4024 1788 4076 μετενεγο

211 4099 407 4161 κόντες
477 4098 576 4151 οὐκ
637 4099 702 4152 ἂν
749 4099 1280 4170 ἁμάρτοιεν.”1πποι
1339 4099 1447 4169 γάρ
1502 4100 1606 4151 εἰσί
1655 4117 1797 4162 τινες

211 4189 455 4258 ἀτεχνῶς
493 4190 880 4259 ὑψαυχενισταὶ
912 4191 1004 4242 καὶ
1034 4189 1431 4260 ύψηλοκάρηνοι
1451 4229 1467 4250 ,
1492 4193 1599 4254 τοῖς
1629 4191 1797 4262 ὑπερ-

210 4282 399 4345 όγκοις
432 4282 523 4334 τοῦ
550 4283 719 4349 τύφου
751 4283 990 4352 ῥήμασιν
1037 4277 1148 4334 οἷόν
1185 4300 1326 4334 τισιν
1363 4282 1556 4346 ὁπλαῖς
1587 4282 1794 4346 κοίλαις

210 4373 337 4434 τοὺς
396 4373 652 4442 μετρίους
699 4372 1236 4442 κατακραδαίνοντες,
1283 4373 1416 4443 Περὶ
1450 4366 1525 4424 ὧν
1569 4375 1794 4444 φησινὴ

215 4462 432 4532 Γραφὴ,
464 4463 546 4515 ὅτι
585 4481 602 4512 ι
633 4462 723 4533 Μὴ
748 4463 946 4516 ὲλοέτω
973 4481 1060 4534 μοι
1091 4462 1224 4523 ποῦς
1257 4463 1688 4532 ὑπερηφανίας.»
1717 4465 1797 4518 Τὰ

211 4555 270 4606 δὲ
306 4557 685 4626 μηχανήματα
728 4555 794 4608 δι’
820 4549 895 4608 ὧν
938 4555 1122 4610 λύεται
1157 4555 1389 4627 ἁρμονία
1421 4555 1514 4608 τοῦ
1566 4555 1798 4626 τείχους,

216 4645 404 4706 καλῶς
427 4646 494 4699 ἄν
517 4663 601 4718 τιις
628 4644 726 4715 τὴν
750 4644 1183 4716 φιλοχρηματίαν
1212 4643 1617 4714 κατανοήσειεν.
1638 4646 1801 4699 Οὐδὲν

213 4735 326 4803 γὰρ
357 4734 529 4796 οὕτως
571 4735 687 4785 ἐστὶ
719 4733 856 4803 βαρὺ
886 4734 979 4785 καὶ
1011 4733 1341 4804 δυσάντητον
1369 4733 1426 4784 ἐν
1462 4736 1527 4803 τῇ
1560 4733 1668 4786 τῶν
1700 4751 1801 4787 πο-

215 4825 428 4894 λεμίων
478 4827 839 4894 παρασκευῇ,
893 4825 968 4888 ῶς
997 4823 1056 4876 τὸ
1095 4825 1194 4894 τῆς
1230 4825 1592 4895 φιλαργυρίας
1623 4827 1798 4897 μηχάο

213 4931 391 4982 νημα.
427 4914 543 4966 Κᾶν
581 4915 662 4966 ὅτι
719 4913 950 4981 μάλιστα
981 4913 1079 4976 τὰς
1126 4913 1289 4976 ἄλλας
1333 4916 1534 4986 ἀρετὰς
1571 4917 1661 4970 διὰ
1704 4919 1802 4988 τῆς

212 5005 543 5074 ἐναρμονίου
577 5003 876 5067 συνθέσεως
917 5009 1036 5068 ταῖς
1066 5005 1265 5075 ψυχαῖς
1310 5010 1796 5081 περιοικοδομηΘῶ-

213 5113 327 5158 σιν,
356 5097 506 5148 οὐδὲν
537 5093 698 5168 ἧττον
725 5095 820 5149 καὶ
845 5096 931 5148 διὰ
963 5096 1069 5148 τῶν
1098 5095 1354 5149 τοιούτων
1399 5098 1658 5160 πολλάκις
1691 5104 1802 5154 εἰσ-

211 5187 406 5237 δύεται
449 5184 505 5239 τὸ
551 5186 868 5256 μηχάνημα.
915 5185 1071 5238 Ἐστι
1103 5189 1210 5258 γὰρ
1262 5187 1390 5240 ἰδεῖν
1420 5190 1514 5242 καὶ
1557 5191 1645 5244 διὰ
1698 5210 1801 5244 σω-

217 5276 501 5346 φροσύνης
537 5276 636 5346 τὴν
670 5277 1104 5346 φιλοχρηματίαν
1147 5279 1557 5339 είσπίπτουσαν.
1587 5283 1678 5334 καὶ
1712 5284 1802 5336 πί-

217 5383 426 5427 σςεως.
457 5368 547 5419 καὶ
580 5369 894 5439 μυστηρίων
919 5367 1224 5438 ἀκριϐείας,
1262 5371 1586 5438 ἐγκρατείας
1617 5389 1676 5425 τε
1710 5375 1802 5426 καὶ

216 5456 740 5527 ταπεινοςροσύνης,
763 5457 852 5509 καὶ
874 5456 980 5507 τῶν
1015 5457 1269 5510 τοιούτων
1300 5459 1514 5511 πάντων
1547 5461 1694 5524 ἐντὸς
1725 5479 1801 5529 γι-

300 5633 349 5660 ιο
401 5629 579 5684 llatth.
620 5649 671 5695 x,
704 5631 793 5686 ao.
873 5633 918 5661 εο
962 5630 1150 5683 Matth.
1192 5649 1279 5695 xv,
1319 5632 1398 5685 Is.

514 5725 782 5784 Ρηιιοι..
828 5724 872 5782 (ἰ
887 5743 945 5782 n.
991 5725 1040 5781 Χ
1058 5724 1121 5781 Li
1137 5723 1206 5783 ιτ.

1478 5634 1515 5663 ⁸⁸
1559 5633 1671 5687 Jt‘l‘.
1729 5650 1799 5700 l\',
1854 5637 1894 5689 ἲ.

1899 3203 1957 3242 se
1983 3186 2182 3240 fratres
2234 3193 2288 3238 et
2338 3185 2544 3239 amicos
2625 3184 2992 3246 nominantes,
3043 3183 3108 3236 ad
3165 3184 3460 3253 pernicleni

1898 3292 2087 3331 eorum
2121 3276 2212 3346 qui
2255 3274 2549 3328 intereunt.
2588 3264 2662 3328 De
2707 3274 2904 3343 quibus
2944 3273 3205 3343 scriptum
3259 3279 3342 3328 est
3368 3274 3410 3306 "
3447 3294 3459 3328 :

1904 3366 2123 3425 «Omnis
2149 3365 2316 3419 frater
2369 3367 2634 3420 calcanco
2697 3365 3107 3435 supplantabit:
3173 3376 3225 3420 et
3284 3368 3464 3421 omnis

1897 3459 2107 3514 amicus
2157 3455 2210 3512 i'n
2259 3451 2385 3512 dolo
2442 3457 2824 3512 ambulabit»
2880 3457 2935 3509 Si
2998 3465 3180 3512 autem
3236 3458 3466 3514 insidias

1897 3548 2355 3613 intellexerimus,
2389 3550 2692 3618 poterimus
2725 3541 2911 3602 etiam‘
2938 3548 3179 3603 dilucide
3210 3566 3464 3616 perscru-

1897 3627 1999 3694 tari
2034 3649 2266 3693 turmam
2300 3639 2655 3702 funditorum,
2690 3637 3097 3706 sagittariorum
3161 3645 3213 3692 et
3254 3639 3466 3708 jacuia-

1897 3737 2098 3782 torum.
2142 3727 2244 3793 Qui
2273 3728 2415 3781 enim
2445 3734 2572 3781 sunt
2600 3726 2983 3780 contumeliosi
3022 3734 3074 3780 e't
3122 3727 3367 3781 iracundi
3411 3739 3466 3784 et

1897 3818 2168 3880 maledici,
2197 3833 2262 3870 eo
2288 3816 2430 3886 quod
2456 3817 2664 3884 priores
2699 3815 2976 3872 lacessunt
3009 3817 3227 3886 probris
3258 3832 3322 3873 ac
3351 3834 3465 3872 ma-

1897 3909 2136 3971 ledictis,
2168 3923 2266 3977 pro
2297 3909 2418 3962 telis
2453 3917 2548 3961 aut
2599 3907 2891 3976 lapidibus,
2916 3909 3078 3962 verba
3097 3924 3216 3978 quae
3248 3910 3466 3964 irritant

1899 4009 2159 4070 tanquam
2181 4016 2246 4053 ex
2271 4001 2484 4052 arcu'e‘t
2508 3998 2694 4061 funda,
2723 4009 2773 4053 et
2798 3999 3157 4069 instarjaculi
3175 4000 3465 4070 jacientes,

1899 4093 2137 4147 medium
2172 4107 2269 4145 cor
2299 4089 2548 4146 sauciant
2583 4105 2770 4145 eorum
2809 4092 2901 4161 qui
2932 4093 3138 4162 absque
3188 4095 3380 4157 lorica,
3413 4104 3468 4148 ct

1900 4186 2004 4240 sibi
2039 4201 2147 4238 non
2187 4182 2442 4239 caventes
2496 4190 2800 4238 transeunt.
2856 4184 3133 4254 Superbiae
3185 4195 3363 4241 autem
3412 4195 3469 4241 et

1900 4275 2207 4330 insolentia:
2230 4275 2421 4328 vitium
2443 4275 2534 4344 qui
2562 4274 2628 4329 ad
2656 4290 2919 4344 equorum
2945 4276 3326 4332 transtulerint
3355 4279 3466 4332 cla-

1906 4369 2131 4430 tionem,
2155 4362 2379 4420 minime
2406 4366 2800 4420 abcrraveriut.
2831 4365 2965 4420 Sunt
2987 4366 3132 4420 enim
3163 4367 3320 4436 plane
3340 4370 3464 4436 e'qu'i

1833 4445 2104 4514 Dcollum
2156 4450 2206 4512 et
2273 4470 2434 4528 caput
2497 4458 2548 4511 in
2631 4459 2799 4512 altum
2858 4459 3207 4523 attollentes,
3265 4458 3467 4513 inflatis
3518 4467 3530 4476 ’

1901 4551 2206 4604 insolentia:
2244 4552 2448 4614 verbis,
2480 4552 2644 4606 veluti
2704 4551 3030 4620 quibusdam
3083 4552 3324 4619 ungulis,
3373 4566 3468 4604 eos

1899 4642 1992 4711 qui
2050 4651 2176 4696 sunt
2230 4642 2496 4697 moderati
2569 4643 2868 4714 puiSantcs.
2937 4643 3009 4697 De
3068 4643 3272 4712 quibus
3332 4643 3467 4696 dicit

1902 4733 2219 4802 Scriptura:
2267 4752 2286 4784 ι
2339 4733 2460 4788 Νοη
2511 4737 2695 4789 veniat
2743 4735 2874 4788 mihi
2902 4751 2996 4806 pcs
3032 4735 3301 4804 superbize
3337 4737 3401 4788 δ’.
3445 4755 3463 4785 ι

1901 4823 2183 4879 Maehinas
2217 4833 2398 4880 autem
2429 4827 2631 4896 quibus
2675 4826 2906 4881 solvitur
2935 4826 3074 4878 muri
3119 4833 3474 4896 coagmenta»

1903 4916 2002 4975 tio,
2055 4917 2342 4969 avaritiam
2393 4924 2486 4969 aut
2539 4919 2785 4986 pecunia:
2812 4917 3167 4986 cupiditatem
3200 4919 3346 4970 recte
3373 4932 3472 4970 no-

1902 5007 2220 5060 minaveris.
2256 5003 2401 5060 Nihil
2433 5006 2677 5062 enimcst
2706 5015 2816 5060 tam
2849 5022 3011 5074 grave
3052 5009 3099 5059 el
3137 5006 3222 5060 cui
3270 5005 3471 5059 diffici-

1903 5099 2009 5152 lius
2039 5099 2254 5152 occurri
2279 5099 2455 5168 possit
2485 5099 2539 5153 in
2563 5106 2826 5170 apparati:
2859 5099 3124 5163 hostium,
3162 5103 3326 5168 qdam
3355 5114 3470 5150 ma-

1901 5190 2062 5243 china
2098 5191 2362 5245 avaritiae.
2396 5191 2529 5246 Nam
2557 5193 2770 5247 etiamsi
2808 5192 2926 5246 alia:
2957 5193 3186 5246 virtutes
3218 5207 3312 5260 per
3341 5206 3472 5245 con-

1899 5281 2118 5333 cinnam
2153 5281 2680 5358 coagmentationcm
2719 5281 2826 5333 sint
2864 5279 3140 5334 aedificata:
3180 5279 3233 5332 in
3279 5292 3465 5332 eorum

1901 5369 2120 5433 animis,
2159 5371 2519 5424 nihilominus
2549 5371 2712 5424 etiam
2751 5386 2844 5438 per
2868 5385 2962 5425 eas
2995 5385 3138 5440 stepe
3167 5370 3333 5422 intrat
3359 5381 3472 5421 ma-

1898 5463 2081 5526 china.
2123 5463 2318 5516 \'idere
2357 5466 2500 5515 enim
2553 5464 2674 5515 Iit'Ci
2710 5467 2869 5514 etiam
2922 5477 3018 5530 per
3059 5459 3466 5528 temperantiam

1975 5638 2015 5667 ⁸²
2061 5637 2200 5690 I‘sai.
2238 5654 2396 5700 xxxv,
2423 5638 2502 5690 I3.

3032 5731 3104 5783 ειη
