3928 6196
476 267 579 324 7-57

1758 263 1813 316 s.
1855 250 2180 318 GREGORH
2221 253 2509 318 NYSSENI

3575 273 3656 328 7H

479 391 690 442 irruere
729 381 1040 447 avaritiam,
1089 388 1142 436 et
1186 396 1281 452 per
1339 380 1523 444 ﬁdem,
1559 390 1609 434 et
1659 379 2048 452 mysteriorum

2157 379 2386 450 νομένην
2417 382 2513 452 τὴν
2559 379 2779 450 βαρεῖαν
2821 381 3020 449 ταύτην
3067 380 3159 433 καὶ
3184 380 3377 451 ἄμαχον
3404 383 3485 436 τοῦ
3519 390 3659 442 κακοῦ

478 488 790 533 accuratam
831 485 884 531 et
919 475 1235 545 diligentem
1291 473 1725 545 perceptionem,
1761 473 2052 527 continen-

479 574 721 641 tiamque
770 578 821 625 et
861 568 1249 631 humilitatem,
1287 575 1340 622 et
1375 582 1718 637 quazeunque
1749 567 2052 637 suntejus-

477 660 647 722 modi,
671 659 814 712 intro
838 657 1140 727 irrumpere
1171 655 1276 709 hoc
1306 656 1507 710 malum
1542 671 1708 726 grave
1731 664 1785 710 et
1818 657 2053 725 inexpu-

476 753 712 821 gnabile.
767 750 884 816 Quo
928 749 1019 812 ﬁt,
1068 755 1130 802 ut
1182 748 1434 802 nonnulli
1474 749 1820 804 continentes
1853 755 1906 803 et
1939 762 2054 800 mo-

479 846 615 897 desti
670 851 723 896 et
769 841 872 895 ﬁde
932 839 1210 904 ardentes,
1272 839 1629 909 moribusque
1668 839 1963 910 compositi
1999 847 2053 894 et

479 930 767 996 moderati,
804 930 936 984 huic
974 929 1074 983 soli
1112 928 1304 983 morbo
1343 941 1452 983 non
1509 929 1722 999 possint
1769 930 2049 983 resistere.

479 1024 534 1076 Si
581 1037 710 1092 ergo
775 1022 1051 1076 intellecta
1103 1027 1187 1074 est
1228 1034 1257 1072 a
1296 1020 1459 1074 nobis
1509 1027 1730 1073 caterva
1786 1019 2050 1081 hostium,

479 1122 695 1181 tempus
721 1111 825 1166 erit
868 1110 1250 1182 belligerandi.
1305 1109 1476 1165 Nemo
1506 1117 1687 1164 autem
1718 1110 1958 1164 conﬁdat
1994 1125 2053 1165 se

479 1206 718 1259 hostium
785 1205 955 1259 aciem
1017 1218 1178 1273 posse
1230 1202 1422 1273 fugare
1464 1211 1517 1259 et
1565 1203 1898 1274 proﬂigare,
1944 1202 2051 1256 nisi

477 1291 722 1363 Apostoli
770 1302 1106 1346 armaturam
1126 1293 1170 1324 ⁵³
1200 1294 1515 1364 arripuerit.
1573 1291 1812 1348 Omnino
1868 1299 2050 1346 autem

479 1397 638 1435 nemo
669 1383 882 1452 ignorat
904 1382 1216 1451 cujusmodi
1243 1384 1352 1436 sint
1383 1397 1535 1437 arma
1563 1383 1681 1446 illa,
1707 1399 1803 1452 per
1823 1397 1942 1452 qua}
1971 1380 2054 1436 ef-

480 1473 592 1524 ﬁcit
639 1479 694 1524 ut
737 1471 985 1526 adversis
1045 1472 1168 1525 telis
1201 1473 1428 1527 minime
1451 1472 1923 1538 sitvulnerabilis,
1959 1471 2051 1541 qui

481 1563 717 1616 hostium
742 1563 948 1616 resistit
978 1563 1257 1633 phalangi.
1292 1562 1426 1617 Nam
1456 1578 1581 1618 cum
1620 1565 1915 1633 Apostolus
1944 1563 2054 1617 vir-

477 1658 622 1705 tutes
673 1651 948 1705 divisisset
999 1653 1051 1704 in
1104 1667 1340 1723 genera,
1393 1654 1826 1724 unumquodque
1880 1668 2053 1725 genus

479 1743 699 1799 virtutis
731 1743 949 1814 propria
969 1759 1119 1798 arma
1143 1744 1342 1809 eﬂ‘ecit,
1379 1746 1682 1816 unicuique
1713 1761 1903 1802 eorum
1933 1761 2055 1816 qua:

479 1837 534 1890 in
593 1837 749 1892 nobis
794 1845 921 1892 sunt
972 1845 1282 1914 Opportuna
1316 1845 1369 1891 et
1416 1837 1715 1906 praecipua.
1748 1837 1882 1892 Cum
1909 1838 2053 1892 enim

482 1946 602 1984 cum
645 1929 748 1984 ﬁde
798 1930 1190 1984 connexuisset
1237 1937 1290 1984 ct
1334 1931 1711 1985 contexuisset
1754 1928 2050 2000 justitiam,

482 2040 576 2093 per
617 2039 679 2076 ea
727 2033 940 2076 armato
979 2023 1157 2076 munit
1202 2023 1505 2087 thoracem,
1558 2032 1707 2077 recte
1737 2029 1790 2078 et
1815 2029 1930 2076 tute
1957 2036 2055 2091 per

482 2127 774 2183 utrumque
807 2115 997 2168 militis
1022 2122 1211 2184 pectus
1243 2114 1519 2169 muniens.
1556 2111 1676 2168 Non
1705 2121 1886 2184 potest
1907 2113 2051 2168 enim

482 2205 618 2269 ﬁeri,
654 2214 710 2258 ut
736 2205 968 2258 alterum
1002 2204 1070 2258 ab
1101 2205 1275 2258 altero
1311 2204 1680 2273 disjunctum,
1727 2221 1794 2260 ex
1831 2222 1890 2261 se
1935 2213 2053 2259 tuta

480 2299 719 2368 praebeat
751 2311 902 2350 arma
935 2297 984 2350 ei
1010 2296 1103 2366 qui
1142 2295 1258 2365 ipsa
1288 2303 1506 2350 tractat.
1549 2295 1736 2366 Neque
1791 2297 1941 2352 enim
1994 2297 2054 2349 ﬁ-

481 2392 577 2444 des
613 2389 821 2458 absque
852 2387 1111 2457 operibus
1134 2387 1361 2457 justitia:
1380 2387 1681 2467 sufﬁcit‘ad
1700 2388 2050 2443 servandum.

482 2479 665 2550 Neque
704 2493 900 2532 rursus
928 2477 1052 2531 vita:
1089 2476 1300 2546 justitia
1338 2492 1436 2546 per
1467 2492 1525 2531 se
1563 2484 1678 2529 tuta
1706 2484 1788 2532 est
1817 2477 1882 2532 ad
1908 2478 2054 2532 salu-

481 2580 614 2635 tem,
677 2568 723 2624 si
780 2569 1030 2637 sejuncta
1102 2568 1173 2621 sit
1228 2567 1382 2622 ﬁdes.
1431 2567 1494 2620 Et
1544 2567 1668 2622 ideo
1726 2584 1850 2623 cum
1885 2568 2053 2622 veluti

479 2661 772 2731 quamdam
803 2657 1087 2712 materiam
1137 2658 1294 2713 ﬁdem
1341 2669 1393 2712 et
1436 2659 1705 2728 justitiam
1753 2659 1840 2713 his
1885 2659 2056 2714 armis

483 2751 872 2814 eontexuisset,
909 2749 1103 2802 armati
1152 2750 1343 2803 militis
1396 2751 1572 2803 munit
1625 2749 1944 2818 przecordia.
1999 2747 2052 2802 In

485 2851 704 2914 pectore
755 2843 900 2898 enim
951 2856 1047 2895 eor
1097 2840 1444 2910 intelligitur.
1495 2839 1678 2895 Fortis
1726 2849 1906 2893 autem
1953 2840 2053 2893 viri

481 2945 646 3006 caput
679 2951 779 3006 spe
819 2935 1015 2998 munit,
1053 2933 1372 3003 signiﬁcans
1416 2933 1558 3002 quod
1609 2932 1868 2986 convenit
1912 2932 2055 2985 bono

2084 1707 2127 1764 Β

2159 467 2658 540 προσϐολήν.”Οθεν
2705 468 2850 531 τινὲς
2879 469 3166 538 ἐγκρατεῖς
3201 483 3257 520 τε
3295 471 3381 522 καὶ
3413 470 3662 542 σώφρονες,

2156 562 2250 614 καὶ
2282 578 2347 613 πε
2358 562 2410 632 ρὶ
2438 560 2535 632 τὴν
2559 561 2740 613 πίστιν
2759 560 3042 630 διάπυροι,
3070 558 3164 612 καὶ
3185 561 3570 630 κατεσταλμένοι
3591 563 3664 616 τὸν

2154 653 2376 726 τρόπον,
2406 654 2500 707 κοιλ⁸
2519 652 2608 708 διὰ
2637 653 2744 707 τῶν
2759 651 2906 721 ὴθῶν
2935 650 3330 722 μετριάζοντες,
3355 651 3477 721 πρὸς
3499 652 3668 722 ταύτην

2157 748 2318 818 μόνον
2365 748 2633 816 ἀντισχεῖν
2678 745 2778 815 τὴν
2811 746 2964 799 νόσον
3004 743 3365 798 ἀδυνατοῦσιν.
3403 746 3460 798 Εἰ
3489 741 3569 798 οὖν
3601 762 3672 797 νε-
3741 760 3746 764 ·

2157 839 2342 909 νόηται
2373 841 2505 910 ἡμῖν
2536 837 2642 890 τῶν
2666 835 2936 907 πολεμίων
2964 835 3025 889 τὸ
3059 839 3242 904 στῖφος
3260 875 3274 900 ,
3304 836 3480 906 καιρὸς
3516 836 3572 889 ἂν
3600 837 3670 907 εἴη

2152 931 2247 984 τοῦ
2275 930 2550 1000 πολεμεῖν.
2588 927 2701 980 Οὐκ
2732 927 2797 981 ἂν
2819 927 2877 980 δέ
2913 943 2996 990 τις
3027 925 3314 998 θαρῤήσειε
3340 925 3432 996 τὴν
3460 927 3674 980 ἐναντίαν

2155 1019 2475 1092 παράταξιν
2511 1018 2900 1092 τροπὼσασθαι
2927 1058 2940 1082 ,
2994 1018 3066 1088 μὴ
3126 1017 3223 1086 τῆς
3275 1018 3552 1081 πανοπλίας
3597 1017 3676 1071 τοῦ

2166 1111 2489 1166 Ἀποστόλου
2532 1109 2890 1182 δραξάμενος.
2938 1111 3161 1172 Πάντως
3220 1108 3275 1160 δὲ
3321 1105 3484 1169 οὐδεὶς
3523 1109 3680 1174 ἀγνοεῖ

2153 1203 2244 1257 τὸν
2270 1203 2466 1274 τρόπον
2495 1205 2593 1274 τῆς
2625 1202 2775 1264 θείας
2799 1199 3012 1270 ἐκείνης
3039 1199 3320 1262 ὁπλίσεως,
3352 1199 3414 1251 δι’
3440 1195 3502 1269 ἧς
3531 1200 3681 1269 ἀτρω-

2154 1313 2244 1350 τον
2271 1297 2414 1348 ποιεῖ
2439 1296 2551 1358 τοῖς
2579 1293 2839 1357 ἐναντίοις
2869 1291 3046 1362 βέλεσι
3075 1291 3166 1344 τὸν
3188 1290 3320 1362 πρὸς
3344 1289 3438 1360 τὴν
3461 1289 3681 1359 φάλαγγα

2152 1384 2261 1439 τῶν
2295 1383 2568 1453 πολεμίων
2613 1381 2919 1452 ἱστάμενον.
2963 1379 3162 1434 Διελὼν
3193 1382 3298 1449 γὰρ
3341 1381 3415 1441 εἰς
3457 1378 3562 1446 εἴδη
3598 1379 3682 1439 τὰς

2154 1475 2353 1545 ἀρετὰς
2400 1475 2428 1527 ὁ
2472 1472 2808 1536 Ἀπόστολος,
2863 1471 2992 1525 ἴδιον
3039 1470 3201 1522 ὅπλον
3242 1469 3452 1537 ἑκάστῳ
3503 1467 3599 1519 τῶν
3635 1468 3685 1518 ὲν

2155 1568 2287 1636 ἡμῖν
2328 1564 2559 1635 καιρίων
2605 1563 2834 1616 ἕκαστον
2873 1561 3073 1633 ἀρετῆς
3114 1557 3249 1624 εἶδος
3284 1559 3574 1629 πεποίηται.
3617 1557 3685 1626 Τῇ

2157 1659 2335 1712 πίστει
2369 1656 2478 1728 γὰρ
2502 1656 2600 1726 τὴν
2627 1653 2971 1725 δικαιοσύνην
3010 1651 3326 1724 συμπλέξας
3357 1652 3447 1705 καὶ
3480 1648 3690 1718 συνυφά-

2157 1767 2272 1813 νας,
2307 1749 2394 1802 διὰ
2438 1748 2643 1802 τούτων
2685 1744 3086 1809 κατασκευάζει
3117 1743 3195 1815 τῷ
3244 1742 3433 1814 ὁπλίτῃ
3470 1742 3556 1794 τὸν
3596 1738 3688 1792 0di-

2157 1858 2320 1912 ρακα,
2352 1841 2531 1904 καλῶς
2551 1840 2645 1893 καὶ
2665 1837 2918 1907 ἀσφαλῶς
2941 1837 3008 1889 δι’
3037 1835 3365 1906 ἀμφοτέρων
3398 1830 3694 1902 θωρακίζων

2154 1933 2242 1985 τὸν
2293 1913 2648 2003 στρατιώτην.
2693 1932 2768 1984 Οὐ
2807 1930 2914 2002 γὰρ
2954 1928 3119 1989 ἐστιν,
3152 1927 3340 1997 ἕτερον
3389 1924 3480 1978 τοῦ
3523 1923 3692 1993 ἑτέρου

2153 2022 2548 2094 διεζευγμένον,
2582 2021 2819 2091 ἀσφαλὲς
2845 2019 3004 2073 ὅπλον
3033 2019 3118 2088 ἐφ’
3141 2016 3337 2071 ἑαυτοῦ
3365 2015 3440 2086 τῷ
3476 2030 3698 2085 μεταχει-

2159 2113 2426 2185 ριζομένῳ
2475 2113 2748 2182 γενέσθαι.
2795 2110 2930 2164 Οὖτε
2979 2110 3087 2181 γὰρ
3121 2111 3156 2180 ἡ
3188 2109 3370 2170 πίστις
3416 2106 3575 2176 χωρὶς
3605 2101 3698 2155 τῶν

2155 2207 2330 2276 ἔργων
2356 2206 2456 2275 τῆς
2485 2205 2830 2274 δικαιοσύνης
2856 2201 3013 2273 ἱκανὴ
3043 2198 3453 2272 περισῶσασθαι
3474 2215 3488 2228 ο
3521 2195 3618 2249 οὐδ’
3642 2188 3699 2245 αὖ

2156 2299 2316 2352 πάλιν
2344 2301 2376 2369 ή
2405 2297 2497 2351 τοῦ
2528 2298 2644 2368 βίου
2692 2295 3006 2364 δικαιοσύνη
3046 2292 3300 2362 ἀσφαλής
3327 2293 3469 2343 ἐστιν
3500 2289 3574 2350 εἰς
3613 2303 3700 2338 σω·

2154 2388 2349 2461 τηρίαν
2377 2387 2499 2441 καθ’
2529 2387 2748 2457 ἑαυτὴν,
2795 2383 3186 2454 διεζευγμένης
3219 2381 3319 2451 τῆς
3343 2378 3583 2439 πίστεως.
3621 2371 3704 2426 Διὰ

2154 2479 2308 2533 τοῦτο
2337 2479 2586 2549 καθάπερ
2615 2477 2746 2541 ὔλας
2767 2475 2916 2539 τινάς
2935 2474 3011 2546 τῷ
3036 2474 3189 2544 ὅπλῳ
3218 2472 3392 2540 τούτῳ
3418 2469 3512 2539 τὴν
3545 2466 3702 2518 πίστιν

2155 2571 2248 2624 καὶ
2277 2571 2372 2640 τὴν
2401 2568 2746 2638 δικαιοσύνην
2784 2567 3117 2638 συμπλέξας,
3151 2555 3591 2634 τδ’περικάρδιον
3622 2551 3705 2608 τοῦ

2154 2661 2372 2713 ὁπλίτου
2398 2661 2878 2727 κατασφαλίζεται.
2925 2659 3012 2710 Ἐν
3041 2657 3154 2727 γὰρ
3179 2657 3257 2727 τῷ
3285 2654 3510 2723 θώρακι,
3535 2652 3564 2720 ἡ
3589 2663 3706 2714 καρε

2156 2753 2242 2804 δία
2277 2755 2497 2805 νοεῖται.
2531 2752 2640 2822 Τὴν
2671 2752 2726 2804 δὲ
2763 2751 3003 2820 κεφαλὴν
3032 2749 3128 2802 τοῦ
3159 2746 3426 2820 ἀριστέως
3455 2746 3518 2812 τῇ
3555 2736 3708 2800 ἑλπίδι

2158 2843 2646 2912 κατασφαλίζεται,
2684 2842 2964 2912 σημαίνων
3004 2841 3083 2892 ὅτι
3143 2839 3416 2909 προσήκει
3460 2832 3534 2901 τῷ
3575 2826 3707 2893 καλῷ

2161 2938 2485 3009 στρατιώτῃ,
2520 2937 2618 3006 τὴν
2642 2933 2826 2987 ἐλπίδα
2854 2933 2960 2986 τῶν
2993 2927 3240 3001 ὑψηλῶν,
3269 2924 3380 2981 οἷόν
3400 2942 3516 2978 τινα
3542 2919 3709 2986 λοςίαν

484 3026 638 3080 militi
686 3025 1000 3080 sublimium
1052 3037 1233 3075 rerum
1295 3037 1481 3088 Spem,
1534 3022 1699 3074 veluti
1757 3022 2044 3090 quamdam

2161 3032 2237 3092 εἰς
2284 3028 2343 3081 τὸ
2392 3029 2501 3081 ἄνω
2547 3027 2708 3096 ἔχειν.
2771 3025 2827 3078 ’0
2878 3023 2935 3077 δὲ
2979 3021 3175 3092 θυρεός
3229 3020 3291 3072 τὸ
3340 3013 3712 3080 σκεπαστήριον

483 3117 728 3180 cristam,
772 3115 972 3168 habere
1023 3127 1278 3181 superne.
1325 3111 1560 3180 Clypeus
1607 3123 1788 3165 autem
1829 3112 1919 3180 qui
1969 3119 2054 3165 est

485 3223 633 3260 arma
669 3207 870 3276 quibus
906 3205 1160 3272 tegimur,
1191 3214 1277 3257 est
1315 3204 1446 3259 ﬁdes
1477 3221 1598 3273 (una:
1631 3205 1803 3274 frangi
1826 3221 1934 3259 non
1959 3220 2053 3274 po-

483 3307 612 3357 test.
645 3301 808 3366 quam
835 3296 1149 3349 aculeorum
1175 3296 1361 3364 cuspis
1388 3311 1495 3349 non
1525 3304 1703 3366 potest
1734 3296 2050 3366 pervadere.

485 3388 720 3442 Aculeos
742 3399 923 3441 autem
945 3388 1036 3455 qui
1060 3387 1430 3441 immittuntur
1447 3388 1514 3442 ab
1531 3388 1802 3453 hostibus,
1828 3390 2054 3444 omnino

485 3476 846 3544 intelligimus
881 3477 1062 3529 varios
1091 3477 1350 3532 vitiorum
1386 3487 1439 3532 et
1468 3479 1634 3532 animi
1681 3480 2056 3550 perturbatio-

484 3583 611 3619 num
647 3567 904 3636 impetus.
931 3566 1206 3620 Salutaria
1238 3576 1418 3623 autern
1443 3584 1595 3623 arma
1633 3586 1754 3646 qua:
1799 3571 2055 3626 ruuniunt

482 3664 748 3720 adversus
775 3665 962 3719 hostes
985 3664 1260 3743 dexteram
1288 3680 1498 3728 eorum,
1519 3665 1613 3736 qui
1643 3649 1700 3719 se
1732 3663 1942 3717 fortiter
1967 3677 2056 3733 ge-

481 3763 629 3820 runt,
658 3765 739 3810 est
764 3765 990 3812 sanctus
1025 3754 1284 3825 Spiritus,
1313 3756 1406 3826 qui
1432 3763 1515 3809 est
1547 3754 1810 3808 terribilis
1837 3751 2055 3822 quidem

482 3846 614 3900 sisit
643 3845 1264 3912 contrarius,salutaris
1287 3853 1466 3900 autem
1495 3845 1536 3900 si
1574 3853 1906 3900 assumatur.
1928 3840 2057 3896 Om-

485 3930 569 3984 nis
604 3940 787 3986 autem
809 3933 1060 3987 doctrina
1090 3933 1414 4003 Evangelica
1445 3935 1681 4003 pedibus
1701 3935 1855 3990 ati‘ert
1889 3952 2052 3991 secu-

481 4021 718 4088 ritatem,
781 4021 914 4078 adeo
967 4033 1024 4077 ut
1074 4025 1220 4078 nulla
1275 4041 1401 4094 pars
1437 4027 1684 4094 corporis
1742 4028 2054 4083 inveniatur

483 4113 625 4166 nuda
667 4122 718 4168 et
758 4124 883 4185 apta
918 4117 983 4171 ad
1020 4118 1160 4172 ictus
1190 4119 1565 4187 accipiendos.

558 4206 610 4260 Si
644 4207 808 4278 igitur
841 4208 1134 4265 didicimus
1165 4225 1287 4263 eum
1334 4211 1535 4280 quibus
1590 4212 1662 4265 sit
1719 4212 2050 4276 bellandum,

482 4311 642 4372 atque
680 4301 752 4354 ita
784 4316 960 4372 pugna
991 4301 1348 4372 capessenda,
1378 4303 1547 4358 altera
1579 4318 1795 4374 quoque
1821 4320 1946 4374 pars
1969 4314 2053 4361 est

479 4391 742 4448 discenda
764 4434 778 4459 ,
805 4407 997 4463 nempe
1037 4407 1158 4446 cum
1185 4393 1385 4462 quibus
1415 4391 1593 4448 foedus
1624 4394 1763 4448 inire
1791 4401 1843 4448 et
1862 4409 2048 4464 pacem

481 4501 640 4555 agerc
662 4491 897 4554 Oportet,
922 4482 1239 4538 testiﬁcetur
1267 4483 1353 4538 hic
1373 4484 1525 4539 liber.
1542 4484 1676 4550 Quis
1694 4492 1777 4540 est
1800 4500 1930 4554 ergo
1952 4485 2054 4540 bo-

483 4591 584 4628 nus
613 4574 928 4643 imperator,
961 4573 1048 4626 cui
1083 4587 1179 4642 per
1211 4586 1398 4640 pacem
1436 4589 1522 4627 me
1552 4573 1775 4628 reddam
1798 4573 2052 4643 junctum

482 4665 885 4720 familiaritate?
912 4665 1044 4730 Quis
1075 4673 1158 4718 est
1187 4673 1367 4718 autem
1393 4665 1502 4718 dux
1534 4665 1697 4735 hujus
1729 4667 2054 4722 exercitus?

480 4758 616 4811 Num
660 4768 742 4810 est
773 4757 1118 4826 perspicuum
1156 4757 1299 4826 quod
1337 4764 1629 4827 utrumque
1659 4759 1972 4813 audivimus
2020 4773 2050 4811 a

460 4850 772 4919 "Scriptura
802 4849 1061 4902 divinitus
1090 4848 1382 4918 inspirata,
1418 4851 1564 4919 quod
1616 4853 1857 4908 caelestis
1891 4866 2050 4906 exer-

481 4943 621 4995 citus
656 4942 726 4995 sit
757 4941 902 4995 acies
933 4941 1298 5010 angelorum?
1334 4961 1350 4992 ‹
1389 4941 1551 4996 Facta
1576 4951 1659 4998 est
1691 4945 1858 5007 enim,
1907 4965 1924 4997 ι
1968 4947 2052 4999 in-

481 5035 632 5100 quit,
697 5051 714 5084 ι
784 5031 1078 5087 multitudo
1140 5033 1347 5088 militiae
1403 5036 1644 5091 caelestis
1708 5037 2048 5092 laudantium

481 5122 648 5179 Deum
672 5125 737 5178 ".
775 5142 792 5175 ι
820 5122 885 5179 Et
909 5123 1092 5178 Daniel
1114 5125 1259 5180 videt
1287 5125 1465 5182 decies
1492 5128 1638 5181 mille
1664 5130 1833 5182 millia
1864 5146 2050 5184 eorum

479 5217 570 5285 qui
609 5218 897 5284 assistdut,
921 5217 1181 5272 etmillies
1207 5218 1354 5273 mille
1387 5219 1554 5272 millia
1585 5220 1937 5289 aspicitinter
1955 5237 2048 5276 eos

480 5310 572 5378 qui
613 5310 926 5365 ministrant
948 5310 1020 5364 ⁵⁵.
1054 5308 1322 5379 Pmpheta
1376 5326 1594 5381 quoque
1628 5311 1678 5363 id
1715 5312 2012 5366 testiﬁcaris
2035 5353 2047 5376 ,

480 5396 770 5454 Dominum
805 5401 1143 5456 exercituum
1173 5409 1226 5454 et
1253 5400 1541 5454 Dominum
1580 5403 1857 5470 copiarum
1894 5410 2049 5454 vocat

489 5488 775 5545 Dominum
810 5490 1182 5544 universitatis
1205 5490 1271 5544 ⁸⁸.
1302 5489 1364 5542 Et
1387 5491 1452 5544 ad
1484 5489 1667 5546 Jesum
1699 5491 1843 5546 Nave
1867 5493 1908 5523 ⁵⁷
1957 5509 2052 5563 po-

552 5663 592 5693 ”
633 5664 1036 5731 Ephes.vr,l.l.
1115 5665 1159 5696 “
1203 5663 1332 5718 Luc.
1363 5679 1422 5731 tl,
1494 5667 1577 5720 l5.

1115 5665 1159 5696 ³³
1203 5663 1332 5718 Luc.
1363 5679 1422 5732 tl,
1494 5667 1577 5720 15.
1657 5669 1699 5699 ⁵⁵
1743 5668 1874 5722 Dan.
1911 5673 2089 5738 vn,2.

2157 3121 2337 3184 ὅπλον,
2382 3122 2414 3188 ἡ
2451 3117 2697 3188 ἀρραγὴς
2744 3115 2926 3178 πίστις
2965 3113 3149 3177 ἐστὶν,
3199 3107 3268 3184 ἦς
3309 3111 3342 3180 ἡ
3393 3107 3500 3160 τῶν
3534 3100 3712 3157 ἀκίδων

2157 3211 2308 3282 ἀκμὴ
2363 3209 2638 3278 διαδυῆναι
2710 3209 2770 3261 οὐ
2829 3207 3072 3260 δύναται.
3116 3203 3347 3265 Ἀκίδας
3404 3199 3460 3252 δὲ
3518 3196 3714 3250 πάντως

2160 3303 2305 3374 παρὰ
2353 3301 2460 3353 τῶν
2505 3298 2776 3370 πολεμίων
2818 3294 3248 3366 ἐκτοξευομένας
3275 3334 3290 3358 ,
3342 3291 3439 3352 τὰς
3488 3281 3714 3374 ποικίλας

2158 3393 2459 3466 προσϐολὰς
2500 3390 2607 3443 τῶν
2641 3389 2979 3459 παθημάτων
3019 3386 3335 3456 νοήσωμεν.
3380 3369 3717 3472 Σωτήριονξέ

2154 3487 2314 3539 ὅπλον
2359 3484 2387 3537 ὃ
2424 3484 2522 3556 τὴν
2565 3481 2742 3548 δεξιὰν
2791 3479 2998 3542 ὁπλίζει
3036 3478 3147 3530 τῶν
3181 3473 3330 3530 κατά
3368 3471 3477 3524 τῶν
3525 3461 3715 3556 ὲλθρῶγ

2154 3551 2566 3650 ἁριστευόντων,
2585 3575 2647 3628 τὸ
2685 3575 2837 3644 ἅγιον
2861 3572 3084 3641 Πνεῦμά
3116 3572 3261 3631 ἐστι,
3287 3562 3515 3636 φοϐερὸν
3551 3551 3722 3650 μὲντδ

2156 3669 2494 3732 ὑπεναντίον,
2521 3667 2582 3720 τὸ
2606 3667 2661 3721 δὲ
2708 3663 3232 3738 μεταχειριζόμενον
3260 3659 3548 3726 σωτήριον.
3582 3648 3719 3738 Πᾶσα

2157 3761 2272 3830 δὲή
2330 3758 2654 3828 εύαγγελικὴ
2694 3755 3052 3821 διδασκαλία,
3096 3757 3220 3816 τοῖς
3270 3748 3404 3803 ποσὶ
3457 3743 3594 3797 ποιεῖ
3639 3736 3726 3830 τῂν

2155 3853 2472 3921 ἀσφάλειαν,
2507 3850 2581 3914 ὡς
2623 3850 2786 3920 μηδὲν
2807 3848 2898 3901 τοῦ
2930 3848 3184 3918 σώματος
3221 3840 3512 3913 εὑρεθῆναι
3539 3827 3723 3900 γυμνὸν

2157 3943 2248 3995 καὶ
2283 3939 2413 4011 πρὸς
2440 3942 2650 4010 πληγὴν
2677 3939 2994 4009 ἐπιτήδειον.

2228 4216 2289 4266 Ei
2319 4209 2409 4267 οὖν
2443 4210 2841 4283 μεμαθήκαμεν
2865 4205 2946 4274 οἷς
2973 4211 3240 4278 πολεμεῖν
3270 4210 3404 4279 χρὴ,
3447 4199 3539 4258 καὶ
3575 4199 3726 4258 οὕτως

2156 4308 2252 4376 τῆς
2285 4307 2460 4377 μάχης
2490 4303 3006 4374 ἀντιλαμϐάνεσθαι,
3033 4303 3234 4372 μαθεῖν
3268 4301 3540 4372 προσήκει
3573 4291 3654 4349 καὶ
3675 4287 3727 4342 τὸ

2157 4397 2338 4468 ἓτερον
2386 4397 2580 4468 μέρος,
2627 4391 2707 4458 οἷς
2749 4394 3030 4448 ἔνσπονδον
3071 4387 3219 4447 εἶναι
3263 4393 3362 4445 καὶ
3406 4384 3663 4461 εἰρηνικὸν
3703 4381 3725 4431 ὁ

2157 4489 2310 4558 λόγος
2339 4487 2783 4559 διαμαρτύρεται.
2819 4487 2915 4549 Τίς
2942 4480 3033 4539 οὖν
3064 4485 3091 4536 ὁ
3141 4483 3358 4552 ἀγαθὸς
3410 4473 3720 4553 στρατηγὸς,

2155 4575 2198 4649 ᾧ
2235 4580 2320 4633 διὰ
2360 4581 2453 4649 τῆς
2493 4581 2713 4650 εἰρήνης
2745 4578 2978 4648 ἐμαυτὸν
3020 4576 3342 4641 οἰκειώσως
3390 4575 3488 4637 Τίς
3518 4571 3570 4624 δὲ
3598 4571 3623 4620 ὁ
3647 4580 3722 4615 του

2150 4658 2398 4726 ’τοιούτου
2447 4671 2677 4742 στρατοῦ
2727 4670 3008 4740 βασιλεύς;
3053 4655 3132 4720 1ril
3176 4667 3349 4738 δῆλόν
3393 4669 3558 4720 ἔστιν,
3587 4661 3722 4729 ἄμερω

2161 4764 2309 4834 παρά
2337 4765 2435 4833 τῆς
2461 4761 2815 4815 θεοπνεύστου
2839 4761 3059 4832 Γραφῆς
3091 4761 3449 4829 ἀκηκόαμεν,
3483 4758 3560 4808 ὅτι
3591 4764 3722 4818 στραο

2159 4856 2249 4919 τὸς
2277 4855 2543 4926 οὐράνιος,
2563 4857 2594 4925 ἡ
2613 4854 2912 4923 παράταξις
2938 4852 3045 4906 τῶν
3067 4851 3332 4920 ἀγγέλων
3358 4849 3536 4911 ὲστίν;
3564 4864 3578 4896 ι
3601 4838 3722 4907 Ἐγέ-

2160 4963 2280 4998 νετο
2312 4947 2437 5016 γὰρ,
2467 4964 2483 4996 ι
2512 4947 2665 5016 φησὶ,
2692 4964 2710 4996 ‹
2741 4943 2938 5014 πλῆθος
2959 4944 3219 5016 οὐρανίου
3254 4943 3520 5014 στρατιᾶς
3547 4932 3727 4990 αἰνούν-

2157 5055 2266 5091 των
2296 5038 2383 5091 τὸν
2417 5037 2567 5090 Θεόν.
2596 5056 2613 5088 ι
2653 5038 2762 5090 Καὶ
2789 5039 2816 5090 ὁ
2837 5037 3033 5106 Δανιὴλ
3068 5037 3280 5108 μυρίας
3324 5034 3588 5108 μυριάδας
3610 5040 3727 5095 παρ·

2161 5131 2407 5183 εστώτων
2451 5131 2572 5200 ὁρᾷ,
2614 5131 2705 5182 καὶ
2732 5129 2982 5198 χιλιάδων
3008 5128 3265 5198 χιλιάδας
3293 5129 3353 5180 ἐν
3378 5129 3491 5187 τοῖς
3513 5123 3729 5182 λειτουρί

2155 5221 2310 5289 γοῦσι
2341 5219 2544 5290 βλέπει.
2573 5219 2676 5272 Καὶ
2700 5221 3028 5291 ὁΠροφήτης
3053 5218 3111 5271 τὸ
3149 5217 3404 5271 τοιοῦτον
3438 5207 3728 5286 μαρτυρῶνι

2156 5311 2356 5380 Κύριον
2381 5310 2665 5380 στρατιῶν,
2696 5311 2786 5362 καὶ
2819 5310 3020 5379 Κύριον
3045 5309 3348 5380 δυνάμεων
3367 5309 3458 5362 τὸν
3487 5304 3578 5359 τοῦ
3609 5313 3731 5352 παν-

2155 5404 2243 5466 τὸς
2269 5401 2588 5472 ὀνομάζεται
2605 5402 2827 5471 K691”-
2849 5402 2958 5454 καὶ
2983 5402 3118 5473 πρὸς
3142 5402 3238 5454 τὸν
3265 5399 3431 5467 Ναυῆ
3481 5400 3508 5449 ό
3528 5387 3731 5447 δυνατός

2157 5513 2318 5566 φησιν
2372 5496 2428 5547 ἐν
2457 5493 2672 5563 πολέμῳ
2694 5510 2706 5522 ·
2749 5513 2766 5544 ι
2792 5493 2952 5561 Ἐγὼ,
2983 5515 2999 5545 ι
3035 5496 3231 5563 φησιν,
3273 5514 3292 5546 ι
3317 5496 3346 5546 ὁ
3380 5484 3731 5562 ἀρχιστράτη-

2167 5674 2211 5704 ⁵⁶
2251 5671 2390 5724 Psal.
2423 5687 2572 5734 xvm,
2602 5672 2688 5724 10.
2753 5672 2792 5699 ⁵⁸⁷
2829 5669 2941 5724 Jos.
2973 5687 3022 5730 v,
3066 5670 3154 5724 ιιι.
