3928 6196
261 349 362 422 τις

1291 335 1359 411 iN
1399 351 1936 412 ECCLESIASTEN.
1973 348 2254 407 iiOMiLIA
2291 348 2427 405 vni.

3421 345 3526 400 750

264 485 353 557 γός
380 474 496 552 είμι
525 479 625 550 τῆς
650 473 956 550 δυνάμεως.
993 477 1091 530 »Εἰ
1111 476 1168 530 δὲ
1200 476 1506 548 ὲνοήσαμεν
1527 475 1610 541 τίς
1639 475 1786 528 ἔστιν
1813 473 1847 545 ἡ

1958 479 2074 527 lens
2152 467 2331 540 inquit
2417 465 2474 522 in
2530 465 2754 531 belio,t
2819 463 2952 535 Ego,
2997 483 3014 515 ι
3072 463 3281 534 inquit,
3322 481 3340 514 ι
3406 477 3529 520 sum

259 573 442 645 ἀγαθὴ
471 571 766 644 συμμαχία
787 611 802 635 ,
837 569 934 624 καὶ
959 568 1045 634 τίς
1085 569 1114 623 6
1142 569 1253 623 τῶν
1303 569 1607 640 συμμάχων
1642 565 1848 622 τούτων

260 664 565 736 ἡγούμενος
585 703 600 728 ν
631 662 866 726 σπονδὰς
900 660 1037 740 πρὸς
1072 659 1236 716 αὐτὸν
1262 647 1637 732 ποιησώμεθα,
1677 653 1848 732 προσ-

261 754 559 825 δράμωμεν
606 751 772 808 αὐτοῦ
811 753 878 823 τῇ
911 750 1201 822 δυναστείᾳ
1223 793 1238 816 ,
1273 751 1416 819 φίλοι
1455 748 1739 820 γενώμεθα
1771 749 1849 819 τῷ

261 845 533 916 τοσαύτην
578 844 808 916 δύναμιν
835 845 1180 916 κεκτημένῳ.
1222 844 1320 908 Τίς
1361 844 1417 897 δὲ
1447 843 1476 896 6
1506 843 1708 913 τρόπος
1751 843 1849 914 τῆς

265 936 400 1008 πρὸς
442 935 608 990 αὐτὸν
639 935 988 1003 οἰκειώσεως,
1018 934 1259 989 διδάσκει
1299 935 1448 1005 ἡμᾶς
1472 931 1502 986 6
1533 934 1632 1003 τῆς
1669 929 1849 1001 φιλίας

265 1026 466 1098 ταύτης
493 1027 867 1096 συναγωγεὺς,
893 1027 922 1078 6
947 1025 1120 1095 μέγας
1152 1023 1494 1088 Ἀπόστολος,
1512 1025 1568 1077 ἐν
1589 1017 1670 1087 οἷς
1692 1039 1846 1093 φησι*

273 1140 290 1172 ι
317 1119 712 1183 Δικαιωθέντες
735 1113 829 1173 οὖν
857 1119 923 1172 ὲκ
952 1118 1209 1180 πίστεως,
1243 1117 1463 1189 εἰρήνην
1493 1117 1688 1188 ἔχομεν
1713 1115 1851 1188 πρὸς

267 1210 355 1265 τὸν
381 1208 570 1263 Θεόν.ι
593 1211 705 1263 Καὶ
726 1208 887 1264 πάλιν
905 1223 919 1239 ο
941 1227 959 1258 ι
981 1204 1154 1278 ’Υπὲρ
1184 1203 1420 1278 Χριστοῦ
1448 1203 1847 1276 πρεσϐεύομεν,

269 1301 340 1365 ὼς
361 1300 456 1354 τοῦ
493 1299 628 1354 Θεοῦ
653 1299 1100 1371 παρακαλοῦντος
1126 1298 1194 1352 δι’
1224 1300 1400 1369 ἡμῶν,
1445 1299 1678 1376 δεόμεθα
1709 1298 1851 1368 ὑπὲρ

271 1393 313 1445 Χ
323 1390 504 1462 ριστοῦ
525 1409 538 1422 ·
564 1391 959 1462 Καταλλάγητε
972 1381 1048 1454 τῷ
1061 1381 1198 1455 Θεῷδ
1211 1396 1230 1436 ι
1244 1381 1390 1444 Ἕως
1403 1381 1510 1454 γὰρ
1527 1389 1668 1462 ἦμεν
1685 1391 1851 1445 τέκνα

275 1479 430 1550 (γύσει
469 1481 645 1552 ὀργῆς
693 1481 752 1534 ὲν
789 1479 868 1552 τῷ
900 1482 1072 1534 ποιεῖν
1119 1479 1188 1533 τὰ
1226 1478 1300 1550 μὴ
1353 1480 1700 1546 καθήκοντα,
1739 1484 1853 1546 τοῖς

273 1568 630 1642 ἀνθεστηκόσι
666 1572 733 1643 τῇ
773 1572 922 1643 δεξιᾷ
953 1571 1048 1626 τοῦ
1080 1571 1336 1642 Ὑψίστου
1372 1573 1853 1648 συνετετάγμεθα,⁶

273 1662 604 1734 ἀποθέμενοι
635 1664 735 1734 τὴν
765 1663 1026 1718 ἀσέϐειαν
1070 1664 1288 1728 καὶτὰς
1340 1664 1613 1735 κοσμικὰς
1661 1663 1853 1717 ἐπιθυ-

279 1754 443 1825 μίας,
482 1756 542 1808 ὲν
586 1754 663 1826 τῷ
701 1755 866 1822 ὁσίως
913 1757 1009 1810 καὶ
1039 1755 1265 1820 δικαίως
1317 1755 1414 1810 καὶ
1451 1755 1694 1820 εὐσεϐῶς
1728 1757 1848 1826 ζῇν.

1947 565 2206 637 princeps
2240 562 2549 634 copiarum.
2591 573 2609 611 ι
2650 555 2708 613 Si
2736 564 2917 613 autem
2958 556 3330 612 intelleximus
3377 571 3530 628 quae-

1948 659 2073 711 nam
2109 655 2220 711 sint
2249 653 2391 709 bona
2429 652 2484 706 in
2512 650 2654 706 bello
2693 647 2922 713 auxilia,
2957 655 3012 701 et
3044 647 3298 717 quisnam
3329 647 3402 702 sit
3433 647 3529 718 qui

1947 757 2145 819 praeest
2184 746 2312 803 belli
2341 745 2528 812 sociis,
2558 743 2738 800 foedus
2766 757 2892 796 cum
2920 756 2986 797 eo
3010 741 3278 805 ineamus,
3319 741 3385 795 ad
3408 741 3530 811 ejus

1948 838 2248 908 potentiam
2279 835 2685 906 confugiamus,
2715 833 2763 887 ei
2804 832 2980 888 simus
3020 828 3182 885 amici
3221 835 3313 902 qui
3345 839 3530 886 tantas

1949 930 2113 985 habet
2138 929 2350 1000 copias.
2387 927 2656 994 Quisnam
2691 926 2764 982 sit
2797 931 2982 980 autem
3033 923 3231 978 modus
3277 923 3532 978 ineunda

1949 1035 2073 1077 cum
2101 1037 2167 1076 eo
2225 1020 2620 1076 familiaritatis
2653 1026 2708 1074 et
2736 1015 3192 1080 necessitudinis,
3223 1015 3386 1071 docet
3429 1031 3531 1072 nos

1949 1111 2044 1181 qui
2080 1110 2222 1166 hanc
2270 1109 2569 1164 amicitiam
2627 1107 2884 1162 conciliat
2925 1121 3161 1176 magnus
3195 1103 3527 1175 Apostolus,

1952 1210 2076 1255 cum
2111 1201 2284 1255 dicit:
2320 1219 2338 1253 ι
2373 1198 2670 1255 Justifieati
2699 1213 2830 1269 ergo
2861 1213 2925 1251 ex
2962 1196 3088 1264 fide,
3127 1201 3315 1266 pacem
3360 1195 3532 1254 habe-

1952 1299 2076 1348 mus
2104 1292 2250 1363 apud
2281 1292 2450 1348 Deum
2481 1292 2525 1324 ⁵⁸
2557 1309 2571 1359 ;
2603 1311 2620 1343 ι
2655 1301 2707 1346 et
2736 1298 2972 1346 rurSus:
3011 1301 3030 1340 ι
3063 1288 3168 1342 Pro
3200 1287 3423 1344 ChriSto
3450 1287 3532 1345 le-

1951 1384 2174 1456 gatione
2204 1383 2507 1455 fungimur,
2533 1392 2793 1454 tanquam
2813 1382 2922 1437 Deo
2947 1395 3044 1452 per
3075 1388 3178 1437 nos
3205 1379 3535 1437 exhortante

1952 1483 2214 1547 rogamIis
2227 1491 2326 1547 pro
2342 1475 2567 1532 Christo
2593 1495 2605 1531 :
2635 1474 3090 1531 Reconciliamini
3109 1465 3332 1529 Deo".i
3356 1473 3534 1540 Quan-

1953 1565 2047 1621 diu
2083 1567 2228 1622 enim
2259 1567 2466 1622 fuimus
2507 1575 2704 1620 natura
2729 1566 2824 1619 filii
2852 1565 2965 1628 irae,
3002 1562 3254 1618 faciendo
3283 1577 3402 1633 qua
3422 1579 3533 1618 non

1954 1657 2314 1721 conveniunt,
2373 1655 2580 1712 fuimus
2628 1657 2684 1710 in
2742 1655 2812 1710 iis
2848 1655 2940 1725 qui
3010 1654 3417 1724 adversantur;
3465 1655 3535 1711 ad

1956 1747 2238 1802 dexteram
2277 1754 2459 1802 autem
2490 1746 2764 1802 Altissimi
2796 1745 3004 1800 fuimus
3052 1744 3330 1812 collocati,
3365 1745 3538 1816 depo-

273 1824 370 1900 Διὰ
391 1847 495 1918 τῆς
518 1824 743 1920 εἰρήνης
766 1846 972 1920 ταύτης
996 1848 1062 1920 τῇ
1093 1847 1321 1929 ἀληθινῇ
1352 1849 1544 1929 εἰρήνη
1575 1824 1851 1928 συναφθη-

1958 1840 2062 1897 sita
2090 1840 2373 1911 impietate
2423 1847 2478 1894 et
2520 1838 2885 1894 saeularibus
2925 1837 3240 1902 desideriis,
3297 1837 3536 1894 vivendo

273 1937 502 2008 σόμεθα.
535 1936 724 2003 Οῦτως
759 1939 864 2010 γάρ
899 1955 1033 2010 φησι
1070 1925 1200 2012 περὶ
1237 1939 1402 1994 αὐτοῦ
1445 1941 1474 1993 6
1508 1925 1848 2007 ’Ᾱπόστολοςς

269 2031 350 2084 ἔτι
389 2049 408 2083 ι
437 2030 612 2094 Αὐτός
655 2031 802 2084 ἐστιν
834 2033 867 2102 ἡ
905 2032 1097 2103 εἰρήνη
1135 2030 1314 2103 ἡμῶν.
1348 2049 1366 2083 ι
1412 2025 1579 2096 Οὗτος
1622 2033 1652 2084 6
1693 2030 1850 2100 λόγος

271 2123 491 2180 πάντων
522 2123 632 2178 τῶν
677 2123 819 2178 κατά
855 2107 1046 2194 καιρὸν
1085 2123 1387 2194 γινομένων
1427 2121 1489 2177 τὸ
1528 2123 1698 2194 πέρας
1733 2125 1851 2177 ἐστὶ

269 2217 360 2270 καὶ
393 2215 456 2269 τὺ
485 2215 802 2286 κεφάλαιον.
839 2215 1026 2270 Πάντα
1049 2215 1158 2286 γὰρ
1185 2216 1242 2268 έν
1276 2213 1453 2286 καιρῷ
1479 2218 1651 2269 ποιεῖν
1682 2203 1853 2270 ὲδιδά·

271 2305 498 2376 χθημεν,
518 2306 608 2359 ἴνα
636 2304 795 2359 τοῦτο
817 2305 1030 2367 ἑαυτοῖς
1056 2302 1515 2376 κατορθώσωμεν,
1533 2303 1595 2356 τὺ
1625 2306 1851 2376 εἰρήνην

272 2398 412 2468 ἔχειν
436 2396 575 2469 πρὸς
610 2396 702 2450 τὸν
728 2395 882 2459 Θεὸν,
923 2394 1012 2448 διὰ
1044 2394 1140 2448 τοῦ
1181 2395 1453 2466 πολεμίως
1488 2395 1852 2467 προστεθῆναι

275 2489 406 2559 πρὸς
436 2488 530 2542 τὸν
560 2487 872 2542 ἀντίπαλον.
905 2487 1131 2552 Πάντως
1153 2475 1207 2541 δίε
1230 2488 1334 2541 κᾶν
1363 2488 1464 2551 τὰς
1490 2483 1693 2558 ἀρετὰς
1721 2487 1850 2560 εἴπῃ

275 2578 359 2634 τὸν
378 2580 602 2652 εἰρήνης
630 2580 862 2651 στρατὸν
881 2580 1019 2651 πρὸς
1044 2579 1110 2643 ἃς
1132 2580 1236 2653 χρὴ
1261 2580 1489 2650 φιλικῶς
1507 2581 1652 2653 ἔχειν
1678 2585 1850 2652 ἡμᾶς,

275 2674 368 2726 ούκ
411 2671 516 2737 ἔξω
558 2673 658 2745 τῆς
702 2663 1056 2745 ἀποδοθείσης
1086 2668 1325 2737 διανοίας
1363 2674 1474 2739 ἕξει
1516 2676 1608 2729 τὸν
1651 2677 1846 2746 λόγον·

274 2762 400 2818 ειὸτι
432 2766 546 2818 πᾶν
577 2764 778 2835 ἀρετῆς
811 2763 982 2834 ὄνομά
1000 2781 1060 2816 τε
1083 2765 1176 2816 καὶ
1200 2764 1398 2834 νόημα,
1433 2766 1510 2829 εἰς
1531 2763 1623 2816 τὸν
1647 2765 1851 2834 Κύριον

273 2855 376 2908 τῶν
406 2852 618 2926 ἀρετῶν
649 2853 1000 2925 ἀναφέρεται.
1097 2837 1103 2842 ’

340 3117 452 3186 Καὶ
479 3115 531 3183 τί
561 3131 626 3186 ἄν
655 3148 740 3194 τις
776 3131 833 3184 ἐν
862 3130 977 3194 τοῖς
1013 3105 1278 3193 τοιούτοις
1301 3104 1393 3182 τδν
1421 3104 1580 3199 λόγον
1611 3124 1848 3203 μηκύνῃ,
1877 3175 1922 3234 c

268 3223 474 3277 ἰκανῶν
525 3222 696 3275 ὄντων
739 3221 834 3275 καὶ
883 3220 993 3275 τῶν
1041 3220 1349 3292 εἰρημένων
1398 3221 1703 3292 ἐκκαλύψαι
1752 3224 1852 3294 τὴν

269 3310 604 3382 ἐγκειμένην
643 3313 755 3372 τοῖς
801 3311 985 3382 ῥητοῖς
1030 3309 1308 3376 διάνοιαν;
1363 3310 1500 3363 Ἀλλ’
1546 3313 1732 3384 ἐπειδὴ
1768 3313 1856 3367 διὰ

267 3402 497 3461 τούτων,
511 3441 550 3456 ..
570 3401 671 3472 τὴν
689 3399 866 3470 ψυχὴν
888 3398 981 3452 τοῦ
1006 3399 1493 3470 προπαιδευθέντος
1512 3399 1571 3452 έν
1596 3401 1706 3463 τοῖς
1726 3399 1860 3472 ὑψη-

267 3494 386 3556 λοῖς
422 3493 638 3556 τούτοις
686 3493 992 3564 μαθήμασι,
1033 3491 1194 3546 πάλιν
1241 3493 1432 3560 ἀνάγει
1471 3494 1608 3564 πρὸς
1647 3493 1858 3564 ὑψηλήν

268 3607 395 3642 τινα
423 3590 758 3642 κατάστασιν
801 3585 899 3658 τὴν
925 3585 1105 3657 ψυχὴν
1134 3585 1229 3639 τοῦ
1267 3587 1535 3657 ἑπομένου
1568 3587 1646 3659 τῷ
1675 3587 1854 3659 λόγῳ,

269 3679 370 3734 καί
399 3695 532 3748 φησι
553 3694 566 3708 ·
607 3676 703 3740 Τίς
743 3677 1032 3748 περισσεία
1061 3676 1154 3730 τοῦ
1194 3676 1472 3742 ποιοῦντος
1504 3681 1561 3732 ὲν
1587 3673 1668 3744 οἷς
1695 3681 1858 3744 αὐτὸς

271 3762 506 3843 μοχθεῖ;
534 3771 712 3841 Ὅπερ
731 3765 848 3823 ἶσόν
869 3768 1076 3840 ἐστιτῷ
1096 3768 1291 3823 εἰπεῖνδ
1323 3771 1388 3823 Τί
1416 3771 1480 3824 ὲκ
1503 3771 1612 3824 τῶν
1644 3772 1858 3844 μόχθων

268 3863 385 3918 τῶν
426 3863 786 3934 ἀνθρωπίνων
831 3863 1073 3929 πάντων,
1103 3861 1164 3928 ἐξ
1196 3855 1271 3916 ὧν
1309 3863 1462 3917 ούδέν
1494 3867 1611 3918 ἐστι
1658 3865 1854 3932 πλέον;

269 3951 559 4027 Γεωργεῖ,
607 3954 978 4018 ναυτίλλεται,
1027 3957 1438 4026 στρατίιιιτικοῐς
1489 3955 1861 4025 ὲγκακοπαθεῖ

270 4046 484 4111 πόνοις,
522 4045 888 4118 ἐμπορεύεται
910 4084 924 4104 ,
967 4042 1291 4114 ζημιοῦται,
1322 4044 1614 4116 κερδαίνει,
1643 4047 1860 4112 δικάζει-

269 4155 366 4192 ται
395 4177 410 4202 ,
448 4137 711 4207 μάχεται,
744 4133 998 4206 ἡττηθεὶς
1034 4127 1268 4207 ἀπῆλθε,
1295 4136 1396 4206 τὴν
1430 4137 1668 4192 νικῶσαν
1698 4138 1859 4210 φέρε-

271 4247 366 4284 ται
423 4229 640 4298 ψῆφον,
702 4227 1075 4292 ταλανίζεται,
1130 4228 1519 4300 μακαρίζεται,
1569 4229 1718 4302 μένει
1773 4232 1861 4302 ἐφ-

273 4320 479 4384 έστιος,
509 4320 567 4370 ὲν
597 4317 896 4388 ἀλλοτρίοις
928 4317 1222 4371 πλανᾶται·
1255 4319 1434 4373 πάντα
1477 4319 1578 4374 δσα
1608 4322 1858 4392 δρώμενα

275 4411 421 4465 κατά
452 4411 545 4464 τδν
580 4409 695 4480 βίον
736 4410 794 4463 ἐν
829 4409 1092 4472 ποικίλοις
1126 4410 1574 4482 ἐπιτηδεύμασιν,
1619 4412 1756 4466 ἄλλα
1800 4415 1860 4468 ὲν

1953 1941 2162 1998 Sancte,
2197 1933 2367 2002 juste,
2398 1940 2452 1988 et
2478 1931 2586 2002 pie.
2631 1930 2735 1986 Per
2777 1931 2920 1985 hanc
2969 1938 3158 2002 paceni
3215 1946 3358 1986 vera:
3411 1933 3534 2001 paci

1952 2021 2350 2093 c0pulabimur.
2408 2008 2484 2076 De
2527 2031 2593 2075 eo
2650 2021 2800 2076 enim
2860 2021 2941 2076 sic
2999 2020 3136 2076 dicit
3192 2021 3532 2091 Apostolus:

1958 2134 1978 2167 ι
2013 2113 2134 2185 Ipse
2165 2124 2250 2169 est
2277 2127 2384 2184 pax
2427 2120 2617 2168 nostra
2641 2101 2710 2165 οδ.
2751 2130 2769 2164 ι
2807 2107 2925 2166 Hoc
2965 2112 3176 2166 dictum
3213 2117 3298 2168 est
3324 2112 3446 2168 finis
3480 2124 3537 2168 et

1950 2213 2166 2263 Summa
2194 2217 2386 2261 eorum
2413 2218 2538 2276 qua:
2591 2203 2730 2259 fiunt
2764 2204 2820 2258 in
2883 2213 3153 2274 tempore.
3186 2201 3245 2258 In
3287 2213 3538 2276 tempore

1951 2299 2098 2356 enim
2142 2299 2329 2356 omnia
2374 2296 2558 2354 facere
2605 2296 2787 2352 edacti
2848 2299 3064 2362 sumus,
3103 2303 3163 2350 nt
3222 2295 3326 2352 hoc
3377 2298 3536 2351 nobis

1952 2376 2209 2448 effectum
2269 2389 2589 2454 reddamus,
2631 2394 2829 2458 nempe
2863 2395 2924 2443 ut
2977 2391 3169 2460 pacem
3232 2389 3536 2446 habeamus

1953 2485 2098 2556 apud
2134 2485 2325 2551 Deum,
2357 2491 2648 2554 propterea
2674 2481 2822 2553 quod
2867 2481 3056 2537 hostili
3089 2490 3144 2537 et
3177 2481 3380 2538 infesto
3410 2484 3535 2536 ani-

1952 2593 2041 2633 mo
2064 2576 2330 2632 fuerimus
2358 2575 2624 2630 adversus
2649 2573 3053 2629 adversarium.
3079 2571 3316 2630 Omnino
3347 2583 3532 2630 autem

1952 2671 2000 2727 si
2039 2670 2165 2740 quis
2195 2667 2397 2723 dixerit
2427 2669 2662 2722 virtutes
2692 2681 2815 2722 esse
2844 2666 3146 2722 exercitum
3191 2668 3363 2738 pacis,
3406 2683 3533 2722 cum

1949 2759 2152 2832 quibus
2179 2765 2394 2830 opertet
2429 2769 2530 2813 nos
2561 2747 2719 2828 j'ungi
2761 2757 3028 2822 amicitia,
3064 2771 3174 2812 non
3209 2766 3366 2813 extra
3407 2765 3534 2815 eum

1951 2856 2045 2927 'qui
2072 2856 2234 2910 datus
2265 2863 2348 2910 est
2377 2854 2598 2910 se'nSnm
2622 2845 2856 2906 deducet
2885 2851 3194 2907 Orationem
3225 2870 3238 2906 :
3271 2852 3529 2923 quando-

1954 2950 2174 3020 quidem
2205 2963 2370 3003 omne
2409 2946 2635 3001 virtutis
2654 2959 2853 3001 nomen
2883 2953 2938 3000 et
2965 2945 3264 3016 cogitatum
3300 2944 3538 3002 refertur

1954 3039 2023 3096 ad
2057 3039 2350 3095 Dominum
2383 3038 2669 3093 virtutum.

2025 3131 2350 3202 Quanquam
2387 3127 2519 3199 quid
2555 3127 2613 3183 in
2651 3126 2738 3183 his
2787 3125 3074 3203 prolixiori
3119 3130 3259 3199 Opus
3293 3123 3376 3182 est
3411 3129 3539 3183 ora-

1959 3225 2129 3291 tione,
2165 3238 2289 3278 cum
2326 3220 2602 3278 sufficiant
2632 3231 2754 3289 quae
2805 3218 2952 3272 dicta
2996 3226 3128 3273 sunt
3176 3218 3242 3273 ad
3278 3221 3537 3290 aperien-

1957 3316 2089 3371 dum
2123 3329 2342 3370 sensum
2369 3311 2463 3384 qui
2497 3312 2582 3368 est
2615 3311 2671 3365 in
2699 3310 2927 3366 verbis?
2959 3308 3321 3380 Posteaquam
3355 3322 3536 3367 autem

1960 3425 2056 3482 per
2086 3409 2200 3463 inec
2238 3406 2502 3464 excitavit
2537 3404 2782 3458 animum
2811 3403 2933 3472 ejus
2967 3405 3058 3472 qui
3090 3404 3192 3458 fuit
3222 3405 3376 3475 prius
3409 3421 3541 3460 eru-

1960 3500 2107 3555 ditus
2135 3500 2190 3553 in
2221 3497 2309 3552 llis
2339 3497 2466 3552 altis
2506 3496 2876 3558 documentis,
2914 3494 2984 3548 ad
3025 3496 3196 3550 altum
3245 3498 3535 3567 quemdam

1960 3591 2163 3649 statum
2191 3592 2415 3647 sustulit
2439 3592 2676 3645 animam
2710 3590 2832 3658 ejus
2856 3591 2949 3659 qui
2973 3591 3226 3659 sequitur
3250 3592 3538 3657 ratiOuem,

1960 3692 2014 3742 et
2044 3685 2157 3740 ait:
2189 3683 2322 3750 Quae
2357 3683 2538 3752 major
2570 3681 2908 3736 abundantia
2942 3680 3063 3749 eju's
3097 3681 3191 3751 qui
3222 3680 3353 3736 facit
3383 3683 3437 3736 in
3472 3683 3540 3738 iis

1962 3776 2018 3830 in
2047 3774 2248 3845 quibus
2278 3775 2394 3844 ipse
2419 3773 2635 3828 laborat
2655 3771 2677 3824 ἰ
2701 3771 2854 3837 Quod
2891 3766 3116 3842 perinde
3164 3781 3247 3826 est
3278 3787 3342 3826 ac
3375 3773 3420 3827 si
3455 3772 3541 3826 di-

1961 3874 2128 3929 ceret,
2159 3864 2301 3930 Quid
2336 3879 2399 3918 ex
2428 3862 2684 3917 humanis
2711 3861 2966 3917 omnibus
2990 3861 3295 3928 laboribus,
3330 3877 3394 3918 ex
3419 3865 3543 3933 qni-

1961 3960 2062 4015 bus
2082 3958 2219 4014 nihil
2237 3955 2305 4013 ad
2321 3971 2444 4012 eum
2464 3955 2606 4010 redit
2625 3956 2860 4026 amplius
2881 3955 2904 4009 ?
2927 3955 3104 4027 Agros
3123 3956 3272 4018 coiit,
3295 3957 3539 4028 navigat,-

1961 4048 2291 4104 militaribus
2306 4046 2593 4101 laboribus
2613 4045 2896 4117 aﬂligitnr,
2914 4053 3278 4101 mercaturam
3299 4053 3537 4114 exercet,

1961 4140 2218 4195 damnum
2263 4138 2487 4208 patitur,
2528 4137 2794 4202 lucratur,
2835 4135 3049 4205 litigat,
3092 4142 3326 4206 pugnat,
3373 4139 3542 4192 causa

1962 4233 2128 4296 cadit,
2158 4231 2430 4288 sententia
2467 4229 2593 4284 data
2637 4229 2786 4283 litem
2815 4229 3008 4291 vineit,
3040 4226 3225 4282 infiaiix
3259 4239 3537 4296 censetur,

1966 4327 2158 4381 beatus
2185 4323 2554 4382 existimatur,
2586 4321 2734 4375 dmui
2777 4313 2985 4383 manet,
3026 4330 3172 4375 errat
3205 4321 3348 4391 apud
3385 4329 3542 4376 cxte-

1963 4435 2095 4473 ros:
2131 4417 2316 4471 omnia
2369 4430 2492 4486 qua:
2528 4414 2580 4468 in
2617 4413 2719 4468 hac
2761 4414 2871 4466 vita
2919 4419 3223 4466 cernuntur
3274 4413 3328 4467 in
3363 4414 3536 4470 variis

273 4503 478 4566 ἄλλοις.
509 4502 576 4554 Τί
609 4502 763 4572 φέρει
794 4501 956 4555 πλέον
983 4500 1063 4572 τῷ
1084 4501 1172 4555 διά
1196 4502 1304 4556 τῶν
1335 4503 1590 4558 τοιούτων
1612 4503 1703 4558 τὸν
1727 4507 1855 4560 ἴδιον

1965 4511 2186 4572 studiis.
2225 4509 2329 4563 alia
2368 4509 2423 4562 in
2461 4508 2604 4562 aliis.
2643 4495 2786 4572 Quid
2829 4507 2876 4560 ei
2906 4507 3000 4575 qui
3055 4511 3152 4576 per
3205 4506 3318 4561 hac
3383 4509 3539 4562 suam

273 4593 590 4648 δαπανῶντι
640 4592 754 4662 βίον
799 4593 832 4662 ἡ
873 4593 1002 4664 περὶ
1059 4591 1232 4646 ταῦτα
1280 4593 1518 4664 σπουδή;
1569 4595 1680 4666 Ούχ
1720 4596 1854 4666 ὁμοῦ

277 4702 340 4738 τε
386 4685 445 4738 τὸ
499 4674 600 4755 ζῇν
658 4682 969 4745 επαύσατο,
1029 4683 1124 4736 καί⁵
1175 4681 1316 4754 λήθῃ
1367 4684 1725 4756 ἐπεκαλύφθη
1790 4685 1860 4739 τὰ

277 4779 494 4832 πάντα·
545 4778 640 4831 καὶ
690 4774 954 4847 μονωθεὶς
994 4774 1102 4828 τῶν
1149 4774 1604 4844 σπουδαζομένων
1651 4779 1862 4848 γυμνὸς

276 4871 504 4940 οἴχεται,
529 4868 870 4939 ἑπαγόμενος
885 4865 1003 4937 μεθ’
1020 4865 1214 4920 ἑαυτοῦ
1239 4866 1348 4920 τῶν
1369 4868 1496 4939 τῇδε
1521 4870 1863 4940 πραγμάτων

275 4959 454 5022 οὐδὲν,
496 4959 638 5031 πλὴν
671 4960 769 5030 τῆς
803 4959 896 5012 ἐπὶ
926 4961 1039 5022 τοῖς
1081 4959 1366 5030 πράγμασι
1420 4960 1586 5030 μόνης
1619 4961 1860 5032 συνειδή-

278 5065 452 5112 σεωςς
479 5049 611 5118 παρ’
642 5043 709 5119 ἧς
744 5049 941 5121 τρόπον
968 5048 1090 5103 τινὰ
1118 5051 1257 5119 αῦτη
1293 5049 1430 5119 μετά
1463 5049 1621 5103 τοῦτο
1651 5051 1860 5118 γίνεται

277 5141 361 5202 είς
384 5140 474 5192 τὸν
505 5142 734 5210 οὐρανὸν
762 5143 794 5211 ἡ
838 5141 1136 5212 φωνὴ,⁶τὸν
1168 5141 1256 5195 διὰ
1284 5142 1394 5195 τῶν
1417 5141 1672 5196 τοιούτων
1699 5145 1861 5214 ἀσχο-

275 5231 412 5284 λιῶν
445 5232 902 5304 συμπλανηθέντα
941 5233 1018 5302 τῷ
1056 5232 1176 5304 βίῳ,
1217 5235 1299 5288 ὅτι
1327 5234 1423 5298 Τίς
1453 5237 1736 5306 περισσεία
1769 5237 1861 5306 γέ-

277 5324 407 5391 γονέ
448 5341 528 5379 σοι
559 5326 668 5378 τῶν
703 5324 913 5378 πολλῶν
941 5325 1164 5380 ἐκείνων
1193 5327 1370 5380 πόνων
1409 5328 1466 5379 ἐν
1505 5323 1588 5391 οἷς
1625 5328 1860 5400 ἐμόχθη-

282 5433 414 5478 σαςς
445 5417 554 5472 Ποῦ
599 5420 656 5472 αί
691 5418 938 5491 λαμπραὶ
970 5419 1176 5484 οἰκίαις
1209 5419 1318 5474 Ποῦ
1351 5420 1419 5474 τὰ
1458 5423 1858 5493 κατωρνγμένα

283 5505 544 5575 βαλάντια
562 5526 580 5573 ;
611 5509 722 5563 Ποῦ
754 5510 810 5563 αἰ
841 5509 1042 5579 χαλκαῖ
1067 5510 1274 5574 εἰκόνες
1293 5551 1308 5574 ,
1343 5512 1435 5565 καὶ
1465 5513 1517 5565 αἱ
1557 5513 1663 5565 τῶν
1691 5513 1860 5584 εύφησ

287 5598 531 5668 μούντων
570 5601 741 5670 φωναί
758 5616 774 5663 ς
822 5601 952 5655 Ἰδοὺ
976 5602 1071 5654 νῦν
1101 5600 1214 5673 πῦρ
1241 5603 1335 5656 καὶ
1370 5605 1628 5674 μάστιγες
1653 5645 1668 5671 ,
1699 5607 1792 5658 καὶ
1821 5609 1854 5676 ἡ

366 5771 414 5803 ⁸⁸
453 5773 607 5831 Rom.
651 5794 700 5842 ι’,
737 5778 785 5831 1.
864 5779 908 5810 ⁸⁹
949 5778 988 5831 11
1022 5778 1148 5833 Cor.
1184 5795 1234 5843 ι’,
1275 5778 1364 5834 20.

1961 4602 2234 4657 consumit
2259 4601 2428 4654 vitam
2460 4599 2696 4668 amplius
2741 4597 2915 4663 affert,
2959 4597 3104 4667 quod
3141 4598 3195 4651 ih
3261 4598 3327 4653 iis
3391 4595 3545 4668 ponit

1963 4693 2204 4747 studium
2242 4701 2297 4746 et
2333 4690 2711 4745 industriam?
2753 4675 2948 4744 Annon
2983 4689 3148 4744 simul
3177 4699 3344 4760 atque
3379 4691 3543 4746 desiit

1963 4784 2168 4847 vivere,
2201 4781 2383 4835 omnia
2419 4788 2561 4835 tecta
2593 4787 2720 4835 sunt
2754 4777 3029 4835 oblivione
3055 4799 3067 4834 :
3097 4788 3151 4835 ct
3181 4779 3253 4837 ab
3301 4783 3368 4838 iis
3409 4797 3545 4853 quo:

1967 4881 2096 4928 rum'
2116 4873 2302 4929 studio
2340 4874 2630 4928 tenebatur
2661 4873 2936 4940 desertus,
2977 4876 3087 4930 abit
3121 4875 3325 4939 nudus,
3359 4892 3541 4932 rerum

1966 4981 2088 5036 quae
2117 4967 2206 5021 hic
2247 4973 2378 5020 sunt
2411 4965 2548 5020 nihil
2583 4979 2770 5021 secum
2805 4965 3062 5030 afferens,
3119 4975 3316 5036 prmter
3369 4969 3541 5023 solam

1967 5059 2248 5112 actionum
2288 5071 2515 5112 suarum
2548 5058 2995 5114 conscientiam?
3034 5073 3064 5113 a
3111 5075 3217 5128 qua
3269 5061 3383 5116 haec,
3440 5079 3544 5116 vox

1965 5149 2373 5218 quodammodo
2406 5157 2531 5220 post
2567 5149 2671 5204 hoc
2709 5149 2765 5204 in
2803 5150 3001 5206 cretum
3040 5152 3296 5216 mittitur,
3325 5153 3389 5206 ad
3419 5167 3542 5207 eum

1965 5242 2057 5314 qui
2097 5257 2192 5313 per
2224 5241 2539 5310 hnjusmodi
2572 5242 2970 5312 occupationes
3010 5242 3284 5299 aberravit
3333 5246 3386 5298 in
3447 5247 3549 5299 hac

1967 5337 2076 5389 vita
2103 5332 2271 5400 :Quid
2307 5334 2404 5389 tibi
2438 5334 2681 5405 amplius
2715 5333 2818 5391 fuit
2850 5336 2916 5390 ex
2958 5335 3148 5394 multis
3183 5337 3291 5392 illis
3342 5336 3549 5390 labori-

1967 5427 2070 5482 bus
2101 5439 2242 5496 quos
2271 5426 2611 5496 suscepisti?
2639 5413 2740 5481 Ubi
2771 5434 2900 5482 sunt
2924 5430 3202 5498 praeclarae
3232 5427 3419 5481 ardes?
3445 5427 3548 5481 Ubi

1967 5524 2096 5572 sunt
2127 5515 2360 5572 defossa:
2382 5519 2703 5574 crumena?
2733 5517 2832 5573 Ubi
2859 5529 2991 5573 sunt
3023 5533 3187 5575 amem
3224 5517 3495 5588 imagines
3527 5541 3547 5586 δ

1968 5619 2019 5663 et
2050 5607 2304 5673 laudibus
2338 5609 2735 5665 celebrantium
2769 5612 2973 5666 voces?
3015 5611 3157 5668 Ecce
3179 5625 3345 5683 nunc
3404 5614 3548 5681 ignis

1444 5780 1488 5817 αθ
1531 5779 1726 5849 Ephcs.
1769 5797 1825 5846 ιι,
1876 5781 1962 5835 Hc
2037 5793 2044 5799 '
