3928 6196
423 291 520 363 751

1683 311 1738 366 S.
1771 311 2105 370 GREGORII
2134 312 2428 370 NYSSENI

3424 311 3623 391 θῆαι

421 425 476 477 et
506 421 734 493 ﬂagella,
762 430 814 476 et
839 421 1107 492 judicium
1145 422 1288 493 quod
1314 437 1491 492 neque
1517 424 1860 490 muneribus,
1898 440 1996 481 nec

2101 429 2394 493 ἀδέκαστος
2415 429 2612 501 κρίσις,
2651 429 2741 481 καὶ
2769 432 2800 501 ἡ
2836 430 3268 502 ἁπαραλόγιστος
3282 433 3378 489 τῶν
3396 435 3624 510 βεϐυωμέ-

422 516 595 583 gratia
631 517 1031 586 corrumpitur,
1073 524 1128 571 et
1156 531 1276 586 quae
1327 515 1438 570 falli
1477 532 1587 571 non
1621 526 1803 588 potest
1849 526 2000 572 ante-

422 614 556 658 actae
587 606 711 660 vita;
741 607 1099 661 examinatio.
1137 605 1270 672 Quae
1314 615 1398 662 est
1428 623 1561 678 ergo
1606 609 1785 677 major
1827 610 2002 664 abun-

422 696 607 750 dantia
646 698 768 766 ejus
806 698 899 768 qui
934 697 1064 752 facit
1094 699 1147 753 in
1181 699 1248 754 iis
1288 715 1410 769 qua:
1464 701 1582 770 ipse
1639 701 1894 756 laborat?
1937 701 2003 754 Et

421 797 667 855 postem!
689 788 839 855 Vidi,
895 789 1096 860 inquit,
1154 789 1574 846 distractionem
1631 807 1793 862 quam
1851 791 2004 847 dedit

423 879 565 932 Deus
592 878 718 934 tiliis
750 879 1060 944 hominum,
1099 887 1160 934 ut
1209 881 1267 937 in
1325 881 1508 953 seipso
1555 882 2002 938 distraherentur

422 972 607 1026 omnia
642 986 764 1042 quae
789 972 920 1029 fecit
958 974 1101 1029 bona
1135 975 1190 1029 in
1249 981 1495 1046 tempore
1527 991 1650 1032 suo.
1683 973 2000 1042 Quinetiam

422 1080 596 1118 :evum
633 1065 784 1120 dedit
823 1066 878 1120 in
927 1067 1093 1122 corde
1127 1068 1396 1137 ipsorum,
1433 1083 1501 1123 ne
1538 1068 1783 1124 inveniat
1835 1068 2002 1124 homo

425 1173 560 1226 opus
585 1157 730 1226 quod
765 1156 892 1213 fecit
929 1152 1070 1211 Deus
1093 1156 1162 1210 ab
1181 1157 1336 1214 initio
1358 1171 1530 1227 usque
1549 1154 1615 1210 ad
1643 1153 1859 1209 tinem.»
1890 1157 2002 1214 cur

425 1259 538 1302 haec
571 1248 752 1301 dicit?
784 1247 1018 1319 Agnovi,
1051 1247 1251 1319 inquit,
1286 1249 1562 1304 undenam
1597 1264 1626 1302 a
1659 1249 1768 1303 vita
1802 1249 2002 1304 distra-

421 1347 509 1393 cta
552 1341 623 1393 sit
663 1338 902 1393 humana
933 1347 1154 1403 natura,
1183 1341 1476 1395 occasione
1507 1347 1730 1410 accepta
1762 1355 1828 1394 ex
1863 1339 2001 1394 divi-

420 1431 508 1484 nis
549 1429 850 1485 beneﬂciis.
883 1429 1018 1484 Nam
1053 1429 1196 1485 Deus
1238 1431 1459 1500 quidem
1499 1430 1566 1485 ad
1620 1431 1823 1485 bonum
1875 1431 2001 1485 fecit

422 1524 630 1587 omnia,
661 1531 714 1578 et
740 1524 808 1587 iis
838 1524 932 1593 qui
963 1538 1156 1578 eorum
1190 1539 1310 1594 quae
1337 1532 1466 1578 sunt
1501 1525 1799 1593 participes
1847 1530 1997 1588 sunt,

420 1615 568 1670 dedit
603 1616 872 1670 rationem
915 1631 1024 1685 qua
1060 1615 1384 1670 discet-nant
1411 1615 1463 1668 id
1493 1616 1638 1685 quod
1665 1625 1749 1670 est
1774 1615 1997 1679 melius,

422 1723 516 1774 per
555 1722 716 1775 quam
747 1706 933 1773 agnita
968 1707 1358 1777 opportunitas
1399 1707 1594 1776 judicii
1639 1706 2000 1777 uniuscujus-

419 1815 544 1867 qtte,
580 1799 708 1852 boni
753 1808 810 1854 et
850 1799 1064 1853 honesﬁ
1110 1813 1334 1854 sensum
1374 1799 1579 1868 przebet
1613 1799 1680 1854 iis
1713 1799 1999 1868 qui-utun-
2035 1783 2075 1837 Β

419 1901 526 1945 tur.
565 1893 832 1958 Quoniam
873 1903 1057 1946 autem
1105 1892 1291 1961 laps-us
1321 1899 1403 1946 est
1430 1907 1460 1944 a
1490 1897 1641 1946 recto
1667 1890 1734 1945 de
1762 1889 1830 1946 iis
1875 1906 1996 1959 qua:

418 1992 566 2050 sunt,
598 1985 825 2053 judicio,
855 1999 951 2053 per
987 1984 1190 2037 malum
1223 1983 1514 2038 consilium
1551 1996 1779 2037 aversus
1809 1997 1998 2038 acon-

415 2080 584 2134 stanti
617 2078 849 2138 ratione,
885 2091 1139 2131 recessus
1170 2091 1201 2130 a
1231 2084 1498 2144 tempore,
1526 2074 1581 2128 id
1609 2074 1756 2144 quod
1799 2083 1882 2129 est
1942 2075 1997 2128 in

417 2153 746 2240 unoquoque
792 2169 948 2232 utile,
989 2169 1152 2223 vertit
1181 2168 1235 2221 in
1280 2167 1646 2221 contrarium.
1699 2165 1764 2221 Ut
1794 2167 1839 2221 si
1872 2167 1998 2236 quis

417 2265 472 2314 iu
503 2277 685 2315 mersa
718 2260 1003 2330 proposito
1029 2259 1174 2312 omni
1201 2265 1464 2327 apparatu
1489 2257 1748 2322 convivii,
1773 2265 1824 2312 et
1851 2257 1999 2312 vasis

413 2354 742 2423 quibusdam
801 2351 944 2421 aptis
1002 2351 1067 2404 ad
1111 2349 1427 2421 apparanda
1485 2349 1781 2412 alimenta,
1835 2350 1997 2406 simul

414 2446 579 2498 itiam
617 2459 677 2496 ea
711 2441 1028 2512 apposuerit
1054 2456 1176 2510 quae
1211 2441 1280 2495 ab
1312 2440 1379 2495 iis
1409 2451 1676 2511 parantur
1718 2439 1812 2510 qui
1845 2439 1996 2494 delc-

414 2542 637 2589 ctantur
673 2531 988 2602 hujusmodi
1050 2532 1309 2595 artiﬁcio,
1366 2540 1460 2586 aut
1499 2532 1732 2587 subtiles
1765 2530 1995 2602 gladios,

415 2644 511 2698 per
545 2642 682 2698 quos
717 2625 960 2680 convivae
995 2625 1101 2680 sibi
1134 2624 1386 2680 dividunt
1413 2625 1622 2695 aliquid
1662 2641 1727 2680 ex
1781 2625 1848 2680 iis
1877 2639 2000 2694 qua:

415 2727 544 2774 sunt
575 2718 844 2788 apposita,
885 2724 979 2770 aut
1009 2728 1270 2786 argentea
1293 2717 1626 2781 cochlearia,
1655 2715 1856 2786 quibus
1878 2731 2001 2785 quae

415 2817 470 2868 in
499 2816 670 2868 altera
701 2813 820 2881 ejus
856 2817 1012 2880 parte
1049 2822 1129 2866 est
1181 2810 1418 2876 cavitas,
1455 2810 1602 2865 facta
1643 2819 1728 2866 est
1785 2819 1845 2866 ut
1877 2819 2000 2881 apte

413 2917 468 2961 et
504 2905 750 2975 apposite
790 2918 849 2958 se
881 2903 1106 2956 haberet
1131 2901 1196 2955 ad
1231 2902 1552 2972 pollent-am.
1605 2900 1810 2956 Deinde
1851 2903 1993 2971 quis-

415 3001 560 3068 piam
596 3014 658 3052 ex
701 2997 768 3051 iis
801 2996 891 3066 qui
926 3003 1055 3049 sunt
1085 2995 1370 3048 convocati
1400 2994 1467 3048 ad
1492 2993 1828 3058 convivium,
1878 3009 1999 3048 mu-

415 3100 530 3147 tato
569 3107 670 3145 usu
710 3091 830 3158 ejus
863 3085 1008 3158 quod
1035 3093 1121 3140 est
1149 3086 1518 3154 propositum,
1570 3094 1816 3140 uteretur
1863 3099 1998 3139 uno-

413 3181 634 3252 quoque
663 3181 728 3234 ad
757 3195 819 3235 ea
851 3195 971 3248 qua}
1018 3193 1126 3232 non
1162 3177 1375 3240 decent,
1409 3186 1462 3231 et
1519 3178 1699 3247 gladio
1750 3176 1992 3247 quidem,

417 3276 497 3328 vel
524 3274 789 3342 seipsum,
825 3271 907 3324 vel
945 3269 1182 3338 aliquem
1218 3284 1284 3323 ex
1322 3270 1388 3322 iis
1442 3269 1534 3338 qui
1567 3283 1738 3339 prope
1773 3283 1997 3323 accum-

419 3368 573 3426 bunt,
611 3369 863 3417 secaret:
911 3360 1190 3415 cochleari
1231 3367 1414 3414 autem
1455 3361 1538 3415 vel
1594 3361 1860 3430 proximi,
1911 3361 1997 3416 vel

310 3500 330 3508 -
413 3471 574 3510 suum
600 3453 829 3508 oculum
856 3449 1514 3522 expungeretzdiceretur
1545 3452 1692 3522 quod
1730 3459 1996 3522 apparatu

416 3545 786 3602 convivatoris
822 3543 939 3612 ipse
961 3541 1030 3596 ad
1069 3541 1271 3595 malum
1305 3542 1512 3598 abusus
1544 3551 1647 3609 est,
1702 3558 1825 3598 cum
1880 3543 1996 3612 ipse

416 3639 632 3707 quidem
661 3636 752 3706 qui
785 3642 1144 3704 apparaverat
1172 3649 1397 3689 causam
1428 3649 1621 3690 eorum
1669 3650 1790 3706 quae
1825 3649 1994 3703 even-

419 3743 540 3784 tura
571 3735 729 3784 erant
765 3742 875 3781 non
926 3725 1314 3796 disposuisset,
1381 3742 1567 3780 verum
1629 3728 1809 3783 malus
1860 3743 1994 3783 usus

415 3836 604 3877 eorum
639 3835 761 3890 qua:
791 3826 947 3872 erant
974 3817 1246 3887 apposita,
1290 3818 1356 3870 ad
1387 3817 1493 3872 hoc
1521 3819 1723 3872 malum
1749 3819 1994 3874 deduxe-

416 3917 487 3969 rit
507 3931 632 3969 eum
658 3913 750 3982 qui
777 3911 1084 3965 inconsulte
1116 3926 1248 3964 usus
1266 3910 1431 3964 estiis
1463 3925 1583 3979 quae
1611 3917 1767 3964 erant
1798 3926 1995 3981 propo-

417 4007 543 4060 sita.
579 4003 674 4067 Ita,
714 4004 912 4074 inquit,
945 4019 1046 4072 ego
1077 4017 1294 4072 quoque
1326 4001 1472 4064 novi,
1502 4004 1648 4071 quod
1681 4018 1710 4056 a
1735 4002 1842 4057 Deo
1873 4002 1994 4072 qui-

414 4097 536 4148 detn
573 4092 773 4146 factum
807 4103 885 4147 est
918 4091 1343 4161 unumquodque
1385 4091 1449 4143 ad
1488 4084 1653 4146 omne
1685 4093 1910 4155 bonum,
1946 4093 1991 4148 si

415 4187 470 4238 in
505 4193 770 4252 tempore,
804 4192 861 4236 ut
885 4183 1159 4247 convenit,
1190 4197 1255 4236 eo
1284 4190 1503 4234 utamur
1529 4199 1541 4234 :
1565 4181 1780 4236 aversio
1811 4189 1990 4237 autem

413 4292 445 4330 a
475 4283 622 4330 recto
651 4275 718 4330 de
746 4275 812 4329 iis
835 4289 956 4345 qua:
989 4281 1136 4337 sunt,
1177 4272 1410 4342 judicio,
1462 4270 1691 4326 deduxit
1721 4272 1862 4327 bona
1925 4272 1991 4326 ad

403 4367 760 4422 occasionem
794 4367 1085 4430 malorum,
1118 4373 1175 4419 ιιι
1204 4365 1438 4435 exempli
1463 4381 1629 4420 causa
1655 4365 1799 4431 dico,
1833 4365 1992 4435 quid-

2103 538 2208 574 νων
2234 521 2496 586 ἐξέτασις.
2526 521 2619 584 Τίς
2652 517 2744 574 οῦν
2780 523 3068 594 περισσεία
3095 523 3188 576 τοῦ
3211 525 3463 592 ποιοῦντος
3492 532 3541 584 ὲν
3559 527 3627 596 οἷς

2105 612 2264 678 αὐτὸς
2293 613 2512 684 μοχθεῖ;
2540 613 2651 666 Καὶ
2688 614 2825 684 μετὰ
2848 614 3042 680 ταῦτα,
3067 634 3084 667 ι
3104 612 3272 678 Εἶδον,
3297 637 3314 670 ι
3347 620 3485 690 φησὶ,
3520 624 3627 676 (τὸν

2105 708 2484 778 περισπασμὸν
2511 707 2570 761 ὃν
2609 707 2777 760 ἔδωκε
2811 709 2922 771 τοῖς
2952 709 3087 770 υἱοῖς
3117 709 3222 762 τῶν
3254 709 3526 780 ἀνθρώπων
3551 713 3630 766 τοῦ

2105 799 2476 869 περισπᾶσθαι
2504 801 2562 852 ἑν
2585 798 2762 870 ἑαυτῷ
2793 799 2863 852 τὰ
2891 799 3200 871 σύμπαντα,
3230 799 3264 854 ἃ.
3283 801 3488 872 ἐποίησε
3514 804 3633 858 καλὰ

2104 891 2161 944 ἑν
2188 892 2364 965 καιρῷ
2392 892 2578 946 αὐτοῦ.
2616 892 2724 945 Καί
2755 908 2818 958 γε
2853 891 2944 945 τὸν
2980 891 3151 944 αἰῶνα
3180 891 3366 946 ἔδωκεν
3388 894 3442 945 ἑν
3469 895 3636 966 καρδίᾳ

2103 983 2302 1047 αὐτῶν,
2330 985 2476 1048 ὅπως
2516 984 2589 1056 μὴ
2623 985 2757 1055 εὕρῃ
2788 982 3070 1054 ἄνθρωπος
3107 985 3166 1038 τὸ
3194 984 3392 1055 ποίημα
3419 985 3446 1037 ὃ
3478 987 3638 1054 ἑποίη-

2106 1092 2196 1129 σεν
2218 1079 2245 1129 ὁ
2271 1076 2402 1140 Θεὸς
2429 1077 2522 1130 ἀπ’
2545 1077 2718 1147 ἀρχῆς
2752 1075 2911 1147 μέχρι
2937 1075 3141 1139 τέλους.
3167 1095 3186 1128 ι
3205 1075 3268 1129 Τί
3299 1072 3459 1130 ταῦτα
3478 1076 3639 1144 λέγεις

2115 1167 2410 1235 Ἐπέγνων,
2447 1168 2630 1238 φησιν,
2662 1166 2784 1219 ὃθεν
2811 1167 3186 1238 περιεσπάσθη
3218 1168 3314 1237 τῆς
3335 1166 3472 1238 ζωῆς
3498 1169 3528 1237 ἡ
3555 1170 3636 1222 άν-

2103 1258 2346 1330 θρωπίνη
2389 1258 2568 1326 φύσις,
2602 1259 2666 1311 ἑκ
2704 1257 2811 1311 τῶν
2838 1257 2996 1311 θείων
3024 1258 3346 1329 εὐεργεσιῶν
3375 1258 3467 1322 τὰς
3493 1254 3642 1330 ἀφορ-

2105 1349 2213 1417 μὰς
2231 1348 2492 1403 λαϐοῦσα.
2512 1349 2568 1402 Ὀ
2589 1351 2684 1420 μὲν
2704 1349 2813 1421 γὰρ
2840 1349 2925 1402 ἐπ’
2948 1349 3137 1418 ἀγαθῷ
3153 1348 3221 1402 τά
3241 1351 3409 1404 πάντα
3425 1350 3639 1421 ἐποίησε,

2102 1441 2196 1492 καὶ
2228 1440 2484 1510 λογισμὸν
2519 1438 2684 1492 ἔδωκε
2720 1442 2829 1503 τοῖς
2866 1439 2974 1492 τῶν
3006 1439 3177 1493 ὄντων
3228 1440 3502 1511 μετέχουσι
3549 1441 3649 1495 δια-

2103 1531 2344 1604 κριτικὸν
2365 1530 2457 1583 τοῦ
2482 1529 2772 1600 βελτίονος,
2798 1530 2865 1582 δι’
2893 1520 2955 1582 οὗ
2977 1532 3009 1600 ἡ
3037 1529 3287 1600 εὐκαίρια
3313 1530 3407 1600 τῆς
3439 1530 3646 1584 ἑκάστου

2102 1623 2351 1694 χρήσεως
2383 1621 2781 1691 ἑπιγνωσθεῖσα
2823 1622 2919 1692 τὴν
2952 1621 3055 1678 τοῦ¹
3087 1620 3254 1674 καλοῦ
3289 1621 3526 1691 αἴσθησιν
3553 1624 3652 1685 τοῖς

2103 1715 2464 1786 κεχρημένοις
2511 1714 2815 1785 χαρίζεται.
2879 1712 3097 1783 Ἐπειδὴ
3143 1712 3201 1765 δὲ
3251 1713 3526 1782 ἀπεσφάλη
3567 1712 3652 1782 τῆς

2101 1809 2264 1880 ὀρθῆς
2313 1809 2442 1881 περὶ
2492 1807 2601 1861 τῶν
2645 1807 2812 1861 ὄντων
2853 1807 3119 1878 κρίσεως,
3153 1803 3240 1859 διὰ
3271 1807 3500 1877 πονηρᾶς
3533 1823 3654 1874 συμ-

2101 1903 2298 1973 ϐουλῆς
2352 1899 2734 1973 παρατραπεὶς
2783 1899 2878 1952 τοῦ
2923 1898 3267 1963 καθεστῶτος
3313 1897 3653 1968 λογισμοῦ,ἠ

2101 1994 2386 2066 ὑπαλλαγὴ
2429 1993 2524 2047 τοῦ
2569 1991 2764 2062 καιροῦ
2802 1993 2863 2044 τὸ
2902 1991 2986 2060 ἐφ’
3019 1991 3252 2046 ἑκάστου
3302 1993 3559 2063 χρήσιμον
3588 1991 3656 2054 εἰς

2102 2089 2354 2142 ἐναντίαν
2380 2085 2574 2158 ἔτρεψε
2601 2087 2816 2156 πεῖραν.
2851 2084 3062 2154 Ὥσπερ
3093 2084 3145 2136 εἴ
3175 2100 3260 2148 τις
3286 2083 3376 2136 ἐπὶ
3407 2080 3661 2152 τραπέζης

2101 2179 2281 2231 πᾶσαν
2314 2176 2537 2246 προθεὶς
2567 2173 2920 2245 παρασκευὴν
2950 2172 3204 2242 εὐωχίας,
3243 2172 3336 2225 καὶ
3368 2171 3528 2240 σκεύη
3553 2168 3659 2221 τινὰ

2101 2270 2238 2342 πρὸς
2282 2270 2380 2340 τὴν
2424 2268 2525 2337 τῆς
2558 2267 2764 2338 τροφῆς
2810 2265 3099 2336 συνεργίαν
3144 2263 3463 2334 ἐπιτηδείως
3491 2262 3662 2332 ἔχοντα

2103 2360 2492 2433 συμπαραθείη
2514 2399 2528 2423 ,
2561 2354 2650 2412 οἷα
2677 2357 2740 2428 δὴ
2782 2355 2934 2427 παρὰ
2966 2356 3074 2408 τῶν
3109 2355 3183 2408 τὰ
3214 2352 3434 2406 τοιαῦτα
3466 2351 3659 2421 φιλοτε-

2101 2453 2370 2524 χνούντων
2414 2447 2952 2512 κατασκευάζονται,
2983 2447 3016 2516 ἢ
3048 2444 3256 2508 λεπτάς
3309 2442 3571 2514 μαχαίρας
3605 2437 3663 2492 δι’

2101 2539 2176 2598 ὧν
2220 2546 2266 2597 οἱ
2295 2542 2613 2613 δαιτυμόνες
2653 2541 2864 2602 ἑαυτοῖς
2893 2555 2944 2590 τι
2979 2537 3323 2610 διαιροῦνται
3357 2535 3461 2589 τῶν
3492 2547 3665 2604 προτε-

2103 2636 2324 2700 θέντων,
2359 2635 2392 2704 ἣ
2423 2634 2522 2697 τὰς
2550 2632 2800 2705 ἀργυρᾶς
2822 2630 3073 2702 περόνας,
3115 2624 3208 2692 αἷς
3241 2631 3274 2700 ἡ
3306 2625 3668 2698 συμπεφυκυῖα

2104 2723 2243 2777 κατὰ
2283 2723 2343 2775 τὸ
2381 2723 2563 2793 ἕτερον
2603 2721 2768 2792 μέρος
2801 2719 3070 2788 κοιλότης,
3109 2719 3251 2788 πρὸς
3281 2718 3341 2771 τὸ
3386 2717 3528 2779 ἔθνος
3561 2717 3668 2768 ἑπιο

2101 2813 2325 2883 τηδείως
2353 2811 2494 2882 ἔχειν
2523 2812 2816 2880 πεποίηται
2843 2825 2854 2838 ’
2903 2808 3092 2861 ἔπειτά
3130 2825 3215 2872 τις
3243 2806 3353 2859 τῶν
3379 2805 3462 2858 ἐπ’
3487 2802 3670 2873 εὐωχίᾳ

2105 2903 2561 2973 συγκεκλημένιόν
2627 2901 2940 2966 ὑπαλλάξας
2995 2900 3103 2952 τῶν
3154 2898 3529 2969 προκειμένων
3574 2893 3662 2964 τὴν

2103 2998 2321 3068 χρῆσιν,
2364 2995 2576 3065 ἑκάστῳ
2628 2993 2763 3064 πρὸς
2793 2993 2861 3046 τά
2899 2993 2971 3064 μὴ
3018 2993 3213 3048 δέοντα
3241 2991 3438 3064 χρῷτο,
3486 2987 3576 3042 καὶ
3605 2988 3667 3057 τῇ

2107 3087 2352 3158 μαχαίρᾳ
2385 3087 2504 3157 μὲν,
2544 3086 2577 3155 ἢ
2630 3084 2821 3138 ἑαυτὸν
2870 3086 2904 3156 ἦ
2945 3103 3065 3138 τινα
3100 3085 3218 3162 τῶν
3269 3079 3671 3154 παρακειμένων

2103 3178 2292 3248 τέμοι,
2335 3181 2400 3250 τῇ
2447 3178 2502 3230 δὲ
2553 3178 2754 3248 περόνῃ
2787 3177 2876 3230 τὸν
2917 3175 3204 3254 ὀφθαλμὸν
3229 3177 3264 3248 ἢ
3319 3173 3412 3228 τοῦ
3444 3172 3600 3233 πέλας
3641 3166 3672 3238 ἡ

2104 3270 2193 3323 τὸν
2229 3268 2423 3322 ἑαυτοῦ
2445 3271 2856 3340 ὲκκεντήσειεν·
2889 3269 3032 3322 εἴποι
3064 3287 3158 3332 -τις
3191 3269 3280 3335 ἂν,
3308 3269 3388 3320 ὅτι
3415 3268 3478 3336 τῇ
3511 3279 3675 3333 παραυ

2106 3364 2272 3432 σκευῇ
2304 3359 2396 3414 τοῦ
2428 3359 2738 3430 ἑστιάτορος
2768 3359 2796 3411 ὁ
2822 3359 2971 3412 δεῖνα
3005 3359 3085 3420 εἰς
3117 3358 3292 3411 κακὸν
3320 3354 3672 3425 ἀπεχρήσατο,

2103 3452 2264 3507 αὑτοῦ
2288 3452 2807 3524 παρασκευάσαντος
2832 3452 2932 3522 τὴν
2964 3451 3146 3504 αἰτίαν
3171 3440 3281 3504 τῶν
3310 3447 3676 3518 ἐκϐησομένων

2105 3541 2622 3612 προετοιμάσαντος,
2651 3541 2785 3594 ἀλλὰ
2817 3540 2916 3611 τῆς
2949 3540 3131 3608 κακῆς
3166 3539 3282 3594 τῶν
3323 3537 3676 3611 προτεθέντων

2103 3633 2352 3702 χρήσεως
2385 3633 2462 3694 είς
2491 3631 2648 3685 τοῦτο
2675 3631 2734 3684 τὸ
2759 3631 2930 3695 πάθος
2959 3631 3395 3702 προαγαγούσης
3419 3629 3506 3681 τὸν
3530 3625 3677 3680 ἀϐούο

2102 3723 2208 3787 λως
2237 3726 2350 3788 τοῖς
2396 3724 2774 3794 προκειμένοις
2815 3725 3202 3795 χρησάμενον
3254 3721 3458 3785 οὕτως,
3505 3718 3673 3789 φησὶν,

2102 3811 2154 3880 ἑ]
2168 3829 2274 3865 νων
2298 3812 2392 3865 καὶ
2430 3810 2561 3879 ἑγὼ,
2597 3811 2677 3863 ὅτι
2714 3812 2867 3880 παρὰ
2894 3810 2987 3863 τοῦ
3025 3809 3167 3863 Θεοῦ
3203 3809 3403 3878 γέγονε
3434 3808 3529 3878 μὲν
3562 3805 3679 3858 ἓκα⁶

2103 3920 2228 3956 στον
2261 3903 2354 3955 ἐπὶ
2384 3903 2544 3955 παντὶ
2570 3901 2647 3972 τῷ
2678 3901 2938 3972 βελτίονι,
2974 3903 3134 3973 εἴπερ
3163 3905 3222 3955 ἑν
3253 3899 3434 3973 καιρῷ
3467 3895 3599 3951 κατὰ
3623 3894 3676 3946 τὸ

2102 3995 2376 4067 προσῆκον
2425 3993 2655 4048 ἑκάστου
2687 3993 2895 4062 γένοιτο
2923 3995 3142 4064 χρῆσις·
3191 3997 3226 4066 ἡ
3275 3994 3334 4048 δὲ
3373 3987 3676 4062 παρατροπὴ

2101 4089 2198 4158 τῆς
2218 4086 2384 4158 ὀρθῆς
2416 4087 2544 4157 περὶ
2572 4085 2679 4138 τῶν
2713 4085 2880 4138 ὅντων
2926 4085 3166 4155 κρίσεως
3201 4088 3284 4148 εἰς
3314 4083 3564 4154 ἀφορμὴν
3592 4097 3678 4132 κα·

2104 4179 2214 4233 κῶν
2243 4178 2310 4231 τά
2341 4177 2520 4246 ἀγαθά
2561 4177 2896 4247 περιήγαγεν
2917 4193 2930 4205 ·
2964 4169 3073 4227 οἶόν
3104 4193 3160 4228 τι
3195 4175 3344 4243 λέγω
3365 4192 3376 4202 ο
3406 4174 3470 4227 Τί
3497 4171 3678 4241 γλυκύ-

2101 4284 2257 4340 τερον
2284 4269 2381 4336 τῆς
2409 4265 2517 4318 τῶν
2546 4264 2838 4334 ὀφθαλμῶν
2870 4263 3188 4334 ἑνεργείας;
3237 4264 3382 4316 Ἀλλ’
3421 4264 3544 4315 ὅταν
3571 4259 3676 4327 ὄψις

2101 4361 2346 4414 παθοῦσα
2363 4360 2642 4431 ὑπηρέτης
2665 4357 2875 4426 γίνηται
2897 4360 3005 4420 τοῖς
3026 4357 3322 4421 τοιούτοις,
3347 4357 3406 4410 τὸ
3439 4357 3519 4409 ἐπ’
3547 4354 3680 4422 εὔερ-

413 4474 540 4514 nani
610 4465 694 4513 est
749 4458 1051 4527 jucundius
1118 4458 1401 4512 oculormu
1468 4458 1828 4528 operatione?
1885 4457 1990 4515 Sed

2101 4453 2258 4524 γεσία
2284 4452 2574 4523 γενόμενον
2590 4451 2760 4504 αἴτιον
2787 4450 2969 4503 κακῶν
2997 4451 3337 4521 γεγενῆσθαι
3363 4449 3530 4518 λέγει·
3555 4448 3673 4513 ὅπερ

399 4551 636 4621 quando
668 4551 806 4606 male
841 4552 1067 4608 allectus
1105 4553 1255 4608 visus
1289 4560 1374 4606 est
1438 4551 1767 4606 administer
1801 4569 1990 4608 eorum

402 4657 535 4709 quae
565 4648 695 4694 sunt
741 4641 1033 4710 ejusmodi,
1078 4643 1206 4697 dicit
1237 4643 1291 4697 id
1334 4643 1480 4712 quod
1532 4643 1736 4699 factum
1774 4645 1877 4699 fuit
1925 4647 1993 4701 ad

415 4732 762 4801 beneficium,
793 4732 966 4788 fuisse
1001 4749 1222 4787 causam
1261 4736 1565 4790 malorum:
1595 4738 1736 4805 quod
1773 4737 1992 4806 quidem

414 4825 546 4879 nihil
573 4824 849 4887 estaliud,
885 4841 1049 4894 quam
1081 4827 1224 4894 quod
1284 4827 1426 4882 bono
1459 4829 1600 4884 male
1649 4839 1808 4884 utens
1841 4828 1995 4898 quis-

415 4917 580 4986 piam,
616 4915 796 4970 elTecit
831 4924 889 4969 ut
931 4932 1062 4970 usus
1115 4925 1262 4971 esset
1297 4919 1509 4974 vitium.
1572 4919 1645 4974 lla
1685 4920 1850 4974 etiam
1888 4920 1993 4973 alia

414 5004 599 5058 omnia
628 5021 749 5074 qua:
777 5019 806 5057 a
843 5004 950 5059 Deo
979 5005 1136 5058 habet
1175 5015 1391 5070 natura,
1429 5008 1531 5062 sita
1568 5021 1694 5064 sunt
1726 5013 1777 5063 in
1825 5010 1991 5064 libera

411 5095 686 5150 electione
733 5112 923 5150 eorum
969 5096 1060 5164 qui
1111 5104 1360 5164 utuntur,
1399 5107 1455 5153 ut
1495 5102 1590 5153 liat
1651 5103 1880 5155 materia
1910 5103 1990 5157 vel

415 5190 682 5242 bonorum
714 5189 795 5243 vel
843 5190 1143 5263 malorum.
1194 5189 1559 5255 Quamobrem
1603 5194 1990 5253 dieitrOmnia

331 5302 335 5307 ·
416 5296 538 5348 quae
565 5279 690 5334 fecit
719 5281 859 5335 bona
898 5282 951 5335 in
986 5289 1232 5352 tempore
1293 5298 1417 5337 suo.
1444 5283 1783 5349 iQuinetiam
1818 5302 1990 5338 aevum

416 5375 563 5427 dedit
596 5375 648 5428 iu
707 5375 870 5429 corde
927 5376 1192 5444 ipsorum.
1235 5375 1434 5430 divum
1495 5384 1674 5430 autem
1734 5392 1856 5429 cum
1923 5378 1994 5429 sit

416 5463 690 5532 quoddam
722 5465 923 5519 mentis
951 5464 1257 5535 cogitatum
1285 5465 1477 5534 spatiis
1505 5474 1556 5520 et
1588 5466 1887 5520 intervallis
1919 5466 1996 5518 di-

416 5572 687 5620 mensum,
723 5556 992 5628 signiﬁcat
1022 5572 1239 5612 omnem
1272 5557 1393 5624 ejus
1427 5565 1737 5610 creaturam
1769 5574 1890 5626 qum
1941 5559 1992 5610 in

418 5650 536 5716 ipso
571 5649 749 5703 fuerit.
788 5647 860 5703 Ex
901 5665 967 5722 eo
1001 5666 1129 5720 ergo
1177 5650 1317 5719 quod
1373 5650 1636 5709 continet,
1674 5649 1991 5703 universum

415 5738 558 5809 quod
598 5740 649 5793 in
677 5755 738 5794 eo
767 5741 1096 5804 continetur,
1126 5739 1360 5793 ostendit
1391 5739 1585 5793 oratio.
1612 5738 1806 5793 Omnia
1843 5755 1990 5811 ergo,

2097 4547 2223 4601 ἄλλο
2250 4545 2401 4598 οὐδέν
2431 4546 2600 4606 ἐστιν,
2644 4545 2676 4614 ἦ
2725 4544 2804 4596 ὅτι
2839 4541 3024 4606 κακῶς
3061 4543 3143 4614 τῷ
3181 4542 3340 4614 καλῷ
3376 4560 3459 4606 τις
3488 4537 3675 4611 χρησά-

2100 4659 2292 4714 μενος,
2344 4640 2515 4704 πάθος
2546 4639 2644 4710 τὴν
2698 4639 2891 4709 χρῆσιν
2943 4638 3224 4709 ἐποίησεν.
3278 4637 3438 4690 Οῦτω
3487 4635 3573 4688 καὶ
3619 4630 3672 4681 τὰ

2095 4732 2230 4788 ἄλλα
2257 4731 2433 4785 πάντα
2459 4731 2560 4783 ὅσα
2599 4728 2751 4800 παρὰ
2783 4727 2872 4781 τοῦ
2904 4727 3038 4780 Θεοῦ
3077 4727 3196 4798 ἔχει
3223 4731 3257 4799 ἡ
3311 4727 3496 4796 φύσις,
3529 4727 3580 4778 ἐν
3619 4721 3672 4790 τῇ

2101 4824 2413 4897 προαιρέσει
2435 4823 2542 4876 τῶν
2571 4822 2930 4893 κεχρημένων
2960 4821 3212 4891 κεῖται,ῆ
3239 4820 3424 4875 καλῶν
3449 4820 3480 4890 ἢ
3511 4813 3675 4870 κακῶν

2099 4917 2200 4986 ﬁla
2237 4915 2509 4985 γενέσθαι.
2550 4914 2639 4966 Διό
2674 4931 2838 4984 φησι·
2879 4931 2896 4962 ‹
2925 4913 3005 4965 Τὰ
3056 4913 3364 4982 σύμπαντα
3401 4911 3437 4966 ὃ.
3473 4907 3674 4974 ἐποίησε

2098 5007 2236 5060 καλά
2264 5007 2321 5058 ἑν
2346 5003 2522 5076 καιρῷ
2566 5003 2752 5056 αὐτοῦ.
2783 5023 2799 5054 ι
2837 5003 2945 5057 Καί
2972 5020 3035 5071 γε
3062 5003 3155 5057 τὸν
3195 5005 3374 5057 αἰῶνα
3405 5003 3597 5054 ἔδωκεν
3628 4996 3676 5045 ἐν

2096 5097 2293 5168 καρδίᾳ
2320 5096 2516 5150 αὐτῶν.
2563 5096 2620 5148 Ὀ
2647 5095 2701 5147 δὲ
2749 5093 2882 5149 αἰὼν
2931 5095 3376 5165 διαστηματικόν
3423 5110 3474 5146 τι
3517 5090 3677 5157 νόημα

2095 5190 2174 5251 ὂν,
2230 5190 2408 5242 πᾶσαν
2441 5187 2604 5241 αὐτοῦ
2645 5187 2900 5258 σημαίνει
2933 5187 3032 5258 τὴν
3065 5187 3248 5240 κτίσιν
3301 5189 3402 5257 τὴν
3459 5187 3512 5237 ἑν
3544 5177 3676 5245 αὐτῷ

2097 5280 2414 5350 γενομένην.
2451 5279 2658 5333 Οὐκοῦν
2695 5281 2760 5332 ὲκ
2796 5281 2891 5333 τοῦ
2924 5281 3279 5352 περιέχοντος
3333 5281 3478 5332 ἆπαν
3509 5273 3566 5328 τὸ
3590 5273 3676 5339 ὲμο

2099 5373 2480 5444 περιεχόμενον
2510 5354 2780 5425 δείκνυσιν
2803 5375 2830 5426 ὁ
2863 5373 3039 5441 λόγος.
3068 5373 3260 5425 Πάντα
3293 5370 3388 5426 οὖν
3414 5373 3510 5424 ὅσα
3537 5369 3588 5418 ἐν
3608 5361 3675 5430 τῷ

2096 5464 2251 5518 αἰῶνι
2275 5463 2515 5531 γέγονεν,
2539 5461 2704 5514 ἔδωκε
2729 5467 2794 5534 τῇ
2820 5465 2915 5517 ἀνθ
2923 5464 3132 5536 ρωπίνῃ
3166 5463 3372 5534 καρδίᾳ
3395 5461 3479 5514 ἐπ’
3503 5452 3674 5526 ἀγαθῷ

2097 5560 2124 5608 ὁ
2149 5557 2279 5619 Θεὸς
2299 5597 2314 5621 ,
2346 5555 2486 5608 ὥστε
2521 5556 2608 5608 διὰ
2638 5556 2899 5626 μεγέθους
2932 5557 3026 5608 καὶ
3066 5555 3342 5624 καλλονῆς
3372 5550 3675 5619 κτισμάτων

2098 5648 2424 5718 ἀναθεωρεῖν
2464 5648 2530 5699 δι’
2573 5649 2748 5700 αὐτῶν
2801 5649 2892 5700 τὸν
2926 5650 3252 5717 ποιήσαντα.
3291 5649 3354 5698 Οἱ
3400 5645 3454 5695 δὲ
3499 5642 3560 5693 δι’
3604 5631 3669 5689 ὧν

2101 5741 2565 5810 εὐηργετῆθησαν,
2595 5741 2678 5792 διὰ
2707 5741 2907 5793 τούτων
2931 5740 3308 5808 ἐϐλάφθησαν.
3343 5740 3419 5808 τῷ
3448 5738 3519 5808 μὴ
3544 5730 3672 5784 κειτᾶ
