3928 6196
272 252 363 309 753
1129 257 1134 264 ’
1271 253 1336 308 ΙΝ
1376 258 1812 317 ECCLESIASTI

1955 260 2240 322 llOMlLlA
2282 261 2413 318 Vlll.

3403 261 3506 318 ’154

265 371 319 423 τὺ
333 367 444 421 δέον
465 364 666 436 ἑκάστῳ
689 367 782 420 καὶ
803 367 1018 438 πρδςξτὺ
1038 369 1351 425 λυσιτελοῦν
1373 374 1809 447 ἀποχρήσασθαι.

1919 395 2038 450 qua:
2063 381 2119 436 in
2161 395 2277 436 aevo
2308 379 2452 434 facta
2498 385 2649 443 sunt,
2683 378 2836 435 dedit
2867 378 3011 435 Deus
3076 377 3228 435 cordi
3268 378 3504 436 humano

264 456 352 513 Διά
365 453 511 509 τοῦτό
531 473 708 526 φησιν’
731 477 748 508 ι
765 459 953 523 Ὅπως
979 460 1054 530 μὴ
1076 459 1210 533 εὕρῃ
1228 461 1514 534 ἄνθρωπος
1535 466 1593 519 τὸ
1616 468 1824 540 ποίημα

262 547 550 616 ὖὲποίησεν
579 548 608 600 6
649 546 783 610 Θεὸς
828 549 922 602 ἐπὶ
963 549 1040 621 τῷ
1077 551 1176 621 τῆς
1223 551 1490 622 ὠφελείας
1532 558 1739 629 σκοπῷ,
1767 562 1825 613 ὲν

264 639 380 690 πᾶσι
411 639 516 700 τοῖς
544 637 822 705 γεγονόσιν
863 639 958 692 ἀπ’
991 641 1166 712 ἀρχῆς
1200 642 1300 712 τῆς
1332 644 1564 709 κτίσεως
1603 649 1695 699 καὶ
1725 648 1822 717 μέ-

263 745 340 800 χρι
367 728 461 800 τῆς
505 728 596 782 τοῦ
625 729 827 794 παντὸς
867 731 1341 802 συμπληρώσεως,
1371 735 1584 800 οὐδενὸς
1618 738 1677 789 ὲν
1711 741 1822 803 τοῖς

257 818 390 874 οὖσιν
421 821 566 884 ὄντος
595 821 788 876 κακοῦ.
825 842 842 873 ι
887 823 1023 876 Οὐδὲ
1053 823 1162 895 γὰρ
1195 824 1308 895 ἔχει
1337 827 1498 895 φύσιν
1523 826 1583 892 ἐξ
1609 828 1814 896 ἀγαθοῦ

257 908 405 961 κακόν
441 927 491 963 τι
521 909 705 979 φῦναι.
735 913 799 965 Ei
831 911 888 965 δὲ
918 911 1121 981 ἀγαθὸς
1145 915 1173 966 6
1200 913 1310 967 τῶν
1335 916 1590 975 ἁπάντων
1621 918 1813 988 αἴτιος,

254 1003 417 1071 ἀγαθά
470 1004 683 1069 πάντως
728 1006 830 1059 ὅσα
865 1007 929 1060 ὲκ
973 1006 1067 1060 τοῦ
1113 1007 1318 1076 ἀγαθοῦ
1367 1009 1466 1081 τὴν
1514 1011 1814 1069 ὑπόστασιν

253 1093 369 1163 ἔχει.

1926 469 1993 522 ad
2029 469 2257 535 bonum,
2284 478 2344 524 ut
2373 483 2470 538 per
2498 467 2928 540 magnitudinem
2952 475 3007 524 et
3041 465 3504 540 pulchritudinem

1924 570 2321 629 creaturarum,
2354 575 2452 631 per
2481 560 2629 631 ipsas
2654 559 3089 630 contemplemur
3120 576 3247 616 cum
3294 562 3390 630 qui
3427 561 3507 617 fe-

1923 653 2016 708 cit.
2058 653 2139 708 llli
2171 661 2351 709 autem
2387 667 2485 723 per
2514 666 2578 707 ea
2638 666 2761 720 quae
2817 658 3142 721 acceperant
3193 652 3460 708 beneﬁcia
3488 693 3503 715 .

1923 742 2036 800 laesi
2064 751 2214 808 sunt,
2245 759 2312 800 eo
2346 744 2491 815 quod
2522 758 2630 798 non
2663 756 3000 812 unoquoque
3025 750 3084 796 ut
3114 751 3329 813 oportet
3359 751 3412 799 et
3438 744 3506 798 ad

1925 833 2214 890 utilitatem
2256 836 2341 891 usi
2378 842 2530 891 sunt.
2575 832 2641 888 Et
2687 833 2810 889 ideo
2839 833 2974 888 dicit
3008 851 3020 887 :
3058 851 3078 883 ι
3133 831 3212 888 Ne
3263 834 3510 888 inveniat

1926 925 2088 981 homo
2115 940 2253 997 opus
2286 924 2433 996 quod
2480 925 2610 980 fecit
2637 924 2781 980 Deus
2835 923 2902 978 ad
2955 937 3182 993 scopum
3229 923 3506 986 utilitatis,

1924 1014 1981 1068 in
2007 1015 2262 1070 omnibus
2286 1030 2407 1086 quae
2439 1015 2584 1069 facta
2621 1021 2750 1069 sunt
2784 1013 2852 1067 ab
2891 1012 3050 1066 initio
3088 1011 3408 1077 creationis,
3455 1021 3511 1065 ct

1923 1120 2099 1175 usque
2144 1104 2210 1159 ad
2253 1105 2496 1162 universi
2542 1104 3072 1161 consummationem
3102 1123 3115 1158 :
3151 1119 3275 1160 cum
3330 1103 3384 1157 in
3439 1102 3508 1158 iis

253 1199 359 1254 qua:
379 1193 523 1248 sunt,
590 1186 726 1242 nihil
764 1188 835 1244 sit
864 1189 1012 1243 mali.
1051 1209 1069 1241 ι
1139 1189 1326 1260 Neque
1353 1190 1501 1247 enim
1530 1201 1614 1249 est
1643 1193 1746 1250 hoc
1783 1197 2052 1262 naturale,
2081 1206 2141 1253 ut
2169 1212 2236 1253 ex
2272 1197 2419 1253 bono
2452 1197 2656 1268 aliquid
2680 1196 2810 1250 mali
2873 1205 3154 1254 nascatur.
3219 1196 3278 1250 Si
3322 1201 3506 1250 autem

253 1281 411 1336 bonus
439 1289 523 1336 est
585 1283 678 1353 qui
713 1299 898 1340 rerum
967 1286 1210 1341 omnium
1238 1293 1322 1342 est
1355 1297 1546 1344 auctor
1596 1297 1651 1346 et
1679 1305 1870 1360 causa,
1912 1293 2054 1350 bona
2121 1295 2346 1350 omnino
2414 1303 2543 1350 sunt
2580 1309 2940 1364 quaecumque
2979 1309 3044 1350 ex
3094 1293 3243 1350 bono
3300 1293 3505 1349 habent

251 1368 614 1430 substantiam.

310 1461 451 1533 Εἶτα,
484 1468 751 1536 «Ἕγνων,
781 1488 799 1522 ι
829 1470 1012 1541 φησὶν,
1044 1491 1062 1524 ι
1087 1474 1168 1526 ὅτι
1204 1474 1305 1527 οὐκ
1332 1475 1478 1531 ἔστιν
1510 1477 1715 1546 ἀγαθὸν
1754 1481 1812 1535 ὲν

1988 1475 2217 1542 Deinde,
2251 1475 2336 1530 19.
2380 1493 2400 1526 ι
2447 1473 2606 1539 Novi,
2647 1493 2665 1524 ι
2731 1473 2948 1544 inquit,
3007 1491 3025 1524 ι
3079 1471 3227 1543 quod
3273 1487 3385 1526 non
3420 1481 3506 1527 est

250 1557 432 1624 αὐτοῖς,
450 1559 498 1610 εί
532 1559 608 1630 μὴ
633 1561 692 1614 τὺ
711 1561 1211 1634 εὐφρανθῆναι,κα“ι
1234 1567 1296 1620 τὸ
1323 1571 1498 1622 ποιεῖν
1525 1571 1729 1639 ἀγαθὸν
1758 1573 1816 1626 ἐν

250 1645 347 1717 ζωῇ
364 1643 550 1700 αὐτοῦ.
565 1664 583 1698 ι
605 1646 1147 1720 Ἀνακεφαλαιοῦνται
1162 1656 1238 1728 τῷ
1266 1657 1410 1729 λόγῳ
1432 1659 1500 1714 τὰ
1529 1661 1813 1735 εἰρημένα.

249 1737 302 1790 Εἰ
326 1738 505 1810 γὰρέν
537 1742 713 1814 καιρῷ
741 1743 850 1797 τῶν
897 1745 1056 1802 θείων
1095 1749 1418 1820 ποιημάτων
1453 1752 1486 1822 ἡ
1531 1753 1727 1824 χρῆσις
1754 1753 1816 1807 τὸ

249 1829 392 1918 καλὸν
426 1832 602 1903 ὁρίζει
645 1838 710 1905 τῇ
741 1835 1056 1913 ἀνθρωπίνῃ
1100 1840 1232 1912 ζωῇ,
1263 1839 1321 1895 ἓν
1343 1842 1410 1897 ἂν
1439 1843 1524 1915 εἴη
1564 1844 1748 1910 καλὸν,
1779 1848 1812 1918 ἡ

247 1917 477 1992 διηνεκὴς
517 1922 618 1975 ἐπὶ
650 1927 761 1988 τοῖς
801 1925 986 1991 καλοῖς
1043 1929 1375 2002 εὐφροσύνη,
1429 1932 1552 2002 ἦτις
1597 1934 1664 1986 ὲκ
1705 1917 1814 1987 τῶν

247 2010 444 2078 ἀγαθῶν
478 2013 662 2086 ἔργων
691 2019 966 2084 γεννᾶται.
1010 2019 1074 2077 Ἦ
1104 2020 1211 2095 γὰρ
1245 2021 1354 2076 τῶν
1387 2023 1618 2077 ἐντολῶν
1644 2025 1812 2096 ἐργα-

247 2101 342 2166 σία,
377 2102 468 2156 νῦν
510 2106 613 2175 μὲν
649 2106 739 2160 διὰ
762 2109 859 2178 τῆς
896 2108 1110 2175 ἐλπίδος
1142 2113 1423 2185 εὐφραίνει
1453 2115 1544 2170 τὸν
1581 2115 1690 2170 τῶν
1717 2135 1815 2171 κα-

245 2193 337 2249 λῶν
365 2199 765 2270 προϊστάμενον
809 2201 1004 2273 ἔργων’
1035 2204 1172 2274 μετά
1212 2205 1381 2260 ταῦτα
1414 2208 1470 2262 δὲ
1515 2209 1814 2267 ἀπόλαυσιν

244 2288 336 2341 τῶν
359 2289 586 2358 ἀγαθῶν
624 2291 851 2348 ἐλπίδων
878 2293 1168 2367 δεξαμένη,
1203 2296 1332 2350 ἴδιον
1360 2300 1475 2362 τοῖς
1511 2300 1682 2366 ἀξίοις
1713 2303 1814 2375 τὴν

247 2379 576 2452 εὐφροσύνην
607 2384 948 2456 προτίθησιν,
995 2387 1083 2440 ὅτε
1114 2389 1278 2459 φησὶν
1306 2390 1336 2441 6
1375 2389 1579 2461 Κύριος
1611 2395 1723 2458 τοῖς
1753 2395 1814 2449 τὸ

244 2471 424 2538 ἀγαθὸν
456 2474 841 2545 πεποιηκόσιν,
863 2477 942 2531 ὅτι
973 2478 1253 2543 (Δεῦτε,οἱ
1284 2481 1816 2558 εὐλογημένοι,κλη-·

248 2567 566 2634 ρονομήσατε
604 2566 700 2639 τὴν
730 2569 1136 2642 ἡτοιμασμένην
1165 2573 1306 2644 ὑμῖν,
1331 2576 1626 2646 βασιλείαν,
1652 2599 1670 2635 ›
1704 2581 1812 2634 Καὶ

244 2656 362 2729 ὅπερ
404 2661 560 2713 ἐστὶν
591 2662 624 2731 ἡ
660 2661 863 2731 βρῶσις
891 2665 982 2716 καὶ
1024 2665 1182 2729 πόσις
1227 2667 1306 2738 τῷ
1354 2670 1589 2742 σώματι,
1627 2672 1692 2726 δι’
1735 2667 1812 2726 ὧν

246 2758 578 2824 συντηρεῖται
609 2756 643 2824 ἡ
671 2755 852 2824 φύσις,
890 2757 1049 2812 τοῦτό
1083 2761 1198 2814 ἐστι
1229 2765 1294 2833 τῇ
1322 2764 1554 2836 ψυχῇστὸ
1583 2766 1719 2837 πρὸς
1750 2767 1811 2820 τὸ

1918 1571 1976 1626 in
2001 1570 2135 1641 ipsis
2160 1570 2386 1633 bonum,
2414 1567 2522 1624 nisi
2547 1566 2741 1634 laetari,
2765 1577 2819 1621 et
2855 1565 3036 1621 facere
3065 1565 3272 1622 bonum
3306 1565 3361 1620 in
3391 1565 3503 1620 vita

1918 1677 2039 1720 sua.
2072 1681 2090 1714 ι
2112 1659 2208 1716 llis
2229 1659 2409 1714 verbis
2433 1657 2487 1711 in
2517 1671 2788 1712 summam
2815 1656 3020 1726 colligit
3043 1671 3165 1726 qua:
3185 1656 3331 1711 dicta
3349 1665 3499 1712 sunt.

1918 1752 1979 1808 Si
2017 1752 2163 1808 enim
2201 1749 2514 1804 divinorum
2555 1761 2782 1816 operum
2816 1759 2955 1800 usus
2987 1745 3045 1798 in
3080 1753 3329 1814 tempore
3362 1743 3501 1800 deli-

1917 1846 1999 1902 nit
2045 1845 2250 1900 bonum
2308 1842 2563 1896 humanae
2611 1839 2755 1906 vitae,
2816 1853 2984 1893 unum
3045 1838 3213 1893 fuerit
3268 1838 3497 1904 bonum,

1916 1950 2111 2006 nempe
2145 1939 2412 2005 perpetua
2450 1932 2506 1985 in
2536 1931 2705 1987 rebus
2735 1931 2896 1986 bonis
2923 1940 2977 1985 et
3009 1929 3259 1985 honestis
3287 1930 3498 1998 laetitia,

1915 2044 2039 2100 quae
2065 2026 2318 2084 nascitur
2349 2042 2416 2081 ex
2442 2024 2604 2081 bonis
2633 2025 2913 2096 operibus.
2945 2023 3326 2079 Mandatorum
3349 2025 3501 2078 enim

1916 2119 2256 2181 observatio,
2305 2132 2453 2172 nunc
2491 2117 2716 2188 quidem
2753 2132 2853 2188 per
2903 2131 3055 2187 spem
3101 2116 3287 2170 laetitia
3334 2115 3504 2171 allicit

1915 2228 2041 2271 eum
2088 2212 2184 2283 qui
2237 2210 2382 2266 bona
2420 2209 2554 2264 facit
2605 2223 2816 2279 opera:
2869 2216 3058 2278 postea
3105 2215 3286 2262 autem
3342 2207 3503 2263 bonas

1916 2306 2035 2378 spei
2095 2304 2282 2361 fructu
2333 2312 2581 2374 accepto,
2640 2301 2900 2372 proponit
2952 2301 3231 2372 propriam
3279 2301 3347 2357 iis
3401 2301 3500 2370 qui

1915 2399 2069 2473 digni
2101 2407 2233 2454 sunt
2258 2396 2534 2460 laetitiam,
2567 2394 2789 2464 quando
2825 2393 2960 2449 dicit
2989 2393 3256 2449 Dominus
3296 2393 3367 2449 iis
3399 2392 3502 2463 qui

1913 2493 2119 2548 bonum
2166 2489 2464 2545 fecerunt:
2507 2505 2524 2538 ι
2564 2485 2784 2553 Venite,
2831 2485 3102 2541 benedicti
3147 2483 3498 2550 Patrisemei,

1911 2583 2194 2656 possidete
2227 2588 2479 2651 paratum
2513 2577 2666 2636 vobis
2694 2591 2923 2648 regnum
2953 2577 3019 2631 σί.
3062 2595 3081 2630 ι
3127 2576 3192 2632 Et
3230 2577 3376 2646 quod
3414 2582 3504 2632 est

1912 2675 2072 2729 cibus
2109 2681 2162 2726 et
2196 2681 2360 2740 potus
2396 2668 2638 2737 corpori,
2690 2681 2787 2737 per
2831 2681 2954 2735 qua:
2999 2674 3360 2722 conservatur
3397 2681 3500 2720 na-

1913 2774 2059 2830 tura,
2093 2763 2198 2817 hoc
2230 2768 2315 2816 est
2345 2761 2541 2815 animae
2566 2759 2630 2813 ad
2672 2758 2875 2812 bonum
2909 2757 3179 2826 aspicere,
3206 2765 3259 2811 et
3285 2757 3389 2813 hoc
3413 2766 3500 2813 est

243 2843 425 2914 ἀγαθὸν
453 2846 704 2919 βλέπειν,
730 2849 999 2904 καὶτοῦτο
1020 2852 1094 2917 ὡς
1119 2854 1334 2925 ἀληθῶς
1364 2857 1503 2928 δόμα
1525 2859 1642 2912 ἐστὶ
1663 2858 1798 2912 Θεοῦ

1916 2879 2034 2919 vere
2064 2862 2269 2917 donqu
2300 2858 2417 2922 Dei,
2468 2857 2522 2912 in
2567 2853 2736 2910 Deum
2786 2851 2999 2908 deﬁxos
3043 2851 3250 2907 habere
3279 2851 3499 2906 oculos.

241 2936 294 2988 τὺ
329 2939 658 3002 ὲνατενίζειν
686 2940 825 3012 Θεῷ.
867 2943 1037 2997 Τοῦτο
1081 2945 1192 3017 γάρ
1225 2949 1340 3000 ὲστι
1382 2950 1444 3001 τὸ
1469 2950 1659 3020 ὄνομα,
1695 2951 1723 3005 ὃ
1753 2955 1810 3004 ὲν

240 3030 337 3092 τοῖς
361 3031 564 3102 ἑφεξῆς
592 3033 879 3104 εἰρημένον
905 3035 1500 3111 διερμηνεύεται.Ἔχει
1528 3043 1582 3096 δὲ
1605 3046 1637 3115 ἡ
1669 3043 1811 3112 λέξις

240 3119 394 3184 οὕτως
417 3140 429 3152 ·
477 3142 496 3173 c
537 3126 646 3176 Καί
669 3141 730 3192 γε
761 3127 867 3189 πᾶς
891 3127 1173 3198 ἄνθρωπος
1198 3131 1256 3195 ὃς
1280 3132 1532 3202 φάγεται,
1560 3137 1653 3189 καὶ
1693 3138 1811 3189 πίε-

240 3227 344 3276 ται,
378 3217 468 3268 καὶ
504 3216 595 3288 ἴδη
625 3216 826 3284 ἀγαθὸν
850 3219 908 3272 ἐν
941 3222 1104 3274 παντὶ
1147 3223 1328 3296 μόχθῳ
1358 3216 1545 3294 αὑτοῦ,
1576 3229 1732 3282 τοῦτο
1755 3230 1812 3282 δὲ

241 3301 361 3373 δόμα
388 3306 526 3359 Θεοῦ
561 3309 724 3360 ἐστιν.
749 3328 767 3360 ι
789 3310 875 3374 Ὠς
908 3313 1013 3384 γὰρ
1040 3301 1392 3386 όᾶνθρωπος,
1417 3320 1603 3389 φησιν,
1629 3320 1656 3372 6
1683 3339 1806 3392 σαρ-

241 3392 398 3466 κώδης
425 3399 483 3451 ἐν
511 3398 593 3468 τῷ
623 3404 817 3470 φαγεῖν
859 3405 953 3456 καὶ
985 3408 1128 3458 πιεῖν
1153 3407 1250 3477 τὴν
1287 3410 1439 3478 ἰσχὺν
1470 3411 1600 3482 ἔχει,
1634 3413 1805 3478 οὕτως

240 3487 266 3538 6
285 3487 410 3557 πρὸς
429 3491 491 3543 τὸ
514 3491 721 3558 ἀγαθὸν
748 3492 960 3570 βλέπων
1003 3496 1227 3565 (ἀγαθὸν
1247 3499 1300 3552 δὲ
1321 3500 1570 3572 ἀληθινὸν
1595 3505 1623 3556 ὁ
1649 3505 1806 3574 μόνος

240 3574 422 3643 ἀγαθὸς
451 3580 522 3633 ἂν
555 3581 673 3650 εἴη)
720 3583 859 3653 δόμα
891 3584 1024 3638 Θεοῦ
1057 3587 1170 3658 ἔχει
1212 3591 1268 3643 ἐν
1299 3592 1464 3645 παντὶ
1493 3593 1678 3664 μόχθῳ
1704 3597 1803 3648 αὺ-

239 3666 340 3732 τοῦ,
369 3671 501 3726 αὐτὸ
546 3672 703 3725 τοῦτο
730 3671 791 3726 τὸ
818 3675 953 3745 πρὸς
997 3677 1055 3728 τὸ
1086 3678 1397 3746 ἀγαθὸνᾛιεὶ
1423 3681 1656 3751 βλέπειν.
1707 3686 1806 3740 Διά

240 3759 321 3829 τοῦ
348 3762 555 3838 Κέδρίου
589 3765 744 3835 ἡμῶν
791 3767 963 3839 Ἰησοῦ
1001 3769 1236 3839 Χριστοῦ
1263 3767 1343 3840 ’ᾧ
1382 3773 1570 3843 ἡδόξα
1613 3776 1705 3845 καὶ
1745 3779 1805 3831 τὸ

241 3851 419 3919 κράτος
451 3855 534 3916 εἰς
573 3855 699 3919 τοὺς
726 3856 924 3921 αἰῶνας
951 3857 1060 3913 τῶν
1089 3860 1318 3918 αἰώνων.
1365 3864 1556 3935 Ἀμήν.

304 4011 342 4042 τ’
385 4013 579 4068 Matth.
623 4033 748 4081 xxv,
780 4020 868 4075 5i.

1908 2953 2024 3008 Hoc
2061 2961 2144 3007 est
2187 2949 2334 3006 enim
2378 2961 2599 3008 nomen,
2642 2935 2789 3015 quod
2843 2942 2899 2998 in
2956 2942 3024 2998 iis
3062 2957 3183 3012 quae
3232 2941 3497 3012 deinceps

1909 3048 2054 3103 dicta
2076 3050 2206 3098 sunt
2224 3043 2641 3110 interpretatur.
2666 3036 2746 3090 lta
2774 3043 2958 3090 autem
2983 3034 3149 3089 habet
3173 3041 3499 3093 contextus:

1913 3140 2001 3193 15.
2061 3157 2078 3188 ε
2112 3133 2425 3201 Quinetiam
2472 3129 2654 3183 omnis
2702 3127 2867 3183 homo
2912 3126 3005 3196 qui
3059 3124 3386 3193 comederit,
3443 3133 3502 3179 et

1911 3226 2138 3288 biberit.
2179 3232 2233 3280 et
2270 3223 2469 3277 viderit
2509 3221 2715 3275 bonum
2746 3219 2800 3273 in
2833 3217 2983 3274 omni
3014 3217 3202 3272 labore
3232 3231 3356 3280 suo,
3391 3216 3500 3270 hoc

1913 3329 1999 3375 est
2024 3329 2206 3373 autem
2243 3317 2448 3371 donum
2481 3313 2598 3368 Dei.
2639 3332 2655 3362 ι
2708 3309 2844 3365 Nam
2891 3310 3036 3365 sicut
3079 3309 3264 3374 homo,
3297 3307 3496 3379 inquit,
3585 3361 3587 3370 ,

1912 3410 2154 3466 carnalis
2201 3409 2254 3462 in
2306 3402 2645 3461 comedendo
2684 3414 2736 3459 et
2789 3401 3028 3458 bibendo
3084 3400 3253 3456 habet
3290 3399 3440 3456 vires
3480 3417 3495 3454 :

1913 3503 1988 3556 ita
2016 3500 2108 3571 qui
2152 3498 2220 3552 ad
2268 3497 2476 3551 bonum
2522 3493 2721 3564 aspicit
2799 3492 3027 3561 (bonum
3077 3498 3261 3547 autem
3303 3506 3496 3546 verum

1911 3601 2017 3656 est,
2045 3591 2138 3661 qui
2171 3588 2323 3645 solus
2349 3595 2433 3641 est
2459 3586 2637 3641 bonus
2664 3584 2681 3655 )
2709 3583 2914 3638 donum
2941 3582 3037 3638 Dei
3071 3582 3235 3638 habet
3265 3584 3322 3636 in
3347 3581 3497 3637 omni

1911 3681 2098 3736 labore
2143 3693 2268 3739 suo,
2326 3676 2433 3730 hoc
2487 3675 2666 3743 ipsum
2725 3672 2792 3727 ad
2851 3673 2904 3727 id
2963 3671 3114 3743 quod
3155 3672 3361 3727 bonum
3410 3678 3496 3726 est

1913 3787 2128 3842 semper
2172 3769 2439 3840 aspicere.
2490 3765 2596 3821 Per
2654 3765 2944 3819 Dominum
2999 3773 3248 3818 nostrum
3303 3761 3492 3818 Jesum

1910 3864 2224 3919 Christum:
2261 3861 2349 3915 cui
2382 3858 2554 3930 gloria
2572 3865 2625 3912 et
2663 3856 2904 3927 potentia
2939 3855 2993 3910 in
3025 3853 3228 3911 saecula
3259 3852 3493 3910 saeculo-

1915 3971 2052 4009 rum.
2091 3954 2286 4017 Amen.
