3928 6196
459 179 556 230 755

1695 153 1749 233 ς.
1790 181 2014 237 cuneo

2157 183 2453 268 διεξίῃ
3553 199 3640 255 756

1206 487 1432 600 ΤΟΥ
1495 488 1638 572 ΕΝ
1697 487 2061 574 ΑΓΙΟΙΣ
2135 488 2568 601 ΠΑΤΡΟΣ
2643 492 2968 595 ΗΜΩΝ

1553 705 2605 864 ΓΡΗΓΟΡΙΟΥ

1765 965 2166 1034 ΕΠΙΣΚΟΠΟΥ
2191 967 2462 1037 mam

1547 1141 2101 1238 ΕΞΗΓΗΣΙΣ
2138 1142 2603 1238 ΑΚΡΙΒΗΣ
2713 1155 2717 1159 ·

892 1347 1132 1486 ΕΙΣ
1186 1345 1385 1462 ΤΑ
1439 1346 2068 1488 ΑΣΜΑΤΑ
2138 1347 2438 1478 ΤΩΝ
2512 1348 3239 1486 ΑΣΜΑΤΩΝ

1221 1769 1383 1944 ὃς
1487 1777 1675 1928 Ν.
1745 1781 1917 1929 Ρ.
1990 1774 2915 1952 GREGORII

1740 2073 2054 2154 EPISCOPI
2093 2073 2392 2137 stsam

1591 2242 2539 2370 COMMENTARIUS

1007 2481 1154 2620 ΙΝ

1313 2481 2061 2606 CANTICUM
2202 2489 3147 2622 CANTICORUM.

1681 2703 1930 2768 (Gentiano
1949 2707 2154 2760 Herveto
2177 2705 2472 2772 interprete.)

719 3017 1118 3076 PROCEMIUM
1157 3021 1247 3074 AD
1287 3021 1758 3083 OLYMPIADEM‘.

520 3133 746 3190 Gratum
780 3142 836 3191 et
867 3140 1150 3205 acceptum
1185 3133 1286 3190 fuit
1325 3135 1462 3190 mihi
1499 3137 1743 3193 studium
1782 3139 1849 3195 de
1875 3141 2022 3197 Can-

451 3228 565 3282 tico
596 3227 958 3294 canticorum,
1013 3227 1160 3297 quod
1205 3235 1262 3300 et
1289 3243 1504 3295 coram,
1551 3240 1604 3286 et
1654 3231 1764 3287 tuis
1811 3234 1878 3289 ad
1920 3251 2020 3292 nos

453 3315 758 3386 exposuisti
807 3315 1032 3381 litteris,
1083 3324 1142 3371 ut
1175 3315 1324 3388 quod
1363 3318 1609 3374 honesta:
1657 3327 1764 3374 tuae
1816 3320 1938 3375 vita:
1967 3331 2022 3377 et

451 3422 603 3476 pura;
635 3406 830 3470 animae
863 3408 1174 3472 conveniat,
1217 3417 1275 3462 ut
1306 3424 1403 3479 per
1429 3411 1846 3466 Convenientem
1888 3428 2021 3468 eon-

452 3497 860 3570 templationem
891 3498 1172 3572 aperiatur
1215 3513 1336 3569 qua:
1369 3505 1452 3562 est
1503 3501 1556 3555 in
1592 3501 1774 3557 verbis
1805 3503 2020 3558 occulta

451 3588 824 3659 philosophia,
869 3575 945 3643 ab,
981 3605 1044 3646 ea
1078 3605 1200 3660 quae
1225 3599 1310 3661 est
1353 3589 1408 3649 in
1454 3600 1708 3663 promptu
1760 3592 2023 3676 dictione,

452 3681 506 3735 in
557 3681 713 3751 puris
762 3695 831 3743 ac.
869 3681 1104 3748 sinceris
1146 3683 1402 3747 sensibus
1447 3695 1772 3757 expurgata.
1818 3685 2021 3754 Quam-

449 3772 636 3825 obrem
694 3779 948 3843 prompto
981 3781 1035 3827 et
1065 3772 1234 3831 alacri
1274 3773 1456 3834 animo
1487 3774 1556 3831 de
1607 3775 1711 3830 hac
1760 3791 1820 3838 re
1872 3784 2020 3832 tuam

449 3862 636 3931 accepi
688 3863 1160 3919 sollicitudinem:
1210 3880 1321 3919 non
1353 3867 1498 3935 quod
1549 3865 1615 3922 ad
1665 3875 1790 3922 tuos
1839 3883 2020 3933 mores

448 3953 552 4008 hoc
583 3951 687 4007 tibi
721 3952 967 4009 futurum
1002 3954 1074 4012 sit
1105 3955 1260 4010 usui:
1292 3961 1382 4011 est
1405 3957 1554 4011 enim
1610 3957 1741 4012 mibi
1790 3972 2021 4027 persua-

446 4054 566 4098 sum
611 4060 808 4122 purum
856 4061 980 4102 esse
1029 4054 1183 4108 tuum
1228 4047 1424 4118 animae
1461 4047 1704 4114 oculum,
1749 4049 1818 4104 ab
1868 4049 2015 4104 omni

444 4134 667 4211 sordida
693 4145 747 4213 et
775 4136 1012 4206 obscena
1053 4140 1406 4209 cogitatione,
1438 4149 1493 4196 et
1526 4156 1648 4210 quce
1674 4141 1915 4211 agitatur
1949 4142 2018 4196 ab

443 4227 610 4280 animi
663 4227 1206 4298 perturbationibus,
1245 4246 1484 4302 eumque
1521 4247 1617 4301 per
1661 4232 1848 4286 divina
1904 4233 2018 4289 [nec

2390 3030 2765 3089 [IPOOIMION
2806 3032 2981 3086 ΠΡΟΣ
3012 3030 3450 3086 ΟΛΥΜῙΠΑΔΔ.

2207 3140 2576 3214 Ἀπεδεξάμην
2623 3143 2699 3206 ὼς
2748 3142 3060 3214 πρέπουσαν
3106 3142 3190 3214 τῷ
3236 3140 3420 3212 σεμνῷ
3457 3156 3544 3193 σου
3576 3137 3682 3208 βίῳ,

2122 3232 2217 3286 καὶ
2243 3233 2310 3302 τῇ
2341 3232 2555 3302 καθαρᾷ
2588 3231 2682 3285 σοῦ
2708 3231 2873 3303 ψυχῇ,
2890 3233 2989 3304 τὴν
3015 3233 3145 3302 περὶ
3171 3229 3268 3285 τοῦ
3297 3230 3566 3302 ’ᾼσματος
3592 3226 3686 3280 τῶν

2121 3323 2379 3394 ᾀσμάτων
2431 3322 2681 3395 σπουδὴν,
2714 3325 2779 3394 ἢν
2806 3325 2895 3377 καὶ
2946 3323 3085 3380 κατὰ
3141 3324 3438 3395 πρόσωπον
3478 3321 3568 3375 καὶ
3609 3319 3686 3376 διὰ

2120 3409 2461 3482 γραμμάτων
2487 3410 2617 3479 ἡμῖν
2646 3409 2851 3476 ἐξέθου,
2901 3410 3039 3464 ὥστε
3085 3411 3180 3466 διὰ
3223 3413 3324 3484 τῆς
3375 3409 3685 3480 καταλλήλου

2120 3497 2350 3570 θεωρίας
2383 3501 2754 3572 φανερωθῆναι
2787 3501 2885 3573 τὴν
2919 3503 3387 3574 ἐγκεκρυμμένην
3436 3503 3546 3564 τοῖς
3594 3502 3683 3569 ρη.

2119 3591 2230 3662 τοῖς
2259 3589 2592 3661 φιλοσοφίαν,
2627 3592 2723 3663 τῆς
2769 3591 3058 3666 προχείρου
3099 3593 3250 3662 κατὰ
3292 3592 3392 3664 τὴν
3434 3591 3574 3656 λέξιν
3601 3589 3688 3659 ὲμ’

2120 3683 2334 3753 φάσεως
2375 3685 2432 3737 ὲν
2474 3685 2594 3748 ταῖς
2636 3685 2932 3757 ἀκηράτοις
2975 3685 3214 3751 ἐννοίαις
3263 3683 3684 3756 κεκαθαρμένην.

2119 3775 2209 3848 Διὸ
2253 3773 2547 3846 προθύμως
2589 3773 2937 3848 ἀπεδεξάμην
2984 3777 3082 3848 τὴν
3138 3777 3274 3848 περὶ
3321 3775 3512 3830 τούτου
3541 3789 3686 3843 φρον-

2118 3847 2255 3929 τίδα,
2305 3864 2404 3936 οὑχ
2456 3865 2532 3930 ὥς
2577 3865 2658 3918 σοί
2705 3883 2756 3919 τι
2805 3847 3135 3937 χρησιμαῖον
3189 3847 3272 3931 είς
3325 3867 3387 3920 τὸ
3439 3865 3528 3919 σὸν
3572 3860 3688 3932 ἦθος

2117 3956 2560 4033 (πέπεισμαιγᾴῳ
2577 3972 2670 4009 σου
2707 3955 3033 4028 καθαρεύειν,
3054 3957 3149 4010 τὸν
3183 3957 3286 4028 τῆς
3314 3956 3490 4028 ψυχῆς
3518 3949 3687 4022 ὀφθαλ-

2120 4046 2218 4118 μὸν
2264 4048 2372 4101 ἀπὸ
2404 4047 2584 4117 πάσης
2615 4047 2895 4118 ὲμπαθοῦς
2944 4065 3000 4102 τε
3033 4050 3131 4102 καὶ
3165 4049 3436 4120 ρυπώσης
3478 4044 3682 4105 ἑννοίας,

2117 4139 2211 4212 καὶ
2241 4138 2377 4210 πρὸς
2403 4138 2501 4210 τὴν
2537 4139 2811 4210 ᾁκήρατον
2838 4139 2996 4211 χάριν
3023 4139 3113 4194 διὰ
3143 4140 3256 4194 τῶν
3288 4141 3451 4194 θείων
3501 4134 3684 4190 τούτων

2120 4229 2298 4302 ῥητῶν
2354 4229 2842 4301 ἅπαρεμποδίστως
2883 4229 3100 4300 βλέπειν
3122 4230 3166 4299 ),
3227 4232 3348 4285 ἀλλ’
3395 4231 3479 4300 ἐφ’
3506 4222 3548 4295 ᾧ
3589 4225 3686 4285 τοῖς

440 4319 606 4387 verba
639 4320 707 4381 ad
745 4319 1020 4388 sinceram
1053 4322 1196 4394 etab
1225 4322 1451 4389 interitu
1485 4325 1717 4385 alienam
1758 4339 2014 4394 sponsam

2120 4319 2576 4390 σαρκωδεστέροις
2601 4321 2967 4392 χειραγωγίαν
2995 4321 3120 4378 τινὰ
3143 4322 3428 4390 γενέσθαι,
3449 4320 3575 4391 πρὸς
3597 4316 3683 4386 τὴν

441 4411 644 4486 intueri
673 4412 811 4479 citra
845 4413 1016 4473 ullum
1048 4413 1496 4485 impedimentum
1519 4430 1533 4466 :
1556 4416 1648 4492 sed
1679 4425 1739 4471 ut
1769 4417 1860 4486 qui
1889 4424 2014 4474 sunt

2122 4409 2495 4479 πνευματικήν
2528 4426 2587 4462 τε
2625 4410 2719 4463 καὶ
2757 4409 2918 4463 ἄῦλον
2957 4409 3057 4478 τῆς
3090 4410 3282 4482 ψυχῆς
3341 4413 3680 4466 κατάστασιν,

440 4501 608 4571 paulq
655 4501 831 4572 magis
887 4503 1162 4570 carnales,
1220 4519 1318 4574 per
1373 4520 1494 4561 eam
1548 4505 1892 4561 deducantur
1943 4505 2012 4564 ad

440 4589 780 4660 spiritualem
839 4600 891 4648 et
923 4595 1168 4650 materia:
1223 4604 1500 4666 expertem
1537 4604 1738 4652 statum
1794 4592 2048 4665 animae:

439 4681 506 4736 ad
542 4699 702 4752 quem
731 4685 883 4746 ducit
912 4685 1003 4743 hie
1053 4687 1190 4742 liber
1219 4703 1314 4757 per
1342 4688 1665 4759 sapientiam
1697 4705 1816 4759 qua:
1849 4692 1904 4746 in
1946 4706 2012 4747 co

437 4774 731 4834 delitescit.
770 4777 1040 4844 Quoniam
1072 4788 1253 4839 autem
1280 4782 1561 4848 nonnullis
1590 4781 1806 4838 videtur
1831 4784 2010 4840 eccle-

437 4865 705 4933 siasticis,
755 4883 927 4929 sacra:
971 4869 1271 4940 Scriptura:
1321 4873 1560 4934 litteram
1611 4881 1666 4928 et
1715 4872 2008 4938 dictionem

435 4962 701 5024 perpetuo
747 4971 869 5014 esse
926 4959 1282 5028 sequendam,
1340 4976 1442 5027 nec
1493 4962 1874 5025 assentiuntur
1915 4977 2010 5032 per

434 5044 722 5115 aenigmata
768 5045 1169 5117 allegoriasque
1209 5055 1263 5103 et
1293 5063 1488 5113 sensus
1528 5065 1760 5106 areanos
1800 5047 2007 5119 aliquid

433 5134 506 5198 ab
534 5150 596 5194 ea
626 5135 832 5192 dictum
857 5153 979 5196 esse
1008 5139 1073 5193 ad
1107 5146 1351 5194 nostram
1391 5139 1714 5197 utilitatem:
1751 5140 2007 5196 existimo

435 5225 672 5296 primum
708 5241 833 5284 esse
872 5227 1270 5293 necessarium,
1308 5229 1376 5286 iis
1419 5229 1754 5300 respondere
1797 5229 1890 5300 qui
1938 5228 2006 5298 de

435 5318 504 5374 iis
533 5334 632 5376 nos
669 5329 954 5384 accusant,
1001 5330 1056 5378 et
1101 5321 1416 5389 ostendere,
1449 5321 1595 5392 quod
1628 5322 1764 5376 nihil
1809 5322 2005 5377 absur-

433 5410 564 5465 dum
615 5419 668 5467 et
702 5412 939 5467 alienum
987 5413 1246 5476 facimus,
1291 5413 1337 5469 si
1387 5429 1454 5470 ex
1493 5412 1678 5475 divina
1725 5420 1780 5468 et
1823 5426 1852 5465 a
1898 5412 2006 5468 Deo

434 5501 705 5572 inspirata
735 5502 1020 5576 Scriptura
1059 5506 1208 5560 omni
1255 5505 1469 5560 ratione
1500 5518 1766 5558 venemur
1795 5503 2002 5559 utilita-

431 5599 539 5649 tem
570 5612 585 5651 :
612 5603 667 5651 ut
696 5596 739 5652 si
773 5596 945 5666 prosit
987 5597 1200 5664 quidem
1236 5596 1404 5669 dictio
1437 5594 1714 5650 intellecta
1749 5603 1800 5649 ut
1849 5595 1995 5650 dicta

2120 4497 2254 4567 πρὸς
2273 4499 2338 4569 ἢν
2368 4498 2491 4566 ἄγει
2512 4499 2574 4560 τὸ
2595 4499 2793 4569 βιϐλίον
2821 4500 2977 4554 τοῦτο
3005 4500 3092 4554 διὰ
3112 4503 3220 4572 τῆς
3251 4498 3679 4575 ἐγκεκρυμμένης

2117 4589 2262 4661 αὐτῷ
2309 4591 2518 4660 σοφίας.
2567 4591 2783 4662 Ἐπειδὴ
2829 4591 2886 4645 δέ
2923 4609 3034 4646 τισι
3078 4594 3195 4647 τῶν
3233 4589 3678 4665 ὲκκλησιαπικῶν
3789 4629 3792 4636 .

2115 4681 2482 4752 παρίστασθαι
2514 4683 2579 4752 τῇ
2605 4681 2745 4745 λέξει
2772 4682 2871 4751 τῆς
2907 4681 3068 4751 ἁγίας
3096 4683 3334 4755 Γραφῆς
3365 4685 3453 4737 διὰ
3485 4681 3676 4734 πάντων

2115 4774 2250 4827 ἱέναι
2294 4772 2461 4837 δοκεῖ,
2501 4773 2595 4826 καὶ
2623 4773 2683 4825 τὸ
2715 4773 2781 4826 δι’
2816 4773 3158 4842 αἰνιγμάτων
3195 4776 3296 4828 καὶ
3331 4772 3587 4828 ὑπονοιῶν
3613 4769 3674 4820 εἰ·

2115 4865 2310 4938 ρῆσθαί
2354 4883 2407 4919 τι
2438 4867 2567 4937 παρ’
2598 4865 2768 4935 αὐτῆς
2803 4866 2883 4929 εἰς
2925 4864 3205 4935 ὠφέλειαν
3235 4867 3398 4937 ἡμῶν
3437 4865 3495 4918 οὐ
3528 4856 3673 4914 συντίο

2113 4955 2324 5010 θενταιο
2352 4955 2646 5023 ἀναγκαῖον
2677 4953 2914 5026 ἡγοῦμαι
2944 4953 3166 5026 πρῶτον
3197 4954 3558 5028 περὶτούτων
3584 4949 3673 5007 τοῖς

2091 5047 2184 5102 ατὰ
2233 5045 2455 5101 τοιαῦτα
2519 5047 2648 5116 ἡμῖν
2704 5044 3023 5114 ἐγκαλοῦσιν
3076 5045 3566 5116 ἀπολογήσασθαι,
3609 5041 3674 5091 ὅτι

2111 5138 2264 5204 οὐδὲν
2289 5137 2396 5191 ἀπὸ
2421 5137 2621 5207 τρόπου
2652 5136 2860 5204 γίνεται
2889 5138 3016 5207 παρ’
3045 5137 3235 5208 ἡμῶν,
3266 5136 3326 5193 ἐν
3352 5136 3432 5208 τῷ
3471 5129 3677 5188 σπουδά-

2113 5229 2227 5293 ζειν
2259 5229 2408 5299 ἡμᾶς
2457 5227 2516 5281 τὸ
2559 5227 2824 5290 παντοίως
2867 5225 3124 5298 θηρεύειν
3170 5229 3240 5281 ὲκ
3271 5228 3376 5297 τῆς
3411 5227 3552 5287 θείας
3597 5219 3675 5272 καὶ

2112 5318 2464 5373 θεοπνεύστου
2493 5317 2714 5388 Γραφῆς
2738 5318 2796 5372 τὸ
2817 5317 3094 5388 ὠφέλιμον
3115 5335 3131 5349 ο
3165 5318 3300 5373 ὥστ’
3321 5319 3388 5374 ἂν
3414 5317 3512 5390 μὲν
3549 5313 3674 5382 ὠφε-

2102 5409 2219 5482 λοίη
2266 5429 2319 5464 τι
2357 5411 2452 5463 καὶ
2495 5411 2528 5482 ἡ
2564 5409 2706 5476 λέξις
2746 5409 2822 5472 ὡς
2855 5408 3068 5482 εἴρηται
3103 5411 3407 5482 νοουμένη,
3453 5410 3586 5478 ἔχειν
3622 5401 3673 5465 ἐξ

2103 5501 2319 5571 ἑτοίμου
2345 5503 2406 5555 τὸ
2433 5499 2882 5572 σπουδαζόμενον.
2910 5501 2974 5554 El
2998 5499 3052 5554 δέ
3079 5517 3138 5554 τι
3167 5501 3310 5570 μετὰ
3335 5499 3670 5571 ὑποκρύψεως

2107 5594 2164 5646 ἐν
2211 5594 2483 5658 ὑπονοίαις
2515 5594 2622 5671 τισὶ
2667 5593 2757 5648 καὶ
2796 5591 3112 5662 αἰνίγμασιν
3162 5593 3474 5666 είρημένον,
3517 5587 3669 5655 ἀργδν
