3928 6196
183 169 264 228 757

171 283 236 344 tl;
276 277 536 346 ὠφέλειαν
584 274 668 344 εἴη
723 273 864 328 κατὰ
912 273 972 328 τὸ
1018 273 1307 346 πρόχειρον
1357 279 1555 350 νόημα,
1603 277 1728 342 τοὺς
1756 283 1803 344 Α

182 368 414 428 τοιούτους
435 363 631 432 λόγους
656 363 1033 434 ἀναστρέφειν,
1062 362 1244 428 καθὼς
1270 365 1562 434 ὑιρηγεῖται
1587 369 1615 420 ὁ
1643 366 1731 420 διὰ

186 459 276 514 τῶν
316 454 608 528 Παροιμιῶν
633 455 782 524 ἡμᾶς
815 454 1083 507 παιδεύων
1114 454 1272 522 λόγος
1307 458 1388 520 εἰς
1428 458 1489 510 τὸ
1517 458 1727 529 νοῆσαι,

190 551 212 623 ﬁ
239 550 304 612 ὡς
330 547 624 619 παραϐολὴν
651 548 710 601 τὸ
735 547 1047 616 λεγόμενον,
1077 548 1109 619 ἢ
1135 547 1210 610 ὡς
1243 550 1517 603 σκοτεινὸν
1551 551 1728 620 λόγον,

184 643 209 712 ἦ
247 641 316 704 ὡς
345 640 493 710 ῥῆσιν
540 639 803 710 σοφῶν,ἢ
853 639 927 702 ὥς
969 657 1020 693 τι
1064 639 1172 692 τῶν
1223 641 1583 711 αἰνιγμάτων.
1632 639 1735 696 Ὧν

180 733 264 799 τὴν
301 729 379 782 διὰ
421 729 514 798 τῆς
562 727 856 798 ἀναγωγῆς
892 725 1146 796 θεωρίαν,
1201 727 1310 779 εἴτε
1348 726 1728 798 τροπολογίαν,

182 823 269 876 εἴτε
295 817 624 890 άλληγορίαν,
670 816 780 870 είτε
809 835 860 870 τι
903 817 1030 871 ἄλλο
1069 834 1155 881 τις
1197 818 1484 889 ὀνομάζειν
1535 819 1728 884 ἐθέλοι,

181 911 308 963 οὐδὲν
354 909 476 978 περὶ
524 907 616 962 τοῦ
641 907 906 978 ὀνόματος
951 907 1287 978 διοισόμεθα,
1343 909 1504 979 μόνον
1548 909 1595 960 εἰ
1624 909 1731 962 τῶν

183 999 440 1071 ἔπωφελῶν
471 998 694 1072 ἔχοι[το]
723 999 1032 1070 νοημάτων.
1051 995 1161 1052 Καὶ
1191 1000 1298 1070 γὰρ
1320 1000 1346 1050 ὁ
1373 999 1545 1070 μὲγας
1571 996 1733 1052 ’Λπόο

183 1093 356 1156 στολος,
387 1090 754 1162 πνευματικὸν
794 1085 936 1143 εἶναι
978 1090 1152 1159 λέγων
1195 1091 1288 1144 τὸν
1329 1093 1510 1160 νόμον,
1559 1091 1732 1161 ὲμπε·

184 1183 468 1256 ριλαμσάνει
514 1182 592 1252 τῷ
619 1181 842 1253 ὀνόματι
893 1181 987 1234 τοῦ
1026 1182 1188 1252 νόμου
1226 1182 1319 1235 καὶ
1374 1182 1442 1235 τὰ
1488 1183 1733 1254 ἱστορικὰ

181 1275 479 1345 διηγήματα,
531 1274 608 1336 ὡς
656 1275 838 1326 πᾶσαν
872 1273 1230 1326 θεόπνευστον
1274 1274 1519 1344 Γραφὴν,
1569 1276 1732 1346 νόμον

183 1359 418 1427 εἶναιτοῖς
459 1364 880 1434 ἐντυγχάνουσιν
901 1405 916 1430 ,
960 1363 1020 1417 οὐ
1049 1364 1208 1434 μόνον
1233 1363 1320 1416 διὰ
1347 1364 1456 1417 τῶν
1485 1366 1732 1438 φανερῶν

180 1457 508 1528 πραγμάτων,
533 1454 667 1509 ἀλλὰ
688 1456 780 1509 καὶ
805 1455 893 1509 διὰ
921 1455 1027 1508 τῶν
1044 1454 1334 1527 ἱστορικῶν
1379 1457 1733 1528 διηγημάτων

179 1547 528 1610 παιδεύουσαν,
585 1547 721 1619 πρός
763 1563 824 1600 τε
865 1546 1065 1616 γνῶσιν
1107 1546 1215 1601 τῶν
1261 1548 1594 1620 μυστηρίων,
1639 1551 1733 1604 καὶ

177 1639 288 1710 πρὸς
321 1638 565 1711 καθαρὰν
613 1639 895 1693 πολιτείαν
942 1640 1068 1703 τοὺς
1115 1641 1480 1706 ὲπιστατικῶς
1517 1642 1733 1698 ὲπαῖον-
1764 1625 1805 1680 Β

175 1746 286 1792 τας’
324 1731 589 1810 κέχρηται
640 1732 737 1802 μὲν
781 1734 846 1801 τῇ
901 1729 1160 1801 ἐξηγήσει
1208 1732 1348 1786 κατά
1397 1733 1456 1786 τὸ
1501 1733 1732 1803 ἀρέσκον

178 1822 317 1894 αὐτῷ,
370 1824 508 1895 πρὸς
549 1811 620 1875 ’τὸ
661 1823 938 1894 ὠφέλιμον
983 1824 1228 1894 βλέπων
1264 1827 1324 1879 οὺ
1361 1827 1631 1898 φροντίζει
1676 1829 1734 1882 δὲ

177 1915 248 1967 τοῦ
288 1915 546 1986 ὀνόματος
586 1911 630 1982 ᾧ
681 1916 786 1988 χρὴ
834 1917 1300 1987 κατονομάζεσθαι
1349 1918 1408 1971 τὸ
1454 1915 1592 1983 εἶδος
1635 1919 1732 1990 τῆς

179 2004 471 2076 ἰῇγήσεως.
540 2006 697 2060 Ἀλλὰ
743 2007 835 2060 νῦν
889 2007 1175 2061 ἀλλάσσειν
1212 2010 1345 2080 φησὶ
1377 2009 1474 2080 τὴν
1525 2011 1731 2080 φωνὴν,

181 2095 352 2164 μέλλων
384 2097 652 2166 μετάγειν
697 2097 795 2168 τὴν
831 2097 1070 2169 ἱστορίαν
1105 2100 1184 2161 είς
1231 2098 1330 2170 τὴν
1365 2099 1588 2166 ἔνδειξιν
1635 2104 1734 2171 τῆς

178 2187 406 2257 περὶτῶν
453 2187 746 2257 Διαθηκῶν
773 2190 1120 2260 οἰκονομίαςο
1168 2185 1283 2241 εἶτα
1325 2190 1587 2260 μνησθεὶς
1624 2191 1733 2244 τῶν

177 2275 249 2328 δύο
273 2277 355 2329 τοῦ
389 2278 649 2350 Ἀϐραὰμ
685 2279 911 2346 τέκνων,
942 2279 1050 2333 τῶν
1083 2280 1148 2334 ὲκ
1179 2283 1278 2352 τῆς
1312 2281 1600 2352 παιδίσκης
1642 2281 1736 2337 καὶ

179 2370 256 2436 τῆς
282 2368 566 2440 ἐλευθέρας
593 2369 741 2439 αὑτῷ
767 2371 1090 2438 γεγονότων,
1123 2371 1451 2441 ἀλληγορίαν
1479 2373 1735 2443 ὀνομάζει

180 2459 258 2532 τὴν
286 2463 399 2531 περὶ
444 2463 634 2514 αὐτῶν
670 2461 924 2526 θεωρίαν.
973 2463 1142 2516 Πάλιν
1182 2463 1239 2515 δὲ
1273 2464 1574 2535 πράγματά
1617 2482 1736 2518 τινα

179 2549 549 2622 διηγησάμενος
602 2551 702 2621 τῆς
767 2551 1006 2624 ἱστορίας
1071 2553 1268 2624 φησιν,
1327 2554 1408 2606 ὅτι
1465 2552 1738 2619 Τυπικῶς

177 2642 676 2712 μὲν.συνέέάινεν
722 2643 998 2709 ἐκείνοις,
1035 2643 1260 2713 ἐγράφη
1301 2643 1370 2696 δὲ
1419 2646 1568 2712 πρὸς
1597 2662 1738 2698 νου-

179 2733 354 2786 θεσίαν
399 2733 594 2802 ἡμῶν.
635 2734 743 2786 Καὶ
794 2732 955 2786 πάλιν
1009 2732 1088 2799 τὸ,
1128 2732 1201 2804 μὴ
1263 2733 1371 2786 δεῖν
1432 2732 1739 2804 κημοῦσθαι

177 2823 247 2882 τὸν
273 2824 506 2878 ἀλοῶντα
562 2823 688 2895 βοῦν
731 2823 921 2887 εἰπὼν,
947 2822 1308 2892 προσέθηκεν,
1331 2824 1411 2876 ὅτι
1468 2821 1526 2875 οὐ
1591 2822 1742 2892 μέλει

1305 161 1374 218 ΙΝ
1407 162 1705 223 CANTICA
1747 159 2224 222 CANTICORUM.

3305 155 3414 212 τεο

1834 274 1956 341 fuit,
1999 279 2312 344 promptum
2349 277 2402 326 et
2439 277 2691 340 paratum
2736 267 2975 324 habeant
3012 265 3089 332 id,
3141 261 3302 335 cujus
3332 274 3414 321 te-

1832 375 2032 423 nentur
2081 365 2282 419 studio.
2321 363 2378 418 Si
2426 362 2559 434 quid
2605 372 2785 436 autem
2833 361 3051 417 occulte
3099 359 3308 414 dictum
3358 360 3413 414 in

1835 457 2054 513 areanis
2091 455 2348 512 sensibus
2387 463 2442 509 et
2467 453 2874 524 aenigmatibus,
2907 452 2976 507 ad
3009 451 3310 506 utilitatem
3345 451 3420 505 sit

1833 551 1995 620 plane
2045 549 2306 612 otiosum,
2364 548 2410 603 si
2464 555 2747 619 spectetur
2795 561 2994 600 sensus
3058 545 3154 614 qui
3217 551 3304 598 est
3363 544 3418 596 in

1832 648 2086 712 promptu
2119 648 2175 695 et
2206 641 2271 695 de
2305 655 2371 695 eo
2417 654 2599 695 sermo
2630 636 2742 702 ﬁat,
2790 635 2936 691 sicut
2980 634 3143 688 nobis
3173 632 3422 688 ostendit

1834 734 1926 805 qui
1973 749 2076 790 nos
2121 734 2302 788 erudit
2349 747 2447 803 per
2485 731 2807 793 Proverbia,
2857 728 2926 784 ad
2975 726 3420 797 intelligendum,

1833 827 1917 881 vel
1967 833 2230 896 tanquam
2287 823 2604 897 parabolam
2657 821 2709 877 id
2761 819 2909 890 quod
2943 819 3151 873 dictum
3189 825 3292 880 est,
3334 816 3422 869 vel

1835 925 2099 987 tanquam
2129 918 2425 972 obscuram
2450 913 2781 975 orationem,
2810 912 2895 966 vel
2920 917 3177 979 tanquam
3212 905 3420 960 dictum

1836 1007 2164 1078 sapientum,
2194 1006 2278 1061 vel
2313 1015 2572 1074 tanquam
2607 1001 2830 1072 aliquod
2862 999 3119 1069 aenigma.
3157 996 3292 1063 Qua:
3326 1007 3424 1064 per

1837 1112 2115 1168 anagogen
2147 1105 2328 1151 autem
2351 1095 2571 1150 exsistit
2600 1090 3018 1160 contemplatio,
3052 1103 3147 1144 seu
3175 1085 3422 1154 tr0polo-

1835 1189 2002 1258 giam,
2046 1203 2142 1243 seu
2184 1185 2504 1256 allegoriam
2542 1199 2638 1240 seu
2663 1183 2823 1238 aliter
2852 1180 2986 1237 velis
3016 1178 3325 1237 nominare,
3354 1172 3424 1228 de

1835 1278 2058 1332 nomine
2106 1277 2239 1331 nihil
2277 1275 2700 1335 contendemus,
2752 1273 2797 1327 si
2851 1287 2882 1326 a
2922 1286 3087 1326 sensu
3144 1267 3266 1322 utili
3312 1280 3424 1320 non

1837 1369 2076 1424 recedat.
2113 1368 2341 1440 Magnus
2373 1367 2521 1422 enim
2552 1365 2852 1436 Apostolus
2878 1363 3050 1434 iegem
3077 1363 3268 1416 dicens
3297 1373 3424 1414 esse

1837 1462 2182 1532 spiritualem
2207 1439 2251 1493 δ’
2286 1496 2303 1523 ,
2353 1461 2493 1531 legis
2529 1458 2752 1514 nomine
2786 1453 3206 1526 comprehendit
3256 1439 3424 1508 etiam

1837 1551 2129 1608 historicas
2187 1551 2569 1614 narrationes,
2613 1548 2748 1603 adeo
2806 1555 2864 1602 ut
2917 1547 3176 1600 universa
3224 1558 3256 1598 a
3315 1541 3426 1596 Deo

1836 1644 2100 1714 inspirata
2131 1642 2416 1712 Scriptura
2449 1642 2519 1697 sit
2545 1643 2628 1695 lex
2657 1640 2725 1695 iis
2752 1640 2846 1710 qui
2871 1640 3050 1708 ipsam
3076 1637 3285 1707 legunt,
3312 1647 3424 1688 non

1836 1735 2012 1790 solum
2045 1748 2140 1803 per
2174 1739 2468 1802 praecepta,
2498 1731 2594 1786 sed
2628 1730 2794 1784 etiam
2832 1743 2926 1798 per
2958 1725 3255 1780 historicas
3290 1733 3425 1775 nar-

1835 1826 2080 1880 rationes
2109 1822 2390 1889 erudiens,
2424 1830 2480 1877 et
2509 1821 2576 1875 ad
2607 1819 2980 1890 cognitionem
3011 1817 3425 1888 mysleriorum,

1835 1917 2010 1972 et'ad
2065 1916 2342 1970 sinceram
2397 1915 2525 1971 vitae
2573 1912 3006 1974 institutionem,
3063 1922 3158 1962 eos
3211 1904 3305 1974 qui
3359 1904 3429 1957 ad

1837 2005 2122 2060 scientiam
2188 2001 2618 2058 accommodate
2653 2003 2924 2066 audiunt;
2977 1999 3162 2052 utitur”
3204 1994 3427 2066 quidem

1836 2096 2200 2167 expositione,
2233 2105 2292 2149 ut
2323 2094 2427 2150 sibi
2457 2094 2657 2164 placet,
2683 2093 2963 2163 aspiciens
2989 2090 3056 2144 ad
3089 2089 3143 2144 id
3175 2087 3320 2158 quod
3345 2093 3434 2142 est

1839 2187 1993 2248 utile,
2028 2201 2136 2240 non
2174 2193 2334 2239 curat
2376 2191 2559 2238 autem
2596 2198 2709 2253 quo
2752 2179 2978 2235 nomine
3017 2179 3087 2233 sit
3120 2177 3432 2233 vocandum

1838 2296 2010 2350 genus
2084 2277 2477 2350 expositionis;
2536 2275 2632 2331 sed
2689 2288 2840 2329 nunc
2886 2272 3107 2343 quidem
3165 2269 3302 2323 dicit
3370 2280 3432 2321 se

1839 2378 2056 2424 mutare
2090 2384 2304 2429 vocem.
2355 2346 2712 2422 traducturus
2751 2367 3041 2420 historiam
3077 2361 3143 2416 ad
3183 2360 3433 2415 indicau-

1840 2462 1971 2517 dum
2008 2463 2493 2516 Testamentorum
2542 2459 2994 2530 diSpositionem.
3027 2454 3238 2510 Deinde
3273 2466 3431 2507 men-

1842 2555 2046 2609 tionem
2092 2551 2300 2608 faciens
2343 2551 2577 2605 duorum
2629 2551 2862 2606 ﬁliorum
2911 2547 3184 2609 Abrahae,
3235 2544 3352 2615 qui'
3383 2543 3431 2598 ei

1842 2647 1956 2701 nati
2000 2654 2131 2700 sunt
2159 2659 2226 2699 ex
2274 2643 2479 2698 ancilla
2521 2651 2576 2698 et
2611 2643 2807 2704 libera,
2845 2640 3088 2713 appellat
3114 2636 3435 2708 allegoriam

1843 2738 1911 2793 de
1938 2738 2006 2792 iis
2033 2735 2552 2805 contemplationem
2583 2733 2649 2787 θ’.
2676 2733 2893 2788 Rursus
2925 2739 3108 2786 autem
3135 2743 3261 2785 cum
3285 2740 3436 2797 quze-

1844 2829 1969 2884 dam
2022 2836 2307 2884 narrasset
2358 2844 2425 2884 ex
2472 2827 2727 2892 historia,
2784 2825 2920 2881 dicit
2953 2843 2966 2878 :
3000 2823 3129 2878 Haec
3164 2823 3219 2876 in
3257 2821 3435 2889 ﬁgura

176 2917 239 2985 τῷ
276 2918 383 2989 Θεῷ
430 2920 563 2990 περ).
617 2919 721 2970 τῶν
779 2917 936 2988 βοῶν,
971 2918 1085 2972 ἀλλ’
1117 2919 1200 2970 ὅτι
1242 2918 1311 2972 δι’
1342 2920 1486 2988 ἡμᾶς
1522 2920 1741 2981 πάντως

1847 2921 1959 2976 illis
2007 2922 2358 2977 eveniebant:
2414 2921 2615 2988 scripta
2672 2928 2794 2974 sunt
2847 2926 3022 2971 autem
3071 2916 3140 2968 ad
3193 2919 3437 2968 nostram

1903 3014 1913 3020 .
2050 3015 2106 3020 _-
2313 3015 2342 3020 _.
2413 3012 2452 3020 ..
3217 3011 3230 3020 .
3321 2999 3436 3020 ,τῴ

175 3010 376 3082 ἐγράφη.
407 3013 574 3064 Ἔστι
628 3010 684 3062 δὲ
737 3011 867 3062 ὅπου
907 3010 1006 3081 τὴν
1049 3009 1424 3082 άμυδροτέραν
1471 3009 1738 3080 κατανόη-

178 3115 245 3152 σιν
280 3103 363 3155 καὶ
402 3103 502 3174 τὴν
565 3103 630 3155 ὲκ
667 3101 865 3173 μέρους
898 3101 1134 3186 γνῶσιν)
1170 3100 1434 3174 ἔσοπτρον
1480 3100 1735 3173 ὀνομάζει

176 3192 253 3244 καί
278 3196 523 3266 αἴνιγμα.
543 3207 556 3215 ‘

1845 3014 2262 3068 admonitionem
2309 3015 2373 3068 ⁸³.
2412 3012 2478 3067 Ει
2533 3026 2756 3067 rursum
2826 3025 2950 3065 cum
3003 3007 3258 3071 dixisset,
3317 2999 3438 3056 Non

1843 3119 1957 3157 esse
1991 3103 2331 3174 alligandum
2386 3120 2444 3158 os
2477 3101 2590 3156 bovi
2625 3099 2990 3164 trituranti“,
3028 3093 3232 3166 adjecit
3279 3089 3438 3152 illud,

1842 3195 1954 3250 Deo
1991 3213 2093 3250 non
2134 3212 2248 3251 esse
2276 3212 2464 3252 curam
2491 3195 2556 3250 de
2585 3194 2772 3256 bobus,
2822 3190 2918 3248 sed
2951 3189 3177 3256 cumino
3205 3199 3270 3242 ea
3311 3195 3442 3240 esse

177 3285 351 3353 scripta
399 3293 634 3357 propter
672 3301 795 3340 nos.
847 3285 1062 3340 Alicubi
1111 3293 1294 3341 autem
1353 3285 1736 3341 obscuriorem
1778 3285 2220 3362 intelligentiam,
2305 3298 2360 3346 et
2410 3304 2531 3361 qua:
2579 3295 2760 3344 estex
2809 3291 2965 3358 parte
3042 3279 3440 3352 cOguitionem,

175 3381 430 3448 speculum
466 3383 721 3436 nominat
753 3389 807 3436 et
838 3382 1071 3452 aenigma
1098 3382 1164 3436 “.

232 3475 328 3528 Καὶ
376 3477 545 3531 πάλιν
584 3477 682 3547 τὴν
715 3477 824 3530 ἀπὸ
855 3476 963 3530 τῶν
999 3477 1268 3547 σωμάτων
1312 3477 1448 3548 πρὸς
1478 3476 1550 3534 τὰ
1576 3478 1745 3548 νοητά

179 3566 508 3636 μετάστασιν,
551 3567 688 3639 πρὸς
720 3566 927 3640 Κύριον
953 3569 1288 3639 ἐπιστροφὴν
1321 3569 1490 3638 λέγει,
1522 3569 1616 3622 καὶ
1645 3586 1744 3624 κα·

176 3654 428 3728 λύμματος
483 3659 856 3731 περιαίρεσιν.
918 3660 1006 3712 Ἐν
1064 3661 1200 3713 πᾶσι
1255 3660 1312 3712 δὲ
1367 3659 1579 3726 τούτοις
1630 3662 1744 3724 τοῖς

176 3745 422 3821 διαφόροις
455 3751 686 3823 τρόποις
719 3769 781 3805 τε.
806 3752 899 3806 καὶ
926 3751 1151 3822 ὀνόμασι
1183 3751 1282 3823 τῆς
1313 3753 1456 3806 κατὰ
1485 3753 1578 3807 τὸν
1618 3751 1743 3807 νοῦν

178 3837 401 3910 θεωρίας,
451 3844 516 3896 ἓν
570 3843 858 3912 ὑφηγεῖται
896 3841 1244 3907 διδασκαλίας
1294 3839 1432 3907 εἶδος
1478 3844 1630 3914 ἡμῖν,
1682 3843 1744 3902 τὸ

180 3933 241 4002 μὴ
267 3933 368 3989 δεῖν
403 3937 627 3999 πάντως
664 3934 998 4006 παραμένειν
1027 3935 1104 4005 τῷ
1151 3937 1458 4008 πράγματι,
1506 3937 1582 4000 ὡς
1621 3936 1746 4007 βλα-

179 4025 393 4097 πτούσης
443 4029 600 4100 ἡμᾶς
632 4028 688 4079 ἐν
725 4027 939 4091 πολλοῖς
976 4028 1068 4080 ἐπὶ
1111 4028 1199 4080 τὸν
1230 4029 1350 4081 κατ’
1381 4028 1583 4100 ἀρετὴν
1633 4027 1747 4097 βίον

178 4114 258 4184 τῆς
297 4120 590 4190 προχείρου
637 4117 745 4171 τῶν
777 4117 1088 4189 λεγομὲνων
1122 4119 1447 4191 ἐμφάσεως·
1481 4117 1619 4173 ἀλλὰ
1655 4136 1749 4190 με-

176 4207 424 4264 ταϐαίνειν
472 4210 616 4282 πρὸς
658 4211 758 4280 τὴν
795 4209 956 4264 ἄῦλόν
1008 4227 1067 4263 τε
1119 4211 1214 4264 καὶ
1259 4211 1456 4283 νοητὴν
1491 4210 1747 4281 Θεωρίαν,

1919 3477 1988 3532 Et
2013 3489 2210 3532 rursus
2238 3470 2536 3527 transitum
2569 3481 2600 3522 a
2631 3467 2800 3523 rebus
2829 3462 3218 3536 corporalibus
3249 3457 3318 3514 ad
3346 3472 3444 3514 eas

1847 3585 1975 3641 quae
1998 3567 2204 3624 cadunt
2251 3565 2354 3622 sub
2399 3561 2838 3632 intelligentiam.
2869 3557 3108 3628 appellat
3138 3551 3443 3608 transitum

1848 3663 1916 3718 ad
1946 3662 2258 3727 Dominum,
2283 3665 2336 3713 et
2363 3655 2466 3711 veli
2497 3653 2848 3709 ablationem.
2879 3647 2937 3704 In
2963 3647 3222 3703 omnibus
3257 3651 3445 3699 autem

1848 3759 1936 3814 bis
1990 3752 2226 3809 diversis
2287 3749 2425 3805 locis
2475 3756 2531 3802 et
2580 3744 2900 3801 nominibus
2929 3740 3054 3810 ejus
3085 3753 3206 3809 quae
3250 3743 3337 3794 est
3385 3736 3446 3792 in

1849 3855 2034 3905 mente
2064 3840 2572 3913 contemplationis,
2615 3852 2719 3892 nos
2767 3849 2939 3890 unum
2976 3832 3138 3887 docet
3179 3829 3446 3888 doctrina:

1850 3953 2046 4011 genus,
2097 3949 2208 3990 non
2256 3939 2517 4003 oportere
2574 3925 2803 3982 omnino
2856 3937 3082 3978 manere
3134 3921 3189 3974 in
3235 3917 3443 3981 littera,

1856 4007 2047 4102 utpote
2097 4026 2243 4098 quod
2275 4038 2398 4095 qua:
2439 4031 2524 4077 est
2573 4021 2628 4075 in
2658 4023 2918 4089 promptu
2970 4027 3162 4069 eorum
3207 4023 3328 4080 quae
3360 4007 3446 4063 di-

1854 4131 2056 4183 cuntur
2087 4117 2442 4192 significatio,
2476 4114 2533 4168 in
2575 4110 2766 4168 multis
2801 4123 2904 4164 nos
2932 4105 3094 4161 laedat
3130 4103 3184 4158 in
3220 4102 3289 4159 iis
3323 4115 3449 4172 qua:

1856 4218 2132 4290 pertinent
2161 4212 2229 4267 ad
2253 4212 2417 4266 vitam
2437 4217 2586 4263 recte
2615 4214 2670 4261 et
2692 4219 2759 4259 ex
2787 4203 2993 4256 virtute
3016 4193 3448 4267 degendam-,setl

179 4297 297 4353 ὥστε
358 4302 459 4366 τὰς
528 4301 996 4372 σωματικωτέρας
1075 4303 1284 4366 ἐννοίας
1345 4303 1742 4374 μεταϐληθῆναι

1852 4284 2092 4364 transire
2127 4304 2193 4359 ad
2224 4301 2469 4358 materiae
2509 4303 2814 4368 expertem,
2851 4299 2906 4348 et
2935 4305 3058 4361 quae
3100 4287 3206 4343 sub
3241 4284 3448 4341 intelli-

178 4392 294 4460 πρὸς
328 4395 452 4448 νοῦν
490 4393 589 4446 καὶ
632 4393 891 4457 διάνοιαν,
927 4393 1126 4457 κόνεως
1159 4394 1315 4465 δίκην
1347 4395 1448 4466 τῆς
1477 4395 1753 4465 σαρκωδε-

181 4483 354 4552 στέρας
429 4487 730 4556 ἐμφάσεως
798 4485 906 4540 τῶν
965 4486 1272 4556 λεγομὲνων
1321 4486 1756 4558 ὲκτιναχθείσης.

177 4573 272 4625 Καὶ
310 4576 396 4631 διὰ
440 4578 606 4631 τοῦτό
648 4595 848 4648 φησιν,
887 4581 969 4634 ὅτι
1006 4579 1075 4635 Τὸ
1112 4578 1347 4650 γράμμα
1385 4578 1750 4644 ἀποκτείνει,

179 4664 313 4718 τὸδὲ
337 4668 892 4737 πνεῦμαζωοποιεῖο
931 4671 1006 4734 ὼς
1057 4671 1302 4742 πολλαχῆ
1341 4670 1460 4742 [τῆς
1505 4671 1748 4741 Γραφῆςι

176 4755 428 4831 τουτέστι]
477 4760 578 4830 τῆς
625 4761 886 4831 ἱστορίας,
924 4761 1083 4833 εἴπερ
1125 4762 1217 4816 ἐπὶ
1264 4761 1437 4830 ψιλῶν
1487 4762 1754 4832 σταίημεν

176 4845 273 4897 τῶν
311 4852 671 4920 πραγμάτων,
703 4852 804 4906 οὐκ
834 4853 1040 4921 ἀγαθοῦ
1071 4853 1184 4924 βίου
1214 4855 1597 4924 παρεχομένης
1623 4855 1754 4925 ἡμῖν

177 4935 238 4988 τὰ
285 4939 679 5013 ὑποδείγματα.
735 4944 798 4996 Τί
844 4943 954 5017 γὰρ
987 4945 1188 5014 ὼςςελεῖ
1237 4946 1372 5018 πρὸς
1416 4945 1617 5017 ἀρετὴν
1663 4944 1755 4998 τὸν

179 5030 430 5086 ἀκούοντα
476 5035 633 5102 Ὠσηὲ
659 5039 687 5090 ὁ
720 5039 1004 5108 προφήτης
1031 5039 1094 5090 ἐκ
1124 5039 1379 5108 πορνείας
1414 5037 1757 5091 παιδοποιού-

180 5136 350 5187 μενος,
391 5126 486 5178 καὶ
548 5125 772 5190 Ἡσαΐας
825 5127 1008 5181 εἰσιὼν
1056 5128 1190 5198 πρὸς
1223 5127 1322 5199 τὴν
1376 5128 1666 5200 προφῆτιν,
1705 5128 1755 5181 εἰ

181 5213 330 5284 μέχρι
366 5217 469 5287 τῆς
501 5218 698 5284 λέξεως
750 5219 966 5290 στήσειέ
1011 5237 1094 5282 τις
1131 5219 1192 5274 τὸ
1237 5219 1569 5288 λεγόμενον;
1604 5220 1674 5272 Ἢ
1704 5221 1756 5273 τί

187 5305 308 5373 προς

353 5308 442 5360 τὸν
488 5312 740 5381 ἐνάρετον
787 5311 1028 5364 συντελεῖ
1059 5312 1168 5364 ϐίον
1211 5311 1275 5364 τὰ
1321 5311 1443 5380 περὶ
1475 5311 1566 5363 τοῦ
1596 5310 1758 5364 Δαϐὶδ

249 5516 289 5545 "
334 5518 608 5577 limmvtt.
657 5521 740 5575 Η,
819 5524 862 5552 ⁵³
903 5522 1018 5575 Gal.
1054 5541 1123 5586 ιν,
1154 5525 1242 5577 “li.

189 5585 226 5611 “
249 5523 307 5611 IlI‘
334 5523 740 5611 ἰῖιιιη,ξ.,,.ᾝ¹¹ι,
819 5524 862 5552 sa
903 5523 1018 5606 Ci."
1054 5541 1123 5586 ,γ’
1154 5525 1242 5577 2i.
1322 5524 1362 5554 st
1408 5523 1580 5581 lcor.
1613 5541 1665 5590 Χ,

265 5587 405 5640 υΗἸ·
438 5606 477 5648 ι,
505 5593 548 5642 2.
599 5596 640 5613 ""
671 5593 747 5645 lsa
797 5610 911 5650 \ttt.

1853 4399 2095 4470 gentiam
2123 4394 2273 4449 cadit
2301 4387 2844 4458 contemplationem.
2875 4389 2934 4437 ut
2963 4394 3162 4437 sensus
3189 4378 3283 4448 qui
3315 4384 3450 4431 sunt

1857 4489 2021 4560 paulo
2048 4485 2222 4555 magis
2249 4481 2593 4554 corporales,
2626 4479 2989 4532 traducantur
3024 4471 3092 4526 ad
3120 4477 3360 4526 mentem
3394 4474 3450 4521 et

1855 4559 2296 4648 intelligentiam,
2328 4585 2561 4628 excussa
2603 4566 2846 4638 pulveris
2887 4564 2943 4618 in
2986 4559 3210 4616 modum
3255 4572 3451 4612 eorum

1856 4685 1979 4742 quae
2014 4668 2274 4724 dicuntur
2303 4669 2492 4735 aperta
2526 4657 2953 4732 signiﬁcatione.
3005 4652 3072 4707 Et
3103 4651 3230 4714 ideo
3268 4648 3403 4703 dicit
3437 4666 3450 4704 :

1857 4761 2062 4816 Littera
2109 4757 2322 4820 occidit,
2373 4755 2596 4824 spiritus
2635 4759 2812 4805 autem
2852 4747 3082 4816 viviﬁcat
3121 4743 3164 4775 ⁸⁷
3198 4761 3212 4798 :
3266 4747 3456 4810 utpole

1857 4853 2006 4927 quod
2053 4867 2196 4920 saepe
2237 4847 2469 4911 historia
2511 4846 2557 4902 si
2611 4842 2933 4901 steterimus
2963 4839 3020 4895 in
3067 4832 3230 4892 nudis
3261 4829 3448 4889 rebus.

1857 4921 2020 5002 nobis
2048 4941 2272 4996 minime
2301 4938 2545 5009 praebeat
2575 4933 2886 5004 exemplum
2926 4932 3085 4986 bona:
3110 4927 3256 4983 vitm.
3297 4921 3450 4989 Quid

1859 5037 2005 5094 enim
2037 5033 2106 5088 ad
2130 5032 2385 5088 virtutem
2410 5027 2655 5084 auditori
2681 5024 2975 5098 profuerit,
3002 5020 3150 5093 quod
3185 5015 3453 5090 propheta

1865 5130 2004 5185 ﬁlios
2037 5133 2289 5198 procreet
2325 5139 2394 5180 ex
2432 5120 2801 5178 fornicatione
2824 5119 2906 5182 ‘3;
2937 5123 2993 5171 et
3016 5113 3214 5170 Esaias
3259 5111 3451 5178 ingre-

1869 5221 2053 5276 tliatur
2097 5217 2163 5272 ad
2212 5215 2617 5287 pr0phetissam
2668 5213 2737 5276 θ’,
2793 5211 2840 5265 si
2892 5223 3003 5263 non
3055 5205 3199 5260 ultra
3251 5201 3453 5287 littera:

1867 5311 2164 5366 dictionem
2199 5286 2461 5378 procedat
2498 5304 2562 5362 id.
2592 5305 2736 5373 quod
2773 5297 3017 5356 dicitur?
3063 5295 3170 5351 Aut
3205 5291 3337 5364 quid
3383 5286 3451 5344 ad

1871 5527 1914 5557 ‘5’
1955 5525 1969 5578 Ι
2009 5525 2148 5579 Tim.
2183 5542 2234 5587 v,
2275 5525 2354 5577 18.
2436 5522 2479 5546 "'“
2524 5517 2693 5572 ICOI‘.
2736 5511 2886 5580 “,9.
2967 5514 3007 5545 ⁵⁷
3050 5501 3244 5564 llCor.
3275 5516 3360 5569 Ill,
3388 5502 3444 5561 6.
