3928 6196
234 182 308 234 illi
1374 183 1440 238 ΙΝ
1470 183 1763 240 CANTICA
1803 215 1804 219 η

1911 183 2270 240 N’TlCORUM.

3369 182 3468 236 769

236 316 304 365 τος
333 301 431 368 τῆς
470 299 763 370 προχείρου
804 301 1184 369 κατανοήσεως
1214 302 1563 375 ὑψηλότερος,
1602 308 1692 360 ἐπὶ
1725 307 1793 360 τὰ

1911 309 2284 379 :qgitationem
2322 305 2386 359 ad
2423 320 2511 360 res
2552 304 2722 375 magis
2753 303 2972 359 divinas
3007 312 3060 359 et
3091 304 3466 376 incorporeas.

232 391 456 460 θειότερά
483 407 544 442 τε
572 391 666 443 καὶ
711 389 978 462 ἀσώματα
1009 395 1363 461 χειραγωγῶν
1404 397 1504 466 τὴν
1537 391 1793 451 διάνοιαν.

233 482 408 535 Τούτου
433 483 596 552 χάριν
616 482 676 534 τὸ
700 483 1144 553 ἀπηγορευμένον
1167 487 1231 554 τῇ
1257 484 1457 557 βρώσει
1484 487 1576 538 τοῦ
1610 487 1792 552 ξύλου,

233 575 329 643 ιύχὶ
356 575 546 642 συκῆν.
586 572 660 636 ὥς
694 590 833 636 τινες
868 574 1242 644 ἀπεφήναντο,
1292 576 1412 628 οὐδὲ
1445 576 1572 629 ἄλλο
1599 595 1651 630 τι
1689 578 1797 630 τῶν

231 663 524 733 ἀκροδρύων
552 658 689 715 εἶναι
721 661 1042 732 πειθόμεθα.
1095 663 1159 714 Et
1192 663 1300 735 γὰρ
1339 664 1458 717 τότε
1497 667 1799 735 θανατηφό-

232 771 305 823 po;
335 749 403 824 ἦν
446 755 480 823 ἠ
527 753 692 823 συκῆ,
727 754 834 806 οὐδ’
882 754 949 807 ἀν
1007 753 1103 808 νῦν
1152 757 1368 819 πάντως
1421 756 1677 826 ἐδώδιμος
1707 755 1793 828 ἦν.

230 847 362 917 Ἀμα
397 846 458 898 δὲ
509 847 602 899 καὶ
653 846 1050 917 μεμαθήκαμεν
1080 848 1230 918 παρά
1263 848 1362 917 τῆς
1388 849 1480 900 τοῦ
1530 851 1797 902 Δεσπότου

227 939 428 1007 φωνῆς,
478 937 546 989 δι’
604 938 930 1006 ἀποφάσεως
979 937 1140 990 τοῦτο
1186 939 1652 1010 δογματιζούσης·
1716 942 1798 994 ὅτι

225 1027 406 1080 Οὐδέν
440 1027 572 1080 ἐστι
606 1026 725 1078 τῶν
760 1025 1277 1094 εἰσπορευομένων
1299 1027 1398 1080 διὰ
1430 1030 1724 1096 στόματος
1767 1030 1798 1082 ὃ

221 1117 465 1171 δύναται
489 1115 775 1169 κοινῶσαι
803 1116 910 1167 τὸν
931 1114 1258 1182 ἄνθρωπον.
1299 1116 1437 1168 Ἀλλ’
1464 1119 1654 1188 ἑτέραν
1680 1119 1802 1171 τινὰ

217 1209 485 1279 ζητοῦμεν
514 1208 752 1260 διάνοιαν
791 1207 882 1258 ἐπὶ
917 1205 1010 1258 τοῦ
1042 1207 1209 1276 νόμου
1233 1245 1246 1270 ,
1281 1207 1436 1272 ἀξίαν
1468 1209 1561 1278 τῆς
1593 1209 1687 1261 τοῦ
1717 1227 1800 1261 νο-

215 1299 442 1369 μοθέτου
488 1300 926 1369 μεγαλειότητος
960 1296 1062 1350 κᾶν
1103 1297 1202 1366 τῆς
1247 1297 1341 1350 τοῦ
1393 1297 1529 1350 Θεοῦ
1579 1300 1802 1367 φυτείας

214 1390 374 1463 ἔργον
405 1390 500 1442 τὸν
551 1388 878 1459 παράδεισον
922 1384 1059 1441 εἶναι
1109 1388 1450 1458 ἀκούσωμεν,
1504 1391 1607 1443 κᾶν
1647 1389 1802 1452 ξύλον

211 1482 354 1552 ζωῆς
384 1483 444 1533 ὲν
484 1485 633 1550 μέσῳ
661 1481 754 1532 τοῦ
787 1481 1114 1552 παραδείσου
1156 1483 1586 1552 πεφυτευμένον,
1629 1482 1803 1552 ζητῶ-

212 1590 309 1643 μεν
341 1572 500 1643 παρά
532 1571 624 1624 τοῦ
665 1572 1141 1635 ἀποκαλύπτοντος
1189 1573 1256 1625 τά
1289 1575 1648 1644 κεκρυμμένα
1703 1593 1802 1645 μυ-

1897 398 2010 455 llac
2043 399 2108 454 de
2140 413 2305 453 causa
2340 396 2484 468 quod
2538 397 2591 450 in
2627 412 2724 452 esu
2782 397 2915 466 ligni
2975 404 3058 452 est
3111 399 3465 466 prohibitum,

1897 506 2073 560 neque
2109 490 2271 543 ﬁcum
2300 503 2422 543 esse
2459 487 2753 550 credimus,
2782 494 2840 540 ut
2869 488 3114 540 nonnulli
3149 491 3470 558 pronuntia-

1898 589 2047 647 runt,
2104 596 2281 650 neque
2312 580 2550 648 aliquam
2605 593 2674 632 ex
2725 576 3004 646 frugiferis
3059 579 3368 635 arboribus.
3413 580 3469 634 Si

1897 673 2042 728 enim
2077 681 2208 726 tunc
2239 672 2372 726 licus
2419 671 2611 725 fuisset
2647 668 2878 731 letifera,
2931 684 3031 723 nec
3063 686 3207 725 nunc
3252 673 3472 741 quidem

1897 771 2041 819 esset
2071 763 2297 817 omnino
2328 762 2631 817 esculenta.
2668 758 2841 813 Simul
2894 758 3058 813 etiam
3096 759 3199 813 hoc
3255 775 3473 829 quoque

1898 853 2189 908 didicimus
2221 867 2250 905 a
2281 867 2414 906 voce
2444 850 2679 914 Domini,
2712 865 2832 919 quae
2870 849 2974 902 hoc
3015 849 3295 904 decretum
3350 864 3473 917 pro-

1899 946 2116 999 nuntiat
2149 944 2339 999 :Nihil
2378 952 2454 997 est
2494 957 2672 996 eorum
2709 957 2826 1010 qua:
2866 956 2957 1008 per
3002 957 3058 994 os
3109 939 3475 1009 ingrediuntur

1899 1037 2037 1106 quod
2091 1037 2322 1105 inquinet
2374 1035 2681 1088 hominem:
2740 1032 2832 1087 sed
2890 1033 2944 1085 in
3001 1032 3104 1084 bac
3158 1033 3274 1101 lege
3311 1032 3475 1086 aliam

1902 1127 2197 1196 qumrimus
2235 1127 2670 1196 intelligentiam,
2706 1140 2826 1194 quae
2858 1124 3184 1194 legislatoris
3217 1124 3378 1193 digna
3406 1124 3477 1180 sit

1901 1217 2205 1285 majestate.
2242 1217 2306 1269 Et
2345 1217 2390 1271 si
2433 1217 2767 1269 audierimus
2805 1214 3115 1284 paradisum
3170 1230 3294 1267 esse
3339 1231 3476 1283 opus

1903 1307 1996 1362 Dei
2029 1309 2406 1377 plantationis,
2443 1315 2496 1360 et
2553 1307 2599 1360 si
2657 1307 2865 1376 lignum
2902 1306 3024 1359 vita)
3086 1307 3384 1375 plantatum
3422 1308 3476 1360 in

1905 1401 2086 1454 medio
2124 1399 2388 1470 paradisi,
2417 1412 2726 1470 ψιεῑιτεηιιιε
2760 1413 2824 1452 ex
2855 1413 2920 1452 eo
2945 1398 3036 1466 qui
3071 1398 3284 1452 occulta
3325 1414 3478 1452 reve-

1903 1489 1978 1540 lat
2011 1489 2290 1559 mysteria,
2330 1498 2388 1542 ιιι
2421 1489 2699 1542 discamus
2738 1503 3099 1556 quorumnam
3139 1489 3376 1558 agricola
3425 1497 3480 1543 et

1903 1561 2377 1649 plantatoffuerit
2421 1579 2598 1642 Pater,
2633 1590 2686 1634 et
2713 1580 3171 1649 quemadmodum
3215 1581 3324 1634 fieri
3358 1596 3478 1649 pos-

211 1663 407 1730 στήρια
440 1660 648 1730 μαθεῖν,
678 1660 842 1712 ποίων
866 1661 1047 1729 φυτῶν
1067 1661 1274 1729 γίνεται
1299 1663 1326 1713 6
1344 1663 1530 1733 Πατὴρ
1556 1665 1794 1734 γεωργός

1911 1671 1993 1733 sit,
2027 1679 2086 1724 ut
2116 1672 2168 1723 in
2220 1671 2398 1724 medio
2454 1670 2694 1738 paradisi
2735 1671 2844 1725 sint
2878 1671 2987 1724 duo
3046 1671 3211 1740 ligna,
3243 1671 3478 1724 alterum

208 1769 264 1804 τε
298 1753 396 1804 καὶ
437 1752 775 1819 ςρυτοκόμος,
823 1753 918 1804 καὶ
966 1752 1082 1814 πῶς
1115 1752 1338 1806 δυνατόν
1388 1756 1503 1806 ἐστι
1555 1753 1697 1807 κατὰ
1735 1756 1795 1807 τὸ

211 1842 538 1910 μεσαίτατον
577 1843 668 1895 τοῦ
703 1843 1032 1914 παραδείσου
1067 1844 1136 1896 τά
1165 1844 1256 1897 δύο
1289 1841 1426 1898 εἶναι
1456 1844 1607 1909 ξύλα,
1644 1847 1703 1898 τό
1736 1864 1794 1898 τε

210 1934 304 2003 τῆς
344 1934 622 2004 σωτηρίας
665 1935 756 1987 καὶ
801 1934 899 2005 τῆς
947 1935 1240 1998 ἀπωλείας.
1293 1935 1368 1987 Τὸ
1405 1936 1511 2005 γὰρ
1551 1935 1794 2008 ἀκριϐῶς

220 2024 399 2094 μέσον,
434 2024 687 2096 καθάπερ
717 2026 775 2077 ἐν
809 2024 1006 2078 κύκλου
1047 2027 1112 2096 τῇ
1148 2029 1487 2097 περιγραφῇ,
1512 2026 1570 2079 ὲν
1604 2025 1683 2095 τῷ
1714 2027 1795 2078 ἐνὶ

221 2116 421 2185 κέντρῳ
468 2116 686 2178 πάντως
729 2115 896 2168 ἐστίν.
927 2116 990 2167 Et
1029 2115 1084 2168 δὲ
1118 2115 1448 2186 παρατεθείη
1481 2115 1558 2185 τῷ
1588 2115 1794 2186 κέντρῳ

224 2207 354 2259 κατά
382 2224 435 2259 τι
467 2206 630 2277 μέρος
657 2205 842 2276 ἕτερον
875 2206 1118 2276 κέντρον,
1156 2207 1367 2277 ἀνάγκη
1395 2207 1546 2260 πᾶσα
1577 2223 1793 2277 συμμε-

225 2297 497 2366 τατεθῆναι
524 2297 602 2367 τῷ
629 2296 838 2369 κέντρῳ
865 2297 958 2350 τὸν
988 2296 1207 2359 κύκλον,
1237 2295 1375 2349 ὥστε
1414 2297 1606 2366 μηκέτι
1632 2297 1796 2366 μέσον

230 2386 352 2443 εἶναι
383 2391 443 2442 τὸ
487 2391 766 2462 πρότερον.
832 2389 976 2441 Ἐκεῖ
1001 2389 1179 2442 τοίνυν
1214 2387 1330 2449 ἑνὸς
1363 2387 1513 2450 ὄντος
1544 2386 1637 2439 τοῦ
1688 2405 1795 2440 πα-

178 2492 182 2495 ·
237 2479 482 2550 ραδείσου,
519 2480 638 2542 πῶς
671 2497 834 2548 φησιν
863 2483 890 2532 6
920 2479 1076 2547 λόγος
1127 2477 1433 2541 ίδιαζόντως
1470 2478 1568 2546 μὲν
1601 2477 1794 2530 ἑκάτε-

242 2588 320 2638 ρον
361 2570 676 2642 θεωρεῖσθαι
704 2570 811 2623 τῶν
853 2569 1042 2634 ξύλων⁹
1087 2568 1180 2621 ἐπὶ
1213 2567 1270 2619 δὲ
1316 2565 1410 2620 τοῦ
1447 2566 1610 2633 μέσου
1659 2561 1795 2618 εἶναι

238 2659 378 2715 τοῦτο
421 2664 512 2716 καὶ
561 2661 737 2723 τοῦτο,
790 2655 866 2713 ὧν
898 2659 1364 2730 τὸιθανατηφόρον
1389 2659 1487 2727 τῆς
1527 2657 1622 2736 τοῦ
1662 2657 1795 2711 Θεοῦ

237 2755 439 2821 φυτείας
461 2753 740 2819 ἀλλότριον
777 2748 914 2806 εἶναι
951 2751 1190 2805 διδάσκει
1224 2752 1253 2803 6
1291 2751 1480 2803 πάντα·
1513 2749 1653 2802 καλὰ
1679 2749 1797 2802 λίαν

241 2837 360 2894 εἶναι
388 2843 450 2895 τά
475 2841 571 2894 τοῦ
597 2829 750 2894 ’Θεοῦ
781 2840 917 2910 ἔργα
950 2841 1371 2909 ἀποφηνάμενος
1401 2839 1590 2906 λόγος;
1621 2833 1718 2901 Οἷς
1750 2841 1797 2892 εί

239 2932 306 3000 μή
351 2948 426 2994 τις
467 2931 556 2984 διὰ
598 2928 912 2999 φιλοσοςρίας
957 2928 1310 2999 ὲνθεωρήσειε
1356 2929 1456 2998 τὴν
1517 2928 1794 2995 ἀλήθειαν,

1904 1763 2115 1824 salutis,
2149 1761 2379 1815 alterum
2433 1761 2707 1816 interitus.
2758 1759 2893 1813 Nam
2927 1761 3069 1829 quod
3123 1760 3361 1830 perfecte
3395 1771 3481 1815 est

1903 1853 2163 1916 medium,
2196 1861 2454 1921 tanquam
2505 1853 2562 1906 in
2608 1852 2978 1922 descriptione
3006 1852 3223 1918 circuli,
3255 1853 3482 1906 omnino

1907 1957 2070 1998 unum
2103 1949 2188 1996 est
2221 1957 2329 1995 uno
2361 1949 2573 1996 centro.
2604 1942 2660 1995 Si
2690 1949 2871 1995 autem
2897 1941 2950 1994 in
2976 1948 3166 1996 centro
3191 1950 3479 1996 extensum

1903 2029 2068 2085 fuerit
2119 2047 2185 2085 ex
2224 2031 2396 2084 altera
2434 2039 2588 2100 parte
2639 2030 2878 2083 alterum
2931 2038 3204 2089 centrum,
3259 2043 3484 2083 necesse

1903 2130 1988 2176 est
2014 2122 2263 2184 omnino,
2295 2128 2355 2175 ut
2383 2136 2506 2175 eum
2547 2128 2738 2175 centro
2785 2119 2948 2173 simul
2979 2118 3346 2173 transferatur
3376 2120 3484 2172 cir-

1903 2211 2082 2276 culus,
2113 2211 2248 2266 adeo
2299 2219 2358 2263 ut
2389 2225 2498 2264 non
2560 2211 2632 2264 sit
2672 2211 2908 2279 amplius
2959 2207 3200 2262 medium
3234 2209 3286 2261 id
3339 2209 3484 2278 quod

1903 2307 2020 2354 erat
2051 2302 2223 2370 prius.
2259 2300 2394 2355 Cum
2426 2315 2556 2370 ergo
2585 2300 2698 2353 illic
2733 2300 2806 2354 sit
2853 2314 2996 2352 unus
3029 2297 3348 2367 paradisus,
3373 2313 3486 2367 quo

1904 2400 2064 2461 pacto
2109 2391 2242 2446 dicit
2270 2391 2556 2460 Scriptura
2593 2405 2844 2444 seorsum
2889 2389 3109 2458 quidem
3146 2387 3487 2443 considerari

1906 2489 2199 2551 utrumque
2223 2482 2450 2552 lignum,
2471 2481 2526 2534 in
2555 2481 2734 2534 medio
2758 2488 2938 2533 autem
2964 2495 3087 2535 esse
3115 2481 3217 2534 hoc
3243 2489 3296 2536 et
3326 2480 3484 2547 illud,

1905 2567 2138 2643 quorum
2175 2573 2226 2626 id
2258 2573 2402 2642 quod
2454 2571 2729 2625 letiferum
2776 2578 2917 2636 erat,
2955 2587 2982 2623 a
3019 2570 3111 2624 Dei
3148 2570 3485 2640 plantatione

1905 2661 2074 2716 fuisse
2105 2661 2344 2716 alienum
2379 2660 2535 2714 docet
2560 2661 2605 2713 is
2636 2659 2942 2728 Scriptura:
2971 2659 3149 2721 locus,
3176 2661 3268 2728 qui
3298 2659 3485 2712 omnia

1909 2753 2000 2807 Dei
2038 2767 2201 2822 opera
2233 2751 2389 2805 valde
2421 2751 2562 2805 bona
2593 2764 2715 2804 esse
2743 2748 3032 2804 declarat?
3057 2747 3110 2801 ln
3141 2749 3341 2818 qubus
3373 2749 3478 2802 nisi

1906 2859 2001 2915 per
2041 2841 2443 2914 pbi1050phiam
2489 2841 2772 2896 veritatem
2810 2837 2998 2895 fueris
3058 2841 3482 2909 contemplatus.

1907 2936 2184 2990 videbitur
2216 2934 2266 2988 id
2306 2933 2449 3003 quod
2480 2932 2704 2994 dicitur,
2729 2946 2853 2986 esse
2883 2929 3217 2994 fabulosum,
3251 2939 3344 2984 aut
3375 2947 3482 2985 non

239 3023 519 3076 ἀσύστατον
563 3022 598 3092 ἢ
665 3019 912 3091 μυθῶδες
965 3015 1103 3073 εἶναι
1144 3021 1256 3082 τοῖς
1287 3020 1704 3084 ἀνεπισκέπτως
1745 3020 1804 3072 τὸ

1911 3044 2069 3098 posse
2103 3027 2426 3092 consistere,
2463 3024 2780 3078 hominibus
2809 3038 2918 3077 non
2956 3023 3091 3077 satis
3125 3022 3486 3077 consideran-

234 3110 512 3182 λεγόμενον
537 3112 700 3178 δόξει.

305 3206 404 3258 Καὶ
451 3205 660 3275 μακρὸν
691 3205 756 3258 ἂν
790 3204 874 3275 εἴη
907 3204 977 3257 τά
1019 3203 1141 3257 καθ’
1174 3203 1401 3256 ἕκαστον
1433 3205 1497 3255 ἐκ
1529 3203 1637 3256 τῶν
1670 3220 1805 3274 προ-

245 3296 411 3366 φητῶν
440 3297 832 3364 ἀναλέγεσθαι·
866 3296 941 3359 ὡς
964 3297 992 3348 ὁ
1019 3295 1259 3366 Μιχαίας
1287 3295 1372 3346 ἐπ’
1400 3295 1642 3364 ἐσχάτων
1673 3295 1808 3364 ἡμε-

245 3385 361 3456 ρῶν,
399 3389 630 3458 ἐμφανὲς
663 3389 787 3458 ὅρος
838 3387 985 3456 λέγει
1018 3387 1342 3456 γενήσεσθαι
1393 3387 1485 3438 ἐπὶ
1521 3385 1619 3449 τὰς
1651 3402 1809 3455 κορυ-

246 3480 342 3547 φάς
373 3476 475 3534 τῶν
501 3481 694 3551 ὀρέων,
727 3480 786 3533 τὸ
814 3479 907 3532 ἐπὶ
946 3479 1263 3548 καθαιρέσει
1291 3477 1536 3546 γίνεσθαι
1577 3476 1684 3529 τῶν
1717 3478 1809 3529 ἀν-

248 3571 542 3640 τικειμένων
573 3570 876 3640 δυνάμεων,
913 3567 1366 3639 ἀναδεικνύμενον
1401 3569 1500 3636 τῆς
1531 3568 1810 3629 εὐσεϐείας

251 3664 520 3734 μυστήριον
563 3662 707 3715 οὕτω
751 3662 1154 3732 κατονομάζων·
1205 3661 1319 3724 πῶς
1353 3660 1406 3714 δὲ
1447 3660 1638 3730 ῥάϐδον
1677 3661 1811 3713 ἀνα-

249 3751 432 3807 τέλλειν
456 3754 588 3825 φησι
625 3755 720 3808 καὶ
749 3755 904 3817 ἄνθος
937 3756 1003 3807 ὲκ
1029 3754 1130 3823 τῆς
1158 3753 1335 3824 ῥίζης,
1361 3753 1456 3822 τὴν
1485 3753 1574 3805 διὰ
1607 3753 1808 3826 σαρκὸς

250 3843 332 3894 τοῦ
354 3845 546 3915 Κυρίου
571 3846 839 3911 ἀνάδειξιν
864 3848 892 3898 6
914 3845 1116 3915 ὑψηλὸς
1146 3844 1373 3907 Ἠσαῒας
1395 3843 1536 3897 οὕτω
1569 3845 1806 3914 μηνύων,

251 3931 282 4000 ἢ
328 3933 381 3986 τὺ
416 3936 785 4006 τετυρωμένον
832 3936 958 4006 ὅρος
1005 3934 1156 4006 παρά
1205 3933 1282 4004 τῷ
1333 3935 1554 4004 μεγάλῳ
1608 3934 1808 3999 Δαϐὶδ,

250 4020 410 4074 ὁποῖον
428 4022 538 4091 ἔχει
575 4022 698 4075 νοῦν
731 4025 788 4075 ὲν
817 4026 886 4093 τῇ
918 4021 1062 4087 λέξει
1100 4022 1443 4092 φαινόμενον,
1471 4023 1504 4092 ἢ
1535 4023 1594 4075 τὸ
1625 4038 1813 4093 μυριοο

250 4114 454 4169 πλάσιον
487 4118 656 4189 ἅρμα,
709 4117 741 4188 ἢ
788 4116 898 4169 τῶν
936 4115 1151 4186 ταύρων
1190 4117 1222 4185 ἡ
1264 4115 1647 4185 συναγωγὴ,ή
1683 4116 1816 4167 ἐπα-

250 4209 463 4278 φιεμένη
493 4211 608 4271 ταῖς
639 4206 906 4277 δαμάλεσι
947 4206 1053 4260 τῶν
1080 4206 1242 4271 λαῶν,
1267 4206 1299 4276 ἢ
1321 4207 1349 4258 6
1376 4206 1713 4276 βαπτόμενος
1737 4205 1813 4276 τῷ

1911 3119 2078 3174 tibus.
3219 3168 3221 3170 .

1980 3209 2225 3280 Longum
2272 3209 2435 3264 fuerit
2468 3219 2552 3263 ex‘
2586 3208 2870 3278 prophetis
2936 3206 3152 3276 singula
3207 3205 3483 3275 colligere,

1910 3302 2371 3372 quemadmodum
2417 3301 2671 3355 illicbaeas
2729 3298 2863 3353 dicit
2910 3299 2963 3352 in
2998 3297 3207 3352 ultimis
3259 3297 3485 3360 diebus,

1911 3394 2264 3448 manifestum
2330 3393 2445 3446 fore
2500 3399 2739 3446 montem
2796 3406 2960 3460 super
3025 3389 3260 3442 vertices
3330 3401 3487 3440 mon-
3562 3371 3604 3387 ”

1912 3487 2046 3540 tium
2069 3487 2137 3550 ⁷⁸,
2192 3486 2262 3539 ita
2331 3484 2624 3539 nominans
2676 3483 2897 3552 pietatis
2948 3481 3290 3552 mysterium,
3344 3476 3490 3547 quod

1912 3579 2226 3634 ostenditur
2291 3577 2358 3630 ad
2418 3574 2677 3629 delendas
2745 3583 3048 3644 potestates
3102 3563 3488 3630 a'rlvcrsarias,

1913 3669 2376 3741 quemadmodum
2407 3667 2541 3720 dicit
2570 3668 2777 3737 virgam
2810 3676 2862 3720 et
2898 3666 3082 3718 florem
3121 3664 3250 3717 oriri
3297 3678 3359 3715 ex
3399 3678 3490 3714 ra-

1913 3762 2035 3815 dice
2060 3759 2298 3821 lesse",
2338 3756 2550 3811 Domini
2591 3771 2686 3824 per
2716 3769 2939 3808 carnem
2992 3751 3364 3806 ostensionem
3417 3750 3492 3803 si-

1914 3849 2184 3922 gnificans
2219 3846 2472 3900 sublimis
2496 3845 2685 3905 Isaias,
2718 3852 2813 3898 aut
2853 3857 3014 3897 mons
3056 3848 3312 3894 caseatus
3348 3839 3492 3908 apud

1915 3955 2172 4011 magnum
2191 3937 2448 3991 Davidem
2463 3937 2532 4000 ⁷⁷,
2549 3951 2711 4006 quem
2729 3935 2894 3989 habet
2916 3948 3138 3988 sensum
3155 3931 3249 4002 qui
3267 3937 3494 4000 apparet

1917 4037 1970 4089 in
2017 4033 2259 4088 dictione
2309 4031 2526 4094 litteraz,
2590 4035 2686 4081 aut
2741 4041 2940 4080 currus
3004 4024 3189 4079 decem
3251 4022 3496 4076 millibus

1916 4126 2224 4196 multiplex,
2255 4130 2350 4178 aut
2384 4118 2736 4192 congregatio
2763 4126 3046 4171 taurorum
3080 4130 3200 4184 qua:
3241 4113 3496 4168 immitti-

1919 4227 2006 4273 tur
2033 4219 2086 4271 in
2117 4230 2317 4270 vaccas
2348 4213 2698 4284 populorum,
2738 4218 2831 4262 aut
2864 4224 2958 4278 pes
2988 4208 3081 4277 qui
3115 4207 3348 4275 tingitur
3378 4221 3500 4259 san-

243 4299 420 4369 αίματι
451 4300 606 4364 ποῦς,
634 4300 668 4370 ἢ
694 4300 802 4352 τῶν
841 4297 1015 4352 κυνῶν
1051 4301 1102 4353 αἱ
1129 4298 1388 4366 γλῶσσαι·
1421 4299 1454 4370 ἢ
1484 4298 1605 4351 καθ’
1629 4298 1804 4368 ὁμοιό-

246 4408 326 4410 “,
460 4393 483 4404 η
768 4392 791 4410 .
835 4392 1148 4410 ,‘,d,,.,,
1429 4392 1680 4410 κκιοηην,
1732 4391 1787 4410 ,ι

1921 4310 2085 4378 guine
2112 4327 2124 4361 :
2155 4316 2248 4360 aut
2278 4321 2475 4362 canum
2509 4304 2731 4372 linguae,
2772 4309 2867 4354 aut
2905 4299 3000 4369 qui
3036 4299 3212 4352 instar
3248 4296 3403 4348 vituli
3467 4311 3498 4348 a

2002 4403 2014 4410 -
2052 4402 2063 4410 -
2142 4401 2175 4410 --
2441 4395 2563 4410 ...κ
2667 4409 2676 4410 ,
2773 4402 2812 4410 ,.
2874 4391 2967 4410 Αιε,
3007 4397 3206 4410 hu.“
3261 4389 3372 4410 .6.“
3412 4388 3461 4410 ,μ

241 4408 366 4461 τητα
393 4393 487 4446 τοῦ
519 4395 720 4462 μόσχου
762 4392 1248 4462 διαλεπτυνὸμενος
1281 4391 1387 4444 τῶν
1427 4392 1632 4462 κέδρων
1659 4393 1687 4442 6
1721 4391 1815 4444 Λί-

234 4484 408 4549 ϐανοςν
439 4485 535 4538 καὶ
565 4482 735 4553 μυρία
781 4482 918 4554 πρὸς
967 4482 1173 4546 τούτοις
1219 4483 1366 4535 ἐστιν
1395 4484 1460 4536 ἐκ
1485 4483 1586 4552 τῆς
1621 4481 1814 4551 λοιπῆς

230 4576 622 4646 ἀναλεξάμενον
659 4576 1016 4647 προφητείας,
1050 4574 1258 4638 διδάξαι
1301 4574 1361 4626 τὸ
1391 4575 1689 4641 ἀναγκαῖον
1713 4575 1814 4644 τῆς

228 4670 367 4722 κατά
387 4671 626 4724 διάνοιαν
648 4669 757 4722 τῶν
783 4668 962 4740 ῥητῶν
985 4668 1240 4738 θεωρίας,
1259 4663 1327 4738 ἦς
1353 4666 1813 4736 ἀποϐαλλόμενος,

225 4760 414 4821 καθὼς
441 4759 664 4831 ἀρέσκει
691 4760 854 4820 τισὶν,
896 4759 1078 4828 ὅμοιον
1117 4753 1255 4810 εἷναί
1285 4775 1373 4826 μοι
1411 4756 1558 4808 δοκεῖ
1584 4755 1646 4808 τὸ
1667 4757 1816 4824 γινό-

227 4867 414 4921 μενον,
448 4850 524 4912 ὼς
553 4849 712 4913 εἴτις
750 4849 1138 4920 ἀκατέργαστα
1171 4847 1399 4917 προθείη
1437 4846 1573 4918 πρὸς
1605 4846 1817 4916 ἀνθρω-

223 4944 395 5013 πίνην
442 4941 645 5013 βρῶσιν
673 4943 774 5012 τῆς
804 4942 1082 5014 τραπέζης
1118 4941 1186 4993 τὰ
1213 4941 1359 5009 λήῖα,
1395 4938 1470 5008 μὴ
1503 4938 1700 5009 τρίψας
1729 4935 1819 4989 τὸν

221 5037 496 5104 ἂσταχυν,
547 5035 621 5105 μὴ
654 5021 740 5104 τῷ.
762 5034 1016 5105 λικμητῷ
1050 5032 1331 5102 διακρίνας
1362 5033 1426 5083 ἐκ
1457 5029 1564 5083 τῶν
1601 5028 1817 5099 ἀχύρων

219 5126 296 5176 τα
321 5125 651 5195 σπέρματα,
694 5126 768 5195 μὴ
813 5124 1079 5186 λεπτύνας
1123 5123 1213 5174 τὸν
1260 5124 1403 5174 σῖτον
1445 5122 1524 5182 εἰς
1571 5120 1817 5187 ἄλευρον,

227 5215 375 5287 μηδὲ
425 5218 841 5279 κατασκευάσας
884 5217 1047 5286 ἄρτον
1071 5214 1148 5284 τῷ
1178 5212 1470 5282 καθήκοντι
1503 5211 1689 5282 τρόπῳ
1721 5211 1819 5279 τῆς

227 5307 557 5369 σιτοποιίας.
587 5308 799 5378 Ὠσπερ
820 5302 912 5359 οὖν
931 5306 990 5358 τὸ
1014 5305 1420 5374 ἀκατέργαστον
1443 5302 1686 5371 γέννημα
1714 5301 1819 5352 τῶν

224 5397 453 5467 κτηνῶν
479 5383 593 5450 ἐστῖ
631 5399 827 5468 τροφὴ,
859 5397 949 5450 καὶ
975 5396 1074 5448 οὐκ
1115 5393 1434 5464 ἀνθρὼπωνο
1467 5391 1639 5456 οὕτως
1671 5391 1813 5443 εἴποι

308 5572 540 5628 "Mirli.
581 5573 704 5636 ml
809 5575 852 5602 "‘
880 5574 980 5626 lsa.
1024 5589 1099 5636 xl,
1146 5575 1188 5626 l.

1919 4402 2098 4458 cedris
2125 4399 2412 4460 dividitur,
2441 4395 2684 4448 Libanus
2714 4411 2726 4445 :
2764 4402 2816 4446 et
2871 4391 2975 4444 alia
3007 4397 3207 4459 praeter
3261 4389 3373 4441 hinc
3411 4388 3498 4440 in-

1919 4491 2280 4548 numerabilia
2316 4489 2444 4542 licet
2476 4501 2545 4540 ex
2595 4486 2805 4554 reliqua
2839 4482 3100 4552 colligere
3135 4478 3418 4550 prophetia
3445 4486 3501 4532 et

1917 4588 2114 4642 docere
2132 4599 2255 4640 esse
2273 4581 2640 4636 necessariam
2657 4576 2952 4632 verborum
2979 4572 3498 4642 contemplationem

1918 4692 1983 4731 ex
2011 4673 2300 4729 sententia.
2335 4671 2467 4736 Quae
2501 4669 2548 4724 si
2583 4666 2884 4736 rejiciatur,
2906 4671 2965 4716 ut
2991 4663 3170 4732 placet
3197 4660 3498 4722 nonnullis,

1922 4767 2054 4822 milii
2080 4765 2298 4820 videtur
2330 4761 2384 4816 id
2415 4759 2641 4830 perinde
2668 4771 2814 4820 esse,
2859 4763 2914 4807 ut
2956 4755 3000 4808 si
3035 4752 3161 4821 quis
3206 4750 3273 4803 ad
3310 4753 3503 4803 huma-

1925 4873 2052 4912 num
2082 4858 2136 4911 in
2166 4870 2354 4909 mensa
2381 4867 2536 4908 csum
2566 4863 2671 4902 non
2703 4846 2981 4900 confectas
3004 4851 3242 4912 apponat
3265 4849 3498 4909 segetes,

1924 4949 2094 5021 spicis
2127 4962 2236 5001 non
2264 4944 2433 5007 tritis,
2462 4939 2648 5011 granis
2681 4937 2988 4991 ventilabro
3024 4949 3131 4988 non
3184 4932 3412 4986 set-retis
3470 4943 3500 4979 a

1926 5042 2102 5113 palea,
2136 5038 2411 5091 frumento
2443 5033 2498 5087 in
2528 5030 2759 5084 farinam
2803 5042 2910 5080 non
2970 5024 3308 5079 comminuto
3336 5058 3350 5079 ,
3406 5034 3504 5071 ne-

1926 5111 2032 5205 que
2066 5147 2202 5201 parte
2231 5141 2444 5199 parato,
2480 5139 2544 5177 eo
2575 5137 2683 5192 quo
2710 5135 2809 5190 par
2842 5123 2928 5172 est
2971 5115 3154 5178 modo,
3206 5111 3272 5165 ad
3311 5113 3412 5205 hoc
3443 5116 3502 5162 ut

1928 5200 1998 5280 sit
2021 5200 2358 5278 esculentus.
2395 5212 2680 5283 Quomodo
2711 5225 2840 5280 ergo
2867 5223 2977 5261 non
3035 5204 3344 5260 confectura
3380 5200 3499 5253 fru-

1930 5327 2171 5370 mentum
2199 5321 2283 5368 est
2309 5311 2628 5364 alimentum
2654 5305 3024 5372 jumentorum
3051 5307 3105 5353 et
3148 5312 3254 5351 non
3324 5291 3498 5346 homi-

1930 5423 2079 5472 num,
2107 5409 2180 5460 ita
2212 5404 2316 5458 dici
2349 5409 2527 5471 potest
2557 5399 2837 5452 brulorum
2871 5393 3052 5463 potius
3079 5401 3240 5459 quam
3290 5382 3500 5440 ratione

1275 5575 1317 5605 ⁷⁷
1349 5572 1478 5625 Dan.
1513 5588 1570 5632 ll,
1607 5568 1710 5630 37?;
1752 5569 1893 5622 Pszt‘u
1927 5581 2090 5620 uin.
2131 5563 2208 5614 lli.
