3928 6196
533 195 636 250 765

1757 200 1814 254 S.
1859 199 2183 256 GREGURII
2215 200 2509 260 NYSSENI
3604 226 3687 283 ’ἱθᾶ

531 305 880 377 praeditorum
925 306 1282 363 animantium
1314 323 1436 366 esse
1477 310 1797 365 alimentum
1834 328 1930 382 per
1963 315 2097 368 sub-

2201 335 2284 381 τις
2310 319 2375 372 ἂν
2395 318 2602 386 ἀλόγων
2640 318 2836 388 μᾶλλον
2865 321 2896 390 ἢ
2927 320 3155 390 λογικῶν
3174 315 3300 378 εἶναι
3327 329 3505 400 τροφὴν
3528 333 3590 405 μὴ
3612 355 3691 391 κα.

533 400 762 452 tiliorem
800 413 910 452 non
977 401 1226 455 confecta
1284 403 1800 474 contemplationem
1854 407 2021 461 verba
2070 421 2100 460 a

530 483 642 545 Deo
675 491 967 560 inspirata,
1004 506 1110 545 non
1139 494 1314 548 solum
1351 493 1567 551 Veteris
1602 495 1971 563 Testamenti,
2005 500 2098 554 sed

531 581 703 634 multa
733 580 900 635 etiam
935 581 1204 636 doctrina:
1240 586 1595 655 evangelicae,
1633 596 1824 656 utpote
1873 589 2103 643 ventila-

530 672 861 742 brumquud
919 682 1115 744 purgat
1171 690 1378 740 aream,
1440 677 1650 747 paleam
1685 695 1807 749 qua:
1858 696 1888 734 a
1942 688 2102 736 vento

535 771 872 834 asportatur,
893 773 947 818 et
980 765 1222 827 triticum
1253 766 1400 836 quod
1431 778 1676 824 remanet
1703 771 1771 822 ad
1804 771 1967 841 pedes
1984 771 2102 840 ejus

536 855 631 923 qui
661 853 920 918 ventilat,
959 854 1138 925 ignem
1182 856 1705 929 inexstinguibilem,
1739 861 1940 915 bonum
1976 861 2105 917 bor-

536 959 712 1010 reum,
751 945 999 1001 arborem
1036 962 1156 1016 quae
1182 945 1286 1003 fert
1317 950 1489 1005 malos
1536 950 1770 1019 fructus,
1803 953 1980 1008 minas
2018 969 2105 1009 se-

537 1035 711 1100 curis,
749 1051 870 1105 qua:
900 1038 1168 1091 intentant
1203 1040 1502 1094 terribilem
1548 1043 1804 1097 arborum
1857 1051 2104 1114 amputa-

539 1126 765 1193 tionem,
799 1127 1009 1198 lapides
1067 1129 1161 1200 qui
1194 1129 1249 1183 in
1309 1129 1604 1185 humanam
1661 1141 2105 1189 transmutantur

536 1222 813 1270 naturam.
848 1217 972 1274 Haec
1007 1219 1073 1274 ad
1114 1228 1260 1273 tuam
1297 1220 1640 1294 prudentiam
1673 1223 1861 1278 sedulo
1889 1224 1976 1280 bis
2017 1225 2106 1278 lit-

536 1309 670 1363 teris
699 1323 729 1362 a
760 1323 846 1363 me
885 1309 1089 1379 scripta
1118 1320 1266 1378 sunt,
1295 1320 1354 1365 ut
1385 1312 1496 1368 sint
1525 1315 1772 1383 quaedam
1817 1316 2104 1386 responsio

539 1397 607 1452 ad
637 1412 733 1454 eos
771 1399 866 1468 qui
899 1408 1147 1454 statuunt
1172 1416 1237 1465 ex
1264 1401 1448 1464 verbis
1475 1401 1676 1457 divinis
1701 1403 1836 1457 nihil
1869 1405 2104 1473 amplius

535 1504 659 1545 esse
688 1489 1063 1559 quaerendum,
1087 1508 1249 1560 quam
1279 1508 1400 1562 qua:
1427 1501 1520 1548 est.
1545 1495 1598 1548 in
1628 1503 1880 1566 promptu
1913 1497 2106 1550 litterae

535 1587 591 1634 et
623 1579 881 1635 dictionis
905 1582 1388 1651 signiﬁcationem.
1415 1583 1568 1650 Quod
1595 1587 1664 1649 si,
1699 1601 1822 1640 cum
1844 1585 2105 1658 Origenes

2201 408 2566 479 τεργασθὲντα
2607 409 2692 462 διὰ
2741 411 2838 480 τῆς
2880 411 3205 479 λεπτοτέρας
3249 414 3458 486 Θεωρίας
3493 423 3553 475 τὰ
3595 424 3692 480 θεό-

2204 515 2442 550 πνευστα
2477 499 2724 569 ῥήματα,
2758 498 2818 550 ού
2860 499 3016 568 μόνον
3053 499 3149 569 τῆς
3191 501 3415 566 Παλαιᾶς
3444 507 3693 582 ,Διαθῆκηῇ

2202 589 2334 644 ἀλλὰ
2367 591 2458 643 καὶ
2488 589 2555 642 τὰ
2586 589 2751 642 πολλὰ
2785 589 2883 660 τῆς
2917 591 3271 662 εύαγγελικῆς
3306 594 3623 662 διδασκαλίας,
3645 605 3695 657 τὺ

2204 679 2371 733 πτύον
2395 679 2455 733 τὸ
2487 679 2835 751 διακαθαῖρον
2864 681 2960 752 τὴν
2993 682 3170 736 ἅλωνα
3191 723 3204 746 ,
3234 685 3290 736 τὸ
3311 686 3698 758 ἀποφυσιώμενον

2203 773 2418 844 ἄχυρον,
2450 774 2478 825 ό
2527 772 2858 842 παραμένων
2895 775 3039 836 σῖτος
3073 776 3180 837 τοῖς
3231 776 3378 828 ποσὶν
3413 778 3497 830 τοῦ
3539 779 3700 851 λικμη-

2202 882 2378 936 τορος,
2417 865 2478 918 τὸ
2517 865 2776 918 ἄσϐεστον
2819 864 2950 935 πῦρ,
2981 867 3014 936 ἡ
3045 865 3220 936 ἀγαθὴ
3256 867 3487 937 ἀποθήκη
3510 909 3524 934 ,
3545 870 3597 922 τὸ
3618 871 3704 922 τῶν

2205 957 2388 1010 κακῶν
2417 956 2643 1028 εὔφορον
2685 955 2918 1026 δένδρον,
2958 958 2991 1026 ἡ
3021 957 3215 1027 ἀπειλὴ
3247 958 3339 1029 τῆς
3361 957 3549 1030 ἀξίνης,
3575 964 3602 1030 ἡ
3631 980 3705 1030 φο-

2205 1047 2379 1120 ϐερῶς
2411 1047 2520 1101 τῶν
2560 1048 2790 1118 δένδρων
2828 1048 2924 1118 τὴν
2961 1047 3138 1118 ἀκμὴν
3189 1049 3644 1118 παραδεικνύουσα,
3669 1054 3708 1104 oi

2204 1139 2342 1209 πρὸς
2381 1140 2478 1211 τὴν
2521 1137 2865 1209 ἀνθρωπίνην
2893 1137 3073 1214 εφύσιν
3119 1139 3540 1209 μεταποιούμενοι
3581 1140 3706 1194 λίθοι.

2204 1230 2390 1284 Ταῦτά
2419 1247 2508 1301 μοι
2529 1229 2615 1283 διὰ
2644 1229 2751 1284 τῶν
2779 1230 2912 1301 πρὸς
2941 1230 3040 1300 τὴν
3071 1229 3275 1282 σύνεσίν
3313 1247 3401 1282 σου
3430 1231 3558 1284 κατὰ
3580 1249 3714 1283 σιτου-

2203 1322 2296 1393 δὴν
2325 1323 2666 1393 γραμμάτων
2703 1321 2965 1389 ἀπολογία
3001 1339 3084 1384 τις
3131 1321 3417 1392 γεγράφθω
3466 1322 3585 1392 πρὸς
3613 1324 3714 1386 τοὺς

2209 1414 2374 1484 μηδὲν
2408 1413 2568 1465 πλέον
2597 1411 2748 1484 παρὰ
2780 1411 2879 1482 τὴν
2913 1411 3204 1481 πρόχειρον
3237 1411 3334 1480 τῆς
3365 1411 3544 1477 λέξεως
3574 1412 3716 1481 ἔμφα-

2208 1521 2290 1557 σιν
2325 1505 2387 1556 ὲκ
2424 1502 2531 1555 τῶν
2560 1501 2717 1556 θείων
2755 1502 3014 1572 ῥημάτων
3037 1498 3322 1571 ἀναζητεῖν
3361 1500 3714 1563 νουθετοῦντας.

2207 1596 2270 1648 Εἰ
2290 1595 2346 1647 δὲ
2379 1593 2470 1647 τοῦ
2506 1593 2808 1664 Ὠριγένους
2831 1590 3130 1661 φιλοπόνως
3153 1591 3277 1661 περὶ
3296 1590 3354 1642 τὸ
3383 1589 3566 1659 βιϐλίον
3590 1589 3719 1642 τοῦτο

534 1671 831 1742 plurimum
861 1673 1066 1729 laboris
1098 1684 1152 1728 et
1183 1675 1349 1729 studii
1381 1676 1435 1729 in
1467 1676 1612 1732 hunc
1660 1679 1856 1732 librum
1913 1687 2097 1734 contu-

2211 1652 2623 1748 σπουδάσαντος,
2659 1684 2753 1736 καὶ
2785 1685 2944 1752 ἡμεῖς
2977 1685 3161 1752 γραφῇ
3198 1681 3510 1752 παραδοῦναι
3537 1680 3617 1732 τὸν
3642 1679 3720 1732 πό-

535 1762 680 1829 lerit,
714 1779 814 1818 nos
850 1779 1066 1834 quoque
1095 1765 1240 1834 quod
1269 1781 1301 1821 a
1332 1767 1492 1826 nobis
1520 1777 1604 1823 est
1632 1769 1972 1824 elaboratum
2019 1771 2106 1826 lit-

536 1854 669 1910 teris
703 1860 962 1912 mandare
988 1857 1238 1913 lubenter
1271 1861 1646 1929 statuerimus,
1693 1877 1854 1918 nemo
1888 1878 1989 1918 nos
2015 1877 2107 1918 ac-

536 1954 712 2009 Cuset,
748 1947 814 2000 ad
846 1947 897 2002 id
924 1950 1068 2018 quod
1105 1949 1237 2005 dicit
1277 1953 1571 2021 Apostolus
1612 1953 1830 2010 intuens
1867 1972 1879 2008 :
1927 1953 2104 2018 Unus-

534 2038 752 2106 quisque
785 2041 1056 2107 propriam
1080 2041 1367 2097 mercedem
1394 2044 1614 2114 ac’cipiet
1643 2046 1927 2100 secundum
1949 2063 2104 2101 suum

535 2126 768 2184 laborem
785 2129 852 2182 ⁷⁸.
880 2129 997 2184 Non
1028 2141 1111 2186 est
1144 2140 1322 2187 autem
1373 2133 1462 2189 hic
1497 2136 1636 2191 liber
1668 2151 1698 2190 a
1731 2152 1817 2192 me
1863 2139 2103 2208 scriptus

535 2219 604 2274 ad
642 2221 1086 2288 ostentationem,
1120 2223 1216 2278 sed
1242 2226 1510 2293 quoniam
1556 2229 1726 2281 multa
1761 2243 1825 2282 ex
1859 2230 1927 2286 iis
1983 2247 2103 2300 quae

533 2308 680 2366 dicta
711 2317 838 2363 sunt
863 2312 915 2364 in
952 2310 1230 2373 Ecclesiis,
1265 2315 1485 2382 quidam
1507 2331 1573 2370 ex
1603 2316 1670 2372 iis
1699 2311 1792 2387 qui
1815 2319 2099 2373 nobiscum

533 2408 842 2463 versantur,
873 2400 1084 2456 dicendi
1117 2403 1298 2458 studio
1329 2403 1681 2470 adnotarunt,
1718 2407 1840 2462 aliis
1879 2408 2098 2478 quidem

534 2490 605 2548 ab
638 2492 743 2547 illis
773 2495 1012 2562 acceptis
1053 2511 1175 2564 quae
1229 2507 1629 2566 consequenter
1661 2499 1851 2555 habuit
1909 2515 2098 2556 eorum

535 2582 836 2650 adnotatio,
868 2595 921 2639 et
959 2585 1081 2640 aliis
1116 2601 1144 2638 a
1185 2601 1271 2640 me
1305 2587 1528 2653 additis,
1560 2603 1792 2657 quorum
1843 2602 1960 2646 erat
2005 2608 2102 2648 ne-

535 2672 777 2727 cessaria
817 2671 1072 2741 adjectio,
1097 2687 1160 2726 ea
1185 2673 1239 2727 in
1272 2673 1504 2732 formam
1544 2676 1895 2734 homiliarum
1941 2695 2102 2736 enar-

534 2761 672 2826 ravi,
703 2759 771 2814 ad
807 2761 998 2816 litterae
1035 2761 1329 2817 dictionem
1370 2766 1556 2819 statim
1595 2767 1776 2823 addita
1812 2770 2098 2826 verborum

535 2853 1018 2922 contemplatione,
1055 2862 1321 2922 quantum
1353 2857 1488 2910 mihi
1519 2857 1585 2910 ad
1633 2858 1746 2913 haec
1778 2859 1963 2914 datum
2015 2869 2099 2917 est

2205 1791 2294 1828 νον
2329 1773 2484 1844 ἡμῶν
2517 1771 3006 1842 προεθυμήθημεν,
3043 1769 3343 1837 ἐγκαλείτω
3393 1767 3584 1838 μηδεὶς,
3612 1765 3720 1836 πρὸς

2205 1865 2265 1917 τὸ
2295 1863 2434 1921 θεῖον
2460 1862 2552 1915 τοῦ
2583 1860 2902 1914 Ἀποστόλου
2923 1860 3100 1928 λόγιον
3125 1859 3355 1929 βλέπων,
3385 1859 3441 1921 ὃς
3464 1873 3630 1927 φησιν,
3659 1858 3722 1908 ὅτι

2209 1956 2498 2020 Ἕκαστος
2520 1951 3033 2022 τόγ’ἵὸιονιιιισθόν
3049 1951 3304 2019 λήψεται
3325 1949 3466 2002 κατὰ
3484 1949 3580 2001 τόν
3600 1947 3724 1999 wan-

2204 2049 2415 2102 κόπον.
2433 2046 2583 2116 Ἐμοὶ
2603 2044 2659 2098 δὲ
2683 2044 2742 2097 οὐ
2767 2043 2901 2115 πρὸς
2922 2042 3176 2108 ἐπίδειξίν
3203 2045 3317 2096 ἐστι
3347 2038 3725 2108 συντεταγμένος

2204 2141 2232 2197 ὁ
2270 2139 2444 2206 λόγος·
2486 2136 2600 2189 ἀλλ’
2643 2134 2828 2204 ἐπειδὴ
2859 2134 2928 2186 τὰ
2965 2133 3134 2186 πολλὰ
3177 2133 3285 2185 τών
3321 2132 3402 2184 ἐπ’
3444 2129 3725 2199 Ἐκκλησίας

2205 2228 2497 2301 ῥηθέντων,
2521 2225 2662 2291 τινες
2681 2225 2786 2276 τῶν
2809 2223 3094 2288 συνόντων,
3128 2225 3260 2294 ἡμῖν
3287 2223 3391 2275 ὑπὸ
3417 2218 3727 2290 φιλομαθείας

2203 2317 2628 2388 ἐσημειώσαντο,
2679 2313 2746 2377 τὰ
2777 2314 2874 2384 μὲν
2915 2314 3045 2383 παρ’
3080 2313 3304 2370 ἐκείνων
3332 2310 3526 2373 λαϐὼν,
3553 2308 3640 2361 ὅσα
3675 2305 3725 2358 δι’

2202 2407 2494 2478 ἀκολούθου
2527 2402 2683 2476 ἔσχεν
2709 2405 2886 2461 αὐτῶν
2918 2407 2952 2475 ἠ
3004 2405 3305 2475 σημείωσις
3324 2443 3338 2467 ,
3369 2401 3434 2454 τὰ
3464 2401 3517 2454 δὲ
3554 2399 3635 2452 καὶ
3653 2395 3726 2449 ἀπ’

2202 2500 2440 2574 ἐμαυτοῦ
2477 2499 2761 2571 προσθεὶς,
2790 2489 2864 2550 ὧν
2912 2495 3185 2564 ἀναγκαία
3219 2491 3285 2566 ἦν
3328 2497 3362 2565 ἠ
3396 2491 3659 2564 προσθήκη
3685 2490 3731 2540 ἐν

2201 2591 2424 2663 ὁμιλιῶν
2450 2591 2577 2644 εἴδει
2597 2589 2694 2659 τὴν
2715 2588 3017 2664 ὐπηγορῑαν
3047 2582 3604 2657 πεποίημαι,καθεξῆς
3624 2578 3732 2649 πρὸς

2201 2686 2343 2751 λέξιν
2372 2683 2702 2757 προαγαγὼν
2745 2685 2842 2754 τὴν
2874 2683 2982 2736 τῶν
3021 2681 3206 2751 ῥητῶν
3241 2679 3489 2750 θεωρίαν,
3518 2676 3596 2742 ἐφ’
3635 2673 3733 2724 ὅσον

2201 2783 2229 2834 ό
2262 2761 2452 2849 καιρός
2483 2793 2541 2829 τε
2585 2775 2679 2829 καὶ
2719 2773 2785 2827 τὰ
2817 2773 3133 2844 πράγματα,
3163 2771 3270 2839 τὴν
3300 2769 3425 2861 περὶ
3454 2765 3625 2818 τούτου
3663 2776 3740 2861 μοι,

2205 2866 2396 2938 σχολὴν
2442 2864 2672 2918 ἐνεδίδου
2731 2862 2872 2916 κατὰ
2917 2860 3014 2924 τὰς
3064 2861 3287 2931 ἡμέρας
3335 2857 3442 2909 τῶν
3488 2857 3734 2925 νηστειῶν.

534 2941 634 2998 otii
663 2943 718 2996 in
759 2942 956 2999 diebus
982 2943 1340 3014 jejuniorum.
1371 2944 1429 2999 ln
1461 2946 1548 3003 his
1577 2949 1723 3003 enim
1747 2951 1836 3005 hic
1864 2952 2001 3007 liber
2029 2954 2095 3008 ad

2212 2960 2299 3012 Ἐν
2341 2957 2564 3018 ταύταις
2596 2954 2704 3026 γὰρ
2747 2955 2876 3025 ἡμῖν
2907 2953 3039 3022 πρὸς
3085 2951 3185 3022 τὴν
3237 2948 3498 3019 δημοσίαν
3535 2943 3683 3010 ἀκοὴν

535 3048 700 3097 aures
738 3034 920 3104 populi
943 3049 973 3090 a
1005 3035 1164 3089 nobis
1194 3033 1296 3088 fuit
1318 3036 1649 3093 elaboratus.
1687 3038 1841 3104 Quod
1887 3043 1932 3097 si
1965 3050 2100 3097 tem-

534 3125 683 3196 poris
715 3125 950 3194 Spatium
983 3125 1145 3181 nobis
1173 3125 1388 3179 dederit
1419 3127 1543 3181 vitae
1571 3137 1775 3184 nostrae
1811 3130 2100 3200 dispensa-

535 3226 620 3274 tor
643 3215 807 3280 Deus,
841 3224 1165 3286 tempusque
1193 3227 1448 3286 pacatum
1480 3227 1534 3272 ct
1565 3221 1947 3290 tranquillum,
1988 3222 2100 3278 for-

533 3312 681 3360 tasse
711 3311 905 3358 caetera
933 3319 1347 3374 persequemur.
1371 3306 1530 3362 Nunc
1555 3309 1717 3363 etiam
1744 3311 1903 3366 nobis
1927 3328 2099 3382 usque

531 3391 599 3446 ad
631 3392 915 3448 dimidium
957 3397 1227 3464 processit
1249 3398 1456 3456 liberet
1481 3401 1890 3471 contemplatio.
1911 3402 2114 3459 Gratia"

532 3483 746 3538 Domini
784 3488 956 3542 nostri
985 3485 1115 3542 Jesu
1145 3488 1353 3546 Christi
1383 3493 1454 3547 sit
1510 3492 1798 3550 nobiscum
1839 3498 2094 3556 omnibus

535 3577 594 3640 in
625 3578 822 3637 scccnla
856 3582 1202 3638 saeculorum.
1237 3585 1429 3640 Amen.

1149 3673 1430 3738 IIOMILIA
1463 3675 1502 3730 Ι.

601 3755 728 3816 Car.
747 3759 832 3828 ιδ)
856 3760 901 3814 l.
938 3761 1212 3816 Oscutetur
1239 3782 1318 3821 me
1334 3767 1513 3828 osculo
1531 3769 1636 3823 oris
1663 3771 1781 3824 sui:
1811 3773 1934 3843 quia
1967 3773 2099 3827 bona

529 3857 650 3910 sunt
686 3848 844 3902 ubera
893 3857 983 3904 tua
1017 3868 1172 3921 super
1201 3855 1404 3922 vinum,
1437 3866 1486 3910 et
1536 3858 1667 3911 odor
1716 3871 2099 3928 unguentorum

527 3945 735 3996 tuorum
771 3955 932 4007 supra
970 3945 1146 3997 omnia
1200 3956 1461 4002 aromata.
1494 3947 1548 4002 ‘2.
1588 3947 1920 4020 Unguentum
1957 3952 2094 4019 e/fu-

525 4044 642 4090 sum
679 4046 863 4083 nomen
903 4043 1069 4087 tuum.
1107 4034 1319 4092 Idcirco
1365 4040 1766 4099 adolescentqu
1799 4041 2090 4096 dilexerunt

525 4128 591 4183 te,
611 4119 662 4172 5.
694 4129 966 4178 traxerunt
998 4133 1066 4179 te.
1104 4126 1228 4180 Post
1259 4139 1307 4181 te
1336 4130 1473 4182 enim
1497 4147 1766 4192 curramus
1797 4133 1850 4186 in
1879 4134 2089 4188 adorent

524 4221 904 4281 unguentorum
936 4225 1166 4272 tuorum.
1208 4218 1512 4274 Introduxit
1553 4238 1630 4275 me
1669 4239 1760 4286 rex
1788 4225 1839 4284 in
1873 4240 1969 4277 sua
1994 4242 2086 4294 pe-

2202 3068 2267 3104 πε
2279 3051 2330 3120 pi.
2357 3048 2545 3102 τούτου
2571 3046 2726 3114 λόγος
2748 3041 3157 3113 διεσπουδάσθη.
3201 3043 3264 3094 Ei
3293 3041 3348 3092 δὲ
3382 3036 3637 3107 παράσχοι
3665 3029 3738 3084 καὶ

2202 3141 2346 3212 ζωῆς
2375 3140 2564 3211 χρόνον
2606 3140 2634 3191 ό
2659 3137 2756 3208 τῆς
2785 3135 2928 3204 ζωῆς
2961 3134 3117 3204 ἡμῶν
3153 3132 3367 3202 ταμίας
3393 3129 3540 3193 Θεὸς,
3579 3125 3660 3178 καὶ
3681 3122 3737 3173 εί-

2203 3233 2428 3306 ρηνικὴν
2460 3229 2761 3299 εὐκαιρίαν,
2800 3227 2890 3279 καὶ
2935 3228 3044 3287 τοῖς
3087 3224 3438 3293 λειπομένοις
3476 3219 3597 3280 ἴσως
3638 3218 3739 3268 ὲπι-

2199 3321 2569 3396 δραμούμεθα.
2599 3319 2712 3372 Νῦν
2746 3319 2853 3390 γὰρ
2881 3318 3011 3387 ἡμῖν
3043 3315 3213 3410 μέχρι
3246 3313 3340 3410 τοῦ
3365 3311 3602 3410 ἡμίσεως
3629 3321 3739 3410 προ·

2202 3417 2362 3490 ἦλθεν
2391 3418 2418 3469 ὁ
2443 3413 2599 3481 λόγος
2639 3410 2733 3464 καὶ
2774 3411 2807 3478 ὴ
2852 3407 3072 3478 θεωρία.
3123 3406 3194 3499 ill
3236 3404 3398 3499 χάρις
3427 3400 3528 3499 τοῦ
3565 3400 3740 3499 ξίυρίρν

2203 3506 2359 3579 ἡμῶν
2403 3502 2576 3574 Ἰησοῦ
2623 3498 2860 3570 Χριστοῦ
2891 3497 3028 3566 μετὰ
3064 3495 3290 3548 πάντων
3338 3492 3494 3564 ἡμῶν
3535 3491 3608 3553 είς
3637 3491 3741 3545 τοὺς

2197 3601 2394 3660 αἰῶνας
2423 3595 2529 3649 τῶν
2561 3590 2791 3645 αἰώνων.
2847 3589 3036 3676 Ἀμήν.

2815 3677 3030 3734 ΛΟΓΟΣ
3068 3679 3146 3731 Α’.

2266 3775 2584 3845 Φιλησάτω
2606 3790 2682 3843 με
2706 3771 2823 3826 ἀπὸ
2850 3769 3204 3840 φιλημάτων
3230 3770 3528 3839 στόματος
3553 3761 3742 3819 αὐτοῦ’

2195 3874 2283 3927 ὅτι
2334 3868 2539 3940 ἀγαθοὶ
2582 3865 2804 3935 μαστοι
2850 3877 2964 3918 σου
3011 3862 3162 3930 ὑπὲρ
3219 3859 3426 3926 οἶνον,
3469 3859 3563 3913 καὶ
3609 3853 3743 3922 ὀσμὴ

2193 3963 2396 4034 μύρων
2431 3958 2582 4026 ὑπὲρ
2610 3956 2804 4010 πάντα
2837 3955 2905 4008 τὰ
2942 3953 3245 4022 ἀρώματα.
3283 3953 3489 4020 Μῦρον
3520 3951 3742 4003 ἐκκενω-

2197 4053 2303 4107 Οὲν
2333 4049 2514 4120 ὄνομά
2541 4065 2676 4103 σου.
2699 4048 2801 4101 Διὰ
2823 4047 2994 4100 τοῦτο
3021 4045 3301 4110 νεάνιδες
3323 4039 3638 4113 ἠγάπησάν
3663 4051 3741 4094 σε.

2194 4141 2492 4198 εἵλκυσάν
2518 4157 2610 4194 σε.
2665 4139 2884 4192 Ὀπίσω
2915 4155 3031 4190 σου
3060 4139 3146 4201 εις
3176 4135 3388 4206 ὀσμὴν
3412 4135 3608 4205 μύρων
3644 4141 3751 4209 σου,

2194 4211 2548 4303 δραμοῦμεν.
2591 4229 2918 4298 Εὶσήνετκέ
2943 4247 3019 4297 με
3053 4233 3085 4284 ό
3112 4231 3428 4295 ,βασιλεὺς
3457 4231 3543 4292 εἰς
3571 4226 3630 4279 τὸ
3659 4238 3741 4275 τα-

523 4305 772 4360 nelralia.
831 4304 1175 4363 Exsuttemus
1219 4321 1268 4364 et
1315 4312 1553 4366 laetemur
1591 4316 1642 4368 in
1689 4325 1756 4369 te.
1790 4315 2088 4394 Diligamus

2201 4301 2360 4392 μεῖόν
2386 4322 2592 4379 αὑτοῦ.
2652 4320 3171 4391 Ἀγαὶλιασώμεθα
3205 4325 3310 4378 καὶ
3347 4318 3739 4391 εὐφρανθῶμεν

523 4392 682 4454 ubera
724 4405 815 4448 tua
849 4413 1009 4465 supra
1028 4399 1224 4455 vinum.
1259 4400 1328 4455 Te
1355 4403 1539 4457 dilexit
1566 4406 1840 4461 rectitudo.

595 4575 921 4652 Quicunque
947 4593 1314 4654 congruenter
1345 4588 1576 4642 consilio
1623 4588 1801 4654 Pauli,
1847 4597 2086 4645 veterem

525 4677 819 4740 hominem,
875 4683 1133 4744 tanquam
1193 4677 1475 4733 sordidum
1518 4680 1738 4750 aliquod
1790 4681 2086 4737 vestimen-

523 4777 662 4831 tum,
703 4769 934 4823 exuistis
967 4783 1091 4823 cum
1111 4771 1232 4839 ejus
1263 4773 1572 4828 actionibus
1603 4783 1656 4828 et
1689 4774 1999 4842 desideriis,
2030 4784 2084 4829 et

519 4857 729 4912 lucidas
758 4855 973 4911 Domini
1009 4867 1210 4925 vestes,
1256 4862 1447 4930 quales
1485 4863 1725 4917 ostendit
1757 4864 1813 4918 in
1863 4865 2081 4919 transti-

516 4949 802 5018 gnratione
845 4964 964 5018 quae
999 4949 1140 5005 facta
1170 4960 1253 5007 est
1306 4953 1360 5006 in
1411 4963 1616 5016 monte,
1675 4953 1934 5010 induistis
1988 4970 2084 5024 per

515 5041 644 5094 vita:
668 5041 983 5110 puritatem,
1014 5042 1124 5096 imo
1153 5057 1280 5098 vero
1304 5044 1396 5113 qui
1433 5045 1610 5115 ipsum
1649 5044 1938 5101 Dominum
1985 5061 2084 5100 no-

515 5142 690 5186 strum
746 5131 931 5188 Jesum
987 5133 1266 5188 Christum
1327 5151 1448 5190 cum
1509 5137 1793 5202 charitatc,
1837 5154 1957 5208 qum
1999 5147 2082 5192 est

512 5225 634 5290 ejus
666 5223 1071 5289 indumentum,
1100 5224 1393 5291 induistis,
1414 5235 1468 5282 et
1492 5229 1626 5284 estis
1659 5231 1710 5284 ei
1754 5229 2076 5284 conformati

516 5312 583 5364 ad
612 5314 1068 5383 impatibilitatem
1099 5325 1150 5372 ct
1187 5316 1254 5372 ad
1307 5317 1409 5372 hoc
1467 5327 1525 5372 ut
1573 5321 1696 5378 sitis
1750 5321 2075 5386 diviniurcs,

586 5570 627 5598 η
653 5571 667 5623 l
697 5573 821 5628 (lor.
859 5589 938 5639 ιιι,
970 5575 1020 5630 8.

2187 4416 2256 4471 ἐν
2293 4413 2412 4468 σοι.
2458 4411 2885 4482 Ἀγαπήσωμεν
2921 4412 3194 4481 μαστούς
3241 4429 3365 4468 σου
3404 4412 3552 4480 ὑπὲρ
3578 4407 3733 4464 οἶνον.

2183 4505 2454 4571 meum
2476 4502 2794 4578 ἠγάπησέν
2820 4517 2912 4558 σε.

2260 4597 2412 4656 Ὅσοι
2436 4594 2575 4648 κατὰ
2598 4594 2697 4665 τὴν
2718 4593 3022 4666 συμϐουλὴν
3041 4593 3133 4648 τοῦ
3156 4594 3406 4662 Παύλου,
3430 4596 3521 4648 τὸν
3548 4589 3734 4646 παλαιὸν

2189 4686 2493 4756 ἄνθρωπον,
2525 4685 2710 4757 ὥσπερ
2743 4703 2797 4738 τι
2830 4685 3171 4756 περιϐόλαιον
3200 4687 3458 4758 ῥυπαρὸν
3500 4683 3729 4738 ἀπεδύσαο

2187 4777 2281 4831 σθε
2313 4776 2409 4830 σὺν
2437 4779 2557 4840 ταῖς
2589 4776 2817 4848 πράξεσι
2843 4776 2936 4830 καὶ
2961 4778 3076 4839 ταῖς
3113 4776 3440 4847 ἐπιθυμίαις
3467 4775 3636 4834 αὑτοῦ,
3660 4770 3728 4824 καὶ

2185 4869 2252 4922 τὰ
2301 4869 2536 4937 φωτεινὰ
2577 4869 2669 4922 τοῦ
2719 4869 2922 4939 Κυρίου
2976 4869 3198 4937 ἱμάτια,
3247 4865 3342 4924 οἵα
3392 4871 3488 4923 ἐπὶ
3532 4867 3621 4935 τῆς
3654 4859 3726 4914 τοῦ

2184 4959 2341 5028 ὅρους
2375 4957 2845 5030 μεταμορφώσεως
2889 4957 3077 5024 ἔδειξε,
3123 4960 3213 5017 διὰ
3263 4963 3368 5031 τῆς
3403 4960 3732 5029 καθαρότητα

2186 5047 2277 5100 τοῦ
2304 5048 2418 5118 βίου
2447 5049 2850 5120 περιεϐάλεσθε,
2879 5049 3077 5120 μᾶλλον
3102 5051 3155 5104 δὲ
3183 5053 3236 5104 οἱ
3269 5052 3436 5106 αὑτὸν
3457 5052 3545 5103 τὸν
3565 5049 3732 5116 Κύριον

2187 5135 2341 5204 ἡμῶν
2375 5137 2581 5208 Ἰησοῦν
2616 5139 2847 5210 Χριστὸν
2883 5140 3018 5208 μετὰ
3043 5141 3138 5211 τῆς
3161 5141 3417 5212 ἀγάπης,
3448 5137 3604 5196 αὑτοῦ
3633 5152 3733 5188 στο-

2187 5226 2304 5295 λῆς,
2332 5227 2697 5299 ἐνδυσάμενοι,
2749 5233 2843 5285 καὶ
2893 5233 3396 5304 συμμορφωθὲντες
3445 5229 3586 5298 αύτῷ
3620 5226 3733 5296 πρὸς

2184 5319 2244 5370 τὸ
2268 5319 2473 5384 ἀπαθές
2506 5338 2563 5374 τε
2592 5321 2684 5375 καὶ
2711 5321 2979 5390 θειότερον
2994 5307 3011 5354 ὀ
3047 5325 3202 5394 ὑμεῖς
3231 5324 3509 5378 ἀκούσατε
3533 5319 3618 5375 τοῦ
3643 5333 3730 5391 μυ·
