3928 6196
127 208 206 264 ἳ65

123 320 302 392 πηρίου
347 315 435 369 τοῦ
467 315 748 385 ’ᾼσματος
789 309 897 364 τῶν
938 309 1220 382 ᾀσμάτων.
1265 311 1456 382 Ὑμεῖς
1495 310 1646 374 ἐντὸς
1677 314 1721 372 Α

123 410 294 483 γίνεσθε
348 407 436 462 τοῦ
484 405 762 476 ἀκηράτου
812 402 1128 473 νυμφῶνος,
1178 401 1649 474 λευχειμονοῦντες

119 509 203 568 τοῖς
245 500 484 570 καθαροῖς
529 515 592 550 τε
638 497 734 551 καὶ
780 494 1103 567 ἀμολύντοις
1140 495 1391 566 νοήμασι.
1445 495 1535 565 Μή
1567 512 1650 558 τις

118 593 301 666 ἐμπαθῆ
333 592 421 645 καὶ
455 587 708 661 σαρκώδη
737 585 994 657 λογισμὸν
1023 585 1362 656 ἐπαγόμενος
1382 626 1396 650 ,
1445 586 1542 638 καὶ⁹
1576 583 1651 656 μὴ

117 691 225 758 ἔχων
252 682 447 755 πρέπον
490 681 572 752 τῷ
612 680 742 751 θείῳ
766 680 932 750 γάμῳ
964 677 1024 730 τὸ
1052 677 1149 747 τῆς
1178 676 1533 746 συνειδήσεως
1566 675 1653 728 ἕν-

117 781 246 847 δυμα,
279 773 496 846 συνδεθῇ
544 775 658 836 τοῖς
702 771 855 845 ἰδίοις
897 770 1152 839 νοήμασι,
1193 767 1293 831 τὰς
1339 766 1650 837 ἀκηράτους

116 870 187 926 τοῦ
215 866 433 940 νυμφίου
481 883 542 919 τε
581 864 676 919 καὶ
705 863 804 934 τῆς
831 861 1046 934 νύμφης
1073 859 1260 929 φωνὰς
1291 861 1369 924 είς
1403 857 1649 930 κτηνὼδη

116 962 186 1014 καὶ
207 959 359 1027 ἄλογα
382 956 667 1011 καθέλκων
709 953 879 1024 πάθη,
915 953 1009 1006 καὶ
1037 949 1104 1004 δι’
1147 949 1327 1005 αὐτῶν
1368 952 1490 1012 ταῖς
1527 950 1648 1004 αἰσ-

117 1057 240 1124 χραῖς
263 1051 495 1113 ἐνδυθεὶς
527 1046 848 1119 φαντασίαις
884 1044 990 1110 ἔξω
1013 1043 1122 1096 τῶν
1150 1045 1207 1096 ὲν
1229 1042 1308 1113 τῷ
1334 1043 1498 1112 γάμῳ
1527 1059 1652 1110 φαι-

117 1145 413 1217 δρυνομένων
455 1141 755 1212 ἀπορριφῇ,
785 1137 877 1191 τδν
923 1134 1164 1208 βρυγμὸν
1204 1134 1297 1188 καὶ
1324 1133 1386 1186 τὸ
1417 1133 1650 1202 δάκρυον

117 1236 206 1290 ἀντὶ
228 1236 316 1305 τῆς
345 1235 404 1287 ὲν
435 1231 666 1286 παστάδι
716 1229 891 1300 χαρᾶς
920 1225 1412 1296 ἀντώλαξάμενος.
1465 1225 1650 1278 Ταῦτα

116 1326 511 1398 διαμαρτύρομαι
541 1322 748 1396 μέλλων
795 1319 1064 1376 ἅπτεσθαι
1087 1319 1186 1389 τῆς
1219 1320 1276 1372 ὲν
1301 1317 1383 1388 τῷ
1414 1318 1653 1398 ’ᾼσματι

115 1395 197 1469 τῶν
231 1395 486 1487 ᾀσμάτων
534 1395 803 1487 μυστικῆς
832 1413 1088 1483 θεωρίας.
1134 1412 1232 1465 Διὰ
1273 1411 1382 1484 γὰρ
1417 1395 1528 1466 τῶν
1569 1413 1654 1487 ὲντ

115 1483 251 1561 ταῦθα
275 1483 698 1579 γεγραμμένων,
740 1483 1192 1576 νυμφοστολεῖται
1234 1483 1435 1575 τρόπον
1465 1503 1588 1557 τινὰ
1619 1483 1656 1573 ἢ

116 1597 228 1668 ψυχὴ
270 1597 403 1667 πρὸς
447 1597 547 1667 τὴν
593 1594 884 1666 ἀσώματόν
912 1610 971 1648 τε
1012 1594 1106 1657 καὶ
1148 1591 1527 1663 πνευματικὴν
1563 1593 1655 1646 καὶ

117 1687 242 1738 tam
264 1686 352 1739 τοῦ
381 1684 519 1738 Θεοῦ
551 1683 830 1754 συζυγίαν.
869 1684 927 1738 ⁸0
961 1682 1070 1754 γὰρ
1117 1683 1325 1745 πάντας
1354 1680 1522 1735 θέλων
1550 1698 1654 1734 σω·
1684 1667 1727 1724 Β

119 1775 259 1844 θῆναι,
287 1776 377 1828 καὶ
400 1775 482 1839 είς
510 1774 806 1843 ἐπίγνωσιν
827 1771 1084 1839 ἀληθείας
1109 1770 1304 1840 ἐλθεῖν,
1332 1773 1424 1825 τὸν
1457 1771 1656 1825 τελειό-

118 1882 240 1918 τατον
280 1865 519 1919 ἐνταῦθα
562 1865 658 1919 καὶ
690 1865 954 1936 μακάριον
994 1864 1094 1936 τῆς
1142 1863 1416 1932 σωτηρίας
1446 1861 1656 1923 ὑποδείς

120 1973 237 2008 mat
264 1957 482 2026 τρόπον,
514 1957 605 2011 τὸν
637 1956 726 2012 διὰ
766 1956 866 2026 τῆς
909 1954 1129 2025 ἀγάπης
1166 1955 1330 2023 λέγω.
1371 1955 1526 2008 Ἐστι
1559 1954 1657 2024 μὲν

121 2049 198 2118 γὰρ
230 2049 316 2102 καὶ
341 2048 438 2102 διὰ
467 2047 633 2117 φόϐου
678 2048 787 2102 τισὶ
831 2045 1087 2118 γινομένη
1133 2047 1167 2117 ἡ
1216 2045 1480 2118 σωτηρία,
1527 2046 1656 2098 ὅταν

124 2140 220 2210 arb;
241 2141 330 2206 τὰς
371 2141 610 2205 ἀπειλὰς
653 2140 753 2212 τῆς
785 2142 843 2192 ὲν
885 2141 951 2210 τῇ
997 2137 1191 2209 γεέννῃ
1231 2137 1508 2200 κολάσεως
1540 2136 1657 2208 sit.

118 2249 266 2296 τοπες
292 2232 386 2286 τοῦ
433 2232 606 2285 κακοῦ
653 2228 1034 2305 χωριζώμεθα.
1066 2230 1188 2283 Εἰσὶ
1217 2228 1274 2282 δέ
1304 2247 1448 2293 τινες
1473 2230 1525 2282 οἱ
1563 2229 1657 2283 καὶ

115 2325 181 2376 διὰ
215 2326 299 2396 τὴν
348 2324 732 2396 ἀποκειμένην
779 2325 892 2386 τοῖς
941 2321 1181 2385 εὐσεϐῶς
1227 2320 1515 2392 βεϐιωκόσι
1564 2321 1657 2375 τὸν

116 2417 269 2485 μισθὸν
315 2418 512 2472 ἑλπίδα
543 2417 642 2490 τὴν
670 2416 873 2487 ἀρετὴν
902 2413 1318 2490 κατορθοῦντες,
1340 2415 1442 2469 ούκ
1468 2415 1658 2489 ἀγάπῃ

114 2509 160 2559 τι
180 2509 382 2576 ἀγαθὸν,
413 2509 554 2563 ἀλλά
585 2509 654 2578 τῇ
683 2507 978 2578 προσδοκία
1002 2505 1103 2576 τῆς
1126 2505 1361 2577 ἀμοιϐῆς
1387 2505 1660 2560 κατακτώο

116 2614 252 2669 μενοι.
305 2600 361 2652 ’0
417 2598 609 2670 μέντοι
675 2597 812 2668 πρὸς
855 2596 916 2649 τὸ
973 2595 1174 2649 τέλειον
1218 2595 1545 2667 ἀναδραμὼν
1591 2598 1656 2668 τῇ

113 2688 248 2759 ψυχῇ,
275 2691 582 2746 ἀπωθεῖται
616 2689 714 2760 μὲν
743 2688 834 2741 τὸν
867 2686 1032 2757 φόϐον
1055 2703 1068 2715 ·
1109 2684 1524 2759 ἀνδραποδώδης
1547 2686 1658 2758 γὰρ

115 2780 139 2848 ἡ
163 2782 356 2853 τοιαύτη
383 2781 652 2844 διάθεσις,
679 2778 756 2851 τῷ
785 2779 858 2851 μὴ
887 2779 953 2833 δι’
983 2779 1202 2850 ἀγάπης
1227 2778 1560 2850 παραμένειν
1583 2777 1659 2849 τῷ

113 2870 404 2938 κυριεύοντι,
441 2869 578 2923 ἀλλά
610 2869 688 2940 τῷ
716 2869 824 2923 τῶν
869 2869 1146 2939 μαστίγων
1179 2868 1329 2939 φόϐῳ
1360 2868 1434 2939 μὴ
1463 2869 1661 2940 δραπε-

112 2958 255 3012 τεύειν
272 2977 284 2990 ·
310 2961 564 3030 ὑπερορᾷ
591 2958 649 3012 δὲ
680 2957 774 3012 καὶ
798 2957 976 3012 αὐτῶν
1001 2957 1109 3011 τῶν
1140 2955 1368 3027 μισθῶν,
1395 2957 1470 3020 ὡς
1490 2955 1556 3010 ἂν
1586 2956 1659 3029 μὴ

110 3049 260 3121 δοκοίη
285 3053 372 3105 τὸν
633 3048 904 3103 ποιεῖσθαι
933 3015 1322 3121 προτιμότερον
1348 3015 1662 3121 τοῦνδωρόυί
1688 3015 1731 3073 C

114 3140 246 3207 μένου
287 3142 345 3196 τὺ
390 3141 587 3212 κέρδος
615 3155 628 3168 ·
679 3141 870 3212 ἀγαπᾷ
896 3140 953 3206 at
981 3140 1039 3207 ἐξ
1066 3139 1194 3210 ὅλης
1219 3139 1446 3211 καρδίας
1477 3157 1535 3192 τε
1567 3139 1662 3194 καὶ

109 3230 255 3301 ψυχῆς
294 3232 388 3286 καὶ
424 3230 730 3300 δυνάμεως,
776 3230 878 3284 οὐκ
924 3228 1056 3291 ἄλλο
1094 3246 1147 3297 τι
1192 3227 1301 3296 τῶν
1334 3229 1462 3304 παρ’
1494 3225 1660 3291 αὑτοῦ

111 3323 398 3392 γινομένων,
425 3322 544 3378 ἀλλ’
572 3321 732 3377 αὐτὸν
761 3322 966 3384 ἐκεῖνον
1002 3322 1060 3385 ὃς
1095 3322 1214 3381 ἐστι
1241 3319 1347 3381 τῶν
1378 3318 1599 3394 ἀγαθῶν
1629 3321 1662 3390 ἡ

110 3416 254 3486 πηγή.
283 3414 509 3485 Ταύτην
536 3412 715 3466 τοίνυν
740 3413 768 3465 ὁ
795 3411 974 3470 καλῶν
1001 3412 1153 3481 ἡμᾶς
1183 3410 1318 3481 πρὸς
1350 3411 1447 3481 τὴν
1469 3410 1663 3468 ἑαυτοῦ

117 3507 399 3573 μετουσίαν,
436 3505 723 3576 νομοθετεῖ
745 3506 866 3567 ταῖς
891 3502 998 3556 τῶν
1023 3503 1326 3556 ἀκουόντων
1350 3502 1549 3573 ψυχαῖς
1566 3502 1664 3573 τὴν

111 3594 333 3653 διάθεσιν.
376 3597 443 3651 Ὀ
473 3597 530 3650 δὲ
558 3595 790 3666 βεϐαιῶν
823 3593 920 3665 τὴν
947 3593 1266 3664 νομοθεσίαν
1296 3593 1520 3664 ταύτην,
1546 3594 1665 3661 ἐστὶ

115 3685 359 3758 Σολομῶν
400 3680 470 3742 οῦ
499 3691 533 3759 ἡ
570 3687 735 3757 σοφία
759 3685 901 3740 κατά
927 3687 1025 3756 τὴν
1055 3685 1206 3740 θείαν
1235 3686 1536 3757 μαρτυρίαν
1570 3686 1665 3757 μέ·

111 3792 211 3845 τίον
233 3782 328 3835 οὐκ
357 3781 504 3850 ἔχει,
535 3780 702 3832 πᾶσιν
735 3777 930 3849 ἐπίσης
959 3778 1069 3841 τοῖς
1095 3795 1154 3830 τε
1187 3777 1540 3849 προγεγονόσι
1573 3775 1666 3837 καὶ
1706 3817 1720 3830 .

111 3873 199 3932 τοῖς
225 3872 510 3943 ἐσομένοις
541 3870 870 3941 ἀσύγκριτος
913 3864 1046 3922 οὖσα
1085 3869 1180 3922 καί⁹
1207 3867 1574 3940 ἀπαράθετος,
1607 3869 1667 3924 δν

110 3957 238 4014 ῡαθε
279 3963 390 4018 τῶν
437 3962 610 4016 ὄντων
652 3961 823 4016 οὐδέν.
870 3956 1018 4032 Ἀρά
1047 3977 1116 4031 με
1143 3959 1332 4014 τοῦτον
1362 3959 1462 4014 οίει
1491 3959 1668 4029 λέγειν

111 4050 181 4102 τὸν
214 4056 274 4108 ὲκ
314 4055 422 4126 τῆς
456 4052 739 4125 Βηρσαϐεὲ
772 4051 1112 4124 Σολομῶντα,
1143 4052 1235 4105 τὸν
1265 4051 1358 4104 ἐπὶ
1381 4050 1475 4104 τοῦ
1509 4051 1670 4124 ὅρους

109 4144 445 4216 ἀνενεγκόντα
469 4146 568 4217 τὴν
592 4145 898 4216 χιλιόμϐην,
921 4145 1009 4199 τὸν
1036 4147 1100 4216 τῇ
1129 4144 1356 4216 Σιδωνίᾳ
1380 4144 1669 4216 συμϐούλῳ

109 4239 223 4306 πρὸς
250 4240 350 4310 τὴν
375 4238 662 4311 ἁμαρτίαν
690 4238 1068 4309 χρησάμενονς
1103 4237 1296 4302 Ἄλλος
1323 4237 1573 4308 Σολομῶν
1601 4237 1665 4303 δι’

1143 188 1207 242 ΙΝ
1249 187 1546 244 (ΞΑΝΉΟΑ
1589 186 1862 242 CANTIC.
1902 185 2187 242 HOMILIA
2223 183 2264 238 1.

3231 177 3336 234 706

1750 287 1862 362 vos!
1893 305 2078 361 audite
2129 302 2448 378 mysterium
2496 295 2709 353 Cantici
2766 295 3136 353 canticorum.
3199 293 3334 359 Vos,

1752 399 2000 468 inquam,
2031 380 2382 467 ingredimini
2421 392 2566 445 intra
2594 390 2777 445 cubile
2828 388 3044 459 sponsi,
3081 388 3134 440 in
3184 388 3332 457 quod

1751 505 1860 544 non
1880 489 2026 544 cadit
2054 487 2330 551 interitus,
2361 493 2416 540 et
2463 481 2757 538 induimini
2789 481 3009 534 mundis
3046 489 3100 534 et
3137 479 3334 548 impol-

1751 582 1884 637 lutis
1913 579 2363 652 cogitationibus.
2411 575 2468 630 Si
2506 575 2632 646 quis
2677 583 2858 628 autem
2924 571 3333 641 perturbationi

1752 675 1917 729 animi
1967 672 2259 728 obnoxiam
2311 682 2364 725 et
2413 668 2692 724 carnalem
2751 663 2987 718 induens
3043 663 3333 731 cegitatio-

1752 781 1896 831 nem,
1929 772 1983 821 et
2021 779 2130 820 non
2179 762 2389 818 habens
2440 759 2818 814 indumentum
2852 754 3205 809 conscientiae
3248 753 3333 806 di-

1750 856 1895 910 vinis
1920 855 2254 910 conveniens
2278 851 2507 921 nuptiis,
2541 847 2780 919 propriis
2835 845 3088 914 alligetur
3117 845 3329 914 cogitae

1751 945 2018 1011 tionibus,
2041 945 2111 1000 ab
2139 943 2361 998 interitu
2392 943 2599 995 alienas
2630 937 2818 1008 sponsi
2847 944 2900 990 et
2922 949 3140 1004 sponsae
3171 947 3337 987 voces

1758 1038 2046 1094 attrahens
2080 1036 2148 1092 ad
2203 1035 2475 1091 belluinas
2501 1041 2556 1088 et
2611 1029 2844 1084 rationis
2885 1034 3136 1097 expertes
3168 1025 3338 1080 animi

1754 1131 2096 1193 aﬂ‘ectiones,
2136 1136 2189 1184 et
2206 1143 2303 1197 per
2331 1142 2424 1182 eas
2460 1123 2713 1180 obscenis
2746 1121 2974 1176 indutus
3008 1118 3335 1186 pbantasiis,

1753 1223 2006 1293 ejiciatur
2021 1231 2176 1275 extra
2199 1236 2295 1274 eos
2316 1218 2410 1288 qui
2434 1217 2489 1274 in
2520 1214 2730 1284 nuptiis
2755 1214 2862 1267 laeti
2884 1219 3079 1267 suntet
3098 1211 3333 1272 alacres,

1755 1330 1856 1385 pro
1883 1313 2107 1368 thalami
2131 1311 2315 1366 laetitia
2337 1307 2618 1378 accipiens
2630 1306 2921 1362 stridorem
2938 1305 3182 1360 dentium
3197 1311 3249 1358 et
3269 1303 3341 1356 la-.

1755 1419 1990 1475 crymas.
2012 1401 2139 1457 Haec
2171 1400 2436 1457 testiﬁcor
2461 1406 2798 1454 tractaturus
2815 1396 3338 1466 contemplationem

1756 1496 2044 1568 mysticam
2073 1492 2283 1548 Cantici
2313 1491 2676 1546 canticorum.
2707 1487 2845 1542 Nam
2887 1502 2984 1556 per
3011 1501 3074 1540 ea
3103 1500 3225 1555 qum
3251 1484 3340 1539 hic

1758 1588 1964 1657 scripta
1992 1593 2144 1648 sunt,
2195 1592 2424 1639 ornatur
2441 1579 2848 1652 quodammodo
2873 1578 3055 1631 anima
3078 1585 3340 1646 tanquam

1755 1695 1978 1752 sponsa,
2009 1677 2076 1732 ad
2113 1678 2489 1744 incorpoream
2521 1681 2575 1727 et
2608 1670 2950 1742 spiritualem
2989 1667 3343 1736 materiaeque

1756 1777 2032 1840 expertem
2065 1767 2160 1822 Dei
2198 1766 2664 1836 conjunctionem.
2695 1761 2831 1815 Nam
2863 1759 2956 1830 qui
2983 1761 3096 1813 vult
3150 1773 3344 1813 omnes

1756 1878 1880 1918 esse
1902 1862 2105 1922 salvos,
2137 1867 2192 1914 et
2220 1860 2408 1913 venire
2438 1855 2505 1910 ad
2535 1854 2868 1926 agnitionem
2902 1850 3222 1914 veritatis",
3252 1864 3344 1904 os-

1758 1953 1930 2011 tendit
1963 1953 2052 2006 hic
2084 1950 2542 2024 perfectissimum
2578 1956 2633 2002 et
2683 1947 2901 2000 beatum
2945 1943 3164 1997 modum
3197 1941 3346 1996 Salu-

1758 2046 1850 2111 tis,
1879 2058 2002 2099 eum
2027 2043 2151 2098 dico
2176 2042 2267 2112 qui
2304 2040 2361 2099 lit
2401 2055 2494 2109 per
2523 2037 2872 2092 charitatem.
2901 2033 3035 2087 Nam
3065 2031 3346 2086 nonnullis

1760 2135 1819 2189 ﬁt
1847 2135 2011 2191 etiam
2053 2133 2203 2189 salus
2237 2147 2335 2202 per
2375 2131 2650 2194 timorem,
2691 2126 2911 2196 quando
2959 2125 3237 2178 intuentes
3279 2121 3346 2174 ad

1759 2223 1936 2280 minas
1967 2222 2223 2293 supplicii
2267 2221 2552 2291 gehennae,
2583 2232 2904 2288 separamur
2939 2230 2966 2268 a
3006 2214 3170 2268 malo.
3205 2210 3348 2266 Sunt

1758 2317 1920 2371 etiam
1947 2315 2135 2384 aliqui,
2171 2315 2264 2383 qui
2299 2320 2521 2382 propter
2553 2325 2704 2380 spem
2751 2307 3019 2362 mercedis
3051 2304 3348 2375 repositam

1759 2407 1829 2462 iis
1861 2406 1953 2477 qui
1981 2407 2070 2476 pie
2095 2404 2354 2465 vixerint,
2390 2417 2449 2456 se
2479 2410 2628 2456 recte
2662 2407 2714 2457 et
2746 2414 2814 2453 ex
2858 2398 3063 2451 virtute
3123 2402 3348 2465 gerunt,

1709 2521 1714 2524 ·
1759 2513 1868 2552 non
1892 2497 2161 2557 cbaritate
2191 2495 2391 2549 bonum
2428 2491 2794 2570 possidentes,
2833 2487 2926 2542 sed
2951 2485 3352 2556 exspectatione

1761 2587 2242 2644 remunerationis.
2289 2583 2392 2638 Sed
2439 2582 2532 2652 qui
2587 2580 2774 2635 animo
2825 2579 2999 2632 currit
3061 2577 3126 2629 ad
3169 2575 3349 2645 perle-

1761 2683 2019 2745 ctionem,
2041 2679 2262 2749 expellit
2279 2677 2498 2747 quidem
2548 2656 2801 2726 timorem
2823 2668 2928 2739 (est
2951 2670 3095 2724 enim
3117 2668 3354 2736 ejusmo-

1761 2773 1816 2828 di
1871 2771 2091 2828 servilis
2141 2769 2374 2830 aﬂcctio,
2430 2773 2718 2836 propterea
2771 2761 2915 2838 quod
2971 2776 3078 2813 non
3131 2765 3353 2828 propter

1761 2865 2084 2920 cbaritatem
2117 2869 2432 2934 permaneat
2479 2856 2621 2929 apud
2649 2855 2961 2919 dominum,
2997 2861 3222 2923 prepter
3257 2851 3353 2904 Ωιι-ρ

1765 2971 1986 3028 grorum
2017 2962 2200 3009 autem
2231 2960 2434 3006 metum
2465 2966 2573 3004 non
2614 2948 2918 3018 aufugiat);
2965 2945 3198 3014 deSpicit
3255 2959 3351 2996 au-

1765 3057 1873 3105 tem
1908 3051 2054 3119 ipsas
2083 3060 2303 3117 quoque
2336 3041 2641 3105 mercedes,
2673 3056 2741 3096 ne
2774 3041 3022 3094 videatur
3043 3036 3348 3091 mercedem

1764 3140 1937 3211 pluris
1972 3138 2154 3194 facere
2182 3151 2345 3208 quam
2377 3150 2500 3190 eum
2537 3134 2628 3204 qui
2672 3134 2841 3188 donat
2871 3133 3105 3186 lucrum.
3166 3128 3352 3197 Diligit

1765 3246 1944 3289 autem
1982 3247 2046 3288 ex
2085 3238 2200 3286 toto
2229 3228 2393 3284 corde
2421 3236 2475 3284 et
2502 3228 2680 3281 anima
2710 3234 2761 3281 et
2789 3231 3081 3296 potestate,
3115 3237 3220 3276 non
3254 3221 3354 3273 ali-

1766 3324 1896 3395 quid
1925 3322 2071 3378 aliud
2092 3339 2159 3378 ex
2191 3321 2259 3377 iis
2287 3336 2408 3392 qua:
2429 3320 2499 3374 ab
2531 3319 2650 3390 ipso
2687 3316 2842 3380 tiunt,
2878 3315 2972 3371 sed
3006 3330 3128 3368 eum
3173 3313 3354 3382 ipsqu

1765 3416 1858 3487 qui
1886 3425 1968 3471 est
2000 3413 2121 3470 fons
2148 3415 2441 3468 bonorum.
2475 3408 2580 3476 Qui
2614 3409 2796 3479 itaque
2828 3421 2927 3461 nos
2951 3412 3109 3460 vocat
3148 3404 3213 3457 ad
3268 3401 3355 3463 sui

1767 3505 2262 3577 participationem,
2299 3503 2346 3556 is
2376 3501 2518 3556 hanc
2549 3501 2602 3554 in
2659 3497 2969 3553 auditorum
3004 3495 3202 3549 animis
3241 3502 3356 3547 sta-

1767 3594 2252 3656 tuitaﬂectionem.
2287 3591 2390 3658 Qui
2445 3599 2628 3646 autem
2660 3589 2802 3642 hanc
2848 3588 3017 3656 legem
3051 3585 3248 3647 sancit,
3309 3583 3356 3638 is

1767 3699 1852 3746 est
1887 3684 2360 3754 Solomon,cujus
2392 3681 2680 3752 sapientia,
2714 3689 2772 3733 ut
2805 3677 3050 3734 divinum
3083 3684 3168 3730 est
3201 3672 3357 3726 testi-

1768 3783 2036 3844 monium,
2070 3794 2180 3834 non
2212 3776 2378 3832 habet
2424 3787 2762 3835 mensuram,
2793 3777 2852 3824 ut
2909 3782 3030 3840 quae
3078 3781 3144 3819 ex
3199 3778 3358 3832 aequo

1769 3872 2004 3929 conferri
2032 3886 2139 3926 non
2176 3869 2348 3940 possit
2375 3881 2498 3920 cum
2528 3863 2785 3919 omnibus
2827 3861 2917 3931 qui
2951 3869 3108 3912 antea
3135 3855 3359 3914 fuerunt

1769 3975 1823 4027 et
1842 3965 1938 4036 qui
1961 3962 2130 4019 futuri
2157 3968 2323 4017 sunt:
2358 3964 2519 4030 quem
2544 3971 2733 4012 eorum
2781 3969 2904 4023 qua:
2953 3957 3080 4006 sunt
3131 3946 3360 4003 omnino

1769 4058 1908 4113 nihil
1943 4057 2092 4111 latet.
2125 4053 2266 4109 Num
2302 4069 2388 4108 me
2419 4058 2582 4121 putas
2631 4047 2816 4102 dicere
2866 4045 3213 4098 Solomonem
3264 4039 3358 4110 qui

1771 4159 1938 4208 natus
1965 4157 2048 4210 est
2073 4164 2137 4204 ex
2168 4145 2462 4208 Bersabee,
2515 4142 2608 4214 qui
2643 4143 2697 4195 in
2729 4146 2916 4193 monte
2963 4133 3161 4190 obtulit
3211 4131 3360 4184 mille

1773 4244 1964 4307 boves,
2023 4241 2118 4312 qui
2175 4237 2412 4294 Sidonia!
2448 4233 2694 4292 mulieris
2738 4228 2970 4286 consilio
3000 4241 3134 4280 usus
3171 4229 3258 4277 est
3290 4219 3359 4275 ad

110 4330 249 4385 αὑτοῦ
300 4334 656 4407 σημαίνεται,
696 4335 724 4387 ὁ
766 4335 863 4387 καὶ
908 4331 1070 4394 αὐτὸς
1117 4333 1182 4384 ὲκ
1225 4331 1320 4385 τοῦ
1354 4331 1665 4405 σπέρματος

1763 4333 2094 4407 peccatum?
2116 4329 2220 4386 Sed
2245 4345 2340 4399 per
2359 4327 2502 4382 hunc
2529 4325 2671 4380 alius
2702 4321 3043 4392 signiﬁcatur
3076 4315 3359 4377 Solomon,

107 4426 248 4478 Διϐίδ
272 4428 333 4481 τὸ
366 4429 514 4482 κατά
562 4427 739 4499 σάρκα
770 4426 1082 4496 γενόμενος,
1116 4419 1160 4494 ᾧ
1192 4425 1362 4496 ὄνομα
1394 4427 1608 4498 είρήνη,
1643 4427 1672 4478 ὁ

109 4517 335 4588 ἀληθινὸς
366 4521 470 4575 τοῦ
516 4520 730 4592 Ἰσραὴλ
761 4519 1033 4590 βασιλεὺς,
1069 4521 1098 4573 ό
1125 4520 1404 4590 οἰκοδόμος
1422 4518 1518 4572 τοῦ
1541 4517 1673 4575 ναοῦ

105 4607 182 4661 τοῦ
204 4609 336 4665 Θεοῦ
355 4627 372 4643 ο
427 4614 459 4665 ὁ
486 4611 706 4665 πάντων
735 4609 1174 4682 ὲμπεριειληφὼς
1213 4612 1315 4681 τὴν
1356 4609 1577 4678 γνῶσιν,
1611 4604 1673 4665 οῦ

107 4695 334 4769 ἀόριστος
360 4702 396 4772 ἡ
433 4701 626 4770 σοφία,
662 4699 864 4771 μᾶλλον
897 4700 952 4754 δὲ
981 4701 1044 4754 τὸ
1073 4696 1212 4754 εἶναι
1247 4701 1408 4768 σοφία
1439 4701 1555 4754 ἐστὶ
1577 4699 1674 4753 καὶ

106 4789 328 4860 ἀλήθεια,
365 4793 463 4847 καὶ
489 4794 600 4847 πᾶν
629 4792 934 4863 θεοπρεπὲς
970 4809 1028 4846 τε
1059 4792 1154 4846 καὶ
1189 4792 1390 4863 ὑψηλὸν
1417 4791 1590 4862 δνομὰ
1614 4807 1673 4842 τε

106 4881 182 4932 11‘.
231 4884 437 4953 νόημα.
518 4878 687 4947 Οὗτος
745 4884 963 4956 ὀργάνῳ
1012 4884 1091 4954 τῷ
1144 4883 1447 4954 Σολομῶντι
1502 4881 1677 4952 τούτῳ

105 4973 458 5051 χρησάμενος,
498 4975 567 5029 δι’
600 4976 809 5029 ἐκείνου
855 4978 989 5047 ἡμῖν
1029 4976 1359 5044 διαλέγεται,
1412 4975 1678 5046 πρότερον

109 5064 189 5127 μὲν
230 5067 289 5119 ὲν
324 5066 680 5138 Παροιμίαις,
732 5062 850 5122 εἶτα
884 5069 940 5122 ἐν
970 5067 1048 5139 τῷ
1090 5066 1484 5139 Ἐκκλησιαστῇ
1513 5083 1527 5101 ο
1582 5067 1677 5120 καὶ

108 5157 226 5220 μετὰ
274 5157 456 5218 ταῦτα
501 5161 558 5212 ἐν
591 5161 660 5230 τῇ
704 5159 1038 5231 προκειμένῃ
1090 5159 1186 5213 τοῦ
1243 5159 1520 5231 ’ᾼσματος
1567 5158 1677 5211 τῶν

108 5250 351 5316 ᾀσμάτων
390 5252 699 5324 φιλοσοφίᾳ,
743 5252 847 5323 ὁδῷ
872 5253 965 5306 καὶ
994 5251 1145 5320 τάξει
1176 5252 1274 5325 τὴν
1324 5253 1460 5323 πρὸς
1495 5251 1556 5305 τὸ
1587 5252 1673 5305 τέ-

107 5336 229 5394 ὶειον
259 5343 452 5400 ἄνοδον
477 5344 852 5400 ὑποδεικνύων
875 5343 955 5416 τῷ
985 5345 1146 5417 λόγῳ·

189 5610 228 5640 τ’
252 5611 272 5664 ι
297 5611 446 5665 Tim.
487 5628 546 5680 ιι,
591 5614 647 5668 ιι.

1773 4405 1867 4497 qui
1902 4426 2018 4494 ipse
2045 4435 2264 4494 quoque
2293 4426 2455 4476 natus
2489 4423 2571 4471 est
2610 4430 2673 4469 ex
2704 4410 2910 4466 semine
2943 4405 3107 4462 David
3159 4415 3361 4457 secun-

1774 4517 1905 4572 dum
1933 4529 2178 4575 carnem,
2203 4511 2290 4565 cui
2320 4522 2519 4562 nomen
2553 4515 2636 4560 est
2668 4517 2795 4573 pax,
2833 4499 2923 4569 qui
2961 4505 3045 4552 est
3077 4508 3236 4548 verus
3263 4505 3359 4544 rex

1778 4609 1964 4678 Israel,
1996 4606 2090 4677 qui
2120 4612 2206 4659 est
2253 4600 2549 4656 atdilicator
2608 4593 2796 4663 templi
2851 4590 2966 4653 Dei,
3023 4587 3115 4658 qui
3178 4598 3359 4639 rerum
3451 4639 3456 4644 ,

1775 4676 2026 4765 omnium
2070 4691 2486 4765 comprehendit
2519 4687 2909 4758 cognitionem,
2939 4681 3097 4752 cujus
3123 4688 3207 4735 est
3235 4676 3361 4731 inll-

1775 4792 1887 4854 nita
1915 4786 2203 4859 sapientia,
2225 4785 2334 4838 imo
2360 4795 2491 4836 vero
2524 4779 2685 4848 cujus
2715 4774 2955 4831 essentia
3006 4778 3090 4826 est
3143 4769 3363 4837 sapien-

1775 4883 1849 4937 tia
1901 4887 1955 4936 et
1998 4879 2226 4943 veritas,
2284 4888 2338 4930 ct
2371 4869 2654 4941 quodlibet
2681 4867 2790 4920 Deo
2822 4861 3150 4918 conveniens
3181 4861 3368 4912 cxceI-.

1775 4987 2004 5042 sumque
2028 4984 2225 5025 nomen
2253 4974 2308 5020 et
2331 4961 2710 5032 intelligentia.
2739 4957 2789 5012 ls
2819 4971 2955 5012 usus
2983 4955 3089 5007 boc
3120 4951 3368 5005 Solonius

1778 5082 1844 5121 ne
1881 5074 2141 5135 tanquam
2177 5060 2564 5114 instrumento,
2595 5068 2688 5121 per
2718 5051 2869 5105 illum
2905 5046 3064 5101 nobis
3096 5043 3365 5112 loquitur,

1776 5133 2014 5228 primum
2041 5150 2260 5223 quidem
2296 5148 2350 5202 in
2385 5144 2721 5205 Proverbiis,
2753 5140 2951 5196 deinde
3006 5137 3060 5191 in
3092 5133 3364 5189 Ecclesia-

1778 5227 1880 5313 ste,
1915 5254 1968 5302 et
1998 5250 2184 5315 postea
2226 5241 2280 5295 in
2317 5238 2596 5310 proposita
2633 5231 2974 5306 philosophia
2995 5227 3208 5283 Cantici
3236 5240 3366 5276 ran-

1784 5344 2042 5403 ticurum,
2073 5339 2161 5391 via
2193 5344 2246 5391 et
2275 5332 2468 5389 ordine
2496 5329 2694 5385 rationi
2724 5321 3023 5382 ostendens
3069 5327 3364 5374 ascensum

1786 5435 1876 5507 qui
1922 5431 2094 5490 tendit
2117 5428 2183 5484 ad
2221 5423 2632 5499 perfectionem.
