3928 6196
613 177 717 227 767

606 397 758 445 nem,
794 398 906 436 non
934 388 1112 456 omnis
1141 400 1273 447 aetas
1305 409 1496 451 omnes
1522 400 1803 455 naturales
1821 404 2201 473 complectitur

606 475 983 540 operationes,
1013 493 1189 549 neque
1222 499 1317 550 per
1349 487 1548 542 similia
1588 491 1746 548 nobis
1801 495 2048 562 procedit
2093 498 2202 551 vita

612 559 667 613 in
697 563 831 631 ipsis
853 576 1070 621 relatum
1104 572 1465 635 dillerentiis:
1497 593 1616 634 nam
1655 599 1754 639 nec
1791 585 1970 641 infans
1995 587 2202 642 adulto-

612 666 733 706 rum
767 663 820 708 et
861 657 1223 725 perfectorum
1269 671 1583 738 aggreditur
1615 689 1809 743 opera;
1846 693 1946 734 nec
1980 679 2199 736 adultus

614 757 678 796 ac
707 745 980 812 perfectus
1016 761 1261 820 gestatur
1287 758 1340 811 in
1380 761 1524 816 ulnis
1560 766 1825 833 nutricis;
1849 770 1942 825 sed
1973 771 2028 825 in
2062 789 2201 829 uno-

612 846 827 902 quoque
862 842 1105 903 tempore
1133 846 1310 900 aetatis
1332 857 1414 902 est
1449 851 1655 921 aliquid
1687 855 1836 914 aliud
1890 873 2198 930 congruens

613 937 678 986 ac
707 928 1081 984 conveniens:
1107 931 1178 987 ita
1210 936 1375 992 etiam
1412 941 1541 998 licet
1565 945 1755 1002 videre
1786 948 1842 1004 in
1865 950 2045 1004 anima
2069 967 2198 1021 pro-

611 1014 919 1082 portionem
953 1023 1246 1090 quamdam
1284 1043 1346 1082 ac
1379 1037 1820 1092 convenientiam
1848 1055 1972 1095 cum
2005 1057 2199 1112 corpo-

613 1100 690 1156 ris
713 1105 990 1171 aztatibus,
1021 1125 1118 1180 per
1141 1129 1278 1183 quas
1305 1117 1581 1178 invenitur
1606 1127 1741 1192 ordo
1772 1137 1826 1183 et
1856 1145 2198 1201 consequen—

613 1191 710 1256 tia,
745 1195 1022 1253 deducens
1054 1200 1330 1261 hominem
1361 1211 1428 1265 ad
1460 1214 1624 1276 vitam
1664 1217 1964 1288 degendam
1990 1238 2055 1277 ex
2089 1226 2199 1277 vir-

614 1290 747 1338 tute.
775 1285 948 1351 Quam
976 1291 1045 1344 ob
1067 1306 1290 1362 causam
1322 1300 1479 1368 aliter
1501 1285 1759 1362 erudiunt
1782 1309 2072 1366 Proverbia
2096 1331 2109 1367 :
2145 1321 2199 1368 et

612 1374 771 1428 aliter
801 1377 1020 1434 disserit
1077 1381 1473 1448 Ecclesiastes:
1511 1403 1564 1448 et
1616 1412 1735 1466 qua:
1773 1415 1871 1469 per
1911 1402 2195 1458 Canticum

611 1467 952 1523 canticorum
992 1474 1226 1532 traditur
1258 1480 1622 1552 philosophia,
1661 1467 1948 1561 utra—mque
1977 1505 2199 1564 superat

607 1556 919 1628 dogmatum
947 1565 1304 1626 sublimitate.
1329 1571 1464 1628 Nam
1497 1593 1616 1646 quae
1645 1595 1740 1648 per
1776 1556 2072 1640 Proverbia
2099 1587 2194 1640 da-

609 1653 700 1710 tur
723 1647 993 1716 doctrina,
1039 1655 1107 1710 ad
1139 1673 1265 1713 eum
1301 1664 1392 1731 qui
1430 1673 1512 1719 est
1565 1647 1741 1725 adhuc
1807 1673 1986 1730 infans
2025 1678 2190 1732 verba
2227 1665 2264 1720 Β

605 1735 762 1801 facit,
801 1743 1190 1806 convenienter
1218 1752 1360 1805 σειοιί
1411 1754 1676 1825 adaptans
1741 1759 2188 1821 admonitionem.

605 1821 962 1900 Audi,inquit
983 1832 1052 1898 ⁸⁸,
1081 1836 1183 1904 ﬁli,
1206 1837 1339 1908 leges
1364 1821 1532 1910 patris
1569 1849 1668 1910 tui,
1700 1860 1748 1903 et
1775 1869 1838 1905 ne
1861 1855 2082 1921 repellas
2117 1859 2192 1911 in-

603 1912 789 1971 stituta
817 1922 1004 1974 matris
1037 1934 1160 1980 ture.
1192 1926 1352 1984 Vides
1379 1946 1445 1986 ex
1476 1934 1542 1990 iis
1568 1952 1689 2006 qua:
1722 1939 2000 2009 dicuntur,
2025 1960 2187 2014 quam

602 2003 675 2057 sit
705 2007 884 2066 adhuc
915 2021 1102 2071 tenera
1145 2026 1278 2076 aetas
1306 2023 1520 2092 anima),
1567 2031 2028 2099 quemadmodum
2079 2052 2189 2091 non

601 2099 775 2170 possit
823 2118 882 2162 se
931 2121 1176 2178 pascere,
1231 2120 1285 2166 et
1322 2115 1496 2171 adhuc
1532 2134 1670 2191 Opus
1703 2123 1898 2188 habeat
1927 2131 2188 2184 maternis

599 2193 890 2262 institutis,
946 2207 999 2254 et
1054 2209 1280 2270 paterna
1334 2207 1723 2270 admonitione.
1781 2216 1846 2271 Et
1898 2231 1953 2274 ut
2005 2221 2186 2278 infans

600 2298 850 2357 prompto
881 2299 933 2344 ct
964 2293 1132 2348 alacri
1168 2299 1352 2354 animo
1381 2304 1624 2358 attendat
1653 2311 1990 2378 parentibus,
2029 2317 2186 2385 polli-

596 2385 753 2440 cetur
783 2395 849 2434 ex
876 2381 1183 2454 disciplinis
1207 2389 1254 2442 ei
1290 2404 1611 2450 ornamenta
1645 2398 1762 2455 fore
1789 2405 2038 2470 puerilia.
2090 2406 2187 2462 Est

597 2468 744 2522 enim
778 2483 1159 2530 ornamentum
1195 2482 1422 2550 puerile,
1454 2489 1668 2557 torquis
1705 2504 1907 2549 aureus
1960 2496 2014 2549 in
2043 2498 2183 2554 collo

597 2560 972 2630 resplendens,
1021 2575 1075 2622 et
1123 2585 1244 2638 quat
1291 2573 1552 2642 jucundis
1580 2593 1642 2634 ex
1703 2579 1927 2640 ﬂoribus
1979 2603 2181 2644 corona

529 2683 542 2696 ο
597 2654 852 2707 nectitur.
883 2653 1111 2725 Oportet
1143 2669 1323 2717 autem
1359 2667 1583 2722 omnino
1615 2669 1733 2726 haec
1764 2674 2085 2748 intelligere,
2125 2691 2184 2735 ut

596 2756 792 2806 sensus
819 2746 1124 2816 aenigmatis
1154 2751 1390 2810 deducat
1419 2758 1485 2811 ad
1534 2759 1587 2813 id
1630 2764 1776 2831 quod
1827 2775 1912 2824 est
1950 2746 2178 2829 melius.

597 2833 688 2888 Sic
714 2835 764 2890 ei
796 2837 985 2907 incipit
1011 2843 1216 2896 variam
1263 2859 1325 2900 ac
1361 2849 1719 2920 multiplicem
1748 2857 2060 2918 describere
2090 2881 2181 2920 sa-

594 2925 876 2998 pientiam,
927 2937 980 2984 et
1016 2931 1304 2991 ineﬂ‘abilis
1353 2939 1782 3007 pulchritudinis
1830 2950 2174 3023 interpretari

1355 3003 1372 3007 _
1873 3003 2174 3023 ,,--r_--_..

593 3003 828 3084 speciem
864 3034 928 3074 ac
952 3023 1228 3091 decorem,
1289 3037 1478 3086 utnon
1525 3034 1706 3104 aliqua
1752 3045 2079 3102 necessitate
2125 3058 2178 3104 et

590 3117 758 3174 metu,
793 3111 888 3164 sed
915 3114 1214 3182 cupiditate
1241 3126 1295 3172 ct
1319 3118 1594 3180 desiderio
1618 3129 1885 3186 excitetur
1907 3137 1972 3190 ad
2010 3138 2178 3196 hono-

589 3211 710 3250 rum
735 3199 1228 3270 participationem.
1267 3207 1405 3262 Nam
1429 3211 1726 3283 descriptio
1748 3221 2175 3302 pulchritudinis

589 3286 816 3339 altraltit
847 3291 1352 3361 omnetnjuvenutn
1404 3286 1768 3370 cupiditatetn
1803 3309 1869 3362 ad
1927 3313 1978 3367 id
2030 3320 2173 3384 quod

587 3377 918 3448 ostenditur,
962 3386 1270 3452 accendens
1315 3387 1649 3453 desiderium
1688 3407 1745 3452 ut
1794 3401 1863 3459 sit
1899 3407 2172 3480 particeps

588 3462 897 3534 venustatis
929 3483 980 3529 et
1007 3477 1312 3548 elegantia.

657 3559 728 3615 Ut
759 3577 888 3634 ergo
943 3567 992 3630 ei
1049 3571 1223 3641 magis
1252 3587 1515 3646 augeatur
1542 3584 1814 3652 cupiditas
1845 3603 1874 3642 a
1906 3597 2167 3651 materiali

586 3653 834 3720 traducta
860 3655 1144 3716 all'ectione
1173 3663 1242 3718 ad
1271 3657 1514 3732 materiae
1562 3686 1839 3745 expertem
1895 3683 2166 3742 habitudi-

584 3759 732 3814 nem,
764 3756 922 3802 ornat
952 3748 1207 3810 laudibus
1235 3757 1516 3824 sapientia:
1548 3765 2028 3832 pulchritudinem.
2061 3775 2164 3832 Ne-

583 3849 692 3902 que
721 3834 895 3888 solum
947 3849 1106 3892 ornat
1155 3844 1334 3903 verbis
1387 3848 1506 3916 ejus
1536 3854 1772 3921 speciem
1803 3867 1856 3913 et
1887 3859 2158 3932 decorem,

584 3926 680 3981 sed
703 3927 864 3981 etiam
897 3929 1017 3998 ejus
1073 3947 1356 3999 enumerat
1402 3940 1657 4000 divitias:
1697 3965 1929 4018 quarum
1972 3960 2161 4037 evadet

584 4010 827 4037 νοτε-..ε----
917 4036 924 4037 κ
985 4020 996 4031 ⁸
1377 4030 1387 4037 ·
1451 4032 1497 4037 “”

573 4010 830 4074 dominus
905 4020 998 4089 qui
1057 4037 1179 4076 cum
1247 4043 1308 4080 ea
1377 4030 1719 4091 habitaverit.
1798 4016 2160 4116 Consideran-

580 4117 670 4173 tur
727 4117 908 4164 autem
974 4112 1178 4170 divitia:
1227 4118 1280 4172 in
1319 4121 1383 4174 iis
1418 4140 1537 4192 qua:
1586 4129 1655 4182 ab
1686 4131 1799 4200 ipsa
1842 4152 2157 4208 proponunt.

579 4208 688 4264 tur.
732 4200 866 4255 Nam
916 4203 1104 4259 dexter
1152 4210 1368 4278 quidem
1425 4226 1507 4271 est
1538 4219 1585 4271 ei
1617 4234 1844 4281 ornatus
1901 4232 2153 4290 universa

578 4295 799 4359 smeula,
835 4311 957 4351 cum
984 4299 1056 4352 ita
1099 4301 1243 4356 dicat
1282 4303 1658 4377 Scriptura“:
1699 4315 1994 4390 Longitudo,
2035 4330 2152 4384 vita:
2185 4341 2227 4394 1)

575 4393 624 4450 et
661 4388 786 4439 anni
814 4388 933 4441 vita?
954 4398 1076 4442 sunt
1104 4391 1155 4444 in
1179 4392 1401 4450 dextera
1452 4402 1586 4468 ejus.
1627 4404 1681 4459 In
1723 4388 1944 4466 sinistra
1971 4429 2148 4474 autem

573 4491 738 4532 manu
791 4477 951 4541 habet
1013 4483 1220 4551 positas
1275 4491 1547 4556 pretiosas
1601 4497 1857 4556 virtutum
1909 4505 2148 4574 divitias,

572 4583 694 4638 qua:
729 4568 892 4624 simul
926 4573 1275 4648 resplendent
1322 4594 1445 4637 cum
1486 4587 1774 4653 splendore
1813 4596 2015 4663 glorias.
2062 4600 2149 4657 Di-

571 4660 649 4714 cit
681 4661 864 4716 enim;
899 4661 962 4714 In
986 4665 1208 4726 sinistra
1235 4670 1349 4737 ejus
1391 4677 1592 4732 divitia:
1627 4691 1674 4734 et
1704 4685 1897 4751 gloria.
1942 4689 2147 4749 Deinde

571 4751 686 4804 oris
707 4767 924 4822 quoque
946 4753 1066 4822 ejus
1086 4757 1217 4812 dicit
1239 4763 1592 4821 redolentiam
1617 4774 1913 4842 spirantem
1939 4781 2138 4839 bonum

569 4842 792 4898 odorem
837 4844 1088 4913 justitiae,
1143 4850 1332 4909 dicens
1380 4875 1392 4910 :
1435 4857 1516 4911 Ea:
1569 4880 1657 4919 ore
1710 4868 1826 4938 ejus
1882 4877 2146 4943 egreditur

563 4933 798 5000 justitia.
841 4936 898 4989 ln
939 4937 1058 5005 ejus
1089 4949 1268 4996 autem
1309 4946 1496 5013 labris,
1529 4968 1627 5022 pro
1658 4960 1856 5018 rubore
1910 4972 2142 5026 naturali

568 5026 738 5096 legem
773 5025 967 5083 ﬂorere
1015 5030 1149 5086 dicit
1194 5042 1247 5087 et
1294 5037 1746 5102 misericordiam.
1780 5051 1843 5106 Et
1889 5064 1947 5109 ut
1983 5059 2144 5130 hujus

569 5131 786 5186 sponsae
829 5117 1141 5176 inveniatur
1174 5127 1324 5179 omni
1348 5144 1412 5182 ex
1441 5141 1592 5199 parte
1621 5140 1858 5206 perfecta
1892 5117 2140 5214 pulchri-

561 5208 714 5275 tudo,
771 5208 1025 5264 laudatur
1052 5228 1272 5284 quoque
1313 5217 1433 5287 ejus
1478 5222 1751 5284 incessus.
1790 5231 1926 5288 Dicit
1953 5240 2136 5295 enim:

563 5300 625 5355 In
662 5301 757 5356 aiis
784 5300 1009 5368 iustitia:
1033 5305 1292 5362 ambulat.
1311 5308 1444 5379 Ejus
1467 5331 1684 5386 quoque
1713 5323 2136 5390 pulchritudinis

562 5393 815 5450 laudibus
842 5409 941 5451 nec
969 5396 1120 5452 deest
1150 5401 1367 5470 quidem
1401 5408 1738 5476 magnitudo,
1758 5429 1880 5468 cum
1915 5419 2033 5486 ejus
2055 5424 2134 5478 in-

657 5576 697 5600 “
722 5574 878 5628 Prov.
919 5595 954 5641 t,
986 5581 1037 5629 3.

1116 5582 1154 5610 ‘”
1185 5580 1343 5638 l’rov.
1381 5600 1454 5650 Ill,
1501 5588 1559 5640 lti
1599 5605 1746 5660 seqq.

1885 194 1940 252 s.
1981 196 2308 255 caecum:
2348 185 2641 260 mssast

683 291 968 357 Quomodo
999 295 1142 350 enim
1176 299 1229 354 in
1285 302 1396 357 vita
1428 319 1550 375 quae
1597 315 1686 363 est
1727 312 2026 368 secundum
2077 331 2171 370 car

2276 371 2278 375 ,
2374 320 2638 394 Καθάπερ
2677 323 2784 394 γὰρ
2811 323 2904 377 ὲπὶ
2930 324 3029 395 τῆς
3055 326 3198 382 κατὰ
3227 327 3389 400 σάρκα
3417 335 3556 406 ζωῆς,

3691 231 3768 289 768

3581 341 3629 393 οὐ
3659 350 3768 404 πᾶσα

2302 411 2485 480 ἡλικία
2509 414 2686 476 πάσας
2718 417 2886 485 χωρεῖ
2913 415 3012 479 τὰς
3045 418 3273 485 φυσικὰς
3300 422 3562 493 ἐνεργείας,
3586 434 3684 486 οὐδὲ
3705 439 3772 493 διὰ

2300 502 2410 556 τῶν
2440 504 2638 574 ὁμοίων
2673 507 2804 576 ἡμῖν
2838 508 2895 561 ἐν
2931 508 3120 572 αὑταῖς
3151 510 3361 577 ἡλικιῶν
3386 516 3666 590 διαφοραῐςό
3689 529 3772 597 βίος

2303 595 2628 665 προέρχεται
2657 595 2797 665 (οὕτε
2827 597 2935 669 γὰρ
2959 599 3019 651 τὸ
3042 601 3230 670 νήπιον
3258 603 3321 656 τὰ
3343 605 3440 660 τῶν
3463 611 3646 668 τελείων
3671 595 3774 687 ἔργα

2306 685 2644 754 μετέρχεται,
2679 685 2802 739 οὔτε
2835 689 2863 740 ὁ
2900 688 3104 752 τέλειος
3137 691 3193 743 ὲν
3219 695 3332 754 ταῖς
3357 694 3592 761 ἀγκάλαις
3621 685 3778 770 τῆς-τι-

2302 775 2470 847 θήνης
2515 778 3012 850 άναλαμὸάνεται),
3065 781 3176 834 ἀλλ’
3218 784 3272 836 ὲν
3313 786 3506 858 ἑκάστῳ
3533 794 3680 862 καιρῷ
3704 797 3776 864 τῆς

2301 868 2512 937 ἡλικίας
2555 869 2682 922 ἄλλο
2745 888 2798 923 τι
2851 872 3160 944 πρόσφορόν
3207 875 3316 928 ἐστι
3367 879 3453 932 καὶ
3495 883 3787 955 κατάλληλον

2299 956 2472 1020 οὕτως
2535 957 2681 1012 ἔστιν
2735 959 2860 1013 ίδεῖν
2904 961 2997 1014 καὶ
3043 963 3100 1014 ὲν
3146 965 3212 1034 τῇ
3251 963 3386 1036 ψυχῇ
3426 968 3670 1038 ἀναλογίαν
3693 975 3779 1026 τινὰ

2300 1047 2434 1118 πρὸς
2459 1048 2558 1112 τὰς
2580 1050 2895 1120 σωματικὰς
2921 1052 3156 1122 ἡλικίας,
3183 1054 3248 1106 δι’
3276 1050 3347 1108 ῶν
3379 1057 3784 1128 εὖρίσκεταιτὰξις

2299 1157 2383 1203 τις
2412 1141 2504 1194 καὶ¹
2547 1141 2859 1208 ἀκολουθία,
2888 1143 3023 1212 πρὸς
3055 1145 3145 1199 τὸν
3170 1149 3286 1199 κατ’
3311 1149 3496 1220 ἀρετὴν
3525 1151 3620 1220 βίον
3640 1171 3781 1223 χειρα-

2299 1229 2552 1298 γωγοῢσα
2584 1232 2675 1285 τὸν
2709 1233 3012 1305 ἄνθρωπον.
3059 1229 3134 1290 Οὔ
3167 1237 3339 1308 χάριν,
3372 1239 3530 1304 ἄλλως
3567 1245 3595 1312 ἠ
3632 1245 3786 1311 Παροι·

2303 1324 2398 1393 μία
2429 1325 2692 1388 παιδεύει,
2722 1327 2814 1379 καὶ
2839 1326 3015 1390 ἄλλως
3033 1331 3062 1380 ό
3099 1329 3506 1402 Ἐκκλησιαστὴς
3526 1331 3783 1401 διαλέγεται·

2299 1415 2392 1467 καὶ
2428 1416 2461 1487 ἡ
2508 1415 2597 1469 διὰ
2639 1415 2733 1469 τοῦ
2773 1417 3049 1488 ’ᾼσματος
3099 1419 3206 1474 τῶν
3252 1421 3497 1491 ᾀσμάτων
3542 1423 3784 1493 φιλοσοφία,
3849 1455 3855 1465 -

2298 1502 2386 1556 διὰ
2435 1505 2540 1558 τῶν
2587 1506 2934 1578 ὑψηλοτέρων
2990 1510 3274 1581 δογμάτων
3331 1514 3626 1585 ἀμφοτέρων
3663 1516 3788 1585 ὑπὲρ·

2297 1607 2494 1646 κειται.
2515 1594 2578 1646 Ἡ
2605 1594 2712 1665 γάρ
2743 1595 2832 1651 διὰ
2877 1597 2984 1652 τῶν
3017 1601 3329 1670 Παροιμιῶν
3369 1602 3665 1669 διδασκαλία,
3689 1605 3788 1674 πρὸς

2293 1685 2383 1737 τὸν
2410 1684 2487 1738 ἔτι
2515 1687 2845 1756 νηπιάζοντα
2873 1692 3017 1742 ποιεῖ
3037 1693 3162 1754 τοὺς
3185 1692 3392 1762 λόγους,
3425 1695 3725 1766 καταλλήλως
3742 1699 3788 1766 τῇ

2294 1777 2477 1849 ἡλικίᾳ
2506 1779 2632 1843 τοὺς
2657 1780 2846 1848 λόγους
2882 1783 3217 1854 ἁρμόζουσα.
3267 1788 3482 1851 Ἄκουε,
3525 1789 3680 1858 φησιν,
3707 1787 3789 1850 υίὲ,

2291 1870 2514 1938 νόμους
2573 1873 2797 1939 πατρός
2854 1890 3007 1938 σου,
3061 1876 3159 1929 καί
3207 1877 3294 1946 μὴ
3343 1878 3543 1946 ἀπὼσῃ
3590 1880 3789 1947 θεσμοὺς

2284 1965 2510 2027 μητρός
2535 1977 2671 2016 σου.
2720 1964 2883 2034 Ὁρᾷς
2910 1965 2972 2017 ὲκ
2997 1965 3102 2018 τῶν
3130 1966 3431 2037 λεγομένων
3458 1967 3514 2020 τὸ
3536 1968 3708 2021 ἁπαλὸν
3733 1968 3788 2020 ἔτι

2288 2051 2386 2121 τῆς
2417 2052 2556 2110 κατά
2593 2053 2770 2125 ψυχὴν
2813 2055 3029 2124 ἡλικίας
3059 2058 3152 2110 καὶ
3183 2058 3443 2124 ἄπαστον,
3477 2058 3551 2111 ἔτι
3583 2057 3790 2129 μητρέων

2287 2144 2449 2196 αὑτὸν
2472 2144 2688 2215 θεσμῶν
2710 2147 2898 2200 ἐπιδεᾶ
2924 2147 3127 2217 βλέπει,
3156 2150 3252 2204 καὶ
3278 2151 3535 2221 πατρικῆς
3553 2149 3788 2210 νουθεσίας.

2287 2235 2397 2288 Καὶ
2427 2235 2502 2298 ὡς
2547 2236 2612 2290 ἂν
2659 2238 3065 2309 προθυμότερον
3100 2246 3362 2312 προσέχοι
3408 2245 3514 2304 τοῖς
3545 2240 3724 2310 γονεῦσι
3754 2239 3793 2290 τὸ

2285 2327 2513 2396 νήπιον,
2579 2329 2705 2392 τοὺς
2785 2330 3065 2394 παιδικοὺς
3147 2333 3300 2402 αὐτῷ
3373 2332 3793 2400 κατεπαγγέλλεται

2285 2417 2522 2487 κόσμους
2565 2419 2629 2478 ὲκ
2669 2420 2768 2490 τῆς
2814 2423 2941 2492 περὶ
2975 2423 3040 2477 τὰ
3086 2424 3390 2496 μαθήματα
3424 2425 3636 2495 σπουδῆς
3673 2439 3795 2494 apos-

2283 2509 2629 2581 γενήσεσθαι.
2692 2512 2924 2568 Παιδίων
2993 2517 3100 2587 γάρ
3157 2518 3277 2571 ἐστι
3343 2518 3572 2588 κόσμος,
3622 2516 3796 2586 χρύσεος

2286 2603 2558 2670 μανιάκης
2605 2601 2974 2675 τῷτραχήλῳ
3025 2607 3540 2679 περιλαμπόμενος,
3581 2607 3662 2659 καὶ
3703 2601 3798 2667 ὁὲξ

2281 2692 2458 2746 ἀνθῶν
2482 2701 2638 2746 τινων
2691 2695 3026 2767 ἐπιχαρίτων
3083 2699 3524 2768 άναπλεκόμενος
3569 2698 3795 2765 στέφανος-

2281 2783 2440 2836 Νοεῖν
2471 2783 2526 2836 δὲ
2557 2783 2661 2855 χρὴ
2699 2785 2873 2841 ταῦτα
2907 2786 3121 2852 πάντως
3156 2790 3312 2854 ὅπως
3351 2789 3416 2844 ἂν
3442 2790 3663 2861 ὁδηγήσῃ
3698 2786 3798 2858 πρὶς

2280 2874 2339 2928 τὸ
2371 2880 2612 2946 κρεῖττον
2638 2880 2670 2949 ἡ
2697 2879 2789 2932 τοῦ
2817 2878 3136 2950 αἰνίγματος
3167 2882 3374 2938 ἔννοια.
3405 2882 3511 2936 Καὶ
3539 2880 3688 2942 οὕτως
3708 2881 3800 2930 ὑπο·

2279 2966 2512 3038 γράφειν
2553 2971 2775 3040 ἄρχεται
2817 2972 2915 3042 τὴν
2958 2972 3146 3040 σοφίαν
3180 2973 3354 3044 αὐτῷ,
3384 2973 3622 3035 ποικίλως
3655 2987 3704 3022 τε
3734 2969 3800 3020 καὶ

2282 3060 2575 3122 πολυειδῶς
2607 3061 2695 3114 τοῦ
2740 3063 3021 3133 ἁφράστου
3068 3063 3308 3129 κάλλους
3357 3063 3697 3135 διερμηνεύων
3732 3077 3801 3126 την

2279 3149 2454 3220 ὥραν·
2489 3151 2561 3221 μὴ
2594 3152 2742 3222 φόϐῳ
2773 3155 2874 3206 τινὶ
2909 3155 3000 3207 καὶ
3035 3155 3280 3228 ἀνάγκῃ,
3317 3157 3449 3209 ἀλλά
3480 3154 3714 3224 ἐπιθυμίᾳ
3733 3150 3801 3202 καὶ

2279 3241 2428 3312 πόθῳ
2458 3243 2591 3314 πρὸς
2621 3245 2717 3314 τὴν
2759 3244 2868 3297 τῶν
2906 3245 3126 3314 ἀγαθῶν
3163 3249 3461 3318 μετουσίαν
3489 3245 3800 3343 διαναστῖτιξι·

2288 3333 2352 3384 Ἦ
2386 3334 2494 3404 γὰρ
2536 3333 2629 3387 τοῦ
2664 3335 2895 3400 κάλλους
2942 3337 3233 3410 ἐπιγραφὴ
3277 3339 3567 3393 ὲπισπᾶταί
3610 3353 3706 3397 πως
3728 3333 3798 3434 τίὲν

2273 3423 2380 3477 τῶν
2429 3425 2563 3480 νέων
2621 3425 2913 3498 ἐπιθυμίαν
2973 3428 3109 3500 πρὸς
3171 3430 3240 3482 τὸ
3289 3430 3657 3499 δεικνύμενον,
3702 3437 3802 3490 πρῦς

2274 3516 2556 3570 κοινωνίαν
2583 3518 2683 3589 τῆς
2712 3519 2861 3590 ὥρας
2892 3521 2981 3574 τὸν
3010 3520 3174 3575 πόθον
3211 3520 3645 3592 ἀναρριπίζουσα.

2354 3607 2440 3671 Ὦς
2465 3607 2528 3661 ἂν
2549 3605 2640 3662 οὖν
2667 3611 2867 3680 μᾶλλον
2891 3612 3038 3684 αὐτῷ
3074 3614 3134 3666 τὸ
3157 3612 3556 3684 ἐπιθυμητικὸν
3574 3604 3797 3676 αὐξηθείη.
3862 3677 3863 3680 η

2274 3698 2567 3767 μετατεθὲν
2611 3701 2718 3754 ἀπὸ
2769 3704 2867 3772 τῆς
2911 3704 3106 3774 ὑλικῆς
3151 3703 3530 3777 προσπαθείας
3579 3700 3697 3769 πρὸς
3727 3711 3798 3802 ῖην

2214 3833 2220 3839 .
2268 3789 2430 3842 άῦλον
2457 3791 2658 3860 σχέσιν,
2686 3792 2909 3865 ὼραΐζει
2934 3795 3020 3849 διὰ
3048 3796 3158 3848 τῶν
3196 3796 3492 3865 ἐγκωμίων
3523 3794 3616 3864 τῆς
3632 3789 3801 3887 ﬁ???

2267 3880 2326 3932 τὸ
2358 3881 2572 3950 κάλλος.
2605 3882 2715 3935 Καὶ
2747 3884 2806 3936 οὐ
2844 3886 3002 3955 μόνον
3025 3887 3085 3940 τὸ
3119 3888 3321 3952 κάλλος
3346 3889 3446 3957 τῆς
3474 3886 3611 3957 ὥρας
3627 3883 3698 3936 διὰ
3717 3880 3797 3932 τῶν

2267 3970 2438 4037 λόγων
2467 3973 2865 4043 προδείκνυσιν,
2892 3976 3029 4030 άλλά
3057 3980 3148 4030 καὶ
3179 3980 3277 4032 τὸν
3307 3978 3532 4032 πλοῦτον
3561 3975 3706 4044 αὐτῆς
3730 3973 3803 4023 ἀπ’

2263 4062 2595 4133 αριθμεῖται·
2619 4060 2678 4120 οὗ
2701 4067 2889 4137 κύριος
2913 4069 3127 4132 πάντως
3149 4073 3177 4123 ό
3198 4072 3526 4141 συνοικήσας
3544 4067 3794 4136 γενήσεται.

2276 4153 2331 4204 ὐ
2346 4153 2401 4205 δὲ
2423 4153 2648 4219 πλοῦτος
2666 4158 2802 4221 τέως
2823 4160 2880 4211 ἐν
2896 4162 3003 4224 τοῖς
3027 4164 3322 4234 προκοσμή
3334 4180 3497 4233 μασιν
3537 4158 3688 4227 αὐτῆς
3701 4155 3798 4206 θεω·

2266 4246 2456 4314 ρεῖται·
2515 4247 2733 4318 Κάδμος
2799 4250 2897 4320 μὲν
2937 4252 3045 4326 γὰρ
3100 4254 3242 4326 αὐτῇ
3307 4254 3600 4326 περιδέξιος
3643 4246 3794 4302 αἰῶνες

2256 4336 2384 4391 ὅλοι.
2409 4337 2592 4402 Οὕτως
2623 4341 2869 4405 εἰπόντος
2897 4343 2990 4397 τοῦ
3013 4345 3172 4412 λόγου
3197 4386 3211 4410 ,
3245 4347 3331 4400 ὅτι
3358 4341 3696 4414 Μῆκοςβίου
3717 4331 3791 4437 καί

2257 4428 2362 4495 ἔτη
2400 4429 2548 4496 ζωῆς
2579 4433 2648 4485 ἐν
2693 4432 2767 4501 τῇ
2797 4434 2967 4502 δεξιᾷ
2997 4437 3211 4505 αὐτῆς.
3267 4440 3360 4491 Ἐν
3401 4439 3457 4491 δὲ
3488 4441 3550 4507 τῇ
3582 4428 3791 4526 de”???

2257 4519 2428 4589 χειρὶ.
2460 4520 2548 4572 τὸν
2569 4521 2863 4594 πολύτιμον
2894 4525 3001 4578 τῶν
3024 4527 3239 4595 ἀρετῶν
3272 4529 3577 4599 περίκειται
3608 4521 3785 4624 πλουτον

2254 4612 2318 4680 τῇ
2350 4611 2652 4683 λαμπηδόνι
2677 4615 2776 4685 τῆς
2799 4615 2957 4688 δόξης
2991 4618 3492 4690 συνδιαλάμποντα.
3526 4616 3665 4682 Λέγει
3688 4611 3780 4675 γάρς

2253 4701 2334 4752 ὅτι
2375 4701 2476 4761 Ἐν
2509 4702 2582 4770 τῆ
2631 4705 2914 4774 ἀριστερᾷ
2957 4708 3148 4776 αὐτῆς
3197 4709 3472 4776 πλοῦτος
3522 4706 3608 4761 καί
3653 4698 3778 4761 δόξα·

2234 4787 2382 4846 ,Εἶτα
2426 4795 2519 4847 καὶ
2568 4797 2662 4849 τοῦ
2704 4799 2972 4868 στόματος
3017 4801 3187 4870 αὐτῆς
3231 4802 3388 4871 λέγει
3447 4801 3542 4870 τὴν
3585 4795 3778 4848 simam

2245 4883 2338 4935 τοῦ
2373 4885 2539 4939 καλοῦ
2579 4887 2678 4957 τῆς
2713 4889 3060 4962 δικαιοσύνης
3089 4892 3392 4962 ἀρώματος
3446 4887 3779 4946 ἀποπνέουσαν,

2252 4973 2423 5041 λέγων
2443 4993 2457 5007 ⁸
2504 4978 2605 5031 Ἐκ
2641 4980 2743 5034 τοῦ
2773 4982 3070 5049 στόματος
3110 4985 3312 5051 αὐτῆς
3345 4983 3697 5052 ἐκπορεύεται
3721 4971 3786 5066 δι’·

2252 5069 2592 5136 καιοσύνηη
2619 5071 2743 5134 Τοῖς
2789 5071 2843 5124 δὲ
2893 5073 3123 5143 χείλεσιν
3155 5077 3339 5146 αὐτῆς
3387 5092 3548 5145 φησιν
3587 5066 3687 5124 ἀντὶ
3713 5078 3784 5170 του

2251 5157 2478 5224 φυσικοῦ
2532 5159 2876 5230 ἐρυθήματος
2931 5164 3024 5218 τὸν
3088 5164 3259 5234 νόμον
3323 5166 3573 5220 ἐπανθεῖν
3611 5163 3688 5213 καὶ

2249 5246 2415 5300 ἔλεον·
2468 5250 2574 5301 καὶ
2618 5250 2692 5315 ὡς
2722 5251 2800 5306 ἄν’
2832 5255 2920 5308 διὰ
2953 5257 3173 5311 πάντων
3211 5257 3470 5328 εὑρεθείη
3517 5257 3576 5325 τῇ
3605 5246 3789 5348 τοιαύτῃ

2247 5339 2430 5411 νύμφῃ
2459 5342 2652 5407 κάλλος
2680 5345 3079 5418 ἐρανιζόμενον,
3111 5352 3426 5403 ἐπαινεῖται
3454 5348 3613 5415 αὐτῆς
3643 5339 3728 5394 καὶ
3741 5349 3791 5386 το

2248 5432 2504 5502 βάδισμα·
2543 5437 2675 5509 Φησὶ
2709 5439 2815 5509 γάρ
2837 5456 2849 5468 ⁸
2896 5441 2998 5494 Ἐν
3038 5440 3197 5507 ὁδοῖς
3231 5442 3617 5505 δικαιοσύνης
3652 5445 3786 5497 περ·
