3928 6196
128 317 200 373 τω
1148 304 1210 358 IN
1252 304 1539 359 CA.\T:(‘..\
1581 299 1849 356 CANTIC.
1890 300 2169 354 IIOLHLIA
2202 302 2240 353 Ι.

3200 297 3303 351 770

125 425 267 482 aurei.
296 423 365 475 Οὐ
389 422 563 475 λείπει
592 423 701 485 τοῖς
739 420 981 484 ἐπαίνοις
1006 420 1102 489 τῆς
1132 419 1278 493 ὥρας
1307 420 1426 472 οὐδὲ
1454 418 1512 470 τὸ
1539 416 1631 489 μὲ-

1743 423 2076 469 cremcntum
2110 413 2411 475 excurrei-it
2442 419 2696 479 tanquam
2735 412 2913 478 planta
2952 408 3132 480 aliqua
3165 409 3302 465 bene

124 518 268 587 γεΘος,
303 509 390 566 ἴσα
436 511 588 582 φυτῷ
640 530 745 567 τινι
781 512 889 564 τῶν
933 510 1169 583 εὐερνῶν
1215 511 1314 579 τῆς
1359 509 1634 579 αὐξήσεως

124 602 500 673 ἀναδραμούσης.
551 602 596 653 Τ
597 602 627 655 δ
667 602 723 655 δὲ
765 601 929 671 φυτὸν
964 599 1122 654 τοῦτο
1145 594 1189 668 ᾧ
1217 600 1277 653 τὸ
1306 599 1438 671 ὕψος
1466 598 1637 667 αὐτῆς

122 691 710 765 προσεικάζεται,Αὐτὸ,
751 692 917 761 φησὶ,
969 690 1036 745 τὸ
1086 690 1197 760 τῆς
1228 690 1390 760 ’ζωῆς
1445 690 1637 756 ξύλον

116 781 257 840 ἐστὶν,
281 778 305 830 ὃ
332 778 507 849 τροφὴ
526 778 627 848 μὲν
652 779 859 847 γίνεται
876 777 1002 844 τοῖς
1030 779 1477 848 ἀντεχομένοις,
1502 776 1632 830 στύ-

113 874 176 935 to;
188 872 232 923 δὲ
245 869 357 936 τοῖς
379 868 859 941 ἐπερειδομένοις
874 869 1163 939 ἀσφαλής
1182 888 1240 924 τε
1259 871 1353 924 καὶ
1368 870 1639 935 ἄσειστος.

115 961 262 1015 seu
278 957 345 1014 δι’
376 960 709 1032 ἀμφοτέρων
736 961 830 1015 τὸν
857 961 1086 1034 Κύριον.
1107 962 1280 1026 Αὐτὸς
1304 962 1413 1034 γάρ
1431 965 1578 1017 ἐστιν
1601 963 1637 1033 ἠ

122 1050 201 1120 ζωὴ
226 1051 304 1104 καὶ
330 1051 392 1103 τὸ
420 1052 671 1122 ἔρεισμα.
710 1054 861 1124 Ἔχει
886 1053 942 1107 δὲ
968 1056 1000 1125 ἡ
1035 1053 1183 1120 λέξις
1209 1053 1408 1116 οὕτως’
1436 1053 1638 1107 Ξύλον

122 1139 226 1208 ζωῆς
256 1141 381 1194 ἐστι
419 1141 569 1197 πᾶσι
609 1143 733 1210 τοῖς
776 1145 1196 1215 ἀντεχομένοις
1241 1144 1459 1213 αὐτῆς,
1510 1143 1637 1215 [καὶ

118 1231 199 1292 τοῖς
217 1230 633 1302 ἐπερειδομένοις
674 1233 760 1285 ἐπ’
789 1233 958 1303 αὐτὴν
995 1233 1070 1297 ὡς
1103 1234 1192 1286 ἐπὶ
1223 1234 1425 1304 Κύριον
1457 1234 1633 1302 ἀσφα-

121 1319 232 1391 λής]
259 1307 835 1393 Συμπεριλαμδάνεται
853 1322 910 1375 δὲ
936 1322 1074 1393 μετὰ
1103 1322 1211 1375 τῶν
1238 1322 1442 1375 λοιπῶν
1463 1324 1634 1390 ιγκω.

120 1411 221 1481 plura
252 1412 420 1481 αὐτῆς
461 1412 557 1466 καὶ
586 1413 621 1484 ἡ
651 1413 878 1484 δύναμις
897 1453 912 1477 ,
960 1414 1035 1478 ὡς
1063 1413 1128 1467 ἂν
1168 1414 1254 1467 διὰ
1286 1414 1502 1468 πάντων
1528 1415 1634 1468 τῶν

118 1500 283 1567 ἀγιθῶν
316 1501 631 1574 πληρωθείη
683 1504 778 1557 τοῦ
808 1504 1035 1567 κάλλους
1063 1503 1163 1573 τῆς
1202 1503 1393 1572 σοφίας
1418 1506 1447 1558 ὁ
1478 1502 1634 1557 ἔπαι-

118 1606 195 1653 νος.
234 1591 288 1643 '0
332 1591 483 1658 Θεὸς
529 1592 670 1664 γὰρ,
716 1592 878 1663 φησὶ,
927 1594 1003 1663 τῇ
1060 1598 1244 1664 σοφίᾳ
1286 1595 1637 1665 ἐθεμελίωσε

118 1682 199 1749 τὴν
217 1683 337 1752 γῆν.
389 1684 682 1757 Ἠτοίμασε
715 1687 772 1741 δὲ
821 1688 948 1751 τοὺς
978 1688 1240 1759 οὐρανοὺς
1267 1690 1324 1741 ὲν
1357 1690 1631 1760 φρονήσει,

119 1776 184 1826 καὶ
208 1776 261 1827 τὰ
286 1776 406 1830 καθ’
441 1776 672 1830 ἕκαστον
715 1778 822 1832 τῶν
858 1780 915 1833 ὲν
948 1780 1013 1850 τῇ
1050 1779 1222 1832 κτίσει
1249 1778 1631 1850 θεωρουμένων

118 1868 173 1926 si;
186 1865 265 1936 τὴν
293 1866 392 1937 τῆς
415 1866 609 1935 σοφίας
624 1868 745 1936 ἄγει
767 1867 1014 1939 δύναμιν,
1048 1868 1428 1922 διαποικίλλων
1465 1870 1632 1937 αὐτὴν

120 1954 450 2022 τοῖςόνόμασι.
499 1953 610 2025 Τὴν
640 1955 748 2026 γὰρ
777 1954 945 2025 αὐτὴν
991 1957 1081 2008 κα)⁸
1122 1956 1313 2024 σοφίαν
1358 1954 1502 2025 λέγει
1542 1958 1634 2010 καὶ

120 2041 297 2107 civem,
335 2043 597 2114 αἴσθησίν
623 2062 683 2098 τε
725 2045 817 2099 καὶ
844 2045 1042 2113 γνῶσιν
1075 2047 1169 2099 καὶ
1198 2044 1409 2099 σύνεσιν
1438 2048 1531 2100 καὶ
1567 2047 1634 2099 τὰ

121 2138 302 2193 τοιαῦτα.
348 2140 516 2196 Μετὰ
556 2140 615 2193 δὲ
655 2139 828 2195 ταῦτα
870 2140 1267 2211 νυμφοστολεῖν“
1293 2140 1515 2210 ἄρχεται
1545 2138 1635 2192 τὸν

116 2231 200 2283 νέον
228 2232 349 2303 πρὸς
396 2232 503 2304 τὴν
543 2232 798 2304 τοιαύτην
855 2232 1183 2302 συνοίκησιν,
1230 2232 1329 2303 ἤδη
1364 2231 1500 2302 πρὸς
1544 2232 1636 2284 τὸν

115 2319 221 2373 θεῖον
256 2322 498 2393 θάλαμον
548 2322 765 2393 βλέπειν
814 2322 1249 2393 ἐγκελευόμενος.
1292 2323 1454 2391 Λέγει
1505 2322 1634 2391 γὰρ,

111 2412 271 2482 ὅτιΗῆ
308 2416 728 2486 ἐγκαταλίπῃς
778 2415 971 2483 αὐτὴν
1004 2414 1102 2468 καὶ
1139 2412 1451 2477 ἀνθέξεταί
1483 2429 1633 2468 σου·

111 2502 338 2571 ἐράσθητι
366 2504 588 2574 αὐτῆς,
620 2506 715 2559 καὶ
738 2505 984 2573 τηρήσει
1008 2520 1082 2559 σε
1102 2522 1116 2537 ·
1146 2504 1638 2574 περιχαράκωσον

112 2596 264 2662 αὐτὴν
304 2598 406 2651 καὶ
458 2595 690 2664 ὑψώσει
745 2611 851 2650 σε·
891 2598 1147 2666 τίμησον
1199 2595 1394 2663 αὐτὴν
1432 2595 1533 2649 ἵνα
1565 2610 1638 2649 σε

112 2688 347 2758 περιϐάλῃ
370 2705 383 2717 ·
430 2688 532 2741 ἵνα
559 2686 641 2752 δῷ
665 2686 739 2756 τῇ
766 2686 999 2757 κορυφῇ
1029 2690 1334 2756 στέφανον
1360 2686 1636 2757 χαρίτων.

112 2777 340 2845 στεφάνῳ
389 2777 467 2830 δὲ
497 2775 726 2847 τρυφῆς
762 2779 1169 2847 ὐπερασπίσῃ.
1216 2778 1306 2831 Ἐν
1333 2776 1543 2839 τούτοις
1573 2776 1638 2846 δὴ

109 2867 194 2927 τοῖς
217 2871 497 2937 στεφάνοις
538 2868 637 2938 ἢδη
677 2869 789 2931 τοῖς
830 2870 1087 2939 γαμικοῖς
1132 2867 1349 2938 νύμφην
1403 2884 1638 2921 κατακο·

112 2956 287 3026 σμήσας
309 2958 616 3028 ἀχώριστον
645 2957 810 3030 αὐτῆς
839 2955 977 3012 εἶναι
1006 2958 1401 3022 διακελεύεται,
1435 2957 1635 3027 λέγων·

1704 2235 2033 2289 «thalamum
2074 2234 2186 2304 jam
2248 2235 2446 2305 jubens
2500 2237 2719 2291 intueri.
2775 2236 2916 2291 Dicit
2976 2236 3119 2291 enim
3164 2256 3176 2290 :

1736 504 2068 573 germinans.
2097 503 2165 558 Ut
2191 512 2370 557 autem
2395 501 2665 570 intelligas
2692 500 2778 554 cui
2812 501 3007 569 plantae
3034 490 3303 557 assimileL

1737 602 1826 648 tur
1883 594 2002 664 ejus
2042 595 2292 657 altitudo,
2355 592 2503 663 Ipsa,
2550 592 2745 661 inquit,
2784 601 2861 645 est
2915 592 3112 662 lignum
3161 593 3300 657 vim,

1737 686 1879 757 quod
1907 695 1987 741 est
2018 686 2233 756 quidem
2257 685 2650 739 nutrimentum
2681 684 2745 736 iis
2768 684 2855 752 qui
2885 699 3000 735 eam
3026 684 3305 751 apprehen-

1736 778 1898 839 dunt;
1933 778 1999 830 iis
2042 784 2219 830 autem
2264 775 2354 846 qui
2387 774 2701 834 innituntur,
2745 775 2993 827 columna
3030 777 3187 845 ﬁrma
3242 790 3305 829 ac

1746 867 1981 932 stabilis,
2017 874 2069 921 et
2096 882 2216 937 quze
2246 878 2353 919 non
2383 860 2559 934 potest
2586 855 2844 918 labeﬁeri.
2885 863 2989 918 Per
3014 871 3305 933 utrumque

1737 963 1919 1011 autem
1972 958 2218 1028 intelligo
2271 958 2577 1014 Dominum.
2631 959 2752 1029 Ipse
2800 959 2940 1014 enim
2985 965 3065 1013 est
3096 960 3205 1012 vita
3251 966 3305 1013 et

1737 1043 1971 1099 fulcrum
2008 1060 2071 1100 ac
2101 1045 2522 1102 ﬁrmamentum.
2548 1047 2625 1101 Ita
2657 1055 2836 1101 autem
2863 1046 3024 1101 habet
3049 1047 3304 1103 dictionis

1736 1148 2044 1205 contextus,
2091 1138 2310 1209 Lignum
2355 1149 2433 1193 est
2472 1141 2589 1194 vitae
2637 1139 2876 1193 omnibus
2902 1141 2992 1208 qui
3020 1141 3304 1208 apprehen-

1737 1227 1869 1280 dunt
1909 1238 2045 1283 eam.
2079 1228 2575 1300 Comprehenditur
2601 1238 2781 1285 autem
2808 1246 2928 1284 cum
2957 1232 3166 1285 czeteris
3186 1230 3304 1299 ejus

1735 1332 1963 1391 quoque
1994 1321 2244 1377 laudibus
2282 1322 2548 1390 potentia,
2595 1330 2653 1375 ut
2688 1337 2785 1390 per
2816 1322 2995 1375 omnia
3028 1322 3165 1376 bona
3207 1321 3306 1374 imo

1736 1412 1948 1481 pleatur
1985 1411 2106 1466 laus
2147 1411 2575 1481 pulchritudinis
2617 1412 2915 1480 sapientiae.
2958 1411 3097 1465 Dens
3134 1415 3303 1468 enim,

1738 1501 1933 1570 inquit,
1970 1503 2236 1571 sapientia
2276 1502 2516 1570 fundavit
2560 1512 2775 1558 terram.
2800 1503 3017 1559 Paravit
3057 1504 3225 1559 cmlos
3250 1504 3303 1557 in

1737 1592 2041 1660 prudentia,
2070 1601 2123 1648 et
2158 1595 2583 1664 unumquodque
2599 1611 2785 1650 eorum
2811 1612 2930 1666 qure
2960 1595 3307 1651 consideran-

1740 1690 1827 1736 tur
1857 1682 1911 1736 in
1945 1684 2241 1748 creatione,
2270 1685 2491 1739 deducit
2511 1686 2577 1739 ad
2596 1687 2736 1740 viam
2763 1687 3063 1757 sapientiae,
3082 1702 3199 1740 eam
3222 1701 3306 1741 or-

1738 1792 1876 1833 nans
1894 1779 2060 1833 variis
2088 1780 2401 1834 nominibus
2424 1780 2697 1835 :eamdem
2724 1781 2867 1835 enim
2891 1780 3105 1836 aitesse
3133 1787 3185 1835 et
3218 1785 3307 1835 sa-

1736 1868 1995 1938 pientiam
2030 1876 2083 1923 ct
2115 1869 2549 1940 intelligentiam,
2584 1887 2804 1927 sensum
2837 1880 2892 1927 et
2940 1872 3303 1942 cognitionem

1733 1967 1790 2014 et
1828 1959 2199 2029 prudentiam,
2245 1969 2298 2015 et
2331 1976 2451 2031 qua:
2484 1972 2614 2018 sunt
2642 1962 2978 2033 hujusmodi.
3028 1961 3157 2017 Post
3192 1962 3306 2017 haec

1736 2057 1915 2104 autem
1949 2051 2145 2120 incipit
2183 2059 2445 2121 tanquam
2475 2053 2882 2124 paranymphus
2910 2052 3179 2107 deducere
3217 2053 3307 2122 ju-

1734 2158 1925 2197 venem
1976 2143 2043 2197 ad
2096 2143 2365 2214 ejusmodi
2419 2145 2910 2207 cohabitationem,
2953 2145 3016 2199 ad
3064 2144 3306 2198 divinum

3229 2234 3315 2290 Ne’

1735 2326 1975 2381 dimittas
2004 2338 2141 2393 eam,
2191 2338 2240 2382 et
2272 2328 2512 2383 retinebit
2545 2338 2593 2383 te
2614 2344 2632 2381 :
2681 2329 2841 2399 dilige
2887 2346 3026 2392 eam,
3060 2338 3108 2383 et
3141 2338 3310 2393 custo-

1736 2417 1842 2471 diet
1895 2427 1977 2472 te:
2012 2418 2355 2471 circumvalla
2414 2434 2550 2481 eam,
2603 2427 2651 2472 et
2703 2428 2750 2472 te
2790 2421 2844 2471 in
2889 2419 3055 2472 altum
3101 2417 3307 2471 ere/tet:

1737 2506 1938 2560 honora
1963 2522 2078 2559 eam
2118 2515 2175 2558 ut
2209 2514 2257 2559 te
2285 2506 2668 2574 amplectatur:
2718 2516 2774 2558 ut
2803 2507 2888 2559 det
2914 2516 3002 2571 tuo
3033 2506 3196 2575 capiti
3223 2521 3310 2559 co-

1738 2614 1923 2651 ronam
1965 2599 2282 2668 gratiarum,
2331 2614 2526 2651 corona
2551 2607 2722 2652 autem
2773 2598 3083 2651 deliciarum
3115 2606 3162 2650 te
3187 2609 3309 2665 pro;

1740 2700 1891 2761 teget.
1944 2688 2080 2743 Cum
2115 2689 2201 2743 bis
2242 2690 2577 2759 nuptialibus
2610 2690 2827 2744 coronis
2874 2704 2993 2744 eam
3023 2688 3137 2757 jam
3188 2694 3309 2742 ta‘n-

1696 2809 1705 2823 ι
1740 2799 1902 2855 quam
1934 2798 2190 2854 sponsam
2221 2792 2490 2844 ornasset.
2524 2782 2678 2853 jubet
2710 2784 2780 2838 ab
2811 2798 2873 2838 ea
2907 2797 3185 2853 nunquam
3217 2797 3308 2839 se-

1740 2874 1944 2944 parari,
1995 2872 2223 2929 dicens:
2264 2872 2489 2939 Quando
2522 2872 2788 2936 ambulas,
2831 2872 2931 2926 duc
2973 2889 3110 2935 eam,
3142 2881 3191 2927 et
3238 2874 3309 2928 ait

1744 2974 1933 3026 tecum;
1978 2978 2096 3017 eum
2146 2962 2394 3027 dormies,
2440 2974 2488 3016 le
2518 2962 2813 3025 custodiat;
2842 2971 2897 3015 ut
2933 2972 3097 3017 tecum
3130 2970 3309 3032 exper-

113 3044 277 3101 Ἠνίκα
317 3050 399 3104 ἂν
451 3049 779 3118 περιπατῇς
818 3049 1042 3117 ἐπάγοι)
1089 3050 1302 3119 αὐτὴν,
1350 3050 1448 3103 καὶ
1490 3049 1639 3119 μετὰ

1745 3064 1883 3109 recto
1912 3052 2261 3122 colloquatur.
2282 3050 2328 3084 ⁸³
2346 3049 2483 3106 Cum
2500 3062 2597 3121 per
2610 3052 2722 3107 haec
2763 3062 2819 3109 et
2866 3068 2984 3122 qua:
3015 3060 3141 3108 sunt
3165 3054 3312 3123 ejus-

107 3136 196 3189 σοῦ
220 3139 366 3193 ἔστω
386 3156 403 3169 ⁸
431 3141 507 3204 ὡς
535 3139 587 3192 δ’
614 3139 692 3194 ἂν
715 3140 1008 3209 καθεύδῃς
1038 3139 1402 3209 φυλασσέτω
1429 3154 1521 3205 σε,
1544 3141 1642 3193 ἵνα

1749 3145 1918 3207 modi.
1949 3144 2069 3215 ejus
2090 3145 2181 3216 qui
2204 3152 2290 3201 est
2314 3143 2496 3198 adhuc
2518 3144 2737 3213 juvenis
2764 3146 3061 3201 secundum
3090 3144 3313 3201 interio-

104 3224 419 3296 ἐγειρομένῳ
471 3228 760 3298 συλλαλῇ
816 3244 936 3283 σοι.
989 3230 1090 3283 Διὰ
1135 3228 1341 3284 τούτων
1389 3231 1482 3284 καὶ
1536 3232 1644 3285 τῶν

107 3316 323 3372 τοιούτων
352 3318 458 3373 τοῖ’)
487 3318 768 3383 νεάζοντος
796 3318 876 3372 ἔτι
908 3318 1051 3372 κατὰ
1097 3320 1189 3373 τὸν
1230 3319 1337 3375 έσω
1363 3320 1646 3393 ἄνθρωπον

104 3404 150 3457 τὸ
178 3408 566 3481 ἐπιθυμητικὸν
612 3410 941 3478 ἀναφλέξας,
987 3411 1081 3463 καὶ
1126 3410 1295 3481 αὐτὴν
1340 3412 1552 3482 ἐκείνην
1577 3413 1647 3466 τὰ

109 3497 208 3565 περὶ
230 3499 432 3569 ἑαυτῆς
462 3498 821 3570 διηγουμένην
852 3500 1136 3565 ὑποδείξας
1169 3500 1445 3573 τῷλόγῳ,
1468 3502 1533 3555 δι’
1570 3497 1646 3558 ὧν

109 3585 304 3653 μάλιστα
326 3591 433 3661 τὴν
453 3590 803 3661 ἁγαπητικὴν
825 3592 1007 3662 σχέσιν
1033 3593 1143 3647 τῶν
1170 3594 1473 3648 ἀκουόντων
1500 3595 1650 3665 ἐφέλ-

108 3691 258 3747 κεται,
300 3682 471 3736 τοῦτο
513 3681 652 3752 μετὰ
690 3683 796 3735 τῶν
842 3684 1016 3737 ἄλλων
1052 3684 1311 3750 εἰποῦσα,
1362 3686 1445 3739 ὅτι
1502 3685 1650 3756 Ἐγὼ

108 3768 219 3837 τοὺς
256 3773 360 3842 ἐμὲ
414 3772 749 3843 φιλοῦντας
803 3775 1029 3845 ἀγαπῶ.
1075 3777 1138 3829 Ἠ
1189 3777 1299 3848 γὰρ
1349 3776 1503 3839 ἐλπὶς
1554 3776 1647 3831 τοῦ

107 3858 528 3935 ἀνταγαπηθῆναι
572 3864 927 3935 σφοδρότερον
956 3868 1036 3929 είς
1066 3865 1361 3937 ἐπιθυμίαν
1395 3866 1485 3922 τὸν
1522 3868 1650 3940 ἔρα-

111 3950 211 4021 στὶῖν
235 3954 513 4027 διατίθησι
531 3973 544 3987 ο
570 3957 664 4011 καὶ
691 3957 830 4026 μετὰ
856 3958 1061 4013 τούτων
1093 3959 1189 4023 τὰς
1218 3959 1411 4023 λοιπὰς
1429 3960 1650 4028 ἐπάγων

107 4043 408 4111 συμϐουλίας
445 4047 507 4099 ὲν
544 4048 932 4116 ἀποφαντικοῖς
958 4065 1066 4102 τισι
1100 4051 1194 4102 καὶ
1219 4050 1650 4123 ἀπεριγράπτοις

106 4132 194 4194 τοῖς
219 4135 639 4206 ἀποφθέγμασι,
683 4140 778 4192 καὶ
826 4141 905 4201 είς
950 4139 1285 4212 τελειοτέραν
1333 4141 1444 4207 ἕξιν
1489 4143 1650 4197 αὐτὸν

103 4222 315 4293 ἀγαγὼν,
361 4224 492 4281 εἶτα
525 4229 661 4299 πρὸς
690 4232 801 4292 τοῖς
832 4230 1157 4294 τελευταίοις
1183 4231 1290 4284 τῶν
1339 4232 1650 4304 Παροιμιῶν

106 4318 395 4388 μακαρίσας
451 4317 658 4390 ταύτην
706 4319 805 4390 τὴν
855 4320 1063 4393 ἀγαθὴν
1115 4320 1409 4390 συζυγίαν,
1460 4325 1517 4376 ὲν
1569 4319 1650 4387 οἷς

1745 3254 1859 3294 rem
1893 3238 2189 3301 hominem.
2231 3235 2622 3291 inﬂammasset
2650 3235 3021 3306 cupiditatem,
3069 3242 3125 3290 ct
3167 3236 3311 3289 illam

1746 3330 1918 3400 ipsam
1951 3344 2049 3384 sua
2084 3335 2398 3383 narrantem
2422 3326 2669 3381 oratione
2695 3325 3044 3389 ostendisset,
3076 3341 3174 3396 per
3195 3340 3315 3396 qua:

1746 3420 1981 3474 maxime
2003 3417 2231 3472 attrahit
2253 3416 2564 3472 dilectionis
2581 3416 2893 3471 auditorum
2919 3417 3312 3480 habitudinem,

1748 3507 1853 3562 hoc
1884 3522 2010 3562 cum
2061 3507 2187 3563 aliis
2221 3506 2411 3561 dicens
2455 3524 2470 3559 :
2511 3504 2622 3576 Ego
2644 3505 2917 3576 diligentes
2946 3523 3026 3562 me
3051 3506 3214 3578 diligo
3239 3507 3314 3569 ⁸³;

1747 3612 1874 3670 spes
1903 3599 2049 3652 enim
2094 3610 2202 3666 qua
2235 3603 2493 3666 speratur
2539 3594 2655 3650 lore
2688 3604 2748 3650 ut
2780 3596 3113 3659 redamctur.
3161 3613 3315 3674 ama-

1749 3700 1921 3746 torem
1952 3688 2251 3742 ardentiori
2282 3686 2448 3741 aﬂicit
2487 3687 2794 3742 desiderio:
2831 3697 3032 3742 etcum
3070 3688 3155 3742 his
3189 3689 3316 3743 reli-

1748 3796 1857 3853 qua
1882 3779 2197 3835 adduxisset
2227 3778 2481 3840 consilia,
2520 3777 2574 3831 in
2601 3778 2924 3847 quibusdam
2956 3778 3115 3833 dictis
3140 3794 3317 3834 enun-

1750 3872 1984 3930 tiatoriis
2016 3878 2069 3925 et
2092 3869 2316 3924 minime
2346 3870 2800 3939 circumscriptis,
2831 3878 2886 3925 et
2914 3885 3036 3925 eum
3067 3871 3132 3924 ad
3163 3870 3317 3925 habi-

1750 3971 1865 4019 tum
1896 3960 2214 4017 deduxisset
2239 3960 2642 4030 perfectiorem,
2670 3969 2724 4016 et
2749 3962 2943 4017 deinde
2970 3963 3024 4017 in
3054 3962 3159 4017 line
3185 3960 3317 4017 Pro-

1750 4049 2060 4105 verbiorum
2087 4048 2498 4117 pronuntiasset
2529 4063 2653 4104 esse
2680 4049 2889 4104 beatam
2923 4050 3065 4105 banc
3087 4052 3315 4120 conjun-

1750 4143 2006 4206 ctionem,
2058 4138 2279 4208 quando
2326 4140 2573 4196 mulieris
2610 4139 2756 4194 illius
2803 4139 2961 4194 fortis
2996 4149 3314 4209 persecutus

1750 4239 1835 4286 est
1861 4228 2133 4292 eneomia,
2164 4238 2295 4283 tunc
2327 4228 2574 4298 adiungit
2608 4227 2752 4281 illam
2785 4244 2905 4297 qua:
2931 4236 3015 4283 est
3052 4228 3105 4281 in
3127 4227 3314 4283 Eccle-

1752 4320 1920 4375 siaste
1950 4317 2374 4387 philosophiam,
2418 4323 2478 4369 ut
2509 4316 2601 4385 qui
2642 4331 2740 4385 per
2780 4316 3176 4385 proverbialem
3228 4315 3316 4368 in-

98 4403 315 4479 διεξῆλθε
342 4413 416 4464 τὰ.
447 4410 549 4481 τῆς
574 4410 821 4482 ἀνδρείας
853 4414 1106 4481 γυναικὸς
1137 4414 1348 4484 ἐκείνης
1375 4413 1642 4484 ἐγκώμια,

1752 4410 2090 4479 stitutionem
2130 4408 2265 4463 satis
2309 4406 2708 4461 introduxisset
2736 4409 2803 4459 ad
2843 4405 3174 4460 desiderium
3204 4405 3317 4460 vir-

100 4491 200 4545 τὰτε
222 4498 549 4569 προστίθησι
569 4499 667 4570 τὴν
684 4503 743 4553 ὲν
773 4499 852 4571 τῷ
884 4501 1279 4573 Ἐκκλησιαστῇ
1313 4502 1649 4571 φιλοσοφίαν,

97 4582 160 4652 τῷ
199 4586 372 4658 ἕκανῷ
408 4588 501 4642 διὰ
528 4589 630 4660 τῆς
673 4587 1071 4661 παροιμιὼδους
1099 4592 1321 4661 ἀγωγῆς
1358 4578 1655 4661 εἰσηγησαο

100 4679 225 4750 μένῳ
253 4684 337 4745 είς
384 4683 487 4754 τὴν
513 4683 624 4736 τῶν
664 4683 874 4755 ἀρετῶν
900 4683 1215 4754 ἐπιθυμίαν.
1250 4683 1359 4736 Καὶ
1386 4684 1654 4737 διαϐαλὼν

95 4769 141 4819 ἐν
167 4773 342 4845 τούτῳ
381 4774 463 4843 τῷ
505 4774 646 4845 λόγῳ
673 4776 773 4846 τὴν
825 4777 954 4846 περὶ
989 4776 1059 4828 τὰ
1088 4775 1388 4845 φαινόμενα
1424 4776 1533 4829 τῶν
1560 4777 1655 4828 ἀν·-

97 4860 309 4927 δρώπων
362 4869 577 4936 σχέσιν,
634 4869 726 4921 καὶ
767 4868 993 4937 μάταιον
1044 4867 1212 4920 εἰπὼν
1258 4862 1397 4921 εἶναι
1449 4868 1555 4921 πᾶν
1593 4867 1654 4920 τὸ

92 4953 345 5010 ἀπατοῦν
393 4974 455 5011 τε
493 4959 588 5011 καὶ
617 4959 1056 5029 παρερχόμενον,
1113 4959 1170 5011 ἐν
1213 4946 1538 5029 οἷςῖρησιν,
1570 4960 1654 5011 ὃτι

94 5042 188 5095 “iv
216 5046 279 5099 τὸ
319 5044 1050 5118 ἐπερχόμενονματαιότης·
1090 5047 1415 5119 ύπερτίθησι
1454 5049 1655 5112 παντὸς

94 5131 167 5184 τοῦ
186 5134 252 5187 δι’
280 5136 597 5205 αἰσθήσεως
624 5134 1172 5206 καταλαμϐανομένου
1201 5136 1298 5207 τὴν
1327 5138 1653 5208 ὲπιφυτικὴν

90 5222 170 5287 τῆς
194 5225 377 5294 ψυχῆς
411 5226 566 5295 ἡμῶν
602 5225 814 5296 κίνησιν
846 5226 938 5279 ἐπὶ
970 5226 1030 5279 τὸ
1050 5227 1279 5296 ἀόρατον
1304 5226 1524 5290 κάλλος
1562 5228 1653 5280 καὶ

91 5304 240 5374 οὕτως
291 5311 614 5384 ἐκκαθάρας
651 5311 751 5382 τὴν
786 5311 1013 5381 καρδίαν
1060 5311 1158 5381 τῆς
1210 5312 1337 5382 περὶ
1379 5310 1447 5363 τὰ
1473 5311 1654 5380 φαινό-

92 5414 205 5459 μενα
250 5402 521 5471 σχέσεως,
553 5404 673 5457 τότε
688 5403 781 5458 διὰ
811 5404 906 5458 τοῦ
937 5404 1211 5475 ’ᾼσματος
1243 5405 1349 5458 τῶν
1390 5405 1650 5476 ᾀσμάτων

150 5686 192 5715 ⁸⁸
219 5687 256 5740 Ρ
296 5724 297 5729 η
338 5707 389 5743 ι’.
427 5702 495 5751 tv,
528 5691 583 5756 6,
610 5707 727 5760 sqq.
808 5694 847 5723 δ’
873 5690 1034 5765 Prov.
1074 5706 1191 5756 rm,
1234 5690 1314 5744 l7.

1755 4510 1967 4556 tutum:
1999 4508 2054 4555 et
2082 4514 2205 4553 eum
2233 4500 2288 4553 in
2314 4512 2380 4552 eo
2408 4498 2545 4551 libro
2570 4496 3009 4567 reprehendisset
3037 4497 3317 4552 hominum

1755 4590 1902 4645 adid
1942 4590 2087 4659 quod
2142 4595 2368 4659 apparet
2415 4586 2810 4652 habitudinem,
2866 4596 2921 4642 et
2965 4603 3165 4641 vanum
3198 4602 3322 4642 esse

1755 4682 1984 4738 dixisset
2011 4681 2278 4751 quidquid
2305 4688 2391 4736 est
2419 4680 2672 4736 instabile
2698 4689 2753 4736 et
2783 4682 3078 4746 transiens,
3108 4681 3319 4745 dicens,

1756 4772 2028 4843 Quidquid
2074 4771 2222 4826 venit
2264 4779 2348 4826 est
2390 4771 2640 4843 vanitas:
2694 4772 2917 4827 cuilibet
2965 4772 3109 4843 quod
3158 4789 3324 4828 sensu

1754 4840 2254 4937 comprehenditur,
2297 4840 2513 4930 praefert
2558 4862 2860 4917 naturalem
2896 4840 3090 4919 anima:
3121 4874 3325 4920 nostra:

1750 4954 2050 5009 motionem
2092 4950 2162 5005 ad
2214 4951 2674 5021 pulchritudinem
2727 4969 2846 5023 qua:
2876 4969 2984 5008 non
3031 4954 3175 5010 cadit
3221 4957 3325 5010 sub

1755 5052 2058 5113 aspectum.
2112 5040 2325 5095 Etcum
2370 5041 2452 5095 sic
2487 5056 2584 5095 cor
2619 5052 2978 5112 expurgassct
3004 5045 3072 5097 ab
3104 5045 3326 5100 habitu-

1756 5133 1885 5187 dine
1916 5145 2038 5201 quae
2066 5139 2149 5186 est
2186 5128 2252 5183 ad
2281 5129 2335 5183 id
2379 5130 2523 5199 quod
2556 5138 2800 5200 apparet,
2852 5139 2982 5186 tunc
3012 5147 3109 5201 per
3136 5133 3328 5187 Canti-

1759 5238 1884 5279 cum
1917 5223 2259 5277 canticorum
2305 5224 2535 5293 mystice
2589 5222 2895 5277 introduxit
2937 5223 3326 5292 cogitationem

1760 5316 1827 5368 ad
1859 5313 2044 5367 divina
2072 5314 2270 5384 adyta:
2304 5314 2359 5368 in
2388 5315 2591 5384 quibus
2621 5312 2673 5366 id
2704 5312 2923 5383 quidem
2954 5314 3097 5381 quod
3131 5312 3328 5367 inscri-

1760 5405 1929 5468 bitur,
1958 5412 2041 5459 cst
2077 5416 2374 5475 apparatus
2415 5404 2708 5478 nuptialis:
2748 5404 2799 5458 id
2844 5411 3022 5459 autem
3061 5402 3205 5473 quod
3241 5403 3327 5457 in-
