3928 6196
181 327 259 380 775
941 323 944 326 ’
1160 314 1225 367 IN
1254 311 1550 368 CANTICA
1591 306 1867 364 CANTIC.
1913 309 2198 363 HOMILlA
2240 310 2278 362 Ι.

3295 319 3396 373 ΤΗ

180 447 296 506 Θείας
342 440 417 504 εἰς
483 438 574 491 τὸν
630 437 992 508 παράδεισον,
1061 435 1154 488 καὶ
1198 435 1287 489 διὰ
1334 433 1706 512 καθαρότητος

1837 430 2022 485 itatem
2059 431 2466 500 quodammodo
2499 434 2724 489 redierit
2763 437 2816 490 in
2855 437 3192 506 paradisum,
3223 446 3275 491 et
3305 455 3400 509 per

175 529 416 605 ὀμοιωθεὶς
443 528 519 598 τῷ
544 527 664 597 Θεῷ
682 543 694 555 ·
719 525 894 590 οὕτως
922 527 1014 578 ἐπὶ
1034 525 1095 578 rb
1120 525 1312 581 ἄδυτον
1337 524 1444 579 τῶν
1481 541 1712 595 προφαι-

177 622 374 692 νομένων
425 620 556 689 ὴμῖν
609 615 698 669 διὰ
741 616 836 669 τοῦ
898 615 1102 686 βιϐλίου
1144 613 1334 668 τούτου
1401 613 1712 685 μυστηρίων

175 713 398 788 χωρείτω.
427 712 491 764 Et
531 710 588 764 δέ
636 727 778 764 τισιν
819 706 1313 780 ἀπαρασκεύαστός
1342 706 1489 761 ἐστιν
1517 704 1712 775 ἡψυχὴ

177 805 280 877 πρὸς
305 803 397 874 τὴν
444 802 699 872 τοιαύτην
731 801 1013 872 ἀκρόασιν,
1036 799 1326 854 ἀκουσάτω
1346 797 1440 851 τοῦ
1470 797 1714 859 Μωσέως

173 896 570 966 νομοθετοῦντος,
603 893 678 966 μὴ
709 892 1122 963 κατατολμῆσαι
1157 893 1255 964 τῆς
1289 892 1380 946 ἐπὶ
1399 893 1461 946 τὸ
1495 891 1620 963 ὅρος
1652 889 1713 943 τὸ

174 987 500 1063 πνευματικὸν
551 986 886 1049 ἀναϐάσεως,
934 985 1062 1056 πρὶν
1101 985 1302 1038 πλῦναι
1333 985 1441 1038 τῶν
1475 983 1714 1056 καρδιῶν

170 1081 294 1149 ἡμῶν
331 1079 401 1131 τὰ
452 1078 582 1148 ίμάτ
593 1095 668 1142 ια,
712 1079 807 1132 καὶ
835 1080 944 1141 τοῖς
969 1079 1272 1148 καθήκουσι
1300 1077 1409 1130 τῶν
1436 1075 1714 1146 λογισμῶν

174 1169 621 1241 περιρῤαντηρίοις
648 1168 746 1232 τάς
771 1168 949 1240 ψυχὰς
970 1165 1398 1239 ἀφαγνίσασθαι.
1429 1169 1591 1220 Ὥστε
1618 1167 1714 1222 νῦν

169 1257 270 1330 ἑνῷ
299 1264 476 1334 χρόνῳ
510 1262 947 1334 προσεδρεύομεν
989 1265 1054 1334 τῇ
1094 1261 1297 1334 θεωρία
1324 1261 1517 1332 ταύτῃ,
1543 1260 1714 1331 λήθην

168 1352 251 1405 τῶν
273 1353 522 1422 γαμικῶν
554 1353 841 1423 νοημάτων
872 1352 1221 1423 ποιήσασθαι,
1249 1352 1388 1406 κατά
1418 1353 1478 1406 rb
1505 1353 1716 1422 παράγ-

167 1444 309 1515 γελμα
342 1444 441 1498 τοῦ
462 1445 762 1508 Μωῦσέως,
785 1444 880 1498 τοῦ
906 1444 1232 1516 καθαρεύειν
1261 1445 1368 1498 ἀπὸ
1387 1444 1496 1497 τῶν
1521 1444 1716 1514 γάμων

167 1535 266 1596 τοὺς
317 1533 884 1604 μυσταγωγουμένους
939 1533 1440 1605 νομοθετήσαντος’
1491 1535 1586 1588 καὶ
1626 1534 1716 1587 διὰ

169 1625 347 1679 πάντων
381 1625 680 1679 ἀναλαϐεῖν
707 1620 861 1696 οἶμαι
880 1625 988 1679 δεῖν
1018 1627 1164 1697 ἡμᾶς
1203 1627 1270 1680 τά
1303 1626 1397 1680 τοῦ
1422 1628 1712 1698 νομοθέτου

169 1718 553 1789 προστάγματα,
628 1718 918 1789 μέλλοντας
975 1719 1321 1790 προσϐαίνειν
1353 1719 1428 1791 τῷ
1468 1738 1712 1790 πνευμα-

168 1811 275 1880 τικῷ
317 1812 419 1880 τῆς
471 1811 799 1881 θεογνωσίας
823 1813 958 1882 δρει,
1000 1813 1058 1865 ἐν
1089 1805 1132 1880 ᾧ
1161 1812 1220 1866 rb
1268 1813 1401 1884 θῆλυ
1428 1813 1582 1881 γένος
1608 1813 1716 1866 τῶν

167 1900 405 1971 λογισμῶν
444 1901 581 1971 μετὰ.
609 1904 704 1967 τῆς
731 1901 921 1971 ὑλικῆς
937 1902 1248 1974 ἀποσκευῆς
1268 1902 1346 1974 τῷ
1373 1903 1523 1956 κάτω
1544 1920 1717 1956 καταά

169 1994 369 2046 λείπεται
408 1993 534 2064 βίῳ.
596 1995 711 2048 Πᾶν
735 1994 792 2047 δὲ
829 1994 1021 2063 ἄλογον
1043 1995 1241 2066 νόημα,
1273 1997 1320 2049 εἰ
1358 1997 1484 2066 περὶ
1519 1995 1578 2048 rb
1605 2013 1717 2048 τοι-

167 2086 288 2138 υῦτον
319 2088 454 2157 δρος
476 2086 693 2157 ὀφθείη,
721 2091 830 2152 τοῖς
865 2090 1236 2162 στερῥοτέροις
1261 2089 1564 2161 λογισμοῖς,
1609 2086 1719 2142 οἷόν

167 2189 250 2231 τισι
270 2178 434 2243 λίθοις
460 2179 905 2248 καταφονεύεται.
932 2182 1101 2246 Μόλις
1131 2182 1237 2254 γὰρ
1271 2183 1336 2237 ἂν
1369 2181 1512 2236 οὕτω
1539 2183 1721 2253 χωρή-

168 2285 327 2339 σαιμεν
353 2272 464 2341 τὴν
485 2270 666 2341 φωνὴν
691 2271 790 2340 τῆς
821 2270 1119 2340 σάλπιγγος
1134 2271 1358 2342 ταύτης,
1388 2272 1527 2342 μέγα
1548 2289 1600 2324 τι
1629 2272 1722 2324 καὶ

166 2358 367 2424 ἐξαίσιον
401 2362 506 2413 καὶ
534 2361 674 2432 ὑπὲρ
699 2361 796 2433 τὴν
823 2361 1052 2432 δύναμιν
1073 2361 1182 2416 τῶν
1225 2363 1532 2433 δεχομένων
1559 2362 1723 2433 ἠχού-

165 2468 260 2519 εης,
295 2456 356 2524 ἧν
382 2447 556 2516 αὐτὸς
584 2456 612 2506 ὁ
651 2453 847 2522 γνόφος
870 2454 970 2525 τῆς
1001 2455 1267 2523 ἀσαφείας
1301 2455 1570 2525 προΐεται,
1603 2459 1659 2508 ὲν

162 2546 288 2597 ἐστιν
335 2547 362 2598 δ
415 2544 578 2609 Θεὸς,
609 2545 637 2597 ὁ
677 2541 737 2599 rb
784 2547 967 2600 ὑλικὸν
1017 2548 1163 2601 ἅπαν
1216 2549 1308 2600 ἐπὶ
1340 2547 1431 2600 τοῦ
1481 2548 1722 2601 τοιούτου

158 2635 296 2706 ὅρους
339 2637 419 2708 τῷ
487 2639 619 2710 πυρὶ
653 2639 1030 2707 καταφλέγων.
1060 2639 1196 2708 Ἤδη
1248 2640 1429 2692 τοίνυν
1449 2641 1600 2704 ἐντὸς
1632 2640 1724 2693 τοῦ

169 2729 328 2796 Ἀγίου
347 2731 464 2783 τῶν
493 2730 665 2798 ἁγίων
691 2729 999 2800 γενώμεθα,
1029 2732 1165 2802 ὅπερ
1190 2732 1305 2786 ἐστὶ
1337 2732 1395 2786 τὸ
1411 2728 1601 2805 ’ᾌσμα
1620 2732 1726 2787 τῶν

157 2819 414 2889 ᾀσμάτων.
457 2822 549 2884 Ὧς
580 2822 686 2892 γάρ
712 2828 770 2882 ἐν
786 2823 863 2895 τῷ
882 2823 1044 2895 Ἀγίῳ
1072 2824 1179 2877 τῶν
1201 2825 1369 2887 ἁγίων
1389 2824 1727 2894 πλεονασμόν

157 2927 259 2964 τινα
283 2915 375 2966 καὶ
406 2913 673 2966 ἐπίτασιν
697 2915 792 2984 τῆς
826 2915 1111 2984 ἁγιότητος
1133 2915 1221 2968 διὰ
1235 2917 1334 2985 τῆς
1364 2915 1727 2987 ύπερθετικῆς

155 3003 337 3076 ταύτης
361 3007 557 3077 φωνῆς
589 3006 949 3078 διδασκόμεθα
970 3024 983 3038 ·
1007 3001 1150 3061 οὕτω
1172 3009 1265 3062 καὶ
1287 3009 1375 3062 διὰ
1403 3009 1494 3062 τοῦ
1513 3011 1727 3080 ’ᾼσμα-

1817 522 2116 591 puritatem
2179 521 2290 577 Deo
2351 524 2552 580 similis
2610 529 2868 592 evaserit,
2911 529 2982 582 ita
3018 529 3277 597 procedat
3333 529 3398 584 ad

1815 617 2038 687 adytum
2073 617 2488 687 mysteriorum,
2528 633 2651 688 quas
2684 621 2738 673 in
2788 619 2894 673 hoc
2937 628 3200 690 apparent
3236 621 3399 676 libro.

1815 707 1972 773 Quod
2019 708 2065 762 si
2099 709 2166 763 ad
2210 708 2322 764 haec
2362 709 2634 765 audienda
2678 711 2752 766 sit
2791 711 3067 781 aliquibus
3100 713 3402 780 imparatus

1816 801 2056 864 animus,
2093 801 2282 855 audiat
2313 801 2519 856 Mosem
2552 803 2669 873 lege
2697 814 3009 871 caventem,
3047 819 3117 858 ne
3149 804 3216 857 ad
3246 821 3401 856 mon-

1817 897 1924 946 tem
1965 892 2312 962 spiritualcm
2344 893 2649 950 audeamus
2695 897 3020 960 ascendere,
3076 896 3400 965 priusquam

1817 983 2069 1038 cordium
2098 992 2416 1040 nostrorum
2458 986 2759 1043 laverimus
2792 989 3144 1052 vestimenta,
3173 997 3227 1044 et
3269 1003 3404 1044 con-

1817 1077 2167 1132 venientibus
2236 1079 2637 1148 cogitationum
2714 1077 3132 1150 aspersionibus
3189 1082 3402 1137 animas

1818 1169 2247 1239 expiaverimus.
2281 1169 2648 1236 Quamobrem
2680 1187 2846 1236 nunc,
2895 1172 3023 1226 dum
3058 1175 3111 1226 in
3143 1173 3244 1228 hac
3270 1172 3404 1227 assi-

1818 1261 2011 1315 demus
2056 1262 2543 1331 contemplatione,
2594 1263 2854 1318 existimo
2887 1272 3138 1333 oportere
3183 1253 3418 1334 nuptia?

1817 1353 1950 1405 lium
1981 1352 2230 1407 oblivisci
2251 1354 2671 1424 cogitationum,
2715 1356 3107 1410 convenienter
3129 1361 3402 1424 praecepto

1819 1441 2010 1510 Mosis,
2044 1446 2137 1516 qui
2161 1447 2278 1517 lege
2306 1447 2469 1509 cavit,
2501 1455 2558 1500 ut
2597 1447 2692 1517 qui
2727 1447 3080 1501 initiarentur
3103 1447 3399 1518 mysteriis,

1818 1537 1942 1608 puri
1967 1544 2202 1592 essenta
2228 1539 2539 1608 nuptiiszet
2566 1538 2622 1592 in
2656 1539 2915 1594 omnibus
2947 1540 3230 1608 suscipere
3261 1552 3404 1607 prae-

1819 1636 1975 1698 cepta
2002 1628 2334 1697 lcgislatoris
2364 1644 2460 1684 eos
2483 1629 2574 1698 qui
2608 1637 2737 1683 sunt
2775 1628 3087 1698 processuri
3127 1627 3194 1681 ad
3241 1625 3402 1694 spiri-

1819 1721 2024 1774 tualem
2072 1727 2310 1774 montem
2362 1720 2541 1789 legis,
2601 1719 2655 1773 in
2707 1736 2817 1789 quo
2857 1718 3181 1773 femininum
3227 1731 3402 1788 genus

1819 1810 2212 1881 cogitationum
2270 1825 2394 1864 cum
2435 1818 2702 1879 apparatu
2756 1809 3023 1863 materiali
3074 1807 3404 1876 relinquitur

1753 1969 1755 1976 ι
1820 1907 1875 1961 in
1921 1906 2036 1959 vita
2098 1905 2370 1958 infcriori.
2426 1905 2645 1970 Quaevis
2692 1911 2875 1957 autem
2916 1903 3150 1957 rationis
3203 1917 3403 1970 expers

1822 1998 2022 2052 mentis
2063 1997 2376 2066 conceptio,
2410 1997 2457 2051 si
2490 1997 2544 2050 in
2576 1997 2683 2050 hoc
2718 2004 2904 2050 monte
2933 1996 3050 2050 visa
3091 1993 3282 2058 fuerit,
3328 1992 3400 2046 ri-

1823 2092 2130 2162 gidioribus
2181 2090 2636 2162 cogitationibus,
2673 2089 2841 2145 veluti
2886 2089 3216 2160 quibusdam
3267 2087 3405 2160 lapi-

1823 2183 2002 2247 dibus,
2046 2180 2358 2236 occidetur.
2387 2178 2523 2232 Nam
2551 2180 2631 2234 sic
2662 2178 2881 2249 quidem
2917 2179 3005 2231 vix
3063 2176 3405 2230 audierimus

1823 2288 2012 2328 vocem
2046 2273 2213 2342 hujus
2242 2273 2402 2336 tubae,
2440 2287 2563 2342 quae
2593 2287 2850 2342 magnum
2897 2278 2950 2326 et
2993 2269 3152 2324 valde
3198 2269 3406 2322 miran-

1824 2367 1953 2422 dum
1997 2365 2111 2420 edit
2145 2367 2412 2432 sonitum,
2457 2375 2513 2420 et
2545 2381 2712 2436 supra
2749 2366 2898 2420 vires
2929 2380 3118 2420 eorum
3143 2364 3234 2434 qui
3279 2377 3406 2418 sus-

1826 2457 2058 2528 cipiunt,
2111 2473 2273 2525 quam
2314 2456 2521 2512 emittit
2562 2458 2680 2527 ipsa
2725 2459 2906 2527 caligo
2954 2456 3313 2511 obscuritatis
3352 2456 3407 2509 in

1825 2567 1931 2622 qua
1964 2558 2048 2606 est
2080 2549 2248 2614 Deus,
2277 2551 2371 2620 qui
2417 2551 2542 2620 igne
2579 2550 2856 2604 comburit
2903 2550 3168 2620 quidquid
3215 2559 3298 2604 est
3351 2550 3404 2604 in

1827 2643 1933 2696 hoc
1997 2647 2184 2695 monte
2231 2639 2505 2710 particeps
2538 2648 2796 2694 materiae.
2819 2639 2936 2693 Jam
2964 2656 3095 2710 ergo
3128 2640 3409 2709 ingredia-

1829 2750 1951 2788 mur
1970 2722 2233 2786 Sanctum
2264 2741 2607 2794 sanctorum,
2657 2731 2804 2801 quod
2836 2732 3057 2800 quidem
3095 2741 3179 2786 est
3221 2732 3410 2786 Canti-

1829 2843 1953 2885 cum
1986 2826 2350 2880 canticorum.
2379 2823 2498 2890 Quo
2525 2823 2687 2878 modo
2721 2823 2864 2877 enim
2900 2825 2954 2876 in
2975 2825 3173 2880 Sancto
3190 2832 3410 2878 sancto-

1829 2937 1951 2978 rum
1982 2919 2247 2986 docemur
2283 2917 2576 2988 quamdam
2617 2917 3006 2988 abundantiam
3054 2925 3104 2972 et
3145 2917 3413 2973 intensio-

1831 2937 1951 2978 rum
1982 2934 2247 2986 docemur
2283 2934 2576 2988 quamuam
2617 2934 2970 2978 auunuanuai
3054 2934 3104 2972 et
3145 2934 3410 2973 mtensm-

1831 3030 1953 3069 nem
1983 3012 2294 3069 sanctitatis
2331 3025 2426 3080 per
2465 3009 2607 3064 hanc
2626 2995 2820 3064 vocem
2863 2934 3251 3079 suprrlativam
3286 3030 3296 3064 :
3337 3012 3410 3066 ita

155 3115 228 3161 τος
269 3100 376 3152 τῶν
430 3100 721 3171 ᾀσμάτων,
783 3099 1096 3170 μυστηρίων
1143 3102 1416 3171 μυστήρια
1449 3102 1721 3154 διδάσκειν

1834 3107 1994 3160 etiam
2014 3120 2108 3174 per
2128 3102 2417 3158 Canticum
2449 3102 2808 3166 canticorum,
2833 3102 3092 3172 mysteria
3123 3105 3413 3173 mysterio-

155 3191 282 3260 ἡμᾶς
311 3195 338 3245 ὁ
367 3192 582 3263 ὑψηλὸς
633 3192 786 3262 λόγος
821 3193 1340 3261 κατεπαγγέλλεται.
1374 3193 1590 3246 Πολλῶν
1620 3192 1728 3264 γάρ

151 3283 322 3347 όντων,
364 3285 520 3340 κατὰ
549 3285 649 3356 τὴν
667 3285 1021 3339 θεόπνευστον
1044 3286 1391 3340 διδασκαλίαν
1412 3286 1520 3339 τῶν
1551 3287 1730 3357 ᾀσμά-

152 3393 264 3443 των,
294 3379 358 3431 δι’
398 3373 488 3432 ὧν
539 3378 609 3430 τά
674 3377 882 3448 μεγάλα
927 3377 1171 3449 νοήματα
1214 3377 1575 3448 διδασκόμεθα
1602 3378 1732 3449 περὶ

150 3468 289 3532 Θεοῦ,
316 3471 484 3542 παρά
516 3487 576 3523 τε
610 3470 705 3522 τοῦ
750 3470 985 3540 μεγάλου
1019 3469 1203 3534 Δαϐὶδ,
1239 3471 1332 3524 καὶ
1365 3470 1609 3534 Ἡσαΐου,
1638 3470 1731 3522 καὶ

152 3560 440 3629 Μωῦσέως,
476 3563 574 3615 καὶ
619 3561 792 3616 ἄλλων
829 3561 1038 3614 πολλῶν
1062 3579 1075 3593 ·
1115 3561 1272 3615 τοῦτο
1298 3561 1450 3633 παρὰ
1483 3561 1584 3630 τῆς
1613 3562 1730 3614 ἐπι-

151 3656 348 3724 γραςῆς
373 3654 594 3724 ταύτης
628 3653 991 3724 μανθάνομεν,
1013 3655 1094 3706 ὅτι
1122 3654 1245 3705 ὅσον
1271 3652 1465 3723 ἀπέχει
1495 3651 1602 3703 τῶν
1634 3650 1733 3720 τῆς

154 3745 241 3811 ἔξω
268 3749 470 3817 σοφίας
507 3748 768 3817 ᾀσμάτων
788 3747 894 3799 τῶν
931 3747 1097 3814 ἁγίων
1117 3744 1228 3818 [τά]
1246 3741 1741 3817 ᾄσματα,τοσοῦτον

151 3837 475 3911 ὑπέρκειται
538 3839 647 3892 τῶν
682 3839 852 3907 ἁγίων
904 3840 1162 3909 ᾀσμάτων
1211 3838 1272 3890 rb
1302 3839 1358 3890 ἐν
1380 3836 1459 3907 τῷ
1494 3836 1732 3907 νᾼσματι

149 3931 241 3985 τῶν
271 3935 553 4004 ᾀσμάτων
583 3933 897 4003 μυστήριον.
919 3924 993 3984 υἷι
1009 3929 1068 3982 rb
1095 3928 1256 3982 πλέον
1284 3930 1361 3991 εἰς
1387 3928 1732 3996 κατανόησιν,

147 4021 254 4077 οὕτε
311 4027 535 4097 εὑρεῖν,
579 4022 703 4077 οὔτε
761 4021 1010 4092 χωρῆσαι
1065 4022 1098 4090 ἡ
1155 4020 1474 4091 ἀνθρωπίνη
1513 4015 1734 4072 δύναται

150 4115 270 4185 ἀκοὴ
323 4118 428 4171 καὶ
495 4116 679 4184 φύσις.
717 4114 825 4166 Καὶ
868 4112 1058 4166 τούτου
1086 4113 1243 4184 χάριν
1280 4111 1340 4164 τὸ
1380 4111 1735 4180 σφοδρότατον

144 4209 240 4262 τῶν
264 4211 392 4264 καθ’
429 4210 637 4282 ἡδονὴν
673 4206 1079 4277 ἐνεργουμένων
1111 4205 1273 4278 (λέγω
1303 4205 1366 4275 δὴ
1393 4202 1452 4256 τὸ
1481 4202 1736 4274 ἐρωτικὸν

145 4304 327 4375 πάθος)
361 4305 471 4374 τῆς
503 4303 614 4354 τῶν
639 4299 922 4370 δογμάτων
949 4298 1276 4369 ὑφηγήσεως
1321 4292 1737 4366 αἰνιγματωδῶς

143 4399 536 4468 πφεστὴσατο
563 4411 574 4422 ·
604 4395 690 4446 ἵνα
725 4394 812 4446 διὰ
843 4393 1037 4445 τούτου
1076 4391 1355 4461 μάθωμεν,
1396 4390 1477 4442 ὅτι
1505 4388 1610 4458 χρὴ
1640 4387 1738 4455 τὴν

140 4488 311 4559 ςσυχὴν
355 4489 514 4560 πρὸς
546 4486 606 4539 τὸ
657 4485 948 4555 ἀπρόσιτον
992 4485 1089 4555 τῆς
1134 4483 1282 4547 θείας
1310 4481 1522 4552 φύσεως
1547 4478 1740 4541 κάλλος

142 4582 598 4647 ἐνατενίζουσαν,
647 4577 901 4630 τοσοῦτον
961 4577 1090 4648 ἐρᾷν
1129 4577 1359 4638 ἐκεῖνον,
1390 4577 1512 4628 ὅσον
1546 4574 1658 4645 ἔχει
1681 4573 1742 4625 τὸ

143 4673 297 4739 σῶμα
354 4674 470 4743 τὴν
515 4670 695 4740 σχέσιν
747 4668 882 4740 πρὸς
923 4669 985 4722 rb
1019 4668 1277 4737 συγγενὲς
1315 4668 1410 4721 καὶ
1448 4666 1739 4737 ὁμόφυλον,

140 4763 600 4832 mtas-.4055“
649 4763 728 4825 εἰς
774 4761 1042 4816 ἀπάθειαν
1068 4761 1127 4814 τὸ
1166 4760 1354 4824 πάθος.
1386 4759 1524 4813 ὥστε
1563 4759 1742 4830 πάσης

138 4853 633 4923 κατασϐεσθείσης
695 4853 1014 4923 σωματικῆς
1069 4851 1401 4915 διαθέσεως,
1469 4852 1613 4922 μόνῳ
1666 4849 1744 4920 τῷ

138 4947 422 5018 πνεύματι
461 4945 612 5010 ζέειν
670 4945 950 5015 ἐρωτικῶς
985 4945 1042 4996 ἐν
1073 4945 1205 5013 ἡμῖν
1237 4943 1336 5013 τὴν
1379 4943 1636 5003 διάνοιαν,
1659 4942 1746 4994 διὰ

135 5037 220 5089 ττῦ
277 5039 478 5109 πυρὸς
517 5038 724 5090 ἐκείνου
777 5035 1233 5107 θερμαινομένην,
1262 5035 1290 5085 ὂ
1321 5034 1499 5100 βαλεῖν
1534 5034 1623 5085 ἐπὶ
1649 5032 1742 5102 τὴν

139 5124 235 5194 γῆν
272 5122 462 5197 ἦλθεν
491 5124 525 5176 ὁ
554 5124 769 5197 Κύριος.

213 5309 394 5363 Ἀλλά
419 5307 609 5362 ταῦτα
640 5303 756 5379 μὲν,
786 5307 935 5372 ὅπως
966 5309 1071 5380 χρὴ
1115 5308 1417 5363 διακεῖσθαι
1450 5309 1546 5379 τὴν
1579 5308 1754 5378 ψυχὴν

133 5403 237 5456 τῶν
283 5401 601 5474 μυστικῶν
649 5404 910 5475 ῥημάτων
959 5403 1284 5466 ἀκουόντων,
1352 5401 1549 5466 ίκανῶς
1607 5403 1751 5473 ἔχειν

136 5498 276 5567 caput
302 5513 319 5526 ο
386 5493 602 5564 καιρὸς
659 5494 715 5547 δὲ
765 5494 831 5548 ἂν
871 5493 954 5566 εἴη
1000 5497 1094 5548 καὶ
1139 5495 1308 5558 αὐτάς
1334 5496 1429 5560 τὰς
1466 5497 1616 5561 θείας
1655 5496 1750 5549 τοῦ

135 5589 440 5659 ’.δείματος
503 5587 612 5639 τῶν
653 5587 915 5658 ᾀσμάτων
954 5587 1136 5656 φωνὰς
1184 5589 1284 5658 ῆδη
1325 5589 1637 5659 προσθεῖναι
1671 5593 1750 5659 ,τῇ

135 5678 348 5750 θεωρίᾳ
383 5677 498 5733 τοῦ
544 5676 717 5746 λόγου.
752 5680 860 5733 Καὶ
895 5681 1155 5750 πρότερόν
1184 5699 1246 5749 γε
1283 5682 1379 5752 τὴν
1408 5682 1505 5751 τῆς
1536 5682 1754 5752 γραφῆς

133 5773 603 5840 κατανοήσωμεν
626 5769 868 5841 δύναμιν.
903 5773 976 5824 Ού
1008 5773 1115 5842 γὰρ
1154 5772 1338 5845 ἀργῶς
1380 5790 1466 5844 μοι
1506 5773 1650 5824 δοκεῖ
1680 5773 1754 5843 τῷ

1830 3212 1949 3250 rum
1973 3210 2073 3249 nos
2098 3194 2294 3248 docere
2318 3193 2606 3263 proﬁtetur
2624 3192 2881 3249 sublimis
2911 3194 3108 3247 oratio.
3133 3192 3266 3246 Nam
3288 3211 3412 3248 cum

1832 3289 2002 3343 multa
2025 3288 2136 3343 sint
2151 3286 2458 3343 secundum
2478 3286 2746 3342 divinitus
2762 3286 3086 3356 inspiratam
3107 3287 3414 3343 doctrinam

1832 3380 2079 3445 Cantica,
2112 3394 2208 3449 per
2236 3395 2357 3450 quae
2393 3393 2422 3432 a
2447 3367 2643 3450 magno
2675 3378 2865 3442 David,
2908 3386 2962 3434 et
2996 3379 3134 3434 lsaia
3159 3388 3212 3434 et
3243 3379 3416 3446 Mose,

1832 3480 1886 3528 et
1918 3471 2107 3526 multis
2136 3471 2280 3535 aliis,
2311 3470 2576 3524 docemur
2607 3485 2836 3539 magnas
2867 3470 2934 3524 de
2967 3469 3075 3525 Deo
3109 3471 3416 3540 intelligen-

1835 3569 1938 3622 tias
1964 3585 1976 3621 :
2002 3567 2106 3620 hoc
2139 3547 2407 3620 discimus
2438 3564 2507 3618 ab
2525 3563 2627 3616 hac
2653 3563 3036 3630 inscriptione.
3071 3563 3216 3633 quod
3249 3580 3420 3630 quan-

1834 3668 1952 3714 tum
1989 3675 2015 3711 a
2050 3656 2292 3712 Canticis
2329 3667 2570 3711 externa:
2617 3653 2898 3723 sapientiae
2934 3653 3141 3708 distant
3192 3664 3418 3708 sant-too

1835 3767 1959 3806 rum
1995 3749 2246 3812 Cantica,
2281 3755 2496 3801 tantum
2551 3753 2778 3813 superat
2827 3745 3053 3798 Cantica
3097 3753 3415 3800 sanctorum

1837 3843 2162 3915 mysterium
2208 3840 2354 3910 quod
2389 3847 2476 3895 est
2509 3838 2565 3892 in
2611 3837 2844 3892 Cantico
2887 3838 3249 3892 canticorum.
3295 3840 3418 3905 Quo

1838 3937 1968 4006 quid
1993 3934 2229 4004 amplius
2265 3933 2332 3988 ad
2358 3931 2558 3988 mentis
2581 3931 3152 4001 comprehensionem,
3193 3946 3295 3987 nec
3337 3933 3422 3984 ina

1838 4027 2174 4087 venire,nee
2197 4039 2394 4094 capere
2421 4029 2603 4093 potest
2648 4021 2801 4078 auris
2852 4022 3117 4088 humana,
3162 4037 3263 4077 nec
3322 4038 3419 4076 nas

1840 4128 1984 4174 tura.
2020 4118 2084 4170 Et
2117 4117 2218 4172 hac
2255 4115 2322 4171 de
2347 4129 2537 4176 causa,
2574 4112 2626 4167 id
2670 4111 2816 4183 quod
2870 4119 2955 4168 est
3002 4113 3422 4167 vehementissi-

1839 4227 1988 4266 mum
2019 4224 2209 4265 eorum
2238 4222 2358 4278 quae
2384 4222 2447 4261 ex
2470 4206 2748 4276 voluptate
2773 4205 2932 4269 ﬁunt,
2959 4203 3309 4264 amatoriam,
3344 4203 3424 4257 ina

1840 4319 2048 4374 quam,
2104 4300 2448 4355 affectionem
2495 4298 2561 4352 ad
2616 4297 2931 4367 dogmatum
3001 4295 3423 4366 explicationem

1842 4393 2187 4464 aanigmatice
2236 4391 2510 4460 protulit:
2569 4395 2628 4443 ut
2677 4406 2771 4458 per
2813 4389 2916 4443 hoc
2952 4388 3232 4444 discamus
3277 4383 3423 4458 quod

1847 4494 2063 4555 oportet
2095 4485 2332 4540 animam
2382 4482 2576 4538 oculos
2627 4481 2950 4554 deligentem
2981 4481 3048 4536 ad
3092 4481 3291 4536 divina:
3329 4495 3426 4534 nas

1849 4591 1983 4636 tum
2023 4575 2510 4648 pulchritudinem,
2538 4574 2604 4628 ad
2638 4590 2800 4645 quam
2832 4590 2941 4628 non
2969 4581 3115 4644 patet
3143 4588 3425 4636 accessus,

1849 4679 2062 4727 tantum
2094 4669 2239 4723 illam
2262 4683 2469 4734 amare,
2503 4677 2764 4737 quantam
2795 4667 2958 4722 habet
2984 4683 3189 4738 corpus
3207 4667 3427 4723 habitu-

1849 4765 2031 4818 dinem
2065 4761 2131 4816 ad
2173 4759 2224 4814 id
2243 4758 2390 4830 quod
2416 4769 2502 4815 est
2539 4761 2588 4814 ei
2625 4772 2918 4831 cognatum
2961 4769 3015 4816 et
3053 4762 3300 4831 ejusdem
3340 4777 3432 4831 ge-

1852 4856 2024 4919 neris,
2072 4852 2325 4907 traducta
2375 4853 2542 4908 animi
2595 4855 3010 4923 perturbatione
3053 4856 3120 4910 ad
3153 4855 3432 4926 impatihi-

1854 4948 2080 5011 litatem,
2111 4945 2247 4999 adeo
2270 4953 2329 4998 ut
2355 4945 2629 5000 exstincta
2655 4947 2805 5001 omni
2831 4948 3101 5016 corporali
3124 4947 3433 5010 aﬂ’eetione,

1843 5041 1962 5094 solo
1994 5040 2187 5107 sp‘iritu
2219 5039 2488 5094 amatorie
2521 5039 2574 5092 in
2601 5040 2762 5095 nobis
2791 5056 2948 5095 mens
2975 5041 3205 5102 ferveat,
3237 5056 3334 5110 per
3365 5040 3434 5092 il--

1846 5135 1960 5186 lum
2021 5133 2198 5201 ignem
2251 5130 2541 5191 calefacta,
2600 5132 2665 5185 ad
2719 5148 2880 5202 quem
2927 5131 3243 5200 iaciendum
3271 5140 3437 5199 super

1855 5235 2058 5280 terram
2091 5225 2240 5278 venit
2267 5225 2553 5279 Dominus.

1928 5316 2034 5372 Sed
2061 5317 2178 5371 llaec
2217 5315 2438 5385 quidem
2469 5305 2604 5370 satis
2633 5331 2756 5372 esse
2778 5317 2997 5386 opinor,
3043 5317 3109 5370 ad
3143 5317 3441 5373 ostenden-

1858 5407 2012 5470 dum,
2045 5406 2508 5477 quemadmodum
2561 5405 2810 5460 alTectam
2856 5417 3105 5476 Oporteat
3151 5423 3276 5461 esse
3318 5407 3408 5459 ani

1861 5495 2006 5553 mam
2052 5514 2242 5554 eorum
2288 5498 2378 5568 qui
2438 5499 2600 5553 verba
2637 5500 2862 5569 mystice
2904 5501 3178 5553 audiunt:
3224 5506 3441 5566 tempus

1863 5600 2040 5643 autem
2083 5589 2268 5652 fuerit,
2316 5590 2466 5659 ipsas
2502 5605 2722 5660 quoque
2763 5590 2980 5645 divinas
3027 5607 3191 5646 voces
3225 5589 3444 5646 Cantici

1861 5680 2202 5735 canticorum
2233 5679 2344 5747 jam
2384 5680 2656 5734 deducere
2701 5682 2766 5736 ad
2801 5684 3075 5738 orationis
3106 5685 3445 5753 contempla-

1863 5777 2088 5829 tionem.
2133 5773 2192 5826 Et
2229 5774 2462 5842 primum
2493 5775 2711 5844 quidem
2757 5776 3174 5836 consideremus
3214 5778 3323 5833 vim
3374 5780 3450 5834 in-
