3928 6196
204 206 278 260 777
1215 203 1281 260 ΙΝ
1319 203 1613 259 CANTICA
1651 203 1739 258 CA

1844 201 1923 256 lC.
1966 201 2248 258 HOMILIA
2287 202 2328 258 ῐ.

3298 204 3402 257 ’778

199 321 309 392 ζωὴν
333 317 717 381 ἐπιδείκνυται,
751 318 1034 388 ίσάγγελος
1060 318 1147 374 διὰ
1172 320 1268 392 τῆς
1290 320 1558 384 ἀπαθείας
1576 319 1727 388 γενό-

1844 319 2099 387 sanguine
2133 320 2502 384 commistam,
2545 319 2640 374 sed
2682 317 2919 375 ostendit
2965 324 3283 376 sanctorum

201 430 342 484 μενος.
390 411 481 475 Ὦς
521 411 632 482 γάρ
682 413 820 482 μετά
863 410 964 482 τὴν
1013 413 1309 466 ἀνάστασιν
1341 412 1402 465 τὸ
1437 413 1536 482 μέν
1575 411 1732 481 σῶμα

199 501 639 573 μεταστοιχειωθέν
669 502 805 573 πρὸς
844 503 904 555 τὸ
926 501 1222 574 ἄφθαρτον,
1253 506 1318 574 τῇ
1339 503 1482 574 ψυχῇ
1515 502 1605 557 τοῦ
1637 503 1732 556 ἀν-

195 593 374 667 θρώπου
403 592 804 664 συμπλέκεται·
831 593 899 646 τὰ
922 594 980 647 δὲ
1011 594 1104 648 νῦν
1136 595 1224 648 διὰ
1263 597 1464 666 σαρκὸς
1499 596 1630 665 ἡμῖν
1651 596 1734 648 ἐν·

191 683 414 760 οχλοῦντα
441 684 612 754 πάθη,
643 687 756 748 τοῖς
782 683 1030 755 σώμασιν
1059 686 1285 750 ἐκείνοις
1315 687 1374 739 οὐ
1413 687 1734 739 συνανίστα-

190 794 290 832 ται·
317 777 448 832 ἀλλά
490 793 576 842 τις
631 775 884 848 εἰρηνικὴ
915 777 1246 842 κατάστασις
1287 777 1385 849 τὴν
1406 776 1550 849 ζωὴν
1577 777 1732 848 ἡμῶν

187 868 473 936 διαδέξεται,
505 869 703 940 μηκέτι
733 868 830 922 τοῦ
877 871 1223 941 φρονήματος
1251 873 1350 942 τῆς
1371 871 1570 942 σαρκὸς
1599 870 1734 940 πρὸς

187 961 266 1031 τὴν
279 960 446 1031 ψυχὴν
468 959 872 1026 στασιάζοντος,
901 962 1036 1032 μηδὲ
1068 962 1162 1014 τοῦ
1192 963 1455 1033 ἐμφυλίου
1496 962 1730 1031 πολέμου

182 1053 257 1107 διὰ
291 1053 396 1105 τῶν
432 1051 695 1123 ἐμπαθῶν
727 1055 1042 1122 κινημάτων
1079 1055 1628 1126 ἀντιστρατευομένου
1656 1053 1734 1124 τῷ

181 1143 310 1214 νόμῳ
335 1141 424 1196 τοῦ
453 1142 593 1205 νοὸς,
623 1145 717 1196 καὶ
735 1142 924 1214 ὥσπερ
949 1141 1292 1214 αἱχμάλωτόν
1318 1161 1435 1197 τινα
1461 1148 1524 1215 τῇ
1551 1146 1726 1216 ἀμαρο

178 1236 258 1306 ei;
288 1235 646 1304 προσάγοντος
684 1234 781 1304 τὴν
825 1233 1150 1304 ἡττηθεῖσαν
1180 1234 1358 1304 ψυχήν
1385 1252 1398 1265 ο
1429 1236 1563 1288 ἀλλὰ
1597 1237 1732 1288 πάν-

179 1342 272 1378 των
317 1324 421 1376 τῶν
469 1324 724 1376 τοιούτων
773 1323 1102 1394 καθαρεύσει
1132 1325 1250 1378 τότε
1278 1325 1515 1394 ἡφύσις,
1554 1329 1644 1380 καὶ
1677 1328 1734 1380 ἓν

174 1414 233 1466 δι’
276 1412 593 1482 ἀμφοτέρων
619 1411 772 1465 ἔσται
803 1412 863 1464 τὸ
893 1412 1166 1484 φρόνημα,
1195 1413 1295 1483 τῆς
1332 1416 1528 1486 σαρκός
1567 1433 1732 1486 φημι,

177 1506 257 1557 καὶ
283 1499 374 1558 τοῦ
414 1502 738 1573 πνεύματος,
769 1503 946 1570 πάσης
994 1505 1310 1575 σωματικῆς
1337 1505 1624 1570 διαθέσεως
1648 1508 1732 1571 ἐξ·

171 1597 546 1666 αφανισθείσης
594 1596 703 1649 ἀπὸ
728 1597 827 1666 τῆς
858 1595 1070 1664 φύσεως
1089 1613 1106 1629 ·
1138 1597 1278 1650 οὕτω
1303 1598 1731 1667 παρακελεύεται

1837 419 1946 462 tam
1977 425 2100 477 qua:
2132 419 2388 480 speratur
2419 411 2472 465 in
2512 411 2935 473 resurrectione,
2979 426 3077 480 per
3118 407 3400 479 impetibi-

1837 499 2041 554 litatem
2083 501 2311 558 eﬂectus
2343 518 2442 572 par
2475 503 2706 572 angelis.
2741 503 3028 570 Quomodo
3065 504 3235 567 enim,
3279 511 3403 572 post

1837 591 2321 659 resurrectionem,
2357 609 2557 664 corpus
2600 593 2821 664 quidem
2871 594 2926 648 in
2976 594 3028 648 id
3073 600 3406 649 transmuta-

1836 689 1950 734 tum
1990 682 2042 734 in
2074 684 2219 752 quod
2252 699 2362 738 non
2396 685 2545 739 cadit
2575 685 2854 749 interitus,
2890 685 3244 755 conjungitur
3286 684 3407 736 ani-

1837 787 1938 826 ma:
1968 772 2206 829 hominis
2242 790 2256 829 :
2289 792 2410 845 qua:
2453 785 2633 831 autem
2672 793 2817 832 nunc
2851 794 2947 848 per
2977 792 3197 830 carnem
3247 776 3405 829 nobis

1836 864 2143 920 molestiam
2169 867 2431 923 exhibent
2454 869 2619 922 animi
2649 868 3114 938 perturbationes,
3140 882 3246 921 non
3272 881 3375 919 con
3393 895 3408 905 -

1836 954 2046 1010 sistunt
2096 958 2150 1011 in
2200 959 2310 1014 illis
2342 961 2690 1030 corporibus.
2740 960 2837 1016 sed
2883 959 3145 1030 pacificus
3185 958 3405 1027 quidam

1837 1056 2013 1103 status
2056 1051 2222 1103 vitam
2275 1063 2523 1106 nostram
2574 1053 2832 1121 excipiet,
2887 1052 3174 1121 prudentia
3219 1051 3404 1104 carnis

1835 1151 1942 1190 non
1979 1141 2214 1209 amplius
2267 1141 2589 1196 seditionem
2638 1152 2928 1197 exercente
2973 1143 3236 1197 adversus
3283 1141 3404 1195 ani-

1835 1245 1977 1283 mam
2015 1250 2027 1285 :
2060 1248 2237 1301 neque
2282 1233 2425 1288 bello
2477 1235 2734 1290 intestino
2789 1251 2884 1306 per
2931 1242 3114 1289 motus
3158 1234 3404 1288 alTectio-

1837 1335 1965 1374 num
1997 1332 2336 1392 repugnante
2366 1325 2466 1397 legi
2495 1328 2715 1390 mentis,
2749 1335 2803 1381 et
2833 1337 3092 1396 tanquam
3135 1326 3403 1395 captivam

1838 1416 2064 1477 peccato
2101 1412 2299 1464 victam
2339 1414 2643 1470 adducente
2689 1416 2926 1469 animant
2957 1432 2971 1480 ;
3003 1414 3094 1469 sed
3126 1415 3193 1468 ab
3225 1414 3406 1468 omni-

1837 1501 1939 1557 bus
1968 1505 2236 1572 ejusmodi
2273 1515 2401 1561 tunc
2445 1524 2579 1577 pura
2627 1511 2731 1564 erit
2780 1519 2998 1572 natura,
3030 1522 3084 1564 et
3119 1509 3403 1563 amborqu

1835 1606 1942 1644 una
1988 1594 2092 1647 erit
2149 1597 2457 1663 prudentia,
2510 1600 2714 1659 carnis,
2769 1601 3010 1668 inquam,
3053 1608 3106 1653 et
3152 1599 3402 1668 spiritus,

171 1691 251 1744 διὰ
281 1689 373 1743 τοῦ
409 1689 614 1760 βιόλίου
639 1690 830 1743 τούτου
862 1691 893 1744 6
920 1690 1077 1758 λόγος
1114 1692 1226 1754 τοῖς
1253 1693 1522 1755 ἐπαΐουσι,
1547 1691 1650 1744 κᾶν
1675 1693 1732 1743 ἐν

1844 1684 1981 1737 omni
2021 1687 2298 1754 corporali
2325 1687 2610 1744 affectione
2638 1690 2810 1743 deleta
2838 1705 2902 1744 ex
2939 1703 3166 1753 natura;
3201 1693 3271 1744 ita
3311 1705 3406 1763 per

176 1781 324 1852 σαρκὶ
370 1781 575 1851 ζῶμεν,
616 1781 778 1851 μηδὲν
820 1783 932 1844 τοῖς
980 1783 1215 1852 νοήμασι
1246 1783 1380 1852 πρὸς
1410 1783 1578 1852 αὐτὴν
1612 1786 1729 1836 ἐπι-

175 1871 489 1944 στρέφεσθαι
505 1891 518 1904 ·
547 1871 684 1927 ἀλλά
711 1874 804 1926 καὶ
827 1874 963 1943 πρὸς
984 1874 1148 1944 μόνην
1177 1875 1273 1944 τὴν
1294 1875 1470 1946 ψυχὴν
1495 1875 1729 1945 βλέπειν,

173 1967 254 2020 καὶ
271 1965 449 2028 πάσας
466 1965 566 2028 τὰς
593 1965 941 2036 ἀγαπητικάς
957 1965 1161 2020 τούτων
1193 1967 1460 2035 ἐμφάσεις
1489 1966 1735 2038 καθαράς

176 2075 224 2111 τε
251 2059 340 2112 καὶ
368 2057 702 2128 ἀμολύντους
741 2057 1049 2111 ἀνατιθέναι
1094 2058 1174 2128 τῷ
1213 2058 1532 2129 ὑπερέχοντι
1557 2059 1735 2112 πάντα

179 2149 284 2203 νοῦν
309 2149 500 2220 ἀγαθῷ
526 2149 642 2220 Θεῷ
663 2167 677 2181 ο
729 2143 774 2218 ᾧ
811 2150 969 2221 μόνον
1009 2150 1157 2204 ἐστὶν
1198 2151 1274 2213 ὼς
1298 2150 1534 2220 ἀληθῶς,
1565 2149 1734 2218 γλυκύ
1772 2205 1774 2207 ,

180 2259 229 2294 τε
257 2243 342 2296 καὶ
399 2242 733 2312 ἐπιθυμητὸν
767 2244 858 2296 καὶ
899 2241 1158 2314 ἐράσμιον
1185 2260 1198 2272 ·
1220 2237 1280 2296 οὕ
1313 2244 1344 2313 ή
1380 2243 1676 2306 ἀπόλαυσις
1702 2243 1734 2313 ή

180 2335 252 2388 ἀεὶ
281 2333 540 2405 γινομένη
568 2333 791 2406 ἀφορμὴ
820 2333 1062 2404 μείζονος
1101 2333 1394 2405 ἐπιθυμίας
1415 2334 1644 2402 γίνεται,
1669 2337 1734 2404 τῇ

179 2426 420 2497 μετουσίᾳ
449 2426 559 2479 τῶν
593 2425 812 2494 ἀγαθῶν
844 2425 934 2478 τὸν
959 2425 1122 2479 πόθον
1147 2426 1606 2479 συνεπιτείνουσα.
1633 2424 1738 2477 Οὕ-

173 2533 270 2578 τως
293 2519 320 2569 ὁ
340 2517 544 2586 Μωσῆς
566 2515 740 2584 ἐφίλει
759 2515 851 2569 τὸν
873 2514 1004 2568 Θεὸν
1027 2555 1042 2579 ,
1075 2514 1246 2579 οὕτως
1263 2518 1291 2568 6
1325 2516 1510 2579 Ἠλίας
1527 2531 1541 2544 ⁸
1564 2515 1738 2579 οὕτως

1834 1775 1982 1830 hunc
2037 1777 2237 1831 librum
2288 1778 2446 1846 jubet
2503 1782 2680 1834 oratio
2747 1781 2813 1835 iis
2871 1781 2962 1850 qui
3022 1781 3290 1838 audiunt.
3347 1789 3407 1833 ut

1833 1870 2046 1924 etiamsi
2070 1871 2123 1923 in
2147 1885 2314 1924 carne
2337 1871 2604 1935 vivamus,
2641 1873 2847 1926 nostris
2878 1872 3306 1942 cogitationibus
3338 1871 3404 1924 ad

1834 1975 1952 2013 eam
2013 1960 2235 2015 minime
2301 1970 2731 2026 convertamur,
2782 1962 2877 2017 sed
2941 1963 3006 2015 ad
3035 1964 3206 2017 solam
3261 1963 3407 2031 aspl-

1835 2052 2048 2107 ciamus
2114 2052 2351 2106 animam
2387 2093 2400 2114 .
2460 2060 2513 2106 et
2575 2069 2767 2108 omnes
2825 2053 3138 2109 dilectionis
3197 2054 3408 2123 signiﬁ-

1837 2143 2085 2198 cationes
2160 2159 2327 2214 puras
2385 2155 2438 2198 et
2503 2145 2815 2214 impollutas
2883 2143 3197 2200 dedicemus
3264 2147 3410 2199 bono

1841 2232 1983 2300 Deo,
2031 2235 2121 2304 qui
2183 2250 2398 2289 omnem
2445 2245 2668 2305 superat
2709 2236 3123 2307 intelligentiam
3153 2256 3166 2290 :
3196 2237 3282 2291 cui
3318 2251 3408 2291 so-

1841 2325 1956 2380 lum
1995 2335 2080 2380 est
2112 2342 2298 2381 revera
2343 2327 2488 2396 quod
2533 2327 2696 2381 dulce
2727 2336 2780 2382 et
2804 2327 3109 2396 jucundum
3149 2339 3410 2397 expeten-

1837 2416 2078 2486 dumque
2122 2426 2176 2470 et
2218 2416 2456 2470 amabile
2502 2434 2516 2470 :
2565 2417 2721 2486 cujus
2772 2433 2893 2486 quas
2947 2432 3163 2486 semper
3196 2417 3411 2471 exstitit

1841 2509 2062 2573 fruitio,
2111 2507 2168 2561 ﬁt
2193 2508 2420 2562 materia
2474 2515 2528 2561 et
2566 2511 2786 2564 occasio
2815 2509 3039 2578 majoris
3069 2506 3409 2580 cupiditatis,

176 2608 201 2658 6
231 2607 473 2676 Ἰωάννης
503 2605 678 2674 ἐφίλει
703 2605 792 2658 τὸν
818 2604 1052 2676 νυμφίον
1084 2604 1256 2672 λέγων
1286 2623 1300 2639 ο
1351 2606 1402 2657 ’0
1435 2606 1596 2674 ἔχων
1625 2604 1739 2672 τὴν

1844 2600 2105 2654 bonorum
2161 2599 2581 2669 participatione
2615 2600 2904 2654 intendens
2940 2599 3295 2655 desiderium.
3333 2601 3408 2655 lta

173 2701 404 2767 νύμφην
450 2697 709 2766 νυμφίος
732 2697 933 2750 ἐστίν*
965 2699 998 2750 ὀ
1040 2695 1108 2750 δὲ
1139 2697 1315 2765 φίλος
1343 2697 1448 2751 τοῦ
1478 2699 1738 2766 νυμφίου

1844 2688 2018 2745 Moses
2051 2689 2218 2745 Deum
2248 2690 2547 2759 diligebat;
2573 2691 2645 2744 ita
2677 2689 2844 2755 Elias,
2876 2693 2948 2744 ita
2973 2690 3211 2746 Joannes
3243 2706 3412 2761 spon-

175 2788 316 2858 χαρᾷ
353 2789 545 2859 χαίρει
588 2788 684 2842 διὰ
730 2789 844 2855 τὴν
866 2787 1076 2857 φωνὴν
1104 2789 1208 2841 τοῦ
1247 2788 1529 2856 νυμφίου.
1555 2788 1738 2850 Οὕτως

1844 2798 1961 2837 sum
2006 2783 2290 2853 diligebat,
2345 2783 2534 2837 dicens
2557 2783 2642 2836 “z
2683 2782 2787 2848 Qui
2838 2781 2989 2835 habet
3041 2799 3288 2852 sponsam
3334 2794 3412 2836 est

171 2885 198 2934 ὁ
213 2882 408 2952 Πέτρος
441 2881 734 2952 ἐρωτηθεὶς
758 2882 806 2933 εί
824 2881 968 2949 φιλεῖ
989 2881 1081 2934 καὶ
1105 2880 1309 2950 ἀγαπᾷ,
1338 2880 1586 2950 ὁμολογεῖ
1603 2880 1740 2949 μετά

1844 2891 2107 2944 sponsus;
2169 2875 2373 2928 amicus
2434 2883 2607 2927 autem
2675 2874 2856 2941 sponsi
2919 2873 3107 2926 (a'titia
3171 2873 3417 2942 afﬁcitur

170 2974 495 3045 παρρησίας.
557 2974 732 3040 λέγων
753 2991 766 3002 ·
800 2972 884 3026 Σὺ
911 2970 1100 3039 οἶδας,
1130 2974 1323 3041 Κύριε,
1355 2971 1441 3024 ὅτι
1469 2971 1622 3040 φιλῶ
1643 2988 1736 3026 σε.

1844 2976 2051 3034 propter
2093 2983 2363 3036 sponsum.
2420 2965 2495 3021 Ita
2553 2965 2746 3020 Petrus
2789 2975 3012 3036 rogatus
3055 2981 3122 3018 an
3165 2973 3307 3020 amet
3347 2978 3412 3017 ac

169 3064 351 3127 Οὕτως
390 3065 440 3116 oi
472 3062 651 3116 λοιποὶ
688 3062 972 3116 ἀπόστολοι
1000 3079 1012 3091 ·
1056 3062 1227 3126 οὕτως
1255 3064 1282 3115 ὀ
1315 3063 1523 3125 Παῦλος
1543 3066 1571 3116 ὁ
1611 3065 1738 3135 πρὶν

1844 3057 2070 3128 diligat,
2121 3058 2290 3112 libere
2339 3067 2393 3112 et
2458 3059 2798 3113 conﬁdenter
2838 3057 3060 3119 fatetur,
3111 3056 3300 3111 dicens
3322 3057 3409 3116 '7:

167 3151 418 3223 διώκτης,
449 3153 542 3205 καὶ
569 3152 858 3222 ἀγαπήσας
876 3152 936 3204 ὃν
953 3152 1050 3222 οὐχ
1078 3153 1223 3223 ἐώρα
1256 3154 1507 3225 Χριστὸν,
1534 3154 1739 3226 ἔγραφε

1848 3147 2086 3211 Domine,
2120 3157 2176 3200 tu
2202 3149 2305 3202 scis
2332 3149 2472 3219 quod
2503 3165 2622 3202 amo
2670 3157 2738 3202 te.
2799 3146 2872 3202 Ita
2928 3149 3105 3202 caeteri
3157 3150 3411 3220 apostoli.

168 3241 337 3308 λέγων
366 3261 379 3274 ·
424 3243 809 3313 Ἦρμοσάμην
839 3243 990 3313 ὑμᾶς
1017 3245 1316 3312 παρθένον
1338 3245 1531 3314 ἁγνὴν
1565 3262 1740 3316 παρα·

1844 3240 1920 3292 Ita
1952 3239 2301 3311 Paulus,qui
2348 3243 2503 3311 prius
2551 3250 2893 3312 persecutor,
2948 3257 3071 3294 cum
3133 3241 3416 3295 dilexisset

165 3331 390 3399 στῆσαι
416 3331 495 3398 τῷ
513 3332 762 3400 Χριστῷ.
781 3331 968 3396 Οὕτως
991 3335 1023 3402 ἡ
1044 3333 1139 3386 νῦν
1169 3334 1481 3406 Ἐκκλησία,
1503 3339 1536 3408 ἡ
1556 3339 1617 3391 νύ
1626 3356 1739 3408 μςη

1844 3329 2124 3385 Christum
2155 3347 2316 3402 quem
2351 3348 2459 3387 non
2501 3333 2729 3392 viderat,
2782 3333 3004 3400 scripsit
3038 3333 3265 3386 dicens:
3319 3333 3418 3387 De-

165 3423 256 3477 τὸν
282 3425 514 3493 νυμφίον
544 3423 737 3493 ἐφίλει,
766 3423 909 3478 κατά
935 3424 1034 3495 τὴν
1063 3427 1119 3478 ἐν
1148 3426 1224 3496 τῷ
1265 3428 1501 3499 ’ᾼσματι
1535 3430 1740 3500 παρθέ-

1846 3425 2035 3494 spondi
2067 3440 2154 3478 vos
2187 3424 2438 3494 virginem
2469 3433 2670 3477 castam
2716 3423 2954 3477 exhibere
2999 3423 3211 3477 Christo
3239 3424 3303 3480 ⁸⁸.
3339 3424 3416 3480 l'a

167 3531 254 3568 νον
303 3514 403 3585 τὴν
459 3513 725 3582 λέγουσαν
745 3529 758 3543 °
790 3513 1108 3580 Φιλησάτω
1131 3532 1207 3584 με
1235 3516 1353 3569 ἀπὸ
1397 3517 1740 3587 φιλημάτων

1844 3532 1962 3586 quae
1992 3531 2137 3570 nunc
2164 3526 2244 3570 est
2275 3515 2544 3577 Ecclesia,
2582 3530 2782 3585 sponsa
2838 3530 3098 3584 sponsum
3135 3517 3414 3586 diligebat,

166 3607 466 3670 στόματος
491 3601 700 3657 αὑτοῦ.
731 3602 918 3665 Οὕτως
944 3603 972 3654 ὁ
1004 3602 1091 3656 διὰ
1118 3603 1218 3673 τῆς
1239 3604 1379 3658 κατά
1406 3607 1578 3678 στόμα
1607 3624 1740 3676 γινο·

1844 3608 2233 3662 convenienter
2257 3608 2304 3662 ei
2331 3607 2526 3678 virgini
2559 3622 2679 3676 quae
2701 3606 2834 3660 dicit
2860 3607 2916 3660 in
2948 3607 3175 3660 Cantico
3203 3625 3216 3662 :
3249 3605 3410 3661 Oscu-

169 3692 336 3763 μένης
362 3694 509 3765 αύτῷ
529 3692 682 3763 παρά
709 3691 804 3746 τοῦ
834 3692 968 3746 Θεοῦ
1001 3692 1236 3764 ὁμιλίας,
1269 3695 1450 3760 καθὼς
1481 3702 1740 3769 μαρτυρεῖ

1847 3697 1983 3750 letur
2013 3714 2092 3751 me
2117 3697 2297 3751 osculo
2325 3698 2432 3750 oris
2467 3697 2639 3751 sui".
2678 3695 2769 3750 Sic
2811 3695 2904 3750 ille
2953 3697 3045 3764 qui
3095 3697 3294 3766 dignus
3335 3705 3418 3751 est

165 3783 199 3850 ἡ
229 3782 442 3855 Γραφὴ.
466 3783 550 3837 ὅτι
575 3785 634 3836 ἐν
657 3783 918 3855 ἐπιθυμίᾳ
946 3783 1149 3854 μείζονι
1170 3783 1279 3837 τῶν
1303 3785 1558 3840 τοιούτων
1587 3789 1740 3859 φιλη-

1845 3787 2067 3845 ltabitus
2093 3804 2217 3843 cum
2250 3789 2360 3844 Deo
2388 3789 2535 3859 loqui
2573 3788 2713 3844 facie
2740 3789 2804 3842 ad
2838 3787 3054 3854 faciem,
3091 3798 3150 3843 ut
3186 3798 3418 3848 testatur

169 3875 357 3942 μάτων
392 3875 630 3944 ἐγένετο,
655 3873 792 3945 μετά
823 3873 1088 3939 τοσαύτας
1105 3874 1438 3944 θεοφανείας,
1475 3878 1550 3941 ὡς
1582 3880 1740 3951 μήπω

1848 3883 2132 3952 Scriptura
2159 3881 2226 3946 “,
2258 3881 2528 3948 ejusmodi
2559 3883 2875 3937 osculorum
2904 3881 3099 3952 majori
3135 3882 3418 3941 tenebatur

164 3965 495 4036 τεθεαμένος
563 3967 692 4019 ἰδεῖν
742 3964 910 4032 ἀξιῶν
943 3966 1032 4018 τὸν
1077 3966 1428 4037 ποθούμενον.
1485 3969 1670 4034 Οὕτως
1697 3973 1740 4024 ol

1846 3971 2144 4034 desiderio,
2199 3980 2491 4041 postquam
2541 3971 2589 4026 ei
2637 3973 2799 4028 toties
2848 3973 2989 4030 Deus
3051 3975 3414 4045 apparuisset.

164 4053 345 4109 λοιποὶ
365 4057 585 4118 πάντες,
609 4051 691 4118 οἷς
717 4057 745 4108 ό
768 4054 909 4118 θεῖος
952 4055 1114 4119 πόθος
1134 4056 1223 4109 διὰ
1262 4057 1458 4126 βάθους
1481 4059 1740 4127 ἐνέκειτο,

1849 4077 2050 4133 rogans
2080 4070 2140 4115 ut
2164 4062 2373 4118 videret
2408 4057 2568 4133 quem
2611 4063 2977 4130 desiderabt,
3027 4065 3254 4136 perinde
3278 4081 3340 4118 ac
3369 4066 3414 4120 si

162 4145 403 4217 οὐδαμοῦ
430 4147 531 4215 τῆς
563 4145 857 4216 ἐπιθυμίας
877 4146 1116 4209 ἵσταντο,
1150 4149 1256 4200 πᾶν
1278 4148 1338 4200 τὸ
1358 4148 1538 4202 θεόθεν
1567 4151 1740 4216 αὐτοῖς

1850 4171 2129 4224 nunquam
2195 4171 2320 4210 eum
2371 4163 2518 4210 esset
2569 4157 2969 4226 contemplatus
2991 4158 3058 4210 ⁹¹.
3114 4155 3188 4210 Ita
3239 4157 3416 4211 ca'teri

161 4237 246 4298 είς
301 4237 610 4291 ἀπόλαυσιν
667 4235 760 4289 τοῦ
792 4235 1122 4306 ποθουμένου
1151 4239 1452 4308 γινόμενον,
1481 4241 1612 4312 ὕλην
1657 4245 1740 4297 xui

1851 4262 2042 4301 omnes
2070 4261 2306 4317 quorum
2356 4247 2600 4300 divinum
2653 4247 2986 4302 desiderium
3044 4247 3314 4302 insidebat
3365 4249 3419 4300 in

161 4326 506 4400 ὑπέκκαυμα
546 4329 645 4399 τῆς
689 4327 1050 4398 σφοδροτέρας
1087 4328 1378 4399 ἐπιθυμίας
1416 4332 1740 4404 ποιούμενοι.

1856 4339 1981 4392 imis
2006 4337 2397 4408 penetralibus.
2445 4352 2725 4407 nunquam
2760 4354 2919 4394 suum
2960 4339 3231 4393 satiarunt
3274 4337 3422 4392 desi—

162 4419 407 4483 derium,
439 4418 710 4490 quidquid
747 4419 829 4474 eis
860 4418 1124 4473 divinitus
1154 4421 1459 4487 eveniebat,
1497 4439 1607 4494 quo
1656 4425 1974 4483 fruerentur
2008 4443 2073 4483 eo
2113 4429 2206 4498 qui
2255 4427 2692 4493 desiderabatur,
2760 4413 3422 4499 materiam‘arripicntes

160 4521 217 4566 et
249 4512 504 4568 fomitem
541 4511 770 4580 majoris
805 4511 1090 4568 desiderii.

238 4607 460 4676 Ὠσπερ
500 4604 566 4676 δὴ
600 4605 694 4658 καὶ
733 4603 828 4658 νῦν
871 4606 1021 4676 ήετῷ
1051 4606 1170 4678 θεῷ
1200 4612 1576 4682 συναπτομένη
1605 4612 1751 4686 ψυχὴ

153 4698 489 4768 ἀκορέστως
522 4696 635 4766 ἔχει
667 4696 765 4766 τῆς
798 4696 1148 4762 ἀπολαύσεως
1169 4715 1184 4730 ο
1221 4699 1331 4770 ὅσῳ
1373 4699 1753 4775 δαψιλέστερον

154 4789 500 4855 ἐμφορεῖται
535 4785 635 4854 τῆς
673 4786 1058 4850 ἀπολαύσεως,
1105 4788 1356 4842 τοσοῦτον
1403 4791 1754 4863 σφοδρότερον

152 4881 275 4942 τρεῖς
309 4877 504 4942 πόθοις
533 4878 875 4947 ἀκμάζουσα.
919 4880 1135 4950 Ἐπειδὴ
1167 4880 1277 4951 γάρ
1310 4882 1380 4935 τά
1415 4885 1636 4954 ῥήματα
1659 4884 1754 4938 τοῦ

153 4976 433 5045 νυμφίου,
471 4973 690 5042 πνεῦμα
727 4973 821 5026 καὶ
854 4970 964 5045 ζωή
1001 4975 1142 5036 ἐστι,
1185 4976 1290 5039 πᾶς
1322 4975 1379 5028 δὲ
1419 4977 1447 5029 6
1479 4975 1556 5047 τῷ
1588 4977 1752 5031 msti-

157 5082 301 5133 ματι
342 5064 692 5133 κολλώμενος
723 5061 940 5132 πνεῦμα
966 5064 1200 5133 γίνεται,
1235 5065 1329 5118 καὶ
1351 5067 1381 5118 ὁ
1412 5070 1480 5140 τῇ
1497 5067 1609 5140 ζωῇ
1631 5083 1756 5122 συν-

151 5157 485 5225 απτόμενος
541 5150 649 5205 ἀπὸ
718 5152 948 5207 θανάτου
984 5156 1064 5218 είς
1109 5155 1204 5226 τὴν
1236 5153 1380 5226 ζωὴν
1420 5159 1753 5226 μεταδαίνει,

153 5245 315 5297 κατά
348 5243 452 5314 τὴν
485 5242 582 5294 τοῦ
610 5243 814 5311 Κυρίου
853 5243 1037 5313 φωνήν
1057 5255 1070 5270 ⁸
1106 5243 1194 5297 διά
1215 5241 1370 5296 τοῦτο
1401 5244 1558 5298 ποθεῖ
1585 5263 1756 5316 προσ-

156 5336 402 5404 εγγίσαι
431 5333 531 5404 τὴν
577 5332 755 5404 ψυχὴν
795 5337 859 5405 τῇ
886 5337 1032 5404 πηγῇ
1066 5335 1162 5405 τῆς
1209 5335 1588 5407 πνευματικῆς
1613 5337 1756 5410 ζωῆς

1924 4607 2211 4675 Quomodo
2233 4608 2394 4662 ctiam
2419 4595 2539 4680 (τιιαξ
2561 4624 2708 4665 nunc
2746 4626 2965 4682 quoque
2996 4611 3106 4667 Deo
3138 4611 3424 4682 conjungi-

1853 4707 1947 4754 tur
1981 4699 2184 4765 anima,
2216 4700 2405 4755 satiari
2439 4717 2547 4757 non
2587 4711 2768 4772 potest
2798 4703 3078 4769 fruitione,
3103 4720 3212 4774 quo
3244 4705 3425 4774 eopio-

1857 4792 1974 4847 sius
2006 4791 2269 4847 fruitione
2299 4793 2576 4862 impletur,
2596 4809 2661 4849 eo
2687 4795 3082 4850 vehementiori
3109 4797 3298 4867 vigens
3325 4797 3424 4849 de-

1857 4887 2079 4942 siderio.
2106 4884 2245 4952 Quia
2292 4886 2438 4940 enim
2483 4886 2649 4941 verba
2699 4887 2886 4957 sponsi
2928 4887 3154 4961 spiritus
3204 4896 3331 4942 sunt
3372 4895 3427 4941 et

1857 4979 1968 5034 vita
1988 4979 2054 5041 ",
2087 4978 2401 5048 quicunque
2426 4985 2606 5032 autem
2631 4979 3046 5049 conglutinatur
3091 4982 3332 5050 spiritui,
3371 4981 3430 5034 lit

1860 5068 2120 5139 spiritus;
2147 5077 2200 5123 et
2223 5069 2314 5138 qui
2346 5069 2465 5123 vitae
2485 5069 2859 5142 conjungitur,
2882 5071 3085 5127 transit
3108 5088 3136 5125 a
3163 5083 3337 5128 morte
3363 5073 3427 5126 ad

1858 5159 2047 5221 vitam,
2075 5168 2442 5227 congruenter
2463 5161 2581 5215 voci
2615 5159 2832 5215 Domini
2862 5172 3192 5232 ;propterea
3225 5164 3434 5219 deside-

1859 5257 1944 5303 rat
1960 5249 2399 5321 appmpinquare
2421 5252 2656 5306 animam
2673 5253 2807 5310 fonti
2821 5255 2943 5310 vitae
2960 5256 3262 5325 spiritualis
3281 5256 3435 5321 virgo

1859 5340 2060 5394 anima.
2084 5339 2229 5397 Fons
2250 5349 2430 5397 autem
2455 5348 2540 5397 est
2567 5357 2630 5398 os
2656 5345 2867 5414 sponsi,
2911 5345 3054 5399 unde
3077 5343 3431 5399 scaturientia

238 5539 288 5568 “
310 5534 482 5591 Joan.
516 5550 600 5595 ιιι.
627 5534 719 5588 9.9.
812 5535 858 5569 ⁸⁷
885 5533 1045 5590 Joan.
1083 5550 1195 5601 ut,
1225 5534 1310 5590 i5.

159 5623 382 5664 sum.
415 5607 500 5660 lS.
582 5606 627 5635 "
653 5604 811 5659 Joan.
846 5620 898 5670 v,
931 5603 1021 5658 64.

515 5700 780 5759 Parnm.
841 5667 960 5760 Gtt.
991 5697 1208 5758 XLIV.

1404 5539 1449 5569 ⁸⁸
1470 5538 1508 5592 ΙΙ
1547 5539 1673 5594 Cnt‘.
1705 5555 1735 5595 Χ

1847 5580 1859 5593 .
1938 5541 1984 5573 ⁸⁸
2003 5540 2163 5598 Cant.
2190 5559 2230 5609 I,
2253 5544 2305 5598 1.
2340 5560 2462 5610 suo.
2539 5547 2583 5578 ’°
2607 5545 2761 5602 Deut.
2802 5561 2992 5610 xxxrv,
3027 5546 3113 5601 10.
3158 5545 3225 5578 ·⁹¹
3256 5544 3434 5602 Ειοά.
