3928 6196
240 198 308 252 isi
1228 186 1294 242 IN
1328 187 1620 243 CANTICA
1658 186 1924 242 CANTiC.
1982 187 2267 243 HOMILIA
2302 190 2344 243 Ι.

3289 186 3394 243 788

232 313 299 366 διὰ
322 306 513 368 τούτων,
537 300 712 365 καθὼς
741 301 900 372 ἡμεῖς
925 300 1318 372 ὑπειλήφαμεν,
1347 304 1408 356 οὐ
1434 303 1627 374 μικρόν
1657 320 1729 365 τι,

1837 301 2225 371 consequentia
2255 323 2267 354 ;
2296 299 2444 353 Bona
2463 296 2623 353 ubera
2657 308 2746 359 tua
2773 316 2934 370 supra
2965 300 3159 362 viuum,
3191 310 3240 355 et
3268 301 3396 357 odor

228 399 323 456 οὐδὲ
346 391 783 465 εὐκαταφρόνητον
822 392 1023 464 νόημα.
1058 391 1211 462 Τάχα
1232 392 1342 462 γὰρ
1370 394 1426 446 ὲν
1460 393 1537 464 τῷ
1564 394 1730 465 ὑπερ-

227 492 363 544 θεῖναι
386 484 464 539 διὰ
480 482 813 555 συγκρίσεως
838 484 900 537 τὸ
932 486 995 538 ὲκ
1019 484 1127 538 τῶν
1157 485 1316 537 θείων
1347 485 1565 555 μασθῶν
1590 486 1732 554 γάλα

224 583 302 651 τῆς
327 580 381 630 ὲκ
412 574 495 629 τοῦ
518 573 658 628 οἴνου
696 574 995 647 γενομένης
1031 576 1162 646 ἡμῖν
1197 576 1557 649 εὐφροσύνης,
1600 594 1732 648 μαν-

221 671 413 736 θάνομεν
442 664 523 718 διὰ
560 663 669 717 τῶν
723 664 1046 736 εἰρημένων,
1104 667 1185 719 ὅτι
1222 668 1370 721 πᾶσα
1415 668 1731 737 ἀνθρωπίνη

225 759 352 826 σοφία
392 755 477 809 καὶ
510 755 786 827 ἐπιστήμη
833 754 943 807 τῶν
979 754 1147 808 ὅντων
1192 755 1286 809 καὶ
1312 757 1461 809 πᾶσα
1505 755 1734 827 δύναμις

221 848 476 922 θεωρητικὴ
503 848 595 899 καὶ
620 847 984 919 κατανοητικὴ
1017 849 1285 917 φαντασία
1316 850 1591 914 ἀδυνάτως
1622 850 1732 922 ἔχει

221 938 539 1010 παρισωθῆναι
581 937 670 991 διά
718 937 1055 1009 συγκρίσεως
1107 941 1171 1010 τῇ
1241 939 1578 1013 ἁπλουστέρα
1625 940 1734 994 τῶν

217 1030 343 1083 θείων
368 1028 690 1099 μαθημάτων
734 1031 926 1099 τροφῇ.
976 1029 1070 1082 Ἐκ
1118 1029 1226 1100 γὰρ
1268 1029 1376 1083 τῶν
1427 1030 1646 1100 μασθῶν
1675 1032 1734 1085 τὸ

218 1122 329 1191 γάλα
351 1120 558 1192 φέρεται
583 1136 601 1152 ο
636 1121 843 1192 νηπίων
874 1121 919 1173 δ’
951 1121 1068 1174 ἐστὶ
1094 1120 1157 1175 τὸ
1186 1122 1325 1190 γάλα
1351 1124 1548 1195 τροφή.
1588 1123 1649 1178 Ὀ
1677 1124 1734 1178 δὲ

213 1210 322 1275 οίνος
345 1211 404 1264 δι’
425 1211 662 1264 εὐτονίαν
693 1227 754 1263 τε
786 1211 880 1265 καὶ
903 1210 1362 1284 θερμότηταντῶν
1390 1214 1734 1288 τελειοτέρων

216 1302 462 1364 ἀπόλαυσις
487 1301 697 1369 γίνεται
724 1317 737 1331 ’
769 1301 881 1355 ἀλλ’
922 1303 1071 1371 ὅμως
1117 1302 1177 1356 τὸ
1218 1306 1275 1357 ὲν
1317 1307 1381 1376 τῇ
1423 1304 1527 1370 ἔξω
1573 1307 1734 1377 σοφία

213 1394 375 1446 τέλειον
412 1393 505 1464 τῆς
532 1393 838 1464 νηπιὼδους
869 1392 962 1447 τοῦ
1006 1392 1151 1446 θείου
1191 1393 1351 1464 λόγου
1389 1396 1735 1460 διδασκαλίας

212 1485 301 1537 ἐστὶ
324 1483 650 1555 μικρότερον.
682 1483 781 1539 Διά
804 1482 961 1537 τοῦτο
982 1484 1259 1554 κρείττους
1283 1487 1331 1539 ot
1355 1484 1486 1540 θεῖοι
1515 1486 1730 1557 μασθοὶ,

210 1571 280 1625 τοῦ
306 1570 629 1643 ἀνθρωπίνου
657 1569 823 1625 οἴνου.
865 1571 928 1624 Ἦ
951 1571 1007 1625 δὲ
1031 1571 1174 1643 ὀσμὴ
1200 1572 1312 1626 τῶν
1337 1573 1496 1628 θείων
1520 1574 1729 1646 μύρων,

1833 404 2218 464 unguentorum
2256 404 2467 447 tuorum
2524 409 2686 462 supra
2745 396 2920 455 omnia
2973 405 3238 449 aromata.
3295 396 3397 452 Per

1832 484 1950 539 haec
1990 495 2193 551 autem,
2229 492 2289 538 ut
2334 497 2437 538 nos
2483 482 2878 546 existimamus,
2914 485 3253 555 signiﬁcatur
3285 500 3394 541 non

1833 590 2002 648 parva
2057 576 2271 646 aliqua,
2335 589 2516 646 neque
2570 576 2966 629 contemnenda
3013 577 3393 648 intelligentia.

1833 666 1998 722 Forte
2021 666 2167 721 enim
2200 667 2256 721 in
2290 681 2357 721 eo
2397 664 2545 738 quod
2577 665 2883 734 prmtulerit
2908 680 3006 735 per
3028 669 3398 739 comparatio-

1833 772 1954 812 nem
1992 757 2074 812 lac
2110 758 2256 829 quod
2302 774 2366 814 ex
2401 758 2604 813 divinis
2636 765 2823 811 manat
2865 758 3151 821 uberibus,
3198 760 3398 816 laetitia».

1833 862 1954 918 quae
1998 848 2155 902 nobis
2199 848 2377 902 oritur
2409 862 2475 902 ex
2515 846 2666 914 vino,
2705 861 2801 916 per
2829 860 2890 899 ea
2917 862 3037 916 quia:
3067 847 3211 901 dicta
3244 859 3395 915 sunt,

1831 939 2122 1002 discimus,
2157 938 2304 1009 quod
2332 938 2511 994 omnis
2535 937 2777 993 humana
2802 938 3092 1008 sapientia,
3130 947 3183 995 et
3207 954 3395 995 eorum

1832 1045 1955 1101 qua:
1998 1037 2127 1085 sunt
2166 1029 2420 1091 scientia,
2453 1037 2507 1083 et
2540 1029 2720 1083 omnis
2753 1029 2926 1083 virtus
2954 1031 3395 1100 contemplativa.

1832 1127 1887 1174 et
1927 1126 2108 1179 mente
2143 1117 2614 1189 comprehendens
2640 1118 2954 1188 phantasia,
2987 1135 3085 1188 per
3110 1136 3399 1192 compara-

1831 1210 2037 1265 tionem
2080 1226 2188 1264 non
2234 1218 2413 1280 potest
2457 1213 2731 1282 exaequari
2777 1211 3013 1281 simplici
3061 1214 3398 1269 nutrimento

1831 1301 2141 1355 divinarum
2181 1300 2616 1371 disciplinarum.
2648 1300 2756 1358 Lac
2783 1302 2927 1355 enim
2959 1301 3077 1357 ﬂuit
3105 1320 3173 1359 ex
3210 1304 3397 1360 uberi-

1830 1391 1969 1457 bus;
2003 1398 2087 1446 est
2135 1386 2446 1445 autem'lac
2506 1391 2905 1446 nutrimentum
2951 1392 3266 1451 infantium.
3300 1395 3398 1451 Vi-

1832 1497 1962 1534 num
1995 1488 2174 1535 autem
2224 1487 2449 1549 propter
2480 1480 2588 1534 vim
2631 1470 2965 1535 et'calorcm
3012 1482 3176 1536 datur
3203 1482 3397 1545 fruen-

1832 1572 1962 1627 dum
1990 1569 2438 1641 perfectioribus,
2476 1570 2570 1624 sed
2607 1578 2787 1625 tamen
2812 1572 2953 1642 quod
2984 1582 3065 1625 est
3096 1574 3395 1642 perfectum

209 1661 399 1729 καλλίων
421 1662 539 1715 ἐστὶ
561 1662 742 1733 πάσης
770 1664 869 1732 τῆς
897 1663 955 1715 ἐν
983 1662 1268 1734 ἀρώμασιν
1292 1663 1534 1729 εὐωδίας.
1573 1664 1733 1718 Ὅθεν

1838 1664 1891 1717 ῖιι
1918 1670 2146 1717 externa
2190 1661 2480 1730 sapientia,
2512 1661 2695 1716 minus
2734 1670 2818 1716 est
2854 1676 3017 1731 quam
3048 1663 3217 1717 divini
3249 1666 3398 1725 vet-hi

209 1754 322 1808 δοκεῖ
368 1752 605 1807 τοιοῦτον
653 1753 744 1809 τὸν
801 1753 925 1807 νοῦν
979 1753 1383 1813 ἀποδεικνύειν9
1439 1754 1731 1827 Ἀρώματα

209 1845 390 1917 νοοῦμεν
428 1846 523 1910 τάς
596 1844 825 1917 ἀρετὰς,
877 1839 1017 1910 οἷον,
1075 1846 1290 1914 σοφίαν.
1355 1848 1727 1917 σωφροσύνην,

211 1939 428 2010 ἀνδρείαν,
462 1938 731 2010 φρόνησιν
751 1978 766 2003 ,
798 1938 893 1991 καλ⁵
921 1936 989 1991 τὰ
1020 1936 1266 2004 τοιαῦτα,
1310 1931 1387 2001 οἷς
1424 1954 1733 2010 προσχρων·

210 2030 392 2101 νύμενος
436 2031 586 2085 κατά
636 2028 735 2099 τὴν
773 2027 967 2083 ἑαυτοῦ
1005 2028 1232 2099 δύναμιν
1276 2029 1370 2082 καὶ
1414 2029 1730 2101 προαίρεσιν

210 2122 417 2186 ἕκαστος,
461 2120 633 2184 ἄλλος
679 2120 854 2184 ἄλλως
897 2122 955 2174 ἐν
1002 2120 1199 2190 εὐωδίᾳ
1234 2117 1530 2189 γινόμεθαο
1563 2121 1593 2172 ό
1634 2120 1730 2189 μὲν

205 2211 253 2265 ὲκ
277 2212 613 2284 σωφροσύνης
644 2212 678 2281 ἢ
709 2211 929 2280 σοφίαςο
961 2213 990 2265 ὁ
1016 2211 1073 2265 δὲ
1104 2212 1167 2263 ὲκ
1189 2209 1549 2281 δικαιοσύνης,
1584 2210 1730 2281 ἥάν-

204 2300 375 2370 δρείας,
397 2304 430 2374 ἢ
456 2303 625 2359 άλλου
659 2303 802 2366 τινὸς
821 2302 928 2355 τῶν
951 2303 1071 2357 κατ’
1101 2302 1301 2374 ἀρετὴν
1332 2302 1635 2373 νοουμένων
1659 2320 1672 2332 ο
1702 2304 1730 2354 ὁ

203 2391 247 2445 r7:
280 2395 421 2465 τυχὸν
465 2397 570 2448 καὶ
609 2397 673 2448 ἐκ
728 2396 944 2448 πάντων
980 2394 1087 2452 τῶν
1120 2392 1373 2448 τοιούτων
1422 2395 1729 2465 ἀρωμάτων

207 2486 615 2556 συγκεκραμένην
664 2485 774 2556 εχει
824 2487 881 2537 ἐν
917 2484 1095 2555 ἑαυτῷ
1148 2484 1245 2555 τὴν
1287 2484 1526 2538 εὐωδίαν.
1594 2484 1729 2536 Ἀλλ’

202 2574 319 2643 ὅμως
356 2576 517 2629 ταῦτα
567 2576 745 2629 πάντα
772 2576 871 2629 οὐκ
917 2577 984 2630 ἂν
1026 2577 1105 2638 είς
1136 2574 1420 2645 σύγκρισιν
1462 2572 1603 2628 ἔλθοι
1636 2574 1732 2644 τῆς

203 2666 454 2731 παντελοῦς
480 2667 694 2740 ἀρετῆς
731 2668 965 2737 ἐκείνης,
1001 2668 1065 2739 ἢν
1094 2667 1220 2730 τοὺς
1241 2666 1499 2738 οὐρανοὺς
1531 2664 1722 2733 διειλη-

200 2753 325 2821 φέναι
359 2756 517 2826 φησὶν
582 2756 894 2825 Ἀϐϐακούμ
926 2757 954 2809 ὀ
984 2755 1269 2827 προφήτης
1315 2752 1483 2807 είπὼν
1507 2771 1520 2784 ο
1574 2752 1735 2806 Ἐκά-

1833 1752 2107 1809 infantilis
2155 1752 2429 1807 doctrina.
2477 1749 2770 1820 Propterea
2822 1753 2949 1806 vino
2996 1752 3237 1808 humano
3284 1769 3399 1807 me-

1833 1845 1973 1900 liora
2025 1852 2156 1899 sunt
2195 1844 2364 1898 ubera
2414 1843 2625 1897 divina.
2673 1842 2822 1899 Odor
2860 1854 3042 1899 autem
3083 1845 3397 1900 divinorum

1834 1943 2237 2007 unguentorum
2280 1944 2363 1991 est
2413 1935 2604 1990 melior
2645 1935 2796 1990 omni
2835 1935 3134 2006 fragrantia
3186 1952 3402 1999 aroma-

1838 2037 1975 2085 tum.
2014 2026 2168 2084 Unde
2220 2030 2379 2084 nobis
2425 2028 2640 2081 videtur
2691 2028 2834 2081 hanc
2882 2029 3129 2084 indicare
3178 2041 3399 2085 sentem

1833 2122 1961 2175 tiam
1989 2138 2001 2174 :
2025 2120 2287 2175 Aromata
2330 2119 2688 2191 intelligimus
2723 2121 2978 2181 virtutes,
3017 2121 3270 2175 videlicet
3308 2137 3400 2176 sa-

1832 2209 2126 2281 pientiam,
2200 2211 2657 2280 temperantiam,
2707 2209 3115 2274 fortitudinem,
3166 2211 3402 2281 pruden—

1834 2302 1983 2365 tiam,
2012 2309 2065 2355 et
2103 2316 2225 2371 qua:
2256 2310 2385 2355 sunt
2424 2301 2763 2369 huiusmodi,
2800 2304 3001 2373 quibus
3041 2304 3244 2360 oblitus
3279 2321 3403 2370 con-

1834 2392 2123 2446 venienter
2159 2407 2273 2447 sum
2303 2392 2562 2461 potestati
2608 2399 2661 2445 et
2711 2393 2886 2447 libero
2915 2396 3083 2448 animi
3115 2396 3198 2449 sui
3244 2399 3403 2452 insti-

1836 2492 1989 2545 tuto,
2043 2484 2445 2554 unusquisque,
2493 2484 2632 2539 alius
2688 2485 2849 2539 aliter
2905 2502 3098 2542 snmus
3150 2490 3202 2543 in
3260 2489 3403 2547 bono

1833 2575 2033 2640 odore;
2078 2576 2221 2629 alius
2253 2575 2475 2645 quidem
2520 2591 2583 2631 ex
2632 2578 2997 2646 temperantia
3050 2588 3145 2632 aut
3178 2581 3399 2650 sapien-

1833 2665 1939 2729 tia;
1979 2665 2119 2718 alius
2161 2671 2339 2717 autem
2377 2679 2443 2718 ex
2472 2663 2689 2731 justitia
2724 2675 2818 2717 aut
2866 2668 3048 2736 magni
3088 2670 3256 2721 animi
3287 2672 3400 2724 vir-

1837 2761 1974 2815 tute,
2009 2761 2102 2806 aut
2153 2753 2337 2822 aliquo
2370 2753 2476 2808 alio
2514 2768 2580 2808 ex
2634 2754 2702 2808 iis
2748 2771 2869 2825 qua:
2915 2756 3295 2829 intelliguntur
3336 2778 3401 2818 ex

194 2840 362 2907 ,ιυψεν
389 2836 694 2908 οὐρανοὺς
736 2838 777 2906 ἡ
824 2836 1004 2908 ἁρετὴ
1038 2838 1246 2903 αὐτοῦ,
1291 2838 1417 2910 ἣτις
1449 2838 1595 2893 ἐστὶν
1645 2840 1733 2894 αὐ-

1837 2842 2071 2910 virtute;
2110 2845 2251 2900 alius
2290 2853 2474 2903 autem
2527 2845 2668 2902 forte
2719 2848 2881 2902 habet
2910 2848 3070 2903 etiam
3121 2852 3172 2905 in
3216 2868 3275 2906 se
3316 2853 3401 2906 bo.

196 2932 405 3003 τοσοφία,
454 2934 558 2987 καὶ
603 2932 1050 3004 αὐτοδικαιοσύνη
1083 2935 1178 2987 καὶ
1219 2932 1604 3004 αύτοαλήθεια,
1650 2934 1733 2987 καῖ

1837 2949 1969 2989 num
1997 2934 2219 2991 odorem
2261 2946 2725 3008 contemperatum
2756 2957 2818 2996 ex
2847 2945 3104 2999 omnibus
3129 2946 3401 3013 ejusmodi

191 3021 245 3074 ’ἀ
277 3024 387 3079 καθ’
432 3026 676 3079 Ξκαστον
719 3026 915 3079 πάντα.
972 3024 1093 3078 Τῶν
1144 3025 1413 3096 οὐρανίων
1471 3024 1657 3097 μύρων
1708 3028 1733 3097 ἦ

1844 3028 2201 3085 aromatihus.
2251 3027 2359 3085 Sed
2402 3037 2583 3087 tamen
2619 3033 2734 3087 haec
2778 3037 2962 3090 omnia
3005 3038 3140 3092 nihil
3175 3047 3305 3093 sunt
3355 3042 3399 3096 si

190 3112 328 3186 ὀσμή,
350 3119 529 3190 φησιν,
575 3115 920 3186 ἀπαράθετον
955 3114 1068 3185 ἔχει
1098 3114 1196 3188 τὴν
1217 3116 1377 3186 χάριν
1409 3115 1544 3186 πρὸς
1566 3113 1733 3179 ταῦτα

1841 3120 2196 3174 conferantur
2233 3136 2356 3175 cum
2407 3122 2499 3176 illa
2539 3123 2780 3194 perfecta
2836 3135 2890 3181 et
2939 3131 3087 3184 omni
3127 3147 3194 3186 ex
3250 3140 3404 3202 parte

188 3207 244 3257 si
271 3208 520 3279 ἀρώματα
553 3210 627 3262 τά
661 3210 793 3279 παρ’
823 3207 983 3278 ήμῶν
1011 3208 1408 3277 γινωσκόμενα.

1840 3207 2088 3263 absoluta
2119 3210 2340 3270 virtute,
2371 3225 2534 3281 quam
2556 3211 2808 3271 llabacuc
2834 3219 3099 3288 propheta
3126 3222 3259 3275 dicit
3293 3238 3407 3279 εω-

192 3285 259 3348 ὶος
280 3298 781 3367 comprehendisse,
825 3298 1012 3355 dicens
1051 3317 1064 3351 :
1102 3300 1317 3368 aperuit
1364 3299 1517 3354 caelos
1565 3300 1730 3353 virtus
1769 3298 1883 3368 ejus
1901 3299 1968 3364 “,
2006 3315 2127 3370 qua:
2163 3309 2249 3356 est
2280 3302 2394 3373 ipsa
2428 3319 2522 3373 per
2553 3321 2612 3361 se
2655 3285 2960 3378 sapientiai,
3031 3320 3086 3368 et
3156 3314 3270 3385 ipsa
3311 3331 3406 3386 per

186 3388 451 3456 sejustitia
486 3433 501 3456 ,
538 3399 603 3447 et
635 3393 751 3463 ipsa
780 3394 983 3448 veritas
1007 3433 1021 3456 ,
1067 3406 1122 3449 et
1174 3394 1386 3489 singula
1425 3392 1731 3463 ejusmodi,
1769 3408 1837 3448 ne
1878 3393 2055 3449 dicam
2094 3396 2297 3451 omnia.
2334 3395 2653 3454 leestium
2706 3413 3111 3474 unguentorum
3137 3449 3151 3470 ,
3208 3410 3403 3480 inquit,

189 3478 303 3531 olor
331 3482 586 3538 laetitiam
612 3484 777 3539 habet
808 3478 1317 3556 incomparabilem,
1341 3487 1386 3541 si
1415 3485 1736 3541 conferatur
1773 3499 1898 3540 eum
1925 3485 1993 3542 iis
2022 3487 2362 3543 aromatibus
2396 3504 2518 3558 quae
2550 3507 2580 3546 a
2609 3493 2770 3548 nobis
2794 3507 3229 3566 cognoscuntur.

244 3572 399 3627 Πάλιν
412 3577 470 3628 ὲν
494 3578 615 3639 τοῖς
630 3574 828 3647 ἐφεξῆς
837 3577 1173 3648 ὑψηλοτέρας
1185 3578 1413 3633 ἅπτεται
1426 3578 1741 3647 φιλοσοφίας

185 3662 361 3736 ἡψυχὴ
406 3668 440 3737 ἡ
488 3667 718 3738 νύμφη,
752 3669 814 3721 τὺ
853 3669 1149 3741 ἀπρόσιτόν
1199 3687 1260 3723 τε
1312 3671 1407 3725 καὶ
1459 3669 1739 3741 άχὼρητον

180 3752 428 3826 λογισμοῖς
463 3758 840 3830 ἀνθρωπίνοις
863 3761 960 3832 τῆς
987 3760 1137 3824 θείας
1167 3760 1449 3832 δυνάμεως
1473 3762 1741 3815 ἐνδεικνυ-

182 3846 316 3917 μὲνη,
341 3853 398 3903 ὲν
427 3846 516 3915 οἷς
555 3866 714 3921 φησι’
749 3853 954 3919 Μύρον
998 3852 1330 3908 ἐκκενωθὲν
1366 3852 1558 3923 ὄνομά
1586 3869 1734 3907 σου·

174 3939 391 3995 τοιοῦτον
414 3944 534 4015 γάρ
573 3961 658 3997 τοι
686 3944 833 3997 δοκεῖ
862 3960 952 4014 μοι
984 3943 1074 3998 διὰ
1106 3943 1202 3998 τοῦ
1231 3944 1390 4015 λόγου
1424 3946 1613 4000 τούτου
1644 3963 1739 4017 ση-

178 4029 443 4092 μαίνεσθαι
466 4074 481 4096 ,
513 4036 606 4087 ὅτι
637 4034 740 4087 οὐκ
767 4034 913 4087 ἔστιν
943 4036 1277 4107 ὀνομαστικῇ
1318 4038 1565 4109 σημασίᾳ
1592 4056 1742 4108 περι-

170 4116 417 4194 inﬂuat
465 4126 541 4179 δι’
594 4125 878 4197 ἀκριϐείας
915 4127 1015 4197 τὴν
1061 4127 1312 4198 ἀόριστον
1362 4127 1555 4197 φύσιν·
1602 4128 1739 4182 ἀλλὰ

1912 3576 2129 3634 Rursus
2159 3579 2213 3632 in
2251 3580 2317 3635 iis
2358 3596 2479 3649 quae
2524 3581 2785 3654 deinceps
2839 3598 3180 3656 sequuntur,
3232 3593 3405 3645 suilli-

1838 3668 2068 3723 miorem
2100 3670 2277 3739 tangit
2307 3670 2709 3743 philosOphiam
2744 3676 2924 3730 anima
2960 3694 3185 3748 sponsa,
3220 3692 3405 3739 osten-

1837 3757 1974 3814 dens
2024 3758 2281 3813 humanis
2328 3762 2841 3821 ratiocinationibus
2888 3783 2993 3821 non
3042 3770 3158 3824 dari
3196 3772 3403 3827 aditum

1839 3849 1906 3903 ad
1946 3848 2193 3905 divinam
2231 3851 2517 3915 virtutem,
2549 3869 2650 3909 nec
2676 3855 2825 3911 illam
2861 3858 2930 3913 ab
2971 3860 3040 3915 iis
3067 3876 3228 3931 posse
3252 3879 3404 3917 com-

1842 3938 2127 4008 prehendi,
2174 3955 2298 3994 cutn
2356 3942 2528 3997 dicit:
2566 3941 2898 4014 Unguentum
2941 3949 3167 4019 effusum
3220 3970 3404 4007 nomen

1845 4035 2012 4112 tuum.
2046 4028 2183 4085 Nam
2214 4046 2310 4101 per
2337 4031 2452 4087 haec
2482 4034 2646 4088 verba
2687 4036 2819 4091 mihi
2847 4039 3065 4093 videtur
3096 4041 3197 4096 hoc
3234 4044 3406 4112 signif

1841 4108 2030 4187 iieare,
2071 4122 2217 4193 quod
2252 4123 2514 4179 immensa
2569 4135 2767 4180 natura
2806 4131 3127 4185 nominatim
3165 4108 3405 4203 perfecte

174 4213 302 4264 πᾶσα
328 4218 636 4287 νοημάτων
671 4216 921 4287 δύναμις,
953 4217 1045 4271 καὶ
1080 4220 1229 4272 πᾶσα
1269 4220 1529 4290 ῥημάτων
1556 4237 1616 4272 τε
1646 4223 1733 4274 καλ

1842 4215 2235 4285 comprehendi
2277 4231 2386 4269 non
2419 4217 2613 4286 possit,
2646 4218 2740 4271 sed
2773 4220 2954 4281 omnis
2987 4222 3071 4276 vis
3109 4224 3401 4289 cogitatio-

168 4307 439 4371 ’νημάτων
469 4304 742 4378 ἔμφασις.
774 4310 875 4363 κάν
902 4327 955 4361 τι
983 4309 1122 4380 μέγα
1151 4311 1245 4363 καλ⁸
1269 4310 1573 4380 θεοπρεπὲς
1592 4311 1735 4382 ἔχειν

163 4390 296 4463 δόξῃ.
329 4396 503 4449 αὐτοῦ
538 4387 634 4449 τοῦ
661 4398 899 4467 ῥήματος
927 4398 1093 4460 ὅντως
1120 4398 1428 4468 ἐφάψασθαι
1450 4401 1610 4467 φύσιν
1636 4401 1736 4453 οὐκ

164 4480 263 4550 ἔχει
286 4501 301 4514 ’
330 4485 451 4538 ἀλλ’
479 4486 682 4555 ὥσπερ
717 4484 776 4549 ἐξ
810 4483 971 4554 ἰχνῶν
998 4500 1157 4537 τινων
1200 4486 1295 4538 καὶ
1328 4486 1681 4554 ὲναυσμάτων
1707 4487 1737 4539 ὁ

161 4571 301 4638 λόγος
337 4576 504 4645 ήμῶν
535 4574 632 4628 τοῦ
668 4575 837 4642 Λόγου
863 4573 1320 4646 καταστοχάζεται
1343 4617 1358 4640 ,
1386 4575 1475 4628 διὰ
1505 4576 1611 4627 τῶν
1638 4592 1739 4629 κα-

162 4665 666 4736 ταλαμϐανομένων
691 4663 926 4729 εἰκάζων
956 4666 1018 4719 ἐκ
1039 4683 1182 4730 τινος
1205 4666 1496 4734 ἀναλογίας
1523 4667 1584 4718 ch
1603 4666 1738 4719 ἀκα-

156 4755 449 4827 τάληπτον.
475 4759 558 4811 '0
583 4773 636 4810 τι
664 4757 772 4826 γὰρ
809 4757 878 4815 ἂν
914 4758 1311 4830 ἐπινοήσωμεν,
1349 4757 1533 4829 φησὶν,
1564 4757 1735 4828 ὄνομα

157 4847 523 4916 γνωριστικδν
556 4847 651 4900 τοῦ
687 4846 787 4918 τῆς
828 4848 929 4919 σῆς
957 4848 1209 4920 θεότητος
1250 4847 1443 4920 μύρου,
1473 4849 1574 4902 οὐκ
1603 4849 1735 4903 αὐτὸ

154 4936 209 4987 τὸ
240 4937 419 5008 μύρον
458 4939 561 4991 διὰ
584 4939 684 5008 τῆς
728 4940 1016 5010 ἐμφάσεως
1051 4940 1162 4995 τῶν
1188 4941 1495 5011 λεγομένων
1529 4942 1737 5012 σημαί-

155 5042 329 5095 νομεν,
362 5029 515 5081 ἀλλά
558 5030 728 5101 βραχύ
755 5047 809 5084 τι
838 5030 1086 5101 λείψανον
1115 5031 1289 5102 ἀτμοῦ
1329 5032 1430 5102 τῆς
1459 5032 1609 5097 θείας
1651 5032 1737 5086 εὐ-

142 5117 306 5185 ωδίας
350 5123 475 5183 τοῖς
532 5119 861 5187 θεολογικῶς
909 5122 1169 5193 ὀνόμασιν
1199 5122 1605 5198 ἐνδεικνύμεθα.
1652 5124 1738 5186 Ὠς

152 5206 237 5259 ἐπὶ
264 5209 383 5262 τῶν
425 5211 708 5278 ἀγγείων,
739 5206 815 5266 ὧν
857 5213 922 5266 ἂν
954 5212 1228 5284 ἐκκενωθῇ
1264 5212 1325 5266 τὸ
1378 5219 1568 5297 μύρον,
1604 5216 1737 5274 αὐτὸ

157 5300 248 5365 μὲν
264 5302 336 5370 τῇ
366 5300 581 5354 ἑαυτοῦ
609 5303 767 5371 φύσει
790 5305 1060 5371 ἀγνοεῖται
1082 5302 1143 5355 τὺ
1168 5301 1332 5373 μύρον
1353 5310 1417 5368 τὸ
1435 5309 1736 5377 immoti;

154 5389 254 5442 οὖν
293 5392 578 5459 ἀγγείων,
623 5390 733 5448 οἷόν
771 5396 937 5449 ἐστιν·
991 5393 1051 5457 ἐξ
1091 5392 1332 5464 ἀμυόρᾶς
1368 5404 1428 5473 δέ
1458 5431 1599 5484 τινος
1632 5404 1735 5477 τῆς

227 5566 391 5622 ⁹⁶Βςι’
423 5584 517 5623 ac.
566 5583 645 5635 ιιι,
673 5570 727 5623 5.

1844 4321 1973 4358 num
1996 4348 2012 4372 ,
2039 4315 2093 4359 et
2123 4305 2303 4360 omnis
2338 4306 2664 4375 signiﬁcatio
2690 4310 2979 4365 verborum
3006 4325 3068 4365 ac
3095 4314 3399 4379 nominum,

1840 4397 2057 4450 etiamsi
2125 4397 2375 4450 videatur
2427 4398 2627 4452 habere
2694 4416 2950 4471 magnum
3010 4404 3291 4474 quidpiam
3349 4416 3404 4460 ct

1839 4491 1984 4556 quod
2042 4488 2209 4540 Deum
2260 4486 2474 4550 deceat,
2519 4503 2627 4541 non
2679 4504 2799 4544 eam
2843 4490 3004 4546 habet
3045 4506 3293 4549 naturam
3343 4507 3402 4550 ut

1843 4585 2029 4648 tangat
2066 4578 2118 4630 id
2160 4577 2303 4647 quod
2353 4586 2436 4634 est
2468 4595 2591 4634 vere
2634 4580 2868 4635 Verbum
2900 4599 2913 4636 :
2947 4582 3040 4637 sed
3072 4586 3233 4641 veluti
3273 4591 3398 4657 qui-

1841 4668 2067 4722 busdam
2109 4666 2351 4733 vestigiis
2399 4675 2455 4720 et
2509 4668 2970 4726 illustrationibus
3027 4675 3167 4727 ratio
3209 4689 3400 4733 nostra

1841 4758 2079 4815 Verbum
2116 4758 2361 4827 coniicit,
2416 4774 2511 4827 per
2559 4775 2623 4813 ea
2669 4776 2790 4829 qua:
2834 4766 3399 4834 comprebemluntur,

1837 4865 1904 4903 ex
1945 4847 2179 4917 quadam
2203 4850 2559 4917 proportione
2584 4862 2637 4905 et
2668 4855 3050 4909 convenientia
3081 4859 3401 4928 coniectans

1839 4937 1893 4992 id
1941 4938 2086 5009 quod
2147 4954 2257 4993 non
2315 4947 2493 5008 potest
2556 4943 2969 5011 comprehendi.
3022 4946 3403 5021 Quodcunque

1839 5030 2009 5091 enim,
2079 5030 2280 5099 inquit,
2332 5046 2532 5086 nomen
2584 5036 3105 5105 excogitaverimus,
3160 5058 3270 5111 quo
3317 5060 3403 5097 eoo

1840 5120 2137 5189 gnoscatui'
2178 5131 2514 5189 unguentum
2567 5132 2672 5178 tua)
2715 5126 3042 5195 divinitatis,
3076 5147 3172 5201 per
3212 5149 3401 5188 eorum

1841 5226 1963 5281 quae
1992 5210 2249 5266 dicuntur
2278 5214 2735 5283 signiﬁcationem
2777 5235 2883 5273 non
2921 5222 3093 5290 ipsum
3128 5224 3405 5294 significa-

1844 5319 1967 5358 mus
2027 5313 2405 5373 unguentum,
2465 5306 2558 5360 sed
2619 5323 2820 5377 parvas
2869 5312 3082 5382 aliquas
3144 5314 3405 5382 reliquias

1844 5395 2063 5466 vaporis
2098 5396 2228 5449 boni
2281 5396 2451 5450 divini
2492 5398 2678 5453 odoris
2730 5401 3050 5472 theologicis
3095 5404 3402 5459 nominibus
