3928 6196
606 189 712 243 ’18⁷5

1843 190 1898 244 S.
1938 188 2261 245 GREGORH
2293 189 2582 251 NYSSENI
3667 224 3745 282 γει

609 300 934 355 indicamus.
975 293 1044 348 Ut
1086 295 1140 348 in
1164 294 1311 349 vasis
1335 309 1565 365 quorum
1596 295 1825 350 effusum
1871 298 2033 351 fuerit
2074 315 2171 350 un-

2279 303 2687 378 ὑπολειψθείσης
2722 308 2785 362 ἐκ
2839 310 2943 362 τῶν
2971 311 3161 382 ἀτμῶν
3189 313 3261 384 τῷ
3288 317 3470 390 ἀγγείῳ
3506 330 3710 390 ποιότητα

3233 357 3260 384 Γ
3288 357 3340 385 ..ι
3364 357 3470 392 ,ξιιμ
3512 357 3749 404 ιι¹διυῗηῗοςι

608 403 889 462 guentnm,
947 388 1125 457 ipsum
1185 386 1406 456 quidem
1464 402 1720 441 vasorum
1783 388 2013 443 effusum
2070 406 2173 443 un-

605 494 866 553 guentum
907 494 1006 536 sua
1039 487 1235 532 natura
1288 481 1574 546 ignoratur
1604 479 1766 548 quale
1808 480 1902 545 sit,
1937 496 2001 534 ex
2038 495 2176 549 qua-

606 575 730 628 dam
765 580 946 626 autem
985 571 1113 624 exili
1150 579 1204 624 et
1233 570 1470 624 obscura
1515 585 1582 624 ex
1615 571 1912 640 vaporibus
1958 572 2008 624 in
2047 587 2175 626 vase

610 667 802 720 relicta
833 663 1118 732 qualitate,
1146 661 1212 715 de
1249 659 1423 715 effuso
1457 669 1739 730 unguento
1769 661 2004 730 aliquam
2041 662 2179 715 faci-

609 774 730 813 mus
764 756 1157 824 conjecturam.
1193 752 1304 807 Hoc
1335 764 1417 807 est
1445 767 1575 826 ergo
1600 753 1745 822 quod
1789 753 2054 808 discimus
2081 769 2176 824 per

607 867 669 908 ea
701 865 821 920 qua
848 849 993 904 dicta
1023 855 1170 910 sunt,
1196 846 1342 915 quod
1375 847 1552 916 ipsqu
1577 846 1796 916 quidem
1834 856 2173 916 unguentum

606 939 936 1002 divinitatis,
1012 935 1380 1007 quodcunque
1431 937 1502 990 sit
1551 938 1810 999 essentia,
1879 949 2176 1008 exsuperat

604 1046 767 1084 omne
803 1043 1000 1082 nomen
1031 1037 1084 1081 et
1116 1026 1552 1094 intelligentiam.
1586 1025 1716 1091 Qua:
1750 1034 1931 1082 autem
1963 1029 2015 1082 in
2049 1029 2172 1081 uni-

604 1139 764 1179 verso
817 1128 1120 1176 cernuntur
1178 1118 1464 1178 miracula,
1521 1119 1952 1188 theologicorum
1997 1122 2176 1175 nomio-

604 1230 733 1269 num
782 1212 911 1266 dant
959 1209 1262 1272 materiam,
1311 1223 1405 1279 per
1449 1223 1569 1277 qua:
1613 1208 1776 1263 Deum
1827 1212 2174 1268 nominamus

604 1311 928 1380 sapientem.
966 1314 1268 1376 potentem,
1320 1303 1547 1364 bonum,
1609 1314 1887 1370 sanctum,
1933 1305 2171 1371 beatum,

603 1410 658 1457 et
701 1408 990 1458 mternum,
1045 1395 1390 1465 etjudicem,
1443 1403 1497 1449 et
1551 1404 1908 1460 servatorem,
1957 1407 2010 1452 et
2054 1414 2174 1467 quae

604 1501 733 1550 sunt
776 1488 1089 1559 ltujusmodi
1123 1507 1135 1542 :
1165 1502 1286 1556 qua:
1330 1487 1548 1556 quidem
1587 1487 1834 1544 indicant
1877 1489 2170 1558 quamdam

605 1585 874 1640 modicam
925 1580 1095 1636 divini
1149 1579 1412 1650 unguenti
1460 1580 1799 1648 qualitatem,
1840 1594 2001 1648 quam
2053 1579 2175 1632 uni—

603 1691 763 1731 versa
807 1680 1061 1727 creatura
1098 1685 1192 1740 per
1241 1684 1302 1724 ea
1355 1686 1478 1739 quae
1533 1678 1834 1724 cernuntur
1885 1669 2168 1733 miracula,

604 1770 780 1823 instar
815 1761 1161 1833 unguentarii
1203 1761 1488 1830 cujusdam
1532 1761 1702 1823 vasis,
1740 1761 1795 1814 in
1847 1775 1907 1815 se
1953 1760 2176 1830 impres-

603 1861 694 1914 sit.
757 1856 985 1918 Idcirco,
1034 1853 1233 1923 inquit,
1283 1853 1691 1908 adolescentulw
1745 1853 2039 1908 dilexerunt
2101 1863 2170 1917 te,

607 1955 883 2006 traxerunt
929 1957 996 2001 te.
1032 1943 1181 1998 Dixit
1225 1959 1448 1999 causam
1503 1944 1795 1999 laudabilis
1830 1944 2169 2016 cupiditatis,

603 2051 656 2098 rt
690 2040 968 2094 amatoriae
1018 2035 1348 2090 affectionis.
1387 2036 1522 2102 Quis
1575 2047 1657 2090 est
1704 2038 1847 2091 enim
1883 2035 1977 2104 qui
2028 2035 2171 2088 lianc

606 2151 712 2189 non
764 2139 904 2186 amet
960 2127 1442 2208 pulchritudinem,
1496 2128 1542 2182 si
1593 2128 1936 2182 solummodo
1979 2127 2172 2180 habeat

603 2226 821 2282 oculum
879 2235 1040 2292 quem
1095 2220 1271 2290 possit
1323 2218 1558 2288 deﬁgere
1621 2220 1675 2274 in
1725 2227 2064 2275 venustatem
2119 2227 2172 2272 et

601 2315 896 2372 decorem?
942 2311 1059 2366 Non
1118 2320 1202 2365 est
1247 2310 1468 2380 quidem
1523 2324 1716 2380 magna
1763 2325 1883 2378 qua:
1931 2324 2173 2378 compre-

605 2409 864 2465 ltenstur
906 2404 1282 2477 pulchritudo,
1314 2411 1398 2459 est
1429 2412 1608 2457 autem
1655 2402 1886 2457 infinitis
1921 2401 2171 2470 partibus

603 2502 779 2568 major
813 2514 898 2559 ea.
939 2498 1101 2565 cujus
1129 2513 1224 2567 per
1261 2496 1313 2550 id
1345 2496 1488 2566 quod
1519 2501 1744 2566 apparet
1777 2495 2010 2548 facimus
2040 2508 2173 2546 con-

598 2594 894 2663 jecturam.
921 2589 1026 2644 Sed
1053 2590 1327 2658 quomodo
1355 2603 1508 2641 amor
1538 2587 1833 2642 materialis
1866 2601 1973 2639 non
2005 2585 2174 2638 attin-

603 2689 679 2756 git
731 2684 968 2766 eos.qui
1024 2692 1153 2736 sunt
1188 2682 1368 2736 adhuc
1412 2679 1648 2735 infantes
1693 2677 1972 2732 :infantia
2028 2677 2172 2732 enim

602 2789 710 2831 non
759 2776 904 2846 capit
956 2773 1299 2828 affectionem
1334 2772 1471 2826 :sed
1520 2784 1620 2824 nec
1663 2783 1758 2824 eos
1791 2769 1882 2838 qui
1929 2777 2174 2827 extrema

601 2867 839 2924 Confecti
891 2874 1020 2922 sunt
1066 2873 1372 2928 senectute,
1400 2862 1584 2917 videre
1628 2862 1757 2916 licet
1796 2860 1869 2915 ita
1901 2859 2170 2914 affectos:

601 3053 786 3107 infans
819 3059 872 3105 et
903 3049 1154 3111 ﬂuctuat.
1189 3057 1243 3102 et
1275 3047 1423 3102 omni
1456 3053 1620 3100 vento
1652 3044 1914 3099 doctrinae
1937 3044 2173 3096 circum-

602 3143 810 3208 fertur,
865 3152 919 3197 et
971 3142 1064 3212 qui
1109 3148 1192 3196 est
1244 3148 1400 3193 vetus
1452 3145 1504 3191 et
1551 3137 1705 3191 senio
1753 3135 2071 3196 confectus,
2119 3143 2175 3190 et

601 3254 711 3292 non
791 3236 980 3306 procul
1036 3234 1103 3288 ab
1167 3231 1420 3292 interitu,
1481 3230 1547 3284 ad
1612 3231 1752 3285 hanc
1823 3229 2173 3298 cupiditatem

601 3324 1310 3382 inveniunturimmobiles.
1364 3321 1478 3376 Non
1527 3321 1673 3375 enim
1717 3335 1812 3374 eos
1853 3321 2018 3387 tangit
2057 3320 2176 3388 pul-

602 3419 859 3475 chritudo
897 3432 1018 3488 quae.
1056 3431 1164 3470 non
1213 3414 1359 3468 cadit
1405 3413 1508 3468 sub
1556 3421 1858 3478 aspectum.
1909 3409 2035 3466 Sola
2088 3426 2176 3464 au-

601 3519 710 3566 tem
763 3525 827 3564 ea
869 3509 1088 3572 anima,
1134 3520 1255 3576 quae
1301 3513 1503 3560 statum
1549 3505 1769 3558 transiit
1821 3503 2126 3558 infantilem
2157 3543 2172 3567 ,

601 3614 655 3660 et
684 3600 749 3656 ad
776 3599 1077 3670 spiritualis
1109 3598 1284 3651 aetatis
1311 3594 1498 3651 florem
1523 3597 1768 3665 pervenit
1810 3611 1873 3650 ac
1901 3596 2170 3665 vigorem,

601 3709 702 3751 nec
727 3692 997 3750 maculam
1021 3688 1232 3759 accepit
1262 3694 1355 3742 aut
1382 3702 1596 3757 rugam,
1632 3698 1726 3740 aut
1756 3685 1962 3755 aliquid
1987 3685 2176 3753 hujus-

601 3785 772 3850 modi,
805 3792 860 3838 et
887 3797 1062 3852 neque
1108 3786 1330 3850 propter
1366 3777 1651 3832 infantiam
1683 3785 1833 3832 caret
1865 3771 2051 3838 sensu,
2077 3791 2174 3831 ne-

601 3893 707 3948 que
737 3876 806 3929 ob
834 3882 1156 3928 vetustatem
1186 3878 1273 3925 est
1302 3868 1594 3927 imbecilla.
1644 3883 1808 3938 quam
1851 3869 2173 3922 adolescen-

602 3969 770 4023 tttlam
799 3967 886 4022 hic
920 3965 1054 4018 liber
1087 3961 1352 4020 nominat,
1393 3975 1457 4014 ea
1490 3967 1642 4030 paret
1666 3973 1864 4027 magno
1904 3968 1956 4014 ct
1993 3960 2172 4030 primo

604 4064 873 4130 pt-mccptn
922 4054 1076 4124 legis,
1129 4059 1245 4106 toto
1291 4049 1458 4104 corde
1517 4061 1571 4104 et
1619 4051 1750 4104 totis
1797 4051 2004 4105 viribus
2049 4050 2169 4104 dili-

601 4165 735 4220 grus
781 4149 927 4202 illam
968 4141 1453 4214 pulchritudinem,
1512 4142 1674 4209 cujus
1720 4142 2167 4210 descriptionem,

601 4239 1018 4308 exemplumque
1051 4243 1102 4288 et
1141 4231 1638 4298 interpretationem
1685 4231 1918 4284 humana
1952 4247 2058 4284 non
2087 4233 2170 4285 in-

599 4331 746 4386 venit
763 4307 1040 4398 cogitatio.
1056 4324 1146 4380 llze
1168 4339 1296 4394 ergo
1314 4322 1735 4379 adolescentulte
1751 4338 1870 4392 qute
1881 4332 2170 4378 creverunt
2201 4307 2246 4361 Ῑ)

600 4425 654 4477 in
703 4419 1015 4480 virtutibus,
1068 4425 1123 4472 et
1177 4430 1272 4485 per
1324 4422 1536 4468 atatem
1581 4413 1697 4483 jam
1738 4414 1996 4484 ingressa:
2041 4423 2168 4468 sunt

599 4519 897 4571 thalamum
930 4511 1237 4564 divinorum
1281 4509 1683 4578 mysteriorum,
1718 4506 1950 4575 diligunt
1979 4507 2165 4577 sponsi

601 4601 1082 4677 pulcliritmlinem,
1116 4605 1170 4651 et
1197 4611 1291 4666 per
1324 4596 1666 4651 dilectionem
1698 4610 1820 4649 eum
1857 4594 1922 4648 ad
1953 4611 2010 4648 se
2036 4609 2169 4647 con-

599 4705 836 4753 vertunt.
853 4694 1002 4748 Talis
1019 4690 1163 4744 enim
1186 4697 1267 4742 est
1285 4703 1539 4756 sponsus,
1571 4688 1661 4757 qui
1686 4687 1994 4742 amantibus
2014 4688 2170 4742 vicis-

598 4789 703 4843 sim
726 4785 914 4842 reddat
940 4795 1198 4847 amorem,
1220 4781 1289 4834 ita
1307 4781 1494 4835 dicens
1512 4780 1564 4834 in
1585 4795 1816 4849 persona
1835 4779 2125 4850 Sapientia:
2150 4799 2162 4834 :

601 4877 712 4947 Ego
745 4876 1025 4945 diligentes
1068 4891 1147 4928 me
1177 4874 1340 4943 diligo
1363 4912 1377 4936 ,
1430 4879 1484 4925 et
1520 4887 1532 4921 :
1576 4869 1826 4924 Dividam
1858 4870 1928 4923 iis
1965 4870 2053 4940 qui
2089 4885 2168 4924 me

599 4971 851 5039 diligunt,
895 4967 1271 5020 substantiam.
1321 4961 1440 5033 Ipse
1483 4971 1663 5016 autem
1715 4971 1798 5016 cst
1840 4962 2164 5016 substantia.

600 5059 668 5114 Et
703 5059 972 5112 thesauros
1007 5073 1184 5111 eorum
1213 5053 1435 5124 implebo
1457 5052 1672 5106 bonis".
1700 5051 1780 5104 Ad
1807 5068 1864 5106 se
1889 5068 2018 5122 ergo
2053 5061 2164 5106 tra-

599 5151 738 5204 ιιυιιι
765 5149 961 5202 animae
993 5146 1323 5202 desiderium
1366 5147 1552 5215 sponsi
1591 5145 1644 5196 in
1685 5159 1844 5212 quem
1878 5159 1985 5198 non
2021 5145 2168 5199 cadit

599 5239 876 5302 interitus,
905 5245 1025 5307 post
1053 5237 1338 5292 Dominum
1368 5233 1720 5297 Deum,sicut
1771 5234 2034 5303 scriptum
2061 5245 2163 5296 est,

596 5330 996 5386 ambulantes’.
1059 5327 1376 5384 Dilectionis
1411 5334 1592 5380 autem
1632 5340 1822 5380 eorum
1873 5342 2040 5380 causa
2083 5336 2167 5381 est

594 5425 773 5481 bonus
821 5421 954 5478 odor
1005 5424 1290 5492 unguenti,
1337 5417 1404 5472 ad
1435 5433 1596 5488 quem
1634 5433 1847 5488 semper
1875 5429 2165 5476 currentes

665 5599 712 5632 ⁹⁹
734 5601 889 5653 Prov.
927 5614 1042 5660 \‘Ill,
1088 5598 1152 5650 ΓΙ
1187 5613 1306 5668 sqq.
1391 5595 1590 5649 'Osec.
1637 5610 1710 5658 χι,
1755 5595 1838 5648 10.

2279 397 2576 466 στοχασμόν
2608 416 2728 453 τινα
2759 403 2886 472 περὶ
2914 402 3005 456 τοῦ
3036 406 3409 474 ἐκκενωθέντος
3435 416 3582 486 μύρου
3609 397 3751 482 ποιοί

2279 488 2437 556 μεθα.
2475 489 2644 542 Τοῦτο
2671 487 2763 544 οὖν
2797 493 2945 545 ἐστιν
2980 494 3007 546 ὃ
3033 495 3120 548 διὰ
3160 497 3264 552 τῶν
3290 501 3562 572 εἰρημένων
3596 520 3754 582 μανθά.

2276 597 2459 650 νομεν,
2488 582 2569 633 ὅτι
2601 582 2730 635 αὐτὸ
2762 585 2860 653 μὲν
2886 585 2944 638 τὸ
2967 586 3066 656 τῆς
3098 587 3339 660 θεότητος
3377 597 3528 668 μύρον
3556 603 3637 658 ὅτί
3657 627 3754 665 ποτε

2277 671 2396 722 κατ’
2411 672 2597 724 οὐσίαν
2614 675 2779 736 ἐστὶν,
2807 677 2944 745 ὑπὲρ
2966 680 3071 730 πᾶν
3089 679 3235 732 ἐστιν
3257 681 3413 753 ὖνομά
3428 705 3477 739 τε
3500 691 3580 743 καὶ
3605 695 3759 769 νόημα.

2276 762 2356 815 Τὰ
2392 763 2448 816 δὲ
2490 763 2567 834 τῷ
2605 767 2767 818 παντὶ
2799 767 3203 840 ἐνθεωρούμενα
3236 772 3471 844 θαύματα
3491 819 3504 842 ,
3555 784 3643 837 τῶν
3668 762 3760 842 θεο-

2275 853 2506 922 λογικῶν
2555 858 2832 927 ὀνομάτων
2864 859 2960 930 τὴν
2995 859 3126 931 ὓλην
3171 861 3382 929 δίδωσι,
3429 868 3488 920 δι’
3523 864 3586 922 ὧν
3620 877 3764 943 σοφὸν,

2274 945 2516 1011 δυνατὸν,
2547 947 2766 1016 ἀγαθὸν,
2800 951 2972 1018 ἅγιον,
3015 953 3278 1023 μακάριόν
3311 972 3366 1007 τε
3395 959 3482 1011 καὶ
3510 961 3672 1024 ἀΐδιον,
3693 968 3764 1020 καὶ

2275 1037 2487 1108 κριτὴν,
2519 1040 2611 1092 καὶ
2634 1041 2872 1112 σωτῆρα,
2907 1043 2998 1095 καὶ
3020 1043 3086 1096 τὰ
3124 1045 3338 1099 τοιαῦτα
3372 1055 3765 1127 κατονομάζομενο

2278 1128 2421 1200 ἅπερ
2450 1130 2625 1184 πάντα
2653 1133 2909 1204 ποιότητά
2933 1151 3049 1187 τινα
3083 1134 3330 1206 βραχεῖαν
3358 1139 3445 1192 τοῦ
3475 1141 3600 1197 θείου
3633 1147 3766 1220 μύρου

2274 1220 2604 1275 ἐνδείκνυται
2632 1261 2646 1286 ,
2681 1224 2746 1295 ἣν
2781 1227 2980 1296 πᾶσαή
3010 1228 3185 1290 κτίσις
3220 1229 3306 1282 διὰ
3330 1231 3434 1284 τῶν
3463 1233 3770 1308 ἐνθεωρουμέ-

2273 1330 2378 1365 νων
2411 1311 2724 1383 θαυμάτων,
2763 1315 2988 1380 σκεύους
3030 1317 3175 1382 τινὸς
3211 1320 3500 1391 μυρεψικοῦ
3529 1325 3682 1396 δίκην,
3725 1330 3770 1382 ἐν

2272 1407 2437 1476 ἑαυτῇ
2473 1407 2807 1477 ἀπεμάξατο.
2839 1410 2940 1463 Διὰ
2966 1410 3162 1475 τοῦτο,
3191 1413 3369 1484 φησὶν,
3395 1415 3638 1484 νεάνιδες
3659 1422 3769 1490 vlg-d-

2275 1491 2482 1559 πησάν
2503 1509 2596 1555 σε,
2620 1493 2918 1548 εἵλκυσάν
2954 1510 3045 1550 σε.
3075 1493 3208 1550 Elite
3242 1500 3339 1569 τὴν
3367 1501 3533 1555 αἰτίαν
3552 1504 3634 1574 τῆς
3655 1506 3774 1558 ἐπαι-

2273 1584 2434 1654 νετῆς
2481 1585 2815 1655 ἐπιθυμίας,
2868 1587 2960 1639 καὶ
3006 1589 3102 1658 τῆς
3143 1590 3480 1662 ἀγαπητικῆς
3513 1593 3769 1658 διαθέσεως.

2275 1676 2370 1739 Τίς
2399 1675 2506 1748 γὰρ
2534 1678 2778 1730 τοιούτου
2813 1677 3040 1742 κάλλους
3070 1679 3362 1750 ἀνέραστος
3386 1684 3606 1750 γίνεται,
3628 1686 3668 1737 εἰ
3703 1687 3776 1755 μό-

2273 1785 2361 1822 νον
2386 1768 2658 1840 όφθαλμδν
2689 1769 2800 1840 ἔχοι
2822 1771 2911 1824 τὸν
2943 1772 3248 1828 ἐνατενίσαι
3276 1777 3339 1845 τῇ
3370 1775 3482 1846 ὥρᾳ
3502 1776 3772 1846 δυνάμενονς

2274 1861 2348 1914 Οὐ
2381 1861 2514 1915 πολὺ
2547 1861 2646 1932 μὲν
2678 1863 2738 1915 τὸ
2783 1864 3330 1936 καταλαμϐανόμενον
3360 1866 3571 1932 κάλλος,
3603 1870 3777 1938 ἀπειρο-

2273 1951 2495 2007 πλάσιον
2530 1953 2586 2009 δὲ
2615 1954 2674 2006 τὸ
2695 1955 2780 2010 διὰ
2815 1956 2908 2009 τοῦ
2943 1957 3267 2028 φαινομένου
3298 1948 3638 2029 ἀοχαστικῶς
3659 1962 3774 2013 είκα-

2272 2044 2514 2115 ζόμενον.
2560 2047 2696 2101 Ἀλλ’
2717 2048 2903 2121 ὥσπερ
2929 2051 3108 2114 eius;
3135 2051 3278 2122 ἔρως
3302 2052 3410 2104 τῶν
3444 2051 3519 2105 ἔτι
3542 2051 3778 2121 νηπιαζόν-

2269 2153 2376 2189 των
2394 2140 2490 2210 οὐχ
2511 2140 2735 2193 ἅπτεται
2764 2142 2846 2208 (ού
2871 2141 2978 2212 γὰρ
2998 2146 3166 2211 χωρεῖ
3192 2143 3252 2195 τὸ
3279 2143 3446 2206 πάθος
3471 2146 3501 2213 ἡ
3530 2143 3777 2214 νηπιότης),

2270 2231 2390 2283 οὔτε
2433 2231 2538 2303 μὴν
2567 2233 2692 2294 τοὺς
2723 2235 2780 2284 ἐν
2811 2233 3023 2303 ἐσχάτῳ
3053 2235 3202 2304 γήρᾳ
3233 2236 3594 2306 πεπονηκότας
3623 2238 3672 2289 ἐν
3700 2238 3781 2298 τοῖς

2269 2323 2528 2387 τοιούτοις
2567 2324 2712 2376 ἐστιν
2747 2324 2873 2377 ίδεῖν
2902 2341 2915 2354 ο
2961 2322 3102 2376 οὕτω
3145 2326 3243 2378 καὶ
3289 2326 3380 2378 ἐπὶ
3415 2325 3503 2378 τοῦ
3534 2326 3661 2379 θείου
3687 2326 3784 2378 κά).-

2271 2411 2395 2474 λους
2414 2452 2427 2475 ,
2468 2413 2495 2464 ὅ
2525 2429 2582 2466 τε
2611 2414 2797 2480 νήπιος
2832 2414 2909 2467 ἔτι
2941 2414 3033 2468 καὶ
3073 2414 3530 2486 κλυδωνιζόμενος
3557 2416 3642 2469 καί⁵
3668 2433 3786 2483 περι-

2273 2504 2568 2573 φερόμενος
2601 2507 2762 2558 παντὶ
2798 2506 2982 2576 ἀνέμῳ
3014 2506 3115 2576 τῆς
3159 2507 3534 2576 διδασκαλίας,
3564 2510 3646 2562 καὶ
3666 2509 3690 2559 ὁ
3711 2524 3788 2560 πα·

2271 2592 2419 2655 λαιὸς
2448 2594 2542 2645 κα)⁸
2577 2593 2824 2665 γηράσας
2843 2634 2857 2655 ,
2885 2595 2978 2647 καὶ
3003 2594 3081 2665 τῷ
3117 2595 3417 2667 ἀφανισμῷ
3439 2594 3788 2667 προσεγγίσας,

2274 2682 2518 2753 ἀκίνητοι
2541 2683 2675 2754 πρὸς
2697 2684 2796 2754 τὴν
2818 2684 3111 2754 ἐπιθυμίαν
3142 2685 3355 2756 ταύτην
3384 2687 3711 2756 εὑρίσκονται.
3735 2684 3789 2736 Οὐ

2274 2774 2380 2842 γὰρ
2405 2772 2633 2826 ἅπτεται
2672 2774 2780 2829 τῶν
2809 2774 3062 2828 τοιούτων
3087 2775 3148 2828 τὸ
3179 2777 3412 2848 ἀόρατον
3441 2776 3650 2838 κάλ).ος’
3687 2775 3789 2845 μόνη

2275 2864 2378 2936 δέή
2401 2865 2622 2934 τοιαύτη
2641 2864 2832 2936 ψυχὴή
2856 2865 3086 2920 διαϐᾶσα
3108 2867 3214 2937 τὴν
3229 2867 3471 2938 νηπιώδη
3494 2866 3793 2926 κατάστασιν,

515 2965 518 2968 ’
603 2961 674 3015 ita
720 2961 884 3014 etiam
936 2959 989 3011 in
1029 2957 1214 3011 divina
1260 2953 1689 3025 pulchritudine,
1721 2954 1812 3022 qui
1863 2959 1947 3006 est
1996 2951 2171 3005 adhuc

2275 2957 2366 3010 καὶ
2381 2957 2466 3008 διὰ
2478 2957 2573 3028 τῆς
2599 2957 2969 3027 πνευματικῆς
2993 2956 3215 3026 ἡλικίας
3233 2958 3547 3029 ἀκμάσασα,
3575 2955 3642 3027 μὴ
3664 2970 3794 3026 προσ-

2275 3047 2514 3101 λαϐοῦσα
2559 3049 2766 3114 σπῖλον,
2806 3049 2838 3120 ἦ
2891 3049 3099 3118 ῥυτίδα,
3145 3051 3186 3120 ἦ
3235 3067 3287 3102 τι
3333 3051 3439 3103 τῶν
3471 3049 3720 3107 τοιούτων,
3771 3048 3794 3112 ἡ

2278 3143 2412 3212 μήτε
2454 3142 2558 3193 om
2591 3141 2910 3209 νηπιότητος
2943 3140 3382 3210 ἀναισθητοῦσα,
3416 3142 3548 3210 μήτε
3599 3139 3687 3191 ὑπὸ
3723 3153 3792 3187 παι

2276 3233 2556 3302 λαιὸτητος
2594 3232 2931 3302 ἀδρανοῦσα,
2979 3234 3044 3303 ἢν
3085 3235 3272 3286 νεᾶνιν
3321 3231 3566 3302 ὀνομάζει
3597 3233 3621 3281 ό
3648 3230 3794 3294 λόγος’

2275 3324 2412 3394 αὕτη
2444 3324 2684 3377 πείθεται
2713 3327 2778 3394 τῇ
2819 3324 3030 3396 μεγάλῃ
3058 3324 3157 3378 καὶ
3185 3323 3380 3395 πρώτῃ
3418 3323 3593 3390 ἐντολῇ
3626 3319 3708 3371 τοῦ
3731 3317 3792 3367 vd-

2277 3432 2398 3485 μου.
2440 3415 2496 3480 ἐξ
2527 3415 2654 3485 ὅλης
2687 3416 2908 3485 καρδίας
2943 3433 3001 3468 τε
3043 3417 3139 3468 καὶ
3168 3417 3454 3485 δυνάμεως
3485 3411 3724 3480 ἀγαπῶσα
3755 3406 3797 3460 τὲ

2275 3504 2466 3567 κάλλος
2517 3508 2710 3567 ἐκεῖνο,
2765 3499 2824 3557 οὗ
2874 3503 3199 3575 ὑπογραφὴν
3261 3504 3356 3556 καὶ
3409 3502 3688 3567 ὑπόδειγμα
3728 3494 3795 3546 καί

2274 3595 2566 3666 ἑρμηνείαν
2622 3595 2719 3664 οὐχ
2772 3594 3012 3665 εὑρίσκει
3051 3595 3083 3663 ἡ
3133 3593 3456 3665 ἀνθρωπίνη
3502 3591 3705 3646 διάνοια.
3751 3586 3797 3637 Δί

2271 3687 2513 3740 τοιαῦται
2543 3687 2718 3739 τοίνυν
2751 3685 2984 3748 νεάνιδες
3009 3685 3097 3738 διὰ
3125 3685 3237 3739 τῶν
3269 3684 3481 3756 ἀρετῶν
3507 3681 3796 3750 αὐξηθεῖσαι.

2273 3779 2366 3833 καὶ
2400 3778 2518 3831 καθ’
2556 3778 2702 3848 ὥραν
2743 3778 2842 3847 ἤδη
2880 3777 2986 3829 τῶν
3031 3776 3195 3830 θείων
3232 3776 3545 3848 μυστηρίων
3573 3772 3657 3827 τοῦ
3687 3769 3797 3822 θείου

2273 3871 2514 3942 θαλάμου
2561 3871 2710 3933 ἐντὸς
2750 3871 3059 3940 γενόμεναι,
3091 3870 3358 3938 ἀγαπῶσι
3397 3867 3488 3920 τοῦ
3528 3863 3733 3934 νυμφίου
3757 3857 3800 3908 τδ

2272 3962 2484 4028 κάλλος,
2516 3963 2608 4017 καὶ
2656 3961 2742 4016 διά
2773 3962 2872 4030 τῆς
2909 3961 3130 4031 ἀγάπης
3173 3961 3316 4031 πρὸς
3360 3959 3555 4022 ἐαυτάς
3597 3950 3798 4020 ἐπιστρέ-

2271 4077 2450 4128 φουσι.
2500 4058 2751 4122 Τοιοῦτος
2791 4059 2900 4130 γάρ
2926 4061 2953 4112 ὁ
2985 4059 3222 4130 νυμςςίος
3245 4099 3260 4121 ,
3290 4058 3367 4122 ὼς
3397 4053 3692 4111 ἀντιδιδόναι
3715 4048 3798 4105 τοῖς

2269 4151 2526 4219 ἀγαπῶσι
2577 4153 2667 4204 τὸν
2708 4150 2903 4214 πόθον,
2950 4150 2979 4202 ὁ
3013 4148 3189 4212 οὕτως
3241 4149 3417 4203 εἰπὼν
3462 4149 3524 4201 ἐκ
3557 4141 3799 4214 προιΐὼτεευ

2269 4244 2369 4313 τῆς
2403 4243 2613 4312 σοφίας,
2638 4244 2719 4294 ὅτι
2758 4240 2898 4310 Ἐγὼ
2929 4240 3066 4306 τοὺς
3103 4241 3214 4309 ἐμὲ
3241 4241 3571 4308 φιλοῦν-’τας
3598 4225 3798 4300 ἀγαπῶ¹

2272 4335 2386 4394 καὶ,
2415 4335 2496 4387 ὅτι
2526 4331 2714 4401 Μεριῶ
2771 4333 2895 4399 τοῖς
2934 4332 3037 4402 ἐμὲ
3064 4333 3393 4401 ἀγαπῶσιν
3430 4325 3671 4396 ὕπαρξιν
3705 4315 3794 4387 (“'5'

2270 4423 2362 4485 τὸς
2399 4422 2455 4476 δέ
2484 4426 2630 4477 ἐστιν
2659 4425 2692 4494 ἠ
2725 4421 3009 4492 ὔπαρξις)’
3041 4422 3139 4474 καὶ
3186 4421 3337 4486 τοὺς
3367 4413 3686 4486 Onam-poi?
3714 4407 3793 4459 at“

2271 4515 2389 4570 τῶν
2432 4515 2721 4584 ἐμπλήσω
2755 4511 3011 4584 ἀγαθῶν.
3060 4514 3329 4568 ’Ἑλκουσι
3375 4511 3549 4565 τοίνυν
3589 4506 3638 4558 al
3665 4495 3789 4566 ψυχαδ

2272 4608 2407 4678 πρὸς
2428 4607 2628 4670 ἑαυτὰς
2653 4605 2746 4659 τοῦ
2772 4605 3046 4676 ἀφθάρτου
3069 4607 3316 4673 νυμφίου
3339 4604 3433 4656 τὸν
3458 4600 3624 4656 πόθον,
3641 4591 3788 4646 ὀπίσω.

2272 4699 2453 4762 καθὼς
2499 4699 2842 4768 γέγραπται,
2889 4696 3093 4768 Κυρίου
3144 4697 3245 4750 τοῦ
3287 4696 3426 4749 Θεοῦ
3472 4690 3784 4763 πορευόμεναι

2271 4791 2380 4862 Τῆς
2409 4790 2465 4843 δὲ
2497 4767 2717 4858 ἀγάπης
2748 4789 2926 4842 αὐτῶν
2959 4767 3104 4842 αἰτία
3136 4789 3172 4859 ή
3211 4787 3311 4841 τοῦ
3349 4788 3520 4858 μύρου
3552 4778 3708 4838 εὐωδία
3728 4767 3788 4837 yi-

2269 4898 2438 4944 νεται,
2476 4880 2609 4950 πρὸς
2641 4880 2706 4951 ἣν
2737 4879 2824 4932 ἀεὶ
2854 4879 3146 4950 τρέχουσαι
3184 4881 3303 4942 τοῖς
3342 4874 3635 4947 ἔμπροσθεν
3665 4869 3782 4951 έπέΡ

2269 4971 2555 5034 τείνονται,
2599 4969 2692 5022 τοῦ
2726 4969 2954 5021 κατόπιν
2997 4966 3172 5038 λήθην
3229 4965 3571 5035 ποιούμεναι,
3624 4950 3787 5038 Ὀπίσω

2269 5059 2380 5130 γάρ
2435 5032 2571 5122 σου,
2613 5058 2798 5128 φησὶν,
2832 5059 2919 5122 εις
2953 5032 3157 5124 (ἓσῂὴῦ
3195 5032 3411 5123 μύρωκ
3451 5066 3564 5104 σου
3593 5032 3792 5112 δραμού-

2265 5156 2436 5222 μεθα.
2496 5150 2655 5203 ’Λλλά
2702 5151 2758 5203 αἱ
2805 5150 2902 5219 μὲν
2951 5133 3102 5201 οὖπω
3145 5147 3263 5217 ’τῆς
3305 5144 3508 5217 ἀρετῆς
3541 5139 3596 5193 τὸ
3636 5131 3797 5222 τέλειον

2271 5245 2510 5314 ἔχουσαι,
2545 5243 2637 5296 καὶ
2672 5241 2792 5294 καθ’
2825 5239 3154 5312 ήλικίανέτι
3188 5238 3502 5301 νεάξουσαι,
3531 5216 3798 5300 δραμεῖσθειι

2271 5336 2406 5406 πρὸς
2427 5335 2518 5387 τὸν
2544 5333 2764 5393 σκοπὸν.
2789 5331 2846 5384 ὃν
2874 5331 3257 5384 ὑποδείκνυσιν
3283 5329 3317 5398 ἡ
3343 5325 3485 5396 ὀσμὴ
3508 5319 3607 5376 τῶν
3632 5310 3800 5406 μύρων,

2271 5397 2817 5494 κατεπαγγέλλονται.
2852 5424 3080 5490 Λέγουσι
3105 5419 3244 5492 γὰρ,
3274 5397 3359 5473 ὅτι
3385 5419 3488 5482 Εἰς
3514 5407 3693 5479 ὀσμὴν
3709 5397 3801 5470 In}
