3928 6196
152 375 228 431 785
1108 369 1170 422 IN
1213 369 1511 426 CANI'ICA
1551 369 1823 428 CANTIC.
1865 373 2148 429 "Ol-Ill.“
2193 375 2252 430 ll.

3240 378 3343 435 786

145 508 237 560 ρων
248 502 349 542 σου
363 483 745 552 δραμούμεῖθα.
765 483 824 536 Ἥ
853 484 908 536 δὲ
932 485 1240 556 τελεωτέρα
1261 486 1408 558 ψυχὴ
1435 489 1656 559 σφοδρά.

1781 505 1950 544 torum
1984 507 2105 561 quae
2136 499 2283 546 retro
2309 500 2436 546 sunt
2459 491 2641 546 oblita:
2661 535 2673 558 ,
2723 491 2787 545 ad
2824 509 2885 547 ea
2913 509 3034 564 quae
3056 504 3187 550 sunt
3216 507 3344 552 ante

148 596 262 651 τερον
287 575 624 630 ὲπεκταθεῖσα
655 577 769 635 τοῖς
798 573 1134 645 ἔμπροσθεν,
1167 575 1265 645 ήδη
1294 577 1550 645 τυγχάνει
1575 576 1667 630 τοῦ

148 666 337 730 σκοποῦ,
382 665 445 717 δι’
473 665 532 718 ὃν
566 665 594 717 ό
641 663 840 735 δρόμος
877 663 1139 730 ἀνύεται,
1187 664 1283 716 καὶ
1323 663 1432 716 τῶν
1463 664 1520 716 ἐν
1557 666 1670 726 τοῖς

147 758 340 828 ταμείοις
373 755 660 826 θησαυρῶν
704 755 972 821 ἀξιοῦται.
1016 754 1155 826 Φησὶ
1206 754 1350 824 γὰρ,
1398 755 1480 807 ὅτι
1529 757 1666 808 Εἰσ-

148 849 312 918 ήνεγκέ
326 864 394 916 με
421 849 454 900 ό
484 846 786 912 ,ϐασιλεὺς
825 848 914 913 εὶς
940 847 1183 916 ταμεῖον
1216 845 1425 900 αὑτοῦ.
1467 845 1532 898 Ἢ
1561 845 1670 916 γὰρ

147 944 293 1011 ἄκροις
318 937 546 1008 χείλεσιν
571 937 777 1007 ἀγαθοῦ
799 936 1006 1007 ψαῦσαι
1033 937 1340 1008 ποθήσασα,
1367 938 1460 991 καὶ
1483 936 1672 990 τοσοῦ-

148 1047 211 1083 τον
235 1029 370 1100 μόνον
390 1027 716 1099 ἐφαψαμένη
745 1027 838 1082 τοῦ
869 1027 1123 1091 κάλλους,
1155 1028 1279 1082 ὅσον
1309 1029 1342 1098 ή
1371 1028 1473 1097 τῆς
1501 1027 1671 1097 εὐχῆς

146 1123 415 1175 ἐνδείκνυται
443 1119 673 1189 δύναμις
693 1159 708 1182 ,
733 1118 940 1189 ηὔξατο
969 1119 1025 1173 δὲ
1051 1113 1163 1172 οἷόν
1192 1135 1339 1183 τινος
1365 1117 1670 1189 φιλήματος

146 1211 382 1281 ἀξιωθῆναι
413 1209 503 1263 διὰ
535 1211 635 1280 τῆς
671 1209 766 1263 τοῦ
807 1209 978 1278 Λόγου
1016 1209 1354 1279 ὲλλάμψεως.
1399 1209 1548 1280 Αὕτη
1601 1211 1670 1263 δι’

142 1296 194 1353 ὧν
218 1300 350 1371 ἔτυχε
371 1341 384 1362 ,
415 1300 512 1354 καὶ
546 1300 639 1353 ὲπὶ
675 1299 735 1352 τὸ
766 1299 1039 1369 ἐνδότερον
1081 1297 1191 1351 τῶν
1233 1299 1564 1369 ἀπορρήτων
1593 1296 1671 1367 τῷ

144 1389 337 1460 λογισμῷ
366 1391 662 1453 διαδυεῖσα,
700 1388 800 1458 βοᾷ
835 1388 910 1458 μὴ
947 1388 1106 1457 μόνον
1142 1388 1202 1441 ὲν
1236 1385 1531 1458 προθύροις
1563 1385 1670 1439 τῶν

142 1483 315 1547 ἀγαθῶν
337 1479 472 1536 εἶναι
500 1481 590 1535 τὸν
618 1481 838 1553 δρόμον,
874 1478 1012 1535 ἀλλά
1033 1483 1099 1550 τῇ
1128 1481 1350 1550 ἀπαρχῇ
1380 1479 1475 1532 τοῦ
1504 1477 1671 1532 Πνεύ-

145 1591 289 1641 ματος,
320 1564 377 1625 οὗ
405 1573 498 1626 διὰ
525 1573 627 1643 τῆς
656 1575 900 1645 χάριτος,
931 1567 1043 1626 οἷον
1073 1571 1162 1625 διά
1191 1588 1336 1634 τινος
1370 1570 1672 1642 φιλήματος

142 1664 302 1736 ἠξιώθη
349 1665 631 1736 διερευνᾷν
673 1663 767 1717 τοῦ
817 1661 952 1717 Θεοῦ
989 1662 1057 1716 τά
1111 1662 1250 1732 βάθη
1278 1699 1292 1724 ,
1335 1662 1428 1715 καὶ
1473 1664 1530 1714 ὲν
1563 1663 1672 1724 τοῖς

141 1755 304 1818 ἀδύτοις
347 1755 436 1807 τοῦ
494 1755 846 1825 παραδείσου,
889 1754 1033 1807 κατά
1081 1753 1174 1806 τὸν
1222 1753 1397 1822 μέγαν
1439 1751 1669 1813 Παῦλον,

1773 596 1835 634 se
1862 583 2182 636 extendunt.
2248 581 2376 636 Post
2424 591 2471 635 te
2503 581 2665 646 enim,
2716 583 2914 650 inquit,
2967 602 3247 640 curramus
3289 589 3344 642 in

1775 670 1986 725 odorem
2027 681 2409 742 unguentorum
2444 675 2712 728 tuorum’.
2743 672 2847 728 Sed
2873 689 2951 728 eae
2971 676 3189 745 quidem
3221 695 3342 748 quae

1770 762 1989 818 virtutis
2026 763 2268 818 nondum
2308 764 2512 818 habent
2543 764 2954 834 perfectionem,
3002 773 3055 821 et
3084 775 3213 821 sunt
3242 769 3341 822 ad-

1773 851 1882 906 huc
1913 861 2075 909 aetate
2108 855 2360 923 juvenes,
2399 857 2725 925 proﬁtentur
2754 872 2814 911 se
2841 872 2966 913 esse
2993 873 3255 914 cursuras
3277 861 3346 915 ad

1772 958 2000 1014 sc0pum
2057 963 2218 1017 quem
2275 947 2356 1003 eis
2416 949 2654 1003 ostendit
2709 949 2845 1002 odor
2919 958 3344 1020 unguentorum.

1771 1032 1968 1089 Dicunt
1984 1037 2128 1091 enim
2157 1057 2169 1093 :
2201 1037 2488 1094 Curremus
2514 1041 2569 1093 in
2591 1039 2799 1094 odorem
2815 1051 3198 1110 unguentorum
3222 1052 3336 1095 luo-

1776 1141 1916 1182 rum.
1949 1126 2248 1183 Perfectior
2298 1137 2480 1184 autem
2526 1129 2709 1184 anima
2749 1131 3128 1187 vehementius
3171 1133 3238 1184 ad
3282 1148 3346 1188 ea

1781 1234 1902 1288 qua:
1927 1228 2055 1272 sunt
2102 1229 2228 1275 ante
2280 1229 2528 1284 extensa,
2563 1221 2674 1290 jam
2729 1237 2955 1292 scopum
3007 1222 3347 1292 assequitur,

1770 1317 1995 1378 propter
2028 1325 2188 1379 quem
2241 1325 2437 1366 cursus
2469 1313 2770 1380 perficitur,
2809 1323 2863 1366 et
2893 1312 3056 1383 digna
3097 1323 3350 1368 censetur

1773 1401 2047 1455 thesauris
2097 1405 2189 1471 qui
2237 1411 2367 1457 sunt
2421 1404 2474 1456 in
2512 1404 2907 1474 penetralibus.
2968 1405 3108 1460 Dicit
3155 1404 3345 1460 enim:

1771 1489 2084 1545 Introduxit
2121 1510 2201 1547 me
2242 1509 2332 1547 rex
2362 1495 2416 1548 in
2447 1513 2544 1548 sua
2578 1493 2892 1564 penetralia.
2930 1488 3065 1548 Nam
3110 1496 3199 1549 illa
3230 1497 3350 1565 qui-

1772 1579 1893 1634 dem
1929 1597 2052 1634 etnn
2091 1585 2321 1638 summis
2353 1585 2522 1639 labris
2551 1585 2752 1639 bonum
2787 1593 3010 1654 tangere
3033 1582 3350 1638 desideras—

1773 1679 1877 1735 set,
1910 1681 1964 1726 et
2005 1674 2470 1741 pulchritudinem
2520 1675 2866 1729 solummodo
2897 1683 3104 1728 tantutu
3133 1674 3349 1742 attigis-

1775 1769 1878 1824 set,
1907 1773 2168 1833 quantum
2205 1766 2410 1819 indicat
2445 1766 2526 1821 vis
2562 1765 2811 1835 optandi,
2861 1767 3006 1820 votis
3038 1766 3191 1835 petiit
3215 1781 3350 1835 quo-

139 1849 236 1916 όρᾷν
253 1847 304 1898 τέ
330 1863 458 1918 φησι
479 1847 552 1899 τὰ
581 1847 808 1912 ἀθέατα,
837 1844 1058 1899 καὶτῶν
1078 1844 1360 1915 ἀλαλήτων
1389 1844 1661 1915 ἐπακροᾶ-

1781 1848 1888 1902 lam
1950 1852 2112 1906 veluti
2149 1848 2340 1907 osculo
2386 1853 2551 1922 digna
2601 1833 2817 1909 censeri
2863 1869 2957 1923 per
3007 1833 3170 1907 Verbi
3224 1833 3350 1906 illu-

141 1938 229 1991 σθαι
263 1940 535 2022 ῥημάτων.

1766 1941 2143 1998 minationem.
2173 1944 2294 1998 llaec
2320 1955 2501 1998 autem
2555 1955 2830 2008 assecuta,
2891 1953 2944 1999 et
2976 1946 3042 2000 ad
3107 1945 3342 2000 interius

141 2042 343 2085 arcanum
372 2031 704 2103 cogitatione
732 2031 1214 2102 ingressa.clamat
1240 2046 1348 2086 non
1405 2031 1579 2086 solum
1604 2046 1727 2088 esse
1765 2049 1988 2088 cursum
2041 2037 2093 2089 iu
2149 2038 2434 2093 vestibulis
2490 2040 2782 2103 honorent,
2840 2037 2936 2092 sed
2979 2038 3036 2092 in
3087 2035 3352 2107 primitiis

139 2129 344 2198 Spiritus,
371 2144 469 2194 per
525 2128 686 2196 cujus
723 2129 980 2199 gratiam,
1020 2127 1186 2182 veluti
1247 2143 1343 2198 per
1395 2127 1669 2197 quoddam
1724 2129 1995 2193 osculum,
2046 2131 2209 2202 digna
2279 2132 2468 2188 habita
2519 2139 2605 2188 est
2652 2147 2772 2202 quae
2818 2139 3156 2186 scrutaretur
3224 2145 3352 2199 pro-

139 2223 262 2276 funda
313 2223 422 2286 Dei.
479 2231 540 2280 et
585 2241 708 2280 cum
742 2236 888 2281 esset
956 2226 1011 2280 in
1073 2224 1251 2296 adytis
1303 2223 1563 2293 paradisi,
1615 2233 1675 2276 ut
1751 2237 1981 2294 magnus
2050 2225 2184 2281 dicit
2241 2224 2464 2292 Paulus,
2536 2225 2742 2282 videret
2793 2240 2915 2296 quae
2976 2225 3081 2280 sub
3131 2223 3351 2279 Oculum

135 2332 214 2368 non
267 2319 486 2386 cadunt,

191 2409 241 2462 Ἢ
275 2413 326 2464 δὲ
359 2413 566 2484 ἑφεξῆς
621 2415 775 2484 ῥῆσις
807 2416 906 2484 τὴν
955 2413 1412 2486 ἐκκλησιαστικὴν
1457 2415 1668 2466 οἰκονο-

132 2499 229 2567 μίαν
254 2503 584 2556 ἑκκαλύπτει
618 2503 696 2574 τῷ
724 2504 884 2574 λόγῳ.
917 2506 980 2558 Ol
1016 2504 1124 2574 γὰρ
1154 2501 1360 2574 πρῶτοι
1399 2501 1670 2572 μαθητευ-

129 2591 273 2656 θέντες
292 2598 352 2664 τῇ
379 2585 594 2669 χάριτι,
623 2597 714 2650 καὶ
741 2597 1008 2650 αὐτόπται
1028 2597 1123 2650 καὶ
1150 2596 1418 2668 ὑπηρέται
1443 2597 1669 2666 γενόμε-

125 2700 200 2746 νοι,
225 2687 313 2738 οὐκ
339 2690 393 2740 ἐν
421 2690 646 2751 ἑαυτοῖς
679 2688 737 2741 τὸ
767 2688 966 2757 ἀγαθὸν
1001 2687 1336 2760 περιώρισαν
1356 2731 1370 2752 ,
1411 2688 1548 2741 ἀλλά
1576 2689 1669 2741 καὶ

126 2776 210 2836 τοῖς
236 2779 341 2846 μετ’
368 2779 622 2842 ἐκείνους
653 2781 716 2832 ἐκ
753 2779 1040 2843 διαδόσεως
1060 2779 1157 2850 τὴν
1198 2780 1368 2849 αὐτὴν
1407 2779 1667 2849 ὲπηίησαν

123 2866 266 2934 χάριν.
293 2869 386 2922 Διά
407 2869 580 2922 τοῦτο
609 2869 743 2940 πρὸς
769 2870 866 2940 τὴν
895 2869 1116 2942 νύμφην
1139 2871 1300 2941 φασὶν
1328 2871 1382 2923 αί
1404 2869 1664 2934 νεάνιδες,

124 2957 196 3024 τὴν
223 2957 453 3032 πρώτην,
477 2961 575 3015 διὰ
603 2961 696 3014 τοῦ
728 2962 870 3016 κατά
896 2963 1071 3034 στόμα
1093 2963 1343 3033 γενέσθαι
1361 2962 1453 3016 τοῦ
1471 2963 1665 3031 Λόγου,

120 3048 204 3102 τῶν
242 3053 458 3119 ἀγαθῶν
511 3053 930 3125 πληρωθεῖσαν,
982 3057 1078 3109 καὶ
1122 3055 1231 3108 τῶν
1275 3055 1670 3126 κεκρυμμένων

125 3145 401 3214 μυπτηρίων
448 3146 784 3213 ἀξιωθεῖσαν
807 3188 820 3207 ,
858 3147 941 3201 ὅτι
1007 3147 1529 3216 Ἀγαλλιασώμεθα
1574 3147 1672 3200 καὶ

118 3233 518 3305 εὐφρανθῶμεν
545 3236 613 3290 ἐν
633 3238 752 3290 σοί.
788 3237 952 3308 Κοινὴ
975 3237 1083 3308 γάρ
1112 3237 1267 3307 ἡμῶν
1297 3238 1411 3290 ἐστι
1440 3236 1586 3308 χαρά
1615 3237 1674 3290 τὸ

121 3324 191 3374 σὺν
226 3327 582 3399 ἀγαλλίαμα,
615 3330 697 3382 δτι
730 3328 806 3392 ὡς
848 3329 911 3382 σὺ
947 3329 1041 3382 καὶ
1078 3329 1297 3400 ἀγαπᾷς
1348 3329 1486 3400 ὑπὲρ
1535 3326 1674 3382 οἶνον

118 3414 215 3476 τοὺς
251 3419 455 3487 μαζοὺς
495 3419 600 3472 τοῦ
631 3421 826 3488 Λόγου,
856 3420 998 3472 οὕτω
1042 3421 1136 3473 καὶ
1182 3422 1340 3491 ἡμεῖς
1375 3421 1454 3475 σέ.
1490 3422 1676 3492 Μιμη-

121 3503 306 3572 θώμεθα
337 3512 467 3573 σοὺς
510 3509 742 3580 μαζοὺς,
769 3509 834 3561 δι’
866 3503 938 3562 ὧν
968 3512 1092 3573 τοὺς
1117 3510 1340 3580 νηπίους
1368 3512 1426 3563 ἐν
1455 3510 1676 3582 Χριστῷ

119 3596 225 3659 γάλα
275 3602 548 3665 ποτίζεις.
611 3601 784 3673 ’Υπὲρ
826 3602 917 3654 τὸν
967 3601 1252 3673 ἄνθρωπον
1301 3603 1677 3673 ἀγαπήσωμεν

116 3683 241 3741 οἶνον.
277 3694 386 3747 Καὶ
422 3694 507 3758 ὡς
557 3695 621 3748 ἄν
658 3711 741 3755 τις
780 3696 870 3746 ἐπὶ
907 3695 968 3746 τὸ
1001 3693 1335 3764 σαφέστερον
1372 3695 1676 3765 προαγάγοι

119 3779 161 3829 ὼ
202 3782 399 3854 νόημα,
458 3785 712 3839 τοιοῦτόν
751 3788 866 3838 ἐστι
915 3785 976 3838 τὸ
1024 3786 1345 3858 λεγόμενον·
1396 3787 1677 3857 Ἥγάπησε

115 3871 213 3933 τοὺς
242 3875 449 3942 μαζοὺς
489 3875 593 3929 τοῦ
624 3876 820 3944 Λόγου,
851 3877 879 3928 ὁ
913 3877 1004 3929 ἐπὶ
1031 3877 1092 3930 τὸ
1118 3878 1310 3948 στῆθος
1343 3877 1438 3932 τοῦ
1474 3879 1676 3950 Κυρίου

117 3959 371 4016 ἀναπεσὼν
410 3967 702 4035 Ἰωάννης,
733 3967 828 4019 καὶ
852 3961 961 4020 οἷόν
985 3984 1106 4020 τινα
1133 3969 1401 4037 σπογγιάν
1425 3971 1523 4040 τὴν
1548 3971 1678 4023 ἐαυ·-

113 4052 184 4104 τοῦ
219 4057 448 4126 καρδίαν
490 4058 767 4128 παραθεὶς
798 4061 865 4128 τῇ
897 4061 1047 4129 πηγῇ
1085 4060 1185 4130 τῆς
1217 4059 1382 4130 ζωῆς,
1417 4061 1510 4114 καὶ
1541 4061 1679 4132 πλή-

115 4158 192 4212 ρης
215 4147 272 4200 ἐκ
305 4166 456 4214 τινος
494 4151 742 4222 ἀρρήτου
779 4151 1068 4215 διαδόσεως
1098 4151 1206 4205 τῶν
1227 4151 1567 4222 ἐγκειμένων
1582 4156 1680 4225 τῇ⁹

108 4235 181 4286 τῡῦ
209 4239 449 4309 Χριστοῦ
496 4241 818 4311 μυστηρίων
853 4243 1174 4312 γενόμενος,
1209 4243 1302 4295 καὶ
1335 4243 1465 4312 ἡμῖν
1496 4241 1679 4312 ἐπέχει

571 2329 627 2374 et
675 2320 890 2375 audiret
955 2321 1118 2374 verba
1179 2334 1301 2389 quae
1356 2333 1465 2372 non
1535 2317 1662 2371 licet
1699 2317 1903 2389 eloqui.

1848 2414 1980 2480 Qua:
2008 2423 2186 2472 autem
2221 2416 2485 2487 deinceps
2513 2417 2760 2488 sequitur
2791 2415 2984 2483 dictio,
3013 2413 3352 2470 ecclesiasti-

1775 2508 2284 2560 camteconomiam
2349 2507 2530 2563 verbis
2553 2507 2750 2578 aperit.
2801 2505 2937 2560 Nam
2968 2507 3061 2576 qui
3114 2507 3350 2576 primum

1773 2595 1996 2649 fuerunt
2025 2598 2200 2667 gratia
2225 2599 2451 2662 eruditi,
2503 2606 2558 2653 et
2597 2599 2688 2669 qui
2717 2599 2952 2654 Verbum
2993 2598 3229 2668 primum
3269 2597 3351 2652 vi-

1776 2689 1999 2752 derunt,
2043 2699 2098 2745 et
2123 2691 2171 2745 ei
2209 2691 2620 2755 ministrarum,
2653 2705 2763 2744 non
2807 2689 2864 2743 iu
2910 2690 3110 2758 seipsis
3145 2689 3351 2744 bonum

1773 2784 2358 2854 circumscripserunt,
2418 2783 2512 2840 sed
2553 2783 2719 2838 etiam
2791 2782 3032 2852 posteris
3102 2781 3352 2836 eamdem

1776 2882 2106 2944 paraverunt
2135 2874 2366 2943 gratiam
2391 2874 2432 2929 ³.
2463 2872 2758 2943 Propterea
2793 2871 2981 2925 dicunt
3021 2870 3344 2924 adolescen-

1775 2967 1900 3020 tulaa
1929 2966 1996 3020 ad
2031 2980 2310 3035 sponsam,
2359 2982 2480 3036 qua:
2502 2965 2676 3035 prima
2702 2963 2860 3018 bonis
2889 2961 2986 3016 fuit
3024 2961 3246 3031 repleta,
3292 2968 3348 3016 et

1773 3061 2007 3116 occultis
2056 3061 2335 3132 mysteriis
2379 3059 2485 3114 fuit
2526 3060 2688 3130 digna
2720 3077 2736 3114 :
2768 3066 3057 3129 propterea
3091 3055 3239 3126 quod
3279 3070 3349 3110 ex

1773 3169 1870 3209 ore
1896 3153 2060 3207 verba
2095 3168 2158 3207 ea
2191 3152 2472 3208 hauserit:
2501 3150 2838 3204 Exsultemus
2872 3157 2922 3202 ct
2947 3148 3185 3202 lwtemur
3209 3146 3261 3199 iu
3283 3156 3350 3199 te.

1776 3245 2096 3300 Communis
2145 3244 2292 3299 enim
2333 3251 2524 3298 nostra
2560 3241 2746 3296 laetitia
2788 3248 2872 3295 est
2910 3248 3001 3293 tua
3037 3238 3352 3302 exsultatio,

1775 3335 2033 3403 quoniam
2076 3334 2218 3388 sicut
2261 3341 2317 3387 tu
2349 3348 2502 3387 amas
2538 3347 2702 3402 supra
2743 3331 2927 3385 vinum
2969 3329 3139 3384 ubera
3165 3328 3354 3392 Verbi,

1777 3425 1850 3478 ita
1884 3439 1984 3478 nos
2006 3439 2226 3494 quoque
2256 3432 2324 3477 te.
2356 3421 2638 3477 Imitemur
2666 3421 2834 3476 ubera
2872 3428 2962 3474 tua
3003 3435 3105 3491 per
3151 3433 3273 3488 qua:
3299 3428 3355 3471 tu

1777 3515 1915 3569 lat-te
1957 3524 2112 3584 potas
2135 3529 2230 3569 eos
2262 3511 2355 3582 qui
2379 3521 2506 3567 sunt
2552 3510 2792 3566 infantes
2815 3510 2868 3564 in
2894 3509 3140 3564 Christo.
3175 3505 3356 3577 Supra

1780 3604 2052 3659 hominem
2090 3619 2337 3659 amemus
2369 3603 2582 3656 vinum.
2618 3603 2684 3656 Et
2723 3609 2779 3654 ut
2806 3615 3004 3655 sensus
3037 3600 3127 3651 liat
3160 3597 3359 3651 diluci-

1780 3693 1921 3755 dior,
1961 3695 2067 3748 tale
2111 3703 2195 3748 est
2227 3693 2280 3747 id
2308 3691 2453 3762 quod
2479 3690 2682 3746 dicitur
2712 3709 2725 3746 :
2759 3689 2921 3745 Verbi
2957 3688 3159 3742 amavit
3186 3687 3356 3742 ubera

1780 3786 1870 3855 qui
1904 3801 2064 3854 supra
2093 3793 2286 3854 pectus
2317 3781 2532 3838 Domini
2566 3783 2620 3836 in
2649 3797 2806 3838 omna
2841 3782 3113 3845 recubuit,
3155 3787 3210 3836 et
3252 3781 3360 3836 vel-

1780 3880 1858 3932 uti
1900 3877 2193 3948 qtlatndam
2242 3877 2524 3946 spongiam
2571 3890 2665 3930 cor
2718 3891 2878 3931 suum
2925 3875 3182 3946 apposuit
3223 3873 3357 3929 fonti

1781 3972 1923 4031 vitae,
1961 3979 2013 4024 et
2059 3987 2123 4024 ex
2175 3968 2435 4023 iuell‘abili
2492 3967 2727 4038 quadam
2774 3967 3075 4023 traditione
3116 3967 3359 4038 repletus

1780 4063 1982 4118 Christi
2007 4061 2304 4133 mysteriis,
2351 4060 2511 4115 nobis
2549 4076 2767 4131 quoque
2801 4060 3022 4115 exhibet
3059 4060 3358 4115 mamillam

1785 4153 2015 4209 aVcrbo
2048 4152 2348 4222 impletam,
2394 4167 2608 4222 nosque
2655 4151 2844 4221 implet
2887 4151 3049 4208 bonis
3090 4165 3210 4221 quae
3255 4149 3360 4204 eia

1784 4245 1934 4300 fonte
1977 4252 2106 4300 sunt
2173 4244 2364 4309 indita,
2426 4258 2620 4314 magna
2672 4259 2806 4296 voce
2865 4239 3169 4312 praedicans
3217 4239 3360 4309 quod

108 4327 187 4395 τὴν
218 4331 618 4402 πληρωθεῖσαν
647 4333 750 4387 ὑπὸ
776 4334 870 4386 τοῦ
899 4334 1070 4402 Λόγου
1106 4333 1293 4404 θηλὴν,
1325 4334 1419 4386 καὶ
1459 4333 1676 4404 πλήρεις

1790 4352 2009 4409 semper
2035 4343 2121 4391 est
2151 4337 2412 4393 Verbum.
2448 4333 2602 4389 Unde
2644 4349 2744 4390 nos
2789 4348 3010 4405 quoque
3057 4335 3251 4388 merito
3281 4332 3360 4387 illi

106 4425 228 4474 ποιεῖ
251 4425 362 4477 τῶν
393 4425 739 4479 ἐντεθέντων
759 4425 906 4495 αὑτῷ
936 4427 1085 4494 παρὰ
1109 4426 1208 4496 τῆς
1231 4425 1414 4495 πηγῆς
1435 4425 1682 4494 ἀγαθῶν.

106 4514 374 4580 κηρύσσων
405 4519 468 4570 ὲν
518 4517 905 4587 μεγαλοφωνία
934 4516 1022 4571 τὸν
1055 4517 1141 4570 ἀεὶ
1173 4515 1302 4570 όντα
1333 4516 1525 4584 Λόγον·
1563 4518 1684 4570 ὅθεν

104 4603 305 4670 εξκότως
347 4610 451 4662 καὶ
504 4611 673 4680 ἡμεῖς
707 4609 844 4679 πρὸς
875 4609 1034 4662 αὐτόν
1073 4608 1306 4680 ἐροῦμεν
1329 4648 1342 4671 ,
1375 4609 1456 4662 ὅτι
1513 4609 1682 4678 Ἀγα-

104 4695 374 4766 πιὶσωμεν
390 4701 688 4769 μασθούς
708 4715 825 4754 σου
846 4699 998 4769 ὑπὲρ
1023 4695 1209 4754 οἶνον.
1234 4700 1405 4768 Εἴπερ
1427 4699 1492 4770 δὴ
1521 4699 1689 4752 τοιοῦι

103 4800 164 4838 τω
218 4792 584 4862 γεγόναμεν,
632 4792 708 4855 ὡς
745 4792 982 4856 νεάνιδες
1029 4788 1190 4857 εἶναι,
1239 4792 1332 4846 καὶ
1385 4794 1522 4864 μήτε
1567 4795 1686 4855 ταῖς

103 4885 240 4946 ξρεσὶ
273 4885 588 4952 νηπιάζειν
619 4885 722 4937 ύπὸ
749 4885 847 4955 τῆς
874 4887 940 4956 τῇ
977 4885 1298 4955 ματαιότητι
1329 4885 1687 4956 συνεζευγμέ-

101 4987 176 5040 νης
208 4976 498 5046 νεότητος,
545 4979 682 5048 μήτε
713 4976 1055 5048 ρυτιδοῦσθαι
1079 4977 1146 5030 δι’
1177 4977 1450 5049 ἁμαρτίας
1480 4980 1537 5030 ὲν
1581 4995 1684 5029 πα-

100 5058 323 5134 ὶιιότητι
361 5070 437 5137 τῇ
475 5069 567 5130 είς
605 5068 912 5138 ἀφανισμὸν
951 5068 1368 5141 καταληγούσῃ·
1411 5068 1499 5122 διὰ
1531 5068 1690 5122 τοῦτο

176 5158 503 5231 ἀγαπῶμεν
560 5161 656 5229 τὴν
709 5160 818 5214 τῶν
868 5161 976 5215 σῶν
1021 5162 1366 5233 διδαγμάτων
1402 5161 1687 5233 ὲπιρροὴνν

97 5249 164 5297 ἑτι
199 5250 274 5301 Σὲ
307 5253 346 5318 ἠ
391 5251 670 5316 εὐθύτης
698 5251 1035 5321 ἠγάπησεν
1067 5245 1222 5317 οὗτος
1249 5253 1358 5325 γὰρ
1387 5256 1414 5306 ό
1441 5252 1689 5324 μαθητὴς

98 5333 143 5386 δν
184 5341 380 5409 ἠγάπα
421 5343 454 5395 ό
524 5341 770 5410 Ἰησοῦςο
818 5343 1025 5414 Ἰησοῦς
1067 5343 1124 5397 δέ
1159 5346 1305 5398 ἐστιν
1357 5347 1390 5415 ἡ
1439 5343 1687 5416 εὐθύτης.

98 5428 313 5484 καλλιον
343 5434 406 5486 δὲ
443 5433 552 5485 καὶ
593 5432 1054 5505 θεοπρεπέστερον
1092 5437 1120 5488 ό
1159 5435 1314 5504 λόγος
1351 5430 1503 5499 οὗτος
1541 5436 1691 5506 παρα

97 5519 169 5572 tia
214 5527 529 5594 προφήτην
587 5523 745 5577 Δαϐὶδ
781 5525 1036 5596 ὀνομάζει
1077 5527 1166 5580 τὸν
1205 5527 1429 5600 Κύριον.
1483 5528 1540 5579 ⁸0
1595 5529 1691 5597 μὲν

97 5611 186 5675 ’τὰρ
215 5630 416 5680 φησιν,
459 5613 558 5664 ὅτι
601 5613 790 5680 Εὐθὺς
819 5617 1032 5682 Κύριος
1071 5618 1103 5670 ό
1134 5618 1305 5683 Θεός·
1337 5612 1488 5680 οὗτος
1517 5617 1571 5671 δὲ
1603 5619 1692 5670 εύ-

149 5787 330 5842 ‘Plu'l.
376 5805 472 5854 ιη,
513 5789 615 5842 13.
691 5793 770 5849 'll
807 5796 934 5852 Cor.
970 5812 1068 5860 xu,
1111 5797 1130 5850 l
1177 5813 1298 5867 sqq.

1408 5799 1425 5827 ‘
1449 5795 1610 5851 Joan.
1647 5814 1731 5842 τι*

1786 4429 2069 4484 dicemus:
2110 4424 2408 4495 Diligamus
2458 4424 2623 4478 ubera
2702 4432 2794 4477 tua
2854 4439 3018 4494 supra
3071 4423 3270 4478 viuum.
3303 4421 3361 4478 Si

1787 4523 1971 4592 itaque
2005 4533 2198 4575 sumus
2245 4515 2538 4586 ejusmodi,
2581 4525 2642 4571 ut
2697 4516 2873 4572 simus
2921 4515 3361 4580 adulescentula,

1786 4624 1839 4669 et
1868 4628 2045 4683 neque
2104 4620 2286 4666 mente
2325 4609 2502 4666 simus
2546 4609 2785 4664 infantes
2842 4609 2912 4664 ob
2947 4609 3175 4662 vanitati
3226 4623 3363 4663 cuu-

1781 4707 2028 4776 junctam
2051 4704 2418 4772 juventutem,
2459 4717 2636 4772 neque
2663 4700 2815 4772 rugis
2843 4698 3214 4756 deformentur
3247 4717 3364 4772 pro-

1788 4808 1905 4868 pter
1941 4804 2250 4867 peccatum,
2282 4793 2426 4864 quod
2453 4794 2508 4847 in
2551 4800 2827 4848 vetustate
2857 4791 3057 4847 desinit
3089 4791 3142 4846 in
3175 4793 3365 4848 interi-

1788 4896 1937 4952 tum;
1972 4894 2263 4958 pr0pterea
2294 4893 2477 4938 autem
2510 4883 2790 4952 diligimus
2822 4893 3042 4938 tuorum
3061 4880 3365 4938 documen-

1789 4986 1969 5034 torum
1997 4977 2289 5040 inﬂuxum,
2343 4975 2485 5043 Quia
2512 4983 2559 5030 te
2583 4975 2774 5029 dilexit
2823 4975 3104 5030 rectitudo.
3148 4975 3248 5030 llic
3280 4985 3363 5032 est

1789 5072 1935 5127 enim
1971 5068 2297 5139 discipulus,
2329 5082 2491 5138 quem
2529 5065 2789 5137 diligebat
2819 5065 3043 5122 Jesus":
3069 5065 3231 5122 Jesus
3275 5082 3367 5122 au-

1791 5171 1898 5218 tcm
1930 5169 2014 5216 est
2044 5159 2339 5215 rectitudo.
2371 5156 2667 5211 Pulchrius
2708 5167 2890 5213 autem
2928 5166 2982 5212 ct
3015 5157 3125 5213 Deo
3164 5175 3366 5214 conre-

1794 5255 2033 5310 nieutius
2059 5253 2146 5306 hic
2182 5253 2319 5306 liber
2367 5250 2613 5305 nominat
2675 5249 2962 5304 Dominum
3021 5266 3184 5321 quam
3234 5269 3362 5322 pro-

1795 5345 1954 5416 pheta
1991 5343 2181 5398 David.
2215 5342 2383 5398 David
2420 5343 2566 5398 enim
2619 5341 2752 5396 dicit
2782 5359 2794 5394 :
2823 5339 3012 5396 Rectus
3049 5351 3126 5396 est
3184 5343 3368 5396 Domi-

1795 5454 1891 5492 ηαδ
1915 5437 1956 5489 ⁸.
1995 5435 2092 5492 llic
2125 5443 2308 5490 autem
2323 5450 2448 5489 eum
2480 5441 2636 5489 vocat
2656 5433 3191 5502 rectitudincm,quo
3213 5435 3374 5502 quid-

1794 5529 1924 5600 quid
1961 5538 2045 5582 est
2085 5529 2367 5597 obliquum
2393 5527 2687 5596 corrigitur
2716 5535 2768 5581 et
2797 5525 3084 5581 deducitur
3111 5527 3176 5581 ad
3212 5523 3377 5577 recti-

1799 5620 2062 5674 tudiucm.
2089 5618 2195 5674 Sed
2221 5625 2274 5677 in
2304 5619 2461 5675 nobis
2489 5632 2703 5686 quoque
2740 5619 2852 5680 llat,
2893 5627 2950 5670 ut
2975 5617 3242 5689 quidquid
3280 5626 3366 5671 est

1785 5799 1815 5826 ’9
1940 5797 2102 5835 Bthe“!
2162 5813 2244 5832 ινφ-ο
2318 5800 2372 5828 la.
