3928 6196
178 373 263 428 789
1207 372 1269 424 IN
1311 373 1603 428 CANTICA
1643 372 2202 435 CANTICJIOMILIA
2244 382 2306 436 ΙΙ.

3269 391 3372 445 7530

173 490 331 558 μένοις
351 489 413 556 τῇ
439 485 576 550 λέξει
603 484 865 554 νοήμασιν
896 485 1069 550 ἐστιν,
1100 487 1148 538 εἰ
1183 487 1340 555 μόνον
1365 489 1704 558 ἐπιτηδείους

1811 497 2091 550 sententiis
2115 511 2233 565 ane
2261 497 2427 551 latent
2448 500 2499 552 in
2528 498 2839 562 dietione,si
2866 502 3025 556 modo
3043 503 3162 556 vitm
3181 520 3366 557 curam

172 579 288 650 πρὸς
316 577 404 648 τὴν
431 579 506 639 εἰς
537 575 604 629 τά
631 578 796 645 ’Ἅγια
823 577 928 630 τῶν
959 578 1126 644 ἁγίων
1158 577 1358 632 εἴσοδον
1387 576 1611 642 ἑαυτοὺς
1643 581 1708 633 δι’

170 667 458 736 ἐπιμελείας
485 665 578 718 τοῦ
617 665 731 735 βίου
759 669 1103 738 ποιήσαιμεν,
1130 668 1208 738 τῷ
1237 669 1454 740 λουτῆρι
1487 671 1581 723 τοῦ
1610 672 1710 724 Λό-

171 774 253 824 γου
292 757 459 809 πάντα
506 755 676 825 ῥύπον
723 757 953 828 αἰσχρᾶς
1001 757 1207 821 ἐννοίας
1250 760 1706 831 ἀποκλυσάμενοι,

173 848 357 917 μήποτε
389 847 708 918 θνήσκοντες
741 847 894 918 παρά
930 849 992 900 τὸ
1019 849 1384 920 παράγγελμα
1405 851 1498 903 τοῦ
1522 853 1706 922 νόμου,

170 938 461 1007 θνησιμαίου
503 940 804 1007 νοήματος,
845 939 877 1008 ἡ
925 956 1069 1002 τινος
1105 940 1214 992 τῶν
1268 940 1588 1012 ἀκαθάρτων
1627 944 1710 994 ὲν-

171 1030 352 1098 θυμίων
395 1030 690 1099 ἁψάμενοι,
750 1030 970 1084 ἀθέατοι
1014 1031 1125 1083 τῶν
1174 1032 1322 1095 ἐντὸς
1359 1033 1460 1100 τῆς
1505 1035 1710 1104 σκηνῆς

168 1121 434 1189 θαυμάτων
464 1120 930 1190 ἀποκλεισθῶμεν.
957 1122 1032 1173 Οὐ
1054 1121 1160 1192 γάρ
1202 1124 1562 1194 παραδέχεται
1600 1127 1709 1179 τῶν

168 1216 392 1268 τοιούτων
430 1217 532 1287 τήν
581 1217 783 1270 εἴσοδον
821 1220 849 1270 ὁ
892 1217 986 1269 τοῦ
1035 1217 1342 1287 πνεύματος
1390 1220 1581 1289 νόμος,
1617 1222 1709 1274 ἐάν

169 1309 339 1377 μήτις
385 1308 559 1380 πλύνῃ
604 1309 664 1361 τὸ
691 1311 790 1379 τῆς
831 1310 1182 1380 συνειδήσεως
1231 1310 1423 1363 ἑαυτοῦ
1471 1313 1705 1382 ἱμάτιον,

167 1399 286 1452 κατὰ
319 1400 377 1452 τὸ
416 1401 696 1464 Μωῢσέως
725 1401 1110 1472 παράγγελμα,
1138 1403 1167 1455 6
1201 1405 1400 1474 νεκρᾶς
1432 1422 1574 1469 τινος
1616 1409 1710 1462 καὶ⁴

167 1486 431 1557 βδελυκτῆς
463 1489 674 1552 ἐννοίας
707 1490 1004 1560 ἀψάμενοςτ

224 1581 367 1644 Ἀγει
405 1579 464 1632 δὲ
511 1580 604 1633 τὸν
660 1581 814 1648 λόγον
870 1585 902 1651 ὴ
941 1581 1228 1636 ἀκολουθία
1268 1585 1376 1638 τῶν
1409 1585 1707 1657 προεξητα-

167 1669 351 1737 σμένων
374 1672 516 1742 πρὸς
538 1673 637 1741 τὴν
659 1673 888 1743 Θεωρίαν
910 1675 1018 1728 τῶν
1044 1675 1195 1746 παρά
1217 1674 1316 1746 τῆς
1335 1678 1551 1750 νύμφης
1574 1680 1708 1750 πρὸς

165 1761 243 1820 τὰς
267 1761 510 1824 νεάνιδας
555 1764 880 1834 εἰρημένων.
921 1768 1075 1821 Ἔστι
1113 1769 1170 1821 δὲ
1195 1768 1370 1822 ταῦτα
1395 1786 1407 1800 ο
1438 1769 1707 1822 Μέλαινά

1811 595 2078 654 gerentes,
2120 603 2220 642 nos
2256 597 2410 658 aptos
2456 591 2850 646 reddiderimus
2890 603 2949 645 ut
3001 594 3370 662 ingrediantur

1811 677 1864 729 in
1892 675 2088 732 Sancta
2117 691 2451 746 sanctorum,
2482 683 2698 735 lavacro
2733 681 2890 736 Verbi
2913 683 3080 736 ahlnti
3113 684 3369 738 sordibus

1810 765 2080 821 obsccena:
2104 770 2466 841 cogitationis,
2492 787 2556 824 ne
2589 772 2633 826 si
2663 783 2853 841 praeter
2884 773 3015 842 legis
3041 785 3367 842 praeceptum

1811 861 2151 914 morticinam
2199 863 2398 917 mentis
2430 864 2860 931 conceptionem.
2910 872 3002 918 aut
3035 865 3369 918 immundam

1811 950 2046 1020 aliquam
2106 953 2443 1020 attigerimus
2511 955 2931 1023 cogitationem,
2992 954 3370 1017 excludamur,

1811 1055 1910 1093 nec
1941 1041 2370 1110 contemplemur
2396 1044 2656 1096 miracula
2697 1059 2817 1112 quae
2851 1053 2976 1098 sunt
3011 1044 3151 1098 intra
3193 1044 3375 1098 taber—

1809 1133 2087 1185 naculum.
2132 1132 2237 1187 Lex
2268 1134 2410 1187 enim
2455 1136 2681 1205 spiritus
2723 1150 2829 1189 non
2868 1137 3130 1206 permittit
3173 1145 3232 1189 ut
3278 1137 3369 1206 qui

1812 1233 2078 1277 mortuam
2124 1237 2176 1279 et
2214 1226 2628 1280 abominandam
2677 1229 2914 1294 tetigerit
2963 1229 3367 1294 cogitationem.

1810 1315 2165 1385 ingrediatur,
2221 1319 2346 1380 nisi,
2420 1327 2477 1370 ut
2526 1318 2770 1388 praecipit
2845 1317 3091 1382 Moses“,
3139 1319 3374 1374 ablucrit

1809 1417 2014 1464 vestem
2041 1424 2154 1464 sua:
2187 1410 2555 1465 conscientiae.

1877 1588 2188 1644 Orationem
2249 1598 2428 1644 autem
2460 1589 2679 1644 deducit
2731 1589 3118 1659 consequentia
3181 1603 3368 1644 eorum

1808 1696 1928 1751 qua
1975 1681 2126 1750 prius
2184 1689 2313 1735 sunt
2355 1680 2700 1743 examinata,
2750 1679 2817 1734 ad
2859 1679 3368 1747 contemplationem

1809 1788 1994 1828 eorum
2039 1787 2157 1841 quae
2207 1786 2235 1824 a
2292 1786 2488 1841 sponsa
2540 1771 2684 1825 dicta
2742 1778 2870 1824 sunt
2921 1770 3364 1825 adolescentulis.

163 1851 257 1917 εἰμι
279 1853 367 1907 καὶ
394 1853 580 1921 καλὴ,
606 1831 921 1924 θύγατέρες
955 1857 1358 1928 Ἰερουσαλὴμ,
1384 1861 1463 1926 ὡς
1484 1860 1707 1926 σκηνώ-

1810 1862 1933 1917 llaec
1979 1831 2154 1917 autem
2186 1831 2366 1916 sunt.:
2409 1860 2574 1930 Nigra
2605 1877 2719 1914 sum
2750 1869 2797 1913 et
2827 1861 3092 1930 formosa,
3123 1859 3250 1926 ﬁlia:
3280 1857 3367 1912 Je-

161 1960 289 2008 ματα
318 1944 522 2013 Κηδὰρ
546 1986 560 2010 ,
586 1947 666 2012 ὡς
698 1947 924 2016 δέρῤεις
957 1949 1256 2019 Σολομὼν.
1282 1951 1475 2014 Καλῶς
1504 1953 1536 2022 ή
1565 1951 1708 2006 διδά-

167 2035 329 2097 σκαλος
353 2037 443 2103 ἀφ’
470 2029 549 2090 ὧν
575 2038 681 2091 ἔδει
702 2043 822 2103 ταῖς
848 2041 1311 2112 μαθητευομέναις
1332 2043 1526 2112 ψυχατς
1545 2045 1707 2114 ἄρχε-

164 2140 231 2176 ται
253 2129 520 2184 ποιεῖσθαι
545 2131 652 2184 τῶν
678 2133 898 2199 ἀγαθῶν
924 2135 1022 2204 τήν
1056 2136 1329 2205 ὑφήγησιν
1348 2151 1361 2163 ⁸
1395 2137 1449 2187 αἱ
1482 2136 1577 2204 μὲν
1600 2135 1706 2205 γὰρ

165 2215 425 2287 πμιθύμως
461 2220 672 2290 ἔχουσι,
701 2223 768 2276 δι’
791 2217 866 2277 ὧν
903 2225 1354 2292 ἐπαγγέλλονται,
1381 2226 1577 2287 παντὸς
1611 2226 1704 2278 ἀν·

163 2304 396 2372 θρωπίνου
463 2309 628 2378 λόγου
654 2351 668 2376 ,
731 2312 789 2366 ὃν
844 2309 985 2367 οἶνον
1037 2315 1311 2386 τροπικῶς
1361 2316 1703 2386 ὀνομάζουσι,

163 2400 536 2470 προτιμοτέραν
566 2402 835 2457 ποιεῖσθαι
879 2403 977 2474 τὴν
1021 2407 1084 2458 ἐκ
1121 2405 1230 2457 τῶν
1279 2405 1508 2472 λογικῶν
1537 2407 1707 2476 αὐτῆς

161 2485 319 2550 μαζῶν
346 2489 730 2559 ἀπορρέουσαν
781 2491 938 2562 χάριν
963 2532 976 2553 ,
1011 2485 1180 2556 οὕτως
1216 2495 1464 2548 είποῦσαι
1495 2496 1568 2565 τῷ
1611 2499 1707 2568 ρή-

162 2590 267 2639 ματι
285 2614 298 2637 ,
326 2578 402 2630 ὅτι
440 2579 867 2649 Ἀγαπήσομεν
891 2586 1166 2649 ιιασθούς
1195 2603 1309 2638 σου
1342 2586 1492 2654 ὑπὲρ
1517 2584 1702 2652 οἶνον,

158 2664 334 2731 ἐπειδή
363 2684 436 2722 σε
471 2671 518 2737 ή
547 2673 803 2739 εὐθύτης
830 2673 1166 2742 ἠγάπησεν.
1206 2677 1269 2729 Ἢ
1302 2677 1356 2730 δὲ
1390 2679 1706 2750 προσθήκην

162 2758 278 2807 ποιεῖ
304 2761 420 2822 ταῖς
463 2759 938 2832 μαθητευομὲναις
975 2765 1068 2817 τοῦ
1117 2769 1244 2837 περὶ
1280 2768 1449 2838 αὐτὴν
1495 2770 1705 2840 θαύμα⁴

157 2858 229 2906 τος
248 2846 346 2910 ’ὡς
365 2849 430 2902 ἂν
452 2849 662 2918 μᾶλλον
691 2851 954 2922 μάθοιμεν
983 2854 1080 2925 τὴν
1109 2856 1415 2928 ἀμέτρητον
1445 2857 1536 2911 τοῦ
1567 2877 1705 2930 νυμ-

158 2935 256 3000 eius
305 2939 759 3010 φιλανθρωπίαν,
815 2942 910 2996 τοῦ
962 2944 1048 2998 διά
1087 2947 1185 3016 τῆς
1231 2948 1451 3018 ἀγάπης
1479 2952 1704 3004 ἐπιϐάλ-

157 3023 311 3090 λοντος
329 3031 392 3100 τῇ
415 3032 778 3103 ἀγαπηθείσῃ
802 3034 861 3086 τὸ
891 3035 1102 3100 κάλλος.
1126 3037 1210 3107 Μὴ
1235 3039 1550 3112 θαυμάσητε
1575 3043 1702 3114 γὰρ,

1808 1954 2059 2015 rusalem,
2091 1954 2223 2006 sicut
2261 1950 2599 2005 tabernacula
2631 1949 2824 2016 Cedar,
2858 1950 2992 2002 sicut
3029 1949 3184 2018 pelles
3213 1948 3369 2003 Salo-

1805 2047 1995 2098 monis.
2041 2044 2207 2099 Recte
2247 2053 2426 2098 autem
2476 2043 2668 2112 incipit
2705 2041 2965 2112 magistra
3013 2057 3079 2095 ex
3133 2040 3201 2095 iis
3249 2055 3370 2109 quae

1805 2138 2048 2208 oportuit
2087 2137 2371 2190 animabus
2408 2151 2528 2206 qua:
2566 2137 2780 2189 discunt
2822 2135 3086 2190 bonorum
3129 2133 3370 2202 praebere

1804 2230 2246 2298 explicationem.
2277 2228 2410 2282 Nam
2438 2229 2542 2281 illa:
2567 2226 2808 2296 quidem,
2831 2242 2926 2295 per
2964 2241 3025 2280 ea
3053 2239 3172 2295 quae
3207 2226 3368 2294 proli-

1806 2331 2006 2383 tentur,
2041 2327 2168 2373 sunt
2197 2326 2445 2388 prompto
2469 2327 2520 2373 et
2552 2318 2717 2370 alacri
2751 2316 2958 2380 animo,
2989 2323 3046 2369 ut
3072 2315 3244 2370 cuivis
3271 2315 3370 2368 hu-

1806 2425 1979 2465 mana:
2007 2410 2227 2472 rationi,
2258 2425 2420 2478 quam
2466 2409 2672 2477 tropice
2703 2409 2885 2461 vinum
2908 2408 3210 2470 nominant,
3239 2423 3371 2476 prae-

1805 2499 1979 2555 ferant
1999 2515 2119 2569 qua:
2135 2516 2198 2554 ex
2223 2501 2429 2553 ratione
2454 2499 2694 2568 praeditis
2721 2498 2840 2565 ejus
2865 2498 3125 2552 uberibus
3152 2498 3368 2566 proﬂuit

1804 2593 2056 2662 gratiam,
2085 2593 2171 2646 his
2218 2591 2397 2644 verbis
2442 2589 2684 2643 dicentes
2716 2606 2730 2641 :
2771 2589 3057 2656 Diligemus
3088 2588 3244 2641 ubera
3276 2598 3368 2642 tua

1806 2698 1965 2749 supra
1995 2683 2198 2744 vinum,
2232 2681 2356 2748 quia
2396 2688 2442 2732 te
2494 2679 2684 2731 dilexit
2723 2678 3002 2732 rectitudo.
3041 2679 3157 2747 Ipsa
3186 2686 3365 2734 autem

1804 2772 2139 2826 discentibus
2184 2771 2330 2825 addit
2379 2771 2734 2832 miraculum,
2781 2769 2925 2839 (ιιιοὰ
2975 2772 3026 2821 in
3062 2785 3120 2822 se
3164 2770 3363 2822 factum

1803 2873 1903 2927 est,
1935 2870 1992 2916 ut
2020 2863 2192 2932 magis
2217 2861 2495 2916 discamus
2531 2861 2848 2915 immensam
2885 2861 3068 2928 sponsi
3107 2862 3326 2929 benigni
3348 2891 3361 2902 -

1804 2963 1989 3015 tatem,
2019 2953 2112 3022 qui
2143 2953 2351 3006 dilecta-
2384 2966 2477 3022 per
2509 2951 2854 3007 dilectionem
2892 2952 3088 3005 indidit
3123 2954 3363 3021 pulehri~

1806 3045 2068 3098 tudinem.
2111 3042 2306 3108 Nolite,
2342 3042 2539 3112 inquit,
2573 3043 2780 3106 mirari,
2819 3042 2962 3112 quod
2999 3058 3083 3097 me
3113 3044 3366 3097 dilexerit

157 3119 312 3215 ςησὶν,
341 3123 422 3175 ὃτι
465 3122 544 3193 μὲ
579 3123 806 3197 εὐθύτης
842 3129 1145 3199 ἠγάπησεν,
1188 3131 1302 3184 ἀλλ’
1329 3132 1411 3184 ὅτι
1449 3133 1704 3203 μέλαιναν

1811 3136 2113 3201 rectitudo;
2149 3135 2243 3189 sed
2277 3135 2418 3202 quod
2440 3173 2456 3199 ,
2485 3149 2606 3188 eum
2633 3134 2785 3204 nigra
2817 3149 2994 3188 essem
3029 3145 3280 3203 peccato,
3312 3145 3368 3200 et

154 3203 294 3264 οὖσαν
327 3212 383 3276 ἐξ
437 3215 722 3284 ἁμαρτίας
743 3255 758 3279 ,
793 3218 888 3271 καὶ
926 3223 1413 3293 προσῳκειωμένην
1446 3223 1522 3293 τῷ
1555 3223 1702 3294 ζόφῳ

156 3300 229 3353 διὰ
256 3304 356 3356 τῶν
380 3306 571 3376 ἔργων
589 3348 604 3370 ,
643 3308 811 3378 καλὴν
843 3309 931 3362 διά
961 3310 1059 3379 τῆς
1085 3312 1304 3383 ἀγάπης
1325 3314 1576 3385 ἐποίησεν
1595 3355 1609 3378 ,
1643 3316 1703 3368 τὸ

157 3390 263 3444 iam
288 3395 478 3458 κάλλος
536 3396 670 3465 πρὸς
715 3397 775 3450 τὸ
819 3399 950 3467 ἐμὸν
983 3397 1166 3470 αἶσχος
1217 3403 1700 3475 ἀνταλλαξάμενος.

154 3479 395 3547 Menesi;
422 3484 545 3554 γάρ
573 3485 710 3555 πρὸς
741 3487 928 3541 ἑαυτὸν
959 3489 1048 3542 τὸν
1092 3491 1199 3544 τῶν
1232 3492 1380 3562 ἐμῶν
1422 3496 1704 3566 ἁμαρτιῶν

158 3571 320 3638 ῥύπον,
356 3575 640 3645 μετέδωκέ
671 3594 759 3645 μοι
790 3578 888 3646 τῆς
918 3580 1109 3633 ἑαυτοῦ
1147 3582 1515 3654 καθαρότητος
1537 3626 1550 3649 ,
1589 3603 1704 3639 κοι-

155 3663 296 3716 νωνόν
333 3683 398 3734 με
451 3666 558 3718 τοῦ
611 3664 802 3719 ἑαυτοῦ
852 3667 1080 3732 κάλλους
1129 3672 1608 3743 ἀπεργασάμενος⁸
1648 3676 1705 3739 ὃς

156 3753 341 3820 πρῶτον
368 3755 634 3822 ἐποίησεν
664 3755 722 3820 ἐξ
751 3755 1018 3825 είδεχθοῦς
1066 3759 1334 3828 ἐρασμίαν
1354 3802 1368 3824 ,
1400 3761 1493 3814 καὶ
1537 3761 1707 3826 οὕτως

155 3843 434 3914 ἡτάπησεν.
472 3845 638 3900 Μετά
691 3847 861 3900 ταῦτα
909 3849 1274 3919 προτρέπεται
1321 3851 1420 3915 τάς
1466 3853 1707 3917 νεάνιδας

157 3936 230 3984 καὶ
258 3937 421 4000 αὑτάς
477 3937 738 4005 γενέσθαι
781 3939 979 4003 καλὰς,
1017 3941 1077 3993 τὸ
1122 3940 1240 3993 καθ’
1287 3942 1484 4012 ἑαυτὴν
1519 3944 1708 4008 κάλλος

155 4028 586 4094 προδεικνύουσα,
623 4029 740 4082 καθ’
774 4031 1063 4101 ὁμοιότητα
1090 4031 1183 4084 τοῦ
1229 4033 1464 4104 μεγάλου
1498 4035 1708 4089 Παύλου

156 4116 409 4183 λέγοντοςο
443 4121 709 4174 Γίνεσθε
737 4121 816 4186 ὡς
861 4120 976 4190 ἐγὼ
999 4162 1015 4188 ,
1046 4120 1136 4176 ὅτι
1172 4122 1333 4192 κάγὼ
1376 4125 1458 4190 ὡς
1503 4125 1670 4193 ὑμεῖς
1690 4141 1708 4158 ο

155 4209 249 4275 καὶ,
278 4212 550 4282 Μιμηται
578 4229 698 4280 μου
729 4214 987 4281 γίνεσθε,
1016 4214 1208 4280 καθὼς
1245 4214 1402 4284 κάγὼ
1429 4216 1706 4284 Χριστοῦ.

154 4302 237 4354 Διά
259 4303 414 4357 τοῦτο
442 4305 562 4373 γὰρ
593 4305 693 4358 οὐκ
719 4306 785 4375 ἐᾷ
817 4304 914 4368 τάς
960 4305 1402 4376 μαθητευομένας
1439 4309 1574 4378 αὐτῇ
1607 4308 1710 4378 ψυ-

153 4391 238 4460 χάς
262 4396 397 4466 πρὸς
424 4396 490 4450 τὸ
523 4397 851 4467 παρῳχηκὸς
877 4397 968 4450 τοῦ
1000 4397 1116 4467 βίου
1151 4397 1450 4467 βλεπούσας
1478 4400 1708 4454 ἀπελπί-

153 4480 251 4544 ζειν
293 4486 385 4539 τοῦ
433 4487 688 4554 γίνεσθαι
719 4487 888 4552 καλάς
909 4505 923 4519 ο
955 4489 1088 4542 ἀλλά
1118 4489 1251 4560 πρὸς
1281 4490 1447 4561 αὐτὴν
1497 4491 1709 4562 ὁρώσας

151 4573 287 4629 who
320 4578 623 4648 μανθάνειν
649 4577 738 4631 διά
757 4578 851 4632 τοῦ
892 4580 1309 4650 ὑποδείγματος,
1337 4582 1418 4634 ὅτι
1449 4581 1510 4634 τὸ
1535 4583 1709 4653 παρὸν

151 4663 337 4726 γίνεται
372 4666 472 4720 τοῦ
507 4668 897 4738 παρῳχηκότος
923 4670 1294 4740 προκάλυμμα
1313 4712 1327 4734 ,
1363 4671 1454 4723 ἐάν
1484 4672 1710 4742 ἄμωμον

151 4749 198 4823 ᾖ.
227 4756 386 4826 Λέγει
412 4759 529 4828 γάρ
546 4799 561 4823 ,
595 4759 677 4811 ὅτι
701 4759 820 4811 Κᾶν
853 4758 946 4811 νῦν
977 4778 1077 4830 μου
1104 4760 1386 4830 ἐπιλάμπῃ
1410 4760 1469 4812 τὸ
1495 4761 1708 4826 κάλλος,

150 4845 278 4915 ὅμοι
320 4849 410 4900 διὰ
451 4849 550 4901 τοῦ
586 4848 937 4918 ἀγαπηθῆναι
971 4850 1119 4920 πάρά
1157 4851 1256 4920 τῆς
1297 4851 1584 4921 εὐθύτητος
1615 4855 1710 4904 ἐπ-

153 4937 455 5008 εμορφὼθη,
489 4938 606 4991 ἀλλ’
636 4933 752 4992 οἶδα
787 4940 1026 5010 ἐμαυτὴν
1058 4941 1120 4993 ού
1154 4941 1410 5011 λαμπράν
1449 4938 1612 4994 οὖσαν
1651 4944 1713 4996 τὸ

151 5032 418 5098 καταρχὰς
438 5069 454 5091 ,
489 5030 627 5083 ἀλλὰ
659 5030 934 5099 μέλαιναν.
965 5032 1036 5083 Τὸ
1064 5031 1120 5084 δὲ
1149 5031 1386 5084 τοιοῦτον
1421 5027 1557 5095 εἶδος
1591 5036 1714 5102 περὶ

152 5116 258 5183 ἐμὲ.
288 5119 349 5170 τὸ
402 5119 681 5174 σκοτεινὸν
727 5119 822 5171 καὶ
878 5117 1146 5188 ζοφῶδες,
1193 5121 1221 5171 ὁ
1275 5119 1556 5189 προλαϐὼν
1603 5119 1714 5187 βίος

151 5207 412 5276 ἐποίησεν.
460 5208 602 5261 Ἀλλ’
628 5210 776 5279 ὅμως
806 5211 980 5262 ἐκεῖνο
1003 5205 1135 5262 οὖσα
1161 5248 1174 5270 ,
1200 5208 1357 5262 τοῦτὸ
1394 5213 1530 5280 εἰμι.
1570 5212 1715 5265 Μετ-

152 5299 444 5370 εσκευάσθη
482 5299 592 5371 γάρ
617 5300 677 5353 τὸ
705 5301 952 5370 ὁμοίωμα
983 5301 1076 5355 τοῦ
1109 5303 1330 5370 αἴσχους
1362 5303 1438 5364 εἰς
1490 5302 1714 5363 κάλλους

153 5393 375 5460 μ’)ρφῆν·
399 5391 519 5444 Καὶ
542 5392 696 5460 ὑμεῖς
716 5393 913 5455 τοίνυν,
940 5386 984 5444 ὦ
1005 5392 1302 5462 θυγατέρες
1342 5393 1709 5464 Ἰερουσαλὴμ,

151 5481 482 5550 ἐπιϐλέψατε
519 5483 650 5552 πρὸς
679 5485 778 5553 τήν
811 5484 1020 5555 μητέρα
1060 5484 1212 5554 ὑμῶν
1246 5484 1340 5554 τὴν
1373 5484 1484 5538 ἀνω
1525 5486 1714 5554 Ἰερου-

154 5567 340 5638 σαλήμ.
380 5571 446 5622 Εἰ
497 5572 590 5622 καὶ
628 5573 958 5642 σκηνώματα
1008 5573 1098 5626 τοῦ
1141 5573 1329 5641 Κηδάρ
1369 5569 1496 5642 ἦτε,
1535 5573 1619 5626 διὰ
1654 5574 1714 5625 τὸ

215 5748 232 5774 ⁶
256 5745 419 5801 Num.
458 5764 570 5808 xu,
592 5750 622 5802 *2
648 5769 764 5821 sqq.
844 5753 860 5782 "
907 5753 1072 5806 lCnr.
1105 5769 1196 5815 vn,
1224 5752 1274 5804 ἲ.

1803 3242 1899 3300 per
1927 3241 2089 3295 opera
2140 3224 2314 3278 amnis
2341 3239 2517 3279 essem
2564 3229 2617 3278 et
2646 3224 2940 3292 conjuncta
2983 3225 3244 3288 tenebris,
3281 3240 3366 3278 me

1805 3317 2084 3387 pulchram
2124 3313 2311 3369 fecerit
2353 3330 2446 3383 per
2494 3314 2873 3378 dilectionem,
2925 3330 3021 3368 sua
3060 3315 3364 3385 pulchritu-

1805 3407 1930 3461 dine
1958 3414 2287 3460 eommutata
2333 3419 2456 3460 eum
2491 3419 2609 3459 mea
2653 3405 3008 3474 turpitudine.
3039 3405 3094 3459 in
3127 3421 3184 3461 se
3215 3407 3361 3461 enim

1805 3499 2083 3553 translatis
2133 3497 2385 3552 sordibus
2425 3511 2667 3550 meorum
2710 3509 3088 3566 peccatorum,
3130 3514 3217 3552 me
3267 3515 3364 3552 sua

1807 3585 2044 3656 puritate
2093 3585 2386 3652 impertiit,
2440 3584 2677 3639 elliciens
2729 3587 3043 3655 participem
3096 3603 3209 3641 sua:
3248 3590 3367 3656 pul-

1807 3674 2167 3735 chritudinis,
2215 3673 2308 3742 qui
2349 3688 2412 3726 ex
2453 3672 2682 3727 deformi
2729 3674 2961 3742 primum
3006 3674 3132 3727 fecit
3163 3677 3368 3728 amabi-

1809 3765 1934 3825 lem,
1969 3774 2020 3818 et
2054 3765 2133 3817 sic
2162 3763 2368 3817 dilexit.
2401 3761 2591 3816 Postea
2619 3762 2940 3816 adhortatur
2971 3765 3117 3831 ipsas
3150 3779 3368 3832 quoque

1809 3854 2241 3909 adolescentulus
2262 3892 2276 3916 ,
2312 3861 2371 3906 ut
2395 3853 2503 3907 sint
2533 3853 2787 3921 pulchrae,
2817 3854 2967 3922 prius
2997 3869 3150 3908 suam
3183 3863 3368 3908 osten-

1809 3949 1945 4003 dens
1998 3946 2485 4018 pulchritudinem,
2549 3963 2653 3998 nun
2708 3961 2868 4000 secus
2914 3956 3076 4016 atque
3136 3962 3366 4016 magnus

1809 4036 2010 4093 Paulus
2067 4037 2158 4106 qui
2204 4035 2337 4090 dicit
2366 4035 2385 4065 ⁷
2423 4055 2436 4089 :
2475 4033 2658 4088 Estote
2703 4036 2837 4088 sicut
2881 4052 2993 4105 ego,
3041 4052 3162 4088 nam
3197 4046 3244 4090 et
3275 4053 3366 4104 ego

1810 4129 1947 4179 sicut
1988 4143 2110 4190 vos;
2148 4133 2241 4181 et:
2279 4123 2459 4178 Estote
2499 4125 2597 4178 mei
2652 4125 2978 4186 imitatores,
3028 4124 3162 4177 sicut
3199 4133 3248 4177 et
3277 4141 3368 4193 ego

1811 4215 2066 4270 Christi".
2108 4215 2208 4270 Per
2234 4215 2348 4270 haec
2380 4214 2523 4269 enim
2550 4229 2662 4269 non
2703 4214 2831 4268 sinit
2865 4222 2922 4266 ut
2952 4229 3071 4283 quae
3102 4230 3132 4268 a
3181 4230 3240 4269 se
3268 4215 3367 4268 do-

1811 4312 2002 4357 centur
2031 4303 2256 4367 animae,
2306 4304 2371 4357 ad
2413 4303 2577 4358 vitam
2624 4303 2954 4372 aspicientes
3002 4304 3365 4373 praeteritam,

1811 4393 2099 4463 desperent
2126 4410 2193 4448 ne
2237 4393 2475 4462 pulchrae
2507 4393 2639 4446 ﬁant
2670 4410 2686 4448 :
2715 4394 2810 4449 sed
2847 4393 2914 4447 ad
2947 4395 3119 4463 ipsam
3156 4395 3371 4446 intuen-

1742 4481 1785 4536 D
1812 4497 1894 4540 tes
1940 4485 2042 4539 hoc
2087 4484 2332 4553 exemplo
2375 4483 2616 4548 discant,
2658 4484 2800 4553 quod
2835 4499 3071 4554 praesens
3125 4486 3196 4540 sit
3233 4501 3370 4554 prte-

1813 4576 1956 4632 teriti
2005 4575 2356 4644 operculum,
2412 4574 2459 4628 si
2507 4574 2558 4629 id
2590 4575 2725 4629 nulli
2771 4577 2842 4630 sit
2890 4574 3046 4630 aliine
3080 4578 3372 4644 reprehen-

1813 4666 1973 4721 sioni.
2022 4663 2164 4718 Dicit
2196 4664 2340 4719 enim
2371 4679 2384 4716 ε
2415 4663 2566 4720 Licet
2603 4680 2718 4720 mea
2765 4677 2910 4722 nunc
2941 4666 3219 4736 splendeat
3255 4671 3374 4736 pul-

1813 4756 2066 4810 chritudo
2085 4797 2099 4819 ,
2127 4769 2246 4824 quze
2279 4756 2411 4809 mihi
2441 4755 2539 4810 fuit
2576 4756 2888 4821 informata,
2914 4767 3195 4828 propterea
3226 4761 3371 4828 quod

1812 4847 2008 4900 dilecta
2042 4846 2236 4899 fuerim
2264 4861 2294 4898 a
2331 4847 2676 4912 rectitudine,
2707 4849 2823 4903 scio
2853 4859 3028 4903 tamen
3055 4865 3139 4904 me
3167 4866 3195 4903 a
3223 4851 3376 4919 prino

1813 4938 1958 5008 eipio
1986 4953 2092 4992 non
2126 4938 2295 4993 fuisse
2321 4939 2619 5009 elegantem
2647 4956 2709 4993 ae
2737 4941 2986 5005 nitidam,
3012 4940 3106 4996 sed
3140 4943 3370 5011 nigram.

1816 5027 1964 5081 llane
2003 5023 2182 5082 autem
2229 5035 2402 5082 atram
2449 5044 2513 5083 ac
2563 5031 2990 5096 tenebricosam,
3035 5048 3156 5100 qua:
3205 5035 3374 5086 inme

1813 5129 1950 5183 erat,
1975 5119 2212 5200 formam
2251 5135 2366 5174 mea
2403 5121 2528 5174 fecit
2567 5123 2696 5174 vita.
2732 5121 2837 5177 Sed
2873 5132 3052 5176 tamen
3082 5137 3204 5176 eum
3241 5123 3373 5175 illud

1815 5226 2012 5273 essent,
2051 5210 2151 5263 hoc
2191 5225 2333 5264 sum.
2373 5210 2463 5264 Illa
2493 5210 2636 5263 enim
2671 5219 2860 5266 nostra
2897 5213 3242 5265 tenebrarum
3299 5214 3374 5266 si-

1823 5301 2070 5355 militudo
2099 5309 2458 5356 transmutata
2489 5310 2572 5356 est
2595 5305 2647 5355 in
2669 5301 2896 5356 formam
2925 5303 3370 5370 pulchritudinis.

1822 5389 1884 5442 Et
1913 5406 2008 5444 vos
2035 5405 2183 5460 ergo,
2217 5405 2249 5443 ο
2279 5389 2399 5444 lilia:
2424 5387 2742 5455 Jerusalem,
2780 5392 3006 5458 aspicite
3036 5392 3102 5444 ad
3134 5399 3372 5445 vestram

1821 5489 2048 5535 matrem
2101 5497 2390 5551 supernam
2422 5480 2742 5536 Jerusalem.
2789 5481 3013 5538 Etiamsi
3061 5481 3252 5536 essetis
3289 5492 3370 5532 ta-

1824 5573 2112 5628 bernacula
2141 5574 2331 5636 (Zeilar,
2382 5585 2659 5643 propterea
2699 5573 2841 5643 quod
2877 5575 2928 5626 in
2981 5574 3129 5627 vobis
3163 5569 3377 5626 inhabi-

1352 5752 1370 5778 ⁸
1400 5751 1410 5803 Ι
1442 5749 1564 5804 Cul'.
1603 5767 1673 5814 IV,
1723 5752 1802 5805 16.
