3928 6196
545 311 639 367 791

1797 319 1855 374 S.
1890 314 2220 376 GREGORII
2255 319 2552 380 NYSSENI

3621 343 3708 403 732

542 437 681 482 taret
725 430 1303 502 princeps-potestatis
1338 433 1684 489 tenebrarum
1725 435 1935 504 (dictio
1963 437 2090 492 enin

2210 439 2487 509 ἐνοικῆσαι
2516 445 2574 496 ὲν
2609 446 2738 516 ὑμῖν
2777 447 2868 500 τὸν
2896 447 3130 519 ἄρχοντα
3159 448 3256 519 τῆς
3291 449 3514 518 ἐξουσίας
3534 454 3616 509 τοῦ
3635 459 3705 511 al-

539 518 717 574 Cedar
765 521 1034 591 signiﬁcat
1077 523 1586 597 obsecrationem),
1621 527 1776 584 eritis
1811 529 1979 597 pelles
2010 528 2112 582 Sa-

538 611 806 676 lomonis,
840 614 943 668 hoc
973 623 1058 670 est
1087 615 1242 671 eritis
1284 618 1543 687 templum
1577 620 1743 690 regis,
1776 635 1900 675 cum
1934 620 1988 674 in
2018 636 2110 675 vo-

539 699 622 754 bis
669 699 985 756 inhabitarit
1021 713 1112 757 rex
1166 702 1444 760 Salomon.
1494 704 1753 764 Salomon
1808 716 1987 764 autem
2027 718 2110 764 est

538 789 828 857 paciﬁcus,
880 793 972 861 qui
1015 806 1043 845 a
1079 808 1212 863 pace
1255 810 1451 850 nomen
1486 797 1718 866 accepit.
1748 790 1923 853 Pelles
1962 800 2108 853 enim

539 876 847 934 Salomonis
897 895 962 934 ex
1030 889 1185 950 parte
1248 885 1554 940 nominavit
1605 895 1778 941 totum
1844 889 2106 943 ambitum

535 969 668 1038 regii
713 970 1075 1027 tabernaculi.
1126 972 1185 1029 In
1225 975 1329 1030 hoc
1369 993 1532 1032 sensu
1568 979 1701 1033 mihi
1748 979 1963 1034 videtur
1993 995 2109 1033 ma-

535 1075 676 1128 guns
721 1060 810 1115 ille
847 1061 1050 1118 Paulus
1085 1066 1330 1134 proxime
1374 1069 1730 1133 constitisse,
1764 1069 1818 1124 in
1865 1070 2106 1138 Epistola

531 1150 599 1204 ad
643 1149 920 1209 Romanos
946 1154 990 1218 ³,
1021 1156 1111 1210 ubi
1163 1156 1254 1212 Dei
1301 1159 1354 1212 in
1388 1175 1491 1215 nos
1530 1161 1873 1216 commendat
1923 1162 2106 1216 chari-

530 1250 719 1309 tatem,
753 1246 897 1314 quod
923 1262 1022 1302 nos
1054 1257 1369 1318 peccatores
1401 1268 1524 1307 cum
1556 1269 1827 1318 essemus,
1854 1263 1907 1309 et
1937 1254 2102 1323 nigri,

530 1333 833 1391 lnminosos
880 1336 1073 1392 iecerit
1108 1350 1162 1394 et
1209 1342 1473 1399 amabiles
1506 1345 1855 1414 resplendere
1904 1347 2100 1417 gratia.

528 1423 814 1489 Quomodo
863 1426 1008 1480 enim
1062 1436 1229 1484 noctu
1287 1445 1410 1485 cum
1448 1434 1726 1497 tenebris,
1761 1450 1883 1505 qua:
1924 1436 2103 1490 domi-

527 1523 748 1580 nantur,
785 1517 948 1571 simul
977 1519 1267 1590 nigrantur
1289 1524 1494 1588 omnia,
1529 1525 1745 1581 etiamsi
1782 1542 1879 1581 sua
1905 1535 2100 1581 natura

527 1607 636 1660 sint
668 1607 951 1676 splendida
972 1650 987 1673 ,
1020 1611 1342 1678 adveniente
1375 1625 1553 1669 autem
1599 1617 1754 1681 luce,
1789 1618 1842 1671 in
1887 1618 1954 1673 iis
1981 1633 2102 1687 qua:

526 1698 767 1752 tenebris
792 1707 844 1753 et
879 1700 1111 1771 caligine
1134 1710 1290 1756 erant
1319 1702 1644 1769 obscurata,
1678 1721 1784 1759 non
1811 1716 1992 1762 manet
2024 1708 2100 1762 si-

2215 547 2376 601 σχους
2407 533 2749 608 (σκοτασμὺς
2782 537 2892 612 γὰρ
2935 541 2972 610 ἡ
3016 539 3114 593 τοῦ
3143 540 3321 613 Κηδὰρ
3350 541 3480 606 λέξις
3521 542 3706 618 διερμη-

2213 622 2447 694 νεύεται)
2468 666 2482 689 ,
2524 626 2734 698 δέρρεις
2775 629 2871 682 τοῦ
2904 630 3242 705 Σολομῶντος
3275 634 3539 703 γενήσεσθε
3562 674 3576 698 ,
3609 653 3710 690 του-

2209 712 2378 778 τέστι,
2402 715 2524 778 ναὸς
2552 716 2645 769 τοῦ
2680 717 2944 787 βασιλέως
2972 719 3158 774 ἔσεσθε
3184 761 3198 785 ,
3229 723 3285 774 ὲν
3307 722 3425 792 ὑμῖν
3446 725 3714 794 οἰκήσαντος

2209 800 2302 852 τοῦ
2327 800 2586 870 βασιλέως
2599 806 2960 877 Σολομῶντος.
2979 806 3227 879 Σολομὼν
3242 810 3296 863 δὲ
3315 812 3561 880 εἰρηνικός
3577 814 3714 878 ἐστιν,

2209 886 2238 938 ὁ
2266 890 2330 959 τῇ
2361 891 2548 962 εἰρήνῃ
2576 892 2883 964 ἐπώνυμος.
2917 895 3140 968 Δέρρεις
3171 898 3275 967 γὰρ
3304 897 3610 969 Σολομῶντος
3632 901 3718 953 ἀπὸ

2212 979 2407 1050 μέρους
2458 985 2641 1038 πᾶσαν
2663 986 2764 1056 τῆς
2795 986 3078 1060 βασιλικῆς
3125 991 3322 1060 σκηνῆς
3350 991 3443 1060 τὴν
3472 991 3717 1063 περιϐολὴν

2208 1073 2580 1144 κατωνόμασε.
2613 1077 2836 1142 Τούτοις
2861 1097 2950 1150 μοι
2975 1080 3124 1134 δοκεῖ
3146 1084 3254 1145 τοῖς
3284 1083 3526 1152 νοήμασιν
3555 1083 3720 1153 ὁμοίιος

2207 1161 2418 1227 Παῦλος
2457 1168 2882 1240 προσεχέστερον
2926 1173 2984 1223 ὲν
3027 1173 3093 1240 τῇ
3129 1171 3262 1241 πρὸς
3301 1171 3572 1239 Ῥωμαίους
3600 1172 3720 1240 φιλοο

2207 1253 2474 1324 χωρῆσαι,
2499 1257 2692 1326 λέγων,
2726 1262 2784 1314 ὲν
2813 1256 2893 1325 οἷς
2919 1263 3196 1332 συνίστησι
3233 1263 3323 1317 τοῦ
3353 1263 3481 1317 Θεοῦ
3511 1263 3596 1334 τὴν
3619 1265 3724 1333 περὶ

2205 1345 2351 1412 ἡμᾶς
2379 1346 2598 1417 ἀγάπην
2623 1389 2637 1413 ,
2667 1351 2748 1404 ὅτι
2781 1353 3134 1423 ἁμαρτωλοὺς
3165 1359 3308 1426 ἡμᾶς
3347 1358 3495 1421 ὄντας
3531 1359 3612 1411 καί
3645 1358 3722 1428 μέ·

2204 1434 2368 1500 λανσς
2389 1479 2405 1504 ,
2440 1442 2745 1508 φωτοειδεῖς
2786 1445 2879 1499 καὶ
2909 1447 3205 1517 ἐρασμίους
3247 1449 3334 1502 διὰ
3365 1447 3456 1502 τοῦ
3496 1450 3723 1521 περιλάμ-

2201 1525 2300 1594 ψαι
2324 1527 2421 1598 τὴν
2452 1531 2612 1602 χάριν
2645 1533 2921 1604 ἐποίησεν.
2952 1537 3165 1609 Ὥσπερ
3199 1541 3306 1610 γὰρ
3337 1541 3393 1595 ὲν
3419 1542 3560 1594 νυκτί
3582 1542 3724 1594 πάντα

2200 1617 2280 1688 τῷ
2301 1620 2683 1692 ἐπικρατοῦντι
2717 1628 3145 1698 συμμελαίνεται
3171 1631 3316 1702 ζόφῳ
3341 1672 3357 1696 ,
3395 1631 3492 1685 κᾶν
3537 1631 3726 1702 λαμπρὰ

2201 1711 2341 1766 κατὰ
2377 1714 2536 1783 φύσιν
2579 1717 2705 1772 ὄντα
2752 1720 2888 1792 τύχη
2914 1740 2928 1753 ο
2966 1725 3141 1792 φωτὸς
3178 1725 3237 1778 δὲ
3288 1726 3638 1788 ἐπιλαϐόντος,
3675 1724 3726 1777 οὐ

525 1789 774 1844 militudo
805 1789 894 1844 illa
918 1793 1301 1848 tenebrarum:
1330 1795 1402 1848 ita
1435 1797 1596 1850 etiam
1631 1798 1882 1852 traducta
1917 1801 2090 1855 anima

2202 1807 2502 1877 παραμένει
2539 1813 2653 1874 τοῖς
2694 1813 2752 1864 ἐν
2910 1789 3058 1887 ζόιρῳ
3092 1817 3443 1871 σκοτισθεῖσιν
3472 1819 3505 1888 ἡ
3542 1817 3659 1886 πρδς
3677 1816 3728 1870 τδ

523 1883 592 1934 ab
633 1897 820 1938 errore
875 1883 942 1937 ad
995 1885 1311 1949 veritatem,
1365 1889 1653 1944 tenebrosa
1702 1907 1920 1962 quoque
1975 1895 2098 1948 vitm

523 1972 698 2025 forma
751 1973 915 2028 simul
970 1982 1213 2029 mutatur
1265 1979 1332 2031 ad
1385 1978 1623 2033 lucidam
1677 1983 1928 2052 gratiam.
1971 1983 2096 2040 llaec

521 2071 702 2116 autem
751 2064 911 2117 etiam
958 2065 1023 2119 ad
1070 2060 1449 2135 Timotheum,
1499 2084 1620 2138 quae
1671 2071 1740 2125 ad
1775 2074 2095 2130 adolescen-

521 2154 663 2208 tulas
701 2154 834 2208 dicit
862 2155 1065 2210 Christi
1095 2172 1295 2226 sponsa
1318 2199 1332 2221 ,
1367 2160 1569 2217 Paulus
1598 2178 1664 2217 ex
1698 2163 1857 2235 nigro
1904 2176 2094 2236 postea

521 2246 698 2299 factus
742 2245 1097 2314 splendidus,
1153 2249 1297 2317 quod
1339 2251 1456 2320 ipse
1503 2268 1722 2324 quoque
1769 2255 1969 2326 dignus
2023 2259 2094 2314 sit

520 2339 740 2394 habitus
775 2340 866 2409 qui
911 2338 1064 2395 ﬁeret
1091 2342 1338 2411 pulcher,
1379 2347 1471 2414 qui
1515 2349 1668 2416 prius
1694 2359 1812 2402 erat
1843 2350 2094 2421 blasphe-

517 2445 663 2493 mus,
693 2437 747 2483 et
787 2439 1126 2500 persecutor,
1153 2440 1207 2486 et
1252 2436 1684 2493 contumeliosus
1717 2439 1782 2504 ⁸ο,
1809 2451 1859 2494 et
1894 2442 2047 2512 niger
2075 2462 2087 2496 :

516 2528 571 2573 et
612 2520 756 2590 quod
804 2521 1058 2578 Christus
1107 2526 1317 2580 venerit
1367 2526 1420 2579 in
1455 2527 1754 2593 mundum,
1814 2537 1872 2583 ut
1904 2531 2091 2601 nigros

517 2614 720 2666 faceret
768 2613 1115 2683 splendidos,
1167 2632 1274 2670 non
1300 2616 1479 2685 justos
1529 2617 1597 2672 ad
1627 2634 1686 2674 se
1721 2636 1952 2689 vocans,
1994 2623 2090 2678 sed

515 2711 831 2772 peccatores
865 2704 931 2758 ad
973 2706 1382 2776 pmnitentiam,
1418 2725 1557 2780 quos
1602 2711 1824 2767 lavacro
1862 2729 2100 2784 regene-.

514 2793 745 2847 rationis
775 2794 957 2848 lucere
986 2795 1113 2850 fecit
1143 2805 1397 2867 tanquam
1430 2799 1721 2854 luminaria
1743 2840 1757 2866 ,
1799 2804 2088 2857 tenebrosa

514 2901 702 2939 eorum
748 2885 922 2941 forma
962 2902 1057 2957 per
1096 2905 1293 2960 aquam
1344 2892 1552 2947 abluta.
1585 2891 1700 2947 Hoc
1744 2893 1909 2948 etiam
1945 2896 2090 2950 videt

512 2979 708 3032 oculus
750 2977 913 3033 David
951 2980 1004 3034 in
1057 2996 1294 3051 superna
1334 2983 1590 3050 civitate,
1625 2995 1678 3040 et
1705 2986 1936 3040 miratur
1966 3003 2087 3057 spe-

513 3068 808 3132 ctaculum,
855 3085 1048 3140 nempe
1091 3072 1550 3141 quemadmodum
1594 3075 1649 3128 in
1701 3073 1793 3130 Dei
1827 3076 2083 3143 civitate,

511 3159 578 3211 de
609 3173 714 3228 qua
743 3159 889 3213 dicta
937 3137 1064 3215 sunt
1107 3137 1368 3231 —gloriosa,
1400 3162 1642 3235 Babylon
1673 3165 1997 3235 collocatur,
2029 3137 2084 3223 et
2113 3137 2154 3194 ο

515 3248 662 3304 llaab
692 3251 946 3306 meretrix
992 3267 1194 3323 sponsa
1241 3253 1494 3320 ellicitur,
1545 3255 2084 3329 alienigenaeque,et

512 3338 690 3410 Tyrus
725 3350 777 3395 et
804 3343 1036 3412 populus
1064 3342 1384 3416 IEthiopum
1418 3349 1474 3402 in
1500 3362 1566 3402 ea
1593 3349 1873 3404 exsistunt
1899 3369 1911 3405 :
1945 3350 2082 3408 adeo

510 3441 570 3486 ut
600 3447 759 3487 nemo
801 3433 973 3503 possit
1013 3435 1247 3504 amplius
1299 3437 1426 3492 huic
1469 3439 1676 3492 civitati
1716 3439 2082 3497 habitatorum

509 3528 840 3596 exprobrare
856 3530 1205 3586 solitudinem
1221 3530 1410 3588 dicens
1431 3551 1444 3586 :
1467 3531 1741 3605 Numquid
1759 3536 1891 3592 Sion
1907 3536 2042 3591 dicet
2064 3555 2084 3592 :

509 3619 679 3674 Homo
710 3632 867 3675 natus
897 3632 972 3676 est
1008 3624 1060 3676 in
1087 3640 1149 3676 ea
1172 3625 1250 3678 “?
1292 3623 1426 3679 Nam
1457 3627 1568 3682 illic
1595 3643 1815 3698 quoque
1854 3629 2082 3685 tribules

510 3712 746 3767 civitatis
777 3713 909 3766 liunl
939 3714 1274 3785 alienigenae,
1305 3724 1358 3770 et
1398 3714 1884 3790 llierosolymitani
1913 3718 2086 3792 Baby-

510 3803 668 3868 Iunii,
701 3812 755 3859 et
797 3805 948 3876 virgo
1001 3808 1280 3872 meretrix,
1333 3819 1382 3864 et
1418 3810 1637 3866 candidi
1680 3811 1998 3884 Ethiopes,
2029 3821 2083 3869 et

509 3894 685 3965 Tyrus
711 3912 945 3966 superna
969 3899 1186 3954 civitas.
1219 3899 1294 3954 Ita
1322 3901 1410 3956 hic
1440 3919 1660 3974 quoque
1680 3919 1883 3974 sponsa
1907 3921 2083 3975 prom-

509 3994 630 4053 ptas
657 3995 708 4039 et
741 3990 921 4040 animo
946 3987 1156 4044 alacres
1184 3991 1362 4046 reddit
1406 3992 1544 4048 ﬁlias
1576 3993 1903 4058 Jerusalem,
1932 4011 2082 4050 eom-

511 4074 773 4130 mcudaus
817 4077 1001 4146 sponsi
1045 4079 1377 4147 bonitatem,
1422 4083 1566 4151 quod
1616 4085 1838 4139 etiamsi
1867 4087 2078 4156 nigram

507 4166 774 4230 aereperit
801 4168 1060 4231 animam,
1094 4185 1188 4237 per
1209 4185 1326 4224 eam
1349 4187 1470 4241 quae
1495 4188 1620 4226 cum
1651 4173 1768 4242 ipso
1794 4175 2082 4231 intercedit

507 4258 943 4324 cmijunctionem
967 4298 981 4322 ,
1017 4260 1191 4314 reddit
1224 4261 1527 4330 pulchram,
1567 4273 1621 4318 et
1664 4264 1710 4319 si
1738 4265 1863 4335 quis
1898 4268 1968 4322 sit
2000 4275 2080 4320 ta-

507 4350 861 4404 bcrnaculutn
909 4348 1103 4419 Cedar,
1145 4352 1204 4406 [it
1237 4353 1376 4408 lucis
1417 4354 1787 4410 habitaculum
1822 4359 1933 4412 veri
1981 4358 2080 4413 Sa-

2200 1897 2389 1961 σκότος
2418 1900 2675 1968 ὁμοίωσις
2698 1921 2713 1936 ’
2745 1903 2889 1959 οὕτω
2917 1909 3307 1980 μετατεθείσης
3334 1909 3428 1980 τῆς
3453 1909 3614 1978 ψυχῆς
3641 1908 3729 1961 ἀπὸ

2197 1991 2297 2060 τῆς
2325 1991 2532 2063 πλάνης
2563 1994 2698 2064 πρὸς
2731 1995 2830 2068 τὴν
2866 1999 3127 2070 ἀλήθειαν
3149 2045 3162 2067 ,
3195 2001 3292 2054 καὶ
3319 2004 3353 2073 ἡ
3391 2001 3620 2072 σκοτεινὴ
3653 1997 3729 2054 τοῦ

2199 2079 2314 2150 βίον
2351 2084 2533 2154 μορφὴ
2564 2085 2700 2156 πρὸς
2730 2087 2834 2157 τὴν
2866 2092 3133 2162 φωτεινὴν
3175 2093 3334 2164 χάριν
3389 2090 3730 2163 συμμεταϐάλ-

2195 2172 2362 2227 λεται.
2405 2173 2591 2228 Ταῦτα
2638 2176 2731 2230 καὶ
2767 2179 2904 2248 πρὸς
2955 2181 3048 2234 τὸν
3091 2183 3392 2254 Τιμόθεον,
3425 2182 3460 2237 ἃ.
3503 2181 3626 2253 πρὸς
3651 2180 3730 2242 τὰς

2195 2263 2437 2328 νεάνιδας
2485 2265 2635 2335 λέγει
2671 2269 2704 2338 ὴ
2745 2269 2840 2322 τοῦ
2867 2271 3105 2340 Χριστοῦ
3151 2274 3372 2345 νύμφη,
3415 2277 3443 2328 ὁ
3468 2273 3735 2337 Παῦλος,ό

2194 2355 2442 2426 λαμπρὸς
2472 2358 2535 2410 ἐκ
2565 2359 2792 2428 μέλανος
2829 2362 2966 2431 μετὰ
3001 2363 3180 2419 ταῦτα
3205 2365 3488 2435 γενόμενος
3511 2404 3526 2428 .
3553 2364 3627 2418 ὅτι
3646 2380 3733 2416 ,και

2192 2446 2282 2510 λὸς
2306 2447 2510 2518 ἠξιώθη
2543 2451 2634 2502 καὶ
2665 2451 2824 2515 αὐτὸς
2849 2454 3142 2522 γενέσθαι,
3179 2459 3208 2510 ὁ
3244 2457 3500 2528 πρότερον
3527 2456 3736 2525 βλάσφη-

2195 2556 2293 2607 μος
2317 2538 2393 2591 ὢν
2417 2579 2432 2603 ,
2468 2543 2561 2594 καί
2581 2542 2816 2614 διώκτης
2841 2583 2856 2608 ,
2887 2547 2982 2600 καὶ
3013 2547 3282 2620 ὑϐριστὴς
3302 2590 3316 2610 .
3346 2550 3440 2602 καὶ
3469 2549 3645 2619 μέλαςο
3669 2549 3735 2601 ὅτι

2190 2629 2424 2698 Χριστὸς
2451 2634 2530 2695 εἰς
2554 2634 2645 2686 τὸν
2675 2636 2878 2706 κόσμον
2908 2634 3039 2709 ἦλθε
3078 2638 3374 2712 λαμπροὺς
3399 2641 3607 2710 ποιῆσαι
3634 2638 3740 2701 τοὺς

2194 2720 2432 2789 μέλανας
2451 2762 2465 2785 ,
2489 2724 2550 2776 οὺ
2573 2725 2812 2790 δικαίους
2843 2729 2980 2800 πρὸς
3003 2730 3202 2785 ἑαυτὸν
3223 2731 3422 2795 καλῶν,
3447 2731 3575 2784 ἀλλά
3597 2731 3740 2800 ἁμαρ-

2188 2811 2391 2876 τωλοὺς
2415 2816 2494 2878 εἰς
2525 2817 2833 2886 μετάνοιαν,
2864 2819 2956 2883 οὓς
2981 2821 3059 2892 τῷ
3085 2822 3302 2894 λουτρῷ
3327 2825 3425 2894 τῆς
3455 2823 3740 2890 παλιγγενε·

2191 2902 2310 2966 σίας
2337 2903 2571 2974 λάμπειν
2599 2907 2674 2972 ὡς
2701 2912 2994 2982 φωστῆρας
3023 2914 3253 2986 ἐποίησε
3279 2953 3294 2979 ,
3326 2915 3387 2968 τὸ
3414 2914 3634 2982 ζοφῶδες
3657 2913 3737 2965 azi-

2186 2993 2296 3046 τῶν
2317 2989 2455 3058 εἶδος
2479 2997 2795 3063 ἀποκλύσας
2819 3001 2896 3071 τῷ
2921 3001 3096 3058 ῦδατι.
3123 3005 3274 3060 Αὐτὸ
3311 3003 3468 3058 τοῦτο
3493 3003 3582 3057 καὶ
3612 3004 3638 3055 ὁ
3664 2998 3742 3052 τοῦ

2188 3083 2349 3137 Δαϐιδ
2375 3086 2653 3158 ὀφθαλμὸς
2675 3091 2732 3144 ὲν
2760 3093 2826 3162 τῇ
2858 3091 2970 3145 ἀνω
3000 3093 3159 3148 πόλει
3191 3096 3318 3167 ὁρᾷ,
3337 3094 3432 3148 καὶ
3461 3096 3517 3147 ὲν
3537 3093 3740 3161 θαύματι

2189 3181 2420 3230 ποιεῖται
2444 3179 2504 3232 τὸ
2531 3179 2710 3252 θέαμα
2727 3200 2739 3212 ·
2778 3183 2896 3248 πῶς
2943 3186 3000 3238 ὲν
3026 3189 3094 3258 τῇ
3123 3171 3282 3240 πόλει
3318 3185 3417 3240 τοῦ
3445 3183 3574 3240 Θεοῦ
3597 3225 3612 3246 .
3637 3180 3743 3252 περὶ

2185 3262 2254 3338 ἧς
2300 3270 2368 3322 τὰ
2413 3269 2776 3342 δεδοξασμένα
2819 3273 3112 3344 λελάληται
3139 3317 3156 3342 ,
3193 3275 3456 3330 Βαϐυλὼν
3490 3273 3740 3336 οἰκίζειιιι,

2185 3362 2279 3415 καὶ
2307 3363 2340 3431 ὴ
2384 3362 2558 3434 πόρνη
2598 3364 2764 3417 Ῥαὰΰ
2799 3366 3235 3436 μνημονεύεται,
3265 3364 3551 3435 ἀλλόφυλοί
3586 3379 3641 3416 τε
3666 3360 3744 3414 καὶ

2186 3454 2359 3526 Τύρος
2394 3457 2488 3509 καὶ
2541 3457 2570 3508 ὁ
2598 3455 2706 3510 τῶν
2738 3457 3010 3513 Αἰθιόπων
3051 3458 3186 3523 λαὸς
3223 3460 3286 3512 ἐν
3317 3459 3456 3529 αὐτῇ
3504 3456 3740 3524 γίνονται·

2184 3543 2259 3606 ὡς
2311 3544 2505 3615 μηκέτι
2549 3544 2658 3598 τῶν
2703 3545 3006 3616 ἀνθρώπων
3035 3549 3163 3602 τινὰ
3192 3552 3260 3620 τῇ
3297 3548 3450 3602 πόλει
3479 3545 3639 3615 ταύτῃ
3663 3540 3742 3611 τὴν

2183 3634 2290 3688 τῶν
2312 3636 2608 3706 οἰκητόρων
2635 3637 2870 3708 ἐρημίαν
2893 3638 3254 3704 ὲπονειδίζειν
3282 3640 3509 3708 λέγοντα
3531 3655 3544 3668 ’
3563 3636 3648 3700 Μή
3671 3651 3744 3698 τις

2183 3728 2270 3781 ἔτι
2302 3727 2375 3797 τῇ
2407 3727 2559 3782 Σιὼν
2590 3729 2728 3798 ἐρεῖ,
2769 3731 3116 3798 Ἀνθρωπος
3148 3730 3446 3800 ἐγεννήθη
3485 3730 3552 3782 ἐν
3573 3729 3712 3792 αὐτῇ
3727 3763 3741 3778 .

2183 3823 2358 3876 Κάκεῖ
2381 3821 2490 3891 γὰρ
2519 3821 2742 3889 φυλέται
2766 3823 2864 3892 τῆς
2889 3822 3098 3886 πόλεως
3119 3823 3372 3890 γίνονται
3399 3825 3448 3876 οἰ
3471 3818 3743 3889 ἀλλόφυλοι,

2183 3913 2278 3966 καὶ
2357 3912 2778 3983 Ἱεροσολυμῖται
2831 3911 3166 3967 Βαϐυλώνιοι
3197 3955 3213 3980 ,
3271 3914 3368 3968 καὶ
3419 3910 3667 3984 παρθένος
3714 3906 3743 3972 ἡ

2183 4007 2355 4076 πόρνη
2381 4047 2395 4071 ,
2420 4005 2515 4060 καὶ
2540 4005 2783 4076 λαμπροὶ
2816 4006 2866 4058 οἱ
2896 4006 3160 4070 Αἰθίοπες
3185 4046 3202 4072 ,
3255 4008 3353 4060 καὶ
3390 4007 3562 4078 Τύρος
3595 4003 3624 4072 ἡ
3651 4001 3744 4054 ἀνω

2183 4098 2334 4162 πόλις
2357 4116 2372 4130 ο
2426 4098 2566 4150 οὕτω
2603 4097 2698 4150 καὶ
2735 4095 2968 4150 ἐνταῦθα
2995 4098 3097 4161 τὰς
3149 4097 3466 4168 θυγατέρας
3508 4095 3743 4162 Ἰερουσα-

2181 4193 2295 4262 λὴμ
2322 4189 2806 4262 προθυμοποιεῖται
2841 4191 2875 4259 ἡ
2905 4189 3094 4260 νύμφη
3113 4230 3132 4256 ,
3176 4189 3488 4244 συνιστῶσα
3518 4185 3605 4239 τοῦ
3630 4199 3744 4251 νυμ-

2183 4280 2304 4350 φίου
2342 4279 2440 4350 τὴν
2483 4278 2797 4349 ἀγαθότητα
2819 4321 2836 4346 ,
2865 4280 2947 4333 ὅτι
2976 4277 3080 4332 κᾶν
3138 4279 3412 4350 μέλαινάν
3458 4292 3572 4329 τινα
3612 4271 3738 4324 λάϐοι

2180 4368 2379 4439 ψυχὴν.
2412 4370 2479 4439 τῇ
2505 4367 2639 4437 πρὸς
2671 4368 2864 4422 ἑαυτὸν
2892 4368 3152 4439 κοινωνίᾳ
3180 4366 3362 4440 καλὴν
3385 4362 3738 4438 ἀπεργάζεται,

508 4442 770 4506 lomonis,
807 4441 910 4496 hoc
955 4452 1038 4498 cst
1085 4444 1223 4514 regis
1266 4445 1480 4508 paciﬁci
1527 4446 1581 4500 in
1628 4461 1690 4501 ea
1730 4447 2077 4506 habitantis:

2193 4459 2283 4512 κᾶν
2306 4474 2391 4520 τις
2423 4453 2738 4531 σκήνωμαῇ
2760 4457 2970 4529 Κηδάρ,
3002 4459 3186 4527 φωτὸς
3210 4459 3536 4528 οἰκητήριον
3564 4452 3736 4520 γίνεται

496 4551 777 4609 proptere.
827 4533 960 4589 dicit
994 4554 1007 4588 :
1040 4533 1216 4605 Nigra
1247 4554 1365 4590 sum
1391 4548 1442 4592 et
1475 4543 1734 4607 formosa,
1761 4541 1893 4606 ﬁliae
1915 4541 2076 4596 Jeru-

505 4626 701 4694 salem,
736 4634 796 4680 ut
819 4627 886 4681 ad
931 4642 1017 4682 me
1072 4628 1406 4698 aspicientes
1466 4644 1562 4687 vos
1619 4648 1838 4703 quoque
1876 4632 2077 4689 cilicia-

507 4717 638 4770 miui
671 4717 836 4786 pelles
867 4717 1178 4775 Salomonis
1199 4760 1214 4786 ,
1255 4722 1470 4778 etiamsi
1507 4724 1702 4780 essetis
1725 4724 2076 4782 tabernacula

506 4809 700 4863 Cedar.

580 4994 781 5049 Deinde
805 4994 873 5050 iis
895 5010 1015 5066 quzr
1042 4995 1187 5051 dicta
1216 5004 1344 5052 sunt
1369 4999 1650 5070 subiungit
1678 5014 1741 5054 ea
1774 5015 1893 5069 quae
1928 5000 2083 5055 dein-

508 5103 636 5157 ceps
663 5086 944 5151 dicuntur,
975 5102 1067 5157 per
1104 5104 1226 5158 qua:
1254 5092 1571 5146 necessario
1600 5091 1776 5145 munit
1801 5100 1855 5147 et
1880 5092 2081 5145 conﬁr-

507 5188 620 5232 mat
664 5187 900 5233 tuentem
947 5194 1135 5234 eorum
1179 5182 1272 5251 qui
1318 5182 1569 5247 discunt,
1609 5198 1680 5238 ne
1725 5184 2083 5239 tenebricoso

509 5270 695 5324 ferinae
711 5285 932 5326 causam
950 5273 1228 5328 ascribant
1243 5273 1511 5337 Creatori,
1536 5273 1630 5328 sed
1644 5274 1872 5328 liberum
1899 5274 2083 5330 unius-

505 5362 777 5432 cujusque
801 5363 1084 5417 arbitrium
1115 5363 1281 5434 hujus
1314 5363 1503 5418 l'ormae
1534 5364 1841 5434 intelligant
1875 5363 2078 5432 jeeisse

510 5453 860 5523 principium.
896 5453 977 5508 Ne
1000 5471 1100 5520 nte,
1141 5455 1338 5524 inquit,
1369 5455 1666 5523 aspiciatis,
1691 5455 1944 5524 quoniam
1963 5471 2080 5508 sunt

507 5546 659 5614 nigra
676 5546 838 5612 facta.
871 5545 989 5602 Non
1017 5547 1161 5611 talis,
1194 5547 1389 5616 inquit,
1423 5545 1599 5613 primo
1633 5544 1775 5599 facta
1803 5545 2080 5601 sunt.Nou

577 5722 598 5752 ³
624 5723 780 5777 ιιοιιι.
813 5738 863 5787 v,
891 5722 945 5777 8.
1025 5722 1064 5753 ¹⁰
1093 5720 1110 5772 l
1137 5720 1274 5775 Tim.
1306 5736 1342 5787 ι,
1388 5721 1470 5775 15.

2184 4547 2278 4600 τοῦ
2329 4546 2580 4618 ἀληθινοῦ
2625 4545 2967 4620 Σολομῶντος
2989 4586 3003 4609 ,
3055 4547 3320 4601 τουτέστι
3359 4545 3457 4599 τοῦ
3500 4546 3735 4615 εἰρηνικου

2186 4638 2446 4708 βασιλέως
2495 4640 2552 4690 ἐν
2598 4639 2734 4709 αὐτῇ
2769 4639 3222 4708 κατοικήσαντος.
3270 4638 3377 4690 Διά
3421 4633 3574 4689 τοῦτό
3613 4638 3732 4698 φησν

2185 4729 2452 4785 Μέλαινά
2478 4731 2593 4798 εἰμι
2616 4728 2714 4780 καί
2757 4727 2912 4793 καλὴ
2935 4767 2949 4791 ,
2992 4727 3329 4797 θυγατέρες
3368 4715 3730 4795 Ἰερουσαλήμ·

2186 4819 2272 4872 ἵνα
2305 4817 2442 4888 πρὸς
2468 4817 2567 4886 ἐμὲ
2608 4816 2939 4885 βλέπουσαι,
2973 4816 3067 4869 καὶ
3099 4816 3272 4886 ὑμεῖς
3305 4813 3537 4884 γένησθε
3565 4807 3731 4878 δέρβις

2182 4909 2524 4979 Σολομῶντος
2546 4947 2560 4972 ,
2597 4906 2700 4961 κᾶν
2722 4905 3052 4978 σκηνώματα
3069 4903 3175 4979 ἦτε
3199 4908 3423 4980 Κηδάρ·
3588 4995 3642 5007 __
3683 4982 3705 5007 τ

2248 5001 2382 5056 Εἶτα
2417 5000 2612 5068 ἐπάγει
2655 5001 2768 5063 τοῖς
2821 5000 3134 5071 εἰρημένοις
3193 5003 3268 5056 τὰ
3313 5003 3542 5073 ἐφεξῆς,
3583 4995 3642 5051 δι’
3678 4995 3735 5042 ὼν

2178 5094 2490 5164 ἀναγκαίως
2516 5092 2870 5162 ἀσφαλίζεται
2899 5093 2998 5164 τὴν
3027 5092 3137 5148 τῶν
3174 5093 3628 5166 μαθητευομένων
3649 5081 3740 5180 διά;

2180 5203 2327 5240 νοιαν
2349 5224 2365 5248 ,
2415 5184 2489 5255 μὴ
2541 5182 2619 5252 τῷ
2656 5183 2983 5254 Δημιουργῷ
3007 5183 3104 5254 τὴν
3140 5185 3334 5240 αἰτίαν
3365 5183 3464 5238 τοῦ
3502 5189 3740 5268 σκοτεινου

2188 5275 2361 5336 εἴδους
2385 5273 2690 5326 ἀνατιθέναι
2709 5313 2722 5332 .
2759 5271 2892 5326 ἀλλά
2916 5273 3015 5342 τὴν
3050 5273 3296 5328 ἑκάστου
3342 5271 3644 5345 προαίρεσιν
3663 5276 3741 5315 του

2188 5365 2427 5418 τοιούτου
2458 5363 2630 5426 εἴδους
2656 5363 2754 5425 τὰς
2797 5364 2971 5434 ἀρχὰς
3005 5365 3476 5420 καταϐάλλεσθαι.
3508 5359 3599 5426 Μὴ
3619 5352 3744 5420 .815-

2188 5461 2343 5525 ψητε
2363 5457 2512 5525 πρός
2527 5473 2625 5526 με,
2656 5456 2840 5527 φησὶν,
2863 5456 2954 5510 ὅτι
3133 5460 3258 5528 εἰμι
3283 5446 3742 5528 μεμελανωμένηο

2189 5550 2262 5603 Οὐ
2287 5548 2508 5621 τοιαύτη
2536 5549 2731 5619 γέγονα
2761 5549 2908 5620 παρὰ
2931 5549 3029 5622 τὴν
3054 5550 3306 5621 πρώτην.
3332 5548 3468 5604 Οὐδὲ
3494 5545 3595 5614 γὰρ
3620 5535 3752 5597 εἷκδς

1550 5721 1591 5754 ’⁸
1622 5720 1764 5777 Psal.
1800 5738 2022 5788 Lxxxw,
2057 5722 2090 5777 5
2123 5739 2244 5795 sqq.
