3928 6196
201 337 281 393 795
1209 335 1276 391 lN
1304 335 1602 395 CANTICA
1639 339 1912 400 CANTIC.
1951 340 2236 399 HOMILIA
2266 341 2330 399 ll.
3289 341 3396 398 79‘

195 449 249 524 ἦν
265 449 362 512 ταῖς
379 448 662 516 φωτειναῖς
691 446 785 501 τοῦ
806 446 942 502 Θεοῦ
975 449 1135 521 χερσὶ
1157 449 1559 522 πλασσομένην,
1597 469 1722 507 σκο-
1751 509 1753 518 ,

1857 455 1992 518 uim,
2023 455 2219 526 inquit,
2261 460 2378 510 erat
2404 460 2854 515 consentaneum,
2882 457 2942 506 ut
2972 448 3022 507 ei
3064 465 3185 521 qua:
3211 450 3396 507 lucida

194 539 322 609 τεινῷ
359 554 456 591 τινι
494 539 588 590 καὶ
627 539 826 607 μέλανι
855 539 1293 610 περιχρωσθῆναι
1321 542 1398 610 τῷ
1427 543 1574 595 εῐδει.
1611 544 1725 596 Οὐκ

1857 548 1923 603 lei
1957 549 2207 605 manibus
2255 548 2572 619 ﬁngebatur,
2618 547 2923 601 illiueretur
2978 544 3153 600 forma
3212 545 3396 616 aliqua

195 629 313 734 ήμην
337 629 548 700 τοιαύτη
569 669 584 694 ,
618 631 781 700 φησὶν
802 669 817 693 ,
851 631 987 684 ἀλλά
1014 631 1232 699 γέγονα.
1264 633 1339 686 Οὐ
1372 632 1480 702 γὰρ
1531 635 1595 686 ὲκ
1623 635 1723 705 φύ-

1857 639 2172 695 enebricosa
2201 647 2256 694 et
2284 639 2460 707 nigra.
2495 636 2611 691 Non
2642 651 2788 718 eram
2821 649 2972 706 ergo,
3015 635 3213 704 inquit,
3247 637 3394 702 talis,

195 718 305 782 σεώς
343 720 450 790 εἰμι
505 719 935 791 μεμελανωμένη
959 739 973 752 ’
1005 721 1120 775 ἀλλ’
1159 723 1479 777 ὲπείσακτόν
1526 741 1614 795 μοι
1667 727 1727 779 τὸ

1862 729 1925 783 cd
1957 729 2097 784 facta
2131 746 2271 786 sum.
2294 729 2411 784 Non
2443 732 2585 784 enim
2617 714 2758 782 facta
2787 742 2907 782 sum
2933 725 3086 794 nigra
3116 741 3146 779 a
3179 733 3397 785 natura.

193 811 390 866 τοιοῦτον
424 808 609 882 αἶσχος
636 813 870 881 ἐγένετο,
899 813 992 866 τοῦ
1016 814 1169 884 ἡλίου
1205 815 1337 885 πρὸς
1374 815 1436 868 τὺ
1471 816 1638 886 μέλαν
1663 819 1728 871 ἐκ

1859 819 1924 875 ed
1953 821 2249 876 adventitia
2280 822 2334 875 in
2368 835 2454 876 me
2496 819 2597 874 fuit
2645 819 2759 872 haec
2795 816 3102 887 turpitudo,
3147 831 3269 869 cum
3313 816 3400 870 sol

191 902 408 974 λαμπροῦ
471 903 568 974 τὴν
631 905 845 975 μορφὴν
912 905 1382 976 μεταχρώσαντος.
1443 907 1506 960 ’0
1558 908 1730 976 ἣλιος

1857 923 2006 963 neam
2037 909 2267 964 formam
2299 925 2367 964 ex
2401 908 2690 979 splendido
2719 907 2906 962 colore
2951 904 3281 960 mutavit'in
3312 906 3399 960 ni-

192 998 307 1063 γὰρ,
336 994 463 1065 φησὶ
487 1032 503 1060 ,
540 995 919 1064 προσέϐλεψέ
960 1013 1058 1066 με.
1101 996 1164 1049 Τί
1196 992 1288 1051 οὖν
1319 997 1348 1050 ὃ
1396 997 1486 1050 διὰ
1524 998 1730 1052 τούτων

1857 1013 2007 1064 ςτιιιη.
2036 997 2133 1053 Sol
2161 1000 2320 1063 enim,
2360 1000 2558 1068 inquit,
2592 999 2798 1066 aspexit
2825 1014 2924 1051 me.
2958 997 3100 1063 Quid
3134 1011 3267 1066 ergo
3316 1003 3403 1051 est

195 1087 537 1158 μανθάνομεν;
561 1087 725 1156 Λέγει
756 1087 844 1140 διὰ
876 1087 1188 1158 παραϐολῆς
1218 1091 1331 1152 τοῖς
1360 1089 1538 1159 ὄχλοις
1565 1093 1593 1144 ὁ
1617 1091 1732 1144 Κύ-

1857 1090 1975 1158 ιιιοό
2011 1105 2107 1159 per
2137 1091 2240 1144 hoc
2271 1091 2536 1146 discimus
2557 1093 2580 1144 ?
2601 1091 2738 1144 Dicit
2769 1089 3032 1146 Dominus
3080 1090 3260 1145 turbis
3308 1103 3406 1158 per

196 1195 313 1248 ριος,
335 1179 412 1231 ὅτι
441 1178 472 1232 ὁ
500 1178 739 1249 σπείρων
766 1179 856 1232 τὸν
888 1178 1044 1247 λόγον
1062 1218 1077 1242 ,
1104 1179 1165 1231 ού
1193 1178 1291 1250 τὴν
1321 1181 1530 1252 ἀγαθὴν
1571 1183 1731 1252 μόνον

191 1266 516 1338 κατασπείρει
547 1267 805 1337 καρδίαν,
831 1267 965 1320 άλλά
995 1266 1096 1321 κᾶν
1121 1266 1348 1338 λιθώδης
1379 1285 1459 1332 τις
1489 1264 1595 1340 ἦν,
1629 1269 1732 1324 κᾶν

192 1361 288 1420 ταῖς
309 1357 565 1421 ἀκάνθαις
597 1358 972 1429 ὑλομανοῦσα,
1010 1359 1114 1412 κᾶν
1153 1359 1405 1430 παρόδι6ς
1425 1377 1484 1412 τε
1513 1361 1604 1414 καὶ
1634 1379 1733 1416 πε-

193 1446 446 1519 πατημὲνη
468 1487 484 1511 ,
521 1449 688 1502 πᾶσιν
723 1449 816 1501 ἐπὶ
853 1447 1260 1519 φιλανθρωπίας
1308 1450 1587 1504 ἐπιϐάλλει
1637 1451 1732 1506 τοῦ

189 1539 322 1608 λόγου
352 1539 418 1593 τὰ
466 1541 777 1611 σπέρματα.
825 1541 936 1594 Καὶ
987 1541 1214 1595 ἑκάστου
1249 1542 1314 1595 τά
1349 1542 1612 1613 ἰδιώματα
1645 1546 1736 1616 ἑρ-

190 1631 410 1702 μηνεύων
436 1631 520 1702 τῷ
569 1632 710 1701 λόγῳ
736 1672 750 1698 ,
789 1633 946 1686 τοῦτό
979 1649 1140 1702 φησιν
1191 1633 1283 1685 ἐπὶ
1329 1633 1431 1704 τῆς
1483 1633 1736 1699 λιθώδους

1833 1181 2170 1248 parabolam,
2206 1182 2349 1250 quod
2385 1182 2479 1251 qui
2516 1182 2740 1236 verbum
2787 1183 3042 1247 seminat,
3075 1197 3185 1236 non
3227 1181 3404 1237 solum

1835 1271 1890 1324 in
1927 1272 2068 1326 bono
2096 1272 2263 1326 corde
2298 1275 2552 1336 seminat,
2587 1272 2682 1328 sed
2734 1274 2900 1328 etiam
2936 1272 2984 1326 si
3020 1273 3091 1327 sit
3128 1270 3403 1342 quispiam

1835 1363 2137 1432 lapidosus,
2167 1371 2222 1418 et
2251 1364 2296 1419 si
2327 1365 2501 1434 spinis
2531 1363 2790 1427 luxuriet,
2818 1371 2873 1419 et
2902 1365 2946 1418 si
2976 1365 3046 1419 sit
3067 1364 3227 1433 juxta
3260 1362 3406 1416 viam

1835 1461 1888 1508 et
1944 1455 2338 1520 conculcatus,
2399 1456 2655 1511 omnibus
2707 1455 2778 1509 ob
2842 1455 3230 1525 benignitatem
3271 1451 3409 1522 jacit

1834 1546 1984 1601 verbi
2045 1549 2254 1604 semina
2280 1549 2345 1603 ²¹.
2396 1547 2460 1601 Et
2521 1547 2955 1616 uniuscujusque
3020 1545 3406 1616 proprietatem

1838 1653 2092 1693 sermone
2149 1639 2458 1708 explicans,
2514 1639 2640 1700 hoc,
2687 1639 2886 1708 inquit,
2919 1638 3118 1692 accidit
3151 1639 3204 1690 in
3263 1646 3406 1690 terra

190 1723 478 1793 συμϐαίνειν
534 1723 750 1794 ψυχῆς,
806 1725 890 1777 ὅτι
929 1724 1029 1776 οὐκ
1077 1724 1136 1776 ὲν
1171 1722 1325 1794 βάθει
1381 1723 1623 1795 ριξοῦται
1675 1727 1735 1780 τὸ

1861 1729 2106 1799 apidosa,
2123 1726 2268 1796 quod
2291 1746 2398 1786 non
2426 1731 2479 1785 in
2507 1729 2778 1800 profundo
2805 1729 3016 1784 radices
3039 1727 3151 1799 agit
3186 1726 3240 1781 id
3261 1725 3409 1795 quod

190 1790 506 1886 ἐσπαρμένον
529 1790 560 1877 ,ν
779 1815 1115 1886 παραχρῆμα
1165 1790 1263 1885 μὲν
1311 1790 1735 1871 δι’-ἐπιπολαίου

1857 1828 1925 1872 ρει
1954 1819 2304 1884 scminatum,
2335 1820 2430 1875 sed
2462 1821 2714 1891 protinus
2739 1818 2957 1888 quidem
3008 1832 3104 1888 per
3137 1814 3411 1887 germina-

189 1905 397 1975 βλάστης
424 1904 526 1957 τὸν
566 1905 766 1974 στάχυν
807 1905 1306 1974 κατεπαγγέλλεται
1339 1924 1351 1937 ·
1407 1906 1735 1980 θερμότερον

187 1996 230 2048 δὲ
255 1995 338 2048 τοῦ
368 1996 529 2066 ηλίου
551 1996 612 2049 τὸ
640 1996 997 2067 ὑποκείμενον
1023 1996 1322 2066 θάλψαντος
1339 2037 1353 2058 ,
1381 1997 1459 2068 τῷ
1503 1999 1576 2068 μὴ
1606 1999 1738 2053 ὐπο-

186 2087 367 2140 κείσθαι
397 2088 526 2149 ταῖς
573 2085 748 2156 ῥίζαις
781 2086 979 2157 ἰκμάδα
998 2127 1012 2150 ,
1041 2087 1514 2160 καταξηραίνεται.
1540 2090 1740 2159 Πειρα-

186 2177 297 2246 σμὺν
319 2178 372 2230 δὲ
399 2177 496 2231 διὰ
521 2178 619 2248 τῆς
642 2177 934 2249 ἑρμηνείας
957 2177 1210 2248 ὀνομάζει
1227 2180 1318 2232 τὸν
1345 2179 1513 2249 ἥλιον.
1529 2179 1738 2234 Οὐκοῦν

181 2266 314 2320 τοῦτο
341 2268 500 2339 παρὰ
545 2268 644 2338 τῆς
684 2267 1003 2322 διδασκάλου
1052 2269 1114 2320 τὸ
1148 2269 1324 2339 δόγμα
1376 2269 1736 2340 μανθάνομεν,

181 2356 247 2410 ὅτι
270 2358 449 2426 γέγονε
488 2358 592 2429 μὲν
619 2360 652 2430 ἡ
695 2357 1009 2430 ἀνθρωπίνη
1038 2357 1199 2427 φύσις
1226 2358 1320 2411 τοῦ
1353 2358 1604 2430 ἀληθινοῦ
1629 2376 1739 2428 φω-

179 2448 254 2512 τὸς
275 2451 670 2519 άπεικόνισμα,
687 2449 876 2522 πόρρω
903 2439 1012 2502 τῶν
1046 2449 1334 2502 σκοτεινῶν
1355 2452 1738 2521 χαρακτήρων,

179 2542 233 2610 τῇ
264 2540 349 2593 τοῦ
382 2541 708 2612 ἀρχετύπου
759 2540 986 2604 κάλλους
1035 2541 1312 2612 ὁμοιότητι
1345 2540 1633 2595 στίλϐουσα
1653 2559 1667 2573 ο
1713 2543 1742 2596 ὁ

177 2629 224 2683 δὲ
249 2633 556 2703 πειρασμὸς
582 2632 674 2685 τὸν
706 2631 953 2702 φλογώδη
1001 2631 1256 2685 καύσωνα
1286 2632 1350 2685 δι’
1379 2632 1592 2702 ἀπάτης
1625 2635 1743 2686 ἐπι-

176 2720 333 2775 ϐαλὼν
353 2763 368 2786 ,
407 2721 634 2793 ἁπαλὴν
673 2722 752 2775 ἔτι
782 2723 878 2776 καὶ
925 2722 1110 2794 ἄριζον
1134 2723 1232 2794 τὴν
1258 2721 1478 2794 πρώτην
1510 2723 1743 2794 βλάστην

171 2813 419 2866 κατέϐαλε
442 2831 456 2846 ’
489 2814 589 2867 καὶ
614 2815 742 2883 πρὶν
775 2814 888 2880 ἕξιν
913 2815 1034 2867 τινά
1067 2813 1160 2866 τοῦ
1187 2814 1390 2882 ἀγαθοῦ
1418 2815 1740 2886 κτήσασθαι,

173 2905 252 2956 καὶ
274 2905 358 2958 διά
392 2907 499 2976 τῆς
531 2905 640 2958 τών
671 2904 947 2976 λογισμῶν
988 2907 1261 2976 γεωργίας
1291 2905 1473 2959 δοῦναι
1518 2908 1637 2969 ταῖς
1665 2907 1746 2978 pi-

175 2993 279 3058 ζαις
307 2996 474 3050 πότον
536 2995 630 3049 ἐπὶ
659 2995 720 3048 τὸ
767 2995 927 3065 βάθος
951 3036 965 3061 ,
1000 2996 1158 3059 εὐθὺς
1193 2996 1280 3050 διὰ
1315 2997 1417 3065 τῆς
1464 2999 1743 3069 παρακοῆς

1840 1908 2062 1974 tionem,
2094 1924 2216 1978 quae
2241 1911 2419 1964 oritur
2448 1912 2500 1964 in
2530 1909 2842 1980 superficie,
2875 1925 3108 1964 messem
3146 1907 3413 1978 promittit

1837 2008 1891 2054 et
1919 2001 2147 2070 spicam,
2178 2001 2273 2057 sed
2304 2017 2428 2056 cum
2452 2004 2534 2056 sol
2564 2003 2799 2058 calidius
2826 2004 3004 2058 solum
3038 2001 3254 2064 foverit,
3291 2013 3414 2070 pro-

1840 2097 2021 2158 pterea
2057 2091 2201 2159 quod
2232 2092 2415 2146 nullus
2450 2092 2647 2146 humor
2680 2091 2855 2147 subsit
2881 2093 2936 2146 in
2967 2090 3273 2154 radicibus,
3297 2104 3414 2143 ἐκ·

1842 2181 2104 2235 siccatur.
2137 2181 2520 2237 Tentationem
2561 2190 2743 2238 autem
2793 2182 3208 2251 interpretando
3239 2179 3416 2235 nomic

1840 2280 1934 2326 nat
1963 2273 2153 2329 solem.
2188 2271 2300 2328 Hoc
2329 2290 2461 2345 ergo
2509 2275 2706 2346 dogma
2738 2290 2768 2328 a
2821 2274 3080 2344 magistra
3125 2270 3412 2335 discimus,

1841 2362 1983 2431 quod
2017 2361 2160 2416 facta
2193 2363 2411 2432 quidem
2443 2375 2526 2420 est
2560 2364 2800 2419 humana
2831 2368 3029 2419 natura
3058 2363 3417 2418 simulacrum

1841 2468 1983 2508 vera:
2024 2453 2189 2520 lucis,
2219 2455 2408 2523 procul
2439 2469 2467 2508 a
2499 2455 2808 2510 tenebrosis
2855 2454 3044 2524 ﬁguris
3094 2452 3306 2524 fulgens
3338 2453 3417 2508 si-
3457 2444 3460 2448 ’

1841 2543 2156 2599 militudine
2187 2546 2520 2614 exemplaris
2549 2546 2978 2616 pulchritudinis
3005 2563 3023 2614 ;
3055 2546 3286 2600 tentatio
3319 2559 3420 2598 au-

1842 2645 1949 2692 tem
1978 2636 2256 2691 ardentem
2284 2646 2475 2692 aestum
2506 2653 2602 2706 per
2639 2636 2886 2692 fraudem
2913 2637 3190 2707 injiciens,
3218 2634 3418 2704 dejecit

1844 2730 2079 2800 primum
2115 2745 2337 2800 germen
2371 2729 2549 2783 adhuc
2580 2727 2959 2797 imperfectum
3010 2735 3064 2782 et
3091 2741 3288 2780 carens
3323 2739 3417 2778 ra-

1842 2819 2100 2874 dicibus:
2138 2827 2192 2874 et
2224 2819 2544 2888 priusquam
2575 2819 2819 2888 aliquem
2860 2817 3207 2887 arquisiisset
3257 2814 3417 2868 habi-

1843 2915 1982 2973 tum,
2016 2915 2071 2962 ct
2123 2923 2216 2976 per
2260 2907 2650 2978 agriculturam
2707 2906 3006 2972 rationum,
3039 2906 3093 2958 in
3137 2901 3415 2972 profundo

1846 3013 2030 3071 potum
2062 2999 2303 3054 dedisset
2332 2998 2630 3058 radicibus.
2659 2999 2840 3053 statim
2865 3012 2960 3067 per
2988 2993 3416 3050 inobedientiam

170 3087 514 3160 ἀποξηράνας
542 3087 605 3140 τὸ
637 3087 842 3158 χλωρόν
863 3105 923 3140 τε
962 3089 1054 3141 καὶ
1087 3087 1308 3151 εὐθαλὲς
1342 3084 1478 3152 εἶδος
1497 3129 1512 3153 ,
1540 3088 1626 3142 διὰ
1647 3091 1745 3160 τῆς

1857 3092 2010 3147 viridi
2056 3101 2108 3146 et
2138 3090 2364 3144 ﬂorente
2399 3087 2574 3143 forma
2606 3089 2902 3153 exsiccata,
2951 3102 3048 3158 per
3088 3092 3280 3140 aestum
3334 3081 3424 3136 ni-

173 3179 406 3243 καύσεως
444 3180 626 3250 μέλαν
666 3179 940 3250 ἐποίησεν.
976 3180 1036 3232 Εἰ
1075 3178 1130 3231 δὲ
1157 3180 1308 3249 ἥλιος
1339 3180 1372 3250 ἡ
1401 3180 1747 3250 ἀντικειμένη

1857 3200 2012 3254 grum
2042 3183 2241 3239 ell‘ecit.
2274 3183 2330 3238 Si
2366 3191 2545 3238 autem
2578 3182 2658 3237 sol
2689 3180 3008 3235 nominatur
3039 3178 3267 3232 adversa
3314 3182 3426 3230 ten-

170 3271 253 3324 τοῦ
301 3271 629 3344 πειρασμοῦ
665 3271 940 3343 προσϐολὴ
979 3269 1334 3340 ὀνομάζεται,
1373 3271 1561 3341 μηδεὶς
1619 3270 1752 3335 ξενιι

171 3362 332 3424 ζέσθω
353 3363 467 3418 τῶν
505 3363 850 3427 ἀκουόντων,
887 3364 944 3416 ὲν
979 3363 1190 3426 πολλοῖς
1223 3363 1286 3415 τὸ
1324 3363 1562 3416 τοιοῦτον
1601 3363 1751 3432 παρὰ

164 3456 253 3523 τῆς
297 3453 676 3511 θεοπνεύστου
707 3453 932 3526 Γραφῆς
966 3454 1367 3524 διδασκόμενος.
1401 3455 1511 3507 Καὶ
1557 3453 1665 3524 γὰρ
1695 3456 1752 3506 ὲν

168 3545 387 3619 δευτέρᾳ
424 3548 550 3602 τῶν
581 3545 938 3614 ἀναϐαθμῶν
964 3543 1131 3615 ᾮδῇ,
1159 3544 1363 3614 ταύτην
1392 3546 1623 3596 ποιεῖται
1655 3542 1753 3615 τὴν

166 3636 411 3706 εὐλογίαν
439 3638 531 3709 τῷ
564 3636 663 3707 τὴν
695 3635 946 3706 βοήθειαν
980 3634 1154 3704 ἔχοντι
1192 3633 1284 3688 τοῦ
1322 3635 1642 3704 ποιήσαντος
1665 3633 1756 3686 τὸν

165 3729 385 3798 οὐρανὸν
417 3730 524 3782 καὶ
555 3727 653 3797 τὴν
679 3725 784 3797 γῆν
806 3766 820 3790 ,
860 3726 920 3779 τὸ
956 3726 1034 3796 μὴ
1079 3724 1432 3793 συγκαίεσθαι
1461 3725 1621 3778 αὑτὸν
1650 3724 1756 3777 ὑπὸ

164 3820 247 3872 τοῦ
276 3820 441 3891 ἡλίου
473 3817 579 3872 διὰ
601 3817 703 3887 τῆς
735 3817 966 3888 ἡμέρας.
998 3816 1106 3868 Καὶ
1143 3818 1171 3869 ὁ
1207 3816 1494 3886 προφήτης
1535 3812 1758 3877 Ἡσαΐας

165 3911 254 3982 τὴν
280 3913 383 3983 τῆς
425 3909 768 3980 Ἐκκλησίας
792 3908 1125 3961 κατάστασιν
1165 3907 1539 3978 προφητεύων,
1571 3907 1758 3977 ὥσπερ

164 4007 276 4058 τινὰ
304 4005 558 4074 πομπὴν
592 4001 897 4074 ὑπογράφει
934 4001 1001 4070 τῇ
1037 3999 1298 4069 πολιτείᾳ,
1331 3998 1635 4069 φαιδρύνων
1682 3998 1760 4068 τῷ

165 4097 317 4166 Λόγῳ
383 4097 473 4166 τῷ
551 4094 868 4164 διηγήματι.
925 4091 1085 4158 Λέγει
1131 4091 1240 4160 γάρ
1309 4089 1612 4160 θυγατέρας
1675 4088 1759 4141 ἐπ’

161 4184 326 4257 ὤμων
378 4185 732 4258 αίρομὲνας,
767 4183 860 4235 καὶ
903 4182 1095 4245 παῖδας
1141 4183 1199 4234 ὲν
1247 4181 1556 4250 λαμπήναις
1603 4197 1764 4250 κομι-

162 4279 472 4349 ζομένους,
537 4280 635 4331 καὶ
689 4275 949 4337 σκιαδίοις
1004 4274 1095 4326 τὸν
1158 4273 1436 4343 φωτισμὸν
1491 4272 1764 4342 ἀποκρού-

165 4382 384 4432 σαντας.
427 4368 516 4420 Δι’
547 4360 624 4418 ὧν
667 4366 723 4417 ὲν
755 4365 1036 4432 αίνίγμασι
1063 4363 1153 4416 τὸν
1187 4365 1245 4415 ὲν
1283 4364 1448 4433 ἀρετῇ
1479 4363 1765 4433 διαγράφει

1858 3274 2082 3329 tatiouis
2121 3274 2375 3344 irruptio,
2410 3272 2544 3327 nulli
2583 3270 2896 3325 auditorum
2932 3269 2988 3325 id
3035 3267 3286 3323 videatur
3323 3279 3428 3319 no-

1857 3381 2007 3427 vum,
2041 3380 2166 3419 cum
2199 3364 2254 3418 in
2293 3364 2478 3418 multis
2516 3361 2623 3416 tale
2651 3359 2933 3431 quidpiam
2962 3373 3066 3414 nos
3109 3358 3300 3412 doceat
3344 3354 3430 3409 di-

1859 3457 2064 3510 vinitus
2125 3455 2391 3524 inspirata
2437 3451 2742 3522 Scriptura.
2794 3449 3008 3505 Etenim
3069 3448 3124 3502 in
3183 3445 3430 3503 secundo

1859 3552 2066 3604 cantico
2102 3547 2394 3620 graduum,
2439 3547 2580 3601 hanc
2613 3543 2743 3598 facit
2765 3542 3226 3604 benedictionem,
3256 3539 3307 3595 ei
3337 3536 3431 3607 qui

1861 3641 2022 3696 habet
2047 3640 2313 3694 auxilium
2345 3652 2375 3690 a
2409 3636 2640 3690 Domino
2674 3635 2766 3705 qui
2807 3633 2936 3688 fecit
2974 3632 3174 3687 caelum
3219 3636 3274 3684 et
3323 3636 3435 3682 ter-

1861 3748 2012 3795 ram,
2067 3747 2134 3785 ne
2162 3731 2280 3801 ipse
2332 3743 2362 3782 a
2396 3729 2513 3783 sole
2546 3727 2902 3782 comburatur
2958 3737 3056 3794 per
3092 3720 3257 3777 diem.
3294 3715 3435 3772 Pro-

1864 3825 2025 3894 pheta
2054 3837 2274 3892 quoque
2303 3819 2476 3874 Isaias
2532 3818 2838 3887 praedicens
2890 3823 3092 3870 statum
3151 3808 3432 3875 Ecclesiae,

1864 3912 2129 3968 describit
2159 3909 2326 3964 veluti
2379 3905 2671 3978 quamdam
2711 3918 2990 3975 pompam,
3021 3899 3188 3957 Verbi
3249 3913 3437 3953 narra-

1865 4005 2033 4058 tione.
2075 4002 2218 4056 Dicit
2251 3999 2427 4063 enim,
2461 3997 2598 4052 ﬁlias
2633 4003 2871 4065 gestatas
2902 3991 3143 4047 humeris
3166 4030 3181 4052 ,
3211 3996 3266 4043 et
3296 3987 3436 4041 ﬁlios

1867 4103 2052 4151 vectos
2103 4093 2332 4157 lecticis,
2371 4098 2426 4145 et
2477 4095 2725 4142 arcentes
2767 4093 2960 4139 :estum
3013 4079 3283 4160 umbellis.
3335 4075 3440 4131 Per

1869 4203 1991 4256 qua:
2022 4184 2286 4242 describit
2318 4183 2373 4236 in
2425 4181 2714 4249 aenigmate
2747 4177 2912 4230 vitam
2956 4187 3079 4243 quae
3113 4171 3328 4242 degitur
3382 4169 3439 4222 in

1871 4281 2092 4341 virtute,
2125 4292 2222 4347 per
2252 4274 2517 4344 puerilem
2545 4269 2764 4341 quidem
2807 4274 3022 4322 aetatem
3060 4263 3357 4318 ostendens
3387 4259 3441 4313 id

1870 4371 2015 4443 quod
2032 4378 2114 4426 est
2131 4383 2303 4438 nuper
2328 4374 2537 4426 uatum,
2561 4361 2898 4430 simplexque
2913 4364 2968 4410 et
2988 4368 3185 4410 carens
3209 4350 3439 4415 malitia,

164 4459 275 4526 βίον
303 4499 320 4523 ,
345 4460 445 4513 διὰ
482 4459 594 4529 μὲν
626 4459 725 4520 τῆς
752 4454 1050 4524 νηπιώδους
1079 4453 1291 4524 ἡλικίας
1323 4453 1681 4506 ὑποδεικνύων
1705 4453 1753 4505 τί

1876 4438 1971 4532 per
1999 4458 2266 4514 umbellas
2299 4462 2504 4515 autem,
2539 4449 2796 4506 solatium
2832 4454 3023 4510 aestus,
3055 4441 3202 4513 quod
3232 4438 3445 4495 accedit

162 4550 460 4622 ἀρτιγενές
498 4565 569 4600 τε
600 4549 693 4599 καὶ
717 4545 920 4599 ἀκακον
947 4560 960 4573 ·
987 4543 1076 4597 διὰ
1111 4543 1218 4596 τῶν
1253 4543 1508 4595 σκιαδίων
1531 4582 1546 4607 ,
1579 4543 1676 4614 τὴν
1717 4544 1775 4609 ἐξ

162 4644 522 4713 ἐγκρατείας
561 4657 620 4694 τε
662 4641 756 4692 καὶ
789 4637 1162 4710 καθαρότητος
1196 4637 1626 4708 προσγινομένην
1657 4641 1777 4703 ταῖς

159 4737 365 4806 ψυχαῖς
414 4733 787 4806 παραμυθίαν
814 4731 908 4784 τοῦ
949 4731 1245 4792 καύσωνος.
1281 4730 1358 4782 Δι’
1400 4726 1476 4783 ὦν
1507 4730 1774 4800 μανθάνο-

160 4847 286 4897 μεν,
322 4829 417 4880 ὅτι
441 4825 567 4897 χρὴ
587 4825 673 4876 ἐπ’
693 4821 860 4892 ὤμων
879 4822 1129 4893 αἴρεσθαι
1153 4821 1251 4891 τὴν
1279 4821 1373 4874 τοῦ
1406 4820 1540 4873 Θεοῦ
1566 4839 1776 4892 νυμφο-

159 4919 352 4970 στολου
362 4919 562 4987 μένην
583 4915 761 4986 ψυχὴν
781 4953 796 4978 ,
833 4913 894 4965 οὐ
923 4911 1266 4982 πατουμένην
1294 4911 1398 4964 ὑπὸ
1427 4913 1523 4980 τῆς
1554 4913 1775 4985 σαρκὸς,

153 5010 270 5064 ἀλλ’
304 5007 762 5076 ὲπικαθημένην
788 5003 868 5074 τῷ
912 5004 1060 5074 ὄγκῳ
1098 5001 1192 5056 τοῦ
1246 5001 1517 5073 σώματος.
1547 5005 1780 5074 Λαμπή-

157 5121 256 5173 νην
298 5103 365 5155 δὲ
400 5098 792 5162 ἀκούσαντες,
824 5095 921 5166 τὴν
945 5095 1322 5166 ἐκλαμπτικὴν
1354 5093 1448 5148 τοῦ
1475 5094 1782 5164 βαπτίσμα-

1876 4553 2074 4608 animis
2098 4565 2163 4605 ex
2187 4546 2523 4604 continentia
2542 4552 2597 4598 et
2625 4537 3005 4614 puritate.Per
3031 4549 3154 4607 quae
3175 4532 3443 4588 discimus

1877 4643 2120 4699 humeris
2153 4639 2354 4712 gestari
2403 4639 2640 4691 animam
2670 4632 2780 4686 Deo
2807 4629 3220 4701 desponsatam,
3252 4639 3361 4678 non
3413 4635 3445 4676 a

1877 4749 2046 4789 carne
2079 4731 2486 4793 conculcatam,
2515 4724 2610 4781 sed
2643 4723 2770 4778 moli
2805 4718 3057 4791 corporis
3089 4716 3444 4772 insidentem.

1880 4823 2182 4878 Audientes
2201 4829 2382 4875 autem
2407 4815 2594 4872 Graece
2613 4813 2904 4884 λαμπήνην
2924 4807 3218 4865 didicimus
3245 4803 3450 4858 illumi-

1877 4915 2141 4970 natricem
2199 4908 2457 4980 baptismi
2515 4905 2784 4977 gratiam,
2839 4917 2936 4973 per
2975 4913 3138 4971 quam
3187 4894 3452 4950 eﬂicimur

1877 5005 2057 5076 pueri,
2090 5017 2201 5058 non
2231 5001 2468 5070 amplius
2497 4998 2552 5052 in
2587 5005 2732 5051 terra
2765 4994 2992 5065 ﬁgentes
3023 4985 3452 5060 vestigium,sed

1876 5074 2040 5164 super
2067 5093 2214 5147 illam
2252 5089 2456 5160 portati
2497 5086 2565 5141 ad
2605 5087 2774 5140 vitam
2821 5081 3127 5137 caelestem.
3181 5074 3451 5130 Umbrosa

1880 5193 2061 5241 autem
2095 5183 2152 5236 lit
2181 5181 2344 5236 nobis
2385 5180 2496 5234 vita
2524 5185 2578 5232 et
2610 5173 2850 5235 roscida,
2878 5169 3155 5226 exstincto
3191 5172 3327 5220 aestu
3358 5176 3455 5232 per

1886 5275 2151 5331 umbellas
2178 5271 2420 5328 virtutis.
2456 5267 2557 5323 llic
2584 5277 2669 5322 est
2695 5266 2776 5322 sol
2809 5263 3033 5324 laedens,
3063 5257 3284 5329 quando
3332 5253 3455 5323 ejus

1889 5379 2056 5422 :estus
2081 5381 2186 5419 non
2215 5371 2435 5418 arcetur
2481 5374 2511 5414 a
2563 5359 2709 5413 nube
2724 5354 2989 5425 Spiritus,
3024 5365 3187 5422 quam
3250 5347 3330 5401 eis
3360 5359 3458 5400 ex-

1895 5458 2083 5529 pandit
2115 5455 2380 5512 Dominus
2409 5451 2475 5507 ad
2507 5454 2902 5522 tegumentum.
2926 5440 3026 5496 llic
3051 5440 3196 5496 cnim
3229 5435 3310 5490 sol
3348 5441 3453 5498 cst,

152 5215 245 5259 τος
269 5196 460 5266 χάριν
493 5189 868 5262 μανθάνομεν,
895 5189 961 5241 δι’
989 5184 1055 5260 ἦς
1081 5188 1266 5250 παῖδες
1291 5186 1572 5255 γινόμεθα,
1597 5185 1781 5239 οὐκέτι

153 5290 222 5358 τῇ
259 5290 340 5357 γῇ
373 5287 448 5337 τὸ
489 5285 648 5352 ἴχνος
674 5279 970 5352 ἐρείδοντες
991 5318 1006 5343 ,
1033 5279 1147 5332 ἀλλ’
1174 5280 1259 5332 ἐπ’
1291 5279 1504 5349 ἐκείνης
1532 5278 1666 5347 πρὸς
1686 5276 1783 5347 τὴν

150 5376 430 5447 οὐράνιον
467 5371 632 5439 ζωὴν
663 5367 1033 5441 κομιζόμενοι.
1065 5367 1286 5438 Σκιερὸς
1315 5367 1371 5421 δὲ
1413 5367 1618 5435 γίνεται
1652 5367 1782 5435 ἡμῖν

155 5468 249 5523 καὶ
277 5463 601 5538 δροσώδης
637 5464 665 5517 ὁ
702 5462 846 5532 βίος,
891 5461 979 5515 διὰ
1008 5461 1115 5515 τῶν
1147 5461 1243 5531 τῆς
1286 5459 1484 5534 ἀρεταῖς
1531 5456 1784 5511 σκιαδίων

239 5743 286 5780 ³³
310 5743 519 5801 Μαιιι.
563 5755 683 5808 xm,
726 5740 790 5795 l8
821 5756 943 5811 sqq.
