3928 6196
522 292 627 356 795

1745 309 1803 366 S.
1837 310 2166 374 GREGORII
2204 314 2495 377 NYSSENI
3581 344 3660 402 796

520 409 614 476 qui
662 408 887 463 nitidam
923 414 1171 483 corporis
1211 418 1556 488 superficiem
1590 424 1836 481 accendit
1875 427 2081 484 insultu

2186 436 2685 507 κατασϐεννυμένου
2714 438 2808 493 τοῦ
2852 441 3142 507 καύσωνος.
3172 441 3321 512 Οὗτος
3364 447 3445 505 οὖν
3486 457 3606 511 ἐστιν
3644 459 3667 516 6

520 500 905 566 tentationum,
929 513 982 557 et
1016 504 1214 561 format
1238 512 1447 581 nigram
1477 515 1840 572 deformitate.

2187 524 2596 592 παραὸλάπτων
2645 528 2815 598 ἥλιος,
2845 531 2973 583 ὃταν
3009 532 3081 602 μὴ
3129 533 3484 610 διατειχίζηται
3514 549 3538 599 6
3566 558 3666 621 παρ’

518 586 682 640 αὐτοῦ
711 589 951 660 φλογμὸς
979 597 1043 665 τῇ
1076 597 1268 669 νεφέλῃ
1301 602 1395 654 τοῦ
1420 601 1724 673 Πνεύματος
1744 645 1758 669 ,
1789 606 1857 677 ἢν
1898 606 2213 660 διεπέτασεν
2241 586 2421 676 αὐτοῖς
2444 617 2472 668 6
2501 586 2701 687 Κύριος
2760 622 2841 683 εἱς
2873 586 3081 693 σκέπτιν
3145 586 3333 690 αὐτοῖς.
3390 586 3532 698 ὸῦτος
3587 604 3671 711 γάρ

518 679 665 711 δοται-ι..
712 682 741 711 Α
772 681 922 711 an.--
1009 686 1036 711 ,ι
1076 687 1171 711 ,ιη
1241 688 1343 711 τμη
1412 691 1465 711 Α.
1587 694 1613 704 ~
1734 694 1746 711 ο
2002 697 2015 711 .
2147 696 2159 711 ο
2399 706 2423 711 _
2632 708 2649 711 _
2682 709 2692 711 _

516 679 665 731 ἔστιν
712 682 741 732 6
772 681 922 751 ἥλιος
948 716 964 745 ,
1008 686 1037 737 ὁ
1075 687 1172 758 τὴν
1241 688 1498 764 λαμπρὰν
1524 694 1616 747 τοῦ
1683 694 1931 767 σώματος
1998 696 2314 764 ἐπιφάνειαν
2362 706 2426 775 τῇ
2475 679 2745 781 προσϐολῇ
2789 679 2896 764 τῶν
2947 679 3253 786 πειρασμῶν
3296 679 3542 779 ,ἐπικαίων

522 769 786 839 μελαίνων
820 777 876 829 ὲν
902 776 1209 854 δυσμορφίᾳ
1233 784 1293 837 τὸ
1328 781 1487 851 εἶδος.

597 861 801 921 Deinde
825 879 1010 923 narrat
1036 872 1179 927 unde
1202 878 1528 947 principium
1560 882 1779 940 duxerit
1823 885 1955 940 boni
1986 899 2083 941 co-

522 1224 581 1279 lu
608 1226 709 1281 hoc
737 1230 868 1283 mihi
889 1240 1108 1289 attenta:
1132 1240 1472 1305 praebeantur
1495 1260 1677 1309 aures,
1709 1262 1817 1300 non
1847 1250 1899 1302 in
1918 1264 2084 1304 accu-

523 1324 640 1369 rate
664 1316 1007 1375 discutienda
1065 1325 1321 1385 dictionis
1385 1336 1819 1401 constructione,
1879 1339 1975 1392 sed
2030 1339 2084 1393 in

521 1407 922 1464 consideranda
970 1429 1169 1472 sensus
1212 1424 1570 1479 connexione.
1600 1426 1754 1492 Quod
1783 1429 1830 1483 si
1882 1429 1928 1483 is
1976 1445 2085 1484 non

2261 880 2393 936 Εἶτα
2438 882 2701 958 διηγεῖται
2727 930 2741 953 ,
2772 891 2892 946 ὅθεν
2932 893 3030 965 τὴν
3066 895 3231 967 ἀρχὴν
3260 899 3401 969 ἔσχεν
3427 902 3457 974 ἡ
3498 906 3611 970 πρὸς
3631 911 3680 964 τὸ

2196 974 2361 1042 μέλαν
2395 976 2492 1047 τῆς
2516 979 2762 1051 εὐχροίας
2786 985 2817 1052 ἡ
2827 984 2943 1053 μῶν
2972 988 3333 1058 μεταποίησις.
3370 993 3473 1046 Υἱοὶ
3499 1002 3682 1066 μητρός

2060 1096 2084 1108 -
2174 1070 2324 1130 ’μου,
2357 1068 2521 1135 φησὶν
2545 1107 2560 1133 ,
2599 1070 2969 1139 ἐμαχέσαντο
3000 1075 3070 1128 ἐν
3096 1077 3250 1145 ἐμοί·
3290 1080 3477 1135 ruma
3498 1102 3565 1151 με
3590 1105 3683 1155 φυ-

1999 1160 2079 1213 ῐυί.
2190 1156 2500 1212 λάκισσαν
2552 1161 2623 1215 ἐν
2659 1162 3042 1231 ἁμπελῶσιν,
3084 1167 3389 1236 ἀμπελῶνα
3435 1173 3560 1241 ἐμὸν
3597 1180 3686 1232 οὐκ

2190 1248 2483 1317 ἐφύλαξα.
2523 1252 2632 1304 Καί
2680 1270 2768 1323 μοι
2812 1253 2969 1308 τοῦτο
3020 1259 3372 1328 παρασχέσθω
3419 1264 3597 1336 ήὰκοὴ
3629 1267 3687 1338 μὴ

2184 1339 2302 1393 λίαν
2329 1341 2798 1413 ἀκριϐολογεῖσθαι
2823 1345 2961 1416 πρὸς
2987 1346 3086 1418 τὴν
3125 1351 3222 1419 τῆς
3251 1350 3436 1415 λέξεως
3460 1352 3683 1421 σύνταξιν,

2182 1433 2319 1487 ἀλλὰ
2363 1434 2502 1505 πρὸς
2533 1434 2625 1488 τὸν
2673 1435 2864 1506 εἱρμὸν
2892 1436 2986 1490 τοῦ
3026 1440 3291 1510 νοήματος
3327 1442 3543 1512 βλέπειν.
3575 1447 3690 1500 Εἱδὲ

524 1498 597 1551 sit
632 1513 893 1558 accurate
929 1520 1232 1577 connexus,
1264 1512 1319 1568 id
1368 1514 1669 1585 imputetur
1728 1519 2083 1574 imbecillitati

2182 1538 2234 1578 τι
2272 1524 2346 1596 μὴ
2379 1498 2621 1597 ἀκριϐῶς
2654 1498 3078 1599 συνήρτημένον,
3108 1498 3462 1602 συμφρὰθσεως
3480 1498 3540 1604 τῇ

524 1588 989 1661 interpretationis
1045 1614 1235 1654 eorum
1299 1605 1394 1674 qui
1453 1607 1694 1677 linguam
1763 1608 2083 1666 Hebraicam

2186 1588 2303 1683 νεία
2329 1588 2636 1682 λογισάσθω
2661 1588 2786 1669 τῶν.
2925 1588 3198 1689 Ἐϐραίων.
3214 1588 3459 1688 γλῶτταν,
3474 1588 3697 1693 agmen.

522 1679 859 1735 transferunt
884 1684 937 1737 in
982 1701 1169 1743 vocem
1192 1690 1455 1749 Graecam.
1485 1694 1524 1750 li
1553 1699 1696 1752 enim
1722 1701 1813 1768 qui
1844 1701 2082 1754 studium

2188 1679 2386 1758 λόντων
2403 1679 2492 1768 ἐίς
2518 1706 2617 1775 τὴν
2646 1679 2870 1759 Ἐλλάδα
2901 1679 3106 1777 φωνῆν.
3130 1679 3349 1781 Οἷςγὰρ
3373 1709 3433 1764 ἂν
3455 1679 3697 1781 ἐπιμέλεια

522 1781 821 1838 posuerunt
845 1784 902 1829 ut
928 1780 1275 1837 erudirentur
1306 1786 1359 1838 in
1391 1802 1645 1844 sermone
1667 1789 1918 1857 Hebraeo,
1947 1793 2082 1846 nihil

523 1864 806 1920 inveniunt
841 1869 1189 1937 ejusmodi,ut
1218 1877 1473 1933 videatur
1505 1896 1613 1935 non
1643 1884 1921 1940 cohaerere
1960 1901 2024 1941 ac
2052 1901 2084 1939 a

520 1965 580 2006 se
607 1952 837 2009 invicem
868 1957 1192 2027 dependere.
1243 1963 1465 2036 Linguae
1500 1978 1683 2025 autem
1717 1984 1921 2029 nostra:
1949 1977 2085 2045 figu-

521 2052 638 2097 rata
663 2045 886 2114 locutio,
912 2066 1019 2104 non
1052 2057 1384 2113 conveniens
1420 2061 1704 2130 elegantiae
1748 2066 1946 2135 linguae
1973 2067 2083 2123 He-

519 2134 881 2198 bram,alfert
943 2143 1229 2209 quamdam
1296 2148 1674 2207 confusionem
1737 2155 1806 2210 iis
1836 2134 1951 2226 iqui
1998 2174 2086 2214 se-

519 2233 765 2295 quuntur
792 2228 847 2282 in
877 2232 1165 2300 superficie
1190 2238 1645 2308 significationem
1679 2245 1955 2303 dictionis.
1988 2250 2087 2304 At-

519 2330 625 2383 que
657 2317 743 2372 hic
777 2328 861 2375 est
888 2323 1109 2391 quidem
1130 2342 1325 2384 sensus
1352 2332 1638 2387 verborum
1663 2351 1784 2405 quae
1815 2345 1943 2391 sunt
1966 2354 2085 2408 pro~

519 2409 720 2475 posita,
753 2421 1020 2479 quantum
1055 2432 1158 2473 nos
1192 2422 1707 2490 comprehendimus
1737 2446 1749 2479 :
1785 2425 1981 2482 Factus
2001 2438 2084 2483 est

520 2497 683 2553 homo
720 2502 790 2557 ab
819 2503 974 2559 initio
1005 2507 1207 2565 nullius
1246 2509 1419 2564 divini
1483 2514 1612 2568 boni
1646 2516 1914 2587 indigens.
1951 2518 2082 2589 Ejus

517 2599 639 2644 erat
671 2594 846 2648 solum
880 2613 1080 2655 munus
1121 2601 1263 2656 bona
1319 2619 1563 2672 servare,
1617 2624 1727 2664 non
1777 2613 2079 2682 acquirere.

518 2679 865 2739 lnimicorum
909 2699 1087 2745 autem
1123 2691 1333 2750 insidia:
1365 2713 1488 2753 eum
1548 2700 1616 2755 iis
1670 2718 1792 2772 qua:
1852 2705 2084 2762 habebat

517 2772 814 2841 nudarunt,
858 2781 1024 2849 utqui
1065 2796 1171 2837 non
1217 2788 1541 2845 custodierit
1584 2801 1835 2849 naturam
1881 2812 2002 2865 quae
2032 2798 2081 2852 ei

516 2861 642 2917 data
666 2864 843 2922 fuerat
869 2885 899 2923 a
937 2869 1029 2927 Dei
1073 2875 1426 2946 benignitate.
1472 2880 1570 2936 Hic
1592 2892 1678 2938 est
1719 2900 1849 2955 ergo
1883 2861 2079 2943 sensus

518 2958 828 3015 verborum.
860 2961 1186 3027 Qureantem
1228 2984 1324 3038 per
1357 2972 1519 3026 verba
1542 2976 1883 3047 aenigmatica
1920 2978 2081 3048 hujus

519 3064 715 3107 sensus
743 3053 814 3107 sit
849 3040 1091 3124 traditio,
1149 3074 1207 3114 se
1235 3061 1397 3117 habet
1419 3063 1521 3119 hoc
1546 3040 1734 3122 modo:

592 3229 743 3296 Filii,
780 3232 978 3302 inquit,
1016 3239 1200 3292 matris
1223 3256 1348 3294 metr
1375 3256 1734 3313 pugnaverunt
1763 3249 1817 3303 in
1843 3267 1954 3306 me:
1986 3266 2081 3320 po-

517 3332 733 3375 suerunt
783 3341 862 3377 me
903 3328 1169 3382 custodem
1206 3334 1258 3385 in
1304 3334 1486 3405 uitreis,
1532 3338 1731 3392 vineam
1767 3358 1935 3395 meam
1978 3360 2082 3397 non

516 3412 792 3467 custodivi.
830 3413 994 3471 Multa
1026 3421 1214 3487 paucis
1247 3423 1553 3493 dogmatice
1589 3444 1690 3484 nos
1711 3431 1868 3488 docet
1885 3438 2077 3491 oratio.

520 3498 756 3558 Primum
788 3505 1003 3575 quidem
1044 3509 1095 3565 id
1125 3513 1271 3581 quod
1313 3530 1541 3587 magnus
1572 3526 1819 3579 enuntiat
1857 3524 2078 3595 Paulus,

513 3594 662 3661 quod
694 3598 875 3650 omnia
907 3611 1032 3653 sunt
1061 3616 1123 3655 ex
1152 3602 1280 3670 Deo,
1302 3614 1355 3661 et
1380 3624 1522 3664 unus
1550 3620 1635 3668 est
1658 3613 1800 3671 Deus
1825 3615 1985 3673 Pater
2015 3594 2080 3674 est

514 3700 626 3754 quo
662 3688 865 3754 omnia,
897 3698 951 3745 et
990 3692 1124 3746 nihil
1152 3704 1236 3750 est
1264 3714 1327 3752 ex
1370 3700 1436 3753 iis
1463 3716 1583 3770 quae
1618 3715 1765 3773 sunt,
1796 3709 1939 3777 quod
1970 3724 2078 3764 non

518 3781 743 3844 pr0pter
785 3778 935 3833 illum
974 3790 1027 3836 et
1050 3798 1112 3838 ex
1146 3784 1239 3839 illo
1261 3786 1459 3843 habeat
1480 3796 1773 3849 essentiam
1797 3796 1861 3849 ¹³.
1891 3797 2082 3853 Omnia

514 3866 682 3934 enim,
714 3869 910 3940 inquit,
942 3888 1034 3938 per
1062 3875 1228 3942 ipsum
1257 3879 1400 3944 facta
1425 3893 1563 3947 sum,
1598 3894 1647 3937 et
1669 3886 1782 3941 sine
1800 3904 1859 3940 eo
1881 3888 2081 3957 factum

514 3968 594 4011 est
646 3959 866 4015 nihil”.
921 3964 1025 4019 Sed
1080 3968 1338 4036 quoniam
1380 3987 1721 4046 quaecunque
1774 3977 1916 4035 Deus
1952 3978 2081 4035 facit

517 4047 676 4103 Valde
727 4049 869 4104 bona
905 4064 1034 4107 sunt
1073 4057 1286 4121 (omnia
1325 4064 1469 4114 enim
1505 4063 1633 4118 fecit
1672 4065 1725 4119 in
1761 4069 2078 4138 sapientia),

515 4139 666 4195 dedit
703 4153 911 4198 natura:
961 4146 1190 4203 rationis
1236 4151 1485 4221 participi
1529 4155 1759 4224 gratiam
1806 4166 1865 4210 ut
1892 4159 1961 4213 sit
1995 4162 2081 4214 sui

512 4233 677 4300 juris,
705 4241 758 4288 et
786 4233 995 4289 addidit
1020 4237 1328 4296 facultatem
1369 4243 1676 4301 inveniendi
1706 4263 1770 4303 ea
1792 4266 1913 4320 quae
1951 4264 2082 4308 sunt

2188 1799 2380 1866 γέγονε
2431 1796 2780 1868 παιδευθῆναι
2811 1800 2909 1869 τὴν
2955 1799 3212 1869 Ἐϐραίαν
3251 1801 3540 1867 διάλεκτον,
3574 1803 3700 1856 οὐδὲν

2190 1886 2499 1955 εὑρίσκεται
2525 1887 2761 1941 τοιοῦτον
2780 1929 2795 1951 ,
2827 1883 2938 1942 οἷον
2966 1888 3145 1942 δοκεῖν
3174 1892 3541 1962 ἀσυναρτήτως
3567 1892 3699 1961 ἔχειν.

2198 1974 2258 2031 Ὀ
2290 1977 2343 2031 δὲ
2368 1979 2743 2049 σχηματισμὸς
2768 1979 2867 2048 τῆς
2904 1980 3181 2050 ἡμετέρας
3205 1981 3467 2052 γλώττης,
3498 1984 3565 2052 μὴ
3589 1999 3702 2051 συμ-

2191 2069 2389 2125 6αίνων
2413 2068 2491 2139 τῷ
2534 2070 2896 2141 σχηματισμῷ
2924 2071 3024 2140 τῆς
3064 2072 3361 2143 Ἐϐραῖκῆς
3388 2073 3704 2140 εὐγλωττίας,

2191 2160 2448 2231 σύγχυσίν
2492 2178 2613 2214 τινα
2660 2163 2772 2225 τοῖς
2821 2161 3265 2234 ἐπιπολαιότερον
3313 2161 3632 2216 ἀκολουθοῦσι
3653 2164 3707 2231 τῇ

2190 2251 2436 2324 σημασίᾳ
2478 2252 2577 2321 τῆς
2618 2250 2811 2316 λέξεως
2843 2252 3236 2322 ἀπεργάζεται.
3280 2253 3346 2305 Ἦ
3388 2252 3483 2323 μὲν
3515 2248 3598 2305 οὖν
3627 2251 3712 2304 διά-

2188 2359 2307 2396 νοια
2332 2341 2440 2395 τῶν
2464 2342 2875 2413 προειρημένων
2902 2342 3165 2412 ῥημάτων
3185 2384 3197 2402 ,
3246 2342 3382 2414 αὕτη
3412 2343 3576 2405 ἐστὶν,
3607 2343 3711 2394 ὅσον

2189 2436 2348 2504 ἡμεῖς
2377 2433 2785 2503 κατειλήφαμεν
2813 2450 2829 2467 ⁸
2869 2435 2951 2487 ὅτι
2983 2433 3178 2503 Γέγονε
3218 2434 3277 2487 τὸ
3306 2433 3572 2504 καταρχὰς
3592 2434 3617 2486 ὁ
3639 2430 3715 2484 ἄν·

2189 2524 2405 2595 θρωπος
2432 2522 2642 2587 οὐδενὸς
2668 2523 2776 2577 τῶν
2800 2523 2959 2577 θείων
2991 2524 3216 2593 ἀγαθῶν
3254 2525 3453 2595 ἐνδεής.
3483 2519 3546 2594 τῼ
3582 2523 3712 2592 ἔργον

2185 2609 2253 2683 ἦν
2284 2612 2516 2682 φυλάξαι
2554 2612 2714 2683 μόνον
2741 2612 2809 2666 τὰ
2842 2613 3048 2682 ἀγαθὰ,
3078 2616 3200 2686 οὐχὶ
3240 2614 3552 2685 κτήσασθαι.
3589 2613 3646 2665 Ἢ
3671 2611 3717 2664 δὶ

2185 2704 2294 2758 τῶν
2323 2703 2530 2776 ἐχθρῶν
2577 2704 2836 2777 ἐπιϐουλὴ
2868 2706 3072 2776 γυμνὸν
3114 2707 3278 2760 αὑτὸν
3308 2706 3416 2759 τῶν
3447 2703 3717 2775 προσόντων

2188 2794 2444 2864 ἐποίησε,
2488 2793 2562 2866 μὴ
2609 2794 2916 2863 φυλάξαντα
2964 2797 3063 2868 τὴν
3112 2796 3363 2851 δοθεῖσαν
3410 2794 3550 2865 αὐτῷ
3584 2791 3717 2863 φῦσει

2189 2883 2339 2954 παρὰ
2371 2882 2465 2937 τοῦ
2514 2883 2649 2937 Θεοῦ
2694 2884 3005 2956 εὐκληρίαν.
3058 2885 3216 2956 Αὕτη
3264 2885 3363 2957 μὲν
3409 2882 3500 2937 οὖν
3539 2881 3720 2949 ἐστινὴ

2187 2972 2295 3026 τῶν
2327 2974 2586 3045 ῥημάτων
2605 2974 2830 3029 διάνοια.
2882 2975 2945 3028 Ἢ
2994 2976 3050 3030 δὲ
3077 2976 3169 3031 διὰ
3206 2976 3317 3030 τῶν
3344 2970 3722 3045 αἰνιγματωδῶν

2183 3062 2354 3131 λόγων
2401 3063 2494 3116 τοῦ
2536 3065 2804 3135 νοήματος
2841 3064 3028 3118 τούτου
3069 3067 3376 3138 παράδοσις
3417 3064 3594 3118 τοῦτον
3630 3061 3724 3132 ἔχει

2180 3156 2271 3227 τὸν
2296 3156 2517 3227 τρόπον’

2259 3248 2377 3301 Υἱοὶ
2403 3248 2627 3318 μητρός
2660 3264 2801 3317 μου,
2848 3246 3040 3317 φησὶν,
3074 3244 3550 3342 ἐμαχέσαντο-ὲν

2181 3341 2387 3395 ἔθεντό
2411 3356 2488 3409 με
2522 3337 2914 3408 φυλάκισσαν
2953 3339 3023 3392 ἐν
3060 3337 3372 3409 ἀμπελῶνι
3392 3380 3406 3405 ,
3432 3337 3729 3435 omnem

2181 3432 2325 3502 ἐμὸν
2365 3434 2475 3485 οὐκ
2515 3430 2807 3499 ἐφύλαξα.
2856 3430 3032 3484 Πολλὰ
3076 3431 3146 3484 δι’
3185 3431 3383 3500 ὀλίγων
3426 3429 3732 3527 δογματικῶς

2182 3520 2492 3576 ὲκπαιδεύει
2536 3522 2565 3573 ὁ
2592 3516 2766 3586 λόγος.
2805 3518 3025 3589 Πρῶτον
3077 3520 3178 3589 μὲν
3200 3520 3340 3591 ὅπερ
3372 3518 3465 3570 καὶ
3505 3513 3683 3586 ὁμοίως
3704 3510 3730 3560 ὁ

2181 3611 2392 3674 Παῦλος
2414 3611 2744 3680 ἀπεφήνατο,
2765 3609 2845 3663 ὅτι
2874 3609 2941 3661 τὰ
2972 3609 3150 3662 πάντα
3180 3611 3247 3661 ἐκ
3280 3607 3374 3661 τοῦ
3396 3606 3527 3660 Θεοῦ
3552 3604 3635 3658 καὶ
3664 3595 3732 3662 εἷς

2181 3703 2313 3767 Θεὸς
2337 3704 2427 3758 καὶ
2448 3700 2634 3771 Πατὴρ
2662 3700 2721 3766 ἐξ
2749 3693 2809 3754 οὗ
2832 3700 2900 3753 τὰ
2926 3698 3125 3762 πάντα,
3145 3701 3243 3753 καὶ
3276 3698 3429 3751 οὐδὲν
3462 3697 3564 3750 τῶν
3589 3694 3733 3745 ὀντων

2184 3793 2351 3854 ἐστὶν,
2368 3792 2396 3844 ὃ
2434 3789 2508 3860 μὴ
2535 3790 2602 3842 δι’
2633 3788 2838 3842 ἐκεῖνόν
2862 3805 2920 3841 τε
2940 3788 3031 3842 καὶ
3055 3788 3116 3853 ὲξ
3144 3789 3360 3842 ἐκείνου
3383 3787 3443 3840 τὸ
3467 3782 3597 3839 εἶναι
3618 3781 3735 3852 ἔχει.

2180 3882 2384 3938 Πάντα
2409 3882 2536 3950 γὰρ,
2559 3884 2713 3950 φησὶ,
2735 3880 2808 3932 δι’
2833 3881 3017 3935 αὐτοῦ
3037 3881 3307 3949 ἐγένετο,
3327 3880 3427 3933 καί
3465 3876 3631 3948 χωρὶς
3641 3874 3734 3926 au-

2179 3974 2286 4029 τοῦ
2336 3972 2570 4043 ἐγένετο
2623 3971 2766 4025 οὐδὲ
2823 3971 2915 4026 ἓν.
2988 3971 3129 4024 Ἀλλ’
3181 3971 3376 4041 ἐπειδὴ
3433 3969 3603 4023 πάντα
3652 3965 3739 4017 ὅσα

2180 4066 2431 4138 ἐποίησεν
2479 4064 2696 4129 ὁιΘεὸς,
2732 4063 2870 4117 καλὰ
2906 4062 3025 4116 λίαν
3059 4064 3182 4116 ἐστὶ
3211 4063 3420 4159 (πάντα
3458 4059 3578 4159 γὰρ,
3592 4057 3644 4159 ἐν

2182 4158 2280 4230 cpi;
2302 4156 2596 4228 ἐποίησεν),
2616 4155 2780 4208 ἔδωκε
2802 4157 2867 4225 τῇ
2892 4154 3081 4224 λογικῇ
3100 4154 3269 4222 φύσει
3293 4153 3396 4251 τὴν
3425 4147 3736 4251 αὐτεξούσιον

2181 4250 2338 4320 χάριν
2357 4290 2372 4314 ,
2404 4248 2498 4301 καὶ
2531 4244 2835 4317 προσέθηκε
2863 4244 3089 4313 δύναμιν
3118 4244 3419 4315 εὑρετικὴν
3453 4244 3554 4293 τῶν
3591 4244 3736 4289 mn;

516 4325 622 4379 sibi
648 4338 822 4396 grata,
870 4338 927 4385 ut
969 4332 1145 4389 locum
1179 4334 1401 4393 haberet
1436 4339 1487 4393 id
1517 4341 1659 4409 quod
1688 4351 1773 4399 est
1810 4347 1863 4399 in
1895 4359 2080 4404 nostra

2184 4338 2503 4410 θυμίων,ὠς
2524 4334 2588 4389 ἂν
2621 4335 2680 4388 τὸ
2706 4334 2791 4402 ἐφ’
2826 4336 2956 4404 ἡμῖν
2997 4332 3185 4403 χώραν
3223 4332 3378 4403 ἔχοι,
3405 4330 3500 4384 καὶ
3534 4326 3603 4399 μὴ
3630 4338 3739 4421 κατ’

519 4424 809 4482 potestate,
842 4426 894 4473 et
930 4435 1037 4473 non
1063 4431 1208 4477 esset
1241 4423 1443 4479 bonum
1471 4438 1719 4484 coactum
1747 4438 1800 4485 et
1837 4432 2087 4490 involnn-

517 4508 740 4573 tan-ium,
774 4510 868 4564 sed
917 4524 1065 4568 recte
1117 4513 1317 4570 factum
1353 4526 1497 4573 esset
1525 4520 1805 4577 electionis
1835 4533 1887 4579 et
1933 4525 2086 4581 liberi

516 4597 752 4652 arbitrii.
791 4600 925 4654 Cum
977 4602 1066 4657 hic
1106 4617 1286 4659 autem
1339 4607 1494 4662 liberi
1525 4610 1732 4666 arbitrii
1760 4623 1940 4671 motus
1982 4617 2086 4671 im—

518 4689 672 4755 perio
723 4700 776 4744 et
827 4693 1081 4748 absoluta
1136 4706 1405 4766 potestate
1445 4717 1545 4757 nos
1589 4703 1880 4761 deduceret
1914 4708 1983 4762 ad
2030 4708 2083 4763 id

517 4779 666 4849 quod
699 4783 1001 4849 videbatur,
1044 4787 1297 4845 inventus
1323 4800 1406 4847 est
1438 4794 1657 4863 quidam
1691 4798 1744 4852 in
1773 4814 1952 4855 rerum
1985 4817 2083 4856 na-

517 4878 664 4935 tura,
705 4873 797 4941 qui
831 4875 970 4930 male
999 4892 1129 4933 usus
1157 4889 1240 4935 est
1265 4890 1530 4950 potestate
1557 4895 1611 4939 et
1637 4886 1809 4945 libero
1835 4893 2084 4959 arbitrio,

515 4974 573 5017 et
605 4975 973 5033 congruenter
1000 4967 1049 5023 ei
1090 4971 1235 5037 quod
1279 4972 1411 5026 dicit
1438 4974 1756 5044 Apostolus,
1797 4976 1974 5036 factus
2003 4989 2087 5038 est

517 5056 771 5112 inventor
795 5060 1085 5115 malorum.
1128 5061 1230 5128 Qui
1266 5065 1506 5134 quidem,
1546 5069 1690 5138 quod
1719 5072 1786 5126 ad
1810 5072 1864 5126 id
1893 5074 2086 5130 attinet

516 5149 667 5217 quod
706 5159 788 5204 est
820 5166 849 5204 a
881 5150 1013 5212 Deo.
1062 5163 1146 5208 est
1174 5153 1343 5210 frater
1373 5168 1592 5227 noster;
1635 5176 1700 5217 eo
1728 5176 1907 5219 autem
1938 5168 2086 5235 quod

514 5254 617 5293 sua
649 5249 845 5309 sponte
880 5242 1106 5298 deﬂuxit
1141 5260 1171 5299 a
1200 5246 1330 5300 boni
1365 5249 1804 5321 participatione,
1835 5262 1889 5309 et
1917 5256 2089 5311 malo-

521 5342 642 5384 rum
679 5332 986 5402 ingressum
1025 5336 1326 5405 innovavit,
1351 5351 1405 5394 et
1434 5338 1611 5398 factus
1639 5351 1724 5399 est
1752 5356 1904 5414 pater
1933 5363 2087 5402 men-

519 5423 689 5488 dacii,
723 5439 821 5494 pro
853 5424 1008 5480 hoste
1041 5428 1281 5499 seipsum
1321 5433 1608 5489 constituit
1633 5436 1688 5491 in
1719 5439 1994 5502 omnibus,
2032 5441 2086 5494 in

514 5515 722 5585 quibus
748 5532 946 5586 scopus
971 5518 1124 5575 liberi
1159 5521 1368 5577 arbitrii
1398 5524 1573 5580 tendit
1599 5528 1664 5582 ad
1696 5529 1916 5584 bonum.
1956 5530 2086 5586 Pro-

590 5688 680 5745 “l
717 5696 842 5751 Cor.
888 5713 1005 5764 rm,
1045 5701 1094 5753 (ἱ.
1213 5700 1435 5757 "1mm.
1466 5719 1501 5763 I.
1533 5706 1584 5760 5»

2183 4429 2592 4500 ηναγκασμένον
2608 4428 2692 4496 εἴη
2704 4426 2767 4480 τὸ
2784 4425 2986 4494 ἀγαθὸν
3011 4425 3104 4478 καὶ
3121 4424 3265 4478 ἀκού
3274 4441 3410 4524 σιον,
3432 4415 3738 4524 ἀλλὰ-κατόρ-

2182 4524 2338 4592 θωμα
2377 4519 2738 4592 προαιρέσεως
2767 4518 3019 4588 γίγνοιτο.
3062 4516 3276 4572 Τούτου
3307 4518 3367 4571 δὲ
3400 4515 3493 4570 τοῦ
3523 4515 3737 4615 abte-503'

2184 4615 2297 4667 σίου
2330 4613 2625 4682 κινήματος
2652 4608 3129 4680 αὐτοκρατορικῶς
3164 4610 3312 4680 πρὸς
3335 4609 3399 4662 τὸ
3418 4605 3601 4660 δοκοῦν
3619 4604 3736 4670 ἡμας

2182 4704 2493 4773 ἀγαγόντος,
2518 4700 2713 4772 εὑρέθη
2747 4714 2829 4765 τις
2861 4703 2920 4754 ἐν
2967 4703 3033 4771 τῇ
3067 4701 3238 4769 φύσει
3282 4700 3396 4755 τῶν
3433 4701 3594 4754 ὄντων
3615 4696 3639 4747 ὁ
3660 4707 3736 4743 κα·

2185 4795 2296 4856 κῶς
2331 4797 2397 4864 τῇ
2425 4793 2641 4864 ἐξουσίᾳ
2668 4791 3029 4862 χρησάμενος,
3059 4793 3161 4845 καὶ
3193 4793 3347 4846 κατὰ
3376 4794 3477 4863 τὴν
3496 4790 3585 4843 τοῦ
3612 4787 3735 4881 Ἀπο-

2187 4886 2370 4939 στὸλου
2421 4884 2635 4956 φωνὴν,
2664 4884 2850 4939 κακῶν
2891 4884 3193 4955 ὲφευρετὴς
3224 4886 3539 4956 γενόμενος.
3570 4884 3651 4940 ὐς
3674 4889 3734 4940 τῳ

2190 4974 2287 5046 μὲν
2306 4978 2370 5028 ἐκ
2388 4973 2523 5027 Θεοῦ
2551 4973 2644 5028 καὶ
2666 4972 2826 5027 αὐτὸν
2855 4968 3013 5037 εἶναι,
3035 4974 3274 5043 ἀδελφός
3300 4977 3453 5029 ἐστιν
3473 4973 3738 5063 ἡ

2185 5067 2261 5138 τῷ
2281 5067 2336 5119 δὲ
2370 5066 2470 5136 τῆς
2499 5064 2592 5119 τοῦ
2624 5064 2829 5132 ἀγαθοῦ
2866 5064 3155 5135 μετουσίας
3188 5066 3464 5128 ἑκουσίως
3499 5058 3743 5130 τίνι-τι)ρῤυῆ⁴

2186 5180 2292 5226 ναι,
2320 5160 2417 5232 τὴν
2442 5158 2551 5213 τῶν
2593 5157 2777 5213 κακῶν
2823 5157 3025 5211 εἴσοδον
3071 5160 3509 5229 καινοτομήσας,
3540 5154 3625 5207 καὶ
3658 5162 3741 5199 πα·

2184 5255 2287 5326 τὴρ
2347 5251 2573 5322 ψεύδους
2604 5249 2909 5319 γενόμενος,
2936 5250 3015 5311 είς
3050 5250 3326 5320 πολεμίου
3384 5248 3535 5313 τάξιν
3583 5236 3746 5295 ἑαυτὸν

2185 5347 2543 5417 κατέστησεν,
2567 5345 2625 5396 ἐν
2657 5344 2820 5396 πᾶσιν
2850 5337 2931 5406 οἷς
2956 5343 2985 5395 6
3024 5342 3231 5430 σκοπὸς
3268 5343 3375 5411 τῆς
3406 5335 3751 5430 προᾳιρὶσεωξ

2185 5440 2259 5501 ὼς
2284 5436 2419 5507 πρὸς
2455 5436 2517 5488 τὸ
2553 5436 2798 5504 κρεῖττον
2839 5424 3051 5501 βλέπει.
3076 5431 3183 5485 Διὰ
3227 5432 3429 5485 τούτου
3471 5429 3639 5529 τοίνυν
3668 5418 3751 5473 καὶ

2184 5533 2293 5594 τοῖς
2319 5529 2520 5590 λοιποῖς
2556 5526 2653 5596 τῆς
2676 5524 2782 5578 τῶν
2816 5522 3033 5592 ἀγαθῶν
3066 5523 3443 5594 amatricem;
3473 5521 3567 5589 τῆς
3602 5528 3754 5584 a709-
