3928 6196
222 400 314 457 797

1216 396 1281 451 IN
1320 396 1620 453 CANTICA
1658 395 1928 452 CANTIC.
1965 394 2242 451 liOMlLlA
2282 394 2342 452 ll.

3338 401 3440 457 798

219 523 319 591 μῆς
347 515 715 590 ἐγγινομένης,
749 517 778 571 6
806 517 870 589 δή
918 519 1012 573 καὶ
1046 521 1113 590 τῇ
1142 518 1299 588 φύσει
1330 520 1437 573 τῶν
1466 519 1764 590 ἀνθρώπων

1879 526 2049 586 pterea
2087 534 2219 589 ergo
2249 533 2371 571 eum
2419 516 2627 587 reliqua
2658 527 2818 572 etiam
2855 520 3089 577 accessit
3132 520 3350 577 occasio
3381 532 3436 577 et

219 605 432 673 ἐγένετο,
466 604 645 667 καλῶς
675 606 710 675 ἦ
739 623 869 659 ποτε
906 607 1150 678 μέλαινα,
1185 607 1277 660 νῦν
1304 608 1357 661 δὲ
1386 607 1541 679 καλὴ,
1568 610 1666 679 τὴν
1690 611 1772 662 al-

217 691 327 745 τίαν
357 692 449 761 τῆς
486 690 756 761 ζοφὼδους
782 694 956 764 ὅψεως
985 696 1063 757 είς
1093 695 1218 758 τοὺς
1245 694 1516 759 τοιούτους
1543 696 1641 764 τῆς
1671 714 1773 767 μη-

217 781 332 851 τρὸς
355 780 499 844 υἱοὺς
536 782 842 853 ἀνατίθησι,
869 782 1196 837 παιδεύουσα
1221 782 1308 837 διὰ
1336 783 1441 837 τῶν
1466 784 1773 854 λεγομένων

218 873 368 943 ἡμᾶς,
393 873 475 925 δτι
512 873 610 942 μία
641 873 740 943 μὲν
774 876 905 928 πᾶσι
934 877 1042 937 τοῖς
1070 870 1217 927 ούσίν
1240 877 1405 939 ἐστιν,
1425 870 1533 929 οἷόν
1557 893 1639 938 τις
1671 894 1773 930 πα-

215 963 327 1034 τὴρ,
356 965 389 1032 ἡ
410 962 519 1017 τῶν
548 963 716 1017 ὄντων
744 964 909 1017 αἰτία.
944 966 1051 1018 Καὶ
1070 965 1157 1018 διὰ
1184 963 1341 1017 τοῦτο
1366 964 1567 1034 ἀδελφὰ
1596 967 1772 1020 πάντα

218 1053 350 1105 ἐστὶν
377 1051 638 1123 ἀλλήλων,
665 1053 734 1106 τά
782 1054 840 1104 ἐν
886 1056 996 1115 τοῖς
1046 1048 1164 1105 οὖσι
1210 1051 1470 1122 νοούμενα
1491 1054 1548 1122 ·ὴ
1584 1053 1638 1105 δὲ
1672 1052 1773 1122 τῆς

217 1143 574 1215 προαιρέσεως
603 1143 830 1214 διαφορά
852 1182 866 1206 ,
903 1143 1037 1214 πρὸς
1059 1144 1120 1195 τὸ
1168 1143 1341 1211 φίλιόν
1370 1160 1428 1195 τε
1483 1145 1576 1195 καὶ
1617 1143 1772 1195 πολέ-

219 1252 329 1307 μιον
362 1234 462 1306 τὴν
518 1235 676 1303 φύσιν
711 1235 1000 1305 διέσχισεν.
1048 1238 1110 1288 Oi
1157 1234 1264 1305 γὰρ
1320 1234 1629 1303 ἀφεστῶτες
1673 1235 1772 1306 τῆς

216 1327 339 1397 πρὸς
372 1328 431 1381 τὸ
459 1327 661 1397 ἀγαθὸν
695 1328 952 1397 σχέσεως,
981 1327 1072 1380 καὶ
1091 1326 1177 1380 διὰ
1200 1326 1298 1397 τῆς
1324 1326 1417 1379 τοῦ
1471 1328 1773 1399 κρείττονος

216 1420 554 1482 ἀποστάσεως
586 1419 646 1472 τὸ
684 1418 850 1472 κακὸν
881 1419 1285 1490 ὑποστήσαντες
1312 1418 1451 1488 (οὐδὲ
1485 1419 1595 1489 γάρ
1625 1420 1771 1472 ἐστιν

214 1510 332 1580 ἄλλη
381 1526 469 1573 τις
518 1510 689 1563 κακοῦ
738 1509 1052 1572 ὑπόστασις,
1103 1511 1152 1561 εί
1188 1509 1261 1581 μὴ
1297 1512 1324 1563 6
1365 1510 1642 1580 χωρισμὸς
1676 1510 1770 1565 τοῦ

216 1598 528 1669 βελτίονος),
569 1602 749 1652 πᾶσαν
789 1600 1064 1654 ποιοῦνται
1114 1600 1210 1670 τὴν
1255 1601 1487 1671 σπουδὴν
1530 1603 1623 1655 καί
1656 1602 1773 1655 67:!-

213 1704 347 1742 νοιαν
373 1687 472 1740 τοῦ
513 1688 608 1742 καὶ
632 1688 823 1751 ἄλλους
851 1687 987 1759 πρὸς
1010 1690 1109 1767 τὴν
1145 1689 1254 1743 τῶν
1282 1690 1464 1744 κακῶν
1489 1692 1772 1745 κοινωνίαν

214 1775 739 1848 προσεταιρίσασθαι.
795 1776 906 1830 Καὶ
958 1776 1047 1829 διὰ
1088 1777 1244 1831 τοῦτό
1291 1793 1473 1850 φησιν,
1525 1781 1604 1833 ὃτι
1652 1780 1769 1834 Υίοὶ

210 1872 297 1942 τῆς
323 1869 535 1942 μητρός
563 1886 666 1940 μου
728 1866 813 1938 (τῇ
844 1867 950 1940 γὰρ
982 1867 1310 1942 πληθυντικῇ
1338 1871 1578 1943 σημασίᾳ
1598 1872 1656 1924 τὸ
1678 1889 1770 1924 πο-

212 1952 442 2026 λυσχιδὲς
500 1957 599 2028 τῆς
629 1958 825 2021 κακίας
868 1958 1243 2025 ἐνδείκνυται),
1283 1961 1514 2032 πόλεμον
1560 1965 1617 2015 ἐν
1651 1963 1773 2033 ἐμοὶ

216 2048 620 2119 συνεστήσαντο,
644 2049 741 2102 οὐκ
774 2049 971 2116 ἔξωθεν
993 2051 1052 2116 ἐξ
1074 2052 1371 2124 ἐπιδρομῆς
1395 2053 1770 2124 πολεμοῦντες,

213 2136 312 2188 ἀλλ’
332 2137 510 2210 αὐτὴν
537 2138 635 2210 τὴν
666 2138 845 2211 ψυχὴν
884 2142 1239 2214 ποιησάμενοι
1272 2142 1365 2195 τοῦ
1398 2144 1455 2196 ἐν
1496 2144 1633 2214 αύτῇ
1679 2158 1775 2196 πο-

210 2228 357 2300 λέμου
382 2230 730 2301 μεταίχμιον.
762 2232 851 2285 Ἔν
884 2230 1095 2304 ἑκάστῳ
1124 2233 1231 2304 γὰρ
1263 2236 1291 2286 6
1314 2234 1566 2303 πόλεμος,
1589 2233 1773 2298 καθὼς

213 2320 489 2392 ἑρμηνεύει
517 2323 546 2375 6
585 2322 723 2387 θεῖος
756 2322 1273 2392 Ἀπόστολος,λέγων
1293 2341 1306 2354 ⁸
1330 2324 1539 2378 Βλέπω
1566 2323 1633 2377 δὲ
1650 2325 1774 2378 ἕτε-

206 2426 305 2476 ρον
322 2411 520 2480 νόμον
537 2412 608 2465 ὲν
638 2412 760 2477 τοῖς
777 2412 997 2482 μέλεσι
1028 2432 1147 2483 μου
1170 2413 1687 2483 ἀντιστρατευόμει
1710 2433 1777 2469 σν

210 2497 280 2564 τῷ
308 2502 469 2569 νόμῳ
522 2499 628 2553 τοῦ
672 2501 819 2566 νοός(
846 2518 984 2569 μου,
1022 2500 1119 2554 καὶ
1176 2500 1672 2571 αἰχμαλωτίζοντά
1699 2520 1774 2572 με

212 2588 280 2653 τῷ
321 2593 488 2659 νόμῳ
536 2589 645 2659 τῆς
682 2591 969 2661 ἁμαρτίας
1022 2590 1102 2657 τῷ
1149 2592 1274 2646 ὄντι
1311 2593 1380 2645 ἐν
1420 2594 1540 2660 τοῖς
1561 2596 1778 2663 μέλεσι

206 2696 329 2748 μου.
360 2682 586 2752 Ταύτης
623 2683 798 2735 τοίνυν
836 2683 938 2753 τῆς
965 2684 1222 2754 ἐμφυλίου
1254 2685 1430 2754 μάχης
1453 2687 1509 2738 ἐν
1532 2687 1653 2756 ἐμοὶ
1680 2704 1740 2739 συ
1766 2718 1772 2727 ι

213 2771 395 2841 στάσης
423 2771 587 2843 παρά
614 2772 720 2825 τῶν
745 2772 987 2841 ἀδελφῶν
1026 2789 1148 2843 μου,
1190 2773 1400 2845 ἐχθρῶν
1431 2774 1487 2827 δὲ
1512 2774 1610 2844 τῆς
1638 2778 1776 2846 ἐμῆς

211 2864 497 2935 σωτηρίας,
534 2863 1070 2934 μέ).αινα“ὲγενόμην,
1102 2864 1397 2935 ἡττηθεῖσα
1423 2865 1525 2917 ὑπὸ
1550 2866 1655 2918 τῶν
1688 2883 1777 2918 πο·

209 2952 394 3026 λεμίων
436 2958 541 3011 καὶ
578 2955 668 3009 τὸν
711 2956 1011 3026 ἀμπελῶνα
1050 2956 1140 3010 τὸν
1186 2957 1314 3027 ἐμὸν
1359 2957 1458 3009 οὐκ
1514 2956 1773 3026 ἐφύλαξα.

209 3046 398 3102 Ταύτδν
427 3048 545 3120 χρὴ
580 3052 720 3102 νοεῖν
744 3046 822 3119 τῷ
863 3047 1173 3119 παραδείσῳ
1201 3048 1290 3100 τὸν
1323 3047 1637 3117 ἀμπελῶνα.
1667 3048 1775 3100 Καὶ

208 3137 305 3208 γὰρ
333 3141 499 3193 κάκεῖ
538 3138 831 3208 φυλάσσειν
866 3138 1065 3209 ἐτάχθη
1093 3140 1121 3191 6
1157 3137 1439 3209 ἄνθρωπος
1476 3137 1566 3190 τὸν
1600 3141 1775 3209 παρά-
1805 3172 1850 3231 C

208 3230 364 3284 δεισον
383 3248 397 3261 ο
421 3233 455 3303 ἡ
478 3231 543 3301 δὲ
564 3231 663 3301 τῆς
688 3230 933 3300 φυλακῆς
957 3230 1182 3301 ἀμέλεια
1207 3229 1454 3283 ἐκϐάλλει
1481 3229 1573 3282 τοῦ
1599 3246 1778 3300 παρα-

208 3324 369 3377 δείσου
399 3325 497 3377 τὸν
529 3324 837 3393 ἄνθρωπον,
863 3324 957 3376 καὶ
982 3324 1237 3392 οἰκήτορα
1263 3321 1368 3374 τῶν
1400 3322 1617 3390 δυσμῶν
1640 3324 1782 3374 ποιεῖ

208 3412 299 3482 τῆς
327 3413 599 3484 ἀνατολῆς
636 3414 1009 3485 ἀποστήσασα.
1044 3413 1140 3465 Διά
1169 3411 1378 3483 τοῦτοή
1408 3411 1634 3482 ἀνατολὴ
1664 3414 1779 3475 ταῖς

206 3506 421 3576 δυσμαῖς
460 3506 832 3573 ἐπιφαίνεται.
873 3504 1145 3559 Ψάλλετε
1188 3504 1314 3575 γὰρ,
1347 3506 1497 3573 φησι,
1536 3503 1613 3569 τῷ
1666 3507 1779 3557 Κυ-

202 3595 302 3662 ρίῳ
324 3596 403 3661 τῷ
432 3595 814 3661 ἐπιϐεϐηκότι
850 3593 945 3647 ἐπὶ
981 3590 1248 3661 δυσμῶν,
1279 3593 1364 3645 ἵνα
1397 3591 1489 3643 τοῦ
1520 3590 1695 3659 φωτὸς
1723 3591 1779 3643 ὲν

206 3689 265 3755 τῇ
314 3687 514 3756 σκοτίᾳ.
546 3686 871 3756 λάμποντος,
910 3683 1245 3755 μεταποιηθῇ
1281 3681 1416 3753 πρὸς
1462 3682 1562 3752 τὴν
1591 3682 1780 3734 ἀκτῖνα

209 3776 262 3827 τὸ
292 3778 508 3840 σκότος.
544 3776 639 3830 καὶ
670 3776 893 3847 γένηται
920 3776 1059 3846 καλὴ
1092 3774 1252 3829 πάλιν
1284 3776 1317 3844 ἠ
1348 3773 1592 3843 μέλαινα.
1626 3771 1668 3823 '1'
1672 3771 1700 3822 ὸ
1723 3771 1779 3823 δὲ

207 3866 383 3921 δοκοῦν
410 3867 795 3938 ἀσυνάρτητον
824 3867 922 3936 τῆς
949 3865 1144 3931 λέξεως
1161 3865 1297 3936 πρὸς
1332 3863 1428 3934 τὴν
1467 3861 1780 3934 εὑρεθεῖσαν

207 3957 456 4023 διάνοιαν,
479 3957 662 4028 τούτῳ
688 3956 765 4027 τῷ
790 3957 973 4028 τρόπῳ
994 3955 1214 4010 δύνατόν
1238 3957 1351 4007 ἐστι
1382 3952 1780 4024 παραμυθήσα-

210 4049 338 4103 (rear
370 4049 636 4106 Ἕθεντό
658 4065 754 4117 με,
791 4049 944 4119 φησὶ,
983 4046 1376 4117 φυλάκισσαν
1405 4045 1474 4098 ἐν
1510 4040 1780 4113 ἀμπελῶ-

208 4158 319 4195 our.
349 4143 542 4213 Ὅπερ
573 4141 686 4194 ἴσον
717 4141 834 4193 εστὶ
859 4138 956 4204 τῷ,
988 4139 1229 4192 Ἕθεντο
1269 4131 1666 4204 Ἰερουσαλὴμ
1693 4132 1781 4196 εἰς

209 4233 729 4305 ὀπωροςρυλάκιον.
760 4231 834 4286 ού
860 4230 968 4302 γὰρ
1012 4232 1207 4283 ἐκεῖνοι
1235 4228 1572 4295 κατέστησαν
1611 4224 1779 4294 αὐτὴν

209 4327 416 4393 φύλακα
436 4326 542 4380 τοῦ
571 4325 716 4380 θείου
752 4323 1087 4395 ἀμπελῶνος,
1125 4322 1201 4385 ὠς
1233 4322 1297 4376 ἄν
1321 4337 1406 4383 τις
1429 4320 1494 4372 ὲκ
1520 4316 1613 4371 τοῦ
1642 4332 1778 4387 προ-

207 4419 379 4489 χείρου
413 4419 693 4489 νοήσειεν·
713 4415 827 4468 ἀλλ’
848 4417 877 4468 6
900 4414 1247 4484 καταστήσας
1280 4411 1379 4481 μέν
1411 4412 1555 4464 ἐστιν
1574 4410 1603 4461 6
1623 4407 1776 4471 Θεὸς,

209 4512 394 4564 ἐκεῖνοι
421 4510 482 4564 δὲ
510 4509 851 4581 ἐμαχέσαντο
886 4507 1045 4578 μόνον
1068 4507 1124 4558 ἐν
1153 4504 1312 4574 αὐτῇ,
1344 4502 1439 4556 καὶ
1464 4501 1645 4554 ἔθεντο
1681 4499 1773 4552 a6-

207 4598 296 4669 τὴν
329 4599 406 4664 ὡς
445 4598 659 4669 σκηνὴν
686 4599 743 4650 ὲν
780 4593 1080 4667 ἀμπελῶνι,
1105 4591 1200 4645 καὶ
1232 4592 1308 4654 ὼς
1337 4587 1783 4660 ὁπωροφυλάκιον

208 4693 261 4744 ὲν
297 4693 637 4763 σικυηλάτῳ.
666 4689 780 4760 Τῆς
827 4687 936 4759 γὰρ
983 4684 1393 4756 φυλασσομένης
1437 4680 1657 4751 ὀπώρας
1697 4679 1786 4732 διά

206 4780 300 4851 τὴν
335 4781 633 4852 παρακοὴν
671 4775 993 4849 στερηθεῖσα
1012 4815 1026 4841 ,
1054 4776 1322 4846 ἄχρηστον
1349 4772 1527 4842 θέαμα
1555 4769 1787 4824 κατελεί-

207 4871 441 4943 φθη,τοῦ
466 4868 879 4942 φυλασσομένου
905 4869 963 4920 ὲν
988 4867 1124 4937 αὐτῇ
1156 4866 1230 4935 μὴ
1259 4865 1430 4927 δντος.
1459 4863 1571 4915 Καὶ
1599 4861 1785 4932 ἐπειδὴ

206 4964 353 5020 ἔθετο
384 4966 416 5017 6
445 4964 581 5027 Θεὸς
617 4962 901 5033 ἄνθρωπον
928 4957 1217 5031 ἑργάζεθαι
1249 4958 1343 5010 καὶ
1373 4956 1665 5025 φυλάσσειν
1692 4953 1784 5006 τὸν

206 5058 558 5128 παράδεισον,
582 5054 740 5108 τοῦτό
765 5069 927 5124 φησιν
947 5053 980 5123 ἡ
1000 5049 1208 5121 νύμφη,
1236 5049 1316 5102 ὅτι
1346 5046 1452 5100 Τοῦ
1477 5046 1610 5099 Θεοῦ
1645 5043 1782 5117 [τοῦ]

209 5146 437 5217 θεμένου
467 5146 571 5216 τὴν
602 5145 781 5215 ψυχήν
813 5161 912 5213 μου
939 5144 1019 5205 είς
1045 5140 1188 5211 ζωὴν
1220 5138 1354 5210 (ζωὴ
1386 5138 1494 5208 γάρ
1531 5134 1598 5209 ἦν
1632 5138 1665 5208 ἡ
1690 5136 1783 5189 τοῦ

210 5238 548 5308 παραδείσου
565 5236 766 5308 τρυφὴ,
782 5236 839 5287 ὲν
854 5226 898 5302 ᾧ
919 5233 1066 5287 ἔθετο
1085 5234 1113 5285 6
1128 5232 1258 5294 Θεὸς
1282 5231 1371 5284 τὸν
1393 5228 1674 5299 ἄνθρωπον
1696 5232 1784 5299 ἐρ-

209 5329 474 5397 γὲιζεσθαι
506 5329 601 5381 καὶ
630 5326 921 5396 φυλάσσειν
952 5324 1220 5394 αὐτὸν),οἱ
1246 5320 1427 5392 ἐχθροὶ
1450 5318 1784 5391 μετέστησαν

206 5422 372 5492 αἰτὴν
390 5418 572 5487 ἐκτῆς
592 5417 683 5471 τοῦ
703 5416 1031 5488 παραδείσου
1052 5412 1280 5486 τρυφῆς,
1298 5414 1374 5475 είς
1396 5409 1787 5472 τὺσπουδάζειν

208 5514 332 5582 rapi.
351 5512 449 5563 τὸν
471 5508 649 5563 αὐτῶν
670 5508 987 5579 ἀμπελῶνα,
1000 5500 1060 5559 οὗ
1081 5509 1108 5559 6
1126 5505 1315 5576 βότρυς
1332 5504 1567 5573 γεωργεῖ
1582 5500 1680 5571 τὴν
1702 5518 1789 5553 πι-

207 5596 255 5675 νε
281 5608 367 5656 ίαν
380 5604 483 5656 καὶ
499 5603 538 5673 ἡ
553 5600 790 5672 σταφυλὴ
812 5600 910 5671 τὴν
937 5598 1121 5671 χολήν.
1150 5592 1398 5657 Τοιοῦτος
1411 5592 1666 5664 ἀμπελὼν
1693 5587 1789 5643 Σύ-

192 5812 199 5821 »
288 5777 519 5832 "Rom.
557 5791 645 5842 νιι,
676 5777 747 5831 2'5
844 5774 1052 5829 "Psal.
1093 5787 1259 5834 vau,
1297 5770 1345 5821 εἰ.

1875 606 2151 677 impulsio,
2208 615 2267 660 ut
2319 622 2349 660 a
2391 607 2549 661 bonis
2589 608 2985 676 excideremus,
3044 609 3187 679 quod
3222 610 3438 680 quidem

1873 699 2034 753 etiam
2066 699 2121 751 in
2157 704 2352 751 natura
2386 699 2489 751 fuit
2514 698 2776 763 humana,
2817 708 2965 754 recte
2993 716 3113 769 quae
3150 702 3442 771 aliquando

1873 789 2090 858 quidem
2134 788 2238 841 fuit
2284 790 2459 859 nigra,
2514 805 2659 843 nunc
2698 800 2881 843 autem
2924 790 3173 859 pulchra,
3217 805 3438 846 causam

1874 879 2019 949 quod
2052 887 2308 949 appareat
2344 880 2520 948 nigra,
2562 879 2752 933 tribuit
2782 878 3049 949 ejusmodi
3088 880 3212 934 (iliis
3250 881 3441 934 matris

1874 983 2007 1032 suae,
2034 984 2129 1037 per
2153 983 2215 1022 ea
2255 984 2374 1038 qua:
2412 968 2670 1022 dicuntur
2701 983 2804 1023 nos
2836 968 3114 1033 erudiens,
3156 969 3297 1039 quod
3325 985 3443 1024 0m~

1874 1059 2039 1112 nibus
2083 1058 2302 1128 quidem
2348 1074 2469 1128 qme
2512 1066 2662 1122 sunt,
2693 1068 2778 1112 est
2812 1058 2979 1113 veluti
3010 1058 3232 1129 quidam
3263 1069 3442 1129 pater,

1872 1164 2059 1204 eorum
2106 1165 2227 1219 quae
2252 1159 2378 1204 sunt
2407 1164 2602 1203 causa:
2634 1159 2686 1203 et
2729 1157 3018 1219 propterea
3061 1161 3188 1205 sunt
3216 1152 3357 1205 inter
3386 1167 3446 1207 se

1873 1238 2104 1292 invicem
2128 1238 2390 1304 fraterna,
2414 1252 2476 1292 ea
2500 1254 2620 1311 qua:
2644 1239 2698 1291 in
2730 1239 2796 1293 iis
2817 1253 2939 1308 qua}
2969 1248 3101 1293 sunt
3122 1241 3444 1311 intelligun-

1875 1337 1996 1395 tur;
2026 1327 2260 1383 instituti
2296 1338 2476 1383 autem
2513 1340 2565 1383 et
2599 1329 2783 1385 liberm
2816 1330 3103 1386 electionis
3140 1329 3446 1386 differentia

1872 1419 2057 1475 divisit
2084 1431 2360 1487 naturam,
2385 1422 2515 1475 utin
2532 1436 2595 1475 ea
2617 1428 2763 1476 esset
2781 1422 3025 1475 amicitia
3044 1428 3096 1478 et
3122 1422 3443 1477 inimicitia.

1873 1510 1974 1575 Qui
2020 1512 2164 1566 enim
2187 1513 2576 1567 abscesserunt
2599 1512 2667 1566 ab
2691 1512 3009 1567 habitudine
3035 1513 3100 1567 ad
3131 1514 3357 1577 bonum,
3392 1523 3447 1568 et

1873 1614 1971 1668 per
2002 1615 2280 1655 recessum
2310 1616 2339 1653 a
2373 1606 2517 1654 bono
2554 1601 2755 1655 malum
2804 1602 3209 1656 constituerunt
3241 1602 3447 1675 (neque

1870 1688 2013 1742 enim
2037 1697 2121 1743 est
2143 1690 2247 1742 alia
2261 1689 2707 1745 malisubstantia
2728 1706 2890 1758 quam
2904 1706 2935 1743 a
2953 1690 3098 1745 bono
3116 1692 3444 1761 separatio),

1873 1776 2131 1833 adhibent
2158 1793 2317 1833 omne
2339 1779 2577 1833 studium
2600 1788 2653 1834 et
2678 1779 3028 1845 industriam,
3061 1787 3122 1831 ut
3146 1781 3285 1835 alios
3309 1795 3446 1849 quo-

1877 1882 1983 1935 que
2015 1868 2119 1924 sibi
2142 1870 2437 1923 concilient
2468 1870 2534 1922 ad
2564 1869 2833 1923 malorum
2861 1869 3199 1923 societatem.
3234 1869 3298 1921 Et
3326 1871 3450 1924 ideo

1878 1958 2029 2022 dicit,
2048 1955 2172 2012 Filii
2202 1960 2394 2014 matris
2429 1976 2562 2014 mea:
2593 1960 2713 2029 (per
2749 1961 3012 2030 pluralem
3047 1961 3190 2015 enim
3239 1962 3444 2031 signifi-

1878 2050 2169 2112 cationem,
2211 2052 2449 2107 ostendit
2474 2052 2754 2121 multiplex
2790 2050 3004 2123 vitium)
3042 2052 3095 2104 in
3132 2068 3215 2106 me
3248 2053 3446 2106 bellum

1879 2141 2207 2207 conﬂarunt,
2245 2157 2349 2196 non
2382 2143 2623 2197 externis
2657 2142 3066 2197 incursionibus
3096 2200 3101 2203 _
3126 2143 3452 2210 belligeran-

1881 2241 1983 2299 tes,
2039 2230 2135 2288 scd
2166 2232 2221 2285 in
2268 2235 2387 2301 ipsa
2436 2231 2614 2285 anima
2657 2233 2783 2287 belli
2831 2233 3018 2288 sedem
3071 2232 3318 2302 ﬁgentes.
3352 2231 3450 2287 Est

1879 2325 2023 2378 enim
2054 2321 2107 2376 in
2155 2337 2485 2392 unoquoque
2536 2322 2758 2385 bellum,
2808 2332 2865 2376 ut
2906 2322 3124 2377 divinus
3155 2322 3451 2391 Apostolus

1878 2412 2172 2483 signiﬁcat,
2210 2414 2436 2468 dicens:
2499 2410 2656 2466 Video
2702 2413 2868 2466 aliam
2911 2413 3073 2483 legem
3117 2414 3169 2467 in
3206 2414 3451 2467 membris

1880 2504 2006 2556 meis
2048 2511 2417 2571 repugnantem
2449 2501 2554 2569 legi
2582 2501 2766 2554 mentis
2806 2516 2953 2565 metu,
3016 2509 3069 2554 et
3101 2501 3451 2568 captivantem

1881 2610 1959 2646 me
2004 2594 2057 2645 in
2101 2593 2258 2662 legem
2306 2591 2527 2660 peccati,
2579 2607 2697 2660 qua:
2730 2600 2808 2643 est
2854 2592 2907 2643 in
2950 2590 3196 2644 membris
3228 2589 3451 2645 meis".

1879 2683 2015 2737 Cum
2053 2683 2155 2735 hoc
2192 2696 2321 2752 ergo
2365 2681 2562 2735 bellum
2597 2681 2942 2745 intestinum,
3001 2697 3031 2735 a
3061 2685 3197 2736 meis
3231 2681 3452 2751 quidem

1882 2774 2163 2836 fratribus,
2199 2773 2435 2826 inimicis
2469 2779 2650 2826 autem
2680 2787 2815 2826 mem
2850 2772 3059 2836 salutis,
3102 2773 3156 2826 in
3190 2788 3275 2827 me
3307 2778 3455 2828 esset

1882 2866 2199 2929 conﬂatum,
2257 2864 2400 2918 facta
2435 2879 2555 2917 sum
2604 2863 2761 2932 nigra
2810 2862 2953 2917 victa
3000 2864 3069 2916 ab
3100 2864 3361 2928 inimicis,
3398 2872 3454 2919 et

1881 2959 2094 3012 vineam
2127 2973 2301 3011 uicani
2330 2972 2437 3010 non
2464 2954 2755 3010 cus'odivi.
2789 2954 3141 3025 lntelligenda
3168 2964 3456 3011 autemest

1881 3050 2037 3103 vinea
2073 3050 2211 3103 idem
2248 3047 2394 3118 quod
2430 3047 2742 3116 paradisus.
2770 3044 2905 3099 Nam
2936 3047 3047 3100 illic
3075 3063 3296 3116 quoque
3327 3048 3452 3117 jus-

1880 3155 1974 3194 sus
1997 3150 2081 3194 est
2115 3140 2279 3194 homo
2314 3138 2592 3192 custodire
2617 3138 2953 3207 paradisum.
2994 3136 3050 3191 In
3087 3138 3450 3193 custodiendo

1880 3244 2057 3287 autem
2095 3231 2420 3300 negligentia
2459 3230 2734 3283 hominem
2766 3229 3000 3284 exclusit
3022 3244 3052 3283 a
3085 3230 3363 3299 paradiso,
3394 3236 3449 3284 et

1880 3323 2059 3379 cﬂ‘ecit
2080 3332 2136 3376 ut
2161 3323 2365 3377 habitet
2389 3320 2452 3373 ad
2482 3319 2824 3375 occidentem
2846 3321 3118 3375 abductus
3136 3322 3202 3374 ab
3219 3322 3450 3377 oriente.

1881 3414 2172 3484 Propterea
2225 3411 2444 3467 occasui
2493 3418 2717 3479 apparet
2760 3410 2968 3464 oriens.
3013 3407 3239 3464 Cantate
3283 3411 3452 3473 enim,

1880 3507 2077 3576 inquit,
2122 3504 2368 3567 Domino,
2423 3503 2513 3572 qui
2557 3503 2792 3557 ascendit
2826 3517 2979 3569 super
3007 3518 3253 3556 occasum
3278 3503 3345 3568 “,
3389 3509 3453 3556 ut

1880 3615 2002 3653 cum
2034 3599 2128 3652 lux
2173 3597 2414 3652 tenebris
2450 3596 2715 3661 illuxerit,
2755 3610 2786 3647 a
2834 3594 2987 3649 radio
3021 3600 3456 3648 transmutentur

1881 3687 2137 3748 tenebrae,
2190 3692 2244 3739 et
2300 3683 2391 3737 ﬁat
2441 3697 2637 3737 rursus
2681 3682 2908 3753 pulchra
2953 3696 3075 3749 quae
3118 3687 3236 3733 erat
3273 3679 3459 3747 nigra.

1880 3775 2033 3842 Quod
2068 3781 2245 3828 autem
2287 3773 2340 3826 in
2374 3773 2610 3826 dictione
2656 3786 2780 3825 cum
2829 3785 2995 3824 sensu
3031 3770 3251 3823 invento
3303 3767 3456 3823 video

1880 3874 1970 3919 tur
1996 3878 2102 3917 non
2145 3862 2439 3923 cohaerere,
2465 3862 2516 3915 id
2553 3861 2653 3913 hoc
2694 3859 2855 3913 modo
2898 3859 3095 3928 poterit
3121 3855 3405 3909 conciliari
3438 3868 3451 3908 :

1878 3952 1985 4017 Me,
2020 3948 2218 4019 inquit,
2257 3961 2542 4019 posuerunt
2595 3950 2861 4005 custodem
2880 3950 2936 4004 in
2958 3941 3296 4008 vineisQuod
3329 3941 3455 4011 qui-

1880 4049 2001 4097 dem
2033 4039 2253 4112 perinde
2277 4047 2379 4106 est,
2413 4046 2471 4092 ut
2508 4036 2650 4109 quod
2679 4036 2923 4091 dicitur:
2969 4033 3267 4088 Posuerunt
3290 4030 3454 4085 Jeru-

1880 4134 2044 4190 salem
2075 4134 2128 4187 in
2164 4148 2436 4201 pomorum
2465 4130 2760 4184 custodiam
2788 4128 2855 4183 ⁸⁷.
2894 4125 3010 4180 Non
3046 4126 3189 4180 enim
3222 4125 3296 4177 illi
3335 4138 3456 4178 eam

1880 4222 2578 4281 constitueruntcustodem
2601 4220 2799 4274 divina:
2830 4218 3024 4278 vineae,
3061 4222 3119 4268 ut
3150 4230 3214 4269 ex
3245 4211 3452 4274 verbis,

1880 4333 2001 4387 quae
2027 4323 2157 4372 sunt
2210 4316 2264 4369 in
2300 4320 2578 4383 promptu,
2629 4316 2812 4380 posset
2861 4306 3126 4375 intelligi;
3184 4303 3279 4357 sed
3312 4300 3457 4357 Deus

1880 4407 2099 4478 quidem
2140 4412 2225 4461 est
2260 4405 2353 4474 qui
2400 4401 2704 4463 constituit,
2757 4399 2832 4452 illi
2873 4405 3053 4451 autem
3093 4394 3269 4448 solum
3306 4392 3360 4445 in
3391 4405 3457 4446 ea

1813 4497 1857 4552 D
1886 4506 2284 4570 pugnaverunt,
2319 4504 2375 4551 et
2414 4499 2712 4565 posuerunt
2746 4505 2863 4546 eam
2907 4496 3166 4556 tanquam
3198 4484 3457 4538 taberna-

1879 4594 2061 4647 culum
2110 4589 2165 4643 iu
2206 4588 2385 4650 vinea,
2434 4594 2488 4640 et
2520 4593 2777 4653 tanquam
2829 4579 3104 4634 fructuum
3146 4573 3454 4631 custodiam

1880 4683 1935 4736 in
1962 4678 2360 4736 cucumerario.
2386 4672 2675 4729 Fructibus
2700 4671 2844 4727 enim
2878 4668 2972 4740 qui
3006 4662 3459 4721 custodiebantur

1881 4772 2092 4842 privata
2145 4776 2368 4839 propter
2410 4762 2857 4824 inobedientiam,
2916 4758 3105 4813 relicta
3139 4762 3221 4809 est
3268 4750 3460 4807 inutile

1884 4860 2278 4933 spectaculum,
2311 4872 2437 4912 cum
2477 4857 2532 4909 in
2564 4870 2627 4910 ea
2677 4867 2786 4907 non
2821 4856 2966 4905 esset
3009 4847 3061 4901 id
3102 4842 3245 4915 quod
3276 4852 3462 4933 custos-

1888 4931 2160 5010 diehatur.
2218 4948 2284 5003 Et
2318 4947 2573 5019 quoniam
2632 4943 2777 5000 'leus
2826 4939 3008 5013 posuit
3059 4936 3336 4991 hominem
3391 4931 3460 4985 ad

1889 5044 2224 5115 operandam
2259 5048 2312 5096 et
2340 5034 2757 5094 custodiendum
2795 5029 3134 5103 paradisum,
3190 5025 3293 5079 hoc
3320 5020 3457 5121 dixit

1889 5111 2121 5206 sponsa:
2155 5130 2291 5186 Cum
2323 5128 2466 5184 Deus
2496 5127 2728 5180 animam
2761 5138 2935 5177 meam
2981 5117 3253 5189 posuisset
3287 5111 3353 5206 ad
3377 5111 3457 5165 vi-

1892 5203 2038 5282 tam:
2074 5221 2281 5278 delicia!
2307 5220 2451 5275 enim
2496 5214 2731 5287 paradisi
2773 5213 2881 5266 vita
2912 5217 3048 5271 erat,
3088 5207 3142 5261 in
3172 5219 3283 5275 quo
3311 5203 3452 5256 Deus

1893 5314 2073 5387 posuit
2088 5311 2361 5367 hominem
2377 5307 2443 5362 ad
2461 5301 2795 5376 operandum
2813 5309 2863 5355 et
2877 5313 2999 5353 eum
3013 5290 3451 5387 custodiendum:

1890 5382 2095 5463 inimici
2109 5418 2195 5458 me
2209 5402 2568 5456 traduxerunt
2581 5393 2868 5449 acustodia
2887 5389 3121 5460 paradisi
3142 5385 3205 5437 ad
3222 5382 3459 5439 studium

1892 5494 2199 5569 ponendum
2231 5492 2285 5546 in
2314 5491 2551 5552 vineam,
2582 5485 2742 5553 cujus
2773 5481 2966 5536 botrus
2988 5481 3208 5569 generat
3234 5486 3456 5569 amaro-

1894 5558 2029 5650 rem,
2056 5593 2110 5640 ct
2131 5601 2229 5639 uva
2251 5583 2433 5637 bilem.
2456 5573 2731 5649 Ejusmodi
2747 5573 2905 5627 vinea
2918 5579 3034 5623 erat
3048 5564 3284 5621 Sodoma
3323 5558 3460 5613 'l'ale

1435 5769 1472 5798 ν
1513 5766 1650 5820 l‘sal.
1683 5777 1909 5826 axxvm,
1949 5763 1992 5812 ι.
