3928 6196
479 324 580 382 799

1725 327 1784 381 s.
1810 321 2137 380 GREGORII
2170 317 2466 376 stsam
3575 315 3657 374 δυο

477 447 814 495 sarmentum
856 438 1158 494 Gomorrha
1181 479 1194 504 ,
1231 456 1351 510 qua:
1380 440 1632 496 damnata
1663 450 1746 498 est
1774 456 1897 497 cum
1933 439 2037 494 So-

2146 436 2274 504 δομα
2302 429 2370 504 ἦν
2426 429 2647 499 τοιαύτη
2682 428 2950 499 κληματίς
2977 425 3249 498 Γόμορρα,
3277 425 3660 497 ήσυγκαταδικα.

474 535 653 587 domis
681 573 696 596 ,
749 547 842 603 per
876 548 1014 603 quas
1054 534 1131 586 ira
1169 535 1468 589 draconum
1512 535 1931 592 immedicabilis
1975 536 2057 591 ef-

476 622 595 676 fusa
637 631 722 678 est
755 623 808 675 in
849 622 1009 676 malis
1039 625 1408 679 torcularibus
1442 624 1870 680 Sodomitarum.
1903 625 2056 681 Licet

473 722 654 767 autem
708 715 764 768 in
821 713 1148 769 hodiernum
1204 731 1378 785 usque
1425 717 1567 770 diem
1619 715 1804 772 videre
1855 719 2054 774 multos

475 801 732 857 homines
763 813 1050 859 turatores
1080 813 1132 858 et
1160 805 1416 860 custodes
1444 806 1716 875 ejusmodi
1747 810 2050 876 vinearum,

473 895 567 963 qui
609 895 906 965 diligenter
936 897 989 950 in
1032 913 1090 952 se
1131 913 1232 952 sua
1269 898 1398 952 vitia
1439 899 1794 966 custodiunt,
1831 903 2054 971 perinde

474 1000 536 1038 ac
568 986 612 1039 si
649 987 875 1040 timeant
915 1001 981 1041 ne
1022 989 1224 1041 malum
1267 988 1521 1058 perdant.
1561 988 1729 1046 Vides
1771 993 2052 1062 improbos

474 1076 735 1131 custodes
792 1077 1146 1142 idololatriae,
1189 1092 1310 1148 quae
1347 1089 1639 1134 exercetur
1679 1081 1734 1136 in
1775 1083 2053 1152 impietate

472 1177 527 1224 et
560 1170 612 1224 in
646 1170 874 1223 avaritia
898 1212 912 1236 ,
951 1172 1409 1240 quemadmodum
1439 1173 1665 1242 vigilant
1694 1174 1749 1229 in
1781 1177 2048 1230 malorum

473 1261 755 1323 custodia,
808 1263 1070 1317 damnum
1117 1279 1239 1320 esse
1283 1266 1664 1322 existimantes
1705 1269 1910 1338 privari
1948 1270 2050 1323 ini-

473 1352 704 1422 quitate.
748 1350 807 1406 In
849 1351 974 1408 aliis
1003 1369 1225 1424 quoque
1253 1355 1379 1410 licet
1412 1357 1599 1412 videre
1630 1372 1727 1414 eos
1757 1359 1852 1428 qui
1893 1359 2048 1430 peni-

472 1476 563 1523 tus
603 1478 970 1538 suscrperunt
1007 1471 1338 1540 voluptatem
1369 1513 1384 1536 ,
1431 1481 1526 1528 aut
1564 1475 1915 1544 superbiam,
1955 1488 2051 1534 aut

473 1559 674 1614 fastum
695 1600 710 1622 ,
736 1570 828 1614 aut
855 1561 1062 1630 aliquid
1087 1563 1355 1631 ejusmodi
1377 1603 1392 1625 ,
1417 1568 1878 1635 quemadmodum
1899 1569 2048 1624 omni

472 1651 656 1706 studio
694 1667 756 1706 ea
823 1654 965 1706 mala
1027 1657 1459 1724 ampleCtantur,
1504 1658 1716 1712 lucrum
1770 1675 1894 1716 esse
1945 1661 2048 1715 du-

471 1753 691 1808 centes,
724 1746 792 1800 ab
832 1745 1146 1814 bujusmodi
1183 1749 1330 1804 vitiis
1369 1765 1653 1820 nunquam
1698 1766 1890 1821 puram
1926 1768 2050 1808 esse

471 1838 734 1890 animam.
767 1837 892 1892 Haec
920 1855 1051 1910 ergo
1083 1839 1245 1896 deﬂet
1274 1858 1502 1912 sponsa,
1535 1845 1762 1900 dicens:
1791 1844 2049 1916 Propter-

468 1943 533 1983 ea
595 1929 738 1983 facta
789 1948 910 1986 sum
974 1934 1170 2004 nigra,
1231 1935 1376 2004 quod
1441 1936 1647 1993 inimici
1702 1939 1946 2002 zizania,
1994 1947 2048 1994 et

478 2023 621 2074 mala
653 2031 842 2077 nostra
882 2038 1162 2080 sarmenta
1194 2028 1512 2082 custodiens
1544 2041 1595 2084 et
1639 2037 1834 2095 tuens,
1870 2047 2044 2085 meam

469 2113 682 2166 vineam
717 2130 825 2168 non
858 2119 1119 2172 custodii.
1149 2118 1193 2172 Ο
1227 2127 1464 2188 quantos
1494 2123 1696 2176 excitat
1729 2122 1957 2178 aﬂ‘ectus
1992 2125 2045 2177 in

468 2202 539 2257 iis
576 2205 668 2272 qui
698 2207 814 2259 acri
861 2224 1026 2262 sensu
1079 2210 1185 2264 ista
1223 2211 1574 2280 percipiunt:
1626 2211 1840 2267 Vincam
1877 2231 2047 2268 meam

469 2310 573 2346 non
633 2298 893 2352 custodivi
923 2300 944 2352 !
972 2299 1094 2356 Haec
1159 2317 1262 2355 vox
1311 2311 1395 2357 est
1447 2311 1633 2373 aperte
1681 2306 2040 2362 lamentatio:

469 2386 826 2453 lamentatio,
873 2406 994 2459 quas
1026 2395 1418 2462 prophetarum
1454 2397 1691 2466 gemitus
1725 2405 1778 2452 ct
1807 2399 2045 2470 ejnlatus

472 2487 655 2534 movet
703 2481 768 2535 ad
817 2484 1381 2540 commiserationem.
1437 2489 1723 2554 Quomodo
1770 2490 1913 2545 facta
1961 2500 2046 2546 cst

469 2575 729 2628 meretrix
765 2575 961 2631 civitas
996 2577 1172 2634 ﬁdelis
1223 2578 1353 2634 Sion
1407 2581 1566 2649 plena
1598 2582 1858 2651 judicio?
1893 2583 2044 2650 Quo-

470 2663 631 2716 modo
667 2665 854 2718 relicta
883 2675 966 2720 est
1007 2666 1111 2720 lilia
1154 2667 1282 2722 Sion
1322 2678 1583 2741 tanquam
1627 2673 2042 2728 tabernaculum

469 2751 523 2806 in
554 2755 749 2807 vinea?
773 2754 1057 2820 Quomodo
1084 2759 1225 2812 sedit
1249 2761 1365 2813 sola
1397 2762 1592 2817 civitas
1617 2765 1773 2833 plena
1810 2767 2040 2834 populo,

469 2845 758 2900 dominans
810 2846 862 2900 in
923 2849 1274 2918 regionibus,
1333 2851 1474 2906 facta
1512 2865 1604 2909 est
1647 2858 1749 2911 sub
1796 2860 2046 2914 tributo?

467 2936 754 3002 Quomodo
803 2941 1160 2995 obscuratum
1211 2955 1294 2998 est
1345 2961 1568 3010 aurum,
1616 2950 1905 3004 alteratum
1962 2960 2043 3007 est

467 3040 751 3098 argentum
812 3035 1016 3089 bonum
1055 3037 1144 3089 Ia?
1188 3035 1476 3102 Quomodo
1529 3040 1675 3095 facta
1726 3049 1809 3096 est
1845 3045 2037 3113 nigra,

463 3137 586 3190 qua:
615 3138 739 3177 vera
775 3125 895 3178 luce
937 3128 1174 3195 primum
1228 3127 1509 3199 fulgebat?
1542 3131 1666 3186 Haec
1697 3137 1881 3187 omnia
1907 3176 1922 3198 ,
1956 3136 2040 3189 in-
2068 3115 2110 3170 (ἶ

465 3213 619 3281 quit,
669 3215 801 3268 mihi
849 3216 991 3272 facta
1042 3227 1204 3283 sunt,
1260 3223 1392 3290 quia
1438 3222 1654 3277 vineam
1705 3240 1883 3279 meam
1929 3243 2038 3282 non

465 3305 726 3358 custodii.
762 3305 932 3362 Vinea
967 3318 1053 3364 est
1092 3311 1513 3378 immortalitas,
1543 3315 1703 3370 vinea
1738 3327 1821 3372 est
1869 3319 2040 3388 impa-
2083 3318 2087 3322 ’

465 3397 730 3461 tihilitas,
793 3409 846 3453 et
904 3399 1013 3454 Deo
1067 3403 1432 3469 assimilatio,
1480 3416 1534 3461 et
1585 3408 1654 3462 ab
1703 3411 1850 3463 omni
1901 3413 2042 3468 malo

466 3487 745 3542 alienatio.
786 3488 961 3559 Hujus
997 3491 1168 3547 vinea:
1202 3492 1416 3550 fructus
1446 3504 1530 3551 est
1565 3498 1794 3566 puritas.
1836 3500 1932 3555 llic
1959 3512 2043 3557 est

465 3579 792 3646 splendidus
831 3582 1171 3653 pulcherque
1200 3593 1254 3640 et
1288 3595 1538 3644 maturus
1572 3589 1660 3643 ille
1697 3590 1914 3656 botrus,
1948 3595 2040 3664 qui

466 3672 800 3740 peculiarem
845 3682 892 3728 el
941 3675 1200 3731 eximiam
1255 3677 1487 3734 formam
1538 3698 1649 3751 pra:
1697 3700 1755 3740 se
1809 3686 1943 3754 fert,
1989 3697 2044 3743 et

465 3760 719 3814 castitate
770 3760 963 3818 dulces
1013 3764 1194 3819 reddit
1243 3782 1443 3825 sensus
1482 3773 1698 3828 animae.
1742 3775 2042 3846 Capreolus

463 3849 636 3903 vineae
662 3859 744 3904 est
775 3865 899 3904 cum
935 3853 1043 3906 vita
1078 3862 1278 3910 aeterna
1315 3861 1631 3928 conjunctio
1665 3875 1718 3919 et
1747 3871 2040 3927 connexio.

464 3937 862 3998 Excrescentes
892 3945 1142 4013 palmites
1165 3987 1180 4012 ,
1215 3959 1343 4004 sunt
1377 3953 1636 4009 virtutum
1666 3958 2040 4027 celsitudines,

463 4047 586 4100 qua
625 4034 938 4088 ascendunt
993 4053 1167 4108 usque
1218 4041 1284 4095 ad
1330 4043 1649 4103 altitudines
1699 4053 2038 4120 angelorum.

464 4122 613 4176 Folia
655 4135 834 4180 autem
871 4144 990 4197 qua:
1018 4133 1395 4199 germinarunt
1421 4176 1434 4198 ,
1469 4145 1522 4192 et
1552 4155 1673 4208 quae
1705 4143 1890 4210 quieto
1930 4145 2044 4214 spi-

464 4216 571 4268 ritu
614 4219 840 4286 pulchre
880 4221 933 4274 in
979 4224 1149 4279 ramis
1191 4227 1532 4296 quatiuntur,
1583 4241 1714 4286 sunt
1754 4236 2040 4307 multiplex

463 4305 772 4362 divinarum
805 4311 1065 4366 virtutum
1095 4325 1354 4380 ornatus,
1389 4335 1512 4388 quae
1541 4322 1704 4376 simul
1731 4305 2042 4395 germinant

463 4411 587 4447 cum
622 4400 838 4466 spiritu.
876 4400 998 4457 Haec
1027 4407 1211 4460 omnia
1243 4410 1532 4476 possidens
1553 4453 1568 4476 ,
1606 4425 1661 4468 et
1691 4431 1814 4470 cum
1846 4433 2036 4474 eorum

466 4486 727 4546 fruitione
768 4495 1056 4562 gloriarer,
1105 4509 1391 4569 propterea
1444 4506 1593 4574 quod
1649 4509 1866 4565 vineam
1927 4528 2036 4567 non

462 4583 774 4648 custodivi,
825 4586 971 4641 facta
1027 4605 1148 4643 sum
1204 4594 1395 4663 nigra,
1437 4605 1492 4651 et
1531 4599 1665 4652 vitio
1713 4617 1742 4655 a
1799 4605 2038 4672 puritate

464 4677 613 4744 lapsa
637 4716 650 4739 ,
691 4679 919 4734 formam
953 4683 1106 4737 indui
1145 4696 1318 4742 atram
1347 4698 1400 4744 et
1426 4694 1851 4754 tenebricosam.
1891 4701 2038 4760 Talis

461 4764 606 4816 enim
632 4767 818 4821 formae
839 4779 923 4824 est
943 4775 1128 4827 tunica
1153 4778 1399 4844 pellicea.
1422 4780 1578 4839 Nunc
1603 4795 1784 4842 autem
1813 4802 2038 4862 propter

462 4856 848 4912 rectitudinem
872 4877 993 4930 quae
1021 4879 1106 4918 me
1135 4883 1328 4926 rursus
1349 4871 1558 4938 dilexit,
1586 4875 1776 4934 effecta
1810 4856 2037 4950 pulchra

460 4954 515 4999 ct
555 4946 862 5015 luminosa,
903 4964 1213 5023 suspectam
1263 4961 1437 5018 habeo
1488 4982 1661 5022 meam
1701 4946 2038 5042 prosperita-

465 5048 594 5101 tem,
627 5055 694 5094 ne
727 5057 920 5099 rursus
950 5049 1172 5115 perdam
1203 5053 1693 5125 pulchritudinem,
1738 5080 1833 5133 per
1875 5067 2035 5137 igno-

462 5133 695 5186 rantiam
716 5151 824 5189 non
845 5151 1094 5196 assecuta
1113 5145 1331 5200 modum
1350 5150 1472 5219 ejus
1497 5159 1616 5208 tuto
1635 5133 2028 5216 custodienda).

533 5225 826 5297 Propterea
886 5248 1112 5292 cessans
1169 5239 1318 5309 loqui
1378 5257 1501 5297 cum
1570 5245 2036 5315 adolescentulis,

462 5316 605 5371 votis
661 5331 884 5376 revocat
923 5340 1222 5395 sponsum,
1260 5332 1309 5387 ei
1351 5350 1511 5404 quem
1553 5338 1901 5396 desiderabat
1937 5359 2039 5396 uo-

460 5408 608 5463 niine
635 5409 807 5467 indito
835 5430 899 5470 ex
933 5432 1033 5472 sua
1067 5421 1121 5475 in
1155 5422 1334 5494 ipsum
1370 5427 1682 5486 all'ectione.
1717 5432 1859 5498 Quid
1891 5435 2037 5490 enim

460 5497 640 5554 dicit?
695 5502 961 5563 Renuntia
1013 5515 1163 5581 mihi,
1214 5517 1366 5587 quem
1403 5519 1580 5591 diligit
1647 5527 1828 5580 anima
1879 5545 2030 5593 mea,

460 5589 549 5643 ubi
581 5610 792 5661 pascas,
846 5601 936 5655 ubi
967 5604 1120 5661 cubes
1172 5608 1224 5661 in
1278 5612 1534 5666 meridie:
1567 5631 1628 5668 nc
1651 5616 1862 5685 quando
1909 5621 2036 5689 ﬁam

543 5771 586 5805 "
609 5773 812 5832 Tbrcn.
843 5795 903 5847 ιι,
944 5782 961 5832 l
999 5797 1120 5855 sqq.

2158 527 2346 578 σθεῖσα
2397 523 2680 592 Σοδόμοις,
2708 519 2774 572 δι’
2805 512 2881 572 ῶν
2922 519 2951 570 6
3002 518 3110 570 τῶν
3157 516 3436 587 δρακόντων
3475 519 3663 590 θυμδςό

2156 614 2370 678 ἀνίατος
2393 616 2450 667 ὲν
2470 615 2591 675 ταῖς
2613 613 2872 682 πονηραῖς
2894 609 3073 680 ληνοῖς
3096 608 3202 662 τῶν
3226 608 3497 680 Σοδομιτῶν
3526 610 3662 685 ὑπερ.

2156 705 2337 774 εχέθη.
2398 706 2552 756 Ἔστι
2598 701 2654 754 δὲ
2703 701 2797 754 καὶ
2834 700 2995 771 μέχρι
3040 697 3133 752 τοῦ
3178 698 3268 750 νῦν
3316 699 3414 752 τῶν
3454 698 3666 755 τοιούτων

2156 795 2494 866 ἀμπελώνων
2523 792 2856 864 ἐπιμελητάς
2879 809 2938 845 τε
2971 791 3064 844 καὶ
3095 789 3326 858 φύλακας
3345 792 3458 854 τοὺς
3478 783 3667 857 πολλοὺς

2153 887 2261 940 τῶν
2294 885 2590 954 ἀνθρώπων
2639 883 2786 943 ἰδεῖν,
2833 883 2883 935 οἳ
2929 880 3130 951 σπουδῇ
3162 880 3226 932 τὰ
3254 880 3391 951 πάθη
3424 886 3537 953 παρ’
3563 885 3667 937 tau.

2152 981 2264 1040 τοῖς
2293 977 2570 1047 τηροῦσιν,
2607 972 2796 1043 ῶσπερ
2842 970 3137 1033 δεδοικότες
3171 970 3243 1040 μὴ
3283 968 3341 1022 τὸ
3380 971 3533 1023 κακὸν
3559 971 3671 1025 ἀπο·

2152 1067 2398 1123 λέσωσιν.
2458 1066 2622 1136 Ὁρᾷς
2670 1065 2795 1125 τοὺς
2843 1061 3113 1132 πονηροὺς
3161 1059 3257 1129 τῆς
3287 1059 3674 1130 εἰδωλολατρείας

2154 1159 2418 1228 φύλακας,
2457 1157 2557 1227 τῆς
2594 1172 2653 1208 τε
2686 1153 2828 1208 κατά
2875 1151 2974 1224 τὴν
3023 1149 3272 1204 ἀσέϐειαν
3300 1150 3388 1202 καὶ
3432 1149 3522 1218 τῆς
3559 1149 3676 1203 κατά

2151 1250 2250 1320 τὴν
2281 1248 2598 1314 πλεονεξίαν
2631 1243 3048 1316 ἐνεργουμένης,
3082 1239 3196 1305 πῶς
3229 1239 3601 1311 ὲπαγρυπνοῦσι
3623 1243 3678 1311 τῇ

2153 1340 2364 1410 φυλακῇ
2393 1337 2502 1391 τῶν
2539 1337 2746 1396 κακῶν,
2777 1333 2979 1406 ζημίαν
3012 1332 3072 1386 τὸ
3107 1330 3422 1403 στερηθῆναι
3461 1329 3551 1400 τῆς
3576 1331 3678 1382 ἀνο-

2155 1432 2280 1502 μίας
2316 1429 2644 1501 νομίζοντες.
2679 1428 2788 1480 Καὶ
2817 1425 2909 1478 ἐπὶ
2935 1425 3045 1478 τῶν
3073 1423 3245 1477 ἀλλων
3275 1419 3517 1484 ὡσαύτως
3558 1419 3680 1473 ἔστιν

2154 1521 2280 1577 ίδείν
2325 1523 2450 1584 τοὺς
2502 1521 2559 1574 ὲν
2605 1519 2757 1589 βάθει
2791 1515 3268 1589 παραδεξαμένους
3304 1513 3398 1584 τὴν
3425 1510 3612 1582 ἡδονὴν,
3653 1510 3682 1583 ἢ

2151 1610 2546 1682 ὑπερηφανίαν,
2599 1609 2632 1680 ἢ
2690 1607 2879 1677 τῦφον,
2928 1607 2962 1679 ἢ
3011 1605 3140 1660 ἀλλο
3198 1621 3250 1656 τι
3295 1603 3399 1656 τῶν
3441 1601 3682 1663 τοιούτων,

2152 1703 2268 1766 πῶς
2300 1700 2642 1772 περιέχονται
2675 1699 2763 1752 διὰ
2807 1699 2988 1766 πάσης
3019 1695 3264 1766 φυλακῆς
3307 1691 3409 1746 τῶν
3447 1691 3684 1754 τοιούτων,

2084 1777 2124 1834 υ
2155 1792 2342 1865 κέρδος
2391 1790 2697 1862 ποιούμενοι
2743 1790 2806 1843 τὸ
2858 1789 3130 1859 μηδέποτε
3159 1785 3253 1856 τὴν
3281 1783 3448 1855 ψυχὴν
3477 1782 3574 1836 τῶν
3599 1798 3687 1843 me

2151 1883 2258 1938 θῶν
2299 1881 2656 1953 καθαρεῦσαι.
2705 1881 2888 1934 Ταῦτα
2919 1876 3011 1934 οὖν
3037 1882 3070 1950 η
3117 1879 3305 1947 νύμφη
3338 1875 3587 1946 ὀδύρεται,
3615 1872 3688 1926 λέ-

2148 1992 2320 2044 γουσα
2341 2015 2355 2038 ,
2391 1977 2472 2029 ὅτι
2524 1971 2622 2027 Διά
2652 1971 2810 2026 τοῦτο
2855 1965 3127 2042 ἐγενόμην
3157 1968 3400 2040 μέλαινα,
3442 1964 3611 2036 ἐπειδὴ
3634 1963 3690 2020 τὰ

2149 2065 2362 2132 ζιζάνια
2393 2065 2484 2119 τοῦ
2532 2064 2749 2137 ἐχθροῦ,
2796 2063 2890 2118 καὶ
2921 2062 3017 2124 τὰς
3051 2061 3291 2132 πονηρὰς
3320 2059 3488 2113 αὐτῶν
3515 2057 3693 2126 κλημα-

2146 2157 2293 2222 τίδας
2325 2156 2670 2226 φυλάσσουσά
2711 2171 2772 2207 τε
2801 2154 2896 2207 καὶ
2929 2151 3288 2223 περιέπουσα,
3318 2149 3404 2201 τὸν
3433 2146 3692 2217 ἀμπελῶνα

2145 2247 2237 2301 τὸν
2262 2248 2390 2319 ἓμον
2423 2247 2521 2300 ούκ
2547 2244 2808 2315 ἐφύλαξα.
2847 2244 2913 2297 Ὢ
2952 2241 3118 2295 πόσον
3152 2242 3292 2294 κινεῖ
3329 2239 3492 2301 πάθος
3514 2239 3565 2291 ὲν
3600 2239 3694 2298 τοῖς

2147 2341 2477 2413 αἰσθητικῶς
2511 2339 2816 2401 ἐπαΐουσιν,
2863 2333 3218 2405 Ἀμπελῶνα
3267 2331 3412 2402 ἐμὸν
3443 2332 3543 2384 οὐκ
3575 2328 3694 2395 ἐφύ-

2145 2435 2336 2499 λαξα]
2385 2433 2590 2504 Θρῆνος
2644 2427 2900 2493 ἀντικρύς
2952 2428 3100 2480 ἐστιν
3149 2429 3183 2497 ἡ
3236 2424 3407 2495 φωνὴ,
3454 2423 3569 2484 τοὺς
3591 2419 3694 2520 ’τῶν

2146 2523 2441 2596 προφητῶν
2491 2519 2830 2589 στεναγμοὺς
2878 2517 3043 2572 κινῶν
3083 2519 3166 2580 εἰς
3197 2515 3543 2586 συμπάθειαν.
3591 2511 3696 2570 Πῶς

2143 2617 2360 2684 ἐγένετο
2395 2613 2626 2684 πόρνηὴ
2660 2611 2814 2674 πόλις
2843 2607 3008 2680 πιστὴ
3044 2608 3185 2661 Σιὼν
3219 2607 3426 2678 πλήρης
3458 2607 3692 2674 κρίσεως,

2144 2707 2269 2770 Πῶς
2297 2704 2624 2773 κατελείφθη
2663 2704 2696 2773 ἡ
2743 2702 2986 2770 θυγάτηρ
3019 2698 3160 2752 Σιὼν
3189 2700 3265 2762 ῶς
3305 2697 3470 2766 σκηνὴ
3516 2697 3568 2746 ὲν
3599 2693 3689 2761 ἀμι

2145 2795 2380 2858 πελῶνι,
2413 2793 2536 2856 Πῶς
2569 2791 2789 2844 ἐκάθισε
2823 2791 2958 2860 μόνη
2985 2791 3018 2859 ἡ
3063 2788 3242 2851 πόλις,
3278 2789 3312 2858 ἡ
3342 2781 3696 2855 πεπληθυμένη

2144 2889 2320 2955 λαῶν;
2372 2889 2613 2958 ἄρχουσα
2668 2883 2759 2936 ἐπὶ
2821 2879 3047 2952 χώραις,
3103 2881 3338 2950 ἐγενήθη
3400 2880 3477 2940 είς
3526 2875 3696 2944 φόρονς

2145 2982 2269 3043 Πῶς
2295 2977 2598 3050 ἠμαυρώθη
2630 2975 2690 3029 τὸ
2719 2974 2963 3045 χρυσίον,
2994 2973 3266 3043 ἠλλοιώθη
3297 2973 3357 3026 τὸ
3382 2969 3622 3042 ἀργύριον
3650 2964 3700 3018 τὺ

2144 3069 2382 3138 ἀγαθόν;
2420 3068 2544 3131 Πῶς
2573 3067 2787 3135 ἐγένετο
2819 3063 3066 3135 μέλαινα,
3124 3065 3158 3134 ἡ
3207 3065 3285 3134 τῷ
3327 3061 3552 3130 ἀληθινῷ
3583 3056 3700 3127 φωτὶ

2143 3164 2210 3216 τά
2245 3161 2436 3234 πρῶτα
2469 3157 3001 3228 συναναλάμπουσα;
3055 3158 3246 3212 Πάντα
3296 3153 3465 3207 ταῦτα
3513 3145 3699 3218 ἐγένετό

2145 3273 2256 3326 μοι,
2287 3253 2473 3323 φησὶν,
2502 3252 2584 3304 ὅτι
2613 3250 2702 3302 τὸν
2732 3247 3027 3318 ἀμπελῶνα
3061 3249 3158 3301 τὸν
3189 3248 3322 3318 ἐμὸν
3343 3248 3441 3300 οὐκ
3468 3241 3698 3314 ἐφύλαξα.

2155 3344 2437 3417 Ἀμπελών
2482 3344 2629 3396 ἐστιν
2664 3344 2695 3413 ἡ
2744 3340 3042 3395 ἀθανασία·
3080 3340 3346 3414 ἀμπελὼν
3385 3343 3417 3410 ἡ
3471 3336 3700 3434 ἀπάθεια,

2143 3439 2295 3510 καὶὴ
2347 3437 2483 3508 πρὸς
2529 3435 2588 3489 τὸ
2610 3437 2759 3491 Θεῖον
2787 3434 3078 3506 ὁμοίωσις,
3114 3436 3211 3488 καὶ
3259 3434 3292 3504 ἡ
3325 3430 3516 3492 παντὸς
3557 3430 3703 3480 κακοῦ

2141 3525 2510 3596 ἀλλοτρίωσις.
2543 3522 2743 3576 Τούτου
2774 3522 2866 3575 τοῦ
2896 3522 3225 3594 ἀμπελῶνος
3253 3520 3464 3592 καρπὸς
3495 3520 3525 3588 ἡ
3557 3514 3704 3569 καθα-

2145 3616 2325 3687 ρότης,
2375 3617 2403 3667 6
2437 3611 2688 3684 λαμπρὸς
2739 3603 2894 3674 οὗτος
2924 3612 3017 3664 καὶ
3045 3610 3262 3682 ὥριμος
3291 3609 3504 3680 βότρυς,
3528 3605 3555 3657 6
3591 3601 3705 3657 ιδιά-

2143 3707 2250 3772 ζων
2278 3706 2355 3775 τῷ
2399 3704 2529 3758 εῖδει
2559 3703 2651 3756 καὶ
2683 3701 3132 3770 καταγλυκαίνων
3178 3703 3237 3754 ὲν
3282 3699 3472 3770 ἁγνείᾳ
3514 3696 3579 3750 τὰ
3619 3694 3704 3761 τῆς

2141 3797 2318 3868 ψυχῆς
2349 3795 2698 3865 αἰσθητήρια.
2745 3792 2898 3857 Ἔλιξ
2926 3793 2982 3846 δὲ
3019 3791 3116 3845 τοῦ
3145 3791 3490 3863 ἀμπελῶνος,
3521 3790 3551 3860 ἡ
3589 3785 3708 3857 πρὸς

2142 3890 2240 3960 τὴν
2287 3887 2454 3940 ἀΐδιον
2495 3885 2638 3956 ζωὴν
2687 3882 2990 3954 περιπλοκὴ
3035 3900 3099 3936 τε
3153 3884 3253 3936 καὶ
3287 3880 3561 3952 συμφυῒαο
3593 3875 3708 3943 κλήο

2147 3998 2290 4052 ματα
2344 3979 2401 4033 δὲ
2444 3978 2782 4048 αὐξανόμενα
2807 4019 2820 4038 ,
2875 3976 2943 4031 τά
2977 3977 3086 4030 τῶν
3130 3977 3350 4049 ἀρετῶν
3395 3978 3539 4028 ἐστιν
3579 3968 3707 4041 ὑψώ-

2147 4091 2293 4145 ματα
2325 4072 2461 4143 πρὸς
2502 4055 2584 4122 τί
2611 4068 2742 4139 ὕψος
2783 4069 2889 4123 τῶν
2934 4069 3188 4138 ἀγγέλων
3235 4065 3703 4138 ἀναδενδρούμεναο

2145 4165 2317 4235 φύλλα
2347 4164 2401 4216 δὲ
2429 4161 2689 4233 τεθηλότα
2733 4162 2825 4214 καὶ
2871 4160 2949 4232 τῷ
2997 4161 3258 4231 ἡρεμαίῳ
3307 4157 3568 4254 πνεύματι
3591 4153 3703 4254 γλα-

2145 4257 2330 4329 φυρῶς
2375 4258 2488 4318 τοῖς
2522 4253 2737 4316 κλάδοις
2791 4251 3166 4322 ὲπισειόμενα,
3219 4253 3250 4303 6
3300 4249 3574 4318 πολυειδὴς
3616 4249 3704 4344 ait:

2143 4351 2302 4404 θείων
2330 4347 2540 4418 ἀρετῶν
2574 4346 2776 4416 κόσμος
2810 4345 2946 4409 ἐστὶ,
2975 4344 3081 4398 τῶν
3123 4341 3620 4398 συναναθαλλόντων
3640 4341 3703 4402 τῷ

2067 4469 2120 4529 D
2145 4439 2442 4508 πνεύματι.
2473 4437 2659 4491 Ταῦτα
2693 4436 2870 4490 πάντα
2900 4430 3551 4529 κεκτημένη,ἓφησ⁹ι,-κα“ι
3571 4426 3699 4529 ’ὲνντῇ

2139 4531 2436 4586 ἀπολαύσει
2464 4529 2666 4582 τούτων
2695 4527 3150 4599 λαμπρυνομένη,
3185 4526 3278 4580 διὰ
3307 4526 3369 4580 τὸ
3403 4524 3478 4597 μὴ
3503 4515 3699 4592 φυλάξαι

2134 4625 2223 4678 τὸν
2279 4620 2594 4692 ἀμπελῶνα,
2632 4617 3038 4688 κατεμελάνθην
3081 4619 3163 4688 τῷ
3235 4617 3464 4672 πένθει·
3496 4616 3586 4684 τῆς
3611 4609 3698 4678 γὰρ

2135 4715 2502 4782 καθαρότητος
2555 4711 2884 4776 ἐκπεσοῦσα,
2920 4710 2980 4763 τὸ
3017 4708 3264 4778 ζοφῶδες
3310 4705 3452 4773 εἶδος
3485 4699 3695 4760 ἐνεδυσά·

2139 4824 2266 4878 μην.
2303 4803 2556 4866 Τοιοῦτος
2603 4803 2712 4874 γὰρ
2756 4803 2834 4872 τῷ
2877 4801 3004 4854 εῖδει
3052 4801 3081 4852 6
3131 4799 3307 4871 χιτὼν
3333 4803 3362 4854 6
3391 4796 3689 4892 δερμάτινοί.

2145 4877 2259 4950 Νῦν
2281 4894 2338 4946 δὲ
2363 4894 2450 4947 διὰ
2476 4894 2574 4964 τὴν
2605 4892 2966 4961 ἀγαπήσασάν
2992 4908 3058 4962 με
3081 4889 3252 4945 πάλιν
3279 4891 3561 4960 εὐθύτητα,
3582 4877 3690 4944 καλὴ

2143 5002 2202 5038 τε
2251 4984 2344 5037 καὶ
2376 4981 2664 5052 φωτοειδὴς
2693 4983 2979 5051 γενομένη,
3034 4981 3340 5035 ὑποπτεύω
3387 4979 3486 5051 τὴν
3531 4974 3694 5072 εὐκληῖ

2148 5077 2268 5149 ρίαν
2288 5117 2302 5142 ,
2332 5074 2407 5146 μὴ
2428 5074 2589 5127 πάλιν
2615 5073 2864 5126 ἀπολέσω
2888 5071 2948 5124 τὸ
2972 5071 3173 5135 κάλλος
3189 5112 3204 5132 ,
3231 5071 3428 5142 ἀγνοίᾳ
3455 5065 3544 5122 τοῦ
3581 5065 3696 5116 κατὰ

2144 5167 2240 5239 τὴν
2267 5165 2565 5235 ἀσφάλειαν
2586 5163 2808 5234 τρόπου,
2834 5163 2962 5234 περὶ
2983 5162 3082 5234 τὴν
3104 5163 3364 5234 φυλακὴν
3393 5160 3694 5229 ἀτυχήσασα.

2207 5259 2306 5311 Διά
2340 5257 2496 5309 τοῦτο
2522 5253 2894 5308 καταλιποῦσα
2921 5253 3012 5308 τὸν
3053 5254 3196 5325 πρὸς
3225 5256 3330 5317 τὰς
3356 5251 3589 5310 νεάνιδας
3621 5243 3696 5296 λό’·

2137 5367 2250 5418 γον,
2290 5347 2451 5402 πάλιν
2495 5346 2561 5400 δι’
2605 5346 2782 5416 εὐχῆς
2812 5345 3072 5398 ἀνακαλεῖ
3120 5345 3216 5400 τὸν
3252 5345 3502 5416 νυμφίον,
3549 5342 3697 5404 ὄνομα

2138 5439 2477 5508 ποιησαμένη
2511 5437 2604 5491 τοῦ
2641 5435 2974 5506 ποθουμένου
3009 5437 3108 5506 τὴν
3163 5436 3304 5505 πρὸς
3349 5432 3507 5486 αὐτὸν
3545 5423 3696 5480 ἐνδιά-

2139 5531 2288 5584 θετον
2322 5529 2523 5602 σχέσιν.
2561 5527 2624 5581 Τί
2671 5527 2780 5598 γάρ
2811 5544 3011 5598 φησινς
3072 5525 3598 5613 Ἀπάιιτεαόνμρι,
3634 5512 3697 5613 ὃς

2144 5624 2460 5695 ’ἠγάπησεν
2504 5624 2536 5689 ιί
2585 5620 2754 5690 ψυχή
2783 5637 2924 5689 μου,
2961 5619 3076 5673 ποῦ
3114 5620 3469 5687 ποιμαίνεις,
3518 5611 3551 5677 ἦ
3591 5611 3696 5662 ποι)
