3928 6196
251 177 332 247 ἐοι
1292 183 1358 237 IN
1378 179 1675 238 carruca
1705 179 1803 235 ca:

1916 179 1975 234 (ἶ.
2021 179 2300 236 HOMILIA
2350 183 2414 237 11.

3381 190 3485 245 80'2

253 301 510 367 κιιιτάζέις
571 303 641 354 ἐν
695 299 1069 371 μεσημϐρίᾳο
1130 299 1365 369 μήποτε
1421 298 1673 369 γένωμαι
1728 298 1803 362 ὡς

1913 306 2164 365 tanquam
2226 299 2420 350 amicta
2487 297 2541 350 in
2604 299 2845 368 gregibus
2912 299 3177 354 sodalium
3253 310 3481 354 tuorum.

252 394 709 463 περιϐαλλομένη
757 394 850 446 ἐπ’
906 393 1154 463 ἀγέλαις
1208 390 1328 444 τῶν
1369 391 1617 458 ἑταίρων
1668 405 1804 443 σου.

250 487 342 540 Ποῦ
367 487 697 556 ποιμαίνεις.
733 486 763 538 6
806 485 1011 556 ποιμὴν
1039 485 1067 536 6
1099 482 1282 547 καλὸς,
1312 484 1341 536 6
1373 483 1538 552 αἴρων
1567 480 1658 532 ἐπὶ⁵
1701 479 1808 532 τῶν

249 577 391 648 ὤμων
423 577 545 631 ὅλον
580 577 641 630 τὸ
681 577 961 647 ποίμνιον;
993 575 1051 628 ἓν
1077 574 1184 646 γάρ
1225 575 1340 626 ἐστι
1370 572 1638 643 πρόϐατον
1661 574 1808 625 πᾶσα

246 670 276 739 ή
321 667 631 738 ἀνθρωπίνη
686 665 869 735 φύσις,
923 667 989 737 ἢν
1035 665 1128 717 ἐπὶ
1179 665 1286 717 τῶν
1329 663 1492 733 ὤμων
1529 661 1804 724 ἀνέλαϐες.

244 759 412 823 Δείξόν
470 775 560 828 μοι
613 757 704 809 τὸν
736 758 899 810 τόπον
949 757 1048 826 τῆς
1094 755 1275 826 χλόης,
1307 754 1572 824 γνώρισόν
1613 771 1699 823 μοι
1750 753 1808 804 τὸ

246 850 373 922 ὕδωρ
398 851 500 922 τῆς
535 849 914 912 ἀναπαύσεως,
945 848 1177 916 ὲξάγαγέ
1211 863 1278 917 με
1321 846 1456 918 πρὸς
1498 846 1595 917 τὴν
1622 845 1808 914 τρόφι·

245 961 333 1014 μον
370 942 532 1007 πόαν,
565 941 791 995 κάλεσόν
823 957 889 1010 με
932 941 996 993 ἐκ
1021 939 1114 993 τοῦ
1147 939 1429 1008 ὀνόματος,
1465 938 1551 990 ἵνα
1592 938 1808 991 ἀκούσω

240 1032 330 1102 τῆς
361 1031 544 1102 φωνῆς
576 1048 691 1094 σου,
737 1029 847 1098 ἐγὼ
889 1029 950 1083 τὸ
983 1031 1074 1083 σὸν
1103 1031 1375 1100 πρόϐατον
1399 1047 1413 1061 ο
1467 1029 1562 1082 κα)⁸
1589 1029 1676 1092 δός
1719 1048 1806 1098 μοι

240 1125 316 1177 διὰ
348 1127 448 1194 τῆς
483 1122 670 1193 φωνῆς
704 1139 795 1176 σου
833 1121 932 1192 τὴν
971 1122 1114 1193 ζωὴν
1159 1121 1257 1192 τὴν
1301 1121 1535 1176 αἰώνιον.
1601 1121 1806 1189 Ἆπάγ-

241 1216 430 1284 γειλόν
456 1233 581 1283 μοι,
603 1213 676 1266 ὃν
701 1213 1018 1282 ἠγάπησεν
1051 1215 1088 1280 ἠ
1117 1212 1286 1282 ψυχή
1328 1232 1468 1282 μου.
1508 1213 1662 1268 Οὕτω
1700 1215 1806 1285 γάρ

241 1323 291 1358 σε
316 1304 689 1375 κατονομάζω,
721 1305 904 1375 ἐπειδὴ
933 1305 994 1358 τὸ
1017 1305 1189 1375 ὄνομά.
1236 1322 1328 1358 σου
1360 1306 1499 1375 ὑπὲρ
1528 1308 1633 1358 πᾶν
1660 1307 1807 1359 ἐστιν

208 1396 416 1466 ’δνομα,
450 1396 546 1448 καὶ
575 1397 724 1467 πάσῃ
746 1395 934 1466 λογικῇ
961 1397 1120 1463 φύσει
1144 1396 1416 1466 ἂφραστόν
1447 1413 1504 1448 τε
1535 1397 1628 1450 καλ⁵
1665 1397 1807 1467 ἀχώ-

241 1503 407 1556 ρητον.
469 1486 680 1539 Οὐκοῦν
735 1485 908 1556 ὄνομά
959 1487 1076 1539 ἔστι
1138 1487 1494 1556 γνωριστικὸν
1555 1487 1651 1557 τῆς
1708 1488 1807 1558 σῆς

236 1573 578 1645 ἀγαθότητος.
609 1577 642 1645 ἡ
676 1576 771 1644 τῆς
803 1574 979 1646 ψυχῆς
1013 1593 1112 1645 μου
1145 1574 1273 1646 περὶ
1321 1576 1381 1628 σὲ
1428 1576 1628 1646 σχέσις.
1681 1576 1806 1639 Πῶς

235 1664 334 1733 γάρ
367 1681 427 1716 σε
461 1665 536 1734 μὴ
565 1665 854 1734 ἀγαπήσω,
899 1665 987 1718 τὸν
1020 1665 1163 1718 οὓτω
1203 1683 1271 1735 με
1300 1668 1682 1738 ἀγαπήσαντα,
1713 1668 1804 1720 καὶ

235 1753 396 1808 ταῦτα
446 1755 710 1824 μέλαιναν
751 1752 938 1818 οὖσαν,
987 1756 1126 1809 ὥστε
1173 1756 1269 1828 τὴν
1305 1759 1481 1829 ψυχήν
1519 1775 1613 1810 σου
1665 1759 1804 1829 ὑπὲρ

235 1846 335 1898 τῶν
358 1846 647 1917 προϐάτων
669 1847 860 1910 θεῖναι,
892 1846 928 1902 ἃ
956 1849 1019 1902 σὺ
1049 1851 1353 1920 ποιμαίνεις
1378 1869 1393 1917 ;
1419 1850 1654 1915 Μείζονα
1676 1851 1806 1904 ταύ-

237 1955 325 2010 της
369 1940 593 2010 ἀγάπην
639 1940 739 1993 οὐκ
783 1939 931 1994 ἔστιν
961 1942 1326 2012 ὲπινοῆσαι,ἢ
1368 1942 1428 1994 τὸ
1457 1944 1520 2012 τῇ
1566 1945 1629 2012 σῇ
1659 1942 1800 2011 ψυχῇ

237 2030 325 2099 τὴν
366 2031 640 2100 σωτηρίαν
667 2031 766 2100 τὴν
796 2031 932 2102 ἐμὴν
980 2033 1433 2099 ἀνταλλάξασθαι.
1486 2035 1666 2102 Δεῖξον
1711 2032 1802 2089 οὖν

240 2131 339 2183 μοι,
375 2117 532 2184 φησὶ,
567 2116 669 2169 ποῦ
717 2119 1040 2187 ποιμαίνεις,
1073 2121 1158 2174 ἴνα
1209 2122 1443 2194 εὑροῦσα
1483 2124 1582 2196 τὴν
1633 2127 1805 2196 σωτή-

239 2222 343 2274 ριον
365 2207 560 2276 νομὴν,
589 2208 886 2279 ἐμφορηθῶ
913 2211 1011 2281 τῆς
1036 2212 1292 2283 οὐρανίας
1317 2215 1541 2284 τροφῆς.
1567 2210 1634 2287 ἦς
1665 2219 1693 2270 6
1729 2217 1800 2288 μὴ

239 2297 434 2364 φαγὼν,
466 2301 529 2352 οὐ
555 2299 776 2354 δύναται
819 2303 898 2366 εἰς
924 2302 1021 2373 τὴν
1053 2290 1484 2374 ζωὴνέίσελθεῖν
1505 2325 1517 2336 ·
1558 2309 1650 2360 καὶ
1671 2307 1802 2378 δρα-

241 2388 404 2456 μοῦσα
436 2391 573 2462 πρὸς
603 2391 661 2443 σὲ
688 2391 786 2462 τὴν
836 2393 1035 2464 πηγὴν,
1069 2395 1260 2449 σπάσω
1302 2397 1394 2450 τοῦ
1447 2398 1590 2451 θείου
1623 2400 1804 2468 πόμα-

236 2490 345 2538 τος,
370 2477 398 2528 ὃ
441 2477 506 2529 σὺ
539 2481 653 2541 τοῖς
683 2478 874 2547 διψῶσι
909 2481 1196 2551 πηγάζεις,
1246 2486 1524 2555 προσχέων
1553 2488 1613 2540 τὸ
1660 2488 1802 2559 ὕδωρ

237 2566 299 2620 ὲκ
325 2567 420 2636 τῆς
457 2568 722 2640 πλευρᾶς,
752 2570 845 2624 τοῦ
881 2572 1096 2644 σιδήρου
1125 2575 1222 2645 τὴν
1252 2576 1421 2644 φλέϐα
1446 2579 1646 2650 ταύτην
1669 2580 1802 2634 ἀνα-

239 2658 642 2728 στομώσαντος·
682 2654 743 2714 οὗ
774 2665 802 2716 ὁ
831 2665 1165 2735 γευσάμενος
1207 2669 1356 2741 πηγὴ
1401 2671 1608 2738 γίνεται
1648 2673 1802 2726 ἀλλο-

239 2747 673 2821 μένου”είςξωὴν
709 2752 944 2808 αἰώνιον.
977 2757 1076 2810 “Av
1103 2758 1210 2829 γάρ
1240 2762 1297 2813 ὲν
1343 2762 1549 2826 τούτοις
1591 2746 1658 2834 με
1686 2782 1803 2819 ποι-

238 2837 428 2908 μάνης,
457 2840 729 2904 κοιτάσεις
762 2841 829 2912 μὲ
859 2843 1074 2908 πάντως
1113 2847 1170 2898 ὲν
1216 2850 1551 2922 μεσημϐρίᾳ,
1575 2853 1702 2907 ὃταν
1741 2855 1801 2908 ὲν

235 2929 420 2999 εἰρήνῃ
461 2931 552 2983 ἐπὶ
589 2930 650 2983 τὸ
687 2932 817 2986 αὐτὸ
863 2936 1204 3007 κοιμηθεῖσα,
1239 2939 1294 2990 ὲν
1335 2939 1410 3009 τῷ
1449 2943 1623 3014 ἀσκίῳ
1663 2945 1802 3012 φωτὶ

234 3016 612 3106 ἀναπαύσομαι
633 3037 647 3054 ⁸
683 3023 870 3087 άσκιος
895 3027 1002 3096 γὰρ
1035 3030 1368 3099 πανταχόθεν
1399 3033 1431 3102 ὴ
1465 3035 1800 3106 μεσημϐρία,

361 3109 501 3179 ἐρίου
529 3111 626 3182 τῆς
665 3117 906 3186 κορυφῆς
938 3117 1401 3190 ὐπερλάμποντος,
1443 3125 1502 3178 ἐν
1601 3127 1664 3179 σὺ
1693 3105 1805 3182 κοι-

237 3198 418 3263 τάζεις
459 3201 582 3266 τοὺς
613 3203 718 3256 ὑπὸ
760 3205 854 3258 σοῦ
890 3209 1306 3278 ποιμανθέντας,
1342 3215 1468 3269 ὃταν
1507 3198 1574 3270 τά
1617 3219 1806 3273 παιδία

237 3304 331 3385 σου
364 3289 479 3385 δέξῃ
508 3293 645 3362 μετὰ
672 3295 899 3348 σεαυτοῦ
926 3299 1004 3361 εἰς
1034 3298 1131 3370 τὴν
1168 3301 1372 3372 κοίτην.
1411 3307 1596 3371 Οὐδεὶς
1621 3309 1675 3361 δὲ
1706 3311 1801 3381 τῆς

233 3377 582 3468 ἀναπαυσεως
609 3380 709 3451 τῆς
739 3385 1114 3458 μεσημϐρινῆς
1144 3390 1406 3455 ἀξιοῦται,
1441 3396 1514 3467 μὴ
1543 3398 1656 3460 υἱὸς
1693 3377 1805 3468 φφ.

229 3456 323 3558 τὸς
354 3462 488 3558 καὶ-ἡ
499 3467 671 3539 μέρας
711 3456 1002 3543 γενόμενος
1023 3493 1037 3506 ·
1065 3479 1092 3530 6
1133 3478 1188 3531 δὲ
1224 3481 1360 3535 κατὰ
1386 3456 1452 3536 τὸ·
1475 3456 1586 3539 ἴσον
1614 3456 1804 3544 ἑαυτὸν

227 3554 324 3600 τοῦ
358 3568 411 3603 τε
439 3554 724 3626 ἑσπερινοῦ
756 3561 848 3613 καὶ
878 3562 970 3616 τοῦ
1002 3565 1249 3636 όρθρινοῦ
1278 3571 1498 3637 σκότους
1541 3575 1800 3648 χωρίσας,

226 3642 502 3745 τουτέστιν
526 3648 661 3700 ὅπου
687 3651 910 3721 ἄρχεται
935 3655 994 3708 τὸ
1016 3659 1180 3713 κακὸν
1204 3663 1295 3715 καὶ
1321 3665 1402 3726 εἰς
1425 3665 1452 3717 ὃ
1484 3642 1801 3740 καταλήγει,

224 3735 403 3830 ουτος,
432 3735 488 3786 ὲν
515 3739 594 3830 τῇ-
614 3742 946 3830 ’μεσημϐρίᾳ
973 3748 1121 3818 παρά
1159 3750 1251 3804 τοῦ
1285 3752 1435 3823 ήλίου
1477 3757 1576 3827 τῆς
1602 3735 1804 3815 δικαιοέ-

226 3827 398 3891 συνης
446 3827 776 3890 κοιτάζεται.
833 3832 1102 3909 Γνώρισον
1147 3835 1239 3894 οὖν
1293 3860 1417 3911 μοι,
1463 3848 1630 3918 φησὶ,
1688 3851 1804 3916 πῶς

221 3911 332 4012 ξρὴ
381 3916 747 4012 κοιτάζεσθαι,
781 3923 875 3976 καὶ
919 3925 1006 3990 τίς
1051 3931 1083 3999 ἡ
1134 3931 1255 3993 όδδς
1285 3935 1384 4004 τῆς
1427 3911 1805 4012 μεσημϐρινῆς

219 3998 619 4098 ἀναπαύσεως·
673 4013 883 4082 μήποτέ
933 4032 1001 4085 με
1046 3998 1144 4088 τῆς
1189 3998 1399 4094 ἀγαθῆς
1427 3998 1805 4098 ’χειραγωγίας

218 4090 631 4189 ἀποῄσφαλεῖσαν
681 4105 802 4166 ταῖς
847 4104 1156 4178 ἀλλοτρίαις
1201 4110 1308 4166 τῶν
1356 4090 1482 4168 ea};
1529 4090 1803 4189 ’ποιμνίων

218 4180 448 4279 ἀγέλαις
480 4190 511 4259 ἡ
539 4191 642 4259 τῆς
683 4192 938 4264 ἀληθείας
987 4197 1178 4266 ἄγνοια
1209 4205 1569 4279 συναγελάσῃ.
1619 4180 1805 4266 ’Ῠαῦτα

1914 387 2009 442 Ubi
2065 391 2281 458 pascis,
2342 405 2374 444 ο
2428 398 2614 459 pastor
2661 391 2835 457 bone,
2871 395 2964 462 qui
3014 409 3179 457 super
3224 393 3484 448 humeros

1909 481 2056 536 tollis
2104 488 2278 534 totum
2328 497 2544 552 gregem
2598 482 2641 512 ¹⁹
2690 483 2831 548 (una
2881 484 3022 537 enim
3067 493 3149 538 est
3191 484 3310 539 ovis
3355 484 3481 536 uni-

1908 587 2064 626 versa
2103 571 2340 625 humana
2383 584 2574 625 natura
2601 612 2616 634 ,
2650 587 2812 641 quam
2849 574 3138 642 suscepisti
3184 590 3347 644 super
3381 574 3483 626 hu-

1907 660 2157 733 meros)?
2180 663 2408 718 ostende
2448 663 2582 717 mihi
2615 664 2794 716 locum
2828 663 3070 732 quietis,
3105 665 3244 718 cduc
3288 680 3375 719 me
3413 663 3480 716 ad

1906 754 2132 808 herbam
2167 753 2362 808 bonam
2400 756 2464 808 ad
2495 753 2884 818 nutriendum,
2918 768 3051 808 voca
3089 770 3174 809 me
3202 771 3268 810 ex
3302 755 3484 808 nomi-

1906 863 2008 913 ne,
2042 853 2100 900 ut
2125 862 2228 917 ego
2256 847 2347 917 qui
2384 863 2502 902 sum
2539 848 2656 902 ovis
2680 887 2695 911 ,
2727 846 2944 900 audiam
2973 855 3123 899 tuam
3160 862 3347 901 vocem
3377 866 3390 898 :
3429 856 3484 902 et

1905 948 2130 1008 propter
2201 949 2349 994 tuam
2404 954 2590 994 vocem
2647 939 2714 993 da
2765 938 2899 992 mihi
2948 939 3115 992 vitam
3166 947 3479 993 teternam:

1905 1029 2165 1084 Renunlia
2217 1031 2526 1101 mihi,quem
2556 1031 2731 1101 diligit
2772 1031 2953 1083 anima
3017 1047 3155 1086 mea.
3212 1031 3289 1084 Ita
3336 1031 3482 1084 enim

1907 1129 1959 1175 te
1988 1123 2246 1184 nomino,
2295 1122 2553 1191 quoniam
2601 1138 2798 1176 nomen
2847 1131 3003 1176 tuum
3046 1130 3272 1192 superat
3322 1136 3483 1176 omne

1908 1226 2104 1265 nomen
2131 1226 2461 1279 onmemque
2491 1211 2908 1281 intelligentiam
2933 1250 2947 1274 ,
2974 1226 3074 1266 nec
3105 1213 3362 1264 universa
3386 1227 3486 1262 na-

1907 1308 2030 1354 tura
2061 1302 2337 1370 particeps
2368 1302 2598 1357 rationis
2627 1302 2680 1356 id
2716 1302 2868 1356 elTari
2900 1310 3076 1371 potest
3110 1310 3204 1355 aut
3239 1316 3486 1371 compre-

1907 1393 2165 1448 hendere.
2211 1391 2418 1447 Nomen
2468 1408 2600 1464 ergo
2635 1400 2790 1446 tuum
2817 1433 2832 1457 ,
2859 1408 2969 1462 quo
3001 1402 3093 1446 tua
3129 1395 3486 1463 cognoscitur

1908 1486 2161 1552 bonitas,
2220 1492 2305 1541 est
2359 1499 2492 1539 mea:
2542 1484 2739 1539 animae
2787 1498 2917 1555 erga
2972 1493 3023 1540 te
3080 1484 3479 1540 benevolentia.

1909 1575 2194 1642 Quomodo
2232 1575 2376 1629 enim
2408 1582 2462 1630 te
2493 1589 2602 1628 non
2629 1574 2886 1644 diligam,
2940 1575 3034 1645 qui
3081 1591 3166 1630 me
3213 1575 3293 1630 sic
3343 1574 3483 1630 dile-

1911 1667 2038 1720 xisti
2065 1705 2080 1728 ,
2115 1665 2334 1720 etiamsi
2367 1664 2503 1718 adeo
2537 1666 2690 1734 nigra
2722 1679 2900 1719 essem
2923 1703 2938 1728 ,
2968 1671 3027 1717 ut
3058 1664 3296 1717 animam
3334 1675 3480 1717 tuam

1908 1757 2160 1830 posueris
2197 1771 2295 1826 pro
2343 1756 2542 1810 ovibus
2591 1771 2729 1826 quas
2772 1765 2830 1810 tu
2881 1752 3104 1826 pascis?
3133 1753 3251 1808 Non
3306 1761 3484 1824 potest

1910 1849 2137 1918 cogitari
2196 1850 2298 1903 hac
2360 1849 2537 1918 major
2604 1847 2872 1912 dilectio,
2935 1861 3098 1916 quam
3151 1854 3243 1898 tua
3300 1850 3482 1899 anima

1909 1950 2083 1991 meam
2118 1945 2433 2006 permutare
2467 1938 2726 1993 salutem.
2757 1935 2899 1990 Doce
2932 1950 3016 1988 me
3045 1935 3230 2003 igitur,
3265 1934 3481 2003 inquit,

1909 2028 2002 2082 ubi
2040 2042 2272 2097 pascas,
2308 2035 2366 2080 ut
2416 2026 2646 2081 salutari
2701 2027 2920 2080 inventa
2976 2027 3224 2096 pastione
3271 2023 3482 2078 caelesti

1908 2119 2136 2188 implear
2169 2119 2547 2183 nutrimento,
2591 2116 2739 2186 quod
2780 2118 2872 2187 qui
2909 2132 3018 2171 non
3060 2117 3326 2178 comedit,
3375 2130 3485 2168 non

1908 2216 2087 2277 potest
2117 2208 2326 2278 ingredi
2356 2207 2409 2261 in
2444 2207 2608 2261 vitam
2651 2216 2910 2262 aeternam
2940 2223 2954 2273 ;
2987 2217 3042 2264 et
3085 2224 3384 2263 accurrens
3418 2207 3485 2260 ad

1909 2301 2110 2354 fontem
2138 2339 2153 2363 ,
2205 2299 2450 2354 divinum
2495 2307 2683 2368 potum
2725 2299 3008 2365 hauriam,
3051 2317 3213 2371 quem
3263 2311 3316 2354 tu
3362 2308 3482 2353 tan-

1908 2404 2071 2456 quatn
2098 2404 2163 2442 ex
2181 2386 2329 2442 fonte
2351 2387 2562 2457 praebes
2583 2388 2916 2453 sitientibus,
2933 2405 3130 2459 aquam
3149 2387 3484 2461 profundens

1906 2495 1971 2533 ex
2026 2488 2119 2531 tuo
2151 2478 2320 2531 latere
2344 2517 2360 2544 ,
2411 2477 2555 2531 ferro
2590 2477 2692 2531 hac
2731 2494 2869 2534 vena
2907 2489 3095 2550 aperta
3124 2522 3137 2545 ,
3173 2496 3337 2551 quam
3388 2481 3483 2550 qui

1904 2568 2227 2637 gustaverit,
2246 2568 2304 2619 tit
2324 2567 2444 2622 fons
2461 2581 2618 2636 aqua:
2637 2568 2887 2625 salientis
2909 2571 2974 2624 ad
3005 2572 3172 2624 vitam
3201 2578 3481 2627 mternam.

1908 2660 1963 2714 Si
1995 2660 2139 2714 enim
2169 2659 2224 2712 in
2255 2659 2341 2713 his
2366 2674 2452 2714 me
2475 2673 2694 2728 pascas,
2727 2676 2813 2715 me
2839 2662 3064 2716 omnino
3093 2660 3261 2716 iacies
3281 2662 3485 2718 cubare

1906 2752 1960 2805 in
1997 2751 2258 2814 meridie,
2291 2751 2514 2819 quando
2549 2756 2602 2804 ln
2640 2766 2824 2820 pacem
2857 2752 3019 2806 simul
3052 2752 3366 2815 dormiens,
3398 2768 3484 2807 re-

1907 2842 2183 2912 quiescam
2207 2840 2261 2893 in
2292 2840 2410 2894 luce
2440 2855 2561 2910 quae
2583 2849 2733 2896 caret
2757 2841 2986 2906 umbra;
3023 2841 3291 2911 siquidem
3326 2841 3486 2896 meri-

1906 2932 2024 2986 dies
2047 2930 2239 2984 umbra
2265 2939 2435 2994 caret,
2455 2931 2568 2986 sole
2593 2931 2805 2986 lucente
2829 2947 2993 3001 super
3009 2934 3292 2998 verticem,
3309 2934 3482 3004 inqua

1905 3031 1962 3076 tu
2000 3021 2202 3076 cubare
2227 3021 2363 3076 facis
2391 3037 2488 3077 eos
2517 3037 2656 3092 quos
2684 3030 2740 3076 tu
2780 3024 3231 3096 pavisti,quando
3261 3033 3317 3080 tu
3352 3041 3484 3094 pue-

1903 3127 1995 3168 ros
2024 3122 2147 3166 tuos
2169 3111 2412 3183 excipies
2449 3121 2629 3168 tecum
2665 3115 2718 3167 in
2753 3114 2954 3169 cubile.
2981 3114 3149 3170 Nemo
3176 3129 3354 3170 autem
3383 3116 3482 3171 hac

1906 3204 2207 3258 meridiana
2247 3206 2437 3272 requie
2474 3205 2691 3275 dignus
2727 3217 3002 3272 censetur,
3048 3209 3140 3278 qui
3179 3223 3285 3262 non
3321 3207 3484 3263 fuerit

1904 3299 2051 3354 ﬁlius
2081 3299 2242 3363 lueis,
2275 3309 2328 3353 et
2366 3301 2510 3354 tilius
2552 3298 2680 3357 diei.
2699 3300 2804 3366 Qui
2833 3309 3012 3356 autem
3034 3317 3091 3356 se
3123 3317 3185 3356 ex
3209 3315 3364 3370 tequo
3399 3317 3484 3356 se-

1904 3389 2122 3459 paravit
2184 3405 2214 3443 a
2267 3391 2595 3459 vespertinis
2642 3399 2694 3445 et
2734 3392 3021 3448 matutinis
3073 3394 3337 3461 tenebris,
3379 3395 3484 3449 hoc

1904 3492 2012 3544 est,
2049 3482 2140 3536 ubi
2170 3482 2358 3550 incipit
2386 3483 2587 3536 malum
2606 3489 2658 3538 et
2688 3482 2742 3535 in
2773 3483 2919 3552 quod
2950 3485 3175 3551 desinit,
3199 3487 3244 3540 is
3279 3487 3330 3540 in
3365 3502 3479 3541 me-

1905 3575 2064 3637 ridie,
2110 3584 2168 3628 ut
2199 3575 2251 3628 in
2299 3591 2364 3629 eo
2395 3575 2580 3639 cubet,
2627 3576 2932 3630 collocatur
2984 3592 3013 3630 a
3066 3580 3181 3632 sole
3225 3579 3475 3647 justitize.

1908 3665 2165 3737 Signilica
2200 3682 2328 3736 ergo
2362 3665 2519 3730 mihi,
2552 3665 2753 3735 inquit,
2797 3666 3074 3737 quomodo
3102 3676 3349 3737 oporteat
3378 3685 3482 3723 cu-

1906 3759 2038 3814 bare
2081 3767 2136 3812 et
2189 3773 2438 3828 pascere,
2469 3766 2520 3811 et
2555 3772 2806 3827 quaenam
2859 3759 2932 3812 sit
2962 3758 3047 3812 via
3083 3760 3287 3830 quietis
3324 3761 3482 3814 meri-

1904 3849 2112 3915 dianw;
2162 3864 2227 3902 ne
2260 3847 2398 3902 forte
2440 3864 2469 3902 a
2515 3864 2711 3903 manus
2761 3861 2866 3904 tua:
2895 3849 3222 3904 deductione
3257 3850 3479 3919 delapsa

1903 3939 2154 3995 veritatis
2216 3940 2546 4009 ignorantia,
2599 3939 2762 3995 simul
2803 3955 3105 4010 congreger
3144 3956 3266 3995 cum
3311 3942 3480 4012 gregi-

1905 4033 2008 4088 bus
2041 4032 2236 4087 alienis
2265 4047 2292 4084 a
2335 4033 2448 4087 tuis
2482 4033 2697 4089 ovibus.
2729 4031 2854 4088 Haec
2887 4031 3042 4097 dixit,
3069 4033 3136 4088 de
3163 4035 3476 4103 pulchritu-

1905 4123 2037 4179 dine
2071 4140 2192 4194 qua:
2225 4124 2274 4178 ei
2298 4124 2499 4178 accidit
2529 4125 2794 4180 divinitus
2825 4125 3155 4190 sollicita,et
3187 4127 3372 4180 volens
3397 4127 3479 4180 in-

1909 4217 2154 4288 telligere
2177 4233 2285 4287 quo
2319 4227 2480 4288 pacto
2529 4220 2576 4273 ei
2637 4220 2690 4272 in
2732 4227 3051 4290 perpetuum
3100 4231 3313 4273 maneat
3352 4235 3479 4290 pro-

216 4267 346 4380 εἷπε
376 4281 500 4351 περὶ
538 4280 634 4334 τοῦ
669 4286 963 4356 γενομένου
999 4289 1232 4356 κάλλους
1259 4267 1427 4366 αὐτῆς
1452 4267 1636 4352 θεόθεν
1660 4301 1802 4370 ἀγω-

1908 4267 2163 4378 spcritas.
2233 4267 2347 4363 Sedr
2395 4325 2528 4364 voce
2576 4267 2763 4380 sponsri
2810 4267 3050 4364 liondum
3099 4317 3184 4366 est
3231 4267 3472 4382 dignata,

214 4368 417 4433 νιῶσα,
455 4373 551 4426 καὶ
586 4373 737 4439 ὅπως
778 4376 844 4430 ἂν
872 4379 954 4442 είς
979 4381 1040 4434 τὸ
1069 4382 1312 4454 διηνεκὲς
1335 4390 1640 4460 παραμένοι
1668 4368 1804 4466 αὖτῇ

214 4460 250 4528 ἠ
286 4465 583 4536 εὐμορφία,
622 4469 811 4538 μαθεῖν
857 4470 1101 4537 ἀξιοῦσα.
1153 4475 1292 4528 Ἀλλ’
1321 4477 1474 4532 οὔπω
1521 4460 1810 4548 καταξιοίῖζ

212 4554 447 4648 ται-τῆς
491 4556 587 4609 τοῦ
639 4559 874 4629 νυμφίου
907 4563 1110 4634 φωνῆς,
1140 4564 1234 4618 τοῦ
1291 4566 1424 4621 Θεοῦ
1473 4574 1596 4642 περὶ⁵
1639 4575 1809 4648 αὐτῆς

210 4645 465 4710 κρεῖττόν
506 4665 560 4700 τι
608 4649 1050 4723 προϐλεψαμένου
1077 4671 1090 4684 ·
1140 4655 1215 4720 ὡς
1251 4656 1318 4710 ἂν
1351 4661 1430 4723 είς
1464 4662 1684 4730 μείζονα
1719 4645 1812 4720 πό-

213 4731 310 4832 θον
329 4738 437 4832 ’τὴν
481 4740 780 4809 ἐπιθυμίαν
809 4743 980 4815 αὐτῆς
1008 4747 1358 4817 ἀναφλέξειεν
1381 4752 1412 4822 ἡ
1443 4754 1680 4829 ἀναϐολὴ
1701 4762 1802 4832 τῆς

213 4822 592 4894 ἀπολαύσεως,
630 4832 770 4886 ὥστε
806 4837 1203 4910 συναυξηθῆναι
1244 4841 1322 4912 τῷ
1373 4843 1522 4914 πόθῳ
1564 4849 1664 4920 τὴν
1706 4822 1799 4906 ευ-

211 4918 496 5014 ιτνροσῦνην
514 4937 528 4950 °
566 4923 681 5014 ἀλλ’
706 4925 756 4977 oi
777 4927 919 4994 φίλοι
951 4930 1045 4983 τοῦ
1077 4933 1310 5003 νυμφίου
1337 4935 1471 5006 πρὸς
1493 4918 1662 5011 αὐτῆν
1685 4943 1800 5000 δια-

215 5007 486 5074 λέγονται,
528 5013 620 5065 τὸν
662 5015 864 5086 τρόπον
915 5022 1014 5090 τῆς
1065 5020 1174 5074 τῶν
1225 5025 1536 5093 προσόντων
1578 5007 1796 5099 ἀγαθῶν

1904 4415 2027 4454 cum
2065 4399 2210 4455 Deus
2243 4400 2310 4455 de
2345 4415 2408 4455 ea
2441 4403 2638 4457 melius
2687 4401 3015 4472 provideret,
3082 4410 3140 4456 ut
3167 4403 3235 4458 ad
3298 4403 3476 4472 majus

1906 4489 2240 4545 desiderium
2301 4491 2423 4558 ejus
2483 4495 2810 4548 accenderet
2877 4493 3232 4562 cupiditatem
3285 4493 3478 4549 dilatio

1908 4581 2155 4637 truendaa
2176 4583 2495 4654 voluptatis,
2530 4592 2588 4638 ut
2614 4599 2737 4639 cum
2778 4585 3054 4640 desiderio
3105 4585 3268 4641 simul
3311 4601 3477 4655 auge-

1908 4681 2060 4728 retur
2086 4673 2310 4740 laetitia;
2351 4675 2444 4730 sed
2483 4675 2645 4730 amici
2694 4678 2881 4746 sponsi
2927 4693 3046 4732 eam
3097 4678 3476 4748 alloquuntur,

1908 4765 2187 4835 quomodo
2216 4765 2326 4821 sint
2355 4766 2406 4819 in
2434 4773 2553 4820 tuto
2585 4767 2790 4834 futura,
2833 4785 2956 4840 quae
2981 4769 3030 4825 ei
3063 4770 3266 4826 adsunt
3311 4770 3477 4834 bona,

1907 4856 2253 4912 consulendo
2299 4865 2656 4927 exponentes.
2693 4857 2788 4914 Est
2840 4868 3020 4916 autem
3067 4869 3209 4917 tecta
3259 4875 3476 4932 quoquc

1904 4962 2096 5002 eorum
2128 4947 2308 5002 oratio
2340 4958 2568 5019 propter
2599 4949 3018 5007 obscuritatem.
3048 4950 3160 5020 ‘Sic
3204 4954 3348 5009 enim
3384 4953 3474 5006 ha-

1907 5037 1999 5093 bet
2030 5037 2202 5092 dictio
2229 5056 2242 5091 :

214 5098 518 5210 ῗῖξξξιλείξις
557 5105 644 5210 id
695 5110 1004 5210 σνμϐοιδλῆς
1047 5115 1433 5189 ὑφηγούμενοι.
1495 5098 1650 5178 Ἔστι
1696 5127 1752 5182 δὲ
1803 5131 2216 5204 κεκαλυμμένος
2246 5132 2312 5187 δι’
2357 5133 2626 5205 ἀσαφείας
2678 5137 2772 5192 καὶ
2813 5139 2842 5191 6
2872 5141 3001 5210 παρ’
3042 5139 3265 5193 ἐκείνων
3299 5139 3474 5208 λόγος.

218 5186 375 5258 Ἔχει
403 5194 513 5263 γὰρ
541 5195 716 5261 οὕτως
739 5201 772 5270 ή
802 5199 966 5265 λέξις·

296 5281 434 5336 Ἐὰν
461 5286 548 5354 μὴ
592 5288 746 5357 γνῷς
778 5293 1066 5363 σεαυτὴν,
1098 5299 1136 5366 ἡ
1178 5300 1336 5370 καλὴ
1383 5302 1452 5355 ἐν
1497 5308 1794 5375 γυναιξίν,

214 5371 425 5436 εξελοε
468 5379 551 5432 σὺ
594 5381 663 5434 ἐν
707 5383 988 5454 πτέρναις
1025 5389 1141 5444 τῶν
1181 5395 1468 5464 ποιμνίων
1502 5371 1653 5464 σου,
1689 5371 1794 5455 -καί

287 5543 335 5578 ⁸⁸
356 5545 694 5618 Malluvttt,
729 5549 815 5607 12.

1976 5313 2037 5369 Si
2109 5333 2212 5370 non
2283 5333 2566 5386 cognoscas
2651 5319 2904 5389 teipsam,
2974 5337 3001 5375 ο
3060 5321 3280 5390 pulchra
3340 5321 3472 5376 inm

1905 5407 2169 5471 mulieres,
2212 5408 2452 5478 egredere
2499 5419 2552 5462 tu
2592 5409 2646 5463 in
2690 5411 2916 5481 vestigiis
2968 5428 3184 5483 gregum
3239 5423 3472 5472 tuorum,
