3928 6196
484 250 587 304 805

1765 233 1823 286 8.
1856 227 2185 288 GREGORH
2223 221 2519 285 NYSSENI
3578 226 3659 284 8M

485 376 534 420 et
592 378 749 433 pasce
812 358 990 414 ha'dos
1039 357 1095 410 in
1150 351 1507 408 tabernaculis
1572 359 1872 419 pastorum.
1932 344 2068 401 Sen-

2194 344 2451 412 τοίμαινε
2480 340 2616 406 τοὺς
2644 340 2890 406 ἐρίφους
2902 333 3001 389 ἐπὶ
3027 327 3359 403 σκηνώμασι
3381 334 3480 387 τῶν
3505 345 3665 408 ποιμέ,

487 472 583 512 sus
612 461 793 509 autem
821 452 1016 506 horum
1046 447 1340 503 verborum
1374 453 1456 501 est
1476 441 1803 498 manifestus
1838 455 1905 495 ex
1933 452 2067 492 con-

489 547 773 616 sequentia
810 558 1002 599 eorum
1025 556 1148 612 qua:
1173 548 1301 595 sunt
1328 539 1667 594 examinata.
1698 533 2064 590 Constructio

490 636 670 692 autem
710 636 945 697 videtur,
1005 632 1192 689 nescio
1242 630 1543 702 quomodo,
1587 643 1711 683 esse
1750 626 1932 681 minus
1982 625 2068 677 lu-

491 729 635 782 cida.
669 727 930 793 Quisnam
954 732 1198 794 estergo
1225 720 1465 778 sensus?
1484 719 1791 777 Tutissima
1822 731 1923 772 nos
1942 730 2070 769 con-

491 818 748 873 servandi
791 816 957 879 ratio,
1009 824 1092 871 est
1126 814 1370 883 seipsum
1418 826 1526 865 non
1569 810 1848 881 ignorare,
1892 822 2071 876 neque

492 908 698 980 aliquid
733 908 879 962 aliud
911 921 1077 977 quam
1126 905 1272 976 quod
1313 904 1368 958 in
1403 919 1462 959 se
1489 909 1574 957 est
1611 900 1910 965 videntem,
1953 899 2071 952 exi-

497 1000 727 1056 slimare
775 999 1019 1068 seipsum
1073 996 1318 1066 aspicere
1352 1012 1365 1049 :
1400 994 1545 1064 quod
1585 992 1802 1064 quidem
1830 990 1900 1046 iis
1926 989 2074 1045 acci-

494 1089 574 1145 dit
596 1090 686 1160 qui
724 1090 939 1160 seipsos
962 1103 1071 1142 non
1119 1087 1559 1149 considerantes,
1615 1084 1787 1147 vires,
1837 1088 1930 1136 aut
1952 1080 2074 1151 pul-

492 1186 877 1248 chritudinem,
913 1193 1008 1236 aut
1036 1181 1289 1252 gloriam,
1333 1186 1427 1233 aut
1464 1177 1791 1248 potentiam,
1844 1181 1939 1228 aut
1973 1172 2073 1225 alio

493 1292 632 1349 quas
669 1277 806 1331 alias
831 1273 1145 1336 facultates,
1177 1277 1272 1325 aut
1307 1269 1534 1330 fastum,
1560 1275 1654 1321 aut
1679 1266 1929 1336 corporis
1961 1279 2077 1318 mo-

494 1369 600 1425 lem
640 1383 704 1423 ac
733 1363 1189 1437 magnitudinem,
1221 1368 1315 1416 aut
1348 1360 1542 1414 formas
1580 1357 1934 1428 elegantiam,
1982 1363 2078 1409 aut

496 1459 703 1530 aliquid
740 1456 887 1513 aliud
913 1457 967 1510 in
1001 1455 1201 1525 seipsis
1234 1451 1513 1514 videntes,
1543 1465 1602 1504 se
1637 1450 1777 1503 tales
1807 1461 1934 1503 esse
1964 1445 2081 1501 cxi-

497 1552 745 1608 stimant.
809 1549 1108 1620 Propterea
1169 1551 1303 1599 sunt
1358 1542 1445 1596 sui
1485 1556 1596 1595 non
1639 1539 1738 1594 tuti
1787 1536 2075 1599 custodes,

2168 450 2312 487 νων.
2352 431 2570 485 Τούτων
2605 430 2662 482 δὲ
2689 428 2797 481 τῶν
2830 424 3092 499 ῥημάτων
3114 425 3152 494 ἡ
3193 424 3283 493 μὲν
3305 423 3486 479 διάνοια
3505 429 3664 501 πρθζη.

2168 525 2259 590 λος
2298 527 2363 579 ἑκ
2395 524 2494 595 τῆς
2520 521 2630 576 τῶν
2676 518 3075 587 ἑξετασθέντων
3120 514 3419 580 ἀκολουθίας
3457 518 3608 586 ἐστὶν,
3642 525 3669 593 ἡ

2168 619 2226 673 δὲ
2257 615 2508 680 σύνταξις
2541 613 2688 667 δοκεί
2726 626 2843 673 πως
2881 608 2981 679 τὴν
3008 604 3272 675 ἀσάφειαν
3311 604 3458 676 ἔχειν.
3488 609 3569 672 Τίς
3600 606 3672 664 οὖν

2170 711 2205 781 ἡ
2234 708 2440 764 διάνοια
2464 719 2480 769 ;
2516 700 2949 773 ’Δσφαλέστατόν
2975 701 3091 753 ἑστι
3120 696 3462 768 φυλακτήριον
3481 700 3613 770 ὴμῶν
3631 703 3678 754 τὸ

2172 798 2362 853 ἑαυτὸν
2422 796 2497 868 μὴ
2541 796 2829 865 ἀγνοῆσαι,
2863 789 2997 863 μηδὲ
3035 806 3088 843 τι
3125 787 3248 842 ἀλλο
3279 787 3382 840 τῶν
3410 789 3522 860 περὶ
3550 788 3677 844 αὐτὸν

2174 888 2461 960 βλέποντα,
2502 882 2692 939 ἑαυτὸν
2726 880 2935 938 οἴεσθαι
2968 878 3217 950 βλέπειν*
3247 876 3376 947 ὅπερ
3407 877 3464 949 δὴ
3487 878 3683 947 πάσχον-

2174 996 2260 1033 σιν
2285 980 2335 1032 oi
2355 976 2563 1031 ἑαυτῶν
2593 974 3001 1036 ἀνεπίσκεπτοι,
3034 966 3241 1040 ίσχὺνῆ
3271 966 3469 1033 κάλλος,
3490 969 3520 1038 ἢ
3542 969 3682 1035 δόξαν,

2173 1071 2208 1142 ἢ
2242 1068 2579 1131 δυναστείαν,
2610 1067 2644 1136 ἦ
2686 1081 2809 1118 τινα
2843 1063 3073 1117 πλούτου
3122 1061 3443 1134 περιουσίαν,
3479 1055 3686 1130 ὴτῦφον,

2175 1161 2209 1232 ἢ
2237 1160 2418 1229 ὄγκον,
2450 1159 2485 1229 ἢ
2514 1156 2764 1228 σώματος
2798 1154 3045 1225 μέγεθος,
3076 1154 3110 1225 ἢ
3151 1156 3356 1225 μορφῆς
3387 1150 3703 1222 concipiant

2177 1250 2306 1306 ἄλλο
2335 1269 2387 1304 τι
2414 1248 2650 1303 τοιοῦτον
2691 1249 2749 1300 ἑν
2783 1249 2994 1310 ἑαυτοῖς
3026 1245 3278 1317 ὁρῶντες,
3317 1243 3561 1305 τοιούτους
3594 1243 3694 1294 ἑαυ-

2179 1344 2306 1406 τοὺς
2344 1338 2481 1395 εῖναι
2520 1339 2822 1410 νομίζουσι.
2865 1338 2965 1391 Διά
3005 1337 3166 1391 τοῦτο
3212 1336 3455 1408 σφαλεροὶ
3498 1333 3697 1404 φύλακές

2180 1439 2318 1491 εἰσιν
2345 1436 2575 1499 ἑαυτῶν,
2624 1436 2691 1505 τῇ
2741 1434 2870 1504 περὶ
2900 1433 2962 1485 τὸ
2996 1431 3272 1501 ἀλλότριον
3303 1428 3493 1499 σχέσει,
3527 1416 3703 1495 aetiis?

2183 1548 2309 1589 κτον
2339 1525 2698 1599 περιορῶντες
2727 1524 2787 1577 τὸ
2814 1524 2964 1577 ἴδιον.
3001 1521 3127 1585 Πῶς
3148 1521 3257 1594 γὰρ
3284 1523 3346 1576 ἄν
3370 1537 3448 1583 τις
3464 1517 3703 1587 φυλάξειεν

497 1659 596 1715 per
632 1607 1005 1697 habitudinem
1030 1637 1100 1692 ad
1130 1637 1396 1698 alienum,
1421 1634 1704 1705 proprium
1741 1631 2082 1701 negligentes

2194 1623 2211 1676 5
2248 1622 2322 1693 μὴ
2365 1618 2681 1684 iniuratm;
2734 1614 2944 1668 Ούκούν
2990 1612 3365 1681 ἀσφαλεστάτη
3403 1609 3593 1681 φρουρά
3619 1607 3705 1660 τῶν

498 1732 917 1790 incustoditum.
981 1726 1458 1795 Quemadmodum
1531 1724 1679 1779 enim
1755 1722 2086 1777 custodierit

2194 1716 2244 1769 ἑν
2298 1715 2432 1783 ἡμῖν
2473 1708 2711 1778 ἀγαθῶν,
2764 1707 2826 1760 τὸ
2873 1706 3099 1768 ἑαυτοὺς
3150 1703 3225 1775 μὴ
3272 1704 3492 1772 ἀγνοεῖν,
3538 1698 3619 1752 καὶ
3661 1698 3710 1751 τὸ

500 1826 772 1898 quispiam
810 1822 860 1875 id
882 1822 1027 1891 quod
1063 1819 1280 1874 nescit?
1304 1816 1504 1872 Eorum
1540 1831 1671 1885 ergo
1701 1829 1824 1885 quae
1866 1823 1995 1869 sunt
2029 1814 2083 1867 in

499 1918 658 1973 nobis
692 1916 960 1969 bonorum
992 1909 1487 1967 eustodiendorum
1524 1914 1610 1962 est
1657 1906 1933 1962 tutissima
1993 1920 2086 1959 ra-

501 2006 601 2065 tio,
629 2005 868 2073 seipsum
907 2016 1016 2054 non
1064 2000 1339 2068 ignorare,
1393 2003 1694 2065 exacteque
1727 2002 1783 2049 et
1828 2004 2086 2051 accurate

500 2110 562 2153 se
587 2096 731 2150 scire
759 2106 1204 2161 unumquemque
1233 2087 1362 2158 quid
1397 2087 1490 2151 sit,
1516 2096 1569 2140 et
1598 2086 1837 2157 seipsum
1874 2087 2082 2141 discer—

502 2204 632 2244 nere
668 2187 734 2240 ah
766 2185 833 2241 iis
866 2197 988 2253 quae
1015 2191 1143 2237 sunt
1174 2183 1322 2236 circa
1348 2197 1430 2243 se,
1478 2195 1546 2234 ne
1599 2179 1921 2250 imprudens
1953 2181 2088 2237 alie-

504 2293 635 2334 num
677 2290 774 2346 pro
803 2274 990 2343 seipso
1030 2272 1326 2326 custodiat.
1362 2271 1465 2339 Qui
1498 2273 1645 2328 enim
1670 2272 1870 2341 aspicit
1909 2271 1977 2326 ad
2007 2273 2088 2327 vi-

503 2378 616 2423 tam
649 2381 769 2434 quae
827 2365 1009 2433 agitur
1064 2364 1117 2417 in
1158 2363 1258 2418 hoc
1311 2363 1538 2427 mundo,
1583 2371 1636 2417 et
1680 2379 1801 2432 qum
1834 2365 1921 2419 hic
1962 2373 2091 2419 sunt

505 2462 747 2533 pretiosa
776 2457 1059 2513 existimat
1092 2454 1258 2525 digna
1293 2470 1415 2525 (IU‘JB
1462 2452 1869 2520 custodiantur,
1910 2455 2090 2512 nescit

504 2552 822 2608 discernere
856 2549 1138 2619 proprium
1183 2548 1252 2601 ah
1283 2547 1486 2601 alieno.
1506 2545 1649 2600 Nihil
1675 2547 1821 2602 enim
1865 2557 1949 2603 est
1993 2562 2088 2601 no-

506 2653 681 2702 strum
716 2656 904 2698 eorum
928 2655 1049 2711 quae
1084 2646 1393 2694 transeunt.
1420 2637 1711 2704 Quomodo
1747 2638 2090 2694 cnimdomi-

507 2741 694 2791 natum
724 2732 1028 2789 obtinueris
1060 2733 1116 2785 in
1159 2728 1211 2784 id
1238 2728 1385 2800 quod
1421 2729 1623 2785 transit
1653 2738 1707 2785 et
1740 2727 1903 2784 ﬂuit?
1946 2728 2084 2785 Cum

506 2842 642 2899 ergo
667 2841 729 2881 ea
761 2842 883 2896 quae
911 2821 1273 2893 intelligentia
1304 2822 1607 2893 percipitur
1646 2829 1701 2877 et
1731 2829 1816 2877 est
1848 2822 2093 2877 materiae

506 2932 706 2987 expers
734 2926 953 2981 natura,
978 2913 1197 2969 stabilis
1254 2912 1348 2978 sit,
1386 2919 1439 2967 et
1477 2928 1697 2984 semper
1740 2914 1995 2969 similiter
2039 2923 2095 2969 et

510 3008 703 3062 eodem
752 3003 915 3061 modo
966 3020 1027 3060 se
1074 3004 1313 3071 habeat;
1351 3010 1601 3058 transeat
1636 3013 1817 3060 autem
1863 3007 2090 3062 materia
2118 3039 2163 3100 α

510 3115 608 3172 per
636 3099 844 3153 ﬂuxmn
866 3097 1159 3169 quemdam
1173 3105 1227 3152 et
1257 3105 1467 3150 motum
1497 3113 1716 3168 semper
1744 3108 1983 3155 mutata:
2005 3116 2101 3157 ne-

508 3209 667 3249 cesse
698 3200 780 3247 est
812 3201 871 3245 ut
895 3194 990 3261 qui
1025 3192 1092 3245 ab
1123 3206 1189 3244 eo
1212 3189 1356 3259 quod
1389 3198 1846 3260 stat,separatur,
1865 3196 2094 3249 omnino

509 3283 939 3340 circumferatur
976 3297 1104 3336 cum
1148 3297 1213 3335 eo
1257 3281 1404 3351 quod
1444 3292 1531 3337 est
1583 3283 1877 3349 instabile;
1904 3295 1959 3340 et
1996 3288 2091 3357 qui

512 3374 858 3446 persequitur
884 3373 936 3428 id
966 3372 1112 3442 quod
1153 3374 1372 3433 transit.
1428 3380 1481 3427 et
1516 3372 1780 3444 relinquit
1828 3375 1883 3430 id
1938 3377 2087 3448 quod

513 3474 602 3522 est
644 3465 864 3528 stabile,
901 3474 1136 3534 utroque
1163 3463 1561 3526 l'rustratur,ut
1594 3465 1935 3533 quialtcrum
1966 3466 2093 3538 qui-

513 3557 637 3612 dem
669 3555 933 3620 dimittat,
989 3554 1222 3609 alterum
1266 3569 1395 3608 vero
1436 3570 1544 3608 non
1603 3556 1777 3624 possit
1837 3557 2089 3613 retinere.

514 3646 807 3717 Propterea
839 3646 1142 3700 amicorum
1176 3645 1362 3713 sponsi
1395 3646 1687 3700 consilium
1717 3645 1855 3701 dicit
1878 3662 1941 3701 ea
1973 3663 2095 3718 quae

514 3735 661 3791 dicta
713 3743 864 3799 sunt,
923 3750 1120 3806 nempe
1154 3732 1252 3789 :Si
1300 3750 1402 3787 non
1444 3750 1730 3804 cognoscas
1781 3737 2025 3805 teipsam,
2064 3753 2095 3793 ο

514 3827 737 3899 pulchra
758 3829 895 3882 inter
942 3827 1213 3892 mulieres,
1236 3828 1480 3897 egredere
1512 3828 1651 3881 tuin
1703 3830 1931 3899 vestigiis
1976 3845 2096 3900 gre-

513 3936 673 3991 gum:
698 3930 748 3974 et
778 3934 931 3986 pasce
968 3918 1146 3973 haedos
1179 3928 1296 3973 tuo:
1333 3919 1386 3971 in
1420 3917 1777 3973 tabernaculis
1800 3930 2097 3988 pastorum.

516 4013 632 4067 Hoc
672 4021 854 4066 autem
904 4020 1011 4075 est,
1060 4011 1208 4081 quod
1257 4011 1352 4081 qui
1413 4011 1655 4080 seipsum
1711 4010 2004 4081 ignoravit,
2071 4028 2101 4066 a

519 4118 687 4174 grege
717 4102 938 4171 quidem
970 4103 1218 4156 omnium
1245 4101 1471 4183 excidit,
1503 4101 1667 4155 simul
1694 4108 1876 4156 autem
1916 4103 2102 4173 pasci-

518 4203 609 4248 tur
638 4209 760 4248 cum
788 4192 980 4254 haedis.
1015 4206 1251 4261 quorum
1278 4193 1445 4271 statio
1489 4191 1696 4259 rejecta
1732 4202 1818 4248 est
1858 4193 1925 4247 ad
1962 4194 2101 4249 sini-

519 4299 710 4350 srram,
747 4301 869 4340 cum
895 4286 1073 4340 bonus
1124 4292 1312 4355 pastor
1346 4300 1476 4339 oves
1505 4285 1761 4340 statuerit
1797 4302 1825 4339 a
1870 4287 2104 4354 dextris,

2185 1805 2388 1875 γνῶναι
2442 1804 2673 1858 ἑκαστον
2726 1798 2918 1853 ἑαυτὸν
2977 1799 3113 1869 ὅπερ
3170 1796 3306 1857 ἐστὶ,
3360 1796 3450 1848 καὶ
3509 1791 3710 1861 ἀκριϐῶς

2187 1897 2379 1953 ἑαυτὸν
2422 1896 2531 1950 ἀπὸ
2572 1893 2681 1947 τῶν
2734 1892 2864 1962 περὶ
2896 1889 3059 1943 αὐτὸν
3098 1887 3413 1959 διακρίνειν,
3449 1886 3519 1948 ὡς
3561 1884 3618 1937 ἂν
3656 1880 3716 1954 μὴ

2185 1993 2336 2047 λάθοι
2374 1988 2661 2060 φυλάσσων
2696 1985 2811 2039 ἀνθ’
2855 1980 3050 2038 ἑαυτοῦ
3100 1981 3162 2034 τὸ
3206 1979 3488 2049 ἀλλότριον.
3535 1976 3585 2029 ’0
3625 1973 3713 2043 γὰρ

2189 2084 2326 2157 πρὸς
2353 2081 2451 2151 τὴν
2496 2081 2553 2133 ἑν
2593 2077 2673 2149 τῷ
2709 2076 2900 2147 κόσμῳ
2926 2073 3103 2144 τούτῳ
3132 2072 3345 2142 βλέπων
3372 2070 3526 2140 ζωὴν,
3553 2066 3635 2120 καὶ
3665 2065 3719 2116 τὰ

2189 2153 2423 2230 ἐνταῦθα
2469 2172 2625 2243 τίμια
2672 2168 2919 2238 φυλακῆς
2968 2165 3095 2232 ἄξια
3142 2163 3365 2234 κρίνων,
3414 2161 3507 2213 οὐκ
3546 2153 3639 2210 οἶδε
3674 2154 3721 2206 τὸ

2190 2270 2318 2324 ἴδιον
2351 2268 2623 2337 διακρῖναι
2644 2261 3067 2333 τοῢνάλλοτρίου.
3098 2258 3267 2312 Οὐδὲν
3294 2256 3401 2327 γὰρ
3428 2254 3529 2306 τῶν
3559 2266 3727 2322 παρερο

2190 2361 2436 2433 χομένων
2481 2358 2628 2411 ἐστὶν
2672 2355 2960 2428 ἡμέτερον.
2993 2351 3118 2414 Πῶς
3139 2350 3253 2421 γὰρ
3281 2350 3344 2403 ἄν
3368 2364 3447 2408 τις
3476 2344 3725 2415 κρατήσειε

2190 2453 2284 2507 τοῦ
2336 2448 2631 2523 παροδικοῦ
2675 2465 2737 2501 τε
2779 2448 2872 2501 καὶ
2921 2444 3176 2517 ῥέοντοςς
3223 2440 3376 2494 Ἐπεὶ
3405 2434 3492 2492 οὖν
3532 2436 3731 2506 ἑμμονον

2192 2543 2285 2596 καὶ
2312 2540 2575 2602 ὡσαύτως
2603 2538 2714 2609 ἔχει
2753 2539 2786 2608 ἡ
2825 2537 2987 2606 νοητή
3014 2551 3071 2586 τε
3101 2534 3200 2586 καὶ
3233 2530 3394 2593 asto;
3424 2527 3573 2597 φύσις
3592 2566 3603 2585 ,
3633 2524 3662 2593 ἡ
3687 2522 3730 2574 δὲ

2194 2635 2296 2706 ὖλη
2326 2633 2657 2705 παρέρχεται
2681 2629 2767 2682 διὰ
2800 2630 2927 2699 ῥοῆς
2952 2643 3097 2688 τινος
3130 2624 3230 2677 καὶ
3261 2623 3518 2693 κινήσεως
3540 2619 3735 2670 πάντοτε

2192 2724 2568 2795 ἀλλοιουμένη’
2600 2720 2914 2789 ἀναγκαίως
2941 2720 2968 2772 ό
2998 2716 3092 2769 τοῦ
3122 2715 3365 2779 ἑστῶτος
3394 2710 3735 2795 χωριζόμενοῆ

2192 2816 2270 2889 τῷ
2299 2813 2618 2871 ἀστατοῦντι
2666 2811 2882 2874 πάντως
2930 2807 3460 2879 συμπαραφέρεται·
3512 2799 3597 2853 καὶ
3630 2798 3655 2850 ό
3692 2794 3741 2847 τὸ

2197 2912 2604 2986 παρερχόμενον
2649 2907 2741 2961 καὶ
2776 2904 2836 2958 τὺ
2876 2902 3029 2966 ἑστὸς
3071 2898 3418 2961 καταλιπὼν,
3462 2890 3743 2986 ἀμφοτέρων

2194 2979 2572 3076 διαμαρτάνει,
2598 2999 2660 3053 τὸ
2685 2998 2783 3070 μὲν
2812 2996 3013 3066 ἀφιεὶς.
3045 2993 3105 3046 τὸ
3135 2993 3201 3046 δὲ
3233 2990 3479 3060 κατέχειν
3507 2985 3582 3069 μη
3614 2979 3747 3076 δυνά·

2208 3111 2387 3167 μενος.
2426 3091 2524 3145 Διὰ
2559 3087 2714 3142 τοῦτό
2758 3102 2923 3157 φησιν
2965 3085 3000 3155 ἡ
3043 3082 3157 3135 τῶν
3212 3081 3384 3152 φίλων
3428 3077 3517 3130 τοῦ
3549 3069 3750 3143 νυμφίου

2206 3185 2484 3259 συμϐουλὴ
2524 3182 2594 3237 τὰ
2636 3181 2903 3253 εἰρημένα
2965 3177 3046 3230 ὅτι
3083 3175 3235 3229 Ἐὰν
3283 3172 3371 3243 μὴ
3407 3167 3558 3240 γνῷς
3594 3179 3748 3259 usuv-

2200 3256 2336 3349 T’l".
2362 3277 2402 3343 ἦ
2436 3274 2593 3343 καλὴ
2623 3273 2692 3326 ἐν
2716 3269 3010 3342 γυναιξὶν,
3049 3266 3267 3332 ἔξελθε
3301 3262 3383 3317 σὺ
3414 3263 3482 3314 ἐν
3508 3256 3750 3322 πτέρναις

2199 3375 2318 3430 τῶν
2364 3371 2692 3441 ποιμνίων·
2737 3367 2835 3421 καὶ
2887 3367 3166 3435 ,ποίμαινε
3212 3362 3357 3428 τοὺς
3400 3358 3630 3428 ἐρίφους
3670 3350 3749 3404 ἐπὶ

2199 3465 2557 3535 σκηνώμασι
2592 3460 2714 3514 τῶν
2739 3456 3055 3527 ποιμένων.
3088 3455 3266 3509 Τοῦτο
3304 3453 3364 3507 δέ
3404 3456 3517 3505 ἑστι
3550 3449 3625 3513 τί;
3656 3445 3755 3496 Ὅτι

2200 3562 2228 3613 ὁ
2261 3556 2451 3612 ἑαυτὸν
2481 3552 2756 3623 ἀγνοήσας
2784 3549 3039 3602 ἐκπίπτει
3075 3546 3178 3619 μὲν
3218 3546 3320 3617 τῆς
3359 3542 3467 3596 τῶν
3502 3538 3753 3610 προϐάτων

2202 3650 2423 3720 ἀγέλης,
2473 3646 2735 3714 σύννομος
2764 3643 2820 3696 δὲ
2851 3641 3060 3710 γίνεται
3090 3641 3209 3702 τοῖς
3241 3636 3475 3707 ἐρίφοις.
3501 3628 3572 3687 ὧν
3598 3633 3628 3701 ἡ
3653 3625 3759 3681 στά-

2206 3760 2289 3806 σις
2320 3742 2413 3795 ἐπὶ
2444 3739 2503 3792 τὸ
2538 3736 2721 3790 σκαιὸν
2759 3731 3017 3800 ἀπεώσθη
3036 3747 3049 3759 '
3090 3730 3242 3784 οὕτω
3274 3729 3370 3783 τοῦ
3409 3723 3570 3780 καλοῦ
3592 3717 3758 3788 ποιμέο

2206 3853 2314 3900 νος,
2346 3837 2410 3888 ἑκ
2457 3829 2644 3895 δεξιῶν
2677 3828 2777 3899 μὲν
2809 3825 2876 3880 τὰ
2916 3822 3169 3895 πρόϐατα
3222 3823 3553 3892 στήσαντος,
3596 3807 3761 3880 ἀφορί-

2203 3899 2395 3988 σαντος
2435 3923 2492 3976 δὲ
2529 3923 2626 3991 τῆς
2666 3917 2971 3989 κρείττονος
3010 3913 3225 3985 λήξεως
3271 3912 3366 3966 ἐπὶ
3410 3910 3471 3963 τὸ
3512 3899 3761 3976 ἀριστερὸν

2199 4016 2270 4071 τά
2297 4015 2500 4087 ἐρίφια.
2532 4012 2703 4066 Τοῦτο
2741 4008 2920 4062 τοίνυν
2955 4008 3021 4060 ἑκ
3047 4010 3151 4078 τῆς
3180 4005 3298 4059 τῶν
3331 4004 3500 4073 φίλων
3527 3998 3614 4053 τοῦ
3649 4009 3765 4062 νυμ-

2201 4083 2664 4178 φίου-συμϐουλῆς
2695 4100 3082 4171 παιδευόμεθα,
3103 4098 3171 4151 τὸ
3210 4099 3328 4152 δεῖν
3374 4098 3455 4158 είς
3482 4091 3638 4161 αὐτὴν
3665 4083 3764 4156 βλέο

2206 4217 2328 4255 πειν
2358 4198 2455 4270 τὴν
2498 4196 2607 4251 τῶν
2654 4193 2995 4266 πραγμάτων
3043 4192 3239 4262 φύσιν,
3284 4192 3382 4245 καὶ
3410 4188 3483 4259 μὴ
3523 4183 3764 4245 πεπλανη-

2209 4290 2391 4363 μένοις
2417 4289 2587 4359 ἴχνεσι
2621 4288 2721 4358 τῆς
2743 4283 3003 4355 ἀληθείας
3036 4278 3581 4353 παραστοχάζεσθαι.

521 4377 706 4432 lnedos
736 4384 917 4431 autem
955 4391 983 4430 a
1022 4375 1234 4430 meliori
1271 4382 1418 4429 sorte
1450 4379 1821 4447 segregaverit
1867 4377 1933 4433 ad
1967 4378 2273 4435 sinistram.
2306 4379 2384 4434 Ex
2415 4379 2717 4433 amicorum
2753 4391 2884 4446 ergo
2950 4375 3143 4446 sponsi
3210 4373 3460 4427 consitio
3513 4364 3763 4423 discimus.

520 4479 778 4540 oportere
805 4467 1049 4537 aspicere
1075 4466 1142 4521 ad
1173 4467 1347 4537 ipsam
1378 4482 1559 4520 rerum
1591 4476 1866 4533 naturam,
1904 4477 1959 4523 et
1996 4486 2107 4525 non
2143 4472 2392 4541 vestigiis
2414 4470 2728 4525 errantibus
2772 4484 2803 4521 a
2841 4465 3072 4545 veritate
3114 4466 3414 4520 aberrare.

596 4560 737 4613 Sunt
758 4567 940 4613 autem
980 4558 1094 4611 lucc
1126 4558 1291 4611 verba
1326 4555 1531 4611 clarius
1559 4558 1907 4628 explicanda.
1944 4556 2095 4614 Multi
2133 4571 2177 4625 ι)

522 4652 775 4707 homines
829 4664 937 4704 non
977 4647 1231 4718 judicant
1267 4646 1371 4718 ipsi
1417 4647 1875 4719 quemadmodum
1920 4666 1979 4705 se
2020 4650 2111 4703 ha-

524 4744 690 4798 beant
713 4757 801 4797 res
833 4752 1062 4804 naturae,
1113 4740 1211 4795 sed
1251 4755 1442 4794 eorum
1477 4740 1570 4809 qui
1604 4741 1858 4795 vixerunt
1892 4741 2111 4795 intuen-

523 4843 609 4890 tes
630 4834 1109 4897 consuetudinem,
1131 4833 1393 4887 aberrant
1420 4848 1448 4886 a
1485 4847 1621 4886 sano
1652 4847 1835 4886 rerum
1868 4832 2106 4903 judicio.

527 4941 634 4982 non
674 4925 999 4995 prudentem
1052 4925 1294 4994 aliquam
1338 4924 1844 4985 ratiocinationem,
1881 4924 1976 4980 sed
2021 4939 2112 4980 ra-

527 5017 698 5073 tionis
768 5024 1048 5086 expertem
1109 5005 1566 5071 consuctu'dincm
1616 5015 1745 5071 boni
1784 5022 1841 5070 ct
1896 5015 2113 5070 honesti

525 5109 932 5165 constituentes
958 5107 1224 5178 judicem,
1271 5106 1417 5163 unde
1450 5109 1662 5179 seipsos
1711 5106 2115 5179 provehuntad

528 5201 756 5272 imperia
793 5207 848 5255 et
898 5201 1658 5272 magistratus,honoresque
1688 5209 1742 5256 et
1791 5200 2115 5271 splendores

526 5294 620 5364 qui
660 5302 786 5348 sunt
817 5292 873 5347 in
897 5293 1001 5348 hoc
1032 5294 1333 5358 mundo,et
1357 5291 2113 5364 magnifaciuntmundanam

531 5386 826 5457 potentiam
858 5393 915 5441 et
947 5385 1410 5457 magnitudinem,
1437 5401 1560 5441 cum
1593 5384 1663 5439 sit
1697 5383 1970 5437 incertum
2001 5398 2112 5454 quo

530 5478 604 5534 sit
629 5470 1062 5550 unumquodque
1086 5495 1276 5535 eorum
1309 5477 1618 5534 rediturum
1671 5484 1796 5547 post
1842 5474 1986 5530 hanc
2028 5476 2111 5529 vi-

529 5574 664 5622 tam.
696 5565 812 5621 Non
842 5569 987 5623 enim
1025 5568 1092 5623 de
1118 5567 1317 5623 hitnris
1358 5568 1492 5622 satis
1521 5574 1638 5620 tuto
1686 5564 1949 5634 tidejubet
1977 5579 2113 5619 con-

534 5658 787 5726 suetudo,
849 5660 1008 5729 cujus
1053 5660 1177 5716 linis
1231 5673 1613 5729 Srpenumcro
1661 5658 1937 5716 invenitur
1979 5675 2109 5730 grex

2298 4561 2639 4630 Σαφέστερον
2686 4558 2745 4613 δὲ
2799 4556 2905 4627 χρὴ
2956 4542 3048 4609 τὸν
3093 4555 3236 4626 περὶ
3285 4554 3497 4608 τούτων
3552 4542 3761 4602 ἐκθέσθαι

2208 4649 2384 4717 λόγον.
2423 4647 2616 4701 Πολλοὶ
2669 4645 2777 4699 τῶν
2822 4644 3126 4717 ἀνθρώπων
3175 4644 3286 4697 οὐκ
3331 4642 3488 4696 αὐτοὶ
3532 4636 3759 4707 κρίνουσιν

2208 4740 2356 4803 ὅπως
2410 4739 2522 4809 ἔχει
2575 4737 2644 4791 τὰ
2694 4736 2993 4807 πράγματα
3028 4733 3287 4803 φύσεως,
3335 4731 3476 4786 ἀλλά
3525 4726 3646 4798 πρὸς
3683 4718 3757 4787 τὴν

2211 4830 2496 4902 συνήθειαν
2536 4829 2641 4881 τῶν
2689 4826 3111 4899 προϐεϐηκότων
3170 4825 3449 4895 ὁρῶντες,
3500 4825 3591 4891 τῆς
3616 4810 3759 4885 ὑγιοῦς

2209 4923 2317 4976 τῶν
2336 4922 2503 4975 ὄντων
2531 4920 2767 4993 κρίσεως
2788 4918 3232 4990 ἁμαρτάνουσιν,
3265 4919 3375 4979 οὐκ
3416 4910 3648 4989 ἔμφρονά
3665 4918 3760 4959 τινα

2211 5013 2492 5086 λογισμὸν,
2526 5013 2661 5069 ἀλλά
2705 5012 2992 5084 συνήθειαν
3018 5010 3249 5079 ἄλογον,
3277 5010 3375 5064 τοῦ
3414 5008 3577 5064 καλοῦ
3610 4998 3766 5073 κριτὴ’

2213 5122 2329 5175 ριον
2367 5103 2827 5177 προϐαλλόμενοι·
2876 5102 3000 5156 ὅθεν
3034 5104 3117 5165 είς
3165 5102 3353 5174 ἀρχάς
3400 5117 3462 5155 τε
3516 5098 3602 5154 καὶ
3642 5093 3772 5148 5m-

2214 5196 2395 5258 στείας
2420 5196 2642 5258 ἑαυτοὺς
2666 5191 2972 5257 είσωθοῦσι,
2997 5194 3089 5247 καὶ
3116 5192 3225 5257 τὰς
3252 5196 3314 5247 ὲν
3337 5191 3419 5262 τῷ
3447 5190 3628 5258 κόσμῳ
3646 5194 3776 5250 περί·

2214 5287 2475 5356 φανείας,
2534 5284 2630 5341 καὶ⁸
2688 5288 2812 5350 τοὺς
2866 5286 3086 5349 ὑλικοὺς
3150 5285 3363 5354 ϐγκους
3424 5281 3551 5355 περὶ
3611 5268 3775 5331 πολλοῦ

2216 5379 2516 5446 ποιοῦνται,
2552 5378 2742 5448 ἄδηλον
2772 5377 2832 5431 ὃν
2860 5380 2940 5442 εἰς
2974 5380 3001 5431 ὃ
3050 5396 3104 5431 τι
3140 5380 3362 5433 τούτων
3392 5378 3614 5431 ἕκαστον
3636 5382 3781 5423 καταο

2217 5474 2366 5545 λήξει
2403 5474 2540 5544 μετά
2574 5473 2664 5527 τὸν
2690 5474 2815 5545 τῇδε
2845 5473 2978 5544 βίον.
3012 5474 3086 5527 Οὐ
3116 5473 3234 5544 γὰρ
3265 5470 3516 5543 ἀσφαλὴς
3544 5466 3643 5520 τῶν
3672 5458 3783 5535 μελ-

2218 5566 2417 5620 λόντων
2457 5565 2728 5637 ἐγγυητὴς
2768 5567 2801 5636 ἡ
2839 5566 3115 5636 συνήθεια,
3150 5562 3225 5636 ἧς
3278 5565 3341 5618 τὸ
3396 5563 3563 5635 πέρας
3606 5556 3786 5626 ἐρίφων

2220 5658 2534 5728 εὑρίσκεται
2564 5658 2843 5726 πολλάκις,
2876 5658 2994 5728 οὐχὶ
3022 5656 3326 5726 προϐάτων
3356 5654 3543 5724 ἀγέλη.
3579 5649 3718 5709 Νοεῖς
3738 5642 3785 5694 δὲ
