3928 6196
536 233 639 290 807

1805 218 1864 276 S.
1903 217 2230 276 GREGORII
2265 214 2561 271 NYSSE‘NI
3605 213 3685 270 808

539 343 718 401 bitabo
741 349 793 396 et
819 335 1168 393 deambulabo
1203 323 1272 388 “.
1317 333 1373 390 Si
1400 335 1512 390 haec
1543 333 1801 405 aspicias,
1833 333 1886 388 in
1910 333 2116 388 nullam

2227 333 2287 385 ἐν
2321 329 2526 394 αὐτοῖς
2563 327 2659 382 καί
2689 321 3160 396 ἐμπεριπατήσω.
3188 320 3303 374 Ἐὰν
3339 320 3488 376 ταῦτα
3515 297 3692 398 βλέπῃς,

538 449 655 489 rem
711 439 986 485 terrenam
1034 427 1238 498 deliges
1295 435 1447 482 tuum
1497 427 1738 480 oculum.
1767 425 1909 491 Quid
1947 424 2109 480 dico?

539 527 654 580 lmo
678 537 747 576 ne
777 521 976 575 coelum
999 519 1218 590 quidem
1242 519 1340 574 tibi
1361 518 1674 574 censebitur
1705 515 2106 570 admirandum.

540 610 1008 680 Quemadmodum
1050 609 1219 674 enim,
1248 623 1281 663 ο
1321 608 1692 670 homo,co:los
1728 605 2110 668 admiraberis,

540 707 774 776 teipsum
813 702 1084 773 aspiciens
1131 701 1288 756 cmlis
1341 700 1678 754 stabiliorem
1721 705 1774 752 et
1810 697 2113 752 durabilio-

542 810 657 849 rem
692 794 715 847 2
753 790 887 846 Nam
927 791 1126 845 cmlum
1181 788 1397 859 quidem
1447 787 1664 853 transit,
1701 795 1757 840 tu
1779 793 1959 840 autem
1989 800 2115 839 cum

541 901 609 942 eo
633 885 778 956 quod
813 897 1028 951 semper
1057 891 1166 944 est,
1187 880 1350 936 simul
1399 894 1585 933 manes
1615 878 1682 932 ad
1731 877 2111 932 aeternitatem.

543 979 662 1033 Non
700 975 987 1031 admireris
1010 981 1167 1026 terrae
1195 971 1560 1033 latitudinem,
1587 984 1762 1039 neque
1794 982 1942 1022 mare
1971 965 2116 1037 quod

545 1067 803 1140 panditur
849 1065 902 1118 in
939 1063 1229 1125 inﬁnitum,
1257 1061 1455 1132 quibus
1491 1069 1549 1113 ttt
1597 1073 1856 1129 pmesses
1889 1074 1949 1114 es
1980 1073 2116 1112 con-

548 1160 810 1217 stitutus,
851 1163 1108 1222 tanquam
1175 1153 1336 1206 alicui
1390 1166 1656 1220 equorum
1698 1149 1907 1212 currui,
1959 1147 2027 1202 ad
2067 1149 2117 1202 id

545 1249 692 1320 quod
721 1247 818 1300 tibi
846 1246 1080 1309 videtur,
1106 1244 1416 1298 obedientia
1449 1251 1502 1299 et
1528 1244 1580 1297 iu
1614 1251 1704 1296 tua
1733 1248 1999 1312 potestate
2015 1240 2119 1295 sita

549 1342 756 1395 habens
808 1339 925 1392 haec
974 1339 1263 1392 elementa.
1319 1334 1452 1388 Nam
1507 1341 1560 1388 et
1595 1343 1740 1388 terra
1776 1333 1874 1386 tibi
1921 1346 2122 1401 suppe-

546 1434 681 1488 ditat
731 1445 794 1485 ea
827 1444 947 1499 qua:
997 1437 1120 1482 sunt
1153 1425 1276 1480 usui
1323 1425 1390 1478 ad
1421 1425 1609 1485 vitam.
1636 1433 1690 1478 et
1714 1438 1862 1477 mare
1893 1436 2000 1476 non
2034 1435 2122 1476 se-

547 1540 648 1580 cus
694 1529 856 1591 atque
898 1533 1071 1589 equus
1097 1517 1190 1586 qui
1230 1515 1460 1570 habenis
1494 1515 1724 1584 regitur,
1752 1513 1849 1566 tibi
1900 1511 2122 1566 dorsum

548 1614 773 1684 praebet,
801 1620 854 1666 et
889 1624 1044 1666 suum
1075 1621 1348 1663 sessorem
1372 1605 1570 1676 accipit
1601 1604 1897 1658 hominem.
1921 1599 1978 1655 Si
1995 1613 2123 1670 ergo

549 1713 604 1760 te
636 1716 960 1774 cognoscas,
979 1715 1012 1754 ο
1042 1698 1431 1770 pulchrainter
1453 1697 1731 1761 mulieres,
1754 1702 1925 1748 totum
1963 1708 2122 1747 mun-

550 1795 680 1850 dum
707 1791 1000 1861 despicies,
1034 1797 1087 1844 et
1112 1789 1178 1843 ad
1211 1786 1453 1842 materiae
1481 1801 1676 1856 expers
1700 1787 1900 1840 bonum
1935 1798 2124 1853 perpe-

549 1891 645 1938 tuo
678 1883 917 1945 intuens,
944 1888 1262 1933 contemnes
1289 1891 1534 1932 errorem
1565 1890 1752 1930 eorum
1784 1890 1906 1945 quae
1937 1876 1990 1927 in
2023 1874 2125 1927 hac

550 1981 682 2030 sunt
735 1973 846 2028 vita
883 1970 1257 2040 vestigiorum.
1310 1968 1542 2023 Attende
1598 1981 1728 2036 ergo
1785 1980 1998 2036 semper
2028 1965 2126 2020 tibi

554 2065 682 2135 ipsi,
709 2071 761 2117 et
794 2077 903 2116 non
931 2061 1140 2115 errabis
1179 2061 1327 2114 circa
1355 2073 1568 2130 gregem
1611 2057 1912 2120 hazdorum,
1953 2071 2128 2126 neque

553 2155 811 2211 efﬁcieris
852 2152 1040 2206 haedus
1075 2165 1173 2220 pro
1203 2165 1304 2206 ove
1337 2150 1392 2205 in
1425 2149 1920 2219 temporcjudicii;
1946 2162 2124 2217 neque

555 2246 928 2319 scgregaberis
970 2259 1000 2298 a
1037 2243 1275 2298 statione
1317 2241 1381 2296 ad
1433 2239 1711 2296 dexteram
1746 2260 1759 2295 :
1792 2240 1887 2296 sed
1934 2239 2123 2296 audies

549 2337 851 2408 jucundam
883 2350 1092 2394 vocem.
1123 2348 1242 2403 qua:
1279 2331 1411 2386 dicit
1443 2332 1701 2401 lanigeris
1727 2339 1780 2386 et
1823 2333 2122 2388 mansuetis

553 2428 751 2483 ovibus
785 2444 798 2481 :
843 2425 1042 2489 Venite,
1065 2423 1519 2478 benedictiPatris
1544 2426 1662 2488 mei,
1697 2435 1858 2479 estote
1897 2425 2124 2480 hwredes

554 2519 702 2590 regni
731 2518 871 2573 vobis
893 2517 1070 2586 parati
1097 2525 1218 2570 ante
1247 2516 1667 2570 constitutionem
1699 2515 1883 2569 mundi
1915 2518 1979 2569 ἰ.
2003 2515 2122 2583 Quo

556 2629 660 2669 nos
691 2627 910 2683 quoque
954 2610 1103 2680 digni
1153 2617 1488 2679 reputemur,
1520 2607 1575 2662 in
1628 2607 1849 2664 Christo
1894 2609 2123 2664 Domino

555 2710 749 2762 nostro
777 2703 865 2758 cui
897 2701 1072 2774 gloria
1123 2699 1178 2755 in
1235 2700 1435 2756 saecula
1477 2699 1824 2756 saeculorum.
1861 2700 2054 2755 Amen.

1149 2859 1435 2918 HOMILIA
1470 2859 1558 2918 Ill.

627 2957 754 3013 Cn.
788 2957 900 3025 ιδ.
920 2954 973 3009 9.
1007 2953 1290 3024 Equitatui
1310 2969 1423 3007 meo
1458 2953 1511 3006 in
1551 2954 1794 3008 curribus
1831 2953 2133 3012 Pharaonis

559 3047 853 3102 assimilavi
873 3055 937 3108 te,
959 3045 1253 3114 propinqua
1275 3060 1409 3098 mea.
1433 3043 1521 3098 10.
1540 3043 1711 3109 Quam
1729 3045 1960 3112 pulchra:
1979 3047 2136 3115 [actae

561 3149 685 3193 sunt
710 3154 852 3208 gena:
880 3147 983 3190 tute
1003 3137 1140 3189 sicut
1163 3137 1406 3198 turturis,
1424 3136 1616 3189 collum
1647 3139 1936 3191 tuuntsicut
1965 3142 2136 3195 moni-

562 3228 658 3281 lia.
683 3228 768 3280 ll.
790 3226 1181 3282 Similitudines
1204 3227 1325 3280 auri
1343 3227 1597 3294 faciemus
1619 3227 1713 3281 tibi
1738 3245 1855 3282 cum
1879 3232 2018 3286 notis
2050 3249 2139 3286 ar-

568 3320 730 3389 genti.
776 3318 863 3371 12.
897 3317 1074 3371 Donec
1103 3332 1196 3371 rex
1249 3318 1304 3371 in
1333 3319 1576 3371 accubitu
1613 3335 1731 3384 suo,
1781 3327 1981 3377 πατάνια
2023 3341 2138 3378 mea

562 3409 708 3463 dedit
739 3409 948 3464 odorem
981 3425 1156 3462 suum.
1180 3410 1267 3464 15.
1293 3408 1609 3465 Fasciculus
1627 3412 1854 3482 myrrhae
1882 3417 2137 3483 patruelis

565 3519 709 3556 meus
738 3503 866 3556 mihi
897 3503 950 3556 in
984 3501 1154 3556 medio
1183 3502 1402 3557 uberum
1437 3520 1669 3558 meorum
1701 3509 2131 3565 commorabitur.

563 3591 762 3646 Botrus
795 3591 958 3664 Cypri
984 3593 1240 3662 patruelis
1272 3610 1416 3648 meus
1448 3595 1502 3648 in
1536 3596 1697 3651 vineis
1741 3596 2009 3669 Engaddi.

639 3774 988 3845 Quaecunque
1018 3782 1144 3829 ante
1169 3790 1232 3830 ea
1265 3791 1386 3845 quae
1419 3792 1564 3830 nunc
1598 3777 1736 3831 lecta
1770 3789 1897 3833 sunt
1927 3779 1982 3834 in
2012 3795 2140 3851 pro-

567 3864 748 3918 mutuis
814 3863 1024 3918 Cantici
1075 3865 1452 3932 canticorum,
1517 3865 1771 3920 similiter
1831 3883 1890 3923 se
1938 3869 2140 3924 habent

568 3967 733 4027 atque
755 3955 1015 4025 splendor
1039 3956 1132 4024 qui
1161 3971 1320 4010 mane
1349 3957 1527 4010 oritur
1556 3967 1678 4027 post
1709 3958 2140 4031 noctem.Neque

565 4047 711 4101 enim
750 4046 841 4100 ille
877 4053 960 4102 est
996 4046 1089 4100 lux
1121 4061 1280 4117 pura,
1327 4047 1421 4102 sed
1468 4049 1608 4104 lucis
1647 4052 1973 4118 prooemium
2011 4071 2024 4106 :
2075 4069 2138 4108 ea

2212 426 2292 487 εἰς
2333 423 2484 476 οὐδὲν
2529 419 2636 473 τῶν
2672 417 2962 486 περιγείων
2993 415 3096 482 τὸν,
3118 413 3371 484 ὀφθαλμὸν
3415 414 3693 484 ἁσχολήσεις.

2212 513 2278 565 Τί
2298 511 2455 564 τοῦτο
2480 508 2622 576 λέγω
2645 525 2659 572 ;
2699 505 2836 558 Ἀλλ’
2865 503 3018 557 οὐδὲν
3047 503 3075 554 ὁ
3101 499 3314 570 οὐρανός
3347 515 3420 551 σοι
3449 499 3700 568 θαυμαστὸς

2212 602 2612 673 νομισθήσεται.
2655 597 2779 659 Πῶς
2831 596 2938 666 γὰρ
2990 589 3276 662 θαυμάζεις
3313 590 3427 652 τοὺς
3473 590 3699 660 οὐρανοὺς,

2212 689 2258 748 ὧ
2285 692 2558 761 ἄνθρωπε,
2588 688 2778 741 ἑαυτὸν
2806 685 3015 757 βλέπων
3051 683 3158 736 τῶν
3194 679 3420 752 οὐρανῶν
3459 678 3706 749 μονιμώτεο

2219 801 2346 857 ρον;
2397 783 2447 834 οἱ
2497 781 2594 852 μὲν
2633 780 2742 849 γὰρ
2786 776 3179 847 παρέρχονται,
3219 772 3280 822 σὺ
3325 769 3378 822 δὲ
3415 767 3486 838 τῷ
3521 768 3595 821 ἀεὶ
3623 769 3712 821 δντι

2217 856 2584 943 συνδιαμένεις
2629 869 2766 940 πρὸς
2812 866 2873 919 τὸ
2921 864 3106 918 ἀΐδιον.
3141 861 3212 913 Ub
3255 857 3529 927 θαυμάσεις
3547 856 3718 943 ⁸πλάτη

2214 964 2338 1033 γῆς,
2369 939 2490 1014 ούδὲ
2515 939 2723 1026 πελάγη
2752 954 2886 1026 πρὸς
2923 952 3144 1022 ἄπειρον
3184 946 3514 1016 ὲκτεταμένα,
3541 939 3603 997 ὧν
3627 945 3721 995 ὲπιο

2218 1055 2430 1108 στατεῖν
2491 1048 2744 1118 ἐτάχθης,
2805 1045 2989 1114 ὥσπερ
3040 1041 3184 1104 τινὸς
3242 1037 3506 1106 ξυνωρίδος
3566 1034 3722 1086 sublimo

2215 1146 2428 1216 ⁴ἡνίοχος
2475 1140 2700 1210 εὐπειθῆ
2752 1136 2888 1210 πρὸς
2935 1134 2995 1187 τὸ
3041 1130 3226 1188 δοκοῦν
3270 1129 3397 1198 ἔχων
3427 1127 3487 1180 τὰ
3531 1128 3726 1192 στοιχεῖα

2217 1215 2388 1291 ταῦτα
2417 1234 2508 1288 καὶ
2533 1229 2842 1296 ύπεξούσια.
2865 1228 2939 1278 ’Ἡ
2971 1242 3029 1277 τε
3055 1223 3165 1293 γὰρ
3195 1222 3264 1290 γῆ
3289 1238 3366 1272 σοι
3399 1219 3520 1288 πρὸς
3548 1217 3631 1277 τὰς
3653 1215 3728 1266 τοῦ

2221 1327 2334 1398 βίου
2361 1324 2550 1396 χρείας
2579 1321 2949 1391 ύπηρετεῖται,
2978 1314 3071 1367 καὶ
3098 1315 3130 1382 ὴ
3173 1311 3406 1364 Θάλασσα
3427 1307 3644 1375 καθάπερ
3667 1322 3730 1365 τις

2221 1420 2397 1483 πῶλος
2422 1418 2635 1487 εὐήνιος
2659 1413 2848 1482 ὑπέχει
2875 1426 2957 1462 σοι
2980 1407 3046 1461 τὰ
3075 1406 3236 1467 νῶτα,
3260 1403 3348 1455 καὶ
3373 1399 3606 1466 ὲπιδάτην
3628 1399 3730 1449 ὲαυ-

2220 1513 2317 1582 τῆς
2345 1510 2432 1564 τὸν
2461 1509 2742 1578 ἄνθρωπον
2781 1502 3012 1571 δέχεται.
3058 1498 3183 1550 Ἐὰν
3229 1490 3320 1548 οὖν
3351 1491 3485 1561 γνῷς
3525 1489 3733 1582 σεαυτὴν,

2223 1578 2428 1674 ὴ-καλὴ
2461 1603 2516 1654 ἐν
2555 1595 2816 1668 γυναιξὶν,
2866 1589 3293 1674 ύπερφρονήᾷσεις
3332 1583 3518 1643 παντὸς
3552 1580 3655 1674 τοῦ-
3671 1578 3738 1630 κό-

2153 1673 2195 1728 B
2226 1662 2382 1763 σμου,
2413 1662 2504 1744 καὶ
2553 1662 2690 1758 πρὸς
2727 1685 2787 1737 τὸ
2831 1681 2989 1737 ἀῦλον
3029 1662 3230 1746 ἀγαθδν
3276 1669 3546 1732 διαπαντὸς
3571 1667 3738 1737 ὁρῶσα,

2219 1783 2464 1855 περιόψει
2495 1779 2599 1833 τῶν
2625 1775 2765 1832 κατά
2788 1774 2879 1828 τὸν
2902 1772 3014 1843 βίον
3043 1770 3230 1823 τοῦτον
3256 1764 3410 1836 ἰχνῶν
3437 1761 3528 1831 τὴν
3551 1759 3738 1821 πλάνην.

2221 1848 2427 1930 ΟύΙκοῦνν
2459 1873 2546 1927 ἀεὶ
2583 1871 2814 1942 πρόσεχε
2853 1866 3076 1933 σεαυτῇ,
3121 1862 3220 1915 καὶ
3259 1857 3319 1911 οὐ
3359 1855 3431 1926 μὴ
3474 1848 3745 1942 πλανηθὴση

2221 1967 2349 2037 περὶ
2375 1964 2470 2035 τὴν
2492 1961 2598 2016 τῶν
2632 1941 2832 2031 ἐρίφων
2863 1955 3064 2024 ἀγέλην
3083 1969 3100 1984 ο
3140 1949 3264 2004 οὐδὲ
3306 1946 3482 2037 ἔριφος
3504 1941 3745 2037 ἀντίμπρρ-

2219 2027 2386 2110 ϐάτου
2411 2027 2468 2106 έν
2493 2051 2570 2122 τῷ
2598 2027 2773 2120 καιρῷ
2795 2047 2890 2116 τῆς
2913 2044 3145 2115 κρίσεως
3170 2035 3526 2105 ἐπιδειχθήσῃ,
3547 2029 3652 2084 οὐδὲ

2221 2149 2285 2200 ἐκ
2328 2145 2514 2211 δεξιῶν
2543 2116 2816 2210 ’καθέδρας
2860 2132 3234 2205 ἀφορισθήσῃ·
3283 2127 3391 2180 ἀλλ’
3445 2122 3630 2190 ἀκούσῃ

2220 2206 2475 2308 γλυκείας
2520 2206 2733 2301 φωνῆς,
2759 2229 2794 2297 ῆ
2841 2242 2969 2297 φησι
3013 2221 3152 2293 πρὸς
3196 2219 3265 2272 τὰ
3311 2213 3554 2308 έριοᾼφόρα
3587 2225 3640 2308 τε
3671 2206 3749 2308 ’καὶ

2221 2298 2403 2400 ῆμερα
2428 2298 2692 2395 πρόδατα,
2724 2321 2804 2372 ὅτι
2837 2316 3032 2380 Δεῦτε,
3053 2317 3104 2368 οί
3129 2306 3518 2378 εὐλογημένοι
3547 2298 3752 2400 τοῦ¹Παο

2427 2386 2575 2486 μου,
2633 2409 3126 2480 κληρονομήσατε
3191 2400 3306 2468 τὴν
3360 2386 3754 2490 ἡτοιμασμένην

2389 2473 2714 2576 βασιλείαν
2738 2473 2871 2556 "uno
2892 2473 3255 2562 ’καταϐολῆς
3295 2490 3544 2582 κόσμου,
3560 2478 3654 2582 Ἷίς
3684 2473 3757 2577 καὶ

2227 2573 2403 2675 ἡμεῖς⁷
2439 2595 2825 2666 ἀξιωθείημεν·
2874 2594 2930 2644 ὲν
2977 2585 3206 2660 Χριστῷ
3259 2579 3430 2675 Ἰησοῦ
3483 2575 3556 2675 τῷ
3604 2573 3758 2675 ξυρὶῳ

2235 2661 2409 2767 {gibt},
2438 2661 2708 2761 (Il'ﬁpé‘ltst
2739 2688 2773 2755 ἡ
2807 2683 2932 2748 δόξα
2961 2683 3039 2744 εἰς
3066 2678 3199 2742 τοὺς
3227 2669 3425 2734 αἰῶνας
3445 2667 3545 2720 τῶν
3569 2661 3757 2716 αἰώνων.

2149 2795 2192 2852 c
2237 2786 2432 2857 Ἀμήνο

2841 2870 3083 2926 ΟΜΙΛΙΑ
3117 2867 3205 2924 Γ’.

2330 2969 2409 3039 Τῇ
2460 2970 2620 3031 ἵππῳ
2671 2965 2739 3018 ἐν
2786 2961 3006 3031 ἅρμασι
3059 2958 3277 3027 Φαραὼ
3335 2943 3595 3022 ὡμοίωσά
3633 2935 3762 3039 cati

2237 3033 2502 3131 πλησίον
2523 3076 2658 3129 μου.
2698 3057 2758 3110 Τί
2783 3053 3176 3124 ὠραιώθησαν
3203 3051 3262 3100 αἱ
3288 3045 3558 3114 σιαγόνες
3582 3052 3682 3131 σου
3707 3033 3770 3095 ὼς

2236 3127 2536 3222 τρυγόνες,
2560 3147 2859 3217 τράχηλος
2880 3159 2995 3198 σου
3019 3142 3098 3206 ὡς
3122 3140 3426 3208 όρμίσκοι.
3457 3127 3770 3222 Ὀμοιώματα

2237 3242 2343 3298 τοῦ
2380 3240 2636 3312 χρυσίου
2672 3234 3000 3304 ποιήσομέν
3023 3248 3121 3287 σοι
3158 3228 3312 3300 μετὰ
3346 3222 3664 3295 στιγμάτων
3691 3213 3773 3269 τοῦ

2237 3308 2541 3404 ἀργυρίου.
2566 3333 2714 3396 Ἕως
2741 3324 2813 3384 οὗ
2855 3330 2888 3381 ό
2919 3322 3232 3390 βασιλεὺς
3269 3321 3337 3374 ἐν
3367 3314 3664 3372 ἀνακλίσει
3690 3308 3772 3360 αὑο

2239 3425 2366 3490 τοῦ,
2386 3423 2605 3492 νάρδος
2614 3439 2732 3491 μου
2750 3419 2969 3473 ἔδωκεν
2984 3413 3194 3484 ὀσμὴν
3212 3410 3421 3468 αὐτοῦ.
3457 3411 3511 3462 Ἀ
3520 3404 3777 3492 πόδεσμςς

2239 3486 2504 3582 στακτῆς
2541 3486 2859 3580 ἀδελφιδός
2887 3525 3005 3576 μου
3031 3505 3169 3574 ἐμοὶ
3213 3505 3332 3558 ἀνὰ
3360 3500 3548 3571 μέσον
3568 3486 3776 3564 μαστῶν

2233 3625 2351 3676 μου
2384 3603 2836 3670 αὑλισθήσεται.
2885 3599 3108 3666 Βότρυς
3149 3595 3266 3664 τῆς
3306 3593 3546 3660 Κύπρου
3577 3585 3780 3649 (ibe/15::-

2237 3697 2344 3763 δός
2365 3713 2484 3766 μου
2506 3693 2655 3764 ἐμοὶ,
2682 3693 2750 3745 ἐν
2783 3687 3134 3759 ἀμπελῶσιν
3180 3682 3510 3754 Ἐτγαδδεί.

2311 3789 2451 3842 Ὅσα
2479 3786 2583 3858 πρὸ
2606 3785 2704 3855 τῆς
2736 3781 3012 3854 παρούσης
3043 3777 3418 3847 ἀναγνώσεως
3464 3773 3520 3825 ὲν
3546 3770 3650 3831 τοῖς
3672 3778 3781 3858 προ-

2239 3878 2436 3949 οιμίοις
2467 3857 2559 3931 τού
2592 3875 2867 3948 ’ᾼσματος
2904 3872 3009 3925 τῶν
3063 3871 3332 3942 ᾀσμάτων
3375 3868 3503 3936 ἡμῖν
3536 3857 3782 3949 τεθεώρηέ

2240 3947 2348 4034 ται,
2377 3969 2576 4040 ὁμοίως
2606 3947 2717 4038 ἔχει
2745 3968 2815 4037 τῇ
2841 3962 3101 4034 γινομένῃ
3150 3961 3299 4032 μετά
3348 3960 3449 4031 τὴν
3495 3955 3656 4010 νύκτα
3679 3947 3784 4016 περὶ

2241 4060 2330 4113 τόν
2371 4059 2562 4131 ὅρθρον
2609 4060 2770 4129 αὐγῇ.
2819 4054 2955 4109 Οὔτε
2987 4055 3096 4128 γὰρ
3153 4054 3345 4124 ἐκείνη
3397 4048 3629 4120 καθαρὸν
3673 4043 3782 4131 φῶς.

564 4151 784 4206 quoque
807 4151 930 4207 qua:
957 4137 1100 4191 dicta
1131 4145 1280 4202 sunt,
1323 4144 1451 4192 sunt
1498 4138 1836 4208 hujusmodi,
1872 4151 1928 4195 ut.
1976 4143 2126 4200 nobi

2239 4149 2371 4202 ἀλλά
2406 4130 2582 4217 φωτός
2609 4149 2724 4200 ὲστι
2759 4144 3039 4219 προοίμιον
3060 4184 3075 4207 ,
3105 4145 3206 4198 καὶ
3235 4143 3310 4197 τὰ
3339 4140 3602 4215 εἰρημένα
3631 4130 3786 4188 τοιαῦ-

565 4227 873 4298 signiﬂcent
908 4238 1157 4282 exortum
1213 4243 1358 4282 verat
1407 4228 1566 4292 lucis,
1602 4244 1712 4284 non
1763 4238 1944 4286 tamen
1990 4233 2045 4288 in
2079 4249 2139 4291 se

567 4317 804 4373 habeant
829 4317 1005 4387 ipsum
1035 4315 1222 4371 orbem
1249 4316 1382 4370 solis
1414 4317 1560 4371 clare
1589 4329 1964 4388 apparentem.
1999 4321 2134 4376 Nam

567 4410 623 4464 in
656 4409 766 4464 illis
796 4409 1013 4479 quidem
1043 4408 1285 4478 loquitur
1313 4423 1537 4479 sponsa,
1563 4418 1618 4465 et
1648 4412 1834 4476 amici,
1862 4421 1916 4467 et
1951 4413 2138 4468 adole-

566 4500 828 4554 scentulze
855 4515 869 4553 :
911 4513 1056 4552 nunc
1085 4507 1264 4551 autem
1304 4512 1404 4551 vox
1436 4498 1607 4568 ipsius
1639 4502 1852 4569 sponsi,
1879 4509 2137 4572 tanquam

568 4591 718 4644 orbis
793 4590 926 4646 solis
1005 4589 1225 4650 oritur,
1301 4588 1580 4643 radiorum
1649 4590 1940 4661 splendore
2014 4595 2140 4649 abs-

569 4679 814 4733 condens
851 4692 1067 4734 omnem
1137 4676 1480 4746 splendorem
1517 4687 1790 4733 astrorum
1835 4696 1956 4750 quae
1989 4684 2138 4750 prius

571 4771 921 4842 apparebant,
953 4776 1007 4824 et
1049 4767 1302 4821 matutini
1334 4768 1476 4837 quod
1510 4770 1786 4825 illuxerat.
1826 4773 1917 4825 llla
1958 4782 2136 4827 autem

569 4863 754 4918 omnia
784 4860 892 4914 vim
924 4857 1212 4929 quamdam
1241 4858 1442 4913 habent
1474 4861 1860 4931 purgationum
1884 4869 1938 4916 et
1961 4877 2141 4932 asper-

572 4958 811 5021 sionum,
873 4972 970 5027 per
1019 4971 1158 5026 quas
1197 4958 1409 5026 expiata
1445 4958 1627 5013 anima
1663 4968 1888 5028 paratur
1934 4960 2000 5014 ad
2053 4975 2138 5015 res

571 5046 788 5100 divinas
817 5045 1170 5116 excipiendas
1198 5064 1211 5100 :
1245 5047 1390 5116 quod
1423 5056 1602 5103 autem
1630 5063 1778 5104 nunc
1808 5049 2029 5112 dicitur,
2055 5057 2139 5104 est

573 5139 925 5209 participatio
959 5136 1132 5208 ipsius
1163 5139 1488 5205 divinitatis,
1517 5140 1637 5211 ipso
1685 5140 1796 5197 Deo
1823 5140 2002 5197 Verbo
2043 5157 2138 5210 per

572 5229 846 5300 propriam
866 5243 1053 5284 vocem
1078 5230 1420 5300 impertiente
1455 5231 1693 5286 auditori
1725 5240 2048 5302 potestatem
2082 5232 2135 5286 in

569 5335 732 5391 quam
749 5336 854 5376 non
876 5321 1022 5375 cadit
1045 5322 1321 5378 interitus.
1347 5323 1414 5377 Et
1437 5325 1711 5394 quomodo
1728 5325 1780 5378 in
1808 5332 1991 5379 monte
2008 5322 2138 5378 Sina

458 5496 461 5497 ν
569 5411 981 5483 purgationibus
1011 5412 1162 5483 prius
1198 5422 1425 5484 paratus
1452 5412 1618 5470 Israel
1670 5414 1884 5470 duobus
1923 5415 2134 5480 diebus,

641 5586 687 5618 "
711 5585 886 5643 Levit.
915 5603 1062 5656 τινι,
1101 5589 1185 5644 12.
1262 5592 1305 5622 ἰ
1329 5589 1520 5645 Matth.
1558 5607 1684 5647 xxv.
1719 5591 1804 5645 56.

2239 4256 2326 4303 τα,
2373 4239 2448 4301 ὡς
2486 4238 2584 4309 τὴν
2608 4235 2869 4306 ἀνατολὴν
2914 4235 3013 4305 μὲν
3059 4237 3196 4305 ἡμῖν
3230 4234 3331 4288 τοῦ
3364 4230 3612 4304 ἀληθινοῦ
3652 4243 3787 4280 uasa-

2242 4330 2465 4399 μηνύειν
2513 4327 2688 4396 φωτὸς
2708 4365 2723 4391 ν
2771 4328 2829 4380 ού
2873 4328 2980 4398 μὴν
3024 4328 3082 4380 ὲν
3112 4328 3340 4391 ἑαυτοῖς
3369 4326 3514 4397 ἔχειν
3542 4321 3686 4379 αὑτὸν
3709 4315 3784 4372 τοῦ

2239 4419 2389 4490 ἡλίου
2419 4417 2509 4471 τὸν
2539 4416 2738 4470 κύκλον
2764 4416 3049 4487 τηλαυγῶς
3084 4417 3554 4487 προφαινόμενον.
3584 4414 3662 4466 Ἐν
3675 4407 3786 4461 ὲκεί-

2239 4527 2349 4573 νοις
2384 4509 2480 4578 μὲν
2512 4508 2618 4578 γὰρ
2647 4509 2680 4577 ἡ
2709 4507 2895 4578 νύμφη
2929 4507 3259 4576 φθέγγεται.
3316 4508 3416 4562 καὶ
3446 4507 3497 4560 oi
3529 4503 3676 4574 φίλοι,
3711 4494 3783 4550 καὶ

2239 4602 2295 4653 αί
2327 4598 2562 4662 νεάνιδες
2584 4615 2597 4628 '
2633 4596 2728 4649 νῦν
2764 4597 2820 4650 δὲ
2849 4597 3014 4651 αὑτοῦ
3050 4596 3145 4649 τοῦ
3180 4598 3428 4668 νυμφίου
3461 4595 3626 4666 φωνὴ,
3653 4586 3784 4644 καθά-

2239 4706 2345 4758 περ
2373 4707 2454 4752 τις
2489 4687 2683 4751 κύκλος
2713 4687 2932 4758 ἡλιακδς
2963 4689 3276 4752 ἀνατέλλει,
3310 4689 3669 4760 ἀποκρύπτων
3690 4679 3781 4738 ταῖς

2238 4780 2346 4832 τῶν
2391 4780 2622 4832 ἀκτίνων
2665 4781 2859 4847 αύγαίς
2907 4780 3085 4834 πᾶσαν
3132 4781 3252 4834 τῶν
3321 4799 3384 4834 τε
3449 4776 3781 4850 προφανέντων

2239 4870 2504 4941 ἀστέρων,
2540 4871 2633 4923 καὶ
2665 4870 2757 4922 τού
2797 4870 3216 4938 ὑπαυγάσαντος
3245 4871 3454 4944 ὄρθρου
3486 4871 3580 4942 τὴν
3609 4871 3780 4934 λαμπη-

2239 4961 2383 5016 δόνα.
2435 4961 2679 5016 Κάκεῖνα
2711 4961 2808 5032 μὲν
2836 4961 3010 5017 πάντα
3041 4961 3373 5035 καθαρσίων
3415 4963 3579 5018 τινῶν
3613 4959 3690 5013 καὶ
3711 4968 3783 5004 πε·

2244 5052 2638 5125 ριρραντηρίων
2683 5052 2910 5123 δύναμιν
2943 5053 3083 5123 ἔχει,
3132 5053 3206 5106 δι’
3241 5047 3322 5108 ὧν
3359 5050 3727 5124 ἀφαγνισθεῖσα
3760 5041 3789 5109 ἡ

2238 5145 2382 5217 ψυχὴ
2412 5146 2547 5217 πρὸς
2575 5146 2674 5217 τὴν
2703 5146 2965 5218 ὑποδοχὴν
2989 5146 3092 5200 τῶν
3113 5146 3288 5201 θείων
3317 5140 3792 5219 παρασκευάζεται·

2239 5237 2268 5288 ὁ
2296 5236 2352 5290 δὲ
2380 5235 2475 5290 νῦν
2503 5235 2679 5304 λόγος,
2723 5236 2892 5308 αὐτῆς
2934 5239 3033 5309 τῆς
3081 5237 3352 5310 θεόητὸς
3384 5242 3503 5292 ἐστι
3551 5227 3793 5307 μετουσία.

2239 5326 2332 5380 τοῦ
2361 5327 2495 5382 Θεοῦ
2525 5329 2696 5397 Λόγου
2716 5328 2804 5384 διὰ
2833 5329 2933 5398 τῆς
2965 5330 3096 5393 ίδίας
3126 5332 3324 5402 φωνῆς
3357 5329 3712 5402 μεταδιδόντος
3734 5316 3799 5385 τῷ

2241 5419 2489 5474 ἀκούοντι
2509 5423 2609 5492 τῆς
2641 5421 2920 5493 ἀκηράτου
2941 5422 3230 5493 δυνάμεως
3255 5424 3362 5495 τὴν
3383 5419 3676 5477 κοινωνίαν.
3706 5407 3798 5464 Καὶ
