3928 6196
171 316 252 371 809
1189 316 1254 371 IN
1284 317 1579 375 CANTICA
1617 317 1886 374 CANTIC.
1916 319 2196 378 IIOMILIA
2236 323 2318 378 ill.

3269 331 3375 388 810

168 431 330 501 ὥσπερ
356 427 442 481 ἐπὶ
471 428 562 482 τοῦ
596 430 726 486 Σινᾶ
759 435 1340 505 προπαρασκευασθεὶς
1365 440 1474 502 τοῖς
1501 439 1696 510 καθαρ-

1809 443 1971 498 tertio
2011 443 2205 516 dignus
2231 451 2505 511 censetur,
2550 458 2762 501 summo
2801 461 2978 512 mane,
3021 456 3080 502 ut
3126 449 3174 503 ei
3231 448 3374 506 Deus

169 520 280 580 σίοις
320 519 347 570 6
402 517 608 589 Ἰσραὴλ
643 521 700 572 ὲν
727 520 965 592 ἡμέραις
1011 523 1124 588 δύο,
1159 528 1226 596 τῇ
1259 525 1418 598 τρίτῃ
1450 528 1588 581 κατά
1613 528 1703 580 τὸν

163 607 330 680 ὄρθρον
374 608 616 674 ἀξιοῦται
661 609 762 680 τῆς
801 610 1155 682 θεοφανείας,
1203 617 1384 670 οὐκέτι
1436 619 1563 688 περὶ
1606 618 1705 689 τὴν

162 697 328 748 πλύσιν
353 697 455 748 τῶν
485 696 714 766 ἱματίων
757 693 984 768 ἄσχολος
1033 702 1142 765 ὢν,
1190 704 1306 756 ἀλλ’
1352 705 1513 758 αὑτὸν
1557 705 1704 774 δεχό-

165 802 298 855 μενος
339 784 590 854 ἐμφανῶς
621 785 711 839 τὸν
743 785 876 843 Θεὸν
898 827 913 853 ,
967 782 1028 842 οὗ
1082 790 1240 860 χάριν
1279 791 1372 844 τὸν
1398 792 1497 861 τῆς
1529 791 1705 862 ψυχῆς

162 877 303 947 ῥύπον
328 875 411 928 διά
443 875 550 928 τῶν
582 876 962 946 προλαϐόντων
995 880 1304 950 καθαρσίων
1333 881 1697 937 ἀπεπλύνατο·

160 969 274 1020 οὕτω
311 968 399 1020 καὶ
443 967 538 1021 νῦν
566 971 598 1038 ἡ
630 969 690 1021 ὲν
733 972 846 1031 τοῖς
875 970 1114 1039 φθάσασι
1151 972 1328 1040 λόγοις
1362 975 1698 1046 γεγενημένη

157 1055 557 1129 τῶνπροοιμίων
585 1060 680 1112 τοῦ
720 1061 996 1132 ’ᾼσματος
1023 1063 1226 1134 Θεωρία
1255 1065 1398 1118 κατά
1431 1065 1530 1130 τὰς
1565 1083 1698 1136 προ-

158 1150 389 1213 λαόούσας
421 1149 515 1202 δύο
563 1150 798 1222 ἡμέρας,
845 1152 1098 1206 τοσοῦτον
1127 1155 1427 1224 ὠφέλησεν,
1458 1157 1582 1210 ὅσον
1610 1159 1701 1210 ἐκ·-

161 1241 327 1294 πλῦναι
362 1241 456 1294 καὶ
484 1241 790 1295 ἀποκλῦσαι
819 1243 914 1296 τοῦ
942 1227 1114 1315 ῥύπου
1148 1247 1245 1316 τῆς
1287 1246 1487 1317 σαρκὸς
1515 1247 1613 1316 τὴν
1643 1249 1699 1300 ὲν

154 1335 243 1396 τοῖς
265 1332 569 1402 λεγομένοις
598 1332 854 1388 διάνοιαν.
889 1335 1060 1399 Αὐτὸς
1091 1337 1148 1390 δὲ
1173 1339 1200 1390 6
1233 1337 1365 1401 Θεὸς
1391 1339 1560 1406 Λόγος
1605 1339 1699 1407 σή-

158 1443 310 1496 μερον,
332 1427 452 1494 ἥτις
476 1425 591 1478 ἐστὶ
613 1426 789 1496 τρίτη,
813 1429 951 1497 μετὰ
984 1428 1080 1498 τὴν
1099 1428 1320 1500 πρώτην
1340 1446 1398 1482 τε
1417 1431 1510 1482 καὶ
1527 1429 1701 1482 δευτέδ

157 1536 234 1588 ραν
268 1517 548 1587 κάθαρσιν,
581 1519 993 1588 ἐπιφανήσεται,
1021 1520 1080 1572 ού
1115 1519 1318 1590 γνόφῳ.
1353 1519 1445 1574 καὶ
1480 1519 1695 1590 θυέλλῃ,

155 1607 228 1658 καὶ
245 1607 535 1674 σάλπιγγος
557 1607 696 1676 ἢχῳ,
720 1606 813 1658 καὶ
835 1607 969 1678 πυρὶ
986 1608 1115 1676 φοὸε
1125 1609 1232 1678 ρῶς
1251 1609 1315 1662 ὲκ
1333 1607 1604 1678 πυθμένος
1619 1609 1698 1671 είς

151 1698 428 1768 ἀκρώρειαν
456 1696 551 1749 τοῦ
581 1697 739 1768 ὅρους
778 1696 874 1766 τὴν
905 1700 1161 1770 περιοχὴν
1194 1699 1565 1770 διασμύχοντι,
1597 1716 1698 1767 φα-

1805 543 2082 602 appareat,
2117 551 2224 590 non
2259 535 2494 605 amplius
2517 544 2814 605 occupatus
2837 537 2892 591 in
2928 537 3174 594 lavandis
3203 541 3373 595 vesti-

1804 625 1926 688 bus,
1972 626 2067 682 sed
2113 627 2290 696 ipsum
2343 626 2510 682 Dcum
2543 635 2732 696 aperte
2778 629 3105 697 suscipiens,
3155 642 3374 700 propter

1803 715 1946 785 quod
1979 717 2175 772 animas
2203 719 2393 773 sordes
2423 733 2518 788 per
2550 719 2916 788 przecedentcs
2967 719 3213 774 abluerat
3244 737 3374 790 pur-

1802 808 2048 878 gationes
2071 827 2086 865 :
2107 809 2177 863 ita
2203 811 2366 864 etiam
2392 825 2559 875 nunc,
2588 825 2708 879 quae
2739 810 2794 863 in
2819 810 2885 864 iis
2909 825 3029 880 quae
3052 811 3204 880 prius
3230 811 3373 868 dicta

1804 904 1932 952 sunt
1974 897 2075 951 fuit
2123 899 2510 968 contemplatio
2539 901 2927 969 protemiorum
2961 900 3174 956 Cantici
3203 902 3371 955 canti-

1802 1003 2018 1054 corum,
2047 989 2262 1045 duobus
2284 991 2478 1047 diebus
2512 991 2948 1062 praecedentibus
2975 999 3221 1047 :tantum
3249 1005 3374 1062 pro-

1803 1075 1906 1129 fuit
1955 1084 2015 1130 ut
2061 1078 2307 1132 ablueret
2349 1087 2404 1134 et
2453 1081 2774 1134 elnundaret
2821 1096 2849 1134 a
2888 1079 3145 1136 sordibus
3189 1079 3374 1135 carnis

1803 1179 2023 1220 sensum
2057 1167 2154 1236 qui
2201 1173 2286 1222 est
2331 1167 2386 1220 in
2435 1167 2502 1222 iis
2537 1183 2656 1237 quze
2707 1167 2981 1222 dicuntur.
3022 1167 3145 1238 Ipse
3191 1175 3369 1223 autem

1804 1255 1944 1312 Deus
1973 1258 2206 1312 Verbum
2236 1260 2416 1325 hodie,
2462 1262 2554 1329 qui
2597 1267 2680 1314 est
2722 1259 2838 1314 dies
2877 1261 3093 1326 tertius,
3143 1274 3370 1330 appare-

1802 1347 1882 1401 bit
1904 1357 2027 1418 post
2056 1350 2287 1419 primam
2313 1361 2366 1406 et
2401 1353 2700 1407 sec-undam
2738 1356 3138 1423 purgationem,
3169 1367 3278 1406 non
3315 1351 3370 1405 in

1801 1439 2033 1509 caligine
2065 1448 2119 1494 et
2149 1442 2411 1510 procella,
2443 1453 2497 1497 et
2537 1459 2672 1500 sono
2704 1445 2863 1509 tubae,
2899 1452 2952 1500 et
2985 1445 3213 1500 terribili
3246 1445 3371 1515 igne

1801 1543 1830 1582 a
1861 1531 2043 1585 radice
2075 1547 2245 1602 usque
2266 1534 2333 1588 ad
2357 1535 2613 1590 verticem
2644 1537 2842 1591 montis
2869 1537 3135 1590 ambitum
3161 1536 3370 1591 abster-

1799 1627 1980 1690 gente,
2008 1633 2250 1692 apertam
2293 1632 2347 1678 ct
2385 1626 2729 1682 manifestam
2765 1643 2918 1682 suam
2954 1629 3202 1698 praebens
3228 1643 3368 1698 prae-

1801 1711 2051 1778 sentiam,
2101 1714 2196 1770 sed
2237 1715 2518 1783 jucundus
2551 1725 2606 1772 et
2659 1718 2893 1774 affabilis
2932 1735 2994 1774 ex
3047 1720 3230 1789 specie
3276 1719 3368 1772 illa

123 1815 130 1826 ι
153 1792 283 1859 νεράν
308 1791 392 1842 καὶ
417 1789 676 1857 ἐπίδηλον
704 1787 896 1840 ἑαυτοῦ
924 1790 1020 1860 τὴν
1045 1792 1342 1862 παρουσίαν
1365 1791 1696 1862 ποιούμενος·

1805 1802 2031 1856 terribili
2064 1804 2130 1857 ad
2157 1818 2372 1873 sponsae
2397 1806 2640 1862 laetitiam
2673 1823 2732 1863 se
2774 1786 3153 1863 transmutans
3176 1815 3232 1863 et
3269 1822 3366 1862 ac-

151 1881 242 1933 ἁλλ’
263 1880 381 1951 ἡδὺς
400 1880 502 1932 καὶ
517 1879 861 1948 εὐπρόσιτος,
882 1880 945 1933 ὲκ
968 1881 1062 1934 τοῦ
1092 1881 1322 1953 φοϐεροῦ
1349 1883 1520 1946 εἴδους
1553 1881 1697 1935 ὲκεί-

153 1991 222 2026 νου
268 1974 394 2044 πρὸς
456 1975 560 2043 τὴν
615 1975 890 2046 νυμφικὴν
948 1974 1287 2045 εὐφροσύνην
1353 1973 1698 2044 μεθαρμοσά-

155 2081 296 2130 μενος.
341 2063 458 2132 Τῆς
505 2065 612 2134 γάρ
639 2065 857 2135 νύμφης
881 2065 1165 2136 δεηθείσης
1202 2065 1394 2134 μαθεῖν
1426 2065 1551 2126 τοὺς
1595 2063 1696 2132 τῆς

154 2152 477 2216 ἀναπαύσεως
506 2153 722 2216 τόπους.
759 2155 814 2205 ὲν
845 2149 928 2217 οίς
952 2155 980 2206 6
1005 2152 1207 2220 ἀγαθὸς
1237 2153 1440 2222 ποιμὴν
1466 2151 1560 2222 τὴν
1583 2151 1699 2204 δια-

151 2243 303 2312 τριεην
324 2243 408 2313 ἔχε
419 2261 458 2308 ι,
488 2243 627 2296 ὥστε
654 2245 726 2315 μή
755 2262 806 2298 τι
837 2244 977 2299 κατὰ
1005 2244 1226 2312 ἄγνοιαν
1253 2244 1362 2297 τῶν
1390 2243 1698 2314 ἀϐουλήτων

151 2333 336 2384 παθεῖν·
383 2329 515 2386 εἶτα
564 2334 673 2386 τῶν
718 2334 885 2403 φίλων
925 2335 988 2388 τὸ
1032 2336 1272 2404 ἀσφαλὲς
1317 2337 1414 2406 τῆς
1444 2335 1698 2406 ἀληθείας

148 2425 390 2493 κριτήριον
441 2427 911 2496 ὑφηγησαμένων,
965 2427 1027 2479 τὸ
1073 2428 1208 2498 πρὸς
1251 2429 1446 2498 ἑαυτὴν
1482 2427 1698 2496 βλέπειν

147 2515 222 2584 τὴν
244 2515 431 2588 ψυχὴν,
486 2519 583 2570 καὶ
627 2517 822 2589 ἑαυτὴν
855 2518 1158 2595 ,γινώσκειν
1192 2536 1206 2550 ο
1253 2519 1316 2572 τὸ
1362 2518 1470 2590 γάρ
1500 2518 1699 2588 ἑαυτὴν

144 2608 340 2672 ἀγνκῖν,
364 2610 549 2681 ἀρχὴν
578 2611 924 2681 ἀπεφήναντο
945 2611 1050 2664 ’καὶ
1072 2610 1392 2669 ἀκολουθίαν
1420 2606 1558 2663 εἷναι
1603 2607 1696 2662 τοῦ

147 2697 255 2764 μηδὲ
281 2698 402 2751 ἄλλο
439 2716 498 2752 τι
532 2699 638 2750 τῶν
671 2699 896 2752 δεόντων
930 2700 1147 2753 εἰδέναι.
1175 2699 1299 2762 Πῶς
1332 2698 1440 2769 γάρ
1478 2697 1544 2753 ἂν
1573 2699 1700 2754 ἄλλο

145 2803 186 2838 τι
212 2789 388 2856 μάθοι,
431 2789 633 2843 ἑαυτὸν
678 2791 919 2859 ἀγνοῶν;
964 2791 1086 2844 Ἐπὶ
1120 2790 1328 2853 τούτοις
1375 2790 1451 2854 ὡς
1503 2791 1698 2855 ἱκανῶς

143 2878 222 2949 ἤδη
245 2880 329 2932 τοῦ
359 2883 462 2951 ήγε
473 2879 697 2951 μόνικοῦ
726 2881 823 2950 τῆς
842 2879 1024 2949 ψυχῆς
1049 2878 1479 2950 κεκαθαρμένον,
1497 2880 1698 2931 ἐπανα-

142 2968 288 3021 τέλλει
316 2973 378 3041 τῇ
413 2968 665 3039 ποθούσῃ
692 2970 720 3021 6
759 2968 917 3036 λόγος
942 3006 958 3030 ,
990 2967 1302 3039 προτροπὴν
1334 2967 1470 3039 πρὸς
1513 2966 1574 3019 τὸ
1611 2965 1698 3018 τέ-

65 3077 68 3080 ·
140 3056 258 3111 λειον
298 3061 628 3130 ποιούμενος
672 3059 758 3113 διά
801 3059 900 3128 τῆς
946 3056 1213 3128 ἀποδοχῆς
1255 3056 1362 3110 τῶν
1391 3054 1690 3126 παρόντων.

149 3142 197 3193 ’0
220 3144 318 3216 γάρ
360 3146 456 3198 ἐπὶ
503 3147 616 3207 τοῖς
646 3144 1061 3216 κατορθώμασιν
1087 3143 1304 3208 ἔπαινος
1336 3142 1695 3216 σφοδροτέραν

138 3236 230 3298 τοῖς
265 3235 648 3308 κατορθώσασι
681 3235 778 3305 τὴν
822 3234 957 3306 πρὸς
1000 3233 1060 3287 τὸ
1109 3234 1353 3306 κρεῖττον
1391 3234 1709 3306 προθυμίαν,

138 3327 372 3399 ἐντίθησι.

195 3420 279 3485 Τίς
298 3419 389 3477 οὖν
415 3426 448 3478 ό
481 3422 635 3494 παρὰ
670 3420 762 3476 τοῦ
798 3421 1052 3494 ἀληθινοῦ
1081 3418 1257 3490 Λόγου
1298 3421 1535 3490 γεγονὼς
1565 3420 1697 3491 πρὸς

135 3514 215 3580 τὴν
246 3514 518 3584 παρθένον
555 3515 748 3582 λόγος;
799 3514 875 3582 Τῇ
910 3516 1070 3579 ἵππῳ
1091 3531 1234 3584 μου,
1267 3513 1450 3584 φησιν,
1485 3513 1556 3566 ἐν
1589 3512 1697 3579 ἄρ-

132 3621 259 3670 [tam
282 3605 502 3675 Φαραὼ
546 3606 823 3674 ὠμοίωσὰ
854 3621 948 3673 σε,
982 3606 1020 3673 ἡ
1068 3605 1336 3672 πλησίον
1361 3621 1500 3674 μου.
1557 3603 1695 3656 Ἀλλ’

138 3695 294 3766 ἐπειδὴ
343 3699 449 3750 οὐκ
501 3697 648 3750 ἔστιν
679 3700 743 3750 ἐκ
788 3697 882 3751 τοῦ
931 3697 1222 3768 προχείρου
1254 3695 1352 3766 τὴν
1398 3694 1506 3747 τῶν
1549 3698 1698 3766 είρη-

138 3786 287 3853 μένων
320 3789 609 3860 θεωρῆσαι
636 3789 891 3853 διάνοιαν,
917 3789 1166 3854 ἐξετάσαι
1197 3789 1463 3859 προσήκει
1487 3788 1555 3841 δι’
1581 3790 1698 3842 επι-

137 3877 350 3940 μελεὶας,
379 3875 572 3940 καθὼς
599 3877 664 3930 ἂν
689 3873 796 3930 οἷόν
822 3895 881 3930 τε
908 3873 962 3950 ᾗ,
998 3877 1059 3930 τὸ
1084 3877 1461 3947 προκείμενον.
1499 3876 1698 3948 Ἀλλην

133 3959 334 4035 δύναμιν
369 3968 474 4037 τὴν
506 3967 915 4036 ἀντιταχθεῖσαν
939 3970 1003 4039 τῇ
1039 3967 1188 4038 ἵππῳ
1215 3966 1308 4020 τοῦ
1323 3966 1522 4039 Φαραὼ
1549 3969 1698 4038 παρὰ

131 4055 210 4122 τῆς
233 4059 475 4128 ἱστορίας
502 4058 800 4128 ἐμάθομεν,
823 4059 1050 4129 νεφέλην
1079 4060 1172 4112 καὶ
1197 4058 1389 4130 ῥάϐδον
1409 4061 1503 4112 καὶ
1527 4058 1698 4129 βίαιον

134 4145 307 4216 ἄνεμον
340 4150 438 4201 καὶ
471 4147 709 4215 πέλαγος
733 4149 854 4219 διχῆ
882 4148 1280 4220 διαιρούμενον,
1315 4150 1406 4203 καὶ
1438 4149 1600 4219 βυθὸν
1639 4152 1698 4203 ἐν

131 4236 274 4299 κόνει,
311 4241 408 4292 καὶ
461 4240 562 4309 τὴν
614 4242 677 4292 ὲκ
720 4241 980 4310 κυμάτων
1020 4241 1372 4312 τειχοποιίαν,
1407 4243 1501 4296 καὶ
1526 4241 1697 4312 ξηρὰν

132 4327 362 4396 ἀΰυσσον,
392 4333 498 4403 τὴν
526 4333 615 4385 διὰ
644 4333 809 4402 μέσου
839 4333 946 4386 τῶν
970 4334 1029 4400 ἐξ
1060 4333 1248 4398 ὓδατος
1276 4336 1468 4404 πηγῶν
1487 4351 1696 4405 χερσω-

1799 1893 2172 1948 commodans.
2201 1894 2335 1949 Nam
2368 1911 2494 1951 cum
2521 1913 2721 1968 sponsa
2750 1899 3054 1968 rogavisset
3111 1906 3170 1952 ut
3203 1899 3372 1953 sciret

1800 1983 1916 2038 loca
1951 1985 2173 2054 quietis,
2212 1988 2264 2042 in
2295 1989 2496 2058 quibus
2541 1991 2717 2045 bonus
2758 2001 2948 2061 pastor
2976 2002 3251 2055 versatur,
3299 2005 3370 2045 ne

1799 2075 1930 2144 quid
1971 2090 2160 2146 eorum
2192 2092 2314 2147 qua:
2357 2079 2518 2134 nollet
2558 2080 2791 2150 amplius
2844 2082 2947 2151 ipsi
2981 2081 3195 2135 accidat
3243 2096 3368 2149 pro.

1800 2176 1918 2235 pter
1951 2165 2347 2236 ignorationem
2373 2209 2386 2234 ,
2416 2168 2612 2225 deinde
2643 2185 2767 2224 cum
2801 2171 2962 2226 amici
2993 2171 3042 2226 ei
3081 2171 3371 2241 exposuis-

1799 2265 1922 2310 sent
1977 2258 2101 2326 quis
2129 2257 2201 2312 sit
2230 2267 2412 2314 certus
2435 2260 2600 2329 judex
2630 2260 2899 2325 veritatis,
2927 2276 3121 2332 nempe
3147 2272 3206 2317 ut
3251 2263 3370 2317 ani-

1802 2361 1884 2398 nia
1912 2346 1979 2400 ad
2008 2348 2240 2416 seipsam
2280 2350 2532 2419 aspiciat,
2567 2358 2622 2406 ct
2658 2366 2717 2408 se
2741 2361 3040 2422 cognoscat
3071 2368 3084 2406 :
3131 2351 3366 2422 seipsam

1797 2437 1942 2490 enim
1991 2437 2262 2506 ignorare,
2315 2440 2740 2508 pronuntiarunt
2789 2456 2912 2497 esse
2945 2441 3270 2510 principium
3315 2450 3370 2495 ct

1797 2530 2248 2598 consequentiam
2283 2531 2565 2586 nesciendi
2595 2531 2814 2601 quidem
2847 2531 3055 2602 aliquid
3100 2532 3245 2587 aliud
3271 2546 3367 2588 eo-

1800 2633 1918 2671 rum
1966 2635 2089 2689 quaa
2135 2628 2390 2690 oportet;
2450 2623 2724 2690 quomodo
2770 2623 2916 2678 enim
2965 2623 3171 2693 aliquid
3220 2623 3367 2678 aliud

1798 2707 1973 2765 discet
2000 2711 2091 2780 qui
2123 2711 2360 2781 seipsum
2393 2713 2641 2783 ignorat?
2670 2721 2791 2784 post
2823 2715 2937 2769 haec
2969 2722 3224 2784 tanquam
3254 2715 3366 2783 jam

1799 2801 1932 2856 satis
1977 2809 2306 2871 expurgata,
2363 2819 2484 2874 qua),
2529 2805 2723 2858 animae
2773 2804 3140 2875 principatum
3198 2814 3364 2868 tenet.

1798 2893 2077 2958 facultate,
2123 2895 2300 2948 oritur
2343 2894 2578 2950 Verbum
2632 2912 2844 2967 sponsae
2893 2896 3250 2957 desideranti.
3301 2913 3367 2954 ea

1797 3000 1918 3054 quae
1961 2997 2091 3041 sunt
2132 2988 2424 3058 praesentia
2470 2990 2808 3058 accipiendo,
2850 2991 3149 3048 adhortans
3193 2993 3260 3047 ad
3313 2993 3366 3045 id

1721 3112 1764 3170 ο
1797 3077 1942 3147 quod
1964 3088 2047 3135 est
2077 3079 2341 3137 divinius.
2374 3080 2518 3137 Laus
2545 3082 2688 3136 enim
2716 3097 2898 3138 rerum
2920 3091 3066 3138 recte
3090 3090 3364 3154 gestarum

1799 3170 1951 3225 affert
1991 3171 2252 3242 majorem
2288 3174 2454 3228 animi
2503 3174 2839 3229 alacritatem
2885 3175 2953 3230 ad
3000 3175 3053 3230 id
3105 3175 3250 3246 quod
3281 3187 3368 3231 est

1797 3261 2012 3317 melius.

1868 3419 2138 3486 Quidnam
2209 3437 2340 3494 ergo
2397 3421 2532 3477 dicit
2585 3439 2774 3478 verum
2831 3423 3069 3478 Verbum
3127 3423 3368 3495 virgini?

1800 3510 2080 3580 Equitatui
2112 3529 2247 3577 meo,
2293 3513 2491 3583 inquit,
2535 3515 2587 3566 in
2620 3513 2862 3568 curribus
2903 3513 3200 3569 Pharaonis
3231 3515 3372 3569 assi-

1799 3602 1983 3657 milavi
2017 3614 2086 3667 te,
2113 3605 2409 3674 propinqua
2435 3621 2571 3658 mea.
2603 3605 2708 3659 Sed
2743 3605 2998 3674 quoniam
3029 3619 3096 3660 ex
3125 3619 3191 3659 eo
3222 3604 3369 3674 quod

1797 3701 1882 3750 est
1918 3693 1972 3747 in
2001 3703 2286 3764 promptu,
2326 3709 2433 3748 non
2471 3692 2634 3749 facile
2666 3701 2844 3764 potest
2871 3692 3208 3748 considerari
3241 3709 3368 3746 scn»

1798 3801 1894 3842 sus
1922 3801 2112 3842 eorum
2143 3801 2265 3855 qua:
2291 3786 2439 3840 dicta
2484 3793 2634 3851 sunt,
2669 3783 3093 3840 examinandum
3132 3792 3216 3838 est
3244 3784 3358 3838 dili-

1797 3885 1988 3948 genter
2029 3874 2083 3930 id
2117 3875 2262 3946 quod
2310 3884 2395 3931 est
2441 3875 2804 3945 propositum,
2856 3874 3037 3946 quoad
3083 3875 3204 3944 ejus
3252 3875 3366 3930 ﬁeri

1798 3967 2016 4036 poterit.
2062 3965 2236 4019 Aliam
2287 3972 2608 4035 potestatem
2654 3964 3244 4036 equitatuiPharaonis
3271 3965 3368 4020 ob.

1793 4055 1995 4126 jectam
2051 4056 2349 4112 didicimus
2401 4056 2470 4111 ah
2514 4055 2771 4122 historia,
2823 4071 3016 4127 nempe
3065 4057 3262 4111 nubem
3315 4065 3366 4112 et
3469 4052 3478 4054 “

1798 4149 2004 4218 virgam
2053 4157 2108 4203 et
2163 4148 2460 4203 violentum
2510 4162 2574 4200 ac
2623 4147 2994 4204 vehementem
3043 4157 3262 4204 ventum
3313 4159 3370 4203 ct

1799 4254 1951 4293 mare
1990 4237 2242 4293 bifariam
2279 4239 2538 4305 divisum,
2572 4248 2626 4294 et
2671 4239 3000 4310 profundum
3035 4241 3089 4294 in
3124 4241 3364 4310 pulvere.

1799 4337 1852 4384 et
1906 4343 1970 4396 ex
2033 4327 2198 4385 undis
2249 4328 2499 4384 effectum
2558 4335 2776 4384 murdm
2837 4337 2890 4384 et
2951 4329 3154 4384 siccam
3201 4329 3366 4400 abys-

129 4417 324 4474 θεῖσαν·
360 4423 431 4476 δι’
464 4417 543 4476 ὧν
575 4423 824 4477 ἁπάντων
856 4419 1062 4491 ἐγίνετο
1102 4426 1214 4486 τοῖς
1259 4423 1620 4494 Ἰσραηλίταις
1662 4425 1695 4494 ὴ

1800 4435 1921 4476 sum
1977 4437 2070 4490 per
2124 4419 2478 4476 intermedios
2524 4421 2577 4474 in
2622 4422 2781 4490 aquis
2833 4436 3020 4476 muros
3071 4421 3365 4476 arefactam

129 4517 373 4585 σωτηρία,
430 4518 775 4588 πανστρατιᾷ
812 4514 907 4568 τοῦ
955 4514 1152 4585 Φαραὼ
1205 4513 1341 4584 μετά
1378 4513 1484 4566 τῶν
1515 4514 1695 4566 ἵππων

124 4617 175 4654 τε
197 4605 283 4656 καὶ
309 4607 580 4676 ἁρμάτων
612 4604 1079 4672 συγκαλυφθέντος
1109 4605 1218 4666 τοῖς
1250 4603 1503 4673 κύμασιν.
1534 4603 1695 4656 Ούδε-

128 4697 242 4760 μιᾶς
285 4697 474 4749 τοίνυν
521 4697 749 4766 ἱππικῆς
798 4696 1076 4766 δυνάμεως
1123 4694 1567 4764 ἁντεισαχθείσης
1615 4693 1693 4764 τῷ

121 4785 393 4857 Αἰγυπτίῳ
425 4787 672 4858 στρατῷ,
722 4787 921 4858 ἇπορον
953 4787 1019 4840 ἂν
1050 4786 1133 4856 εἴη
1165 4785 1353 4854 μαθεῖν
1380 4785 1508 4855 not;
1539 4786 1692 4856 ἵππῳ

123 4879 180 4949 τῇ
225 4880 554 4950 διαφανείσῃ
614 4879 756 4933 κατά
809 4879 916 4931 τῶν
971 4877 1284 4946 Αἰγυπτίων
1339 4877 1600 4947 ἁρμάτων
1656 4879 1689 4948 ἡ

122 4966 292 5040 νύμφη
328 4969 487 5040 παρά
510 4968 605 5021 τοῦ
645 4968 802 5036 λόγου
834 4968 928 5020 νῦν
957 4966 1395 5037 προσεικάξεται.
1432 4966 1474 5017 Τ
1478 4967 1510 5035 ᾗ
1543 4965 1694 5034 ἵππῳ

123 5074 212 5124 μου
237 5061 371 5131 γάρ,
414 5060 573 5130 φησὶ,
605 5063 670 5130 τῇ
700 5063 757 5112 ὲν
800 5062 910 5122 τοῖς
946 5061 1156 5128 ἆρμασι
1198 5056 1292 5109 τοῦ
1336 5056 1537 5126 Φαραὼ
1571 5073 1695 5108 κατ-

121 5149 455 5220 ειργασμένη
493 5149 588 5220 τὴν
615 5149 790 5218 νίκην,
831 5149 1090 5218 ὡμοίωσά
1120 5164 1203 5212 σε,
1247 5149 1279 5217 ὴ
1312 5147 1534 5218 πλησίον
1569 5164 1690 5217 μου.

119 5232 182 5292 Ἦ
225 5242 392 5309 δῆλόν
445 5242 611 5305 ἐστιν,
651 5243 733 5294 ὅτι
775 5239 960 5310 ῶσπερ
991 5242 1092 5294 οὐκ
1138 5239 1252 5292 ἔστι
1281 5239 1366 5292 διὰ
1391 5237 1695 5307 ναυμαχίας

119 5330 418 5401 ἡττηθῆναί
464 5349 631 5395 τινας,
666 5331 740 5402 μὴ
790 5332 1006 5384 ναυτίου
1051 5330 1281 5402 στρατοῦ
1326 5329 1424 5400 τὴν
1468 5331 1524 5381 ἐν
1575 5331 1694 5391 ταῖς

117 5425 264 5474 ναυσὶ
305 5422 423 5473 τῶν
457 5423 708 5475 ἐναντίων
741 5421 966 5492 δύναμιν
1009 5420 1413 5483 καταλύσαντος
1449 5436 1463 5450 ο
1519 5417 1692 5481 οὕτως

117 5511 225 5562 656%
259 5513 327 5563 ἂν
362 5513 426 5563 ἐν
466 5512 773 5583 ἱππομαχία
823 5529 906 5576 τις
954 5512 1212 5584 ἡττηθείη
1238 5551 1252 5574 ,
1302 5513 1375 5583 μή
1425 5529 1570 5574 τινος
1603 5511 1690 5564 ίπ-

116 5607 272 5672 πικῆς
300 5605 368 5656 ὲκ
403 5602 510 5654 τῶν
542 5605 794 5658 ἐναντίων
826 5606 1233 5676 ἀντιταχθείσης
1266 5604 1578 5674 δυνάμεως;
1630 5605 1689 5656 Ei

115 5690 174 5757 δὴ
201 5695 389 5746 τοίνυν
419 5693 479 5743 τὸ
503 5695 786 5765 κράτιστον
815 5697 912 5763 τῆς
938 5697 1043 5749 τῶν
1071 5697 1377 5766 Αἰγυπτίων
1410 5699 1688 5764 στρατιᾶς.

313 5789 595 5849 Ρλτιιοι..
643 5787 758 5848 Gn.
800 5789 1008 5850 XLIV.

1799 4518 1853 4565 et
1875 4511 2184 4575 solidatam,
2218 4526 2314 4580 per
2357 4527 2475 4579 qua:
2498 4513 2680 4564 omnia
2717 4513 2865 4566 salus
2898 4520 3049 4581 parta
3075 4520 3159 4568 est
3187 4511 3365 4568 Israe-

1799 4601 1934 4666 litis,
1959 4617 2082 4655 cum
2121 4601 2330 4656 Pharao
2360 4618 2484 4657 cum
2513 4611 2625 4657 toto
2649 4605 2916 4668 exercitu,
2951 4611 3004 4658 et
3031 4619 3155 4658 cum
3186 4606 3364 4676 equis.

1797 4700 1852 4747 et
1913 4693 2170 4747 curribus
2230 4693 2390 4749 undis
2442 4693 2604 4748 fuerit
2673 4695 2923 4750 obrutus.
2974 4693 3151 4750 Nullis
3202 4696 3369 4767 igitur

1797 4785 1970 4854 copiis
1995 4785 2340 4854 equestribus
2363 4786 2603 4855 objectis
2637 4785 3018 4858 Egyptiorum
3065 4789 3354 4850 exercitui,

1796 4892 1907 4931 non
1945 4876 2102 4930 facile
2131 4875 2297 4931 fuerit
2329 4879 2471 4932 scire
2499 4877 2718 4932 cuinam
2750 4880 3018 4949 equitatui
3063 4882 3158 4950 qui
3204 4896 3370 4952 appa-

1797 4966 1968 5020 ruerit
2001 4975 2191 5018 contra
2235 4981 2432 5021 currus
2480 4967 2788 5038 Egyptios,
2836 4984 2984 5024 nunc
3034 4971 3370 5027 assimilctur

1798 5069 2017 5124 sponsa.
2095 5052 2372 5123 Equitatui
2427 5072 2569 5116 meo.
2618 5059 2815 5128 inquit,
2865 5060 2958 5129 qui
3010 5060 3065 5114 in
3116 5063 3370 5117 curribus

1798 5141 2098 5199 Pharaonis
2129 5146 2426 5215 reportavit
2457 5149 2768 5216 victoriam,
2804 5151 3100 5211 assimilavi
3141 5161 3214 5219 te,
3246 5170 3371 5223 pro-

1799 5225 2003 5303 pinqua
2054 5249 2192 5288 mea.
2242 5235 2437 5291 Annon
2489 5249 2572 5295 est
2618 5240 2720 5295 hoc
2768 5242 3147 5309 manifestum,
3219 5245 3367 5318 qttod

1798 5325 2076 5395 quomodo
2128 5325 2242 5382 ﬁeri
2292 5344 2397 5383 non
2472 5341 2665 5400 potest.
2711 5341 2770 5386 ut
2828 5336 3007 5390 navali
3059 5335 3250 5407 praelio
3297 5338 3370 5392 sit

1795 5425 1952 5488 parta
1994 5419 2222 5474 victoria
2253 5459 2267 5483 ,
2297 5421 2400 5476 nisi
2438 5423 2690 5479 nauticus
2720 5427 2995 5483 exercitus
3044 5427 3367 5484 demerserit

1799 5509 2097 5563 exercitum
2131 5511 2364 5567 hostium
2400 5514 2490 5584 qui
2525 5523 2608 5569 cst
2648 5515 2704 5569 in
2742 5518 2972 5574 navibus
3003 5535 3019 5576 :
3055 5520 3126 5573 ita
3161 5532 3261 5572 nec
3308 5518 3364 5572 in

1798 5602 2034 5670 equestri
2096 5604 2278 5671 praalio
2342 5605 2520 5662 victus
2581 5606 2745 5663 fuerit
2803 5610 3098 5681 quispiam,
3157 5611 3200 5662 si
3255 5625 3367 5664 non

1798 5696 1992 5752 aliqua:
2039 5702 2319 5763 equestres
2374 5697 2543 5765 copia:
2617 5697 2966 5754 inimicorum
3015 5717 3081 5757 ex
3138 5698 3368 5757 adverso

2878 5791 2957 5852 26
