3928 6196
1833 283 1892 340 s.
1917 281 2239 342 cneconu
2268 283 2561 344 NYSSENI
3647 304 3730 363 ω

567 397 855 458 steterint?
909 396 1177 464 Quoniam
1213 410 1342 468 ergo
1401 396 1454 452 id
1503 396 1646 468 quod
1685 405 1803 454 erat
1855 398 2132 454 validissi-

2239 404 2267 471 ή
2297 402 2456 466 ίππος
2491 398 2578 474 ἦν,
2619 402 2716 474 τὴν
2749 403 3081 474 ἐπαχθεῖσαν
3130 403 3260 475 αὐτῇ
3303 405 3432 462 κατὰ
3458 409 3512 463 τὸ
3537 413 3726 484 ἀόρατον

566 505 716 546 mum
755 489 1027 546 exercitus
1070 487 1446 560 Egyptiorum
1499 490 1774 559 equitatus
1823 498 1974 555 erat,
2027 491 2135 546 vim

2239 492 2488 562 δύναμιν,
2511 493 2578 546 δι’
2602 489 2670 566 ἦς
2689 495 2737 565 ’ἡ
2763 494 2886 565 νίκη
2918 494 3062 548 κατὰ
3095 493 3203 547 τῶν
3229 497 3512 564 Αἰγυπτίων
3543 504 3732 575 ἐγένετο,

569 581 858 638 adversum
893 581 1015 636 illos
1044 579 1274 646 illatam,
1306 594 1427 649 qua:
1471 595 1580 634 non
1611 579 1838 640 cadebat
1869 582 1971 640 sub
2003 596 2136 638 ocu-

565 673 673 738 los,
707 687 805 743 per
835 686 998 741 quam
1031 671 1299 727 adversus
1331 669 1619 742 Egyptios
1648 679 1805 742 parta
1838 681 1923 728 est
1964 673 2136 734 victo-

564 765 745 828 toria,
795 763 1099 834 equitatum
1154 759 1438 832 Scriptura
1483 763 1836 822 nominavit:
1881 779 2006 819 nam
2058 764 2136 818 illi

567 871 785 926 quoque
829 854 1137 911 sentiebant
1179 869 1303 908 eum
1337 854 1773 924 helligerantem,
1806 863 1859 910 et
1908 856 2050 911 inter
2079 873 2138 912 se

569 945 898 1009 clamabant,
932 944 1198 1000 Dominus
1231 943 1433 1000 bellum
1466 947 1607 1016 gerit
1657 947 1919 1004 adversus
1969 946 2138 1019 Egy-

569 1038 736 1109 ptios,
765 1045 820 1093 et
845 1037 1116 1107 l'ugiamus
1147 1054 1175 1092 a
1213 1037 1352 1094 facie
1387 1037 1620 1094 Domini.
1678 1039 1774 1095 Est
1803 1047 1980 1095 autem
2013 1055 2135 1110 per-

567 1113 842 1198 spicuum,
871 1128 1017 1199 quod
1049 1138 1208 1198 prout
1256 1127 1420 1183 fuerit
1463 1129 1730 1184 instructa
1775 1130 1920 1185 acies
1947 1130 2138 1184 adver-

569 1222 878 1282 sariorum,
916 1233 1082 1274 verus
1130 1219 1426 1289 imperator
1472 1221 1748 1276 exercitus
1792 1224 1924 1276 su'as
1963 1228 2137 1274 armat

568 1308 776 1378 copias.
815 1307 943 1362 Erat
971 1323 1104 1378 ergo
1131 1308 1378 1379 quredam
1425 1309 1604 1364 virtus
1640 1324 1748 1364 non
1796 1311 1998 1366 cadens
2035 1311 2139 1366 sub

568 1407 872 1471 aspectum,
907 1416 1028 1471 qua
1060 1417 1154 1470 per
1187 1403 1451 1458 miracula
1493 1419 1615 1472 quae
1657 1401 1858 1458 ﬁebant
1888 1404 1944 1458 in
1978 1405 2136 1468 mari,

568 1490 837 1562 Egyptiis
865 1491 1124 1548 aﬂerehat
1153 1492 1402 1557 exitium,
1447 1510 1612 1564 quam
1642 1493 1924 1565 Scriptura
1961 1496 2138 1549 nomi-

569 1585 723 1639 navit
755 1599 948 1655 equos.
981 1586 1302 1657 Angeiicum
1333 1594 1514 1641 autem
1549 1589 1849 1642 exercitum
1869 1602 1994 1644 eum
2016 1601 2138 1644 esse

565 1674 978 1740 existimamus,
1011 1674 1080 1730 de
1145 1691 1256 1745 quo
1305 1675 1438 1729 dicit
1507 1676 1767 1746 propheta
1813 1693 1826 1731 :
1877 1676 2170 1762 Ascendes,

567 1781 724 1836 equos
779 1776 916 1830 tuos,
961 1776 1011 1821 et
1051 1768 1317 1837 equitatus
1359 1777 1450 1821 est'
1481 1776 1570 1821 tua
1609 1767 1842 1822 satus".
1892 1766 1998 1822 Sed
2044 1766 2135 1823 Dei

568 1874 786 1928 quoque
834 1875 1031 1915 currus
1081 1860 1246 1915 David
1294 1860 1426 1916 fecit
1477 1861 1840 1924 mentionem,
1894 1860 2080 1914 dicens
2120 1875 2133 1912 :

569 1950 772 2005 Curru:
807 1951 902 2006 Dei
931 1953 1105 2007 decem
1134 1953 1367 2007 millibus
1403 1953 1760 2022 multiplex",
1789 1953 1877 2007 cui
1909 1952 2138 2022 subjun-

567 2053 772 2115 guntur
811 2045 978 2098 millia
1027 2060 1214 2100 eorum
1262 2047 1354 2114 qui
1400 2045 1660 2115 dirigunt.
1715 2043 1982 2099 Praeterea
2015 2059 2139 2114 qua:

570 2135 742 2188 Eliam
775 2135 1064 2190 sublimem
1094 2151 1125 2190 e
1155 2143 1300 2189 terra
1343 2135 1409 2190 ad
1441 2137 1617 2190 locum
1664 2135 1959 2190 aethereum
1997 2135 2139 2190 tollit

567 2227 746 2282 virtus
771 2269 787 2294 ,
836 2241 1100 2296 equorum
1147 2227 1365 2283 nomine
1413 2227 1730 2282 nominatur
1759 2241 1788 2280 a
1828 2225 2134 2297 Scriptura.

571 2317 880 2384 Quinetiam
912 2318 1092 2389 ipsum
1127 2318 1444 2388 prophetam
1483 2317 1616 2373 dicit
1650 2317 1880 2373 historia
1912 2332 2136 2372 currum

571 2409 784 2465 lsraelis
813 2418 866 2465 et
887 2410 1123 2480 equitem
1143 2410 1208 2464 “.
1242 2409 1346 2466 Eos
1380 2424 1598 2481 quoque
1624 2409 1714 2481 qui
1739 2417 1910 2465 totum
1947 2411 2136 2466 orbem

571 2512 730 2558 terrm
758 2503 1066 2564 obiverunt,
1099 2518 1194 2572 per
1222 2517 1361 2572 quos
1402 2511 1550 2557 terra
1597 2501 1874 2556 habitatur
1902 2511 1955 2558 et
1986 2502 2139 2572 quie-

571 2595 696 2660 scit,
744 2593 1038 2648 Zacharias
1090 2595 1353 2666 propheta
1405 2595 1706 2650 nominavit
1749 2608 1922 2664 equos
1967 2594 2140 2649 disse-

570 2696 750 2742 rentes
777 2702 898 2741 cum
925 2686 1129 2756 equite,
1158 2694 1336 2742 stante
1371 2685 1425 2740 in
1476 2685 1654 2742 medio
1691 2684 1924 2740 duorum
1983 2699 2138 2739 mon-

573 2779 791 2832 tium".
850 2777 942 2830 Est
975 2793 1104 2848 ergo
1135 2793 1310 2848 equus
1350 2777 1398 2832 ei
1431 2777 1525 2847 qui
1571 2775 1977 2831 universitatem
2012 2789 2138 2844 pos-

573 2869 714 2924 sidet
762 2889 774 2924 :
831 2870 971 2924 alius
1018 2869 1234 2938 quidem
1282 2883 1500 2924 sursum
1542 2868 1738 2923 tollens
1783 2867 2136 2937 prophetam;

570 2962 715 3016 alius
765 2970 946 3016 autem
1011 2959 1218 3016 faciens
1274 2968 1332 3014 ut
1388 2959 1662 3015 habitetur
1717 2959 1869 3015 orbis
1928 2965 2136 3023 terrae;

2239 585 2469 640 ἵππονιό
2509 586 2664 653 λόγος
2716 586 2997 657 ὠνόμασεν
3017 602 3030 614 ·
3077 586 3362 657 ᾐσθάνοντο
3401 590 3499 661 γὰρ
3539 596 3733 653 κάκεῖνοι

2238 675 2330 728 τοῦ
2363 677 2756 747 πολεμοῦντος,
2801 679 2894 732 καὶ
2923 678 3060 748 πρὸς
3098 677 3348 748 ἀλλήλους
3381 681 3550 747 ἐϐόων,
3578 687 3739 758 Κύριος

2240 767 2467 838 πολεμεῖ
2496 767 2624 830 τοὺς
2649 769 2999 836 Αἰγυπτίους,
3041 769 3140 822 καὶ
3175 769 3422 840 φύγωμεν
3464 774 3559 826 ἀπὸ
3601 791 3736 846 προσ-

2237 855 2388 909 ώπου
2419 858 2642 928 Κυρίου.
2667 856 2833 927 Δῆλον
2863 857 2920 910 δὲ
2944 858 3024 911 ὅτι
3046 859 3452 931 καταλλήλωςτῇ
3478 870 3744 938 παρασκευῇ

2238 947 2344 1001 τῶν
2391 949 2648 1002 ἐναντίων
2693 951 2722 1004 6
2753 949 3004 1020 ἀληθινὸς
3053 951 3472 1021 ἀρχιστράτηγος
3508 955 3594 1024 τὴν
3639 957 3744 1010 ἰδίαν

2238 1038 2537 1104 ἀειθώπλιζε
2560 1039 2807 1110 δύναμιν.
2844 1040 3050 1094 Οὐκοῦν
3073 1036 3141 1111 ἦν
3183 1059 3266 1105 τις
3306 1045 3516 1112 ἀόρατος
3539 1044 3746 1116 δύναμις,

2242 1129 2276 1199 ἡ
2319 1129 2408 1182 διὰ
2452 1129 2559 1182 τῶν
2591 1131 2718 1202 περὶ
2749 1129 2844 1201 τήν
2875 1131 3148 1184 Θάλασσαν
3181 1132 3462 1204 θαυμάτων
3497 1136 3748 1207 ὲνεργοῦσα

2237 1218 2346 1272 τῶν
2374 1219 2682 1288 Αἰγυπτίων
2718 1221 2809 1276 τὸν
2847 1221 3086 1292 ὄλεθρον,
3123 1222 3189 1292 ἢν
3229 1221 3388 1276 ἵππον
3411 1223 3438 1274 6
3475 1223 3613 1292 λόγος
3640 1226 3750 1278 ὠνό·

2242 1327 2432 1381 μασεν.
2485 1311 2802 1383 Ἀγγελικὴν
2845 1313 2902 1366 δὲ
2932 1312 3133 1383 ταύτην
3171 1313 3420 1382 στρατιὰν
3446 1314 3749 1386 ὑπονοοῦμεν,

2239 1402 2367 1476 περὶ
2423 1399 2491 1474 ἧς
2537 1420 2698 1473 φησιν
2746 1406 2774 1458 6
2843 1405 3161 1474 προφήτης·
3225 1403 3307 1457 ὅτι
3373 1404 3636 1474 Ἐπιεήσῃ
3673 1407 3751 1460 ἐπί

2239 1495 2379 1559 τοὺς
2426 1495 2648 1560 ἵππους
2679 1510 2794 1548 σου
2817 1535 2831 1558 ,
2875 1496 2970 1548 κ(ιὶ
3001 1496 3040 1562 ἡ
3086 1494 3342 1547 [atracia
3372 1511 3482 1550 σου
3511 1501 3752 1567 σωτηρία.

2247 1585 2408 1638 Ἀλλὰ
2435 1587 2527 1639 καί
2570 1586 2813 1658 ἅρματος
2843 1587 3064 1658 μνήμην
3091 1586 3227 1639 Θεοῦ
3265 1588 3544 1659 ἐποιήσατο
3569 1591 3595 1642 6
3625 1591 3756 1642 Δοθιδ

2238 1675 2410 1745 λέγων
2427 1694 2440 1710 ο
2479 1677 2549 1732 Τὸ
2581 1677 2738 1746 ἅρμα
2761 1676 2867 1731 τοῦ
2892 1677 3040 1732 Θεοῦ
3071 1677 3511 1747 μυριοπλάσιον
3531 1695 3546 1710 ο
3592 1674 3632 1748 ᾧ
3652 1679 3761 1732 ὑπο,

2245 1765 2563 1838 ζεύγνυνται
2605 1768 2714 1823 τῶν
2763 1770 3134 1842 εὐθηνούντων
3183 1772 3240 1824 αἱ
3293 1769 3537 1840 χιλιάδες.
3591 1768 3758 1821 Ἕτιδὲ

2246 1859 2341 1913 καὶ
2365 1861 2397 1930 ἡ
2425 1860 2514 1913 τὸν
2541 1861 2825 1931 προφήτην
2871 1859 3052 1913 Ἠλίαν
3080 1860 3359 1930 μεταίσιον
3389 1861 3453 1913 ὲκ
3481 1864 3576 1929 γῆς
3595 1862 3674 1913 ἐπὶ
3692 1861 3762 1912 τὸν

2244 1951 2480 2023 αἰθέριον
2511 1952 2686 2023 χῶρον
2719 1951 3172 2022 ἀναλαμϐάνουσα
3201 1950 3430 2020 δύναμις
3480 1951 3553 2030 τῷ
3577 1951 3670 2002 τῶν
3692 1951 3761 2002 ἴπ-

2245 2060 2361 2096 πων
2395 2043 2616 2113 ὀνόματι
2647 2042 2800 2111 παρὰ
2827 2043 2926 2112 τῆς
2960 2043 3181 2114 Γραφεῖκ
3213 2042 3551 2112 ὀνομάζεται,
3587 2042 3668 2094 καί
3692 2041 3763 2094 αὑ·

2242 2135 2335 2188 τὸν
2357 2135 2412 2189 δὲ
2439 2136 2530 2188 τὸν
2555 2136 2838 2206 προφήτην
2867 2135 3018 2206 ἅρμα
3045 2134 3196 2203 λέγει
3227 2133 3322 2187 τοῦ
3367 2133 3573 2205 Ἰσραὴλ
3597 2134 3676 2186 καὶ
3697 2133 3763 2184 is.

2245 2228 2352 2282 πέα
2381 2231 2414 2299 ἡ
2447 2229 2675 2300 ἱστορία.
2719 2229 2829 2282 Καὶ
2862 2229 2988 2292 τοὺς
3031 2227 3447 2298 περιοδεύοντας
3493 2229 3654 2280 πᾶσαν
3692 2224 3767 2295 τὴν

2243 2316 2584 2388 οἰκουμένην,
2635 2316 2701 2369 δι’
2741 2309 2817 2376 ὧν
2850 2317 3223 2381 κατοικίζεται
3252 2317 3347 2370 καί⁵
3379 2306 3647 2387 ἡσυχάζει,
3688 2315 3769 2366 Ζο-

2244 2409 2436 2480 χαρίας
2462 2411 2490 2462 6
2522 2409 2803 2480 προφήτης
2850 2409 3049 2472 ἵππους
3089 2408 3378 2480 ὠνόμασε,
3407 2404 3771 2476 διαλεγομένους

2245 2501 2381 2570 πρὸς
2406 2501 2496 2554 τὸν
2528 2501 2780 2571 ἱππότην,
2827 2499 2918 2554 τὸν
2971 2500 3132 2570 μέσον
3166 2500 3381 2554 ἑστῶτα
3408 2499 3513 2552 τῶν
3538 2497 3622 2552 δύο
3643 2496 3772 2566 ὀρῶν.

2243 2589 2452 2645 Οὐκοῦν
2479 2591 2594 2644 ἔστι
2628 2609 2710 2654 τις
2743 2592 2908 2656 ἵππος
2936 2591 3013 2663 τῷ
3041 2593 3102 2645 τὸ
3133 2595 3248 2647 πᾶν
3276 2591 3614 2662 κεκτημένῳ·
3641 2590 3672 2660 ή
3698 2586 3776 2658 μὲν

2243 2680 2335 2734 τὸν
2375 2683 2656 2753 προφήτην
2685 2682 2960 2751 ἀνάγουσα
2979 2700 2993 2714 ο
3028 2684 3061 2755 ἡ
3103 2683 3164 2736 δὲ
3205 2683 3307 2755 τὴν
3335 2680 3641 2751 οἰκουμένην
3671 2675 3780 2730 οἰκί-

2245 2771 2442 2835 ζουσαο
2479 2775 2510 2844 ή
2537 2773 2596 2826 δὲ
2625 2774 3066 2846 ὑποζευγνυμένη
3105 2774 3190 2844 τῷ
3218 2774 3423 2846 ἅρματι
3442 2791 3456 2804 ο
3498 2772 3621 2841 ἄλλη
3643 2770 3691 2823 δὲ
3710 2767 3779 2820 τὸν

2246 2864 2377 2918 Θεὸν
2411 2865 2605 2936 ἔποχον
2635 2867 2727 2920 ὲ.πὶ
2752 2867 2997 2938 σωτηρίᾳ
3027 2865 3137 2919 τῶν
3173 2860 3483 2938 ἀνθρώ-βων
3523 2862 3784 2932 λαμϐάνουυ

2248 2973 2315 3010 σα
2345 2975 2358 2989 ο
2411 2958 2545 3028 άλλη
2588 2959 2645 3011 δὲ
2687 2959 2785 3030 τὴν
2831 2959 3136 3027 Αἰγυπτίαν
3189 2958 3536 3013 καταλύουσα
3573 2957 3781 3022 δύναμιν.

570 3052 712 3108 alius
764 3062 941 3107 autem
998 3053 1090 3120 qui
1169 3051 1418 3120 jungitur
1498 3051 1726 3115 currui;
1804 3051 1944 3106 alius
2013 3050 2136 3107 item

2247 3049 2454 3120 Πολλῆς
2481 3049 2659 3105 τοίνυν
2689 3051 2854 3123 οὖσης
2887 3055 2944 3106 έν
2971 3054 3099 3116 ταῖς
3129 3051 3314 3115 θείαις
3343 3053 3582 3123 Γραφαῖς
3607 3049 3696 3118 τῆς
3721 3043 3788 3097 διὰ

568 3145 662 3213 qui
725 3143 892 3198 Deum
952 3142 1151 3212 accipit
1222 3149 1494 3196 vectorem
1554 3141 1621 3195 ad
1679 3141 1909 3196 salutem
1965 3141 2142 3195 homi-

569 3250 722 3298 num,
747 3233 887 3287 alius
907 3241 1084 3286 autem
1117 3232 1207 3299 qui
1235 3231 1516 3302 {Egyptias
1551 3231 1734 3287 obruit
1762 3232 1968 3302 copias.
2002 3230 2138 3286 Cum

568 3339 699 3395 ergo
735 3324 789 3376 in
821 3323 1023 3376 divinis
1053 3322 1208 3392 equis
1241 3337 1435 3394 magna
1487 3323 1576 3383 sit,
1611 3337 1732 3392 quae
1785 3330 2014 3392 apparet
2043 3338 2139 3394 per

572 3414 921 3484 operationes
973 3412 1275 3468 diﬂ‘erentia
1301 3456 1313 3478 ,
1351 3412 1690 3468 assimilatur
1742 3413 2005 3483 equitatui
2047 3413 2139 3484 qui

571 3506 856 3579 Egyptias
887 3504 1062 3576 perdit
1089 3505 1298 3574 copias,
1345 3520 1408 3558 ea
1437 3519 1556 3577 quae
1583 3519 1682 3574 per
1707 3518 1930 3559 cursum
1964 3504 2140 3559 virtu-

569 3598 641 3652 tis
671 3595 780 3651 Deo
804 3595 1277 3666 appropinquavit.
1319 3593 1403 3648 ita
1432 3595 1576 3648 enim
1604 3593 1654 3649 ei
1682 3593 1814 3648 dicit
1844 3591 2085 3648 Verbum
2120 3607 2134 3644 :

572 3688 736 3760 Equis
790 3689 919 3742 meis
966 3689 1019 3741 in
1071 3687 1314 3740 curribus
1374 3685 1678 3741 Pharaonis
1727 3686 2021 3740 assimilaui
2067 3695 2136 3750 te,

569 3781 860 3851 propinqua
898 3795 1032 3834 mea.
1061 3777 1254 3834 Multas
1290 3785 1468 3833 autem
1513 3793 1716 3848 easque
1769 3792 1995 3848 magnas
2024 3777 2138 3830 lau-

568 3873 666 3928 des
725 3870 889 3927 simul
944 3869 1168 3924 verbum
1227 3867 1733 3937 complectiturzet
1785 3873 1869 3922 est
1916 3864 2136 3936 quidam

571 3963 792 4019 laudum
835 3963 1116 4032 catalogus
1149 3975 1268 4031 quae
1300 3960 1384 4014 his
1423 3960 1580 4030 equis
1609 3958 1751 4012 facta
1790 3957 1893 4012 fuit
1921 3955 2134 4013 assimi-

570 4054 723 4108 latio.
766 4053 1112 4120 Qumcunque
1141 4051 1284 4106 enim
1315 4049 1382 4104 de
1411 4049 1611 4103 lsraele
1639 4056 2138 4102 commemorantur

570 4145 626 4199 in
679 4145 900 4216 regione
947 4142 1348 4213 Egyptiorum,
1398 4141 1655 4203 servitus,
1711 4139 1899 4208 paleae,
1936 4139 2132 4202 lutum,

568 4238 787 4301 lateres,
825 4237 1078 4290 universa
1101 4235 1246 4316 circa
1275 4240 1477 4286 terram
1504 4231 1788 4301 occupatio
1815 4239 1867 4284 et
1895 4229 2131 4307 alﬂictio,

568 4330 690 4386 duri
725 4344 912 4384 eorum
944 4342 1167 4397 operum
1201 4323 1462 4396 praefecti,
1509 4327 1601 4395 qui
1649 4321 1893 4392 quotidie
1931 4321 2000 4376 ab
2053 4321 2134 4376 eis

2241 3139 2349 3193 τῶν
2377 3142 2663 3213 ἐνεργειῶν
2694 3142 3020 3214 φαινομένης
3045 3143 3342 3214 διαφορᾶς,
3375 3147 3440 3214 τῇ
3478 3139 3788 3210 καθαιρετικῇ

2239 3233 2338 3303 τῆς
2378 3234 2754 3305 Αἰγυπτιακῆς
2790 3235 3067 3306 δυνάμεως
3107 3235 3274 3306 ἵππῳ
3327 3233 3703 3308 παρεικάξεται
3763 3230 3790 3296 ἡ

2238 3321 2328 3375 διά
2379 3323 2471 3376 τοῦ
2518 3324 2717 3395 δρόμου
2761 3325 2860 3396 τῆς
2917 3326 3117 3394 ἀρετῆς
3167 3325 3250 3396 τῷ
3298 3327 3421 3398 Θεῷ
3465 3325 3786 3394 πλησιάσασα.

2240 3413 2396 3468 Οὕτω
2427 3414 2534 3485 γάρ
2567 3431 2700 3485 φησι
2732 3415 2864 3486 πρὸς
2891 3416 3061 3486 αὐτὴν
3097 3417 3336 3485 όΛόγος
3371 3435 3386 3449 ο
3440 3417 3522 3470 ὃτι
3569 3413 3641 3482 Τῇ
3663 3413 3793 3473 ιππφ

2233 3521 2354 3574 μου
2403 3505 2473 3558 ἐν
2517 3505 2739 3575 ἅρμασι
2786 3506 2994 3573 Φαραὼ
3037 3506 3332 3576 ὠμοίωσά
3361 3523 3465 3572 σε,
3486 3509 3524 3574 ἡ
3566 3504 3792 3569 πλησίω·

2235 3615 2374 3667 μου.
2416 3597 2649 3661 Πολλοὺς
2691 3599 2748 3652 δὲ
2779 3599 2874 3652 καί
2909 3598 3186 3669 μεγάλους
3232 3599 3496 3663 ἐπαίνους
3525 3601 3552 3652 6
3576 3598 3715 3665 λόγος
3746 3595 3792 3644 ὲν

2240 3688 2416 3759 ἑαυτῷ
2450 3689 2785 3760 περιείληφεσ
2817 3689 2910 3743 καί
2931 3707 3014 3752 τις
3043 3691 3506 3763 κατορθωμάτων
3536 3684 3794 3753 κατάλογός

2239 3781 2405 3846 ἐστιν,
2437 3782 2470 3852 ἡ
2502 3782 2637 3852 πρὸς
2664 3781 2762 3853 τὴν
2798 3781 2964 3835 ἵππον
2998 3781 3211 3854 ταύτην
3241 3782 3528 3852 ὁμοίωσις.
3559 3781 3688 3834 Ὅσα
3711 3776 3796 3844 γὰρ

2237 3872 2330 3927 τοῦ
2378 3873 2590 3946 Ἰσραὴλ
2631 3876 2689 3928 ὲν
2726 3875 2792 3944 τῇ
2846 3873 3108 3944 παροικίᾳ
3161 3874 3280 3926 τῶν
3334 3873 3646 3941 Αἰγυπτίων
3688 3883 3797 3936 μνη·

2240 3963 2543 4033 μονεύεται,
2570 3962 2854 4035 ήδουλεία,
2875 3965 2909 4033 ἡ
2938 3961 3192 4033 καλάμη,
3226 3965 3256 4016 6
3284 3961 3481 4034 πηλὸς,
3505 3962 3538 4031 ἠ
3571 3954 3796 4012 πλινθείαν

2238 4058 2387 4110 πᾶσα
2415 4057 2446 4126 ή
2482 4055 2609 4126 περί
2634 4053 2732 4126 τὴν
2757 4055 2860 4124 γῆν
2889 4052 3137 4124 ἀσχολία,
3185 4055 3238 4106 οἰ
3265 4053 3500 4124 χαλεποὶ
3530 4051 3632 4103 τῶν
3656 4045 3798 4100 τοιού-

2236 4165 2343 4201 των
2392 4148 2567 4219 ἔργων
2617 4146 2926 4210 ὲπιστάται,
2968 4146 3017 4198 οἰ
3067 4143 3165 4198 τὸν
3214 4145 3452 4216 πήλινον
3489 4141 3673 4204 αὐτοὺς
3700 4135 3796 4192 καθ’

2236 4239 2472 4310 ἑκάστην
2501 4238 2716 4310 ἡμέραν
2750 4236 3106 4298 ἀπαιτοῦντες
3155 4237 3357 4307 φόρον,
3387 4237 3458 4288 δι’
3488 4235 3580 4297 οὓς
3603 4234 3658 4285 :6
3683 4231 3798 4296 ὕδωρ

2238 4326 2377 4403 αἷμα
2409 4332 2637 4400 γίνεται,
2685 4330 2780 4383 καὶ
2822 4329 2880 4382 τὸ
2914 4327 3028 4396 φῶς
3063 4328 3419 4392 σκοτίζεται,
3457 4323 3794 4395 scalpi-c9110!

568 4421 773 4483 luteum
823 4419 1109 4489 exigebant
1162 4418 1451 4479 tributum,
1483 4424 1702 4486 propter
1745 4429 1883 4483 quos
1911 4427 2049 4484 aqua
2079 4412 2135 4467 ίὶι

2239 4427 2346 4487 τοῖς
2391 4424 2558 4486 οἴκοις
2595 4421 2927 4493 εἰσέρπουσι,
2971 4418 3066 4472 καὶ
3122 4420 3160 4488 ὴ
3223 4419 3504 4488 καμιναία
3542 4417 3676 4475 κόνις
3719 4410 3795 4467 τὰς

568 4513 811 4582 sanguis,
835 4519 888 4563 et
920 4511 1007 4564 lux
1041 4509 1390 4571 obscuratur,
1422 4513 1475 4561 et
1509 4520 1656 4559 ranae
1687 4512 1912 4574 serpunt
1949 4502 2002 4556 in
2039 4502 2135 4558 do-

568 4620 708 4668 mos,
758 4613 811 4658 et
855 4619 883 4657 e
921 4603 1138 4656 camino
1182 4601 1360 4671 pulvis
1410 4599 1540 4654 facit
1586 4599 1832 4669 pustulas
1874 4598 2060 4652 enasci
2106 4611 2136 4650 e

567 4697 914 4765 corporibus,
965 4704 1040 4758 et,
1087 4701 1146 4748 ut
1197 4694 1361 4749 semel
1414 4692 1592 4747 dicam
1644 4691 1847 4752 omnia,
1901 4689 2132 4754 locusta,

566 4787 851 4858 cyuiplies,
881 4786 1144 4848 bruchus,
1175 4786 1403 4857 grando,
1435 4801 1554 4855 qua:
1582 4783 1900 4839 acciderunt
1924 4783 2129 4853 primo-

566 4878 766 4950 ge‘nitis
799 4895 812 4933 :
852 4879 964 4932 haec
1012 4879 1215 4942 omnia,
1261 4887 1314 4932 et
1360 4891 1697 4948 quaecunque
1725 4877 1920 4932 melius
1948 4891 2131 4946 perse-

564 4970 752 5040 quitur
777 4969 1030 5030 historia,
1058 4983 1151 5038 per
1183 4984 1303 5038 quae
1330 4969 1631 5039 acquiritur
1664 4969 1814 5024 salus
1845 4968 2129 5029 lsraelitis,

563 5069 648 5116 est
680 5059 900 5113 laudum
935 5067 1316 5129 argumentum
1358 5059 1552 5114 anima:
1600 5074 1721 5128 qua:
1759 5057 1866 5113 Deo
1898 5058 2132 5128 conjun-

565 5155 732 5226 gitur.
764 5151 882 5206 Non
913 5152 1057 5206 enim
1103 5161 1248 5207 esset
1279 5153 1582 5207 assimilata
1616 5153 1694 5207 illi
1740 5152 2003 5208 exercitui
2034 5151 2128 5221 qui

564 5247 735 5301 malos
763 5245 937 5315 perdit
967 5245 1269 5317 Egyptios.
1301 5259 1397 5315 per
1424 5259 1583 5314 quem
1616 5259 1645 5298 a
1676 5245 1816 5300 mala
1843 5244 2131 5315 tyrannide

564 5340 828 5395 liberatur
861 5338 1021 5396 Israel
1051 5379 1065 5403 ,
1102 5338 1207 5393 nisi
1248 5354 1307 5394 ea
1344 5339 1525 5393 omnia
1557 5347 1706 5394 recte
1743 5347 1888 5408 gesta
1923 5344 2128 5400 essent,

563 5447 684 5504 qua:
717 5443 769 5486 et
803 5431 1092 5504 Egyptum
1121 5431 1372 5501 perdunt,
1397 5437 1451 5485 et
1483 5439 1673 5500 parant
1707 5430 1806 5483 iter
1837 5427 1902 5481 ad
1938 5428 2126 5493 Deum,

561 5541 751 5580 eorum
783 5525 876 5596 qui
908 5539 937 5580 ιι
968 5524 1099 5578 limo
1123 5523 1374 5593 Aigyptio
1405 5523 1642 5592 migrant
1675 5521 1741 5575 ad
1779 5529 1977 5575 terram
2010 5537 2132 5592 pro-

2236 4515 2528 4586 φλυκτίδας
2554 4513 2662 4567 ἀπὸ
2688 4511 2798 4566 τῶν
2829 4512 3097 4583 σωμάτων
3128 4511 3401 4575 ἀναζέειν
3435 4511 3594 4569 ποιεῖ,
3632 4503 3709 4558 καὶ
3737 4498 3791 4550 τὶ

2236 4607 2358 4660 καθ’
2391 4607 2619 4660 ἕκαστον
2660 4606 2856 4669 πάντα,
2889 4605 2922 4674 ή
2965 4604 3156 4674 άκρὶς,
3191 4605 3247 4656 οἱ
3309 4605 3562 4664 σκνίπες,
3605 4603 3630 4653 ὁ
3666 4591 3789 4665 p905-

2234 4715 2347 4767 χος.
2389 4696 2683 4768 ήχάλαζα,
2733 4696 2841 4749 τῶν
2893 4695 3270 4768 πρωτοτόκων
3318 4695 3393 4747 τὰ
3437 4693 3607 4761 πάθηο
3652 4683 3785 4737 ταῦτα

2234 4790 2413 4844 πάντα
2456 4791 2551 4843 καὶ
2577 4790 2676 4842 ὅσα
2711 4789 2845 4855 7:96;
2882 4788 2944 4840 τὸ
2971 4789 3236 4858 κρείττον
3280 4789 3316 4857 ἡ
3350 4787 3566 4856 ἱστορία
3593 4779 3780 4842 διέξεισι.

2231 4881 2297 4935 δι’
2321 4874 2395 4934 ὧν
2425 4881 2633 4949 γίνεται
2675 4882 2786 4942 τοῖς
2827 4877 3198 4950 Ἰσραηλίταις
3227 4880 3264 4948 ἡ
3300 4876 3570 4948 σωτηρία,
3597 4868 3779 4924 ἐπαίνων

2233 4974 2378 5026 ἐστὶν
2430 4972 2684 5034 ὑπόθεσις
2730 4973 2795 5042 τῇ
2831 4969 2906 5041 τῷ
2945 4969 3062 5040 Θεῷ
3095 4972 3505 5041 συναπτομένη
3542 4965 3686 5035 ψυχῇ.
3725 4953 3782 5008 0ὑ

2233 5064 2340 5136 γάρ
2372 5063 2437 5116 ἂν
2461 5062 2716 5132 ὡμοιώθη
2745 5066 2811 5132 τῇ
2844 5061 3066 5131 δυνάμει
3114 5062 3341 5131 ἐκείνῃ,
3370 5064 3442 5131 τῇ
3482 5045 3788 5124 καθαιρετικῇ

2233 5157 2343 5209 τῶν
2365 5157 2674 5223 Αἰγυπτίων
2707 5139 2909 5215 καίῶν,
2938 5152 3004 5205 δι’
3032 5148 3100 5224 ἧς
3135 5153 3536 5224 ἐλευθεροῦται
3562 5151 3588 5200 6
3618 5135 3795 5212 Ἰσραὴλ

2235 5247 2334 5318 τῆς
2383 5247 2623 5318 πονηρᾶς
2673 5243 3002 5316 τυραννίδος,
3048 5243 3097 5294 εἰ
3156 5244 3239 5316 μὴ
3286 5243 3470 5296 ταῦτα
3518 5239 3678 5292 πάντα
3721 5229 3796 5281 καὶ

2235 5337 2403 5407 ταύτῃ
2446 5335 2787 5407 κατώρθωτο,
2821 5335 2890 5388 τά
2916 5351 2974 5386 τε
3005 5332 3391 5404 καθαιρετικά
3418 5333 3516 5404 τῆς
3537 5326 3798 5396 Αἰγύπτου.

2235 5430 2327 5482 καὶ
2357 5430 2422 5482 τά
2454 5425 2934 5500 παρασκευαστικά
2976 5426 3071 5496 τῆς
3109 5427 3259 5497 7:96;
3293 5427 3390 5479 τὸν
3423 5425 3556 5478 θεὸν
3584 5416 3796 5488 πορείαςν

2233 5521 2340 5574 τῶν
2373 5518 2822 5591 μετοικιζομένων
2868 5517 3002 5588 7:96;
3039 5516 3143 5587 τὴν
3196 5521 3308 5588 γῆν
3357 5519 3460 5589 τῆς
3505 5505 3798 5583 ἐπαγγελίας

635 5699 904 5756 "liabac.
943 5715 1024 5766 ιιι,
1065 5699 1116 5753 8.
1205 5697 1248 5728 ’³
1294 5696 1436 5753 l’sal.
1497 5713 1640 5753 van
1669 5739 1682 5765 ,
1730 5697 1816 5753 18.
1900 5698 1943 5729 ⁸⁵
1983 5698 2045 5751 IV
2082 5697 2136 5752 R7

2253 5715 2312 5764 ll,
2347 5699 2432 5753 11.
2509 5701 2556 5732 ¹⁵
2581 5698 2748 5754 Zach.
2790 5714 2829 5765 ι,
2861 5699 2912 5754 8.
