3928 6196
167 315 242 378 illi
1148 309 1215 371 ΙΝ
1253 313 1550 371 CANTICA
1588 309 1860 369 CANTIC.
1906 312 2192 370 HOMILIA
2231 315 2318 371 lll.

3344 169 3360 196 δ

3274 323 3379 377 814

165 438 244 492 ἀπὸ
284 438 380 508 τῆς
430 437 728 506 Αἰγυπτίας
785 437 945 502 ἰλύος.
1002 435 1211 490 Οὐκοῦν
1258 437 1477 508 ἐπειδὴ,
1525 434 1705 498 καθώς

1810 433 2115 491 missionis.
2145 435 2316 506 Igitur
2342 434 2804 506 quandoquidem,
2826 437 2966 492 sicut
2997 435 3132 492 dicit
3156 437 3378 496 divinus

164 530 338 599 φησινό
393 527 535 591 θεῖος
597 528 952 591 Ἀπόστολος,
1000 527 1178 580 πάντα
1224 527 1360 596 πρὸς
1423 526 1706 580 νουθεσίαν

162 620 284 691 ἡμῶν
327 621 781 690 ἀναγέγραπται,
831 621 931 676 ὅσα
980 622 1013 691 ή
1069 619 1426 682 θεόπνευστος
1459 619 1702 689 περιέχει

161 711 314 783 Γραφή
333 727 348 742 ο
393 711 544 764 οὐδὲν
572 710 701 765 ἄλλο
730 711 763 781 ἢ
799 710 1156 781 συμϐουλεύει
1185 709 1276 764 διὰ
1304 710 1413 763 τῶν
1443 710 1578 780 πρὸς
1607 709 1704 779 τὴν

158 804 345 874 νύμφην
377 803 694 877 εἰρημένωνΔ
727 807 756 857 ό
791 805 960 873 Λόγος
988 807 1140 875 ἡμῖν,
1177 807 1257 859 ὅτι
1291 805 1395 876 χρὴ
1431 805 1524 859 καὶ
1556 806 1704 874 ἡμᾶς

157 894 318 962 ἔποχον
346 893 677 964 δεξαμένους
703 895 788 962 ἐφ’
814 893 1021 947 ἑαυτῶν
1053 893 1144 948 τὸν
1185 893 1357 964 Λόγον
1382 936 1397 959 ,
1446 897 1539 948 καὶ
1571 911 1704 948 κατ-

157 986 568 1055 αγωνισαμένους
596 986 695 1055 τὴν
724 984 1025 1052 Αἰγυπτίαν
1076 986 1241 1039 ἵππον
1279 986 1462 1048 αὐτοῖς
1495 987 1703 1055 ἅρμασι

157 1080 232 1132 καὶ
274 1078 598 1140 ἀναϐάταις,
633 1077 728 1129 καὶ
763 1078 942 1130 πᾶσαν
984 1077 1162 1132 αὐτῶν
1201 1077 1298 1148 τὴν
1335 1078 1574 1149 πονηρὰν
1615 1079 1703 1132 δυ-

152 1169 375 1224 ναστείαν
402 1168 482 1238 τῷ
510 1168 666 1222 ὕδατι
690 1169 1146 1233 καταπνίξαντας,
1175 1169 1346 1233 οὕτως
1373 1170 1699 1240 ὁμοιωθῆναι

148 1265 204 1333 τῇ
229 1261 447 1331 δυνάμει
471 1261 676 1332 ἐκείνῃ,
710 1261 962 1334 καθάπερ
992 1262 1114 1315 τινὰ
1144 1263 1308 1315 ίππον
1336 1263 1433 1332 τὴν
1466 1263 1702 1315 ἀντικει-

148 1355 299 1426 μένην
327 1353 586 1424 στρατιὰν
613 1352 908 1422 ὲναφέντας
937 1353 1015 1424 τῷ
1048 1353 1217 1408 ὕδατι.
1251 1353 1338 1417 Ὠς
1365 1354 1408 1406 δ’
1440 1353 1506 1407 ἂν
1537 1352 1704 1422 σαφέ-

147 1462 321 1515 στερον
367 1444 634 1514 μάθοιμεν
661 1444 724 1496 τὸ
756 1445 1066 1516 λεγόμενον,
1097 1445 1338 1500 τοιοῦτόν
1369 1448 1542 1500 ἐστιν’
1586 1447 1702 1498 Οὐκ

142 1539 276 1590 ἔστιν
319 1537 649 1607 ὁμοιωθῆναι
695 1539 764 1607 τῇ
809 1537 980 1608 ἵππῳ,
1014 1537 1080 1590 δι’
1119 1537 1186 1607 ἧς
1231 1539 1302 1591 τὰ
1335 1537 1555 1608 ἅρματα
1593 1537 1702 1589 τῶν

139 1631 438 1697 Αἰγυπτίων
462 1628 540 1699 τῷ
563 1629 708 1700 βυθῷ
730 1624 1118 1696 κατεποντώθη,
1140 1627 1268 1697 εἰμή
1285 1641 1368 1692 τις
1380 1627 1467 1683 διὰ
1483 1627 1576 1682 τοῦ
1597 1645 1700 1698 μυο

143 1720 324 1774 στικοῦ
374 1720 564 1783 ὓδατος
593 1721 690 1790 τῆς
741 1719 836 1772 τοῦ
869 1721 1242 1791 ἀντικειμένου
1276 1720 1520 1783 δουλείας
1551 1720 1701 1773 ιξλευ⁶
1731 1761 1775 1822 Β

135 1811 472 1882 θερούμενος,
507 1812 617 1864 πᾶν
647 1810 1016 1878 Αἰγυπτιάζον
1039 1812 1237 1882 νόημα,
1266 1811 1361 1865 καὶ
1392 1813 1569 1864 πᾶσαν
1601 1810 1698 1864 ἀλ-

131 1898 353 1967 λόφυλον
391 1899 590 1953 κακίαν
634 1917 694 1952 τε
738 1899 834 1952 καὶ⁸
864 1899 1138 1970 ἁμαρτίαν
1167 1900 1246 1970 τῷ
1289 1900 1438 1954 ὕδατι
1481 1901 1700 1954 καταλι-

133 1989 241 2042 πὼν
261 2031 278 2056 ,
332 1989 570 2061 καθαρὸς
603 1989 806 2062 ἀναδύῃ
832 2031 846 2053 ,
902 1989 1069 2060 μηδὲν
1098 1990 1196 2060 τῆς
1227 1989 1528 2060 Αἰγυπτίας
1573 2009 1699 2043 συν-

133 2079 382 2150 ειδήσεως
467 2080 547 2151 τῷ
623 2080 762 2151 μετὰ
837 2079 1007 2133 ταῦτα
1074 2079 1174 2150 βίῳ
1244 2082 1696 2151 συνεπαγόμενος.

141 2170 193 2222 Ὀ
223 2171 336 2241 γὰρ
371 2170 619 2242 ἀκριϐῶς
652 2171 841 2225 πασῶν
875 2169 1222 2242 καθαρεύσας
1250 2171 1359 2226 τῶν
1385 2173 1701 2242 Αἰγυπτίων

123 2262 362 2332 πληγῶν,
409 2265 642 2335 αἵματος
665 2284 694 2328 ,ν
732 2265 825 2318 καὶ
871 2264 1177 2336 βατράχων,
1227 2266 1321 2318 καὶ
1373 2265 1697 2335 φλυκτίδων,

116 2355 210 2406 καὶ
236 2355 485 2425 σκότους,
517 2355 738 2425 άκρίδος
766 2372 825 2408 τε
864 2357 958 2408 καὶ
997 2357 1258 2419 σκνιπῶν,
1288 2357 1382 2410 καὶ
1420 2357 1661 2428 χαλάζης
1683 2399 1696 2422 ,

113 2444 207 2495 καὶ
241 2445 346 2514 τῆς
375 2443 469 2497 τοῦ
505 2445 676 2516 πυρὸς
710 2445 1038 2518 ἐπομϐρίας,
1087 2447 1182 2500 καὶ
1219 2447 1327 2500 τῶν
1357 2447 1581 2514 λοιπῶν,
1623 2445 1699 2502 ὧν

113 2535 366 2606 ἱστορίας
407 2536 682 2607 μέμνηται
725 2535 902 2605 λόγος,
936 2530 1092 2600 οὗτος
1129 2538 1280 2602 ἄξιός
1322 2541 1471 2591 ἐστιν
1503 2541 1700 2610 ὁμοιω·

109 2624 278 2694 θῆναι
303 2628 372 2696 τῇ
405 2626 632 2696 δυνάμει
660 2629 861 2699 ἐκείνῃ,
892 2623 958 2698 ἧς
986 2627 1179 2698 ἔποχος
1211 2629 1239 2680 ὁ
1268 2629 1439 2697 Λόγος
1467 2631 1696 2698 γίνεται.

110 2717 348 2780 Πάντως
373 2718 432 2772 δὲ
459 2718 559 2771 οὑκ
587 2718 888 2790 ἀγνοοῦμεν
915 2719 982 2773 τὰ
1008 2719 1095 2773 διὰ
1115 2719 1223 2773 τῶν
1247 2720 1470 2791 πληγῶν
1502 2738 1699 2793 σημαι-

111 2808 344 2877 νόμενα,
376 2809 492 2873 πῶς
521 2809 727 2878 γίνεται
747 2814 861 2874 τοῖς
891 2811 1205 2879 Αἰγυπτίοις
1228 2811 1288 2864 τὸ
1323 2808 1462 2882 αἷμα
1493 2797 1696 2883 πληγὴ,

113 2901 210 2952 καὶ
247 2903 282 2971 ἡ
321 2902 430 2956 τῶν
461 2901 746 2974 βατράχων
771 2903 938 2974 ὀσμὴ,
971 2903 1063 2957 καὶ
1091 2905 1124 2974 ὴ
1172 2903 1266 2958 τοῦ
1311 2905 1489 2974 φωτὸς
1527 2908 1607 2969 εἰς
1639 2907 1699 2959 τὸ

116 2993 312 3056 σκότος
369 2992 673 3063 μεταϐολὴ,
707 2993 802 3046 καὶ
829 2993 897 3046 τὰ
950 2992 1070 3048 καθ’
1109 2995 1338 3048 ἕκαστον
1367 2995 1562 3049 πάντα.
1604 2997 1701 3059 Τίς

1806 526 2182 594 Apostolus“,
2221 527 2403 581 omnia
2434 527 2637 597 scripta
2664 534 2793 582 sunt
2818 527 2883 580 ad
2913 536 3161 583 nostram
3197 531 3378 587 admo-

1808 615 2104 682 nitionem,
2161 633 2283 687 quze
2312 618 2573 674 divinitus
2625 618 2887 687 inspirata
2936 622 3179 677 continet
3227 620 3378 678 Scri-

1809 713 1966 775 ptura
1997 727 2009 760 :
2043 707 2179 761 nihil
2210 709 2356 764 aliud
2405 709 2564 766 nobis
2613 711 2853 765 consulit
2881 709 3120 766 Verbum
3167 729 3264 781 per
3311 729 3376 770 ca

1806 813 1926 866 qua:
1951 797 2093 854 dicta
2120 809 2246 855 sunt
2276 817 2510 869 sponsas,
2542 817 2703 872 quam
2733 801 2878 872 quod
2910 819 3012 858 nos
3042 812 3258 873 oportet
3283 821 3378 860 su-

1805 904 1902 958 pra
1933 905 2034 947 nos
2061 901 2319 962 suscepto
2348 893 2527 949 Verbo
2567 903 2804 962 vectore,
2851 904 2905 951 et
2939 895 3169 951 devictis
3219 899 3376 967 equis

1806 978 2102 1052 Egyptiis,
2149 999 2273 1038 eum
2321 985 2462 1054 ipsis
2508 986 2762 1042 curribus
2791 997 2844 1040 et
2874 989 3283 1055 ascensoribus,
3320 1000 3376 1043 et

1805 1073 2059 1128 omnibus
2090 1074 2353 1144 improbis
2391 1077 2566 1147 cepiis
2613 1076 2915 1142 suffocatis,
2970 1079 3044 1132 ita
3076 1079 3374 1134 assimilari

1806 1160 1916 1216 illis
1945 1163 2139 1234 copiis,
2172 1175 2430 1234 tanquam
2459 1168 2760 1237 equitatum
2787 1166 3097 1237 quemdam,
3139 1184 3236 1223 eos
3279 1171 3372 1239 qui

1804 1252 2177 1310 adversarium
2208 1257 2504 1311 exercitum
2549 1258 2605 1310 in
2647 1271 2843 1327 aquam
2873 1257 3271 1314 demerserunt.
3306 1259 3376 1315 lJt

1805 1351 1984 1399 autem
2017 1346 2260 1415 apertius
2305 1347 2674 1417 intelligamus
2722 1347 2867 1418 quod
2919 1349 3141 1415 dicitur,
3193 1350 3249 1404 id
3291 1363 3376 1407 est

1803 1436 2107 1505 ejusmodi:
2133 1433 2274 1490 Fieri
2296 1449 2400 1492 non
2422 1447 2600 1509 potest
2629 1449 2684 1493 ut
2717 1441 3051 1495 assimiletur
3084 1441 3372 1512 quisquam

1803 1527 1980 1596 equis,
2005 1542 2104 1596 per
2130 1542 2268 1597 quos
2298 1529 2354 1582 in
2387 1530 2714 1598 profundum
2751 1539 2881 1585 sunt
2910 1533 3146 1587 demersi
3177 1547 3374 1587 currus

1803 1615 2204 1690 Egyptiorum,
2234 1619 2340 1674 nisi
2373 1635 2470 1689 per
2501 1635 2699 1690 aquam
2730 1621 3020 1692 mysticam
3049 1622 3316 1678 liberatus
3343 1639 3372 1675 a

1807 1709 2067 1764 servitute
2115 1710 2448 1776 adversarii,
2497 1712 2646 1766 omni
2708 1729 2873 1768 sensu
2929 1713 3273 1784 Egyptiaco,
3319 1723 3375 1769 et

1808 1799 1957 1852 omni
1980 1808 2208 1854 externo
2240 1800 2374 1856 vitio
2399 1809 2454 1856 et
2483 1810 2708 1872 peccato
2742 1804 2797 1857 in
2829 1819 2966 1874 aqua
2991 1805 3206 1868 relicto,
3235 1821 3373 1875 pure
3458 1817 3464 1824 '

1806 1900 2070 1963 emergat,
2104 1891 2439 1963 Egyptiacae
2469 1893 2820 1949 conscientia:
2865 1895 3001 1949 nihil
3045 1909 3230 1950 secum
3274 1895 3371 1950 ad-

1807 1978 2015 2034 ducens
2063 1981 2115 2034 in
2164 1981 2331 2036 vitam
2377 1990 2566 2051 postea
2617 1983 2879 2038 futuram.
2929 1984 3034 2050 Qui
3083 1987 3230 2040 enim
3285 1993 3370 2042 est

1808 2071 1968 2140 plane
1991 2087 2158 2142 purus
2182 2073 2252 2129 ab
2276 2075 2531 2131 omnibus
2558 2076 2731 2145 plagis
2758 2075 3049 2146 Egyptiis,
3082 2078 3369 2147 sanguine,

1807 2169 1861 2215 et
1892 2163 2064 2226 ranis,
2110 2173 2162 2218 et
2209 2165 2467 2233 pustulis,
2513 2173 2567 2220 ct
2615 2165 2877 2229 tenebris,
2931 2167 3269 2238 locustisque
3318 2179 3373 2224 et

1807 2249 2255 2322 scyniphibus,et
2277 2254 2562 2324 grandine,
2585 2265 2638 2311 et
2669 2256 2842 2311 imbre
2871 2257 3031 2328 ignis,
3061 2267 3116 2314 et
3161 2259 3374 2317 cwteris

1807 2357 2044 2411 quorum
2068 2343 2251 2398 divina
2280 2345 2527 2400 meminit
2560 2345 2810 2411 historia,
2860 2347 2906 2402 is
2940 2347 3139 2419 dignus
3170 2357 3254 2405 est
3281 2351 3376 2422 qui

1807 2439 2140 2494 assimiletur
2181 2438 2262 2494 illi
2309 2440 2496 2495 virtuti
2547 2441 2706 2511 cujus
2748 2443 2984 2498 Verbum
3038 2452 3123 2500 est
3165 2453 3375 2500 vector.

1807 2527 2042 2586 Omnino
2069 2538 2250 2586 autem
2289 2545 2399 2586 non
2433 2532 2746 2602 ignoramus
2781 2549 2846 2590 ea
2890 2550 3011 2604 quae
3059 2535 3375 2606 signiﬁcan-

1807 2629 1898 2674 tur
1929 2636 2024 2691 per
2073 2622 2282 2692 plagas,
2319 2622 2779 2691 quemadmodum
2830 2624 3101 2696 Egyptiis
3154 2627 3377 2697 sanguis

1809 2709 1911 2765 fuit
1957 2712 2138 2782 plaga,
2190 2723 2244 2767 et
2276 2713 2412 2767 odor
2441 2727 2721 2779 ranarum,
2765 2724 2819 2770 et
2862 2716 3002 2772 lucis
3034 2717 3088 2770 in
3122 2718 3376 2772 tenebras

1808 2803 2058 2869 mutatio,
2092 2812 2147 2857 et
2186 2810 2381 2858 caetera
2431 2804 2634 2858 omnia.
2688 2802 2822 2869 Quis
2865 2805 3011 2859 enim
3061 2807 3235 2862 nescit
3281 2822 3378 2876 per

1809 2895 2114 2964 cujusmodi
2148 2895 2318 2950 vitam
2351 2897 2410 2950 lit
2453 2896 2678 2966 sanguis
2709 2897 3000 2967 quispiam,
3037 2898 3105 2952 ab
3132 2913 3198 2954 eo
3230 2899 3378 2969 quod

1808 2985 1960 3054 prius
2008 2996 2126 3041 erat
2157 2987 2395 3057 potabile
2450 2997 2694 3044 mutatus
2739 2990 2792 3044 in
2827 2990 3236 3059 corruptionem
3275 2999 3379 3046 :et

114 3081 222 3153 γὰρ
261 3083 368 3136 οὐκ
396 3079 505 3137 οἶδε
533 3083 621 3136 διὰ
653 3084 899 3138 ποταποῦ
936 3083 1051 3154 βίου
1083 3080 1224 3156 αἷμά
1248 3087 1332 3150 τις
1363 3086 1594 3154 γίνεται,
1635 3090 1699 3140 ὲκ

1809 3077 1941 3148 quid
1981 3076 2207 3144 faciens,
2237 3079 2383 3136 domi
2433 3096 2546 3136 suae
2596 3090 2847 3152 procreat
2878 3089 3078 3136 tetrum
3114 3097 3374 3138 ranarum

121 3175 358 3245 ποτίμου
396 3176 491 3229 τοῦ
537 3176 799 3250 πρότερον
830 3178 910 3242 εἰς
950 3177 1251 3249 διαφθορὰν
1298 3177 1698 3251 ἁλλοιούμενος·
1721 3178 1738 3193 '

122 3264 217 3317 καὶ
238 3268 294 3318 τί
331 3265 497 3320 ποιῶν
526 3265 782 3336 ξωογονεῖ
802 3267 882 3338 τῷ
918 3269 1032 3340 ίδίῳ
1065 3269 1198 3340 οῐκῳ
1228 3270 1329 3343 τὴν
1362 3270 1470 3324 τῶν
1499 3271 1702 3343 βατρά-

126 3372 232 3423 χων
263 3357 550 3410 δυσωδίαν·
581 3359 676 3410 καὶ
708 3357 822 3421 πῶς
851 3364 1138 3429 μεταποιεῖ
1163 3361 1254 3415 τὸν
1279 3365 1537 3432 φωτεινὸν
1566 3363 1700 3433 βίον,

131 3447 203 3510 εἰς
225 3447 366 3518 ἔργα
394 3449 552 3501 νυκτὶ
594 3447 724 3517 φίλα
752 3451 843 3502 καὶ
878 3447 1110 3522 ζοφώδη,
1142 3452 1211 3505 δι’
1247 3448 1321 3506 ὧν
1352 3455 1384 3524 ἡ
1421 3455 1519 3524 τῆς
1548 3455 1701 3523 γεέν-

134 3556 223 3608 νης
246 3540 481 3609 κάμινος
505 3541 604 3606 τὰς
631 3542 870 3613 πονηρὰς
891 3545 991 3614 τῆς
1009 3543 1384 3615 κατακρίσεως
1410 3545 1702 3614 φλυκτίδας

138 3629 374 3694 ἀνδαζέειν
417 3635 598 3698 ποιεῖς
631 3632 786 3687 Οὕτω
819 3633 875 3686 δὲ
907 3633 1002 3687 καὶ
1026 3635 1092 3688 τὰ
1107 3635 1229 3688 καθ’
1253 3636 1483 3690 ἕκαστον
1505 3637 1613 3689 τῶν
1645 3637 1703 3689 ἐν

143 3722 386 3792 Αἰγύπτῳ
424 3725 611 3778 κακῶν
639 3725 818 3797 ῥᾴδιον
861 3726 1182 3797 μεταϐαλεῖν
1211 3729 1292 3792 εἰς
1337 3729 1617 3784 παίδευσίν
1646 3747 1705 3783 τε

146 3816 227 3867 καὶ
269 3818 645 3888 σωφρονισμὸν
685 3818 777 3872 τοῦ
808 3819 1116 3887 ἀκούοντος,
1157 3820 1293 3874 ἀλλὰ
1343 3820 1594 3892 περιττὸν
1643 3821 1708 3876 ἂν

151 3902 222 3973 τίη
253 3907 510 3976 μηκύνειν
543 3907 632 3960 διὰ
664 3907 774 3960 τῶν
802 3907 1245 3980 ὁμολογουμένων
1273 3910 1363 3962 τὸν
1389 3909 1564 3978 λόγον.

212 3994 418 4049 τούτων
462 3997 638 4052 τοίνυν
672 4001 763 4052 καὶ
798 3999 905 4054 τῶν
937 4001 1194 4055 τοιούτων
1230 4001 1515 4074 κρείττους
1557 4003 1709 4069 γενόο

160 4099 306 4150 μελίαι,
340 4087 433 4138 καὶ
464 4086 543 4158 τῷ
575 4087 694 4158 Θεῷ
734 4089 1153 4158 πλησιάσαντες,
1188 4091 1283 4144 καὶ
1309 4092 1462 4144 αὐτοὶ
1497 4093 1711 4156 πάντως

1807 3168 2028 3225 odorem
2065 3189 2078 3225 :
2131 3177 2186 3226 et
2216 3171 2674 3242 quemadmodum
2710 3180 3040 3227 transmutat
3091 3174 3258 3228 vitam
3293 3175 3378 3226 lu-

1806 3260 1985 3315 cidam
2014 3261 2068 3316 in
2101 3277 2267 3332 opera
2317 3263 2492 3318 amica
2523 3264 2668 3317 nocti
2701 3271 2756 3317 et
2801 3263 3062 3327 tenebris,
3107 3278 3205 3334 per
3258 3279 3379 3334 qum

1808 3350 2002 3406 fornax
2068 3353 2330 3423 gehennae
2399 3353 2530 3408 facit
2589 3355 2818 3409 ebullire
2895 3356 3068 3410 malas
3131 3355 3380 3426 pustulas

1807 3439 2220 3496 damnationis?
2272 3443 2350 3498 lta
2394 3451 2574 3498 autem
2628 3443 3056 3514 unumquodque
3100 3457 3164 3498 ex
3221 3443 3381 3498 malis

1811 3545 1934 3598 quae
1983 3537 2116 3586 sunt
2162 3533 2216 3586 in
2268 3531 2524 3603 Egypto,
2580 3531 2740 3588 facile
2776 3543 2862 3590 est
2907 3541 3278 3588 transmutare
3313 3533 3380 3588 ad

1811 3621 2172 3678 eruditionem
2209 3630 2263 3678 et
2291 3624 2720 3694 castigationem
2747 3624 3036 3679 auditoris.
3077 3623 3181 3679 Sed
3218 3625 3383 3680 fuerit

1813 3726 2277 3782 supervacaneum
2335 3713 2626 3768 extendere
2684 3713 2986 3768 orationem
3050 3727 3148 3781 per
3191 3726 3256 3767 ea
3311 3713 3382 3767 de

1815 3803 2018 3873 quibus
2047 3811 2282 3859 constat.

1878 4004 2016 4059 Cum
2039 4004 2123 4059 his
2151 4018 2280 4075 ergo
2301 4012 2355 4060 et
2378 4019 2498 4075 qua:
2527 4010 2654 4059 sunt
2681 4003 2998 4072 huiusmodi
3024 4002 3368 4059 evaserimus

1811 4097 2124 4168 superiores
2144 4140 2158 4163 ,
2191 4105 2246 4151 et
2277 4095 2386 4152 Deo
2418 4097 3041 4168 apprOpinquavcrimus
3066 4136 3079 4158 ,
3108 4096 3210 4165 ipsi
3243 4110 3382 4166 quo-

159 4175 496 4248 ἀκουσόμεθα·
533 4181 612 4233 ὅτι
647 4179 725 4251 τῇ
756 4182 918 4247 ἵππῳ
953 4201 1073 4252 μου
1112 4182 1184 4236 ἐν
1233 4181 1459 4252 ἅρμασι
1501 4183 1705 4252 Φαραὼ

1810 4202 1918 4257 que
1944 4186 2172 4240 omnino
2207 4187 2493 4243 audiemus
2535 4202 2548 4236 :
2598 4182 2876 4256 Equitatui
2909 4201 3021 4239 meo
3053 4185 3108 4239 in
3135 4183 3379 4238 curribus

157 4262 408 4334 ὡμοίωσὰ
435 4286 531 4334 σε,
563 4271 602 4338 ή
647 4273 912 4339 πλησίον
951 4290 1091 4342 μου.
1153 4272 1314 4325 ’Δλλὰ
1354 4273 1516 4326 λυπεῖ
1549 4274 1705 4344 τυχὸν

1818 4278 2118 4333 Pharaonis
2151 4288 2198 4333 te
2219 4279 2535 4341 assimilavi,
2556 4279 2847 4349 propinqua
2877 4294 3012 4344 mea;
3039 4277 3135 4332 sed
3157 4290 3252 4332 eos
3283 4276 3377 4346 qui

153 4359 265 4422 τοὺς
308 4361 590 4434 σώφρονας
639 4364 731 4417 καὶ
778 4364 1016 4435 καθαρὸν
1062 4365 1436 4436 ἐξησκηκότας
1487 4366 1619 4437 βίον,
1675 4367 1708 4436 ἠ

154 4450 276 4523 πρὸς
295 4452 384 4504 τὸν
409 4454 577 4507 ἵππον
605 4453 880 4524 ὁμοίωσιςο
907 4456 1038 4509 διότι
1068 4456 1252 4509 πολλοὶ
1274 4457 1381 4510 τῶν
1415 4456 1710 4528 προφητῶν

144 4542 570 4612 ἀπαγορεύουσιν
605 4547 733 4616 ἡμῖν
767 4545 826 4599 τὸ
868 4546 1180 4616 ὁμοιοῦσθαι
1222 4550 1335 4612 τοῖς
1376 4549 1585 4614 ἵπποις,
1617 4550 1710 4603 τοῦ

142 4637 242 4706 μὲν
287 4634 550 4704 Ἰερεμίου
577 4635 672 4706 τὴν
719 4637 969 4708 μοιχικὴν
1009 4636 1212 4690 λύσσαν
1247 4636 1325 4707 τῷ
1352 4639 1575 4708 ὀνόματι
1605 4639 1713 4694 τῶν

136 4727 321 4780 ἵππων
351 4725 814 4796 διασημάναντος,
851 4728 909 4779 ὲν
945 4722 1025 4790 οἷς
1053 4744 1237 4796 φησιν·
1281 4728 1488 4782 "laxat
1529 4732 1713 4797 θηλυ-

131 4815 346 4888 μσνεῖς
365 4815 758 4883 ἐγενήθησαν,
785 4817 1040 4883 ἕκαστος
1061 4817 1157 4871 ἐπὶ
1186 4817 1300 4885 τὴν
1329 4819 1581 4888 γυναῖκα
1605 4820 1712 4875 τοῦ

131 4907 409 4972 πλησίον
438 4907 625 4961 αὑτοῦ
657 4907 1001 4976 ἐχρεμέτιζε·
1049 4907 1143 4960 τοῦ
1170 4909 1226 4962 δὲ
1268 4910 1503 4978 μεγάλου
1550 4911 1714 4965 Δαόὶδ

129 4997 372 5068 φώερδν
394 4998 713 5070 ποιουμένου
740 4999 801 5051 τὸ
827 4999 902 5062 ὠς
933 5000 1096 5053 ἵππον
1119 5000 1237 5054 τινὰ
1266 5001 1358 5054 καὶ
1387 5003 1611 5072 ἡμίονον
1636 5003 1713 5070 γί-

129 5088 346 5147 νεσθαι.
377 5081 450 5140 ὧν
477 5088 683 5142 κελεύει
713 5083 1004 5159 κατασχεῖν
1035 5091 1092 5143 ὲν
1123 5089 1286 5161 κημῷ
1317 5107 1375 5143 τε
1398 5093 1492 5145 καὶ
1513 5092 1714 5162 χαλινῷ

129 5182 237 5242 τὰς
282 5179 558 5246 σιαγόνας.
606 5179 704 5233 Διὰ
749 5180 908 5233 τοῦτο
955 5181 1356 5250 παραμυθεῖται
1396 5184 1474 5254 τῷ
1513 5185 1712 5255 ἐφεξῆς

127 5276 280 5340 λόγῳ
309 5270 410 5340 τὴν
439 5270 691 5340 tandem
724 5270 980 5335 διάνοιαν,
1010 5272 1205 5341 λέγων’
1244 5274 1328 5327 ὅτι
1359 5275 1433 5327 Ού
1468 5276 1712 5331 τοιαῦταί

133 5382 234 5419 σου
263 5362 401 5416 εἰσὶν
426 5363 482 5414 αἰ
509 5363 770 5431 σιαγόνες,
803 5364 908 5418 κᾶν
935 5364 1098 5428 ἵππος
1126 5361 1214 5437 ᾖς.
1254 5366 1329 5427 ὠς
1362 5367 1540 5438 κημοῦ
1574 5367 1714 5439 χρῄ-

133 5459 254 5522 ζειν
285 5455 383 5508 καὶ
412 5453 626 5524 χαλινοῦ
660 5456 739 5517 εἰς
779 5455 1032 5526 ἀγχόνην·
1064 5456 1200 5510 ἀλλά
1239 5474 1320 5510 σοι
1353 5457 1442 5512 διὰ
1469 5458 1570 5528 τῆς
1608 5477 1712 5513 καο

133 5546 438 5616 ιαρςτητος
481 5544 590 5597 τῶν
635 5545 912 5617 τρυγόνων
957 5548 988 5617 ἡ
1032 5547 1236 5615 σιαγὼν
1286 5548 1709 5613 καλλωπίζεται.

211 5723 254 5753 ²⁴
291 5718 462 5774 lCor.
493 5734 549 5780 ι,
580 5718 667 5772 lt.
741 5720 786 5750 ’⁷
811 5717 1008 5774 Jercm.
1047 5735 1099 5784 v,
1128 5721 1180 5776 8.
1257 5721 1300 5752 ³⁸
1324 5719 1469 5778 Psal.
1504 5737 1651 5788 uxr,
1687 5724 1741 5776 9.

1813 4375 2165 4437 temperatam
2203 4375 2258 4422 et
2286 4382 2476 4437 puram
2524 4367 2692 4421 vitam
2728 4356 3114 4430 exercuerimt,
3146 4363 3382 4419 fortasse

1815 4458 1957 4512 male
1994 4457 2158 4511 habet
2194 4456 2350 4519 illud,
2389 4471 2449 4511 se
2485 4471 2628 4526 equo
2672 4470 2795 4510 esse
2825 4454 3158 4510 assimilatas
3203 4471 3217 4507 ε
3256 4467 3383 4523 pro-

1815 4557 1998 4619 pterca
2049 4548 2191 4618 quod
2239 4547 2396 4601 multi
2447 4546 2724 4617 propheta
2769 4547 2928 4602 nobis
2972 4545 3266 4616 prohibent
3308 4545 3384 4600 'ne

1813 4637 2181 4693 assimilemur
2208 4636 2366 4706 equis
2386 4678 2401 4700 ,
2430 4650 2553 4692 cum
2585 4634 2852 4692 Jeremias
2884 4636 3101 4706 quidem
3129 4635 3381 4692 adulterii

1814 4729 2020 4783 rabiem
2049 4743 2318 4798 equorum
2355 4728 2575 4782 nomine
2605 4727 3014 4798 signiﬁi-averit,
3051 4742 3173 4780 eum
3201 4727 3337 4782 dicit
3364 4745 3379 4782 :

1815 4819 1953 4890 Equi
1988 4821 2042 4874 in
2079 4821 2305 4890 feminas
2338 4829 2609 4874 currentes
2653 4819 2783 4887 facti
2814 4828 2935 4873 sunt
2968 4835 2984 4872 :
3029 4821 3384 4890 unusquisque

1752 4958 1769 4970 ε
1814 4912 2082 4965 hinniebat
2107 4911 2175 4965 ad
2208 4926 2423 4966 uxorem
2447 4911 2677 4978 proximi
2709 4912 2792 4964 sui
2818 4913 2862 4946 "
2893 4928 2908 4975 ;
2942 4925 3174 4980 magnus
3199 4920 3381 4967 autem

1814 5003 1984 5058 David
2012 5019 2124 5058 rem
2148 5003 2365 5058 duxerit
2382 5019 2505 5058 esse
2525 5003 2844 5067 terribilem,
2869 5002 2983 5058 tieri
3011 5003 3152 5058 sicut
3178 5020 3381 5075 equum

1814 5105 1868 5151 et
1897 5094 2102 5147 mulum
2138 5112 2150 5147 :
2195 5109 2428 5163 quorum
2470 5093 2625 5162 jubet
2669 5094 2722 5147 in
2753 5108 2909 5149 camo
2929 5100 2983 5148 et
3010 5093 3164 5149 freno
3191 5095 3385 5148 maxil~

1815 5187 1898 5240 las
1937 5185 2310 5254 constringere
2332 5185 2399 5237 "'.
2435 5185 2499 5238 Et
2533 5183 2654 5239 ideo
2690 5199 2756 5238 eo
2794 5184 2938 5252 quod
2981 5183 3242 5253 deinceps
3294 5199 3383 5239 se-

1815 5276 2024 5346 quitur,
2059 5290 2183 5328 cum
2241 5289 2461 5328 sensum
2498 5273 2741 5341 mitigat,
2788 5273 2977 5326 dicens
3031 5291 3044 5324 :
3095 5270 3209 5326 Non
3259 5280 3384 5327 sunt

1816 5367 2052 5422 maxilla:
2103 5374 2208 5420 tuae
2253 5365 2561 5435 ejusmodi,
2611 5373 2668 5418 ut
2721 5365 2863 5419 sicut
2910 5380 3084 5433 equus
3131 5380 3288 5418 camo
3334 5370 3382 5416 et

1819 5457 1972 5513 freno
1995 5473 2132 5528 opus
2155 5458 2356 5512 habeas
2386 5465 2440 5510 ut
2469 5455 2865 5526 eonstringaris
2892 5471 2903 5505 :
2936 5454 3032 5509 sed
3061 5470 3156 5525 per
3183 5453 3377 5524 purita-

1817 5558 1923 5602 tem
1953 5557 2226 5603 turtnrum
2257 5548 2357 5603 tibi
2384 5555 2612 5603 ornatur
2635 5562 2792 5618 gena.
2831 5545 2970 5602 Dicit
2994 5547 3139 5601 enim
3177 5541 3382 5608 πονου.
