3928 6196
56 5703 114 5778 ti...

126 4332 132 4373 i

223 283 299 341 817

1211 294 1273 351 ΙΝ
1315 295 1613 354 CANTIL'A
1663 297 1931 356 CANTIC.
1981 297 2262 355 HOMILIA
2297 300 2383 354 111.

3319 298 3421 353 818

219 404 292 473 τῆς
316 404 582 475 πονηρίας,
619 407 753 479 μήτε
781 408 848 461 δι’
877 408 1251 480 ὑπερηφανίας
1273 415 1626 481 οἰδαίνουσαν,
1659 418 1760 486 μή·

1875 433 1970 487 quc
2002 419 2106 471 ulla
2141 417 2244 470 alia
2283 416 2547 472 undarum
2581 415 2745 468 animi
2784 416 3204 484 perturbatione,
3249 416 3426 470 ullove

218 512 260 546 τε
285 497 378 557 τοῖς
403 495 498 548 τοῦ
534 495 707 566 θυμοῦ
744 498 980 568 κύμασιν
1020 500 1434 572 ὲξαιρρίζουσαν,
1473 507 1611 575 μήτε
1640 509 1757 558 κατ’

216 585 316 638 ἀλλο
343 603 389 637 τι
431 586 599 650 πάθος
649 587 1151 660 κλυδωνιζομένην,
1195 594 1288 646 καὶ
1326 598 1760 667 περιφερομένην

217 678 348 729 παντὶ
372 678 575 748 ἀνέμῳ,
599 677 678 748 τῷ
703 679 774 732 τὰ
802 681 1022 735 ποικίλα
1048 682 1268 753 κύματα
1291 684 1400 738 τῶν
1427 686 1760 757 παθημάτων

214 767 478 836 ἐγείροντιο
511 769 558 819 εί
593 770 770 821 τοίνυν
800 771 936 840 αύτή
961 788 1019 822 τε
1042 771 1216 834 οὕτως
1243 773 1377 842 ἔχοι,
1426 774 1520 825 καὶ
1552 777 1674 837 τοὺς
1705 776 1762 827 ἐν

213 854 272 924 τῷ
302 854 522 922 πελάγει
550 855 643 908 τοῦ
675 856 790 926 βίον
826 858 1254 930 χειμαζομένους
1305 863 1361 913 ὲν
1409 865 1529 924 ταῖς
1569 879 1762 916 παντο-

211 948 364 1001 δαπῶν
397 951 506 1002 τῶν
544 951 730 1005 κακῶν
758 955 1076 1024 τρικυμίαις
1102 959 1158 1008 ἐν
1190 958 1356 1027 ἑαυτῇ
1391 955 1760 1021 καταστέλλοι,

210 1039 502 1103 λίαναύτοῖς
534 1043 626 1094 καὶ
675 1042 988 1113 ἀκύμαντον
1020 1047 1118 1117 τὴν
1145 1047 1211 1100 δι’
1238 1049 1438 1119 ἀρετῆς
1492 1050 1634 1124 ζωὴν
1665 1054 1765 1120 ὑφ-

207 1131 503 1196 απλώσασα,
531 1131 669 1185 ὥστε
699 1138 822 1197 τοὺς
853 1136 911 1186 ὲν
944 1138 1081 1207 αὐτῇ
1111 1139 1401 1205 γεγονότας
1429 1141 1583 1203 ἐκτὸς
1615 1142 1763 1209 γίνε-

207 1221 311 1274 σθαι
343 1223 451 1274 τῶν
496 1225 561 1276 ἐκ
600 1225 860 1292 ναυαγίου
903 1227 1116 1293 κακῶν,
1165 1229 1344 1292 καλῶς
1385 1235 1496 1294 τοῖς
1525 1233 1629 1284 ὑπὸ
1670 1232 1762 1286 τοῦ

203 1311 355 1377 Λόγου
389 1313 801 1382 ἐπαινουμένοις
833 1316 1119 1386 όρμίσκοις
1158 1319 1458 1388 ὁμοιοῦται,
1500 1324 1599 1392 τῆς
1628 1321 1766 1392 πλη-

203 1404 437 1474 Θυντικῆς
481 1408 753 1476 σημασίας
808 1409 906 1478 τὴν
937 1410 995 1460 ὲν
1028 1410 1242 1480 ἑκάστῳ
1272 1411 1402 1464 εῖδει
1440 1415 1539 1482 τῆς
1565 1414 1766 1483 ἀρετῆς

200 1496 497 1564 τελειότητα
519 1496 909 1567 σημαινούσης.
952 1498 1017 1552 Εἰ
1042 1500 1149 1571 γὰρ
1172 1496 1239 1570 ἦν
1269 1501 1347 1553 ἑνὶ
1375 1501 1518 1571 μόνῳ
1549 1520 1768 1573 προσει-

197 1583 430 1652 κασμένη
457 1585 723 1656 ὀρμίσκῳ,
764 1588 960 1658 ἀτελὴς
1005 1589 1070 1642 ἂν
1120 1590 1336 1655 πάντως
1365 1592 1394 1643 ὀ
1425 1591 1642 1656 ἔπαινος
1677 1588 1764 1662 ἦν,

194 1671 263 1735 ὡς
283 1673 343 1724 οὐ
362 1673 461 1742 τὴν
481 1676 758 1741 αὐτὴνκαὶ
778 1679 869 1729 ἐπὶ
887 1678 994 1732 τῶν
1015 1680 1214 1735 λοιπῶν
1227 1682 1436 1751 ἀρετῶν
1461 1683 1766 1754 μαρτυρίαν

1862 518 2022 564 vento
2067 508 2194 572 lata,
2237 508 2328 575 qui
2380 507 2581 562 mullos
2626 509 2824 562 excitat.
2857 506 3055 561 ﬁuctus
3089 507 3256 560 animi
3291 506 3425 561 aﬁ’e-

1862 612 2046 655 ctuum
2083 617 2095 653 :
2146 599 2191 654 si
2221 612 2350 668 ergo
2395 598 2511 668 ipsa
2548 599 2618 651 ita
2652 613 2710 653 se
2749 598 2963 662 habeat,
3009 608 3062 652 ct
3110 615 3204 653 eos
3242 600 3334 668 qui
3372 601 3426 653 in

1863 692 1998 745 mari
2030 691 2154 744 vita:
2203 698 2521 758 tempestate
2565 690 2838 758 agitantur
2889 692 2942 741 in
3001 689 3228 743 summis
3269 705 3430 744 oume

1861 796 2034 851 genus
2081 781 2348 835 malorum
2384 781 2639 835 ﬁuctihus
2676 780 2816 849 apud
2848 795 2907 834 se
2935 779 2988 833 in
3018 781 3311 848 tranquillo
3343 796 3427 834 re-

1865 873 2061 937 tineat,
2089 873 2169 926 eis
2199 871 2413 940 planam
2449 880 2502 925 et.
2541 872 2704 925 nullis
2749 871 3005 941 procellis
3046 871 3304 939 agitatam
3339 887 3432 940 per

1865 965 2123 1018 virtutem
2157 963 2440 1031 explicans
2479 964 2644 1016 vitam
2685 982 2697 1014 :
2744 963 2879 1018 adeo
2914 971 2973 1016 ut
3012 963 3103 1032 qui
3132 961 3185 1015 in
3212 976 3274 1016 ea
3316 959 3434 1016 fue—

1867 1057 1974 1109 rint
2008 1055 2117 1108 sint
2143 1063 2298 1107 extra
2325 1053 2506 1107 omnia
2540 1054 2678 1106 mala
2711 1053 3004 1123 naufragii,
3041 1061 3187 1108 recte
3217 1067 3246 1106 a
3279 1051 3432 1106 Scri-

1867 1157 2024 1216 ptura
2059 1144 2396 1200 assimilatur
2430 1144 2732 1212 ὁρμίσκοις,
2765 1145 2819 1197 id
2851 1152 2955 1208 est,
2981 1145 3287 1214 torquibus,
3315 1159 3437 1214 qua:

1865 1236 2164 1292 efferuntur
2191 1249 2415 1289 numero
2454 1236 2673 1305 plurali,
2704 1251 2836 1289 voce
2882 1235 3222 1305 signiﬁcante
3260 1234 3436 1304 perfe-

1867 1327 2107 1380 CIionem
2135 1325 2189 1378 in
2223 1340 2551 1395 unaquaque
2585 1325 2802 1380 virtute.
2836 1323 2891 1380 Si
2924 1326 3069 1380 enim
3098 1325 3190 1380 uni
3218 1325 3318 1382 soli
3343 1340 3436 1380 as-

1869 1417 2103 1470 similata
2150 1417 2328 1486 torqui
2375 1423 2542 1478 esset,
2593 1417 2711 1471 laus
2748 1417 2970 1472 omnino
3016 1425 3162 1472 esset
3205 1417 3434 1483 inutilis,

1867 1505 2012 1575 quod
2038 1521 2145 1558 non
2177 1504 2314 1559 idem
2345 1505 2569 1559 traheret
2597 1505 2972 1559 testimonium
3005 1505 3059 1558 in
3084 1505 3299 1559 caeteris
3322 1505 3436 1558 vir-

1870 1597 2119 1652 tutibus:
2159 1610 2303 1649 nunc
2347 1607 2527 1650 autem
2569 1597 2817 1650 oratione
2851 1596 3233 1664 complectitur
3276 1608 3438 1648 omne

1868 1680 2130 1732 virtutum
2179 1679 2576 1742 testimonium,
2618 1695 2739 1748 qua:
2786 1680 2842 1732 ﬁt
2872 1679 3150 1746 torquiuln
3185 1677 3436 1732 multitu-

192 1762 320 1830 ἔχων
344 1782 358 1796 ο
394 1762 490 1816 νῦν
511 1765 567 1816 δὲ
589 1768 766 1820 πᾶσαν
785 1768 1146 1839 συλλαμϐάνει
1168 1772 1245 1842 τῷ
1261 1772 1404 1842 λόγῳ
1427 1773 1764 1845 τῶνάρετῶν

1875 1769 1996 1824 dini.
2017 1770 2362 1824 assimilatio.
2401 1770 2492 1824 Est
2520 1770 2623 1824 hoc
2651 1785 2870 1840 quoque
2901 1767 3378 1839 consilium,qdod
3407 1783 3436 1821 a

189 1854 281 1922 τὴν
299 1856 603 1925 μαρτυρίαν
641 1859 673 1928 η
695 1859 828 1929 πρὸς
848 1859 909 1911 τὸ
931 1861 1131 1930 πλῆθος
1150 1862 1258 1916 τῶν
1278 1863 1553 1934 όρμίσκων
1569 1863 1768 1934 ὁμοίω-

190 1959 286 2004 σις.
324 1945 432 1996 Καὶ
459 1946 615 2000 τοῦτο
639 1949 913 2022 συμϐουλή
939 1952 1021 2014 τίς
1054 1937 1170 2006 ἐστι
1197 1955 1348 2024 παρά
1374 1954 1466 2008 τοῦ
1493 1955 1663 2023 Λόγου
1689 1955 1766 2025 τῷ

188 2033 348 2102 κοινῷ
373 2036 475 2105 τῆς
506 2038 831 2110 Ἐκκλησίας
868 2045 1272 2114 προσαγομένη,
1299 2045 1358 2098 τὸ
1384 2045 1458 2116 μὴ
1484 2045 1592 2098 δεῖν
1620 2047 1764 2116 ἡμᾶς

186 2125 315 2194 πρὸς
351 2126 409 2177 ἓν
434 2145 486 2180 τι
525 2129 635 2182 τῶν
669 2131 886 2199 ἀγαθῶν
930 2134 1242 2203 βλέποντας,
1292 2136 1510 2206 ἀμελῶς
1545 2139 1765 2209 περὶτὰ

177 2212 348 2268 λοιπά
374 2220 481 2271 τῶν
510 2221 947 2293 κατορθωμάτων
974 2226 1136 2295 ἔχειν.
1172 2225 1310 2279 Ἀλλ’
1346 2227 1400 2280 εἴ
1431 2245 1512 2281 σοι
1548 2229 1769 2297 γέγονεν

168 2307 415 2379 c3qu
455 2313 800 2386 σωφροσύνη,
852 2317 1100 2388 καθάπερ
1143 2318 1254 2370 τισὶ
1300 2314 1664 2390 μαργαρίταις
1694 2319 1770 2390 τῷ

165 2398 322 2452 καθα
332 2400 413 2470 ρῷ
437 2402 537 2472 βίῳ
568 2404 658 2456 τὸν
685 2406 950 2475 τράχηλον
984 2407 1316 2479 λαμπρύνων
1346 2428 1358 2440 ο
1382 2409 1538 2463 ἕστω-
1566 2410 1647 2462 σοὶ
1678 2410 1772 2463 καὶ

161 2487 375 2558 ἕτερος
401 2491 589 2561 ὅρμος,
628 2495 656 2546 ὁ
689 2497 811 2558 τοὺς
854 2498 1069 2567 τιμίους
1099 2498 1280 2562 λίθους
1306 2500 1414 2553 τῶν
1455 2500 1686 2554 ἐντολῶν
1713 2502 1772 2554 ἐν

159 2576 370 2648 ἐαυτῷ
400 2583 763 2652 περιείργων,
800 2587 892 2638 καὶ
923 2587 990 2640 δι’
1025 2589 1218 2642 ἑαυτοῦ
1253 2590 1348 2660 τῆς
1388 2591 1584 2662 δέῤῥης
1612 2592 1769 2644 πλεο-

158 2662 369 2725 νάζων
399 2667 457 2718 τὸ
487 2668 714 2731 κάλλος·
771 2671 910 2725 ἔστω
948 2675 1028 2727 σοὶ
1061 2677 1155 2729 καὶ
1191 2677 1348 2741 ἄλλος
1382 2679 1582 2750 κόσμος
1612 2697 1769 2751 ⁷³⁵9⁵⁸

156 2756 458 2824 αυχένιος.
484 2761 516 2829 ἡ
539 2761 767 2833 εὐσεϐής
793 2781 853 2816 τε
877 2767 970 2818 καὶ
993 2767 1310 2835 ὑγιαίνουσα
1343 2769 1546 2837 πίστις,
1588 2769 1770 2841 κύκλῳ

153 2843 260 2896 τὸν
312 2848 422 2916 τῆς
456 2850 634 2920 ψυχῆς
676 2855 879 2925 αύχένα
907 2858 1366 2929 διαλαμϐάνουσα.
1430 2858 1595 2926 Οὗτός
1625 2865 1770 2918 ἐστιν

155 2935 186 2985 ό
212 2935 418 3002 κλοιὸς
446 2943 719 3014 όχρύσεος
747 2948 775 2997 ὁ
801 2949 864 3000 ἐκ
892 2948 986 3001 τοῦ
1020 2951 1297 3023 ἀκηράτου
1325 2956 1423 3024 τῆς
1445 2953 1772 3023 θεογνωσίας

1870 1860 2052 1917 Verbo
2091 1863 2364 1931 praebetur
2410 1863 2507 1915 toti
2552 1861 2829 1927 Ecclesiae,
2894 1876 3001 1915 non
3037 1868 3290 1931 oportere
3335 1875 3440 1915 nos

1869 1951 1933 2004 ad
1958 1966 2124 2004 unum
2143 1951 2360 2021 aliquod
2384 1951 2584 2005 bonum
2609 1950 2958 2021 aspicientes,
2979 1952 3033 2005 in
3055 1950 3268 2005 caeteris
3291 1958 3440 2005 recte

1869 2042 2030 2096 factis
2065 2057 2189 2096 esse
2211 2042 2565 2112 negligentes.
2633 2040 2736 2096 Sed
2766 2042 2811 2096 si
2844 2042 2914 2096 sit
2949 2042 3044 2096 tibi
3077 2041 3277 2096 monile
3305 2049 3439 2095 tem-

1868 2132 2148 2202 perantian,
2181 2132 2346 2186 veluti
2390 2133 2718 2201 quibusdam
2762 2133 3105 2200 margaritis,
3154 2145 3289 2201 pura
3331 2130 3441 2186 vita

1866 2225 1920 2280 in
1942 2224 2084 2279 collo
2117 2222 2470 2293 resplendens
2505 2241 2516 2277 :
2570 2224 2639 2278 sit
2675 2224 2770 2277 tibi
2828 2224 2974 2278 aliud
3007 2223 3238 2288 monile,
3292 2225 3437 2293 quod

1868 2315 2144 2386 pretiosas
2167 2329 2418 2382 gemmas
2444 2323 2843 2384 praeceptorum
2874 2315 2925 2367 in
2965 2329 3023 2369 se
3056 2315 3354 2378 contineat,
3386 2325 3441 2368 et

1870 2423 1965 2476 per
1996 2423 2056 2461 se
2090 2407 2142 2459 in
2175 2405 2390 2459 cervice
2417 2405 2694 2475 copiosam
2738 2406 3045 2476 suppeditet
3084 2406 3444 2476 pulchritudi-

1872 2513 2018 2551 nem.
2056 2495 2135 2549 Sit
2167 2496 2328 2549 ctiam
2353 2495 2450 2548 tibi
2480 2495 2627 2549 aliud
2655 2496 2777 2549 colli
2806 2506 3210 2563 ornamentum,
3251 2511 3443 2566 nempe

1872 2589 2080 2657 pietas,
2125 2595 2385 2655 rectaque
2414 2595 2466 2640 ct
2501 2601 2633 2642 sana
2669 2587 2830 2652 lides,
2880 2589 2934 2641 in
2984 2588 3171 2642 orbem
3205 2588 3442 2642 circum-

1873 2681 2009 2734 dans
2033 2678 2237 2732 collum
2265 2679 2477 2731 animae.
2522 2675 2635 2730 lloc
2678 2686 2762 2732 est
2787 2677 2988 2731 collare
3017 2692 3266 2744 aureum,
3297 2678 3442 2747 quod

1873 2787 1937 2827 ex
1968 2771 2187 2827 sincero
2221 2784 2360 2824 auro
2387 2768 2478 2824 Dei
2506 2768 2837 2839 cognitionis
2863 2769 3008 2823 circa
3040 2769 3443 2824 collum—refut-

1874 2871 1964 2934 get
1995 2880 2008 2916 :
2055 2862 2122 2916 de
2144 2876 2250 2931 quo
2277 2860 2410 2914 dicit
2444 2859 2811 2929 proverbium,
2843 2857 3110 2914 Coronam
3143 2860 3442 2930 gratiarum

1879 2953 2105 3022 accipies
2134 2961 2222 3007 tuo
2257 2951 2440 3020 capiti,
2469 2959 2516 3003 et
2550 2957 2755 3019 torques
2791 2965 2978 3004 aureos
3007 2949 3142 3002 collo
3174 2958 3263 3002 tuo
3279 2947 3350 3001 ¹⁹.

157 3030 524 3100 χρυσίουτῷ
547 3035 802 3106 τραχήλῳ
826 3039 1298 3112 περιλαμπόμενος
1325 3059 1336 3072 ·
1376 3045 1503 3113 περὶ
1525 3038 1584 3099 οὗ
1609 3061 1772 3116 φησιν
1811 3043 1844 3112 ἡ
1893 3042 2190 3114 παροιμία-⁸
2238 3043 2318 3095 ὅτι
2387 3039 2693 3108 Στέφανον
2735 3040 2990 3107 χαρίτων
3017 3038 3161 3108 δέξῃ
3198 3037 3284 3108 σῇ
3345 3053 3448 3093 ’ω’

151 3134 188 3181 ί
205 3120 377 3187 ιερῇ,
416 3125 512 3177 καὶ
538 3127 748 3180 κλοιόν
778 3132 1041 3197 χρύσεον
1067 3134 1201 3202 περὶ
1223 3133 1304 3200 τῷ
1330 3136 1626 3205 τραχήλῳ.

239 3215 315 3266 Ἡ
338 3218 443 3284 μὲν
464 3215 555 3271 οὖν
571 3221 659 3274 διὰ
677 3222 782 3274 τῶν
799 3224 1078 3294 ὁρμίσκων
1096 3228 1370 3301 συμϐουλὴ
1391 3228 1636 3302 τοιαύτη.
1658 3230 1769 3284 Και·

1955 3227 2132 3294 Atque
2180 3233 2266 3278 est
2314 3221 2529 3292 quidem
2565 3217 2833 3290 ejusmodi
2873 3217 3159 3272 consilium
3197 3233 3292 3288 per
3333 3225 3449 3273 tor-

169 3303 271 3372 ρδς
300 3309 376 3359 ἂν
407 3310 488 3379 εἴη
510 3312 605 3364 καὶ
620 3313 709 3364 τὸν
735 3315 929 3386 ἐφεξῆς
946 3317 1100 3385 λόγον
1125 3321 1442 3390 προσθεῖναι
1458 3325 1522 3392 τῇ
1552 3320 1772 3392 θεωρίᾳ,

169 3393 231 3443 ὃν
262 3397 316 3447 οἱ
338 3398 488 3463 φίλοι
517 3400 603 3452 τοῦ
629 3405 858 3472 νυμφίου
882 3406 1015 3478 πρὸς
1036 3408 1133 3480 τὴν
1153 3411 1417 3482 παρθένον
1434 3412 1771 3482 πεποίηνται.

177 3485 354 3540 Ἔστι
372 3490 428 3541 δὲ
453 3494 484 3560 ἡ
503 3492 646 3556 λέξις
666 3493 803 3565 αὕτη
822 3514 835 3526 ·
862 3497 1215 3568 Ὀμοιώματα
1238 3504 1493 3570 χρυσίου
1515 3502 1777 3570 ποιήσω-

175 3578 298 3643 μέν
313 3596 419 3633 σοι
440 3582 586 3646 μετὰ
609 3586 946 3654 στιγμάτων
971 3589 1074 3643 τοῦ
1103 3593 1362 3662 ἀργύρου
1379 3611 1392 3624 ·
1419 3593 1531 3660 ἕως
1555 3597 1585 3648 ὁ
1604 3595 1778 3658 ,βασι-

184 3668 336 3734 λεὺς
358 3671 432 3722 ἐν
458 3673 780 3728 ἀνακλίσει
806 3679 1012 3734 αὐτοῦ.
1042 3681 1255 3736 Τούτων
1281 3683 1358 3745 δὲ,
1393 3684 1470 3754 τῷ
1511 3685 1609 3754 μὲν
1639 3687 1777 3756 πρὸς

191 3759 280 3810 τὸν
297 3763 496 3832 εἱρμὸν
515 3765 764 3833 βλέποντι
781 3772 876 3838 τῆς
900 3773 1362 3844 προαποδοθείσης
1377 3777 1507 3846 ἡμῖν
1525 3776 1776 3848 θεωρίας,

196 3847 340 3904 δοκεῖ
374 3871 492 3917 πως
534 3858 567 3925 ἡ
609 3855 812 3911 διάνοια
845 3862 1212 3932 συνηρτῆσθαι
1246 3865 1340 3916 καὶ
1376 3865 1438 3916 τὸ
1481 3847 1776 3919 ἀκόλουθον

206 3941 357 4009 ἔχειν,
401 3946 464 4001 Ἠ
489 3946 544 4000 δὲ
575 3948 718 4014 λέξις
747 3951 1124 4020 ὲμϐαθύνουσα
1150 3959 1266 4018 ταῖς
1291 3959 1575 4026 τροπικαῖς
1603 3974 1778 4027 σημα-

215 4032 366 4096 σὶαις,
413 4037 849 4108 δυσκατανόητον
892 4045 1034 4095 ποιεῖ
1065 4043 1125 4095 τὸ
1165 4043 1252 4098 διὰ
1293 4045 1402 4097 τῶν
1441 4047 1778 4115 αἰνογμάτων

217 4118 550 4194 δηλούμενον.
614 4128 828 4199 Ἐπειδὴ
875 4130 983 4202 γὰρ
1030 4135 1090 4184 τὸ
1129 4133 1228 4202 τῆς
1277 4134 1450 4204 ψυχῆς
1495 4136 1687 4197 κάλλος
1712 4138 1776 4205 τῇ

223 4209 359 4282 ἵππῳ
388 4219 452 4286 τῇ
485 4217 836 4291 καθαιρετικῇ
866 4221 972 4279 τῶν
1008 4223 1318 4291 Λίγυπτίων
1371 4228 1629 4297 ἁρμάτων
1674 4229 1779 4297 ἀφ-

225 4305 482 4376 ωμοιώθη,
511 4309 757 4362 τουτέστι
785 4315 852 4382 τῇ
874 4313 1142 4385 ἀγγελικῇ
1170 4319 1396 4388 στρατιᾷ
1417 4335 1428 4346 ·
1455 4321 1516 4387 τῇ
1547 4320 1604 4372 δὲ
1630 4320 1780 4392 ἵππῳ

1884 3333 2039 3387 ques.
2073 3315 2310 3384 Tempus
2353 3320 2440 3367 est
2476 3317 2654 3364 autem
2685 3308 2991 3364 deducendi.
3014 3307 3080 3361 ad
3114 3309 3448 3377 contempla-

1878 3410 2080 3463 tionem
2114 3421 2178 3460 ea
2204 3418 2420 3474 quoque
2449 3403 2612 3457 verba
2660 3416 2780 3471 quae
2821 3400 2981 3454 amici
3018 3400 3202 3469 sponsi
3241 3399 3448 3453 faciunt

1879 3498 1946 3552 ad
2007 3497 2288 3564 virginem.
2337 3492 2432 3548 Est
2488 3501 2668 3546 autem
2726 3490 3037 3558 huiusmodi
3094 3489 3295 3553 dictio,
3359 3488 3452 3542 St-

1879 3585 2202 3642 militudines
2258 3584 2378 3637 auri
2420 3583 2673 3650 faciemus
2714 3582 2809 3634 tibi
2857 3598 2975 3634 cum
3029 3583 3166 3634 notis
3201 3582 3449 3651 argenti:

1878 3680 2039 3733 donec
2079 3692 2170 3731 rex
2215 3678 2268 3728 in
2309 3673 2551 3728 accubitu
2596 3689 2711 3727 suo.
2768 3671 2970 3724 Eorum
2999 3679 3202 3736 autem,
3242 3672 3291 3726 ei
3325 3672 3453 3741 qui-

1879 3771 2002 3825 dem
2035 3769 2126 3838 qui
2159 3766 2354 3836 aspicit
2403 3762 2468 3816 ad
2517 3762 2710 3818 seriem
2753 3762 2907 3830 prius
2940 3760 3082 3816 datae
3122 3761 3280 3816 nobis
3310 3777 3446 3816 con~

1880 3840 2268 3930 templationis,
2307 3856 2520 3910 videtur
2563 3852 2962 3924 quodammodo
3014 3851 3290 3922 perfectus
3323 3868 3446 3909 esse

1880 3970 2074 4011 sensus
2109 3961 2164 4007 et
2204 3951 2404 4006 habere
2438 3945 2902 4016 consequentiam.
2956 3945 3221 4000 Dictionis
3273 3959 3450 3998 autem

1881 4054 2171 4100 contextus
2197 4039 2495 4112 profundas
2520 4039 2724 4092 habens
2747 4037 2984 4106 tr0picas
3007 4036 3451 4106 signiﬁcationes.

1882 4138 2044 4192 ellicit
2072 4146 2130 4190 ut
2155 4136 2228 4191 sit
2256 4133 2535 4188 intellectu
2559 4130 2795 4192 difﬁcile,
2825 4131 2968 4199 quod
2991 4131 3330 4200 signiﬁcatur
3356 4145 3452 4198 per

1882 4229 2190 4296 aenigmata.
2240 4224 2375 4278 Nam
2403 4223 2661 4292 quoniam
2702 4220 3050 4290 pulchritudo
3085 4220 3280 4273 animae
3318 4219 3455 4272 assi-

1885 4319 2070 4375 milata
2099 4317 2201 4371 fuit
2225 4316 2383 4386 equis
2413 4314 2504 4382 qui
2533 4327 2728 4366 currus
2760 4311 2990 4386 perdunt
3017 4308 3329 4392 Egyptios,
3354 4307 3456 4362 hoc

130 4377 138 4484 il
228 4392 390 4466 ἐκείνῃ
422 4399 586 4466 φησὶν
612 4400 640 4450 ὁ
667 4401 825 4464 καλὸς
850 4403 1133 4475 ἐπιϐάτης,
1157 4407 1370 4477 χαλινὸν
1399 4409 1495 4478 μὲν
1519 4405 1656 4464 εἶναι

1885 4419 1970 4466 est
2001 4407 2268 4464 exercitui
2303 4405 2551 4475 angelico
2595 4403 2752 4458 :illis
2785 4383 2966 4456 autem
3008 4377 3164 4471 equis
3198 4399 3329 4454 dicit
3361 4399 3457 4453 bo-

124 4492 134 4536 llr-

223 4485 577 4558 καθαρότητα,
613 4491 678 4560 ἢν
707 4492 795 4544 διὰ
822 4494 912 4546 τού
943 4497 1206 4565 ὁμοιῶσαι
1248 4498 1346 4561 τὰς
1377 4501 1628 4568 σιαγόνας
1662 4505 1782 4566 ταῖς

1888 4520 1990 4558 nus
2009 4515 2270 4557 ascensor
2296 4498 2506 4551 frenum
2543 4495 2763 4565 quidem
2796 4511 2918 4550 esse
2944 4493 3262 4563 puritatem,
3287 4508 3450 4561 quam

220 4580 464 4647 τρυγόσιν
497 4583 820 4652 ἐνεσήμαινε
845 4602 858 4614 ⁸
917 4587 1118 4655 κόσμον
1158 4589 1215 4642 δὲ
1252 4591 1629 4662 περιαυχένιον
1657 4595 1769 4657 τοὺς

1888 4591 2212 4664 signiﬁcavit
2237 4604 2337 4658 per
2370 4588 2474 4641 hoc
2497 4563 2996 4656 quod-assimilavit
3023 4599 3192 4654 genas
3230 4585 3459 4637 turturi-

219 4669 486 4732 ποικίλους
510 4671 713 4742 ὅρμους
740 4676 862 4737 τοὺς
898 4677 983 4730 διὰ
1019 4678 1126 4731 τῶν
1161 4681 1369 4752 ἀρετῶν
1413 4683 1783 4754 περιστίλϐον-

211 4778 309 4823 τας
329 4777 342 4790 ο
370 4760 648 4828 βούλονταί
673 4781 795 4818 τινα
823 4770 915 4820 καὶ
942 4772 990 4822 οἱ
1024 4771 1167 4838 φίλοι
1198 4773 1525 4844 προσθήκην
1550 4775 1628 4846 τῷ
1654 4776 1786 4829 κάλ-

211 4855 292 4905 is:
323 4852 430 4921 τῆς
463 4854 627 4906 ἵππου
680 4859 1026 4927 ποιήσασθαι,
1082 4863 1139 4929 ἐξ
1179 4865 1537 4933 ὁμοιωμάτων
1562 4868 1784 4938 χρυσίου

208 4941 685 5013 κατακοσμοῦντες
726 4949 794 5003 τὰ
834 4953 1063 5024 φάλερα,
1096 4949 1176 5018 οἷς
1222 4957 1521 5021 ἐνστίζουσι
1557 4960 1650 5011 καὶ
1694 4959 1784 5011 τοῦ

207 5037 476 5108 ἀργυρίου
504 5037 603 5107 τὴν
640 5040 983 5115 καθαρότητα
1002 5087 1014 5108 ,
1066 5046 1140 5109 ὼς
1170 5047 1236 5100 ἂν
1275 5048 1472 5117 μᾶλλον
1499 5049 1790 5119 διαλάμποι

208 5130 274 5180 τι.
298 5128 492 5191 κάλλος
529 5132 622 5183 τοῦ
664 5137 1148 5204 προκοσμήματοςν
1175 5138 1272 5207 τῆς
1299 5140 1469 5209 αὐτῆς
1503 5140 1596 5192 τοῦ
1621 5143 1757 5212 ἀρτύ
1776 5173 1789 5182 ’

213 5239 310 5293 ρον
344 5219 480 5290 πρὸς
517 5225 610 5289 τὴν
656 5224 973 5292 λαμπηδόνα
1019 5227 1112 5280 τοῦ
1157 5230 1380 5299 χρυσίου
1424 5235 1787 5304 συγκιρναμέ-

217 5328 329 5378 γης.
397 5309 714 5376 Ἀναγκαῖον
762 5313 806 5365 δ’
847 5315 910 5368 ἂν
951 5317 1036 5387 εἴη
1076 5317 1173 5381 τὰς
1222 5319 1487 5388 τροπικὰς
1527 5323 1790 5391 ἐμφάσεις

217 5399 634 5464 καταλιπόντας,
655 5402 968 5476 ὼςρελούσης
999 5411 1145 5478 ἡμᾶς
1177 5411 1408 5474 διανοίας
1450 5412 1524 5482 μὴ
1555 5414 1788 5484 ἀποστῆ-

223 5512 306 5547 cz:
341 5491 430 5544 τῦν
458 5492 634 5560 λόγον.
696 5498 1072 5571 11ροισεικάσθη
1124 5503 1222 5572 μὲν
1262 5504 1444 5577 ἐκείνῃ
1475 5509 1538 5576 τῇ
1571 5507 1719 5577 ἵππῳ
1753 5509 1785 5576 ἡ

299 5669 517 5722 "Prov.
564 5688 601 5732 ι,
636 5670 688 5722 3.

1883 4687 1987 4741 bus
2021 4703 2033 4738 :
2076 4690 2324 4736 ornatum
2350 4690 2530 4733 autem
2558 4687 2611 4732 et
2638 4677 2862 4738 collare,
2901 4677 3049 4730 varia
3081 4677 3312 4730 monilia
3338 4692 3458 4744 qua:

1884 4774 2229 4846 resplendent
2276 4789 2372 4842 per
2412 4772 2672 4834 virtutes;
2721 4770 2916 4823 volunt
2957 4770 3119 4823 etiam
3156 4769 3318 4822 amici
3357 4769 3451 4821 ali-

1886 4880 2049 4936 quam
2083 4862 2197 4918 ﬁeri
2232 4860 2602 4916 accessionem
2643 4857 2765 4927 equi
2805 4856 3224 4928 pulchritudini,
3257 4872 3461 4911 ornan-

1886 4965 1968 5011 tes
1986 4954 2235 5025 phaleras
2252 4968 2316 5006 ex
2331 4951 2449 5004 auri
2465 4949 2934 5010 similitudinibus,
2963 4948 3161 5017 quibus
3175 4947 3334 5001 etiam
3355 4946 3453 4998 im-

1891 5046 2134 5116 primunt
2169 5049 2328 5096 notas
2349 5040 2606 5110 puritatis
2632 5039 2863 5110 argenti,
2894 5045 2953 5091 ut
2976 5038 3148 5108 magis
3177 5035 3462 5106 splendeat

1891 5133 2247 5208 pulchritudo
2286 5132 2615 5190 ornamenti.
2650 5132 2858 5201 fulgore
2900 5131 3108 5199 argenti
3142 5137 3459 5194 contempe-

1893 5237 2010 5282 rato
2037 5242 2158 5280 cum
2185 5226 2362 5280 nitore
2390 5224 2529 5277 auri.
2559 5222 2791 5278 Necesse
2818 5231 2997 5275 autem
3027 5219 3209 5284 fuerit,
3235 5218 3458 5287 tr0picis

1893 5318 2097 5373 relictis
2147 5315 2658 5387 signiﬁcationibus,
2700 5329 2806 5366 non
2852 5311 3131 5366 dimovere
3157 5310 3458 5364 orationem

1896 5413 1965 5467 ab
1992 5426 2056 5467 eo
2102 5426 2266 5466 sensu
2309 5409 2401 5480 qui
2451 5408 2606 5461 nobis
2641 5405 2835 5474 prosit.
2899 5403 3010 5457 illis
3057 5402 3273 5470 quidem
3304 5397 3458 5465 equis

1899 5504 1997 5560 fuit
2027 5503 2326 5559 assimilata
2353 5514 2470 5571 quae
2495 5514 2590 5568 per
2618 5497 2845 5552 virtutes
2877 5501 3103 5566 purgata
3129 5493 3228 5546 fuit
3253 5489 3451 5544 anima.
