3928 6196
611 305 710 362 “9

1835 302 1892 356 s.
1921 299 2245 356 cnuuonn
2284 297 2574 356 NYSSENl
3019 283 3029 293 ‘
3663 305 3742 361 εεο

602 415 706 470 Sed
743 412 984 468 nondum
1010 421 1126 469 erat
1156 411 1332 469 Verbo
1365 413 1631 483 subjecta,
1661 429 1841 483 neque
1876 415 1930 469 in
1965 429 2024 470 se
2046 429 2171 484 por-

2285 413 2361 466 5ιὰ
2385 412 2491 466 τῶν
2518 413 2726 485 ἀρετῶν
2763 411 3143 483 κεκαθαρμένη
3176 409 3332 481 ψυχή.
3387 414 3507 466 Ἀλλ’
3533 415 3656 470 οὔπω
3673 421 3746 472 to".

599 505 738 558 tavit
765 519 912 570 eum,
940 505 1032 574 qui
1059 512 1277 574 pr0pter
1301 505 1531 560 salutem
1555 505 1854 561 vehebatur
1879 506 1965 561 his
1989 505 2167 576 equis.

600 597 902 667 Oportebat
930 597 1076 652 enim
1121 599 1356 667 primum
1401 614 1496 667 per
1531 598 1717 652 omnia
1765 609 2018 654 ornatum
2049 611 2172 652 esse

600 704 828 758 equum,
867 696 920 742 et
963 686 1160 742 deinde
1197 703 1321 742 cum
1357 703 1539 757 regem
1581 695 1858 742 vectorem
1902 688 2167 757 accipere.

598 776 681 829 An
714 782 892 830 autem
915 790 979 829 ex
1005 775 1113 829 alto
1139 791 1339 845 equum
1369 775 1470 832 sibi
1489 776 1882 838 accommodet,
1904 775 1952 830 is
1979 775 2095 845 qui,
2115 783 2172 828 ut

599 865 736 920 dicit
766 865 1037 936 Propheta
1058 908 1072 932 ,
1117 881 1282 936 super
1316 882 1416 922 nos
1447 881 1620 937 equos
1649 868 1916 932 ascendit,
1955 873 2010 922 et
2050 881 2176 935 pro-

601 967 721 1024 pter
760 966 1005 1012 nostram
1037 959 1265 1014 salutem
1302 974 1465 1028 super
1498 974 1600 1015 nos
1639 960 1868 1028 equitat,
1913 974 1982 1012 an
2009 958 2174 1013 etiam

602 1047 674 1100 sit
705 1051 756 1100 in
790 1049 968 1113 nobis,
1000 1051 1092 1119 qui
1120 1049 1383 1104 inhabitat
1407 1057 1463 1105 et
1485 1049 1949 1115 inambulat,ctin
1979 1049 2175 1103 anima:

602 1146 807 1192 nostra:
841 1137 1107 1208 profunda
1135 1149 1396 1210 permeat,
1429 1140 1564 1194 nihil
1588 1139 1754 1196 refert
1782 1139 1926 1209 quod
1959 1139 2025 1194 ad
2053 1155 2176 1194 sen-

604 1241 725 1281 sum
759 1228 970 1282 attinet.
1001 1228 1102 1283 Cui
1131 1229 1275 1284 enim
1303 1235 1389 1284 est
1413 1245 1582 1284 unum
1612 1245 1680 1290 ex
1708 1230 1996 1291 ambobus,
2029 1229 2174 1297 quod

603 1318 873 1388 reliquum
899 1328 983 1374 est
1001 1321 1163 1374 etiam
1194 1336 1254 1377 se
1275 1329 1420 1376 recte
1445 1321 1624 1377 habet.
1655 1320 1788 1374 Nam
1813 1328 1866 1376 et
1887 1321 1979 1390 qui
2005 1319 2174 1376 Deum

605 1425 773 1486 supra
801 1425 862 1465 se
894 1411 1080 1476 habet,
1108 1413 1335 1468 omnino
1368 1413 1535 1469 etiam
1573 1413 1628 1466 in
1665 1427 1724 1468 se
1750 1412 1912 1466 habet
1942 1431 1954 1466 :
2000 1422 2053 1466 et
2083 1413 2174 1482 qui

607 1499 660 1551 in
691 1515 750 1553 se
771 1504 999 1570 accepit,
1024 1503 1168 1557 subit
1199 1518 1323 1558 eum
1349 1504 1440 1573 qui
1475 1504 1531 1558 in
1561 1504 1742 1573 seipse
1771 1514 1872 1558 est.
1906 1503 2021 1559 Rex
2049 1519 2179 1575 ergo

605 1599 692 1643 est
715 1591 1004 1659 quieturus
1032 1608 1196 1660 super
1225 1594 1372 1648 hunc
1403 1609 1630 1663 equum.
1680 1592 1738 1647 In
1780 1593 1965 1647 divina
1995 1601 2175 1648 autem

606 1690 872 1750 potestate
889 1677 1032 1738 idem
1055 1693 1158 1747 est,
1177 1693 1234 1738 ut
1255 1684 1461 1738 dictum
1481 1692 1583 1749 est,
1599 1683 1774 1738 sessio
1793 1691 1846 1737 et
1868 1683 2176 1748 accubitus,

2275 505 2446 572 Λόγου
2477 504 2696 573 γέγονεν
2718 502 3044 573 ὑποχείριος,
3069 502 3184 555 οὐδὲ
3213 503 3483 557 ἐϐάστασεν
3510 506 3579 572 ἐφ’
3600 507 3749 577 ἑαυτῆς

2274 595 2365 648 τὸν
2382 596 2473 648 ἐπὶ
2491 611 2632 666 σωτη
2641 595 2732 666 ρίᾳ
2745 597 2856 658 τοῖς
2873 593 3134 656 τοιούτοις
3145 591 3326 662 ὲποχού
3335 611 3475 662 μενον
3487 594 3749 668 iunctam}

2277 686 2384 756 γὰρ
2418 685 2631 756 πρῶτον
2667 685 2755 737 διά
2792 685 3010 738 πάντων
3047 682 3592 753 κατακοσμηθῆναιτδν
3609 685 3754 750 ἵππον,

2279 773 2377 829 εἷθ’
2405 776 2576 838 οὕτως
2603 775 2693 827 τὸν
2717 773 2941 842 βασιλέα
2963 773 3154 842 ἔποχον
3184 771 3437 838 δέξασθαι.
3456 771 3564 826 Εἴτε
3584 772 3630 824 δὲ
3647 773 3754 826 ἄνω-

2278 868 2367 921 θεν
2394 867 2569 937 ἐαυτῷ
2588 863 2889 936 ἐφαρμόζοι
2911 865 3002 918 τὸν
3027 865 3207 927 ἵππον,
3229 865 3256 916 ὁ
3285 861 3418 916 κατὰ
3433 862 3512 915 τὸν
3530 865 3758 933 Προφήτην

2277 955 2566 1009 ἐπιϐαίνων
2598 955 2683 1023 ἐφ’
2728 955 2874 1025 ἡμᾶς
2922 953 3047 1016 τοὺς
3079 954 3271 1014 ἵππους
3290 990 3302 1014 ,
3349 951 3436 1004 καὶ
3459 951 3540 1002 ἐπὶ
3567 952 3756 1020 σωτηρίᾳ

2279 1049 2311 1116 ἡ
2321 1045 2435 1114 μῶν
2458 1044 2825 1114 ἱππαζόμενος
2853 1059 2866 1073 ο
2896 1043 3005 1096 εἴτε
3027 1043 3120 1095 καὶ.
3145 1043 3199 1093 ἐν
3222 1043 3346 1111 ἡμῖν
3367 1041 3572 1108 γένοιτο,
3587 1040 3761 1092 ἐνοικιῖη

2278 1154 2336 1188 τε
2364 1135 2457 1188 καὶ
2477 1133 2888 1205 ἐμπεριπατῶν,
2910 1133 3001 1185 καί
3021 1133 3111 1183 ἐπὶ
3131 1131 3198 1184 τά
3219 1130 3350 1200 βάθη
3365 1130 3456 1198 τῆς
3473 1129 3623 1197 ψυχῆς
3643 1128 3761 1197 ἡμῶν

2278 1226 2641 1295 διαδυόμενος,
2672 1224 2824 1277 οὐδὲν
2849 1223 3094 1294 διαφέρει
3115 1222 3254 1276 κατὰ
3278 1220 3371 1292 τὴν
3391 1218 3590 1272 ἔννοιαν.
3610 1212 3668 1287 ’ῼ
3685 1217 3766 1287 γὰρ

2281 1316 2346 1369 ἂν
2367 1314 2426 1367 τὸ
2464 1313 2523 1368 ἓν
2559 1313 2618 1378 ἐξ
2646 1313 2966 1384 ἀμφοτέρων
2996 1312 3236 1381 γένηται,
3279 1307 3671 1379 συγκατωρθώθη
3702 1309 3771 1358 καὶ

2279 1407 2338 1460 τὸ
2361 1405 2697 1474 λειπόμενον.
2721 1406 2792 1456 ’Ὀ
2812 1421 2870 1456 τε
2885 1403 2992 1476 γὰρ
3015 1405 3098 1472 ἐφ’
3118 1400 3305 1455 ἑαυτοῦ
3323 1401 3408 1454 τὸν
3424 1399 3542 1452 Θεὸν
3556 1399 3686 1468 ἔχων,
3701 1400 3772 1449 καὶ

2281 1498 2338 1548 ἐν
2360 1495 2535 1564 ἐαυτῷ
2555 1495 2766 1556 πάντως
2787 1494 2897 1564 ἔχει
2913 1510 2926 1524 ·
2949 1494 3039 1548 καὶ
3057 1494 3085 1545 ὁ
3101 1496 3158 1546 ἐν
3175 1491 3348 1562 ἐαυτῷ
3363 1490 3621 1560 δεξάμενος
3640 1487 3777 1558 ὑπέϐη

2281 1587 2370 1644 τὸν
2399 1589 2456 1639 ἐν
2493 1586 2640 1659 αὑτῷ
2669 1587 2946 1658 γεγονότα.
2990 1584 3198 1640 Οὐκοῦν
3231 1584 3403 1654 μέλλει
3427 1585 3452 1636 ὁ
3484 1582 3695 1653 βασιλεὺς
3715 1581 3772 1649 τῷ

2285 1680 2434 1748 ἵππῖρ
2461 1679 2637 1750 τούτῳ
2663 1677 3122 1732 ἐπαναπαύεσθαι.
3157 1676 3361 1729 Ταὺτὸν
3380 1674 3434 1727 δέ
3463 1675 3593 1727 ἐστιν
3612 1673 3688 1725 ἐπὶ
3708 1672 3780 1739 τῆς

608 1772 876 1830 utrumvis
891 1773 1034 1829 enim
1052 1789 1115 1829 ex
1131 1775 1398 1830 ambobus
1410 1776 1464 1830 in
1479 1775 1634 1829 nobis
1651 1774 1834 1841 fuerit,
1849 1790 1948 1844 par
1960 1783 2043 1832 est
2060 1793 2179 1847 gra-

2287 1769 2435 1834 θείας
2465 1770 2762 1840 δυνάμεως,
2789 1769 2968 1833 καθὼς
2997 1769 3234 1840 εἴρηται,
3261 1766 3487 1837 καθέδρα
3513 1782 3564 1817 τε
3585 1763 3662 1817 καὶ
3681 1762 3780 1815 ἀνά-

609 1863 702 1917 tia.
724 1863 862 1930 Quia
885 1881 1015 1935 ergo
1033 1873 1300 1922 stratores
1317 1867 1462 1937 regis
1479 1882 1677 1937 equum
1701 1883 1798 1938 per
1821 1867 2179 1937 praecedentia

607 1963 930 2010 ornamenta
945 1964 1134 2025 aptum
1155 1956 1361 2012 faciunt
1381 1957 1447 2011 ad
1464 1973 1586 2012 eum
1605 1959 2016 2028 excipiendum:
2035 1959 2177 2014 idem

606 2053 689 2098 est
722 2052 902 2099 autem
934 2045 1104 2100 Deum
1137 2047 1193 2100 in
1236 2047 1420 2116 aliquo
1447 2063 1591 2111 esse,
1637 2058 1692 2102 et
1716 2064 1840 2104 esse
1880 2065 2046 2118 super
2079 2051 2180 2105 a|i~

609 2149 768 2196 quem
791 2152 803 2186 :
828 2134 1016 2189 relicta
1039 2137 1430 2206 consequentia
1451 2144 1505 2191 et
1527 2137 1922 2207 signiﬁcatione
1946 2139 2175 2208 tropica,

2287 1862 2498 1925 κλισις·
2559 1863 2817 1932 ὁπότερον
2857 1862 2966 1932 γὰρ
3012 1862 3078 1914 ἂν
3132 1861 3193 1926 ἐξ
3252 1857 3558 1929 ἀμφοτέρων
3603 1857 3651 1907 ἐν
3686 1856 3782 1923 ἡμῖν

2285 1954 2529 2023 γένηται,
2561 1954 2621 2007 τὸ
2647 1954 2758 2006 ἴσον
2784 1955 2815 2024 ἠ
2845 1953 3002 2024 χάρις
3029 1951 3164 2021 ἔχει.
3219 1949 3426 2017 Ἐπειδὴ
3445 1948 3605 2000 τοίνυν
3627 1947 3665 1997 οἱ
3683 1946 3782 1996 ἐτοι-

2289 2042 2490 2112 μασταὶ
2525 2042 2618 2095 τοῦ
2669 2041 2949 2115 βασιλέως,
2989 2040 3210 2094 εὔθετον
3244 2038 3375 2110 πρὸς
3416 2035 3654 2105 ὑποδοχὴν
3676 2031 3785 2098 αὑτῷ

2284 2134 2372 2190 διὰ
2401 2133 2509 2187 τῶν
2538 2134 3016 2205 προκοσμημάτων
3051 2133 3143 2188 τὸν
3182 2133 3347 2185 ἵππον
3385 2128 3610 2183 ποιοῦσι·
3640 2125 3786 2179 rain?»

2285 2225 2340 2278 δέ
2387 2227 2530 2280 ἐστιν
2571 2227 2663 2279 ἐπὶ
2692 2225 2848 2288 Θεοῦ,
2889 2225 2950 2278 τὸ
2977 2224 3034 2278 ἐν
3062 2241 3171 2278 τινι
3204 2224 3297 2277 καὶ
3323 2223 3384 2274 τὸ
3411 2222 3496 2274 ἐπί
3528 2235 3656 2280 τινος
3681 2215 3788 2283 γενέ-

2285 2317 2439 2372 σθαι·
2473 2316 2860 2376 καταλιπόντες
2895 2315 2956 2368 τὸ
2986 2313 3126 2368 κατὰ
3169 2315 3270 2384 τὴν
3300 2311 3552 2384 τροπικὴν
3575 2306 3790 2378 σημασίαν

2283 2409 2589 2469 ἀκόλουθον,
2615 2410 2662 2460 οἱ
2695 2406 3141 2478 παρασκευασταὶ
3176 2405 3270 2458 καὶ
3303 2404 3630 2474 θεράποντες,
3654 2397 3794 2462 κλίνην

610 2222 848 2276 ministri
875 2223 965 2292 qui
985 2233 1177 2293 parant
1197 2239 1421 2295 equum,
1449 2224 1698 2282 iecerunt
1721 2227 1989 2282 lecticam.
2010 2227 2181 2298 Opor-

611 2320 684 2366 tet
727 2313 873 2370 enim
920 2328 1052 2379 nos,
1111 2315 1308 2386 inquit,
1368 2316 1550 2373 facere
1600 2318 1719 2371 auri
1769 2319 2182 2384 similitudines,

609 2418 730 2456 eum
761 2404 904 2460 notis
929 2405 1161 2476 argenti,
1201 2421 1322 2476 quae
1359 2407 1484 2476 equi
1530 2407 1759 2461 formam
1797 2409 2079 2464 decorant.
2116 2409 2184 2466 Ut

611 2495 703 2557 sit,
744 2496 940 2566 inquit,
980 2513 1072 2552 rex
1123 2513 1232 2552 non
1269 2499 1322 2552 in
1371 2497 1652 2563 cathedra,
1683 2498 1776 2554 sed
1822 2500 1875 2553 in
1928 2502 2179 2556 accubitu

2285 2499 2371 2550 τὸν
2397 2500 2559 2551 ἵππον
2596 2499 2875 2568 ἐποίησαν.
2912 2496 3031 2568 Χρὴ
3071 2495 3186 2568 γὰρ
3226 2497 3373 2566 ἡμᾶς
3399 2533 3412 2557 ,
3444 2494 3610 2562 φησὶν,
3643 2483 3796 2557 ὁμοιώ-

612 2599 732 2640 suo.
2286 2607 2430 2660 ματα
2459 2590 2682 2660 Χρυσίου
2704 2594 2920 2661 ποιῆσαι
2945 2589 3081 2660 μετὰ
3112 2589 3428 2658 στιγμάτων
3448 2583 3536 2636 τοῦ
3568 2576 3798 2652 ἀργυρίου,

609 2678 678 2730 τὰ
709 2678 802 2731 τοῦ
838 2679 1002 2732 ἵππου
1043 2679 1138 2750 τὴν
1182 2682 1394 2752 μορφὴν
1446 2681 1767 2750 ὼραῖζοντα.
1803 2683 1919 2738 Ἵνα
1963 2683 2183 2752 γένηται
2223 2685 2250 2735 ὁ
2285 2683 2533 2753 βασιλεὺς
2559 2685 2657 2737 οὐκ
2688 2687 2743 2736 ἐν
2773 2684 3026 2754 καθέδρα,
3055 2683 3247 2752 φησὶν,
3287 2679 3397 2733 ἀλλ’
3457 2680 3512 2730 ἐν
3579 2669 3802 2726 ἀνακλίσει

608 2769 794 2824 αὑτοῦ.

695 2867 873 2936 Atque
935 2865 1193 2921 dictionis
1245 2866 1465 2935 quidem
1541 2869 1934 2936 consequentia
1970 2907 1983 2930 ,
2046 2867 2188 2922 sicut

610 2957 852 3013 ostendit
882 2954 1184 3026 Scriptura,
1219 2957 1323 3010 hoc
1353 2956 1516 3010 modo
1544 2972 1603 3013 se
1631 2959 1824 3024 habet;
1851 2974 1948 3027 par
1973 2967 2058 3013 est
2089 2974 2184 3012 au-

611 3059 719 3103 tem
754 3047 858 3102 hoc
915 3064 1024 3103 non
1073 3049 1485 3116 praetermittere
1533 3047 2035 3112 inconsideratum,
2083 3063 2182 3101 cur

612 3154 724 3194 non
747 3138 924 3207 ipsum
961 3152 1152 3190 aurum
1178 3136 1477 3190 assumitur
1506 3134 1574 3188 ad
1609 3145 1863 3189 ornatum
1892 3177 1905 3200 ,
1939 3136 2031 3190 sed
2065 3137 2182 3190 auri

611 3229 1042 3294 similitudines;
1081 3237 1135 3282 et
1165 3243 1273 3282 non
1297 3230 1476 3298 ipsum
1505 3236 1811 3296 argentum,
1841 3227 1937 3282 sed
1965 3245 2086 3297 qua:
2118 3245 2186 3284 ex

614 3323 716 3373 hac
753 3320 980 3374 materia
1011 3321 1293 3389 impressa:
1323 3326 1451 3373 sunt
1487 3327 1629 3373 nota:
1658 3320 1776 3373 auri
1813 3320 2180 3376 similitudini.

611 3409 768 3474 Quod
791 3425 919 3479 ergo
949 3409 1017 3463 de
1044 3410 1128 3464 his
1163 3411 1322 3464 nobis
1373 3409 1517 3463 venit
1549 3410 1602 3462 in
1632 3419 1889 3472 mentem,
1919 3421 2004 3465 est
2034 3412 2187 3479 ejus-

615 3499 756 3554 modi
783 3516 798 3554 :
825 3499 1088 3556 Universa
1119 3501 1369 3556 doctrina
1413 3505 1478 3559 de
1531 3502 1789 3556 ineffabili
1815 3514 2008 3558 natura
2037 3544 2050 3567 ,
2082 3506 2184 3558 etsi

613 3594 849 3648 maxime
899 3595 1007 3648 Deo
1061 3596 1472 3650 convenientem
1527 3604 1580 3651 et
1622 3596 1893 3650 excelsam
1945 3597 2188 3652 videatur

612 3683 902 3744 ostendere
931 3686 1256 3742 sententiam
1278 3725 1292 3751 ,
1322 3685 1442 3741 auri
1465 3695 1591 3743 sunt
1621 3687 2037 3752 similitudines,
2078 3704 2186 3742 non

613 3782 794 3836 autem
853 3775 1032 3843 ipsum
1086 3789 1304 3831 aurum.
1369 3775 1486 3830 Non
1533 3784 1709 3847 potest
1762 3778 1904 3832 enim
1961 3778 2074 3832 ﬁeri
2133 3787 2189 3830 ut

615 3863 774 3933 plene
808 3872 861 3918 et
894 3863 1134 3933 perfecte
1164 3866 1485 3922 ostendatur
1518 3868 1718 3922 bonum
1759 3869 1907 3938 quod
1966 3876 2190 3938 superat

619 3955 1041 4024 intelligentiam
1070 3966 1123 4013 et
1154 3960 1357 4014 mentis
1385 3961 1836 4029 conceptionem:
1869 3961 2084 4016 etiamsi
2119 3962 2190 4017 sit

615 4044 820 4122 Paulus
846 4049 1138 4118 quispiam,
1165 4052 1259 4120 qui
1293 4051 1348 4105 in
1380 4051 1631 4119 paradiso
1661 4054 1880 4107 arcanis
1912 4053 2190 4124 mysteriis

616 4140 720 4195 fuit
751 4140 1036 4200 initiatus.
1068 4143 1284 4198 etiamsi
1327 4141 1560 4197 audierit
1601 4144 1763 4198 verba
1794 4143 2086 4199 ineﬂ'ahilia
2123 4146 2179 4210 '°,

2296 4159 2395 4194 στα
2438 4141 2584 4211 μένει
2614 4140 2741 4210 περὶ
2766 4140 2901 4194 Θεοῦ
2923 4141 2989 4193 τὰ
3013 4143 3290 4213 νοήματα.
3322 4143 3566 4213 Ἀῥρητα
3588 4133 3680 4203 γάρ
3700 4139 3823 4197 φησιν

616 4241 839 4287 manent
872 4231 1174 4288 inetiabiles
1202 4233 1268 4289 de
1308 4233 1416 4289 Deo
1445 4235 1836 4304 intelligentiae.
1871 4234 2014 4289 Dicit
2045 4236 2179 4290 enim

2295 4231 2429 4287 εἶναι
2473 4231 2580 4285 τῶν
2629 4233 2918 4302 νοημάτων
2961 4234 3171 4286 τούτων
3200 4237 3273 4290 τὰ
3321 4236 3558 4304 ῥήματα.
3602 4228 3655 4279 Oi
3688 4221 3824 4273 τοίεων

614 4323 786 4390 verba,
826 4338 951 4379 esse
975 4323 1279 4378 ineﬂ‘abilia
1313 4325 1507 4379 harum
1548 4324 2054 4394 intelligentiarum.
2086 4325 2179 4391 Qui

2296 4325 2420 4388 τοὺς
2449 4324 2744 4395 λογισμούς
2777 4343 2926 4389 τινας
2969 4328 3100 4396 ἡμῖν
3151 4325 3402 4394 ἀγαθοὺς
3435 4320 3705 4377 ἐντιθέντες
3729 4305 3826 4376 περὶ

612 4429 744 4485 ergo
792 4416 950 4472 nobis
993 4415 1227 4472 aii'erunt
1256 4417 1427 4471 bonas
1471 4417 1684 4486 aliquas
1713 4417 2179 4473 eousiderationes

2294 4418 2393 4486 τῆς
2418 4415 2524 4468 τῶν
2556 4415 2868 4484 μυστηρίων
2888 4416 3214 4484 ἐννοήσεως,
3255 4415 3393 4468 αὑτὸ
3421 4413 3518 4484 μὲν
3545 4410 3694 4463 εἰπεῖν
3715 4405 3826 4456 ὅπως

613 4507 682 4560 de
711 4508 1073 4578 intelligentia
1113 4512 1500 4580 mysteriorum
1529 4550 1544 4574 ,
1597 4509 1780 4564 dicere
1818 4509 2039 4580 quidem
2079 4525 2179 4564 non

2293 4507 2406 4578 ἔχει
2441 4508 2653 4576 φύσεως
2689 4507 3029 4571 ἀδυνατοῦσι,
3061 4507 3292 4576 λέγουσι
3326 4508 3385 4559 δὲ
3422 4503 3728 4570 ἀπαύγασμα
3759 4486 3821 4587 δξ

613 4609 845 4664 possunt
873 4598 1337 4667 quemadmodum
1387 4615 1446 4654 se
1480 4599 1643 4654 habet
1694 4599 1938 4669 ipsorum
1968 4607 2179 4663 natura,

2292 4599 2406 4670 εης,
2451 4600 2544 4652 κοιλ⁸
2576 4582 2900 4669 χαρακτῆρα
2932 4601 3030 4668 τῆς
3053 4599 3449 4661 ὑποστάσεως,
3491 4592 3679 4666 μορφὴν
3702 4584 3820 4670 Θεον,

613 4691 805 4744 dicunt
827 4699 1008 4746 autem
1037 4692 1383 4760 splendorem
1423 4692 1629 4761 gloriae,
1669 4668 1895 4762 ﬁguram
1931 4692 2179 4747 substan-

2288 4668 2463 4757 Λόγον
2489 4693 2545 4745 ὲν
2568 4668 2729 4761 ἀρχῇ,
2774 4689 2947 4757 Λόγον
2979 4690 3133 4743 Θεόν.
3173 4691 3322 4742 "As-:5
3335 4707 3366 4761 ρ
3414 4687 3584 4741 πάντα
3621 4679 3723 4772 ἡμῖν

612 4781 722 4842 the,
766 4779 996 4833 formam
1028 4780 1122 4834 Dei
1150 4821 1165 4846 ,
1189 4780 1424 4838 Verbum
1449 4783 1502 4836 in
1533 4783 1806 4852 principio
1825 4823 1839 4847 ,
1861 4780 2032 4838 Deum
2056 4781 2179 4837 Ver-

2291 4785 2404 4845 τοῖς
2435 4781 2681 4844 ἀθεάτοις
2716 4780 2922 4834 ἐκείνου
2971 4780 3064 4832 τοῦ
3097 4779 3420 4850 θησαυροῦ,
3455 4775 3654 4850 χρυσίον
3675 4769 3784 4818 δοκεῖ
3806 4769 3818 4783 ·

613 4870 764 4924 hum.
787 4871 918 4936 Qua:
939 4872 1156 4942 quidem
1195 4875 1376 4928 omnia
1407 4875 1565 4930 nobis
1586 4915 1603 4938 ,
1637 4872 1730 4944 qui
1761 4873 2005 4929 divinum
2036 4874 2179 4928 illum

2293 4877 2405 4937 τοῖς
2445 4874 2500 4929 δὲ
2547 4875 2860 4945 δυναμένοις
2907 4871 3244 4927 ἀναϐλέπειν
3289 4872 3434 4942 πρὸς
3470 4869 3567 4939 τὴν
3603 4858 3816 4929 ἀλήθείίίνν

612 4961 934 5015 thesaurum
971 4977 1081 5016 non
1111 4963 1423 5032 aspeximus
1445 5005 1460 5028 ,
1511 4964 1770 5020 videntur
1805 4980 1930 5022 esse
1957 4979 2179 5030 aurum;

2296 4967 2545 5037 ὁμοίωμά
2592 4969 2706 5019 ἐστι
2757 4965 2979 5037 χρυσίου
3019 4965 3114 5018 καὶ
3156 4967 3224 5019 οὑ
3276 4964 3528 5037 χρυσίον,
3568 4956 3729 5014 ἐντοῖς
3757 4947 3821 4997 3"

613 5053 683 5108 iis
711 5059 892 5107 autem
923 5055 1014 5124 qui
1053 5063 1284 5124 possunt
1325 5057 1572 5126 aspicere
1607 5059 1674 5112 ad
1708 5058 2016 5122 veritatem,
2061 5066 2179 5112 sunt

2298 5062 2452 5122 πτοῖς
2490 5059 2581 5110 τοῦ
2635 5059 2875 5131 ἀργύρου
2925 5059 3363 5129 διαφαινόμενον
3419 5057 3700 5123 στίγμασιν.
3737 5041 3826 5131 Ἀρί

612 5143 736 5198 auri
768 5145 1074 5200 similitudo
1102 5155 1156 5201 et
1182 5160 1291 5201 non
1328 5161 1520 5202 aurum
1549 5189 1564 5215 ,
1592 5165 1864 5219 apparens
1893 5149 1950 5201 in
1977 5149 2179 5203 subtili-

2298 5148 2485 5220 γύριον
2531 5147 2587 5199 δὲ
2615 5150 2648 5218 ὴ
2677 5124 2960 5218 ρηματικὴ
3001 5124 3256 5216 σημασία
3291 5147 3434 5207 ἐστὶ,
3461 5139 3632 5201 καθώς
3655 5124 3833 5202 φησινὴ

611 5234 717 5291 bus
757 5237 906 5292 notis
937 5238 1169 5307 argenti.
1207 5240 1506 5309 Argentum
1559 5249 1743 5294 autem
1785 5247 1869 5294 est
1901 5240 2179 5294 verborum

2299 5238 2519 5308 Γραφή·
2551 5238 2829 5306 Ἀργυρος
2874 5237 3315 5305 πεπυρωμένος
3345 5235 3591 5304 γλῶσσα
3626 5220 3833 5309 am?”

612 5327 968 5398 signiﬁcatio,
992 5330 1136 5385 sicut
1165 5308 1620 5400 dicitScriptura,
1653 5333 1936 5398 Argentum
1962 5330 2179 5398 ignitum

2299 5329 2372 5381 Τὸ
2396 5327 2578 5382 τοίνυν
2608 5327 2698 5380 διὰ
2717 5327 2922 5380 τούτων
2945 5327 3306 5397 δηλούμενον,
3338 5323 3579 5379 τοιοῦτόν
3611 5308 3838 5400 ἐστινὶδτι

613 5420 799 5490 lingua
826 5420 986 5490 justi.
1020 5421 1176 5487 Quod
1225 5439 1356 5494 ergo
1405 5398 1500 5492 per
1527 5423 1645 5476 lucc
1695 5421 2034 5491 signiﬁcatur
2060 5459 2075 5482 ,
2107 5429 2179 5474 est

2298 5424 2328 5491 ἡ
2364 5421 2482 5474 θεία
2525 5420 2684 5490 φύσις
2723 5420 2902 5490 πάσης
2932 5419 3267 5490 ὑπέρκειται
3317 5409 3708 5494 καταληπικῆς
3745 5398 3836 5450 δια-

610 5511 964 5578 huiusmodi,
1019 5529 1211 5584 nempe
1274 5492 1418 5586 quod
1479 5515 1662 5570 divina
1723 5520 1916 5568 natura
1969 5521 2179 5582 superat

2296 5511 2458 5575 νοίας.
2497 5511 2570 5565 Τὸ
2593 5511 2648 5566 δὲ
2682 5510 2809 5581 περὶ
2839 5511 3007 5581 αὐτῆς
3051 5510 3190 5578 ἡμῖν
3234 5506 3618 5577 ἐγγιγνόμενον
3663 5492 3838 5562 νόημαν

2367 2867 2431 2919 Ἠ
2464 2868 2560 2936 μὲν
2594 2862 2686 2917 οὖν
2716 2863 3000 2916 ἀκολουθία
3030 2863 3126 2934 τῆς
3177 2860 3397 2926 λέξεως,
3433 2855 3599 2915 καθὼς
3628 2854 3652 2904 ὁ
3679 2853 3807 2936 Λόγος

2288 2955 2550 3021 ὑπέδειξε,
2594 2953 2778 3007 τοῦτον
2812 2952 2920 3022 ἔχει
2947 2951 3036 3004 τὸν
3069 2951 3279 3020 τρόπον
3304 2967 3316 2977 ·
3345 2947 3489 3010 ἄξιον
3521 2944 3571 2995 δὲ
3599 2939 3730 2992 τοῦτο
3755 2934 3809 3005 μὴ

2289 3047 2664 3118 παραδραμεῖν
2715 3044 3057 3114 ἀθεώρητον,
3092 3042 3148 3094 τί
3196 3041 3260 3112 δή
3319 3055 3447 3090 ποτε
3491 3037 3582 3088 οὐκ
3625 3029 3736 3085 αὐτὸ
3771 3026 3813 3078 τὸ

2291 3139 2510 3211 χρυσίον
2537 3141 2616 3201 είς
2651 3137 2853 3206 κόσμον
2893 3133 3410 3205 παραλαμϐάνεται,
3450 3127 3576 3183 ἀλλὰ
3604 3123 3683 3176 τοῦ
3712 3138 3810 3190 χρυ-

2291 3233 2404 3289 σίου
2443 3229 2511 3282 τὰ
2539 3227 2858 3298 ὁμοιώματα
2878 3245 2890 3258 ·
2914 3227 3004 3279 καὶ
3051 3227 3156 3279 οὑκ
3201 3225 3364 3284 αὐτὸς
3395 3224 3422 3274 ὁ
3450 3222 3686 3290 ἄργυρος,
3716 3211 3814 3264 ἀλλᾶ

2290 3323 2358 3376 τὰ
2391 3320 2450 3384 ἐξ
2484 3321 2614 3389 ὕλης
2635 3319 2834 3389 ταύτης
2862 3317 2939 3388 τῷ
2969 3316 3283 3388 ὁμοιώματι
3313 3314 3404 3368 τοῦ
3437 3311 3642 3384 χρυσίου
3664 3313 3814 3377 ἐγκρο-

2291 3414 2526 3485 τούμενα
2576 3412 2866 3481 στίγματα.
2905 3411 2968 3462 "O
3000 3410 3186 3463 τοίνυν
3248 3410 3377 3480 περὶ
3411 3407 3606 3460 τούτων
3637 3401 3816 3466 ὑπενοή-

2293 3522 2483 3574 σαμεν,
2510 3501 2750 3556 τοιοῦτόν
2783 3505 2920 3553 ἐστι’
2952 3501 3106 3552 Πᾶσα
3146 3502 3180 3569 ἡ
3216 3500 3346 3569 περὶ
3381 3499 3476 3567 τῆς
3501 3497 3712 3566 ἀρρήτου
3745 3488 3816 3555 φύ-

2295 3615 2432 3660 σεως
2461 3594 2797 3658 διδασκαλία,
2832 3592 2932 3646 κᾶν
2979 3593 3059 3645 ὅτι
3111 3593 3359 3663 μάλιστα
3415 3591 3557 3644 δοκεῖ
3597 3580 3820 3654 θεοπρεπῆ

2291 3707 2409 3741 τινα
2453 3688 2546 3740 καὶ
2594 3685 2801 3757 ὑψηλὴν
2839 3686 3121 3754 ἐμφαίνειν
3177 3684 3442 3747 διάνοιαν,
3471 3680 3699 3753 ὁμοίωμα
3724 3689 3819 3743 χρυ·

2293 3781 2406 3831 σίου
2442 3779 2606 3839 ἐστὶν,
2637 3779 2736 3830 οὐκ
2773 3777 2902 3829 αὐτὸ
2931 3776 2990 3829 τὸ
3025 3776 3280 3847 χρυσίον.
3315 3777 3392 3828 Οὐ
3429 3775 3534 3844 γάρ
3558 3771 3661 3824 ἐστι
3696 3779 3822 3832 παρι-

2297 3870 2493 3938 στῆσαι
2538 3868 2607 3920 δι’
2640 3867 2919 3938 ἀκριϐείας
2951 3868 3010 3920 τὸ
3053 3868 3200 3940 ὑπὲρ
3236 3867 3449 3920 ἔννοιαν
3494 3861 3680 3931 ἀγαθόν
3709 3874 3719 3885 ·
3748 3853 3820 3906 xi?

2294 3959 2502 4022 Παῦλος
2524 3977 2606 4022 τις
2633 3955 2689 4029 ᾖ,
2720 3960 2748 4010 ὁ
2774 3960 2830 4012 ἐν
2858 3959 3173 4029 παραδείσῳ
3208 3959 3440 4029 μυηθεὶς
3471 3955 3535 4008 τὰ
3574 3951 3822 4022 ἁπὸρῤηταν

2293 4052 2396 4104 κᾶν
2425 4053 2530 4104 τῶν
2552 4051 2835 4120 άλαλήτων
2863 4051 3122 4120 ῥημάτων
3159 4048 3595 4120 ἐπακροάσηται,
3613 4041 3825 4104 ἀνέκφρι·

679 5688 725 5722 ⁸ο
751 5689 787 5742 ll
817 5690 941 5744 Cor.
984 5707 1077 5757 xu,
1120 5691 1171 5746 4.
