3928 6196
239 280 312 335 821
1239 279 1305 335 IN
1345 280 1640 338 CANTICA
1678 278 1948 338 CANTIC.
2002 278 2287 336 IIOMILIA
2326 279 2412 334 ill.

3365 268 3470 332 822

237 393 459 466 ὁμοίωμά
487 398 602 450 ἐστι
624 395 717 450 τοῦ
747 395 1104 468 ζητουμένου.
1126 400 1201 452 Ού
1236 399 1343 471 γάρ
1369 399 1498 453 αὐτὸ
1521 400 1788 453 δείκνυσιν

1897 411 2111 455 omnem
2149 413 2270 468 quae
2302 394 2714 464 comprehendit
2757 393 3164 465 cogitationem.
3195 390 3327 457 Quae
3371 408 3469 449 au—

237 490 384 540 ὲκεῖνο
419 488 480 540 τὸ
499 483 658 551 εἶδος,
689 487 718 540 ὅ
743 487 866 542 οὔτε
902 506 988 553 τις
1022 485 1178 554 εἶδεν,
1214 489 1335 544 οὔτε
1389 490 1514 544 ἰδεῖν
1545 491 1790 557 δύναται,

235 578 348 632 ἀλλά
390 579 458 632 δι’
501 580 766 651 ἐσόπτρου
813 581 906 633 καὶ
942 581 1011 633 δι’
1041 580 1362 652 αἰνίγματος
1409 581 1644 652 ἔμφασιν
1671 599 1793 634 τινα

238 673 536 740 σκιογραφεῖ
565 671 659 723 τοῦ
720 671 1075 742 ζητουμένου,
1116 671 1178 726 ἐκ
1204 690 1349 736 τινος
1383 671 1645 742 εἰκασμοῦ
1674 675 1790 735 ταῖς

233 761 404 830 ψυχαῖς
430 761 811 832 ἐγγινομένην,
851 762 963 824 Πᾶς
987 761 1042 814 δὲ
1065 761 1221 829 λόγος
1255 759 1360 813 τῶν
1381 761 1637 814 τοιούτων
1663 777 1788 830 νοη-

237 851 396 920 μάτων
444 848 798 920 σημαντικὺς,
842 850 1075 920 στιγμῆς
1108 866 1254 912 τινος
1281 848 1522 920 ἀμεροῦς
1564 847 1792 916 δύναμιν

234 943 344 1010 ἔχει,
376 942 450 1012 μὴ
476 941 772 1011 δυνάμενος
802 941 1040 1011 μιρῆναι
1069 943 1205 1012 ὅπερ
1234 943 1267 1011 ὴ
1287 941 1490 995 διάνοια
1514 939 1788 1009 βούλεται·

232 1033 290 1095 ὡς
334 1029 474 1086 εἶναι
519 1034 700 1086 πᾶσαν
731 1034 831 1102 μὲν
879 1032 1114 1084 διάνοιαν
1149 1031 1466 1102 κατωτὲραν
1497 1031 1596 1100 τῆς
1644 1030 1792 1092 θείας

232 1126 594 1193 κατανοήσεως
634 1141 648 1154 ·
687 1126 862 1176 πάντα
911 1123 968 1176 δὲ
1006 1122 1163 1189 λόγον
1216 1121 1636 1191 ἑρμηνευτικὸν,
1677 1137 1794 1172 στι-

229 1214 356 1285 γμὴν
380 1214 637 1284 βραχεῖαν
667 1215 843 1267 δοκεῖν
894 1216 967 1285 μὴ
1002 1212 1308 1282 δυναμένην
1343 1211 1418 1282 τῷ
1459 1212 1648 1266 πλάτει
1697 1211 1794 1279 τῆς

229 1306 450 1369 διανοίας
484 1305 1014 1361 συνεπεκτείνεσθαι.
1047 1306 1158 1375 Τὴν
1181 1299 1272 1358 οῦν
1296 1304 1382 1357 διὰ
1403 1303 1510 1356 τῶν
1540 1305 1794 1357 τοιούτων

230 1396 504 1465 νοημάτων
553 1395 1070 1466 χειραγωγουμένην
1118 1393 1295 1464 ψυχὴν
1352 1393 1489 1464 πρὸς
1545 1393 1641 1463 τὴν
1688 1393 1794 1446 τῶν

229 1486 470 1556 ἀλήπτων
509 1486 789 1556 περίνοιαν
820 1485 907 1540 διά
937 1485 1102 1555 μόνης
1135 1483 1369 1546 πίστεως
1397 1483 1705 1547 εἰσοικίςειν
1737 1484 1794 1536 ἐν

229 1579 379 1648 ἑαυτῇ
404 1577 554 1646 λέγει
575 1578 682 1632 δεῖν
701 1578 800 1650 τὴν
832 1577 1007 1630 πάντα
1041 1575 1165 1630 νοῦν
1205 1575 1576 1648 ὑπερέχουσαν
1609 1575 1791 1645 φύσιν.

229 1669 324 1722 Καὶ
355 1668 518 1721 τοῦτό
562 1671 678 1722 ἐστι
726 1668 788 1720 τὸ
822 1668 974 1739 παρὰ
1017 1667 1122 1721 τῶν
1154 1667 1322 1736 φίλων
1348 1666 1639 1736 λεγόμενον
1661 1680 1673 1692 ·
1713 1667 1794 1718 ὅτι

230 1761 310 1812 Σοὶ
357 1760 697 1829 ποιήσωμεν,
733 1754 780 1813 ὧ
805 1758 972 1830 ψυχὴ,
1009 1761 1074 1829 τῇ
1120 1757 1300 1821 καλῶς
1335 1757 1471 1828 πρὸς
1499 1758 1588 1810 τὸν
1631 1757 1794 1809 ἵππον

229 1848 652 1922 ἀπεικασθείσῃ,
703 1848 1004 1920 ίνδάλματά
1052 1865 1175 1901 τινα
1235 1848 1334 1918 τῆς
1384 1846 1639 1918 ἀληθείας
1701 1845 1794 1899 καὶ

229 1941 558 2012 ὁμοιώματα.
607 1940 839 2012 Τοιαύτη
883 1942 991 2012 γάρ
1047 1941 1250 1995 τούτων
1287 1940 1460 2008 λόγων
1489 1939 1726 2010 ἀργύρου
1759 1940 1793 2010 ἡ

228 2032 456 2102 δύναμις,
475 2033 550 2094 ὡς
573 2031 885 2102 ὲναύσματά
909 2049 1030 2087 τινα
1055 2030 1434 2102 σπινθηροειδῆ
1450 2031 1623 2084 δοκεῖν
1649 2027 1787 2083 εἶναι

228 2124 284 2174 τά
324 2125 568 2192 ῥήματα,
608 2123 681 2194 μὴ
735 2123 1006 2193 δυνάμενα
1044 2124 1110 2177 δι’
1139 2122 1422 2193 ἀκριϐείας
1465 2122 1702 2192 ἐμφῆναι
1735 2121 1794 2175 τὸ

229 2213 531 2281 ἐγκείμενον
564 2213 761 2282 νόημα.
782 2213 853 2266 Συ
869 2213 1110 2266 δὲταῦτα
1126 2212 1412 2282 δεξαμένη,
1428 2213 1714 2280 ύποζύγιόν
1737 2231 1795 2266 τε

231 2306 314 2358 καὶ
335 2307 651 2376 οἰκητήριον
673 2306 875 2377 γενήσῃ
905 2304 993 2357 διὰ
1018 2305 1253 2366 πίστεως
1281 2302 1373 2356 τοῦ
1408 2321 1488 2356 σοι
1514 2304 1794 2357 ὲνανακλῖ-

228 2396 400 2448 νεσθαι
453 2395 740 2464 μέλλοντος
773 2394 862 2446 διά
915 2394 1013 2463 τῆς
1041 2394 1100 2446 ἐν
1135 2394 1215 2446 σοὶ
1261 2394 1662 2462 κατοικήσεως·
1702 2393 1795 2446 τοῦ

229 2486 327 2557 γὰρ
353 2486 514 2540 αὑτοῦ
545 2487 636 2538 καὶ
658 2484 843 2556 θρόνος
865 2479 915 2536 εἷ
931 2484 1026 2536 κοιλ¹
1055 2479 1202 2546 οἶκος
1235 2485 1460 2556 γενήσῃ.
1481 2484 1634 2554 Τάχα
1658 2483 1702 2536 δ’
1733 2484 1796 2536 ἄν

194 2595 307 2643 ,τις
347 2579 487 2630 εἴποι
515 2577 612 2646 τὴν
646 2577 856 2630 Παύλου
882 2575 1077 2645 ψυχὴν,
1111 2576 1202 2627 καὶ
1236 2573 1289 2627 εἴ
1315 2592 1397 2637 τις
1435 2574 1566 2644 ἄλλη
1606 2573 1794 2642 γέγονε

229 2667 585 2736 κατ’ἑκείνην,
610 2667 715 2720 τῶν
746 2665 998 2718 τοιούτων
1019 2663 1296 2730 ἀξιοῦσθαι
1322 2665 1599 2734 ῥημάτων.
1628 2665 1799 2717 Ἐκεῖ-

205 2778 312 2830 ηνος
353 2761 456 2832 γὰρ
496 2760 688 2824 σκεῦος
721 2759 948 2830 ἐκλογῆς
986 2757 1133 2821 ἅπαξ
1177 2755 1253 2828 τῷ
1290 2759 1532 2829 Δεσπότῃ
1571 2759 1796 2828 γενόμε-

224 2866 332 2912 νος,
368 2851 459 2903 καὶ
511 2851 593 2916 ἐφ’
631 2847 824 2900 ἑαυτοῦ
855 2847 950 2900 καὶ
979 2848 1035 2899 ἐν
1067 2845 1244 2916 ἐαυτῷ
1281 2841 1393 2917 εἶχε
1425 2845 1514 2898 τὸν
1563 2847 1793 2916 Κύριον·

220 2939 276 2989 ιν
317 2941 408 3008 μὲν
441 2938 518 3010 τῷ
566 2938 856 3008 βαστάζειν
887 2935 1048 2991 αὐτοῦ
1078 2937 1139 2989 τὸ
1167 2937 1336 3006 ὄνομα
1375 2937 1614 2991 ἐναντίον
1632 2938 1798 2992 ὲθνῶν

218 3031 314 3082 καὶ
348 3028 608 3098 βασιλέων
650 3028 813 3091 ἵππος
845 3027 1132 3097 γενόμενος
1155 3044 1169 3058 ο
1196 3029 1252 3080 ὲν
1274 3027 1331 3078 δὲ
1373 3026 1450 3096 τῷ
1486 3027 1679 3097 μηκέτι
1703 3029 1797 3082 αῦ-

215 3120 311 3170 τὸν
344 3119 459 3190 ζῇν,
483 3119 596 3171 ἀλλ’
632 3121 688 3172 ὲν
719 3117 896 3188 ἑαυτῷ
924 3115 1183 3170 δεικνύειν
1226 3116 1402 3180 ζῶντα
1432 3119 1635 3171 ἐκεῖνον
1656 3158 1672 3183 ,
1700 3122 1792 3173 καὶ

214 3210 444 3282 δοκιμὴν
493 3211 690 3264 διδόναι
728 3209 822 3263 τοῦ
861 3211 918 3262 ὲν
947 3207 1094 3278 αὐτῷ
1120 3207 1404 3271 λαλοῦντος
1434 3209 1690 3280 Χριστοῦ,
1710 3207 1790 3264 οῐ-

216 3318 319 3364 τος
375 3302 765 3373 περιληπτικὸς
817 3301 914 3372 τῆς
959 3301 1328 3371 ἀπεριλήπτου
1373 3301 1662 3372 γενόμενος
1691 3306 1792 3372 φύ-

215 3407 374 3454 σεως.

1898 499 2006 545 tem
2028 488 2096 544 de
2122 503 2187 543 ea
2225 487 2384 542 nobis
2405 487 2548 541 inest
2583 485 2962 554 intelligentia,
2998 485 3306 552 mentisque
3333 497 3468 538 con»

1896 580 2094 649 ceptio,
2121 587 2206 634 est
2228 579 2531 634 similitudo
2557 578 2677 647 ejus
2700 577 2846 646 quod
2875 576 3156 646 qumritur.
3178 574 3294 629 Non
3319 576 3464 630 enim

1896 670 2140 726 ostendit
2175 670 2349 740 ipsam
2401 669 2548 725 illius
2592 667 2857 728 formam,
2901 681 3063 735 quam
3092 681 3268 735 neque
3313 668 3464 719 novit

1897 761 2169 831 quispiam
2195 799 2210 825 ,
2249 775 2431 829 neque
2464 774 2626 814 nosse
2653 757 2960 812 aut‘vidcre
2995 763 3206 824 potest,
3245 756 3338 810 sed
3370 771 3464 825 per

1899 855 2179 924 speculum
2203 861 2254 909 et
2277 854 2506 924 aenigma
2532 848 3112 920 describittquamdam
3149 847 3295 902 illius
3319 851 3462 916 quod

1897 946 2162 1014 quaeritur
2185 953 2534 1014 apparentem
2567 942 2826 1011 speciem,
2852 951 2974 1010 quae
3005 939 3149 996 inest
3172 941 3369 994 animis
3398 957 3461 994 ex

1896 1035 2130 1105 quadam
2159 1036 2498 1105 conjectura.
2528 1033 2716 1088 Omnis
2738 1039 2920 1087 autem
2948 1031 3120 1086 oratio
3155 1045 3280 1101 quae
3307 1030 3466 1100 signi-

1899 1128 2015 1182 ﬁcat
2071 1127 2384 1196 hujusmodi
2436 1125 2637 1181 mentis
2675 1123 3098 1194 conceptiones,
3148 1122 3310 1176 habet
3358 1122 3464 1175 vim

1896 1216 2179 1286 cujusdam
2207 1218 2397 1287 puncti
2421 1215 2713 1281 individui,
2743 1217 2852 1269 nan
2899 1213 3084 1268 valens
3111 1213 3384 1282 explicare
3411 1211 3464 1266 id

1897 1308 2041 1378 quod
2080 1310 2194 1363 vult
2222 1309 2421 1364 mentis
2454 1307 2746 1378 cogitatio:
2777 1304 2913 1360 adeo
2945 1312 3005 1358 ut
3034 1304 3214 1359 omnis
3245 1303 3463 1372 quidem

1896 1398 2154 1469 cogitatio
2204 1397 2849 1468 mentisque-conccptio
2897 1397 2967 1451 sit
3010 1395 3150 1449 infra
3183 1395 3274 1450 Dei
3313 1410 3464 1449 com-

1898 1489 2339 1560 prehensionem.
2389 1487 2600 1543 Omnis
2633 1489 2812 1543 autem
2873 1487 3238 1556 interpretans
3291 1486 3465 1540 oratio

1896 1581 2112 1635 videtur
2137 1595 2260 1635 esse
2292 1581 2455 1635 breve
2487 1586 2766 1648 punctum,
2812 1585 2870 1632 ut
2901 1592 3024 1647 quae
3053 1592 3160 1631 non
3187 1576 3362 1646 possit
3389 1576 3464 1632 si-

1899 1671 2008 1725 mul
2033 1670 2252 1726 extendi
2284 1686 2408 1725 cum
2455 1670 2740 1724 latitudine
2771 1669 3120 1739 cogitationis
3157 1668 3464 1736 mentisque

1896 1761 2292 1831 conceptionis.
2346 1761 2597 1814 Animam
2638 1775 2802 1826 ergo,
2857 1774 2975 1829 qua:
3017 1774 3113 1828 per
3150 1757 3461 1827 hujusmodi

1897 1854 2093 1907 utentis
2124 1852 2518 1922 conceptiones
2554 1859 2812 1920 tanquam
2843 1865 3004 1904 manu
3041 1849 3259 1903 ducitur
3280 1850 3346 1904 ad
3373 1865 3463 1904 eo-

1897 1957 2016 1998 rum
2047 1957 2170 2014 qua:
2201 1945 2322 2014 capi
2367 1959 2474 1998 non
2513 1951 2745 2013 possunt
2776 1942 3183 2014 cogitationem,
3208 1943 3339 1997 dicit
3368 1957 3463 2012 per

1898 2035 2068 2089 solam
2102 2033 2259 2089 [idem
2295 2043 2550 2104 oportere
2585 2032 2654 2088 ad
2687 2047 2842 2088 suam
2874 2031 3220 2085 introducere
3252 2031 3463 2086 habita-

1897 2126 2100 2180 tionem
2121 2132 2372 2179 naturam
2406 2125 2552 2178 illam
2577 2138 2698 2192 qua
2726 2137 2960 2177 omnem
3007 2129 3228 2192 superat
3264 2121 3452 2175 intelli-
3552 2153 3563 2163 -

1896 2217 2154 2287 gentiam.
2185 2214 2252 2269 Et
2302 2215 2404 2270 hoc
2435 2223 2520 2269 est
2549 2214 2683 2268 illud
2714 2213 2858 2283 quod
2887 2213 3086 2268 dicitur
3124 2213 3192 2268 ab
3227 2212 3420 2268 amicis
3446 2233 3460 2267 :

1898 2307 2041 2372 Tibi,
2073 2323 2105 2361 ο
2137 2309 2340 2372 anima,
2373 2321 2495 2378 quae
2530 2311 2679 2362 recte
2710 2306 2868 2375 equis
2907 2320 2966 2361 es
3001 2304 3301 2360 assimilata
3329 2346 3343 2367 ,
3387 2302 3464 2357 fa-

1898 2400 2400 2469 ciemusquaadam
2455 2398 2702 2453 veritatis
2750 2398 3044 2454 simulacra
3090 2405 3150 2452 etv
3200 2396 3459 2467 quasdam

1895 2490 2300 2546 similitudines.
2330 2489 2656 2559 Hujusmodi
2683 2496 2768 2544 est
2793 2490 2934 2544 enim
2959 2488 3151 2543 horum
3175 2487 3460 2542 verborum

1898 2582 2104 2650 argenti
2133 2582 2234 2641 vis.
2266 2588 2324 2635 ut
2353 2581 2688 2637 suscitabula
2717 2581 2961 2650 quaedam
2995 2581 3150 2652 ignea
3181 2580 3461 2634 videantur

1897 2687 2019 2726 esse
2063 2671 2265 2735 verba,
2311 2687 2431 2741 qua
2465 2687 2572 2726 non
2626 2681 2856 2742 possunt
2907 2678 3162 2724 accurate
3191 2680 3246 2724 et
3273 2676 3461 2724 etactc

1849 2761 1862 2776 '
1898 2761 2201 2825 ostendere,
2234 2777 2355 2832 quae
2383 2763 2546 2827 inest,
2581 2760 3238 2830 memisconccptionem.
3265 2759 3342 2812 Tu
3366 2774 3464 2813 au-

1901 2860 2005 2906 tem
2037 2852 2122 2908 his
2151 2853 2386 2923 acceptis
2409 2894 2421 2917 ,
2457 2853 2551 2908 fies
2591 2869 2689 2924 per
2740 2854 2897 2908 ﬁdem
2939 2852 3222 2921 subjugale
3250 2851 3462 2918 jumen-

1900 2949 2012 2995 tum
2039 2953 2101 2998 et-
2125 2944 2493 2998 habitaculum
2523 2945 2642 3013 ejus
2675 2946 2766 3015 qui
2791 2945 2845 2998 in
2877 2952 2928 2998 te
2972 2953 3056 2999 est
3084 2942 3424 2996 habitaturus
3446 2981 3460 3002 .

1903 3048 1996 3101 per
2044 3048 2162 3087 eam
2211 3037 2332 3101 qua:
2363 3045 2442 3089 est
2501 3036 2554 3088 in
2597 3039 2648 3089 te
2704 3034 3124 3097 habitationem;
3155 3032 3276 3101 ejus
3316 3031 3460 3085 enim

1899 3125 1996 3180 lies
2020 3133 2073 3179 et
2101 3126 2257 3180 sedes
2281 3135 2335 3180 et
2361 3127 2575 3181 domus.
2600 3123 2856 3181 Fortasse
2879 3132 3056 3179 autem
3079 3123 3278 3177 dixerit
3303 3122 3462 3191 quis-

1896 3215 2037 3282 piam
2067 3214 2216 3268 Pauli
2253 3215 2512 3280 animam,
2539 3223 2634 3269 aut
2668 3215 2713 3270 si
2737 3229 2843 3285 qua
2881 3215 2985 3267 alia
3036 3213 3084 3267 ei
3115 3212 3277 3266 fuerit
3305 3211 3460 3266 simi-

1897 3306 1968 3360 lis
1994 3345 2009 3369 ,
2053 3305 2272 3376 dignam
2309 3321 2432 3362 esse
2459 3305 2526 3361 de
2563 3305 2826 3376 quahaec
2869 3305 3031 3360 verba
3063 3302 3334 3358 dicantur.
3369 3302 3462 3355 lllc

1895 3399 2040 3452 enim
2071 3399 2240 3452 semel
2283 3397 2460 3452 factus
2493 3412 2590 3452 vas
2631 3396 2953 3457 electionis.
2995 3409 3158 3463 supra
3213 3408 3273 3448 se
3321 3402 3372 3447 et
3408 3393 3459 3445 in
3543 3439 3546 3446 .

215 3499 278 3538 se
324 3485 552 3540 habebat
585 3484 878 3541 Dominum
906 3504 918 3540 :
944 3499 1118 3555 equus
1148 3483 1369 3554 quidem
1413 3484 1590 3542 factus
1641 3487 1696 3540 in
1727 3502 1794 3542 eo
1866 3489 2009 3559 quod
2084 3498 2321 3558 portaret
2365 3489 2487 3558 ejus
2519 3503 2717 3544 nomen
2752 3487 2820 3541 ad
2854 3491 3043 3557 gentes
3083 3494 3136 3540 et
3183 3498 3337 3555 reges
3367 3483 3407 3513 ³³
3443 3501 3458 3535 :

215 3588 272 3626 tn
309 3589 373 3628 eo
400 3585 576 3629 autem
611 3574 758 3645 quod
792 3576 906 3644 ipse
935 3591 1043 3630 non
1072 3577 1307 3646 amplius
1339 3577 1565 3643 viveret,
1591 3578 1685 3637 sed
1722 3579 1872 3634 illum
1898 3583 1951 3635 in
1977 3597 2036 3635 se
2064 3582 2372 3636 ostenderet
2439 3582 2730 3642 viventem,
2791 3589 2845 3634 et
2908 3579 3061 3632 daret
3122 3575 3463 3645 experimen-

217 3671 338 3715 tum
360 3664 561 3720 Christi
597 3665 653 3718 in
682 3679 741 3719 se
771 3665 1042 3734 loquentis
1067 3665 1133 3731 θ’,
1168 3665 1394 3720 cﬂ'eclus
1425 3667 1622 3722 domus
1653 3671 1938 3725 continens
1999 3671 2146 3725 illam
2218 3677 2469 3724 naturam
2529 3685 2650 3739 quae
2716 3685 2823 3723 non
2850 3675 3027 3737 potest
3049 3663 3459 3734 comprehendi.

290 3757 475 3812 Ταῦτα
499 3759 606 3813 τῶν
629 3759 797 3827 φίλων
816 3759 907 3813 τοῦ
931 3760 1162 3830 νυμφίου
1192 3762 1258 3830 τῇ
1284 3759 1500 3832 καθαρᾷ
1537 3763 1630 3814 καὶ
1652 3779 1794 3834 παρ-

216 3847 360 3918 θένῳ
390 3849 768 3919 χαρισαμένων
788 3851 931 3921 ψυχῇ
954 3845 1087 3920 (εἷεν
1101 3851 1144 3904 δ’
1175 3846 1319 3906 οῦτοι
1348 3852 1415 3906 τὰ
1441 3852 1795 3924 λειτουργικά

217 3941 508 4009 πνεύματα
536 3941 604 3994 τὰ
645 3941 722 4004 είς
751 3940 1025 3994 διακονίαν
1063 3940 1520 4012 ἀποστελλόμενα,
1554 3943 1644 3996 διὰ
1669 3945 1794 4007 τοὺς

221 4029 516 4096 μέλλοντας
551 4028 908 4106 κληρονομεῖν
945 4030 1260 4101 σωτηρίαν),
1299 4030 1628 4102 τελειότερόν
1677 4049 1794 4095 πως

217 4118 426 4184 γίνεται
456 4123 523 4191 τῇ
554 4120 837 4192 προσθήκῃ
869 4120 975 4173 τῶν
1006 4121 1356 4192 χαρισμάτων
1384 4123 1416 4191 ἡ
1450 4122 1657 4194 νύμφη.
1683 4125 1793 4178 Καὶ

222 4210 423 4275 μᾶλλον
470 4211 878 4280 προσεγγίσασα
911 4211 990 4281 τῷ
1024 4211 1370 4281 ποθουμένῳ,
1405 4213 1534 4282 πρὶν
1570 4213 1630 4266 τὸ
1663 4212 1791 4266 κάλ-

217 4299 308 4363 λος
341 4301 498 4354 αὐτοῦ
530 4304 643 4364 τοῖς
661 4301 952 4372 ὀφθαλμοῖς
984 4302 1313 4372 ἐμφανῆναι,
1335 4303 1425 4356 διὰ
1443 4304 1541 4374 τῆς
1559 4303 1793 4374 ὀσφραν-

215 4394 374 4463 τικῆς
397 4393 702 4463 αἰσθήσεως
737 4393 828 4446 τοῦ
874 4391 1206 4464 ζητουμένου
1236 4394 1558 4462 ἐφάπτεται,
1581 4389 1693 4448 οἷόν
1718 4412 1792 4448 τι·

215 4499 306 4547 νος
332 4485 539 4556 χρωτὸς
568 4485 802 4552 ίδιότητα
830 4485 1162 4556 ὀσφραντικῇ
1200 4485 1426 4556 δυνάμει
1455 4485 1790 4556 κατανοήσα-

1965 3765 2100 3819 Cum
2152 3765 2314 3818 amici
2365 3763 2553 3832 sponsi
2601 3762 2712 3815 hanc
2757 3775 2908 3830 purae
2945 3758 3222 3812 dedissent
3267 3751 3460 3823 virgini

1895 3855 1972 3924 (hi
2004 3865 2181 3910 autem
2204 3862 2332 3910 sunt
2359 3853 2803 3909 administratorii
2831 3851 3075 3920 spiritus,
3098 3846 3190 3916 qui
3224 3846 3455 3897 mittun-

1893 3956 1984 4000 tur
2013 3946 2081 3999 ad
2115 3946 2475 4000 ministerium
2508 3985 2522 4009 ,
2568 3952 2788 4015 propter
2828 3956 2923 3997 eos
2967 3939 3060 4009 qui
3107 3945 3235 3993 sunt
3291 3935 3459 3989 futuri
3550 3933 3555 3939 ”

1894 4036 2140 4091 haeredes
2181 4037 2375 4092 salutis
2407 4037 2513 4107 ³³),
2554 4049 2755 4107 sponsa
2804 4034 2861 4087 ﬁt
2902 4027 3302 4103 quodammodo
3348 4041 3456 4095 per-

1899 4126 2093 4180 fectior
2137 4141 2232 4196 per
2284 4127 2579 4194 gratiarum
2636 4124 3028 4180 accessionem.
3086 4119 3330 4188 Cumque
3392 4115 3456 4168 ad

1899 4235 2022 4274 eum
2083 4233 2243 4289 quem
2309 4219 2653 4275 desiderabat
2715 4216 2889 4287 magis
2946 4211 3456 4283 appropinquasset.

1897 4311 2214 4390 priusquam
2249 4311 2369 4380 ejus
2392 4309 2740 4381 pulchritudo
2771 4307 2946 4362 oculis
2975 4304 3338 4374 apparuisset,
3367 4316 3461 4370 per

1899 4404 2164 4457 odorandi
2215 4401 2525 4457 facultatem
2557 4417 2678 4456 eum
2708 4414 2868 4469 quem
2914 4394 3190 4466 quaerebat
3219 4390 3454 4462 attingil,

1897 4503 1952 4550 et
2005 4495 2167 4550 veluti
2223 4493 2508 4563 cujusdam
2558 4493 2757 4546 coloris
2816 4490 3146 4561 proprietate
3199 4488 3266 4539 ab
3323 4484 3461 4538 odo-

215 4588 310 4632 σα,
364 4573 456 4625 καί
507 4591 670 4644 φησιν
715 4574 1083 4642 ἐπεγνωκέναι
1133 4575 1296 4628 αὑτοῦ
1347 4576 1443 4644 τὴν
1507 4576 1680 4646 ὀσμὴν
1725 4579 1790 4647 τῇ

1899 4587 2054 4640 randi
2106 4584 2361 4640 facultate
2388 4584 2796 4646 animadversa,
2828 4581 2961 4636 dicit
2996 4595 3055 4634 se
3098 4577 3218 4647 ejus
3257 4589 3462 4644 cogno-

213 4663 418 4734 εὐωδία
465 4664 561 4717 τοῦ
608 4664 800 4734 μύρου,
835 4658 895 4717 οῦ
932 4665 1122 4736 νάρδος
1163 4666 1279 4718 ἐστὶ
1311 4666 1372 4719 τὸ
1401 4665 1591 4736 ὄνομα,
1620 4667 1793 4740 ταύτῃ

211 4755 356 4824 1:95.;
382 4755 508 4818 τοὺς
539 4755 724 4823 φίλους
747 4759 813 4830 τῇ
845 4759 993 4826 φωνῇ
1041 4757 1356 4827 χρησαμένη
1379 4795 1394 4820 ,
1422 4757 1650 4824 [νάρδος
1674 4774 1794 4826 μου

210 4845 445 4900 ἔδωκεν
489 4846 690 4916 ὀσμὴν
724 4846 932 4902 αὑτοῦ.
979 4848 1188 4918 ’Ὠσπερ
1221 4848 1375 4918 ὑμεῖς
1395 4887 1410 4911 ,
1443 4849 1640 4918 φησὶν,
1688 4850 1790 4902 οὐκ

211 4938 352 4991 αὐτὸ
377 4939 437 4992 τὸ
465 4940 739 5009 ἀκήρατον
768 4939 866 5008 τῆς
894 4938 1142 5008 θεότητος
1183 4938 1424 5008 χρυσίον,
1456 4939 1569 4991 ἀλλ’
1595 4937 1792 5009 ὁμοιώ-

216 5049 367 5097 ματα
393 5032 482 5086 διὰ
512 5033 621 5085 τῶν
659 5031 922 5103 χωρητῶν
964 5034 1095 5102 ἡμῖν
1125 5032 1410 5101 νοημάτων
1443 5032 1534 5085 τοῦ
1569 5034 1791 5103 χρυσίου

215 5123 531 5193 χαρίζεσθε,
574 5125 635 5175 ού
671 5123 933 5190 τηλαυγεῖ
966 5122 1045 5192 τῷ
1081 5121 1223 5192 λόγῳ
1260 5124 1328 5175 τά
1361 5125 1479 5176 κατ’
1511 5124 1672 5178 αὐτὸν
1702 5125 1795 5178 ἐκ·

215 5213 608 5276 καλύπτοντες,
635 5211 769 5268 ἀλλά
795 5212 882 5265 διὰ
907 5211 1006 5280 τῆς
1036 5211 1364 5282 βραδύτητπ
1388 5213 1498 5266 τῶν
1523 5213 1617 5268 τοῦ
1643 5213 1791 5282 λογι-

219 5305 317 5358 xci
341 5305 582 5376 ἀργύρου
610 5303 940 5374 στιγμάτων,
970 5303 1235 5374 ἐμφάσεις
1261 5305 1410 5369 τινὰς
1441 5307 1791 5378 παρασχόμεο

221 5413 300 5450 ab:
322 5397 416 5453 τοῦ
449 5399 802 5470 ζητουμένου·
835 5400 978 5454 οὕτω
1003 5401 1157 5470 κάγὼ
1185 5403 1273 5456 διὰ
1294 5404 1391 5473 τῆς
1411 5403 1667 5468 εὐπνοίας
1694 5403 1788 5457 τοῦ

221 5488 358 5559 ιμοῦ
394 5489 586 5559 μύρου,
613 5489 712 5561 τὴν
743 5491 911 5562 αὐτὴν
948 5492 1154 5546 ἐκείνου
1186 5493 1412 5547 εὐωδίαν
1441 5495 1505 5564 τῇ
1536 5493 1788 5564 αἰσθήσει

303 5667 345 5698 ³⁸
368 5666 490 5721 Act.
540 5681 620 5737 ιι,
667 5667 730 5722 15

804 5667 845 5698 ³³
883 5664 925 5720 ll
954 5665 1080 5722 Cor.
1113 5681 1229 5734 xm,
1265 5665 1314 5720 3.
1395 5662 1621 5722 “Hebr.
1649 5681 1685 5734 ι,
1724 5664 1809 5721 Η.

1893 4679 2036 4732 visse
2080 4677 2340 4739 odorem,
2379 4687 2568 4745 nempe
2620 4674 2879 4746 unguenti
2931 4685 3155 4728 suavem
3216 4669 3460 4732 odorem,

1893 4768 2053 4836 cujus
2114 4783 2309 4822 nomen
2366 4776 2451 4822 est
2513 4765 2715 4822 nardus
2750 4806 2763 4830 ,
2824 4766 2927 4819 hac
2988 4778 3124 4818 voce
3181 4770 3342 4815 utens
3391 4759 3460 4813 ad

1894 4861 2117 4927 amicos,
2152 4859 2369 4915 Nardus
2411 4877 2524 4914 mea
2553 4860 2695 4913 dedit
2734 4859 2943 4913 odorem
2973 4872 3145 4910 suum.
3179 4851 3463 4920 Quomodo

1898 4953 2044 5007 enim
2073 4968 2197 5017 vos,
2221 4954 2417 5023 inquit,
2475 4969 2582 5009 nun
2618 4954 2797 5024 ipsum
2838 4952 3111 5008 sincerum
3156 4963 3348 5002 aurum
3387 4946 3466 4999 di-

1897 5043 2156 5108 vinitatis,
2200 5043 2292 5098 sed
2339 5059 2434 5112 per
2479 5057 2573 5099 eas
2622 5045 2819 5099 mentis
2869 5040 3272 5110 conceptioucs,
3326 5052 3463 5105 quas

1896 5149 2091 5204 capere
2118 5149 2432 5205 possumus,
2465 5137 2623 5191 nobis
2651 5135 2866 5191 donatis
2891 5134 3010 5186 auri
3043 5125 3456 5188 similitudines.

1896 5242 2004 5281 non
2053 5227 2290 5282 dilucida
2325 5228 2572 5284 oratione
2619 5242 2739 5298 qua:
2789 5235 2915 5282 sunt
2960 5225 3080 5292 ejus
3131 5220 3458 5290 aperientes.

1896 5315 1990 5371 sed
2018 5331 2114 5386 per
2139 5319 2365 5388 exiguas
2395 5318 2606 5374 ratione
2637 5317 2847 5389 praediti
2880 5313 3087 5384 argenti
3113 5317 3295 5372 notas,
3327 5321 3462 5376 pm-

1899 5407 2090 5463 bentes
2114 5410 2376 5479 quasdam
2401 5420 2722 5481 apparentes
2741 5408 2951 5479 species
2965 5406 3084 5475 ejus
3109 5402 3251 5474 quod
3265 5397 3462 5468 quaeri-

1895 5505 2013 5554 tur:
2033 5497 2104 5555 ita
2138 5515 2240 5572 ego
2258 5516 2472 5572 quoque
2492 5515 2588 5572 per
2609 5502 2747 5558 bene
2760 5501 3055 5570 spirantem
3075 5497 3178 5551 mei
3203 5485 3460 5560 unguenti
