3928 6196
544 211 648 266 825

1741 236 1796 292 S.
1837 237 2166 298 CiiEGORll
2223 245 2508 305 NYSSENI
3605 251 3688 310 δτι

539 329 922 402 ﬂagrantiam,
982 351 1146 393 sensu
1201 346 1416 415 percepi
1474 347 1620 403 illius
1676 349 1850 419 ipsius
1904 353 2099 409 bonum

2216 363 2617 434 παρεδεξάμην.
2666 362 2918 416 ΤοιοῦτονΔ
2953 364 3009 416 δέ
3053 380 3171 416 τινα
3213 365 3322 418 νοῦν
3362 368 3489 422 δοκεῖ
3524 388 3598 441 μοι
3643 377 3688 428 τὸ

541 423 790 478 odorem.
837 425 965 480 Mihi
998 437 1181 484 autem
1220 432 1272 486 id
1318 436 1462 504 quod
1495 437 1719 505 dicitur,
1753 441 1968 498 videtur
2011 444 2112 498 bad

541 513 670 568 here
715 516 880 570 talem
933 533 1154 576 sensum
1189 519 1676 597 :Quandoquidem
1727 533 2025 588 multorum
2058 542 2112 589 et

541 607 885 665 diversorum
937 624 1266 681 aromatum,
1309 619 1405 673 sed
1443 636 1552 675 non
1601 638 1665 676 ex
1715 625 1822 678 alia
1861 625 2110 695 proprie--

540 703 688 758 tate,
748 698 886 754 bene
940 703 1303 770 spirantium,
1372 710 1668 767 artificiosa
1728 722 1784 768 et
1833 714 2111 769 moderata

542 786 732 841 mistio
765 789 873 843 tale
903 784 1440 864 eﬂicitunguentum,
1463 815 1525 855 ex
1553 803 1622 857 iis
1637 819 1758 872 qua:
1788 804 1952 858 simul
1989 805 2111 874 inji-

537 875 780 940 ciuntur,
817 896 923 934 una
963 882 1130 939 herba
1165 888 1468 956 redolente,
1512 894 1598 948 cui
1630 910 1828 951 nomen
1869 904 1954 951 est
1985 912 2113 950 nar-

537 967 665 1033 dus,
695 984 890 1025 nomen
922 975 1173 1042 pratbens
1213 981 1313 1034 toti
1353 984 1740 1052 compositioni
1778 1005 1789 1039 :
1824 986 1971 1056 quod
2005 1001 2107 1040 au-

538 1065 648 1112 tem
680 1073 745 1112 ex
777 1063 1035 1119 omnibus
1063 1071 1388 1127 aromaticis
1411 1075 1839 1144 proprietatibus
1863 1079 1918 1132 in
1945 1093 2108 1133 unam

535 1150 864 1238 conciliatur
927 1163 983 1209 et
1041 1157 1311 1214 conﬂatur
1382 1161 1773 1234 fragrantiam,
1851 1178 2108 1238 tanquam

537 1232 716 1300 ipsum
768 1241 956 1306 sponsi
1008 1257 1230 1300 suavem
1283 1232 1510 1305 odorem
1571 1266 1834 1324 purgatus
1879 1232 2109 1326 suscipit

536 1341 778 1384 sensus:
824 1332 940 1387 haec
973 1351 1070 1404 per
1106 1353 1176 1392 ea,
1211 1347 1333 1409 quae
1371 1343 1516 1398 dicta
1553 1356 1682 1400 sunt
1725 1348 2106 1404 existimamus

537 1416 772 1475 Verbum
805 1439 906 1479 nos
935 1429 1176 1495 erudire,
1201 1433 1347 1501 quod
1381 1434 1513 1488 illud
1537 1437 1782 1506 quidem,
1817 1440 2107 1508 qualecun-

534 1527 642 1579 que
689 1515 772 1568 sit-
813 1520 1113 1575 secundum
1167 1527 1494 1590 essentiam,
1545 1529 1692 1598 quod
1745 1545 1933 1585 eorum
1985 1547 2104 1602 qua:

535 1613 685 1667 sunt,
715 1620 939 1676 superat
964 1625 1181 1668 onmem
1208 1617 1654 1674 constitutionem
1679 1629 1731 1676 et
1751 1621 2104 1678 administra-

2213 451 2501 524 λεγόμενον
2535 453 2703 524 ἔχειν·
2732 453 2947 524 Ἐπειδὴ
2983 454 3185 508 πολλῶν
3210 457 3296 509 καὶ
3317 458 3553 530 διαφόρων
3577 465 3688 533 apt»-

2217 540 2420 609 μάτων,
2469 541 2582 596 ἀλλ’
2625 545 2687 595 οὐ
2733 544 2852 595 κατ’
2885 542 3049 614 ἄλλην
3103 543 3322 615 ἰδιότητα
3367 547 3690 614 εὐπνοούντων,

2211 633 2431 700 τεχνική
2470 647 2551 693 τις
2583 633 2675 683 καὶ
2698 631 2968 701 ἔμμετρος
3001 631 3139 701 μίξις
3169 633 3227 684 τὸ
3256 633 3470 687 τοιοῦτον
3497 638 3693 706 ἀπεργά-

2212 719 2360 783 ζεται
2394 720 2581 790 μύρον,
2621 723 2748 791 μιᾶς
2789 738 2929 783 τινος
2961 721 3097 784 πόας
3135 720 3352 789 εὐώδους
3388 725 3445 776 ἐκ
3481 727 3573 778 τῶν
3602 745 3700 782 συνο

2210 810 2643 881 εμὸαλλομένων,
2725 811 2891 881 δνομα
2923 811 3111 880 νάρδος
3131 813 3288 876 ἐστὶν,
3317 814 3413 884 ὅλῳ
3439 815 3508 884 τῷ
3539 820 3699 872 σκευά-

2212 919 2375 972 σματι
2409 903 2789 972 παρεχομένης
2825 902 2886 954 τὸ
2913 902 3108 971 ὄνομαο
3139 901 3199 954 τὸ
3219 903 3272 956 δὲ
3304 905 3364 956 ἐκ
3391 905 3579 958 πάντων
3617 909 3704 960 τῶν

2209 992 2572 1064 ἀρωματικῶν
2626 993 2925 1062 ἰδιωμάτων
2985 993 3065 1054 είς
3120 993 3244 1061 μίαν
3288 993 3703 1065 συνερανιζόμενον

2208 1083 2481 1147 εῦπνοιαν,
2511 1083 2586 1146 ὡς
2611 1084 2781 1152 αὐτὴν
2809 1081 2902 1135 τοῦ
2945 1084 3177 1152 νυμφίου
3221 1084 3314 1154 τὴν
3350 1085 3553 1138 εὐωδίαν
3578 1088 3606 1154 ἡ
3633 1101 3706 1139 κει

2207 1174 2524 1246 καθαρμένη
2557 1174 2807 1243 αἴσθησις
2835 1173 3069 1244 δέχεται’
3100 1173 3268 1226 ταῦτα
3293 1174 3379 1226 διὰ
3404 1173 3500 1226 τῶν
3527 1175 3708 1245 εἰρημέ-

2207 1283 2312 1318 νων
2347 1263 2621 1317 παιδεύειν
2664 1265 2810 1333 ἠμᾶς
2848 1264 2938 1317 τὸν
2977 1263 3147 1330 Λόγον
3191 1263 3428 1333 οἰόμεθα,
3462 1264 3534 1315 ὅτι
3571 1266 3711 1317 ἐκεῖνο

2210 1356 2306 1426 μὲν
2328 1356 2355 1407 ὅ
2377 1354 2429 1406 τί
2460 1371 2587 1407 ποτε
2609 1356 2727 1406 κατ’
2757 1353 2944 1406 οὐσίαν
2975 1353 3110 1413 ἐστὶ,
3137 1352 3198 1404 τὸ
3230 1353 3402 1424 πάσης
3433 1352 3710 1424 ὑπερκείμε-

2205 1461 2294 1498 νον
2335 1445 2433 1513 τῆς
2473 1443 2578 1496 τῶν
2612 1443 2776 1498 ὄντων
2826 1441 3138 1506 συστάσεως
3183 1460 3245 1497 τε,
3289 1445 3380 1498 καὶ
3421 1443 3711 1514 διοικήσεως,

2205 1534 2496 1606 ἀπρόσιτόν
2525 1551 2586 1586 τε
2615 1534 2708 1587 καὶ
2737 1534 2939 1602 ἀναφὲς
2972 1535 3066 1587 καὶ
3095 1533 3332 1604 ἄληπτον
3351 1550 3364 1563 ⁸
3405 1535 3436 1602 ἡ
3461 1533 3584 1586 δὲέν
3611 1536 3715 1604 ἡμῖν

2203 1626 2289 1680 διὰ
2330 1626 2429 1696 τῆς
2469 1625 2579 1678 τῶν
2617 1625 2824 1697 ἀρετῶν
2859 1623 3230 1695 καθαρότητος
3272 1623 3623 1695 μυρεψουμένη
3646 1622 3718 1676 εὐ-

535 1695 759 1763 tionem,
810 1699 1152 1758 inaccessum
1195 1715 1514 1780 est,'neque
1557 1714 1702 1783 tangi
1732 1721 1825 1766 aut
1855 1729 2099 1784 compre-

2200 1715 2352 1779 ωδία,
2385 1690 2505 1768 ’ἀντ’
2541 1690 2746 1767 ἐκείνου
2786 1714 2916 1784 ἡμῖν
2946 1690 3173 1781 γίνεται,
3208 1690 3518 1783 μιμουμένη⁷
3533 1711 3600 1781 τῷ
3615 1690 3722 1763 καθ’

533 1785 698 1840 bendi
742 1798 966 1859 potest:
1007 1799 1099 1866 qui
1147 1813 1276 1852 vero
1317 1799 1372 1854 in
1420 1802 1581 1857 nobis
1611 1812 1696 1859 est
1742 1805 1919 1860 bonus
1967 1805 2102 1860 odor

535 1880 704 1933 instar
724 1885 985 1953 unguenti
1011 1891 1353 1959 compositus
1382 1909 1476 1962 per
1497 1894 1791 1964 puritatem
1814 1897 2097 1962 virtutum,

534 1971 580 2025 is
602 1972 760 2028 nobis
784 1977 998 2032 exsistit
1030 1979 1151 2035 loco
1178 1982 1348 2047 illius,
1383 2001 1479 2038 sua
1510 1988 1748 2055 puritate
1786 1989 2011 2044 imitans
2045 1989 2099 2044 id

529 2063 675 2130 quod
706 2073 790 2120 est
816 2075 1011 2124 natura
1053 2072 1330 2128 sincerum
1370 2085 1422 2130 et
1456 2077 1704 2133 interitui
1735 2080 1960 2135 minime
2000 2080 2100 2135 ob-

499 2154 786 2220 noxium,
815 2168 868 2212 et
892 2159 1134 2217 bonitate
1156 2165 1390 2228 bonum,
1425 2178 1476 2221 et
1508 2184 1573 2222 eo
1605 2171 1747 2240 quod
1785 2187 1893 2225 non
1917 2173 2102 2228 interit

531 2243 584 2297 id
616 2244 670 2302 in
697 2248 840 2316 quod
868 2264 977 2304 non
1009 2253 1157 2307 cadit
1177 2255 1465 2324 interitus,
1493 2267 1546 2313 et
1571 2275 1638 2315 eo
1657 2261 1800 2330 quod
1826 2264 2023 2316 mutari
2048 2276 2102 2317 ct

530 2335 750 2392 alterari
779 2355 886 2395 non
916 2352 1119 2411 potest,
1154 2345 1204 2399 id
1231 2347 1376 2415 quod
1407 2357 1491 2403 est
1515 2351 1855 2407 immutabile
1884 2361 1938 2408 et
1959 2353 2098 2407 inal-

528 2426 780 2495 terabile,
809 2439 863 2485 et
900 2435 1160 2491 omnibus
1204 2452 1325 2506 quae
1360 2439 1412 2492 in
1459 2441 1617 2495 nobis
1654 2451 1802 2498 recte
1831 2455 2100 2513 geruntur

527 2532 594 2570 ex
647 2519 870 2582 virtute,
915 2539 1099 2580 veram
1142 2527 1398 2584 virtutem
1452 2530 1828 2602 intelligimus,
1873 2534 1940 2590 de
1991 2551 2098 2604 qua

528 2607 662 2662 dicit
690 2611 908 2668 Abacuc
938 2618 1203 2686 propheta
1228 2620 1454 2691 ",quod
1474 2625 1884 2694 comprehendit
1908 2643 2099 2684 omnes

527 2703 716 2757 caelos.
743 2703 874 2770 Quae
901 2723 1033 2778 ergo
1067 2709 1182 2765 haec
1213 2711 1440 2768 disserit
1471 2717 1614 2784 apud
1647 2719 1854 2773 amicos
1887 2719 2121 2789 sponsi,’

529 2809 724 2864 nempe
751 2797 895 2865 quod
930 2813 1090 2853 suum
1125 2801 1349 2856 odorem
1376 2802 1588 2859 dederit
1615 2807 1862 2874 nardus;
1904 2809 2018 2863 haec
2045 2819 2099 2864 et

527 2901 648 2953 ιμιίρ
690 2898 821 2942 sunt
874 2889 1191 2960 huiusmodi
1230 2894 1360 2947 mihi
1407 2895 1620 2950 videtur
1663 2898 2097 2968 philosophando

2201 1807 2398 1878 ἑαυτὴν
2419 1805 2640 1876 καθαρῷ
2669 1806 2728 1857 τὸ
2757 1807 2822 1875 τῇ
2855 1803 3016 1872 φύσει
3040 1805 3332 1875 ἀκήρατον,
3360 1804 3450 1856 καὶ
3473 1801 3545 1873 τῷ
3567 1800 3722 1870 ἀγαθῷ

2199 1899 2261 1952 τὸ
2300 1897 2523 1967 ἀγαθὸν,
2555 1899 2650 1951 καὶ
2685 1895 2762 1966 τῷ
2794 1895 3056 1966 ἀφθάρτῳ
3097 1897 3158 1948 τὸ
3201 1895 3501 1965 ἄφθαρτον,
3541 1895 3624 1946 καὶ
3663 1893 3725 1962 τῷ

2201 1987 2539 2059 ἀναλλοιώτῳ
2578 1987 2638 2041 τὸ
2665 1985 3036 2051 ἀναλλοίωτον,
3077 1987 3171 2039 καὶ
3201 1989 3332 2040 πᾶσι
3366 1988 3470 2048 τοῖς
3497 1985 3603 2037 κατ’
3631 1985 3727 2054 ἀρε·

2200 2082 2299 2153 τὴν
2340 2083 2397 2135 ἐν
2447 2081 2576 2150 ἡμῖν
2618 2078 3068 2148 κατορθουμένοις
3105 2077 3207 2149 τὴν
3244 2076 3495 2148 ἀληθινὴν
3544 2075 3728 2146 ἀρετὴν,

2203 2173 2330 2244 περὶ
2360 2167 2428 2243 ἧς
2465 2188 2626 2241 φησιν
2671 2159 2985 2240 Ἃδϐακοὺμ
3016 2171 3044 2222 ό
3078 2170 3390 2240 προφήτης,
3427 2167 3498 2230 ὡς
3525 2168 3635 2229 τοὺς
3658 2165 3728 2218 οὑ-

2206 2267 2397 2338 ρανοὺς
2419 2266 2625 2327 πάντας
2646 2261 3024 2330 διαλαϐούσης.
3052 2263 3268 2316 Οὐκοῦν
3295 2260 3462 2315 ταῦτα
3486 2260 3609 2329 πρὸς
3633 2259 3732 2320 τοὺς

2203 2358 2387 2427 φίλους
2419 2356 2512 2409 τοῦ
2543 2355 2773 2424 νυμφίου
2803 2351 3090 2417 διεξιοῦσα,
3114 2352 3204 2406 ὅτι
3233 2350 3342 2423 Τὴν
3361 2352 3520 2422 ὀδμὴν
3545 2349 3733 2418 αὑτοῦὴ

2201 2451 2309 2522 ἐμὴ
2348 2449 2540 2520 νάρδος
2581 2449 2703 2520 ἐμοὶ
2733 2449 2946 2502 δίδωσι·
2979 2446 3160 2501 ταῦτά
3198 2464 3288 2516 μοι
3328 2446 3421 2498 καὶ
3460 2443 3525 2496 τὰ
3551 2441 3739 2495 τοιαῦτα

2200 2542 2348 2595 δοκεῖ
2375 2539 2735 2610 φιλοσοφοῦσα
2765 2539 2962 2607 λέγειν,
2990 2540 3071 2592 ὅτι
3103 2539 3190 2600 είς
3226 2538 3334 2589 πᾶν
3365 2533 3519 2596 ἄνθος
3547 2531 3736 2592 εὐωδίας

2201 2635 2234 2705 ἢ
2266 2634 2465 2704 ἀρωμα
2490 2633 2554 2684 ἐκ
2579 2631 2687 2683 τῶν
2715 2631 2970 2684 ποικίλων
3002 2630 3101 2698 τῆς
3136 2628 3341 2700 ἀρετῆς
3373 2625 3633 2696 λειμώνων
3667 2622 3741 2674 ἀν-

2202 2723 2496 2792 θολογήσας
2515 2762 2529 2783 ,
2572 2721 2745 2774 πάντα
2774 2719 2966 2772 ἐαυτοῦ
2997 2719 3085 2771 τὸν
3120 2718 3243 2789 βίον
3285 2717 3522 2787 ἑμμυρον
3549 2711 3629 2769 διὰ
3661 2709 3742 2777 τῆς

2201 2811 2308 2864 τῶν
2329 2811 2448 2863 καθ’
2475 2811 2700 2862 ἕκαστον
2721 2808 3167 2878 ἐπιτηδευμάτων
3196 2805 3447 2876 εύοδμίας
3469 2800 3746 2872 ἀπεργασάο

2205 2919 2385 2973 μενος,
2417 2901 2504 2954 διά
2531 2901 2748 2954 πάντων
2781 2902 2988 2968 γένοιτο
3013 2899 3229 2962 τέλειος
3249 2939 3262 2962 ,
3309 2898 3442 2968 πρὸς
3483 2895 3630 2948 αὑτὸν
3667 2891 3745 2960 μὲν

525 2977 730 3044 dicere,
771 2996 965 3051 nempe
1008 2985 1153 3053 quod
1186 2986 1231 3039 si
1271 2987 1400 3056 quis
1434 3002 1650 3042 omnem
1681 2989 1820 3044 bene
1855 2991 2087 3045 olentem

2202 2996 2291 3048 τὸν
2319 2995 2448 3048 Θεὸν
2473 2995 2664 3061 Λόγον,
2691 2994 2766 3056 ὡς
2796 2993 2930 3064 πρὸς
2957 2992 3105 3063 ἡλίου
3142 2991 3345 3045 κύκλον
3374 2988 3569 3050 ἀτενῶς
3591 2984 3750 3038 ἐνιδεῖν

525 3067 738 3132 ﬂorem,
766 3079 857 3124 aut
885 3087 1070 3127 aroma
1106 3075 1390 3144 collegerit
1422 3092 1490 3131 ex
1521 3078 1688 3132 variis
1725 3080 1895 3148 pratis
1928 3082 2100 3135 virtu-

525 3157 618 3221 tis,
643 3166 697 3212 et
728 3166 894 3213 totam
923 3177 1077 3216 suam
1108 3163 1274 3216 vitam
1303 3180 1475 3218 unum
1493 3166 1733 3221 eﬂ'ccerit
1760 3177 2096 3238 unguentum

528 3263 623 3314 per
647 3249 852 3303 bonum
887 3251 1110 3308 odorem
1145 3255 1486 3324 singulorum
1519 3258 1646 3310 vitae
1684 3261 2015 3325 studiorum,
2047 3271 2099 3315 et

525 3352 588 3390 ea
620 3339 829 3393 ratione
867 3355 964 3409 per
1015 3343 1197 3396 omnia
1250 3343 1416 3398 fuerit
1463 3345 1760 3415 perfectus,
1800 3349 1865 3403 ad
1920 3350 2096 3419 ipsum

524 3429 746 3498 quidem
771 3429 866 3485 Dei
892 3431 1156 3498 Verbum,
1184 3445 1439 3505 tanquam
1475 3437 1539 3490 ad
1571 3438 1756 3494 orbem
1801 3441 1934 3495 solis
1967 3440 2097 3496 dell-

526 3533 652 3585 g-ere
681 3520 874 3577 oculos
919 3537 1018 3578 sua
1062 3538 1169 3578 non
1221 3531 1405 3593 potest
1455 3533 1696 3582 natura:
1741 3529 1836 3584 sed
1891 3530 1945 3584 in
1982 3529 2099 3599 ipso

524 3619 784 3679 tanquam
812 3613 867 3666 in
899 3614 1128 3683 speculo
1169 3616 1338 3671 solem
1367 3617 1581 3686 aspicit.
1614 3619 1763 3674 illius
1785 3621 1930 3695 enim
1958 3637 2098 3676 vera:

523 3708 579 3754 et
621 3700 822 3757 divina
866 3705 1094 3760 virtutis
1136 3705 1300 3771 radii,
1349 3722 1501 3778 purre
1545 3709 1668 3765 vitae
1716 3711 2096 3768 illucescentes

525 3806 620 3859 per
671 3803 982 3850 manantem
1039 3810 1102 3850 ex
1155 3797 1264 3857 illis
1307 3798 1803 3870 impatibilitatem,
1857 3803 2096 3858 eﬂiciunt

524 3872 688 3939 nobis
726 3888 1114 3954 aspectabilem
1143 3890 1237 3960 qui
1264 3899 1349 3946 est
1382 3895 1812 3964 inaspectabilis.
1861 3906 1914 3951 et
1941 3911 2094 3950 com-
2121 3879 2136 3890 ’

522 3975 946 4043 prehensibilem
993 3993 1118 4033 eum
1155 3981 1222 4034 ad
1255 3998 1417 4052 quem
1452 3999 1561 4038 non
1612 3993 1760 4053 patet
1805 3983 2008 4048 aditus,
2041 3985 2093 4039 in

523 4065 748 4134 speculo
784 4077 974 4122 nostro
1001 4070 1172 4124 solem
1197 4071 1593 4129 describentes.
1628 4073 1769 4128 Idem
1799 4083 1882 4130 est
1913 4087 2093 4131 autem

521 4157 726 4224 dicere,
757 4158 904 4228 quod
945 4160 1010 4214 ad
1046 4175 1266 4217 sensum
1312 4165 1527 4229 attinet,
1571 4173 1664 4218 aut
1707 4166 1840 4219 solis
1886 4166 2091 4230 radius,

521 4257 618 4304 aut
645 4249 866 4305 virtutis
899 4251 1081 4308 (luxus
1113 4262 1168 4325 et
1197 4256 1594 4321 emanationes,
1623 4264 1717 4310 aut
1743 4256 1939 4312 odores
1969 4272 2093 4312 aro-

2203 3085 2363 3152 φύσιν
2397 3085 2494 3137 οὐκ
2521 3084 2633 3154 ἕχει
2653 3101 2666 3114 ·
2699 3085 2755 3134 ἐν
2786 3081 2964 3152 ἐαυτῷ
3001 3082 3057 3135 δὲ
3102 3082 3370 3151 καθάπερ
3412 3080 3469 3131 ἐν
3498 3075 3751 3144 κατόπτρῳ

2203 3175 2386 3245 βλέπει
2417 3174 2505 3227 τὸν
2543 3175 2714 3244 ἣλιον.
2747 3174 2811 3226 Αἱ
2851 3173 2960 3244 γὰρ
2986 3169 3084 3242 τῆς
3139 3171 3405 3242 ἀληθινῆς
3443 3168 3643 3238 ἐκείνης
3679 3164 3754 3218 καὶ

2201 3265 2348 3329 θείας
2392 3267 2592 3336 ἀρετῆς
2627 3265 2843 3328 ἀκτῖνες
2873 3264 2949 3334 τῷ
2984 3263 3403 3334 κεκαθαρμένῳ
3437 3261 3532 3330 βίῳ
3558 3257 3638 3312 διὰ
3673 3255 3754 3322 τῆς

2200 3356 2576 3428 ἀπορρεούσης
2612 3356 2793 3409 αὐτῶν
2837 3354 3101 3418 ἀπαθείας
3151 3355 3564 3445 ἐκλάμπουσαι,
3591 3345 3754 3445 ὁρατὸν

2201 3447 2448 3501 ποιοῦσιν
2466 3449 2596 3518 ἡμῖν
2615 3447 2673 3500 τὸ
2686 3446 2935 3519 ἀόρατον,
2955 3447 3047 3499 καὶ
3065 3445 3285 3516 ληπτὸν
3300 3443 3364 3497 τὸ
3384 3441 3678 3508 ἀπρόσιτον,
3696 3441 3759 3504 τῷ

2198 3539 2452 3610 ἡμετέρῳ
2477 3539 2766 3609 κατόπτρῳ
2789 3536 3247 3607 ἐνζωγραφοῦσοιι
3274 3535 3368 3588 τὸν
3391 3533 3557 3604 ἥλιον.
3579 3525 3756 3582 Ταυτὸν

2149 3641 2160 3648 ”
2197 3629 2253 3682 δέ
2281 3632 2429 3682 ἐστιν
2456 3628 2532 3692 ὡς
2558 3628 2692 3699 πρὸς
2718 3627 2779 3680 τὸ
2807 3627 3128 3698 ἐγκείμενον
3159 3627 3371 3697 νόημα,
3405 3627 3437 3694 ἢ
3468 3625 3678 3682 ἀκτῖνας
3699 3617 3761 3669 εί-

2199 3721 2320 3770 πεῖν
2355 3719 2526 3788 ἡλίου,
2562 3718 2594 3788 ἢ
2631 3719 2728 3788 τῆς
2769 3718 2969 3790 ἀρετῆς
3000 3718 3333 3789 ἀπορροίας,
3368 3715 3402 3786 ἢ
3444 3713 3541 3775 τὰς
3570 3712 3760 3803 ἀριθμεας

2197 3810 2352 3874 τικάς
2379 3810 2624 3874 εὐωδίας.
2657 3810 2726 3862 ’Ὀ
2765 3827 2816 3863 τι
2842 3809 2950 3880 γάρ
2991 3807 3057 3862 ἂν
3085 3810 3153 3860 ἐκ
3183 3806 3401 3860 τούτων
3427 3804 3559 3874 πρὸς
3581 3800 3663 3852 τὸν
3686 3800 3763 3847 τοῦ

2196 3901 2354 3968 λόγου
2410 3901 2612 3954 σκοπὸν
2651 3900 3008 3971 ὑποθὼμεθα,
3043 3899 3103 3952 ἓν
3149 3899 3213 3965 ἐξ
3268 3897 3532 3950 ἁπάντων
3571 3889 3676 3954 ἐστὶ
3714 3884 3762 3984 τδ

2198 3993 2542 4063 ἐγγινόμενον
2593 3994 2789 4064 νόημα,
2838 3992 2898 4045 τὸ
2948 3991 3034 4045 διὰ
3083 3992 3199 4044 τῶν
3254 3990 3474 4060 ἀρετῶν
3521 3987 3645 4055 ἡμῖν
3686 3994 3764 4030 του

2197 4085 2375 4138 πάντα
2427 4083 2550 4137 νοῦν
2598 4085 2956 4156 ὑπερέχοντος
2999 4083 3215 4151 ἀγαθοῦ
3262 4084 3368 4152 τὴν
3405 4079 3603 4144 γνῶσιν
3637 4071 3764 4140 ἐγγί-

2195 4175 2401 4238 νεσθαι,
2439 4175 2627 4247 ὥσπερ
2655 4176 2770 4229 ἔστι
2817 4175 2905 4228 διά
2947 4192 3090 4237 τινος
3129 4174 3356 4236 εἰκόνος
3401 4172 3462 4225 τδ
3491 4167 3764 4238 ἀρχέτυπον

2197 4267 2391 4330 κάλλος
2426 4266 2864 4335 ἀναλογίσασθαι.
2904 4266 3058 4319 Οὕτω
3091 4267 3192 4325 καὶ
3224 4265 3475 4326 Παῦλος,
3506 4264 3538 4330 ὴ
3583 4257 3759 4334 νύμφην

523 4342 775 4397 maticos.
808 4343 1083 4414 Quidquid
1121 4346 1264 4400 enim
1300 4349 1647 4416 posuerimus
1675 4364 1740 4402 ex
1775 4363 1841 4403 eo
1873 4349 1939 4403 ad
1969 4364 2093 4404 sco-

2200 4360 2224 4410 ὑ
2250 4359 2337 4411 διὰ
2371 4359 2480 4411 τῶν
2512 4358 2719 4428 ἀρετῶν
2746 4357 2836 4410 τὸν
2873 4356 3103 4428 νυμφίον
3147 4355 3532 4425 μιμούμενος,
3557 4348 3644 4403 καὶ
3678 4345 3763 4408 ζαν

521 4448 648 4500 pum
677 4435 851 4499 verbi,
881 4451 986 4489 una
1031 4445 1262 4506 estquae
1291 4453 1356 4492 ex
1396 4440 1657 4494 omnibus
1693 4439 1751 4492 ﬁt
1794 4441 2088 4505 sententia,

520 4540 717 4594 nempe
746 4527 893 4596 quod
923 4528 1052 4581 boni
1089 4531 1402 4598 superantis
1431 4545 1644 4585 onmem
1671 4533 2088 4602 intelligentiam

521 4631 619 4685 per
647 4617 883 4673 virtutes
920 4619 1084 4674 nobis
1113 4621 1357 4688 cognitio
1398 4621 1562 4684 inest,
1594 4622 1737 4677 sicut
1769 4638 1864 4692 per
1894 4637 2089 4692 quam-

518 4707 646 4764 dam
699 4709 988 4778 imaginem
1040 4713 1268 4782 cogilari
1309 4721 1489 4782 potest
1543 4715 1808 4783 primaria
1849 4715 2092 4784 pulchri-

522 4800 670 4856 tudo.
704 4800 778 4853 ita
805 4803 970 4856 etiam
1008 4803 1210 4859 Paulus
1233 4805 1302 4869 ³⁸,
1337 4806 1429 4875 qui
1477 4816 1561 4862 est
1604 4823 1826 4876 sponsa.
1855 4824 1952 4878 per
1980 4809 2092 4863 vir-

520 4899 666 4946 tutes
696 4907 957 4961 sponsum
1011 4893 1252 4961 imitans,
1286 4905 1339 4950 et
1387 4913 1482 4966 per
1528 4899 1761 4968 speciem
1801 4900 1854 4953 in
1905 4915 1962 4954 se
1992 4900 2088 4956 de-

519 4983 770 5037 scribens
789 4998 906 5037 eam
929 4983 995 5036 ad
1017 5000 1178 5053 quam
1212 5002 1318 5040 non
1341 4998 1488 5057 patet
1507 4990 1686 5044 aditus
1717 4991 2088 5058 pulchritudi-

519 5087 736 5136 nem,ex
757 5073 1024 5130 fructibus
1043 5077 1798 5150 spiritus,cbaritate,gaudio
1813 5089 1863 5136 et
1879 5090 2092 5152 pace,et

519 5178 643 5234 quae
669 5173 801 5218 sunt
829 5166 1139 5234 hujusmodi
1173 5170 1404 5239 species,
1439 5171 1578 5224 hanc
1601 5171 1831 5226 nardum
1864 5188 2088 5241 compo-

521 5272 658 5312 nens
691 5264 951 5328 tanquam
986 5264 1401 5331 unguentarius,
1437 5265 1571 5318 dicit
1605 5265 1659 5318 in
1691 5280 1750 5319 se
1777 5281 1901 5320 esse
1926 5267 2079 5321 Chri-

519 5348 589 5403 sti
617 5347 821 5404 bonum
854 5350 1096 5415 odorem,
1122 5354 1349 5420 gratiam
1382 5353 1528 5406 illam
1557 5363 1996 5424 exsuperantem,
2018 5357 2086 5411 ad

518 5455 680 5511 quam
713 5455 820 5495 non
867 5449 1016 5512 patet
1049 5443 1250 5508 aditus,
1289 5446 1342 5499 in
1386 5446 1567 5514 seipso
1605 5445 1864 5514 odorans,
1898 5455 1952 5503 et
1997 5465 2082 5505 se-

591 5612 856 5672 “ilabac.
885 5631 964 5670 ιιι.
1005 5619 1055 5671 5.
1137 5620 1178 5650 ⁵⁵
1239 5618 1278 5672 ll
1313 5619 1437 5674 Cor.
1481 5635 1578 5686 xu,
1615 5620 1647 5672 εὶ
1688 5637 1806 5692 sqq.

2197 4449 2426 4519 γραφῶν
2471 4449 2651 4518 ἐαυτῷ
2691 4448 2779 4500 διὰ
2824 4448 2917 4499 τοῦ
2964 4447 3076 4517 βίου
3119 4449 3188 4500 τὸ
3236 4448 3543 4517 ἀπρόσιτον
3581 4435 3760 4534 κάλλθςς

2196 4538 2260 4590 ἔκ
2292 4555 2350 4591 τε
2387 4539 2494 4590 τῶν
2527 4537 2752 4608 καρπῶν
2793 4537 2888 4589 τοῦ
2936 4539 3283 4607 πνεύματος,
3339 4536 3565 4604 ἀγάπης
3605 4545 3657 4581 τε
3690 4537 3764 4575 και

2196 4631 2389 4700 lupa?!
2441 4631 2534 4682 καὶ
2577 4630 2820 4702 εἰρήνης,
2857 4629 2950 4681 καὶ
2983 4629 3090 4680 τῶν
3130 4629 3414 4681 τοιούτων
3449 4623 3600 4678 εἱδῶν
3629 4629 3762 4687 μυρε-

2195 4721 2311 4790 ψῶν
2360 4721 2563 4791 ταύτην
2611 4722 2711 4791 τὴν
2755 4720 2980 4790 νάρδον,
3028 4720 3286 4792 Χριστοῦ
3332 4717 3568 4772 εὐωδίαν
3613 4709 3760 4773 ἐλεγεν

2194 4813 2387 4866 ἐαυτὸν
2426 4809 2600 4875 εἶναι,
2630 4811 2727 4882 τὴν
2767 4812 3059 4882 ἀπρόσιτον
3089 4812 3334 4881 ἐκείνην
3373 4811 3472 4863 καὶ
3508 4802 3759 4874 ὑπερέχου-

2195 4921 2292 4958 σαν
2322 4904 2478 4973 χάριν
2518 4907 2575 4956 ἐν
2605 4903 2778 4972 ἐαυτῷ
2816 4903 3278 4973 ὀσφραινόμενος,
3328 4902 3429 4954 καὶ
3476 4898 3585 4960 τοῖς
3617 4889 3756 4945 ἄλλως

2194 4993 2384 5045 ἑαυτὸν
2409 4993 2662 5063 παρέχων
2690 4992 2877 5062 ὥσπερ
2901 4987 3164 5062 θυμίαμά
3186 5011 3247 5045 τι
3281 4994 3410 5045 κατ’
3435 4986 3673 5053 ἐξουσίαν
3695 4979 3762 5030 ἀν·

2192 5085 2638 5154 τιλαμόἀνεσθαι,
2669 5084 2727 5147 ὃς
2765 5083 2907 5136 κατά
2937 5083 3033 5154 τὴν
3067 5084 3406 5154 προσοῦσαν
3437 5081 3647 5144 ἑκάστῳ
3673 5066 3764 5122 διά-

2197 5176 2376 5238 θεσιν,
2405 5175 2438 5246 ἢ
2485 5175 2742 5240 ζωοποιδς
2776 5174 3002 5241 ἐγίνετο,
3034 5173 3065 5242 ἢ
3109 5173 3516 5244 θανατηφόρος
3551 5167 3766 5221 εὖπνοια.

2199 5269 2404 5337 Ὥσπερ
2441 5265 2502 5318 τὸ
2543 5265 2675 5318 αὐτὸ
2718 5265 2885 5336 μύρον
2929 5266 2978 5316 εἰ
3023 5264 3318 5334 κάνθαρος
3360 5265 3459 5316 καὶ
3500 5246 3767 5328 περιστερὰ

2197 5359 2548 5429 προστεθείη,
2596 5358 2654 5409 οὐ
2703 5357 2898 5409 ταύτὴν
2949 5357 3033 5409 ἐπ’
3071 5356 3428 5425 ἀμφοτέρων
3468 5348 3767 5422 ἐργάζεται’

2195 5449 2308 5503 ἀλλ’
2335 5451 2366 5520 ἡ
2392 5449 2487 5520 μὲν
2513 5448 2807 5520 περιστερά
2833 5446 3263 5519 ρωμαλαιοτέρα
3290 5446 3385 5500 διὰ
3413 5445 3518 5514 τῆς
3538 5433 3768 5495 εὐπνοίας
