3928 6196
271 267 354 325 825

1308 283 1374 338 IN
1415 286 1713 344 CANTICA
1751 290 2026 348 CANTIC.
2061 290 2342 346 llOMlLlA
2384 290 2470 346 Ill.

3383 301 3491 357 8&6

264 385 338 480 τοῦ
586 386 815 480 γίνεται,
844 392 873 445 ὁ
914 391 971 445 δὲ
1013 392 1280 467 κάνθαρος
1325 399 1635 473 φθείρεταιι
1674 403 1798 459 οὔτι.

1918 406 2101 476 ipsum
2152 405 2277 460 aliis
2328 405 2599 474 praebens,
2654 413 2909 477 tanquam
2964 411 3199 480 aliquem
3249 415 3486 472 suﬂitum

265 477 336 530 xui
348 477 382 565 δ
406 477 584 547 μέγας
610 479 816 545 Παῦλος
836 482 905 536 ’τὺ
935 483 1078 538 Θείον
1117 487 1294 540 ἐκεῖνο
1319 488 1591 562 Θυμίαμα,
1634 496 1681 548 εἰ
1714 494 1813 565 μέν

263 582 325 627 τις
345 561 408 636 ἦν
432 570 755 640 περιστερὰ,
777 574 810 645 ἧ
837 569 857 591 ¹
876 572 1052 639 Τῖτον,
1075 574 1108 645 ἢ
1132 574 1439 645 Σιλουανὸν,
1465 561 1504 651 ἢν
1529 561 1809 653 Τιμόθεον,

264 659 602 728 συμμετεῖχεν
624 659 773 730 αὐτῷ
792 659 892 731 τῆς
910 662 1137 728 εὐωδίας
1155 666 1249 719 τοῦ
1275 668 1471 739 μύρου,
1494 672 1813 743 προκόπτων

258 750 302 802 ἐν
325 749 481 802 παντὶ
516 749 667 821 καλῷ
692 755 806 816 τοῖς
833 756 951 806 κατ’
986 756 1149 810 αὐτὸν
1195 758 1607 832 ὑποδείγμασιν.
1657 766 1721 818 Εἰ
1758 766 1814 819 δὲ

256 837 422 907 Δημᾶς
449 856 538 902 τις
566 835 637 910 ἦν
670 841 703 912 ἢ
764 841 1132 916 Ἀλέξανδρος,
1166 848 1197 919 ἢ
1241 849 1592 924 Ἑρμογένης,
1628 855 1687 908 ού
1720 857 1823 927 φέ-⁸

256 943 419 997 ροντες
446 929 508 982 τδ
541 930 642 1001 τῆς
676 933 999 1013 ἐγκρατείας
1036 935 1308 1009 θυμίαμα,
1339 943 1627 1016 κανθάρων
1656 945 1811 1018 δίκην

253 1018 338 1070 ὑπὸ
389 1019 493 1089 τῆς
544 1022 773 1087 εὐωδίας
817 1025 1237 1094 ὲφυγαδεύοντο.
1286 1026 1361 1086 Οῦ
1415 1034 1576 1108 χάριν
1627 1035 1810 1106 ἔλεγεν

250 1110 405 1173 ὀτοτς
443 1113 705 1178 τοιούτοις
735 1116 977 1171 εὐπνοῶν
1025 1118 1251 1191 μύροις,
1298 1123 1382 1176 ὃτι
1429 1127 1685 1194 Χριστοῦ
1713 1131 1810 1183 εὑ-

248 1200 372 1253 ωδία
399 1202 614 1272 ἐσμὲν,
630 1204 699 1259 ἐν
722 1207 841 1273 τοῖς
866 1207 1236 1279 σωζομένοις,
1265 1214 1363 1268 καὶ
1383 1216 1455 1270 ἐν
1477 1218 1601 1284 τοῖς
1624 1220 1811 1274 ἀπολ-

245 1290 537 1359 λυμένοις,
589 1290 678 1361 οἷς
720 1297 839 1365 μὲν
882 1299 1041 1368 ὀσμὴ
1081 1302 1342 1360 θανάτου
1382 1308 1470 1372 εἰς
1516 1307 1805 1362 θάνατον’

244 1376 318 1446 οἷς
360 1381 434 1434 δὲ
475 1382 636 1452 ὀσμὴ
689 1382 838 1454 ζωῆς
881 1390 966 1454 εἰς
1017 1387 1191 1459 ζωήν.
1235 1391 1301 1446 Εἰ
1339 1394 1396 1447 δέ
1443 1413 1498 1449 τι
1548 1397 1808 1468 συγγενὲς

244 1474 321 1526 καὶ
363 1475 399 1545 η
440 1475 769 1547 εὐαγγελικὴ
808 1478 998 1550 νάρδος
1058 1481 1170 1553 ἔχει
1219 1485 1355 1556 πρὸς
1387 1486 1449 1539 τὸ
1501 1488 1672 1558 μύρον
1706 1490 1807 1560 τῆς

242 1563 478 1659 νύμφης,
543 1564 720 1659 ἔξεστι
774 1567 853 1659 τῷ
910 1569 1217 1659 βουλομένῳ
1268 1574 1357 1629 διὰ
1400 1576 1507 1631 τῶν
1562 1595 1806 1650 γεγραμ-

1917 496 2087 552 libere
2131 496 2566 565 suscipiendum,
2619 496 2822 567 quibus
2852 502 3244 559 convenienter
3285 506 3334 561 ei
3369 523 3488 577 qua:

1916 587 2218 658 unicuique
2251 587 2404 643 adest
2448 586 2746 652 aﬂcctioni,
2776 589 2859 643 vel
2897 591 3146 649 vivilicus
3178 596 3262 649 vel
3306 597 3487 653 letifer

1913 684 2031 729 erat
2090 676 2315 730 halitus.
2362 675 2648 741 Quomodo
2697 677 2839 757 enim
2883 678 3024 732 idem
3067 694 3404 751 unguentum
3436 688 3484 742 si

1914 766 2093 821 fuerit
2110 769 2420 837 appositum
2456 769 2733 824 scarame
2774 778 2828 824 et
2862 771 3147 837 columbae,
3185 790 3294 829 non
3342 777 3483 834 idem

1912 858 2077 912 eﬂicit
2108 859 2161 912 in
2194 860 2438 929 utrisque
2472 879 2484 913 :
2516 861 2610 915 sed
2634 861 2886 916 columba
2916 862 3133 931 quidem
3163 880 3256 934 per
3284 866 3485 922 bonum

1915 950 2177 1018 unguenti
2209 950 2439 1003 halitum
2476 951 2534 1004 lit
2570 952 2873 1020 robustior,
2921 953 3108 1011 interit
3140 965 3319 1009 autem
3365 973 3488 1011 sca-

1912 1040 2158 1095 rabmus:
2202 1040 2275 1094 ita
2312 1042 2475 1094 etiam
2529 1057 2758 1112 magnus
2808 1037 3014 1097 Paulus
3062 1044 3118 1097 in
3160 1044 3349 1098 divino
3394 1046 3489 1099 illo

1911 1130 2114 1195 sullitn,
2152 1130 2196 1185 si
2232 1140 2351 1184 erat
2386 1132 2606 1201 quidem
2651 1135 2925 1202 quispiam
2974 1135 3161 1205 aliqua
3207 1135 3483 1202 columba,

1910 1230 2003 1274 aut
2033 1219 2191 1275 Titus
2217 1229 2311 1275 aut
2344 1220 2637 1293 Sylvanus,
2658 1230 2752 1275 aut
2774 1222 3114 1288 Timotheus,
3136 1240 3259 1280 eum
3292 1226 3488 1296 imper—

1911 1312 2078 1366 tiebat
2113 1313 2256 1366 hono
2296 1313 2469 1367 odore
2505 1314 2790 1383 unguenti,
2826 1322 2885 1367 ut
2928 1315 3020 1384 qui
3055 1317 3107 1369 in
3148 1317 3292 1370 omni
3340 1317 3483 1372 bono

1909 1417 2007 1456 sua
2030 1404 2320 1472 proliceret
2340 1404 2595 1459 doctrina
2621 1413 2676 1460 et
2704 1407 2973 1475 exemplo.
3004 1406 3108 1461 Sed
3138 1408 3182 1462 si
3207 1409 3482 1478 quispiam

1906 1503 2028 1550 erat
2075 1494 2269 1552 Demas
2317 1505 2411 1551 aut
2443 1497 2771 1561 Alexander,
2810 1505 2904 1552 aut
2942 1498 3334 1567 Hermogenes,
3372 1516 3481 1555 non

1910 1584 2147 1642 ferentes
2196 1586 2437 1645 sullitum
2491 1589 2884 1654 continentiae,
2945 1606 3053 1643 nun
3109 1605 3272 1645 secus
3316 1600 3480 1661 atque

245 1654 406 1725 μένων
464 1657 910 1727 ἁναλογίσασθαι,
964 1662 1048 1726 τίς
1091 1654 1158 1735 ἦν
1210 1667 1391 1738 ἐκείνη
1441 1669 1475 1739 ἡ
1527 1669 1718 1740 νάρδος
1770 1672 1798 1742 ἠ

1907 1680 2171 1733 scarabaei
2228 1678 2560 1749 lugabantur
2607 1695 2639 1733 a
2691 1680 2835 1734 bono
2881 1681 3069 1735 odore.
3111 1678 3478 1745 Quamobrem

244 1748 474 1819 πειστικὴ,
511 1751 546 1819 ἡ
580 1750 909 1821 πολύτιμος,
954 1754 988 1823 ἡ
1036 1755 1397 1826 καταχεθεῖσα
1437 1759 1536 1829 μὲν
1572 1760 1674 1831 τῆς
1710 1740 1798 1814 κεέ

1906 1766 2122 1822 dicebat
2174 1768 2220 1823 is
2264 1740 2359 1838 q'ui
2410 1768 2682 1836 ejusmodi
2741 1768 2881 1821 bona
2936 1740 3475 1838 olebatwungncnta:

245 1839 404 1909 φιλῆς
450 1839 547 1892 τοῦ
600 1842 842 1912 Κυρίου,
895 1843 1075 1898 πάντα
1123 1846 1182 1900 δὲ
1224 1848 1316 1901 τὸν
1363 1844 1509 1904 οἷκον
1562 1852 1661 1922 τῆς
1707 1854 1799 1906 εὐ·

246 1931 389 1995 ωδίας
431 1931 788 2003 πληρώσασα.
827 1937 980 2009 Τάχα
1035 1937 1144 2009 γὰρ
1188 1939 1289 1993 οὑκ
1327 1941 1668 2007 ἀπεξενωται
1706 1944 1799 1998 τοῦ

253 2022 400 2093 μύρου
443 2023 506 2077 τὸ
541 2024 744 2097 μύρον,
797 2027 826 2081 ὃ
855 2031 922 2099 τῇ
968 2028 1155 2103 νύμφῃ
1204 2032 1302 2102 μὲν
1342 2033 1440 2105 τὴν
1488 2034 1656 2107 ὀδμὴν
1706 2036 1799 2089 τοῦ

250 2114 454 2182 νυμφίου
499 2114 714 2170 δίδωσιν
735 2134 749 2147 ’
780 2120 838 2172 ὲν
877 2119 934 2172 δὲ
973 2119 1052 2191 τῷ
1089 2122 1403 2193 Εὑαγγελίῳ
1436 2124 1601 2177 αὐτοῦ
1630 2142 1801 2179 κατα-

248 2203 387 2273 χυθὲν
425 2205 519 2259 τοῦ
563 2208 805 2279 Κυρίου,
861 2209 1058 2281 πληροί
1106 2212 1218 2284 τῆς.
1247 2214 1477 2279 εὐωδίας
1513 2215 1604 2269 τὸν
1652 2217 1800 2271 οἶκον

244 2296 296 2349 ἑν
326 2289 370 2364 ᾧ
396 2296 455 2351 τὸ
491 2301 789 2371 συμπόσιον
814 2297 903 2372 ἦν.
933 2306 1090 2358 Δοκεῖ
1135 2306 1243 2375 γάρ
1275 2322 1366 2376 μοι
1397 2306 1558 2360 κάκεῖ
1587 2324 1799 2380 προφη-

243 2389 365 2458 τικῷ
408 2406 512 2443 τινι
569 2391 841 2463 πνεύματι
880 2396 1224 2467 προμηνῦσαι
1272 2397 1360 2451 διὰ
1407 2398 1503 2455 ποῦ
1546 2399 1716 2470 μύρου
1764 2402 1797 2471 ὴ

239 2478 371 2549 γυνὴ
432 2480 492 2533 τὸ
542 2480 637 2534 τοῦ
678 2483 906 2539 θανάτου
947 2488 1277 2558 μυστήριον,
1320 2489 1499 2553 καθὼς
1535 2495 1800 2563 μαρτυρεῖ

236 2572 348 2634 τοῖς
392 2575 515 2643 παρ’
546 2576 718 2646 αὐτῆς
746 2579 1130 2649 γεγενημένοις
1166 2583 1194 2636 6
1220 2580 1424 2650 Κύριος
1464 2582 1635 2651 λέγων
1655 2600 1668 2614 ·
1716 2584 1797 2637 ὅτι

231 2662 557 2728 ΠροέλαΕεν
592 2669 682 2733 εὶς
724 2668 790 2721 τὸ
821 2669 1177 2739 ἐνταφιάσαι
1209 2688 1305 2740 με.
1357 2673 1466 2726 Καὶ
1506 2673 1593 2727 τὸν
1646 2669 1793 2728 οἷκον

231 2753 576 2824 πληρωθέντα
593 2759 693 2829 τῆς
712 2760 937 2824 εὐωδίας
958 2762 1076 2815 ἀντὶ
1097 2762 1297 2826 παντὸς
1327 2762 1421 2816 τοῦ
1456 2764 1681 2834 κόσμου,
1706 2766 1799 2818 καὶ

227 2844 356 2917 ὅλης
397 2850 491 2918 τῆς
525 2850 850 2923 οἰκουμένης
899 2856 1038 2908 νοεῖν
1085 2854 1428 2921 ὑποτίθεται,
1469 2858 1668 2926 εἰπών’
1716 2859 1797 2910 ὅτι

224 2935 421 2994 Ὅπου
446 2940 556 2995 ἐὰν
590 2942 865 3013 κηρυχθῇ
902 2945 966 2998 τὸ
983 2945 1350 3017 Εὐαγγέλιον
1371 2947 1547 3002 τοῦτο
1578 2950 1648 3003 ἐν
1676 2949 1796 3014 ὅλῳ

1905 1855 2103 1911 Christi
2132 1858 2297 1911 bonus
2332 1856 2463 1912 odor
2491 1874 2672 1912 sanius
2704 1859 2759 1910 in
2789 1858 2856 1912 iis
2887 1860 2975 1928 qui
3007 1856 3302 1922 servantur;
3335 1868 3383 1913 et
3423 1860 3478 1913 in

1903 1951 1967 2004 iis
2003 1950 2092 2020 qui
2124 1944 2378 2017 pereunt:
2413 1950 2534 2003 aliis
2567 1959 2742 2003 autem
2775 1950 2908 2002 odor
2931 1953 3114 2004 mortis
3151 1952 3204 2003 in
3233 1961 3476 2016 mortem,

1903 2042 2023 2095 aliis
2050 2050 2223 2094 autem
2258 2041 2388 2093 odor
2417 2041 2535 2095 vita:
2576 2041 2630 2093 in
2671 2041 2833 2093 vitam
2856 2039 2924 2093 ".
2969 2040 3125 2106 Quod
3177 2040 3225 2095 si
3272 2041 3477 2094 uardus
3541 2112 3547 2118 ⁵

1901 2132 2216 2201 evangelica
2244 2132 2406 2185 habet
2426 2131 2666 2199 aliquam
2692 2129 3007 2186 al'linitatem
3043 2147 3165 2185 cum
3199 2142 3477 2201 unguento

1900 2238 2137 2293 sponsae,
2170 2221 2297 2277 licet
2323 2223 2523 2277 volenti
2554 2237 2651 2293 per
2668 2238 2730 2278 ea
2755 2239 2877 2293 quae
2906 2221 3113 2293 scripta
3142 2232 3273 2278 sunt
3294 2225 3478 2278 animo

1902 2315 2077 2385 cogita
2087 2329 2141 2369 re
2158 2330 2393 2385 quaenam
2425 2326 2557 2374 esset
2580 2317 2763 2373 nardus
2783 2317 2871 2371 illa
2884 2316 3067 2387 pistica
3080 2313 3341 2386 pretiosa,
3355 2329 3478 2384 qum

1902 2404 2119 2460 Domini
2142 2404 2363 2473 quidem
2385 2402 2552 2472 capiti
2580 2388 2783 2471 inlusa,
2804 2411 2968 2457 totam
2999 2405 3218 2458 domum
3248 2405 3477 2473 replevit

1902 2491 2046 2545 bono
2071 2491 2239 2544 odore
2257 2490 2323 2543 ³⁷.
2347 2488 2510 2544 Forte
2534 2491 2680 2545 enim
2704 2506 2812 2545 non
2840 2490 2943 2545 fuit
2968 2492 3035 2546 ab
3059 2502 3336 2563 unguento
3354 2492 3477 2547 alie-

1900 2596 2028 2635 num
2067 2587 2425 2650 unguentum,
2459 2579 2604 2649 quod
2637 2595 2852 2649 sponsae
2882 2580 3099 2650 quidem
3130 2583 3222 2635 dat
3251 2582 3475 2638 odorem

1901 2671 2111 2742 sponsi,
2137 2672 2189 2724 in
2211 2669 2500 2740 Evangelia
2523 2681 2700 2725 autem
2724 2670 2963 2726 infusum
2989 2673 3088 2740 ipsi
3111 2672 3358 2737 Domino,
3382 2674 3479 2727 im-

1900 2765 2009 2835 plet
2030 2766 2171 2818 bono
2189 2763 2358 2821 odore
2382 2762 2605 2816 domum
2628 2762 2682 2816 in
2711 2778 2817 2832 qua
2846 2770 2965 2816 erat
2987 2764 3315 2817 convivium.
3342 2763 3474 2819 Mihi

1899 2857 2045 2912 enim
2065 2856 2280 2911 videtur
2297 2854 2619 2925 prOphetico
2642 2853 2875 2923 quodam
2896 2854 3091 2922 spiritu
3113 2870 3209 2922 per
3230 2870 3475 2923 unguen-

1901 2958 2015 3003 tum
2040 2947 2379 3019 siguilicasse
2403 2946 2596 2999 mulier
2631 2947 2820 2999 mortis
2844 2947 3183 3016 mysterium,
3200 2946 3472 3016 quomodo

222 3028 304 3093 τῷ
344 3034 572 3102 κόσμῳ,
607 3037 646 3104 ἡ
683 3037 843 3105 ὀσμὴ
879 3036 985 3091 τοῦ
1028 3038 1206 3109 ἔργου
1255 3040 1794 3108 συνδιαδοθήσεται

1903 3042 1971 3097 iis
1998 3056 2118 3110 quae
2153 3040 2222 3094 ab
2255 3040 2372 3109 ipsa
2413 3038 2572 3096 liunt,
2620 3036 2725 3091 fert
2762 3038 3027 3092 Dominus
3071 3039 3469 3105 testimonium,

216 3121 299 3186 τῷ
329 3123 435 3177 τοῦ
465 3128 836 3196 Εὑαγγελίου
881 3131 1207 3199 κηρύγματι
1226 3173 1240 3197 ,
1268 3134 1366 3186 καὶ
1395 3135 1794 3203 μνημόσυνον

211 3214 413 3282 ἔσται,
449 3219 600 3288 φησὶ,
622 3220 845 3288 ταύτης
870 3220 935 3274 τὸ
954 3222 1336 3292 Εὐαγγέλιον.
1366 3224 1573 3279 Οὐκοῦν
1607 3227 1664 3279 ὲν
1693 3226 1792 3297 μὲν

206 3305 295 3376 τῷ
369 3310 600 3380 ᾏσματι
641 3312 751 3365 τῶν
795 3314 1077 3384 ᾀσμάτων,
1141 3317 1175 3385 η
1232 3316 1425 3387 νάρδος
1472 3316 1570 3388 τὴν
1619 3317 1794 3387 δσμὴν

204 3396 311 3450 τοῦ
351 3401 581 3470 νυμφίου
612 3405 683 3474 τῇ
729 3403 913 3475 νύμφῃ
945 3404 1158 3458 usum-
1188 3408 1245 3458 ἐν
1281 3407 1338 3460 δὲ
1357 3406 1442 3479 ,τῷ
1476 3409 1795 3479 Εὐαγγελίῳ

204 3486 341 3540 ὅλου
373 3490 460 3543 τοῦ
488 3491 738 3561 σώματος
768 3493 865 3564 τῆς
903 3494 1227 3565 Ἐκκλησίας
1254 3497 1311 3549 ὲν
1336 3498 1486 3569 πάσῃ
1518 3500 1583 3568 τῇ
1617 3502 1795 3552 οἰκου-

208 3577 362 3649 μένῃ
403 3580 493 3633 καὶ
521 3584 580 3634 ὲν
622 3583 785 3635 παντὶ
809 3582 889 3654 τῷ
920 3584 1109 3654 κόσμῳ
1142 3586 1377 3655 Χριστοῦ
1419 3589 1616 3642 εὐωδία
1648 3590 1794 3658 γίνε-

203 3683 300 3720 ται
319 3707 335 3728 ,
364 3672 397 3739 ἡ
428 3670 546 3723 τότε
574 3671 665 3725 τὸν
693 3668 841 3725 οἷκον
869 3671 1224 3744 πληρώσασα,
1253 3675 1394 3746 τάχα
1423 3695 1506 3740 τις
1542 3678 1793 3749 εὑρίσκε-

202 3774 299 3813 ται
350 3760 438 3813 διὰ
488 3761 693 3816 τούτων
737 3764 989 3817 κοινωνία
1023 3765 1079 3818 ὲν
1124 3765 1448 3840 ἀμφοτέροις
1471 3806 1487 3832 ,
1530 3768 1606 3833 ὡς
1638 3768 1697 3823 ἓν
1727 3769 1798 3824 τὰ

204 3849 307 3904 δύο
336 3852 534 3908 δοκεῖν.

1901 3133 2134 3188 dicens:
2196 3130 2585 3199 Prwoccupavit
2622 3129 2691 3181 ad
2741 3145 2820 3182 me
2865 3128 3217 3198 sepeliendum
3246 3129 3311 3182 ³⁸.
3366 3127 3472 3183 Do-

1897 3242 2046 3281 mum
2078 3233 2259 3280 autem
2292 3224 2437 3278 bono
2468 3222 2639 3276 odore
2668 3221 2954 3290 repletam,
2988 3235 3087 3289 pro
3121 3228 3237 3274 toto
3268 3214 3473 3273 mundo

1891 3327 1945 3374 et
2002 3317 2261 3372 universo
2299 3315 2434 3369 orbe
2486 3320 2762 3367 terrarum
2792 3311 3073 3366 admonet
3107 3326 3229 3366 esse
3279 3310 3476 3365 intelli-

1891 3409 2160 3478 gendum,
2218 3406 2411 3460 dicens
2462 3422 2475 3457 :
2546 3400 2847 3471 Ubicunque
2912 3403 3259 3470 praedicatum
3316 3401 3474 3469 fuerit

1890 3498 1987 3552 hoc
2015 3496 2366 3565 Evangetium
2397 3494 2451 3547 in
2481 3502 2591 3545 toto
2622 3492 2837 3555 mundo,
2869 3492 3001 3545 odor
3030 3490 3281 3561 unguenti
3313 3490 3474 3544 simul

1893 3588 2246 3643 distribuatur
2278 3602 2397 3639 cum
2444 3583 2826 3653 pro'dicalione
2871 3583 3167 3653 Evangelii,
3212 3592 3260 3637 et
3303 3585 3474 3637 moui-

1894 3690 2150 3744 mentum,
2219 3677 2416 3746 inquit,
2467 3675 2564 3729 erit
2609 3673 2722 3737 eius
2784 3672 3150 3743 Evangelium.
3204 3672 3471 3737 Quoniam

1892 3786 2026 3842 ergo
2061 3773 2119 3824 in
2168 3768 2400 3823 Cantico
2447 3769 2814 3829 canticorum,
2862 3766 3069 3818 nardus
3116 3763 3211 3816 dat
3257 3778 3475 3831 sponsa

1895 3862 2119 3918 odorem
2146 3860 2360 3932 sponsi,
2395 3858 2453 3913 in
2485 3857 2781 3927 Evangelia
2814 3864 2995 3909 autem
3029 3854 3196 3907 totius
3223 3853 3473 3922 corporis

208 3944 494 4013 Ecclesiae,
546 3947 602 4002 in
649 3947 909 4004 universo
958 3948 1092 4005 orbo
1139 3962 1431 4016 terrarum,
1482 3959 1537 4007 et
1586 3952 1641 4007 in
1673 3961 1787 4010 toto
1828 3956 2035 4011 mundo
2104 3952 2310 4008 Christi
2367 3950 2426 4005 lit
2476 3951 2653 4006 bonus
2704 3946 2861 4011 odor,
2943 3947 3036 4016 qui
3082 3954 3212 3999 tunc
3251 3943 3472 3998 domum

208 4035 460 4107 implevit
494 4056 511 4095 :
544 4039 779 4097 fortasse
813 4057 909 4113 per
952 4042 1069 4097 haec
1098 4042 1375 4098 invenitur
1404 4044 1458 4099 in
1503 4046 1752 4114 utrisque
1786 4048 1967 4119 aliqua
1999 4046 2317 4116 coniunctio
2343 4054 2398 4100 et
2426 4044 2684 4106 societas,
2732 4048 2793 4095 ut
2820 4040 2929 4094 duo
2958 4038 3244 4093 videantur
3283 4051 3469 4093 unum.

281 4130 400 4183 Kal.
427 4131 596 4186 ταῦτα
632 4133 729 4203 μὲν
771 4136 852 4197 εἰς
882 4135 1163 4189 τοσοῦτον
1198 4136 1315 4207 ἠδὲ
1350 4137 1549 4209 ἐφεξῆς
1612 4140 1792 4210 ,ῥῆσις

208 4221 567 4293 unum»;
592 4223 694 4293 μὲν
720 4226 787 4295 τῇ
826 4224 920 4278 τοῦ
949 4225 1309 4297 ὲπιθαλαμίου
1340 4228 1615 4300 δράματος
1656 4231 1789 4283 ὑπο-

1966 4142 2031 4196 Ει
2062 4139 2178 4194 ιιαιο
2211 4138 2433 4209 quidem
2472 4138 2756 4191 hactenus.
2803 4133 2937 4199 Quae
2988 4140 3170 4186 autem
3220 4130 3474 4200 sequitur

1894 4230 2087 4296 dictio,
2119 4229 2336 4287 videtur
2359 4229 2580 4299 quidem
2624 4241 2925 4296 congruere
2968 4232 3288 4293 argumento
3350 4222 3470 4290 epi-

212 4307 400 4377 θέσει,
444 4313 519 4375 ὡς
553 4314 705 4385 παρὰ
737 4314 837 4384 τῆς
867 4317 923 4368 ὲν
958 4317 1189 4370 παστάδι
1226 4319 1784 4392 παρεσκευασμένης,

1902 4323 2158 4387 Lbalamii,
2189 4330 2453 4391 tanquam
2499 4320 2568 4374 ab
2595 4333 2659 4373 ea
2705 4317 2920 4371 dicatur
2951 4330 3072 4385 quae
3129 4320 3356 4383 paratur
3409 4312 3467 4367 in

210 4400 362 4471 ιχειν
386 4404 559 4458 ὼκάο
592 4406 814 4475 μείζονα
844 4406 900 4459 δὲ
932 4407 1025 4460 καί
1052 4408 1389 4481 τελειοτέραν
1415 4410 1670 4481 ἐμφαίνει
1703 4429 1791 4480 φι·

212 4489 488 4563 λοσοφίαν,
518 4497 586 4568 ἢν
611 4497 951 4568 κατορθῶσαι
988 4499 1146 4567 μόνον
1173 4501 1280 4553 τῶν
1304 4501 1404 4571 ἤδη
1443 4503 1792 4574 τετελειωμέ-

212 4599 322 4638 νων
355 4588 485 4641 ἐστί.
517 4588 585 4640 Τί
604 4583 700 4641 οὖν
719 4592 835 4642 ἐστι
859 4590 921 4643 τὸ
942 4591 1263 4663 εἰρημένον;
1306 4593 1663 4663 Ἀπόδεσμος
1680 4594 1791 4665 τῆς

213 4677 480 4745 στακτῆς
507 4678 832 4748 acueram;
861 4699 982 4750 μου
1009 4683 1158 4751 ἐμοὶ,
1184 4684 1300 4739 ἀνὰ
1320 4685 1515 4755 μέσον
1537 4687 1657 4741 τῶν
1677 4704 1790 4756 pa-

214 4766 381 4821 σθῶν
420 4789 539 4839 μου
581 4772 1038 4840 αὑλισθήσεται.
1086 4776 1256 4831 Φασὶν
1286 4776 1603 4847 ἐπιμέλειαν
1649 4773 1790 4833 εἶναι

213 4861 332 4924 ταῖς
383 4865 731 4937 φιλοκόσμοις
787 4866 896 4919 τῶν
948 4867 1252 4935 γυναικῶν,
1309 4869 1387 4939 μὴ
1428 4871 1541 4931 τοῖς
1590 4871 1791 4935 ἔξωθεν

216 4959 640 5029 τροκοσμήμασι
686 4960 847 5029 μόνον
892 4961 1125 5012 ἐπινοεῖν
1166 4960 1387 5022 ἑαυταῖς
1433 4960 1494 5012 τὸ
1544 4961 1637 5012 ἐπὶ
1681 4959 1790 5014 τῶν

218 5046 584 5115 συμϐιούντων
599 5066 612 5079 ·
630 5050 745 5103 ἀλλ’
763 5050 1099 5122 ἐπιτηδεύειν
1117 5050 1204 5105 διά
1223 5068 1366 5114 τινος
1386 5052 1639 5116 εὐπνοίας
1660 5051 1792 5123 ἡδίω

218 5136 282 5188 τὲ
326 5139 554 5211 σώματα
594 5144 709 5205 τοῖς
758 5142 967 5197 ἑαυτῶν
1001 5142 1224 5214 ἀνδράσι
1248 5142 1555 5211 φαίνεσθαι,
1582 5142 1642 5196 τὸ
1673 5142 1792 5197 κατ’

217 5229 457 5302 ἀλλήλους
486 5233 745 5303 ἐνεργοῦν
775 5235 911 5304 πρὸς
935 5234 1034 5305 τὴν
1053 5234 1310 5304 τοιαύτην
1340 5235 1526 5306 χρείαν
1559 5235 1782 5305 ἄρωμα,

213 5320 361 5386 two;
402 5324 499 5392 τῆς
535 5324 678 5377 κατὰ
721 5326 821 5395 τὴν
852 5325 1053 5396 ἐσθῆτα
1084 5326 1375 5397 περιϐολῆς
1404 5326 1786 5396 ἀποκρυπτού-

213 5427 331 5476 σαις
348 5451 366 5474 ,
408 5407 469 5467 οὗ
504 5413 596 5467 τδν
623 5416 821 5468 οἰκεῖον
852 5417 1025 5487 ἀτμὸν
1051 5417 1341 5479 ἐκδιδόντος
1362 5458 1375 5482 ,
1419 5416 1513 5470 καὶ
1539 5415 1598 5468 τὺ
1626 5414 1786 5485 σῶμα

208 5506 274 5572 τῇ
307 5502 402 5555 τοῦ
430 5502 722 5575 ἀρώματος
760 5507 986 5579 εὐπνοία
1027 5508 1595 5580 συγκατακρώννυται.
1637 5505 1781 5559 Ταύ-

282 5676 325 5707 ³⁴
362 5676 399 5730 ιι
422 5678 550 5733 Cor.
584 5696 640 5743 ιι,
681 5680 760 5735 l3.
860 5679 1071 5736 "Joan.
1115 5681 1291 5746 “1,5.

1895 4417 2181 4481 thalamo;
2223 4415 2428 4469 indicat
2463 4422 2642 4467 autem
2675 4410 2943 4479 majorem
2978 4417 3032 4464 et
3082 4406 3466 4477 perlectiorem

1894 4504 2320 4576 philosophiam,
2374 4516 2538 4570 quam
2589 4509 2739 4554 recte
2778 4498 3004 4568 exsequi
3048 4512 3237 4551 eorum
3270 4504 3355 4550 est
3383 4510 3473 4551 so-

1894 4596 2010 4650 lum
2032 4595 2124 4666 qui
2157 4595 2267 4663 jam
2302 4601 2429 4648 sunt
2456 4590 2707 4661 perfecti.
2744 4588 2883 4655 Quid
2921 4598 3163 4658 estergo
3192 4586 3335 4656 quod
3385 4586 3472 4640 di-

1895 4697 2042 4741 ctum
2069 4684 2194 4740 est?
2221 4680 2540 4753 Fasciculus
2577 4680 2805 4750 myrrha:
2836 4679 3095 4749 patruelis
3133 4695 3277 4732 meus
3319 4678 3468 4742 mihi,

1896 4779 1951 4831 in
1970 4776 2139 4831 medio
2162 4777 2378 4828 uberum
2411 4789 2642 4827 meorum
2678 4773 3111 4825 commorabitur.
3156 4772 3323 4824 Aiunt
3350 4781 3466 4825 stu-

1896 4868 1987 4924 dio
2014 4883 2135 4923 esse
2166 4867 2250 4921 sui
2280 4865 2511 4920 ornandi
2536 4863 2750 4933 cupidis
2776 4852 3120 4924 mulieribus,
3145 4877 3254 4915 non
3284 4864 3463 4916 solum

1896 4958 2141 5016 externis
2175 4972 2474 5027 procurare
2503 4955 2846 5010 ornamentis
2880 4962 2939 5008 ut
2966 4954 3077 5009 sint
3098 4955 3372 5008 amabiles
3400 4954 3468 5007 iis

1895 5051 1989 5121 qui
2022 5065 2144 5104 cum
2182 5049 2318 5117 ipsis
2369 5049 2584 5108 vivunt,
2639 5046 2737 5101 sed
2768 5047 2935 5101 etiam
2983 5045 3116 5100 dare
3147 5060 3372 5114 cperam
3413 5052 3470 5096 ut

1897 5159 1993 5213 per
2021 5141 2219 5211 quamd
2237 5156 2321 5194 am
2355 5140 2810 5203 suaveolentiam,
2837 5155 3069 5209 corpora
3101 5153 3321 5208 quoque
3345 5137 3462 5191 suis

1893 5234 2107 5287 maritis
2168 5239 2533 5301 congruenter
2619 5230 2907 5286 videantur
2967 5244 3158 5300 agere;
3216 5228 3282 5281 ad
3341 5240 3464 5281 eum

1893 5341 2051 5379 usum
2083 5339 2271 5377 aroma
2306 5324 2450 5377 inter
2482 5339 2596 5378 sua:
2617 5324 2781 5377 vestis
2803 5322 3068 5376 ambitum
3094 5319 3462 5376 occultantes,

1890 5430 1999 5483 quo
2064 5429 2224 5469 suum
2284 5414 2568 5469 emittente
2628 5427 2916 5482 vaporem.
2981 5425 3183 5479 corpus
3247 5419 3464 5477 quoque

1893 5507 2037 5562 bono
2077 5509 2243 5562 odore
2291 5506 2497 5561 halitus
2547 5506 2708 5561 simul
2750 5503 3006 5559 allicitur.
3047 5500 3187 5558 Cum
3219 5499 3332 5553 bace
3363 5509 3461 5548 att-

1370 5678 1587 5736 ”Joan.
1625 5694 1770 5747 xxvi,
1804 5676 1869 5732 l5
1892 5693 2014 5752 sqq.
