3928 6196
552 287 650 341 827

1793 275 1848 328 S.
1883 267 2210 327 GREGORII
2244 267 2526 326 NYSSENI
3627 267 3710 322 8‘13

553 416 660 457 tem
697 401 768 456 sit
805 401 861 453 in
901 398 984 455 eis
1035 397 1377 453 consuetudo
1412 393 1765 464 :eujusmodi
1819 400 1903 447 est
1947 389 2115 446 canti-

2223 406 2320 459 της
2357 389 2412 442 δὲ
2457 389 2623 459 οὐσης
2669 389 2726 442 ἐν
2770 388 2957 452 αὐταῖς
3004 387 3101 458 τῆς
3132 383 3429 456 συνηθείας,
3455 376 3550 438 οἷον
3574 386 3711 459 τολμᾷ

550 509 674 546 cum
708 491 852 561 quod
899 492 1045 545 canit
1077 489 1236 545 fortis
1266 489 1536 544 etexcelsi
1571 487 1738 540 animi
1762 485 1949 555 virgo?
1970 482 2120 545 Mihi,

551 585 750 653 inquit,
787 593 868 638 est
902 582 1220 645 fasciculus,
1255 597 1416 652 quem
1460 596 1488 633 a
1525 573 1665 634 collo'
1719 577 2001 647 suspendo
2031 591 2124 630 su-

553 690 645 741 pra
689 682 896 741 pectus,
942 689 1035 742 per
1068 689 1228 743 quem
1269 673 1468 725 bonum
1503 671 1725 725 odorem
1755 668 1966 738 pra:ch
2001 682 2124 720 cor-

555 765 687 829 puri.
726 762 938 816 Nullum
976 772 1152 816 autem
1190 762 1334 815 aliud
1376 778 1438 816 ex
1464 765 1602 816 bene
1639 758 1976 829 spirantibus
2002 771 2124 808 aro-

553 850 809 912 matibus,
872 867 1037 920 quam
1100 852 1219 920 ipse
1282 851 1550 905 Dominus
1603 850 1826 904 effectus
1881 845 2119 916 myrrha,

554 945 718 995 situm
758 945 924 998 estin
955 943 1217 997 fasciculo
1264 942 1640 1006 conscientia,
1704 941 1759 994 in
1829 939 1948 1008 ipso
1999 951 2134 990 meo.

554 1034 715 1085 corde
749 1049 1095 1087 commorans
1126 1043 1178 1088 et
1209 1033 1482 1087 habitans.
1519 1033 1733 1087 Loealis
1750 1031 1894 1085 enim
1940 1028 2124 1083 cordis

555 1123 794 1190 pesitura
834 1124 901 1178 ab
933 1125 999 1178 iis
1035 1125 1125 1194 qui
1155 1140 1214 1178 ea
1251 1135 1378 1180 sunt
1413 1124 1702 1193 Speculati,
1758 1121 1965 1176 dicitur
2001 1135 2124 1176 esse

555 1212 607 1264 in
644 1213 818 1266 medio
855 1215 1102 1268 uberum.
1139 1213 1252 1268 lllie
1279 1205 1465 1268 autem
1495 1214 1628 1267 dicit
1671 1229 1873 1282 sponsa
1906 1226 1965 1266 se
2020 1211 2118 1264 ha-

551 1303 679 1357 bere
734 1304 1056 1359 fasciculum
1118 1307 1210 1360 ubi
1260 1307 1461 1360 bonum
1515 1315 1776 1376 tanquam
1829 1305 2121 1357 thesaurus

550 1395 882 1448 reconditur.
910 1395 1015 1450 Sed
1044 1405 1095 1450 et
1124 1412 1219 1451 cor
1233 1397 1421 1451 dicunt
1447 1413 1570 1452 esse
1602 1397 1890 1467 quemdam
1913 1393 2118 1448 fontem

551 1485 710 1538 nobis
737 1485 908 1538 innati
938 1488 1164 1548 caloris,
1201 1504 1229 1541 a
1259 1504 1369 1557 quo
1414 1505 1509 1557 per
1533 1489 1770 1542 arterias
1811 1487 1865 1539 in
1901 1486 2121 1539 univer-

553 1589 673 1626 sum
739 1588 942 1642 corpus
996 1576 1146 1629 calor
1205 1575 1562 1630 distribuitur
1603 1595 1615 1629 :
1653 1591 1747 1644 per
1784 1590 1942 1644 quem
1988 1574 2120 1626 lium

550 1662 728 1716 calida
759 1669 814 1716 et
847 1663 1029 1716 vitalia
1064 1666 1306 1718 membra
1342 1665 1617 1734 corporis,
1651 1671 1710 1717 nt
1739 1679 1858 1733 qua:
1892 1663 2117 1717 fovean-

551 1760 641 1805 tur
673 1753 741 1806 ab
783 1753 906 1822 igne
942 1754 1150 1808 cordis.
1194 1755 1326 1820 Qua:
1364 1771 1494 1824 ergo
1537 1757 1590 1810 in
1619 1758 1815 1810 anima:
1862 1755 2117 1808 facultate

551 1843 915 1911 principatum
949 1850 1165 1899 tenente
1202 1847 1448 1914 suscepit
1476 1847 1676 1900 bonum
1725 1845 1928 1900 Christi
1980 1844 2117 1897 odo-

551 1948 686 1994 rem,
716 1941 766 1987 et
801 1950 897 1988 cor
931 1951 1090 1988 suum
1127 1935 1255 1990 fecit
1305 1936 1625 1990 fasciculum
1679 1937 1844 2006 hujus
1885 1933 2118 1996 snﬂitus,

551 2041 610 2078 se
639 2027 713 2078 ita
743 2035 1041 2095 comparat,
1092 2035 1148 2079 ut
1196 2027 1379 2080 omnia
1411 2027 1725 2096 singulatim
1769 2027 1892 2079 vita:
1918 2025 2119 2087 studia,

548 2123 808 2185 tanquam
836 2118 1070 2185 alicajus
1098 2120 1342 2187 corporis
1373 2119 1612 2171 membra
1643 2117 1886 2170 ferveant
1917 2116 2116 2186 spiritu

548 2209 638 2274 qui
669 2224 732 2261 ex
763 2210 928 2263 corde
959 2218 1224 2278 permeat,
1251 2211 1399 2263 nulla
1433 2209 1791 2279 iniquitatein
1811 2209 1920 2262 ullo
1946 2223 2118 2262 mem-

547 2299 648 2354 bro
677 2301 928 2370 corporis
954 2301 1310 2371 refrigerante
1331 2301 1679 2356 dilectionem
1711 2301 1765 2355 in
1810 2301 2000 2356 Deum.

621 2476 726 2531 Sed
760 2486 1106 2532 transeamus
1139 2477 1206 2532 ad
1241 2477 1290 2530 id
1344 2477 1487 2546 quod
1551 2477 1808 2546 deinceps
1845 2476 2110 2546 sequitur.

547 2568 848 2623 Audiamus
884 2570 1013 2637 quid
1034 2570 1321 2624 abundans
1343 2569 1470 2622 vitis
1496 2568 1563 2622 de
1594 2569 1710 2623 suis
1766 2569 1890 2622 dicit
1927 2567 2117 2623 fructi-

547 2659 673 2725 bus,
703 2676 820 2727 qua:
853 2661 905 2712 in
946 2661 1200 2714 omnibus
1238 2660 1504 2714 lateribus
1555 2659 1752 2713 domus
1803 2658 1916 2722 Dei,
1971 2659 2115 2714 sicut

545 2746 678 2800 dicit
725 2747 1071 2816 PrOpheta“,
1102 2748 1439 2812 extenditur,
1487 2757 1539 2802 et
1576 2763 1669 2817 per
1703 2747 1986 2817 pampinos
2022 2747 2108 2800 di-

547 2837 798 2892 lectionis
827 2839 1005 2892 divina
1031 2838 1484 2892 circumvolvitur
1511 2838 1640 2898 vita,
1659 2847 1708 2890 et
1739 2837 1790 2889 in
1823 2851 1986 2906 quam
2007 2850 2113 2889 non

544 2928 689 2979 cadit
722 2929 992 2981 interitus.
1030 2927 1242 2987 Burrus,
1273 2926 1468 2994 inquit,
1503 2925 1664 2994 Cypri
1684 2925 1939 2992 patruelis
1973 2939 2115 2977 meus

545 3019 678 3070 mihi
711 3019 763 3070 in
802 3019 962 3071 tineis
1004 3017 1268 3087 I'Ingaddi.
1307 3017 1442 3082 Quis
1463 3026 1546 3070 est
1576 3016 1710 3069 adeo
1757 3015 1965 3079 beatus,
2008 3016 2116 3068 imo

546 3123 674 3162 Vero
704 3109 827 3176 quis
878 3109 1014 3161 adeo
1065 3122 1279 3160 omnem
1335 3117 1561 3177 superat
1613 3107 2026 3174 beatitudinem,
2060 3121 2118 3164 ut

547 3213 705 3252 suum
732 3197 969 3250 fructmn
1009 3197 1198 3252 videns
1231 3198 1285 3251 in
1314 3199 1434 3266 ipso
1457 3213 1568 3251 sum
1597 3199 1799 3253 anima!
1837 3199 2014 3261 botro,
2038 3202 2118 3256 vi-

546 3284 671 3339 deat
704 3286 874 3339 vineae
907 3285 1228 3339 dominum?
1275 3285 1409 3340 Vide
1437 3287 1582 3340 enim
1619 3302 1886 3357 quantum
1921 3292 2113 3358 crevit,

547 3393 666 3446 qua:
691 3378 743 3431 in
774 3393 872 3432 sua
905 3377 1077 3431 nardo
1110 3377 1295 3446 sponsi
1325 3379 1531 3432 bonum
1571 3383 1826 3448 cognovit
1863 3384 2112 3451 halitum,

546 3469 769 3539 myrrha
807 3484 927 3538 quae
952 3469 1184 3537 scipsam
1220 3467 1345 3523 fecit
1379 3470 1730 3536 odoriferam,
1751 3481 1802 3527 et
1828 3475 2006 3528 cordis
2038 3474 2117 3528 fa-

549 3557 760 3611 seienlo
791 3558 1069 3627 complexa
1101 3571 1306 3623 aroma,
1361 3568 1419 3612 ut
1463 3560 1564 3614 sibi
1600 3573 1859 3632 perpetuo
1911 3581 2118 3636 perma-

550 3660 676 3706 neat
730 3655 932 3708 bonum
990 3671 1265 3728 nunquam
1301 3657 1667 3727 expirandum
1693 3699 1709 3722 ,
1747 3660 1805 3713 ﬁt
1834 3669 2008 3716 mater
2038 3662 2118 3716 di-

547 3745 656 3798 vini
693 3746 855 3809 hotri,
880 3748 968 3815 qui
994 3757 1117 3801 ante
1154 3749 1462 3816 passionem
1499 3750 1718 3819 quidem
1755 3752 2040 3823 ὲκύπριζε,
2063 3753 2115 3807 id

547 3843 651 3898 est,
688 3834 934 3899 florebat,
970 3838 1022 3890 in
1053 3836 1304 3906 passione
1335 3848 1514 3893 autem
1538 3841 1724 3894 vinum
1750 3841 2068 3898 effundebat
2097 3863 2110 3900 :

547 3927 732 3979 vinum
763 3928 907 3980 enim
943 3943 1039 3981 cor
1077 3929 1357 3984 laetificans
1392 3929 1471 3991 tit,
1519 3939 1574 3985 et
1615 3934 1933 3988 nominatur
1985 3951 2116 3991 san-

547 4016 671 4083 guis
701 4032 818 4070 uva:
842 4025 962 4086 post
994 4020 1267 4087 passionis
1310 4023 1696 4078 meonomiam.
1742 4023 1878 4078 Cum
1932 4038 2113 4081 autem

549 4105 706 4158 hotro
731 4105 976 4160 fruamur
1003 4108 1336 4178 dupliciter,‘
1359 4126 1550 4180 nempe
1583 4119 1637 4165 et
1690 4129 1812 4168 cum
1843 4116 1942 4172 flos
1971 4118 2114 4174 bono

548 4196 715 4250 od‘re
742 4213 943 4253 sensus
968 4199 1224 4261 delectat,
1257 4207 1458 4254 etcum
1506 4199 1686 4256 fructu
1721 4204 1833 4273 jam
1871 4206 2113 4276 perfecto

547 4301 668 4339 eum
703 4287 1039 4341 eomedendo
1071 4289 1400 4358 voluptatem
1451 4291 1719 4360 capimus,
1762 4303 1856 4348 aut
1892 4312 2014 4351 cum
2056 4300 2109 4354 in

2227 479 2362 550 αὐτη
2398 483 2430 551 ἡ
2485 481 2840 551 μεγαλόφρων
2880 478 3176 551 παρθένος;
3223 475 3383 541 Ἐμοὶ,
3427 477 3586 545 φησὶν,
3611 477 3715 530 ἀπό-

2226 567 2437 637 δεσμος,
2464 569 2522 622 ὃν
2551 569 2760 641 ὲξαρτῶ
2794 567 2886 621 τοῦ
2921 566 3146 637 αὐχένος
3175 566 3262 618 ἐπὶ
3291 565 3345 618 τὸ
3375 564 3563 632 στῆθος,
3591 564 3645 617 δι’
3666 562 3714 620 οὗ

2225 659 2321 727 τὴν
2363 659 2618 729 εὐοσμίαν
2657 660 2880 730 παρέχω
2925 657 3003 728 τῷ
3045 657 3282 727 σώματι,
3321 657 3414 708 οὐκ
3436 655 3546 708 ἄλλο
3567 675 3610 709 τι
3634 657 3718 711 τῶν

2225 750 2588 803 εύπνοούντων
2621 751 2928 820 ἀρωμάτων
2969 749 3135 802 ἐστίν·
3182 747 3290 800 ἀλλ’
3333 747 3479 810 αὐτὸς
3507 750 3530 800 ὁ
3557 747 3722 817 Κύριος

2194 891 2198 894 .
2228 843 2430 912 στακτὴ
2443 843 2727 911 γενόμενος
2750 841 2992 910 ἔγκειται
3019 841 3076 892 ὲν
3111 840 3188 910 τῷ
3224 837 3494 908 ἀποδέσμῳ
3518 839 3602 908 τῆς
3625 855 3723 890 συν-

2224 931 2507 1002 ειδήσεως,
2556 933 2691 1002 αὐτῇ
2738 950 2841 1002 μου
2885 935 2954 1002 τῇ
3011 930 3207 1001 καρδίᾳ
3245 927 3631 997 ὲναυλιζόμενος.
3676 929 3728 981 Ἡ

2224 1024 2331 1090 γὰρ
2350 1022 2546 1093 τοπικὴ
2575 1025 2671 1092 τῆς
2696 1022 2916 1093 καρδίας
2939 1022 3087 1084 θέσις
3115 1023 3170 1074 ὲν
3193 1019 3267 1089 τῷ
3294 1019 3434 1088 μέσῳ
3458 1017 3551 1070 τῶν
3580 1019 3726 1087 μαζῶν

2217 1109 2378 1180 ’παρᾶι
2424 1111 2530 1164 τῶν
2572 1111 2636 1163 τὰ
2673 1111 2897 1164 τοιαῦτα
2936 1109 3356 1179 ὲπεσκεμμένων
3386 1104 3511 1159 εἶναι
3535 1107 3728 1174 λέγεται.

2237 1201 2383 1252 Ἐκεῖ
2418 1199 2472 1252 δέ
2514 1216 2675 1270 φησιν
2714 1203 2748 1270 ἡ
2788 1199 2975 1270 νύμφη
3010 1200 3150 1270 ἔχειν
3191 1198 3278 1250 τὸν
3303 1197 3596 1266 ἀπόδεσμον,
3628 1190 3730 1263 ὲνῷ

2221 1291 2372 1362 τόπῳ
2431 1292 2492 1344 τὸ
2543 1291 2745 1360 ἀγαθὸν
2790 1292 3191 1362 θησαυρίζεται.
3246 1289 3405 1342 Ἀλλὰ
3454 1290 3537 1341 καὶ
3587 1289 3738 1357 πηγήν

2222 1399 2342 1434 τινα
2374 1381 2466 1434 τοῦ
2511 1383 2569 1434 ὲν
2613 1383 2742 1452 ἡμῖν
2794 1381 3016 1452 θερμοῦ,
3063 1380 3159 1452 τὴν
3209 1380 3429 1452 καρδίαν
3463 1379 3632 1448 φασίν*
3663 1380 3733 1445 ἀφ’

2221 1468 2289 1544 ἧς
2320 1471 2410 1525 διὰ
2445 1471 2553 1525 τῶν
2586 1471 2859 1543 ἀρτηριῶν
2897 1472 2981 1540 ἐφ’
3013 1471 3211 1540 άπανή
3245 1469 3502 1542 θερμότης
3525 1468 3577 1521 τὸ
3611 1468 3738 1536 σῶμα

2222 1563 2678 1633 καταμερίζεται,
2716 1564 2782 1615 δι’
2816 1557 2885 1635 ἧς
2929 1561 3168 1632 ἔνθερμά
3215 1578 3270 1613 τε
3330 1561 3420 1613 καὶ
3467 1558 3648 1622 ζωτικὰ
3686 1558 3739 1609 τά

2225 1654 2360 1725 μέλη
2413 1654 2506 1707 τοῦ
2559 1654 2810 1724 σώματος
2863 1653 3100 1721 γίνεται,
3146 1651 3223 1721 τῷ
3267 1651 3396 1721 πυρὶ
3435 1651 3526 1720 τῆς
3559 1649 3750 1732 καρδίας.

2220 1747 2659 1818 ύποθαλπὸμενα.
2719 1748 2786 1799 Ἦ
2831 1746 3010 1800 τοίνυν
3044 1747 3100 1797 ἐν
3145 1745 3227 1815 τῷ
3272 1742 3568 1815 ἡγεμονικῷ
3603 1758 3743 1810 παρα-

2215 1839 2478 1910 δεξαμένη
2520 1841 2618 1910 τὴν
2658 1837 2892 1910 Χριστοῦ
2923 1837 3169 1901 εὐωδίαν,
3204 1837 3298 1888 καὶ
3327 1836 3420 1901 τὴν
3450 1834 3652 1905 καρδίαν
3672 1833 3745 1885 αὐ-

2217 1931 2314 2001 τῆς
2357 1930 2612 2002 ἔνδεσμον
2653 1930 2746 1984 τοῦ
2796 1930 3038 1983 τοιούτου
3094 1933 3364 1999 ποιήσασα
3420 1925 3742 1995 θυμιάματος.

2220 2025 2396 2076 πάντα
2421 2023 2488 2076 τὰ
2528 2022 2648 2076 καθ’
2677 2022 2906 2075 ἕκαστον
2945 2021 3040 2075 τοῦ
3074 2020 3192 2091 βίου
3217 2017 3636 2087 ἐπιτηδεύματα,
3661 2010 3760 2066 ο⁷ὀνι

2222 2132 2365 2178 τινος
2411 2114 2660 2184 σώματος
2693 2116 2826 2186 μέλη
2850 2115 2989 2179 ζέειν
3037 2109 3448 2183 παρασκευάζει
3486 2107 3556 2177 τῷ
3582 2108 3637 2158 ἐκ
3674 2107 3749 2173 τῆς

2224 2207 2452 2279 καρδίας
2483 2207 2720 2277 διήκοντι
2763 2206 3062 2276 πνεύματι,
3108 2203 3382 2274 μηδεμιᾶς
3429 2198 3637 2268 ἀνομίας
3674 2196 3750 2262 τὴν

2226 2297 2360 2368 πρὸς
2387 2297 2478 2349 τὸν
2509 2297 2638 2349 Θεὸν
2671 2295 2890 2367 ἀγάπην
2935 2297 2996 2348 ἐν
3024 2293 3217 2365 μηδενὶ
3251 2291 3400 2362 μέλει
3427 2287 3518 2342 τοῦ
3546 2286 3752 2355 σώματος

2223 2389 2659 2460 καταψυχούσης.

2305 2481 2445 2534 Ἀλλ’
2467 2481 2559 2532 ἐπὶ
2585 2480 2675 2532 τὸν
2701 2478 2827 2547 ἑξῆς
2852 2477 3008 2544 λόγον
3038 2475 3407 2546 μετέλθωμεν.
3456 2469 3756 2536 Ἀκούσωμεν

2221 2572 2273 2624 τί
2306 2575 2338 2643 ὴ
2366 2571 2606 2642 ἄμπελος
2632 2573 2665 2640 ἡ
2700 2568 3000 2641 εὐθηνοῦσα
3044 2568 3174 2638 περὶ
3215 2567 3326 2618 τῶν
3359 2561 3575 2632 καρπῶν
3614 2557 3754 2624 αὐτῆς

2227 2664 2560 2732 διαλέγεται,
2609 2666 2640 2734 ἡ
2685 2665 2740 2714 ἐν
2785 2665 2917 2715 πᾶσι
2971 2665 3083 2724 τοῖς
3125 2660 3338 2713 κλίτεσι
3395 2658 3493 2726 τῆς
3539 2653 3621 2706 τοῦ
3652 2649 3758 2703 θεοῦ

2223 2755 2416 2818 οἰκίας,
2466 2754 2648 2816 καθώς
2713 2771 2878 2825 φησιν
2907 2755 2934 2805 ὁ
2959 2753 3278 2825 Προφήτης,
3304 2746 3656 2818 διηπλωμένη,
3685 2741 3760 2794 καὶ

2222 2844 2311 2898 διὰ
2334 2845 2444 2897 τῶν
2472 2845 2570 2913 τῆς
2600 2844 2818 2914 ἀγάπης
2861 2844 3054 2896 ἑλίκων
3095 2837 3553 2913 περιελισσομένη
3585 2838 3641 2903 τῇ
3670 2832 3764 2901 θείᾳ

2221 2955 2279 2990 τε
2312 2937 2406 2990 καὶ
2439 2935 2698 3007 άκηράτῳ
2729 2934 2864 3005 ζωῇ.
2909 2935 3167 3000 Βότρυς,
3202 2931 3368 3001 φησὶ,
3407 2928 3510 2995 τῆς
3559 2925 3763 2990 Κύπρου

2145 3042 2186 3098 C
2221 3026 2540 3096 ἁδελφιδός
2568 3045 2682 3096 μου
2705 3026 2831 3095 ἐμοὶ
2863 3026 2931 3078 ἐν
2951 3024 3315 3093 ἀμπελῶσιν
3347 3018 3661 3090 Ἐγγαδδεί.
3689 3014 3766 3076 Ti;

2219 3117 2362 3172 οὕτω
2396 3118 2693 3191 μακάριος,
2730 3117 2926 3186 μᾶλλον
2967 3117 3022 3169 δὲ
3055 3116 3136 3178 τίς
3167 3116 3314 3169 οὕτω
3339 3115 3595 3183 κρείττων
3617 3109 3768 3174 πάσης

2222 3213 2650 3282 μακαριότητος,
2696 3209 2835 3262 ὥστε
2895 3209 2984 3262 τὸν
3042 3209 3177 3261 ἴδιον
3229 3208 3446 3278 καρπὸν
3502 3204 3694 3274 βλέπων
3727 3200 3771 3250 ὲν

2218 3303 2363 3373 αὐτῷ
2389 3303 2464 3372 τῷ
2482 3302 2666 3373 βότρυῖ
2695 3302 2792 3370 τῆς
2821 3299 3010 3353 ἑαυτοῦ
3029 3299 3212 3370 ψυχῆς
3237 3301 3374 3369 ὁρᾷν
3401 3298 3492 3350 τὸν
3509 3294 3597 3348 τοῦ
3619 3294 3769 3361 ἀμπε-

2217 3395 2382 3458 λῶνος
2433 3394 2732 3463 δεσπότην;
2777 3393 2905 3445 Ίδού
2941 3393 3048 3460 γάρ
3095 3392 3227 3443 ὅσον
3256 3388 3473 3459 ηὐξήθη
3518 3389 3571 3440 ὲν
3597 3387 3657 3454 τῇ
3689 3381 3774 3450 ἰδία

2217 3485 2393 3556 νάρδῳ
2423 3483 2514 3538 τοῦ
2536 3484 2767 3553 νυμφίου
2792 3480 3086 3549 ἐπιγνοῦσα
3109 3480 3214 3549 τὴν
3239 3479 3519 3541 εὐπνοιαν,
3540 3479 3571 3545 ἡ
3601 3470 3772 3537 στακτὴ

2217 3577 2364 3646 αὐτῷ
2381 3575 2586 3645 εὐώδης
2607 3574 2966 3643 ποιησαμένη,
2986 3573 3076 3625 καί⁵
3097 3570 3443 3626 διαλαϐοῦσα
3473 3569 3538 3638 τῷ
3557 3566 3648 3634 τῆς
3664 3579 3775 3633 καρ-

2216 3669 2332 3732 δίας
2360 3667 2600 3737 ένδέσμῳ
2627 3666 2688 3718 τὸ
2731 3666 2929 3735 άρωμα
2951 3705 2966 3727 ,
3011 3664 3086 3726 ὡς
3128 3663 3199 3716 ἂν
3233 3660 3546 3731 παραμένοι
3582 3657 3703 3724 αὐτῇ
3730 3652 3776 3704 τὺ

2216 3760 2416 3830 ἀγαθὸν
2456 3757 2749 3820 διαπαντὸς
2794 3756 3223 3818 ἁδιάπνευστον,
3290 3754 3478 3824 μήτηρ
3520 3747 3608 3802 τοῦ
3655 3744 3775 3798 θείου

2219 3852 2439 3923 βότρυος
2471 3849 2712 3918 γίνεται,
2739 3846 2834 3899 τοῦ
2864 3846 2970 3916 πρὸ
3000 3845 3096 3915 μὲν
3128 3843 3230 3898 τοῦ
3269 3843 3485 3904 πάθους
3522 3834 3780 3908 κυπρίεζον⁹

2215 3962 2306 4007 τος
2323 3984 2338 4006 ,
2382 3944 2518 4013 ὅπερ
2559 3940 2706 3994 ἐστὶν
2740 3937 3027 3999 ἀνθοῦντος
3045 3976 3058 3998 ,
3092 3938 3153 3990 ἐν
3176 3936 3237 3988 δὲ
3261 3935 3345 4006 τῷ
3366 3932 3529 3987 πάθει
3553 3929 3638 3982 τὸν
3663 3923 3777 4013 οίνον

2215 4011 2556 4105 προχέοντὸς.
2572 4031 2632 4083 ’0
2653 4031 2761 4101 γὰρ
2782 4029 2880 4100 τὴν
2894 4028 3119 4100 καρδίαν
3139 4026 3467 4097 εὐφραίνων
3489 4019 3642 4082 οἶνος,
3664 4011 3779 4105 αἷμα

2217 4100 2495 4193 σταίρυλῆς
2535 4121 2671 4190 μετὰ
2709 4100 2807 4189 τὴν
2846 4116 2940 4170 τοῦ
2974 4116 3194 4179 πάθους
3237 4115 3559 4184 οἰκονομίαν
3602 4100 3778 4176 γίνεταί

2214 4232 2273 4268 τε
2320 4213 2415 4266 καὶ
2463 4209 2804 4280 ὀνομάζεται.
2847 4207 3048 4278 Διπλῆς
3084 4200 3182 4259 οῦν
3215 4205 3396 4275 οῠσης
3420 4206 3480 4257 ὲν
3518 4200 3593 4270 τῷ
3624 4196 3781 4268 βότρυῖ

2215 4309 2313 4377 τῆς
2355 4301 2737 4363 ἀπολαύσεως⁸
2785 4297 2882 4369 τῆς
2927 4299 3022 4368 μὲν
3057 4297 3122 4349 ὲκ
3171 4297 3275 4349 τοῦ
3309 4296 3528 4356 ἄνθους,
3562 4293 3677 4344 ὅταν
3708 4286 3778 4337 εὖ·

546 4378 798 4433 eonvivio
845 4380 971 4433 vino
994 4379 1354 4434 exhilaramur
1385 4399 1400 4435 :
1437 4382 1524 4436 hic
1551 4399 1751 4451 sponsa
1799 4389 2008 4444 accedit
2043 4393 2109 4446 ad

2218 4397 2416 4468 φραίνῃ
2443 4399 2507 4466 τῇ
2524 4394 2748 4464 εὐοδμία
2771 4391 2839 4444 τὰ
2872 4391 3205 4459 αἰσθητήρια
3227 4406 3241 4418 ·
3274 4389 3383 4457 τῆς
3413 4387 3472 4440 δὲ
3498 4384 3582 4438 διὰ
3598 4380 3679 4434 τοῦ

548 4468 764 4523 botrum
796 4469 1076 4524 florentem
1108 4481 1165 4524 ut
1205 4471 1516 4535 fruetincet,
1538 4489 1764 4544 cyprum
1796 4481 2109 4551 nominans,

545 4561 733 4617 florem
776 4563 919 4618 vitis.
962 4563 1063 4628 Qui
1099 4565 1242 4618 enim
1275 4574 1439 4620 natus
1469 4574 1552 4621 est
1582 4567 1739 4623 nobis
1768 4585 1903 4638 puer
1927 4570 2110 4643 Iesus,

546 4654 636 4720 qui
672 4653 724 4705 in
754 4653 821 4706 iis
855 4653 946 4722 qui
994 4653 1170 4722 ipsum
1212 4664 1576 4724 susceperunt
1609 4655 1827 4714 diverse
1877 4661 2111 4729 proficit,

547 4743 812 4809 sapientia
845 4753 898 4796 et
916 4750 1075 4797 aetate
1103 4751 1157 4799 et
1198 4745 1396 4813 gratia,
1429 4760 1532 4799 non
1561 4753 1645 4800 est
1669 4747 1810 4802 idem
1844 4751 1898 4803 in
1933 4756 2110 4808 omni-

547 4829 681 4889 bus,
717 4830 810 4883 sed
853 4847 952 4906 pro
982 4832 1140 4885 modo
1162 4833 1282 4900 ejus
1305 4835 1357 4886 in
1390 4849 1499 4902 quo
1530 4844 1917 4906 est,quatenus
1947 4842 1992 4896 is
2016 4845 2106 4914 qui

549 4921 726 4987 ipsum
764 4923 910 4989 capit
955 4932 1038 4976 est
1068 4923 1315 4986 idoneus,
1341 4925 1463 4978 talis
1506 4938 1863 4997 apparet,aut
1898 4931 2100 5000 infans,

549 5017 644 5062 aut
683 5010 996 5079 proficiens,
1045 5019 1139 5064 aut
1191 5013 1485 5081 perfectus,
1545 5021 1933 5075 convenienter
1973 5023 2114 5079 botri

548 5112 799 5154 naturae:
837 5103 927 5172 qui
969 5117 1077 5156 non
1145 5119 1361 5173 semper
1407 5107 1653 5163 cernitur
1696 5111 1751 5164 in
1785 5111 1897 5168 vite
1931 5115 1984 5168 in
2022 5131 2114 5170 ea-

550 5194 670 5246 dem
698 5191 890 5258 forma,
925 5194 1018 5249 sed
1055 5194 1289 5248 formam
1324 5206 1498 5250 mutat
1534 5215 1656 5254 cum
1697 5211 1969 5273 tempore,
2017 5208 2114 5262 ﬂo-

515 5297 704 5344 'rens,
733 5299 982 5348 vernans,
1012 5285 1306 5354 perfectus,
1362 5296 1632 5353 maturus,
1677 5295 1861 5348 vinum
1914 5295 2112 5354 factus.

561 5371 982 5446 Promittitergo
1011 5376 1170 5431 vinea
1213 5376 1392 5433 fructu
1429 5396 1550 5445 suo,
1603 5384 1698 5452 qui
1730 5386 1970 5440 nondum
1999 5404 2116 5444 ma-

558 5476 720 5522 turus
750 5475 805 5522 et
844 5470 1196 5537 tempestivus
1225 5478 1306 5526 est
1342 5469 1410 5525 ad
1446 5471 1659 5538 vinum,
1709 5473 1802 5528 sed
1837 5488 2118 5546 exspectat

628 5649 670 5678 ‘9
697 5648 840 5704 Psal.
873 5664 1072 5708 cxxvn.
1121 5655 1164 5707 ι.

2218 4467 2530 4550 λειωθέντος
2561 4487 2658 4557 ιἤδη
2693 4482 2906 4555 καρποῦ
2927 4521 2943 4547 ,
2968 4483 3094 4534 ὅταν
3122 4481 3364 4552 ὑπάρχῃ
3402 4479 3525 4531 κατ’
3567 4467 3774 4539 ἐξουσίαν

2219 4580 2252 4648 ἢ
2276 4578 2373 4647 τῆς
2404 4576 2658 4648 βρώσεως
2679 4573 3048 4642 κατατρυφᾷν,
3073 4570 3106 4640 ἢ
3130 4571 3196 4620 ὲν
3223 4566 3560 4640 συμποσίοις
3593 4559 3661 4630 τῷ
3674 4557 3776 4648 αἴνῳ

2221 4647 2631 4739 φαιδρύνεσθαι·
2673 4662 2907 4716 ἐνταῦθα
2941 4661 3082 4714 αἰτεῖ
3115 4661 3150 4728 ὴ
3203 4659 3405 4728 νύμφη
3437 4656 3531 4708 τὸν
3553 4647 3772 4705 ἀνθοῦντα

2211 4761 2404 4834 βότρυν
2452 4756 2848 4828 καρποφορεῖν,
2899 4750 3105 4820 κύπρον
3168 4749 3280 4820 τὴν
3355 4747 3605 4814 οἰνάνθην

2209 4828 2567 4918 ονομάζουσα.
2592 4843 2664 4896 Τὸ
2685 4842 2792 4913 γὰρ
2805 4839 3193 4910 γεννηθὲνὴμῖν
3211 4839 3446 4893 παιδίον
3467 4839 3540 4905 Ίη
3550 4828 3770 4926 σοῦς,ὁξν

2207 4943 2319 5004 τοῖς
2347 4937 2658 5008 δεξαμένοις
2686 4932 3178 5002 αὐτὸν-διαφόρως
3225 4931 3604 5002 προκόπτων,
3645 4929 3772 5008 atque

2211 5049 2268 5086 τε
2308 5031 2403 5085 καὶ
2446 5029 2630 5100 ἡλικίᾳ.
2674 5026 2768 5078 καὶ
2817 5021 3172 5094 χάριτι,ὀύκ
3228 5025 3292 5075 ὲν
3363 5023 3534 5074 πᾶσιν
3583 5017 3610 5068 ὁ
3646 5006 3774 5100 aucti;

2216 5125 2383 5185 ἐστιν,
2417 5095 2551 5174 ἀλλὰ
2583 5095 2719 5190 πρὸς
2749 5117 2809 5169 τὸ
2852 5116 3048 5186 μέτρον
3079 5113 3178 5166 τοῦ
3206 5117 3268 5166 ὲν
3363 5112 3590 5182 γίνεται,
3628 5095 3776 5156 καθὼς

2211 5213 2277 5267 ἂν
2321 5214 2349 5266 ὁ
2375 5211 2566 5282 χωρῶν
2605 5209 2766 5264 αὐτὸν
2811 5206 3012 5270 ἱκανῶς
3067 5205 3195 5275 ἔχῃ,
3238 5203 3494 5265 τοιοῦτος
3540 5197 3778 5288 φαίνεται..

2213 5303 2575 5377 ἥνηπιάξων,
2621 5303 2654 5374 ἢ
2707 5299 3050 5372 προκόπτων,
3099 5297 3135 5367 ἢ
3214 5293 3616 5365 τελειούμενος,

2212 5395 2312 5463 τὴν
2340 5395 2430 5448 τοῦ
2466 5394 2687 5464 βότρυος
2721 5391 2882 5461 φύσιν
2910 5408 2924 5424 ο
2953 5390 3012 5453 ὃς
3043 5389 3101 5441 οὐ
3136 5389 3388 5443 πάντοτε
3423 5382 3561 5455 μετὰ
3590 5369 3780 5464 τοῦλαξδ-

2215 5459 2310 5538 τοῦ
2369 5459 2541 5548 εἴδους
2561 5459 2683 5537 ’ἐπὶ
2711 5459 2808 5553 τῆς
2837 5481 3082 5554 ἀμπέλου
3120 5478 3356 5550 ὁρᾶται,
3389 5472 3527 5532 ἀλλὰ
3559 5459 3781 5532 συνεξαλ-
