3928 6196
506 280 604 340 851

1768 237 1823 348 ὲ.
1849 290 2168 350 GREGORII
2198 294 2491 353 NYSSENI

3578 313 3661 371 832

573 397 743 452 Aiunt
773 411 869 453 eos
899 399 988 469 qui
1025 416 1228 473 anrum-
1250 411 1367 459 arte
1396 416 1723 477 expurgant,
1760 411 1808 463 si
1840 426 1935 479 per
1965 410 2058 463 ali-

2241 414 2376 467 Φασὶ
2402 414 2525 477 τοὺς
2560 413 2619 466 τὸ
2651 413 2870 485 χρυσίον
2910 414 3337 486 ἐκκαθαίροντας,
3366 422 3407 474 εἰ
3436 422 3513 482 διά
3548 446 3662 496 τινος

502 503 662 557 quam
678 489 1038 547 sordidiorem
1054 494 1334 550 materiam
1352 496 1419 552 de
1438 499 1704 553 industria
1728 503 2065 570 permistam,

508 580 800 636 obscurata
836 583 999 638 fuerit
1032 586 1385 655 pulchritudo
1417 590 1746 659 splendoris,
1796 606 1892 661 per
1925 592 2068 663 ignis

504 669 777 727 fusionem
835 675 1007 728 colori
1062 674 1259 731 afferre
1305 681 1630 745 remedium,
1659 689 1712 736 et
1764 681 1867 738 hoc
1925 699 2069 753 saepe

504 762 706 829 facere,
736 773 789 817 et
848 766 901 818 in
935 768 1178 835 qualibet
1233 769 1452 826 fusione
1486 774 1860 840 considerare,
1893 792 2068 846 quan-

506 858 843 907 tumaurum
898 866 1021 926 post
1076 860 1310 927 priorem
1370 862 1427 915 in
1480 866 1845 934 sequentibus
1905 866 2067 921 fuerit

503 943 845 1009 coloratius,
894 962 1073 1017 neque
1129 951 1283 1019 prius
1329 966 1550 1009 cessare
1600 955 1725 1025 igne
1783 958 2065 1012 materiam

505 1046 830 1102 expurgare,
864 1051 1027 1105 quam
1080 1040 1198 1109 ipsa
1230 1043 1350 1095 auri
1392 1044 1605 1113 species
1638 1046 1742 1100 sibi
1793 1046 2068 1115 ipsivferat

504 1123 897 1192 testimonium,
932 1130 1077 1197 quod
1113 1131 1186 1186 sit
1219 1148 1356 1202 pura
1386 1145 1439 1189 et
1456 1134 1704 1191 ’minime
1734 1138 2064 1192 adulterina.

503 1210 750 1276 Quanam
785 1226 971 1272 autem
1021 1219 1089 1275 de
1138 1237 1325 1287 causa,
1357 1241 1545 1280 eorum
1580 1242 1703 1297 qua:
1747 1228 1888 1283 lecta
1937 1239 2069 1285 sunt

504 1311 829 1369 praesentem
888 1314 1192 1365 tractantes
1246 1316 1806 1386 contemplationem,
1869 1319 2066 1374 horum

505 1392 940 1460 meminerimus,
975 1398 1066 1451 fiet
1088 1400 1250 1455 nobis
1274 1403 1630 1460 manifestum
1656 1423 1721 1462 ex
1750 1409 1871 1478 ipso
1895 1425 2065 1465 sensu

502 1493 692 1534 eorum
721 1498 842 1551 qua:
871 1487 1074 1556 scripta
1110 1500 1258 1545 sunt.
1294 1494 1471 1549 Aurea
1509 1498 1578 1552 ab
1625 1498 1783 1553 initio
1811 1509 1931 1555 erat
1960 1502 2066 1555 hu-

502 1582 664 1621 mana
697 1581 914 1641 natura,
947 1585 1000 1630 et
1056 1581 1413 1648 resplendens
1444 1588 1826 1654 similitudine,
1862 1608 1985 1661 quae
2020 1594 2069 1647 ci

504 1655 876 1718 intercedebat
926 1680 1050 1721 cum
1102 1670 1246 1727 bono
1296 1674 1535 1744 sincero,
1582 1689 1637 1733 et
1689 1681 1742 1734 in
1773 1683 1918 1751 quod
1960 1699 2067 1738 non

501 1749 648 1802 cadit
678 1751 932 1811 interitus
962 1775 974 1811 :
1005 1759 1101 1815 sed
1151 1761 1375 1819 decolor
1403 1774 1457 1821 et
1506 1768 1663 1840 nigra
1711 1749 1897 1841 postea
1930 1773 2069 1829 facta

500 1847 585 1892 est
638 1857 733 1909 per
785 1844 1170 1907 admistionem
1195 1855 1335 1920 vitii,
1366 1862 1640 1926 quomodo
1692 1862 1745 1915 in
1802 1864 2071 1932 principio

501 1929 709 1985 Cantici
739 1936 1048 1994 audivimus
1076 1957 1334 2011 sponsam
1359 1948 1656 2015 dicentem,
1680 1954 1826 2022 quod
1858 1956 2070 2025 nigram

500 2032 619 2072 eam
642 2021 833 2082 fecerit
855 2031 1182 2100 negligentia
1203 2038 1466 2093 custodia:
1501 2042 1686 2108 vincat,
1704 2045 1862 2113 cujus
1873 2061 2071 2104 curans

499 2110 905 2179 deformitatem
954 2122 1049 2190 qui
1103 2123 1159 2177 in
1207 2126 1475 2196 sapientia
1530 2135 1713 2186 omnia
1772 2110 2071 2192 fabricatur

501 2198 668 2268 Deus,
703 2221 811 2260 non
845 2212 1193 2269 machinatur
1229 2216 1283 2269 iu
1312 2233 1374 2272 ea
1431 2235 1627 2276 novam
1660 2226 1904 2296 aliquam
1948 2245 2070 2299 quae

500 2307 609 2347 non
644 2297 797 2364 prius
827 2308 943 2354 erat
975 2305 1461 2375 pulchritudinem,
1497 2313 1589 2368 sed
1615 2331 1710 2384 per
1736 2320 2065 2376 solutionem

500 2383 566 2437 ad
599 2387 832 2453 priorem
866 2392 1080 2471 reducit
1116 2400 1368 2465 gratiam,
1414 2418 1532 2455 eam
1578 2383 1697 2475 quae
1733 2408 1864 2464 vitio
1894 2412 2070 2467 fuerat

499 2475 824 2545 nigrefacta,
881 2467 1158 2541 fundendo
1209 2505 1271 2543 ac
1332 2467 1622 2551 conﬂando
1672 2499 1946 2563 deducens
1999 2506 2066 2559 ad

499 2567 864 2626 sinceritatem
896 2575 949 2628 in
981 2589 1142 2645 quam
1176 2597 1285 2636 non
1309 2586 1451 2639 cadit
1485 2588 1755 2646 interitus.
1786 2592 2067 2661 Quomodo

495 2674 625 2728 ergo
671 2664 826 2730 periti
877 2675 929 2719 et
980 2669 1269 2739 diligentes
1333 2679 1625 2744 anrifices,
1668 2694 1789 2753 post
1837 2689 2064 2756 primam

498 2750 766 2805 fusionem
803 2758 1154 2815 considerant
1180 2776 1382 2834 quanta
1414 2750 1804 2838 pulchritudini
1831 2750 1969 2833 facta
1995 2783 2066 2836 sit

494 2845 739 2898 accessio
772 2849 1028 2912 materiae,
1057 2855 1215 2922 cujus
1270 2859 1462 2913 sordes
1515 2862 1635 2931 igne
1680 2864 1897 2922 fuerant
1931 2887 2063 2927 con-

495 2942 724 3003 sumptae
749 2955 761 2991 :
796 2950 849 2993 et
873 2956 1066 2999 rursus
1096 2943 1239 2999 facta
1269 2952 1506 3004 secunda
1553 2953 1787 3023 fusione,
1815 2965 2064 3020 conside—

2179 505 2572 575 ρυπαρωτέρας
2593 503 2723 576 ὕλης
2755 505 2880 558 κατ’
2903 504 3159 576 ἐπιϐολὴν
3186 510 3508 585 ὲμμιχθείσης
3524 519 3665 589 ἀμαυ.

2136 645 2147 653 ,
2179 592 2378 665 ρωθείη
2407 594 2506 663 τῆς
2521 594 2862 664 λαμπηδόνος
2890 597 2949 648 τδ
2982 597 3190 664 κάλλος,
3218 602 3278 671 τῇ
3303 602 3383 655 διὰ
3413 605 3496 658 τοῦ
3530 611 3666 681 πυρὸς

2173 687 2373 757 χωνείᾳ
2399 686 2729 755 θεραπεύειν
2747 685 2842 758 τὴν
2868 687 2926 740 δυ
2935 690 3170 758 σχροίαν,
3188 690 3277 743 καὶ
3298 692 3528 760 πολλάκις
3546 700 3673 756 τοῦτο

2175 778 2368 840 ποιεῖν,
2418 775 2512 829 καὶ
2564 777 2685 829 καθ’
2719 777 2956 846 ἑκάστην
2982 778 3205 848 χωνείαν
3238 782 3549 852 ἐπισκοπεῖν,
3576 790 3672 843 ὅσον

2177 866 2327 937 παρὰ
2351 866 2449 936 τὴν
2482 867 2749 937 προτέραν
2778 869 2834 920 ἐν
2862 871 2973 931 τοῖς
3006 869 3202 940 ἐφεξῆς
3238 873 3443 940 γέγονεν
3465 878 3492 929 ὁ
3515 883 3676 948 χρυτδς

2177 958 2562 1030 εὐχροώτερος,
2586 960 2678 1012 καὶ
2704 959 2776 1031 μὴ
2796 962 3054 1032 πρότερον
3081 962 3339 1018 παύεσθαι
3363 966 3434 1037 τῷ
3463 971 3578 1040 πυρὶ
3599 973 3677 1043 τὴν

2178 1050 2311 1120 ὓλην
2332 1050 2819 1121 ἀποκαθαίροντας,
2839 1051 2942 1115 ἕως
2960 1052 3089 1105 αὐτό
3104 1055 3316 1125 χρυσίου
3327 1056 3385 1109 τὸ
3399 1050 3519 1123 εἶδος
3536 1061 3682 1132 ἑαυτῷ

2180 1142 2504 1213 μαρτυρήσῃ
2556 1140 2616 1194 τὸ
2635 1141 2872 1213 καθαρόν
2920 1160 2977 1195 τε
3004 1146 3097 1198 καὶ
3137 1145 3516 1217 άκιὸδηλευτον.
3555 1152 3684 1216 Τίνος

2175 1230 2231 1283 δὲ
2285 1230 2444 1300 χάριν
2470 1229 2566 1300 τῆς
2600 1230 2879 1302 παρούσης
2909 1232 3014 1286 τῶν
3027 1234 3437 1306 ἀνεγνωσμένων
3489 1239 3684 1311 θεωρίας

2176 1322 2487 1392 ἁπτόμενοι,
2518 1322 2724 1374 τούτων
2771 1324 2871 1393 τὴν
2899 1326 3117 1395 μνήμην
3149 1329 3522 1398 ἐποιησάμεθα,
3559 1332 3686 1403 δῆλον

2176 1417 2305 1485 ἡμῖν
2340 1411 2399 1477 ἐξ
2427 1413 2598 1481 αὐτῆς
2624 1417 2725 1485 τῆς
2752 1412 2987 1478 διανοίας
3022 1416 3130 1469 τῶν
3159 1421 3534 1490 γεγραμμένων
3555 1427 3687 1498 7;va.

2178 1524 2346 1560 σεται.
2386 1506 2575 1578 Χρυσῆ
2597 1523 2676 1569 τις
2702 1502 2767 1576 ἦν
2791 1506 2849 1559 τὸ
2873 1510 3149 1579 καταρχὰς
3170 1512 3201 1581 ἡ
3221 1511 3513 1585 ἀνθρωπίνη
3542 1515 3688 1584 eum,

2176 1599 2267 1652 καὶ
2283 1598 2572 1668 λάμπουσα
2595 1599 2659 1668 τῇ
2682 1601 2817 1670 πρὸς
2843 1599 2902 1652 τὸ
2926 1601 3200 1671 ἀκήρατον
3223 1602 3415 1670 άγαθδν
3428 1606 3690 1674 ὁμοιότητιι

2176 1687 2310 1742 ἀλλὰ
2336 1688 2598 1758 δύσχρους
2631 1690 2722 1742 καὶ
2765 1691 2986 1761 μέλαινα
3024 1692 3161 1762 μετὰ
3201 1691 3354 1745 τοῦτο
3379 1697 3441 1763 τῇ
3482 1695 3695 1768 ἐπιμιξίᾳ

2105 1762 2271 1848 Βτῆς
2325 1780 2523 1842 κακίας
2591 1779 2826 1847 ἐγένετο,
2876 1780 3059 1845 καθὼς
3110 1783 3168 1835 ἐν
3222 1784 3333 1846 τοῖς
3377 1762 3591 1854 πρώτοις
3617 1787 3692 1838 τοῦ

2177 1870 2452 1941 ’ᾼσματος
2470 1871 2567 1940 τῆς
2591 1871 2652 1924 νύ
2661 1888 2806 1943 μφης
2824 1873 3030 1941 ἡκούσα
3037 1890 3156 1943 μεν,
3191 1874 3271 1926 ὅτι
3304 1873 3543 1944 μέλαιναν
3560 1876 3698 1946 αὐτὴν

2171 1962 2426 2031 ἐποίησεν
2457 1963 2490 2031 ή
2523 1961 2617 2014 τοῦ
2649 1962 2968 2033 ἀμπελῶνος
3006 1963 3285 2036 ὀλιγωρία,
3330 1959 3395 2036 ἧς
3425 1965 3719 2035 ΘεραπεύωνΔ

2171 2052 2269 2124 τὴν
2297 2047 2635 2125 δυ’σμοριρίαν
2683 2056 2711 2106 ὁ
2744 2052 2918 2108 πάντα
2945 2056 3002 2110 ἐν
3033 2056 3195 2127 σοφίᾳ
3235 2058 3544 2126 τεχνιτεύων
3570 2056 3697 2119 Θεὸς,

2170 2146 2236 2197 ού
2267 2146 2449 2198 καινόν
2484 2162 2534 2198 τι
2556 2145 2749 2208 κάλλος
2782 2147 2867 2198 ἐπ’
2895 2145 3060 2217 αὐτὴν
3093 2149 3419 2217 μηχανᾶται,
3448 2148 3565 2219 am
3593 2150 3703 2219 πρόο

2169 2253 2326 2306 τερον
2366 2232 2455 2307 ἦν,
2505 2235 2616 2289 ἀλλ’
2655 2236 2746 2289 ἐπὶ
2776 2236 2874 2308 τὴν
2911 2236 3134 2309 πρώτην
3170 2238 3430 2306 ἐπανάγει
3456 2239 3620 2310 χάριν,
3652 2239 3704 2291 δι’

2169 2329 2478 2393 ἀναλύσεως
2512 2329 2610 2400 τὴν
2642 2328 2721 2399 τῷ
2768 2328 2922 2399 κακῷ
2975 2330 3331 2400 μελανθεῖσαν
3358 2329 3705 2402 μεταχωνεύων

2169 2423 2304 2493 πρὸς
2328 2424 2388 2476 τὸ
2415 2424 2710 2493 ἀκήρατον.
2746 2423 2915 2475 ’Ὢσπε
2925 2440 2956 2493 ρ
2994 2423 3173 2475 τοίνυν
3197 2426 3245 2476 οἱ
3277 2423 3513 2520 ἀκριϐεῖς
3537 2437 3705 2520 χρρσο-

2167 2512 2446 2584 γνώμονες
2497 2512 2632 2583 μετὰ
2678 2511 2776 2583 τὴν
2820 2510 3042 2583 πρώτην
3076 2514 3309 2582 χωνείαν
3337 2510 3705 2574 ἐπισκοποῦσιν,

2166 2608 2288 2659 ὅσον
2320 2605 2588 2658 ἐπέδωκεν
2638 2606 2715 2666 είς
2752 2603 2996 2674 κάλλοςή
3031 2603 3131 2674 ὓλη
3170 2604 3248 2675 τῷ
3278 2605 3409 2675 πυρὶ
3443 2604 3530 2656 τὸν
3561 2603 3705 2672 ῥύπον

2167 2697 2607 2765 ἐνδαπανήσασαο
2661 2696 2754 2749 καὶ
2816 2694 2975 2748 πάλιν
3007 2696 3274 2767 δευτέρας
3304 2694 3581 2764 γεγονυίας
3613 2711 3710 2762 χω·

2166 2792 2332 2854 νείας,
2369 2792 2415 2843 εἰ
2441 2790 2514 2860 μὴ
2546 2788 2743 2851 ἱκανῶς
2788 2786 2936 2859 παρὰ
2962 2787 3058 2859 τὴν
3086 2788 3319 2859 πρώτην
3362 2786 3710 2857 άπεκαθάροη,

2164 2883 2225 2935 τὸ
2257 2881 2548 2954 προστεθὲν
2583 2880 2774 2943 κάλλος
2803 2880 3231 2947 ἐπιλογίζονται,
3263 2880 3356 2934 καὶ
3389 2878 3632 2942 πολλάκις
3662 2876 3713 2928 τὸ

2168 2976 2280 3028 ἴσον
2333 2972 2633 3035 ποιοῦντες,
2667 2973 2753 3025 ἀεὶ
2784 2971 2881 3035 τὰς
2920 2972 3012 3024 τοῦ
3045 2972 3282 3035 κάλλους
3315 2970 3614 3043 προσθήκας
3641 2966 3715 3021 διά

495 3032 619 3075 rant
656 3042 835 3082 annon
878 3033 1059 3087 addita
1097 3036 1351 3106 inprima
1406 3044 1539 3098 satis
1567 3062 1863 3120 expurgatu
1903 3054 2058 3109 fuerit

495 3114 874 3164 Dttlchrilmln-
928 3131 981 3164 nt.
1017 3141 1158 3164 esu-nn
1224 3131 1426 3164 ηοινςιη..
1489 3134 1746 3164 manu...”
1851 3159 2041 3164 --ωμμ

2164 3067 2264 3136 τῆς
2291 3042 2713 3136 ἐπιστημονικῆς
2739 3063 3058 3133 δοκιμασίας
3092 3058 3570 3131 ἐπιγινώσκουσιν*
3598 3058 3717 3164 οὕτω

1640 3114 1652 3116 ~
1744 3114 1767 3120 -
2108 3117 2112 3120 ‹
2175 3114 2957 3136 --ι-----ν-,.νηηη..ηηιη
3000 3114 3056 3126 κ,
3394 3114 3425 3115 γέ
3619 3150 3627 3164 ⁸

480 3114 876 3182 ιρυίείπίῑυάον
928 3131 981 3176 (ξι
1017 3141 1158 3194 εωρθ
1223 3131 1426 3197 Pariter
1488 3134 1784 3204 Ϊθθίθιηθεν
1848 3114 2254 3214 εοιηροτυκείι
2301 3155 2395 3209 νῦν
2440 3157 2468 3207 ὁ
2520 3151 2860 3224 θεραπευτής
2916 3151 3009 3205 τοῦ
3061 3152 3425 3224 μελανθέντος
3482 3166 3716 3223 χρυσεου,

493 3218 795 3272 agnoscunt
831 3227 925 3279 per
960 3216 1332 3282 probationem
1374 3239 1442 3278 ex
1474 3227 1697 3283 scientia
1738 3235 2058 3304 profectam,

492 3301 839 3356 accessiones
869 3305 1290 3371 pulchritudinis
1324 3314 1434 3369 :ita
1480 3318 1643 3372 etiam
1677 3337 1821 3377 nunc
1846 3341 2061 3396 quoque

491 3390 584 3456 qui
618 3406 750 3453 auro
785 3396 1086 3463 nigrefacto
1117 3402 1337 3459 adhibet
1375 3410 1698 3476 remedium,
1735 3431 1859 3470 eum
1892 3422 2057 3478 veluti

416 3533 427 3542 _
490 3483 727 3549 quadam
761 3485 974 3544 fusione
1001 3492 1260 3549 adhibitis
1312 3499 1724 3562 medicamentis
1757 3510 1959 3566 claram
1992 3531 2057 3570 ac

489 3574 715 3627 nitidam
754 3580 1082 3638 reddidisset
1131 3586 1414 3645 animam:
1449 3593 1503 3647 in
1548 3596 1618 3650 iis
1671 3600 1889 3668 quidem
1937 3620 2057 3674 qua:

487 3679 908 3734 praecesserunt,
941 3675 1224 3744 cujusdam
1266 3683 1414 3752 equi,
1443 3686 1497 3739 in
1527 3703 1594 3743 eo
1628 3693 1773 3761 quod
1809 3706 2053 3765 apparet,

485 3757 535 3808 ei
586 3773 687 3812 suo
735 3765 1050 3821 testimonio
1099 3769 1293 3825 tribuit
1346 3757 1853 3844 pulchritudinem:
1909 3805 2055 3846 nunc

2160 3248 2408 3317 καθάπερ
2438 3247 2542 3299 τινί¹
2571 3232 2715 3316 χώνῃ
2741 3244 2917 3315 ψυχὴν
2947 3243 3291 3315 λαμπρύνας
3319 3245 3407 3299 διὰ
3433 3244 3536 3298 τῶν
3563 3244 3711 3314 προσ-

2159 3340 2431 3410 αχθέντων
2486 3337 2620 3406 αὐτῇ
2687 3335 3027 3405 φαρμάκων
3074 3337 3135 3386 ἐν
3182 3335 3284 3431 μεν
3321 3337 3433 3397 τοῖς
3481 3332 3719 3431 φθάσασιν

2159 3431 2325 3482 ἵππου
2370 3426 2514 3490 τινὸς
2567 3426 2869 3496 εὐμορφίαν
2903 3422 2977 3493 τῷ
3005 3425 3325 3494 φαινομένῳ
3367 3437 3721 3493 προσεμαρτυ-

2168 3538 2298 3594 ρησε
2325 3538 2337 3551 ·
2373 3520 2466 3574 νῦν
2517 3518 2572 3571 δὲ
2614 3518 2689 3580 ὡς
2737 3517 3007 3588 παρθένου
3052 3516 3249 3570 λοιπῦν
3313 3514 3626 3584 ἀποδέχεται
3671 3509 3723 3561 τὸ

2164 3613 2432 3681 ἀναφανὲν
2471 3611 2606 3681 αὐτῇ
2634 3609 2845 3673 κάλλος.
2880 3609 3015 3678 Φησὶ
3043 3608 3190 3680 γάρ’
3236 3608 3397 3662 Ἰδοὺ
3427 3602 3484 3662 εἷ
3500 3600 3722 3672 καλὴοῆ

2161 3702 2430 3767 πλησίον
2483 3718 2620 3769 μου,
2665 3699 2791 3753 ἰδοὺ
2840 3695 2897 3753 εἷ
2946 3699 3142 3767 καλή·
3200 3702 3257 3753 oi
3294 3697 3722 3786 (5560(1Jy01’0’0tl

2162 3790 2521 3863 περιστεραί.
2578 3854 2581 3861 η

488 3860 671 3905 autem
733 3863 991 3926 tanquam
1047 3863 1273 3934 virginis
1328 3867 1395 3922 de
1446 3881 1647 3929 caetero
1703 3892 2057 3949 apparentem
2134 3860 2373 3944 admittit
2420 3884 2539 3955 ejus
2598 3882 3076 3953 pulchritudinem.
3147 3882 3298 3938 Dicit
3354 3881 3547 3937 enim:
3609 3876 3725 3931 Em

483 3947 703 4011 pulchra
730 3966 804 4008 es,
830 3956 1122 4023 propinqua
1146 3975 1279 4024 mea,
1304 3977 1417 4015 erce
1440 3966 1660 4032 pulchra
1688 3947 1951 4030 estVOculi
1972 3983 2050 4034 lui
2086 3981 2360 4037 columba’.

557 4033 722 4090 Docet
745 4049 924 4094 autem
952 4046 1125 4099 oratio
1152 4063 1246 4117 per
1271 4066 1333 4104 ea
1360 4069 1479 4121 quae
1504 4058 1703 4127 scripta
1730 4073 1878 4130 sunt,
1910 4068 2052 4126 hanc

484 4124 907 4192 pulchritudinis
956 4147 1078 4190 esse
1129 4143 1598 4220 resumptionem,
1655 4154 1801 4220 quod
1860 4175 2051 4220 rursus

487 4218 944 4288 apprupiiiquarit
971 4240 1109 4280 vera;
1146 4216 1555 4303 pulchritudini,
1589 4254 1617 4292 a
1654 4216 1758 4311 qua
1800 4253 2047 4308 recessit.

486 4304 622 4360 Dicit
651 4311 795 4363 enim
823 4330 836 4366 :
872 4312 1005 4368 Ecce
1033 4320 1253 4385 pulchra
1276 4338 1349 4387 es,
1379 4304 1685 4399 propinqua-
1717 4351 1851 4390 mea.
1882 4304 2050 4412 Prop;

481 4402 649 4462 terea,
685 4400 880 4470 inquit,
925 4416 1085 4461 antea
1116 4426 1224 4465 non
1260 4428 1381 4470 eras
1415 4419 1640 4487 pulchra
1666 4466 1681 4491 ,
1722 4427 1867 4494 quod
1908 4433 2047 4486 mala

479 4486 595 4538 vitii
632 4495 1160 4564 appropinquatione
1193 4516 1221 4554 a
1264 4486 1524 4572 primaria
1575 4512 1881 4572 abalienata
1922 4523 2047 4590 pul-

480 4579 806 4643 chritudine.
856 4596 1221 4648 transmutata
1280 4595 1449 4653 fueris
1499 4603 1565 4656 ad
1617 4579 2045 4668 deformitatem.

477 4669 537 4722 Id
579 4685 759 4728 autem
790 4680 936 4747 quod
965 4682 1169 4737 dicitur
1192 4695 1276 4741 est
1296 4688 1797 4757 ejusmodizLiberi
1834 4704 2047 4760 arbitrii

477 4775 648 4829 capax
683 4764 829 4819 farta
859 4778 944 4824 est
973 4772 1210 4828 humana
1242 4786 1460 4847 natura,
1497 4792 1551 4837 et
1599 4786 1667 4841 ad
1717 4790 1860 4857 quod
1922 4808 2041 4849 eam

475 4849 624 4906 ducit
650 4856 885 4912 instituti
919 4864 1002 4915 sui
1036 4865 1321 4924 electionis
1352 4871 1657 4941 inclinatio,
1692 4895 1758 4934 ex
1788 4896 1852 4935 eo
1879 4884 2042 4939 etiam

475 4953 740 5002 mutatur.
769 4947 902 5004 Nam
930 4964 983 5008 et
1012 4956 1057 5008 si
1084 4956 1177 5011 irae
1205 4964 1510 5033 susceperit
1553 4976 1759 5023 motum
1783 5010 1797 5033 ,
1828 4973 1886 5026 tit
1933 4975 2044 5028 ira-

474 5037 647 5091 cunda
679 5060 695 5095 :
725 5052 777 5096 et
802 5043 846 5098 si
876 5044 1215 5104 dominatum
1249 5053 1546 5111 obtinuerit
1600 5062 1892 5131 cupiditas,
1926 5068 2041 5121 sol-

470 5129 617 5181 vitur
653 5130 708 5184 in
740 5136 1090 5203 voluptatem.
1142 5140 1299 5207 Quod
1324 5145 1370 5199 si
1399 5147 1464 5201 ad
1491 5129 1694 5206 metum
1718 5162 1771 5209 et
1801 5155 2044 5212 formidi-

474 5319 783 5384 conversio,
828 5322 973 5378 subit
1003 5324 1208 5385 formas
1238 5333 1675 5407 uniuscujusque
1708 5339 1873 5392 animi
1918 5356 2041 5408 per-

473 5407 802 5466 turbationis
831 5430 843 5465 :
879 5420 1151 5483 quomodo
1180 5424 1342 5477 etiam
1375 5434 1565 5480 contra
1593 5428 1805 5493 lenitas,
1831 5431 2041 5500 patien-

473 5498 569 5563 ιία,
598 5504 829 5573 puritas,
859 5523 985 5578 pax,
1017 5511 1112 5568 ira:
1137 5531 1245 5569 non
1291 5533 1415 5572 esse
1466 5519 1786 5585 obnoxium,
1820 5524 2040 5591 aegritno

471 5586 596 5663 dine
645 5608 833 5652 carere
879 5605 934 5653 et
964 5603 1233 5670 molestia,
1287 5607 1509 5661 minime
1541 5611 1875 5678 perturbari,
1926 5612 2037 5667 haec

470 5682 655 5741 ouznia
686 5702 809 5744 cum
844 5692 897 5747 in
930 5709 988 5750 se
1011 5706 1333 5766 susceperit,
1377 5698 1811 5774 uniuscujusque
1843 5703 2035 5759 horum

2223 4070 2477 4126 Παιδεύει
2501 4068 2588 4122 διὰ
2617 4066 2723 4121 τῶν
2759 4067 3063 4139 εἰρημένων
3094 4069 3125 4121 ὁ
3156 4068 3342 4138 λόγος,
3374 4067 3571 4135 ταύτην
3601 4059 3721 4116 εἶναι

2149 4162 2242 4217 τοῦ
2273 4161 2502 4222 κάλλους
2552 4160 2652 4228 τὴν
2714 4158 3074 4229 ἐπανάληψιν,
3127 4160 3192 4212 τὸ
3228 4160 3465 4230 πλησίον
3497 4153 3722 4255 γενέσθαι

2150 4254 2247 4322 τῆς
2296 4251 2390 4303 τοῦ
2438 4249 2602 4303 καλοῦ
2659 4252 2861 4320 πηγῆς,
2917 4251 3009 4302 καὶ
3060 4253 3441 4320 προσεγγίσαι
3481 4248 3630 4303 πάλιν
3656 4248 3722 4315 τῷ

2150 4343 2386 4414 ἀληθινῷ
2420 4326 2626 4405 κάλλει,
2673 4336 2732 4395 οὗ
2769 4341 3122 4412 ἁπεφοίτησε.
3160 4345 3309 4414 Φησὶ
3335 4345 3476 4414 γάρ’
3515 4339 3649 4396 Ἰδοὺ
3678 4331 3721 4391 εί

2079 4468 2126 4527 D
2153 4436 2332 4502 καλὴ,
2366 4437 2401 4503 ἡ
2425 4434 2690 4501 πλησίον
2702 4451 2841 4502 μου.
2876 4434 2974 4487 Διά
2994 4434 3154 4527 τούτο
3177 4437 3452 4527 πρότερον
3468 4435 3564 4527 ούκ
3585 4427 3707 4527 ἧσθε

2157 4526 2317 4596 καλὴ,
2347 4525 2477 4578 διότι
2509 4522 2603 4576 τοῦ
2633 4523 2939 4595 ἀρχετύπου
2966 4524 3202 4590 κάλλους
3251 4525 3644 4592 άποξενωθεῖσα
3662 4520 3714 4590 τῇ

2156 4617 2368 4686 πονηρᾷ
2399 4615 2691 4684 γειτνιάσει
2734 4615 2833 4686 τῆς
2863 4615 3058 4680 κακίας
3087 4617 3235 4688 πρὸς
3279 4619 3344 4672 τὸ
3395 4612 3717 4712 526510313}-

2151 4706 2399 4776 λοιώθης.
2435 4702 2506 4759 Τὸ
2528 4706 2583 4759 δὲ
2606 4706 2895 4777 λεγόμενον
2930 4708 3171 4763 τοιοῦτον
3207 4710 3361 4763 ἐστι’
3382 4709 3608 4779 Δεκτικη
3628 4718 3714 4756 των

2151 4799 2293 4851 κατὰ
2316 4797 2540 4869 γνώμην
2574 4801 2792 4867 γέγονεν
2826 4801 2859 4869 ἡ
2890 4800 3216 4874 ἀνθρωπίνη
3264 4803 3580 4899 φύσις,“καὶ
3607 4798 3713 4899 πρὸς

2148 4888 2284 4960 ὅπερ
2318 4889 2383 4942 ἂν
2435 4892 2468 4960 ὴ
2531 4890 2671 4959 ῥοπὴ
2701 4891 2795 4959 τῆς
2828 4893 3207 4962 προαιρέσεως
3244 4895 3420 4965 αὐτὴν
3457 4895 3593 4962 ἄγει,
3619 4901 3697 4942 κατ

2148 4981 2322 5034 ἐκεῖνο
2342 4982 2433 5034 καὶ
2462 4979 2891 5035 ἅλλοιοῦται.Τοῦ
2916 4999 2970 5034 τε
2995 4982 3101 5055 γὰρ
3122 4984 3308 5057 θυμοῦ
3331 4981 3715 5057 παραδεξαμένη

2146 5070 2207 5123 τὸ
2234 5072 2419 5136 πάθος,
2453 5071 2707 5143 θυμώδης
2735 5073 2944 5141 γίνεται
2969 5090 2983 5104 '
3017 5075 3112 5128 καὶ
3148 5078 3258 5147 τῆς
3293 5077 3584 5148 ἐπιθυμίας
3616 5075 3714 5125 ἐπι·

2145 5165 2519 5234 κρατησάσης,
2571 5166 2651 5229 εἰς
2714 5165 2903 5237 ἡδονὴν
2927 5166 3233 5222 διαλύεται.
3265 5170 3417 5241 Πρὸς
3460 5167 3645 5222 δειλίαν
3669 5178 3717 5214 τε

2146 5255 2239 5307 καὶ
2264 5257 2443 5324 φόϐον,
2468 5257 2648 5310 καὶτὰ
2674 5256 2796 5311 καθ’
2823 5258 3049 5311 ἕκαστον
3078 5261 3236 5332 πάθη
3270 5263 3375 5326 τῆς
3402 5262 3571 5333 ῥοπῆς
3594 5271 3717 5325 γενο

2148 5346 2314 5415 μένης
2344 5345 2441 5409 τὰς
2486 5348 2713 5401 ἑκάστου
2765 5349 2872 5402 τῶν
2925 5350 3108 5403 παθῶν
3149 5351 3716 5424 μορφάςὌποδύεταιο

2149 5437 2336 5507 ὥσπερ
2384 5438 2447 5507 δὴ
2487 5437 2581 5490 καὶ
2610 5439 2672 5491 ἐκ
2708 5437 2800 5491 τοῦ
2837 5441 3078 5493 ἐναντίου
3134 5442 3203 5495 τὸ
3259 5442 3629 5513 μακρόθυμον,
3663 5433 3717 5487 τὸ

2150 5525 2405 5596 καθαρὸν,
2456 5528 2515 5579 τὸ
2545 5529 2835 5597 εἰρηνικὸν,
2875 5529 2932 5581 τὸ
2965 5532 3267 5602 ἀόργητον,
3303 5534 3365 5587 τὸ
3418 5533 3634 5591 ἄλυπον,
3664 5524 3718 5579 τὸ

2148 5616 2430 5687 εὐθαρσὲς,
2456 5618 2516 5670 τὸ
2554 5620 2840 5689 ἁπτὸητον,
2874 5622 3047 5675 πάντα
3072 5623 3258 5679 ταῦτα
3288 5627 3348 5679 ἐν
3381 5625 3545 5693 ἑαυτῇ
3573 5617 3714 5721 δεξα-

2134 5696 2305 5779 ἐιένη,
2362 5709 2589 5762 ἑκάστου
2629 5711 2830 5767 τούτων
2877 5713 3231 5785 ἐπισημαίνει
3276 5714 3371 5770 τὸν
3412 5708 3714 5786 χαρακτῆρα
