3928 6196
289 275 372 334 833
1327 281 1392 335 IN
1422 281 1714 337 CANTICA
1745 282 2010 339 CANTIC.
2041 285 2317 340 llOMlLlA
2352 287 2434 340 ιν.

3403 299 3507 354 85-5

288 396 335 463 τῇ
358 391 681 445 καταστάσει
712 392 810 461 τῆς
831 393 1007 463 ψυχῆς
1039 394 1094 445 ἐν
1120 394 1386 465 ἀταραξίᾳ
1416 395 1830 464 γαληνιάζουσα.

1937 395 2114 464 signat
2143 397 2514 452 characterem
2569 413 2763 452 sereno
2811 415 2873 454 ac
2904 402 3202 470 tranquillo
3251 405 3505 462 minime-

288 486 557 556 Συμόαίνει
579 486 758 539 τοίνυν
784 486 1002 555 ἀμέσως
1028 487 1162 557 πρὸς
1185 487 1280 557 τὴν
1302 487 1498 540 κακίαν
1516 489 1612 555 τῆς
1639 486 1837 558 ἀρετῆς

288 576 577 645 διεστώσης,
633 574 708 646 μὴ
740 575 998 629 δύνασθαι
1034 577 1172 630 κατά
1199 578 1392 631 ταύτὸν
1430 578 1735 647 ἀμφότερον
1760 577 1838 647 τῷ

289 667 348 718 ἐνὶ
377 665 806 735 παραγίνεσθαι·
825 668 854 720 6
881 667 990 738 γὰρ
1019 667 1112 720 τοῦ
1157 670 1453 739 σωφρονεῖν
1487 668 1747 732 ἀποστὰς,
1780 669 1837 720 ἐν

289 759 344 828 τῷ
363 759 646 829 ἀκολάστῳ
679 759 898 822 πάντως
923 758 1263 829 γίνεταιβίῳ,
1305 759 1396 812 καὶ
1425 761 1452 812 6
1475 758 1561 811 τὺν
1593 758 1838 828 ἀκάθαρ-

285 865 356 900 τον
383 848 776 918 βδελυξάμενος
802 849 936 918 βίον,
960 847 1320 918 κατώρθωσεν
1349 850 1406 900 ἐν
1422 851 1486 919 τῇ
1518 848 1833 918 ἀποστροφῇ

281 940 355 992 τοῦ
404 940 578 993 κακοῦ
617 940 677 992 τὺ
713 941 1030 1010 ἀμόλυντον.
1067 939 1223 992 Οὕτω
1257 939 1349 992 καὶ⁸
1377 939 1541 994 τᾶλλα
1572 939 1768 999 πάντα.
1806 940 1835 990 ό

279 1032 634 1103 ταπεινόφρων
659 1034 758 1102 τῆς
787 1031 1168 1103 ὑπερηφανίας
1201 1030 1550 1102 -κεχώρισται,
1582 1033 1675 1084 καὶ
1696 1034 1723 1084 6
1747 1031 1834 1085 διὰ

277 1124 354 1176 τοῦ
382 1124 553 1192 τύφου
597 1123 788 1178 ἐαυτὸν
833 1122 1164 1191 ἐξογκώσας,
1204 1125 1302 1195 τὴν
1340 1123 1832 1194 ταπεινοφροσύνην

275 1212 540 1266 ἀπώσατο.
589 1212 696 1264 Καὶ
734 1212 787 1264 τί
819 1213 924 1282 χρὴ
955 1213 1024 1266 τὰ
1073 1213 1192 1266 καθ’
1223 1213 1450 1267 ἕκαστον
1472 1213 1696 1282 λέγοντα
1717 1215 1832 1267 δια-

270 1303 502 1374 τρίόειν;
543 1301 666 1364 Πῶς
713 1305 805 1354 ἐπὶ
851 1303 958 1356 τῶν
981 1304 1368 1374 ἀντικειμένων
1403 1308 1468 1376 τῇ
1499 1306 1708 1375 φύσειὴ
1738 1307 1830 1358 τού

269 1395 375 1457 ἐνὸς
409 1393 644 1446 ἀπουσία
685 1391 832 1456 θέσις
869 1395 964 1446 καὶ
1010 1394 1241 1464 ὖπαρξις
1280 1395 1373 1447 τοῦ
1401 1396 1587 1466 ἐτέρου
1604 1397 1830 1465 γίνεται,

268 1485 400 1538 οὕτω
417 1485 595 1538 τοίνυν
612 1484 839 1555 ἐχούσης
860 1485 1015 1555 ἡμῶν
1040 1486 1134 1556 τῆς
1148 1488 1532 1558 προαιρέσεως,
1551 1489 1667 1540 κατ’
1686 1487 1834 1553 ἐξου-

269 1576 380 1629 σίαν
410 1576 555 1646 ἔχειν
603 1569 758 1646 ᾧπερ
791 1575 857 1628 ἀν
897 1575 1055 1646 ἐθέλῃ
1099 1576 1272 1647 τούτῳ
1317 1579 1848 1650 συσχηματίζεσθαι,

268 1667 438 1730 καλῶς
464 1683 596 1736 φησι
619 1666 751 1737 πρὸς
774 1666 872 1736 τὴν
893 1666 1267 1737 ὼραιωθεῖσαν
1295 1669 1323 1720 ό
1357 1669 1513 1737 λόγος
1533 1687 1545 1699 ’
1569 1670 1650 1722 ὅτι
1675 1671 1830 1722 Ἀπο-

273 1761 432 1811 στάσα
469 1759 566 1828 μὲν
595 1758 694 1827 τῆς
748 1757 839 1810 τοῦ
872 1755 1041 1810 κακοῦ
1077 1758 1356 1820 κοινωνίας
1390 1759 1511 1829 ἐμοὶ
1536 1761 1832 1831 προσήγγι-
1864 1739 1903 1791 Β

275 1867 390 1912 σας·
424 1849 772 1920 πλησιάσασα
813 1849 869 1901 δὲ
894 1848 972 1919 τῷ
1021 1849 1300 1920 ἀπροσίτῳ
1325 1850 1530 1914 κάλλει,
1561 1851 1654 1903 καὶ
1693 1851 1830 1921 αύτὴ

277 1942 400 2011 καλὴ
415 1941 666 2010 γέγονας,
697 1937 808 1994 οἷόν
837 1959 887 1994 τι
933 1941 1236 2012 κάτοπτρον
1277 1941 1354 2012 τῷ
1383 1941 1500 2012 ἐμῷ
1525 1942 1830 2014 χαρακτῆρι

284 2033 699 2103 ἱμμορφωθείσα.
732 2033 1036 2102 Κατόπτρῳ
1065 2031 1171 2102 γὰρ
1219 2030 1405 2085 ἔοικεν¹
1424 2033 1497 2096 ὡς
1528 2033 1740 2103 ἀληθῶς
1771 2033 1832 2086 τὸ

284 2121 595 2192 ἀνθρώπινον
648 2121 788 2174 κατά
835 2120 932 2183 τὰς
986 2121 1092 2173 τῶν
1149 2121 1518 2192 προαιρέσεων
1565 2121 1830 2191 ἐμφάσεις

288 2213 741 2283 μεταποιούμενον.
775 2214 870 2264 Ἀν
901 2229 960 2267 τε
985 2212 1093 2282 γὰρ
1125 2214 1323 2284 χρυσὸν
1349 2214 1464 2276 ῐδοι,
1491 2215 1686 2284 χρυσὸς
1709 2214 1832 2282 φαί-

283 2324 428 2369 νεται,
452 2305 664 2368 καὶτὰς
709 2304 877 2367 αὐτὰς
915 2304 1088 2372 αύγάς
1121 2305 1217 2376 τῆς
1248 2304 1377 2374 ὕλης
1402 2304 1488 2358 διὰ
1518 2306 1615 2376 τῆς
1649 2306 1830 2376 ἐμφά-

281 2416 400 2462 σεως
425 2399 690 2451 δείκνυσιν
711 2415 725 2427 ·
760 2399 824 2452 ἄν
847 2398 906 2450 τέ
934 2415 986 2450 τι
1014 2398 1124 2450 τῶν
1154 2396 1405 2467 είδεχθῶν
1429 2397 1712 2468 ἐμφανείη,
1740 2399 1832 2451 καὶ

275 2491 449 2542 τούτου
481 2491 535 2542 τὸ
559 2486 744 2559 αἶσχος
767 2489 832 2541 δι’
861 2487 1171 2558 ὁμοιώσεως
1211 2489 1617 2556 ἀπομάσσεται,
1635 2487 1825 2560 βάτρα-

272 2581 361 2650 χόν
386 2599 517 2644 τινα,
556 2582 588 2650 ἢ
624 2580 848 2651 φρῦνον,
885 2581 916 2648 ἦ
970 2581 1384 2651 σκολόπενδραν,
1415 2582 1448 2651 ἢ
1485 2581 1610 2634 ἄλλο
1635 2599 1688 2633 τι
1724 2581 1832 2634 τῶν

271 2671 438 2740 ἀηδῶν
468 2671 753 2740 θεαμάτων
792 2670 869 2740 τῷ
902 2671 1084 2740 οἰκείῳ
1125 2671 1564 2741 ὑποκρινόμενον,
1589 2665 1739 2742 ᾧπερ
1767 2671 1832 2723 ἂν

264 2759 461 2811 τούτων
509 2758 704 2828 εὑρεθῇ
755 2759 1192 2829 ἀντιπρόσωπον.
1234 2759 1450 2828 Ἐπειδὴ
1491 2759 1666 2812 τοίνυν
1694 2761 1833 2812 κατὰ

264 2847 430 2903 νώτου
463 2849 556 2920 τὴν
592 2849 787 2902 κακίαν
833 2850 1171 2920 ποιησαμένη
1212 2851 1245 2919 ὴ
1287 2849 1664 2920 κεκαθαρμένη
1689 2849 1832 2920 ψυχὴ

261 2941 372 2992 ὑπὸ
390 2941 678 3008 Λόγου,τὺν
708 2941 930 3011 ἡλιακὸν
978 2941 1035 2994 ἐν
1075 2943 1238 3012 ἐαυτῇ
1264 2942 1459 2996 κύκλον
1487 2943 1720 3006 ἐδέξατο,
1742 2942 1834 2994 καὶ

260 3027 346 3097 τῷ
372 3027 577 3094 ὀφθέντι
599 3032 653 3082 ἐν
677 3031 812 3101 αὑτῇ
831 3032 967 3099 φωτὶ
994 3031 1384 3101 συνεξέλαμψε,
1409 3032 1496 3086 διὰ
1517 3032 1672 3085 τοῦτό
1689 3049 1829 3102 φησι
1857 3060 1900 3116 C

259 3135 302 3168 π
313 3119 402 3186 ρὸς
429 3118 590 3188 αὐτὴν
606 3119 634 3170 6
649 3119 844 3190 Λόγος,
863 3123 1185 3191 ὃτιΓέγονας
1202 3121 1302 3193 ἤδη
1327 3123 1462 3193 καλὴ
1487 3123 1834 3193 πλησιάσασα

255 3206 348 3274 τῷ
378 3206 484 3276 ἐμῷ
513 3208 669 3275 φωτὶ,
701 3207 791 3260 διὰ
837 3208 931 3260 τοῦ
967 3213 1373 3281 προσεγγισμοῦ
1424 3213 1520 3284 τὴν
1551 3214 1833 3267 κοινωνίαν

259 3295 591 3366 ἐφελκομένη
620 3297 715 3349 τοῦ
767 3297 1016 3362 κάλλους.
1062 3299 1215 3354 Ἰδοὺ
1258 3301 1316 3354 εἴ
1356 3303 1534 3371 καλὴ,
1561 3304 1743 3372 φησὶν,
1791 3302 1830 3368 ἠ

254 3389 524 3453 πλησίον
533 3407 672 3458 μου.
693 3381 826 3442 Εἶτα
843 3390 1100 3460 ἐπισχὼν,
1116 3393 1208 3445 καὶ
1223 3387 1334 3445 οἷον
1355 3395 1412 3446 ἐν
1427 3394 1709 3466 προσθήκῃ
1729 3393 1831 3446 τινὶ

255 3477 367 3530 καὶ
380 3479 612 3533 ἐπιτάσει
629 3480 922 3551 γενομένην
937 3481 1031 3534 τοῦ
1046 3483 1276 3546 κάλλους
1288 3483 1454 3555 αὐτὴν
1475 3483 1828 3554 θεασάμενος,

255 3569 428 3622 πάλιν
440 3570 525 3622 τὸν
541 3570 704 3622 αὑτὸν
728 3571 1164 3641 ἐπαναλαμϐάνει
1185 3572 1363 3640 λόγον,
1390 3573 1576 3627 εἰπών·
1607 3574 1760 3630 Ἰδοὺ
1780 3571 1838 3628 εἷ

255 3661 444 3726 καλή.
483 3662 621 3714 Ἀλλ’
634 3664 690 3714 ἐν
709 3663 807 3732 μὲν
821 3662 900 3732 τῷ
919 3665 1166 3734 προτέρῳ
1175 3664 1272 3734 τὴν
1293 3664 1514 3736 πλησίον
1527 3665 1832 3737 ώνόμασεν⁵

255 3746 496 3802 ἐνταῦθα
557 3752 613 3805 δὲ
651 3753 750 3822 τὴν
774 3754 837 3804 ὲκ
863 3751 953 3805 τοῦ
981 3753 1154 3816 εἴδους
1189 3753 1298 3806 τῶν
1331 3756 1590 3826 ὀμμάτων
1636 3773 1831 3826 γνωρι-

257 3834 514 3908 ζῡμένηνο
566 3840 888 3908 Ὀφθαλμοι
931 3841 1040 3910 γάρ
1075 3854 1212 3905 σου,
1249 3845 1414 3914 φησὶ,
1457 3845 1828 3912 περιστερᾶς.

258 3925 531 4000 Πρότερον
567 3931 666 4000 μὲν
696 3931 804 4001 γὰρ
836 3933 923 3985 ὅτε
954 3933 1104 4003 ἵππῳ
1133 3935 1488 4006 ἀφωμοιώθη,
1530 3937 1589 3988 ἐν
1623 3937 1831 4004 σιαγόνι

257 4033 323 4070 τε
359 4021 443 4074 καὶ
468 4023 719 4093 τραχήλῳ
740 4026 770 4076 6
796 4023 1017 4088 ἔπαινος
1043 4021 1130 4095 ἦν.
1164 4025 1275 4078 Νῦν
1303 4027 1358 4080 δὲ
1385 4029 1472 4081 ὅτε
1499 4029 1558 4082 τὸ
1587 4029 1713 4082 ίδιον
1743 4030 1834 4082 αὺ-

258 4110 370 4179 τῆς
397 4113 628 4184 ἀνεφάνη
676 4115 890 4178 κάλλος,
928 4119 959 4186 ἡ
991 4117 1098 4170 τῶν
1142 4119 1434 4189 ὀφθαλμῶν
1464 4119 1622 4189 χάρις
1652 4123 1829 4189 ιέγκω‹⁵

267 4202 534 4268 βιάζεται·
559 4208 587 4258 6
607 4205 663 4258 δὲ
685 4205 793 4258 τῶν
810 4206 1101 4278 ὀφθαλμῶν
1122 4209 1337 4274 ἔπαινός
1365 4212 1478 4263 ἐστι
1503 4211 1561 4263 τὸ
1583 4227 1830 4282 περιστε-

263 4295 371 4362 ρᾶς
395 4295 459 4348 τὰ
477 4296 697 4366 δμματα
721 4291 879 4358 εἶναι,
911 4299 1047 4370 ὅπερ
1077 4305 1163 4370 μοί
1188 4302 1334 4354 δοκεῖ
1357 4302 1608 4373 τοιαύτην
1634 4303 1830 4372 ἐμφαί-

1941 500 2044 552 que
2067 486 2384 554 perturbato
2411 492 2553 539 statu
2583 486 2796 539 animm.
2830 485 3018 543 Evenit
3042 506 3193 561 ergo,
3219 500 3278 545 ut
3303 495 3507 550 virtute

1942 587 1970 625 a
2005 575 2131 630 ritio
2167 574 2444 643 disjuncta
2478 574 2595 628 sine
2625 573 2824 638 medio,
2882 591 2989 629 non
3029 581 3241 646 possint
3275 590 3505 652 utraque

1941 663 2030 715 uni
2063 663 2224 717 simul
2251 664 2484 718 adesse:
2515 664 2776 732 quienim
2808 669 3034 721 recessit
3065 684 3093 721 a
3119 675 3503 740 temperantia.

1939 762 2188 807 versatur
2217 755 2439 808 omnino
2460 754 2514 808 in
2538 754 2648 807 vita
2667 755 2933 808 dissoluta
2955 766 3009 811 et
3033 759 3254 815 minime
3278 761 3500 833 frugali,

1937 851 1990 897 et
2016 844 2109 912 qui
2139 844 2302 897 vitam
2352 845 2702 899 abominatur
2754 845 3112 914 immundam,
3149 849 3222 902 ita
3260 865 3319 904 se
3364 855 3506 922 gerit

1937 939 1996 984 ut
2031 932 2085 985 in
2121 932 2426 987 arersando
2452 935 2596 988 malo
2627 943 2842 990 maneat
2867 938 3201 1006 impollutus.
3233 941 3306 995 lta
3341 944 3504 999 etiam

1936 1023 2002 1077 de.
2031 1025 2243 1079 caeteris
2273 1040 2286 1076 :
2325 1027 2414 1095 qui
2449 1009 2532 1080 ρει
2571 1026 2811 1090 humilis,
2846 1039 3134 1098 separatur
3160 1047 3189 1086 a
3223 1035 3504 1103 superbia,

1935 1109 1988 1168 et
2022 1115 2113 1183 qui
2147 1131 2241 1184 per
2272 1116 2470 1171 fastum
2527 1117 2806 1184 intumuit,
2843 1122 3058 1189 repellit
3118 1123 3501 1180 humilitatem.

1935 1205 2001 1259 Et
2032 1207 2164 1276 quid
2221 1223 2358 1277 opus
2389 1216 2474 1262 est
2529 1208 2807 1262 immorari
2845 1212 2896 1264 in
2951 1212 3198 1269 dicendis
3248 1216 3502 1285 singulis,

1935 1298 2396 1367 quemadmodum
2428 1300 2480 1352 in
2510 1299 2576 1354 iis
2607 1317 2725 1370 quae
2751 1303 2854 1354 sibi
2888 1304 3031 1357 inter
3058 1321 3116 1359 se
3139 1306 3502 1363 adversantur

1934 1398 2153 1452 natura,
2189 1392 2434 1445 absentia
2473 1393 2636 1446 unius
2685 1392 2756 1446 sit
2800 1395 3000 1462 positio
3038 1405 3092 1452 et
3149 1399 3503 1454 subsistentia

1933 1481 2208 1535 alterius?
2238 1481 2372 1534 Cum
2422 1481 2645 1551 sitergo
2696 1483 2749 1536 in
2803 1493 3068 1553 potestate
3116 1489 3292 1542 nostri
3344 1489 3502 1544 liberi

1933 1572 2166 1634 arbitrii,
2197 1572 2245 1626 ei
2281 1573 2514 1626 similem
2552 1573 2780 1643 ﬁguram
2817 1577 2902 1630 cui
2939 1578 3171 1641 voluerit
3197 1581 3500 1649 suscipere,

1933 1664 1981 1718 ei
2012 1679 2132 1732 quae
2160 1665 2388 1735 pulchra
2423 1663 2563 1718 facta
2593 1675 2677 1720 est
2711 1675 2858 1722 recte
2888 1668 3018 1722 dicit
3045 1671 3221 1723 oratio
3253 1690 3265 1725 :
3301 1673 3340 1725 A
3372 1673 3501 1726 mali

1931 1754 2146 1822 quidem
2199 1755 2460 1809 societate
2512 1756 2773 1812 recedens
2825 1759 2958 1812 mihi
3006 1763 3497 1832 appropinquasti:

1932 1846 2382 1915 appropinquans
2415 1853 2594 1900 autem
2635 1848 2908 1916 primaria:
2943 1858 2998 1904 et
3029 1853 3326 1920 exemplari
3378 1855 3500 1922 pul-

1935 1936 2258 2000 chritudini,
2281 1936 2397 2006 ipsa
2425 1953 2642 2007 quoque
2668 1939 2896 2008 pulchra
2919 1955 3000 2006 es,
3027 1941 3190 1996 veluti
3221 1943 3499 2011 quoddam

1933 2027 2214 2097 speculum
2247 2027 2587 2082 conformata
2629 2045 2747 2084 meo
2793 2032 3121 2087 characteri.
3155 2033 3329 2089 llomo
3358 2037 3498 2091 enim

1933 2133 2119 2172 revera
2141 2119 2361 2187 speculo
2385 2126 2467 2173 est
2495 2119 2692 2173 similis
2722 2119 2924 2187 factus,
2960 2123 3165 2179 formas
3192 2127 3500 2195 suscipiens

1931 2223 2000 2262 ex
2057 2208 2370 2264 simulacris
2420 2209 2796 2265 institutorum
2840 2221 2893 2267 et
2935 2212 3228 2270 liberarum
3281 2218 3504 2272 electio-

1932 2315 2083 2354 num.
2124 2297 2249 2355 Sive
2278 2301 2422 2356 enim
2451 2317 2645 2356 aurum
2687 2304 2900 2371 viderit,
2940 2321 3133 2360 aurum
3178 2319 3422 2378 apparet,
3447 2319 3501 2366 et

1933 2391 2183 2445 eumdem
2205 2392 2444 2447 materia:
2468 2394 2812 2462 splendorem
2833 2411 2944 2465 pra:
2962 2413 3020 2452 se
3045 2398 3147 2453 fert
3167 2417 3178 2454 :
3202 2402 3316 2454 sive
3335 2401 3498 2456 etiam

1931 2480 2213 2549 quidpiam
2243 2481 2488 2536 deforme
2533 2487 2866 2553 apparuerit,
2920 2489 3163 2542 eamdem
3191 2492 3352 2545 etiam
3385 2501 3500 2547 tur-

1932 2571 2234 2640 pitudinem
2289 2573 2546 2641 exprimit
2600 2590 2696 2642 per
2755 2576 3253 2645 assimilationem,
3312 2591 3500 2652 utpote

1932 2677 2119 2717 ranam
2155 2664 2414 2732 aliquam,
2446 2675 2538 2719 aut
2587 2665 2864 2733 bufonem,
2920 2681 3013 2724 aut
3059 2675 3496 2746 sc010pendram,

1933 2760 2026 2805 aut
2078 2753 2294 2822 aliquod
2341 2755 2484 2808 aliud
2531 2757 2891 2826 injucundum
2954 2765 3346 2831 spectaculum,
3397 2784 3497 2823 sua

1933 2841 2104 2896 forma
2136 2846 2382 2901 referens
2404 2847 2548 2916 quod
2573 2848 2849 2903 inventum
2881 2850 3044 2905 fuerit
3072 2854 3152 2908 eis
3178 2856 3492 2914 adversum.

1933 2933 2200 2997 Quoniam
2246 2952 2375 3007 ergo
2404 2938 2633 3007 expulso
2683 2955 2711 2992 a
2746 2949 2897 3011 tergo
2927 2945 3077 3011 vitio,
3121 2957 3418 3019 expurgata
3464 2967 3494 3005 a

1933 3023 2110 3083 Verbo
2127 3028 2330 3094 anima,
2356 3029 2489 3084 solis
2513 3031 2776 3084 circulum
2805 3034 2857 3086 in
2886 3050 2942 3089 se
2973 3039 3232 3105 suscepit,
3258 3048 3310 3095 et
3333 3041 3496 3096 simul

1937 3117 2134 3170 reluxit
2163 3134 2284 3172 cum
2320 3119 2440 3174 luce
2486 3137 2606 3190 qua:
2652 3123 2704 3176 in
2744 3123 2861 3192 ipsa
2905 3130 3175 3196 apparuit,
3213 3142 3495 3201 propterea

1933 3209 1984 3265 ei
2017 3211 2148 3263 dicit
2169 3206 2696 3269 Verbumzpulchra
2728 3214 2866 3270 facta
2911 3233 2991 3280 es,
3032 3236 3152 3288 quae
3199 3237 3328 3277 mea}
3385 3225 3493 3279 luci

1934 3303 2405 3371 appropinquasti,
2447 3319 2544 3374 per
2571 3309 3154 3377 appropinquationem
3206 3317 3498 3385 acquirens

1933 3394 2370 3449 communionem
2430 3395 2881 3464 pulchritudinis.
2943 3399 3078 3456 Ecce
3139 3419 3224 3468 es,
3296 3405 3493 3474 inquit,

1930 3484 2173 3551 pulchra,
2199 3486 2490 3552 propinqua
2517 3502 2651 3541 mea.
2679 3487 2883 3544 Deinde
2906 3506 3027 3544 cum
3054 3507 3112 3546 se
3135 3494 3496 3560 cohibuisset,

1929 3581 1985 3628 et
2012 3590 2129 3629 eam
2173 3575 2340 3629 veluti
2371 3575 2424 3628 in
2475 3575 2710 3644 quadam
2762 3577 3040 3634 additione
3079 3589 3133 3635 et
3180 3584 3497 3638 accessione

1930 3665 2330 3733 contemplatus
2359 3672 2510 3720 esset
2548 3665 2995 3734 pulchritudinis,
3025 3687 3214 3725 rursus
3248 3673 3494 3728 eamdem

1930 3756 2127 3825 repetit
2193 3755 2546 3822 orationem,
2623 3757 2862 3812 dicens:
2932 3758 3066 3812 Ecce
3143 3761 3361 3829 pulchra
3415 3781 3491 3818 es.

1933 3847 2037 3902 Sed
2107 3847 2258 3917 prius
2321 3849 2538 3918 quidem
2583 3863 2702 3904 eam
2754 3850 3056 3904 nominarit
3089 3853 3492 3921 prOpinquam:

1927 3935 2020 3991 hic
2061 3945 2238 3990 autem
2273 3952 2388 3992 eam
2425 3953 2544 4006 qum
2599 3939 2950 4004 cognosci'ur
2995 3956 3057 3993 ex
3096 3943 3276 4010 specie
3311 3945 3501 3996 oculo-

1931 4045 2082 4095 rum,
2121 4029 2276 4086 Ocut'i
2311 4030 2457 4084 enim
2495 4031 2570 4082 tui
2603 4030 2876 4084 columbw.
2904 4029 3060 4085 Prius
3097 4033 3238 4086 enim
3281 4034 3497 4103 quando

1929 4135 2070 4189 equo
2102 4120 2202 4175 fuit
2232 4122 2529 4176 assimilata
2553 4162 2568 4186 ,
2592 4121 2728 4175 'laus
2760 4129 2877 4175 erat
2911 4121 2963 4174 in
2997 4123 3217 4176 maxilla
3248 4135 3300 4179 et
3329 4127 3492 4179 collo.

1930 4213 2086 4268 Nunc
2130 4221 2309 4268 autem
2352 4229 2475 4267 cum
2507 4212 2624 4279 ejus
2670 4213 2883 4282 propria
2918 4216 3166 4282 apparuit
3195 4217 3498 4284 pulchritu-

1930 4302 2034 4366 do,
2067 4302 2318 4356 laudatur
2346 4302 2519 4372 gratia
2551 4311 2601 4356 et
2633 4301 2800 4356 decor
2840 4301 2957 4369 ejus
2997 4304 3300 4358 oculorum.
3353 4307 3497 4362 Laus

261 4399 379 4437 νειν
415 4385 672 4449 διάνοιαν,
719 4388 906 4459 ἐπειδὴ
951 4393 1070 4452 ταῖς
1110 4391 1375 4463 καθαραῖς
1415 4393 1521 4445 τῶν
1567 4393 1829 4462 ὀμμάτων

1933 4403 2110 4448 autem
2145 4394 2264 4461 ejus
2302 4392 2587 4445 oculorum
2614 4429 2628 4453 ,
2673 4389 2816 4460 quod
2861 4390 2970 4444 sint
3013 4392 3157 4444 oculi
3197 4393 3483 4448 columbae.

264 4473 450 4545 κόραις
517 4479 717 4547 ὁρᾶται
745 4477 854 4532 τῶν
889 4481 1240 4546 ἀτενιζόντων
1271 4485 1338 4537 τὰ
1381 4485 1663 4556 πρόσωπα.
1697 4486 1834 4537 Φασὶ

260 4566 373 4635 γὰρ
401 4569 446 4619 οἱ
473 4567 695 4622 τοιαῦτα
718 4571 1060 4640 φυσιολογεῖν
1086 4575 1466 4644 ἐπιστήμονες,
1499 4577 1581 4628 ὃτι
1607 4576 1704 4639 τὰς
1727 4575 1832 4628 τῶν

261 4657 491 4710 εἰδώλων
524 4659 834 4727 ἐμπτώσεις
869 4662 1176 4733 δεχόμενος,
1206 4667 1262 4718 αῖ
1290 4666 1398 4720 τῶν
1429 4667 1638 4736 ὁρατῶν
1665 4659 1834 4738 ἀττορ-

263 4745 494 4813 ρἑυσιν,
535 4749 707 4812 οὕτως
736 4750 951 4821 ἐνεργεῖ
974 4752 1072 4822 τὴν
1103 4753 1224 4822 ὄψιν
1249 4757 1276 4808 ό
1309 4755 1601 4827 ὀφθαλμός.
1626 4757 1827 4811 Τούτου

261 4839 418 4908 χάριν
450 4839 668 4902 ἔπαινος
697 4841 906 4906 γίνεται
934 4843 1034 4913 τῆς
1063 4845 1170 4897 τῶν
1214 4845 1503 4916 ὀφθαλμῶν
1533 4849 1833 4920 εὐμορφίας

265 4928 322 4979 τὸ
345 4930 439 4998 τῆς
461 4935 790 5002 περιστερᾶς
818 4930 976 5000 εἶδος,
1001 4935 1061 4988 τὸ
1085 4939 1201 5000 ταῖς
1227 4937 1414 5008 κόραις
1437 4941 1615 4994 αὐτῶν
1638 4943 1832 5010 ἐμφαι-

266 5018 500 5088 νόμενον.
534 5022 675 5090 Πρὸς
699 5022 728 5074 ὅ
758 5023 867 5094 γάρ
898 5025 962 5078 ἄν
988 5043 1069 5088 τις
1099 5029 1400 5100 ἐνατενίσῃ,
1433 5029 1588 5084 τοῦτο
1620 5032 1834 5103 δέχεται

266 5109 322 5159 ἐν
348 5110 519 5179 ἑαυτῷ
554 5111 616 5163 τὸ
643 5113 916 5183 ὁμοίωμα.
952 5114 1104 5169 Ἐπεὶ
1131 5113 1222 5171 οὖν
1258 5119 1454 5189 μηκέτι
1485 5120 1621 5190 πρὸς
1656 5122 1832 5192 σάρκα

266 5201 355 5251 καὶ
382 5195 521 5269 αἷμα
553 5201 782 5270 βλέπων,
834 5204 969 5276 πρὸς
997 5206 1087 5260 τὸν
1135 5210 1500 5279 πνευματικὸν
1551 5210 1662 5280 βίον
1691 5214 1791 5284 ὁρᾷ
1812 5254 1826 5276 ,

263 5291 441 5354 καθώς
473 5311 633 5362 φησιν
661 5296 689 5346 6
727 5297 1064 5362 Ἀπόστολος,
1089 5300 1196 5363 ζῶν
1227 5300 1516 5371 πνεύματι,
1549 5302 1643 5355 καὶ
1671 5305 1829 5356 πνεύ-

263 5399 393 5451 ματι
427 5384 672 5454 στοιχῶν,
707 5388 798 5439 καὶ
822 5387 921 5450 τὰς
940 5389 1166 5458 πράξεις
1188 5392 1280 5444 τοῦ
1303 5393 1552 5462 σώματος
1585 5394 1830 5453 θανατῶν

258 5473 338 5543 τῷ
371 5475 663 5543 πνεύματι,
692 5479 787 5530 καὶ
814 5479 935 5541 ὅλος
958 5479 1025 5533 δι’
1057 5481 1178 5534 ὅλου
1209 5485 1576 5554 πνευματικὸς
1603 5487 1834 5557 γενόμεέ

258 5580 370 5626 νος,
401 5564 464 5616 ού
492 5566 752 5636 ψυχικὸς,
789 5568 911 5623 οὐδὲ
945 5571 1226 5646 σάρκινος·
1265 5574 1450 5628 τούτου
1482 5577 1640 5649 χάριν
1685 5594 1826 5649 μαρ-

332 5675 379 5706 ⁶⁴
403 5674 574 5729 Galat.
600 5694 652 5741 ν,
687 5678 750 5730 ιο
768 5693 888 5748 sqq.

1930 4483 2084 4550 Quod
2125 4483 2341 4552 quidem
2386 4483 2518 4535 mihi
2553 4481 2764 4535 videtur
2792 4481 2935 4534 hunc
2963 4497 3182 4537 sensum
3217 4485 3496 4549 indicare,

1929 4574 2366 4644 quandoquidem
2403 4572 2456 4626 in
2493 4572 2714 4641 pupillis
2739 4573 3024 4627 oculorum
3069 4587 3370 4630 cernuntur
3415 4579 3496 4631 fa-

1928 4667 2038 4721 cies
2068 4680 2259 4720 eorum
2295 4663 2385 4733 qui
2424 4663 2546 4717 fixis
2584 4663 2867 4717 intuentur
2893 4665 3088 4718 oculis.
3131 4664 3324 4720 Dicunt
3354 4670 3497 4722 enim

1930 4759 1982 4811 hi
2015 4757 2107 4826 qui
2139 4765 2267 4810 sunt
2298 4754 2510 4826 praediti
2545 4755 2773 4809 scientia
2815 4754 3126 4824 hujusmodi
3173 4772 3353 4808 rerum
3404 4774 3500 4811 na-

1934 4849 2228 4912 turalium,
2279 4846 2423 4916 quod
2477 4845 2896 4900 simulacrorum
2953 4845 3298 4900 incursiones
3351 4849 3500 4901 exci-

1935 4941 2118 5010 piens,
2155 4953 2274 5009 qua:
2303 4944 2504 4992 exeunt
2533 4952 2597 4991 ex
2628 4936 2794 4991 rebus
2829 4938 3286 5006 aspectabilibus,
3318 4939 3390 4992 ita
3424 4941 3504 4992 vi-

1935 5043 2054 5083 sum
2090 5028 2144 5081 in
2179 5026 2548 5097 Operationem
2580 5023 2802 5078 deducit
2834 5026 3049 5079 oculus.
3094 5024 3204 5077 llac
3240 5025 3307 5079 de
3337 5041 3502 5080 causa

1933 5117 2054 5171 laus
2086 5115 2365 5168 oculorum
2404 5113 2834 5182 pulchritudinis
2868 5123 2951 5168 est
2991 5112 3164 5166 forma
3199 5113 3499 5174 columbae.

1936 5225 2056 5279 qua:
2076 5213 2296 5277 apparet
2317 5204 2574 5258 ineorum
2594 5204 2832 5273 pupillis.
2855 5202 2912 5257 In
2932 5203 3073 5272 quod
3094 5204 3236 5257 enim
3257 5202 3505 5258 deliret-it

1936 5301 2158 5363 oculos,
2194 5299 2315 5366 ejus
2343 5297 2397 5350 in
2428 5311 2486 5351 se
2513 5297 2743 5365 suscipit
2768 5294 3204 5350 similitudinem.
3234 5294 3501 5360 Quoniam

1935 5408 2062 5463 ergo
2090 5391 2183 5462 qui
2218 5405 2324 5444 non
2354 5389 2589 5458 amplius
2619 5387 2816 5456 aspicit
2852 5387 2916 5440 ad
2943 5401 3164 5440 carnem
3198 5396 3250 5442 et
3283 5386 3503 5453 sangui-

1938 5500 2094 5545 nem,
2152 5482 2219 5536 ad
2281 5481 2443 5538 vitam
2505 5479 2700 5548 aspicit
2753 5477 3126 5546 spiritualem,
3181 5476 3320 5529 sicut
3371 5474 3503 5526 dicit

1933 5573 2225 5645 Apostolus
2245 5608 2260 5636 ,
2289 5568 2604 5633 viviﬁcans,
2630 5566 2826 5638 spiritu
2860 5565 3150 5650 ambulans
3179 5565 3248 5629 “,
3285 5571 3339 5617 et
3374 5578 3500 5618 cor-
