3928 6196
452 277 556 331 855

1680 273 1741 329 S.
1775 273 2101 332 CREGOMI
2143 270 2436 329 NYSSENI
3363 223 3371 239 .
3533 271 3620 327 87.8

448 387 598 457 poris
661 383 905 440 actiones
973 382 1170 454 spiritu
1243 381 1619 451 mortificans,
1682 395 1828 443 totus
1898 390 2012 444 ell'e-

2129 393 2370 462 τυρείται
2393 392 2425 458 ὴ
2445 387 2544 458 τῆς
2569 383 2888 457 σωματικῆς
2913 381 3272 455 προπαθείας
3293 383 3622 462 ἀπηλλαγμίνη

449 488 572 534 ειυς
597 477 930 546 spiritualis,
963 491 1073 531 non
1101 476 1374 541 animalis,
1409 493 1585 547 neque
1608 483 1844 535 carnalis
1870 499 1884 535 :
1920 482 2020 534 hac

449 572 516 626 de
544 586 709 624 causa
754 569 927 624 fertur
969 568 1346 623 testimonium
1393 569 1460 624 de
1503 572 1682 624 anima
1729 572 1958 626 liberata
1989 590 2018 626 a

449 663 722 732 corporali
750 661 1067 727 affectione,
1095 661 1239 730 quod
1270 661 1465 715 habeat
1491 664 1728 730 speciem
1755 664 2021 718 columbae.

453 753 506 806 in
542 755 718 807 oculis
745 770 757 805 :
783 753 883 806 hoc
912 759 994 806 cst
1015 791 1029 814 ,
1059 751 1204 820 quod
1233 750 1527 806 character
1557 753 1681 806 vita:
1716 754 2019 822 spiritualis

453 845 760 896 illustratur
809 841 1171 911 perspiciente
1212 841 1380 894 animi
1426 841 1700 896 facultate.
1750 842 2018 909 Quoniam

450 949 579 1005 ergo
611 948 779 1001 purus
814 932 990 986 factus
1018 942 1099 986 est
1125 930 1243 1000 ejus
1271 934 1463 986 oculus
1488 946 1656 1003 capax
1687 933 2018 988 characteris

458 1027 723 1079 columbae
749 1065 763 1087 ,
803 1034 1087 1094 prepterea
1125 1025 1176 1076 in
1211 1038 1328 1078 eam
1390 1024 1550 1077 etiam
1585 1025 1729 1079 cadit
1781 1033 1838 1079 ut
1867 1041 2018 1080 com-

459 1119 748 1188 templetur
780 1120 964 1187 sponsi
1002 1117 1481 1187 pulchritudinem.
1515 1118 1671 1174 Nunc
1730 1118 2020 1187 enim'pri-

451 1225 599 1262 mum
630 1208 778 1278 virgo
807 1208 859 1260 in
894 1209 1078 1277 sponsi
1113 1207 1340 1260 formam
1373 1207 1606 1261 intendit
1635 1208 1850 1269 oculos,
1883 1222 2018 1277 quo—

446 1300 592 1353 niam
623 1301 926 1354 columbam
963 1301 1194 1354 habebal
1227 1301 1280 1354 in
1314 1301 1511 1355 oculis.
1553 1299 1721 1354 Nemo
1753 1300 1891 1352 enim
1926 1314 2019 1367 po-

449 1400 546 1446 test
576 1392 746 1447 dicere
783 1391 1064 1446 Dominum
1095 1389 1280 1444 .Iesum
1304 1431 1318 1454 ,
1359 1392 1566 1461 inquit,
1597 1392 1701 1444 nisi
1729 1391 1782 1444 in
1814 1389 2018 1459 Spiritu

447 1485 688 1537 sancto“
719 1502 729 1536 :
762 1482 995 1536 ctdicit:
1025 1481 1157 1534 Ecce
1177 1481 1388 1548 pulcher
1414 1498 1486 1546 es,
1505 1482 1758 1550 patruelis
1787 1489 2017 1547 meus,et

445 1575 730 1641 formosus.
762 1573 837 1626 Ex
861 1588 970 1642 quo
994 1574 1138 1626 enim
1168 1573 1303 1626 nihil
1327 1572 1473 1625 aliud
1500 1573 1628 1626 mihi
1655 1572 1870 1626 videtur
1895 1586 2017 1626 esse

445 1665 775 1735 pulchrum,
826 1665 920 1719 sed
965 1671 1246 1718 aversatus
1293 1679 1412 1718 sum
1462 1665 1644 1717 omnia
1694 1679 1815 1733 quas
1859 1671 2016 1718 antea

2126 483 2291 552 ψυχὴ,
2321 483 2381 534 τὸ
2399 482 2498 550 τῆς
2528 479 2852 550 περιστερᾶς
2879 473 3018 539 εἶδος
3044 477 3102 529 ὲν
3124 479 3228 538 τοῖς
3257 477 3470 548 θμμασιν
3489 480 3627 548 ἔχειν,

2128 573 2372 626 τουτέστι
2401 570 2490 623 τὸν
2519 565 2843 640 χαρακτῆρα
2881 568 2979 636 τῆς
3017 567 3370 636 πνευματικῆς
3409 570 3533 639 ζωῆς
3567 571 3631 639 τῷ

2127 663 2420 736 διορατικῷ
2453 663 2550 732 τῆς
2589 661 2764 730 ψυχῆς
2812 656 3224 724 ὲναυγάζεσθαι.
3266 656 3404 709 Ἐπεὶ
3441 656 3520 712 οὖν
3559 661 3634 725 γέε

2128 772 2253 824 γονε
2291 753 2530 823 καθαρὸς
2579 753 2608 803 ό
2645 749 2810 819 αὐτῆς
2856 745 3131 817 ὀφθαλμὸς
3171 745 3396 809 δεκτικὸς
3441 747 3522 800 τοῦ
3561 752 3640 820 τῆς

2131 846 2459 916 περιστερᾶς
2505 842 2884 915 χαρακτῆρος,
2931 837 3024 893 διὰ
3066 839 3222 892 τοῦτο
3259 843 3411 910 χωρεί
3443 844 3524 892 καὶ
3564 845 3640 895 τοῦ

2131 937 2366 1008 νυμφίου
2411 936 2471 988 τδ
2510 933 2702 996 κάλλος
2753 930 3072 986 θεάσασθαι.
3113 929 3224 982 Νῦν
3267 931 3366 1000 γὰρ
3415 930 3646 1000 πρῶτονὴ

2133 1027 2396 1099 παρθένος
2419 1024 2650 1086 ἀτενίζει
2675 1025 2740 1093 τῇ
2769 1022 2860 1074 τοῦ
2884 1021 3118 1092 νυμφίου
3137 1027 3328 1091 μορφῇ,
3349 1021 3427 1070 ὅτε
3448 1020 3550 1087 ἔσχε
3567 1023 3650 1092 τὴν

2121 1114 2452 1188 περιστερὰν
2470 1115 2527 1167 ἐν
2542 1115 2651 1176 τοῖς
2683 1113 2942 1183 ὄμμασιν.
2962 1111 3171 1177 Οὐδεὶς
3189 1111 3294 1180 γὰρ
3307 1110 3534 1164 δύναται
3556 1111 3592 1163 Κ
3603 1114 3654 1163 ὐ-

2113 1225 2252 1282 ριρν
2289 1189 2525 1275 Ἰησοῦν
2559 1205 2770 1270 είπεῖν,
2802 1208 2854 1258 el
2872 1203 2958 1275 μὴ
2985 1205 3053 1258 ἐν
3079 1205 3366 1273 Πνεύματι
3389 1205 3521 1271 ἁγίῳ
3541 1221 3552 1234 ·
3574 1208 3652 1258 καί

2119 1310 2301 1374 φησινδ
2321 1300 2464 1355 Ἰδοὺ
2479 1297 2536 1355 εἷ
2548 1301 2755 1368 καλὸς,
2772 1299 3093 1370 ἀδελφιδός
3104 1318 3239 1368 μου,
3259 1300 3354 1354 καί
3373 1314 3434 1370 τε
3449 1301 3646 1367 ὡραῖος.

2133 1393 2248 1463 Ἀφ’
2283 1387 2344 1448 οὗ
2387 1393 2494 1464 γὰρ
2534 1393 2687 1446 οὐδὲν
2717 1393 2844 1447 ἄλλο
2877 1409 2966 1462 μοι
3001 1393 3163 1445 καίὸν
3193 1389 3328 1446 εἶναι
3373 1389 3522 1451 δοκεῖ,
3557 1385 3672 1443 ἀλλ’*

2118 1485 2478 1556 ἀπεστράφην
2509 1484 2682 1538 πάντα
2711 1485 2812 1538 ὅσα
2839 1485 2898 1537 τὸ
2931 1485 3192 1554 πρότερον
3217 1484 3273 1535 ἐν
3300 1481 3478 1547 καλοῖς
3498 1483 3657 1550 ὲνομῖ-

2119 1570 2260 1636 ζετο,
2283 1570 2465 1624 οὐκέτι
2497 1587 2585 1641 μοι
2606 1570 2943 1641 πεπλάνηται
2965 1572 2996 1641 ἡ
3027 1571 3118 1622 τοῦ
3144 1570 3306 1623 καλοῦ
3329 1569 3519 1642 κρίσις,
3538 1568 3656 1624 ὥστε

2119 1659 2245 1714 ἄλλο
2272 1678 2323 1713 τι
2357 1660 2506 1731 παρά
2535 1661 2594 1713 σὲ
2632 1660 2795 1714 καλὸν
2833 1659 3057 1713 οἴεσθαι*
3089 1662 3188 1713 οὐκ
3233 1660 3446 1724 ἔπαινός
3475 1679 3552 1725 τις
3580 1663 3650 1714 ἀνι

443 1758 839 1826 reputabantnr
884 1755 938 1808 in
973 1756 1131 1810 bonis
1183 1769 1247 1808 ac
1302 1755 1582 1824 pulchris,
1621 1771 1726 1808 non
1781 1756 2012 1823 amplius

2120 1752 2410 1822 θρώπινος,
2448 1754 2508 1806 οὐ
2535 1753 2681 1819 δόξα,
2714 1752 2774 1806 οὐ
2808 1753 3150 1822 περιφάνεια,
3192 1754 3251 1805 οὐ
3278 1754 3505 1824 κοσμικὴ
3527 1753 3664 1806 δύνα-

445 1849 577 1902 mihi
608 1850 826 1902 aberrat
864 1848 931 1901 de
975 1846 1120 1900 bono
1157 1845 1464 1916 judicium,
1509 1855 1568 1899 ut
1609 1847 1814 1916 aliquid
1867 1847 2014 1901 aliud

445 1939 738 1992 existimem
814 1945 1011 2008 praeter
1060 1946 1110 1992 te
1155 1953 1279 1993 esse
1326 1939 1530 1991 bonum
1561 1954 1624 1993 ac
1675 1939 2012 2008 pulchrum:

443 2011 553 2081 non
609 2027 778 2079 ullum
842 2025 1105 2080 honorem
1169 2025 1505 2088 humanum,
1572 2040 1680 2079 non
1743 2027 2013 2096 gloriam,

445 2134 553 2172 non
581 2117 924 2187 Splendorem
967 2116 1302 2170 mundanum
1327 2155 1340 2178 ,
1385 2131 1492 2169 non
1527 2117 1843 2185 potentiam.
1890 2115 2017 2173 llaec

445 2210 591 2263 enim
639 2209 706 2263 iis
755 2209 848 2278 qui
896 2208 1169 2277 aspiciunt
1214 2207 1278 2261 ad
1332 2222 1590 2273 sensum,
1641 2209 1764 2261 boni
1798 2207 2015 2278 quidem

446 2300 626 2368 specie
668 2306 795 2352 sunt
835 2299 968 2352 illita
991 2340 1004 2363 ,
1033 2299 1125 2353 sed
1157 2313 1264 2352 non
1297 2305 1426 2352 sunt
1455 2297 1507 2352 id
1543 2299 1688 2368 quod
1719 2308 2014 2369 putantur.

445 2388 729 2456 Quomodo
760 2389 906 2444 enim
939 2388 1102 2443 fuerit
1135 2389 1423 2458 pulchrum
1444 2429 1458 2452 ,
1492 2388 1638 2458 quod
1671 2390 1820 2445 nullo
1853 2391 2016 2445 modo

444 2480 744 2534 consistit?
771 2478 902 2532 Nam
925 2480 1071 2548 quod
1111 2479 1164 2532 in
1191 2479 1291 2532 hoc
1315 2479 1521 2532 mundo
1545 2487 1628 2534 est
1655 2480 2014 2544 honoratum,

445 2586 600 2626 suam
636 2570 1112 2625 habetessentiam
1149 2569 1203 2622 in
1239 2570 1354 2624 sola
1383 2569 1781 2624 existimatione
1825 2584 2015 2624 eorum

443 2663 536 2732 qui
565 2677 690 2716 esse
727 2661 1060 2714 existimant.
1099 2658 1177 2713 Tu
1211 2669 1391 2715 autem
1422 2675 1551 2715 vere
1587 2661 1811 2730 pulcher
1848 2677 1861 2712 :
1907 2675 2015 2714 non

443 2754 618 2808 solum
646 2753 890 2822 pulcher,
912 2752 1004 2807 sed
1031 2752 1144 2822 ipsa
1162 2752 1290 2806 boni
1319 2753 1556 2807 essentia
1581 2767 1794 2822 semper
1819 2751 1940 2806 talis
1956 2765 2016 2806 es

443 2844 667 2897 omnino
695 2843 746 2897 id
777 2843 918 2912 quod
951 2859 1011 2897 es
1039 2861 1050 2896 :
1086 2857 1186 2898 nec
1221 2843 1274 2895 in
1305 2851 1544 2912 tempore
1572 2841 1770 2897 florens
1790 2883 1805 2907 ,
1839 2857 1937 2896 nec
1960 2841 2014 2894 in

444 2942 689 3004 tempore
737 2950 933 2990 rursus
984 2933 1172 2988 florem
1222 2934 1524 3003 abjiciens,
1583 2935 1675 2989 sed
1731 2951 1853 2990 cum
1893 2937 2016 2990 vitae

442 3022 746 3076 aeternitate
773 3023 934 3077 simul
952 3021 1249 3076 extendens
1265 3021 1499 3090 speciem
1522 3037 1584 3075 ac
1607 3023 1859 3078 decorem
1886 3041 1899 3078 :
1927 3025 2011 3079 cui

2122 1862 2230 1915 μις.
2266 1843 2450 1898 Ταῦτα
2487 1843 2597 1914 γὰρ
2637 1846 2749 1907 τοῖς
2797 1845 2932 1916 πρὸς
2963 1845 3062 1914 τὴν
3096 1843 3348 1914 αἴσθησιν
3384 1845 3666 1914 βλέπουσιν,

2118 1936 2517 2006 ἑπικέχρωσται
2549 1935 2647 2006 μὲν
2694 1934 2758 2006 τῇ
2789 1933 2883 1988 τοῦ
2923 1927 3087 1988 καλοῦ
3138 1934 3427 2005 φαντασίᾳ.
3474 1935 3531 1986 οὐ
3579 1936 3668 2005 μήν

2119 2028 2264 2081 ἐστιν
2292 2028 2424 2098 ὅπερ
2462 2026 2761 2098 νομίζεται.
2813 2026 2936 2089 Πῶς
2966 2027 3075 2097 γὰρ
3109 2026 3175 2078 ἀν
3218 2043 3272 2078 τι
3322 2025 3406 2096 εἴη
3449 2022 3673 2091 καλδν,δ

2123 2119 2256 2189 μηδὲ
2280 2119 2415 2182 ὅλως
2437 2116 2551 2170 ἐστι
2574 2117 2694 2171 καθ’
2721 2117 3048 2181 ὑ,πόστασιν;
3078 2118 3154 2170 Τὸ
3176 2117 3286 2188 γὰρ
3324 2118 3380 2169 ὲν
3409 2116 3482 2186 τῷ
3507 2116 3676 2186 κόσμῳ

2119 2207 2292 2278 τούτῳ
2313 2207 2698 2278 τετιμημένον,
2719 2207 2776 2259 ἐν
2804 2206 2940 2279 μόνῃ
2955 2209 3020 2278 τῇ
3046 2208 3222 2278 οἰήσει
3252 2205 3357 2258 τῶν
3376 2204 3677 2275 νομιζόντων

2120 2294 2278 2362 εἶναι,
2310 2298 2370 2350 τὸ
2394 2293 2531 2350 εἶναι
2561 2297 2692 2367 ἔχει.
2723 2297 2794 2349 Σὺ
2819 2297 2874 2348 δὲ
2899 2295 3116 2368 ἀληθῶς
3146 2293 3200 2349 εἴ
3225 2296 3407 2359 καλός·
3436 2297 3495 2348 οὐ
3538 2294 3680 2356 καλὸς

2117 2390 2174 2442 δὲ
2207 2386 2383 2460 μόνον,
2423 2389 2536 2442 ἀλλ’
2568 2387 2703 2460 αὐτῇ
2745 2392 2811 2461 τῇ
2846 2389 2938 2442 τοῦ
2973 2388 3139 2442 καλοῦ
3170 2388 3331 2459 οὐσίᾳ
3354 2388 3438 2440 ἀεὶ
3463 2385 3678 2449 τοιοῦτος

2121 2481 2402 2550 ὑπάρχων,
2430 2480 2660 2533 πάντοτε
2684 2479 2760 2533 ὣν
2795 2481 2928 2550 ὅπερ
2961 2475 3027 2533 εἷ·
3059 2477 3189 2532 οὔτε
3219 2478 3361 2532 κατά
3393 2477 3575 2548 καιρὸν
3602 2477 3684 2528 ἀν-

2117 2571 2246 2636 θῶν,
2295 2570 2417 2624 οὔτε
2465 2571 2557 2626 ἐπὶ
2600 2571 2792 2643 καιροῦ
2833 2572 2994 2626 πάλιν
3039 2570 3368 2624 ἀποϐάλλων
3418 2571 3480 2622 τὸ
3519 2566 3679 2629 ἄνθος·

2121 2661 2254 2715 ἀλλά
2273 2664 2338 2732 τῇ
2369 2660 2630 2732 ἀῖδιότητι
2647 2662 2744 2732 τῆς
2761 2660 2906 2732 ζωῆς
2925 2679 2990 2714 συ
2999 2660 3394 2731 μπαρατείνων
3419 2659 3514 2728 τὴν
3533 2657 3686 2728 ὥρανδ

2117 2737 2161 2818 ᾧ
2190 2749 2415 2820 δνομαὴ
2448 2749 2843 2818 φιλανθρωπία,
2890 2743 2948 2804 ⁸0
2981 2751 3086 2820 γὰρ
3121 2751 3182 2816 eg
3223 2749 3398 2803 Ἰούδα
3423 2746 3689 2810 ἀνατείλας

2117 2843 2248 2912 ἡμῖν
2297 2841 2560 2912 Χριστὸς,
2606 2842 2833 2912 ἀδελφὸς
2879 2842 2935 2896 δὲ
2977 2845 3005 2896 6
3060 2843 3345 2896 Ἰουδαίων
3377 2843 3502 2904 λαὸς
3531 2837 3619 2894 τοῦ
3639 2837 3692 2903 ἒξ

2117 2929 2284 2982 ἐθνῶν
2312 2947 2393 2983 σοι
2424 2931 2760 3002 προσιόντος,
2791 2931 2972 2994 καλῶς
2998 2931 3087 2984 διά
3124 2932 3226 3003 τὴν
3262 2934 3323 2985 ὲν
3355 2933 3518 3003 σαρκὶ
3548 2947 3690 2999 γεγε·

2117 3039 2179 3092 νη
2190 3022 2356 3092 μένην
2384 3023 2478 3092 τῆς
2509 3021 2760 3093 θεότητός
2793 3039 2886 3075 σου
2918 3023 3258 3094 φανέρωσιν,
3304 3021 3579 3091 ἁδελφιδδς
3605 3019 3696 3090 τῆς

444 3127 642 3168 nomen
672 3112 771 3166 fuit
802 3112 1108 3182 benignitas
1132 3117 1186 3165 et
1210 3110 1451 3165 Charitas
1482 3112 1534 3164 in
1567 3113 1837 3168 homines.
1873 3114 2012 3168 Nam

2119 3112 2389 3184 ποθούσης
2419 3114 2839 3184 κατωνομάσθη.

442 3204 535 3273 qui
571 3219 635 3257 ex
674 3201 812 3256 Juda
848 3202 1006 3255 nobis
1046 3207 1199 3255 ortus
1241 3207 1325 3254 est
1367 3199 1623 3255 Christus
1655 3241 1670 3264 ,
1715 3211 1799 3256 est
1840 3210 2021 3256 autem
2095 3201 2353 3256 Judalcns
2407 3201 2641 3271 populus
2672 3200 2839 3256 frater
2879 3202 2999 3271 ejus
3035 3201 3134 3271 qui
3184 3201 3256 3256 ad
3305 3207 3364 3256 te
3391 3199 3603 3256 accedit
3637 3212 3698 3254 ex

443 3297 698 3365 gentibus
731 3299 953 3360 propter
979 3292 1054 3345 tui
1091 3291 1145 3344 in
1179 3304 1344 3344 carne
1379 3289 1578 3344 factam
1607 3290 2130 3358 manifestationem,
2161 3292 2362 3346 dicitur
2393 3294 2656 3361 patruelis
2689 3293 2809 3362 ejus
2833 3309 2955 3363 qua:
2985 3304 3163 3348 amat.

514 3385 718 3440 Deinde
767 3383 1084 3454 subjungit,
1131 3381 1319 3439 Lectus
1353 3395 1532 3439 noster
1560 3384 1858 3438 umbrosus.
1895 3382 2010 3439 Hoc

443 3483 562 3537 est,
596 3482 650 3528 te
683 3475 970 3544 cognovit,
1017 3482 1112 3528 aut
1157 3484 1451 3544 cognoscet
1488 3475 1723 3529 humana
1779 3481 2008 3539 natura,

443 3565 758 3618 umbrosum
775 3562 964 3619 factum
981 3582 1076 3635 per
1088 3563 1572 3634 dispensationem.
1590 3562 1789 3622 Venisti
1827 3561 1971 3616 enim
1993 3601 2008 3626 ,

441 3655 654 3725 inquit,
680 3660 735 3706 tu
765 3653 993 3722 pulcher
1021 3660 1075 3706 et
1103 3654 1342 3708 decorus
1375 3655 1636 3720 patruelis
1666 3669 1820 3709 meus
1846 3653 1909 3709 ad
1936 3654 2014 3709 le-

441 3753 590 3800 ctum
611 3751 858 3798 nostrum
885 3741 1060 3797 factus
1090 3743 1403 3798 umbrosus.
1431 3742 1545 3798 Nisi
1575 3743 1720 3798 enim
1745 3744 1860 3813 ipse
1883 3745 2015 3813 teip-

441 3852 562 3892 sum
592 3832 1016 3898 Obumbrasses,
1053 3834 1181 3888 dum
1217 3849 1316 3904 per
1355 3835 1498 3890 servi
1540 3835 1768 3889 formam
1802 3849 2010 3890 merum

441 3928 652 3982 radium
682 3925 984 3980 divinitatis
1008 3925 1270 3980 obvelasti
1288 3965 1302 3990 ,
1329 3926 1452 3995 quis
1480 3933 1629 3980 tuam
1658 3926 2014 3981 sustinuisset

441 4017 881 4089 apparitionem?
927 4015 1121 4072 Nullus
1172 4018 1317 4072 enim
1366 4032 1607 4087 unquam
1678 4017 1886 4072 videbit
1934 4017 2013 4072 fa-

439 4111 578 4165 ciem
611 4109 854 4171 Domini,
887 4115 941 4162 et
969 4109 1111 4162 vivet
1141 4107 1207 4162 δ’.
1241 4106 1455 4162 Venisti
1505 4123 1636 4178 ergo
1683 4107 1970 4177 speciosus
1992 4146 2010 4172 ,

441 4202 533 4256 sed
565 4201 690 4253 talis
719 4199 945 4254 efl'eetus
980 4207 1037 4251 ut
1068 4208 1120 4253 te
1143 4213 1431 4267 possemus
1463 4199 1766 4268 suscipere.
1795 4198 2011 4254 Venisti

439 4292 777 4347 adumbratis
807 4289 976 4346 radiis
1005 4289 1311 4344 divinitatis
1337 4291 1713 4360 integumento
1737 4290 2008 4359 corporis.

439 4381 906 4448 Quemadmodum
956 4379 1102 4434 enim
1153 4379 1423 4448 potuisset
1475 4378 1726 4433 mortalis
1773 4386 2007 4443 natura,

436 4477 492 4526 et
520 4471 573 4524 in
605 4486 767 4538 quam
801 4469 946 4524 cadit
977 4468 1234 4523 interitus
1255 4510 1270 4535 ,
1317 4468 1576 4538 conjungi
1624 4482 1748 4522 eum
1791 4482 1855 4523 ea
1891 4482 2012 4538 qua:

2182 3383 2314 3440 Εἶτα
2347 3387 2592 3456 ἐπήγαγε
2614 3429 2628 3452 ,
2652 3387 3001 3456 Προσκλινη
3029 3387 3210 3456 ἡμῶν
3230 3386 3520 3454 σύσκιος.
3543 3386 3701 3438 Τουτ-

2113 3473 2282 3541 έστιν,
2318 3475 2456 3544 ἔγνω
2487 3494 2543 3529 σε
2564 3517 2578 3541 ,
2611 3479 2727 3548 ἤτοι
2768 3477 3034 3546 γνώσεται
3079 3479 3118 3548 ὴ
3157 3478 3489 3548 ἀνθρωπίνη
3519 3476 3698 3546 φύσις,

2115 3562 2334 3618 σύσκιον
2366 3568 2434 3637 τῇ
2465 3567 2742 3638 οίκονομίᾳ
2771 3567 3082 3638 γενόμενον.
3115 3565 3336 3634 Ἧλθες
3363 3569 3478 3641 γὰρ
3503 3569 3588 3630 σὺ.
3619 3583 3705 3637 φη·

2116 3655 2220 3719 σὶν,
2257 3657 2286 3709 ό
2312 3657 2494 3720 καλὸς,
2543 3659 2572 3710 6
2617 3658 2925 3729 ἀδελφιδὰς,
2956 3661 2984 3712 6
3020 3659 3271 3731 ὡραῖος,
3305 3661 3451 3734 πρὸς
3469 3664 3535 3731 τῇ
3564 3659 3705 3730 κλίνῃ

2113 3745 2271 3816 ἡμῶν
2320 3746 2540 3811 σύσκιος
2576 3748 2890 3820 γενόμενος.
2933 3751 2994 3803 Ei
3037 3751 3158 3823 γὰρ
3221 3753 3302 3823 μὴ
3356 3751 3707 3812 συνεσκίασας

2112 3835 2272 3898 αὐτὸς
2300 3836 2511 3902 ἑαυτὸν,
2538 3838 2636 3908 τὴν
2661 3839 2896 3910 ἄκρατον
2928 3839 3028 3911 τῆς
3042 3841 3320 3913 θεότητος
3356 3846 3554 3897 ἀκτῖνα
3579 3858 3704 3908 συγ-

2115 3925 2360 3990 καλύψας
2405 3931 2472 3999 τῇ
2511 3929 2604 3982 τοῦ
2641 3929 2828 3985 δούλου
2882 3935 3087 4003 μορφῇ,
3132 3935 3228 3996 τίς
3261 3935 3333 3989 ἂν
3386 3937 3595 4004 ὑπέστη
3623 3931 3708 3986 σοῦ

2113 4016 2210 4088 τὴν
2237 4019 2566 4088 έμφὰνειαν;
2599 4021 2786 4085 Οὐδεὶς
2827 4020 2936 4092 γὰρ
2975 4021 3176 4091 ὄψεται
3198 4025 3528 4095 πρόσωπον
3553 4023 3707 4084 Θεοῦ,

2112 4108 2206 4160 καὶ
2236 4107 2478 4177 ζήσεται.
2507 4104 2710 4170 τΗλθες
2739 4110 2922 4164 τοίνυν
2942 4111 2970 4162 6
2991 4109 3231 4181 ὡραῖος,
3266 4115 3389 4168 ἀλλ’
3421 4115 3498 4178 ὡς
3523 4109 3710 4185 χωροῦ-

2115 4214 2215 4267 μεν
2247 4197 2536 4265 δέξασθαι,
2563 4199 2803 4264 τοιοῦτος
2845 4201 3169 4271 γενόμενος.
3211 4199 3438 4268 Ἧλθες
3478 4204 3576 4266 τὰς
3623 4201 3711 4270 τῆς

2112 4287 2366 4357 θεότητος
2401 4288 2622 4352 ἀκτῖνας
2649 4293 2715 4360 τῇ
2747 4289 3005 4361 περιϐολῇ
3041 4293 3374 4358 συσκιάσας
3408 4293 3508 4346 τοῦ
3538 4292 3708 4360 σώμα-

2109 4394 2220 4440 τος.
2253 4377 2376 4441 Πῶς
2404 4379 2508 4449 γὰρ
2537 4379 2602 4433 ἂν
2635 4380 2880 4452 ἐχώρησε
2915 4382 3084 4454 θνητὴ
3125 4385 3233 4438 καὶ
3259 4387 3539 4458 ὲπίκηρος
3568 4383 3711 4452 φύσις

2110 4472 2174 4540 τῇ
2206 4469 2466 4541 ἀκηράτῳ
2501 4472 2595 4524 καὶ
2624 4473 2901 4544 ἀπροσίτῳ
2946 4473 3196 4547 συζυγίᾳ
3242 4475 3704 4548 συναρμοσθῆναι,

439 4561 680 4614 interitui
707 4561 930 4613 minime
960 4568 1045 4613 est
1076 4558 1333 4623 obnoxia,
1353 4568 1406 4612 et
1435 4557 1500 4611 ad
1532 4571 1696 4627 quam
1728 4571 1834 4612 non
1865 4564 2012 4627 patet

2118 4565 2159 4617 εί
2207 4564 2281 4634 μὴ
2307 4566 2418 4628 τοῖς
2443 4567 2499 4617 έν
2534 4566 2713 4619 σκότει
2737 4565 2901 4630 ζῶσιν
2926 4569 3057 4639 ἡμῖν
3082 4571 3121 4640 ἡ
3162 4571 3310 4624 σκιὰ
3332 4571 3436 4625 τοῦ
3476 4569 3707 4640 σώματος

438 4650 648 4712 aditus,
701 4649 807 4702 nisi
851 4648 1010 4702 nobis
1052 4648 1367 4701 viventibus
1410 4647 1462 4700 in
1496 4647 1772 4713 tenebris,
1809 4648 2002 4702 umbra

2118 4649 2244 4718 πρὸς
2258 4649 2318 4702 τὸ
2338 4650 2451 4718 φῶς
2473 4652 2789 4722 ἐμεσίτευσε
2809 4671 2823 4720 ;
2849 4655 3052 4727 Κλίνην
3073 4656 3139 4710 δὲ
3163 4660 3446 4730 ὀνομάζει
3462 4664 3494 4730 ὴ
3520 4659 3702 4726 νύμφη.

438 4739 686 4810 corporis
735 4740 932 4793 fuisset
981 4738 1268 4808 interjecta
1323 4739 1466 4793 inter
1517 4738 1740 4792 lucem?
1786 4737 2006 4794 Lectum

2118 4740 2169 4809 τῇ
2196 4743 2430 4810 τροπικῇ
2456 4744 2702 4814 σημασίᾳ
2721 4744 2819 4815 τὴν
2837 4745 2971 4815 πρὸς
2999 4746 3058 4798 τὸ
3085 4746 3263 4804 Θεῖον
3298 4751 3608 4822 ἀνάκρασιν
3625 4747 3706 4815 τῆς

436 4836 617 4884 autem
643 4830 912 4881 ‘nominat
945 4843 1146 4896 sponsa
1167 4869 1182 4893 ,
1234 4829 1445 4898 tropica
1485 4827 1885 4896 significatione
1918 4829 2007 4882 in-

437 4923 744 4985 terpretans
784 4915 1037 4968 humanae
1078 4923 1289 4970 natura:
1319 4931 1445 4970 cum
1476 4915 1660 4971 divina
1695 4924 2007 4987 contempe-

436 5007 725 5061 rationem.
760 5005 1045 5072 Quomodo
1079 5007 1242 5061 etiam
1285 5023 1516 5078 magnus
1563 5008 1857 5077 Apostolus
1907 5009 2002 5064 de-

435 5092 664 5166 spondet
693 5109 793 5148 nos
823 5094 1090 5164 virginem
1141 5094 1398 5163 Christo,
1446 5098 1798 5168 animamque
1845 5105 2006 5153 ornat

434 5194 694 5254 tanquam
745 5201 1038 5256 sponsam,
1079 5196 1134 5240 et
1170 5188 1405 5242 duorum
1443 5189 1890 5259 conjunctionem
1937 5192 2004 5246 ad

433 5275 599 5329 unius
625 5277 872 5346 corporis
902 5276 1160 5331 unionem
1196 5292 1454 5348 magnum
1487 5279 1620 5334 dicit
1645 5295 1769 5336 esse
1799 5287 2010 5347 mysteé'

431 5365 572 5420 rium
606 5381 669 5420 ac
698 5379 1103 5423 sacramentum
1148 5369 1370 5424 unionis
1402 5369 1606 5425 Christi
1649 5385 1773 5424 cum
1819 5371 2006 5425 Eccle-

431 5457 531 5510 sia.
574 5457 708 5512 Cum
744 5458 888 5512 enim
921 5458 1190 5521 dixisset,
1233 5459 1407 5514 Erunt
1449 5461 1554 5514 duo
1597 5462 1649 5514 in
1684 5477 1843 5514 unam
1884 5477 2005 5514 car-

431 5562 546 5601 nem
563 5589 578 5615 ,
604 5548 886 5619 subjungit
912 5566 924 5602 :
955 5548 1355 5604 Sacramentum
1379 5550 1475 5604 hoc
1499 5566 1746 5620 magnum
1770 5559 1847 5605 est
1862 5565 1881 5615 ,'
1907 5567 1999 5621 ego

502 5675 545 5710 δ’
578 5675 754 5732 lCor.
795 5695 895 5746 xu,
927 5681 980 5736 5.
1059 5681 1102 5714 η
1130 5680 1301 5736 Exod.
1342 5673 1545 5747 χχχιιι,
1572 5680 1661 5737 20.

2102 4827 2451 4900 ἀνθρωπίνης
2500 4830 2715 4898 φύσεως
2745 4832 3158 4903 ὲρμηνεύουσα.
3210 4837 3310 4901 Ὡς
3361 4840 3461 4891 καὶ
3501 4840 3530 4890 ό
3559 4835 3704 4904 μέγας

2115 4919 2435 4983 Ἀπόστολος
2489 4922 2787 4992 ἁρμόζεται
2841 4922 2920 4994 τῷ
2973 4923 3217 4997 Χριστῷ
3289 4930 3401 5001 τὴν
3461 4925 3705 4999 παρθένον

2101 5011 2268 5080 ἡμᾶς,
2301 5011 2394 5064 καὶ
2417 5014 2774 5082 νυμφοστολεῖ
2800 5015 2898 5085 τὴν
2925 5015 3138 5086 ψυχὴν,
3171 5021 3279 5073 καὶ
3313 5022 3421 5092 τὴν
3461 5014 3708 5090 προσκόλ-

2106 5100 2262 5172 λησιν
2288 5102 2399 5156 τῶν
2437 5103 2530 5156 δύο
2558 5106 2638 5167 είς
2679 5105 2797 5168 ἐνὸς
2831 5105 3086 5176 σώματος
3123 5112 3445 5165 κοινωνίαν
3493 5110 3553 5162 τὸ
3589 5106 3710 5178 μέγα

2111 5192 2405 5264 μυστήριον
2447 5188 2584 5246 εἶναι
2628 5193 2777 5262 λέγει
2827 5195 2926 5264 τῆς
2967 5194 3062 5248 τοῦ
3116 5199 3386 5269 Χριστοῦ
3445 5200 3580 5269 πρὸς
3626 5195 3714 5262 τὴν

2117 5283 2443 5353 Ἐκκλησίαν
2470 5283 2737 5348 ὲνώσεως.
2755 5285 2942 5338 Εἰπὼν
2958 5286 3070 5357 γὰρ
3092 5289 3190 5342 ὅτι
3223 5292 3527 5344 Ἔσονται
3549 5289 3600 5341 ol
3617 5284 3713 5338 δύο

2105 5375 2191 5440 εἰς
2215 5375 2411 5442 σάρκα
2440 5377 2604 5445 μίαν,
2624 5377 2925 5446 ἐπήγαγεν
2950 5379 3032 5431 ὅτι
3057 5382 3140 5432 Τὸ
3156 5382 3530 5449 μυστήριον
3554 5377 3716 5432 τοῦτο

2104 5465 2258 5536 μέγα
2289 5467 2482 5521 ἐστίν·
2511 5467 2626 5537 ἐγὼ
2645 5467 2714 5521 δὲ
2737 5468 2891 5539 λέγω
2921 5471 3007 5536 εἰς
3035 5470 3334 5537 Χριστὸν
3375 5471 3481 5525 καὶ
3503 5472 3590 5534 είς
3614 5464 3719 5530 τήν

2122 5559 2508 5628 Ἐκκλησίαν.
2535 5560 2632 5614 Διὰ
2646 5559 2806 5614 τοῦτο
2825 5561 3003 5615 τοίνυν
3023 5561 3089 5613 τὸ
3107 5565 3464 5636 μυστήριον,
3483 5562 3668 5629 κλίνην
3689 5557 3719 5626 ἡ
