3928 6196
529 297 633 354 839

1744 292 1801 351 S.
1845 294 2168 354 GREGORII
2200 296 2492 355 NYSSENI

3608 292 3703 362 sto'

526 415 730 471 stitiam
755 413 1148 483 signiﬁcantes.
1177 413 1332 471 Unde
1358 416 1486 471 mihi
1508 412 1723 473 videtu’r
1747 416 2093 489 Scripturam

2198 421 2321 476 κίοιν
2344 420 2594 492 ὀνομάζει
2622 423 2650 475 ὁ
2685 420 2860 489 λόγος.
2893 418 3123 488 Λέγουσι
3148 418 3202 473 δὲ
3234 417 3465 491 ἀπεχθῶς
3488 428 3597 496 περὶ
3617 429 3693 489 τὰς

527 520 625 575 per
654 505 758 558 hoc
785 519 984 559 nomen
1016 506 1069 558 in
1112 506 1399 576 aenigmate
1432 508 1741 578 signiﬁcare
1776 511 2092 580 puritatem.

526 596 637 651 llas
676 611 807 665 ergo
840 596 1023 651 trahes
1048 612 1217 665 super
1246 605 1386 652 tecta
1445 598 1566 668 puri
1620 599 1845 653 thalami
1902 599 2097 669 aspicit

526 700 748 753 Sponsa.
790 683 944 739 Videt
974 698 1155 739 autem
1181 687 1349 754 etqui
1391 696 1475 741 est
1524 703 1589 744 ex
1630 704 1893 759 cupresso
1929 705 2096 745 orna-

529 783 676 834 tum.
730 774 822 842 qui
905 788 1000 841 per
1053 773 1191 829 bene
1241 775 1529 844 levigatam
1588 786 1642 831 et
1707 778 2091 832 concinnatam

527 858 986 934 compositionem
1020 865 1260 919 illustrat
1290 882 1409 920 eam
1458 883 1579 937 qna:
1608 868 1821 922 videtur
1852 868 2096 938 pulchri-

432 951 449 959 ’
529 953 795 1007 tudinem.
829 952 1165 1022 Cupressum
1198 956 1342 1009 enim
1388 956 1526 1010 dixit
1555 973 1678 1013 esse
1715 973 1778 1013 ea
1812 973 1935 1029 quae
1968 968 2098 1013 sunt

529 1044 587 1098 in
622 1053 766 1099 tecto
810 1044 1108 1114 laquearia,
1147 1055 1271 1115 apta
1323 1048 1566 1115 quadam
1616 1056 1671 1104 ct
1723 1051 1992 1104 concinna
2031 1064 2097 1104 ac

527 1137 699 1190 celata
738 1151 981 1189 asserum
1017 1138 1350 1207 compactio,
1377 1139 1506 1193 tecti
1540 1140 1760 1194 varians
1786 1141 2095 1210 pulchritu-

526 1230 728 1284 dinem.
760 1228 897 1295 Quid
929 1243 1057 1296 ergo
1084 1244 1178 1298 per
1208 1229 1322 1284 hzec
1360 1231 1661 1287 discimus?
1689 1231 1834 1288 Bene
1862 1233 1971 1288 olet
2000 1247 2097 1286 na-

528 1317 779 1376 turaliter
800 1331 1113 1385 cupressus,
1144 1331 1209 1369 ea
1245 1317 1360 1387 ipsa
1390 1327 1569 1373 autem
1626 1319 1827 1372 nullam
1857 1318 2096 1371 admittit

528 1406 894 1477 putredincm,
928 1413 981 1459 et
1013 1411 1096 1459 est
1127 1411 1253 1475 apta
1297 1405 1361 1459 ad
1393 1407 1708 1461 universum
1738 1404 1932 1469 fabrile
1962 1404 2096 1458 arti-

528 1498 735 1562 ﬁcium,
756 1491 819 1551 ἰιι
842 1513 953 1563 qua:
969 1497 1040 1551 sit
1060 1496 1209 1550 laevis
1230 1503 1284 1550 et
1306 1497 1600 1561 concinna,
1614 1506 1669 1552 et
1689 1497 1755 1551 ad
1779 1512 1842 1551 ea
1861 1511 1981 1566 qua:
1998 1511 2095 1566 per

528 1590 816 1645 celaturus
833 1588 961 1641 ﬁunt
985 1596 1307 1641 ornamenta
1324 1588 1591 1657 apposita.
1615 1587 1715 1642 Per
1733 1603 1798 1643 ea
1825 1602 1954 1658 ergo
1973 1601 2096 1657 quae

526 1679 805 1743 dicuntur,
828 1677 1079 1732 existimo
1102 1693 1203 1732 nos
1231 1677 1333 1732 hoc
1351 1678 1579 1746 erudiri,
1611 1679 1755 1749 quod
1785 1694 1893 1733 non
1917 1679 2092 1733 solum

2207 512 2378 581 μίξεις
2402 511 2543 582 ἔχειν
2563 511 2719 565 τοῦτο
2746 512 2807 565 τὸ
2834 510 3037 582 ὄρνεον,
3069 510 3159 563 καί
3180 527 3278 564 τινι
3304 512 3498 581 φύσεως
3523 515 3695 591 ἀνάγκῃ

2202 603 2338 674 πρὸς
2375 603 2576 675 ἄλληλα
2619 601 3012 667 συνδυάζεσθαι
3038 642 3053 667 ,
3083 597 3362 666 ὀκλάζοντα
3404 603 3489 657 καὶ
3513 605 3698 661 δυσαναο

2204 693 2516 763 σχετοῦντα,
2548 695 2642 749 καὶ
2668 693 2765 765 τὴν
2793 693 2982 763 ἀηδίαν
3015 692 3441 763 ἐπισημαίνοντα.
3470 695 3610 748 Ὅθεν
3632 710 3703 764 μοι

2199 785 2347 838 δοκεῖ
2375 785 2473 857 τὴν
2503 786 2846 858 καθαρότητα
2873 787 2930 838 ἐν
2959 778 3234 854 αἰνίγματι
3265 783 3346 838 διά
3370 784 3454 838 τοῦ
3485 785 3703 856 ὀνόματος

2198 876 2388 930 τούτου
2415 878 2699 947 σημαίνειν
2727 879 2755 930 ὁ
2773 876 2947 945 λόγος.
2973 872 3184 938 Ταύτας
3205 867 3293 928 οὖν
3330 874 3420 938 τάς
3446 875 3610 944 δοκοὺς
3632 876 3707 931 ἐπὶ

2197 968 2324 1031 τοὺς
2354 969 2583 1038 ὀρόφους
2608 968 2705 1038 τῆς
2728 967 2973 1039 καθαρᾶς
2996 962 3259 1028 παστάδος
3288 960 3460 1035 βλέπει
3481 968 3510 1037 ἡ
3532 967 3703 1038 νύμφη.

2210 1056 2343 1126 Ὁρᾷ
2367 1056 2422 1108 δὲ
2453 1056 2547 1109 καὶ
2573 1048 2664 1108 τὸν
2683 1057 2747 1109 ὲκ
2772 1056 2869 1125 τῆς
2902 1049 3237 1124 κυπαρίσσου
3266 1054 3456 1124 κόσμον
3489 1046 3566 1107 διά
3591 1066 3707 1117 τινος

2200 1145 2452 1211 εὐξέστου
2486 1164 2543 1199 τε
2586 1147 2679 1199 καὶ
2710 1146 3026 1217 ἐναρμονίου
3062 1140 3351 1208 συνθέσεως
3389 1144 3442 1197 τὸ
3479 1143 3707 1215 ὁρώμενον

2201 1237 2393 1300 κάλλος
2422 1230 2826 1305 ὲναγλαῖζοντα.
2858 1237 3207 1308 Κυπάρισσον
3231 1234 3334 1304 γὰρ
3359 1230 3496 1288 εἶπεν
3520 1232 3707 1288 εἶναιτὰ

2199 1328 2293 1381 τοῦ
2313 1328 2507 1398 ὀρόφου
2532 1328 2866 1397 φατνώματα
2884 1346 2897 1359 ·
2927 1327 3257 1398 φατνώματα
3284 1322 3337 1378 δὲ
3357 1324 3552 1393 λέγεται
3578 1321 3706 1390 εἶναι,

2197 1416 2465 1489 εὔρυθμός
2502 1435 2585 1480 τις
2628 1418 2719 1471 καὶ
2766 1418 3057 1486 διάγλυφος
3106 1415 3326 1472 σανίδων
3368 1416 3514 1485 πῆξις
3548 1416 3601 1467 τδ
3631 1417 3709 1486 τῆς

2197 1510 2399 1582 ὀροφῆς
2438 1509 2632 1572 κάλλος
2676 1504 3134 1563 διαποικίλλουσα.
3183 1507 3247 1561 Τί
3292 1496 3381 1560 οὐν
3425 1503 3504 1560 διά
3543 1507 3711 1559 τούτων

2202 1602 2585 1674 μανθάνομεν;
2630 1601 2860 1657 Εὐπνοεῖ
2893 1603 3139 1671 φυσικῶς
3172 1602 3205 1673 ἡ
3246 1596 3587 1670 κυπάρισσος·
3611 1599 3640 1669 ἡ
3665 1598 3710 1651 δὲ

2201 1694 2337 1765 αὐτὴ
2372 1696 2466 1747 καὶ
2503 1694 2790 1765 σηπεδόνος
2840 1694 2985 1747 ἐστὶν
3032 1687 3433 1763 ἀπαράδεκτος,
3478 1691 3562 1742 καὶ
3604 1688 3713 1759 πρὸς

526 1786 649 1841 quae
678 1778 807 1826 sunt
836 1770 891 1823 in
931 1769 1113 1822 anima
1144 1769 1389 1834 virtutes,
1424 1771 1477 1824 in
1515 1771 1702 1825 habitu
1735 1785 1845 1824 non
1874 1768 2094 1825 eviden-

2204 1787 2382 1839 πᾶσαν
2409 1785 2724 1855 τεκτονικὴν
2760 1783 3096 1855 φιλοτεχνίαν
3128 1783 3437 1852 ἐπιτηδείως
3465 1780 3583 1850 ἔχει,
3615 1779 3711 1831 λεία

530 1872 611 1918 ter
641 1871 788 1916 recte
819 1875 877 1915 se
919 1867 1136 1929 gerunt,
1181 1860 1273 1914 scd
1323 1877 1499 1931 neque
1546 1876 1664 1917 eam
1705 1861 1981 1930 negligant
2010 1875 2100 1915 ve-

529 1961 827 2017 nustatem,
859 1965 978 2021 qua
1013 1959 1097 2005 est
1136 1949 1192 2003 in
1225 1965 1290 2006 eo
1331 1953 1474 2021 quod
1506 1959 1750 2023 apparet.
1784 1951 1922 2006 Sunt
1948 1951 2095 2005 enim

528 2043 861 2115 providenda
896 2043 1035 2095 bona
1082 2054 1268 2093 coram
1306 2041 1415 2098 Deo
1455 2051 1509 2097 et
1549 2043 1865 2099 hominibus
1900 2043 1943 2075 ⁸⁷
1979 2061 1993 2096 :
2042 2051 2098 2098 et

527 2134 672 2206 quod
714 2142 928 2204 oportet
967 2135 1076 2192 Deo
1103 2136 1321 2206 quidem
1355 2149 1477 2191 esse
1510 2132 1880 2197 manifestum,
1917 2133 2095 2187 homi-

528 2227 690 2282 nibus
725 2234 904 2282 autem
957 2226 1307 2298 persuadere,
1356 2234 1412 2281 et
1457 2224 1896 2303 bonumhabere
1938 2224 2095 2279 testi-

528 2319 769 2372 monium
803 2318 946 2387 apud
1000 2333 1097 2373 eos
1131 2317 1223 2387 qui
1262 2315 1397 2372 foris
1440 2323 1567 2370 sunt
1590 2315 1658 2381 ³⁸,
1703 2322 1759 2368 et
1795 2313 2092 2384 splendidis
2154 2313 2175 2326 ’

529 2409 711 2463 lucere
740 2409 995 2477 operibus
1023 2424 1206 2464 coram
1243 2406 1572 2473 hominibus,
1610 2412 1663 2458 et
1696 2404 1893 2460 decore
1922 2404 2092 2461 bone-

528 2508 720 2570 steque
750 2500 1029 2556 ambulare
1055 2500 1197 2571 apud
1228 2514 1322 2554 eos
1354 2499 1448 2569 qui
1468 2496 1602 2553 foris
1631 2507 1780 2553 sunt.
1810 2496 1934 2552 Haec
1966 2505 2099 2553 sunt

460 2640 463 2643 .
528 2589 807 2658 laquearia
846 2605 942 2659 per
995 2590 1197 2644 bonum
1225 2587 1432 2643 Christi
1482 2587 1726 2652 odorem,
1776 2587 1935 2657 cujus
1960 2587 2092 2643 teni-

529 2694 651 2749 gina
677 2687 761 2734 est
797 2695 1110 2749 cupressus,
1141 2677 1195 2732 in
1219 2678 1344 2732 vita:
1369 2676 1649 2751 honestate
1668 2676 1960 2732 artiliciose
1986 2676 2096 2732 ela-

528 2773 736 2837 borata,
774 2773 915 2838 sicut
955 2788 1017 2828 ea
1052 2780 1200 2827 recte
1243 2780 1295 2826 et
1330 2771 1600 2826 concinne
1627 2770 1835 2826 sciebat
1870 2784 2093 2841 compo-

528 2876 658 2916 nere
687 2862 904 2931 sapiens
939 2860 1268 2914 architectus
1294 2856 1516 2923 Paulus,
1545 2858 1733 2914 dicens
1762 2876 1777 2913 :
1810 2856 2002 2913 Omnia
2035 2859 2091 2913 in

528 2952 668 3007 vobis
695 2952 876 3006 ordine
894 2961 941 3006 et
964 2953 1174 3006 honeste
1195 2952 1328 3021 ﬁant
1354 2950 1419 3004 ⁸⁸.

2202 1893 2261 1929 τε
2295 1874 2550 1946 γινομένη
2587 1878 2680 1928 καὶ
2710 1873 3023 1946 ἐναρμόνιος
3046 1917 3061 1940 ,
3096 1876 3191 1928 καὶ
3214 1873 3346 1944 πρός
3385 1873 3501 1933 τούς
3524 1869 3601 1923 διά
3629 1868 3714 1920 τῶν

2201 1962 2470 2034 γλυφίδων
2503 1965 2921 2036 καλ).ωπισμούς
2964 1964 3289 2034 ἐπιτήδειος.
3311 1959 3471 2013 Τοῦτο
3484 1955 3565 2012 οὖν
3593 1954 3714 2027 οἶμαι

2200 2052 2288 2108 διὰ
2325 2050 2434 2107 τῶν
2458 2054 2763 2125 λεγομένων
2803 2055 2949 2126 ἡμᾶς
2985 2051 3371 2113 παιδεύεσθαι,
3409 2051 3477 2122 μὴ
3510 2050 3647 2121 μόνον
3672 2046 3716 2101 ἐν

2201 2145 2268 2215 τῇ
2297 2145 2441 2215 ψυχῇ
2473 2145 2570 2208 τὰς
2598 2145 2796 2217 ἀρετὰς
2841 2146 2898 2197 ὲν
2937 2143 3047 2209 ἕξει
3099 2141 3484 2214 κατορθοῦσθαι
3520 2139 3640 2192 κατὰ
3673 2138 3718 2190 τὸ

2200 2232 2392 2303 ἄδηλον
2417 2249 2430 2263 ’
2462 2233 2597 2288 ἀλλά
2647 2234 2780 2306 μηδὲ
2820 2233 2918 2304 τῆς
2956 2232 3093 2285 κατά
3127 2231 3191 2284 τὸ
3228 2229 3531 2301 φαινόμενον
3561 2226 3720 2298 εὐσχη-

2206 2323 2441 2394 μοσύνης
2474 2324 2690 2395 ἀμελῶς
2732 2324 2892 2394 ἔχειν.
2942 2319 3061 2394 Χρὴ
3107 2321 3222 2393 γὰρ
3256 2323 3491 2394 προνοεῖν
3526 2319 3718 2373 ἐνώπιον

2203 2414 2408 2486 Κυρίου
2436 2416 2527 2468 καὶ
2552 2415 2647 2469 ἀνθ
2658 2414 2850 2487 ρώπων
2871 2432 2883 2446 ’
2923 2415 3013 2468 καλ¹
3039 2415 3161 2485 Θεῷ
3201 2414 3296 2485 μὲν
3332 2410 3716 2482 πεφανερῶσθαιθ

2202 2502 2517 2576 ἀνθρώπους
2566 2502 2622 2559 δὲ
2669 2501 2902 2569 πείθειν,
2933 2506 3027 2559 καὶ
3072 2504 3377 2576 μαρτυρίαν
3408 2503 3565 2571 καλὴν
3604 2500 3721 2570 ἔχειν

2201 2595 2308 2649 ἀπὸ
2335 2595 2444 2648 τῶν
2480 2595 2698 2660 ἔξωθεν,
2731 2597 2825 2650 καὶ
2862 2595 3097 2665 λάμπειν
3127 2597 3244 2658 τοῖς
3280 2594 3543 2663 φωτεινοῖς
3575 2589 3723 2662 ἔργοις

2201 2684 2508 2757 ἔμπροσθεν
2537 2686 2645 2739 τῶν
2671 2685 2991 2756 ἀνθρώπων,
3029 2678 3123 2738 καὶ
3161 2684 3499 2755 εὐσχημόνως
3525 2697 3723 2753 περιπαο

2199 2758 2467 2847 tetra-:90;
2481 2777 2605 2841 τούς
2629 2777 2750 2843 ἔξω.
2770 2776 2953 2831 Ταῦτά
2983 2777 3094 2829 ἐστι
3124 2777 3199 2829 τά
3225 2775 3540 2846 φατνώματα
3556 2771 3632 2826 διά
3646 2769 3726 2841 τῆς

2200 2867 2292 2921 τοῦ
2316 2869 2549 2940 Χριστοῦ
2575 2868 2819 2933 εὐωδίας,
2844 2862 2911 2939 ἦς
2936 2867 3171 2939 αἴνιγμά
3197 2869 3340 2921 ἐστιν
3366 2869 3397 2939 ἡ
3418 2864 3725 2936 κυπάρισσος,

2201 2959 2258 3011 ἐν
2285 2962 2350 3030 τῇ
2382 2958 2756 3030 εὐσχημοσύνῃ
2795 2957 2887 3010 τοῦ
2916 2957 3028 3028 βίου
3072 2954 3543 3027 φιλοτεχνουμένη,
3579 2949 3727 3013 καθὼς

525 3044 733 3114 ᾔδειτά
760 3044 981 3098 τοιαῦτα
1020 3042 1322 3096 συντιθέναι
1345 3040 1521 3104 καλῶς
1551 3058 1609 3093 τε
1647 3041 1742 3094 καὶ
1780 3040 2111 3112 ὲναρμονίως
2157 3046 2187 3100 ὁ
2220 3050 2377 3121 σοφὸς
2433 3052 2761 3124 ἀρχιτέκτων
2812 3046 3051 3116 Παῦλος,
3082 3051 3110 3102 ὁ
3147 3048 3355 3119 λέγων’
3388 3046 3578 3101 Πάντα
3606 3038 3730 3097 κατὰ

525 3134 699 3199 τάξιν
725 3135 795 3189 ἐν
820 3133 963 3202 ὑμῖν
1000 3133 1100 3186 καί
1130 3132 1515 3200 εὐσχημόνως
1544 3131 1814 3200 γινέσθω.

597 3224 694 3280 His
709 3226 781 3279 ita
808 3231 953 3279 recte
974 3224 1162 3293 gestis,
1182 3223 1238 3276 ﬁt
1255 3222 1649 3277 incrementum
1664 3221 1785 3291 ejus
1796 3237 1915 3292 quae
1930 3230 2015 3279 est
2035 3222 2090 3279 in

2274 3229 2490 3286 Τούτων
2535 3229 2592 3285 δὲ
2626 3226 2797 3295 οὕτως
2828 3226 3322 3301 κατορθωθέντων,
3357 3228 3629 3299 ὲπαύξησις
3653 3220 3728 3308 τοῦ

529 3314 688 3370 nobis
729 3312 1149 3384 pulchritudinis
1176 3353 1191 3376 ,
1228 3312 1406 3383 ampla
1431 3320 1484 3366 et
1516 3312 1622 3365 lata
1673 3319 1862 3367 nostra
1901 3321 2094 3369 natura

2196 3324 2253 3377 ὲν
2271 3324 2398 3394 ἡμῖν
2412 3322 2619 3391 γίνεται
2640 3320 2887 3385 κάλλους,
2908 3321 3003 3391 τῆς
3022 3321 3289 3385 πλατείας
3307 3319 3465 3391 ἡμῶν
3478 3319 3667 3387 φύσεως
3681 3312 3728 3364 τὸ

526 3404 720 3460 edente
742 3402 925 3458 ﬂorem
952 3401 1282 3459 odaril‘erum
1299 3411 1352 3458 et
1373 3419 1592 3475 purum.
1618 3402 1761 3459 Flori
1791 3412 1971 3461 autem
1998 3422 2099 3461 no-

528 3512 651 3551 men
669 3504 752 3551 est
771 3495 963 3550 lilium.
982 3493 1037 3548 In
1062 3509 1169 3565 quo
1186 3495 1502 3550 naturaliter
1524 3496 1900 3552 consideratus
1923 3496 2101 3567 splen-

528 3588 648 3648 dor,
675 3586 838 3642 tacite
882 3585 1152 3656 signiﬁcat
1181 3585 1345 3656 jubar
1369 3587 1760 3657 temperantiae.
1796 3586 1921 3643 Hauc
1952 3586 2098 3644 enim

528 3691 726 3745 sponsa
755 3676 895 3744 apud
912 3690 970 3731 se
993 3690 1326 3745 persequens
1345 3677 1475 3731 dicit
1506 3696 1519 3731 :
1551 3677 1976 3751 Ego,postquam
1996 3680 2099 3734 fuit

527 3768 593 3822 ad
616 3768 813 3823 lectum
832 3776 1080 3823 nostrum
1099 3784 1333 3838 sponsus
1350 3776 1536 3825 noster
1556 3785 1784 3840 corpore
1804 3771 2098 3826 adumbra-

530 3866 637 3921 tus,
656 3857 749 3925 qui
765 3857 867 3912 sibi
885 3858 1175 3912 aediﬁcavit
1194 3857 1437 3922 domum,
1457 3866 1645 3928 tegens
1659 3859 1920 3929 meipsam
1933 3859 2100 3913 virtu-

527 3955 641 4001 tum
657 3947 857 4011 cedris,
884 3946 1051 4001 odore
1067 3962 1448 4017 cupressorum
1479 3963 1751 4003 exornans
1775 3955 1999 4010 tectum,
2029 3961 2097 4001 ex

527 4049 722 4102 campo
772 4042 984 4088 naturae
1024 4043 1144 4089 orta
1190 4050 1310 4088 sum
1353 4035 1475 4098 ﬂos,
1504 4043 1557 4090 et
1607 4035 1793 4089 colore
1829 4042 1883 4088 et
1927 4034 2096 4088 odore

526 4123 759 4193 reliquis
789 4122 1016 4178 ﬂoribus
1046 4124 1400 4179 antecellens.
1427 4123 1566 4177 Nata
1595 4122 1738 4178 enim
1770 4138 1890 4178 sum
1922 4123 2094 4176 lilium

525 4228 592 4269 ex
620 4213 990 4267 convallibus.
1029 4210 1122 4267 Sic
1161 4220 1345 4266 autem
1382 4211 1545 4266 habet
1584 4219 1877 4265 contextus
1904 4209 2097 4264 dictio-

526 4307 614 4361 nis
644 4303 792 4375 :Ego
820 4304 920 4374 ﬂos
956 4307 1149 4372 'campi,
1197 4304 1371 4359 litium
1405 4303 1644 4358 vallium.
1693 4300 1907 4357 Revera
1943 4301 2092 4356 enim

526 4410 623 4466 per
651 4411 713 4450 ea
736 4410 857 4465 qua
883 4403 1014 4450 sunt
1043 4409 1072 4448 a
1103 4396 1264 4449 nobis
1295 4394 1449 4465 prius
1488 4391 1856 4457 considerata,
1902 4392 1956 4445 in
1992 4406 2093 4445 na-

2195 3413 2391 3476 εὐῶδες
2412 3412 2505 3466 καὶ
2536 3412 2772 3484 καθαρὸν
2803 3411 2960 3474 ἄνθος
2985 3411 3364 3483 ἀναδιδούσης.
3388 3412 3582 3480 Ὄνομα
3600 3407 3649 3461 δὲ
3668 3401 3730 3473 τῷ

2194 3498 2343 3557 ἄνθει
2370 3500 2551 3573 κρίνον
2574 3502 2740 3556 ἐστίν.
2770 3497 2840 3572 Ὦ
2867 3501 2898 3570 ἠ
2930 3502 3177 3570 φυσικῶς
3201 3499 3586 3572 ἐνθεωρουμένη
3614 3496 3727 3563 λαμ·

2195 3591 2505 3662 πρότηςτὴν
2515 3592 2614 3664 τῆς
2628 3590 2974 3663 σωφροσύνης
2998 3591 3367 3664 μαρμαρυγὴν
3379 3590 3726 3644 ὐπαινίσσεται.

2138 3661 2151 3674 ⁸
2195 3661 2378 3734 Ταῦτα
2401 3661 2509 3751 γάρ
2529 3661 2773 3751 ἡγνύ
2791 3682 2917 3753 περὶ
2940 3661 3139 3751 ἑαυτῆς
3165 3661 3488 3752 διεξέρχεται
3513 3676 3724 3745 λέγουσα·

2194 3767 2339 3837 Ἐγὼ
2356 3769 2495 3840 μετά
2504 3767 2565 3823 τὸ
2581 3770 2831 3838 γενέσθαι
2846 3770 2979 3841 πρὸς
2991 3773 3058 3841 τῇ
3081 3770 3239 3841 κλίνῃ
3251 3769 3283 3840 ἡ
3293 3770 3405 3841 μῶν
3438 3767 3523 3822 τὸν
3533 3763 3729 3834 νυμφίον

2197 3860 2552 3913 συσκιαθέντα
2589 3858 2665 3931 τῷ
2697 3860 2908 3931 σώματι
2935 3903 2949 3925 ,
2993 3860 3054 3923 δς
3100 3860 3447 3931 ᾠκοδόμησεν
3474 3855 3631 3925 ἑαυτῷ
3655 3852 3729 3905 τὸν

2194 3946 2375 4015 οἷκον,
2421 3951 2520 4021 ἐμὲ
2562 3952 2682 4014 ταῖς
2707 3950 2816 4004 τῶν
2856 3951 3064 4021 ἀρετῶν
3099 3951 3316 4023 κέδροις
3349 3947 3613 4023 ὀροφώσας
3649 3943 3729 4013 τὴν

2198 4041 2524 4112 στέγην,καὶ
2555 4042 2622 4113 τῇ
2657 4040 2880 4112 εὐπνοίᾳ
2900 4040 3007 4095 τῶν
3045 4041 3403 4112 κυπαρίσσων
3428 4037 3729 4095 καλλωπίσας

2194 4136 2285 4191 τὸν
2312 4136 2506 4208 δροφον
2529 4175 2544 4200 ,
2578 4135 2774 4205 γέγονα
2802 4137 2866 4189 ἐκ
2893 4133 2986 4188 τοῦ
3015 4134 3202 4188 πεδίου
3227 4135 3327 4202 τῆς
3352 4133 3553 4204 φύσεως
3578 4128 3725 4189 ἄνθος,

2194 4227 2416 4299 εὐχροίᾳ
2442 4244 2500 4280 τε
2531 4226 2623 4279 καὶ
2645 4225 2841 4296 εὐωδίᾳ
2872 4225 2979 4279 τῶν
3005 4224 3212 4278 λοιπῶν
3229 4223 3404 4278 ἀνθῶν
3422 4221 3724 4290 διαφέρουσα.

2195 4323 2393 4395 Κρίνον
2414 4323 2521 4394 γάρ
2542 4321 2781 4391 ἀνεφύην
2797 4322 2861 4375 ἐκ
2884 4320 2990 4373 τῶν
3013 4319 3297 4373 κοιλάδων.
3319 4319 3468 4389 Ἔχει
3487 4314 3541 4368 δὲ
3566 4300 3725 4384 ήλέξις

2193 4417 2387 4482 οὕτως’
2422 4416 2561 4487 Ἐγὼ
2577 4417 2760 4482 ἄνθος
2789 4413 2892 4470 τοῦ
2919 4415 3130 4469 πεδίου
3147 4456 3161 4481 ,
3185 4416 3395 4483 κρίνον
3419 4411 3531 4466 τῶν
3565 4404 3723 4463 καλά’

526 4496 666 4542 tum
711 4487 1073 4557 amplitudine
1122 4487 1337 4541 exculta
1374 4494 1459 4541 est
1500 4484 1705 4538 anima.
1759 4481 1894 4536 Dum
1942 4481 2090 4537 enim

2196 4514 2333 4569 δων.
2360 4481 2597 4583 Ἀληθῶς
2618 4512 2774 4587 γάρὴ
2798 4512 2884 4567 διά
2905 4512 3010 4566 τῶν
3032 4481 3519 4583 προθεωρηθέντων
3537 4506 3648 4578 ἡμῖν
3665 4497 3719 4569 τῷ

524 4594 778 4649 campum
826 4579 1102 4643 audimus.
1132 4579 1488 4648 intelligimus
1520 4585 1728 4631 naturae
1768 4573 2085 4644 amplitudi-
2115 4571 2169 4632 D

525 4685 670 4730 nem.
719 4677 1003 4738 propterea
1047 4668 1193 4738 quod
1219 4683 1281 4721 ea
1322 4669 1395 4721 sit
1425 4674 1548 4735 apta
1592 4666 1657 4719 ad
1708 4662 2087 4733 suscipiendas

524 4759 727 4813 multas
763 4770 816 4813 et
845 4759 1089 4813 infinitas
1117 4758 1504 4827 intelligentias
1544 4771 1640 4810 seu
1663 4755 1860 4809 mentis
1890 4767 2088 4808 conce-

523 4848 760 4917 ptiones,
806 4854 861 4902 et
886 4849 1050 4902 verba
1083 4855 1137 4901 et
1181 4846 1524 4916 disciplinas.
1554 4844 1611 4899 Si
1639 4844 1805 4914 igitur
1858 4857 1944 4909 co,
1977 4855 2088 4913 quo

521 4936 756 4994 dicimus
784 4938 966 5005 modo,
1005 4938 1074 4992 ab
1104 4951 1171 4991 eo
1215 4936 1307 5007 qui
1362 4943 1609 4990 nostram
1643 4933 1775 4989 colit
1826 4940 2084 4987 naturam

520 5029 798 5085 elaborata
851 5037 936 5082 est
980 5027 1179 5093 anima,
1224 5027 1470 5081 exoritur
1514 5040 1579 5079 ex
1633 5031 1844 5078 naturae
1883 5024 2085 5077 nostra

522 5135 716 5189 campo
748 5118 847 5174 llos
890 5119 1029 5173 bene
1071 5118 1246 5183 olens,
1291 5116 1608 5187 nitidusque
1656 5124 1712 5171 et
1760 5127 1951 5185 purus.
1986 5112 2087 5167 Hic

523 5227 652 5267 vero
699 5225 922 5280 campus
976 5210 1189 5266 etiamsi
1224 5210 1538 5264 nominetur
1574 5206 1752 5269 vallis,
1797 5219 1926 5259 cum
1974 5202 2087 5258 vita

521 5301 733 5357 cwlcsti
776 5309 1163 5370 comparatus,
1213 5299 1385 5354 nihilo
1437 5297 1623 5353 secius
1673 5302 1759 5353 est
1812 5307 2088 5362 campus:

522 5410 624 5449 nec
669 5395 850 5449 obstat
892 5394 1184 5463 quominus
1215 5407 1335 5463 qua:
1383 5390 1438 5445 in
1482 5390 1601 5460 ipso
1651 5388 1797 5442 culta
1847 5378 1952 5449 est,
1987 5383 2090 5439 ﬂos

520 5494 667 5541 recte
702 5484 809 5539 ﬁat.
866 5481 945 5537 Ex
982 5498 1223 5539 concavo
1267 5481 1412 5537 enim
1453 5480 1509 5534 in
1546 5479 1716 5533 altum
1762 5476 1965 5540 oriens,
2005 5490 2095 5531 as-

2192 4607 2380 4663 πλάτει
2414 4608 2628 4679 φύσεως
2655 4607 3025 4681 γεωργηθεῖσα
3050 4607 3217 4678 ψυχή.
3259 4604 3446 4660 Πεδίον
3467 4605 3566 4672 γὰρ
3595 4595 3711 4652 ἀκού-

2194 4722 2406 4770 σαντες,
2426 4706 2522 4776 τὴν
2544 4704 2859 4777 πλατύτητα
2880 4705 2977 4775 τῆς
3000 4704 3354 4776 ἀνθρωπίνης
3376 4700 3575 4772 φύσεως
3598 4689 3716 4758 ένοὴ·

2196 4819 2391 4873 σαμεν,
2427 4802 2514 4857 διά
2542 4803 2602 4858 τὸ
2640 4802 2849 4858 πολλῶν
2896 4819 2957 4856 τε
2988 4803 3081 4860 καὶ
3113 4802 3364 4873 ἀπείρων
3405 4796 3562 4866 αὐτὴν
3585 4792 3714 4844 δεκτι·

2194 4898 2295 4968 κὴν
2318 4893 2457 4951 εἶναι
2476 4899 2761 4971 νοημάτων
2779 4915 2839 4952 τε
2860 4899 2954 4953 καὶ
2975 4898 3239 4969 ῥημάτων
3272 4896 3365 4950 καὶ
3407 4887 3710 4965 μαθημάτωνο

2205 4995 2269 5049 Ἦ
2290 4996 2464 5049 τοίνυν
2490 4996 2631 5050 κατά
2649 4997 2736 5050 τὸν
2747 4995 3035 5068 εἰρημένον
3065 4996 3270 5067 τρόπον
3302 4992 3452 5063 παρά
3475 4988 3561 5043 τοῦ
3582 4996 3712 5052 γεωρ’

2167 5091 2413 5160 Δγοῦνίτος
2441 5093 2539 5164 τὴν
2589 5092 2750 5162 φύσιν
2795 5093 2951 5163 ἡμῶν
2994 5090 3372 5163 ἔμπονηθεῖσα
3410 5083 3566 5156 ψυχὴ,
3594 5074 3713 5133 ἄνθος

2189 5180 2414 5259 εὐοδμόν
2456 5205 2516 5241 τε
2552 5188 2645 5241 καὶ
2670 5186 2921 5258 λαμπρὸν
2952 5186 3046 5240 καὶ
3095 5184 3339 5256 καθαρὸν
3382 5178 3648 5251 ἀναφύεται
3669 5171 3718 5220 ἐν

2191 5283 2285 5335 τοῦ
2313 5281 2414 5353 τῆς
2463 5282 2675 5352 φύσεως
2708 5281 2866 5353 ἡμῶν
2919 5279 3124 5334 πεδίου.
3159 5279 3236 5332 Τὸ
3268 5279 3326 5331 δὲ
3359 5274 3530 5329 πεδίον
3566 5265 3716 5325 τοῦτον

2193 5378 2297 5432 κᾶν
2322 5379 2603 5449 συγκρίσει
2649 5378 2748 5448 τῆς
2778 5377 3031 5448 οὐρανίας
3054 5375 3332 5445 διαγωγῆς
3358 5370 3533 5431 κοιλὰς
3554 5359 3715 5431 ὄνομά·

2199 5472 2367 5544 Curat,
2397 5473 2550 5528 οὐδὲν
2594 5467 2755 5545 ἧττον
2809 5472 2989 5526 πεδίον
3030 5470 3167 5534 ἐστὶ,
3208 5472 3302 5523 καὶ
3333 5470 3393 5522 οὐ
3436 5451 3714 5521 κωλύεταιῆ

590 5660 633 5695 δ’
661 5660 702 5716 ιι
731 5661 858 5717 Cor.
902 5675 1025 5728 vni,
1049 5658 1140 5713 2i.
1216 5655 1308 5711 ⁸⁸1
1339 5653 1576 5711 Timoth.
1608 5668 1690 5738 in,
1723 5651 1777 5709 7.
1853 5648 1936 5703 "l
1963 5649 2090 5706 Cor.
2117 5662 2228 5715 xw,
2264 5648 2355 5705 40.
