3928 6196
183 404 259 459 851

1178 389 1246 447 IN
1285 387 1576 446 CANTICA
1622 385 1891 445 CANTIC.
1937 381 2218 440 HOMILIA
2257 383 2345 439 ιγ.

3285 385 3390 438 8-ίέ

182 524 227 572 ιν
250 513 368 586 αὐτῇ
418 511 835 584 γεγωργηθεῖσα
889 508 1069 573 καλῶς
1111 509 1272 573 ἄνθος
1315 508 1567 576 γενέσθαι
1605 525 1618 538 ο
1657 509 1720 559 ὲκ

1849 505 1999 576 urgit
2043 519 2302 575 germen,
2359 502 2500 557 sicut
2549 501 2674 555 licet
2731 501 2909 556 videre
2959 500 3072 558 lieri
3139 501 3193 555 in
3247 501 3385 559 lilio.

181 611 268 682 γὰρ
297 607 376 662 τοῦ
417 605 596 658 κοίλου
629 605 722 656 ἐπὶ
761 603 824 655 τὸ
866 601 1067 672 ὑψηλὸν
1095 603 1123 654 ὁ
1164 601 1390 671 βλαστὸς
1417 599 1716 661 ἀνατέλλει,

1827 597 2016 667 Magna
2064 597 2206 651 enim
2253 610 2316 649 ex
2365 601 2518 663 parte
2569 607 2690 647 cum
2746 593 2800 645 in
2866 602 3072 648 rectum
3129 609 3156 646 a
3209 594 3391 646 radice

180 681 330 759 καθὼς
357 695 500 747 ἔστιν
532 693 658 745 ίδεῖν
689 691 781 743 ἐπὶ
806 690 900 742 τοῦ
921 690 1106 761 κρίνου
1135 691 1438 759 γινόμενον.
1459 689 1718 741 Ἐπιπολὺ

1849 697 2003 741 nstar
2033 685 2317 740 arundinis
2350 684 2648 739 excurrcrit
2680 681 2847 738 herba
2881 684 3012 746 lilii,
3057 683 3240 738 liorem
3279 685 3392 737 edit

181 789 268 858 γὰρ
285 786 365 839 ἐπὶ
394 783 456 836 rb
489 781 669 854 ὄρθιον
694 781 758 832 ὲκ
787 780 885 849 τῆς
912 779 1070 850 ῥίζης
1103 778 1473 849 καλαμοειδῶς
1497 778 1721 848 ἀναδρα-

183 880 388 952 μούσαὴ
430 876 628 946 βοτάνη
677 870 772 925 τοῦ
825 872 1033 942 κρίνου,
1074 871 1196 923 τότε
1240 869 1299 922 rb
1339 867 1499 931 ἄνθος
1529 868 1593 919 ὲκ
1623 868 1720 936 τῆς

179 969 384 1041 κορυφῆς
415 964 768 1024 ἀναδίδωσιν,
800 962 901 1013 οὐκ
932 961 1098 1029 ὀλίγῳ
1135 959 1212 1029 τῷ
1252 957 1452 1028 μεταξὺ
1496 957 1721 1025 διαστή-

1826 791 1892 830 ex
1920 776 2143 839 vertice,
2192 789 2302 828 non
2347 775 2561 828 modico
2628 773 2993 828 intercedente
3038 773 3320 827 intervallo
3365 791 3392 824 a

1829 875 1970 919 terra
2004 873 2211 919 tantum
2242 867 2471 928 distans,
2503 873 2784 934 quantum,
2824 873 2883 917 ut
2914 864 3126 932 opinor,
3161 863 3294 915 satis
3325 864 3396 914 sit

1829 957 1893 1010 ad
1938 957 2040 1010 hoc
2099 964 2158 1009 ut
2210 963 2424 1009 maneat
2476 970 2610 1024 pura
2657 955 2711 1007 in
2764 953 2981 1008 sublimi
3031 953 3394 1022 pulchritudo,

177 1077 284 1128 ματι
315 1060 406 1127 τῆς
441 1055 546 1123 γῆς
573 1053 953 1122 ἀποστήσασα,
972 1050 1049 1113 ὡς
1079 1045 1353 1116 ἂν,οἷμαι,
1388 1045 1626 1117 καθαρὸν
1663 1046 1720 1097 ἐν

1849 1061 1936 1100 ton
1961 1047 2239 1116 inquinata
2263 1047 2516 1101 mistione
2541 1060 2662 1100 cum
2691 1051 2854 1102 terra.
2889 1044 3178 1114 Propterea
3235 1043 3396 1099 ctiam

180 1149 403 1220 μετεώρῳ
444 1145 692 1216 διαμένοι
719 1144 778 1196 τὸ
820 1141 1036 1205 κάλλος,
1069 1144 1135 1211 τῇ
1163 1140 1299 1211 πρὸς
1325 1140 1424 1211 τὴν
1452 1140 1556 1208 γῆν
1603 1139 1723 1190 επι-

178 1241 304 1311 μιξίᾳ
357 1239 431 1308 μὴ
483 1235 864 1306 μολυνόμενον.
925 1231 1024 1284 Διά
1075 1231 1248 1284 ταῦτα
1298 1231 1393 1284 καὶ
1438 1232 1466 1282 ὁ
1518 1229 1721 1292 δίκαιος

175 1329 417 1400 ὀφθαλμὸς
463 1328 561 1398 τὴν
609 1324 766 1379 τοῦτο
799 1325 1099 1394 γενομένην
1123 1362 1137 1387 ,
1182 1323 1302 1392 ἦτοι
1330 1321 1582 1390 γενέσθαι
1622 1337 1721 1372 πο-

177 1422 390 1491 θήσασαν
433 1433 449 1448 ·
488 1416 773 1487 ἀμφότερα
833 1414 944 1483 γὰρ
991 1412 1213 1476 ἐκτῶν
1260 1411 1563 1482 εἰρημένων
1621 1412 1724 1463 ὑπ-

175 1511 467 1579 ενοήσαμεν,
502 1508 535 1576 ἢ
583 1507 666 1559 ὅτι
725 1504 1147 1574 μεγαλαυχεῖται
1190 1501 1265 1564 ὡς
1313 1501 1414 1571 ἢδη
1456 1499 1722 1570 γενομένη

175 1601 288 1669 ὅπερ
314 1595 682 1666 ὲπεπὸθησεν,
716 1593 749 1664 ἢ
783 1595 866 1646 ὅτι
909 1593 1077 1645 δεῖται
1133 1589 1227 1643 τοῦ
1265 1590 1511 1661 γεωργοῦ
1565 1589 1724 1652 ἄνθος

173 1689 416 1755 γενέσθαι,
451 1686 542 1740 διὰ
595 1686 693 1754 τῆς
731 1683 940 1736 ἐκείνου
978 1682 1168 1750 σοφίας
1196 1683 1260 1733 ὲκ
1313 1681 1424 1733 τῶν
1464 1679 1723 1733 κοιλάδων

174 1780 255 1848 τῆς
285 1777 631 1850 ἀνθρωπίνης
686 1775 829 1844 ζωῆς
865 1777 948 1838 είς
1001 1773 1187 1843 κρίνου
1245 1770 1439 1833 κάλλος
1491 1769 1723 1839 ἀναδραιρ

1825 1137 2008 1206 justus
2056 1137 2271 1203 oculus,
2318 1152 2435 1192 eam
2477 1153 2598 1206 quae
2643 1136 2746 1190 hoc
2779 1136 2922 1190 facta
2974 1145 3079 1202 est,
3124 1135 3209 1190 vel
3284 1135 3398 1188 fieri

1829 1226 2155 1281 desideravit
2184 1228 2494 1297 (utrumque
2521 1229 2661 1282 enim
2725 1243 2788 1281 ex
2836 1228 2902 1282 iis
2939 1243 3058 1296 quae
3089 1227 3234 1280 dicta
3273 1234 3402 1280 sunt

1831 1315 2208 1385 intelligimus,
2239 1332 2432 1387 nempe
2472 1316 2617 1387 quod
2660 1317 2740 1371 vel
2768 1316 3032 1387 gloriatur
3063 1332 3121 1370 se
3143 1315 3253 1384 jam
3289 1315 3403 1369 fec-

1830 1417 1939 1462 tam
2015 1422 2137 1463 esse
2187 1408 2330 1477 quod
2360 1409 2708 1475 desideravit,
2741 1408 2821 1462 vel
2871 1407 3013 1476 quod
3059 1417 3212 1477 rogat
3256 1407 3402 1476 agri-

1830 1499 2003 1553 colam
2044 1509 2103 1552 ut
2132 1497 2230 1553 nos
2264 1501 2357 1552 liat
2381 1515 2477 1569 per
2508 1501 2650 1554 illius
2683 1499 3000 1567 sapientiam
3023 1538 3036 1562 ,
3066 1513 3130 1551 ex
3173 1497 3403 1550 vallibus

1832 1589 2081 1643 humana:
2120 1593 2242 1644 vitae
2287 1590 2354 1643 ad
2419 1590 2515 1642 lilii
2562 1605 2854 1657 assurgens
2922 1587 3402 1657 pulcln-itudinem)

1832 1682 1946 1735 sive
1971 1696 2100 1750 ergo
2125 1682 2239 1734 vult
2268 1681 2370 1734 hoc
2416 1681 2552 1745 ﬁeri,
2593 1696 2686 1735 seu
2725 1681 2864 1734 facta
2897 1691 2979 1735 est
3006 1680 3146 1750 quod
3213 1679 3402 1741 voluit,

1831 1779 1979 1824 recte
2039 1771 2222 1839 justus
2266 1772 2450 1840 sponsi
2489 1773 2678 1826 oculus
2712 1770 2831 1841 ejus
2863 1773 3004 1827 bono
3033 1772 3222 1826 annuit
3257 1769 3404 1824 desi-

177 1869 352 1939 μοῦσα·
384 1869 502 1922 εἴτε
543 1865 636 1921 οὖν
683 1865 934 1935 γενέσθαι
983 1864 1229 1934 βούλεται
1258 1861 1435 1924 τοῦτο,
1473 1863 1580 1915 εἴτε
1635 1862 1728 1913 καὶ

1849 1859 1980 1914 lerio
2025 1876 2144 1930 qua:
2200 1861 2264 1915 ad
2313 1861 2433 1930 ejus
2478 1861 2704 1916 iormam
2752 1863 2969 1932 aspicit,
3023 1871 3082 1917 ut
3151 1864 3270 1932 ipsa
3315 1860 3408 1915 ﬁat

175 1961 365 2027 γέγονεν
382 1961 528 2030 ὅπερ
557 1957 810 2027 ἠθέλησε,
839 1955 1021 2017 καλῶς
1045 1956 1074 2006 ὁ
1099 1953 1301 2016 δίκαιος
1333 1951 1606 2021 ὀφθαλμὸς
1629 1950 1723 2004 τοῦ

136 2091 144 2104 .
176 2048 400 2117 νυμφίον,
431 2046 574 2116 πρὸς
604 2045 700 2114 τὴν
730 2043 940 2114 ἀγαθὴν
966 2041 1260 2109 ἐπιθυμίαν
1285 2042 1386 2110 τῆς
1407 2039 1541 2109 πρὸς
1566 2039 1727 2092 αὑτὸν

175 2138 355 2208 ὁρώσης
415 2136 568 2199 ίδὼν,
617 2134 873 2187 ἐπένευσε
925 2131 1180 2200 γενέσθαι
1214 2131 1399 2200 κρίνον
1432 2130 1620 2201 αὐτὴν,
1655 2131 1728 2201 μὴ

177 2229 593 2297 συμπνιγόμενον
641 2226 761 2285 ταῖς
807 2221 900 2275 τοῦ
938 2222 1053 2292 βίου
1082 2220 1365 2284 ἀκάνθαις,
1402 2221 1470 2284 ἃς
1503 2221 1731 2288 θυγατέ-

1833 1951 2028 2016 liliutn,
2075 1952 2299 2006 minime
2348 1951 2610 2007 sull‘oeata
2645 1968 2672 2006 a
2715 1953 2888 2023 spinis
2931 1955 3085 2016 vitae,
3140 1969 3278 2022 quas
3311 1968 3411 2007 no-

1836 2045 2060 2096 minavit
2110 2043 2270 2108 ﬁlias,
2314 2045 2499 2108 tacite,
2534 2054 2592 2099 ut
2643 2045 2896 2108 arbitror,
2946 2035 3239 2100 ostendens
3316 2043 3412 2096 ini-

1836 2134 2006 2189 micas
2046 2135 2171 2189 vitae
2207 2123 2458 2189 huma'nte
2504 2142 2820 2203 potestates,
2888 2151 3117 2205 quarum
3163 2135 3412 2190 nomina-

1841 2233 1929 2278 tur
1956 2234 2112 2295 pater
2139 2229 2187 2281 is
2216 2225 2308 2294 qui
2343 2235 2426 2281 est
2461 2225 2711 2281 inventor
2737 2228 2876 2281 vitii.

175 2335 254 2387 ρας
290 2319 598 2390 ὠνόμασεν,
626 2313 1023 2383 ἐνδειξάμενος,
1085 2311 1259 2384 οἶμαι,
1319 2313 1462 2366 κατὰ
1499 2313 1560 2365 rb
1628 2314 1980 2386 σιωπώμενον
2023 2318 2121 2381 τὰς
2171 2317 2370 2387 ἐχθρὰς
2419 2320 2518 2388 τῆς
2566 2317 2910 2389 ἀνθρωπίνης
2940 2318 3084 2389 ζωῆς
3133 2319 3410 2389 δυνάμεις,

171 2403 232 2463 ὧν
251 2413 420 2483 πατὴρ
454 2413 488 2464 ὁ
517 2412 618 2481 τῆς
647 2411 846 2474 κακίας
878 2409 1104 2479 εὑρετὴς
1137 2410 1580 2481 κατονομάζεται.

237 2503 323 2567 Ὠς
367 2503 588 2570 κρίνον
617 2495 733 2564 οὖν,
768 2501 931 2570 φησὶν
951 2539 965 2562 ,
997 2499 1068 2552 ἐν
1090 2498 1258 2567 μέσῳ
1287 2500 1404 2553 τῶν
1439 2497 1734 2561 ἀκανθῶν,

170 2589 334 2656 οὕτως
349 2589 594 2658 ἀδελφή
609 2607 729 2658 μου
756 2590 825 2642 ἐν
841 2589 1008 2658 μέσῳ
1035 2588 1154 2643 τῶν
1173 2589 1530 2660 θυγατέρων.
1565 2586 1739 2658 Ὀσην

171 2682 366 2751 δρῶμεν
412 2684 522 2751 τῆς
551 2683 631 2744 εἰς
658 2681 719 2732 rb
753 2681 885 2750 ὕψος
935 2681 1119 2733 ἀνόδου
1173 2681 1270 2751 τὴν
1316 2680 1596 2752 προκοπὴν
1648 2678 1740 2730 ἐπὶ

169 2774 254 2841 τῆς
290 2773 470 2842 ψυχῆς
517 2772 830 2840 γινομένην.
874 2771 1070 2842 Πρώτη
1104 2771 1306 2834 ἄνοδος,
1345 2771 1406 2823 rb
1459 2769 1612 2840 πρὸς
1642 2767 1739 2838 τὴν

167 2863 548 2936 καθαιρετικὴν
584 2865 687 2934 τῆς
711 2863 1012 2932 Αἰγυπτίας
1039 2864 1319 2933 δυνάμεως
1344 2864 1507 2916 ἵππον
1543 2864 1741 2932 ὁμοιω-

168 2954 326 3023 θῆναι.
363 2954 614 3026 Δευτὲρα
640 2954 823 3017 ἄνοδος
844 2996 858 3017 ,
887 2953 947 3007 rb
989 2955 1216 3024 πλησίον
1265 2954 1434 3025 αὐτὴν
1467 2954 1743 3021 γενέσθαι,

165 3047 248 3098 καὶ
292 3046 634 3118 περιστερᾶς
686 3045 907 3114 ποιῆσαι
956 3045 1023 3098 τά
1068 3044 1312 3115 ὄμματα.
1355 3045 1522 3115 Τρίτη
1565 3043 1743 3097 τοίνυν

167 3136 336 3201 ἄνοδος
367 3137 432 3189 rb
469 3135 672 3206 μηκέτι
700 3134 947 3204 πλησίον,
988 3133 1101 3186 ἀλλ’
1140 3133 1374 3205 ἀδελφὴν
1414 3133 1509 3186 τοῦ
1541 3134 1743 3187 Δεσπὸ-

164 3244 246 3279 του
271 3226 670 3298 ὀνομασθῆναι.
710 3228 817 3291 Ὃς
845 3224 924 3279 ἂν
950 3226 1200 3294 ποιήσῃ,
1233 3226 1387 3296 φησι,
1412 3225 1478 3278 τὸ
1514 3225 1743 3294 θέλημα

1913 2495 2060 2550 Sicut
2097 2498 2265 2550 lilium
2298 2512 2460 2566 ergo,
2495 2497 2705 2567 inquit,
2749 2500 2885 2552 inter
2917 2500 3118 2567 spinas,
3152 2503 3227 2555 sic
3263 2521 3414 2558 soror

1843 2604 1958 2640 mea
1999 2588 2138 2640 inter
2185 2589 2347 2656 ﬁlias.
2397 2589 2672 2654 Quantum
2725 2589 2971 2644 videmus
3022 2606 3308 2648 ascensum
3358 2597 3410 2650 in

1842 2679 2046 2742 altum,
2097 2687 2308 2732 tantum
2365 2679 2610 2734 videmus
2659 2695 2782 2735 esse
2823 2681 3019 2734 anima:
3077 2683 3407 2751 profectum.

1842 2769 2056 2824 Primus
2101 2784 2364 2826 ascensus
2405 2778 2489 2826 est
2537 2770 2829 2826 assimilari
2876 2773 3058 2840 equis,
3090 2773 3183 2843 qui
3220 2775 3414 2843 capias

1853 2862 2138 2934 Egyptias
2178 2862 2535 2933 perdiderunt
2587 2879 2649 2917 ac
2687 2863 3092 2918 destruxerunt.
3130 2863 3416 2922 Secundus

1851 2969 2115 3008 ascensus
2165 2962 2270 3015 est,
2325 2952 2470 3022 quod
2537 2966 2599 3007 ea
2657 2953 2798 3006 facta
2855 2954 2925 3008 sit
2979 2954 3306 3026 propinqua,
3361 2966 3417 3011 et

1849 3044 1994 3115 quod
2031 3042 2224 3098 fecerit
2269 3044 2458 3100 oculos
2503 3044 2788 3099 columbae.
2844 3042 3064 3100 Tertius
3097 3055 3179 3102 est
3225 3062 3417 3103 ascen-

1849 3153 1966 3198 sus,
2010 3135 2156 3205 quod
2191 3151 2300 3190 non
2336 3135 2570 3205 amplius
2610 3136 2939 3206 propinqua,
2983 3137 3080 3192 sed
3121 3153 3278 3192 soror
3311 3139 3418 3191 Do-

1847 3227 1979 3280 mini
2007 3228 2073 3282 sit
2116 3227 2410 3281 nominata.
2449 3226 2555 3292 Qui
2593 3225 2976 3298 enim,inqnit,
3008 3230 3192 3297 fecerit
3232 3230 3420 3283 volun-

167 3317 264 3370 τοῦ
302 3319 548 3387 Πατρός
593 3335 715 3386 μου
745 3317 855 3370 τοῦ
893 3317 963 3369 ἐν
1009 3317 1132 3382 τοῖς
1165 3315 1477 3387 οὐρανοῖς,
1507 3312 1741 3381 οὗτοςλὲ

1853 3327 2009 3371 tatem
2050 3317 2230 3370 Patris
2266 3318 2365 3371 mei
2412 3318 2502 3386 qui
2538 3319 2590 3371 in
2638 3319 2781 3372 caelis
2823 3329 2921 3382 est,
2974 3321 3057 3373 hic
3102 3331 3180 3374 est
3229 3321 3417 3391 frater,

165 3408 424 3477 ἀδελφός
449 3425 598 3478 μου,
627 3407 726 3462 καί
755 3407 985 3476 ἀδελφή
1017 3417 1159 3476 μου,
1194 3408 1291 3461 καὶ
1319 3407 1516 3476 μήτηρ
1555 3407 1744 3460 ἐστίν.

176 3499 320 3551 Ἐπεὶ
347 3498 450 3552 οὖν
485 3498 712 3566 γέγονεν
752 3499 930 3563 ἄνθος,
961 3499 1126 3568 μηδὲν
1169 3497 1273 3550 ὑπὸ
1295 3497 1403 3550 τῶν
1443 3495 1750 3565 ἀκανθηφὸο

168 3604 270 3658 ρων
310 3591 649 3663 πειρασμῶν
679 3591 815 3662 πρὸς
843 3591 904 3643 rb
943 3591 1196 3659 γενέσθαι
1241 3589 1424 3659 κρίνον
1469 3588 1748 3660 παραϐλα-

167 3679 332 3743 σεῖσα,
362 3681 746 3752 ἐπιλαθομένη
776 3682 832 3734 δὲ
881 3681 974 3734 τοῦ
1020 3679 1152 3733 λαοῦ
1202 3681 1296 3733 καὶ
1340 3678 1434 3732 τοῦ
1478 3679 1625 3732 οἴκου
1657 3677 1749 3730 τοῦ

168 3772 365 3842 πατρὸς
397 3772 601 3841 αὐτῆς,
631 3771 766 3841 πρὸς
827 3771 918 3823 τὸν
957 3769 1207 3840 ἀληθινὸν
1254 3764 1362 3822 εἶδε
1397 3769 1638 3840 Πατέρα,
1673 3766 1752 3820 διὸ

165 3862 249 3915 u‘:
280 3861 500 3932 ἀδελφὴ
525 3862 619 3914 τοῦ
649 3860 854 3932 Κυρίου
877 3861 1199 3931 ὀνομάζεται
1220 3901 1234 3923 ,
1257 3859 1334 3930 τῷ
1354 3859 1453 3928 τῆς
1483 3857 1753 3921 υἱοθεσίας

167 3954 440 4023 πνεύματι
471 3953 612 4023 πρὸς
637 3952 735 4023 τὴν
776 3953 1093 4020 συγγένειαν
1121 3952 1323 4021 ταύτην
1349 3951 1716 4020 είσποιηθεῖσα
1736 3990 1752 4014 ,

163 4047 251 4097 καὶ
277 4045 386 4115 τῆς
425 4046 569 4114 πρὸς
600 4045 700 4108 τάς
723 4044 1027 4114 θυγατέρας
1057 4043 1151 4096 τοῦ
1176 4043 1526 4114 ψευδωνύμου
1554 4043 1754 4110 πατρὸς

163 4139 456 4202 κοινωνίας
483 4137 863 4204 ἀπαλλαγεῖσα
883 4178 898 4202 ,
925 4137 1088 4190 πάλιν
1129 4137 1338 4205 γίνεται
1389 4135 1585 4204 ἑαυτῆς
1618 4134 1756 4204 ὑψη-

161 4226 380 4297 λοτέρα,
412 4230 514 4282 καὶ
542 4227 728 4296 βλέπει
758 4227 819 4279 rb
848 4228 1163 4296 μυστήριον,
1203 4224 1291 4279 διὰ
1320 4226 1429 4278 τῶν
1466 4225 1565 4294 τῆς
1603 4241 1756 4295 περι-

164 4321 364 4388 στερᾶς
405 4317 742 4387 ὀφθαλμῶν·
787 4318 929 4386 λέγω
962 4317 1017 4370 δὲ
1062 4317 1140 4387 τῷ
1189 4315 1456 4386 πνεύματι
1495 4317 1592 4386 τῆς
1621 4331 1754 4384 προ-

157 4409 417 4477 φητείας.
464 4409 534 4460 ’0
561 4407 617 4459 δὲ
646 4407 813 4474 λέγει,
838 4407 1076 4460 τοιοῦτόν
1115 4409 1262 4460 ἐστιν
1287 4434 1295 4437 -
1339 4405 1435 4469 Ὧς
1459 4404 1662 4474 μῆλον
1688 4404 1758 4457 ἐν

157 4499 283 4563 τοῖς
333 4501 562 4564 ξύλοις
619 4497 728 4551 τοῦ
761 4498 1010 4567 δρυμοῦ,
1053 4498 1242 4564 οὕτως
1288 4495 1609 4564 ἀδελφιδός
1633 4511 1754 4563 μου

153 4585 271 4639 ἀνὰ
291 4587 512 4656 μέσον
536 4585 656 4639 τῶν
681 4585 845 4640 υἱῶν.
864 4586 928 4638 Τί
959 4581 1052 4638 οὖν
1086 4587 1232 4638 ἐστιν
1256 4585 1284 4636 ὂ
1314 4584 1592 4648 τεθέαται;
1621 4587 1758 4652 Δρυ-

1851 3425 2001 3463 soror
2046 3419 2094 3462 et
2150 3419 2318 3462 mater
2341 3408 2405 3464 '°.
2459 3408 2750 3480 Postquam
2804 3426 2934 3481 ergo
2983 3410 3125 3466 facta
3170 3423 3254 3468 est
3298 3413 3416 3474 ﬂos.

1850 3515 2026 3568 neque
2057 3515 2086 3551 a
2122 3500 2359 3569 spinosis
2386 3501 2512 3556 lzesa
2549 3499 2650 3554 fuit
2704 3504 3100 3562 mutationibus
3128 3508 3421 3576 quominus

1851 3599 1996 3642 esset
2023 3587 2219 3650 lilium,
2255 3588 2419 3642 oblita
2459 3591 2654 3659 populi.
2677 3601 2729 3645 et
2768 3593 2963 3648 domus
2991 3597 3162 3663 patris
3199 3606 3254 3652 et
3295 3615 3419 3651 ma-

1851 3680 1952 3734 tris
1979 3693 2108 3743 suae,
2145 3679 2355 3747 aspexit
2396 3679 2462 3732 ad
2493 3695 2679 3734 verum
2703 3679 2919 3736 Patrem
2950 3701 2963 3738 :
3006 3694 3060 3738 et
3099 3685 3220 3740 ideo
3255 3702 3415 3741 voca-

1852 3775 1943 3822 tur
1987 3783 2144 3822 soror
2186 3767 2420 3831 Domini,
2474 3768 2668 3838 spiritu
2711 3771 2945 3826 liliorum
3004 3774 3314 3845 adoptionis
3368 3779 3421 3831 in

1853 3862 1994 3916 hanc
2025 3861 2275 3930 adoptato
2306 3862 2708 3931 cognationem,
2744 3873 2794 3918 et
2823 3864 3051 3918 liberata
3084 3883 3114 3921 a
3160 3867 3424 3924 societate

1853 3961 1906 4009 et
1939 3951 2321 4021 conjunctione
2371 3968 2493 4007 cum
2537 3953 2752 4010 ﬁliabus
2788 3958 2957 4024 patris
3003 3959 3094 4028 qui
3141 3957 3280 4016 falso
3327 3977 3422 4015 no-

1855 4043 2116 4106 minatur,
2176 4044 2352 4112 seipsa
2402 4059 2597 4101 rursus
2645 4044 2702 4098 fit
2748 4046 3056 4112 sublimior,
3107 4059 3160 4103 et
3216 4051 3418 4120 aspicit

1855 4136 2176 4210 mysterium
2213 4153 2309 4208 per
2351 4137 2541 4192 oculos
2593 4138 2881 4203 columbae,
2917 4155 3013 4208 per
3044 4140 3296 4208 spiritum
3343 4142 3426 4195 in-

1856 4243 2020 4298 quam
2081 4228 2398 4298 prophetiae.
2445 4226 2561 4281 Hoc
2607 4235 2691 4282 est
2742 4237 2922 4282 autem
2972 4230 3117 4298 quod
3159 4231 3421 4299 aspicit:

1858 4317 2006 4372 Sicut
2047 4333 2256 4385 pomum
2313 4321 2366 4370 in
2417 4316 2571 4387 lignis
2617 4316 2801 4381 silvae,
2849 4319 2926 4371 sic
2975 4319 3231 4386 patruelis
3282 4336 3426 4373 meus

1856 4411 1991 4464 inter
2018 4410 2179 4478 ﬁlios.
2213 4408 2352 4474 Quid
2385 4417 2468 4463 est
2497 4423 2624 4478 ergo
2656 4407 2802 4478 quod
2834 4409 3005 4464 vidit?
3055 4408 3258 4464 Silvam
3291 4412 3428 4466 solet

1858 4500 2144 4554 nominare
2190 4496 2491 4566 Scriptura,
2543 4497 2847 4552 silvestrem
2899 4497 3180 4553 hominum
3234 4499 3424 4556 vitam.

1858 4589 1914 4644 in
1962 4604 2068 4659 qua
2096 4586 2376 4641 luxuriant
2406 4585 2555 4639 varia
2603 4601 2799 4656 genera
2849 4587 3014 4640 animi
3057 4589 3424 4658 perturbatio-

157 4679 256 4745 μὸν
279 4678 556 4749 ὀνομάζει
584 4677 829 4748 συνήθως
861 4680 894 4748 ἡ
935 4678 1067 4744 ἁγία
1104 4677 1142 4729 Γ
1149 4676 1295 4748 ραφὴ
1324 4676 1414 4728 τὸν
1437 4673 1610 4744 ὑλώδη
1647 4673 1741 4726 τῶι

1861 4695 2013 4743 num,
2040 4678 2095 4732 in
2133 4693 2239 4748 qua
2274 4687 2530 4747 tanquam
2571 4677 2626 4730 in
2670 4684 2829 4731 antro
2862 4677 3103 4733 insident
3136 4694 3198 4734 ac
3237 4680 3427 4735 delite-

147 4770 483 4842 ἀνθρώπων
507 4769 641 4840 βίον,
670 4772 760 4822 τὸν
781 4769 846 4822 τὰ
878 4769 1093 4822 ποικίλα
1125 4768 1232 4821 τῶν
1272 4766 1606 4837 παθημάτων
1638 4765 1752 4835 είδη

149 4860 621 4930 ύλομανήσαντα,
649 4861 707 4911 ἐν
730 4853 774 4927 ᾦ
806 4859 874 4912 τὰ
896 4859 1170 4928 φθαρτικᾶ
1201 4857 1367 4928 θηρία
1405 4855 1632 4924 φωλεύει
1661 4855 1756 4908 καὶ

150 4943 732 5022 κατακρύπτεται,ὧν
757 4951 790 5020 ἠ
822 4949 981 5018 φύσις
1005 4951 1061 5002 ὲν
1085 4948 1221 5018 φωτὶ
1243 4947 1338 5001 καὶ
1364 4946 1497 5018 ἡλίῳ
1535 4945 1754 5017 ἀνενέρ-

147 5060 324 5111 γητος
374 5043 645 5112 μένουσα,
690 5042 779 5095 διὰ
834 5041 1056 5104 σκότους
1097 5041 1196 5111 τὴν
1247 5040 1400 5109 ἰσχὺν
1438 5039 1569 5108 ἔχει.
1601 5039 1756 5091 Μετά

149 5132 260 5201 γὰρ
294 5130 367 5182 rb
412 5129 570 5183 δῦναι
602 5131 692 5184 τὴν
724 5129 912 5200 ἣλιον,
960 5130 1125 5200 φησιν
1149 5129 1178 5179 ὁ
1203 5127 1520 5198 Προφήτης,
1569 5125 1760 5189 νυκτὸς

145 5219 567 5291 ἐπιγινομένης
607 5221 666 5273 ὲν
716 5221 854 5291 αὐτῇ
897 5222 965 5274 τὰ
1009 5219 1174 5291 θηρία
1221 5217 1330 5272 τῶν
1368 5216 1589 5288 φωλεῶν
1633 5219 1763 5270 ἀνα-

144 5313 419 5365 δύεσθαι.
473 5311 686 5381 Ἐπειδὴ
738 5311 918 5364 τοίνυν
959 5314 988 5365 ὁ
1021 5311 1203 5382 μονιὸς
1238 5312 1268 5363 ὁ
1303 5311 1359 5362 ἐν
1403 5309 1481 5380 τῷ
1519 5308 1762 5379 δρυμῶνι

1863 4778 2026 4828 scunt
2081 4769 2210 4824 ferte
2259 4771 2526 4835 exitiosae,
2577 4783 2810 4838 quarum
2867 4777 3062 4823 natura
3105 4770 3160 4824 in
3217 4771 3336 4826 luce
3377 4779 3432 4826 et

1864 4861 1978 4918 sole
2002 4866 2085 4916 est
2113 4860 2310 4923 otiosa,
2341 4866 2415 4923 et,
2451 4859 2558 4912 vim
2589 4875 2697 4913 non
2730 4859 2939 4915 habens
2965 4862 3245 4930 operandi,
3286 4863 3432 4916 vires

1864 4951 2028 5006 habet
2075 4951 2130 5004 in
2189 4950 2450 5007 tenebris.
2521 4949 2655 5004 Nam
2713 4962 3000 5022 postquam
3061 4954 3142 5008 sol
3207 4953 3430 5016 occidit,

1866 5049 2030 5096 nocte
2075 5041 2420 5104 adveniente,
2453 5039 2726 5112 Pr0pheta
2773 5041 2904 5097 dicit
2938 5043 3143 5098 bestias
3184 5044 3335 5098 silva:
3376 5045 3431 5098 in

1864 5147 1926 5188 ea
1967 5147 2033 5188 ex
2068 5132 2243 5188 antris
2270 5147 2553 5203 emergere
2577 5134 2644 5187 ³¹.
2677 5133 2947 5199 Quoniam
2980 5148 3110 5204 ergo
3139 5134 3433 5204 singularis

1865 5223 2014 5288 ferus
2065 5224 2158 5295 qui
2210 5225 2454 5294 pascitur
2501 5224 2556 5278 in
2611 5225 2772 5288 silva,
2825 5224 3211 5294 gravissimum
3256 5225 3435 5278 attulit

1866 5313 2126 5368 damnum
2183 5315 2424 5384 pulchrae
2477 5317 2647 5369 vineae
2704 5314 2953 5368 humana:
2999 5321 3232 5378 naturae,
3294 5315 3436 5368 sicut

1867 5405 2000 5458 dicit
2027 5405 2317 5474 Propheta,
2361 5404 2496 5458 Eam
2532 5406 2756 5460 vastavit
2787 5421 2912 5474 oper
2943 5404 3006 5460 de
3037 5407 3193 5471 silva,
3240 5414 3289 5458 et
3326 5405 3437 5458 sin-

1871 5494 2075 5564 gularis
2124 5494 2266 5562 ferus
2325 5494 2575 5564 depastus
2631 5505 2709 5550 est
2757 5512 2870 5549 eam
2897 5497 2942 5527 "
2984 5514 2997 5549 :
3044 5505 3327 5568 propterea
3380 5494 3435 5548 in

1873 5583 2010 5638 silva
2062 5583 2340 5653 plantatur
2378 5585 2602 5650 malum,
2644 5586 2786 5657 quod
2840 5587 2892 5639 in
2932 5601 2998 5641 eo
3028 5586 3245 5658 quidem
3292 5585 3436 5655 quod

140 5405 540 5473 τρεψόμενος,
567 5402 668 5474 τὴν
703 5403 872 5474 καλὴν
905 5403 1005 5472 τῆς
1033 5402 1378 5472 ἀνθρωπίνης
1409 5399 1623 5470 φύσεως
1655 5400 1764 5470 ἄμ-

146 5497 326 5548 πελον
361 5493 703 5563 ἐλυμήνατο,
724 5494 905 5557 καθώς
928 5511 1092 5564 φησιν
1114 5495 1142 5546 ὁ
1166 5490 1474 5564 Προφήτης,
1497 5493 1578 5546 ὅτι
1611 5491 1773 5546 Ἐλυ-

144 5608 176 5655 ρ
188 5587 408 5654 ήγατο
435 5580 631 5651 αὐτὴν
645 5581 720 5652 ὗς
735 5587 803 5641 ἐκ
824 5585 1072 5657 δρυμοῦ,
1089 5585 1188 5639 καὶ
1199 5586 1407 5654 μονιός
1422 5583 1622 5652 ἄγριος
1638 5601 1774 5638 κατ-

256 5790 314 5821 ⁸⁸
349 5785 564 5842 Iatth.
602 5803 703 5854 xtl,
749 5791 856 5858 50;
888 5792 1020 5849 Luc.
1065 5810 1184 5860 vm,
1215 5796 1304 5852 2|.

526 5885 789 5949 Ρηιιοι..
841 5889 932 5950 Gn
993 5889 1217 5950 XLIV.

1403 5798 1446 5828 ⁵¹
1484 5795 1627 5852 l'sal.
1661 5809 1780 5864 cm,
1820 5794 1884 5852 l9
1925 5809 2038 5865 seq.
2119 5793 2548 5859 ⁵¹Ρδιι1.ιιντ‹ικ,
2595 5792 2676 5846 ιιι.
