3928 6196
553 379 662 438 ‘85?»

1783 369 1841 428 S.
1884 370 2210 427 GREGORII
2268 370 2564 430 NYSSENI
3623 384 3707 441 ιλιι

556 497 639 543 εει
674 487 901 556 lignum,
933 490 1018 540 est
1065 482 1308 554 ejusdem
1355 481 1610 539 essentiae
1642 480 1802 551 cujus
1849 481 1985 536 silva
2015 481 2118 535 hu-

2223 483 2554 553 ενεμήσατο
2578 484 2778 554 αὑτήν
2799 500 2812 514 ⁸
2851 484 2940 539 διὰ
2969 483 3127 540 τοῦτο
3156 483 3406 556 ἐμφύεται
3429 489 3496 560 τῷ
3518 491 3710 564 δρυμῶνι

558 591 737 642 inana,
788 583 1031 631 tentatus
1055 583 1138 630 est
1171 575 1314 629 enim
1355 576 1409 629 in
1457 572 1869 630 similitudinem
1913 573 2121 642 absque

560 676 786 737 peccato
808 668 854 699 ⁸³
884 686 897 722 :
929 669 982 720 in
1016 681 1080 720 eo
1123 676 1300 721 autem
1340 666 1484 736 quod
1520 666 1682 718 talem
1719 663 1823 718 fert
1851 662 2115 742 fructum,

561 765 622 814 ut
657 775 752 828 per
779 773 904 812 eum
943 757 1131 812 dulces
1159 755 1456 809 reddantur
1491 769 1686 810 sensus
1715 753 1930 817 animae,
1959 753 2121 808 habet

556 851 819 918 majorem
887 863 916 901 a
967 848 1103 901 silva
1157 845 1552 909 diﬁerentiam,
1609 860 1773 915 quam
1828 859 1891 900 ea
1953 859 2117 914 quam

557 941 718 994 habet
751 939 923 992 lilium
953 952 983 991 a
1008 938 1198 1007 spinis.
1230 935 1362 989 Nam
1398 937 1570 990 lilium
1598 937 1820 1006 quidem
1857 936 2038 1006 specie
2066 943 2121 990 et

555 1029 722 1084 odore
775 1039 933 1083 tenus
1008 1026 1423 1098 delectationem
1485 1027 1665 1097 parit;
1744 1027 1888 1097 pomi
1938 1034 2118 1080 autem

555 1114 728 1183 gratia
765 1115 941 1168 tribus
977 1114 1228 1168 sensibus
1259 1121 1384 1183 apte
1426 1123 1479 1168 et
1522 1116 1909 1170 convenienter
1936 1115 2120 1170 distri-

553 1206 760 1270 buitur,
802 1213 860 1259 ut
891 1221 1011 1276 qua:
1040 1215 1090 1260 et
1137 1206 1328 1261 oculos
1361 1205 1600 1261 delectat
1639 1208 1822 1276 specie
1871 1215 2118 1279 aspecta-

553 1296 670 1358 bili,
715 1304 768 1349 et
815 1296 960 1350 bono
1009 1289 1177 1350 odore
1211 1295 1472 1348 odoratus
1516 1309 1738 1349 sensum
1785 1303 2021 1360 recreat,
2067 1302 2121 1350 et

553 1385 741 1440 cll‘ecta
787 1385 1183 1440 nutrimentum
1231 1384 1516 1440 dulcedine
1554 1383 1716 1439 allicit
1765 1400 1986 1441 sensum
2021 1401 2123 1457 gu-

553 1483 694 1532 stus.
740 1475 909 1530 Recte
953 1490 1084 1545 ergo
1118 1474 1254 1528 vidit
1304 1489 1506 1544 sponsa
1538 1490 1660 1543 qua:
1707 1474 1781 1529 sit
1827 1474 1912 1528 sui
1943 1489 1974 1526 a
2015 1472 2120 1527 Do-

552 1568 703 1620 mino
732 1565 1062 1630 dilferentia,
1108 1565 1364 1635 quoniam
1399 1566 1488 1620 ille
1520 1565 1740 1636 quidem
1783 1577 1838 1620 et
1870 1565 2030 1619 nobis
2063 1555 2122 1617 ﬁt

554 1656 738 1713 la'etitia
763 1657 1069 1718 oculorum,
1114 1664 1173 1709 ut
1203 1657 1296 1726 qui
1337 1657 1391 1710 in
1429 1657 1510 1712 eis
1539 1657 1610 1712 sit
1637 1655 1750 1718 lux,
1779 1665 1829 1710 ct
1870 1670 2119 1725 unguen-

550 1756 665 1800 tum
698 1747 969 1810 odoratui,
1000 1755 1054 1800 et
1091 1746 1200 1800 vita
1235 1747 1669 1802 comedentibus.
1709 1745 1851 1799 Nam
1880 1747 1970 1815 qui
2002 1761 2119 1798 eum

550 1839 852 1900 comederit,
896 1839 1046 1903 vivet,
1091 1839 1231 1892 sicut
1274 1837 1472 1892 alicubi
1511 1837 1641 1891 dicit
1670 1836 2017 1906 Evangelium
2050 1835 2114 1890 “.

553 1929 796 1983 Humana
838 1938 1020 1984 autem
1079 1939 1272 1982 natura
1328 1928 1565 1998 perfecta
1603 1945 1695 1997 per
1744 1929 1999 1990 virtutes,
2055 1927 2112 1981 ﬁt

551 2022 670 2081 llos,
709 2037 818 2075 non
862 2021 1038 2075 solum
1081 2020 1372 2088 agricolam
1429 2019 1697 2082 nutriens,
1739 2020 1833 2074 sed
1883 2017 2116 2088 seipsam

551 2128 844 2167 exornans.
897 2111 992 2166 ille
1036 2111 1179 2164 enim
1221 2125 1325 2166 non
1359 2117 1444 2164 cst
1487 2110 1752 2164 bonorum
1801 2118 2115 2164 nostrorum

553 2220 740 2274 egens,
795 2202 889 2258 sed
947 2218 1046 2256 nos
1099 2202 1245 2256 illius
1293 2201 1454 2255 bonis
1497 2215 1738 2271 egemus,
1790 2201 1934 2256 sicut
1986 2199 2118 2254 dicit

552 2287 821 2360 Propheta
851 2289 895 2320 "
932 2303 946 2340 :
986 2288 1246 2354 Quoniam
1284 2287 1539 2342 bonorum
1573 2305 1805 2342 meorum
1849 2306 1949 2343 non
1981 2305 2115 2358 eges.

621 2570 907 2636 Propterea
960 2581 1222 2638 sponsum
1275 2564 1468 2634 aspicit
1525 2571 1748 2634 purgata
1788 2562 1994 2624 anima,
2055 2561 2110 2614 in

551 2662 712 2731 lignis
742 2661 891 2715 silva:
921 2659 1060 2713 facta
1091 2659 1328 2719 malum,
1366 2665 1421 2709 ut
1463 2670 1585 2708 eum
1652 2653 1755 2707 sibi
1822 2651 2119 2706 inseruerit

549 2768 737 2806 omnes
770 2760 1013 2821 agrestes
1071 2764 1258 2804 ramos
1315 2749 1485 2811 silvae,
1546 2744 1742 2799 cﬁiciat
1790 2752 1849 2798 ut
1913 2741 2120 2797 similes

551 2843 763 2896 fructus
794 2841 1118 2912 producant.
1153 2838 1436 2906 Quomodo
1465 2842 1596 2907 ergo
1628 2835 1789 2898 ﬁlias,
1824 2833 1968 2903 quod
2010 2832 2121 2886 sint

549 2933 720 3002 spinis
755 2931 987 2992 similes,
1039 2930 1406 2984 intelleximus
1447 2927 1588 2981 ﬁlios
1625 2925 1797 2994 patris
1831 2924 1925 2993 qui
1981 2923 2119 2979 falso

549 3022 749 3074 dicitur
775 3039 789 3076 :
821 3035 941 3089 qua:
972 3018 1192 3088 quidem
1232 3018 1394 3072 simul
1424 3032 1545 3070 cum
1578 3014 1711 3068 ﬂore
1741 3021 1962 3076 exorta),
2003 3029 2122 3082 pro-

548 3125 707 3164 cessu
748 3109 1009 3177 temporis
1040 3108 1171 3176 ipsae
1209 3119 1427 3175 quoque
1474 3112 1760 3158 transeunt
1787 3103 1852 3155 ad
1891 3104 2118 3172 gratiam

547 3201 678 3256 lilii:
717 3201 788 3254 ita
819 3199 909 3251 hic
941 3213 1158 3267 quoque
1187 3213 1309 3250 cum
1349 3195 1754 3249 audivissemus
1783 3192 2120 3247 assimilatos

547 3289 819 3358 ejusmodi
852 3288 1010 3358 lignis
1048 3288 1219 3350 silvae,
1272 3303 1381 3340 non
1431 3283 1872 3340 existimavimus
1914 3282 2122 3354 signiﬁ-

547 3380 660 3433 cari
703 3378 908 3432 amicos
976 3378 1186 3447 sponsi,
1223 3377 1317 3431 sed
1384 3373 1752 3438 adversarios,
1799 3388 1938 3442 quos
1993 3387 2120 3427 cum

549 3469 658 3522 sint
693 3469 784 3521 ﬁlii
827 3469 1170 3522 tenebrarum
1219 3476 1272 3521 et
1329 3467 1441 3526 ἱνα»,
1480 3479 1573 3534 per
1623 3461 1835 3518 fructus
1873 3478 2121 3516 commu-

547 3561 762 3614 nionem
809 3559 1165 3613 transformat
1219 3557 1273 3610 in
1328 3555 1466 3610 lilios
1505 3553 1644 3607 lucis
1678 3565 1730 3607 et
1789 3553 1929 3608 lilios
1987 3553 2117 3607 diei.

549 3649 841 3718 l’rOpterea
871 3647 1006 3702 dicit
1038 3646 1217 3700 anima
1243 3660 1362 3715 qua:
1393 3657 1587 3700 sensus
1634 3641 1797 3696 habet
1851 3641 2122 3696 exercita-

549 3748 635 3794 tos
672 3759 686 3795 :
718 3737 946 3793 Fructus
987 3739 1099 3807 ejus
1148 3737 1317 3790 dulcis
1362 3737 1416 3789 in
1455 3744 1664 3804 gutture
1710 3750 1842 3787 meo.
1888 3733 2122 3790 Fructus

551 3837 730 3882 autem
766 3829 990 3882 omnino
1032 3827 1278 3880 doctrina
1315 3832 1398 3880 est
1431 3820 1636 3886 :Quam
1669 3823 1845 3877 dulcia
1890 3839 2123 3894 namque

549 3918 752 3986 gutturi
782 3934 894 3971 meo
920 3917 1130 3987 eloquia
1167 3924 1277 3982 tua,
1311 3914 1485 3984 inquit
1509 3912 1797 3983 PrOpheta,
1830 3929 1992 3982 supra
2022 3913 2123 3966 mel

551 4009 632 4062 ori
679 4025 790 4062 meo
825 4007 1266 4064 ".—-Utmalum
1291 4008 1346 4060 in
1384 4007 1540 4076 lignis
1592 4006 1764 4065 silvae,
1805 4006 1882 4058 sic
1911 4013 2122 4073 patrue-

552 4101 617 4151 lis
645 4115 786 4152 meus
821 4099 955 4152 inter
983 4098 1142 4167 ﬁlios.
1185 4126 1255 4135 —
1286 4095 1394 4150 Sub
1445 4096 1632 4148 umbra
1665 4096 1779 4164 ejus
1832 4094 2123 4149 desideravi

549 4195 598 4240 et
629 4187 761 4251 sedi,
791 4197 840 4240 et
871 4187 1075 4256 fructus
1102 4185 1216 4252 ejus
1247 4183 1420 4236 dulcis
1453 4184 1505 4236 in
1547 4193 1755 4253 gutture
1787 4199 1918 4236 meo.
1967 4183 2122 4237 Tunc

550 4278 695 4331 enim
731 4294 855 4333 vere
882 4279 1048 4333 verbo
1071 4276 1259 4331 dulces
1289 4276 1423 4329 ﬁunt
1464 4290 1664 4330 sensus
1694 4275 1910 4340 animae,
1945 4290 2122 4346 quan-

551 4369 621 4423 do
656 4384 756 4424 nos
790 4371 857 4422 ab
885 4375 1020 4424 testu
1051 4369 1412 4423 tentationum
1435 4366 1563 4420 mali
1594 4365 1788 4420 umbra
1827 4367 2120 4436 separavit,

2220 576 2280 628 τὸ
2312 577 2497 646 μῆλον,
2520 577 2548 630 ὃ
2568 577 2644 648 τῷ
2671 578 2767 648 μὲν
2784 576 2939 643 ξύλον
2967 574 3126 641 εἶναι,
3159 577 3258 641 τῆς
3283 579 3586 653 ἀνθρωπίνης
3609 586 3709 658 ὕλης

2221 668 2368 720 ἐστὶν
2408 667 2725 736 ὀμοούσιον·
2761 666 3059 737 ἐπειράσθη
3104 667 3210 736 γὰρ
3270 669 3400 720 κατὰ
3437 671 3591 726 πάντα
3622 678 3715 730 καθ’

2221 757 2514 828 ὁμοιότητα
2550 759 2716 828 χωρὶς
2767 758 3038 827 ἁμαρτίας
3059 775 3072 788 ·
3108 758 3183 827 τῷ
3218 757 3273 810 δὲ
3321 761 3535 815 τοιοῦτον
3569 767 3719 837 φέρειν

2221 848 2451 916 καρπὸν,
2476 847 2540 900 δι’
2562 842 2623 902 οὗ
2647 847 2990 915 γλυκαίνεται
3023 847 3088 901 τὰ
3115 849 3213 917 τῆς
3236 848 3401 920 ψυχῆς
3431 854 3724 928 αἰσθητήρια,

2220 939 2439 993 πλείονα
2485 938 2596 1008 ἔχει
2648 937 2746 1009 τὴν
2793 937 2928 1008 πρὸς
2969 937 3056 990 τδν
3107 937 3305 1009 δρυμὸν
3354 942 3724 1017 παραλλαγὴννῆ

2219 1031 2350 1100 ὅσην
2388 1029 2496 1099 ἔχει
2543 1029 2678 1097 πρὸς
2710 1028 2807 1090 τὰς
2840 1028 3077 1090 ἀκάνθας
3101 1028 3161 1080 τὸ
3185 1028 3380 1096 κρίνον.
3425 1030 3491 1081 Τὸ
3532 1032 3616 1101 μὲν
3643 1035 3728 1105 γὰρ

2220 1118 2401 1189 κρίνον
2426 1119 2585 1188 μέχρι
2609 1116 2703 1170 τοῦ
2743 1116 2914 1180 εἴδους
2949 1117 3042 1170 καὶ
3067 1115 3166 1184 τῆς
3196 1118 3441 1181 εὐπνοίας
3465 1119 3519 1171 τὸ
3547 1124 3730 1191 τερπνὸν

2221 1207 2355 1278 ἔχει.
2403 1210 2468 1260 Ἠ
2507 1209 2565 1260 δὲ
2594 1206 2689 1259 τοῦ
2727 1207 2897 1277 μήλου
2943 1207 3100 1278 χάρις
3138 1206 3271 1276 πρὸς
3309 1208 3403 1270 τὰς
3430 1213 3562 1276 τρεῖς
3585 1213 3734 1282 αἰσθή-

2222 1317 2335 1362 σεις
2365 1298 2635 1370 ἁρμοδίως
2661 1298 3102 1368 καταμερίξεται,
3135 1299 3229 1350 καὶ
3253 1297 3516 1368 ὀφθαλμὸν
3547 1300 3738 1370 εὐφραί-

2219 1405 2386 1448 νουσα
2416 1391 2483 1460 τῇ
2515 1388 2637 1460 ὥρᾳ
2656 1388 2750 1442 τοῦ
2789 1389 2981 1454 εἴδους,
3013 1389 3106 1442 καὶ
3134 1389 3234 1458 τὴν
3275 1389 3615 1461 ὀσφραντικὴν
3638 1393 3738 1457 ἡδύ·

2221 1495 2384 1532 νουσα
2425 1478 2677 1549 αἴσθησιν
2725 1477 2813 1532 διὰ
2848 1479 2946 1548 τῆς
2990 1477 3265 1540 εὐπνοίας,
3305 1481 3396 1532 καὶ
3437 1481 3595 1552 τροφὴ
3626 1500 3744 1550 γινο-

2224 1567 2358 1637 μένη
2395 1567 2814 1635 καταγλυκαίνει
2843 1567 2909 1620 τὰ
2941 1567 3203 1634 γευστικά
3225 1568 3557 1641 αἰσθητήρια.
3587 1573 3743 1636 Καλῶς

2221 1653 2471 1712 οὖν-εἶδεν
2501 1661 2534 1730 ἡ
2574 1658 2757 1730 νύμφη
2787 1659 2848 1711 τὸ
2869 1661 3065 1728 ἐαυτῆς
3094 1660 3230 1730 πρὸς
3254 1661 3344 1713 τὸν
3373 1662 3627 1733 Δεσπότην
3654 1664 3746 1717 διά-

2223 1765 2384 1817 φορον
2413 1766 2423 1776 ·
2454 1749 2533 1801 ὅτι
2568 1749 2773 1810 ἐκεῖνος
2809 1749 2905 1818 μὲν
2949 1749 3103 1818 ἡμῶν
3145 1750 3238 1802 καὶ
3265 1751 3546 1822 ὀφθαλμῶν
3580 1753 3746 1820 γίνεται

2227 1836 2404 1906 χάρις,
2432 1836 2547 1904 φῶς
2567 1837 2866 1908 γινόμενος,
2891 1838 2982 1891 καὶ
3021 1838 3191 1909 μύρον
3220 1841 3277 1892 ἐν
3299 1843 3365 1910 τῇ
3398 1842 3657 1914 ὀσφρήσει,
3678 1845 3750 1896 καὶ

2227 1925 2340 1996 ζωὴ
2374 1928 2487 1988 τοῖς
2507 1926 2796 1980 ἐσθίουσιν.
2841 1929 2894 1980 '0
2919 1929 3028 1998 γὰρ
3068 1930 3278 2000 φαγὼν
3308 1933 3509 1996 αὑτὸν,
3537 1931 3746 1999 ζήσεται,

2225 2014 2404 2078 καθώς
2431 2016 2561 2086 φησί
2591 2033 2690 2069 που
2713 2018 2774 2069 τὸ
2796 2018 3139 2086 Εὐαγγέλιον.
3185 2021 3250 2073 Ἡ
3273 2021 3330 2073 δὲ
3360 2022 3651 2095 ἀνθρωπίνη
3675 2025 3752 2093 φύν

2227 2122 2310 2170 σις
2337 2105 2402 2159 δι’
2445 2107 2647 2176 ἀρετῆς
2680 2107 3024 2162 τελειωθείσα
3044 2148 3059 2172 ,
3083 2109 3248 2173 ἄνθος
3281 2112 3524 2180 γίνεται,
3552 2114 3689 2183 μόνον
3709 2115 3752 2167 οὐ

2224 2198 2314 2251 τὸν
2356 2200 2598 2270 γεωργὸν
2627 2199 2918 2270 τρέφουσα,
2958 2202 3095 2256 ἀλλὰ
3132 2205 3338 2273 ἑαυτὴν
3369 2204 3754 2270 καλλωπίζουσα.

2226 2289 2300 2342 Ού
2325 2289 2434 2359 γὰρ
2487 2292 2692 2354 ἐκεῖνος
2735 2291 2917 2362 ἐνδεὴς
2943 2292 3052 2346 τῶν
3081 2295 3374 2364 ἡμετέρων
3413 2295 3642 2364 ἀγαθῶν,
3672 2297 3758 2348 ἀλλ’

2223 2380 2386 2449 ἡμεῖς
2422 2379 2530 2433 τῶν
2580 2381 2790 2435 ἐκείνου
2817 2383 3046 2453 δεόμεθα
3066 2424 3080 2447 ,
3113 2384 3302 2448 καθώς
3349 2403 3511 2458 φησιν
3541 2387 3566 2439 ὁ
3587 2387 3757 2457 Προφή-

2224 2485 2342 2539 της,
2376 2471 2505 2524 Ὅτι
2539 2470 2659 2525 τῶν
2689 2472 2927 2542 ἀγαθῶν
2950 2492 3070 2543 μου
3091 2477 3163 2530 οὐ
3201 2479 3420 2545 χρείαν
3443 2470 3612 2546 ἔχεις.

2295 2559 2393 2613 Διὰ
2423 2559 2580 2614 τοῦτο
2611 2562 2796 2631 βλέπει
2812 2564 2900 2616 τὸν
2929 2567 3156 2635 νυμφίον
3179 2570 3213 2638 ἡ
3234 2567 3614 2638 κεκαθαρμένη
3631 2567 3762 2636 ψυχὴ,

2229 2647 2398 2718 μῆλον
2423 2652 2478 2702 ἐν
2504 2653 2616 2712 τοῖς
2652 2651 2746 2704 τοῦ
2785 2652 2987 2724 δρυμοῦ
3027 2655 3206 2719 ξύλοις
3238 2658 3509 2726 γενομένη
3534 2671 3548 2688 ⁶
3577 2657 3656 2709 ἵνα
3697 2658 3769 2724 ὲγ·

2225 2739 2552 2810 κεντρίσασα
2584 2743 2748 2813 ἑαυτῇ
2772 2743 3128 2821 πάνταςίεοὺς
3163 2747 3399 2817 ἀγρίους
3427 2747 3518 2800 τοῦ
3535 2747 3768 2817 δρυμὼνος

2226 2830 2491 2893 κλάδους,
2528 2832 2606 2901 τῷ
2653 2834 2822 2904 ὁμοίῳ
2877 2835 3074 2906 καρπῷ
3148 2836 3347 2908 βρύειν
3403 2838 3773 2910 παρασκευάσῃ.

2230 2920 2439 2990 Ὠσπερ
2468 2920 2647 2974 τοίνυν
2677 2922 2773 2985 τὰς
2823 2923 3146 2995 θυγατέρας,
3188 2927 3284 2980 διὰ
3318 2927 3382 2980 τὸ
3411 2931 3532 2990 ταῖς
3556 2927 3774 2986 ἀκάνθαις

2225 3008 2573 3079 ὁμοιωθῆναι,
2609 3012 2679 3064 τὰ
2700 3013 2790 3065 τοῦ
2821 3013 3176 3085 ψευδωνύμου
3217 3019 3434 3089 πατρὸς
3463 3019 3778 3086 ἐνενοήσαμεν

2227 3099 2418 3150 τέκνα·
2438 3101 2635 3163 αἵτινες
2668 3100 2745 3171 τῷ
2773 3101 2922 3155 ἄνθει
2967 3109 3492 3177 συμπαραφυεῖσαι,
3545 3105 3617 3175 τῷ
3638 3105 3778 3175 χρόνῳ

2224 3189 2317 3241 καὶ
2341 3190 2498 3241 αὐταὶ
2524 3190 2660 3260 πρὸς
2687 3192 2783 3262 τὴν
2827 3193 2919 3245 τοῦ
2963 3193 3148 3263 κρίνου
3191 3196 3590 3264 μεταϐαίνουσι
3616 3193 3776 3263 χάριν·

2222 3279 2363 3333 οὕτω
2396 3282 2490 3334 καὶ
2519 3282 2755 3336 ἐνταῦθα
2792 3285 2918 3348 τοὺς
2961 3287 3480 3354 προσεικασθέντας
3508 3289 3610 3347 τοῖς
3641 3280 3780 3334 τοιού-

2221 3387 2333 3433 τοις
2387 3370 2563 3434 ξύλοις
2600 3373 2695 3424 τοῦ
2741 3373 2947 3444 δρυμοῦ
2991 3373 3368 3439 ἀκούσαντες,
3400 3376 3464 3428 ού
3513 3373 3682 3443 φίλους
3709 3386 3782 3438 ση-

2226 3460 2512 3530 μαίνεσθαι
2558 3463 2650 3515 τοῦ
2704 3465 2969 3532 νυμφίου,
3003 3464 3139 3518 ἀλλὰ
3201 3468 3340 3529 τοὺς
3400 3466 3665 3526 ἐναντίους
3701 3463 3783 3514 ύπ-

2223 3553 2560 3622 ενοήσαμεν,
2596 3553 2689 3616 οὓς
2734 3555 2882 3617 υἱοὺς
2925 3554 3081 3617 ὄντας
3114 3554 3217 3608 τοῦ
3266 3557 3500 3620 σκότους
3539 3556 3628 3608 καὶ
3655 3551 3782 3604 τέκνα

2222 3641 2414 3712 ὀργῆς,
2449 3645 2514 3713 τῇ
2547 3644 2801 3715 κοινωνίᾳ
2825 3645 2918 3697 τοῦ
2961 3645 3179 3715 καρποῦ
3231 3647 3319 3710 εἰς
3353 3648 3509 3710 υἱοὺς
3535 3645 3696 3714 φωτὸς
3714 3641 3784 3695 καὶ

2225 3733 2376 3795 υἱοὺς
2407 3733 2619 3803 ἡμέρας
2655 3734 3070 3803 μετασκευάζει.
3103 3736 3210 3790 Διὰ
3248 3736 3417 3789 τοῦτό
3458 3753 3616 3806 φησιν
3647 3735 3677 3802 ἡ
3707 3746 3778 3798 γετ

2222 3823 2576 3894 γυμνασμένη
2607 3824 2673 3877 τά
2701 3825 3026 3896 αἰσθητήρια
3049 3825 3226 3898 ψυχὴ,
3263 3829 3351 3881 ὅτι
3383 3827 3622 3896 Καρπὸς
3639 3820 3786 3877 αὐτοῦ

2222 3914 2453 3981 γλυκὺς
2474 3914 2544 3966 ἐν
2585 3913 2663 3978 τῷ
2692 3913 2950 3984 λάρυγγι
2973 3935 3094 3984 μου
3117 3933 3130 3946 °
3179 3919 3410 3988 καρπὸς
3431 3918 3542 3988 est,
3573 3916 3785 3969 διδασκα-

2224 4002 2312 4055 λία
2362 4003 2577 4067 πάντως
2623 4004 2788 4059 ἐστίν.
2836 4005 2931 4072 Ὧς
2958 4007 3194 4075 γλυκέα
3221 4011 3374 4079 γὰρ,
3399 4011 3554 4080 φησὶ,
3593 4005 3665 4070 τῷ
3709 4001 3792 4057 ,ίὰ-

2215 4099 2394 4166 ρυτγί
2415 4116 2533 4167 μου
2558 4099 2628 4152 τὰ
2671 4100 2846 4170 dorici
2875 4117 3016 4164 σου,
3049 4103 3077 4153 ὁ
3115 4102 3468 4172 Προφήτης,
3496 4099 3642 4166 ὑπὲρ
3675 4095 3785 4165 μέλι

2221 4188 2307 4252 τῷ
2327 4191 2576 4258 στόματί
2599 4208 2739 4258 μου.
2759 4221 2828 4230 -
2851 4192 2946 4257 Ὠς
2974 4189 3186 4260 μῆλον
3221 4193 3300 4245 ἐν
3336 4192 3467 4257 τοῖς
3496 4192 3686 4255 ξύλοις
3706 4181 3788 4236 τοῦ

2223 4274 2471 4343 δρυμοῦ,
2525 4279 2710 4344 οὕτως
2757 4279 3081 4348 ἀδελφιδός
3126 4297 3264 4348 μου
3300 4281 3426 4336 ἀνὰ
3473 4279 3658 4348 μέσον
3694 4269 3786 4324 τῶν

2222 4361 2385 4416 υἱῶν.
2395 4397 2468 4408 —
2479 4367 2493 4388 '
2504 4370 2623 4424 Υπὸ
2632 4369 3134 4439 τὴνσκιὰναὺτοῦ
3147 4371 3534 4444 ἐπεθύμησα
3544 4364 3637 4423 καὶ
3649 4359 3784 4417 ἐκάθ-

478 4450 480 4452 ’
552 4467 612 4512 ιιι
645 4475 753 4514 non
790 4462 860 4514 ab
895 4461 998 4514 hoc
1043 4460 1156 4515 sole
1212 4473 1440 4512 uramur
1489 4457 1580 4528 qui
1628 4455 1786 4510 ardet
1827 4456 2119 4511 imminens

2224 4470 2360 4516 ισα,
2399 4455 2498 4508 καὶ
2543 4459 2576 4509 ό
2605 4457 2835 4524 καρπὸς
2870 4456 3056 4511 αὑτοῦ
3075 4459 3330 4526 γλυκὺς
3352 4461 3427 4514 ἐν
3469 4456 3548 4522 τῷ
3579 4445 3784 4519 ,πάριττί

550 4553 700 4605 nudo
725 4551 913 4621 capiti.
950 4550 1066 4606 Non
1095 4552 1229 4606 alias
1260 4561 1439 4606 autem
1471 4550 1599 4604 licet
1650 4548 1753 4603 sub
1785 4547 1975 4603 umbra
2033 4563 2121 4601 ar-

551 4640 705 4695 boris
733 4642 856 4694 vitae
887 4640 1222 4709 refrigerari,
1261 4655 1429 4711 quam
1461 4639 1506 4694 si
1567 4637 1842 4707 cupiditas
1901 4635 1968 4690 ad
2001 4651 2120 4690 eam

553 4731 838 4786 deduxerit
888 4734 1147 4786 animam.
1193 4731 1361 4787 Vides
1416 4745 1516 4784 cur
1547 4729 1644 4783 tibi
1696 4728 1770 4782 sit
1817 4727 1983 4782 insita
2040 4729 2122 4783 vis

555 4823 992 4891 concupiscendi,
1035 4838 1232 4891 nempe
1278 4831 1336 4876 ut
1394 4821 1491 4876 tibi
1530 4821 1678 4890 pomi
1724 4819 1926 4874 afferat
1972 4819 2122 4874 desi-

554 4912 787 4976 derium,
829 4928 893 4967 ex
933 4928 1040 4985 quo
1093 4913 1140 4967 ei
1177 4913 1270 4982 qui
1333 4911 1782 4982 appropinquarit
1837 4910 2118 4980 multiplex

557 5001 780 5056 fruenda
811 5003 1026 5058 exsistit
1054 5005 1327 5073 voluptas.
1363 5001 1498 5056 Nam
1536 5010 1589 5057 et
1612 5003 1805 5056 oculus
1833 5009 2118 5056 recreatur

556 5094 868 5162 aspectabili
901 5095 1329 5162 pulchritudine,
1369 5103 1421 5148 et
1452 5108 1623 5148 nasus
1648 5093 1786 5147 bene
1821 5093 2119 5161 spirantem

554 5187 785 5255 percipit
815 5186 1060 5249 odorem,
1107 5193 1161 5240 ct
1190 5201 1389 5256 corpus
1440 5186 1624 5248 alitur,
1657 5191 1711 5238 et
1738 5199 1800 5238 os
1831 5182 2122 5237 dulcedine

557 5280 808 5343 aﬁieitur,
841 5287 894 5334 et
927 5290 1095 5333 testus
1128 5279 1414 5340 avertitur,
1439 5285 1492 5331 et
1529 5277 1719 5330 umbra
1754 5274 1810 5327 ﬁt
1843 5273 2000 5328 sedes
2029 5275 2122 5327 cui

556 5369 791 5424 insideat
819 5370 1020 5433 anima,
1057 5383 1177 5439 qua:
1218 5367 1506 5436 abnegavit
1576 5364 1894 5419 cathedram
1953 5364 2122 5433 pesti-

555 5461 753 5515 lentiae.

2213 4562 2352 4612 μου.
2383 4545 2514 4599 Τότε
2541 4547 2648 4616 γὰρ
2686 4548 2900 4619 άληθῶς
2932 4547 3306 4616 γλυκαίνεται
3342 4549 3425 4621 τῷ
3462 4549 3602 4617 λόγῳ
3629 4542 3686 4598 τὰ
3707 4539 3780 4606 τῆς

2216 4635 2397 4706 ψυχῆς
2417 4637 2765 4709 αἰσθητήρια,
2805 4641 2930 4692 ὅταν
2964 4642 3113 4710 ἡμᾶς
3144 4641 3302 4711 πρὸς
3345 4641 3444 4694 τὸν
3480 4643 3544 4694 ἐκ
3570 4635 3664 4689 τῶν
3695 4645 3778 4680 πει-

2223 4729 2444 4799 ρασμῶν
2487 4729 2786 4800 φλογμὸνή
2824 4730 2949 4782 σκιὰ
3002 4729 3096 4784 τοῦ
3140 4732 3336 4802 μήλου
3392 4727 3695 4799 διατειχίσῃ,
3723 4716 3777 4776 ὡς

2225 4821 2298 4891 μὴ
2331 4821 2683 4888 συγκαίεσθαι
2719 4823 2867 4892 ἡμᾶς
2910 4822 3014 4874 ὑπὸ
3061 4821 3161 4874 τοῦ
3208 4825 3476 4878 τοιούτου
3526 4821 3672 4892 ἡλίου,
3704 4828 3777 4877 TJ'

2230 4910 2365 4981 μνῆς
2403 4911 2502 4980 τῆς
2545 4911 2783 4982 κεφαλῆς
2821 4911 3209 4984 ὕπερζέοντος.
3256 4918 3385 4970 Οὐκ
3430 4911 3622 4969 ἐστιδέ
3649 4901 3777 4961 ἄλλως

2228 5002 2331 5055 ὑπὸ
2358 5002 2456 5072 τὴν
2481 5003 2639 5057 σκιὰν
2668 5004 2760 5057 τοῦ
2797 5003 2951 5067 ξύλου
2973 5005 3071 5074 τῆς
3103 5005 3272 5077 ςωῆς
3307 5007 3602 5077 ἀναψῦξαι,
3621 4998 3679 5070 μὴ

2227 5090 2519 5161 ἐπιθυμίας
2561 5093 2694 5162 πρὸς
2723 5091 2883 5145 τοῦτο
2911 5093 3008 5163 τὴν
3053 5093 3250 5166 ψυχὴν
3285 5095 3616 5166 ἀναγούσης.
3653 5079 3774 5152 ὈΡᾷῖ

2228 5177 2315 5230 διὰ
2345 5179 2397 5230 τί
2431 5197 2510 5232 σοι
2541 5181 2573 5250 ἡ
2603 5180 2970 5252 ἐπιθυμητικὴ
3011 5181 3260 5252 δύναμις
3320 5187 3584 5254 ἔγκειται,
3613 5181 3682 5232 ἵνα
3718 5186 3778 5222 σοι

2230 5268 2392 5321 πόθον
2439 5271 2710 5342 ἐμποιήσῃ
2761 5270 2853 5323 τοῦ
2901 5272 3070 5342 μήλου
3096 5313 3109 5336 ,
3163 5269 3232 5328 οὗ
3287 5274 3578 5346 πολυειδὴς
3619 5267 3786 5336 γίνεται

2227 5362 2338 5422 τοῖς
2377 5361 2798 5431 προσεγγίσασιν
2830 5364 2862 5432 ἡ
2913 5363 3248 5429 ἀπόλαυσις.
3288 5368 3362 5420 Ὅ
3405 5385 3465 5419 τε
3504 5365 3606 5434 γὰρ
3629 5352 3789 5425 ὀφθαλ-

2233 5454 2330 5525 μὸς
2381 5455 2446 5522 τῇ
2491 5453 2606 5523 ὥρᾳ
2656 5454 2749 5506 τοῦ
2807 5456 3036 5520 κάλλους
3084 5458 3622 5528 προσαναπαύεται,
3662 5442 3790 5502 καὶὸ

561 5551 774 5623 μυκτὴρ
799 5551 1025 5603 ἀναπνεῖ
1060 5551 1157 5619 τὴν
1183 5547 1537 5610 εὖωδίαν,καὶ
1561 5546 1619 5598 τὸ
1652 5545 1810 5616 σῶμα
1847 5545 2125 5617 τρέφεται,
2163 5546 2256 5598 καὶ
2305 5544 2365 5596 τὸ
2407 5543 2580 5613 στόμα
2627 5545 2995 5612 γλυκαίνεται,
3045 5550 3145 5602 καὶ
3189 5553 3222 5604 ὁ
3268 5551 3496 5605 καύσων
3562 5539 3790 5612 ἀποστρέ-

558 5660 732 5713 φςται,
750 5643 842 5693 καὶ
867 5640 1046 5711 ἡσκιὰ
1075 5641 1258 5710 θρόνος
1281 5639 1510 5706 γίνεται,
1597 5635 1893 5708 ἐγκάθηται
1918 5639 1949 5708 ἡ
1977 5635 2148 5722 duxi),
2189 5639 2220 5708 ὴ
2248 5637 2354 5690 τῶν
2387 5637 2588 5708 λοιμῶν
2611 5637 2710 5708 τὴν
2742 5639 3006 5711 καθέδραν
3034 5641 3435 5714 ἀρνησαμένη.

629 5757 676 5792 ⁵³
699 5756 866 5813 llcbr.
890 5773 962 5823 tv,
991 5757 1076 5814 l5.
1152 5756 1199 5790 “
1219 5755 1377 5812 Joan.
1403 5771 1478 5825 vt,
1512 5758 1599 5812 58.
1677 5759 1722 5790 ⁵³
1746 5755 1890 5814 Psa-l.
1929 5773 2019 5824 xv,
2047 5755 2101 5813 2.

2179 5755 2391 5812 "Psal.
2449 5772 2606 5825 xvul,
2641 5757 2727 5811 ll.
