3928 6196
224 378 294 438 us
1114 387 1182 443 1N
1219 386 1517 445 CANTICA
1551 338 1824 442 CANTIC.
1867 382 2147 441 llOMlLlA
2191 389 2276 442 IV.

3327 387 3431 445 διδ

267 492 386 556 Εἶτά
405 513 574 568 φησιν
591 518 606 532 ·
633 501 997 572 Είσαγάγετέ
1012 519 1088 574 με
1112 505 1199 570 εὶς
1227 499 1396 558 οἶκον
1424 502 1531 556 τοῦ
1561 503 1758 560 οἴνους

1938 499 2142 557 Deinde
2181 503 2312 559 dicit
2355 522 2367 558 :
2414 503 2737 558 Introducite
2798 520 2876 558 me
2919 504 2982 557 in
3041 503 3232 558 cellam
3279 505 3430 559 vina-

221 588 396 653 τάξατε
417 589 512 643 ἐπ’
532 592 638 661 ἐμὲ
667 592 925 663 ἀγάπην,
953 592 1275 661 στηρίξατέ
1304 607 1385 662 με
1424 593 1495 646 ἐν
1532 591 1763 660 μύροις·

221 679 546 736 Στοιὸἀσατέ
570 700 646 752 με
678 684 748 737 ἐν
773 683 1028 753 μήλοις-⁸
1051 682 1142 737 ὅτι
1170 683 1496 752 τετρωμένη
1529 680 1766 750 ἀγάπης

221 769 320 840 ἑτὼ.
346 770 535 835 Ὅπως
556 771 725 843 τρέχῃ
750 772 829 842 τῷ
863 772 991 842 θείῳ
1021 771 1205 842 δρόμῳ
1230 774 1263 842 ἡ
1294 771 1474 834 καλῶς
1505 771 1582 840 τῷ
1610 769 1765 837 ἵππῳ

223 862 645 932 προσεικασθεῖσα
680 862 828 934 ψυχὴ
853 903 869 924 ,
901 864 978 928 ὡς
1019 867 1239 928 πυκνοῖς
1293 881 1352 917 τε
1396 863 1488 916 καὶ
1517 878 1763 914 συντετα-

222 952 366 1022 eam;
420 955 535 1016 τοῖς
585 953 790 1024 ἆλμασι
837 957 949 1018 τοῖς
999 955 1306 1025 ἔμπροσθεν
1353 952 1758 1014 ἐπεκτείνεται,

220 1042 320 1113 πρὸς
342 1042 393 1094 δὲ
425 1043 486 1096 τὸ
515 1044 744 1097 κατόπιν
778 1045 878 1096 οὐκ
908 1046 1293 1114 ἐπιστρέφεται
1316 1061 1330 1074 ο
1354 1043 1532 1096 πόσων
1575 1042 1763 1112 ἔτυχεν

217 1135 258 1185 ἐν
297 1136 398 1196 τοῖς
431 1133 709 1200 φθάσασι·
733 1136 826 1188 καὶ
858 1135 938 1188 ἔτι
966 1135 1112 1207 διψᾷ.
1146 1135 1256 1189 Καὶ
1286 1134 1519 1204 τοσαύτη
1558 1133 1650 1186 τοῦ
1682 1133 1762 1186 δί-

215 1224 318 1292 ψους
345 1225 492 1276 ἐστὶν
523 1225 556 1294 ἡ
594 1225 863 1292 ἐπίτασις,
903 1227 984 1278 ὅτι
1017 1227 1116 1278 οὐκ
1142 1227 1390 1296 ἀρκεῖται
1420 1225 1496 1295 τῷ
1524 1226 1621 1295 τῆς
1671 1241 1761 1277 σο-

215 1315 317 1381 φίας
334 1315 590 1386 κρατῆρι,
623 1317 729 1369 οὐδ’
766 1316 947 1370 ἱκανὸν
970 1317 1139 1371 οἴεται
1179 1317 1316 1388 πρὸς
1352 1317 1645 1388 θεραπείαν
1666 1318 1764 1387 τῆς

213 1405 345 1476 δίψης
376 1406 496 1459 ὅλον
518 1407 808 1477 ὲγχέασθαι
835 1409 925 1462 τὸν
961 1409 1209 1480 κρατῆρα,
1239 1408 1317 1478 τῷ
1358 1409 1582 1478 στόματι
1605 1425 1618 1438 .
1649 1407 1761 1460 ἀλλ’

213 1498 276 1558 είς
296 1497 448 1548 αὑτὸν
485 1497 580 1549 τοῦ
605 1498 748 1550 οίνου
782 1499 874 1552 τὸν
905 1497 1051 1552 οἷκον
1092 1499 1435 1571 παραχθῆναι
1464 1500 1632 1570 ζητεῖ,
1669 1498 1762 1552 καὶ

212 1588 377 1649 αὐταῖς
400 1590 518 1650 ταῖς
559 1587 739 1659 ληνοῖς
766 1589 1021 1660 ὑποσχεῖν
1050 1589 1111 1642 τὸ
1140 1589 1335 1659 στόμα,
1360 1593 1478 1652 ταῖς
1509 1590 1601 1642 τὸν
1622 1587 1762 1642 οἶνον

211 1675 287 1728 τὸν
311 1678 438 1746 ἡδὺν
486 1679 1083 1751 ὑπερϐλυζούσαις,καὶ
1138 1681 1263 1734 ίδεῖν
1310 1680 1402 1734 τὸν
1449 1681 1643 1751 βότρυν
1671 1682 1760 1734 τὸν

210 1770 313 1829 ταῖς
341 1769 517 1838 ληνοῖς
561 1769 955 1842 ὲνθλιὸόμενον,
987 1772 1080 1826 καὶ
1119 1772 1215 1843 τὴν
1265 1772 1510 1842 ἄμπελον
1547 1773 1760 1843 ἐκείνην

208 1857 293 1926 τὴν
317 1858 398 1912 τὸν
425 1859 668 1912 τοιοῦτον
713 1860 908 1933 βότρυν
936 1863 1325 1934 ἐκτρέφουσαν,
1361 1864 1453 1916 καὶ
1473 1862 1561 1915 τὸν
1591 1880 1764 1933 γεωρ-

209 1945 289 2010 γὸν
313 1947 406 2018 τῆς
435 1949 699 2020 ἀληθινῆς
749 1951 1018 2020 ἀμπέλου,
1053 1952 1147 2005 τὸν
1179 1951 1350 2015 οὕτως
1384 1951 1644 2022 εΰτροφον
1672 1951 1762 2004 τὸν

211 2037 383 2105 βότρυν
418 2041 512 2092 καὶ
533 2040 664 2110 ἡδὺν
696 2042 1142 2112 ἀπεργαζόμενον
1175 2062 1185 2072 ·
1213 2036 1288 2094 ὧν
1317 2042 1543 2095 ἕκαστον
1575 2059 1761 2112 περιτ-

206 2127 282 2180 τὸν
306 2128 368 2182 ἂν
390 2129 474 2200 εἴη
498 2130 938 2202 διευκρινεῖσθαι,
977 2151 1106 2202 φανε
1119 2136 1214 2204 ρᾶς
1235 2133 1395 2204 οὔσης
1417 2133 1516 2202 τῆς
1548 2134 1762 2203 ἑκάστῳ

206 2219 388 2272 τούτων
410 2221 849 2292 ἐνθεωρουμένης
897 2223 1164 2294 τροπικῆς
1211 2224 1503 2294 σημασίας.
1539 2224 1762 2285 Πάντως

202 2307 250 2359 Et
273 2311 483 2363 κάκεῖνο
513 2310 761 2380 βούλεται
796 2313 1030 2364 κατιδεῖν
1060 2312 1120 2364 τὸ
1161 2314 1476 2382 μυστήριον,
1503 2312 1618 2375 πῶς
1644 2313 1763 2383 ἐρυ-

200 2395 462 2466 θραίνεται
509 2399 589 2468 τῷ
639 2400 866 2471 πατητῷ
916 2402 1014 2470 τῆς
1064 2401 1225 2471 ληνοῦ
1285 2401 1351 2454 τὰ
1387 2400 1480 2453 τοῦ
1529 2401 1758 2470 νυμφίου
1798 2461 1808 2472 ,

196 2487 552 2560 ίμάτια.Περὶ
575 2484 636 2544 οὗ
661 2507 825 2559 φησιν
866 2493 894 2543 6
936 2494 1252 2562 προφήτης,
1295 2492 1375 2544 ὅτι
1409 2491 1510 2545 Διὰ
1546 2493 1602 2543 τί
1644 2508 1760 2546 σου

193 2578 397 2645 ἐρυθρὰ
427 2580 500 2633 τὰ
543 2579 769 2649 ἱμάτια,
803 2583 898 2636 καί
936 2582 1007 2635 τὰ
1049 2581 1348 2652 ἐνδύματά
1377 2597 1493 2636 σου
1526 2583 1605 2648 ὡς
1641 2583 1759 2636 ἀπὸ

193 2671 449 2736 sat-nteit
503 2673 698 2738 ληνοῦ
711 2689 732 2736 ;
781 2673 880 2726 Διά
915 2674 1086 2728 ταῦτα
1118 2675 1209 2727 καὶ
1241 2674 1309 2726 τὰ
1346 2673 1567 2727 τοιαῦτα
1611 2673 1760 2735 ἐντὸς

191 2758 281 2810 τοῦ
313 2761 456 2813 οἴκου
485 2761 739 2828 γενέσθαι
773 2762 944 2826 ποθεῖ,
978 2764 1034 2814 ὲν
1059 2754 1104 2829 ᾧ
1127 2763 1188 2814 τὸ
1216 2762 1355 2816 κατά
1376 2763 1465 2815 τὸν
1485 2761 1622 2815 οἶνόν
1645 2763 1760 2813 ἑστι

194 2850 498 2920 μυστήριον.
543 2846 676 2903 Εἶτα
704 2852 853 2915 ἐντὸς
882 2854 1169 2923 γενομένη,
1201 2852 1361 2906 πάλιν
1383 2854 1474 2905 ἐπὶ
1497 2851 1558 2904 τὸ
1577 2851 1761 2922 μεῖζον

191 2938 652 3011 ὲξάλλεται.Ζητεῖ
667 2941 776 3009 γὰρ
791 2942 850 2995 τὸ
866 2943 1198 3013 ὑποταγῆναι
1222 2947 1286 3014 τῇ
1310 2944 1516 3013 ἀγάπῃ.
1545 2943 1758 3013 Ἀγάπη

190 3028 243 3081 δέ
261 3031 406 3083 ἐστιν
420 3035 448 3085 6
464 3032 616 3096 θεὸς,
637 3031 776 3085 κατὰ
797 3034 895 3105 τὴν
923 3033 1166 3087 Ἰωάννου
1195 3034 1396 3106 φωνὴν,
1412 3027 1456 3101 ᾧ
1476 3036 1535 3086 τὸ
1559 3036 1759 3087 ὑποτα-

1867 595 2040 658 riam;
2077 595 2316 651 ordinate
2357 598 2410 651 in
2460 614 2540 652 me
2582 596 2914 651 charitatem.
2953 595 3161 651 Fulcite
3210 614 3292 651 me
3329 613 3431 651 uu-

1864 687 2068 754 guentis
2089 726 2104 750 ,
2137 686 2294 740 malis
2339 696 2512 741 torum
2547 687 2675 740 mihi
2711 686 2958 747 sternite,
2990 687 3117 754 quia
3156 702 3275 740 sum
3301 704 3430 740 sau-

1866 774 2009 827 ciata
2045 773 2366 829 dilectionis.
2400 774 2469 828 Ut
2490 775 2557 830 ad
2579 774 2824 830 divinum
2849 781 3037 829 currat
3065 788 3287 829 cursum
3309 790 3432 844 qua:

1867 871 2014 918 recte
2053 863 2207 933 prius
2243 865 2400 933 equis
2433 865 2733 920 assimilata
2768 871 2851 920 est
2898 864 3103 926 anima,
3165 870 3424 931 tanquam

1865 952 2076 1008 crebris
2115 961 2170 1010 et
2199 955 2466 1011 ordinatis
2497 955 2732 1010 saltibus
2763 955 2828 1008 ad
2864 953 3143 1008 anteriora
3201 951 3431 1007 tenden-

1866 1045 2014 1098 tibus
2047 1046 2380 1108 extenditur,
2407 1047 2474 1100 ad
2507 1046 2814 1116 posteriora
2847 1053 3028 1099 autem
3073 1059 3180 1098 non
3206 1057 3435 1098 conver-

1864 1137 2016 1201 titur,
2053 1137 2317 1207 q'uantum
2376 1137 2504 1193 licet
2563 1137 2904 1208 occupando.
2945 1134 3250 1202 Quinetiam
3295 1135 3429 1189 sitit.

1866 1227 2053 1296 Usque
2092 1223 2227 1280 adeo
2264 1232 2444 1278 autem
2513 1236 2743 1299 augetur
2783 1227 2924 1294 sitis,
2965 1235 3024 1280 ut
3056 1242 3085 1281 e
3148 1224 3434 1296 sapientiae

1864 1323 2076 1374 cratere
2125 1334 2231 1374 non
2279 1320 2516 1385 hauriat,
2574 1335 2752 1389 neque
2807 1319 2873 1372 ad
2932 1316 3228 1373 sedandam
3283 1316 3434 1371 sitim

1865 1412 1996 1465 satis
2026 1426 2147 1466 esse
2175 1418 2346 1481 putet,
2381 1411 2428 1466 si
2461 1418 2633 1468 totum
2660 1419 2924 1467 craterem
2970 1411 3023 1463 in
3060 1425 3122 1463 os
3155 1407 3430 1488 infundat,

1863 1501 1958 1554 sed
1985 1508 2142 1570 rogat
2170 1509 2227 1555 ut
2271 1502 2574 1557 deducatur
2599 1501 2668 1556 ad
2700 1502 2872 1570 ipsam
2905 1501 3096 1553 cellam
3126 1491 3396 1552 vinariam
3416 1539 3430 1560 ,

1863 1598 1916 1644 et
1948 1590 2081 1660 ipsis
2111 1591 2479 1648 torcularibus
2501 1606 2564 1646 os
2589 1590 2868 1659 subjiciat,
2927 1596 2981 1644 et
3018 1589 3178 1642 dulce
3229 1587 3420 1640 vinum

1863 1689 2080 1736 scatens
2111 1682 2362 1750 aspiciat,
2393 1681 2722 1750 botrumque
2749 1681 2840 1750 qui
2869 1679 3198 1749 exprimitur
3227 1679 3279 1731 in
3326 1688 3431 1730 tor-

1863 1770 2162 1836 cularibus,
2194 1780 2247 1826 et
2282 1773 2445 1826 vitem
2489 1772 2635 1825 illam
2667 1786 2788 1840 quae
2843 1770 2989 1824 hunc
3018 1771 3236 1824 botrum
3296 1769 3428 1831 alit,

1862 1869 1916 1915 et
1951 1876 2090 1916 verae
2126 1861 2270 1919 illius
2324 1864 2450 1919 vitis
2485 1862 2802 1932 agricolam,
2835 1861 2929 1931 qui
2962 1860 3101 1915 adeo
3162 1858 3429 1928 optimum

1861 1963 1916 2009 et
1953 1967 2175 2009 suavem
2231 1951 2394 2008 eiiicit
2425 1953 2668 2007 botrum.
2703 1951 2944 2018 Quorum
3002 1949 3430 2018 unumquodque

1863 2055 2327 2112 supervacaneum
2359 2042 2524 2096 fuerit
2554 2042 2849 2112 explicare,
2880 2057 3006 2095 cum
3036 2042 3107 2095 sit
3136 2039 3430 2095 manifesta

1862 2146 1984 2202 qua:
2012 2130 2068 2184 in
2098 2145 2429 2201 unoquoque
2458 2145 2647 2186 eorum
2675 2130 3057 2186 consideratur
3099 2128 3306 2198 trepica
3357 2129 3432 2184 si-

1861 2220 2158 2292 gniﬁcatio.
2186 2220 2323 2275 Illud
2353 2227 2533 2290 autem
2573 2221 2796 2276 omnino
2837 2220 2953 2273 vult
2991 2220 3174 2274 videre
3214 2226 3432 2290 myste-

1862 2313 2028 2378 rium,
2057 2311 2513 2381 quemadmodum
2552 2327 2756 2382 sponso
2791 2313 3024 2367 calcanti
3061 2311 3304 2366 torcular
3338 2327 3430 2366 ru-

1861 2404 1972 2458 brae
2011 2404 2142 2458 ﬁant
2173 2413 2374 2459 vestes.
2409 2403 2484 2459 De
2515 2419 2623 2474 quo
2650 2403 2782 2460 dicit
2820 2404 3082 2475 propheta
3113 2423 3125 2458 :
3163 2403 3335 2470 Quam
3366 2402 3428 2455 ob

1862 2513 1969 2550 rem
2011 2497 2173 2550 rubra
2203 2505 2324 2550 sunt
2353 2497 2662 2550 vestimenta
2715 2507 2827 2558 tua,
2857 2504 2907 2549 et
2955 2496 3261 2549 indumenta
3293 2496 3429 2548 sicut

1861 2586 1923 2639 de
1948 2585 2152 2639 calcato
2182 2585 2536 2639 torculari"?
2565 2584 2792 2653 Propter
2810 2585 2923 2639 haec
2943 2593 2998 2640 et
3027 2600 3148 2654 qua:
3175 2591 3304 2639 sunt
3328 2583 3432 2637 hu-

1857 2676 2119 2744 jusmodi,
2183 2675 2334 2744 cupit
2394 2674 2604 2744 ingredi
2649 2674 2897 2738 domum,
2955 2676 3008 2727 in
3039 2689 3146 2742 qua
3175 2680 3260 2728 est
3316 2673 3428 2726 vini

1861 2765 2181 2837 mysterium
2218 2771 2287 2820 ‘ac
2315 2773 2741 2820 sacramentum.
2795 2761 3001 2818 Deinde
3053 2763 3322 2832 ingressa,
3359 2764 3428 2815 ad

1862 2855 2039 2924 majus
2095 2871 2289 2911 rursus
2345 2855 2552 2910 exsilit.
2589 2853 2764 2926 Rogat
2808 2855 2951 2910 enim
3014 2861 3072 2908 ut
3106 2854 3429 2922 subjiciatur

1862 2946 2139 3001 cbaritati.
2194 2945 2450 3000 Charitas
2507 2953 2810 3006 autemest
2865 2944 3032 3006 Deus,
3084 2952 3144 2998 ut
3182 2959 3285 2997 vox
3343 2951 3428 2998 est

1860 3036 2089 3093 Joannis
2113 3038 2182 3100 ⁸⁸,
2217 3038 2305 3093 cui
2336 3039 2635 3108 subiectam
2670 3053 2793 3093 esse
2827 3037 3084 3099 animam,
3117 3051 3239 3092 esse
3280 3037 3426 3090 salu-

194 3118 348 3186 τῆναι
366 3121 459 3191 τὴν
489 3121 690 3191 ψυχὴν,
711 3123 982 3194 σωτηρίαν
1005 3119 1141 3177 εἶναι
1172 3126 1200 3177 6
1225 3124 1388 3190 Δαϐὶδ
1421 3124 1756 3193 ἀπεφήνατο.

1863 3137 1969 3184 tem
1997 3127 2165 3183 David
2205 3130 2580 3200 pronuntiavit
2601 3131 2670 3181 ⁸9.
2695 3128 2962 3195 Quoniam
3004 3128 3249 3198 ingressa
3281 3143 3425 3191 sum,

205 3209 352 3263 Ἐπεὶ
373 3209 461 3265 οὖν
498 3212 918 3283 γέγονα,φησὶν,
953 3215 1010 3266 ὲν
1041 3213 1118 3283 τῷ
1156 3213 1290 3285 οἴκῳ
1322 3215 1414 3268 τοῦ
1442 3214 1755 3279 οἴνου,ὐπο-

192 3294 380 3368 τάξατε
406 3324 471 3374 με
499 3309 564 3376 τῇ
601 3307 808 3377 ἀγάπῃ,
847 3307 968 3377 ἦτοι
1010 3307 1205 3372 τάξατε
1233 3309 1320 3360 ἐπ’
1353 3307 1452 3377 ἐμὲ
1496 3309 1593 3379 τὴν
1620 3309 1756 3376 ἀγά-

194 3410 313 3463 πην.
336 3397 518 3459 Ὅπως
536 3397 602 3451 ἂν
634 3399 812 3470 χρήσῃ
844 3400 908 3469 τῇ
945 3400 1253 3470 ἀναστροφῇ
1293 3398 1386 3452 τοῦ
1409 3399 1589 3468 λόγου,
1624 3401 1757 3453 ταύ-

193 3486 281 3539 τόν
309 3490 420 3541 ἐστι
445 3491 512 3542 δι’
538 3490 801 3561 ἐκατέρου
831 3489 891 3542 τὸ
915 3490 1334 3560 σημαινόμενον,
1360 3490 1421 3542 ἐκ
1460 3508 1520 3542 τε
1540 3490 1632 3543 τοῦ
1655 3491 1759 3544 ὑπὸ

193 3575 282 3646 τὴν
329 3581 544 3651 ἀγάπην
590 3581 874 3652 ταχθῆναι,
922 3582 1017 3635 καὶ
1059 3581 1150 3635 τοῦ
1205 3581 1303 3652 τὴν
1355 3582 1574 3653 ἀγάπην
1621 3582 1756 3654 αὐτῇ

194 3665 555 3741 ἐπιταχθῆναι.

255 3761 323 3813 Ἦ
357 3763 494 3832 τάχα
530 3781 583 3816 τι
615 3764 710 3817 καὶ
741 3763 915 3833 δόγμα
947 3765 1055 3816 τῶν
1093 3763 1451 3833 ἀστειοτέρων
1499 3763 1586 3815 διὰ
1627 3762 1756 3816 ταύ-

191 3865 280 3918 της
306 3856 404 3924 τῆς
432 3854 616 3924 φωνῆς
644 3855 1025 3925 διδασκόμεθα,
1055 3856 1170 3907 οἵαν
1201 3851 1506 3907 ἀνατιθέναι
1535 3855 1610 3924 τῷ
1639 3855 1758 3926 Θεῷ

189 3941 278 4011 τὴν
315 3945 532 4017 ἀγάπν
576 3947 860 4017 προσήκει,
909 3947 1002 4000 καὶ
1048 3947 1193 4010 ὅπως
1226 3945 1358 4017 πρὸς
1393 3930 1523 4009 τοὺς
1567 3946 1757 4010 ἄλλους

188 4033 342 4103 ἔχειν.
377 4037 436 4089 Et
475 4037 584 4107 γάρ
617 4037 720 4108 χρὴ
770 4038 948 4091 πάντα
994 4037 1132 4090 κατά
1157 4037 1310 4103 τάξιν
1356 4037 1447 4089 καὶ
1487 4036 1758 4106 εὐσχημό-

187 4143 284 4189 νως
307 4127 568 4195 γίνεσθαι,
597 4129 774 4199 πολλῷ
805 4129 1002 4198 μᾶλλον
1028 4131 1061 4200 ἡ
1090 4128 1240 4195 τάξις
1278 4129 1335 4180 ὲν
1361 4130 1472 4190 τοῖς
1498 4127 1758 4190 τοιούτοις

186 4219 451 4286 ἁρμόδιος.
502 4221 576 4273 Οὐ
611 4221 720 4291 γὰρ
759 4221 824 4273 ἂν
867 4221 989 4274 οὔτε
1037 4221 1066 4273 6
1109 4221 1246 4273 Κάϊν
1303 4221 1394 4274 ἐπὶ
1446 4218 1522 4290 τῷ
1573 4219 1756 4282 κακῶς

181 4303 369 4360 διελεῖν
402 4311 720 4381 κατεκρίθη,
749 4313 796 4364 εί
841 4311 976 4382 μετά
1006 4311 1100 4364 τοῦ
1134 4311 1306 4383 ὀρθῶς
1349 4313 1752 4382 προσενεγκεῖν,

182 4395 269 4446 καὶ
299 4397 362 4450 τὺ
398 4391 608 4470 πρέπον
655 4401 713 4453 ὲν
752 4404 816 4472 τῇ
847 4400 995 4466 τάξει
1046 4402 1342 4472 πεφύλαχε.
1370 4401 1476 4455 τῶν
1509 4401 1656 4472 αὑτῷ
1694 4419 1754 4455 τε

1861 3219 2060 3288 inquit.
2093 3219 2146 3272 in
2178 3220 2375 3274 cellam
2409 3219 2702 3280 vinariam,
2737 3217 2998 3286 subjicite
3037 3233 3124 3272 me
3156 3217 3431 3279 charitati,

1861 3327 1956 3368 seu
1987 3312 2236 3366 ordinate
2283 3313 2337 3366 in
2397 3328 2481 3367 me
2536 3312 2888 3366 charitatem.
2925 3306 3428 3376 Quomodoeunque

1860 3403 2007 3456 enim
2039 3405 2212 3458 utaris
2247 3403 2394 3458 verbi
2446 3403 2776 3466 inversione,
2832 3401 2975 3456 idem
3009 3411 3092 3456 est
3124 3397 3268 3468 quod
3329 3413 3424 3466 per

1860 3500 2150 3564 utrumque
2176 3495 2530 3565 signiﬁcatur,
2563 3509 2761 3564 nempe
2798 3502 2853 3548 et
2907 3508 2970 3547 ex
3012 3508 3077 3547 eo
3112 3491 3260 3562 quod
3294 3491 3428 3543 sub-

1854 3585 1996 3653 jecta
2039 3585 2111 3642 sit
2150 3586 2437 3649 charitati,
2470 3592 2524 3641 et
2560 3601 2628 3641 ex
2656 3599 2722 3640 eo
2758 3583 2903 3654 quod
2933 3584 3173 3639 charitas
3199 3583 3246 3637 ei
3279 3583 3428 3635 ordi—

1861 3682 2037 3752 netur.

1927 3763 2082 3817 Nunc
2109 3773 2283 3818 autem
2306 3771 2358 3818 et
2383 3765 2580 3818 scitum
2604 3763 2821 3833 aliquod
2848 3765 3041 3833 dogma
3068 3779 3130 3817 ex
3157 3764 3257 3816 hac
3295 3779 3426 3817 vut‘c

1862 3853 2001 3909 forte
2035 3853 2315 3919 docemur,
2348 3869 2544 3924 nempe
2579 3854 2885 3922 cujusmodi
2927 3854 2998 3908 sit
3039 3851 3150 3906 Deo
3182 3853 3426 3907 tribuen-

1859 3949 1925 4004 da
1964 3948 2223 4010 cbaritas,
2253 3957 2306 4001 et
2352 3947 2809 4017 quemadmodum
2843 3949 2895 4001 in
2929 3962 2988 4001 se
3019 3946 3249 4001 invicem
3295 3945 3430 4000 atie-

1857 4048 1976 4094 ctos
1999 4054 2121 4094 esse
2146 4047 2414 4107 oporteat.
2459 4037 2515 4092 Si
2543 4041 2688 4093 enim
2729 4047 2946 4109 oportet
3009 4038 3188 4092 omnia
3235 4036 3428 4091 ordine

1857 4136 1910 4182 et
1941 4128 2167 4182 honeste
2197 4127 2336 4189 ﬁeri,
2377 4129 2549 4183 multo
2577 4129 2824 4200 magisin
2881 4128 2965 4182 his
3009 4135 3092 4183 est
3119 4128 3254 4182 ordo
3293 4143 3429 4182 con-

1857 4220 2102 4276 veniens.
2135 4218 2322 4291 Neque
2347 4222 2491 4275 enim
2533 4221 2930 4276 condemnatus
2959 4229 3106 4276 esset
3135 4221 3268 4274 Cain
3303 4236 3428 4287 pro-

1857 4319 2042 4382 pterea
2073 4313 2216 4380 quod
2247 4313 2387 4368 male
2419 4312 2761 4376 divideret“,
2795 4313 2839 4366 si
2864 4327 2986 4366 cum
3020 4327 3085 4367 eo
3111 4310 3256 4380 quod
3285 4319 3428 4364 recte

1857 4403 2165 4469 obtulisset,
2191 4403 2354 4457 etiam
2380 4402 2431 4456 id
2459 4403 2602 4472 quod
2634 4401 2793 4456 decet
2825 4402 2878 4455 in
2910 4402 3100 4456 ordine
3125 4410 3424 4463 servasset,

183 4485 310 4554 πρὸς
349 4490 538 4560 χρείαν
582 4491 1079 4562 καταλειπομένων,
1115 4493 1207 4546 καλ⁸
1244 4491 1352 4545 τῶν
1382 4491 1459 4562 τῷ
1502 4492 1620 4562 Θεῷ
1652 4493 1756 4562 ὰφ-

1860 4505 1970 4551 tam
2003 4511 2192 4552 eorum
2236 4509 2359 4564 qua:
2387 4494 2667 4548 restabant
2693 4494 2760 4548 ad
2807 4508 2988 4557 usum,
3027 4508 3189 4562 quam
3235 4507 3424 4547 eorum

180 4581 505 4649 ιερωμένων.
555 4582 683 4635 Δέον
721 4584 828 4655 γὰρ
876 4585 940 4637 ὲκ
979 4585 1086 4637 τῶν
1131 4583 1360 4656 πρώτων
1403 4584 1756 4653 γεννημάτων

175 4668 246 4738 τῷ
273 4671 397 4742 Θεῷ
427 4672 526 4742 τῆς
556 4673 744 4738 θυσίας
771 4673 1137 4746 ἀπάρξασθαι,
1166 4673 1327 4736 αὐτὸς
1358 4673 1468 4727 τῶν
1502 4673 1757 4744 τιμιωτέ-

177 4776 276 4825 ρων
309 4764 662 4835 ἐμφορηθεὶς,
688 4766 780 4819 τὸν
806 4766 936 4819 Θεὸν
964 4767 1076 4829 τοῖς
1113 4765 1385 4835 λειψάνοις
1417 4765 1751 4830 ἐδεξιώσατο.

173 4853 280 4922 Χρὴ
315 4854 500 4907 τοίνυν
544 4856 742 4910 εἰδέναι
781 4857 880 4928 τῆς
933 4856 1152 4928 ἀγάπης
1202 4856 1300 4928 τὴν
1345 4856 1516 4921 τάξιν.
1556 4856 1622 4927 ἥν
1651 4857 1753 4927 ὑφ-

171 4946 380 5009 ηγεῖται
433 4942 523 4995 διὰ
551 4943 644 4996 τοῦ
676 4945 863 5014 νόμου,
893 4943 1009 5008 πῶς
1048 4945 1146 5014 μὲν
1181 4943 1494 5012 ἀγαπᾶσθαι
1521 4944 1625 5014 χρὴ
1655 4943 1748 4995 τὸν

168 5033 312 5096 Θεὸν,
343 5034 464 5097 πῶς
492 5035 548 5087 δὲ
579 5035 670 5088 τὸν
713 5036 957 5105 πλησίον,
987 5037 1081 5089 καὶ
1114 5036 1214 5106 τὴν
1239 5038 1490 5103 γυναῖκα,
1533 5036 1623 5088 καὶ
1658 5035 1748 5088 τὸν

165 5125 376 5197 ἐχθρὸν,
404 5127 614 5197 μήποτε
644 5128 874 5190 ἄτακτός
902 5145 986 5190 τις
1009 5128 1102 5181 καὶ
1131 5125 1500 5197 ὲνηλλαγμένη
1528 5125 1747 5194 γένηται

163 5218 250 5286 τῆς
273 5219 506 5287 ἀγάπης
539 5220 572 5288 ἡ
607 5219 1008 5290 ἀποπλήρωσις.
1057 5222 1148 5272 Δεῖ
1183 5219 1292 5290 γάρ
1328 5219 1457 5271 Θεὸν
1486 5218 1582 5287 μὲν
1614 5218 1749 5286 ἁγα-

165 5310 257 5377 πᾷν
289 5309 354 5373 ἐξ
381 5309 509 5379 ὅλης
536 5309 761 5380 καρδίας
778 5326 837 5362 τε
871 5311 964 5362 καὶ
984 5308 1179 5379 ψυχῆς,
1215 5310 1308 5362 καὶ
1332 5309 1632 5378 δυνάμεως,
1657 5309 1751 5362 καὶ

163 5400 487 5468 αἰσθήσεως
509 5399 599 5452 τὸν
627 5399 683 5452 δὲ
703 5399 950 5470 πλησίον,
973 5400 1044 5461 ὡς
1068 5399 1277 5452 ἑαυτόν·
1298 5397 1396 5470 τὴν
1421 5398 1476 5450 δὲ
1493 5401 1745 5466 γυναῖκα,

165 5491 201 5540 εί
249 5491 355 5560 μὲν
407 5489 798 5562 καθαρωτέρας
833 5491 948 5542 ἐστί
993 5488 1192 5560 ψυχῆς,
1222 5488 1295 5552 ὡς
1328 5491 1356 5541 ό
1388 5488 1620 5558 Χριστὸς
1649 5489 1748 5546 τὴν

174 5577 533 5648 Ἐκκλησίαν·
574 5581 602 5632 6
639 5579 694 5632 δὲ
730 5579 1153 5650 ἐμπαθέστερος,
1184 5579 1258 5641 ὡς
1301 5577 1362 5630 τὸ
1399 5578 1525 5630 ἴδιον
1553 5577 1709 5647 σῶμα
1731 5595 1744 5608 ·

1853 4603 1974 4658 qum
2015 4587 2123 4641 Deo
2157 4586 2642 4640 consecrabantur.
2679 4583 2815 4640 Cum
2863 4585 3007 4639 enim
3043 4590 3320 4653 oporteret
3354 4598 3419 4637 ex

1853 4679 1920 4732 iis
1957 4691 2078 4746 quae
2115 4674 2292 4742 primo
2322 4685 2447 4730 nata
2475 4683 2656 4741 erant,
2693 4675 2802 4732 Deo
2835 4675 3052 4731 divinas
3089 4674 3289 4729 offerre
3311 4675 3424 4743 pri-

1853 4767 2054 4831 mitias,
2088 4766 2206 4835 ipse
2232 4767 2475 4838 repletus
2513 4767 2580 4822 iis
2621 4783 2742 4836 quae
2785 4775 2942 4822 erant
2963 4766 3308 4837 pretiosiora,
3343 4780 3428 4819 re-

1853 4853 2040 4922 liquiis
2096 4852 2266 4907 Deum
2322 4855 2602 4925 excipiens
2643 4864 2727 4911 est
2792 4865 3139 4925 prosecutus.
3200 4855 3428 4925 Oportet

1853 4955 1982 5011 ergo
2024 4941 2167 4996 scire
2224 4941 2472 4998 ordinem
2519 4944 2844 5010 eharitati‘s,
2896 4961 3060 5016 quam
3114 4962 3211 5015 per
3251 4947 3423 5016 legem

1853 5031 2096 5099 exponit,
2142 5048 2336 5104 nempe
2363 5035 2827 5105 quemadmodum
2860 5037 3028 5092 Deum
3069 5045 3317 5107 oporteat
3343 5039 3427 5092 di-

1854 5123 2043 5192 ligere,
2077 5130 2132 5178 et
2153 5139 2402 5191 uxorem,
2426 5134 2481 5180 et
2510 5127 2816 5191 inimicum,
2843 5144 2910 5184 ne
2947 5129 3083 5183 forte
3115 5129 3423 5183 inordinata

1853 5220 1908 5268 et
1938 5212 2153 5268 inversa
2200 5214 2292 5268 ﬁat
2327 5216 2612 5272 charitatis
2646 5214 2981 5289 adimpletio.
3021 5219 3244 5289 Oportet
3275 5221 3418 5275 enim

1857 5301 2022 5357 Deum
2059 5303 2277 5373 quidem
2309 5305 2535 5377 diligere
2589 5324 2655 5362 ex
2692 5317 2807 5364 toto
2844 5310 3010 5364 corde
3043 5319 3097 5365 et
3147 5312 3327 5364 anima
3369 5318 3422 5364 et

1851 5395 2092 5463 potentia
2121 5404 2174 5450 et
2203 5412 2406 5453 sensu:
2453 5401 2761 5470 proximum
2806 5412 2985 5457 autem
3029 5412 3286 5474 tanquam
3330 5419 3418 5458 se-

1850 5487 2026 5554 ipsum
2054 5506 2065 5541 :
2100 5496 2154 5542 ct
2186 5505 2432 5552 uxorem,
2469 5492 2514 5544 si
2544 5493 2782 5562 purioris
2819 5495 3038 5564 quidem
3081 5505 3168 5552 est
3200 5497 3413 5555 animm.

1849 5579 1991 5632 sicut
2031 5579 2284 5636 Christus
2329 5579 2666 5651 Ecclesiam;
2723 5585 2806 5639 sin
2840 5594 3021 5642 autem
3089 5597 3172 5642 est
3222 5587 3418 5640 anima:

240 5759 671 5822 "isa.um,2.
749 5757 1106 5823 "lJoan.|v,
1131 5756 1182 5812 8.
1260 5755 1668 5824 'iPsalmxtﬁ.
1747 5754 2175 5820 °°Genes.tv,7.
