3928 6196
606 285 714 340 ’847

1881 278 1939 332 S.
1974 276 2300 334 GREGORII
2337 277 2634 334 NYSSENI

3681 286 3761 342 848

614 395 776 466 paulo
813 392 986 463 magis
1007 390 1258 448 obnoxiae
1286 390 1452 446 animi
1482 389 2006 462 perturbationibus,
2031 392 2176 446 sicut

2297 391 2420 445 ιῦτω
2448 391 2556 464 γὰρ
2586 389 2794 445 κελεύει
2829 391 2855 445 6
2885 390 2994 445 τῶν
3032 387 3276 444 τοιούτων
3295 390 3557 465 διατάκτης
3580 394 3762 465 Παῦλος.

611 499 812 553 corpus
860 485 1163 552 praprium.
1198 482 1290 538 Sic
1325 486 1470 537 enim
1501 481 1652 552 jubet
1692 481 1786 550 qui
1809 481 1921 535 hmc
1961 481 2179 535 ordinat

611 570 816 626 Paulus
840 572 909 624 ⁸³.
947 570 1232 626 Inimicum
1267 582 1468 638 autem,
1499 573 1554 626 in
1575 585 1640 626 eo
1661 569 1806 640 quod
1845 584 1952 623 non
1986 569 2178 623 redda-

609 677 734 716 mus
766 661 970 714 malum
1008 675 1107 730 pro
1145 661 1308 724 malo,
1359 660 1452 715 sed
1491 674 1591 730 pro
1629 657 1828 727 injuria
1872 656 2178 712 referamus

609 751 955 807 beneficium.
989 750 1147 805 Nunc
1176 760 1356 805 autem
1410 750 1538 804 licet
1586 749 1771 804 videre
1809 748 2095 804 confusam
2125 755 2180 802 et

599 843 978 897 inordinatam
1021 843 1077 895 in
1133 842 1322 896 multis
1371 842 1716 905 charitatem,
1759 855 1854 909 per
1891 854 1999 892 non
2044 853 2180 892 con-

595 944 890 1003 gruentem
950 932 1438 988 inconcinnitatem
1497 932 1731 986 erratice
1807 930 2175 985 incedentem.

607 1023 742 1077 Nam
761 1023 926 1093 aliqui
956 1022 1173 1094 quidem
1205 1023 1488 1093 pecunias,
1511 1031 1568 1076 et
1604 1023 1860 1085 honores,
1882 1029 1935 1076 et
1956 1035 2176 1086 uxores,

599 1114 662 1167 in
701 1129 795 1168 eas
847 1114 987 1168 forte
1020 1113 1303 1168 ardentius
1334 1111 1536 1180 affecti,
1571 1128 1636 1166 ex
1689 1119 1804 1167 tota
1849 1113 2028 1166 anima
2053 1111 2178 1167 dili-

607 1213 742 1273 gunt
767 1212 822 1259 et
861 1205 994 1260 totis
1023 1204 1254 1268 viribus,
1289 1204 1536 1259 utetiam
1561 1204 1797 1257 animam
1832 1218 1931 1272 pro
1976 1202 2056 1258 eis
2092 1218 2180 1256 ve-

611 1295 713 1347 lint
753 1293 1121 1362 profundere:
1160 1292 1272 1348 Deo
1315 1301 1582 1363 quantum
1637 1292 1884 1347 videtur:
1931 1293 2178 1362 proximo

601 1391 792 1438 autem
842 1383 932 1435 vix
971 1390 1177 1435 tantam
1216 1381 1508 1437 ostendant
1558 1382 1882 1437 charitatem
1910 1422 1925 1448 ,
1973 1390 2176 1450 quanta

610 1475 838 1528 debetur
879 1473 1141 1528 inimicis.
1196 1474 1252 1526 In
1285 1489 1378 1528 cos
1418 1480 1599 1528 autem
1639 1473 1732 1543 qui
1793 1472 1922 1527 odio
1977 1472 2179 1527 habent

611 1565 728 1618 haec
766 1575 850 1619 est
891 1563 1126 1628 aﬂ'ectio,
1160 1571 1220 1618 ut
1264 1565 1456 1634 majori
1498 1566 1642 1617 malo
1681 1564 2025 1617 ulciscantur
2053 1577 2176 1616 eum

610 1657 702 1724 qui
734 1656 886 1725 prior
914 1654 1092 1710 affecit
1125 1655 1347 1724 injuria.
1387 1653 1650 1709 Ordinate
1703 1669 1834 1724 ergo
1865 1653 1921 1706 in
1957 1668 2062 1718 me,
2096 1653 2178 1706 in-

2280 483 2382 535 Τὸν
2405 482 2596 554 ἐχθρὸν
2614 483 2678 536 ’δὲ
2712 485 2770 537 ὲν
2793 480 2870 553 τῷ
2899 482 2974 553 μὴ
3002 482 3169 535 κακὸν
3193 483 3478 536 ἀντιδοῦναι
3498 487 3644 556 κακῷ,
3663 491 3764 544 ἀλλὰ

2278 572 2346 624 δι’
2368 571 2683 641 εὐεργεσίας
2706 571 2803 642 τὴν
2827 570 3035 624 ἀδικίαν
3057 569 3400 640 ἀμείψασθαι.
3425 571 3528 626 Νῦν
3546 573 3596 626 δὲ
3620 594 3770 645 συγχε-

2280 661 2519 732 χυμένην
2546 661 2691 714 ἔστιν
2723 661 2847 714 ἰδεῖν
2872 661 2964 714 καὶ
2993 660 3222 714 ἄτακτον
3254 660 3342 713 ἐπὶ
3377 663 3477 715 τῶν
3492 663 3679 718 πολλῶν
3699 671 3774 738 τὴν

2280 757 2519 826 ἀγάπην,
2553 756 2637 810 διὰ
2665 758 2761 826 τῆς
2789 755 3158 827 ἀκαταλλήλου
3189 756 3532 828 ἀναρμοστίας
3554 761 3774 831 πεπλανη-

2283 847 2458 913 μένως
2508 845 2925 916 ἐνεργουμένην.
2984 847 3046 899 Οἵ
3095 847 3344 916 χρήματα
3393 848 3483 917 μὲν
3532 851 3613 902 καὶ
3651 853 3777 922 τιμὰς

2280 937 2372 989 καὶ
2423 937 2717 1004 γυναῖκας,
2763 934 2829 988 ἂν
2869 935 3072 1005 τύχωσι
3131 934 3448 1005 θερμότερον
3491 938 3609 1007 πρὸς
3650 940 3778 1002 αὑτὰς

2279 1025 2627 1096 διακείμενοι,
2659 1025 2716 1090 ἐξ
2747 1025 2874 1095 ὅλης
2905 1025 3082 1095 ψυχῆς
3109 1025 3203 1079 καὶ
3239 1025 3504 1095 δυνάμεως
3531 1030 3779 1097 ἀγαπῶσιν,

2279 1115 2352 1179 ὡς
2379 1116 2473 1168 καὶ
2499 1116 2597 1187 τὴν
2628 1113 2771 1185 ζωὴν
2800 1113 2865 1168 ἂν
2902 1114 3042 1186 ὑπὲρ
3069 1114 3243 1169 αὐτῶν
3273 1115 3512 1186 ἐθελῆσαι
3546 1121 3778 1190 προέσθαιο

2278 1206 2412 1259 Θεὸν
2439 1206 2494 1259 δὲ
2526 1204 2777 1258 τοσοῦτον
2811 1206 2934 1258 ὅσον
2968 1205 3170 1258 δοκεῖν·
3215 1204 3291 1275 τῷ
3334 1205 3388 1258 δὲ
3434 1207 3634 1276 πλησίον
3669 1209 3781 1279 μόλις

2277 1297 2343 1350 ἂν
2375 1296 2734 1360 έπιδείξαιντο
2764 1297 2862 1368 τὴν
2889 1298 3000 1358 τοῖς
3045 1288 3258 1366 ἐχθροῖς
3309 1296 3654 1367 ἀφορισθεῖσαν
3682 1301 3782 1366 ἀγά-

2280 1403 2409 1455 πην.
2453 1385 2519 1436 Ἠ
2565 1384 2622 1436 δὲ
2669 1385 2805 1454 πρὸς
2857 1385 2985 1447 τοὺς
3043 1382 3328 1452 μισοῦντας
3378 1383 3547 1453 σχέσις
3593 1385 3705 1448 ἐστὶ,
3729 1387 3786 1454 τῷ

2281 1474 2483 1546 μείζονι
2524 1475 2676 1544 κακῷ
2710 1475 2837 1538 τοὺς
2882 1474 3353 1546 προλελυπηκότας
3397 1473 3681 1544 ἀμύνεσθαι.
3709 1477 3788 1528 Τά·

2279 1569 2404 1633 ξατε
2429 1561 2541 1630 οὗν,
2575 1567 2756 1636 φησὶν,
2786 1567 2871 1619 ἐπ’
2903 1566 3003 1636 ἐμὲ
3042 1566 3138 1636 τὴν
3169 1565 3403 1635 ἀγάπην,
3428 1564 3557 1617 ὥστε
3586 1564 3684 1635 Θεῷ
3713 1565 3784 1634 μὲν

2278 1657 2584 1712 ἀνατιθέναι
2629 1658 2751 1710 ὅσον
2798 1656 3090 1726 ὀφείλεται,
3138 1656 3232 1708 ἐπὶ
3283 1656 3338 1708 δὲ
3384 1655 3486 1708 τῶν
3522 1655 3670 1710 ἄλλων
3695 1656 3787 1708 ἑκά-

611 1747 750 1818 quit.
785 1747 1128 1810 charitatem,
1167 1755 1226 1800 ut
1264 1746 1374 1800 Deo
1409 1755 1618 1800 tantum
1649 1747 1883 1800 tribuam
1915 1753 2178 1815 quantum

2297 1767 2429 1813 ςτου,
2460 1748 2555 1801 τοῦ
2585 1749 2952 1820 προσήκοντος
2990 1748 3183 1818 μέτρου
3221 1747 3295 1818 μὴ
3319 1748 3612 1818 ἀστοχῆσαι.
3641 1749 3696 1800 Ἦ
3723 1747 3787 1799 καὶ

611 1840 862 1901 debetur,
896 1839 951 1892 in
991 1853 1319 1907 unoquoque
1341 1845 1520 1892 autem
1549 1837 1804 1902 aliorum,
1834 1837 1903 1891 ab
1922 1853 1984 1893 ea
2016 1852 2180 1906 quam

610 1945 712 2001 par
743 1939 827 1984 est
854 1943 1111 1984 mensura
1145 1944 1254 1983 non
1299 1930 1564 1983 aberrem.
1613 1930 1694 1981 An
1752 1928 1893 1982 forte
1932 1943 2029 1996 per
2076 1928 2183 1982 hoc

611 2027 776 2080 etiam
802 2025 928 2080 licet
970 2025 1288 2094 intelligere,
1322 2023 1467 2093 quod
1507 2022 1773 2088 Quoniam
1825 2037 1946 2090 quae
2007 2021 2183 2090 primo

616 2114 823 2169 fueram
866 2114 1084 2178 dilecta,
1137 2109 1684 2182 perinobedientiam
1739 2111 1880 2164 inter
1932 2110 2183 2166 inimicos

615 2207 693 2261 fui
723 2215 971 2276 reputata
995 2243 1010 2268 ,
1047 2219 1192 2261 nunc
1226 2202 1293 2256 ad
1343 2201 1588 2256 eamdem
1621 2216 1844 2258 reversa
1903 2217 2022 2257 sum
2058 2217 2183 2272 gra-

613 2299 770 2361 tiam,
809 2312 904 2368 per
932 2296 1253 2350 charitatem
1308 2306 1513 2362 sponso
1571 2291 1890 2360 conjuncta,
1936 2307 1998 2344 ea
2038 2307 2187 2347 nunc

615 2389 771 2453 dicit,
805 2386 1136 2442 Conﬁrmate
1175 2384 1308 2438 mihi
1340 2382 1502 2451 hujus
1529 2383 1718 2453 gratia:
1747 2383 2101 2437 stabilitatem
2135 2393 2190 2438 et

619 2481 1138 2541 immutabilitatem,
1161 2492 1260 2532 vos
1287 2476 1460 2530 amici
1493 2476 1703 2545 sponsi,
1737 2475 1921 2529 studio
1964 2483 2020 2528 et
2062 2475 2191 2530 dili-

619 2574 802 2643 gentia
839 2571 973 2626 mihi
1007 2578 1398 2627 conservantes
1429 2570 1856 2639 prOpensionem
1880 2566 1948 2622 ad
1967 2565 2023 2619 id
2045 2565 2190 2638 quod

621 2675 704 2720 est
738 2665 954 2721 melius.

692 2757 819 2811 Haec
849 2766 1029 2812 autem
1080 2759 1203 2812 cum
1243 2755 1489 2820 dixisset,
1545 2756 1745 2810 transit
1793 2768 1988 2809 rursus
2039 2751 2104 2808 ad
2139 2752 2194 2809 id

625 2849 770 2919 quod
799 2857 879 2904 est
917 2847 1214 2904 sublimius
1243 2867 1256 2901 :
1308 2847 1492 2901 fulciri
1533 2847 1733 2917 quippe
1757 2853 1913 2917 rogat
1944 2861 2195 2915 unguen-

626 2940 700 2992 tis
728 2937 794 2991 ad
820 2938 1166 2992 obtinendam
1198 2937 1468 2991 bonorum
1501 2937 1836 2991 firmitatem.
1864 2934 2071 2988 Fulcile
2094 2952 2193 3002 me,

2283 1839 2439 1892 τοῦτο
2487 1840 2648 1909 τυχὸν
2696 1838 2841 1891 ἔστιν
2905 1838 3201 1907 ὑπονοῆσαι
3267 1837 3352 1891 διὰ
3403 1837 3490 1890 τοῦ
3544 1837 3698 1904 λόγου,
3730 1839 3787 1889 ὅτι

2282 1928 2503 1999 Ἐπειδὴ
2535 1928 2882 1999 άγαπηθεῖσα
2915 1928 3042 1998 περὶ
3061 1927 3156 1996 τὴν
3185 1925 3425 1997 πρώτην,
3453 1925 3534 1978 διὰ
3557 1927 3638 1993 τῆς
3660 1943 3785 1996 παρσ-

2284 2021 2415 2092 κοῆς
2445 2023 2501 2073 ὲν
2527 2023 2635 2083 τοῖς
2666 2020 2877 2090 ἐχθροῖς
2906 2018 3213 2088 ὲλογίσθην,
3250 2018 3362 2070 νυνὶ
3387 2017 3442 2070 δὲ
3469 2017 3614 2070 πάλιν
3639 2017 3701 2078 είς
3721 2016 3786 2084 τὴν

2285 2110 2453 2182 αὐτὴν
2482 2111 2778 2182 ἐπανῆλθον
2806 2111 2986 2181 χάριν,
3011 2109 3076 2162 δι’
3112 2109 3336 2180 ἀγάπης
3375 2108 3450 2179 τῷ
3482 2109 3672 2178 νυμφίῳ
3699 2123 3785 2157 συν-

2287 2203 2654 2276 αρμοσθεῖσα·
2703 2203 2987 2274 κυρώσατε
3047 2222 3171 2275 μοι,
3218 2203 3370 2274 φησὶ,
3401 2202 3458 2254 τὸ
3501 2201 3590 2271 τῆς
3629 2199 3788 2270 χάριτος

2286 2296 2490 2367 ταύτης
2520 2295 2848 2366 τεταγμένον
2894 2295 2987 2348 καὶ
3035 2295 3434 2365 ἀμετάστατον,
3453 2293 3594 2363 ὑμεῖς
3617 2293 3657 2344 οί
3689 2290 3790 2358 φίλοι

2289 2386 2381 2439 τοῦ
2410 2387 2664 2457 νυμφίου,
2699 2385 2764 2438 δι’
2791 2386 3102 2455 ἐπιμελείας
3136 2385 3234 2438 καὶ
3282 2384 3540 2456 προσοχῆς
3567 2381 3634 2452 τῷ
3661 2381 3792 2449 παγίφ

2293 2478 2688 2552 συντηροῦντές
2716 2479 2932 2550 μοι’τὴν
2969 2479 3104 2550 πρὸς
3131 2478 3193 2532 τὸ
3223 2480 3462 2549 κρεῖττον
3489 2476 3665 2549 ῥοπήν.
3740 2465 3748 2473 ’

2364 2759 2546 2814 Ταῦτα
2575 2759 2632 2813 δὲ
2657 2759 2904 2823 εἰποῦσα,
2937 2761 3098 2816 πάλιν
3127 2763 3268 2834 πρὸς
3299 2763 3360 2818 τὸ
3391 2763 3682 2837 ὑψηλότερον
3709 2765 3800 2834 μέτε

2295 2869 2429 2906 εισιο
2463 2853 2813 2924 στηριχθῆναι
2853 2853 2958 2924 γὰρ
2989 2853 3124 2926 πρὸς
3147 2858 3252 2927 τὴν
3280 2856 3386 2910 τῶν
3412 2857 3614 2925 ἀγαθῶν
3639 2855 3798 2927 βεόαιὸο

2295 2960 2434 3013 τητα
2477 2946 2587 3006 τοῖς
2639 2943 2826 3014 μύροις
2869 2942 3038 3016 ζητεῖ.
3087 2947 3417 3015 Στηρίξατέ
3440 2965 3541 3017 με,
3576 2948 3726 3018 φησὶν,
3753 2945 3801 2996 ἐγ

627 3028 828 3097 inquit,
865 3028 1162 3097 unguentis.
1193 3025 1239 3078 0
1278 3026 1626 3080 admirabiles
1647 3027 1931 3081 columnas
1975 3033 2030 3079 et
2057 3041 2194 3081 nova

629 3117 838 3135 .,.__,,.
884 3115 1348 3135 η.--γ---,.μ,,,μ
1414 3115 1546 3135 ηπ.
1600 3123 1869 3135 ___“.____._

2297 3033 2526 3102 μύροις.
2559 3034 2620 3084 ’Ὠ
2642 3033 2956 3104 παραδόξων
2989 3037 3082 3089 καὶ
3119 3037 3326 3090 καινῶν
3353 3038 3662 3109 ὲρεισμάτων
3682 3037 3692 3089 !
3716 3034 3801 3094 Πῶς

628 3117 840 3171 fulcra!
883 3115 1352 3180 Quemadmodum
1413 3115 1550 3169 fiunt
1599 3123 1876 3186 unguenta
1933 3116 2194 3171 columna:

2301 3121 2369 3174 τά
2410 3121 2555 3192 μύρα
2593 3121 2771 3174 στύλοι
2794 3123 2884 3176 τοῦ
2914 3125 3060 3177 οἴκου
3094 3125 3337 3193 γίνονται
3363 3145 3378 3193 ;
3414 3129 3529 3192 Πῶς
3554 3130 3614 3199 τῇ
3639 3126 3802 3194 etimit;

629 3205 869 3261 domus?
908 3203 1368 3273 quemadmodum
1407 3204 1725 3259 firmissima
1785 3205 1914 3258 tecti
1945 3213 2202 3259 constru-

631 3296 742 3350 ctio
801 3294 994 3348 nititur
1053 3294 1188 3348 bene
1249 3293 1478 3363 spiranti
1538 3293 1748 3348 odore?
1802 3292 1997 3348 Annon
2043 3293 2203 3362 plane

631 3386 979 3458 perSpicuum
1026 3394 1130 3449 est,
1172 3385 1316 3454 quod
1371 3399 1492 3455 qum
1539 3385 1894 3438 multifariam
1928 3399 1958 3436 a
2017 3385 2204 3439 multis

633 3485 960 3532 exercentur
1025 3477 1278 3541 virtutes,
1336 3492 1439 3545 pro
1497 3477 1757 3530 varietate
1820 3475 2200 3544 operationum

631 3569 795 3624 etiam
818 3569 1220 3623 nominantur?
1253 3569 1428 3624 virtus
1459 3569 1603 3623 enim
1631 3575 1714 3622 est
1754 3581 1862 3621 non
1896 3566 2075 3622 solum
2106 3565 2204 3620 bo-

632 3675 763 3714 num
793 3660 1013 3724 intueri,
1049 3667 1103 3713 et
1132 3674 1254 3714 esse
1299 3659 1616 3728 participem
1645 3658 1766 3728 ejus
1797 3656 1944 3728 quod
1973 3664 2056 3712 est
2086 3671 2205 3711 me-

632 3753 762 3816 lius,
796 3751 892 3806 sed
931 3751 1093 3805 etiam
1129 3750 1624 3806 immutabilitatem
1668 3751 1724 3804 in
1777 3751 1919 3804 bono
1970 3763 2200 3804 conser-

632 3858 782 3896 vare.
815 3841 917 3906 Qui
948 3856 1077 3910 ergo
1121 3841 1232 3894 vult
1269 3840 1452 3894 fulciri
1511 3841 1824 3911 unguentis,
1865 3839 2062 3910 quaerit
2097 3837 2206 3894 sibi

637 3933 829 3986 adesse
863 3933 1175 3986 firmitatem
1215 3932 1270 3986 in
1322 3933 1641 3988 virtutibus.
1699 3931 1888 3986 Virtus
1921 3931 2065 3984 enim
2123 3937 2207 3984 est

637 4032 997 4093 unguentum,
1037 4024 1293 4094 quoniam
1340 4031 1425 4079 est
1472 4025 1722 4093 sejuncta
1782 4021 1850 4077 ab
1878 4023 2028 4076 omni
2065 4030 2208 4076 tetro

624 4106 809 4167 'odore
835 4122 1205 4185 peccatorum.
1243 4115 1622 4169 Admirabitur
1655 4121 1831 4167 autem
1865 4113 2028 4168 etiam
2059 4113 2210 4183 quis-

637 4204 782 4274 piam
824 4207 1273 4276 consequentiam
1331 4221 1522 4260 eorum
1578 4220 1699 4275 quae
1751 4203 1896 4258 dicta
1937 4214 2082 4269 sunt,
2113 4219 2209 4274 per

637 4312 886 4365 quaenam
918 4299 1071 4366 cupit
1096 4296 1202 4351 sibi
1240 4295 1410 4352 sterni
1462 4295 1704 4351 domum.
1758 4295 1892 4349 Nam
1957 4297 2045 4350 hic
2099 4311 2207 4350 non

2300 3211 2360 3263 τὸ
2391 3210 2584 3278 πάγιον
2619 3212 2716 3282 τῆς
2759 3213 2850 3266 τοῦ
2897 3214 3092 3285 ὀρόφου
3140 3220 3487 3289 κατασκευῆς
3519 3213 3801 3288 ὁιερείδέτσιι

2305 3302 2372 3352 Ἥ
2396 3300 2551 3370 δῆλον
2591 3301 2805 3366 πάντως
2847 3304 3015 3371 ἐστὶν,
3060 3307 3141 3360 ὅτι
3189 3308 3252 3361 τὸ
3293 3309 3400 3363 τῶν
3447 3311 3635 3380 ἀρετῶν
3670 3308 3802 3378 χρῆμα

2303 3391 2593 3456 πολυειδῶς
2622 3394 2678 3445 ὲν
2707 3395 2837 3465 ἡμῖν
2870 3396 3327 3469 κατορθούμενον,
3375 3401 3508 3454 κατά
3548 3401 3635 3464 τὰς
3669 3401 3800 3464 διαφο-

2307 3481 2405 3551 ράς
2439 3482 2548 3535 τῶν
2587 3483 2971 3555 ἐνεργημάτων
3017 3487 3108 3540 καὶ
3145 3487 3504 3560 ὀνομάζεται;
3544 3489 3704 3562 Ἀρετὴ
3729 3486 3801 3556 γάρ

2305 3573 2451 3626 ὲστιν
2481 3573 2540 3626 ού
2575 3573 2731 3644 μόνον
2758 3575 2820 3628 τὸ
2857 3577 3072 3647 βλέπειν
3101 3579 3162 3632 τδ
3199 3581 3424 3649 ἀγαθὸν,
3455 3583 3618 3637 καὶτὸ
3644 3582 3692 3634 ἐν
3719 3595 3802 3648 μετ’

2304 3663 2462 3732 ουσία
2506 3661 2598 3715 τοῦ
2643 3662 2945 3735 κρείττονος
2987 3666 3261 3734 γίνεσθαι,
3292 3670 3426 3723 ἀλλὰ
3480 3674 3566 3726 καὶ
3589 3671 3641 3725 τὸ
3662 3666 3804 3740 ἀμετά-

2311 3774 2519 3812 πτωτον
2571 3758 2628 3811 ὲν
2662 3757 2740 3828 τῷ
2793 3759 2945 3832 καλῷ
2998 3756 3386 3821 διασώζεσθαι.
3432 3759 3487 3813 '0
3529 3758 3682 3812 τοίνυν
3720 3770 3803 3821 στη-

2312 3841 2555 3913 ριχθῆναι
2615 3839 2933 3912 βουλόμενος
2987 3846 3045 3899 ἐν
3097 3850 3215 3911 τοῖς
3276 3849 3495 3920 μύροις,
3543 3847 3598 3901 τὸ
3649 3845 3802 3916 βέϐαιον

2308 3935 2366 3987 ὲν
2414 3936 2531 3996 ταῖς
2576 3933 2794 4005 ἀρεταῖς
2844 3935 2990 4005 αὐτῷ
3038 3939 3438 4007 προσγενέσθαι
3481 3938 3632 4010 ζητεῖ.
3669 3933 3802 4005 Ἀρετὴ

2308 4024 2415 4093 γὰρ
2454 4024 2513 4077 τὸ
2558 4024 2746 4093 μύρον,
2791 4024 2923 4078 διότι
2956 4025 3136 4098 πάσης
3172 4029 3442 4092 δυσωδίας
3479 4027 3803 4099 ἁμαρτημάτων

2309 4111 2652 4184 κεχώρισται.
2688 4113 2994 4184 Θαυμάσειε
3031 4114 3074 4167 δ’
3109 4115 3173 4168 ἄν
3213 4133 3298 4179 τις
3334 4118 3427 4170 καὶ
3479 4117 3536 4170 τὸ
3575 4116 3665 4169 τῶν
3701 4116 3804 4179 εὲρη-

2313 4202 2489 4274 μένων
2526 4203 2833 4267 ἀκόλουθον,
2877 4203 2962 4257 διὰ
3011 4203 3169 4258 τίνων
3224 4208 3590 4278 στοι6ασθῆναι
3612 4205 3684 4256 τὸν
3703 4198 3803 4252 οἷκίιν

2313 4293 2590 4362 ἐπιθυμεῖ.
2625 4295 2698 4346 Οὐ
2733 4294 2914 4364 βάτοις
2945 4297 3054 4348 τισὶ
3099 4296 3192 4349 καὶ
3237 4299 3516 4363 ἀκάνθαις,
3556 4297 3634 4351 καὶ
3663 4293 3799 4364 χόρτῳ.

637 4384 790 4438 rubis
818 4391 872 4440 et
911 4385 1107 4454 spinis,
1143 4391 1196 4438 et
1225 4383 1508 4449 stramine,
1541 4391 1596 4439 et
1630 4383 1934 4448 arundine,
1970 4391 2024 4438 et
2060 4383 2194 4448 feno,

2311 4384 2404 4436 καὶ
2440 4384 2660 4455 καλάμῃ
2698 4385 2921 4454 (μᾶλλον
2957 4385 3015 4438 δὲ
3052 4385 3234 4452 καθώς
3277 4405 3438 4458 φησιν
3480 4390 3506 4440 6
3548 4380 3796 4439 Ἀπόστολοςν

639 4476 840 4546 quibus
866 4483 1261 4531 construuntur
1293 4476 1491 4531 domus
1523 4476 1824 4531 materiatae
1850 4497 1861 4531 :
1895 4477 1988 4531 sed
2011 4476 2208 4533 domus

641 4565 948 4621 sternendae
1007 4567 1236 4619 materia
1293 4576 1419 4620 sunt
1453 4581 1633 4636 poma.
1695 4566 1944 4633 Sternile,
2005 4569 2207 4638 inquit,

639 4657 770 4709 mihi
801 4667 975 4709 torum
1027 4657 1084 4710 in
1123 4657 1300 4712 malis.
1353 4655 1420 4711 Ut
1469 4658 1541 4714 sit
1579 4657 1803 4712 omnino
1848 4659 1896 4713 ei
1948 4658 2038 4713 hic
2090 4658 2209 4713 fru-

641 4754 786 4812 ctus,
812 4748 1185 4818 pulchritudo,
1219 4757 1579 4818 unguentum,
1611 4749 1864 4814 dulcedo,
1907 4751 2210 4806 nutrimen-

641 4846 781 4900 tum,
815 4854 911 4907 per
938 4837 1188 4891 umbram
1221 4837 1584 4909 refrigeratio,
1617 4840 1775 4896 sedes
1821 4841 1876 4894 in
1914 4855 2023 4910 qua
2055 4842 2211 4911 quie-

643 4927 859 4991 scitur;
893 4926 1170 4990 columna,
1204 4943 1327 4997 qua:
1349 4928 1598 4983 stabilit:
1633 4935 1836 4984 tectum
1867 4929 2013 5000 quod
2057 4931 2210 5000 tegit.

640 5016 778 5072 Nam
808 5027 866 5072 ut
893 5015 1245 5086 pulchritudo
1282 5017 1500 5086 quidem
1541 5019 1784 5073 cernitur
1821 5034 1948 5073 cum
1996 5019 2214 5075 deside-

642 5107 748 5161 rio.
770 5113 830 5158 ut
857 5113 1194 5174 unguentum
1223 5105 1457 5159 delectat
1483 5107 1789 5170 odoratum,
1821 5115 1880 5161 ut
1909 5107 2214 5161 nutrimen-

645 5203 761 5248 tum
789 5193 1124 5264 pingnefacit
1146 5208 1368 5263 corpus,
1396 5203 1450 5250 et
1479 5195 1768 5250 dulcedine
1791 5193 1954 5248 amcit
1975 5204 2215 5264 gustum,

647 5293 709 5338 ut
739 5284 932 5337 umbra
974 5283 1260 5355 refrigerat
1297 5293 1534 5340 aestum:
1577 5293 1637 5338 ut
1671 5283 1829 5338 sedes
1883 5291 2097 5337 recreat
2130 5284 2212 5336 la-

648 5376 874 5430 borem:
909 5383 968 5427 ut
999 5374 1192 5432 domus
1223 5382 1429 5431 tectum
1457 5413 1472 5440 ,
1511 5374 1780 5444 inquilino
1813 5373 2212 5441 operimentum

651 5463 999 5547 suppeditat:
1033 5475 1095 5520 ut
1140 5466 1393 5523 columna
1427 5465 1630 5537 praebet
1673 5464 2210 5524 immutabilitatcm:

721 5640 764 5673 “
789 5642 990 5712 Ephes.
1012 5658 1063 5709 v,
1081 5641 1174 5697 25.

2309 4475 2368 4527 ού
2404 4473 2580 4542 ξύλοις
2624 4473 2717 4528 καὶ
2764 4475 2986 4548 καλάμῃ
3034 4477 3126 4530 καὶ
3178 4477 3407 4550 χόρτῳ),
3453 4473 3528 4541 οἷς
3571 4477 3611 4530 οἱ
3645 4468 3797 4526 ὑλώδεις

2309 4561 2448 4618 οἶκοι
2492 4564 3014 4628 κατασκευάζονται·
3049 4567 3185 4621 ἀλλὰ
3237 4569 3424 4638 στοιϐὴ
3461 4571 3552 4637 τῆς
3589 4564 3660 4617 τοῦ
3694 4559 3794 4613 olm”

2311 4655 2509 4728 στέγης
2540 4655 2607 4708 τά
2639 4655 2781 4724 μῆλα
2810 4657 3037 4724 γίνεται.
3079 4658 3244 4727 Λέγει
3270 4659 3400 4730 γὰρ,
3434 4648 3794 4713 Στοιϐάσοτέμε

2309 4748 2380 4801 ἐν
2392 4747 2629 4816 μήλοιςο
2650 4747 2734 4799 ἴνα
2755 4747 2976 4820 γένηται
3000 4749 3176 4804 πάντα
3202 4752 3262 4804 ὲν
3286 4753 3452 4804 πᾶσιν
3467 4748 3626 4818 αύτῇό
3647 4739 3795 4812 καρπὸς

2312 4832 2484 4900 οὗτος,
2517 4833 2578 4888 τὸ
2604 4836 2819 4902 κάλλος,
2853 4839 2914 4890 τὸ
2946 4838 3135 4909 μύρον,
3168 4840 3197 4892 6
3218 4839 3542 4909 γλυκασμδς,
3569 4823 3790 4906 tvmvli

2312 4927 2398 4982 διὰ
2419 4929 2516 4994 τῆς
2540 4929 2696 4992 σκιᾶς
2717 4928 2997 4997 ἀνάφυξις,
3015 4931 3043 4981 6
3059 4931 3358 4984 ἀναπαύων
3383 4931 3576 5001 θρόνος,
3593 4928 3615 4977 6
3631 4914 3788 5001 βεόσιὼν

2315 5018 2534 5084 στύλος,
2561 5019 2589 5070 6
2621 5017 3004 5083 ὲπισκεπάζων
3025 5020 3239 5091 ὄροφος.
3285 5022 3374 5085 Ὦς
3399 4999 3574 5080 κάλλος
3595 5014 3672 5084 γὰρ
3697 4999 3791 5091 μεῖά

2316 5107 2608 5178 ἐπιθυμίας
2631 5107 2841 5178 ὁρᾶται,
2872 5107 2948 5170 ὡς
2976 5088 3144 5179 μύρον
3173 5109 3354 5180 ἡδύνει
3383 5109 3476 5180 τὴν
3506 5088 3794 5174 Menand);

2317 5198 2488 5270 τροφὴ
2533 5199 2735 5252 πιαίνει
2781 5197 2842 5250 τὸ
2894 5199 3054 5268 σῶμα
3093 5200 3186 5252 καὶ
3235 5199 3504 5268 γλυκαίνει
3541 5195 3622 5264 τὴν
3647 5183 3796 5256 γεῦσιν,

2320 5288 2396 5352 ὡς
2437 5288 2566 5342 σκιά
2618 5288 2918 5359 καταψύχει
2965 5289 3055 5343 τὸν
3095 5290 3384 5355 καύσωνα,
3425 5289 3494 5352 ὡς
3523 5283 3674 5356 θρόνος
3704 5276 3799 5326 ἀνα·

2324 5379 2485 5432 παύει
2517 5378 2606 5432 τὸν
2640 5377 2804 5431 κόπον
2828 5393 2840 5408 ·
2880 5378 2954 5442 ὡς
2998 5379 3162 5451 στέγη
3193 5378 3286 5432 τοῦ
3315 5380 3474 5441 οἴκου,
3499 5375 3644 5439 σκέπη
3667 5362 3724 5432 τῷ
3742 5361 3802 5411 ὲν·

2324 5469 2556 5525 οικοῢντι
2582 5468 2818 5538 γίνεται·
2847 5470 2922 5534 ὡς
2947 5471 3134 5536 στύλος
3162 5470 3385 5542 παρέχει
3404 5470 3460 5524 τὸ
3478 5463 3798 5539 ape:di-
