3928 6196
99 242 172 296 859
1056 239 1119 297 ΙΝ
1157 240 1469 299 CANTICA.
1485 239 1627 298 CAN

1729 241 1755 294 ὲ.
1796 237 2077 294 llOMlLlA
2117 237 2200 292 IV.

3181 235 3285 288 εδει

93 350 385 422 ὡςέμφανές
421 350 588 421 μῆλον
621 351 847 423 ὡραῖζει
895 352 986 406 τὸν
1033 353 1245 424 ὄροφον.
1293 354 1358 407 Τί
1396 353 1504 424 γὰρ
1552 348 1614 405 ἄν

1729 356 1778 404 ut
1814 348 2015 403 malum
2044 346 2270 402 evidens
2299 345 2522 400 decorat
2557 353 2778 399 tectum.
2815 343 3101 410 Quodnam
3135 349 3282 402 enim

96 462 150 508 τις
187 445 472 512 ἐπινοήσειε
522 443 1010 513 περικαλλέστερον
1042 443 1220 515 θέαμα
1255 438 1443 510 μήλων
1489 461 1616 497 συν-

91 534 264 594 θέσεως,
295 532 424 584 ὅταν
462 529 765 593 εὐόιάθετος
807 532 841 600 ή
888 529 1078 600 ὀπώρα
1113 530 1252 582 κατὰ
1295 532 1355 582 τὸ
1397 532 1620 600 συνεχὲς

91 625 151 690 ἐφ’
175 619 346 672 ὑπτίου
383 619 526 682 τινος
558 619 694 689 πρὸς
726 617 896 688 αὐτὴν
922 617 1174 688 ἡνωμένη
1206 618 1350 672 κατὰ
1373 618 1471 691 τὴν
1497 619 1617 689 ὄψιν

88 711 369 766 ποικίλλεται
392 751 408 776 ,
457 709 552 762 τοῦ
613 708 959 780 ἐρυθήματος
1012 710 1110 779 τῆς
1163 711 1384 783 ὀπώρας
1445 727 1617 764 κατα-

92 801 370 874 μιγνυμένου
396 798 532 869 πρὸς
554 799 614 851 τὸ
645 798 963 853 ὑπόλευκον.
987 798 1052 852 Ei
1075 801 1253 854 τοίνυν
1279 801 1502 855 δυνατὸν
1529 796 1616 872 ἦν,

88 894 132 956 ἐξ
152 889 382 944 ἐπιπέδου
413 887 525 941 τῶν
569 887 754 959 μήλων
797 887 944 940 θέσιν
993 887 1198 942 ἄνωθεν
1243 889 1621 960 ἐπαιωρουμέ-

88 1000 160 1052 νην
193 979 446 1051 ὁρᾶσθαι,
487 978 542 1030 τί
579 977 645 1032 ἂν
681 978 782 1047 τῆς
815 977 1070 1047 τοιαύτης
1110 976 1286 1046 ὅψεως
1323 975 1392 1048 ἦν
1422 979 1621 1048 γλαφυ.

89 1072 316 1142 ρώτερον;
346 1070 525 1142 Ὅπερ
556 1068 648 1121 ἐπὶ
685 1067 785 1137 τῆς
823 1066 1028 1138 νοητῶν
1067 1065 1286 1135 ἀγαθῶν
1329 1067 1622 1137 ἐπιθυμίας

88 1161 197 1213 ἐστὶν
219 1159 314 1211 οὐκ
342 1156 622 1210 ἀδύνατον.
661 1155 737 1207 Ού
775 1155 883 1226 γὰρ
917 1153 1053 1223 βαρὺ
1093 1154 1195 1223 τῆς
1235 1153 1456 1224 ὀπώρας
1478 1155 1622 1208 ὲκεί-

87 1266 158 1318 vr);
180 1246 232 1300 τὸ
261 1241 422 1308 εἶδος,
459 1245 580 1297 οὐδὲ
617 1245 696 1307 εἰς
723 1243 825 1313 γῆν
871 1241 1051 1312 βρίθον
1089 1243 1182 1295 καὶ
1207 1241 1620 1313 καθελκόμενον,

85 1335 185 1390 ἀλλὰ
208 1335 343 1404 πρὸς
379 1333 441 1386 τὸ
473 1332 606 1401 ὕψος
632 1332 731 1402 τὴν
764 1330 935 1402 ῥοπὴν
963 1332 1028 1383 ἐκ
1058 1330 1272 1400 φύσεως
1298 1330 1431 1402 ἔχει.
1471 1333 1624 1386 Ἀνα-

85 1426 191 1492 sui};
211 1423 317 1492 γὰρ
343 1423 377 1492 ἡ
399 1421 590 1492 ἀρετὴ,
635 1420 729 1472 καὶ
766 1418 900 1488 πρὸς
934 1418 996 1471 τὸ
1039 1417 1152 1472 ἄνω
1186 1417 1387 1488 βλέπει.
1430 1419 1520 1472 Διὸ
1545 1420 1624 1490 τῷ

80 1517 230 1570 κάλλει
274 1513 388 1566 τῶν
433 1511 686 1566 τοιούτων
722 1511 909 1581 μήλων
957 1509 1212 1580 ἐπιθυμεῖ
1247 1512 1280 1580 ἠ
1310 1510 1494 1581 νύμφη
1533 1512 1622 1564 τὸν

83 1609 240 1676 δροφον
285 1603 386 1657 τοῦ
433 1602 561 1656 ἰδίου
607 1602 755 1654 οῐκου
803 1601 1211 1672 ἐνωραῖζεσθαι.
1259 1601 1332 1654 Ού
1381 1601 1488 1672 γάρ
1533 1618 1624 1670 μοι

1719 448 1898 510 potest
1961 437 2262 508 excogitari
2316 435 2600 506 pulchrius
2650 437 3066 506 spectaculum,
3117 453 3280 506 quam

1718 531 1986 584 malorum
2015 528 2361 598 compositio,
2403 526 2620 597 quando
2651 526 2788 581 bene
2834 526 3136 596 dispositus
3168 528 3283 581 l'ruo

1719 631 1839 675 ctus
1871 620 2218 676 continenter
2248 620 2303 674 in
2336 620 2522 688 aliquo
2551 617 2675 671 loco
2710 617 2876 687 plano
2921 625 2976 672 et
3030 618 3288 688 aequabili

1719 711 1824 767 sibi
1862 711 2073 775 unitus,
2126 717 2353 764 externa
2399 707 2582 777 specie
2626 706 2890 772 variatur,
2938 705 3137 760 rubore
3167 703 3284 758 fru-

1720 809 1843 857 ctus
1875 801 2118 856 admixto
2147 799 2366 854 cuidam
2397 798 2645 853 candori.
2694 797 2750 851 Si
2782 811 2912 866 ergo
2952 795 3070 851 ﬁeri
3103 802 3290 865 posset

1720 902 1781 948 ut
1803 893 1857 947 in
1882 893 2173 964 superficie
2187 892 2450 946 collocata
2468 890 2732 944 malorum
2755 888 2999 958 positura
3015 887 3290 942 videretur

1720 984 1956 1055 desuper
1989 983 2044 1036 iu
2076 982 2246 1036 altum
2284 981 2519 1042 sublata,
2555 980 2687 1046 quid
2715 979 2819 1034 hoc
2859 986 3084 1047 aspectu
3117 976 3290 1030 videri

1722 1081 1909 1142 posset
1940 1071 2280 1142 elegantius?
2301 1070 2455 1136 Quod
2488 1070 2707 1139 quidem
2739 1083 2849 1123 non
2876 1075 2960 1122 est
2993 1064 3288 1136 ejusmodi,

1723 1169 1781 1215 ut
1811 1161 1928 1214 ﬁeri
1957 1175 2064 1214 non
2098 1161 2273 1229 possit
2323 1160 2376 1214 in
2412 1159 2688 1215 desiderio
2734 1160 3001 1214 bonorum
3041 1172 3162 1227 qua:
3195 1170 3289 1211 ca—

1721 1251 1858 1305 dunt
1880 1251 1984 1305 sub
2013 1249 2449 1319 intelligentiam.
2476 1248 2662 1319 Neque
2692 1250 2836 1305 enim
2865 1256 2946 1304 est
2964 1262 3127 1318 grave
3159 1243 3290 1299 illud

1721 1356 1892 1415 genus
1939 1341 2183 1405 fructus,
2230 1355 2407 1409 neque
2460 1340 2518 1393 in
2582 1348 2782 1395 terram
2839 1354 3070 1409 vergens
3100 1354 3163 1393 ac
3197 1339 3293 1392 de-

1723 1445 1997 1500 pressum,
2050 1428 2146 1482 sed
2177 1434 2372 1496 suapte
2403 1436 2600 1481 natura
2632 1441 2851 1482 sursum
2884 1424 3092 1480 fertur:
3129 1424 3294 1494 erigit

1722 1521 1869 1574 enim
1900 1534 2022 1575 sese
2044 1519 2244 1583 virtus,
2279 1527 2333 1574 et
2367 1519 2422 1572 in
2468 1519 2637 1571 altum
2667 1515 2884 1585 aspicit.
2917 1514 3286 1580 Quamobrem

1723 1610 1920 1664 horum
1982 1610 2251 1663 malorum
2311 1607 2722 1678 pulchritudine
2775 1606 3051 1660 desiderat
3091 1619 3292 1674 sponsa

81 1697 205 1749 τοῦτο
243 1696 394 1749 δοκεί
440 1694 579 1747 κατὰ
611 1693 673 1746 τὺ
715 1693 1120 1764 προηγούμενον
1162 1691 1244 1764 τῷ
1274 1692 1417 1761 λόγῳ
1461 1710 1622 1745 σπου-

1729 1714 1834 1754 sua:
1862 1698 2059 1753 domus
2108 1708 2308 1753 teetum
2343 1696 2614 1752 decorari.
2650 1695 2768 1749 Non
2799 1695 2942 1749 enim
2977 1695 3110 1747 mihi
3143 1694 3295 1748 vide-

81 1788 318 1851 δὰζεσθαι,
355 1786 429 1848 ὡς
463 1783 703 1855 ἐμφανές
753 1801 806 1836 τι
843 1782 1025 1854 θέαμα
1061 1782 1148 1836 διὰ
1171 1783 1274 1852 τῆς
1297 1783 1404 1836 τῶν
1435 1784 1620 1854 μήλων

81 1877 348 1939 συνθέσεως
399 1877 494 1928 ἐπὶ
545 1875 643 1944 τῆς
683 1873 898 1944 στοιϐἦς
946 1873 1195 1944 ὁρᾶσθαι.
1241 1873 1338 1936 Τίς
1389 1873 1497 1941 γὰρ
1553 1873 1621 1926 ἂν

81 1969 250 2034 γένοιτο
287 1967 382 2020 διὰ
414 1965 621 2018 τούτων
668 1965 804 2035 πρὸς
853 1964 1052 2035 ἀρετὴν
1102 1964 1313 2035 ὀδηγία,
1354 1965 1403 2016 εί
1443 1966 1516 2036 μή
1569 1983 1623 2018 τι

83 2057 219 2128 νόημα
242 2058 357 2111 τῶν
388 2057 737 2126 ὠφελούντων
762 2057 910 2126 ἡμᾶς
942 2055 1029 2126 εἴη
1062 2057 1173 2120 τοῖς
1201 2056 1506 2128 εἰρημένοις
1537 2057 1623 2110 ἐν-

82 2150 417 2222 θεωρούμενον
449 2166 466 2218 ;

127 2328 181 2379 ’l'i
205 2322 291 2380 οὖν
324 2327 480 2379 ἐστιν
521 2325 550 2378 ὃ
586 2324 912 2396 εἰκάζομεη
958 2325 1016 2376 '(l
1053 2324 1112 2377 ἐν
1148 2323 1225 2393 τῷ
1257 2322 1495 2394 δρυμῶνι
1526 2324 1624 2393 τῆς

74 2417 251 2483 φύσεως
282 2415 450 2487 ήμῶν
496 2414 601 2467 ὑπὸ
642 2413 1048 2485 φιλανθρωπίας
1083 2413 1510 2483 ἀναϐλαστήσας,
1538 2412 1626 2465 διὰ

69 2508 143 2560 τοῦ
191 2509 484 2578 μετασχεῖν
532 2506 733 2576 σαρκός
770 2522 828 2557 τε
877 2506 970 2557 καὶ
1020 2504 1266 2574 αἵματος,
1304 2503 1472 2573 μῆλον
1504 2502 1625 2570 ἐγέ-

70 2613 182 2650 νετο.
211 2597 361 2668 Πρὸς
412 2594 672 2665 ἑκάτερον
715 2593 823 2664 γὰρ
867 2593 1068 2646 τούτων
1114 2593 1260 2646 ἔστιν
1301 2593 1425 2645 ἰδεῖν
1469 2593 1528 2646 ἐν
1556 2593 1624 2663 τῇ

256 2681 436 2762 ταύτῃ
470 2681 559 2733 διὰ
585 2681 684 2750 τῆς
711 2682 897 2750 χροιᾶς
951 2680 1049 2750 τὴν
1089 2681 1365 2750 ὁμοίωσιν.
1411 2681 1501 2750 Τῷ
1530 2681 1627 2750 μὲν

67 2773 152 2840 γὰρ
180 2772 665 2842 ὑπερλευκαίνοντι
707 2774 950 2842 μιμεῖται
997 2771 1095 2842 τὴν
1137 2772 1234 2842 τῆς
1263 2771 1461 2841 σαρκὸς
1504 2771 1628 2824 ίδιό-

65 2879 198 2929 cura,
227 2864 289 2916 τὸ
313 2863 378 2916 δὲ
411 2863 891 2932 ἐπικεχρωσμένον
912 2861 1159 2933 ἐρύθημα
1188 2861 1462 2930 συγγενῶς
1485 2861 1628 2930 ἐχειν

69 2953 177 3020 πρὸς
201 2953 300 3023 τὴν
339 2951 440 3005 τοῦ
475 2952 703 3022 αἵματος
731 2952 890 3020 φύσιν
918 2952 1002 3004 διὰ
1029 2951 1122 3003 τοῦ
1153 2951 1325 3014 εἴδους
1359 2950 1630 3022 μαρτύρε-

1720 1796 1810 1842 tur
1831 1788 2136 1858 principale
2163 1787 2314 1843 verbi
2355 1787 2460 1842 hoc
2477 1800 2599 1842 esse
2625 1784 2864 1840 studium
2887 1785 3291 1850 etinstitutum,

1723 1887 1782 1933 ut
1811 1879 2033 1948 aliquod
2070 1879 2218 1934 humi
2275 1885 2508 1932 stratum
2541 1875 2865 1952 ostendatur
2920 1875 3294 1944 spectaculum

1721 1985 1820 2039 per
1864 1971 2136 2024 malorum
2187 1967 2660 2038 compositionem.
2700 1965 2959 2031 Quaanam
3017 1965 3162 2019 enim
3198 1979 3295 2033 per

1723 2061 1839 2116 haec
1871 2068 2016 2116 esset
2042 2065 2186 2114 ratio
2221 2058 2459 2114 ducendi
2510 2057 2575 2111 ad
2628 2057 2886 2111 virtutem
2911 2094 2927 2121 ,
2973 2055 3080 2110 nisi
3115 2054 3297 2124 aliqua

1723 2151 1883 2206 nobis
1909 2151 2200 2206 utilitatem
2230 2149 2464 2204 ali‘erens
2501 2148 2866 2219 intelligentia
2911 2147 3298 2202 considerare-

1723 2248 1812 2295 tur
1840 2241 1895 2294 in
1927 2241 1995 2294 iis
2021 2254 2145 2312 qua
2181 2237 2336 2292 dicta
2366 2237 2541 2292 sunt?

1793 2329 1935 2396 Quid
1951 2337 2036 2385 est
2063 2343 2195 2399 ergo
2209 2327 2355 2398 quod
2377 2326 2740 2396 conjicimus?
2759 2323 2863 2392 Qui
2893 2325 2947 2380 in
2972 2332 3174 2380 nostra)
3202 2339 3301 2380 na-

1724 2429 1859 2475 tura:
1919 2419 2054 2474 silva
2103 2417 2431 2489 germinavit
2486 2426 2710 2486 propter
2747 2430 2902 2470 suam
2936 2414 2993 2468 in
3045 2415 3300 2468 homines

1726 2509 2184 2569 benevolentiam,
2221 2523 2287 2561 ex
2318 2521 2384 2561 eo
2413 2505 2562 2575 quod
2589 2503 2693 2558 fuit
2718 2505 2992 2572 particeps
3027 2504 3214 2558 carnis
3247 2511 3302 2559 et

1725 2600 2032 2670 sanguinis,
2068 2598 2246 2653 factus
2296 2605 2380 2652 est
2408 2596 2633 2667 malum.
2691 2595 2774 2649 Ad
2823 2602 3115 2664 utrumque
3153 2594 3300 2648 enim

1727 2705 1919 2747 eorum
1949 2691 2075 2743 licet
2122 2687 2308 2742 videre
2348 2687 2400 2739 in
2436 2685 2541 2738 hoc
2572 2683 2753 2738 fructu
2791 2698 2890 2754 per
2925 2684 3175 2737 colorum
3211 2696 3304 2736 as-

1728 2782 2137 2837 similationem.
2194 2777 2328 2831 Nam
2359 2777 2600 2847 quodam
2639 2775 2858 2845 quidem
2907 2773 3148 2828 candore
3184 2773 3305 2827 imi-

1727 2882 1877 2927 tatur
1905 2871 2090 2927 carnis
2140 2871 2531 2940 proprietatem
2564 2887 2577 2922 :
2613 2869 2662 2923 ei
2699 2877 2878 2920 autem
2920 2865 3093 2920 illitus
3133 2865 3302 2918 rubor

1728 2978 1823 3032 per
1871 2975 2027 3017 suam
2068 2967 2301 3015 testatur
2345 2957 2584 3028 speciem
2639 2973 2698 3012 se
2748 2955 3040 3026 quamdam
3098 2954 3305 3008 habere

62 3057 147 3094 ται..
177 3043 348 3096 Ὅταν
380 3039 615 3111 τοίνυνή
647 3040 964 3111 ἐντρυφῶσα
984 3043 1095 3102 τοῖς
1127 3039 1290 3103 θείοις
1320 3039 1463 3109 ψυχὴ
1485 3039 1627 3092 κατὰ

1731 3053 2108 3124 cognationem
2135 3065 2260 3105 cum
2290 3059 2489 3104 natura
2521 3048 2828 3118 sanguinis.
2860 3045 3017 3112 Quod
3047 3060 3176 3114 ergo
3211 3059 3303 3099 re-

61 3135 140 3202 τὴν
169 3135 376 3204 στέγην
407 3131 612 3200 ταύτην
644 3130 859 3200 βλέπειν
884 3131 1218 3201 ἐπιθυμήσῃ,
1245 3129 1402 3183 τοῦτο
1431 3128 1509 3199 τῷ
1539 3130 1628 3181 αἰ-

63 3224 260 3294 νξγματι
315 3221 713 3292 παιδευόμεθα.
753 3221 847 3274 Ἐκ
878 3220 989 3291 γὰρ
1028 3221 1122 3274 τοῦ
1172 3221 1284 3275 ἄνω
1336 3219 1630 3289 βλέποντας

60 3314 182 3380 ἡμᾶς
208 3313 512 3385 προσέχειν
544 3314 656 3375 τοῖς
695 3312 904 3388 μήλοις,
950 3311 1084 3382 πρὸς
1109 3310 1355 3382 οὐράνιόν
1384 3312 1498 3363 ἐστι
1530 3327 1630 3362 πο-

61 3402 236 3458 λιτείαν
263 3404 584 3475 ῶηγείσθαι
621 3403 706 3456 διὰ
726 3402 834 3456 τῶν
871 3401 1239 3471 εύαγγελικῶν
1265 3400 1630 3470 διδαγμάτων.

58 3495 214 3568 Ἀπερ
262 3499 293 3550 ὀ
348 3496 558 3551 ἄνωθεν
598 3496 906 3566 ἐρχόμενος,
953 3494 1048 3548 καὶ
1085 3494 1268 3547 ἐπάνω
1307 3494 1522 3546 πάντων
1555 3491 1630 3544 ῶν

61 3587 317 3652 ὑπέδειξεν
357 3589 492 3658 ἡμῖν
523 3586 611 3639 διὰ
658 3586 756 3655 τῆς
794 3587 851 3638 ἐν
887 3585 1050 3654 σαρκὶ
1093 3581 1469 3655 φανερώσεως,
1500 3582 1632 3635 πάν-

55 3694 147 3729 των
198 3678 314 3730 τῶν
383 3674 606 3744 ἀγαθῶν
656 3674 1064 3744 πολιτευμάτων
1119 3676 1176 3727 ἐν
1234 3672 1407 3742 ἐαυτῷ
1457 3671 1632 3735 δείξας

57 3767 110 3817 :‘1
174 3766 602 3835 ὑποδείγματα,
669 3763 852 3826 καθώς
929 3781 1090 3834 φησιν
1152 3765 1180 3816 ὀ
1258 3762 1488 3832 Κύριος,
1550 3763 1632 3814 ὅτι

53 3859 261 3911 ,τιὰὐετε
295 3859 414 3912 ἀπ’
438 3856 608 3926 ἐμοῦ,
637 3855 725 3907 ὅτι
757 3854 946 3923 πρᾶός
977 3857 1092 3922 ειμι
1125 3853 1222 3906 καὶ
1251 3850 1526 3917 ταπεινὸς
1561 3849 1631 3919 τῇ

53 3951 266 4018 καρδίᾳ.
297 3951 389 4002 Τὸ
413 3948 470 4001 δὲ
485 3948 614 4000 αὐτὸ
633 3945 788 4000 τοῦτο
815 3949 907 3999 καὶ
925 3948 953 3999 ὀ
977 3944 1313 4008 Ἀπόστολος,
1330 3943 1431 4014 τὴν
1452 3960 1635 3996 ταπει-

49 4040 387 4111 ψιφροσύνην
415 4040 545 4109 ἡμῖν
583 4035 954 4106 ὑφηγούμενος
972 4075 987 4099 ,
1016 4034 1194 4102 λέγει’
1226 4033 1494 4087 Δυνατὸν
1522 4031 1632 4100 γὰρ

47 4131 262 4196 tib-dc
301 4127 688 4196 θεωρήματος
715 4126 920 4182 πᾶσαν
948 4125 1064 4193 τὴν
1095 4124 1384 4190 ἀλήθειαν
1413 4125 1632 4180 πιστώ-

41 4224 254 4274 σασθαι
286 4219 385 4285 τῷ
413 4221 592 4287 λόγῳ.
631 4219 774 4290 Πρὸς
796 4219 903 4288 γὰρ
927 4218 1052 4279 τοὺς
1077 4217 1146 4269 τὰ
1175 4218 1286 4271 ἄνω
1317 4216 1629 4287 βλέποντας,

47 4309 210 4363 Τοῦτο
252 4309 626 4379 φρογείσθω,
662 4309 844 4378 φησὶν,
867 4307 936 4360 ὲν
962 4305 1104 4376 ὑμῖν
1123 4305 1155 4359 ὃ
1179 4307 1278 4360 καὶ
1305 4307 1374 4360 ἐν
1400 4305 1632 4374 Χριστῷ

1729 3160 1848 3199 rum
1879 3144 2190 3200 divinarum
2219 3142 2433 3197 deliciis
2452 3156 2512 3196 se
2525 3140 2811 3195 obiectans
2836 3137 3044 3199 anima,
3069 3150 3132 3190 ea
3158 3135 3304 3188 intra

1729 3239 1870 3288 tecta
1894 3232 2143 3305 aspicere
2171 3229 2593 3292 desideraverit,
2647 3229 2749 3281 hoc
2793 3227 3083 3294 aenigmate
3117 3223 3305 3279 erudi-

1730 3337 1872 3378 mur.
1902 3321 1982 3376 Ex
2008 3337 2074 3377 eo
2107 3321 2256 3377 enim
2305 3319 2450 3390 quod
2486 3335 2707 3374 sursum
2742 3318 3100 3388 aspicientes,
3144 3331 3307 3386 poma

1730 3411 2096 3474 attendamus,
2132 3411 2198 3464 ad
2227 3408 2702 3463 conversationem
2739 3407 3018 3462 caelestem
3051 3406 3177 3460 licet
3210 3403 3310 3458 de-

1730 3501 1858 3554 duci
1892 3515 1986 3571 per
2018 3500 2348 3554 documenta
2373 3497 2714 3566 evangelica.
2749 3494 2882 3561 Quae
2929 3493 3151 3564 quidem
3211 3492 3302 3558 qui

1731 3590 1968 3659 desuper
1997 3589 2170 3651 venit,
2204 3597 2259 3642 et
2303 3595 2388 3643 est
2420 3601 2586 3656 super
2610 3585 2816 3650 omnia,
2863 3585 3024 3641 nobis
3067 3583 3311 3638 ostendit

1731 3692 1826 3747 per
1851 3676 2082 3731 suamin
2115 3690 2282 3729 carne
2312 3673 2916 3736 manifestationem,ut
2936 3670 3029 3739 qui
3053 3669 3305 3724 omnium

1734 3769 1999 3822 bonorum
2031 3765 2154 3819 vita:
2178 3764 2554 3818 institutorum
2577 3771 2632 3816 et
2651 3761 2930 3814 actionum
2953 3759 3006 3811 in
3037 3773 3097 3813 se
3120 3772 3304 3812 exem-

1732 3862 1819 3931 pla
1850 3857 2133 3921 indicarit,
2169 3857 2314 3910 sicut
2372 3853 2505 3908 dicit
2555 3853 2827 3907 Dominus
2864 3870 2876 3905 :
2914 3850 3117 3904 Discite
3154 3866 3187 3902 a
3229 3865 3322 3905 me

1731 3949 1870 4017 quod
1897 3964 2012 4002 sum
2052 3946 2195 4000 mitis
2221 3956 2271 4000 et
2296 3944 2511 3998 humilis
2542 3941 2701 3997 corde
2728 3942 2798 3995 “.
2848 3938 2961 3994 Hoc
2990 3940 3169 4008 ipsum
3219 3951 3312 3991 au-

1732 4049 1841 4095 tem
1881 4038 2174 4109 Apostolus
2203 4051 2423 4108 quoque
2438 4034 2800 4088 humilitatem
2821 4032 2981 4086 nobis
2997 4043 3308 4099 exponens,

1733 4131 1864 4186 dicit
1897 4150 1911 4185 :
1948 4129 2052 4184 Per
2076 4145 2236 4183 unam
2264 4128 2406 4182 enim
2447 4124 2940 4193 contemplationem
2984 4121 3104 4174 licet
3169 4118 3326 4174 verbi

1732 4223 2034 4275 universam
2062 4221 2382 4289 conﬁrmare
2414 4219 2704 4272 veritatem.
2743 4213 2886 4268 Dicit
2915 4212 3062 4267 enim
3101 4210 3182 4264 eis
3215 4208 3308 4277 qui

1733 4328 1950 4368 sursum
1967 4313 2241 4383 aspiciunt
2272 4309 2426 4366 :Hoc
2461 4310 2673 4373 sentite,
2696 4307 2894 4376 inquit,
2932 4306 2986 4358 in
3009 4302 3153 4357 vobis
3170 4301 3309 4371 quod

51 4401 258 4467 Ἰησοῦ·
291 4403 374 4467 ὃς
397 4401 469 4452 ἐν
483 4397 683 4468 μορφῇ
706 4398 851 4452 Θεοῦ
878 4396 1164 4466 ὑπάρχων
1182 4399 1294 4464 οὐχ
1319 4398 1627 4466 ἁρπαγμὸν

1732 4406 1785 4458 in
1813 4380 2196 4458 Christo—Iesu
2227 4403 2311 4454 ‘3:
2365 4402 2454 4470 qui
2509 4417 2627 4454 cum
2674 4401 2730 4452 in
2775 4399 2950 4465 {arma
2996 4394 3096 4448 Dei
3135 4402 3307 4458 esset,

39 4493 316 4560 ἡγήσατο
356 4491 431 4544 τὸ
451 4487 604 4544 εἶναι
637 4490 742 4542 ἴσα
770 4489 918 4554 Θεῷ⁶
948 4489 1086 4544 ἀλλ’
1117 4489 1335 4543 ἑαυτὸν
1370 4489 1628 4542 ἐκένωσε

27 4584 275 4653 μορφὴν
311 4582 551 4636 δούλου
584 4580 816 4644 λαϐὼν,
845 4581 874 4632 ὀ
905 4580 993 4634 διὰ
1025 4580 1225 4650 σαρκὸς
1275 4581 1369 4632 καὶ
1401 4581 1629 4650 αἵματος

31 4676 399 4746 ἐπιδημήσας
422 4673 498 4742 τῷ
526 4672 646 4742 βίῳ,
678 4671 772 4726 καὶ
797 4671 919 4725 ἀντὶ
946 4672 1044 4742 τῆς
1077 4672 1440 4742 προκειμένης
1483 4671 1631 4742 αὐτῴ

33 4767 198 4833 χαρᾶς
245 4767 316 4816 ἐν
354 4763 620 4834 μετουσίᾳ
643 4761 742 4831 τῆς
770 4761 1154 4831 ταπεινότητος
1183 4763 1216 4830 η
1227 4761 1342 4831 μῶν
1371 4762 1632 4826 ἑκουσίως

31 4861 366 4926 γενόμενος,
400 4856 493 4908 καὶ
525 4854 660 4924 μετὰ
685 4856 786 4924 τῆς
811 4851 903 4906 τοῦ
943 4852 1172 4906 θανάτου
1211 4853 1483 4909 κατελθὼν
1516 4857 1635 4909 πεί-

32 4965 142 5012 ρας.
177 4948 293 5000 Διὰ
341 4944 523 4999 ταῦτά
559 4961 721 5015 φησιν
753 4946 787 5015 ή
822 4943 1027 5016 νύμφηο
1058 4945 1414 5000 Στοιόάσατέ
1456 4964 1533 5016 με
1568 4949 1638 5002 ἐν

22 5042 267 5106 μήλοις,
331 5038 430 5090 ἵνα
473 5037 688 5098 πάντως
736 5038 813 5098 είς
860 5035 990 5106 ὕψος
1021 5038 1220 5108 ὁρῶσα,
1272 5037 1452 5108 βλέπω
1500 5040 1636 5110 πρὸς

25 5133 84 5183 τὰ
115 5133 238 5185 τῶν
276 5127 522 5196 ἀγαθῶν
555 5129 928 5198 ὑποδείγματα
967 5129 1035 5181 τὰ
1078 5131 1136 5182 ἐν
1172 5129 1250 5201 τῷ
1283 5133 1500 5201 νυμφίῳ
1529 5133 1637 5185 δει-

23 5226 298 5292 magn.
322 5218 482 5271 Ἐκεῖ
512 5219 835 5290 ήπραότης·
869 5220 984 5272 ἐκεῖ
1015 5219 1072 5271 τὸ
1102 5219 1367 5290 ἀόργητον
1388 5234 1401 5248 ·
1429 5222 1545 5273 ἐκεῖ
1574 5221 1635 5274 τὸ

20 5316 148 5381 πρὸς
185 5311 458 5384 ἐχθροὺς
501 5310 905 5380 ἁμνησίκακον,
950 5312 1044 5365 καὶ
1089 5311 1150 5364 τὸ
1196 5313 1331 5384 πρὸς
1367 5314 1494 5377 τοὺς
1540 5313 1633 5366 λυ-

17 5405 266 5467 ποῦντας
317 5399 729 5472 φιλάνθρωπον,
757 5402 848 5456 καὶ
888 5403 947 5456 τὸ
981 5403 1048 5456 δι’
1079 5405 1394 5475 εὐεργεσίας
1414 5406 1512 5476 τὴν
1537 5424 1634 5460 κα-

18 5501 134 5550 ιίιν
171 5491 572 5565 ἀμείϐεσθαισ
607 5495 724 5548 ἐκεῖ
768 5494 829 5547 τὸ
877 5495 1159 5566 ἐγκρατὲς,
1189 5495 1251 5550 τὸ
1285 5497 1540 5569 καθαρὸν,
1577 5500 1637 5554 τὸ

75 5686 118 5713 ⁸³
150 5683 400 5738 )Iatth.
423 5682 577 5749 v.29
677 5681 722 5712 ⁸³
746 5679 977 5750 Philipp.
1009 5695 1066 5748 ll,
1103 5680 1158 5735 5.

1735 4513 1837 4550 non
1879 4496 2122 4560 rapinam
2162 4495 2450 4548 arbitratus
2492 4502 2569 4547 est
2617 4507 2672 4544 se
2709 4506 2822 4544 esse
2869 4486 3124 4556 «aqualem
3164 4483 3306 4549 Deo,

1737 4587 1825 4641 sed
1859 4587 1995 4640 servi
2041 4586 2270 4655 formam
2313 4585 2546 4653 accepit,
2580 4583 2673 4654 qui
2707 4595 2804 4650 per
2836 4593 3055 4634 carnem
3094 4585 3149 4632 et
3182 4591 3312 4630 san-

1736 4682 1954 4752 guinem
2002 4689 2086 4736 est
2118 4681 2174 4735 in
2228 4667 2330 4735 hac
2362 4681 2472 4734 vita
2515 4684 2790 4741 versatus,
2845 4679 2899 4729 et
2944 4685 3043 4742 pro
3071 4685 3136 4726 ea
3188 4684 3312 4739 quae

1740 4773 1844 4830 sibi
1877 4779 1994 4829 erat
2025 4773 2310 4844 proposita
2339 4770 2555 4833 laetitia.
2609 4779 2663 4825 et
2705 4776 2910 4823 nostrae
2950 4762 3312 4822 humanitatis

1738 4866 2044 4920 voluntarie
2077 4867 2353 4936 particeps
2389 4867 2568 4919 factus
2596 4870 2700 4927 est,
2729 4868 2784 4918 et
2807 4875 2980 4931 usque
3021 4857 3096 4913 ad'
3117 4856 3312 4911 mortis

1736 4958 1885 5012 venit
1914 4957 2334 5027 experientiam.
2383 4957 2680 5027 Propterea
2714 4953 2849 5008 dicit
2888 4967 3133 5023 sponsa:
3164 4947 3314 5004 Ster-

1735 5050 1841 5104 nite
1867 5049 1995 5102 mihi
2023 5059 2196 5103 lorum
2223 5049 2277 5102 in
2304 5049 2459 5102 malis
2484 5087 2499 5112 ,
2540 5054 2601 5100 ut
2630 5059 2848 5115 semper
2879 5044 2934 5097 in
2965 5042 3136 5096 altum
3164 5039 3313 5108 aspi-

1734 5141 1906 5205 ciens,
1927 5147 2133 5196 attente
2161 5147 2215 5194 et
2246 5125 2476 5196 ﬁrmiter
2509 5138 2722 5193 videam
2755 5134 3005 5203 exempla
3035 5133 3310 5187 bonorum

1739 5247 1860 5302 qua:
1890 5231 2254 5288 ostenduntur
2278 5231 2332 5284 in
2376 5243 2601 5304 sponso.
2654 5227 2768 5280 lllic
2801 5231 2887 5280 est
2918 5223 3118 5278 lenitas
3155 5238 3167 5273 :
3199 5219 3312 5272 illic

1741 5324 1835 5378 ira:
1867 5323 2112 5377 vacuitas
2147 5337 2160 5374 :
2198 5321 2308 5374 illic
2337 5319 2541 5374 oblivio
2567 5315 2898 5386 injuriarum
2947 5315 3301 5378 acceptarum

1743 5412 1812 5467 ab
1835 5411 2114 5466 inimicis:
2154 5419 2208 5466 et
2251 5410 2563 5464 humanitas
2598 5406 2653 5461 in
2699 5420 2794 5460 eos
2840 5402 2937 5473 qui
2998 5397 3306 5454 molestiam

1745 5502 1996 5570 all'eruut,
2026 5510 2079 5559 et
2108 5517 2208 5572 pro
2236 5502 2378 5558 malo
2406 5498 2651 5557 referunt
2682 5493 3026 5553 beneﬁcium.
3063 5489 3178 5546 Illic
3221 5494 3310 5542 est
