3928 6196
2612 66 2642 90 δ

630 183 727 239 851
1848 198 1906 255 S.
1941 200 2263 258 GREGORII
2290 205 2585 265 NYSSENI
3661 230 3737 287 8:32

630 307 683 350 Ic
709 318 717 347 ι
743 313 837 365 ρει·
874 299 1010 378 n’tTa,
1035 302 1269 370 puritas,
1297 306 1577 374 patientia,
1605 319 1658 364 et
1677 311 1824 366 inani
1854 315 2026 382 gloria
2050 317 2181 370 nihil

2214 319 2262 378 Α
2291 322 2658 394 μακρόθυμον,
2707 325 2768 378 τὸ
2821 326 3002 395 πάσης
3050 311 3333 392 κενοδοξίας
3379 347 3430 383 τε
3474 334 3550 386 καὶ
3582 337 3738 406 ἀπάτης

629 399 712 443 cst
741 401 774 454 p
797 388 1088 456 rmixtum,
1121 392 1422 466 fraudeque
1459 415 1580 468 qua:
1615 411 1862 458 versatur
1895 406 1951 460 in
1978 406 2046 462 iis
2069 422 2180 477 qua

1393 413 1422 452 e
1459 415 1580 468 quae
1615 411 1862 458 versatur
1895 406 1951 460 in
1978 406 2046 462 iis
2069 422 2190 477 quae
2290 388 2544 484 βιωτικῆς
2569 415 2941 486 ἀνεπίμικτον.

630 471 697 525 ad
728 476 866 529 hanc
896 479 1064 534 vitam
1101 485 1394 552 pertinent.

697 561 827 619 Post
850 567 963 623 haec
990 571 1172 628 laudat
1199 577 1560 647 sagittarium,
1587 585 1732 652 quod
1764 600 1988 656 scopum
2041 594 2189 642 recte

2358 587 2541 641 Ταῦτα
2561 588 2811 652 εἰποῦσα,
2841 590 3052 644 ἐπαινεῖ
3076 588 3166 644 τὸν
3189 589 3391 662 τοξότην
3411 593 3495 662 τῆς
3519 596 3740 667 εὐστοχίας,

628 656 877 727 attingat,
933 671 989 716 ut
1045 665 1136 733 qui
1178 667 1343 722 telum
1386 671 1612 740 pulchre
1660 676 1713 730 in
1759 676 1934 746 ipsam
1965 677 2179 748 dirigat.

2285 678 2360 742 ὡς
2409 679 2588 743 καλῶς
2634 682 2721 733 ἐπ’
2771 681 2940 749 αὐτὴν
2977 680 3039 734 τὸ
3093 681 3238 751 βέλος
3275 656 3553 738 εὐθύναντα.

641 745 948 816 Vulnerata,
975 753 1173 824 inquit,
1214 775 1332 813 sum
1369 779 1402 814 a
1437 762 1735 820 dilectione.
1782 745 2033 822 Ostendit
2079 745 2188 823 hac

2280 767 2433 836 μένη
2463 767 2591 838 γὰρ,
2626 769 2810 838 φησὶν,
2842 745 3242 839 ἀγάπης-ἐγώ.
3291 771 3508 824 Δείκνυσι
3550 772 3612 842 τῷ
3646 745 3750 844 λόγῳ

623 838 873 894 oratione
917 844 1104 910 telum,
1135 850 1279 918 quod
1305 853 1456 906 cordi
1491 857 1598 910 alte
1627 857 1849 913 insidet.
1881 859 1984 925 Qui
2016 861 2174 914 telum

2285 855 2345 907 τὺ
2373 854 2542 924 βέλος,
2579 855 2640 908 τὸ
2669 859 2734 926 τῇ
2771 857 2961 930 καρδίᾳ
2989 856 3074 910 διὰ
3117 838 3304 927 βάθους
3337 838 3624 929 ἐγκείμενον.

620 939 802 984 autem
837 931 1135 1002 jaculatur,
1177 947 1261 994 est
1287 942 1508 1000 dilectio
1546 961 1642 1001 seu
1680 949 1943 1005 charitas.
1991 951 2171 1006 Chari-

2283 944 2505 1016 τοξότης
2537 945 2629 1000 τοῦ
2670 946 2857 1016 βέλους
2895 949 2928 1018 ή
2970 948 3154 1018 ἀγάπη
3195 948 3352 1001 ἐστίν.
3391 950 3599 1036 Ἀγάπην
3622 951 3665 1005 δὲ
3687 953 3752 1007 τὸν

619 1024 788 1071 tatem
825 1029 1004 1076 autem
1043 1040 1166 1082 esse
1211 1026 1379 1083 Deum
1414 1031 1708 1090 didicimus
1750 1051 1780 1090 a
1838 1053 1993 1093 sacra
2029 1039 2170 1094 Scri-

2285 1036 2415 1090 Θεὸν
2464 1032 2602 1090 εἷναι
2636 1037 2786 1109 παρά
2831 1040 2929 1108 τῆς
2977 1039 3136 1107 ἁγίας
3174 1039 3381 1110 Γραφῖκ
3421 1024 3752 1112 μεμαθήκαμεν,

620 1117 784 1178 ptura
805 1112 872 1176 “,
910 1116 1001 1184 qui
1022 1117 1247 1172 electam
1283 1136 1436 1176 suam
1471 1127 1748 1196 sagittam,
1789 1143 1983 1198 nempe
2018 1128 2171 1182 Deun

2284 1127 2342 1190 ὃς
2370 1127 2430 1180 τὸ
2446 1127 2696 1181 ἐκλεκτὸν
2717 1128 2784 1181 αὐ
2792 1127 2880 1180 τοῦ
2902 1127 3053 1198 βέλος
3071 1129 3162 1182 τὸν
3188 1130 3432 1200 μονογενῆ
3452 1131 3562 1183 Υίὸν
3577 1133 3649 1184 ἐπὶ
3665 1134 3753 1195 τοὺς

623 1202 988 1271 unigenitum,
1022 1209 1224 1263 emittit
1261 1211 1314 1264 in
1343 1229 1439 1268 eos
1472 1217 1566 1284 qui
1617 1227 1930 1284 servantur,
1987 1218 2174 1287 spiritu

2288 1215 2624 1286 σωζομένους
2656 1218 2962 1287 ἐκπέμπει,
3007 1217 3085 1287 τῷ
3128 1218 3385 1288 πνεύματι
3420 1218 3547 1288 ζωῆς
3574 1221 3652 1290 τὴν
3673 1238 3756 1291 τρι-

620 1290 745 1345 vitae
777 1293 914 1348 illita
949 1297 1152 1368 triplici
1192 1303 1369 1356 aculei
1401 1305 1650 1374 cuspide.
1697 1307 1937 1363 Aculeus
2001 1318 2171 1363 autem

2285 1307 2422 1377 πλῆν
2442 1307 2541 1376 τῆς
2564 1307 2743 1371 ἀκίδος
2761 1307 2942 1379 ἀκμὴν
2963 1308 3321 1380 περιχρώσας.
3354 1311 3486 1372 ’Δκὶς
3505 1309 3552 1362 δέ
3575 1312 3602 1380 ἡ
3625 1310 3757 1373 πίστις

622 1389 705 1434 est
743 1383 893 1449 ﬁdes,
932 1397 988 1441 ut
1021 1405 1140 1458 qua:
1163 1390 1217 1444 in
1245 1408 1352 1462 quo
1379 1392 1562 1458 fuerit,
1611 1410 1734 1451 cum
1777 1399 1973 1468 sagitta
2021 1400 2173 1454 simul

2285 1398 2451 1462 ἐστὶν,
2486 1397 2572 1448 ἵνα
2605 1397 2660 1450 ἐν
2693 1391 2738 1464 ᾧ
2767 1396 2989 1465 γένηται
3035 1398 3319 1469 συνεισάγῃ
3358 1396 3482 1467 μετά
3513 1397 3590 1450 τοῦ
3623 1397 3755 1466 βέλους

623 1473 859 1529 adducat
889 1479 1254 1548 sagittarium,
1287 1492 1344 1538 ut
1369 1483 1502 1540 dicit
1537 1487 1798 1544 Dominus
1832 1509 1844 1543 :
1877 1488 1988 1559 Ego
2015 1489 2174 1544 etPa-

2285 1487 2377 1539 καὶ
2411 1486 2502 1538 τὸν
2535 1484 2774 1556 τοξότην,
2806 1485 2880 1548 ὦς
2905 1502 3068 1554 φησιν
3099 1488 3128 1538 ό
3159 1485 3372 1552 Κύριος,
3394 1487 3469 1538 ὅτι
3500 1486 3623 1554 Ἐγὼ
3643 1486 3761 1538 καὶὸ

623 1571 702 1614 ter
739 1580 896 1618 unum
925 1584 1126 1634 sumus,
1151 1581 1200 1625 et
1239 1575 1519 1640 veniemus,
1567 1587 1614 1630 et
1664 1580 1989 1632 mansionem
2044 1585 2174 1646 apud

2212 1643 2244 1646 _
2287 1576 2484 1644 Πατὴρ
2510 1577 2580 1630 ἓν
2603 1577 2807 1645 ἐσμεν,
2837 1576 2934 1630 καὶ
2960 1576 3341 1645 ἐλευσόμεθα,
3370 1577 3459 1630 καί
3477 1575 3646 1644 μονὴν
3663 1576 3759 1643 παρ’

619 1668 738 1705 eum
770 1655 1020 1723 faciemus
1041 1659 1106 1715 ⁸⁸.
1143 1660 1300 1718 Videt
1320 1680 1449 1734 ergo
1478 1682 1596 1735 qua:
1630 1683 1726 1736 per
1755 1670 1968 1725 divinas
1991 1686 2170 1725 ascen-

2211 1643 2453 1732 Bai)“;
2493 1643 2843 1736 ποιήσομεν.
2891 1668 3022 1737 Ὁρᾷ
3076 1643 3255 1720 τοίνυν
3305 1669 3337 1736 ἠ
3385 1643 3598 1718 διάτῶν
3648 1666 3762 1717 θείων

621 1740 804 1797 siones
835 1746 888 1798 in
924 1747 1094 1801 altum
1112 1750 1326 1805 sublata
1343 1760 1428 1807 est
1455 1755 1657 1818 anima,
1684 1755 1844 1811 dulce
1866 1758 2031 1811 telum
2051 1757 2172 1810 cha-

2283 1757 2594 1813 ἀναϐάσεων
2653 1758 2923 1826 ὑψωθεῖσα
2962 1758 3130 1826 ψυχὴ,
3171 1756 3231 1809 τὸ
3280 1757 3439 1825 γλυκύ
3481 1757 3564 1826 τῆς
3601 1755 3763 1824 ἀγάπης

620 1829 821 1894 ritatis,
876 1851 984 1903 quo
1014 1837 1129 1906 ipsa
1188 1839 1291 1894 fuit
1333 1844 1602 1911 sauciata,
1654 1855 1707 1900 et
1744 1846 1812 1900 de
1841 1863 1906 1901 eo
1961 1849 2171 1902 vulnere

2285 1848 2434 1917 βέλος
2461 1849 2517 1900 ὲν
2544 1848 2730 1918 ἑαυτῇ,
2759 1841 2804 1915 ᾧ
2832 1848 3063 1918 ἐτρώθη,
3092 1849 3186 1900 καὶ
3215 1848 3462 1918 καύχημα
3483 1849 3678 1900 ποιεῖται
3694 1848 3762 1914 τὴν

619 1921 904 1988 gloriatur,
931 1927 1119 1984 dicens
1151 1949 1164 1985 :
1209 1931 1502 1986 Vulnerata
1532 1952 1650 1988 sum
1693 1953 1785 2006 ego
1818 1953 1848 1990 a
1880 1937 2170 1992 dilectione.

2283 1939 2514 2007 πληγὴν,
2559 1937 2808 2006 λέγουσα,
2841 1940 2923 1991 ὃτι
2971 1938 3303 2007 Τετρωμένη
3347 1937 3558 2007 ἀγάπης
3588 1937 3692 2005 ἐγώ.
3721 1937 3763 1986 Ὢ

619 2011 664 2062 υ
711 2012 999 2079 pulchrum
1055 2019 1253 2075 vulnus
1299 2029 1352 2076 et
1397 2023 1572 2078 dulcis
1613 2027 1810 2095 plaga,
1871 2043 1968 2096 per
2017 2044 2170 2097 quam

2283 2028 2446 2082 καλοῦ
2474 2029 2784 2100 τραύματος
2817 2030 2910 2082 καὶ
2945 2029 3203 2098 γλυκείας
3241 2029 3463 2100 πληγῆς,
3483 2029 3541 2080 δι’
3564 2024 3621 2098 ἧς
3642 2029 3669 2097 ἡ
3688 2025 3764 2095 ζωὴ

619 2102 830 2171 plagam
888 2105 995 2160 vita
1065 2111 1213 2164 subit
1279 2113 1532 2177 interna,
1605 2117 1750 2186 quod
1807 2134 1928 2188 qua:
1981 2135 2010 2173 a
2073 2121 2170 2176 telu

2281 2119 2372 2173 ἐπὶ
2411 2121 2478 2172 τά
2517 2120 2662 2180 ἐντὸς
2707 2118 3004 2182 διαδύεται,
3048 2119 3237 2190 ὥσπερ
3267 2121 3380 2172 τινὰ
3417 2119 3569 2190 θύραν
3597 2117 3762 2170 καὶείσ-

623 2195 760 2248 {acta
784 2206 865 2250 est
895 2199 1112 2263 divisio,
1153 2202 1428 2270 quoddam
1463 2208 1666 2261 ostium
1706 2219 1759 2262 et
1799 2210 2004 2264 aditum
2049 2226 2174 2280 ape-

2280 2209 2396 2262 οδον
2422 2209 2520 2280 τὴν
2555 2211 2617 2261 ἐκ
2649 2209 2742 2262 τοῦ
2771 2209 2953 2279 βέλους
2989 2209 3250 2280 διαίρεσιν
3285 2211 3441 2280 ἑαυτῇ
3476 2207 3763 2272 ὑπανοίξασαῑ

621 2301 684 2338 ιιι
707 2287 820 2340 wit!
857 2287 992 2342 Nam
1031 2291 1195 2346 simul
1224 2303 1387 2364 atque
1418 2297 1584 2350 telum
1624 2299 1834 2368 accepit
1872 2301 2172 2365 charitatis.

2292 2297 2455 2367 Ὁμοῦ
2502 2315 2559 2350 τε
2602 2297 2710 2370 γᾲρ
2753 2297 2813 2350 τὸ
2854 2301 2954 2366 τῆς
3000 2298 3222 2368 ἀγάπης
3274 2298 3420 2367 βέλος
3466 2297 3667 2360 ἐδέξατο,
3704 2297 3767 2348 καί

615 2377 686 2430 ad
730 2379 1028 2448 nuptialem
1074 2383 1317 2438 laetitiam
1372 2387 1622 2454 protinus
1668 2396 2030 2445 transmutata
2077 2391 2166 2447 fuit

2281 2391 2614 2460 παραχρῆμα
2665 2391 2743 2452 είς
2787 2388 3024 2459 γαμικὴν
3081 2388 3342 2459 θυμηδίαν
3398 2390 3430 2457 ἡ
3483 2387 3639 2451 τοξεία
3681 2401 3769 2456 μετ-

610 2466 896 2533 jaculatio.
932 2470 1092 2529 Vides
1125 2478 1269 2529 enim
1298 2479 1757 2547 quemadmodum
1777 2497 1971 2538 manus
1990 2499 2161 2538 arcun

2279 2479 2600 2550 εσκευάσθη.
2641 2481 2872 2550 Φανερὸν
2899 2480 3008 2550 γάρ
3031 2480 3147 2532 ἐστι
3177 2479 3293 2542 πῶς
3325 2480 3379 2532 al
3405 2482 3567 2549 χεῖρες
3587 2480 3638 2531 τὸ
3662 2477 3773 2540 τόξον

614 2566 877 2624 tractant,
931 2562 1232 2633 dispertita:
1257 2567 1324 2620 ad
1370 2583 1529 2623 usum
1567 2570 1997 2640 operationibus.
2043 2571 2165 2626 Nam

2282 2570 2761 2641 μεταχειρίζονται,
2800 2571 3152 2641 μεριζόμεναι
3198 2571 3330 2638 πρὸς
3371 2571 3466 2640 τὴν
3498 2569 3657 2639 χρείαν
3688 2569 3772 2628 ταῖς

613 2647 838 2703 sinistra
868 2652 1088 2720 quidem
1125 2668 1335 2721 arcum,
1383 2655 1607 2712 dextera
1639 2674 1768 2713 vero
1822 2676 2047 2715 nervum
2110 2663 2164 2718 ad

2279 2663 2595 2733 ἐνεργείαις.
2635 2663 2700 2715 Ἠ
2728 2662 2826 2732 μὲν
2852 2663 2958 2734 γὰρ
2979 2661 3258 2732 εὐώνυμος
3279 2661 3369 2714 τοῦ
3393 2661 3540 2724 τόξου
3561 2660 3772 2712 ἅπτεται·

613 2752 674 2792 se
698 2741 942 2806 attrahit,
981 2757 1077 2811 per
1107 2745 1318 2814 sagittae
1351 2749 1749 2804 concavitatem
1777 2751 1942 2804 telum
1998 2752 2066 2806 ad
2118 2768 2164 2808 se

2279 2753 2479 2824 ἡδεξιά
2513 2753 2571 2806 δὲ
2609 2751 2708 2822 τὴν
2750 2750 2946 2821 νευρὰν
2977 2751 3113 2822 πρὸς
3148 2752 3342 2821 ἑαυτὴν
3385 2752 3666 2808 ἐπισπᾶται,
3687 2763 3774 2798 συν·

613 2831 916 2894 attrahens,
949 2832 1096 2900 quod
1130 2833 1370 2889 adhibita
1406 2851 1571 2891 manu
1599 2839 1822 2894 sinistra
1847 2841 1914 2894 ad
1946 2856 2164 2913 scopum

2279 2845 2537 2914 ελκομένη
2557 2842 2643 2896 διὰ
2652 2842 2758 2895 τῶν
2769 2840 3036 2910 γλυφίδων
3051 2841 3112 2893 τὸ
3129 2841 3278 2912 βέλος
3293 2843 3357 2911 τῇ
3374 2838 3588 2910 προσολῇ
3601 2838 3682 2905 τῆς
3691 2837 3777 2906 apt-

611 2916 886 2988 dirigitur.
932 2919 1064 2986 Quae
1095 2937 1224 2993 ergo
1255 2924 1419 2992 paulo
1458 2936 1586 2981 ante
1614 2928 1706 2982 teli
1757 2928 1900 2984 facta
1939 2939 2024 2986 est
2054 2946 2162 2987 sco-

2225 2971 2247 3030 :
2281 2937 2471 3006 περᾶς
2497 2933 2676 3005 χειρός
2701 2934 2835 3004 πρὸς
2865 2933 2956 2987 τὸν
2985 2934 3186 2986 σκοπὸν
3213 2926 3776 3030 εὐθυνόμενονζἮιτοίννν

610 3019 735 3074 pus,
772 3023 919 3063 nunc
974 3011 1209 3080 scipsam
1266 3028 1365 3081 pro
1419 3015 1527 3069 telo
1576 3017 1771 3087 aspicit
1824 3020 1879 3072 in
1924 3021 2161 3075 manibus

2228 3011 2247 3029 ’
2278 3025 2384 3094 πρὸ
2414 3023 2594 3092 όλίγου
2627 3023 2825 3086 σκοπὸς
2851 3023 3113 3094 γενομένη
3158 3023 3252 3076 τοῦ
3296 3022 3496 3092 βέλους,
3522 3019 3606 3072 ν’ύν
3628 3016 3779 3084 ἑαυτὴν

611 3097 906 3166 sagittarii,
959 3115 1083 3154 cum
1141 3102 1302 3156 aliter
1351 3103 1598 3169 dextera,
1649 3115 1703 3162 et
1749 3109 1905 3164 aliter
1953 3110 2162 3166 sinistra

2274 3113 2392 3166 ἀντὶ
2423 3113 2608 3182 βέλους
2645 3115 2701 3165 ἐν
2732 3115 2850 3176 ταῖς
2888 3114 3042 3182 χερσὶ
3072 3112 3169 3166 τοῦ
3203 3112 3412 3177 τοξότου
3443 3111 3625 3180 βλέπει,
3650 3106 3778 3164 illm;

610 3186 778 3239 telum
805 3189 1200 3257 apprehendat.
1241 3191 1348 3248 Sed
1376 3196 1637 3262 quoniam
1694 3213 1793 3267 per
1841 3209 2059 3269 tropum
2109 3217 2161 3256 ei

2273 3206 2372 3274 τῆς
2392 3203 2587 3269 δεξιᾶς,
2618 3205 2712 3257 καὶ
2737 3205 2935 3275 ἑτέρως
2957 3207 3055 3275 τῆς
3079 3204 3361 3274 εὐωνύμου
3383 3197 3779 3272 διαλαμϐανούσης

611 3280 960 3346 epithalamio
1011 3290 1288 3352 sumptum
1322 3283 1702 3354 producuntur
1728 3303 1794 3343 ex
1815 3295 2162 3361 consequenti

2272 3294 2332 3346 τὸ
2363 3293 2530 3364 βέλος.
2559 3293 2693 3347 Ἀλλ’
2721 3295 2906 3367 ἐπειδὴ
2935 3294 3022 3348 διὰ
3047 3298 3148 3366 τῆς
3174 3295 3524 3364 ἐπιθαλαμίου
3546 3291 3720 3362 τροπῆς
3739 3287 3777 3338 αἱ

610 3367 1004 3424 theorematum
1055 3373 1517 3443 significationes,
1584 3391 1693 3432 non
1739 3377 1866 3434 fecit
1921 3383 2161 3439 aculeun‘

2271 3385 2379 3438 τῶν
2403 3384 2768 3456 θεωρημάτων
2797 3388 3061 3457 ἐμφάσεις
3090 3387 3158 3440 δι’
3180 3385 3466 3441 ἀκολούθου
3489 3383 3775 3455 προάγονται,

608 3457 702 3510 teli
751 3459 1008 3515 sustineri
1053 3477 1084 3522 a
1135 3463 1385 3532 sinistra,
1443 3482 1620 3537 neque
1665 3469 1943 3525 dexteram
1991 3481 2159 3529 teneri

2272 3478 2371 3530 οὐκ
2403 3477 2620 3548 ἐποίησε
2641 3477 2737 3548 τὴν
2766 3479 2927 3532 ἀκίδα
2951 3479 3042 3533 τοῦ
3074 3478 3266 3548 βέλους
3307 3477 3410 3530 ὐπὸ
3434 3477 3524 3545 τῆς
3546 3469 3777 3542 ἀριστερᾶς

609 3548 835 3601 alteram
869 3561 1102 3620 partem,
1165 3561 1225 3607 ut
1258 3555 1330 3610 sit
1363 3556 1544 3611 anima
1577 3559 1746 3614 telum
1781 3559 1837 3615 in
1883 3577 2048 3617 manu
2077 3579 2160 3634 po-

2273 3567 2556 3638 ἐχομένην,
2591 3568 2710 3621 οὐδέ
2737 3568 2834 3640 τὴν
2864 3569 3038 3633 δεξιὰν
3062 3570 3122 3621 τὸ
3146 3570 3334 3641 ἕτερον
3357 3564 3775 3635 διαλαμϐάνονσαν,

609 3640 776 3696 tentis
803 3642 1072 3698 directum
1106 3659 1326 3720 sursum
1367 3647 1435 3702 ad
1466 3664 1716 3720 scopum,
1753 3652 1848 3711 sed
1884 3653 2016 3708 fecit
2044 3655 2160 3710 sinit

2271 3659 2346 3722 ὼς
2385 3658 2450 3714 ἂν
2477 3659 2684 3727 γένοιτο
2714 3663 2746 3730 ἡ
2780 3659 2924 3731 ψυχὴ
2978 3659 3128 3729 βέλος
3162 3663 3220 3714 ἐν
3266 3661 3407 3731 χειρὶ
3453 3657 3539 3710 τοῦ
3582 3647 3775 3709 δυνατοῦ,

609 3739 776 3786 stram
804 3733 1023 3802 quidem
1065 3736 1264 3806 subjici
1285 3739 1446 3808 capiti
1479 3755 1578 3811 pro
1611 3743 1799 3798 aculeo
1848 3762 1861 3798 :
1896 3746 2160 3803 dexteram

2274 3749 2410 3819 πρὸς
2443 3749 2534 3802 τὸν
2561 3749 2671 3803 ἄνω
2705 3750 2902 3802 σκοπὸν
2933 3748 3290 3820 εὐθυνόμενον
3313 3768 3325 3780 ο
3350 3749 3458 3803 ἀλλ’
3487 3745 3683 3813 ἐποίησε
3707 3738 3776 3807 τὴν

609 3831 791 3878 autem
829 3832 1012 3880 tenere
1047 3826 1098 3881 id
1124 3829 1270 3898 quod
1302 3839 1472 3884 restat
1505 3848 1520 3885 :
1571 3841 1629 3885 ut
1666 3835 1848 3899 simul,
1874 3845 1932 3890 ut
1957 3839 2160 3906 opinor,

2277 3839 2374 3910 μὲν
2421 3838 2698 3909 εὐώνυμον
2740 3839 2859 3892 ἀντὶ
2889 3840 2988 3910 τῆς
3036 3840 3224 3902 ἀκίδος
3272 3843 3338 3910 τῇ
3372 3839 3567 3907 κεφαλῇ
3595 3830 3778 3887 amsa-

601 3916 816 3986 duplici
874 3918 1166 3988 aenigmate
1213 3919 1633 3992 philosophetur
1675 3927 1853 3980 oratio
1883 3927 1950 3982 de
1992 3928 2152 3983 divin:

2273 3929 2494 3983 λεσθαι·
2525 3929 2979 4000 διαλαμὸάνεσθαι
3025 3931 3082 3983 δὲ
3124 3935 3192 4002 τῇ
3225 3931 3376 4001 δεξιᾷ
3408 3930 3466 3983 τὸ
3500 3925 3775 3994 λειπόμενον,

601 4007 952 4072 ascensione,
985 4008 1284 4065 ostendens
1323 4013 1471 4082 quod
1505 4013 1647 4069 idem
1702 4016 1775 4071 sit
1821 4032 2058 4088 sponsus
2119 4036 2149 4074 e

2275 4021 2350 4084 ὼς
2373 4020 2458 4085 ἀν,
2488 4017 2658 4091 οἶμαι,
2691 4021 2830 4074 κατά
2869 4021 3062 4074 ταύτὸν
3089 4023 3148 4076 ἐν
3182 4026 3298 4085 τοῖς
3324 4023 3522 4084 διπλοῖς
3550 4018 3777 4084 αἰνίγμασι

600 4099 946 4171 sagittarius,
975 4101 1166 4156 eadem
1193 4111 1384 4159 nostra
1413 4119 1620 4175 sponsa
1643 4115 1696 4161 et
1723 4109 1945 4178 sagitta,
1971 4126 2151 4181 nempt

2273 4114 2341 4167 τὰ
2370 4113 2496 4184 περὶ¹
2523 4116 2621 4183 τῆς
2653 4112 2801 4175 θείας
2830 4113 3146 4177 ἀναϐάσεως
3175 4115 3206 4167 ό
3229 4114 3386 4182 λόγος
3413 4109 3774 4181 φιλοσοφήσειεν.

601 4205 740 4259 para
777 4198 936 4245 utens
963 4191 1169 4258 anima,
1201 4203 1254 4248 et
1281 4203 1540 4264 tanquam
1575 4197 1821 4262 jaculum
1869 4198 1937 4253 ad
1967 4199 2152 4254 bonun

2271 4205 2485 4268 δεικνὺς
2533 4205 2614 4258 ὅτι
2659 4205 2688 4256 ὁ
2733 4204 2895 4266 αὐτὸς
2940 4206 3032 4257 καὶ
3069 4205 3306 4274 νυμφίος
3337 4205 3428 4257 καὶ
3451 4200 3646 4269 τοξότης
3666 4195 3777 4248 ἐστὶν

598 4295 832 4349 scopum
887 4278 1130 4350 dirigens
1164 4292 1463 4352 :tanquam
1523 4298 1785 4354 sponsam
1823 4302 2041 4342 sursum
2075 4288 2149 4345 de

2220 4298 2248 4351 Β
2276 4293 2451 4364 ἡμῶν,
2486 4291 2672 4365 νύμφῃ
2711 4309 2769 4345 τε
2799 4293 2891 4345 καὶ
2929 4292 3069 4361 βέλει
3117 4296 3183 4364 τῇ
3219 4291 3589 4363 κεκαθαρμένη
3625 4297 3771 4353 κεχρη-

601 4372 814 4428 ducens
861 4370 931 4426 ad
982 4372 1454 4444 participationem
1506 4377 1854 4440 aeternitatis,
1909 4379 1964 4432 in
2009 4396 2152 4449 quan

2280 4383 2441 4452 μένος
2492 4383 2658 4452 ψυχῇ,
2707 4383 2782 4444 ὡς
2844 4381 2992 4452 βέλος
3037 4382 3174 4452 πρὸς
3207 4383 3298 4435 τὸν
3352 4382 3542 4450 ἀγαθὸν
3591 4374 3772 4430 εὐθύνων

604 4479 712 4517 non
749 4465 896 4520 cadit
949 4465 1225 4529 interitus,
1277 4465 1401 4519 vitae
1448 4466 1847 4537 longitudinem
1893 4478 1948 4526 et
1998 4487 2155 4526 anno:

2278 4472 2510 4524 σκοπόν·
2562 4471 2637 4534 ὼς
2685 4471 2900 4542 νύμφην
2954 4470 3087 4540 πρὸς
3119 4472 3412 4539 μετουσίαν
3453 4462 3769 4558 ἀναλαμὸἀνιίιν

605 4553 731 4607 vitae
763 4570 861 4624 per
893 4555 1173 4611 dexteram
1204 4556 1498 4628 elargiens,
1532 4573 1628 4627 per
1653 4559 1932 4615 sinistram
1958 4569 2156 4626 autem,

2273 4567 2372 4633 τῆς
2401 4562 2676 4633 ἀφθάρτου
2716 4563 3032 4632 ἀῖδιότητος,
3071 4563 3246 4634 μῆκος
3295 4563 3408 4633 βίου
3440 4562 3526 4616 καὶ
3554 4559 3632 4626 ἔτη
3667 4553 3769 4652 ζωῆς

607 4652 939 4697 aeternorum
971 4645 1244 4699 honorum
1274 4643 1496 4702 divitias
1530 4654 1584 4702 et
1611 4646 1706 4702 Dei
1735 4649 1990 4719 gloriam,
2011 4651 2158 4720 cujus

2274 4656 2361 4709 διὰ
2385 4655 2485 4724 τῆς
2515 4654 2691 4719 δεξιᾶς
2719 4655 3107 4724 χαριζόμενος⁸
3156 4655 3246 4708 διὰ
3299 4655 3358 4708 δὲ
3402 4653 3499 4722 τῆς
3545 4643 3767 4736 ἀριστερᾶς

607 4747 715 4785 ιιοιι
751 4741 985 4801 possunt
1007 4750 1132 4791 esse
1159 4735 1480 4807 participes,
1515 4737 1608 4806 qui
1647 4748 1901 4807 quaerunt
1941 4741 2158 4810 gloriam

2274 4748 2364 4800 τὸν
2388 4747 2494 4800 τῶν
2522 4746 2753 4801 αἰωνίων
2785 4745 3004 4812 ἀγαθῶν
3032 4745 3260 4798 πλοῦτον
3290 4786 3305 4809 ,
3333 4746 3426 4798 καὶ
3450 4743 3541 4813 τὴν
3571 4735 3647 4791 τοῦ
3668 4732 3764 4784 Θεῦυ

606 4822 820 4876 mundi.
863 4823 1158 4894 Propterea
1207 4825 1343 4881 dicit
1383 4845 1396 4881 :
1431 4826 1666 4881 Sinistra
1709 4831 1824 4896 ejus
1865 4831 1959 4884 sub
2001 4833 2157 4900 capiti

2271 4835 2448 4900 δόξαν,
2495 4831 2563 4905 ἦς
2594 4835 2643 4886 οἱ
2689 4833 2785 4904 τὴν
2827 4833 2919 4886 τοῦ
2951 4833 3156 4902 κόσμου
3182 4833 3472 4904 ζητοῦντες
3514 4829 3644 4891 δόξαν
3665 4817 3763 4914 ἁμές

606 4927 844 4982 meo,per
860 4929 1023 4984 quam
1039 4915 1284 4985 jaculum
1301 4917 1544 4988 dirigitur
1580 4918 1645 4972 ad
1665 4933 1914 4990 scopum.
1940 4920 2157 4978 Dexter:

2272 4943 2416 4996 τοχοι
2450 4926 2707 4994 γίνονται.
2749 4924 2848 4977 Διὰ
2879 4923 3033 4976 τοῦτό
3076 4941 3261 4994 φησιν,
3297 4925 3601 4991 Εὐώνυμος
3628 4913 3761 4968 αὐτου

608 5010 790 5059 autem
816 5005 936 5074 ejus
964 5021 1048 5061 me
1074 5007 1492 5077 apprehendens
1532 5019 1586 5064 et
1614 5010 1682 5064 ad
1705 5025 1766 5067 se
1807 5013 2053 5078 trahens,
2084 5013 2159 5070 ef-

2271 5015 2390 5071 ὐπὸ
2415 5014 2528 5084 τὴν
2554 5015 2826 5084 κεφαλήν
2858 5030 2998 5081 μου,
3035 5013 3101 5065 δι’
3137 5007 3208 5084 ἦς
3252 5014 3528 5066 εὐθύνεται
3571 5005 3677 5077 πρὸς
3696 4997 3761 5049 τὸν

607 5088 723 5144 ﬂcit
751 5106 836 5146 me
865 5092 1060 5156 levem,
1117 5101 1174 5147 ut
1204 5109 1423 5150 sursum
1470 5095 1637 5164 ferar,
1690 5109 1750 5154 ut
1794 5102 1923 5158 illuc
1958 5104 2158 5174 mittar,

2274 5107 2472 5162 σκοπὸν
2520 5105 2582 5160 τὸ
2627 5106 2807 5176 βέλος·
2845 5103 2991 5168 δεξιά
3037 5105 3092 5157 δὲ
3139 5105 3306 5159 αὐτοῦ
3351 5105 3484 5176 πρὸς
3525 5097 3688 5165 ἑαυτήν
3717 5101 3766 5158 με

604 5174 658 5236 ει
687 5197 717 5236 a
749 5183 1037 5253 sagittario
1068 5185 1291 5240 minimc
1331 5201 1574 5258 separer.
1625 5190 1776 5248 Adeo
1818 5203 1877 5248 ut
1921 5202 1975 5250 et
2005 5195 2155 5250 simul

2271 5197 2598 5252 διαλαϐοῦσα
2622 5174 2717 5251 καὶ
2745 5195 3172 5268 ἐφελκυσαμένη,
3209 5174 3419 5267 κούφην
3461 5211 3523 5265 με
3563 5189 3675 5277 πρὸς
3697 5180 3772 5277 τὴς

607 5268 818 5324 feratur
848 5288 945 5341 per
985 5274 1398 5343 jaculationem,
1453 5287 1508 5335 et
1540 5281 1595 5335 in
1647 5281 1859 5338 Domini
1911 5286 2158 5351 manibus

2272 5290 2384 5344 ἀνω
2413 5287 2583 5359 φορὰν
2610 5287 2996 5358 ἀπεργάζεται,
3035 5289 3192 5342 κάκεῖ
3214 5285 3578 5358 πεμπομένην,
3609 5275 3684 5332 καὶ
3701 5268 3773 5324 τοῦ

606 5363 983 5434 conquiescat.
1047 5365 1249 5423 Harum
1296 5385 1556 5426 manuum
1617 5376 1977 5446 proprietates
2038 5378 2157 5436 dicil

2272 5379 2484 5446 τοξότου
2527 5379 2600 5450 μὴ
2633 5380 3005 5451 χωριζομένην
3025 5399 3037 5412 ·
3090 5380 3162 5444 ὡς
3196 5380 3335 5450 ὁμοῦ
3376 5397 3433 5434 τε
3460 5371 3687 5449 φέρεσθαι
3706 5362 3775 5420 διὰ

679 5541 721 5574 ⁸⁵
749 5541 765 5598 I
789 5543 944 5602 Joan.
981 5563 1054 5616 iv,
1087 5547 1139 5602 8.
1197 5549 1260 5580 '"
1282 5547 1436 5604 Jnan.
1469 5566 1578 5616 xw,
1611 5553 1697 5608 9.5.
