3928 6196
177 151 260 208 853
1133 154 1198 209 ΙΝ
1246 156 1549 214 CANTICA
1572 156 1844 238 CANTIQ.
1885 158 2169 217 llOMlLlA
2206 161 2295 218 IV.

3320 175 3424 232 856

174 274 252 340 τῆς
299 269 479 341 βολῆς,
530 269 625 324 καὶ
672 271 794 334 ταῖς
847 271 1006 343 χερσὶ
1061 272 1156 326 τοῦ
1201 275 1472 329 Δεσπότου
1506 295 1732 333 συνανα-

1841 281 2227 348 Proverbium,
2282 300 2478 356 nempe
2510 287 2658 357 quod
2695 287 2984 360 longitudo
3035 292 3160 344 vitae
3205 299 3259 345 ct
3294 295 3422 348 anni

173 361 437 415 παύεσθαι.
467 363 550 416 Τὰ
577 362 635 416 δέ
669 362 777 417 τῶν
805 363 1010 435 χειρῶν
1039 364 1245 420 τούτων
1281 367 1545 438 ἰδιώματά
1574 388 1738 442 φησιν

171 453 197 520 ἡ
232 451 522 521 Παροιμια.
564 454 648 506 ὃτι
700 452 876 523 μῆκος
925 453 1062 524 βίου,
1100 456 1194 508 καὶ
1233 455 1329 527 ἔτη
1366 458 1510 529 ζωῆς
1560 463 1617 514 ἐν
1672 467 1735 534 τῇ

168 539 295 611 δεξιᾷ
323 541 422 610 τῆς
452 542 647 612 σοφίας
670 561 684 575 ·
717 546 775 597 ἐν
823 545 880 598 δέ
900 548 966 616 τῇ
997 547 1264 618 ἀριστερᾷ
1288 549 1481 618 αὐτῆς,
1511 550 1738 616 πλοῦτος

169 630 248 680 καὶ
275 627 421 694 δόξα.
478 672 482 681 .

226 715 352 773 Εἶτα
389 720 527 791 πρὸς
573 720 673 785 τὰς
721 721 1030 794 θυγατέρας
1065 723 1166 793 τῆς
1211 723 1323 778 ἄνω
1385 726 1738 800 Ἰερουσαλὴμ

167 812 340 881 τρέπει
372 811 464 864 τὸν
493 813 668 881 λόγον.
715 815 774 868 '0
818 814 875 867 δὲ
905 814 1062 883 λόγος
1112 815 1456 888 παράκλησίς
1501 819 1646 873 ἐστιν
1680 823 1737 874 ἐν

165 904 294 972 ὅρκῳ
356 905 767 976 προσαγομένη,
821 907 916 958 τοῦ
970 907 1286 972 πλεονάζειν
1337 911 1434 962 καὶ
1481 911 1737 978 ἐπαύξειν

165 992 241 1044 ἀεὶ
271 991 370 1062 τὴν
416 993 661 1064 ἀγάπην,
714 995 818 1058 ἕως
867 996 933 1050 ἂν
960 998 1181 1068 ἐνεργὸν
1209 998 1405 1052 ἑαυτοῦ
1444 1001 1642 1072 ποιήσῃ
1676 1004 1738 1056 τὸ

165 1083 379 1153 θέλημα,
408 1084 438 1135 6
470 1083 641 1138 θέλων
670 1086 877 1149 πάντας
911 1086 1174 1157 σωθῆναι,
1207 1089 1301 1142 καὶ
1330 1090 1411 1152 εἰς
1443 1090 1736 1160 ἐπίγνωσιν

162 1176 403 1245 ἀληθείας
442 1177 639 1233 ἐλθεῖν.
687 1179 744 1232 Ὀ
773 1179 830 1233 δὲ
858 1179 1015 1248 λόγος
1043 1173 1200 1244 οῦτός
1231 1183 1380 1236 ἐστιν
1412 1181 1472 1235 ὃν
1504 1183 1735 1253 πεποίηυ

160 1283 238 1320 ται
257 1283 272 1297 ο
323 1269 580 1336 Ὤρκισα
614 1269 770 1340 ὑμᾶς
790 1312 806 1337 ,
832 1274 1153 1341 θυγατέρες
1214 1272 1636 1344 Ἰερουσαλὴμ,
1667 1276 1738 1329 ἐν

158 1359 276 1424 ταῖς
311 1358 609 1430 δυνάμεσι
640 1362 740 1416 καὶ
785 1362 856 1416 ἐν
889 1362 1018 1430 ταῖς
1061 1365 1349 1434 ἰσχύσεσι
1387 1365 1496 1420 τοῦ
1527 1367 1734 1436 ἀγροῦ,

154 1449 252 1502 ἐὰν
273 1451 541 1519 ἐγείρητε
567 1451 663 1506 καί
694 1452 1030 1524 ἑξετείρητε
1061 1455 1178 1523 τὴν
1221 1456 1481 1526 ἀγάπην,
1511 1458 1622 1524 ἕως
1662 1455 1735 1515 οὗ

156 1540 406 1608 θελήσῃ.
447 1541 652 1612 Ὅρκος
695 1544 814 1596 ἐστί
845 1544 1001 1613 λόγος
1049 1547 1410 1618 πιστούμενος
1443 1550 1512 1604 δι’
1542 1550 1736 1603 ἐαυτοῦ

1844 375 1968 430 vita:
2002 385 2133 432 sunt
2155 376 2384 433 dextera
2405 379 2688 448 sapientiae
2719 399 2730 433 :
2766 381 2963 450 ineius
2988 389 3173 437 autem
3194 383 3423 440 sinistra

1845 466 2049 524 divitia:
2078 477 2132 525 et
2157 469 2333 540 gloria
2351 471 2418 524 ⁸³⁸.

1916 749 2124 807 Deinde
2178 751 2451 807 convertit
2497 750 2803 807 orationem
2857 751 2927 805 ad
2990 751 3128 807 ﬁlias
3173 769 3423 823 supernae

1843 835 2170 897 Jerusalem.
2224 841 2322 897 Est
2356 851 2540 897 autem
2582 841 2761 896 oratio
2793 839 3105 896 adhortatio
3164 858 3284 912 qua:
3325 845 3422 898 ad-

1843 932 2064 988 hibetur
2118 947 2242 987 cum
2281 932 2650 1003 adjuratione,
2702 940 2760 986 ut
2793 932 3194 1001 multiplicetur
3231 941 3287 987 ct
3324 949 3422 988 au-

1845 1033 2036 1095 geatur
2057 1041 2278 1096 semper
2304 1026 2571 1089 Charitas,
2625 1024 2801 1079 donec
2832 1024 2901 1078 ad
2949 1023 3205 1079 ell‘ectum
3260 1040 3421 1080 suam

1844 1116 2132 1172 deduxerit
2170 1119 2533 1180 voluntatem,
2554 1116 2649 1187 qui
2679 1117 2796 1171 vult
2825 1131 3018 1172 omnes
3037 1116 3287 1170 homines
3307 1117 3421 1170 sal-

1845 1223 1943 1264 vos
1994 1208 2132 1270 ﬁeri,
2191 1215 2248 1264 et
2294 1209 2362 1263 ad
2418 1207 2754 1278 agnitionem
2812 1208 3006 1262 venire
3079 1207 3416 1262 veritatis".

1845 1295 1972 1352 Haec
2005 1308 2137 1352 sunt
2180 1305 2361 1353 autem
2409 1298 2532 1367 ejus
2571 1298 2738 1353 verba
2776 1316 2789 1352 :
2829 1297 3092 1366 Adjuravi
3136 1315 3248 1361 vos,
3293 1299 3420 1366 ﬁlia:

1843 1387 2176 1456 Jerusalem,
2225 1391 2281 1442 in
2337 1389 2690 1458 potestatibus
2747 1400 2796 1443 et
2853 1389 3136 1443 virtutibus
3203 1389 3340 1458 agri,
3373 1390 3421 1442 si

1842 1481 2076 1535 excitetis
2113 1489 2164 1535 et
2202 1480 2496 1550 expergisci
2531 1480 2746 1548 faciatis
2773 1478 3108 1533 charitatem.
3137 1477 3424 1548 Jusjuran-

1843 1571 1974 1625 dum
2008 1579 2091 1627 est
2134 1572 2314 1626 oratio
2343 1587 2442 1642 per
2486 1586 2548 1626 se
2584 1570 2924 1625 conﬁrmans
2959 1570 3268 1624 veritatem.
3321 1567 3420 1622 Est

153 1631 243 1701 τὴν
291 1632 553 1732 ἀληθειαν
577 1650 591 1664 ο
645 1633 806 1704 διπλῆ
830 1635 888 1688 δέ
917 1637 950 1706 ἡ
981 1636 1122 1690 κατά
1146 1636 1238 1690 τὸν
1273 1638 1437 1710 ὅρκον
1466 1639 1732 1710 ἐνέργεια.

1845 1668 2030 1716 autem
2058 1661 2266 1732 duplex
2295 1631 2597 1731 juramenti
2631 1661 2879 1731 operatio
2907 1679 2921 1728 ;
2955 1669 3050 1714 aut
3088 1660 3234 1714 enim
3266 1659 3421 1730 quis-

155 1723 216 1774 Ἦ
246 1721 356 1793 γὰρ
404 1723 572 1786 αὐτὸς
603 1724 890 1778 πιστοῦται
927 1726 1006 1797 τῷ
1034 1726 1286 1782 ἀκούοντι
1327 1728 1425 1800 τὴν
1453 1729 1729 1802 ἀλήθειαν,

154 1815 183 1882 ἦ
211 1814 390 1876 ἄλλοις
426 1815 516 1868 διὰ
545 1815 642 1869 τοῦ
670 1817 937 1888 όρκισμοῦ
971 1818 1070 1890 τὴν
1110 1821 1356 1892 ἀνάγκην
1400 1822 1594 1891 ἐπάγει
1641 1821 1732 1875 τοῦ

155 1907 312 1974 μηδὲν
340 1907 807 1978 παραψεύδεσθαν
829 1905 962 1974 οἷον,
987 1912 1206 1981 Ὦμοσε
1237 1914 1448 1981 Κύριος
1465 1914 1543 1978 τῷ
1557 1913 1736 1966 Δαϐὶδ

154 1998 464 2066 ἀλήθειαν,
497 2003 594 2054 καὶ
622 2003 696 2055 οὐ
718 2001 808 2074 μή
833 2003 1112 2070 ἀθετήσει
1135 2005 1331 2071 αὐτὴν
1352 2021 1366 2036 ο
1396 2004 1630 2059 ἐνταῦθα
1672 2005 1734 2058 τὸ

157 2093 336 2145 πιστὸν
367 2095 466 2162 τῆς
495 2095 843 2164 ὑποσχέσεως
885 2093 1216 2167 ἐμπεδοῦται
1247 2097 1324 2169 τῷ
1360 2099 1529 2170 ὅρκῳ.
1566 2099 1732 2153 Ὅταν

159 2182 208 2234 δέ
230 2185 486 2252 φροντίδα
519 2185 842 2256 ποιούμενος
871 2187 898 2239 6
939 2187 1188 2260 Ἀϐραὰμ
1216 2189 1316 2258 τῆς
1345 2189 1598 2258 εὐγενοῦς
1640 2191 1732 2244 ἐπὶ

158 2273 228 2342 τῷ
257 2278 531 2343 μονογενεῖ
571 2276 852 2345 συζυγίας,
884 2279 1203 2350 προστάσσῃ
1256 2279 1334 2350 τῷ
1371 2280 1485 2351 ἰδίῳ
1519 2281 1728 2354 οἰκέτῃ,

167 2367 371 2432 μήτινα
400 2365 510 2418 τῶν
541 2365 636 2418 τοῦ
669 2366 858 2434 γένους
885 2367 1126 2433 Χαναὰν,
1160 2368 1270 2421 τῶν
1301 2371 1366 2441 τῇ
1395 2369 1611 2440 δουλείᾳ
1629 2389 1730 2425 κα-

167 2455 616 2526 τιδεόικασμένων
665 2457 966 2510 συνοικίσαι
1015 2456 1154 2528 πρὸς
1193 2458 1369 2529 γάμον
1402 2459 1481 2530 τῷ
1521 2460 1726 2526 Ἰσαὰκ,

168 2544 231 2607 ὡς
270 2545 330 2598 ἂν
379 2546 456 2616 μὴ
510 2547 840 2618 λυμαίνηται
873 2549 938 2617 τῇ
982 2548 1232 2617 εὐγενείᾳ
1272 2549 1372 2618 τῆς
1403 2549 1651 2622 διαδοχῆς
1695 2554 1728 2623 ἡ

165 2635 249 2687 τοῦ
281 2635 522 2689 δουλικοῦ
550 2637 742 2704 γένους
779 2637 1030 2706 ἐπιμιξία
1048 2678 1062 2700 ,
1111 2636 1226 2690 ἀλλ’
1258 2639 1323 2690 ἐκ
1345 2638 1447 2708 τῆς
1474 2639 1730 2711 πατρῴας

166 2727 316 2779 αὑτοῦ
342 2728 443 2797 γῆς
485 2730 578 2780 καὶ
610 2728 929 2796 συγγενείας
957 2728 1300 2798 ἁρμόσασθαι
1331 2730 1409 2801 τῷ
1440 2733 1590 2788 παιδὶ
1630 2734 1728 2802 τὴν

169 2816 408 2885 συζυγίαν
429 2859 443 2884 ,
479 2818 727 2888 ἀνάγκην
761 2819 956 2886 ἐπάγει
992 2817 1087 2871 τοῦ
1120 2819 1195 2890 μὴ
1241 2819 1556 2893 ρᾳθυμῆσαι
1601 2825 1729 2891 περὶ

167 2907 219 2956 τὸ
247 2907 563 2977 πρόσταγμα
595 2907 680 2961 διὰ
713 2907 805 2960 τοῦ
853 2908 1070 2978 ὁρκίσαι
1117 2909 1299 2974 αὑτὸν,
1348 2912 1396 2963 εἰ
1451 2911 1550 2982 μὲν
1607 2915 1727 2967 ἐπι-

171 2997 349 3068 στέλλῃ
408 3000 656 3069 ποιήσειν
721 2999 791 3052 δι’
824 2999 1020 3062 αὐτὸν,
1073 3000 1173 3052 ὅσα
1221 2998 1347 3069 περὶ
1397 2999 1491 3052 τοῦ
1548 3003 1735 3068 παιδὸς

171 3088 487 3160 ἐδοκίμασεν.
549 3089 858 3160 Ὁρκίζεται
907 3090 1087 3164 τοίνυν
1141 3090 1246 3142 ὑπὸ
1293 3089 1387 3143 τοῦ
1434 3091 1736 3164 Ἀϐραὰμὸ

171 3179 425 3250 θεράπων,
489 3183 578 3235 ἵνα
617 3181 697 3252 τῷ
741 3182 927 3236 Ἰσαὰκ
971 3182 1069 3253 τὴν
1116 3182 1430 3253 πρέπουσαν
1475 3184 1736 3254 συζυγίαν

171 3272 484 3342 ἁρμόσηται.
521 3273 730 3343 Διπλῆς
761 3272 940 3326 τοίνυν
973 3272 1141 3342 οὔσης
1171 3273 1271 3341 τῆς
1297 3273 1437 3327 κατά
1459 3275 1548 3328 τὸν
1574 3277 1736 3346 ὅρκον

170 3363 448 3432 ἐνεργείας,
484 3363 782 3435 ἐνταῦθαὴ
837 3365 973 3436 πρὸς
1025 3364 1276 3418 τοσοῦτον
1315 3364 1448 3435 ὕψος
1495 3368 1735 3438 ἀναδρα-

175 3452 334 3519 μοῦσα
367 3454 533 3525 ψυχὴ,
560 3456 686 3510 ὅσον
715 3457 774 3508 ἐν
814 3459 928 3519 τοῖς
968 3454 1469 3526 προεξητασμένοις
1494 3455 1735 3527 ὲθεωρή-

173 3558 362 3611 σαμεν,
407 3548 526 3608 ταῖς
579 3544 1050 3617 μαθητευομέναις
1096 3544 1295 3614 ψυχαῖς
1343 3545 1442 3616 τὴν
1489 3545 1626 3616 πρὸς
1673 3544 1735 3598 τὸ

171 3633 356 3688 τέλειον
386 3636 608 3709 πρόοδον
634 3635 1013 3706 ὑφηγουμένη,
1043 3636 1140 3705 οὐχ
1184 3629 1260 3688 ὧν
1299 3635 1436 3707 αὕτη
1467 3636 1734 3707 τετύχηκε

167 3728 378 3798 παρέχει
414 3733 534 3793 ταῖς
578 3729 906 3792 ἀκουούσαις
939 3727 1026 3780 διὰ
1059 3726 1156 3779 τοῦ
1200 3728 1365 3798 ὅρκου
1407 3727 1468 3780 τὸ
1497 3727 1736 3799 ἀναμφίσ-

169 3816 338 3870 below
369 3819 482 3872 ἀλλ’
530 3819 744 3882 ἐκείνας
771 3817 859 3871 διὰ
886 3816 980 3870 τοῦ
1022 3817 1288 3888 όρκισμοῦ
1320 3817 1462 3888 πρὸς
1487 3817 1580 3870 τὸν
1610 3819 1732 3871 κατ’

169 3911 350 3984 ἀρετὴν
378 3915 710 3985 χειραγωγεῖ
739 3911 874 3981 βίον,
913 3911 1050 3982 μετά
1076 3912 1197 3964 τότε
1221 3909 1519 3980 ἀκοίμητόν
1547 3927 1609 3963 τε
1639 3913 1733 3964 καὶ

166 4003 515 4078 ἐγρηγορυῖαν
555 4005 656 4073 τὴν
692 4003 912 4073 ἀγάπην
959 4002 1121 4072 ἔχειν,
1169 4002 1274 4065 ἕως
1320 4002 1385 4055 ἂν
1431 4003 1510 4064 εἰς
1560 4001 1733 4072 πέρας

166 4091 296 4144 ἔλθοι
340 4093 400 4145 τὺ
433 4091 640 4159 ἀγαθὸν
687 4090 850 4144 αὐτοῦ
900 4091 1132 4160 θέλημα.
1181 4088 1352 4142 Τοῦτο
1404 4088 1462 4142 δέ
1511 4090 1626 4141 ἐστι
1672 4089 1734 4141 τὸ

167 4184 356 4248 πάντας
388 4183 650 4253 σωθῆναι,
682 4183 776 4236 καὶ
805 4183 885 4245 εἰς
909 4181 1201 4250 ἐπίγνωσιν
1230 4179 1489 4252 ἀληθείας
1534 4178 1727 4233 ἐλθεῖν.

174 4273 228 4324 '0
266 4272 320 4326 δὲ
350 4272 616 4345 ὁρκισμὸς
648 4270 837 4343 ὥσπερ
882 4273 1000 4323 ἐκεῖ
1045 4270 1103 4322 ἐν
1142 4269 1222 4339 τῷ
1276 4268 1437 4340 μηρῷ
1489 4267 1583 4322 τοῦ
1619 4285 1727 4322 πα-

165 4364 407 4436 τριάρχου
437 4363 675 4433 ἐγένετο,
701 4362 874 4425 οὕτως
900 4359 1135 4415 ἐνταῦθα
1160 4361 1218 4414 ἐν
1257 4359 1520 4431 δυνάμεσι
1549 4359 1644 4412 καὶ
1671 4361 1728 4412 ἐν

166 4453 396 4522 ἰσχύσεσι
420 4453 515 4507 τοῦ
541 4451 714 4525 ἀγροῦ
737 4492 752 4517 ,
775 4452 947 4515 οὕτως
974 4451 1218 4514 εἰπόντος
1242 4449 1334 4504 τοῦ
1367 4450 1526 4520 λόγου
1555 4465 1571 4481 ο
1599 4451 1731 4518 Ὤρ-

163 4559 295 4598 mra
324 4545 502 4614 ὑμᾶς,
527 4543 850 4614 θυγατέρες
882 4541 1302 4612 Ἰερουσαλὴμ,
1327 4542 1397 4596 ἐν
1413 4540 1728 4610 δυνάμεσι,

159 4635 250 4689 καὶ
297 4638 367 4689 ἐν
414 4637 702 4706 ἰσχύσεσι
738 4635 846 4690 τοῦ
889 4635 1096 4704 ἀγροῦ,
1147 4635 1258 4687 ἐὰν
1307 4634 1571 4702 ἐγείρητε
1632 4632 1730 4687 καὶ

155 4727 482 4796 ἐξεγειρητε
515 4725 630 4794 τὴν
659 4725 901 4795 ἀγάπην
931 4724 1042 4791 ἕως
1089 4720 1160 4780 οὗ
1207 4722 1460 4792 θελήσῃ.
1515 4725 1732 4795 Θεωρη-

153 4821 268 4872 τέον
311 4819 492 4872 τοίνυν
533 4819 593 4871 ἐν
637 4817 868 4883 τούτοις,
921 4818 1136 4886 πρῶτον
1185 4817 1284 4887 μὲν
1324 4815 1409 4878 τίς
1451 4819 1480 4869 6
1528 4817 1730 4888 ἀγρόςο

154 4910 341 4964 ἔπειτα
372 4910 458 4973 τίς
503 4912 537 4980 ἡ
569 4908 722 4979 ἰσχὺς
754 4907 847 4960 τοῦ
878 4907 1050 4978 ἀγροῦ
1089 4908 1186 4961 καὶ
1212 4909 1244 4978 ἡ
1275 4907 1524 4977 δύναμις,
1561 4907 1655 4960 καὶ
1683 4907 1733 4959 εἰ

149 5002 411 5072 διαφοράν
457 5000 570 5070 ἔχει
609 5000 780 5052 ταῦτα
805 4999 944 5069 πρὸς
979 4998 1202 5069 ἄλληλα,
1235 4997 1268 5068 ἢ
1307 4997 1365 5052 ἓν
1391 4999 1457 5051 δι’
1489 4998 1730 5067 ἀμεροτὲ-

151 5110 260 5162 puri
293 5093 413 5144 ἐστὶ
435 5090 501 5144 τὸ
533 5089 930 5160 σημαινόμενον
949 5105 964 5120 ο
996 5089 1131 5159 πρὸς
1161 5087 1390 5154 τούτοις,
1417 5089 1469 5141 τί
1494 5088 1554 5140 τὺ
1594 5090 1734 5157 ἐγεί-

152 5184 364 5254 ρεσθαι,
405 5183 501 5236 καὶ
521 5181 575 5235 τί
607 5181 668 5234 τὺ
696 5180 1066 5250 ἐξεγείρεσθαι
1091 5180 1188 5252 τὴν
1215 5181 1454 5251 ἀγάπην.
1486 5180 1558 5232 Τὸ
1583 5181 1693 5251 γὰρ
1713 5220 1726 5245 ,

149 5277 301 5340 Ἕως
349 5269 423 5330 οὗ
470 5271 736 5341 θελήσῃ,
787 5272 875 5325 διὰ
922 5271 1032 5326 τῶν
1079 5273 1384 5344 εἰρημένων
1428 5271 1729 5343 προαποδέ-

147 5368 323 5420 δοται.

1845 1755 1987 1823 piam
2010 1754 2059 1808 ei
2091 1754 2185 1824 qui
2228 1753 2380 1808 audit
2409 1752 2590 1807 ﬁrmat
2631 1752 2791 1806 ﬁdem
2821 1752 3090 1816 veritatis,
3142 1761 3239 1805 aut
3276 1750 3419 1805 alius

1841 1861 1940 1916 per
1980 1845 2356 1915 juramentum
2404 1843 2561 1899 ailert
2617 1843 3007 1899 necessitatem
3078 1850 3137 1895 ut
3191 1841 3418 1895 minime

1843 1939 2163 2001 mentiatur,
2209 1947 2266 1991 ut
2305 1935 2562 1992 :Juravit
2612 1935 2873 1991 Dominus
2918 1933 3084 1988 David
3119 1935 3416 1994 veritatem,

1840 2037 1888 2083 et
1916 2046 2017 2082 non
2038 2027 2389 2097 frustrabitur
2415 2044 2530 2081 eam
2555 2026 2636 2082 “z
2666 2027 2754 2082 hic
2776 2025 2911 2081 ﬁdes
2931 2024 3187 2096 promissi
3216 2023 3421 2077 conﬁr-

1839 2128 2022 2174 matur
2061 2119 2445 2191 jurejurando.
2480 2117 2713 2184 Quando
2747 2125 2930 2172 autem
2982 2130 3174 2169 curam
3221 2129 3420 2185 gerens

1839 2209 2116 2263 Abraham
2147 2209 2350 2264 nobilis
2402 2207 2647 2280 conjugii
2696 2207 2771 2261 ﬁli
2817 2207 2902 2263 sui
2954 2206 3126 2270 unici,
3186 2205 3420 2274 imperat

1839 2316 2000 2356 servo
2027 2317 2130 2357 suo
2151 2317 2220 2358 ne
2246 2302 2483 2371 aliquam
2512 2301 2667 2356 exiis
2684 2300 2778 2369 qui
2807 2306 3024 2354 suntex
3044 2311 3244 2368 genere
3268 2295 3414 2350 Cha-

1838 2409 1978 2451 naan
2008 2433 2024 2460 ,
2056 2394 2149 2464 qui
2178 2394 2423 2449 damnati
2470 2399 2600 2447 sunt
2635 2392 2702 2445 ad
2737 2391 3082 2454 servitutem,
3120 2386 3420 2457 conjungat

1839 2489 2190 2542 matrimonio
2215 2502 2340 2542 cum
2381 2487 2494 2542 ﬁlio
2522 2486 2695 2551 Isaac,
2723 2502 2794 2540 ne
2824 2483 3203 2541 successionis
3247 2496 3418 2549 gene-

1837 2580 1916 2634 ris
1935 2579 2196 2634 nobilitas
2227 2585 2618 2648 corrumpatur
2643 2577 2903 2632 mistione
2916 2575 3138 2631 servilis
3156 2573 3377 2642 generis
3400 2585 3417 2624 :

1839 2671 1934 2727 sed
1971 2686 2037 2725 ex
2062 2669 2241 2740 patria
2272 2684 2371 2724 sua
2405 2677 2550 2723 terra
2577 2676 2631 2722 et
2651 2667 2979 2736 cognatione
3001 2665 3114 2720 tilio
3134 2679 3236 2719 suo
3265 2666 3416 2717 acci-

1838 2762 1952 2830 piat
1969 2761 2259 2831 conjugem
2281 2761 2350 2823 ⁶⁹,
2374 2759 2534 2814 affert
2551 2759 2954 2822 necessitatem,
2981 2773 3050 2812 ne
3074 2757 3127 2811 in
3143 2755 3304 2824 jussu
3327 2768 3419 2808 ex-

1838 2853 2117 2924 sequendo
2147 2853 2220 2907 sit
2251 2852 2555 2923 negligens,
2588 2857 2879 2919 propterea
2906 2848 3055 2919 quod
3091 2862 3215 2901 eum
3252 2850 3416 2917 adju-

1839 2943 2061 3006 raverit,
2099 2944 2144 2998 si
2181 2957 2306 2997 eum
2343 2943 2546 3006 mittat,
2594 2948 2817 3010 pr0pter
2848 2940 3033 3009 ipsum
3064 2953 3190 2993 esse
3237 2936 3417 2993 factu-

1843 3049 1962 3088 rum
1995 3049 2116 3103 quae
2143 3033 2360 3088 censuit
2397 3032 2466 3087 de
2502 3031 2636 3086 ﬁlio.
2693 3030 2999 3100 Adjuratur
3019 3044 3151 3100 ergo
3177 3029 3419 3086 famulus

1842 3126 1912 3179 ab
1945 3124 2280 3187 Abrahamo,
2309 3131 2367 3177 ut
2396 3121 2571 3187 Isaac,
2620 3135 2785 3192 quam
2834 3137 2932 3191 par
2978 3129 3083 3184 est,
3121 3123 3414 3190 conjugem

1842 3215 2097 3284 accipiat.
2132 3214 2273 3283 Ergo
2301 3212 2812 3283 cumjurisjurandi
2831 3212 3030 3280 duplex
3053 3213 3412 3281 sitoperatio,

1842 3306 1930 3357 hic
1985 3305 2168 3358 anima
2217 3303 2286 3357 ad
2338 3310 2546 3356 tantam
2600 3299 2984 3355 conscendens
3042 3298 3415 3360 altitudinem,

1841 3402 2102 3465 quantam
2156 3393 2514 3463 contemplati
2565 3407 2760 3446 sumus
2817 3390 2874 3444 in
2924 3389 2991 3444 iis
3023 3403 3144 3459 quae
3194 3388 3418 3443 luerunt

1841 3487 1996 3556 prius
2025 3487 2358 3550 examinata,
2391 3483 2684 3538 animabus
2709 3497 2831 3553 quae
2864 3482 3088 3537 discunt
3130 3496 3415 3551 exponens

1840 3590 2192 3646 progressum
2222 3573 2292 3628 ad
2339 3573 2394 3628 id
2429 3572 2574 3642 quod
2608 3579 2693 3628 est
2739 3569 3066 3640 perfectum,
3131 3583 3239 3620 non
3277 3581 3418 3636 pne-

1840 3666 1931 3721 bet
1967 3663 2321 3720 audientibus
2359 3677 2456 3732 per
2491 3661 2894 3731 juramentum,
2943 3668 3002 3711 ut
3037 3658 3147 3712 sint
3189 3667 3418 3712 remota:

1839 3757 1910 3810 ab
1939 3754 2087 3808 omni
2116 3751 2464 3807 dubitatione
2490 3751 2558 3805 de
2593 3752 2660 3805 iis
2689 3765 2812 3820 quae
2840 3749 2959 3818 ipsa
2990 3757 3074 3802 est
3099 3755 3359 3800 assecuta
3399 3769 3410 3802 :

1841 3845 1937 3902 sed
1966 3853 2020 3900 et
2047 3844 2170 3898 illas
2196 3841 2420 3897 deducit
2449 3841 2518 3897 ad
2554 3841 2722 3894 vitam
2758 3855 2824 3894 ex
2868 3837 3074 3893 virtute
3108 3836 3416 3908 degendam

1839 3951 1938 4005 per
1967 3930 2390 4004 adjurationem,
2423 3935 2478 3984 et
2519 3935 2578 3982 ut
2625 3943 2872 3996 eousque
2924 3927 3220 3996 insapitam
3251 3935 3307 3980 et
3339 3927 3416 3980 vi-

1839 4025 2098 4096 gilantem
2127 4021 2325 4075 habeat
2353 4018 2703 4082 charitatem,
2738 4016 2917 4072 donec
2954 4015 3021 4070 ad
3056 4014 3216 4070 ﬁnem
3245 4031 3415 4069 vene-

1840 4118 1910 4170 rit
1943 4116 2086 4170 bona
2114 4111 2234 4183 ejus
2256 4111 2535 4164 voluntas.
2560 4107 2636 4161 Ea
2661 4116 2844 4161 autem
2870 4114 2984 4170 est,
3007 4113 3064 4158 ut
3097 4119 3292 4160 omnes
3317 4103 3417 4158 ho-
3445 4095 3456 4130 τ

1838 4207 2016 4262 mines
2033 4204 2173 4260 salvi
2198 4204 2352 4266 ﬁant,
2393 4209 2449 4256 et
2505 4198 2574 4254 ad
2617 4198 2959 4269 agnitionem
3005 4195 3233 4250 veniant
3273 4194 3416 4248 veri-

1839 4299 1987 4355 tatis.
2014 4295 2298 4366 Adjuratio
2327 4301 2510 4348 autem
2546 4292 2686 4346 sicut
2707 4290 2822 4343 illic
2844 4289 2985 4342 facta
3007 4294 3089 4343 est
3120 4287 3176 4341 in
3208 4285 3415 4341 femore

1838 4388 2188 4460 patriarchas,
2240 4385 2317 4440 ita
2362 4383 2453 4438 hic
2501 4384 2556 4438 in
2605 4381 2975 4452 potestatibus
3013 4387 3070 4435 et
3115 4377 3414 4434 virtutibus

1837 4481 1989 4553 agri,
2029 4479 2198 4535 verbo
2225 4477 2307 4533 sic
2344 4475 2566 4531 dicente
2597 4493 2610 4528 :
2643 4473 2904 4543 Adjuravi
2933 4489 3042 4538 vos,
3087 4471 3216 4542 lilia:
3254 4468 3416 4524 Jeru-

1837 4572 2022 4636 salem,
2059 4570 2114 4623 in
2150 4566 2502 4637 potestatibus
2531 4573 2581 4620 et
2602 4564 2884 4619 virtutibus
2918 4564 3058 4633 agri,
3102 4563 3149 4616 si
3175 4562 3412 4616 excitetis

1837 4671 1886 4716 et
1917 4661 2210 4731 expergisci
2239 4658 2456 4728 faciatis
2491 4657 2832 4720 charitatem,
2853 4656 3014 4709 donec
3045 4654 3188 4708 velit.
3225 4651 3281 4706 In
3325 4653 3411 4706 his

1839 4754 2076 4824 primum
2113 4749 2583 4806 considerandum
2618 4756 2702 4805 est
2737 4747 2864 4819 quis
2893 4747 2965 4801 sit
2997 4760 3126 4816 ager
3163 4763 3176 4798 :
3213 4741 3411 4799 deinde

1835 4860 1956 4916 quae
1988 4844 2058 4899 sit
2093 4843 2268 4898 virtus
2304 4853 2360 4899 et
2384 4853 2628 4914 potestas
2660 4844 2868 4913 agri,ct
2903 4854 2972 4893 an
3010 4841 3123 4894 haec
3171 4837 3313 4893 inter
3353 4854 3412 4894 se

1835 4935 2110 5000 dilferant,
2177 4944 2272 4988 aut
2314 4935 2359 4990 si
2440 4949 2612 4989 unum
2668 4932 2956 5002 utriusque
3019 4928 3409 5000 signiﬁcatum.

1834 5026 2102 5082 Praeterea
2144 5027 2275 5096 quid
2312 5027 2384 5082 sit
2415 5026 2690 5090 excitare,
2737 5033 2790 5080 et
2821 5023 2954 5094 quid
2984 5021 3293 5093 expergisci
3335 5018 3412 5073 fa-

1834 5135 1958 5176 cere
1981 5119 2323 5174 charitatem.
2383 5117 2520 5174 Illud
2572 5118 2716 5173 enim
2758 5138 2771 5172 :
2820 5116 2994 5171 Donec
3060 5115 3202 5180 velit,
3257 5115 3409 5184 prius

1837 5212 1940 5265 luit
1967 5211 2282 5282 explicitum
2317 5225 2413 5280 per
2456 5225 2520 5265 ea
2571 5225 2693 5280 qua:
2723 5209 2867 5265 dicta
2902 5214 3049 5264 sunt.

223 5544 449 5602 “Prov.
487 5561 570 5613 ιιι,
615 5547 702 5603 16.
788 5545 874 5602 "l
905 5544 1141 5604 Timoth.
1187 5511 1246 5611 ll,
1273 5547 1323 5600 ἂ.
1415 5546 1456 5577 σε
1482 5547 1621 5602 Psal.
1653 5563 1732 5602 cx:

1901 5547 1980 5602 ll.
2081 5545 2124 5575 ⁸⁵
2155 5544 2290 5600 Gen.
2324 5557 2468 5609 XXIV,
2493 5541 2527 5593 9.
2558 5554 2677 5608 sqq.
