  <div class='ocr_page' id='page_1' title='image "/cluster/home/n/w/nwhite01/storage/ocr_20150623/44/hvd.32044052767431/435.png"; bbox 0 0 3928 6196; ppageno 0'>
   <div class='ocr_carea' id='block_1_1' title="bbox 485 69 588 128">
    <p class='ocr_par' dir='ltr' id='par_1_1' title="bbox 485 69 588 128">
     <span class='ocr_line' id='line_1_1' title="bbox 485 69 588 128; baseline -0.019 0"><span class='ocrx_word' id='word_1_1' title='bbox 485 69 588 128; x_wconf 66' lang='grc'><strong>835</strong></span> 
     </span>
    </p>
   </div>
   <div class='ocr_carea' id='block_1_2' title="bbox 487 272 2055 355">
    <p class='ocr_par' dir='ltr' id='par_1_2' title="bbox 487 272 2055 355">
     <span class='ocr_line' id='line_1_2' title="bbox 487 272 2055 355; baseline 0.008 -30"><span class='ocrx_word' id='word_1_2' title='bbox 487 272 610 327; x_wconf 84' lang='lat' dir='ltr'><strong>ﬁcet</strong></span> <span class='ocrx_word' id='word_1_3' title='bbox 647 288 750 326; x_wconf 77' lang='lat' dir='ltr'><strong>vox</strong></span> <span class='ocrx_word' id='word_1_4' title='bbox 789 272 1025 337; x_wconf 92' lang='lat' dir='ltr'><strong>Domini,</strong></span> <span class='ocrx_word' id='word_1_5' title='bbox 1054 289 1121 330; x_wconf 80' lang='lat' dir='ltr'><strong>cx</strong></span> <span class='ocrx_word' id='word_1_6' title='bbox 1150 272 1461 347; x_wconf 86' lang='lat' dir='ltr'><strong>Evangeliis</strong></span> <span class='ocrx_word' id='word_1_7' title='bbox 1495 279 1672 336; x_wconf 86' lang='lat' dir='ltr'><strong>cuivis</strong></span> <span class='ocrx_word' id='word_1_8' title='bbox 1716 291 1802 338; x_wconf 92' lang='lat' dir='ltr'><strong>est</strong></span> <span class='ocrx_word' id='word_1_9' title='bbox 1835 287 2055 355; x_wconf 82' lang='lat' dir='ltr'><strong>perspi-</strong></span> 
     </span>
    </p>
   </div>
   <div class='ocr_carea' id='block_1_3' title="bbox 485 363 2055 445">
    <p class='ocr_par' dir='ltr' id='par_1_3' title="bbox 485 363 2055 445">
     <span class='ocr_line' id='line_1_3' title="bbox 485 363 2055 445; baseline 0.009 -29"><span class='ocrx_word' id='word_1_10' title='bbox 485 379 670 417; x_wconf 82' lang='lat' dir='ltr'><strong>cuum.</strong></span> <span class='ocrx_word' id='word_1_11' title='bbox 709 363 865 428; x_wconf 89' lang='lat' dir='ltr'><strong>Quod</strong></span> <span class='ocrx_word' id='word_1_12' title='bbox 896 375 1075 419; x_wconf 88' lang='lat' dir='ltr'><strong>autem</strong></span> <span class='ocrx_word' id='word_1_13' title='bbox 1129 377 1377 424; x_wconf 92' lang='lat' dir='ltr'><strong>transeat</strong></span> <span class='ocrx_word' id='word_1_14' title='bbox 1413 369 1586 440; x_wconf 89' lang='lat' dir='ltr'><strong>ﬁgura</strong></span> <span class='ocrx_word' id='word_1_15' title='bbox 1639 375 1832 428; x_wconf 90' lang='lat' dir='ltr'><strong>mundi</strong></span> <span class='ocrx_word' id='word_1_16' title='bbox 1869 377 2055 445; x_wconf 89' lang='lat' dir='ltr'><strong>hujus,</strong></span> 
     </span>
    </p>
   </div>
   <div class='ocr_carea' id='block_1_4' title="bbox 484 455 2058 523">
    <p class='ocr_par' dir='ltr' id='par_1_4' title="bbox 484 455 2058 523">
     <span class='ocr_line' id='line_1_4' title="bbox 484 455 2058 523; baseline 0.009 -14"><span class='ocrx_word' id='word_1_17' title='bbox 484 463 540 509; x_wconf 90' lang='lat' dir='ltr'><strong>et</strong></span> <span class='ocrx_word' id='word_1_18' title='bbox 579 455 725 523; x_wconf 91' lang='lat' dir='ltr'><strong>quod</strong></span> <span class='ocrx_word' id='word_1_19' title='bbox 758 456 814 508; x_wconf 92' lang='lat' dir='ltr'><strong>in</strong></span> <span class='ocrx_word' id='word_1_20' title='bbox 846 465 1045 511; x_wconf 90' lang='lat' dir='ltr'><strong>natura</strong></span> <span class='ocrx_word' id='word_1_21' title='bbox 1078 461 1322 514; x_wconf 77' lang='lat' dir='ltr'><strong>instabili</strong></span> <span class='ocrx_word' id='word_1_22' title='bbox 1363 463 1502 516; x_wconf 82' lang='lat' dir='ltr'><strong>nihil</strong></span> <span class='ocrx_word' id='word_1_23' title='bbox 1535 464 1753 520; x_wconf 96' lang='lat' dir='ltr'><strong>ﬁrmum</strong></span> <span class='ocrx_word' id='word_1_24' title='bbox 1797 469 2058 522; x_wconf 91' lang='lat' dir='ltr'><strong>ostenda-</strong></span> 
     </span>
    </p>
   </div>
   <div class='ocr_carea' id='block_1_5' title="bbox 487 547 2058 625">
    <p class='ocr_par' dir='ltr' id='par_1_5' title="bbox 487 547 2058 625">
     <span class='ocr_line' id='line_1_5' title="bbox 487 547 2058 625; baseline 0.009 -27"><span class='ocrx_word' id='word_1_25' title='bbox 487 555 579 600; x_wconf 93' lang='lat' dir='ltr'><strong>tur</strong></span> <span class='ocrx_word' id='word_1_26' title='bbox 614 553 668 600; x_wconf 91' lang='lat' dir='ltr'><strong>et</strong></span> <span class='ocrx_word' id='word_1_27' title='bbox 712 547 932 611; x_wconf 94' lang='lat' dir='ltr'><strong>stabile,</strong></span> <span class='ocrx_word' id='word_1_28' title='bbox 969 557 1053 604; x_wconf 90' lang='lat' dir='ltr'><strong>est</strong></span> <span class='ocrx_word' id='word_1_29' title='bbox 1103 551 1328 607; x_wconf 82' lang='lat' dir='ltr'><strong>evidens</strong></span> <span class='ocrx_word' id='word_1_30' title='bbox 1362 568 1426 608; x_wconf 74' lang='lat' dir='ltr'><strong>ex</strong></span> <span class='ocrx_word' id='word_1_31' title='bbox 1470 570 1668 625; x_wconf 89' lang='lat' dir='ltr'><strong>magna</strong></span> <span class='ocrx_word' id='word_1_32' title='bbox 1721 564 1775 612; x_wconf 92' lang='lat' dir='ltr'><strong>et</strong></span> <span class='ocrx_word' id='word_1_33' title='bbox 1835 559 2058 614; x_wconf 80' lang='lat' dir='ltr'><strong>sublimi</strong></span> 
     </span>
    </p>
   </div>
   <div class='ocr_carea' id='block_1_6' title="bbox 485 637 2054 717">
    <p class='ocr_par' dir='ltr' id='par_1_6' title="bbox 485 637 2054 717">
     <span class='ocr_line' id='line_1_6' title="bbox 485 637 2054 717; baseline 0.008 -27"><span class='ocrx_word' id='word_1_34' title='bbox 485 652 619 694; x_wconf 91' lang='lat' dir='ltr'><strong>voce</strong></span> <span class='ocrx_word' id='word_1_35' title='bbox 653 637 1018 704; x_wconf 69' lang='lat' dir='ltr'><strong>Ecclesiastae,</strong></span> <span class='ocrx_word' id='word_1_36' title='bbox 1050 643 1143 712; x_wconf 86' lang='lat' dir='ltr'><strong>qui</strong></span> <span class='ocrx_word' id='word_1_37' title='bbox 1177 644 1448 714; x_wconf 87' lang='lat' dir='ltr'><strong>quidquid</strong></span> <span class='ocrx_word' id='word_1_38' title='bbox 1492 655 1718 717; x_wconf 84' lang='lat' dir='ltr'><strong>apparet</strong></span> <span class='ocrx_word' id='word_1_39' title='bbox 1747 656 1802 702; x_wconf 88' lang='lat' dir='ltr'><strong>et</strong></span> <span class='ocrx_word' id='word_1_40' title='bbox 1828 651 2054 714; x_wconf 83' lang='lat' dir='ltr'><strong>transit,</strong></span> 
     </span>
    </p>
   </div>
   <div class='ocr_carea' id='block_1_7' title="bbox 488 727 2059 805">
    <p class='ocr_par' dir='ltr' id='par_1_7' title="bbox 488 727 2059 805">
     <span class='ocr_line' id='line_1_7' title="bbox 488 727 2059 805; baseline 0.008 -26"><span class='ocrx_word' id='word_1_41' title='bbox 488 727 629 780; x_wconf 86' lang='lat' dir='ltr'><strong>inter</strong></span> <span class='ocrx_word' id='word_1_42' title='bbox 664 743 729 781; x_wconf 86' lang='lat' dir='ltr'><strong>ea</strong></span> <span class='ocrx_word' id='word_1_43' title='bbox 759 743 880 797; x_wconf 80' lang='lat' dir='ltr'><strong>quae</strong></span> <span class='ocrx_word' id='word_1_44' title='bbox 905 739 1034 784; x_wconf 93' lang='lat' dir='ltr'><strong>sunt</strong></span> <span class='ocrx_word' id='word_1_45' title='bbox 1067 745 1205 785; x_wconf 90' lang='lat' dir='ltr'><strong>vana</strong></span> <span class='ocrx_word' id='word_1_46' title='bbox 1252 736 1656 792; x_wconf 88' lang='lat' dir='ltr'><strong>annumeravit.</strong></span> <span class='ocrx_word' id='word_1_47' title='bbox 1679 735 1945 805; x_wconf 67' lang='lat' dir='ltr'><strong>Quaenam</strong></span> <span class='ocrx_word' id='word_1_48' title='bbox 1975 747 2059 794; x_wconf 92' lang='lat' dir='ltr'><strong>est</strong></span> 
     </span>
    </p>
   </div>
   <div class='ocr_carea' id='block_1_8' title="bbox 485 819 2058 901">
    <p class='ocr_par' dir='ltr' id='par_1_8' title="bbox 485 819 2058 901">
     <span class='ocr_line' id='line_1_8' title="bbox 485 819 2058 901; baseline 0.008 -31"><span class='ocrx_word' id='word_1_49' title='bbox 485 833 616 888; x_wconf 86' lang='lat' dir='ltr'><strong>ergo</strong></span> <span class='ocrx_word' id='word_1_50' title='bbox 650 826 897 888; x_wconf 88' lang='lat' dir='ltr'><strong>potestas</strong></span> <span class='ocrx_word' id='word_1_51' title='bbox 924 819 1087 890; x_wconf 86' lang='lat' dir='ltr'><strong>hujus</strong></span> <span class='ocrx_word' id='word_1_52' title='bbox 1118 823 1232 890; x_wconf 87' lang='lat' dir='ltr'><strong>agri</strong></span> <span class='ocrx_word' id='word_1_53' title='bbox 1259 824 1351 892; x_wconf 90' lang='lat' dir='ltr'><strong>qui</strong></span> <span class='ocrx_word' id='word_1_54' title='bbox 1385 832 1470 878; x_wconf 93' lang='lat' dir='ltr'><strong>est</strong></span> <span class='ocrx_word' id='word_1_55' title='bbox 1496 827 1766 901; x_wconf 81' lang='lat' dir='ltr'><strong>mundus?</strong></span> <span class='ocrx_word' id='word_1_56' title='bbox 1809 836 1904 882; x_wconf 92' lang='lat' dir='ltr'><strong>aut</strong></span> <span class='ocrx_word' id='word_1_57' title='bbox 1936 845 2058 898; x_wconf 72' lang='lat' dir='ltr'><strong>qua:</strong></span> 
     </span>
    </p>
   </div>
   <div class='ocr_carea' id='block_1_9' title="bbox 487 905 2057 978">
    <p class='ocr_par' dir='ltr' id='par_1_9' title="bbox 487 905 2057 978">
     <span class='ocr_line' id='line_1_9' title="bbox 487 905 2057 978; baseline 0.008 -18"><span class='ocrx_word' id='word_1_58' title='bbox 487 905 662 962; x_wconf 84' lang='lat' dir='ltr'><strong>virtus</strong></span> <span class='ocrx_word' id='word_1_59' title='bbox 694 923 1156 978; x_wconf 81' lang='lat' dir='ltr'><strong>corum,quorum</strong></span> <span class='ocrx_word' id='word_1_60' title='bbox 1196 914 1460 966; x_wconf 87' lang='lat' dir='ltr'><strong>memoria</strong></span> <span class='ocrx_word' id='word_1_61' title='bbox 1503 913 1664 968; x_wconf 87' lang='lat' dir='ltr'><strong>eﬁicit</strong></span> <span class='ocrx_word' id='word_1_62' title='bbox 1713 916 1927 972; x_wconf 89' lang='lat' dir='ltr'><strong>ﬁliabus</strong></span> <span class='ocrx_word' id='word_1_63' title='bbox 1964 916 2057 973; x_wconf 82' lang='lat' dir='ltr'><strong>Je-</strong></span> 
     </span>
    </p>
   </div>
   <div class='ocr_carea' id='block_1_10' title="bbox 489 997 2057 1076">
    <p class='ocr_par' dir='ltr' id='par_1_10' title="bbox 489 997 2057 1076">
     <span class='ocr_line' id='line_1_10' title="bbox 489 997 2057 1076; baseline 0.008 -28"><span class='ocrx_word' id='word_1_64' title='bbox 489 997 725 1052; x_wconf 87' lang='lat' dir='ltr'><strong>rusalem</strong></span> <span class='ocrx_word' id='word_1_65' title='bbox 779 1005 839 1051; x_wconf 95' lang='lat' dir='ltr'><strong>ut</strong></span> <span class='ocrx_word' id='word_1_66' title='bbox 895 1013 1008 1052; x_wconf 91' lang='lat' dir='ltr'><strong>non</strong></span> <span class='ocrx_word' id='word_1_67' title='bbox 1060 999 1132 1052; x_wconf 82' lang='lat' dir='ltr'><strong>sit</strong></span> <span class='ocrx_word' id='word_1_68' title='bbox 1181 1001 1604 1056; x_wconf 80' lang='lat' dir='ltr'><strong>transiliendum</strong></span> <span class='ocrx_word' id='word_1_69' title='bbox 1663 1008 2057 1076; x_wconf 66' lang='lat' dir='ltr'><strong>praeceptum?</strong></span> 
     </span>
    </p>
   </div>
   <div class='ocr_carea' id='block_1_11' title="bbox 487 1083 2061 1160">
    <p class='ocr_par' dir='ltr' id='par_1_11' title="bbox 487 1083 2061 1160">
     <span class='ocr_line' id='line_1_11' title="bbox 487 1083 2061 1160; baseline 0.01 -24"><span class='ocrx_word' id='word_1_70' title='bbox 487 1083 621 1137; x_wconf 84' lang='lat' dir='ltr'><strong>Nam</strong></span> <span class='ocrx_word' id='word_1_71' title='bbox 657 1085 704 1139; x_wconf 88' lang='lat' dir='ltr'><strong>si</strong></span> <span class='ocrx_word' id='word_1_72' title='bbox 735 1085 801 1139; x_wconf 92' lang='lat' dir='ltr'><strong>ad</strong></span> <span class='ocrx_word' id='word_1_73' title='bbox 839 1100 900 1140; x_wconf 91' lang='lat' dir='ltr'><strong>ea</strong></span> <span class='ocrx_word' id='word_1_74' title='bbox 931 1101 1050 1155; x_wconf 65' lang='lat' dir='ltr'><strong>qua:</strong></span> <span class='ocrx_word' id='word_1_75' title='bbox 1081 1096 1342 1157; x_wconf 88' lang='lat' dir='ltr'><strong>apparent</strong></span> <span class='ocrx_word' id='word_1_76' title='bbox 1376 1091 1730 1160; x_wconf 88' lang='lat' dir='ltr'><strong>aspiciamus,</strong></span> <span class='ocrx_word' id='word_1_77' title='bbox 1779 1094 1917 1149; x_wconf 91' lang='lat' dir='ltr'><strong>hanc</strong></span> <span class='ocrx_word' id='word_1_78' title='bbox 1947 1098 2061 1150; x_wconf 81' lang='lat' dir='ltr'><strong>exi-</strong></span> 
     </span>
    </p>
   </div>
   <div class='ocr_carea' id='block_1_12' title="bbox 489 1171 2062 1247">
    <p class='ocr_par' dir='ltr' id='par_1_12' title="bbox 489 1171 2062 1247">
     <span class='ocr_line' id='line_1_12' title="bbox 489 1171 2062 1247; baseline 0.009 -23"><span class='ocrx_word' id='word_1_79' title='bbox 489 1171 861 1226; x_wconf 86' lang='lat' dir='ltr'><strong>stimationem</strong></span> <span class='ocrx_word' id='word_1_80' title='bbox 894 1173 1073 1240; x_wconf 91' lang='lat' dir='ltr'><strong>rejicit</strong></span> <span class='ocrx_word' id='word_1_81' title='bbox 1105 1173 1485 1241; x_wconf 84' lang='lat' dir='ltr'><strong>Ecclesiastes,</strong></span> <span class='ocrx_word' id='word_1_82' title='bbox 1512 1181 1667 1247; x_wconf 89' lang='lat' dir='ltr'><strong>quasi</strong></span> <span class='ocrx_word' id='word_1_83' title='bbox 1715 1182 1770 1234; x_wconf 89' lang='lat' dir='ltr'><strong>in</strong></span> <span class='ocrx_word' id='word_1_84' title='bbox 1816 1183 1896 1238; x_wconf 90' lang='lat' dir='ltr'><strong>eis</strong></span> <span class='ocrx_word' id='word_1_85' title='bbox 1925 1199 2062 1238; x_wconf 85' lang='lat' dir='ltr'><strong>non-</strong></span> 
     </span>
    </p>
   </div>
   <div class='ocr_carea' id='block_1_13' title="bbox 489 1261 2062 1344">
    <p class='ocr_par' dir='ltr' id='par_1_13' title="bbox 489 1261 2062 1344">
     <span class='ocr_line' id='line_1_13' title="bbox 489 1261 2062 1344; baseline 0.008 -28"><span class='ocrx_word' id='word_1_86' title='bbox 489 1261 636 1316; x_wconf 92' lang='lat' dir='ltr'><strong>nulla</strong></span> <span class='ocrx_word' id='word_1_87' title='bbox 669 1264 741 1316; x_wconf 86' lang='lat' dir='ltr'><strong>sit</strong></span> <span class='ocrx_word' id='word_1_88' title='bbox 769 1264 852 1317; x_wconf 92' lang='lat' dir='ltr'><strong>vis</strong></span> <span class='ocrx_word' id='word_1_89' title='bbox 893 1266 1202 1332; x_wconf 76' lang='lat' dir='ltr'><strong>potestatis,</strong></span> <span class='ocrx_word' id='word_1_90' title='bbox 1232 1282 1432 1323; x_wconf 87' lang='lat' dir='ltr'><strong>vanum</strong></span> <span class='ocrx_word' id='word_1_91' title='bbox 1468 1272 1760 1326; x_wconf 81' lang='lat' dir='ltr'><strong>nominans</strong></span> <span class='ocrx_word' id='word_1_92' title='bbox 1797 1275 2062 1344; x_wconf 89' lang='lat' dir='ltr'><strong>quidquid</strong></span> 
     </span>
    </p>
   </div>
   <div class='ocr_carea' id='block_1_14' title="bbox 489 1353 2058 1426">
    <p class='ocr_par' dir='ltr' id='par_1_14' title="bbox 489 1353 2058 1426">
     <span class='ocr_line' id='line_1_14' title="bbox 489 1353 2058 1426; baseline 0.009 -21"><span class='ocrx_word' id='word_1_93' title='bbox 489 1355 545 1406; x_wconf 89' lang='lat' dir='ltr'><strong>in</strong></span> <span class='ocrx_word' id='word_1_94' title='bbox 590 1353 673 1406; x_wconf 91' lang='lat' dir='ltr'><strong>eis</strong></span> <span class='ocrx_word' id='word_1_95' title='bbox 713 1353 1041 1418; x_wconf 84' lang='lat' dir='ltr'><strong>ostenditur,</strong></span> <span class='ocrx_word' id='word_1_96' title='bbox 1089 1366 1144 1410; x_wconf 90' lang='lat' dir='ltr'><strong>ct</strong></span> <span class='ocrx_word' id='word_1_97' title='bbox 1178 1357 1231 1410; x_wconf 89' lang='lat' dir='ltr'><strong>in</strong></span> <span class='ocrx_word' id='word_1_98' title='bbox 1268 1357 1413 1426; x_wconf 92' lang='lat' dir='ltr'><strong>quod</strong></span> <span class='ocrx_word' id='word_1_99' title='bbox 1467 1361 1708 1414; x_wconf 89' lang='lat' dir='ltr'><strong>studium</strong></span> <span class='ocrx_word' id='word_1_100' title='bbox 1754 1363 2058 1419; x_wconf 85' lang='lat' dir='ltr'><strong>confertur.</strong></span> 
     </span>
    </p>
   </div>
   <div class='ocr_carea' id='block_1_15' title="bbox 487 1441 2060 1519">
    <p class='ocr_par' dir='ltr' id='par_1_15' title="bbox 487 1441 2060 1519">
     <span class='ocr_line' id='line_1_15' title="bbox 487 1441 2060 1519; baseline 0.01 -25"><span class='ocrx_word' id='word_1_101' title='bbox 487 1441 622 1495; x_wconf 85' lang='lat' dir='ltr'><strong>Nam</strong></span> <span class='ocrx_word' id='word_1_102' title='bbox 655 1443 798 1511; x_wconf 89' lang='lat' dir='ltr'><strong>quod</strong></span> <span class='ocrx_word' id='word_1_103' title='bbox 833 1454 917 1498; x_wconf 92' lang='lat' dir='ltr'><strong>cst</strong></span> <span class='ocrx_word' id='word_1_104' title='bbox 950 1459 1169 1511; x_wconf 88' lang='lat' dir='ltr'><strong>vanum,</strong></span> <span class='ocrx_word' id='word_1_105' title='bbox 1222 1464 1329 1502; x_wconf 91' lang='lat' dir='ltr'><strong>non</strong></span> <span class='ocrx_word' id='word_1_106' title='bbox 1366 1451 1642 1506; x_wconf 90' lang='lat' dir='ltr'><strong>consistit.</strong></span> <span class='ocrx_word' id='word_1_107' title='bbox 1688 1453 1843 1519; x_wconf 88' lang='lat' dir='ltr'><strong>Quod</strong></span> <span class='ocrx_word' id='word_1_108' title='bbox 1878 1466 2060 1511; x_wconf 90' lang='lat' dir='ltr'><strong>autem</strong></span> 
     </span>
    </p>
   </div>
   <div class='ocr_carea' id='block_1_16' title="bbox 1695 80 3658 156">
    <p class='ocr_par' dir='ltr' id='par_1_16' title="bbox 1695 80 3658 156">
     <span class='ocr_line' id='line_1_16' title="bbox 1695 80 3658 156; baseline 0.01 -20"><span class='ocrx_word' id='word_1_109' title='bbox 1695 80 1734 136; x_wconf 89' lang='lat' dir='ltr'><strong>S</strong></span> <span class='ocrx_word' id='word_1_110' title='bbox 1777 80 2107 140; x_wconf 78' lang='lat' dir='ltr'><strong>GREGORII</strong></span> <span class='ocrx_word' id='word_1_111' title='bbox 2137 83 2432 142; x_wconf 80' lang='lat' dir='ltr'><strong>NYSSENI</strong></span> <span class='ocrx_word' id='word_1_112' title='bbox 3575 98 3658 156; x_wconf 77' lang='lat'><strong>856</strong></span> 
     </span>
    </p>
   </div>
   <div class='ocr_carea' id='block_1_17' title="bbox 555 180 2131 264">
    <p class='ocr_par' dir='ltr' id='par_1_17' title="bbox 555 180 2131 264">
     <span class='ocr_line' id='line_1_17' title="bbox 555 180 2131 264; baseline 0.009 -30"><span class='ocrx_word' id='word_1_113' title='bbox 555 183 736 251; x_wconf 84' lang='lat' dir='ltr'><strong>Atque</strong></span> <span class='ocrx_word' id='word_1_114' title='bbox 769 180 917 252; x_wconf 89' lang='lat' dir='ltr'><strong>quod</strong></span> <span class='ocrx_word' id='word_1_115' title='bbox 949 197 1045 251; x_wconf 81' lang='lat' dir='ltr'><strong>per</strong></span> <span class='ocrx_word' id='word_1_116' title='bbox 1084 196 1274 253; x_wconf 88' lang='lat' dir='ltr'><strong>agrum</strong></span> <span class='ocrx_word' id='word_1_117' title='bbox 1307 184 1529 256; x_wconf 85' lang='lat' dir='ltr'><strong>quidem</strong></span> <span class='ocrx_word' id='word_1_118' title='bbox 1577 189 1841 246; x_wconf 89' lang='lat' dir='ltr'><strong>mundum</strong></span> <span class='ocrx_word' id='word_1_119' title='bbox 1883 193 2054 264; x_wconf 90' lang='lat' dir='ltr'><strong>signi-</strong></span> <span class='ocrx_word' id='word_1_120' title='bbox 2083 199 2131 257; x_wconf 73' lang='grc' dir='ltr'>Α</span> 
     </span>
    </p>
   </div>
   <div class='ocr_carea' id='block_1_18' title="bbox 3607 127 3630 155">
    <p class='ocr_par' dir='ltr' id='par_1_18' title="bbox 3607 127 3630 155">
     <span class='ocr_line' id='line_1_18' title="bbox 3607 127 3630 155; baseline 0 0"><span class='ocrx_word' id='word_1_121' title='bbox 3607 127 3630 155; x_wconf 78' lang='grc' dir='ltr'>υ</span> 
     </span>
    </p>
   </div>
   <div class='ocr_carea' id='block_1_19' title="bbox 2231 197 3661 287">
    <p class='ocr_par' dir='ltr' id='par_1_19' title="bbox 2231 197 3661 287">
     <span class='ocr_line' id='line_1_19' title="bbox 2231 197 3661 287; baseline 0.012 -38"><span class='ocrx_word' id='word_1_122' title='bbox 2231 197 2354 287; x_wconf 51' lang='grc' dir='ltr'>ξοτι</span> <span class='ocrx_word' id='word_1_123' title='bbox 2403 199 2501 270; x_wconf 76' lang='grc' dir='ltr'>μὲν</span> <span class='ocrx_word' id='word_1_124' title='bbox 2543 197 2631 252; x_wconf 88' lang='grc' dir='ltr'><strong>διά</strong></span> <span class='ocrx_word' id='word_1_125' title='bbox 2670 198 2763 254; x_wconf 83' lang='grc' dir='ltr'><strong>τοῦ</strong></span> <span class='ocrx_word' id='word_1_126' title='bbox 2811 199 2982 272; x_wconf 80' lang='grc' dir='ltr'>ἀγροῦ</span> <span class='ocrx_word' id='word_1_127' title='bbox 3019 199 3107 254; x_wconf 71' lang='grc' dir='ltr'>τὸν</span> <span class='ocrx_word' id='word_1_128' title='bbox 3144 201 3338 274; x_wconf 80' lang='grc' dir='ltr'><strong>κόσμον</strong></span> <span class='ocrx_word' id='word_1_129' title='bbox 3375 210 3594 277; x_wconf 77' lang='grc' dir='ltr'><strong>σημαίνει</strong></span> <span class='ocrx_word' id='word_1_130' title='bbox 3633 218 3661 287; x_wconf 70' lang='grc' dir='ltr'><strong>η</strong></span> 
     </span>
    </p>
   </div>
   <div class='ocr_carea' id='block_1_20' title="bbox 2159 286 3665 366">
    <p class='ocr_par' dir='ltr' id='par_1_20' title="bbox 2159 286 3665 366">
     <span class='ocr_line' id='line_1_20' title="bbox 2159 286 3665 366; baseline 0.01 -28"><span class='ocrx_word' id='word_1_131' title='bbox 2159 286 2254 339; x_wconf 79' lang='grc' dir='ltr'>τοῦ</span> <span class='ocrx_word' id='word_1_132' title='bbox 2280 288 2549 342; x_wconf 90' lang='grc' dir='ltr'>Δεσπότου</span> <span class='ocrx_word' id='word_1_133' title='bbox 2579 289 2749 360; x_wconf 85' lang='grc' dir='ltr'>φωνὴ,</span> <span class='ocrx_word' id='word_1_134' title='bbox 2781 293 2941 344; x_wconf 83' lang='grc' dir='ltr'>παντὶ</span> <span class='ocrx_word' id='word_1_135' title='bbox 2964 291 3118 361; x_wconf 83' lang='grc' dir='ltr'>δῆλον</span> <span class='ocrx_word' id='word_1_136' title='bbox 3142 293 3205 346; x_wconf 74' lang='grc' dir='ltr'>ἐκ</span> <span class='ocrx_word' id='word_1_137' title='bbox 3234 293 3336 347; x_wconf 83' lang='grc' dir='ltr'>τῶν</span> <span class='ocrx_word' id='word_1_138' title='bbox 3365 286 3665 366; x_wconf 81' lang='grc' dir='ltr'>Εὑαγγελίων</span> 
     </span>
    </p>
   </div>
   <div class='ocr_carea' id='block_1_21' title="bbox 2160 378 3665 459">
    <p class='ocr_par' dir='ltr' id='par_1_21' title="bbox 2160 378 3665 459">
     <span class='ocr_line' id='line_1_21' title="bbox 2160 378 3665 459; baseline 0.011 -29"><span class='ocrx_word' id='word_1_139' title='bbox 2160 378 2307 432; x_wconf 80' lang='grc' dir='ltr'>ἐστίν</span> <span class='ocrx_word' id='word_1_140' title='bbox 2332 396 2345 409; x_wconf 88' lang='grc'><strong>·</strong></span> <span class='ocrx_word' id='word_1_141' title='bbox 2377 380 2459 432; x_wconf 79' lang='grc' dir='ltr'>ὅτι</span> <span class='ocrx_word' id='word_1_142' title='bbox 2490 380 2547 432; x_wconf 83' lang='grc' dir='ltr'>δὲ</span> <span class='ocrx_word' id='word_1_143' title='bbox 2589 382 2827 452; x_wconf 77' lang='grc' dir='ltr'>παράγει</span> <span class='ocrx_word' id='word_1_144' title='bbox 2855 384 2918 436; x_wconf 82' lang='grc' dir='ltr'>τὸ</span> <span class='ocrx_word' id='word_1_145' title='bbox 2953 386 3137 454; x_wconf 82' lang='grc' dir='ltr'>σχῆμα</span> <span class='ocrx_word' id='word_1_146' title='bbox 3158 384 3249 437; x_wconf 79' lang='grc' dir='ltr'>τοῦ</span> <span class='ocrx_word' id='word_1_147' title='bbox 3273 385 3463 457; x_wconf 79' lang='grc' dir='ltr'><strong>κόσμου</strong></span> <span class='ocrx_word' id='word_1_148' title='bbox 3488 392 3665 459; x_wconf 85' lang='grc' dir='ltr'>τούτου,</span> 
     </span>
    </p>
   </div>
   <div class='ocr_carea' id='block_1_22' title="bbox 2161 468 3666 547">
    <p class='ocr_par' dir='ltr' id='par_1_22' title="bbox 2161 468 3666 547">
     <span class='ocr_line' id='line_1_22' title="bbox 2161 468 3666 547; baseline 0.008 -26"><span class='ocrx_word' id='word_1_149' title='bbox 2161 468 2255 522; x_wconf 71' lang='grc' dir='ltr'>καὶ</span> <span class='ocrx_word' id='word_1_150' title='bbox 2286 469 2436 521; x_wconf 83' lang='grc' dir='ltr'>οὐδὲν</span> <span class='ocrx_word' id='word_1_151' title='bbox 2480 469 2673 537; x_wconf 88' lang='grc' dir='ltr'>πάγιον</span> <span class='ocrx_word' id='word_1_152' title='bbox 2709 471 2981 523; x_wconf 82' lang='grc' dir='ltr'>δείκνυται</span> <span class='ocrx_word' id='word_1_153' title='bbox 3011 473 3068 522; x_wconf 80' lang='grc' dir='ltr'>ὲν</span> <span class='ocrx_word' id='word_1_154' title='bbox 3102 475 3167 542; x_wconf 74' lang='grc' dir='ltr'><strong>τῇ</strong></span> <span class='ocrx_word' id='word_1_155' title='bbox 3201 475 3484 547; x_wconf 77' lang='grc' dir='ltr'>ἀστατούσῃ</span> <span class='ocrx_word' id='word_1_156' title='bbox 3521 479 3666 546; x_wconf 80' lang='grc' dir='ltr'>φύσει,</span> 
     </span>
    </p>
   </div>
   <div class='ocr_carea' id='block_1_23' title="bbox 2159 556 3668 636">
    <p class='ocr_par' dir='ltr' id='par_1_23' title="bbox 2159 556 3668 636">
     <span class='ocr_line' id='line_1_23' title="bbox 2159 556 3668 636; baseline 0.008 -26"><span class='ocrx_word' id='word_1_157' title='bbox 2159 556 2316 627; x_wconf 75' lang='grc' dir='ltr'>δῆλον</span> <span class='ocrx_word' id='word_1_158' title='bbox 2343 560 2406 610; x_wconf 79' lang='grc' dir='ltr'><strong>ὲκ</strong></span> <span class='ocrx_word' id='word_1_159' title='bbox 2433 559 2530 628; x_wconf 85' lang='grc' dir='ltr'><strong>τῆς</strong></span> <span class='ocrx_word' id='word_1_160' title='bbox 2554 559 2646 612; x_wconf 79' lang='grc' dir='ltr'>τοῦ</span> <span class='ocrx_word' id='word_1_161' title='bbox 2680 559 3101 630; x_wconf 81' lang='grc' dir='ltr'>Ἐκκλησιαστοῦ</span> <span class='ocrx_word' id='word_1_162' title='bbox 3129 563 3510 632; x_wconf 79' lang='grc' dir='ltr'><strong>μεγαλοφωνίας</strong></span> <span class='ocrx_word' id='word_1_163' title='bbox 3532 570 3668 636; x_wconf 74' lang='grc' dir='ltr'>ἐστὶν,</span> 
     </span>
    </p>
   </div>
   <div class='ocr_carea' id='block_1_24' title="bbox 2159 644 3672 726">
    <p class='ocr_par' dir='ltr' id='par_1_24' title="bbox 2159 644 3672 726">
     <span class='ocr_line' id='line_1_24' title="bbox 2159 644 3672 726; baseline 0.011 -30"><span class='ocrx_word' id='word_1_164' title='bbox 2159 644 2218 708; x_wconf 80' lang='grc' dir='ltr'>ὃς</span> <span class='ocrx_word' id='word_1_165' title='bbox 2249 646 2358 699; x_wconf 79' lang='grc' dir='ltr'><strong>πᾶν</strong></span> <span class='ocrx_word' id='word_1_166' title='bbox 2378 647 2696 717; x_wconf 87' lang='grc' dir='ltr'>φαινόμενόν</span> <span class='ocrx_word' id='word_1_167' title='bbox 2725 665 2784 700; x_wconf 89' lang='grc' dir='ltr'><strong>τε</strong></span> <span class='ocrx_word' id='word_1_168' title='bbox 2811 651 2905 702; x_wconf 75' lang='grc' dir='ltr'>καὶ</span> <span class='ocrx_word' id='word_1_169' title='bbox 2935 652 3351 722; x_wconf 80' lang='grc' dir='ltr'><strong>παρερχόμενον,</strong></span> <span class='ocrx_word' id='word_1_170' title='bbox 3385 655 3438 708; x_wconf 85' lang='grc' dir='ltr'>ὲν</span> <span class='ocrx_word' id='word_1_171' title='bbox 3466 660 3672 726; x_wconf 77' lang='grc' dir='ltr'>ματαίοις</span> 
     </span>
    </p>
   </div>
   <div class='ocr_carea' id='block_1_25' title="bbox 2160 730 3674 815">
    <p class='ocr_par' dir='ltr' id='par_1_25' title="bbox 2160 730 3674 815">
     <span class='ocr_line' id='line_1_25' title="bbox 2160 730 3674 815; baseline 0.011 -31"><span class='ocrx_word' id='word_1_172' title='bbox 2160 732 2483 804; x_wconf 71' lang='grc' dir='ltr'>ἠρίθμησεν.</span> <span class='ocrx_word' id='word_1_173' title='bbox 2520 735 2615 798; x_wconf 87' lang='grc' dir='ltr'>Τίς</span> <span class='ocrx_word' id='word_1_174' title='bbox 2646 730 2738 789; x_wconf 81' lang='grc' dir='ltr'><strong>οὖν</strong></span> <span class='ocrx_word' id='word_1_175' title='bbox 2772 737 2805 806; x_wconf 87' lang='grc' dir='ltr'><strong>ἡ</strong></span> <span class='ocrx_word' id='word_1_176' title='bbox 2844 737 3070 808; x_wconf 87' lang='grc' dir='ltr'>δύναμις</span> <span class='ocrx_word' id='word_1_177' title='bbox 3097 738 3188 792; x_wconf 81' lang='grc' dir='ltr'><strong>τοῦ</strong></span> <span class='ocrx_word' id='word_1_178' title='bbox 3210 740 3436 797; x_wconf 86' lang='grc' dir='ltr'>τοιούτου</span> <span class='ocrx_word' id='word_1_179' title='bbox 3461 745 3627 815; x_wconf 82' lang='grc' dir='ltr'><strong>ἀγροῦ,</strong></span> <span class='ocrx_word' id='word_1_180' title='bbox 3649 751 3674 802; x_wconf 85' lang='grc' dir='ltr'><strong>ὃ</strong></span> 
     </span>
    </p>
   </div>
   <div class='ocr_carea' id='block_1_26' title="bbox 2161 822 3677 905">
    <p class='ocr_par' dir='ltr' id='par_1_26' title="bbox 2161 822 3677 905">
     <span class='ocr_line' id='line_1_26' title="bbox 2161 822 3677 905; baseline 0.008 -30"><span class='ocrx_word' id='word_1_181' title='bbox 2161 826 2308 877; x_wconf 76' lang='grc' dir='ltr'>ἐστιν</span> <span class='ocrx_word' id='word_1_182' title='bbox 2339 827 2367 878; x_wconf 85' lang='grc' dir='ltr'><strong>ὁ</strong></span> <span class='ocrx_word' id='word_1_183' title='bbox 2391 824 2628 895; x_wconf 87' lang='grc' dir='ltr'>κόσμος;</span> <span class='ocrx_word' id='word_1_184' title='bbox 2662 828 2731 880; x_wconf 90' lang='grc' dir='ltr'><strong>Ἢ</strong></span> <span class='ocrx_word' id='word_1_185' title='bbox 2759 827 2840 890; x_wconf 89' lang='grc' dir='ltr'><strong>τίς</strong></span> <span class='ocrx_word' id='word_1_186' title='bbox 2871 828 2904 897; x_wconf 81' lang='grc' dir='ltr'><strong>ἡ</strong></span> <span class='ocrx_word' id='word_1_187' title='bbox 2939 828 3109 901; x_wconf 74' lang='grc' dir='ltr'>ἰσχὺς,</span> <span class='ocrx_word' id='word_1_188' title='bbox 3137 822 3210 882; x_wconf 83' lang='grc' dir='ltr'>ὧν</span> <span class='ocrx_word' id='word_1_189' title='bbox 3239 831 3270 899; x_wconf 86' lang='grc' dir='ltr'><strong>ή</strong></span> <span class='ocrx_word' id='word_1_190' title='bbox 3301 832 3473 902; x_wconf 86' lang='grc' dir='ltr'>μνήμη</span> <span class='ocrx_word' id='word_1_191' title='bbox 3498 835 3677 905; x_wconf 82' lang='grc' dir='ltr'>ἀπαρά-</span> 
     </span>
    </p>
   </div>
   <div class='ocr_carea' id='block_1_27' title="bbox 2163 914 3678 992">
    <p class='ocr_par' dir='ltr' id='par_1_27' title="bbox 2163 914 3678 992">
     <span class='ocr_line' id='line_1_27' title="bbox 2163 914 3678 992; baseline 0.009 -27"><span class='ocrx_word' id='word_1_192' title='bbox 2163 914 2322 968; x_wconf 87' lang='grc' dir='ltr'>ϐατον</span> <span class='ocrx_word' id='word_1_193' title='bbox 2353 919 2497 968; x_wconf 87' lang='grc' dir='ltr'>ποιεῖ</span> <span class='ocrx_word' id='word_1_194' title='bbox 2535 915 2625 968; x_wconf 81' lang='grc' dir='ltr'>διὰ</span> <span class='ocrx_word' id='word_1_195' title='bbox 2655 914 2750 969; x_wconf 80' lang='grc' dir='ltr'><strong>τοῦ</strong></span> <span class='ocrx_word' id='word_1_196' title='bbox 2795 917 3057 987; x_wconf 82' lang='grc' dir='ltr'>ὀρκισμοῦ</span> <span class='ocrx_word' id='word_1_197' title='bbox 3102 921 3221 982; x_wconf 88' lang='grc' dir='ltr'>ταῖς</span> <span class='ocrx_word' id='word_1_198' title='bbox 3257 920 3559 992; x_wconf 88' lang='grc' dir='ltr'>θυγατράσιν</span> <span class='ocrx_word' id='word_1_199' title='bbox 3599 928 3678 979; x_wconf 84' lang='grc' dir='ltr'><strong>ἰε-</strong></span> 
     </span>
    </p>
   </div>
   <div class='ocr_carea' id='block_1_28' title="bbox 2167 1005 3677 1083">
    <p class='ocr_par' dir='ltr' id='par_1_28' title="bbox 2167 1005 3677 1083">
     <span class='ocr_line' id='line_1_28' title="bbox 2167 1005 3677 1083; baseline 0.009 -28"><span class='ocrx_word' id='word_1_200' title='bbox 2167 1005 2445 1076; x_wconf 82' lang='grc' dir='ltr'>ρουσαλὴμ</span> <span class='ocrx_word' id='word_1_201' title='bbox 2471 1007 2532 1059; x_wconf 83' lang='grc' dir='ltr'>τὸ</span> <span class='ocrx_word' id='word_1_202' title='bbox 2565 1006 2960 1076; x_wconf 88' lang='grc' dir='ltr'>παράγγελμα;</span> <span class='ocrx_word' id='word_1_203' title='bbox 2989 1009 3051 1060; x_wconf 87' lang='grc' dir='ltr'>Εί</span> <span class='ocrx_word' id='word_1_204' title='bbox 3078 1009 3175 1078; x_wconf 82' lang='grc' dir='ltr'>μὲν</span> <span class='ocrx_word' id='word_1_205' title='bbox 3205 1011 3310 1081; x_wconf 81' lang='grc' dir='ltr'>γὰρ</span> <span class='ocrx_word' id='word_1_206' title='bbox 3345 1013 3471 1082; x_wconf 84' lang='grc' dir='ltr'>πρὸς</span> <span class='ocrx_word' id='word_1_207' title='bbox 3490 1015 3550 1066; x_wconf 79' lang='grc' dir='ltr'><strong>τὰ</strong></span> <span class='ocrx_word' id='word_1_208' title='bbox 3575 1032 3677 1083; x_wconf 75' lang='grc' dir='ltr'>φαιο</span> 
     </span>
    </p>
   </div>
   <div class='ocr_carea' id='block_1_29' title="bbox 2164 1095 3677 1167">
    <p class='ocr_par' dir='ltr' id='par_1_29' title="bbox 2164 1095 3677 1167">
     <span class='ocr_line' id='line_1_29' title="bbox 2164 1095 3677 1167; baseline 0.006 -20"><span class='ocrx_word' id='word_1_209' title='bbox 2164 1095 2365 1166; x_wconf 84' lang='grc' dir='ltr'>νόμενα</span> <span class='ocrx_word' id='word_1_210' title='bbox 2407 1096 2699 1166; x_wconf 83' lang='grc' dir='ltr'>βλέπομεν,</span> <span class='ocrx_word' id='word_1_211' title='bbox 2741 1097 2819 1159; x_wconf 86' lang='grc' dir='ltr'>ὡς</span> <span class='ocrx_word' id='word_1_212' title='bbox 2849 1096 3013 1167; x_wconf 73' lang='grc' dir='ltr'>οὔσης</span> <span class='ocrx_word' id='word_1_213' title='bbox 3053 1098 3198 1161; x_wconf 85' lang='grc' dir='ltr'>τινὸς</span> <span class='ocrx_word' id='word_1_214' title='bbox 3227 1102 3283 1152; x_wconf 84' lang='grc' dir='ltr'>ὲν</span> <span class='ocrx_word' id='word_1_215' title='bbox 3319 1101 3512 1164; x_wconf 81' lang='grc' dir='ltr'><strong>τούτοις</strong></span> <span class='ocrx_word' id='word_1_216' title='bbox 3545 1103 3677 1156; x_wconf 83' lang='grc' dir='ltr'>δυνά-</span> 
     </span>
    </p>
   </div>
   <div class='ocr_carea' id='block_1_30' title="bbox 2167 1184 3681 1262">
    <p class='ocr_par' dir='ltr' id='par_1_30' title="bbox 2167 1184 3681 1262">
     <span class='ocr_line' id='line_1_30' title="bbox 2167 1184 3681 1262; baseline 0.006 -26"><span class='ocrx_word' id='word_1_217' title='bbox 2167 1201 2342 1254; x_wconf 87' lang='grc' dir='ltr'>μεως,</span> <span class='ocrx_word' id='word_1_218' title='bbox 2417 1186 2837 1256; x_wconf 79' lang='grc' dir='ltr'>παραγράφεται</span> <span class='ocrx_word' id='word_1_219' title='bbox 2899 1184 2996 1256; x_wconf 81' lang='grc' dir='ltr'><strong>τὴν</strong></span> <span class='ocrx_word' id='word_1_220' title='bbox 3063 1187 3314 1258; x_wconf 80' lang='grc' dir='ltr'>τοιαύτην</span> <span class='ocrx_word' id='word_1_221' title='bbox 3370 1189 3608 1262; x_wconf 76' lang='grc' dir='ltr'>ὑπόληψιν</span> <span class='ocrx_word' id='word_1_222' title='bbox 3656 1194 3681 1245; x_wconf 80' lang='grc' dir='ltr'>ὁ</span> 
     </span>
    </p>
   </div>
   <div class='ocr_carea' id='block_1_31' title="bbox 2177 1277 3680 1348">
    <p class='ocr_par' dir='ltr' id='par_1_31' title="bbox 2177 1277 3680 1348">
     <span class='ocr_line' id='line_1_31' title="bbox 2177 1277 3680 1348; baseline 0.003 -18"><span class='ocrx_word' id='word_1_223' title='bbox 2177 1277 2623 1348; x_wconf 79' lang='grc' dir='ltr'>Ἐκκλησιαστὴς,</span> <span class='ocrx_word' id='word_1_224' title='bbox 2677 1277 2904 1346; x_wconf 86' lang='grc' dir='ltr'>μάταιον</span> <span class='ocrx_word' id='word_1_225' title='bbox 2951 1277 3230 1346; x_wconf 80' lang='grc' dir='ltr'><strong>ὀνομάζων</strong></span> <span class='ocrx_word' id='word_1_226' title='bbox 3273 1281 3376 1333; x_wconf 86' lang='grc' dir='ltr'><strong>πᾶν</strong></span> <span class='ocrx_word' id='word_1_227' title='bbox 3411 1283 3462 1334; x_wconf 77' lang='grc' dir='ltr'>ἐν</span> <span class='ocrx_word' id='word_1_228' title='bbox 3499 1283 3680 1345; x_wconf 82' lang='grc' dir='ltr'><strong>¹τούτοις</strong></span> 
     </span>
    </p>
   </div>
   <div class='ocr_carea' id='block_1_32' title="bbox 2164 1365 3681 1440">
    <p class='ocr_par' dir='ltr' id='par_1_32' title="bbox 2164 1365 3681 1440">
     <span class='ocr_line' id='line_1_32' title="bbox 2164 1365 3681 1440; baseline 0.004 -22"><span class='ocrx_word' id='word_1_229' title='bbox 2164 1366 2504 1436; x_wconf 76' lang='grc' dir='ltr'>δεικνύμενον</span> <span class='ocrx_word' id='word_1_230' title='bbox 2531 1383 2590 1420; x_wconf 85' lang='grc' dir='ltr'><strong>τε</strong></span> <span class='ocrx_word' id='word_1_231' title='bbox 2621 1367 2716 1419; x_wconf 72' lang='grc' dir='ltr'><strong>καὶ</strong></span> <span class='ocrx_word' id='word_1_232' title='bbox 2754 1365 3206 1435; x_wconf 74' lang='grc' dir='ltr'>σπουδαζόμενον.</span> <span class='ocrx_word' id='word_1_233' title='bbox 3255 1367 3327 1420; x_wconf 81' lang='grc' dir='ltr'>Τὸ</span> <span class='ocrx_word' id='word_1_234' title='bbox 3367 1369 3467 1440; x_wconf 86' lang='grc' dir='ltr'>γὰρ</span> <span class='ocrx_word' id='word_1_235' title='bbox 3492 1371 3681 1440; x_wconf 87' lang='grc' dir='ltr'>μάταιον</span> 
     </span>
    </p>
   </div>
   <div class='ocr_carea' id='block_1_33' title="bbox 2165 1457 3679 1530">
    <p class='ocr_par' dir='ltr' id='par_1_33' title="bbox 2165 1457 3679 1530">
     <span class='ocr_line' id='line_1_33' title="bbox 2165 1457 3679 1530; baseline 0.003 -20"><span class='ocrx_word' id='word_1_236' title='bbox 2165 1459 2263 1526; x_wconf 85' lang='grc' dir='ltr'><strong>ούχ</strong></span> <span class='ocrx_word' id='word_1_237' title='bbox 2295 1457 2586 1526; x_wconf 77' lang='grc' dir='ltr'><strong>ὑφέστηκε.</strong></span> <span class='ocrx_word' id='word_1_238' title='bbox 2633 1457 2707 1510; x_wconf 85' lang='grc' dir='ltr'><strong>Τὸ</strong></span> <span class='ocrx_word' id='word_1_239' title='bbox 2734 1457 2790 1510; x_wconf 86' lang='grc' dir='ltr'>δὲ</span> <span class='ocrx_word' id='word_1_240' title='bbox 2842 1459 2916 1528; x_wconf 81' lang='grc' dir='ltr'>μὴ</span> <span class='ocrx_word' id='word_1_241' title='bbox 2964 1458 3192 1526; x_wconf 83' lang='grc' dir='ltr'>ύφεστὸς</span> <span class='ocrx_word' id='word_1_242' title='bbox 3224 1457 3358 1512; x_wconf 87' lang='grc' dir='ltr'>κατὰ</span> <span class='ocrx_word' id='word_1_243' title='bbox 3391 1459 3482 1530; x_wconf 82' lang='grc' dir='ltr'>τὴν</span> <span class='ocrx_word' id='word_1_244' title='bbox 3508 1461 3679 1523; x_wconf 77' lang='grc' dir='ltr'>οὐσίαν,</span> 
     </span>
    </p>
   </div>
   <div class='ocr_carea' id='block_1_34' title="bbox 490 1535 2066 1617">
    <p class='ocr_par' dir='ltr' id='par_1_34' title="bbox 490 1535 2057 1602">
     <span class='ocr_line' id='line_1_34' title="bbox 490 1535 2057 1602; baseline 0.01 -15"><span class='ocrx_word' id='word_1_245' title='bbox 490 1536 544 1588; x_wconf 94' lang='lat' dir='ltr'><strong>in</strong></span> <span class='ocrx_word' id='word_1_246' title='bbox 584 1535 818 1590; x_wconf 89' lang='lat' dir='ltr'><strong>essentia</strong></span> <span class='ocrx_word' id='word_1_247' title='bbox 852 1551 961 1589; x_wconf 94' lang='lat' dir='ltr'><strong>non</strong></span> <span class='ocrx_word' id='word_1_248' title='bbox 1004 1539 1282 1602; x_wconf 87' lang='lat' dir='ltr'><strong>consistit,</strong></span> <span class='ocrx_word' id='word_1_249' title='bbox 1321 1557 1430 1595; x_wconf 92' lang='lat' dir='ltr'><strong>non</strong></span> <span class='ocrx_word' id='word_1_250' title='bbox 1466 1543 1633 1598; x_wconf 89' lang='lat' dir='ltr'><strong>habet</strong></span> <span class='ocrx_word' id='word_1_251' title='bbox 1668 1545 1943 1602; x_wconf 86' lang='lat' dir='ltr'><strong>virtutem.</strong></span> <span class='ocrx_word' id='word_1_252' title='bbox 1976 1549 2057 1602; x_wconf 79' lang='lat' dir='ltr'><strong>An</strong></span> 
     </span>
    </p>
   </div>
   <div class='ocr_carea' id='block_1_35' title="bbox 2168 1535 3682 1617">
    <p class='ocr_par' dir='ltr' id='par_1_35' title="bbox 2168 1545 3682 1617">
     <span class='ocr_line' id='line_1_35' title="bbox 2168 1545 3682 1617; baseline 0.003 -19"><span class='ocrx_word' id='word_1_253' title='bbox 2168 1548 2314 1616; x_wconf 85' lang='grc' dir='ltr'>ίσχὺν</span> <span class='ocrx_word' id='word_1_254' title='bbox 2345 1547 2443 1598; x_wconf 88' lang='grc' dir='ltr'><strong>ούκ</strong></span> <span class='ocrx_word' id='word_1_255' title='bbox 2487 1547 2618 1615; x_wconf 73' lang='grc' dir='ltr'>ἔχει.</span> <span class='ocrx_word' id='word_1_256' title='bbox 2647 1547 2717 1599; x_wconf 87' lang='grc' dir='ltr'><strong>Ἦ</strong></span> <span class='ocrx_word' id='word_1_257' title='bbox 2747 1545 2885 1616; x_wconf 83' lang='grc' dir='ltr'>τάχα</span> <span class='ocrx_word' id='word_1_258' title='bbox 2912 1547 3000 1599; x_wconf 76' lang='grc' dir='ltr'>διὰ</span> <span class='ocrx_word' id='word_1_259' title='bbox 3026 1547 3125 1616; x_wconf 85' lang='grc' dir='ltr'>τῆς</span> <span class='ocrx_word' id='word_1_260' title='bbox 3157 1546 3504 1616; x_wconf 85' lang='grc' dir='ltr'>πληθυντικῆς</span> <span class='ocrx_word' id='word_1_261' title='bbox 3533 1564 3682 1617; x_wconf 86' lang='grc' dir='ltr'>σημα-</span> 
     </span>
    </p>
   </div>
   <div class='ocr_carea' id='block_1_36' title="bbox 491 1627 2060 1706">
    <p class='ocr_par' dir='ltr' id='par_1_36' title="bbox 491 1627 2060 1706">
     <span class='ocr_line' id='line_1_36' title="bbox 491 1627 2060 1706; baseline 0.01 -26"><span class='ocrx_word' id='word_1_262' title='bbox 491 1627 631 1682; x_wconf 81' lang='lat' dir='ltr'><strong>forte</strong></span> <span class='ocrx_word' id='word_1_263' title='bbox 661 1641 757 1697; x_wconf 90' lang='lat' dir='ltr'><strong>per</strong></span> <span class='ocrx_word' id='word_1_264' title='bbox 786 1627 1049 1696; x_wconf 88' lang='lat' dir='ltr'><strong>pluralem</strong></span> <span class='ocrx_word' id='word_1_265' title='bbox 1080 1629 1529 1699; x_wconf 90' lang='lat' dir='ltr'><strong>signiﬁcationem</strong></span> <span class='ocrx_word' id='word_1_266' title='bbox 1556 1635 1721 1704; x_wconf 87' lang='lat' dir='ltr'><strong>hujus</strong></span> <span class='ocrx_word' id='word_1_267' title='bbox 1746 1641 2060 1706; x_wconf 75' lang='lat' dir='ltr'><strong>potestatis,</strong></span> 
     </span>
    </p>
   </div>
   <div class='ocr_carea' id='block_1_37' title="bbox 491 1719 2066 1794">
    <p class='ocr_par' dir='ltr' id='par_1_37' title="bbox 491 1719 2066 1794">
     <span class='ocr_line' id='line_1_37' title="bbox 491 1719 2066 1794; baseline 0.01 -23"><span class='ocrx_word' id='word_1_268' title='bbox 491 1719 722 1774; x_wconf 86' lang='lat' dir='ltr'><strong>inveniri</strong></span> <span class='ocrx_word' id='word_1_269' title='bbox 756 1727 932 1786; x_wconf 88' lang='lat' dir='ltr'><strong>potest</strong></span> <span class='ocrx_word' id='word_1_270' title='bbox 978 1720 1158 1790; x_wconf 92' lang='lat' dir='ltr'><strong>aliqua</strong></span> <span class='ocrx_word' id='word_1_271' title='bbox 1201 1738 1397 1778; x_wconf 90' lang='lat' dir='ltr'><strong>sensus</strong></span> <span class='ocrx_word' id='word_1_272' title='bbox 1430 1725 1781 1794; x_wconf 87' lang='lat' dir='ltr'><strong>conjectura?</strong></span> <span class='ocrx_word' id='word_1_273' title='bbox 1817 1729 1876 1782; x_wconf 87' lang='lat' dir='ltr'><strong>In</strong></span> <span class='ocrx_word' id='word_1_274' title='bbox 1907 1745 2066 1786; x_wconf 88' lang='lat' dir='ltr'><strong>sacra</strong></span> 
     </span>
    </p>
   </div>
   <div class='ocr_carea' id='block_1_38' title="bbox 488 1809 2066 1877">
    <p class='ocr_par' dir='ltr' id='par_1_38' title="bbox 488 1809 2066 1877">
     <span class='ocr_line' id='line_1_38' title="bbox 488 1809 2066 1877; baseline 0.008 -15"><span class='ocrx_word' id='word_1_275' title='bbox 488 1811 631 1863; x_wconf 85' lang='lat' dir='ltr'><strong>enim</strong></span> <span class='ocrx_word' id='word_1_276' title='bbox 664 1809 950 1877; x_wconf 89' lang='lat' dir='ltr'><strong>Scriptura</strong></span> <span class='ocrx_word' id='word_1_277' title='bbox 982 1811 1142 1865; x_wconf 91' lang='lat' dir='ltr'><strong>talem</strong></span> <span class='ocrx_word' id='word_1_278' title='bbox 1173 1814 1414 1870; x_wconf 91' lang='lat' dir='ltr'><strong>nominis</strong></span> <span class='ocrx_word' id='word_1_279' title='bbox 1446 1814 1812 1873; x_wconf 84' lang='lat' dir='ltr'><strong>diﬁ‘erentiam</strong></span> <span class='ocrx_word' id='word_1_280' title='bbox 1861 1820 1916 1874; x_wconf 92' lang='lat' dir='ltr'><strong>in</strong></span> <span class='ocrx_word' id='word_1_281' title='bbox 1965 1821 2066 1874; x_wconf 85' lang='lat' dir='ltr'><strong>bu-</strong></span> 
     </span>
    </p>
   </div>
   <div class='ocr_carea' id='block_1_39' title="bbox 484 1899 2065 1976">
    <p class='ocr_par' dir='ltr' id='par_1_39' title="bbox 484 1899 2065 1976">
     <span class='ocr_line' id='line_1_39' title="bbox 484 1899 2065 1976; baseline 0.009 -25"><span class='ocrx_word' id='word_1_282' title='bbox 484 1899 727 1967; x_wconf 88' lang='lat' dir='ltr'><strong>jusmodi</strong></span> <span class='ocrx_word' id='word_1_283' title='bbox 771 1902 1047 1966; x_wconf 92' lang='lat' dir='ltr'><strong>novimus,</strong></span> <span class='ocrx_word' id='word_1_284' title='bbox 1092 1910 1153 1955; x_wconf 92' lang='lat' dir='ltr'><strong>ut</strong></span> <span class='ocrx_word' id='word_1_285' title='bbox 1200 1903 1420 1972; x_wconf 89' lang='lat' dir='ltr'><strong>quando</strong></span> <span class='ocrx_word' id='word_1_286' title='bbox 1476 1908 1830 1976; x_wconf 83' lang='lat' dir='ltr'><strong>singulariter</strong></span> <span class='ocrx_word' id='word_1_287' title='bbox 1863 1910 2065 1964; x_wconf 89' lang='lat' dir='ltr'><strong>dicitur</strong></span> 
     </span>
    </p>
   </div>
   <div class='ocr_carea' id='block_1_40' title="bbox 491 1990 2066 2069">
    <p class='ocr_par' dir='ltr' id='par_1_40' title="bbox 491 1990 2066 2069">
     <span class='ocr_line' id='line_1_40' title="bbox 491 1990 2066 2069; baseline 0.007 -27"><span class='ocrx_word' id='word_1_288' title='bbox 491 1991 665 2046; x_wconf 89' lang='lat' dir='ltr'><strong>virtus</strong></span> <span class='ocrx_word' id='word_1_289' title='bbox 689 1991 757 2054; x_wconf 76' lang='grc'><strong>⁷⁸,</strong></span> <span class='ocrx_word' id='word_1_290' title='bbox 801 1991 867 2045; x_wconf 90' lang='lat' dir='ltr'><strong>ad</strong></span> <span class='ocrx_word' id='word_1_291' title='bbox 915 1990 1088 2045; x_wconf 85' lang='lat' dir='ltr'><strong>Deum</strong></span> <span class='ocrx_word' id='word_1_292' title='bbox 1136 1993 1406 2049; x_wconf 84' lang='lat' dir='ltr'><strong>referatur</strong></span> <span class='ocrx_word' id='word_1_293' title='bbox 1454 2000 1725 2052; x_wconf 85' lang='lat' dir='ltr'><strong>sententia</strong></span> <span class='ocrx_word' id='word_1_294' title='bbox 1761 1999 1928 2069; x_wconf 88' lang='lat' dir='ltr'><strong>hujus</strong></span> <span class='ocrx_word' id='word_1_295' title='bbox 1970 2015 2066 2055; x_wconf 83' lang='lat' dir='ltr'><strong>vo-</strong></span> 
     </span>
    </p>
   </div>
   <div class='ocr_carea' id='block_1_41' title="bbox 489 2080 2065 2154">
    <p class='ocr_par' dir='ltr' id='par_1_41' title="bbox 489 2080 2065 2154">
     <span class='ocr_line' id='line_1_41' title="bbox 489 2080 2065 2154; baseline 0.006 -21"><span class='ocrx_word' id='word_1_296' title='bbox 489 2080 570 2133; x_wconf 89' lang='lat' dir='ltr'><strong>cis</strong></span> <span class='ocrx_word' id='word_1_297' title='bbox 599 2097 611 2134; x_wconf 93' lang='lat'><strong>:</strong></span> <span class='ocrx_word' id='word_1_298' title='bbox 645 2080 865 2148; x_wconf 87' lang='lat' dir='ltr'><strong>quando</strong></span> <span class='ocrx_word' id='word_1_299' title='bbox 902 2091 1084 2136; x_wconf 89' lang='lat' dir='ltr'><strong>autem</strong></span> <span class='ocrx_word' id='word_1_300' title='bbox 1123 2097 1219 2151; x_wconf 89' lang='lat' dir='ltr'><strong>per</strong></span> <span class='ocrx_word' id='word_1_301' title='bbox 1254 2083 1481 2153; x_wconf 88' lang='lat' dir='ltr'><strong>ﬁguram</strong></span> <span class='ocrx_word' id='word_1_302' title='bbox 1512 2087 1777 2154; x_wconf 86' lang='lat' dir='ltr'><strong>pluralem</strong></span> <span class='ocrx_word' id='word_1_303' title='bbox 1809 2093 2065 2143; x_wconf 85' lang='lat' dir='ltr'><strong>enuntia-</strong></span> 
     </span>
    </p>
   </div>
   <div class='ocr_carea' id='block_1_42' title="bbox 493 2173 2065 2244">
    <p class='ocr_par' dir='ltr' id='par_1_42' title="bbox 493 2173 2065 2244">
     <span class='ocr_line' id='line_1_42' title="bbox 493 2173 2065 2244; baseline 0.006 -20"><span class='ocrx_word' id='word_1_304' title='bbox 493 2182 602 2237; x_wconf 89' lang='lat' dir='ltr'><strong>tur,</strong></span> <span class='ocrx_word' id='word_1_305' title='bbox 634 2173 871 2227; x_wconf 86' lang='lat' dir='ltr'><strong>ostendit</strong></span> <span class='ocrx_word' id='word_1_306' title='bbox 899 2181 1152 2227; x_wconf 90' lang='lat' dir='ltr'><strong>naturam</strong></span> <span class='ocrx_word' id='word_1_307' title='bbox 1199 2175 1524 2244; x_wconf 79' lang='lat' dir='ltr'><strong>angelicam,</strong></span> <span class='ocrx_word' id='word_1_308' title='bbox 1562 2185 1641 2242; x_wconf 93' lang='lat' dir='ltr'><strong>ut,</strong></span> <span class='ocrx_word' id='word_1_309' title='bbox 1676 2177 1922 2233; x_wconf 77' lang='lat' dir='ltr'><strong>Christus</strong></span> <span class='ocrx_word' id='word_1_310' title='bbox 1967 2179 2065 2233; x_wconf 89' lang='lat' dir='ltr'><strong>Dei</strong></span> 
     </span>
    </p>
   </div>
   <div class='ocr_carea' id='block_1_43' title="bbox 490 2263 2068 2338">
    <p class='ocr_par' dir='ltr' id='par_1_43' title="bbox 490 2263 2068 2338">
     <span class='ocr_line' id='line_1_43' title="bbox 490 2263 2068 2338; baseline 0.004 -23"><span class='ocrx_word' id='word_1_311' title='bbox 490 2263 678 2326; x_wconf 73' lang='lat' dir='ltr'><strong>uirtus,</strong></span> <span class='ocrx_word' id='word_1_312' title='bbox 710 2273 756 2316; x_wconf 89' lang='lat' dir='ltr'><strong>et</strong></span> <span class='ocrx_word' id='word_1_313' title='bbox 795 2263 895 2317; x_wconf 91' lang='lat' dir='ltr'><strong>Dei</strong></span> <span class='ocrx_word' id='word_1_314' title='bbox 936 2265 1197 2332; x_wconf 76' lang='lat' dir='ltr'><strong>sapientia</strong></span> <span class='ocrx_word' id='word_1_315' title='bbox 1227 2267 1303 2332; x_wconf 70' lang='lat'><strong>7‘;</strong></span> <span class='ocrx_word' id='word_1_316' title='bbox 1345 2266 1433 2319; x_wconf 89' lang='lat' dir='ltr'><strong>hic</strong></span> <span class='ocrx_word' id='word_1_317' title='bbox 1474 2266 1743 2338; x_wconf 82' lang='lat' dir='ltr'><strong>singulari</strong></span> <span class='ocrx_word' id='word_1_318' title='bbox 1793 2271 1960 2324; x_wconf 86' lang='lat' dir='ltr'><strong>Deum</strong></span> <span class='ocrx_word' id='word_1_319' title='bbox 1997 2269 2068 2324; x_wconf 89' lang='lat' dir='ltr'><strong>si-</strong></span> 
     </span>
    </p>
   </div>
   <div class='ocr_carea' id='block_1_44' title="bbox 491 2353 2061 2427">
    <p class='ocr_par' dir='ltr' id='par_1_44' title="bbox 491 2353 2061 2427">
     <span class='ocr_line' id='line_1_44' title="bbox 491 2353 2061 2427; baseline 0.004 -21"><span class='ocrx_word' id='word_1_320' title='bbox 491 2353 732 2422; x_wconf 82' lang='lat' dir='ltr'><strong>gniﬁcat.</strong></span> <span class='ocrx_word' id='word_1_321' title='bbox 775 2353 1016 2408; x_wconf 79' lang='lat' dir='ltr'><strong>Laudate</strong></span> <span class='ocrx_word' id='word_1_322' title='bbox 1051 2353 1363 2421; x_wconf 88' lang='lat' dir='ltr'><strong>Dominum,</strong></span> <span class='ocrx_word' id='word_1_323' title='bbox 1392 2372 1569 2411; x_wconf 84' lang='lat' dir='ltr'><strong>omnes</strong></span> <span class='ocrx_word' id='word_1_324' title='bbox 1606 2359 1821 2412; x_wconf 82' lang='lat' dir='ltr'><strong>virtutes</strong></span> <span class='ocrx_word' id='word_1_325' title='bbox 1857 2361 1970 2427; x_wconf 85' lang='lat' dir='ltr'><strong>ejus</strong></span> <span class='ocrx_word' id='word_1_326' title='bbox 1994 2360 2061 2411; x_wconf 73' lang='grc' dir='ltr'><strong>τ’.</strong></span> 
     </span>
    </p>
   </div>
   <div class='ocr_carea' id='block_1_45' title="bbox 492 2442 2063 2517">
    <p class='ocr_par' dir='ltr' id='par_1_45' title="bbox 492 2442 2063 2517">
     <span class='ocr_line' id='line_1_45' title="bbox 492 2442 2063 2517; baseline 0.003 -21"><span class='ocrx_word' id='word_1_327' title='bbox 492 2442 590 2497; x_wconf 72' lang='lat' dir='ltr'><strong>ilic</strong></span> <span class='ocrx_word' id='word_1_328' title='bbox 629 2444 842 2514; x_wconf 89' lang='lat' dir='ltr'><strong>plurale</strong></span> <span class='ocrx_word' id='word_1_329' title='bbox 883 2445 1151 2497; x_wconf 89' lang='lat' dir='ltr'><strong>virtutum</strong></span> <span class='ocrx_word' id='word_1_330' title='bbox 1217 2445 1426 2499; x_wconf 86' lang='lat' dir='ltr'><strong>indicat</strong></span> <span class='ocrx_word' id='word_1_331' title='bbox 1476 2446 1928 2517; x_wconf 89' lang='lat' dir='ltr'><strong>signiﬁcationem</strong></span> <span class='ocrx_word' id='word_1_332' title='bbox 1963 2462 2063 2502; x_wconf 83' lang='lat' dir='ltr'><strong>na-</strong></span> 
     </span>
    </p>
   </div>
   <div class='ocr_carea' id='block_1_46' title="bbox 493 2535 2063 2607">
    <p class='ocr_par' dir='ltr' id='par_1_46' title="bbox 493 2535 2063 2607">
     <span class='ocr_line' id='line_1_46' title="bbox 493 2535 2063 2607; baseline 0.003 -21"><span class='ocrx_word' id='word_1_333' title='bbox 493 2544 632 2588; x_wconf 69' lang='lat' dir='ltr'><strong>tura:</strong></span> <span class='ocrx_word' id='word_1_334' title='bbox 699 2535 1043 2604; x_wconf 85' lang='lat' dir='ltr'><strong>angelorum,</strong></span> <span class='ocrx_word' id='word_1_335' title='bbox 1095 2551 1217 2605; x_wconf 75' lang='lat' dir='ltr'><strong>quae</strong></span> <span class='ocrx_word' id='word_1_336' title='bbox 1265 2537 1412 2591; x_wconf 86' lang='lat' dir='ltr'><strong>cadit</strong></span> <span class='ocrx_word' id='word_1_337' title='bbox 1460 2538 1564 2592; x_wconf 92' lang='lat' dir='ltr'><strong>sub</strong></span> <span class='ocrx_word' id='word_1_338' title='bbox 1627 2537 2063 2607; x_wconf 82' lang='lat' dir='ltr'><strong>intelligentiam.</strong></span> 
     </span>
    </p>
   </div>
   <div class='ocr_carea' id='block_1_47' title="bbox 491 2625 2064 2700">
    <p class='ocr_par' dir='ltr' id='par_1_47' title="bbox 491 2625 2064 2700">
     <span class='ocr_line' id='line_1_47' title="bbox 491 2625 2064 2700; baseline 0.002 -21"><span class='ocrx_word' id='word_1_339' title='bbox 491 2625 700 2681; x_wconf 89' lang='lat' dir='ltr'><strong>Nomen</strong></span> <span class='ocrx_word' id='word_1_340' title='bbox 737 2633 918 2680; x_wconf 88' lang='lat' dir='ltr'><strong>autem</strong></span> <span class='ocrx_word' id='word_1_341' title='bbox 953 2629 1242 2696; x_wconf 90' lang='lat' dir='ltr'><strong>potestatis</strong></span> <span class='ocrx_word' id='word_1_342' title='bbox 1274 2629 1439 2683; x_wconf 88' lang='lat' dir='ltr'><strong>simul</strong></span> <span class='ocrx_word' id='word_1_343' title='bbox 1481 2637 1767 2700; x_wconf 86' lang='lat' dir='ltr'><strong>acceptum</strong></span> <span class='ocrx_word' id='word_1_344' title='bbox 1799 2644 1923 2683; x_wconf 91' lang='lat' dir='ltr'><strong>cum</strong></span> <span class='ocrx_word' id='word_1_345' title='bbox 1953 2634 2064 2683; x_wconf 64' lang='grc' dir='ltr'>νινε</span> 
     </span>
    </p>
   </div>
   <div class='ocr_carea' id='block_1_48' title="bbox 493 2717 2066 2788">
    <p class='ocr_par' dir='ltr' id='par_1_48' title="bbox 493 2717 2066 2788">
     <span class='ocr_line' id='line_1_48' title="bbox 493 2717 2066 2788; baseline 0.001 -18"><span class='ocrx_word' id='word_1_346' title='bbox 493 2725 609 2772; x_wconf 90' lang='lat' dir='ltr'><strong>tute</strong></span> <span class='ocrx_word' id='word_1_347' title='bbox 645 2717 810 2772; x_wconf 87' lang='lat' dir='ltr'><strong>habet</strong></span> <span class='ocrx_word' id='word_1_348' title='bbox 851 2718 1142 2773; x_wconf 89' lang='lat' dir='ltr'><strong>clariorem</strong></span> <span class='ocrx_word' id='word_1_349' title='bbox 1177 2720 1462 2774; x_wconf 68' lang='lat' dir='ltr'><strong>sententiae</strong></span> <span class='ocrx_word' id='word_1_350' title='bbox 1503 2719 1944 2788; x_wconf 81' lang='lat' dir='ltr'><strong>expressionem;</strong></span> <span class='ocrx_word' id='word_1_351' title='bbox 1987 2719 2066 2772; x_wconf 88' lang='lat' dir='ltr'><strong>sic</strong></span> 
     </span>
    </p>
   </div>
   <div class='ocr_carea' id='block_1_49' title="bbox 495 2804 2068 2878">
    <p class='ocr_par' dir='ltr' id='par_1_49' title="bbox 495 2804 2068 2878">
     <span class='ocr_line' id='line_1_49' title="bbox 495 2804 2068 2878; baseline 0.001 -19"><span class='ocrx_word' id='word_1_352' title='bbox 495 2804 779 2875; x_wconf 91' lang='lat' dir='ltr'><strong>Scriptura</strong></span> <span class='ocrx_word' id='word_1_353' title='bbox 818 2821 912 2876; x_wconf 90' lang='lat' dir='ltr'><strong>per</strong></span> <span class='ocrx_word' id='word_1_354' title='bbox 949 2806 1197 2862; x_wconf 87' lang='lat' dir='ltr'><strong>iteratam</strong></span> <span class='ocrx_word' id='word_1_355' title='bbox 1227 2807 1605 2878; x_wconf 89' lang='lat' dir='ltr'><strong>repetitionem</strong></span> <span class='ocrx_word' id='word_1_356' title='bbox 1631 2809 1917 2863; x_wconf 90' lang='lat' dir='ltr'><strong>verborum</strong></span> <span class='ocrx_word' id='word_1_357' title='bbox 1949 2822 2068 2877; x_wconf 71' lang='lat' dir='ltr'><strong>qua:</strong></span> 
     </span>
    </p>
   </div>
   <div class='ocr_carea' id='block_1_50' title="bbox 493 2897 2066 2968">
    <p class='ocr_par' dir='ltr' id='par_1_50' title="bbox 493 2897 2066 2968">
     <span class='ocr_line' id='line_1_50' title="bbox 493 2897 2066 2968; baseline 0.001 -18"><span class='ocrx_word' id='word_1_358' title='bbox 493 2897 695 2952; x_wconf 88' lang='lat' dir='ltr'><strong>habent</strong></span> <span class='ocrx_word' id='word_1_359' title='bbox 733 2899 980 2953; x_wconf 87' lang='lat' dir='ltr'><strong>eamdem</strong></span> <span class='ocrx_word' id='word_1_360' title='bbox 1014 2899 1144 2967; x_wconf 85' lang='lat' dir='ltr'><strong>vim,</strong></span> <span class='ocrx_word' id='word_1_361' title='bbox 1195 2899 1406 2954; x_wconf 89' lang='lat' dir='ltr'><strong>ﬁrmius</strong></span> <span class='ocrx_word' id='word_1_362' title='bbox 1436 2912 1501 2953; x_wconf 91' lang='lat' dir='ltr'><strong>ac</strong></span> <span class='ocrx_word' id='word_1_363' title='bbox 1528 2899 1780 2954; x_wconf 88' lang='lat' dir='ltr'><strong>stabilius</strong></span> <span class='ocrx_word' id='word_1_364' title='bbox 1827 2899 1881 2953; x_wconf 92' lang='lat' dir='ltr'><strong>id</strong></span> <span class='ocrx_word' id='word_1_365' title='bbox 1921 2899 2066 2968; x_wconf 92' lang='lat' dir='ltr'><strong>quod</strong></span> 
     </span>
    </p>
   </div>
   <div class='ocr_carea' id='block_1_51' title="bbox 495 2991 2064 3060">
    <p class='ocr_par' dir='ltr' id='par_1_51' title="bbox 495 2991 2064 3060">
     <span class='ocr_line' id='line_1_51' title="bbox 495 2991 2064 3060; baseline 0.001 -17"><span class='ocrx_word' id='word_1_366' title='bbox 495 2991 632 3055; x_wconf 85' lang='lat' dir='ltr'><strong>vult,</strong></span> <span class='ocrx_word' id='word_1_367' title='bbox 684 2991 1047 3060; x_wconf 81' lang='lat' dir='ltr'><strong>exprimente,</strong></span> <span class='ocrx_word' id='word_1_368' title='bbox 1095 2999 1155 3046; x_wconf 91' lang='lat' dir='ltr'><strong>ut</strong></span> <span class='ocrx_word' id='word_1_369' title='bbox 1215 2992 1374 3054; x_wconf 88' lang='lat' dir='ltr'><strong>illud,</strong></span> <span class='ocrx_word' id='word_1_370' title='bbox 1418 2991 1678 3045; x_wconf 79' lang='lat' dir='ltr'><strong>Dominus</strong></span> <span class='ocrx_word' id='word_1_371' title='bbox 1727 2993 1891 3045; x_wconf 77' lang='lat' dir='ltr'><strong>uirtus</strong></span> <span class='ocrx_word' id='word_1_372' title='bbox 1929 3008 2064 3057; x_wconf 85' lang='lat' dir='ltr'><strong>mea,</strong></span> 
     </span>
    </p>
   </div>
   <div class='ocr_carea' id='block_1_52' title="bbox 497 3081 2066 3149">
    <p class='ocr_par' dir='ltr' id='par_1_52' title="bbox 497 3081 2066 3149">
     <span class='ocr_line' id='line_1_52' title="bbox 497 3081 2066 3149; baseline 0 -15"><span class='ocrx_word' id='word_1_373' title='bbox 497 3082 753 3136; x_wconf 79' lang='lat' dir='ltr'><strong>Dominus</strong></span> <span class='ocrx_word' id='word_1_374' title='bbox 806 3083 1197 3149; x_wconf 84' lang='lat' dir='ltr'><strong>ﬁrmamentum</strong></span> <span class='ocrx_word' id='word_1_375' title='bbox 1245 3098 1416 3135; x_wconf 87' lang='lat' dir='ltr'><strong>meum</strong></span> <span class='ocrx_word' id='word_1_376' title='bbox 1440 3081 1508 3136; x_wconf 84' lang='grc'><strong>⁷⁸.</strong></span> <span class='ocrx_word' id='word_1_377' title='bbox 1565 3081 1709 3136; x_wconf 86' lang='lat' dir='ltr'><strong>Idem</strong></span> <span class='ocrx_word' id='word_1_378' title='bbox 1761 3082 1906 3136; x_wconf 80' lang='lat' dir='ltr'><strong>enim</strong></span> <span class='ocrx_word' id='word_1_379' title='bbox 1962 3089 2066 3146; x_wconf 78' lang='lat' dir='ltr'><strong>est,</strong></span> 
     </span>
    </p>
   </div>
   <div class='ocr_carea' id='block_1_53' title="bbox 496 3171 2069 3243">
    <p class='ocr_par' dir='ltr' id='par_1_53' title="bbox 496 3171 2069 3243">
     <span class='ocr_line' id='line_1_53' title="bbox 496 3171 2069 3243; baseline 0 -19"><span class='ocrx_word' id='word_1_380' title='bbox 496 3173 637 3240; x_wconf 87' lang='lat' dir='ltr'><strong>quod</strong></span> <span class='ocrx_word' id='word_1_381' title='bbox 670 3188 767 3241; x_wconf 92' lang='lat' dir='ltr'><strong>per</strong></span> <span class='ocrx_word' id='word_1_382' title='bbox 792 3180 1088 3242; x_wconf 89' lang='lat' dir='ltr'><strong>utrumque</strong></span> <span class='ocrx_word' id='word_1_383' title='bbox 1117 3172 1344 3227; x_wconf 90' lang='lat' dir='ltr'><strong>verbum</strong></span> <span class='ocrx_word' id='word_1_384' title='bbox 1382 3172 1747 3243; x_wconf 88' lang='lat' dir='ltr'><strong>signiﬁcatur.</strong></span> <span class='ocrx_word' id='word_1_385' title='bbox 1780 3171 1887 3226; x_wconf 89' lang='lat' dir='ltr'><strong>Sed</strong></span> <span class='ocrx_word' id='word_1_386' title='bbox 1916 3186 2069 3226; x_wconf 87' lang='lat' dir='ltr'><strong>com-</strong></span> 
     </span>
    </p>
   </div>
   <div class='ocr_carea' id='block_1_54' title="bbox 497 3262 2071 3333">
    <p class='ocr_par' dir='ltr' id='par_1_54' title="bbox 497 3262 2071 3333">
     <span class='ocr_line' id='line_1_54' title="bbox 497 3262 2071 3333; baseline 0.001 -17"><span class='ocrx_word' id='word_1_387' title='bbox 497 3263 698 3333; x_wconf 90' lang='lat' dir='ltr'><strong>positio</strong></span> <span class='ocrx_word' id='word_1_388' title='bbox 755 3277 944 3316; x_wconf 86' lang='lat' dir='ltr'><strong>eorum</strong></span> <span class='ocrx_word' id='word_1_389' title='bbox 997 3277 1117 3332; x_wconf 63' lang='lat' dir='ltr'><strong>quae</strong></span> <span class='ocrx_word' id='word_1_390' title='bbox 1170 3277 1355 3332; x_wconf 90' lang='lat' dir='ltr'><strong>parem</strong></span> <span class='ocrx_word' id='word_1_391' title='bbox 1412 3264 1520 3317; x_wconf 86' lang='lat' dir='ltr'><strong>vim</strong></span> <span class='ocrx_word' id='word_1_392' title='bbox 1580 3263 1815 3326; x_wconf 90' lang='lat' dir='ltr'><strong>habent,</strong></span> <span class='ocrx_word' id='word_1_393' title='bbox 1866 3262 2071 3318; x_wconf 89' lang='lat' dir='ltr'><strong>indicat</strong></span> 
     </span>
    </p>
   </div>
   <div class='ocr_carea' id='block_1_55' title="bbox 495 3349 2070 3423">
    <p class='ocr_par' dir='ltr' id='par_1_55' title="bbox 495 3349 2070 3423">
     <span class='ocr_line' id='line_1_55' title="bbox 495 3349 2070 3423; baseline 0.001 -17"><span class='ocrx_word' id='word_1_394' title='bbox 495 3349 864 3406; x_wconf 79' lang='lat' dir='ltr'><strong>intensionefn</strong></span> <span class='ocrx_word' id='word_1_395' title='bbox 912 3351 1033 3421; x_wconf 86' lang='lat' dir='ltr'><strong>ejus</strong></span> <span class='ocrx_word' id='word_1_396' title='bbox 1070 3352 1216 3421; x_wconf 91' lang='lat' dir='ltr'><strong>quod</strong></span> <span class='ocrx_word' id='word_1_397' title='bbox 1255 3351 1618 3422; x_wconf 89' lang='lat' dir='ltr'><strong>signiﬁcatur.</strong></span> <span class='ocrx_word' id='word_1_398' title='bbox 1662 3352 1899 3406; x_wconf 85' lang='lat' dir='ltr'><strong>Pluralis</strong></span> <span class='ocrx_word' id='word_1_399' title='bbox 1939 3367 2070 3423; x_wconf 89' lang='lat' dir='ltr'><strong>ergo</strong></span> 
     </span>
    </p>
   </div>
   <div class='ocr_carea' id='block_1_56' title="bbox 496 3442 2070 3514">
    <p class='ocr_par' dir='ltr' id='par_1_56' title="bbox 496 3442 2070 3514">
     <span class='ocr_line' id='line_1_56' title="bbox 496 3442 2070 3514; baseline 0.003 -19"><span class='ocrx_word' id='word_1_400' title='bbox 496 3444 759 3497; x_wconf 91' lang='lat' dir='ltr'><strong>virtutum</strong></span> <span class='ocrx_word' id='word_1_401' title='bbox 796 3442 1145 3511; x_wconf 83' lang='lat' dir='ltr'><strong>signiﬁcatio,</strong></span> <span class='ocrx_word' id='word_1_402' title='bbox 1191 3449 1247 3496; x_wconf 90' lang='lat' dir='ltr'><strong>et</strong></span> <span class='ocrx_word' id='word_1_403' title='bbox 1282 3442 1448 3496; x_wconf 88' lang='lat' dir='ltr'><strong>simili</strong></span> <span class='ocrx_word' id='word_1_404' title='bbox 1486 3444 1647 3497; x_wconf 89' lang='lat' dir='ltr'><strong>modo</strong></span> <span class='ocrx_word' id='word_1_405' title='bbox 1688 3444 1889 3498; x_wconf 90' lang='lat' dir='ltr'><strong>mentio</strong></span> <span class='ocrx_word' id='word_1_406' title='bbox 1919 3452 2070 3514; x_wconf 88' lang='lat' dir='ltr'><strong>pote-</strong></span> 
     </span>
    </p>
   </div>
   <div class='ocr_carea' id='block_1_57' title="bbox 497 3532 2068 3598">
    <p class='ocr_par' dir='ltr' id='par_1_57' title="bbox 497 3532 2068 3598">
     <span class='ocr_line' id='line_1_57' title="bbox 497 3532 2068 3598; baseline -0.001 -10"><span class='ocrx_word' id='word_1_407' title='bbox 497 3542 723 3598; x_wconf 89' lang='lat' dir='ltr'><strong>statum,</strong></span> <span class='ocrx_word' id='word_1_408' title='bbox 773 3533 990 3587; x_wconf 88' lang='lat' dir='ltr'><strong>videtur</strong></span> <span class='ocrx_word' id='word_1_409' title='bbox 1036 3539 1272 3586; x_wconf 87' lang='lat' dir='ltr'><strong>mentem</strong></span> <span class='ocrx_word' id='word_1_410' title='bbox 1317 3533 1626 3586; x_wconf 91' lang='lat' dir='ltr'><strong>auditorum</strong></span> <span class='ocrx_word' id='word_1_411' title='bbox 1685 3532 1955 3587; x_wconf 85' lang='lat' dir='ltr'><strong>deducere</strong></span> <span class='ocrx_word' id='word_1_412' title='bbox 2002 3533 2068 3586; x_wconf 89' lang='lat' dir='ltr'><strong>ad</strong></span> 
     </span>
    </p>
   </div>
   <div class='ocr_carea' id='block_1_58' title="bbox 497 3620 2071 3695">
    <p class='ocr_par' dir='ltr' id='par_1_58' title="bbox 497 3620 2071 3695">
     <span class='ocr_line' id='line_1_58' title="bbox 497 3620 2071 3695; baseline -0.002 -16"><span class='ocrx_word' id='word_1_413' title='bbox 497 3625 796 3695; x_wconf 85' lang='lat' dir='ltr'><strong>angelicam</strong></span> <span class='ocrx_word' id='word_1_414' title='bbox 844 3631 1119 3676; x_wconf 90' lang='lat' dir='ltr'><strong>naturam.</strong></span> <span class='ocrx_word' id='word_1_415' title='bbox 1179 3620 1300 3688; x_wconf 85' lang='lat' dir='ltr'><strong>Quo</strong></span> <span class='ocrx_word' id='word_1_416' title='bbox 1345 3622 1403 3676; x_wconf 91' lang='lat' dir='ltr'><strong>ﬁt</strong></span> <span class='ocrx_word' id='word_1_417' title='bbox 1442 3630 1502 3676; x_wconf 90' lang='lat' dir='ltr'><strong>ut</strong></span> <span class='ocrx_word' id='word_1_418' title='bbox 1546 3623 1840 3692; x_wconf 87' lang='lat' dir='ltr'><strong>adjuratio,</strong></span> <span class='ocrx_word' id='word_1_419' title='bbox 1886 3639 2006 3694; x_wconf 67' lang='lat' dir='ltr'><strong>quae</strong></span> <span class='ocrx_word' id='word_1_420' title='bbox 2039 3638 2071 3676; x_wconf 93' lang='lat' dir='ltr'><strong>a</strong></span> 
     </span>
    </p>
   </div>
   <div class='ocr_carea' id='block_1_59' title="bbox 497 3713 2071 3787">
    <p class='ocr_par' dir='ltr' id='par_1_59' title="bbox 497 3713 2071 3787">
     <span class='ocr_line' id='line_1_59' title="bbox 497 3713 2071 3787; baseline -0.001 -17"><span class='ocrx_word' id='word_1_421' title='bbox 497 3717 764 3787; x_wconf 88' lang='lat' dir='ltr'><strong>magistro</strong></span> <span class='ocrx_word' id='word_1_422' title='bbox 820 3713 1111 3770; x_wconf 88' lang='lat' dir='ltr'><strong>adhibetur</strong></span> <span class='ocrx_word' id='word_1_423' title='bbox 1155 3714 1444 3770; x_wconf 91' lang='lat' dir='ltr'><strong>animabus</strong></span> <span class='ocrx_word' id='word_1_424' title='bbox 1499 3731 1622 3784; x_wconf 76' lang='lat' dir='ltr'><strong>qua:</strong></span> <span class='ocrx_word' id='word_1_425' title='bbox 1689 3716 1944 3781; x_wconf 87' lang='lat' dir='ltr'><strong>discunt,</strong></span> <span class='ocrx_word' id='word_1_426' title='bbox 2002 3717 2071 3768; x_wconf 89' lang='lat' dir='ltr'><strong>ad</strong></span> 
     </span>
    </p>
   </div>
   <div class='ocr_carea' id='block_1_60' title="bbox 497 3805 2070 3874">
    <p class='ocr_par' dir='ltr' id='par_1_60' title="bbox 497 3805 2070 3874">
     <span class='ocr_line' id='line_1_60' title="bbox 497 3805 2070 3874; baseline -0.001 -14"><span class='ocrx_word' id='word_1_427' title='bbox 497 3805 968 3860; x_wconf 88' lang='lat' dir='ltr'><strong>conlirmationem</strong></span> <span class='ocrx_word' id='word_1_428' title='bbox 1019 3818 1208 3858; x_wconf 91' lang='lat' dir='ltr'><strong>eorum</strong></span> <span class='ocrx_word' id='word_1_429' title='bbox 1253 3819 1375 3873; x_wconf 75' lang='lat' dir='ltr'><strong>qua:</strong></span> <span class='ocrx_word' id='word_1_430' title='bbox 1421 3812 1547 3859; x_wconf 88' lang='lat' dir='ltr'><strong>sunt</strong></span> <span class='ocrx_word' id='word_1_431' title='bbox 1593 3805 1907 3874; x_wconf 88' lang='lat' dir='ltr'><strong>dijudicata,</strong></span> <span class='ocrx_word' id='word_1_432' title='bbox 1962 3820 2070 3860; x_wconf 92' lang='lat' dir='ltr'><strong>non</strong></span> 
     </span>
    </p>
   </div>
   <div class='ocr_carea' id='block_1_61' title="bbox 498 3896 2070 3966">
    <p class='ocr_par' dir='ltr' id='par_1_61' title="bbox 498 3896 2070 3966">
     <span class='ocr_line' id='line_1_61' title="bbox 498 3896 2070 3966; baseline -0.001 -12"><span class='ocrx_word' id='word_1_433' title='bbox 498 3901 569 3954; x_wconf 91' lang='lat' dir='ltr'><strong>sit</strong></span> <span class='ocrx_word' id='word_1_434' title='bbox 588 3899 852 3953; x_wconf 89' lang='lat' dir='ltr'><strong>adversus</strong></span> <span class='ocrx_word' id='word_1_435' title='bbox 875 3898 1018 3951; x_wconf 89' lang='lat' dir='ltr'><strong>hunc</strong></span> <span class='ocrx_word' id='word_1_436' title='bbox 1031 3896 1293 3950; x_wconf 88' lang='lat' dir='ltr'><strong>mundum</strong></span> <span class='ocrx_word' id='word_1_437' title='bbox 1312 3897 1403 3966; x_wconf 91' lang='lat' dir='ltr'><strong>qui</strong></span> <span class='ocrx_word' id='word_1_438' title='bbox 1423 3898 1681 3966; x_wconf 69' lang='lat' dir='ltr'><strong>prmterit,</strong></span> <span class='ocrx_word' id='word_1_439' title='bbox 1698 3896 1790 3952; x_wconf 92' lang='lat' dir='ltr'><strong>sed</strong></span> <span class='ocrx_word' id='word_1_440' title='bbox 1810 3898 2070 3952; x_wconf 91' lang='lat' dir='ltr'><strong>adversus</strong></span> 
     </span>
    </p>
   </div>
   <div class='ocr_carea' id='block_1_62' title="bbox 498 3985 2070 4058">
    <p class='ocr_par' dir='ltr' id='par_1_62' title="bbox 498 3985 2070 4058">
     <span class='ocr_line' id='line_1_62' title="bbox 498 3985 2070 4058; baseline -0.002 -15"><span class='ocrx_word' id='word_1_441' title='bbox 498 4003 713 4058; x_wconf 79' lang='lat' dir='ltr'><strong>semper</strong></span> <span class='ocrx_word' id='word_1_442' title='bbox 740 3994 1146 4056; x_wconf 86' lang='lat' dir='ltr'><strong>permanentem</strong></span> <span class='ocrx_word' id='word_1_443' title='bbox 1179 3986 1494 4056; x_wconf 88' lang='lat' dir='ltr'><strong>angelorum</strong></span> <span class='ocrx_word' id='word_1_444' title='bbox 1529 3994 1801 4051; x_wconf 89' lang='lat' dir='ltr'><strong>naturam,</strong></span> <span class='ocrx_word' id='word_1_445' title='bbox 1842 3985 1910 4039; x_wconf 91' lang='lat' dir='ltr'><strong>ad</strong></span> <span class='ocrx_word' id='word_1_446' title='bbox 1935 4001 2070 4055; x_wconf 93' lang='lat' dir='ltr'><strong>quos</strong></span> 
     </span>
    </p>
   </div>
   <div class='ocr_carea' id='block_1_63' title="bbox 493 4076 2071 4148">
    <p class='ocr_par' dir='ltr' id='par_1_63' title="bbox 493 4076 2071 4148">
     <span class='ocr_line' id='line_1_63' title="bbox 493 4076 2071 4148; baseline -0.005 -11"><span class='ocrx_word' id='word_1_447' title='bbox 493 4080 719 4146; x_wconf 90' lang='lat' dir='ltr'><strong>jubetur</strong></span> <span class='ocrx_word' id='word_1_448' title='bbox 765 4081 1031 4148; x_wconf 90' lang='lat' dir='ltr'><strong>aspicere,</strong></span> <span class='ocrx_word' id='word_1_449' title='bbox 1076 4087 1136 4133; x_wconf 93' lang='lat' dir='ltr'><strong>ut</strong></span> <span class='ocrx_word' id='word_1_450' title='bbox 1180 4077 1465 4133; x_wconf 90' lang='lat' dir='ltr'><strong>conﬁrmet</strong></span> <span class='ocrx_word' id='word_1_451' title='bbox 1511 4077 1760 4145; x_wconf 80' lang='lat' dir='ltr'><strong>exemplo</strong></span> <span class='ocrx_word' id='word_1_452' title='bbox 1803 4076 2071 4132; x_wconf 88' lang='lat' dir='ltr'><strong>stabilita-</strong></span> 
     </span>
    </p>
   </div>
   <div class='ocr_carea' id='block_1_64' title="bbox 2167 1632 3685 1704">
    <p class='ocr_par' dir='ltr' id='par_1_64' title="bbox 2167 1632 3685 1704">
     <span class='ocr_line' id='line_1_64' title="bbox 2167 1632 3685 1704; baseline 0.001 -18"><span class='ocrx_word' id='word_1_453' title='bbox 2167 1635 2284 1696; x_wconf 88' lang='grc' dir='ltr'>σίας</span> <span class='ocrx_word' id='word_1_454' title='bbox 2309 1634 2406 1703; x_wconf 82' lang='grc' dir='ltr'>τῆς</span> <span class='ocrx_word' id='word_1_455' title='bbox 2443 1635 2582 1686; x_wconf 78' lang='grc' dir='ltr'><strong>κατά</strong></span> <span class='ocrx_word' id='word_1_456' title='bbox 2615 1632 2710 1704; x_wconf 85' lang='grc' dir='ltr'>τὴν</span> <span class='ocrx_word' id='word_1_457' title='bbox 2741 1633 2986 1703; x_wconf 88' lang='grc' dir='ltr'>δύναμιν,</span> <span class='ocrx_word' id='word_1_458' title='bbox 3022 1632 3138 1685; x_wconf 80' lang='grc' dir='ltr'>ἔστι</span> <span class='ocrx_word' id='word_1_459' title='bbox 3166 1632 3287 1685; x_wconf 83' lang='grc' dir='ltr'>τινὰ</span> <span class='ocrx_word' id='word_1_460' title='bbox 3315 1634 3588 1702; x_wconf 80' lang='grc' dir='ltr'>στοχασμὸν</span> <span class='ocrx_word' id='word_1_461' title='bbox 3611 1635 3685 1687; x_wconf 86' lang='grc' dir='ltr'><strong>εὑ-</strong></span> 
     </span>
    </p>
   </div>
   <div class='ocr_carea' id='block_1_65' title="bbox 2167 1720 3682 1795">
    <p class='ocr_par' dir='ltr' id='par_1_65' title="bbox 2167 1720 3682 1795">
     <span class='ocr_line' id='line_1_65' title="bbox 2167 1720 3682 1795; baseline -0.003 -19"><span class='ocrx_word' id='word_1_462' title='bbox 2167 1728 2278 1795; x_wconf 91' lang='grc' dir='ltr'>ρεῖν</span> <span class='ocrx_word' id='word_1_463' title='bbox 2313 1723 2405 1776; x_wconf 80' lang='grc' dir='ltr'>τοῦ</span> <span class='ocrx_word' id='word_1_464' title='bbox 2438 1725 2746 1794; x_wconf 87' lang='grc' dir='ltr'>νοήματος;</span> <span class='ocrx_word' id='word_1_465' title='bbox 2778 1722 3044 1792; x_wconf 87' lang='grc' dir='ltr'>Τοιαύτην</span> <span class='ocrx_word' id='word_1_466' title='bbox 3078 1721 3189 1792; x_wconf 84' lang='grc' dir='ltr'><strong>γὰρ</strong></span> <span class='ocrx_word' id='word_1_467' title='bbox 3216 1720 3452 1792; x_wconf 74' lang='grc' dir='ltr'>ἔγνωμεν</span> <span class='ocrx_word' id='word_1_468' title='bbox 3477 1721 3610 1790; x_wconf 86' lang='grc' dir='ltr'><strong>παρά</strong></span> <span class='ocrx_word' id='word_1_469' title='bbox 3630 1724 3682 1790; x_wconf 78' lang='grc' dir='ltr'><strong>τῇ</strong></span> 
     </span>
    </p>
   </div>
   <div class='ocr_carea' id='block_1_66' title="bbox 2163 1810 3674 1885">
    <p class='ocr_par' dir='ltr' id='par_1_66' title="bbox 2163 1810 3674 1885">
     <span class='ocr_line' id='line_1_66' title="bbox 2163 1810 3674 1885; baseline -0.001 -18"><span class='ocrx_word' id='word_1_470' title='bbox 2163 1815 2296 1885; x_wconf 79' lang='grc' dir='ltr'>ἀγίᾳ</span> <span class='ocrx_word' id='word_1_471' title='bbox 2343 1814 2526 1885; x_wconf 80' lang='grc' dir='ltr'>Γραφῇ</span> <span class='ocrx_word' id='word_1_472' title='bbox 2555 1813 2814 1882; x_wconf 78' lang='grc' dir='ltr'>διαφορὰν</span> <span class='ocrx_word' id='word_1_473' title='bbox 2846 1814 2938 1866; x_wconf 75' lang='grc' dir='ltr'><strong>ἐπὶ</strong></span> <span class='ocrx_word' id='word_1_474' title='bbox 2969 1812 3076 1865; x_wconf 86' lang='grc' dir='ltr'><strong>τῶν</strong></span> <span class='ocrx_word' id='word_1_475' title='bbox 3111 1810 3363 1865; x_wconf 80' lang='grc' dir='ltr'>τοιούτων</span> <span class='ocrx_word' id='word_1_476' title='bbox 3401 1811 3674 1880; x_wconf 83' lang='grc' dir='ltr'>ὀνομάτων·</span> 
     </span>
    </p>
   </div>
   <div class='ocr_carea' id='block_1_67' title="bbox 2163 1901 3684 1977">
    <p class='ocr_par' dir='ltr' id='par_1_67' title="bbox 2163 1901 3684 1977">
     <span class='ocr_line' id='line_1_67' title="bbox 2163 1901 3684 1977; baseline -0.004 -19"><span class='ocrx_word' id='word_1_477' title='bbox 2163 1907 2290 1958; x_wconf 84' lang='grc' dir='ltr'>ὅταν</span> <span class='ocrx_word' id='word_1_478' title='bbox 2322 1905 2418 1976; x_wconf 83' lang='grc' dir='ltr'>μὲν</span> <span class='ocrx_word' id='word_1_479' title='bbox 2446 1903 2744 1975; x_wconf 78' lang='grc' dir='ltr'>μοναδικῶς</span> <span class='ocrx_word' id='word_1_480' title='bbox 2767 1905 2800 1974; x_wconf 83' lang='grc' dir='ltr'><strong>ἡ</strong></span> <span class='ocrx_word' id='word_1_481' title='bbox 2827 1903 3053 1974; x_wconf 87' lang='grc' dir='ltr'>δύναμις</span> <span class='ocrx_word' id='word_1_482' title='bbox 3067 1903 3312 1977; x_wconf 78' lang='grc' dir='ltr'>λέγηται,</span> <span class='ocrx_word' id='word_1_483' title='bbox 3331 1903 3456 1966; x_wconf 79' lang='grc' dir='ltr'>ποὺς</span> <span class='ocrx_word' id='word_1_484' title='bbox 3483 1903 3538 1955; x_wconf 78' lang='grc' dir='ltr'><strong>τὺ</strong></span> <span class='ocrx_word' id='word_1_485' title='bbox 3554 1901 3684 1955; x_wconf 88' lang='grc' dir='ltr'>Θεῖον</span> 
     </span>
    </p>
   </div>
   <div class='ocr_carea' id='block_1_68' title="bbox 2164 1994 3686 2067">
    <p class='ocr_par' dir='ltr' id='par_1_68' title="bbox 2164 1994 3686 2067">
     <span class='ocr_line' id='line_1_68' title="bbox 2164 1994 3686 2067; baseline -0.004 -17"><span class='ocrx_word' id='word_1_486' title='bbox 2164 1997 2540 2067; x_wconf 82' lang='grc' dir='ltr'>ἀναπέμπεται</span> <span class='ocrx_word' id='word_1_487' title='bbox 2569 1995 2656 2048; x_wconf 80' lang='grc' dir='ltr'><strong>διὰ</strong></span> <span class='ocrx_word' id='word_1_488' title='bbox 2681 1996 2778 2066; x_wconf 83' lang='grc' dir='ltr'>τῆς</span> <span class='ocrx_word' id='word_1_489' title='bbox 2805 1995 3054 2061; x_wconf 75' lang='grc' dir='ltr'>τοιαύτης</span> <span class='ocrx_word' id='word_1_490' title='bbox 3082 1995 3317 2065; x_wconf 84' lang='grc' dir='ltr'>φωνῆςή</span> <span class='ocrx_word' id='word_1_491' title='bbox 3341 1994 3556 2048; x_wconf 83' lang='grc' dir='ltr'>διάνοια·</span> <span class='ocrx_word' id='word_1_492' title='bbox 3583 1994 3686 2047; x_wconf 82' lang='grc' dir='ltr'>ὅταν</span> 
     </span>
    </p>
   </div>
   <div class='ocr_carea' id='block_1_69' title="bbox 2162 2080 3686 2155">
    <p class='ocr_par' dir='ltr' id='par_1_69' title="bbox 2162 2080 3686 2155">
     <span class='ocr_line' id='line_1_69' title="bbox 2162 2080 3686 2155; baseline -0.004 -17"><span class='ocrx_word' id='word_1_493' title='bbox 2162 2086 2218 2139; x_wconf 83' lang='grc' dir='ltr'>δὲ</span> <span class='ocrx_word' id='word_1_494' title='bbox 2252 2085 2340 2139; x_wconf 81' lang='grc' dir='ltr'><strong>διὰ</strong></span> <span class='ocrx_word' id='word_1_495' title='bbox 2381 2085 2476 2139; x_wconf 81' lang='grc' dir='ltr'>τοῦ</span> <span class='ocrx_word' id='word_1_496' title='bbox 2530 2084 2891 2154; x_wconf 86' lang='grc' dir='ltr'>πληθυντικοῦ</span> <span class='ocrx_word' id='word_1_497' title='bbox 2927 2085 3206 2155; x_wconf 87' lang='grc' dir='ltr'>σχήματος</span> <span class='ocrx_word' id='word_1_498' title='bbox 3247 2081 3552 2150; x_wconf 78' lang='grc' dir='ltr'>ἐκφωνῆται,</span> <span class='ocrx_word' id='word_1_499' title='bbox 3609 2080 3686 2150; x_wconf 85' lang='grc' dir='ltr'>τὴν</span> 
     </span>
    </p>
   </div>
   <div class='ocr_carea' id='block_1_70' title="bbox 2164 2168 3687 2246">
    <p class='ocr_par' dir='ltr' id='par_1_70' title="bbox 2164 2168 3687 2246">
     <span class='ocr_line' id='line_1_70' title="bbox 2164 2168 3687 2246; baseline -0.005 -16"><span class='ocrx_word' id='word_1_500' title='bbox 2164 2177 2457 2246; x_wconf 80' lang='grc' dir='ltr'>ἀγγελικὴν</span> <span class='ocrx_word' id='word_1_501' title='bbox 2478 2176 2637 2245; x_wconf 87' lang='grc' dir='ltr'>φύσιν</span> <span class='ocrx_word' id='word_1_502' title='bbox 2659 2175 2735 2245; x_wconf 84' lang='grc' dir='ltr'>τῷ</span> <span class='ocrx_word' id='word_1_503' title='bbox 2751 2175 2891 2246; x_wconf 82' lang='grc' dir='ltr'>λόγῳ</span> <span class='ocrx_word' id='word_1_504' title='bbox 2913 2175 3241 2246; x_wconf 82' lang='grc' dir='ltr'>παρίστησιν</span> <span class='ocrx_word' id='word_1_505' title='bbox 3268 2192 3280 2205; x_wconf 78' lang='grc' dir='ltr'><strong>ο</strong></span> <span class='ocrx_word' id='word_1_506' title='bbox 3300 2168 3430 2238; x_wconf 73' lang='grc' dir='ltr'>οἷον,</span> <span class='ocrx_word' id='word_1_507' title='bbox 3454 2171 3687 2240; x_wconf 84' lang='grc' dir='ltr'>Χριστὸς,</span> 
     </span>
    </p>
   </div>
   <div class='ocr_carea' id='block_1_71' title="bbox 2167 2259 3689 2332">
    <p class='ocr_par' dir='ltr' id='par_1_71' title="bbox 2167 2259 3689 2332">
     <span class='ocr_line' id='line_1_71' title="bbox 2167 2259 3689 2332; baseline -0.003 -17"><span class='ocrx_word' id='word_1_508' title='bbox 2167 2261 2312 2316; x_wconf 86' lang='grc' dir='ltr'>Θεοῦ</span> <span class='ocrx_word' id='word_1_509' title='bbox 2345 2260 2597 2330; x_wconf 79' lang='grc' dir='ltr'>δύναμις</span> <span class='ocrx_word' id='word_1_510' title='bbox 2631 2261 2729 2314; x_wconf 77' lang='grc' dir='ltr'><strong>καί</strong></span> <span class='ocrx_word' id='word_1_511' title='bbox 2778 2263 2982 2330; x_wconf 68' lang='grc' dir='ltr'>σοφία,</span> <span class='ocrx_word' id='word_1_512' title='bbox 3013 2261 3249 2315; x_wconf 77' lang='grc' dir='ltr'>ἐνταῦθα</span> <span class='ocrx_word' id='word_1_513' title='bbox 3279 2262 3352 2332; x_wconf 82' lang='grc' dir='ltr'><strong>τῷ</strong></span> <span class='ocrx_word' id='word_1_514' title='bbox 3383 2259 3624 2331; x_wconf 75' lang='grc' dir='ltr'>μοναδικῷ</span> <span class='ocrx_word' id='word_1_515' title='bbox 3640 2259 3689 2311; x_wconf 80' lang='grc' dir='ltr'>τὸ</span> 
     </span>
    </p>
   </div>
   <div class='ocr_carea' id='block_1_72' title="bbox 2164 2349 3693 2422">
    <p class='ocr_par' dir='ltr' id='par_1_72' title="bbox 2164 2349 3693 2422">
     <span class='ocr_line' id='line_1_72' title="bbox 2164 2349 3693 2422; baseline -0.004 -17"><span class='ocrx_word' id='word_1_516' title='bbox 2164 2353 2317 2406; x_wconf 85' lang='grc' dir='ltr'>Θεῖον</span> <span class='ocrx_word' id='word_1_517' title='bbox 2342 2351 2653 2422; x_wconf 78' lang='grc' dir='ltr'>ἐγνώρισεν.</span> <span class='ocrx_word' id='word_1_518' title='bbox 2683 2351 2998 2421; x_wconf 75' lang='grc' dir='ltr'>Εὐλογεῖτε</span> <span class='ocrx_word' id='word_1_519' title='bbox 3027 2351 3138 2404; x_wconf 76' lang='grc' dir='ltr'><strong>τὸν</strong></span> <span class='ocrx_word' id='word_1_520' title='bbox 3171 2352 3386 2419; x_wconf 83' lang='grc' dir='ltr'>Κύριον</span> <span class='ocrx_word' id='word_1_521' title='bbox 3407 2393 3422 2416; x_wconf 87' lang='grc'><strong>,</strong></span> <span class='ocrx_word' id='word_1_522' title='bbox 3449 2349 3615 2404; x_wconf 79' lang='grc' dir='ltr'>,πᾶσαι</span> <span class='ocrx_word' id='word_1_523' title='bbox 3642 2349 3693 2399; x_wconf 76' lang='lat' dir='ltr'><strong>ai</strong></span> 
     </span>
    </p>
   </div>
   <div class='ocr_carea' id='block_1_73' title="bbox 2164 2441 3692 2515">
    <p class='ocr_par' dir='ltr' id='par_1_73' title="bbox 2164 2441 3692 2515">
     <span class='ocr_line' id='line_1_73' title="bbox 2164 2441 3692 2515; baseline -0.004 -16"><span class='ocrx_word' id='word_1_524' title='bbox 2164 2446 2443 2515; x_wconf 76' lang='grc' dir='ltr'>δυνάμεις</span> <span class='ocrx_word' id='word_1_525' title='bbox 2489 2445 2696 2499; x_wconf 82' lang='grc' dir='ltr'>αὐτοῦ.</span> <span class='ocrx_word' id='word_1_526' title='bbox 2750 2441 2879 2500; x_wconf 81' lang='grc' dir='ltr'>’Ὧδε</span> <span class='ocrx_word' id='word_1_527' title='bbox 2923 2446 2985 2497; x_wconf 85' lang='grc' dir='ltr'>τὸ</span> <span class='ocrx_word' id='word_1_528' title='bbox 3029 2445 3386 2515; x_wconf 80' lang='grc' dir='ltr'>πληθυντικὸν</span> <span class='ocrx_word' id='word_1_529' title='bbox 3430 2445 3529 2497; x_wconf 82' lang='grc' dir='ltr'><strong>τῶν</strong></span> <span class='ocrx_word' id='word_1_530' title='bbox 3562 2442 3692 2495; x_wconf 70' lang='grc' dir='ltr'>δυνάο</span> 
     </span>
    </p>
   </div>
   <div class='ocr_carea' id='block_1_74' title="bbox 2169 2528 3692 2607">
    <p class='ocr_par' dir='ltr' id='par_1_74' title="bbox 2169 2528 3692 2607">
     <span class='ocr_line' id='line_1_74' title="bbox 2169 2528 3692 2607; baseline -0.007 -18"><span class='ocrx_word' id='word_1_531' title='bbox 2169 2554 2312 2607; x_wconf 87' lang='grc' dir='ltr'>μεων</span> <span class='ocrx_word' id='word_1_532' title='bbox 2338 2536 2436 2605; x_wconf 83' lang='grc' dir='ltr'>τῆς</span> <span class='ocrx_word' id='word_1_533' title='bbox 2462 2535 2656 2604; x_wconf 84' lang='grc' dir='ltr'>νοητῆς</span> <span class='ocrx_word' id='word_1_534' title='bbox 2688 2534 2796 2588; x_wconf 84' lang='grc' dir='ltr'><strong>τῶν</strong></span> <span class='ocrx_word' id='word_1_535' title='bbox 2826 2534 3070 2603; x_wconf 82' lang='grc' dir='ltr'>ἀγγέλων</span> <span class='ocrx_word' id='word_1_536' title='bbox 3101 2534 3313 2604; x_wconf 83' lang='grc' dir='ltr'>φύσεως</span> <span class='ocrx_word' id='word_1_537' title='bbox 3336 2534 3431 2604; x_wconf 80' lang='grc' dir='ltr'>τὴν</span> <span class='ocrx_word' id='word_1_538' title='bbox 3460 2528 3692 2602; x_wconf 83' lang='grc' dir='ltr'>σημασίαν</span> 
     </span>
    </p>
   </div>
   <div class='ocr_carea' id='block_1_75' title="bbox 2167 2620 3693 2697">
    <p class='ocr_par' dir='ltr' id='par_1_75' title="bbox 2167 2620 3693 2697">
     <span class='ocr_line' id='line_1_75' title="bbox 2167 2620 3693 2697; baseline -0.005 -18"><span class='ocrx_word' id='word_1_539' title='bbox 2167 2629 2520 2682; x_wconf 77' lang='grc' dir='ltr'>ἐνδείκνυται.</span> <span class='ocrx_word' id='word_1_540' title='bbox 2553 2626 2627 2680; x_wconf 83' lang='grc' dir='ltr'>Τὸ</span> <span class='ocrx_word' id='word_1_541' title='bbox 2655 2626 2712 2679; x_wconf 85' lang='grc' dir='ltr'>δὲ</span> <span class='ocrx_word' id='word_1_542' title='bbox 2736 2628 2835 2696; x_wconf 84' lang='grc' dir='ltr'>τῆς</span> <span class='ocrx_word' id='word_1_543' title='bbox 2866 2626 3046 2696; x_wconf 73' lang='grc' dir='ltr'>ἰσχύος</span> <span class='ocrx_word' id='word_1_544' title='bbox 3075 2627 3248 2697; x_wconf 68' lang='grc' dir='ltr'>ὄνομα</span> <span class='ocrx_word' id='word_1_545' title='bbox 3278 2620 3693 2694; x_wconf 79' lang='grc' dir='ltr'>συμπαραληφθὲν</span> 
     </span>
    </p>
   </div>
   <div class='ocr_carea' id='block_1_76' title="bbox 2171 2713 3695 2789">
    <p class='ocr_par' dir='ltr' id='par_1_76' title="bbox 2171 2713 3695 2789">
     <span class='ocr_line' id='line_1_76' title="bbox 2171 2713 3695 2789; baseline -0.006 -17"><span class='ocrx_word' id='word_1_546' title='bbox 2171 2719 2306 2789; x_wconf 83' lang='grc' dir='ltr'><strong>μετά</strong></span> <span class='ocrx_word' id='word_1_547' title='bbox 2332 2718 2428 2787; x_wconf 81' lang='grc' dir='ltr'>τῆς</span> <span class='ocrx_word' id='word_1_548' title='bbox 2455 2718 2733 2787; x_wconf 85' lang='grc' dir='ltr'>δυνάμεως</span> <span class='ocrx_word' id='word_1_549' title='bbox 2754 2757 2768 2782; x_wconf 94' lang='grc'><strong>,</strong></span> <span class='ocrx_word' id='word_1_550' title='bbox 2800 2717 3046 2770; x_wconf 80' lang='grc' dir='ltr'>ἐπίτασιν</span> <span class='ocrx_word' id='word_1_551' title='bbox 3078 2717 3182 2786; x_wconf 79' lang='grc' dir='ltr'>τῆς</span> <span class='ocrx_word' id='word_1_552' title='bbox 3220 2715 3311 2769; x_wconf 74' lang='grc' dir='ltr'>τοῦ</span> <span class='ocrx_word' id='word_1_553' title='bbox 3347 2716 3592 2785; x_wconf 82' lang='grc' dir='ltr'>νοήματος</span> <span class='ocrx_word' id='word_1_554' title='bbox 3615 2713 3695 2780; x_wconf 76' lang='grc' dir='ltr'><strong>ἐμ-</strong></span> 
     </span>
    </p>
   </div>
   <div class='ocr_carea' id='block_1_77' title="bbox 2170 2805 3696 2880">
    <p class='ocr_par' dir='ltr' id='par_1_77' title="bbox 2170 2805 3696 2880">
     <span class='ocr_line' id='line_1_77' title="bbox 2170 2805 3696 2880; baseline -0.005 -17"><span class='ocrx_word' id='word_1_555' title='bbox 2170 2811 2384 2878; x_wconf 83' lang='grc' dir='ltr'>φάσεως</span> <span class='ocrx_word' id='word_1_556' title='bbox 2417 2810 2526 2880; x_wconf 78' lang='grc' dir='ltr'>ἔχει</span> <span class='ocrx_word' id='word_1_557' title='bbox 2545 2828 2558 2840; x_wconf 80' lang='grc' dir='ltr'>ο</span> <span class='ocrx_word' id='word_1_558' title='bbox 2590 2810 2730 2862; x_wconf 76' lang='grc' dir='ltr'>οὕτω</span> <span class='ocrx_word' id='word_1_559' title='bbox 2757 2811 2852 2878; x_wconf 76' lang='grc' dir='ltr'>τῆς</span> <span class='ocrx_word' id='word_1_560' title='bbox 2882 2809 3104 2878; x_wconf 85' lang='grc' dir='ltr'>Γραφῆς</span> <span class='ocrx_word' id='word_1_561' title='bbox 3136 2808 3224 2861; x_wconf 80' lang='grc' dir='ltr'><strong>διὰ</strong></span> <span class='ocrx_word' id='word_1_562' title='bbox 3243 2809 3339 2878; x_wconf 83' lang='grc' dir='ltr'>τῆς</span> <span class='ocrx_word' id='word_1_563' title='bbox 3359 2805 3696 2875; x_wconf 67' lang='grc' dir='ltr'>ἐπαναλήψεως</span> 
     </span>
    </p>
   </div>
   <div class='ocr_carea' id='block_1_78' title="bbox 2170 2892 3696 2972">
    <p class='ocr_par' dir='ltr' id='par_1_78' title="bbox 2170 2892 3696 2972">
     <span class='ocr_line' id='line_1_78' title="bbox 2170 2892 3696 2972; baseline -0.009 -15"><span class='ocrx_word' id='word_1_564' title='bbox 2170 2900 2771 2972; x_wconf 25' lang='grc' dir='ltr'>τῶνιίσοδυναμούντων</span> <span class='ocrx_word' id='word_1_565' title='bbox 2790 2901 3047 2971; x_wconf 81' lang='grc' dir='ltr'>ῥημάτων</span> <span class='ocrx_word' id='word_1_566' title='bbox 3080 2899 3420 2969; x_wconf 87' lang='grc' dir='ltr'>βεϐαιότερον</span> <span class='ocrx_word' id='word_1_567' title='bbox 3443 2892 3696 2966; x_wconf 74' lang='grc' dir='ltr'>ὲμφαινού·</span> 
     </span>
    </p>
   </div>
   <div class='ocr_carea' id='block_1_79' title="bbox 2171 2981 3696 3064">
    <p class='ocr_par' dir='ltr' id='par_1_79' title="bbox 2171 2981 3696 3064">
     <span class='ocr_line' id='line_1_79' title="bbox 2171 2981 3696 3064; baseline -0.004 -20"><span class='ocrx_word' id='word_1_568' title='bbox 2171 3009 2270 3064; x_wconf 87' lang='grc' dir='ltr'><strong>σης</strong></span> <span class='ocrx_word' id='word_1_569' title='bbox 2300 2993 2328 3045; x_wconf 82' lang='grc' dir='ltr'><strong>ὃ</strong></span> <span class='ocrx_word' id='word_1_570' title='bbox 2367 2991 2645 3061; x_wconf 88' lang='grc' dir='ltr'>βούλεται·</span> <span class='ocrx_word' id='word_1_571' title='bbox 2695 2991 2769 3052; x_wconf 84' lang='grc' dir='ltr'>ὡς</span> <span class='ocrx_word' id='word_1_572' title='bbox 2807 2990 2885 3055; x_wconf 85' lang='grc' dir='ltr'>τὸ,</span> <span class='ocrx_word' id='word_1_573' title='bbox 2944 2990 3145 3056; x_wconf 84' lang='grc' dir='ltr'>Κύριε,</span> <span class='ocrx_word' id='word_1_574' title='bbox 3182 2990 3221 3056; x_wconf 75' lang='grc' dir='ltr'><strong>’ἡ</strong></span> <span class='ocrx_word' id='word_1_575' title='bbox 3255 2989 3426 3057; x_wconf 77' lang='grc' dir='ltr'>ἰσχύς</span> <span class='ocrx_word' id='word_1_576' title='bbox 3467 3003 3575 3055; x_wconf 79' lang='grc' dir='ltr'>μου</span> <span class='ocrx_word' id='word_1_577' title='bbox 3617 2981 3696 3034; x_wconf 76' lang='grc' dir='ltr'>καὶ</span> 
     </span>
    </p>
   </div>
   <div class='ocr_carea' id='block_1_80' title="bbox 2169 3073 3696 3152">
    <p class='ocr_par' dir='ltr' id='par_1_80' title="bbox 2169 3073 3696 3152">
     <span class='ocr_line' id='line_1_80' title="bbox 2169 3073 3696 3152; baseline -0.01 -15"><span class='ocrx_word' id='word_1_578' title='bbox 2169 3081 2470 3152; x_wconf 83' lang='grc' dir='ltr'>στερέωμά</span> <span class='ocrx_word' id='word_1_579' title='bbox 2494 3099 2635 3150; x_wconf 82' lang='grc' dir='ltr'>μου.</span> <span class='ocrx_word' id='word_1_580' title='bbox 2671 3079 2878 3133; x_wconf 82' lang='grc' dir='ltr'>Ταύτὺν</span> <span class='ocrx_word' id='word_1_581' title='bbox 2904 3079 3012 3150; x_wconf 91' lang='grc' dir='ltr'><strong>γάρ</strong></span> <span class='ocrx_word' id='word_1_582' title='bbox 3045 3080 3307 3148; x_wconf 78' lang='grc' dir='ltr'>ἑκάτερον</span> <span class='ocrx_word' id='word_1_583' title='bbox 3345 3076 3447 3130; x_wconf 84' lang='grc' dir='ltr'><strong>τῶν</strong></span> <span class='ocrx_word' id='word_1_584' title='bbox 3476 3073 3696 3146; x_wconf 79' lang='grc' dir='ltr'>ῥημάτων</span> 
     </span>
    </p>
   </div>
   <div class='ocr_carea' id='block_1_81' title="bbox 2167 3167 3698 3244">
    <p class='ocr_par' dir='ltr' id='par_1_81' title="bbox 2167 3167 3698 3244">
     <span class='ocr_line' id='line_1_81' title="bbox 2167 3167 3698 3244; baseline -0.008 -17"><span class='ocrx_word' id='word_1_585' title='bbox 2167 3175 2229 3227; x_wconf 83' lang='grc' dir='ltr'><strong>τὸ</strong></span> <span class='ocrx_word' id='word_1_586' title='bbox 2271 3173 2666 3244; x_wconf 83' lang='grc' dir='ltr'>σημαινόμενον</span> <span class='ocrx_word' id='word_1_587' title='bbox 2688 3190 2701 3203; x_wconf 90' lang='grc'><strong>·</strong></span> <span class='ocrx_word' id='word_1_588' title='bbox 2749 3170 2862 3224; x_wconf 88' lang='grc' dir='ltr'>ἀλλ’</span> <span class='ocrx_word' id='word_1_589' title='bbox 2896 3172 2933 3240; x_wconf 86' lang='grc' dir='ltr'><strong>ή</strong></span> <span class='ocrx_word' id='word_1_590' title='bbox 2966 3170 3074 3223; x_wconf 85' lang='grc' dir='ltr'><strong>τῶν</strong></span> <span class='ocrx_word' id='word_1_591' title='bbox 3114 3167 3558 3239; x_wconf 82' lang='grc' dir='ltr'>ἰσοδυναμούντων</span> <span class='ocrx_word' id='word_1_592' title='bbox 3595 3179 3698 3215; x_wconf 84' lang='grc' dir='ltr'>συν·</span> 
     </span>
    </p>
   </div>
   <div class='ocr_carea' id='block_1_82' title="bbox 2171 3254 3697 3336">
    <p class='ocr_par' dir='ltr' id='par_1_82' title="bbox 2171 3254 3697 3336">
     <span class='ocr_line' id='line_1_82' title="bbox 2171 3254 3697 3336; baseline -0.01 -19"><span class='ocrx_word' id='word_1_593' title='bbox 2171 3264 2309 3336; x_wconf 84' lang='grc' dir='ltr'>θήκη</span> <span class='ocrx_word' id='word_1_594' title='bbox 2342 3263 2563 3328; x_wconf 79' lang='grc' dir='ltr'>ἔνδειξιν</span> <span class='ocrx_word' id='word_1_595' title='bbox 2611 3261 2842 3314; x_wconf 85' lang='grc' dir='ltr'>ποιεῖται</span> <span class='ocrx_word' id='word_1_596' title='bbox 2895 3261 2994 3331; x_wconf 84' lang='grc' dir='ltr'>τῆς</span> <span class='ocrx_word' id='word_1_597' title='bbox 3048 3261 3193 3314; x_wconf 85' lang='grc' dir='ltr'><strong>κατά</strong></span> <span class='ocrx_word' id='word_1_598' title='bbox 3234 3261 3295 3312; x_wconf 84' lang='grc' dir='ltr'>τὸ</span> <span class='ocrx_word' id='word_1_599' title='bbox 3349 3254 3697 3328; x_wconf 85' lang='grc' dir='ltr'>σημαινόμενον</span> 
     </span>
    </p>
   </div>
   <div class='ocr_carea' id='block_1_83' title="bbox 2169 3344 3696 3421">
    <p class='ocr_par' dir='ltr' id='par_1_83' title="bbox 2169 3344 3696 3421">
     <span class='ocr_line' id='line_1_83' title="bbox 2169 3344 3696 3421; baseline -0.007 -13"><span class='ocrx_word' id='word_1_600' title='bbox 2169 3355 2488 3414; x_wconf 81' lang='grc' dir='ltr'>ὲπιτάσεως.</span> <span class='ocrx_word' id='word_1_601' title='bbox 2529 3354 2592 3405; x_wconf 86' lang='grc' dir='ltr'>Ἡ</span> <span class='ocrx_word' id='word_1_602' title='bbox 2619 3355 2797 3405; x_wconf 83' lang='grc' dir='ltr'>τοίνυν</span> <span class='ocrx_word' id='word_1_603' title='bbox 2828 3350 2936 3404; x_wconf 81' lang='grc' dir='ltr'><strong>τῶν</strong></span> <span class='ocrx_word' id='word_1_604' title='bbox 2965 3350 3249 3421; x_wconf 89' lang='grc' dir='ltr'>δυνάμεων</span> <span class='ocrx_word' id='word_1_605' title='bbox 3275 3344 3590 3418; x_wconf 77' lang='grc' dir='ltr'>πληθυντικὴ</span> <span class='ocrx_word' id='word_1_606' title='bbox 3619 3359 3696 3410; x_wconf 85' lang='grc' dir='ltr'>ση-</span> 
     </span>
    </p>
   </div>
   <div class='ocr_carea' id='block_1_84' title="bbox 2173 3433 3699 3518">
    <p class='ocr_par' dir='ltr' id='par_1_84' title="bbox 2173 3433 3699 3518">
     <span class='ocr_line' id='line_1_84' title="bbox 2173 3433 3699 3518; baseline -0.004 -18"><span class='ocrx_word' id='word_1_607' title='bbox 2173 3448 2364 3518; x_wconf 89' lang='grc' dir='ltr'>μασία,</span> <span class='ocrx_word' id='word_1_608' title='bbox 2398 3445 2492 3498; x_wconf 71' lang='grc' dir='ltr'>καὶ</span> <span class='ocrx_word' id='word_1_609' title='bbox 2529 3446 2562 3516; x_wconf 87' lang='grc' dir='ltr'><strong>ή</strong></span> <span class='ocrx_word' id='word_1_610' title='bbox 2593 3444 2945 3514; x_wconf 86' lang='grc' dir='ltr'>ὁμοιότροπος</span> <span class='ocrx_word' id='word_1_611' title='bbox 2985 3441 3095 3499; x_wconf 78' lang='grc' dir='ltr'><strong>τῶν</strong></span> <span class='ocrx_word' id='word_1_612' title='bbox 3142 3441 3340 3512; x_wconf 81' lang='grc' dir='ltr'>ἰσχύων</span> <span class='ocrx_word' id='word_1_613' title='bbox 3371 3440 3565 3510; x_wconf 84' lang='grc' dir='ltr'>μνήμη,</span> <span class='ocrx_word' id='word_1_614' title='bbox 3588 3433 3699 3504; x_wconf 74' lang='grc' dir='ltr'>πρὸς</span> 
     </span>
    </p>
   </div>
   <div class='ocr_carea' id='block_1_85' title="bbox 2168 3527 3699 3609">
    <p class='ocr_par' dir='ltr' id='par_1_85' title="bbox 2168 3527 3699 3609">
     <span class='ocr_line' id='line_1_85' title="bbox 2168 3527 3699 3609; baseline -0.011 -18"><span class='ocrx_word' id='word_1_615' title='bbox 2168 3538 2266 3609; x_wconf 81' lang='grc' dir='ltr'>τὴν</span> <span class='ocrx_word' id='word_1_616' title='bbox 2295 3535 2588 3606; x_wconf 82' lang='grc' dir='ltr'>ἀγγελικὴν</span> <span class='ocrx_word' id='word_1_617' title='bbox 2639 3535 2780 3587; x_wconf 75' lang='grc' dir='ltr'>ἔοικε</span> <span class='ocrx_word' id='word_1_618' title='bbox 2811 3533 2968 3603; x_wconf 86' lang='grc' dir='ltr'>φύσιν</span> <span class='ocrx_word' id='word_1_619' title='bbox 3016 3533 3254 3602; x_wconf 90' lang='grc' dir='ltr'>ἀπάγειν</span> <span class='ocrx_word' id='word_1_620' title='bbox 3293 3531 3400 3584; x_wconf 83' lang='grc' dir='ltr'><strong>τῶν</strong></span> <span class='ocrx_word' id='word_1_621' title='bbox 3439 3527 3699 3583; x_wconf 84' lang='grc' dir='ltr'>ἀκουόντων</span> 
     </span>
    </p>
   </div>
   <div class='ocr_carea' id='block_1_86' title="bbox 2168 3614 3698 3700">
    <p class='ocr_par' dir='ltr' id='par_1_86' title="bbox 2168 3614 3698 3700">
     <span class='ocr_line' id='line_1_86' title="bbox 2168 3614 3698 3700; baseline -0.012 -18"><span class='ocrx_word' id='word_1_622' title='bbox 2168 3629 2266 3700; x_wconf 82' lang='grc' dir='ltr'>τὴν</span> <span class='ocrx_word' id='word_1_623' title='bbox 2298 3627 2533 3682; x_wconf 77' lang='grc' dir='ltr'><strong>ἔννοιαν⁸</strong></span> <span class='ocrx_word' id='word_1_624' title='bbox 2588 3625 2729 3678; x_wconf 82' lang='grc' dir='ltr'>ὥστε</span> <span class='ocrx_word' id='word_1_625' title='bbox 2773 3625 2863 3678; x_wconf 83' lang='grc' dir='ltr'>τὸν</span> <span class='ocrx_word' id='word_1_626' title='bbox 2889 3624 3155 3694; x_wconf 81' lang='grc' dir='ltr'>ὁρκισμὸν</span> <span class='ocrx_word' id='word_1_627' title='bbox 3198 3623 3288 3675; x_wconf 85' lang='grc' dir='ltr'>τὸν</span> <span class='ocrx_word' id='word_1_628' title='bbox 3337 3622 3424 3674; x_wconf 75' lang='grc' dir='ltr'><strong>ἐπὶ</strong></span> <span class='ocrx_word' id='word_1_629' title='bbox 3453 3614 3698 3689; x_wconf 85' lang='grc' dir='ltr'>βεϐαιώσει</span> 
     </span>
    </p>
   </div>
   <div class='ocr_carea' id='block_1_87' title="bbox 2169 3704 3698 3788">
    <p class='ocr_par' dir='ltr' id='par_1_87' title="bbox 2169 3704 3698 3788">
     <span class='ocr_line' id='line_1_87' title="bbox 2169 3704 3698 3788; baseline -0.01 -16"><span class='ocrx_word' id='word_1_630' title='bbox 2169 3719 2277 3773; x_wconf 85' lang='grc' dir='ltr'><strong>τῶν</strong></span> <span class='ocrx_word' id='word_1_631' title='bbox 2313 3716 2651 3788; x_wconf 81' lang='grc' dir='ltr'>κεκριμένων</span> <span class='ocrx_word' id='word_1_632' title='bbox 2697 3714 2846 3784; x_wconf 84' lang='grc' dir='ltr'>παρὰ</span> <span class='ocrx_word' id='word_1_633' title='bbox 2873 3714 2974 3784; x_wconf 82' lang='grc' dir='ltr'>τῆς</span> <span class='ocrx_word' id='word_1_634' title='bbox 3015 3713 3384 3776; x_wconf 84' lang='grc' dir='ltr'>διδασκαλίας,</span> <span class='ocrx_word' id='word_1_635' title='bbox 3409 3714 3521 3772; x_wconf 88' lang='grc' dir='ltr'>ταῖς</span> <span class='ocrx_word' id='word_1_636' title='bbox 3553 3704 3698 3778; x_wconf 76' lang='grc' dir='ltr'>μαθηο</span> 
     </span>
    </p>
   </div>
   <div class='ocr_carea' id='block_1_88' title="bbox 2171 3798 3698 3879">
    <p class='ocr_par' dir='ltr' id='par_1_88' title="bbox 2171 3798 3698 3879">
     <span class='ocr_line' id='line_1_88' title="bbox 2171 3798 3698 3879; baseline -0.01 -17"><span class='ocrx_word' id='word_1_637' title='bbox 2171 3809 2483 3879; x_wconf 84' lang='grc' dir='ltr'>τευομέναις</span> <span class='ocrx_word' id='word_1_638' title='bbox 2510 3807 2705 3877; x_wconf 69' lang='grc' dir='ltr'>ψυχαῖς</span> <span class='ocrx_word' id='word_1_639' title='bbox 2735 3804 3165 3876; x_wconf 81' lang='grc' dir='ltr'>προσαγόμενον,</span> <span class='ocrx_word' id='word_1_640' title='bbox 3207 3804 3284 3875; x_wconf 86' lang='grc' dir='ltr'>μὴ</span> <span class='ocrx_word' id='word_1_641' title='bbox 3311 3801 3449 3856; x_wconf 86' lang='grc' dir='ltr'>κατὰ</span> <span class='ocrx_word' id='word_1_642' title='bbox 3469 3798 3554 3852; x_wconf 77' lang='grc' dir='ltr'><strong>τοῦ</strong></span> <span class='ocrx_word' id='word_1_643' title='bbox 3585 3809 3698 3864; x_wconf 81' lang='grc' dir='ltr'>παρ·</span> 
     </span>
    </p>
   </div>
   <div class='ocr_carea' id='block_1_89' title="bbox 2175 3889 3696 3971">
    <p class='ocr_par' dir='ltr' id='par_1_89' title="bbox 2175 3889 3696 3971">
     <span class='ocr_line' id='line_1_89' title="bbox 2175 3889 3696 3971; baseline -0.01 -15"><span class='ocrx_word' id='word_1_644' title='bbox 2175 3905 2396 3971; x_wconf 87' lang='grc' dir='ltr'>ἀγοντος</span> <span class='ocrx_word' id='word_1_645' title='bbox 2431 3899 2676 3968; x_wconf 85' lang='grc' dir='ltr'>γίνεσθαι</span> <span class='ocrx_word' id='word_1_646' title='bbox 2709 3898 2914 3967; x_wconf 88' lang='grc' dir='ltr'>κόσμου</span> <span class='ocrx_word' id='word_1_647' title='bbox 2940 3939 2955 3960; x_wconf 93' lang='grc'><strong>,</strong></span> <span class='ocrx_word' id='word_1_648' title='bbox 2983 3896 3120 3949; x_wconf 78' lang='grc' dir='ltr'>ἀλλὰ</span> <span class='ocrx_word' id='word_1_649' title='bbox 3147 3896 3289 3949; x_wconf 85' lang='grc' dir='ltr'><strong>κατά</strong></span> <span class='ocrx_word' id='word_1_650' title='bbox 3337 3894 3431 3964; x_wconf 76' lang='grc' dir='ltr'>τῆς</span> <span class='ocrx_word' id='word_1_651' title='bbox 3459 3889 3696 3957; x_wconf 78' lang='grc' dir='ltr'>ὲπιδιαμε·</span> 
     </span>
    </p>
   </div>
   <div class='ocr_carea' id='block_1_90' title="bbox 2173 3977 3697 4063">
    <p class='ocr_par' dir='ltr' id='par_1_90' title="bbox 2173 3977 3697 4063">
     <span class='ocr_line' id='line_1_90' title="bbox 2173 3977 3697 4063; baseline -0.014 -15"><span class='ocrx_word' id='word_1_652' title='bbox 2173 3994 2366 4063; x_wconf 89' lang='grc' dir='ltr'>νούσης</span> <span class='ocrx_word' id='word_1_653' title='bbox 2403 3992 2576 4044; x_wconf 75' lang='grc' dir='ltr'>εἰσαεὶ</span> <span class='ocrx_word' id='word_1_654' title='bbox 2621 3989 2832 4059; x_wconf 83' lang='grc' dir='ltr'>φύσεως</span> <span class='ocrx_word' id='word_1_655' title='bbox 2867 3987 2977 4041; x_wconf 84' lang='grc' dir='ltr'><strong>τῶν</strong></span> <span class='ocrx_word' id='word_1_656' title='bbox 3022 3988 3294 4056; x_wconf 88' lang='grc' dir='ltr'>ἀγγέλων,</span> <span class='ocrx_word' id='word_1_657' title='bbox 3323 3985 3455 4058; x_wconf 83' lang='grc' dir='ltr'>πρὸς</span> <span class='ocrx_word' id='word_1_658' title='bbox 3493 3982 3575 4044; x_wconf 79' lang='grc' dir='ltr'><strong>οὓς</strong></span> <span class='ocrx_word' id='word_1_659' title='bbox 3601 3977 3697 4049; x_wconf 84' lang='grc' dir='ltr'>βλέ-</span> 
     </span>
    </p>
   </div>
   <div class='ocr_carea' id='block_1_91' title="bbox 2173 4073 3695 4147">
    <p class='ocr_par' dir='ltr' id='par_1_91' title="bbox 2173 4073 3695 4147">
     <span class='ocr_line' id='line_1_91' title="bbox 2173 4073 3695 4147; baseline -0.012 -9"><span class='ocrx_word' id='word_1_660' title='bbox 2173 4103 2294 4138; x_wconf 87' lang='grc' dir='ltr'>πειν</span> <span class='ocrx_word' id='word_1_661' title='bbox 2325 4081 2707 4147; x_wconf 85' lang='grc' dir='ltr'>διακελεύεται,</span> <span class='ocrx_word' id='word_1_662' title='bbox 2757 4081 2842 4134; x_wconf 80' lang='grc' dir='ltr'>ἵνα</span> <span class='ocrx_word' id='word_1_663' title='bbox 2877 4079 2937 4132; x_wconf 86' lang='grc' dir='ltr'>τὸ</span> <span class='ocrx_word' id='word_1_664' title='bbox 2981 4079 3178 4146; x_wconf 86' lang='grc' dir='ltr'>πάγιόν</span> <span class='ocrx_word' id='word_1_665' title='bbox 3232 4095 3291 4131; x_wconf 89' lang='grc' dir='ltr'><strong>τε</strong></span> <span class='ocrx_word' id='word_1_666' title='bbox 3337 4077 3428 4130; x_wconf 80' lang='grc' dir='ltr'>καὶ</span> <span class='ocrx_word' id='word_1_667' title='bbox 3478 4073 3695 4138; x_wconf 84' lang='grc' dir='ltr'>στάσιμον</span> 
     </span>
    </p>
   </div>
   <div class='ocr_carea' id='block_1_92' title="bbox 500 4166 2066 4248">
    <p class='ocr_par' dir='ltr' id='par_1_92' title="bbox 500 4167 2065 4238">
     <span class='ocr_line' id='line_1_92' title="bbox 500 4167 2065 4238; baseline -0.001 -15"><span class='ocrx_word' id='word_1_668' title='bbox 500 4181 608 4226; x_wconf 87' lang='lat' dir='ltr'><strong>tem</strong></span> <span class='ocrx_word' id='word_1_669' title='bbox 645 4180 698 4225; x_wconf 84' lang='lat' dir='ltr'><strong>et</strong></span> <span class='ocrx_word' id='word_1_670' title='bbox 745 4169 1110 4225; x_wconf 89' lang='lat' dir='ltr'><strong>constantiam</strong></span> <span class='ocrx_word' id='word_1_671' title='bbox 1164 4169 1290 4222; x_wconf 74' lang='lat' dir='ltr'><strong>vita:</strong></span> <span class='ocrx_word' id='word_1_672' title='bbox 1328 4182 1450 4238; x_wconf 69' lang='lat' dir='ltr'><strong>quae</strong></span> <span class='ocrx_word' id='word_1_673' title='bbox 1499 4183 1563 4223; x_wconf 78' lang='lat' dir='ltr'><strong>ex</strong></span> <span class='ocrx_word' id='word_1_674' title='bbox 1621 4167 1823 4222; x_wconf 89' lang='lat' dir='ltr'><strong>virtute</strong></span> <span class='ocrx_word' id='word_1_675' title='bbox 1866 4168 2065 4237; x_wconf 90' lang='lat' dir='ltr'><strong>agitur.</strong></span> 
     </span>
    </p>
   </div>
   <div class='ocr_carea' id='block_1_93' title="bbox 2168 4166 3694 4248">
    <p class='ocr_par' dir='ltr' id='par_1_93' title="bbox 2172 4166 3694 4248">
     <span class='ocr_line' id='line_1_93' title="bbox 2172 4166 3694 4248; baseline -0.011 -17"><span class='ocrx_word' id='word_1_676' title='bbox 2172 4178 2268 4248; x_wconf 78' lang='grc' dir='ltr'>τῆς</span> <span class='ocrx_word' id='word_1_677' title='bbox 2293 4177 2410 4230; x_wconf 81' lang='grc' dir='ltr'>κατ’</span> <span class='ocrx_word' id='word_1_678' title='bbox 2439 4173 2637 4244; x_wconf 83' lang='grc' dir='ltr'>ἀρετὴν</span> <span class='ocrx_word' id='word_1_679' title='bbox 2665 4172 2936 4234; x_wconf 87' lang='grc' dir='ltr'>πολιτείας</span> <span class='ocrx_word' id='word_1_680' title='bbox 2967 4170 3245 4242; x_wconf 81' lang='grc' dir='ltr'>βεϐαιώσῃ</span> <span class='ocrx_word' id='word_1_681' title='bbox 3271 4170 3347 4240; x_wconf 82' lang='grc' dir='ltr'><strong>τῷ</strong></span> <span class='ocrx_word' id='word_1_682' title='bbox 3367 4166 3694 4232; x_wconf 80' lang='grc' dir='ltr'>ὑποδείγματι.</span> 
     </span>
    </p>
   </div>
   <div class='ocr_carea' id='block_1_94' title="bbox 499 4257 2071 4334">
    <p class='ocr_par' dir='ltr' id='par_1_94' title="bbox 499 4257 2071 4334">
     <span class='ocr_line' id='line_1_94' title="bbox 499 4257 2071 4334; baseline -0.003 -17"><span class='ocrx_word' id='word_1_683' title='bbox 499 4263 631 4318; x_wconf 88' lang='lat' dir='ltr'><strong>Nam</strong></span> <span class='ocrx_word' id='word_1_684' title='bbox 664 4263 922 4334; x_wconf 91' lang='lat' dir='ltr'><strong>quoniam</strong></span> <span class='ocrx_word' id='word_1_685' title='bbox 954 4262 1122 4315; x_wconf 90' lang='lat' dir='ltr'><strong>vitam</strong></span> <span class='ocrx_word' id='word_1_686' title='bbox 1163 4268 1287 4330; x_wconf 90' lang='lat' dir='ltr'><strong>post</strong></span> <span class='ocrx_word' id='word_1_687' title='bbox 1316 4258 1775 4314; x_wconf 86' lang='lat' dir='ltr'><strong>resurrectionem</strong></span> <span class='ocrx_word' id='word_1_688' title='bbox 1812 4257 2071 4328; x_wconf 74' lang='lat' dir='ltr'><strong>angelica:</strong></span> 
     </span>
    </p>
   </div>
   <div class='ocr_carea' id='block_1_95' title="bbox 499 4347 2071 4419">
    <p class='ocr_par' dir='ltr' id='par_1_95' title="bbox 499 4347 2071 4419">
     <span class='ocr_line' id='line_1_95' title="bbox 499 4347 2071 4419; baseline -0.004 -11"><span class='ocrx_word' id='word_1_689' title='bbox 499 4362 710 4408; x_wconf 75' lang='lat' dir='ltr'><strong>naturze</strong></span> <span class='ocrx_word' id='word_1_690' title='bbox 771 4354 1006 4408; x_wconf 90' lang='lat' dir='ltr'><strong>similem</strong></span> <span class='ocrx_word' id='word_1_691' title='bbox 1071 4347 1310 4406; x_wconf 79' lang='lat' dir='ltr'><strong>futuram</strong></span> <span class='ocrx_word' id='word_1_692' title='bbox 1367 4358 1452 4405; x_wconf 92' lang='lat' dir='ltr'><strong>est</strong></span> <span class='ocrx_word' id='word_1_693' title='bbox 1493 4350 1770 4419; x_wconf 88' lang='lat' dir='ltr'><strong>pollicitus</strong></span> <span class='ocrx_word' id='word_1_694' title='bbox 1803 4349 1935 4419; x_wconf 93' lang='lat' dir='ltr'><strong>(non</strong></span> <span class='ocrx_word' id='word_1_695' title='bbox 1987 4356 2071 4404; x_wconf 91' lang='lat' dir='ltr'><strong>est</strong></span> 
     </span>
    </p>
   </div>
   <div class='ocr_carea' id='block_1_96' title="bbox 499 4440 2066 4512">
    <p class='ocr_par' dir='ltr' id='par_1_96' title="bbox 499 4440 2066 4512">
     <span class='ocr_line' id='line_1_96' title="bbox 499 4440 2066 4512; baseline -0.001 -16"><span class='ocrx_word' id='word_1_696' title='bbox 499 4452 678 4498; x_wconf 91' lang='lat' dir='ltr'><strong>autem</strong></span> <span class='ocrx_word' id='word_1_697' title='bbox 704 4442 938 4497; x_wconf 83' lang='lat' dir='ltr'><strong>mendax</strong></span> <span class='ocrx_word' id='word_1_698' title='bbox 967 4442 1013 4498; x_wconf 88' lang='lat' dir='ltr'><strong>is</strong></span> <span class='ocrx_word' id='word_1_699' title='bbox 1047 4441 1138 4512; x_wconf 93' lang='lat' dir='ltr'><strong>qui</strong></span> <span class='ocrx_word' id='word_1_700' title='bbox 1179 4440 1476 4511; x_wconf 85' lang='lat' dir='ltr'><strong>promisit),</strong></span> <span class='ocrx_word' id='word_1_701' title='bbox 1509 4454 1854 4510; x_wconf 88' lang='lat' dir='ltr'><strong>consequens</strong></span> <span class='ocrx_word' id='word_1_702' title='bbox 1880 4441 2066 4503; x_wconf 86' lang='lat' dir='ltr'><strong>fuerit,</strong></span> 
     </span>
    </p>
   </div>
   <div class='ocr_carea' id='block_1_97' title="bbox 498 4531 2071 4604">
    <p class='ocr_par' dir='ltr' id='par_1_97' title="bbox 498 4531 2071 4604">
     <span class='ocr_line' id='line_1_97' title="bbox 498 4531 2071 4604; baseline -0.003 -14"><span class='ocrx_word' id='word_1_703' title='bbox 498 4537 661 4590; x_wconf 88' lang='lat' dir='ltr'><strong>etiam</strong></span> <span class='ocrx_word' id='word_1_704' title='bbox 691 4550 811 4590; x_wconf 88' lang='lat' dir='ltr'><strong>eam</strong></span> <span class='ocrx_word' id='word_1_705' title='bbox 855 4550 976 4604; x_wconf 67' lang='lat' dir='ltr'><strong>quae</strong></span> <span class='ocrx_word' id='word_1_706' title='bbox 1007 4542 1091 4589; x_wconf 90' lang='lat' dir='ltr'><strong>est</strong></span> <span class='ocrx_word' id='word_1_707' title='bbox 1131 4535 1186 4588; x_wconf 91' lang='lat' dir='ltr'><strong>in</strong></span> <span class='ocrx_word' id='word_1_708' title='bbox 1222 4531 1425 4587; x_wconf 87' lang='lat' dir='ltr'><strong>mundo</strong></span> <span class='ocrx_word' id='word_1_709' title='bbox 1459 4533 1626 4587; x_wconf 92' lang='lat' dir='ltr'><strong>vitam</strong></span> <span class='ocrx_word' id='word_1_710' title='bbox 1667 4533 1965 4602; x_wconf 67' lang='lat' dir='ltr'><strong>praeparari</strong></span> <span class='ocrx_word' id='word_1_711' title='bbox 2002 4533 2071 4586; x_wconf 91' lang='lat' dir='ltr'><strong>ad</strong></span> 
     </span>
    </p>
   </div>
   <div class='ocr_carea' id='block_1_98' title="bbox 497 4624 2071 4697">
    <p class='ocr_par' dir='ltr' id='par_1_98' title="bbox 497 4624 2071 4697">
     <span class='ocr_line' id='line_1_98' title="bbox 497 4624 2071 4697; baseline -0.002 -14"><span class='ocrx_word' id='word_1_712' title='bbox 497 4643 617 4683; x_wconf 89' lang='lat' dir='ltr'><strong>eam</strong></span> <span class='ocrx_word' id='word_1_713' title='bbox 656 4643 776 4697; x_wconf 63' lang='lat' dir='ltr'><strong>qua:</strong></span> <span class='ocrx_word' id='word_1_714' title='bbox 819 4636 1008 4696; x_wconf 89' lang='lat' dir='ltr'><strong>postea</strong></span> <span class='ocrx_word' id='word_1_715' title='bbox 1055 4635 1139 4682; x_wconf 88' lang='lat' dir='ltr'><strong>est</strong></span> <span class='ocrx_word' id='word_1_716' title='bbox 1189 4626 1397 4691; x_wconf 79' lang='lat' dir='ltr'><strong>futura,</strong></span> <span class='ocrx_word' id='word_1_717' title='bbox 1434 4633 1493 4678; x_wconf 88' lang='lat' dir='ltr'><strong>ut</strong></span> <span class='ocrx_word' id='word_1_718' title='bbox 1539 4625 1631 4694; x_wconf 91' lang='lat' dir='ltr'><strong>qui</strong></span> <span class='ocrx_word' id='word_1_719' title='bbox 1685 4624 1742 4679; x_wconf 88' lang='lat' dir='ltr'><strong>in</strong></span> <span class='ocrx_word' id='word_1_720' title='bbox 1787 4640 1952 4680; x_wconf 91' lang='lat' dir='ltr'><strong>carne</strong></span> <span class='ocrx_word' id='word_1_721' title='bbox 1987 4626 2071 4680; x_wconf 84' lang='lat' dir='ltr'><strong>vi-</strong></span> 
     </span>
    </p>
   </div>
   <div class='ocr_carea' id='block_1_99' title="bbox 498 4718 2068 4788">
    <p class='ocr_par' dir='ltr' id='par_1_99' title="bbox 498 4718 2068 4788">
     <span class='ocr_line' id='line_1_99' title="bbox 498 4718 2068 4788; baseline 0 -16"><span class='ocrx_word' id='word_1_722' title='bbox 498 4727 655 4781; x_wconf 88' lang='lat' dir='ltr'><strong>vunt,</strong></span> <span class='ocrx_word' id='word_1_723' title='bbox 678 4719 734 4772; x_wconf 90' lang='lat' dir='ltr'><strong>in</strong></span> <span class='ocrx_word' id='word_1_724' title='bbox 756 4733 886 4788; x_wconf 84' lang='lat' dir='ltr'><strong>agro</strong></span> <span class='ocrx_word' id='word_1_725' title='bbox 909 4718 1095 4772; x_wconf 88' lang='lat' dir='ltr'><strong>mundi</strong></span> <span class='ocrx_word' id='word_1_726' title='bbox 1127 4718 1387 4788; x_wconf 83' lang='lat' dir='ltr'><strong>degentes</strong></span> <span class='ocrx_word' id='word_1_727' title='bbox 1413 4733 1522 4772; x_wconf 93' lang='lat' dir='ltr'><strong>non</strong></span> <span class='ocrx_word' id='word_1_728' title='bbox 1553 4719 1739 4772; x_wconf 85' lang='lat' dir='ltr'><strong>vivant</strong></span> <span class='ocrx_word' id='word_1_729' title='bbox 1767 4718 2068 4772; x_wconf 89' lang='lat' dir='ltr'><strong>secundum</strong></span> 
     </span>
    </p>
   </div>
   <div class='ocr_carea' id='block_1_100' title="bbox 499 4809 2069 4878">
    <p class='ocr_par' dir='ltr' id='par_1_100' title="bbox 499 4809 2069 4878">
     <span class='ocr_line' id='line_1_100' title="bbox 499 4809 2069 4878; baseline 0.001 -15"><span class='ocrx_word' id='word_1_730' title='bbox 499 4825 756 4872; x_wconf 86' lang='lat' dir='ltr'><strong>carnem,</strong></span> <span class='ocrx_word' id='word_1_731' title='bbox 802 4824 981 4878; x_wconf 89' lang='lat' dir='ltr'><strong>neque</strong></span> <span class='ocrx_word' id='word_1_732' title='bbox 1029 4809 1447 4865; x_wconf 83' lang='lat' dir='ltr'><strong>conformentur</strong></span> <span class='ocrx_word' id='word_1_733' title='bbox 1499 4809 1628 4863; x_wconf 91' lang='lat' dir='ltr'><strong>buie</strong></span> <span class='ocrx_word' id='word_1_734' title='bbox 1687 4809 1924 4876; x_wconf 92' lang='lat' dir='ltr'><strong>mundo,</strong></span> <span class='ocrx_word' id='word_1_735' title='bbox 1971 4809 2069 4864; x_wconf 85' lang='lat' dir='ltr'><strong>sed</strong></span> 
     </span>
    </p>
   </div>
   <div class='ocr_carea' id='block_1_101' title="bbox 499 4900 2071 4972">
    <p class='ocr_par' dir='ltr' id='par_1_101' title="bbox 499 4900 2071 4972">
     <span class='ocr_line' id='line_1_101' title="bbox 499 4900 2071 4972; baseline -0.001 -18"><span class='ocrx_word' id='word_1_736' title='bbox 499 4901 943 4970; x_wconf 80' lang='lat' dir='ltr'><strong>pracmeditentur</strong></span> <span class='ocrx_word' id='word_1_737' title='bbox 984 4915 1104 4955; x_wconf 90' lang='lat' dir='ltr'><strong>eam</strong></span> <span class='ocrx_word' id='word_1_738' title='bbox 1150 4902 1318 4955; x_wconf 92' lang='lat' dir='ltr'><strong>vitam</strong></span> <span class='ocrx_word' id='word_1_739' title='bbox 1364 4917 1485 4972; x_wconf 67' lang='lat' dir='ltr'><strong>quae</strong></span> <span class='ocrx_word' id='word_1_740' title='bbox 1537 4909 1809 4970; x_wconf 88' lang='lat' dir='ltr'><strong>speratur,</strong></span> <span class='ocrx_word' id='word_1_741' title='bbox 1853 4917 1949 4970; x_wconf 91' lang='lat' dir='ltr'><strong>per</strong></span> <span class='ocrx_word' id='word_1_742' title='bbox 1991 4900 2071 4954; x_wconf 89' lang='lat' dir='ltr'><strong>vi-</strong></span> 
     </span>
    </p>
   </div>
   <div class='ocr_carea' id='block_1_102' title="bbox 501 4991 2070 5063">
    <p class='ocr_par' dir='ltr' id='par_1_102' title="bbox 501 4991 2070 5063">
     <span class='ocr_line' id='line_1_102' title="bbox 501 4991 2070 5063; baseline 0.001 -19"><span class='ocrx_word' id='word_1_743' title='bbox 501 5001 609 5045; x_wconf 86' lang='lat' dir='ltr'><strong>tam</strong></span> <span class='ocrx_word' id='word_1_744' title='bbox 649 5007 771 5062; x_wconf 70' lang='lat' dir='ltr'><strong>quae</strong></span> <span class='ocrx_word' id='word_1_745' title='bbox 814 4992 997 5063; x_wconf 83' lang='lat' dir='ltr'><strong>agitur</strong></span> <span class='ocrx_word' id='word_1_746' title='bbox 1022 4993 1076 5046; x_wconf 92' lang='lat' dir='ltr'><strong>in</strong></span> <span class='ocrx_word' id='word_1_747' title='bbox 1129 4995 1233 5047; x_wconf 89' lang='lat' dir='ltr'><strong>hoc</strong></span> <span class='ocrx_word' id='word_1_748' title='bbox 1263 4993 1486 5047; x_wconf 90' lang='lat' dir='ltr'><strong>mundo.</strong></span> <span class='ocrx_word' id='word_1_749' title='bbox 1534 4991 1829 5062; x_wconf 86' lang='lat' dir='ltr'><strong>Propterea</strong></span> <span class='ocrx_word' id='word_1_750' title='bbox 1869 5006 2070 5062; x_wconf 92' lang='lat' dir='ltr'><strong>sponsa</strong></span> 
     </span>
    </p>
   </div>
   <div class='ocr_carea' id='block_1_103' title="bbox 500 5081 2070 5156">
    <p class='ocr_par' dir='ltr' id='par_1_103' title="bbox 500 5081 2070 5156">
     <span class='ocr_line' id='line_1_103' title="bbox 500 5081 2070 5156; baseline -0.001 -20"><span class='ocrx_word' id='word_1_751' title='bbox 500 5084 657 5140; x_wconf 74' lang='lat' dir='ltr'><strong>altert</strong></span> <span class='ocrx_word' id='word_1_752' title='bbox 699 5083 898 5138; x_wconf 90' lang='lat' dir='ltr'><strong>animis</strong></span> <span class='ocrx_word' id='word_1_753' title='bbox 941 5098 1130 5138; x_wconf 91' lang='lat' dir='ltr'><strong>eorum</strong></span> <span class='ocrx_word' id='word_1_754' title='bbox 1177 5083 1272 5152; x_wconf 85' lang='lat' dir='ltr'><strong>qui</strong></span> <span class='ocrx_word' id='word_1_755' title='bbox 1314 5083 1535 5138; x_wconf 89' lang='lat' dir='ltr'><strong>discunt</strong></span> <span class='ocrx_word' id='word_1_756' title='bbox 1575 5083 1715 5137; x_wconf 84' lang='lat' dir='ltr'><strong>hanc</strong></span> <span class='ocrx_word' id='word_1_757' title='bbox 1760 5098 1856 5152; x_wconf 89' lang='lat' dir='ltr'><strong>per</strong></span> <span class='ocrx_word' id='word_1_758' title='bbox 1887 5081 2070 5156; x_wconf 74' lang='lat' dir='ltr'><strong>jquu-</strong></span> 
     </span>
    </p>
   </div>
   <div class='ocr_carea' id='block_1_104' title="bbox 503 5173 2069 5243">
    <p class='ocr_par' dir='ltr' id='par_1_104' title="bbox 503 5173 2069 5243">
     <span class='ocr_line' id='line_1_104' title="bbox 503 5173 2069 5243; baseline -0.002 -15"><span class='ocrx_word' id='word_1_759' title='bbox 503 5174 735 5230; x_wconf 86' lang='lat' dir='ltr'><strong>randum</strong></span> <span class='ocrx_word' id='word_1_760' title='bbox 769 5176 1263 5240; x_wconf 89' lang='lat' dir='ltr'><strong>conﬁrmationem,</strong></span> <span class='ocrx_word' id='word_1_761' title='bbox 1300 5183 1358 5229; x_wconf 93' lang='lat' dir='ltr'><strong>ut</strong></span> <span class='ocrx_word' id='word_1_762' title='bbox 1382 5189 1570 5230; x_wconf 83' lang='lat' dir='ltr'><strong>eorum</strong></span> <span class='ocrx_word' id='word_1_763' title='bbox 1595 5174 1706 5228; x_wconf 87' lang='lat' dir='ltr'><strong>vita</strong></span> <span class='ocrx_word' id='word_1_764' title='bbox 1733 5189 1854 5243; x_wconf 83' lang='lat' dir='ltr'><strong>quae</strong></span> <span class='ocrx_word' id='word_1_765' title='bbox 1887 5175 1939 5226; x_wconf 92' lang='lat' dir='ltr'><strong>in</strong></span> <span class='ocrx_word' id='word_1_766' title='bbox 1966 5173 2069 5226; x_wconf 93' lang='lat' dir='ltr'><strong>hoc</strong></span> 
     </span>
    </p>
   </div>
   <div class='ocr_carea' id='block_1_105' title="bbox 501 5265 2070 5337">
    <p class='ocr_par' dir='ltr' id='par_1_105' title="bbox 501 5265 2070 5337">
     <span class='ocr_line' id='line_1_105' title="bbox 501 5265 2070 5337; baseline -0.002 -19"><span class='ocrx_word' id='word_1_767' title='bbox 501 5279 636 5337; x_wconf 82' lang='lat' dir='ltr'><strong>agro</strong></span> <span class='ocrx_word' id='word_1_768' title='bbox 671 5275 820 5319; x_wconf 84' lang='lat' dir='ltr'><strong>recte</strong></span> <span class='ocrx_word' id='word_1_769' title='bbox 857 5265 1097 5336; x_wconf 85' lang='lat' dir='ltr'><strong>degitur,</strong></span> <span class='ocrx_word' id='word_1_770' title='bbox 1131 5266 1363 5336; x_wconf 87' lang='lat' dir='ltr'><strong>aspiciat</strong></span> <span class='ocrx_word' id='word_1_771' title='bbox 1393 5265 1457 5320; x_wconf 86' lang='lat' dir='ltr'><strong>ad</strong></span> <span class='ocrx_word' id='word_1_772' title='bbox 1485 5265 1737 5329; x_wconf 88' lang='lat' dir='ltr'><strong>virtutes,</strong></span> <span class='ocrx_word' id='word_1_773' title='bbox 1775 5280 1871 5334; x_wconf 88' lang='lat' dir='ltr'><strong>per</strong></span> <span class='ocrx_word' id='word_1_774' title='bbox 1899 5265 2070 5333; x_wconf 84' lang='lat' dir='ltr'><strong>impa-</strong></span> 
     </span>
    </p>
   </div>
   <div class='ocr_carea' id='block_1_106' title="bbox 569 5441 1537 5510">
    <p class='ocr_par' dir='ltr' id='par_1_106' title="bbox 569 5441 1537 5510">
     <span class='ocr_line' id='line_1_106' title="bbox 569 5441 1537 5510; baseline 0 -14"><span class='ocrx_word' id='word_1_775' title='bbox 569 5441 616 5473; x_wconf 79' lang='lat'><strong>&quot;°</strong></span> <span class='ocrx_word' id='word_1_776' title='bbox 643 5443 798 5497; x_wconf 70' lang='lat' dir='ltr'><strong>lion).</strong></span> <span class='ocrx_word' id='word_1_777' title='bbox 838 5457 873 5510; x_wconf 81' lang='grc' dir='ltr'><strong>ι,</strong></span> <span class='ocrx_word' id='word_1_778' title='bbox 913 5443 995 5498; x_wconf 79' lang='grc'>16.</span> <span class='ocrx_word' id='word_1_779' title='bbox 1084 5444 1169 5497; x_wconf 85' lang='lat' dir='ltr'><strong>&#39;“l</strong></span> <span class='ocrx_word' id='word_1_780' title='bbox 1204 5444 1329 5499; x_wconf 73' lang='lat' dir='ltr'><strong>Cor.</strong></span> <span class='ocrx_word' id='word_1_781' title='bbox 1381 5459 1418 5509; x_wconf 85' lang='grc' dir='ltr'><strong>ι,</strong></span> <span class='ocrx_word' id='word_1_782' title='bbox 1451 5443 1537 5496; x_wconf 62' lang='grc'>24.</span> 
     </span>
    </p>
   </div>
   <div class='ocr_carea' id='block_1_107' title="bbox 1619 5440 2182 5504">
    <p class='ocr_par' dir='ltr' id='par_1_107' title="bbox 1619 5440 2182 5504">
     <span class='ocr_line' id='line_1_107' title="bbox 1619 5440 2182 5504; baseline -0.002 -10"><span class='ocrx_word' id='word_1_783' title='bbox 1619 5443 1660 5471; x_wconf 71' lang='grc'><strong>’⁸</strong></span> <span class='ocrx_word' id='word_1_784' title='bbox 1689 5441 1833 5496; x_wconf 81' lang='lat' dir='ltr'><strong>Psal.</strong></span> <span class='ocrx_word' id='word_1_785' title='bbox 1873 5456 2095 5504; x_wconf 56' lang='lat' dir='ltr'><strong>sxum,</strong></span> <span class='ocrx_word' id='word_1_786' title='bbox 2130 5440 2182 5493; x_wconf 75' lang='grc' dir='ltr'><strong>ΕΞ.</strong></span> 
     </span>
    </p>
   </div>
   <div class='ocr_carea' id='block_1_108' title="bbox 2187 4253 3693 4336">
    <p class='ocr_par' dir='ltr' id='par_1_108' title="bbox 2187 4253 3693 4336">
     <span class='ocr_line' id='line_1_108' title="bbox 2187 4253 3693 4336; baseline -0.011 -15"><span class='ocrx_word' id='word_1_787' title='bbox 2187 4266 2401 4336; x_wconf 82' lang='grc' dir='ltr'>Ἐπειδὴ</span> <span class='ocrx_word' id='word_1_788' title='bbox 2447 4264 2554 4335; x_wconf 82' lang='grc' dir='ltr'>γὰρ</span> <span class='ocrx_word' id='word_1_789' title='bbox 2591 4263 2681 4316; x_wconf 87' lang='grc' dir='ltr'>τὸν</span> <span class='ocrx_word' id='word_1_790' title='bbox 2734 4260 2872 4331; x_wconf 87' lang='grc' dir='ltr'>μετὰ</span> <span class='ocrx_word' id='word_1_791' title='bbox 2917 4261 3012 4331; x_wconf 80' lang='grc' dir='ltr'>τὴν</span> <span class='ocrx_word' id='word_1_792' title='bbox 3063 4259 3362 4313; x_wconf 84' lang='grc' dir='ltr'>ἀνάστασιν</span> <span class='ocrx_word' id='word_1_793' title='bbox 3405 4256 3508 4326; x_wconf 88' lang='grc' dir='ltr'>βίον</span> <span class='ocrx_word' id='word_1_794' title='bbox 3547 4253 3693 4320; x_wconf 79' lang='grc' dir='ltr'>ὃμοιῦν</span> 
     </span>
    </p>
   </div>
   <div class='ocr_carea' id='block_1_109' title="bbox 2172 4339 3692 4428">
    <p class='ocr_par' dir='ltr' id='par_1_109' title="bbox 2172 4339 3692 4428">
     <span class='ocr_line' id='line_1_109' title="bbox 2172 4339 3692 4428; baseline -0.013 -18"><span class='ocrx_word' id='word_1_795' title='bbox 2172 4356 2502 4428; x_wconf 76' lang='grc' dir='ltr'>ἐπήγγελται</span> <span class='ocrx_word' id='word_1_796' title='bbox 2524 4357 2586 4425; x_wconf 86' lang='grc' dir='ltr'>τῇ</span> <span class='ocrx_word' id='word_1_797' title='bbox 2615 4352 2942 4407; x_wconf 87' lang='grc' dir='ltr'>καταστάσει</span> <span class='ocrx_word' id='word_1_798' title='bbox 2968 4351 3073 4404; x_wconf 85' lang='grc' dir='ltr'><strong>τῶν</strong></span> <span class='ocrx_word' id='word_1_799' title='bbox 3101 4349 3402 4422; x_wconf 84' lang='grc' dir='ltr'>ἀνθρώπων</span> <span class='ocrx_word' id='word_1_800' title='bbox 3421 4339 3692 4428; x_wconf 68' lang='grc' dir='ltr'>γενήσεσθαι</span> 
     </span>
    </p>
   </div>
   <div class='ocr_carea' id='block_1_110' title="bbox 2175 4427 3689 4518">
    <p class='ocr_par' dir='ltr' id='par_1_110' title="bbox 2175 4427 3689 4518">
     <span class='ocr_line' id='line_1_110' title="bbox 2175 4427 3689 4518; baseline -0.01 -18"><span class='ocrx_word' id='word_1_801' title='bbox 2175 4427 2430 4518; x_wconf 79' lang='grc' dir='ltr'>(ἀψευδὴς</span> <span class='ocrx_word' id='word_1_802' title='bbox 2467 4445 2575 4516; x_wconf 84' lang='grc' dir='ltr'>γὰρ</span> <span class='ocrx_word' id='word_1_803' title='bbox 2619 4446 2648 4497; x_wconf 82' lang='grc' dir='ltr'>ὁ</span> <span class='ocrx_word' id='word_1_804' title='bbox 2676 4442 3185 4512; x_wconf 69' lang='grc' dir='ltr'>ἐπαγγειλάμενος),</span> <span class='ocrx_word' id='word_1_805' title='bbox 3237 4437 3516 4493; x_wconf 86' lang='grc' dir='ltr'>ἀκόλουθον</span> <span class='ocrx_word' id='word_1_806' title='bbox 3542 4433 3597 4487; x_wconf 82' lang='grc' dir='ltr'>ἂν</span> <span class='ocrx_word' id='word_1_807' title='bbox 3625 4427 3689 4496; x_wconf 73' lang='grc' dir='ltr'><strong>ειη</strong></span> 
     </span>
    </p>
   </div>
   <div class='ocr_carea' id='block_1_111' title="bbox 2174 4522 3689 4608">
    <p class='ocr_par' dir='ltr' id='par_1_111' title="bbox 2174 4522 3689 4608">
     <span class='ocr_line' id='line_1_111' title="bbox 2174 4522 3689 4608; baseline -0.009 -15"><span class='ocrx_word' id='word_1_808' title='bbox 2174 4541 2270 4592; x_wconf 73' lang='grc' dir='ltr'>καὶ</span> <span class='ocrx_word' id='word_1_809' title='bbox 2298 4539 2396 4608; x_wconf 83' lang='grc' dir='ltr'>τὴν</span> <span class='ocrx_word' id='word_1_810' title='bbox 2429 4540 2487 4590; x_wconf 85' lang='grc' dir='ltr'>ὲν</span> <span class='ocrx_word' id='word_1_811' title='bbox 2531 4535 2608 4606; x_wconf 81' lang='grc' dir='ltr'>τῷ</span> <span class='ocrx_word' id='word_1_812' title='bbox 2638 4537 2826 4605; x_wconf 85' lang='grc' dir='ltr'>κόσμῳ</span> <span class='ocrx_word' id='word_1_813' title='bbox 2878 4533 3021 4604; x_wconf 77' lang='grc' dir='ltr'>ζωὴν</span> <span class='ocrx_word' id='word_1_814' title='bbox 3069 4532 3209 4603; x_wconf 83' lang='grc' dir='ltr'>πρὸς</span> <span class='ocrx_word' id='word_1_815' title='bbox 3249 4533 3348 4602; x_wconf 81' lang='grc' dir='ltr'>τὴν</span> <span class='ocrx_word' id='word_1_816' title='bbox 3387 4522 3689 4594; x_wconf 76' lang='grc' dir='ltr'>ἐλπιζομένην</span> 
     </span>
    </p>
   </div>
   <div class='ocr_carea' id='block_1_112' title="bbox 2178 4609 3688 4701">
    <p class='ocr_par' dir='ltr' id='par_1_112' title="bbox 2178 4609 3688 4701">
     <span class='ocr_line' id='line_1_112' title="bbox 2178 4609 3688 4701; baseline -0.005 -18"><span class='ocrx_word' id='word_1_817' title='bbox 2178 4630 2317 4701; x_wconf 80' lang='grc' dir='ltr'>μετὰ</span> <span class='ocrx_word' id='word_1_818' title='bbox 2352 4627 2522 4682; x_wconf 81' lang='grc' dir='ltr'>ταῦτα</span> <span class='ocrx_word' id='word_1_819' title='bbox 2568 4623 3098 4695; x_wconf 79' lang='grc' dir='ltr'>παρασκευάζεσθαι,</span> <span class='ocrx_word' id='word_1_820' title='bbox 3146 4623 3288 4676; x_wconf 79' lang='grc' dir='ltr'>ὥστε</span> <span class='ocrx_word' id='word_1_821' title='bbox 3323 4624 3378 4674; x_wconf 85' lang='grc' dir='ltr'>ὲν</span> <span class='ocrx_word' id='word_1_822' title='bbox 3413 4616 3561 4689; x_wconf 75' lang='grc' dir='ltr'>σαρκὶ</span> <span class='ocrx_word' id='word_1_823' title='bbox 3586 4609 3688 4701; x_wconf 55' lang='grc' dir='ltr'><strong>ξῶνξ</strong></span> 
     </span>
    </p>
   </div>
   <div class='ocr_carea' id='block_1_113' title="bbox 2174 4699 3686 4790">
    <p class='ocr_par' dir='ltr' id='par_1_113' title="bbox 2174 4699 3686 4790">
     <span class='ocr_line' id='line_1_113' title="bbox 2174 4699 3686 4790; baseline -0.006 -15"><span class='ocrx_word' id='word_1_824' title='bbox 2174 4699 2294 4785; x_wconf 78' lang='grc' dir='ltr'>τας,</span> <span class='ocrx_word' id='word_1_825' title='bbox 2336 4721 2430 4774; x_wconf 74' lang='grc' dir='ltr'><strong>καὶ</strong></span> <span class='ocrx_word' id='word_1_826' title='bbox 2461 4722 2518 4772; x_wconf 83' lang='grc' dir='ltr'>ὲν</span> <span class='ocrx_word' id='word_1_827' title='bbox 2551 4717 2706 4790; x_wconf 88' lang='grc' dir='ltr'><strong>ἀγρῷ</strong></span> <span class='ocrx_word' id='word_1_828' title='bbox 2735 4717 2827 4771; x_wconf 79' lang='grc' dir='ltr'>τοῦ</span> <span class='ocrx_word' id='word_1_829' title='bbox 2859 4717 3062 4786; x_wconf 90' lang='grc' dir='ltr'>κόσμου</span> <span class='ocrx_word' id='word_1_830' title='bbox 3096 4715 3288 4768; x_wconf 87' lang='grc' dir='ltr'>τούτου</span> <span class='ocrx_word' id='word_1_831' title='bbox 3323 4713 3598 4779; x_wconf 64' lang='grc' dir='ltr'>διάγοντας,</span> <span class='ocrx_word' id='word_1_832' title='bbox 3632 4699 3686 4769; x_wconf 70' lang='grc' dir='ltr'><strong>μὴ</strong></span> 
     </span>
    </p>
   </div>
   <div class='ocr_carea' id='block_1_114' title="bbox 2176 4790 3685 4881">
    <p class='ocr_par' dir='ltr' id='par_1_114' title="bbox 2176 4790 3685 4881">
     <span class='ocr_line' id='line_1_114' title="bbox 2176 4790 3685 4881; baseline -0.017 -14"><span class='ocrx_word' id='word_1_833' title='bbox 2176 4813 2316 4866; x_wconf 82' lang='grc' dir='ltr'>κατὰ</span> <span class='ocrx_word' id='word_1_834' title='bbox 2362 4811 2556 4881; x_wconf 86' lang='grc' dir='ltr'>σάρκα.</span> <span class='ocrx_word' id='word_1_835' title='bbox 2591 4810 2709 4880; x_wconf 81' lang='grc' dir='ltr'>ζῇν,</span> <span class='ocrx_word' id='word_1_836' title='bbox 2764 4808 2896 4878; x_wconf 81' lang='grc' dir='ltr'>μηδὲ</span> <span class='ocrx_word' id='word_1_837' title='bbox 2943 4803 3436 4876; x_wconf 76' lang='grc' dir='ltr'>συσχηματίξεσθαι</span> <span class='ocrx_word' id='word_1_838' title='bbox 3466 4798 3536 4868; x_wconf 81' lang='grc' dir='ltr'>τῷ</span> <span class='ocrx_word' id='word_1_839' title='bbox 3569 4790 3685 4881; x_wconf 72' lang='grc' dir='ltr'>αἰῶνι</span> 
     </span>
    </p>
   </div>
   <div class='ocr_carea' id='block_1_115' title="bbox 2176 4877 3684 4974">
    <p class='ocr_par' dir='ltr' id='par_1_115' title="bbox 2176 4877 3684 4974">
     <span class='ocr_line' id='line_1_115' title="bbox 2176 4877 3684 4974; baseline 0.01 -18"><span class='ocrx_word' id='word_1_840' title='bbox 2176 4903 2369 4972; x_wconf 75' lang='grc' dir='ltr'>τούτῳ,</span> <span class='ocrx_word' id='word_1_841' title='bbox 2409 4877 2543 4954; x_wconf 58' lang='grc' dir='ltr'>ἀλλὰ</span> <span class='ocrx_word' id='word_1_842' title='bbox 2571 4877 2929 4974; x_wconf 58' lang='grc' dir='ltr'>προμελετᾷν</span> <span class='ocrx_word' id='word_1_843' title='bbox 2977 4897 3066 4950; x_wconf 61' lang='grc' dir='ltr'><strong>τὸν</strong></span> <span class='ocrx_word' id='word_1_844' title='bbox 3112 4895 3460 4965; x_wconf 60' lang='grc' dir='ltr'><strong>ἐλπιζόμενον</strong></span> <span class='ocrx_word' id='word_1_845' title='bbox 3507 4888 3601 4958; x_wconf 62' lang='grc' dir='ltr'>βίον</span> <span class='ocrx_word' id='word_1_846' title='bbox 3621 4877 3684 4933; x_wconf 58' lang='grc' dir='ltr'><strong>διὰ</strong></span> 
     </span>
    </p>
   </div>
   <div class='ocr_carea' id='block_1_116' title="bbox 2177 4977 3684 5065">
    <p class='ocr_par' dir='ltr' id='par_1_116' title="bbox 2177 4977 3684 5065">
     <span class='ocr_line' id='line_1_116' title="bbox 2177 4977 3684 5065; baseline -0.022 -5"><span class='ocrx_word' id='word_1_847' title='bbox 2177 4996 2270 5065; x_wconf 81' lang='grc' dir='ltr'><strong>τῆς</strong></span> <span class='ocrx_word' id='word_1_848' title='bbox 2301 4996 2356 5047; x_wconf 72' lang='grc' dir='ltr'>ὲν</span> <span class='ocrx_word' id='word_1_849' title='bbox 2391 4993 2467 5062; x_wconf 83' lang='grc' dir='ltr'>τῷ</span> <span class='ocrx_word' id='word_1_850' title='bbox 2507 4993 2695 5061; x_wconf 83' lang='grc' dir='ltr'>κόσμῳ</span> <span class='ocrx_word' id='word_1_851' title='bbox 2725 4991 2889 5060; x_wconf 79' lang='grc' dir='ltr'>ζωῆς.</span> <span class='ocrx_word' id='word_1_852' title='bbox 2923 4989 3021 5041; x_wconf 84' lang='grc' dir='ltr'><strong>Διὰ</strong></span> <span class='ocrx_word' id='word_1_853' title='bbox 3041 4988 3198 5040; x_wconf 79' lang='grc' dir='ltr'>τοῦτο</span> <span class='ocrx_word' id='word_1_854' title='bbox 3223 4985 3320 5055; x_wconf 81' lang='grc' dir='ltr'>τὴν</span> <span class='ocrx_word' id='word_1_855' title='bbox 3348 4984 3429 5036; x_wconf 75' lang='grc' dir='ltr'>διὰ</span> <span class='ocrx_word' id='word_1_856' title='bbox 3461 4979 3543 5033; x_wconf 84' lang='grc' dir='ltr'>τοῦ</span> <span class='ocrx_word' id='word_1_857' title='bbox 3563 4977 3684 5044; x_wconf 69' lang='grc' dir='ltr'>ὅρκου</span> 
     </span>
    </p>
   </div>
   <div class='ocr_carea' id='block_1_117' title="bbox 2178 5065 3687 5157">
    <p class='ocr_par' dir='ltr' id='par_1_117' title="bbox 2178 5065 3687 5157">
     <span class='ocr_line' id='line_1_117' title="bbox 2178 5065 3687 5157; baseline 0.011 -20"><span class='ocrx_word' id='word_1_858' title='bbox 2178 5085 2466 5157; x_wconf 87' lang='grc' dir='ltr'>βεϐαίωσιν</span> <span class='ocrx_word' id='word_1_859' title='bbox 2511 5085 2729 5153; x_wconf 83' lang='grc' dir='ltr'>ἐμποιεῖ</span> <span class='ocrx_word' id='word_1_860' title='bbox 2772 5084 2888 5144; x_wconf 85' lang='grc' dir='ltr'>ταῖς</span> <span class='ocrx_word' id='word_1_861' title='bbox 2921 5080 3117 5149; x_wconf 71' lang='grc' dir='ltr'>ψυχαῖς</span> <span class='ocrx_word' id='word_1_862' title='bbox 3147 5077 3256 5130; x_wconf 72' lang='grc' dir='ltr'><strong>τῶν</strong></span> <span class='ocrx_word' id='word_1_863' title='bbox 3290 5065 3687 5157; x_wconf 55' lang='grc' dir='ltr'><strong>μαθητευομῖένωΪ</strong></span> 
     </span>
    </p>
   </div>
   <div class='ocr_carea' id='block_1_118' title="bbox 2175 5155 3688 5247">
    <p class='ocr_par' dir='ltr' id='par_1_118' title="bbox 2175 5155 3688 5247">
     <span class='ocr_line' id='line_1_118' title="bbox 2175 5155 3688 5247; baseline -0.013 -17"><span class='ocrx_word' id='word_1_864' title='bbox 2175 5155 2209 5247; x_wconf 78' lang='grc' dir='ltr'><strong>ή</strong></span> <span class='ocrx_word' id='word_1_865' title='bbox 2253 5175 2467 5246; x_wconf 83' lang='grc' dir='ltr'>νύμφη,</span> <span class='ocrx_word' id='word_1_866' title='bbox 2501 5173 2640 5226; x_wconf 83' lang='grc' dir='ltr'>ὥστε</span> <span class='ocrx_word' id='word_1_867' title='bbox 2685 5173 2781 5242; x_wconf 83' lang='grc' dir='ltr'>τὴν</span> <span class='ocrx_word' id='word_1_868' title='bbox 2815 5171 2958 5240; x_wconf 76' lang='grc' dir='ltr'>ζωὴν</span> <span class='ocrx_word' id='word_1_869' title='bbox 2990 5168 3166 5222; x_wconf 80' lang='grc' dir='ltr'>αὐτῶν</span> <span class='ocrx_word' id='word_1_870' title='bbox 3223 5167 3318 5236; x_wconf 75' lang='grc' dir='ltr'>τὴν</span> <span class='ocrx_word' id='word_1_871' title='bbox 3364 5165 3419 5216; x_wconf 78' lang='grc' dir='ltr'>ἐν</span> <span class='ocrx_word' id='word_1_872' title='bbox 3457 5159 3527 5228; x_wconf 78' lang='grc' dir='ltr'>τῷ</span> <span class='ocrx_word' id='word_1_873' title='bbox 3560 5155 3688 5247; x_wconf 16' lang='grc' dir='ltr'>’ἀγρῷ</span> 
     </span>
    </p>
   </div>
   <div class='ocr_carea' id='block_1_119' title="bbox 2175 5245 3684 5336">
    <p class='ocr_par' dir='ltr' id='par_1_119' title="bbox 2175 5245 3684 5336">
     <span class='ocr_line' id='line_1_119' title="bbox 2175 5245 3684 5336; baseline -0.015 -16"><span class='ocrx_word' id='word_1_874' title='bbox 2175 5245 2347 5336; x_wconf 82' lang='grc' dir='ltr'>τούτῳ</span> <span class='ocrx_word' id='word_1_875' title='bbox 2394 5263 2830 5335; x_wconf 86' lang='grc' dir='ltr'>κατορθουμένην</span> <span class='ocrx_word' id='word_1_876' title='bbox 2884 5262 3019 5333; x_wconf 83' lang='grc' dir='ltr'>πρὸς</span> <span class='ocrx_word' id='word_1_877' title='bbox 3061 5258 3160 5322; x_wconf 77' lang='grc' dir='ltr'><strong>τὰς</strong></span> <span class='ocrx_word' id='word_1_878' title='bbox 3203 5255 3446 5325; x_wconf 81' lang='grc' dir='ltr'>δυνάμεις</span> <span class='ocrx_word' id='word_1_879' title='bbox 3491 5245 3684 5319; x_wconf 73' lang='grc' dir='ltr'>βλέπειν.</span> 
     </span>
    </p>
   </div>
   <div class='ocr_carea' id='block_1_120' title="bbox 2261 5430 2773 5505">
    <p class='ocr_par' dir='ltr' id='par_1_120' title="bbox 2261 5430 2773 5505">
     <span class='ocr_line' id='line_1_120' title="bbox 2261 5430 2773 5505; baseline -0.008 -13"><span class='ocrx_word' id='word_1_880' title='bbox 2261 5439 2304 5469; x_wconf 72' lang='grc'><strong>⁷³</strong></span> <span class='ocrx_word' id='word_1_881' title='bbox 2330 5438 2474 5494; x_wconf 71' lang='lat' dir='ltr'><strong>Psal.</strong></span> <span class='ocrx_word' id='word_1_882' title='bbox 2508 5454 2636 5505; x_wconf 78' lang='lat' dir='ltr'><strong>xvii,</strong></span> <span class='ocrx_word' id='word_1_883' title='bbox 2666 5437 2720 5489; x_wconf 73' lang='lat'><strong>2.</strong></span> <span class='ocrx_word' id='word_1_884' title='bbox 2765 5430 2773 5438; x_wconf 82' lang='grc'><em>’</em></span> 
     </span>
    </p>
   </div>
  </div>
