3928 6196
498 150 602 209 859

1749 148 1810 207 S.
1853 148 2179 206 GREGORII
2216 149 2511 206 NYSSENI
3573 155 3654 214 850

495 264 618 299 esse
663 245 954 310 umbram;
1001 249 1056 297 et
1101 242 1314 299 fructus
1347 243 1639 302 dulcedine
1673 244 1891 310 aﬂecta.
1940 255 2051 302 eral

2169 245 2264 317 τὴν
2288 245 2625 316 εὐφροσύνην
2641 284 2656 310 ,
2676 238 2720 312 ᾧ
2749 246 2782 315 ὴ
2811 243 3002 314 καρδία
3026 243 3132 296 τῶν
3159 243 3458 313 μετεχόντων
3478 245 3654 316 εὐφραί-

495 332 550 387 in
609 336 808 389 lmtitlze
857 335 1250 403 penetralibus.
1306 333 1506 391 Vinum
1576 345 1756 394 autem
1814 345 2061 400 nominat

496 427 760 490 laztitiam,
794 426 938 496 quod
991 427 1227 481 laetificat
1265 443 1361 482 cor
1403 444 1592 484 eorum
1635 432 1728 500 qui
1773 442 1904 487 sunt
1936 435 2058 504 ejus

495 516 805 585 participes,
854 524 907 572 et
941 525 1201 586 tanquam
1234 517 1291 572 in
1325 519 1592 574 charitatc
1629 522 1916 587 collocata,
1956 526 2060 579 ful-

493 604 635 656 ci:ur.
658 606 975 674 unguentis,
1017 622 1306 678 pomorum
1332 608 1674 678 operimento
1713 611 1969 676 vallatur,
2001 622 2056 668 et

492 701 750 764 tanquam
786 696 843 750 in
877 697 1043 752 corde
1077 707 1299 768 accepta
1332 699 1620 755 charitatis
1668 701 1889 770 sagitta,
1931 719 2058 758 rur-

491 801 586 841 sus
616 786 734 856 ipsa
760 804 977 859 quoque
997 789 1051 842 in
1077 790 1329 844 manibus
1355 790 1622 860 sagittarii
1650 790 1966 862 litjaculum
1990 795 2055 850 ad

490 893 716 946 sc0pum
752 879 998 934 veritatis
1031 879 1298 935 directum
1333 880 1387 933 in
1429 880 1684 937 manibus
1717 887 1953 952 potentis
1987 888 2052 940 ⁷⁸.

491 967 615 1022 llaec
657 976 711 1023 et
757 985 878 1039 quae
913 976 1043 1024 sunt
1090 968 1406 1038 hujusmodi
1442 970 1740 1040 aspiciens,
1768 973 2056 1028 existima-

491 1057 612 1110 bam
668 1074 811 1123 eam,
857 1075 979 1129 quae
1027 1069 1147 1113 erat
1197 1059 1333 1113 adeo
1374 1058 1588 1114 sublata
1628 1063 1684 1115 in
1725 1063 1915 1129 altum,
1963 1080 2058 1135 ap-

493 1149 853 1217 prehendisse
879 1167 1152 1206 summum
1174 1151 1554 1206 beatitudinis.
1579 1151 1707 1218 Sed,
1729 1164 1787 1208 ut
1817 1155 2054 1223 videtur,

486 1257 609 1310 quat
643 1243 795 1311 prius
841 1251 968 1296 sunt
1000 1252 1243 1314 peracta,
1295 1251 1423 1298 sunt
1453 1243 1631 1298 adhuc
1671 1249 1934 1316 prommia
1968 1263 2057 1305 as-

486 1344 709 1383 census.
763 1329 966 1386 Omnes
1010 1329 1156 1385 enim
1195 1331 1318 1387 illas
1367 1333 1742 1395 ascensiones,
1793 1351 1901 1390 non
1954 1353 2055 1397 no-

489 1421 660 1474 minat
684 1423 1200 1490 contemplationem
1227 1429 1280 1475 et
1307 1422 1609 1478 evidentem
1635 1423 1884 1480 veritatis
1907 1441 2054 1480 com-

488 1503 922 1574 prehensionem,
971 1508 1066 1562 sed
1114 1523 1301 1561 vocem
1369 1508 1490 1578 ejus
1539 1511 1632 1580 qui
1683 1511 2050 1580 desideratur,

2164 353 2332 400 νεται,
2353 336 2444 388 καὶ
2463 336 2537 398 ὼς
2559 337 2615 389 έν
2636 337 2702 405 τῇ
2722 333 2908 402 ἀγάπῃ
2933 330 3188 400 ταχθεῖσα
3206 333 3306 393 τοῖς
3328 329 3491 400 μύροις
3514 334 3658 400 στηρὶ-

2165 424 2335 489 ζεται,
2354 423 2708 494 διαληφθεῖσα
2723 425 2786 493 τῇ
2803 421 2908 474 τῶν
2932 420 3115 491 μήλων
3137 436 3202 472 πε
3209 419 3395 488 ριϐολῇ,
3415 422 3495 472 καὶ
3512 420 3574 483 ὡς
3585 423 3657 489 ἐγ.

2165 517 2381 588 κάρδιον
2431 515 2695 586 δεξαμένη
2746 514 2846 583 τῆς
2899 513 3120 582 ἀγάπης
3152 510 3213 562 τὸ
3257 509 3420 579 βέλος.
3449 513 3585 564 πάλιν
3616 515 3659 566 ὲν

2163 611 2282 671 ταῖς
2311 591 2466 678 χερσὶ
2498 606 2592 658 τοῦ
2619 605 2833 669 τοξότου
2876 604 2971 657 καὶ
2997 601 3134 671 αὑτὴ
3178 600 3318 670 βέλος
3347 600 3529 667 γίνεται
3554 601 3661 671 πρὸς

2162 698 2252 751 τὸν
2283 699 2382 767 τῆς
2411 695 2665 766 ἀληθείας
2711 693 2931 756 σκοπὸν,
2961 694 3020 744 ἐν
3049 693 3169 753 ταῖς
3197 690 3343 759 χερσὶ
3371 688 3454 741 τοῦ
3479 688 3663 742 δυνατοῦ

2163 787 2514 857 εὐθυνομένη.
2572 786 2756 839 Ταῦτα
2813 785 2907 838 καὶ
2955 783 3023 836 τά
3069 781 3288 834 τοιαῦτα
3336 780 3549 849 βλέπων,
3587 780 3662 833 τοῦ

2163 878 2464 948 ἀκροτάτου
2521 880 2620 947 τῆς
2671 875 3068 946 μακαριότητος
3114 871 3421 940 ἐπειλῆφθαι
3466 870 3552 941 τὴν
3595 871 3666 924 διὰ

2161 966 2427 1020 τοσούτων
2456 964 2758 1034 ὑψωθεῖσαν
2782 961 3102 1032 ἐλογιζόμην
3124 977 3136 991 ·
3160 960 3292 1024 ἀλλ’,
3321 963 3390 1023 ὼς
3411 960 3580 1022 ἔοικεν,
3603 960 3667 1013 ἔτι

2161 1056 2423 1126 προοίμια
2458 1056 2556 1124 τῆς
2588 1055 2773 1109 ἀνόδου
2807 1054 2875 1107 τά
2904 1052 3331 1133 προδιηνυσμένα
3359 1052 3484 1104 ἐστί.
3519 1053 3671 1112 Ilion:

2161 1146 2270 1217 γὰρ
2291 1145 2387 1209 τάς
2405 1145 2694 1208 ἀναϐάσεις
2721 1144 2931 1208 ἐκείνας
2949 1144 3009 1196 ού
3033 1142 3262 1213 θεωρίαν
3288 1142 3402 1195 τινὰ
3425 1141 3510 1194 καὶ
3534 1143 3672 1194 κατά·

2159 1238 2316 1306 λογον
2346 1236 2550 1307 ἐναργῆ
2591 1239 2690 1307 τῆς
2724 1235 3010 1306 ἀληθείας,
3043 1234 3177 1288 άλλά
3207 1233 3378 1304 φωνὴν
3402 1231 3487 1285 τοῦ
3508 1231 3672 1284 ποθου-

2162 1328 2323 1398 μένου
2356 1325 2732 1396 κατονομάζει,
2756 1326 2844 1378 διὰ
2860 1325 2961 1395 τῆς
2990 1325 3158 1394 ἀκοῆς
3185 1322 3676 1394 χαρακτηριζομένην

2157 1416 2268 1476 τοῖς
2305 1412 2602 1482 ίδιώμασιν,
2639 1411 2699 1464 ού
2739 1412 2829 1465 διά
2857 1412 2956 1482 τῆς
2987 1413 3359 1481 κατανοήσεως
3389 1410 3677 1479 γινωσκομέ-

2159 1521 2255 1574 νην
2291 1505 2384 1556 καὶ
2413 1503 2822 1575 εύφραίνουσαν.
2859 1505 2923 1556 El.
2959 1499 3051 1556 οὖν
3082 1504 3264 1572 ἐκείνη
3303 1501 3532 1555 τοσοῦτον
3556 1501 3680 1570 ὑψω-

487 1609 609 1662 qna:
667 1609 764 1663 per
809 1593 1053 1650 auditum
1108 1596 1433 1665 exprimitur
1484 1597 1537 1650 in
1588 1601 2051 1668 proprietatibus:

2159 1593 2331 1655 θεῖσα,
2360 1593 2542 1656 καθὼς
2574 1595 2702 1664 περὶ
2726 1593 2818 1646 τοῦ
2855 1593 3087 1664 μεγάλου
3112 1592 3324 1646 Παύλου
3361 1591 3677 1661 μανθάνομεν,

489 1700 594 1738 non
631 1696 812 1740 autem
861 1687 1059 1741 intentis
1091 1688 1579 1757 comprehensione
1627 1695 1977 1761 cognoscitur
2005 1703 2059 1749 et

489 1778 724 1832 laetiﬁcat
754 1777 905 1832 "‘.'Si
931 1794 1061 1848 ergo
1085 1779 1174 1832 illa
1208 1779 1262 1832 in
1291 1781 1459 1833 altum
1492 1797 1664 1850 usque
1693 1785 1826 1837 adeo
1847 1793 2054 1850 evecta,

487 1868 629 1922 sicut
678 1868 943 1924 discimus
1000 1869 1066 1923 de
1116 1884 1314 1939 magno
1365 1869 1555 1935 Paulo,
1604 1872 1694 1941 qui
1736 1888 1899 1942 super
1946 1883 2058 1931 tres

487 1960 656 2014 cmlos
709 1959 810 2013 fuit
860 1960 1141 2022 sublatus,
1187 1961 1426 2014 nondum
1491 1971 1747 2016 accurate
1810 1977 2058 2034 compre-

489 2048 746 2104 hendisse
797 2049 1106 2102 ostenditur
1155 2049 1207 2102 id
1262 2049 1406 2118 quod
1450 2049 1876 2105 consideratur:
1925 2055 2056 2122 quid

486 2145 921 2191 consentaneum
957 2145 1039 2191 est
1072 2137 1230 2191 nobis
1273 2139 1583 2202 usuvenire,
1623 2149 1716 2194 aut
1745 2143 1797 2194 in
1833 2144 2057 2212 quibus-

486 2243 610 2280 nam
629 2243 749 2281 esse
777 2242 877 2281 nos
902 2236 1176 2296 reputare,
1207 2227 1299 2296 qui
1323 2228 1388 2282 ad
1412 2229 1696 2298 adytorum
1721 2234 2055 2303 contempla-

485 2318 648 2371 tionis
690 2317 954 2372 veStibula
1005 2317 1248 2372 nondum
1282 2333 1448 2387 prope
1491 2320 1869 2375 accessimus?
1903 2321 2056 2378 Licet

484 2421 663 2464 autem
693 2427 788 2480 per
814 2426 876 2465 ea
925 2427 1046 2481 quae
1073 2412 1142 2466 ab
1167 2413 1282 2482 ipsa
1314 2414 1459 2466 dicta
1489 2423 1620 2468 sunt
1658 2415 1843 2471 videre
1886 2433 2051 2487 quam

485 2500 554 2554 sit
599 2503 966 2571 contemplatu
1003 2501 1226 2557 difficile
1273 2503 1417 2572 quod
1476 2506 1759 2573 qumritur.
1821 2507 1931 2560 Vox
1967 2524 2057 2576 pa-

484 2591 668 2644 truelis
714 2593 834 2658 mei,
883 2593 1078 2663 inquit,
1135 2609 1243 2648 non
1295 2594 1489 2658 forma,
1542 2611 1651 2650 non
1709 2597 1894 2664 facies,
1945 2614 2052 2653 non

486 2679 656 2739 figura
702 2696 1016 2750 expressam
1067 2686 1362 2738 ostendens
1423 2695 1670 2739 naturam
1733 2687 1853 2755 ejus
1907 2689 2054 2759 quod

480 2775 766 2837 qum-ritur,
833 2772 927 2826 sed
978 2788 1104 2838 vox,
1163 2775 1339 2845 magis
1385 2775 1616 2830 alierens
1659 2778 2052 2846 conjecturam,

481 2877 642 2929 quam
672 2861 882 2916 firmam
915 2865 1302 2934 cognitionem,
1331 2864 1455 2933 quis
1485 2866 1555 2919 sit
1587 2867 1632 2919 is
1665 2869 1758 2936 qui
1789 2870 2046 2939 loquitur.

2158 1684 2252 1735 τοῦ
2281 1684 2382 1746 ἕως
2409 1683 2575 1754 τριῶν
2612 1683 2855 1754 οὐρανῶν
2902 1684 3330 1754 ὑπεραρθέντος,
3360 1681 3501 1734 οὔπω
3525 1697 3680 1734 κατειο

2158 1773 2386 1842 ληφέναι
2420 1773 2480 1826 τό
2523 1774 2878 1846 προκείμενον
2921 1775 2987 1828 δι’
3037 1773 3320 1845 ἀκριὸείας
3356 1771 3680 1826 ἐνδείκνυταιο

2158 1863 2210 1916 τί
2241 1863 2431 1917 παθεῖν
2469 1863 2612 1926 εἰκὸς
2653 1867 2819 1935 ἡμᾶς,
2866 1866 2898 1934 ἢ
2936 1867 2993 1918 ἐν
3033 1867 3176 1918 τίσιν
3208 1860 3346 1918 εἶναι
3385 1860 3684 1930 λογίσασθαι,

2157 1956 2282 2018 τοὺς
2315 1956 2478 2026 μήπω
2515 1957 2626 2018 τοῖς
2659 1956 2946 2028 προθύροις
2987 1957 3094 2010 τῶν
3125 1957 3336 2009 ἀδύτων
3361 1954 3456 2023 τῆς
3486 1951 3685 2021 θεωρίας

2157 2045 2510 2114 ἐγγίσαντας
2554 2047 2769 2113 Ἔξεστι
2816 2048 2871 2100 δὲ
2907 2048 3014 2101 τῶν
3063 2048 3129 2102 δι’
3178 2049 3348 2117 αὐτῆς
3389 2045 3686 2115 εἰρημένων,

2157 2135 2392 2188 κατιδεῖν
2415 2135 2523 2188 τῶν
2547 2134 2890 2207 ζητουμένων
2916 2137 2976 2190 τὸ
2996 2136 3391 2208 δυσθεώρητον.
3419 2133 3575 2199 Φωνὴ
3601 2129 3688 2184 τοῦ

2155 2223 2478 2294 ἀδελφιδοῦ
2512 2245 2652 2295 μου,
2685 2229 2868 2298 φησιν,
2897 2229 2998 2281 ούκ
3037 2225 3201 2295 εἶδος,
3236 2227 3297 2280 ού
3329 2225 3616 2297 πρόσωπον,
3639 2221 3688 2274 ού

2155 2314 2439 2386 χαρακτὴρ
2465 2317 2741 2386 ἐμφαίνων
2771 2317 2864 2370 τοῦ
2895 2316 3227 2387 ζητουμένου
3259 2315 3356 2386 τὴν
3383 2313 3552 2382 φύσιν,
3578 2309 3691 2364 ἀλλά

2157 2408 2328 2478 φωνὴ,
2362 2408 2661 2478 στοχασμὸν
2694 2410 2851 2478 μόνον
2879 2406 3204 2478 ἐμποιοῦσα,
3237 2406 3270 2476 ἦ
3308 2403 3578 2475 βεϐαίωσιν
3614 2399 3691 2453 τοῦ

2157 2499 2545 2568 φθεγγομένου,
2576 2501 2723 2562 ὅστις
2757 2501 2921 2554 ἐστίν.
2954 2500 3076 2554 Ὀτι
3106 2498 3219 2570 γὰρ
3257 2497 3498 2567 είκασμῷ
3523 2493 3693 2565 μᾶλλον

2155 2591 2295 2644 ἔοικε
2337 2591 2398 2643 τδ
2437 2591 2760 2662 λεγόμενον,
2792 2594 2884 2646 καὶ
2912 2593 3030 2662 οὐχὶ
3068 2590 3426 2662 άναμφιϐὁλῳ
3458 2589 3558 2640 τινὶ
3580 2585 3688 2654 πλη·

2158 2681 2383 2752 ροφορίᾳ
2407 2682 2505 2750 τῆς
2533 2683 2906 2754 καταλήψεως,
2930 2683 3086 2753 δῆλόν
3110 2683 3262 2735 ἐστιν
3290 2684 3354 2736 ἐκ
3378 2679 3467 2733 τοῦ
3495 2679 3584 2748 μιᾷ
3609 2691 3694 2728 τινι

2153 2773 2356 2842 διανοίᾳ
2401 2777 2741 2843 προσφυῆναι
2785 2774 2876 2826 τὸν
2909 2774 3099 2843 λόγον,
3137 2773 3279 2844 μηδὲ
3321 2772 3453 2843 πρὸς
3498 2769 3551 2822 ἓν
3583 2763 3694 2826 εἶδος

2155 2862 2304 2932 ὁρᾷν,
2344 2861 2457 2914 ἀλλ’
2492 2862 2582 2913 ἐπὶ
2611 2863 2780 2916 πολλά
2815 2863 3072 2934 φέρεσθαι
3103 2866 3229 2926 ταῖς
3263 2861 3556 2923 ὀπτασίαις,
3591 2856 3698 2910 ἄλλο

479 2949 634 3016 Quod
675 2952 818 3005 enim
881 2953 932 3006 id
986 2953 1132 3022 quod
1186 2953 1389 3006 dicitur
1425 2954 1649 3024 propius
1723 2959 1946 3012 accedat
1984 2959 2049 3013 ad

2154 2967 2211 3003 τε
2245 2951 2457 3020 βλέπειν
2482 2952 2752 3022 οἰομένην,
2783 2955 2874 3006 καὶ
2911 2955 2972 3006 ού
3004 2953 3239 3006 πάντοτε
3271 2953 3347 3022 τῷ
3383 2950 3522 3018 αύτῷ
3550 2961 3698 3014 παρα·

479 3041 876 3109 conjecturam,
911 3059 1074 3112 quam
1107 3045 1173 3097 ad
1205 3055 1406 3099 certam
1440 3055 1493 3100 et
1515 3045 1873 3103 indubitatam
1905 3066 2052 3106 com-

477 3123 919 3197 prehensionem.
960 3149 1026 3186 ex
1078 3133 1182 3189 hoc
1217 3138 1564 3206 perspicuum
1602 3147 1707 3202 est,
1759 3139 1905 3209 quod
1944 3156 2052 3195 non

481 3222 534 3274 in
584 3235 691 3272 una
731 3221 985 3289 quapiam
1039 3223 1248 3279 haareat
1285 3230 1432 3283 verbi
1487 3231 1836 3300 cogitatione,
1876 3248 2054 3301 neque

477 3323 642 3361 unam
677 3308 906 3378 aspiciat
949 3310 1202 3380 formam,
1241 3315 1335 3370 sed
1393 3317 1460 3371 ad
1491 3319 1689 3373 multas
1725 3318 1932 3374 feratur
1962 3322 2045 3374 vi-

476 3399 683 3464 siones,
731 3402 895 3456 modo
943 3402 1046 3456 hoc
1101 3404 1264 3458 modo
1324 3407 1455 3461 illud
1506 3424 1565 3464 se
1621 3409 1805 3464 videre
1855 3412 2048 3468 existi-

478 3503 656 3556 mans,
706 3500 761 3546 et
802 3507 910 3547 non
949 3508 1164 3563 semper
1193 3495 1248 3549 in
1291 3497 1478 3552 eadem
1525 3509 1840 3568 permaneat
1879 3501 2051 3573 figura

473 3579 596 3647 ejus
641 3582 786 3650 quod
821 3592 904 3638 est
954 3587 1620 3655 comprehensum,.Ecce
1655 3591 1814 3658 enim,
1853 3591 2049 3664 inquit,

474 3670 558 3724 Iu'c
589 3674 742 3737 venit,
809 3688 920 3728 non
967 3683 1142 3739 stans.
1202 3693 1380 3748 neque
1426 3695 1774 3749 permanens,
1835 3691 1895 3738 ut
1955 3701 2052 3754 per

473 3761 788 3818 diuturnam
835 3769 1172 3822 mansionem
1235 3771 1409 3838 possit
1460 3773 1683 3842 agnosci
1740 3775 1808 3828 ab
1840 3790 1905 3830 eo
1951 3777 2044 3847 qui

476 3852 596 3906 lixis
643 3855 886 3910 intuetur
923 3859 1119 3922 oculis,
1172 3859 1266 3914 sed
1317 3875 1376 3914 se
1409 3862 1477 3914 ab
1509 3864 1684 3917 oculis
1719 3866 2042 3934 surripiens,

472 3942 793 4011 priusquam
830 3945 896 3999 ad
929 3946 1226 4014 perfectam
1261 3951 1444 4004 veniat
1501 3952 2046 4021 cognitionem:Sal-

418 4080 420 4082 τ
477 4042 592 4087 tans
620 4032 786 4098 enitn,
812 4033 1009 4104 inquit,
1038 4053 1194 4106 super
1230 4050 1429 4094 montes
1453 4051 1502 4094 et
1530 4041 1836 4095 transiliens
1867 4043 2046 4098 colles.

2155 3042 2417 3113 μένουσαν
2441 3043 2746 3114 χαρακτῆρι
2763 3044 2856 3096 τοῦ
2880 3043 3346 3115 καταληφθέντος,
3369 3043 3520 3112 δῆλον
3540 3042 3596 3091 ὲκ
3613 3036 3701 3090 τῶν

2151 3130 2454 3202 λεγομένων
2506 3133 2672 3188 ἐστίν.
2727 3134 2871 3189 Ἰδοὺ
2919 3137 3064 3205 γὰρ,
3096 3137 3301 3207 φησὶν,
3350 3130 3520 3197 οὗτος
3555 3130 3697 3197 ἥκειν

2152 3223 2271 3276 οὐδὲ
2314 3223 2503 3290 ἑστὼς,
2547 3225 2666 3278 οὐδὲ
2704 3227 3060 3312 παραμένων,
3093 3227 3175 3290 ὡς
3219 3227 3310 3280 διὰ
3345 3226 3442 3296 τῆς
3466 3219 3703 3312 ἐπιμονῆς

2151 3313 2509 3383 γνωρίζεσθαι
2560 3313 2638 3386 τῷ
2688 3310 3018 3381 ἀτενίζοντι,
3066 3315 3187 3369 ἀλλ’
3222 3311 3557 3385 ἀφαρπάζων
3599 3310 3702 3360 ἑαν-

2150 3402 2242 3454 τὸν
2280 3401 2387 3454 τῶν
2442 3403 2618 3472 ὄψεων
2639 3442 2654 3467 ,
2699 3405 2830 3476 πρὶν
2873 3407 2953 3469 είς
2995 3405 3215 3460 τελείαν
3273 3405 3476 3475 γνῶσιν
3521 3399 3700 3455 ἐλθεῖν·

2147 3491 2364 3561 Πηδῶν
2393 3494 2523 3565 γάρ,
2564 3495 2748 3565 φησὶν,
2777 3497 2875 3549 ἐπὶ
2906 3497 2978 3550 τὰ
3013 3497 3141 3565 ὅρη,
3178 3498 3282 3551 καί
3327 3495 3450 3561 τοῖς
3483 3487 3704 3557 ,ϐουνοῖς

2147 3582 2578 3651 ἐφαλλόμενος.
2604 3584 2713 3636 Καὶ⁴
2733 3583 2827 3637 νῦν
2855 3585 2953 3655 μὲν
2974 3585 3178 3656 δορκάς
3199 3584 3546 3654 γνωρίζεται,
3568 3576 3706 3632 πάλιν

2149 3671 2205 3724 δέ
2235 3671 2412 3744 νεϐρῷ
2445 3673 2885 3742 προσεικάζεται.
2922 3674 3158 3741 Ὅμοιος
3185 3674 3318 3744 γάρ,
3352 3673 3532 3741 φησιν,
3553 3667 3706 3722 ἀδελ-

2150 3759 2323 3827 φιδός
2346 3777 2464 3828 μου
2489 3761 2619 3813 ἐστὶ
2655 3760 2727 3828 τῇ
2759 3761 3028 3830 δορκάδι,
3071 3761 3108 3829 ἢ
3139 3761 3338 3831 νεϐρῷ
3367 3759 3596 3828 ἐλάφων
3625 3750 3707 3806 ἐπὶ

2150 3848 2231 3914 τῷ
2263 3849 2381 3917 ὄρει
2418 3849 2664 3915 Βαιθήλ.
2707 3850 2890 3913 Οὕτως
2926 3851 2987 3903 τὸ
3021 3851 3107 3904 ἀεὶ
3155 3849 3704 3921 καταλαμϐανόμενον,

2150 3939 2335 3996 ἄλλοτε
2369 3939 2523 4004 ἄλλος
2557 3941 2673 3994 ἐστὶ
2704 3942 3008 4013 χαρακτήρ.

472 4121 538 4175 Ει
568 4139 713 4178 nunc
748 4124 967 4194 quidem
1010 4127 1355 4184 existimatur
1426 4146 1658 4200 caprea,
1715 4145 1910 4187 rursus
1951 4144 2131 4190 autem
2170 4139 2501 4196 assimilatur
2551 4137 2780 4194 hinnulo
2825 4154 3133 4195 cervorum.
3200 4141 3417 4196 Similis
3448 4144 3522 4193 est
3559 4130 3704 4192 enim.

471 4216 664 4284 inquit,
690 4219 947 4287 patruelis
977 4237 1120 4276 meus
1144 4239 1367 4291 caprea,
1400 4233 1494 4279 aut
1530 4223 1752 4278 hinnulo
1810 4241 2080 4282 cervorum
2151 4247 2308 4300 super
2353 4241 2552 4287 montes
2581 4233 2800 4291 Bazthel.
2829 4233 2906 4288 ita
2935 4237 3079 4304 quod
3114 4248 3343 4304 semper
3381 4226 3707 4299 comprehen-

471 4307 638 4374 ditur,
683 4319 766 4364 est
812 4310 950 4366 alias
1011 4313 1120 4367 alia
1171 4313 1363 4386 figura.

540 4397 668 4454 Haac
723 4411 851 4456 sunt
911 4417 1032 4474 qua:
1087 4407 1222 4460 mihi
1276 4423 1339 4462 ex
1385 4422 1452 4462 eo
1506 4423 1671 4464 sensu
1727 4409 1940 4479 quiest
1991 4411 2044 4465 in

2221 4410 2404 4465 Ταῦτά
2429 4412 2576 4465 ἐστιν
2607 4411 2643 4466 ἆ
2677 4429 2744 4483 με
2773 4412 2914 4466 κατά
2944 4412 3043 4484 τὴν
3075 4413 3379 4485 πρόχειρον
3411 4412 3608 4467 ἔννοιαν
3639 4407 3705 4470 είς

455 4499 748 4567 promptu,
789 4492 1024 4548 afferunt
1055 4497 1386 4565 molestiam,
1409 4508 1462 4554 et
1490 4500 1732 4555 elIiciunt
1767 4511 1826 4555 ut
1855 4501 2048 4572 despe-

2154 4499 2322 4571 λύπην
2348 4501 2490 4570 ἄγει,
2515 4502 2824 4572 ἀπόγνωσιν
2852 4503 3188 4574 ἐμποιοῦντα
3212 4506 3317 4574 τῆς
3336 4503 3596 4577 ἀκριϐοῦς
3613 4498 3702 4552 τῶν

467 4595 584 4634 rem
633 4581 794 4651 plene
843 4591 898 4638 et
957 4586 1198 4656 perfecte
1226 4604 1390 4660 posse
1440 4593 1658 4660 assequi
1691 4592 2047 4662 comprehen-

2154 4591 2558 4661 ὑπερκειμένων
2603 4596 3002 4665 κατανοήσεως.
3053 4596 3204 4667 Πλὴν
3251 4597 3393 4650 ἀλλά
3447 4591 3702 4665 πειρατέον

470 4668 679 4724 sionem
723 4687 913 4727 eorum
957 4691 1079 4745 quae
1127 4693 1293 4748 supra
1353 4690 1502 4736 sunt.
1565 4680 2047 4738 Verumenimvero

2154 4681 2440 4744 ἀναθέντας
2460 4682 2540 4750 τῷ
2573 4683 2692 4754 Θεῷ
2719 4684 2816 4754 τὴν
2843 4684 3055 4748 ἐλπίδα,
3095 4686 3174 4755 τῷ
3204 4687 3413 4740 διδόντι
3443 4686 3590 4756 ῥῆμα
3609 4679 3700 4739 τοῖς

466 4761 789 4816 tentandum
845 4775 950 4829 est,
998 4767 1051 4822 in
1101 4768 1271 4824 Deum
1318 4788 1415 4842 spe
1467 4773 1756 4841 collocata,
1809 4775 1903 4844 qui
1951 4776 2045 4829 dat

468 4851 694 4905 verbum
713 4856 1221 4924 evangelizantibus
1251 4863 1452 4918 virtute
1484 4865 1650 4918 multa
1712 4867 1779 4933 ⁷⁷,
1811 4865 1865 4920 in
1900 4866 2043 4922 serie

468 4942 654 5012 aliqua
699 4958 795 5013 per
833 4962 1179 5016 consequens
1213 4953 1474 5022 adaptare
1528 4957 2040 5026 contemplationem

468 5033 538 5088 iis
577 5049 697 5103 qua:
751 5040 1146 5108 comprehensa
1199 5053 1327 5100 sunt
1367 5047 1748 5118 intelligentia.
1798 5047 1907 5102 Vox
1945 5065 2044 5117 pa-

468 5127 656 5181 truelis
700 5131 822 5196 mei,
875 5133 1069 5202 inquit.
1099 5135 1165 5192 Et
1210 5139 1393 5194 statim
1424 5141 1710 5211 subjunxit
1752 5157 1765 5195 :
1802 5139 1935 5192 Ecce
1963 5139 2046 5192 llic

471 5218 628 5270 venit.
680 5217 822 5284 Quid
861 5237 996 5292 ergo
1061 5226 1116 5281 in
1173 5227 1258 5283 liis
1298 5229 1699 5301 intelligimus?
1740 5229 2046 5282 Prtevident

473 5305 710 5380 fortasse
735 5326 859 5381 (illa
891 5313 1036 5370 dicta
1061 5327 1189 5374 sunt
1211 5335 1307 5391 per
1341 5322 1692 5392 Evangelium
1727 5316 2039 5373 manifesta-

2143 4772 2646 4843 εὐαγγελῖζομένοις
2680 4776 2902 4846 δυνάμει
2952 4777 3140 4848 πολλῇ,
3183 4779 3570 4850 προσαρμόσαι
3611 4773 3701 4830 τοῖς

2145 4867 2734 4937 προκατανενοημένοις
2769 4869 2825 4919 ἐν
2857 4868 3033 4939 είρμῷ
3067 4887 3170 4922 τινι
3205 4870 3279 4922 δι’
3308 4868 3596 4922 ἀκολούθου
3619 4863 3697 4930 τὴν

2145 4956 2394 5029 θεωρίαν.
2426 4957 2597 5025 Φωνὴ
2621 4957 2725 5010 τοῦ
2757 4958 3080 5027 ἀδελφιδοῦ
3089 4978 3252 5033 μου,
3281 4962 3470 5031 φησίν.
3502 4959 3603 5012 Καὶ
3625 4955 3698 5006 εύ-

2145 5047 2240 5111 θὺς
2279 5049 2581 5117 ἐπήγαγεν·
2628 5048 2780 5102 Ἰδοὺ
2810 5045 2985 5115 οὗτος
3015 5050 3170 5117 ἣκει.
3206 5051 3275 5103 Τί
3305 5049 3402 5104 οὖν
3431 5055 3486 5103 ἐν
3518 5045 3698 5100 τούτοις

2146 5139 2551 5206 ύπενοήσαμεν;
2584 5136 2886 5206 Προὸλέπει
2918 5139 3058 5208 τάχα
3091 5139 3194 5210 τὴν
3225 5140 3322 5194 διὰ
3352 5138 3448 5192 τοῦ
3487 5138 3701 5201 Εὐάγγε-

2145 5227 2259 5279 λίου
2299 5227 2702 5297 φανερωθεῖσαν
2730 5229 2860 5297 ἡμῖν
2893 5227 2987 5281 τοῦ
3023 5228 3158 5281 Θεοῦ
3199 5231 3380 5297 Λόγου
3416 5222 3700 5292 οἰκονομίαν

2143 5318 2210 5372 τὰ
2253 5319 2552 5390 εἰρημένα,
2589 5318 2684 5390 τὴν
2725 5319 3306 5391 προκαταγγελθεῖσαν
3355 5320 3452 5392 μὲν
3491 5317 3574 5372 διὰ
3609 5306 3700 5363 τῶν

544 5497 967 5569 "Psal.cuv1,
997 5503 1051 5560 ι.
1128 5504 1174 5537 ⁷⁸
1191 5505 1238 5560 ll
1278 5503 1407 5558 Cor.
1441 5519 1535 5569 ιιι,
1596 5503 1651 5556 2.
1727 5503 1770 5535 ⁷⁷
1794 5501 1937 5558 Psal.
1981 5517 2148 5569 van,
2190 5502 2272 5558 ιε.
