3928 6196
269 205 363 261 8Μ
457 249 480 256 -

1315 210 1381 265 IN
1417 210 1716 270 CANTICA
1753 211 2025 270 CANTIC.
2079 213 2366 270 HOIilLlA
2404 215 2470 269 ν.

3411 212 3514 268 861).

270 324 583 396 προφητῶν,
613 326 1020 398 φανερωθεῖσαν
1043 328 1097 382 δὲ
1125 328 1211 382 διὰ
1237 330 1335 400 τῆς
1365 333 1506 387 κατὰ
1539 334 1718 406 σάρκα
1747 335 1842 388 τοῦ

1948 344 2056 389 tam
2121 335 2279 391 nobis
2340 335 2434 390 Dei
2488 332 2653 390 Verbi
2717 334 3204 405 dispensationem,
3253 349 3375 404 qua:
3424 350 3520 404 per

270 415 394 469 Υἱού
427 416 764 486 θεοφανείας.
791 420 1164 491 Μαρτυρείται
1188 421 1295 494 γὰρ
1325 427 1436 486 τοῖς
1465 423 1646 494 έργοις
1668 428 1701 497 ἡ
1727 425 1845 480 θεία

268 507 447 578 φωνὴ,
490 510 586 562 καὶ
629 511 960 566 συνάπτεται
1005 513 1082 584 τῷ
1127 514 1270 585 λόγῳ
1299 516 1402 586 τῆς
1439 518 1767 584 ἐπαγγελίας
1811 521 1844 588 ἡ

269 598 514 663 ἔκϐασις,
568 600 752 664 καθώς
795 619 957 672 φησιν
994 606 1022 656 6
1077 607 1383 676 Προφήτης,
1439 607 1521 658 ὅτι
1573 608 1846 676 Καθάπερ

270 688 637 758 ἠκούσαμεν,
689 692 840 745 οὕτω
879 692 978 746 καὶ
1007 693 1262 764 εἴδομεν.
1300 696 1502 762 Φωνὴ,
1551 698 1704 766 φησὶ,
1740 698 1846 750 τοῦ

268 779 596 848 ἀδελφιδοῦ
615 799 735 850 μου
756 823 769 843 .
804 782 962 836 τοῦτό
989 785 1136 855 ἐστιν
1201 784 1228 838 ὃ
1308 786 1643 857 ἠκούσαμεν.
1693 786 1846 841 Ἰδοὺ

269 863 446 934 οὗτος
504 869 669 936 ἣκει·
722 871 878 924 τοῦτο
928 871 957 924 ὃ
1010 876 1122 936 τοῖς
1174 875 1470 945 ὀφθαλμοῖς
1526 875 1842 945 ἐδεξάμεθα.

266 960 627 1029 Πολυμερῶς
641 962 736 1016 καί
755 965 1144 1032 πολυτρόπως
1163 965 1345 1019 πάλαι
1361 969 1393 1020 ὁ
1411 967 1554 1033 Θεὸς
1567 965 1849 1033 λαλήσας

265 1050 388 1115 τοῖς
413 1052 714 1120 πατράσιν
731 1053 900 1123 ήμῶν
921 1055 992 1108 ἐν
1010 1055 1133 1122 τοῖς
1151 1056 1482 1125 προφήταις
1497 1072 1510 1085 ⁸
1531 1057 1668 1126 αὕτη
1696 1059 1729 1128 η
1749 1057 1847 1126 τῆς

265 1141 448 1212 φωνῆς
479 1143 616 1212 ἀκοή
638 1155 657 1174 ’
695 1144 788 1196 ἐπ’
817 1143 1091 1213 ἐσχάτων
1126 1144 1247 1199 τῶν
1271 1147 1503 1215 ἡμερῶν
1539 1146 1848 1214 ἐλάλησέν

271 1231 410 1298 ἡμῖν
437 1231 510 1284 ἐν
547 1231 674 1296 Υιῷ.
715 1232 972 1285 Τουτέστι
1004 1233 1065 1286 τὸ
1101 1235 1426 1305 εἰρημένον,
1482 1235 1628 1290 Ἰδοὺ
1669 1232 1844 1300 οὗτος

267 1320 396 1387 ἣκει
431 1320 737 1389 ἐπιπηδῶν
768 1323 891 1388 τοῖς
916 1323 1100 1391 ὄρεσι,
1145 1325 1241 1376 καὶ
1277 1324 1427 1378 κατὰ
1457 1324 1575 1378 τῶν
1599 1325 1848 1390 βουνῶν

264 1407 679 1478 διαλλόμενος,
715 1410 1007 1480 προσφυῶς
1035 1413 1132 1464 καὶ
1170 1413 1518 1484 καταλλήλως
1542 1417 1607 1484 τῇ
1643 1431 1702 1465 τε
1730 1414 1850 1484 δορ-

267 1497 387 1550 κάδι
424 1501 567 1553 κατά
599 1517 719 1552 τινα
752 1499 881 1553 ἴδιον
907 1499 1084 1568 λόγον,
1116 1500 1210 1552 καὶ
1240 1501 1398 1554 πάλιν
1427 1501 1505 1572 τῷ
1533 1501 1708 1572 νεϐρῷ
1737 1503 1846 1555 τῶν

265 1589 496 1658 ἐλάφων,
529 1589 650 1642 καθ’
678 1591 872 1661 ἑτέραν
899 1589 1108 1645 ἔννοιαν
1139 1593 1510 1663 ὁμοιούμενος.
1557 1594 1622 1645 Ἥ
1647 1593 1846 1663 δορκάς

1946 425 2238 496 prepbetas
2264 425 2479 494 quidem
2498 426 2648 482 prius
2666 424 2766 478 fuit
2793 425 3136 489 annuntiata,
3171 424 3519 479 manifestata

1946 525 2126 569 autem
2186 530 2280 584 per
2333 513 2545 567 Domini
2602 514 2658 566 in
2706 529 2871 566 carne
2929 512 3345 582 apparitionem.
3380 509 3519 566 Nam

1946 603 2012 657 de
2063 618 2195 657 voce
2219 603 2402 656 divina
2427 602 2802 656 tcSllﬂlOﬂlUln
2836 601 3018 656 ferunt
3056 617 3239 670 opera,
3265 609 3320 656 et
3349 602 3520 656 verbo

1944 690 2324 760 promissionis
2368 689 2720 758 coniungitur
2754 696 3001 754 eventus,
3049 689 3193 744 sicut
3222 690 3354 744 dicit
3385 689 3520 744 Pro-

1946 783 2106 850 pheta
2139 799 2153 836 :
2181 780 2330 835 Sicut
2380 780 2711 845 audivimus,
2755 783 2832 834 sic
2893 780 3116 834 vidimus
3146 783 3216 835 ⁷⁸.
3253 781 3366 834 Vox
3419 797 3518 848 pa-

1947 875 2130 928 truelis
2175 876 2294 939 mei,
2328 875 2536 944 inquit,
2570 875 2673 928 hoc
2713 882 2798 929 est
2835 875 2976 943 quod
3019 874 3348 927 audivimus.
3387 871 3522 926 Ecce

1945 965 2029 1018 hic
2058 965 2189 1018 venit
2221 980 2238 1018 :
2271 965 2376 1018 boc
2403 963 2551 1033 quod
2578 965 2755 1019 oculis
2779 966 3113 1034 accepimus.
3157 962 3521 1032 Muttifariam

1947 1056 2228 1125 multisque
2279 1054 2448 1107 modis
2499 1054 2626 1109 olim
2681 1053 2822 1108 Deus
2871 1055 3075 1108 locutus
3115 1054 3354 1122 patribus
3416 1068 3517 1106 no—

1945 1148 2072 1198 stris
2114 1145 2166 1197 in
2209 1144 2470 1213 prophetis
2501 1157 2518 1196 :
2548 1144 2666 1198 hac
2712 1151 2798 1197 est
2839 1143 3051 1196 auditio
3088 1143 3278 1196 vocis:
3322 1143 3380 1195 in
3417 1155 3514 1194 no-

1944 1236 2174 1306 vissimis
2205 1234 2388 1288 diebus
2423 1235 2626 1288 locutus
2656 1242 2734 1287 est
2760 1233 2908 1287 nobis
2933 1234 2988 1286 in
3011 1232 3155 1287 Filio
3183 1234 3253 1284 ⁷⁸.
3283 1230 3400 1285 Hoc
3429 1236 3516 1286 est

1945 1325 2000 1380 id
2031 1325 2176 1395 quod
2223 1324 2428 1378 dictum
2483 1332 2589 1388 est,
2625 1322 2760 1377 Ecce
2804 1323 2887 1375 hic
2925 1323 3058 1377 venit
3104 1321 3309 1376 saltans
3351 1334 3521 1388 supra

1947 1426 2170 1480 montes,
2205 1424 2254 1468 et
2297 1431 2390 1482 per
2427 1414 2589 1468 colles
2621 1413 2928 1466 transiliens
2963 1413 3252 1481 iapposite
3291 1425 3355 1464 ac
3387 1424 3518 1465 con-

1944 1510 2228 1564 venienter
2265 1515 2320 1562 et
2353 1521 2563 1575 capreae
2601 1520 2668 1559 ex
2712 1509 2931 1574 prOpria
2976 1503 3156 1571 aliqua
3191 1501 3426 1563 ratione,
3459 1507 3517 1555 et

1946 1614 2140 1654 rursus
2187 1598 2415 1651 hinnulo
2451 1610 2739 1650 cervorum
2785 1596 2891 1647 alio
2941 1609 3107 1648 sensu
3152 1594 3512 1648 assimilatus.

268 1681 518 1750 σημαίνει
551 1681 649 1752 τὴν
704 1680 977 1746 ὀξυωπίαν
1027 1684 1121 1738 τοῦ
1175 1685 1237 1737 τὸ
1285 1686 1390 1737 πᾶν
1438 1685 1837 1747 ἐπιϐλέποντος.

1946 1689 2154 1758 Caprea
2189 1688 2460 1759 signiﬁcat
2491 1689 2640 1742 visus
2683 1699 2914 1739 acumen
2945 1692 2999 1738 et
3039 1683 3513 1752 perspicacitatem

264 1771 398 1822 Φασὶ
442 1771 552 1841 γὰρ
587 1772 744 1825 τούτο
789 1773 852 1826 τὸ
889 1773 1026 1838 ζῶον
1056 1772 1352 1846 ὑπερφυῶς
1389 1774 1740 1846 δερκόμενον,
1778 1779 1842 1828 ἐκ

263 1861 358 1930 τῆς
390 1863 670 1932 ἐνεργείας
692 1864 838 1935 ἔχειν
866 1865 926 1918 τὸ
949 1865 1140 1937 ὄνομα.
1185 1867 1346 1921 Ἀλλὰ
1376 1869 1482 1938 μὴν
1505 1867 1698 1922 ταύτόν
1728 1871 1842 1922 ἐστι

262 1952 338 2023 τῷ
386 1952 686 2007 θεάσασθαι
733 1956 794 2007 τὸ
835 1955 1144 2026 δέρκεσθαι.
1193 1957 1402 2012 Οὐκοῦν
1445 1961 1472 2012 ὁ
1519 1957 1728 2028 ἐφορῶν
1776 1956 1844 2010 τὰ

263 2043 438 2096 πάντα
479 2046 573 2097 καὶ
606 2045 937 2109 ἐπιόλέπων,
973 2048 1037 2100 ἐκ
1076 2047 1170 2101 τοῦ
1205 2047 1505 2102 θεάσασθαι
1538 2048 1608 2101 τὰ
1643 2047 1839 2112 πάντα,

265 2134 393 2198 Θεὸς
413 2134 524 2189 τῶν
556 2136 772 2190 πάντων
799 2137 1218 2208 ἐπονομάζεται.
1261 2138 1478 2209 Ἐπειδὴ
1507 2138 1684 2191 τοίνυν
1711 2136 1844 2199 Θεὸς

264 2225 580 2296 ἐφανερώθη
607 2229 663 2279 ἐν
689 2229 851 2299 σαρκὶ
888 2231 916 2282 6
946 2231 1039 2283 ἐπὶ
1062 2230 1380 2301 καθαιρέσει
1403 2229 1508 2282 τῶν
1536 2229 1844 2297 ἀντικειμέ-

265 2333 365 2368 νων
394 2317 679 2388 δυνάμεων
707 2320 990 2387 ἐπιφανεὶς
1017 2320 1096 2390 τῷ
1142 2321 1241 2392 βίῳ
1261 2361 1274 2385 ,
1317 2320 1406 2374 διὰ
1435 2320 1591 2373 τοῦτο
1623 2318 1844 2390 δορκάδι

269 2408 361 2476 μὲν
386 2409 688 2478 ὁμοιοῦται,
712 2411 740 2462 6
767 2411 831 2462 ἐκ
859 2411 968 2466 τῶν
1001 2411 1246 2483 οὐρανῶν
1270 2413 1362 2464 ἐπὶ
1383 2412 1480 2481 τὴν
1506 2413 1608 2481 γῆν
1630 2408 1846 2462 ἐπιϐλέ-

265 2499 367 2567 ψας
390 2517 404 2529 ⁶
443 2500 619 2571 νεϐρῷ
649 2501 704 2553 δὲ
728 2543 741 2566 ,
769 2501 838 2554 τὰ
863 2503 964 2574 ὅρη
1008 2504 1103 2556 καὶ⁸
1129 2503 1257 2566 τοὺς
1289 2503 1509 2573 βουνοὺς
1539 2500 1842 2572 διαλαμϐά-

267 2605 368 2642 νων
413 2591 526 2652 τοῖς
573 2591 804 2659 ἆλμασι·
851 2593 1147 2658 τουτέστιν,
1196 2593 1225 2644 6
1267 2592 1596 2646 καταπατῶν
1646 2609 1704 2645 τε
1753 2592 1844 2645 καὶ

267 2678 548 2731 καταλύων
578 2679 647 2732 τὰ
677 2681 886 2752 πονηρά
912 2682 1013 2752 τῆς
1038 2683 1146 2737 τῶν
1171 2683 1437 2754 δαιμόνων
1468 2683 1663 2744 κακίας
1694 2680 1842 2750 ὑψώ-

270 2788 429 2840 ματα.
475 2773 614 2842 Ὄρη
669 2771 766 2841 μὲν
802 2773 910 2842 γὰρ
944 2773 1124 2840 λέγει,
1174 2773 1242 2825 τὰ
1283 2775 1340 2824 ἐν
1382 2775 1448 2842 τῇ
1490 2770 1841 2844 κραταιότητι

269 2860 430 2914 αἱ)τοῦ
466 2863 847 2932 ταρασσόμενα
867 2903 880 2926 ,
913 2862 987 2926 ὥς
1028 2880 1194 2934 φησιν
1226 2865 1253 2916 6
1277 2864 1476 2926 Δαϐὶδ,
1514 2865 1589 2916 Τὰ
1608 2879 1844 2931 μετατι-

269 2951 480 3019 θέμενα
518 2952 587 3003 ἐν
628 2951 898 3020 καρδίαις
942 2952 1304 3018 θωασσῶν,
1349 2953 1444 3006 καὶ
1474 2953 1552 3023 τῷ
1594 2957 1845 3022 συγγενεῖ

265 3041 412 3111 τόπῳ
465 3043 566 3110 τῆς
626 3042 863 3095 ἀϐύσσου
927 3043 1322 3112 καταδυόμενα.
1357 3044 1518 3112 ’Περὶ
1577 3037 1651 3096 ὧν
1711 3044 1843 3113 πρὸς

269 3135 387 3195 τοὺς
424 3131 671 3202 μαθητὰς
703 3127 854 3186 εἶπεν
891 3135 918 3185 6
951 3132 1153 3204 Κύριος
1177 3175 1190 3200 ,
1225 3134 1307 3186 ὅτι
1359 3133 1495 3186 Ἐὰν
1539 3133 1715 3201 ἔχητε
1745 3134 1840 3187 πί-

271 3237 402 3274 στιν
425 3223 507 3288 ὠς
540 3223 762 3277 κόκκον
793 3223 1094 3291 σινάπεως
1113 3265 1128 3289 ,
1173 3225 1356 3293 ἐρεῖτε
1388 3225 1467 3290 τῷ
1511 3226 1628 3294 ὄρει
1655 3228 1845 3294 τούτῳ

274 3314 514 3381 (δεικνὺς
542 3313 618 3385 τῷ
646 3315 791 3386 λόγῳ
832 3315 893 3368 τὸ
937 3315 1169 3386 πονηρὸν
1206 3318 1381 3369 ἐκεῖνο
1427 3319 1520 3370 καὶ
1565 3318 1843 3387 σεληναῖον

270 3404 580 3476 δαιμόνιον),
604 3405 691 3458 ὅτι
713 3406 952 3474 Ἀρθητι
977 3407 1076 3461 καὶ
1089 3409 1353 3476 βλήθητι
1371 3411 1458 3473 εις
1483 3408 1598 3476 τὴν
1621 3408 1846 3462 θάλασ-

273 3513 405 3549 σαν.
458 3497 676 3568 Ἐπειδὴ
717 3498 897 3551 τοίνυν
929 3499 1059 3552 ίδιον
1091 3499 1190 3568 τῆς
1221 3499 1428 3571 νεϐρῶν
1462 3503 1577 3553 ἐστι
1630 3499 1843 3568 φύσεως

271 3587 328 3638 τὸ
367 3587 698 3641 άναλωτικδν
740 3588 848 3641 τῶν
881 3589 1104 3660 θηρίων,
1160 3591 1252 3643 καὶ
1293 3591 1355 3644 τὸ
1401 3590 1726 3660 φυγαδεύειν
1765 3584 1844 3660 τῷ

271 3677 505 3748 ἄσθματι
546 3678 640 3731 καὶ
682 3681 746 3749 τῇ
778 3678 873 3732 τοῦ
919 3680 1128 3749 χρωτὸς
1165 3680 1386 3752 ἰδιότητι
1429 3682 1490 3734 τὸ
1522 3682 1630 3734 τῶν
1668 3682 1843 3750 ὄφεων

269 3770 459 3838 γένος*
494 3770 584 3824 διὰ
624 3769 780 3823 τοῦτο
828 3770 1046 3841 δορκάδι
1090 3771 1188 3842 μὲν
1236 3773 1264 3824 ό
1305 3773 1514 3844 ἐφορῶν
1549 3773 1617 3826 τὰ
1669 3773 1843 3826 πάντα

266 3859 565 3931 ὡμοίωται·
591 3861 768 3930 νεϐρῷ
791 3860 847 3913 δὲ
877 3861 1111 3930 ἐλάφων,
1135 3861 1210 3926 ὡς
1238 3863 1422 3915 πατῶν
1450 3879 1508 3914 τε
1540 3863 1632 3915 καὶ
1659 3861 1844 3914 ἀναλί-

270 3967 416 4003 σκων
440 3951 538 4021 τὴν
564 3952 807 4006 ἐναντίαν
836 3953 1136 4025 ἐνέργειαν,
1169 3953 1236 4024 ἣν
1267 3956 1300 4024 ἡ
1335 3953 1570 4025 τροπικὴ
1601 3951 1844 4023 σημασία

268 4043 368 4113 ὅρη
394 4044 490 4096 καὶ
524 4042 743 4112 βουνοὺς
767 4046 1144 4115 κατωνόμασε.

1944 1778 2064 1846 ejus
2106 1778 2198 1846 qui
2245 1776 2426 1830 omnia
2476 1775 2718 1844 respicit.
2772 1773 2942 1826 Aiunt
2969 1772 3114 1826 enim
3153 1771 3256 1826 hoc
3309 1769 3516 1823 animal

1943 1867 2157 1936 egregie
2199 1874 2251 1920 et
2291 1864 2600 1918 mirandum
2654 1864 2708 1917 in
2756 1862 2978 1917 modum
3023 1861 3261 1926 intuens,
3314 1873 3514 1913 nomen

1943 1956 2142 2009 habere
2173 1970 2236 2008 ex
2263 1953 2609 2024 operatione;
2632 1951 2828 2021 δορκάς
2861 1950 3003 2005 enim
3023 1950 3245 2012 dicitur,
3276 1947 3382 2012 ἀπὸ
3419 1943 3514 2000 τοῦ

1942 2029 2249 2116 δέρκεσθαι,
2295 2046 2439 2114 quod
2481 2051 2565 2099 est
2597 2043 2800 2096 videre.
2835 2041 2995 2109 Atqui
3045 2037 3330 2108 δέρκεσθαι
3371 2036 3516 2092 idem

1943 2146 2027 2192 est
2056 2135 2199 2206 quod
2230 2135 2474 2200 θεᾶσθαι,
2506 2135 2649 2204 quod
2683 2132 2952 2199 signiﬁcat
2987 2131 3124 2185 idem
3156 2131 3302 2199 quod
3334 2129 3520 2184 videre

1944 2235 1999 2280 et
2031 2227 2300 2294 aspicere.
2337 2223 2439 2290 Qui
2472 2240 2602 2292 ergo
2631 2224 2814 2278 omnia
2847 2222 3042 2292 aspicit
3066 2230 3121 2275 et
3154 2221 3414 2285 intuetur,
3450 2235 3520 2275 ex

1944 2332 2008 2372 eo
2036 2317 2184 2387 quod
2219 2317 2399 2371 omnia
2452 2317 2746 2380 intueatur,
2796 2329 2991 2383 nempe
3026 2313 3134 2365 ἀπὸ
3161 2311 3252 2366 τοῦ
3294 2309 3519 2365 θεᾶσθαι
3559 2373 3562 2377 _

1944 2411 2261 2465 nominatur
2294 2409 2437 2463 Deus
2472 2408 2875 2462 universorum.
2911 2403 3181 2471 Quoniam
3215 2417 3345 2472 ergo
3375 2401 3518 2456 Deus

1944 2501 1998 2554 ἣ]
2031 2515 2194 2555 carne
2225 2500 2327 2553 t‘uit
2370 2497 2775 2564 manifestatus,
2811 2496 2903 2566 qui
2936 2496 3001 2550 ad
3047 2494 3391 2550 adversarias
3423 2492 3520 2546 de-

1945 2593 2132 2647 lendas
2161 2600 2456 2662 potestates
2488 2591 2542 2645 in
2573 2588 2779 2644 mundo
2810 2589 3081 2659 apparuit,
3115 2597 3399 2657 propterea
3426 2599 3520 2640 as-

1945 2685 2218 2738 similatur
2250 2696 2480 2751 capreae,
2510 2689 2568 2736 ut
2598 2681 2692 2751 qui
2724 2697 2755 2736 e
2787 2681 2944 2734 costis
2975 2680 3028 2733 in
3059 2688 3260 2734 terram
3293 2691 3520 2747 aspexe-

1947 2775 2036 2827 rit.
2071 2774 2309 2827 llinnulo
2337 2783 2520 2827 autem
2555 2787 2866 2834 cervorum,
2899 2770 2992 2838 qui
3024 2781 3238 2823 montes
3267 2775 3321 2821 et
3347 2766 3519 2821 colles

1947 2863 2178 2919 saltibus
2199 2862 2633 2932 comprehendit,
2669 2861 2772 2916 hoc
2803 2867 2905 2925 est,
2939 2859 3032 2928 qui
3061 2857 3348 2911 coneuleat
3379 2855 3521 2910 fran-

1947 2956 2132 3025 gitque
2169 2963 2223 3010 et
2248 2954 2445 3010 evertit
2472 2953 2749 3023 improbas
2780 2951 2895 3006 vitii
2932 2949 3238 3004 daemonum
3275 2946 3520 3000 altitudi-

1945 3065 2066 3104 nes.
2098 3046 2232 3101 Nam
2265 3054 2478 3101 montes
2513 3046 2734 3115 quidem
2776 3043 2907 3098 dicit
2936 3057 3030 3098 eos
3063 3041 3156 3111 qui
3189 3038 3519 3093 conturban~

1941 3149 2032 3193 tur
2061 3140 2115 3193 in
2145 3139 2266 3206 ejus
2297 3135 2640 3200 fortitudine,
2669 3141 2728 3188 ut
2759 3133 2895 3186 dicit
2921 3128 3249 3196 David,.Qui
3288 3126 3519 3196 transfe-

1942 3240 2133 3285 runtur
2162 3233 2214 3283 in
2262 3246 2354 3284 cor
2382 3228 2548 3281 maris
2569 3269 2583 3292 ,
2611 3235 2664 3282 et
2694 3225 2788 3295 qui
2815 3225 2872 3278 in
2901 3229 3195 3294 cognatum
3225 3220 3308 3276 eis
3337 3217 3520 3288 abyssi

1943 3323 2123 3376 locum
2159 3320 2549 3388 demerguntur
2577 3318 2648 3373 ⁸ο.
2694 3317 2770 3372 De
2821 3315 3022 3385 quibus
3066 3312 3204 3366 dixit
3257 3307 3519 3363 Dominus

1945 3413 2063 3467 suis
2102 3410 2389 3479 discipulis
2416 3426 2429 3461 :
2469 3407 2532 3464 Si
2570 3407 2808 3460 habeatis
2839 3406 2998 3474 fidem
3027 3403 3162 3457 sicut
3193 3415 3413 3470 granum
3440 3397 3520 3450 si-

1945 3505 2119 3570 napis,
2154 3502 2339 3554 dicetis
2371 3500 2495 3552 huic
2521 3500 2687 3552 monti
2717 3499 2844 3567 (hoc
2876 3497 3039 3551 verbo
3061 3493 3359 3550 ostendens
3389 3489 3519 3543 illud

1944 3594 2254 3662 improbum
2313 3606 2377 3645 ac
2429 3591 2621 3644 lunare
2665 3587 3017 3656 daemonium)
3064 3605 3077 3640 :
3129 3584 3422 3638 Extollitor
3470 3591 3520 3634 et

1941 3680 2218 3749 projicitor
2258 3680 2311 3732 in
2341 3683 2484 3731 inare
2506 3679 2574 3731 ⁸⁸.
2605 3676 2875 3742 Quoniam
2921 3675 3086 3745 igitur
3129 3684 3212 3728 est
3241 3671 3519 3740 proprium

1944 3779 2154 3825 natura:
2200 3769 2553 3824 liinnulorum
2591 3780 2900 3825 cervorum,
2940 3773 2999 3817 ut
3041 3771 3095 3817 et
3139 3761 3350 3816 belluas
3382 3774 3516 3812 con-

1945 3868 2187 3923 sumant,
2223 3869 2276 3913 et
2308 3859 2441 3912 alitu
2476 3858 2783 3924 colorisque
2828 3855 2910 3908 sui
2937 3853 3268 3922 proru'ietate
3293 3864 3516 3918 serpen-

1944 3960 2028 4006 tes
2079 3950 2289 4019 lugent,
2345 3955 2631 4018 propterea
2681 3960 2890 4016 capreae
2920 3944 3138 4014 quidem
3186 3939 3519 3996 assimilatur

1945 4043 2041 4114 qui
2066 4041 2250 4097 omnia
2294 4041 2573 4105 intuetur;
2603 4037 2832 4092 hinnulo
2879 4044 3062 4090 autem
3098 4047 3408 4092 cervorum,
3461 4038 3523 4084 ut

268 4139 364 4206 qui
397 4139 684 4194 conculcet
725 4147 779 4194 et
824 4147 1116 4195 consumat
1153 4138 1521 4194 adversariam
1552 4137 1944 4209 operationem,
1988 4151 2154 4208 quam
2203 4134 2412 4205 tropica
2456 4131 2853 4203 signiﬁcatione
2899 4127 3200 4184 nominavit
3227 4134 3439 4180 montes
3466 4128 3523 4177 et

271 4232 460 4286 colles.

340 4322 536 4389 Γέγονε
588 4319 767 4374 τοίνυν
813 4321 846 4391 ἡ
895 4319 990 4374 τοῦ
1034 4320 1267 4392 νυμφίου
1315 4319 1467 4390 φωνὴ
1515 4321 1547 4390 ἡ
1602 4319 1690 4372 διὰ
1736 4317 1842 4371 τῶν

2017 4315 2144 4370 Fuit
2173 4328 2306 4385 ergo
2337 4327 2440 4368 vox
2460 4309 2646 4380 sponsi
2670 4323 2767 4379 per
2788 4304 3080 4378 prOphetas
3099 4303 3152 4357 in
3167 4301 3366 4372 quibus
3382 4300 3522 4356 Deus

275 4409 570 4482 προφητῶν
618 4411 675 4462 ἐν
719 4407 801 4473 οἷς
845 4410 1101 4481 ἐλάλησεν
1147 4411 1175 4462 6
1220 4409 1383 4472 Θεόςο
1423 4410 1517 4462 καὶ
1567 4406 1704 4479 μετὰ
1746 4408 1846 4478 τὴν

277 4503 458 4572 φωνὴν
494 4496 659 4570 ἦλθεν
701 4503 730 4553 6
768 4502 958 4570 Λόγος,
994 4500 1272 4570 ἐπιπηδῶν
1303 4502 1417 4563 τοῖς
1458 4497 1847 4569 ἀντικειμένοις

274 4592 442 4662 δρεσι,
488 4591 582 4643 καὶ
613 4589 722 4642 τῶν
754 4589 954 4659 βουνῶν
984 4590 1381 4660 καθαλλόμενος
1400 4630 1415 4654 ,
1445 4591 1624 4642 πᾶσαν
1662 4590 1727 4641 ἐκ
1751 4588 1845 4641 τοῦ

277 4680 387 4732 ῐσου
417 4679 516 4750 τὴν
544 4679 914 4751 ἀποστατικὴν
932 4679 1160 4750 δύναμιν
1190 4680 1433 4750 ύπίχνιον
1456 4678 1631 4750 ἐαυτῷ
1655 4679 1842 4742 ποιῶν,

270 4769 366 4838 τήν
415 4787 477 4822 τε
520 4771 935 4840 ὑποδεεστέραν,
984 4772 1079 4824 καὶ
1123 4772 1223 4842 τὴν
1265 4771 1631 4840 προάγουσαν.
1676 4767 1846 4822 Τοῦτο

273 4863 379 4932 γὰρ
408 4863 516 4914 τῶν
548 4862 750 4932 βουνῶν
793 4865 826 4932 ἡ
856 4863 989 4934 πρὸς
1022 4863 1090 4916 τὰ
1129 4863 1229 4934 ὅρη
1260 4862 1510 4934 διαστολὴ
1547 4861 1846 4914 ύπαινίττε-

273 4969 380 5016 ται,
414 4953 497 5004 ὅτι
540 4953 635 5005 καὶ
669 4953 729 5005 τὸ
771 4953 954 5022 ἐξέχον
983 4955 1040 5006 ἐν
1077 4955 1187 5016 τοῖς
1221 4952 1610 5024 ἀντικειμένοις
1643 4951 1842 5022 ὁμοίως

273 5041 349 5112 τῷ
391 5041 754 5113 ὑποϐεϐηκότι
800 5042 1142 5114 καθαιρεῖται
1163 5082 1177 5106 ,
1213 5043 1269 5096 ἐν
1301 5046 1368 5114 τῇ
1403 5043 1626 5113 δυνάμει
1660 5057 1718 5093 τε
1751 5041 1844 5094 καὶ

275 5133 491 5203 ἐξουσίᾳ
543 5133 899 5203 πατούμενον.
961 5134 1189 5205 Ὁμοίως
1237 5134 1345 5206 γὰρ
1391 5135 1784 5188 καταπατεῖται
1815 5134 1844 5187 6

275 5224 409 5279 λέων
439 5242 500 5278 τε
529 5226 622 5278 καὶ
649 5227 679 5278 6
705 5224 940 5295 δράκων,
969 5225 1037 5278 τὰ
1069 5225 1418 5296 ὑπερέχοντα,
1449 5226 1478 5279 ὃ
1505 5242 1566 5278 τε
1598 5224 1720 5293 ὄφις
1751 5223 1843 5278 καὶ

276 5318 306 5367 ό
327 5317 599 5390 σκορπίος,
625 5317 695 5370 τὰ
715 5316 974 5370 δοκοῦντα
1002 5317 1418 5388 καταδεέστερα.
1449 5311 1575 5370 Οἷόν
1602 5334 1654 5370 τι
1678 5315 1840 5386 λέγω·

288 5406 374 5460 Ἐν
406 5412 514 5473 τοῖς
542 5408 924 5463 ἀκολουθοῦσιν
952 5409 1100 5480 αύτῷ
1141 5409 1318 5480 ὄχλοις
1349 5408 1472 5480 ὅρη,
1503 5407 1774 5479 δαιμόνια,
1805 5408 1838 5479 ἢ

352 5584 395 5615 ’⁸
439 5583 578 5642 Psal.
634 5603 801 5651 van,
845 5585 898 5642 9.
997 5587 1041 5620 "
1069 5583 1228 5642 llebr.
1267 5603 1303 5654 ι,
1334 5585 1387 5642 2.

1485 5587 1528 5619 ⁸ο
1562 5583 1705 5640 Psal.
1740 5598 1860 5650 διν,
1892 5581 1948 5635 5.-

1948 4417 2032 4466 cst
2062 4410 2278 4463 locutus
2311 4420 2324 4456 :
2355 4414 2408 4458 et
2442 4410 2566 4473 post
2596 4415 2784 4455 vocem
2817 4399 2966 4453 venit
2998 4395 3233 4449 Verbum
3253 4434 3268 4457 ,
3317 4393 3521 4448 saliens

1948 4514 2116 4569 supra
2150 4505 2363 4551 montes
2386 4497 2668 4558 adversos,
2697 4496 2753 4544 et
2789 4489 2842 4542 in
2879 4487 3049 4541 colles
3080 4483 3418 4546 transiliens,
3454 4497 3519 4536 ex

1947 4602 2104 4656 aequo
2134 4597 2349 4638 omnem
2397 4594 2516 4650 quae
2566 4579 2635 4632 ab
2678 4578 2796 4648 ipso
2826 4574 3026 4630 defecit
3061 4580 3384 4643 potestatem
3417 4570 3521 4624 sibi

1950 4677 2184 4732 reddens
2199 4673 2526 4742 subiectam,
2548 4679 2655 4724 tam
2677 4683 2798 4738 qua:
2822 4676 2906 4722 est
2923 4665 3194 4736 superior,
3214 4677 3377 4732 quam
3401 4677 3522 4731 qua:

1950 4776 2034 4824 est
2064 4764 2292 4820 inferior
2323 4771 2376 4817 et
2409 4762 2607 4815 minor.
2649 4757 2764 4813 Hoc
2793 4757 2936 4811 enim
2963 4753 3271 4811 subindicat
3300 4750 3519 4804 collium

1950 4876 1981 4916 a
2005 4857 2282 4914 montibus
2327 4853 2652 4920 diﬂerentia,
2689 4848 2835 4919 quod
2876 4847 2928 4902 id
2956 4844 3099 4915 quod
3132 4843 3344 4898 excellit
3380 4841 3521 4895 inter

1950 4947 2314 5010 adversarios,
2367 4960 2522 5014 aeque
2567 4941 2834 5006 deleatur,
2890 4947 2946 4992 et
3004 4933 3190 4991 eadem
3222 4932 3426 4985 virtute
3457 4944 3524 4984 ac

1950 5048 2221 5112 potestate
2258 5036 2633 5097 conculcetur,
2684 5039 2849 5096 atque
2888 5027 2942 5081 id
2973 5025 3118 5097 quod
3156 5031 3238 5078 est
3266 5020 3518 5112 inferius.

1952 5111 2216 5188 Similiter
2265 5128 2414 5182 enim
2465 5124 2862 5179 conculcantur
2913 5119 3000 5173 leo
3063 5124 3117 5172 et
3180 5115 3366 5179 draco,
3423 5111 3518 5180 qui

1949 5225 2210 5286 eminent,
2263 5227 2426 5289 atque
2482 5230 2710 5286 serpens
2757 5221 2812 5267 et
2859 5209 3111 5279 scorpius
3139 5198 3230 5275 qui
3259 5202 3516 5257 videntur

1951 5316 2261 5372 inferiores.
2308 5308 2552 5380 Exempli
2587 5320 2757 5362 causa
2791 5321 2804 5358 :
2839 5301 2897 5357 In
2929 5300 3104 5356 turbis
3131 5312 3250 5369 qua:
3273 5308 3396 5349 eum
3423 5305 3515 5344 se-

1945 5409 2251 5482 quebantur
2294 5409 2450 5460 erant
2507 5408 2740 5463 montes,
2779 5396 3073 5459 daemones,
3115 5396 3209 5445 aut
3249 5387 3302 5441 in
3348 5394 3515 5453 σξηα-

2023 5580 2064 5611 ⁸¹
2089 5577 2274 5632 Matth.
2307 5589 2437 5642 xvii,
2469 5573 2551 5627 t9.
