3928 6196
427 167 535 224 θῶ

1647 187 1706 244 S.
1745 189 2070 247 GREGORII
2108 191 2399 249 NYSSENI
3509 203 3593 263 865

431 286 608 352 sagis,
662 293 756 339 aut
809 287 864 340 in
917 290 1136 360 regione
1186 293 1610 369 Gerasenorum,
1660 312 1754 358 aut
1783 305 1837 360 in
1869 308 1969 362 alii:

2093 312 2150 364 ἐν
2169 314 2291 375 ταῖς
2308 313 2646 380 συναγωγαῖς
2669 306 2758 382 ἦν,
2779 309 2813 381 ἢ
2842 311 2898 364 ἐν
2917 311 2982 382 τῇ
3008 308 3159 382 χώρᾳ
3177 309 3279 365 τῶν
3299 311 3595 388 Γερασηνῶν,

427 378 614 430 multis
643 376 1713 450 locis,quierigebanturetextollebantur
1728 397 1969 453 adversa:

2093 402 2128 472 ἢ
2164 403 2223 454 ἐν
2257 376 2465 473 ἑτέροις
2500 376 3144 466 τόποις-πολλοῖςξκατ-ὰ-
3170 401 3265 472 τῆς
3307 376 3599 482 ἀνθρωπίνης

428 465 721 518 humanam
753 475 1027 526 naturam.
1063 471 1141 526 Ex
1173 473 1240 529 iis
1268 486 1397 531 sunt
1421 487 1475 534 et
1498 482 1666 539 colles
1695 496 1749 540 et
1779 497 1993 544 montes

424 554 754 610 excellentes
801 566 856 613 et
909 560 1217 620 inferiores.
1267 567 1374 623 Sed
1413 571 1678 630 binnulus
1705 591 1990 633 cervorum

425 643 516 710 qui
556 648 832 701 consumit
879 661 1183 721 serpentes,
1229 665 1285 710 et
1341 661 1433 728 qui
1474 663 1636 717 etiam
1693 665 1993 737 discipulos

425 733 634 802 perﬁcit
669 738 724 790 in
783 748 1033 797 naturam
1084 760 1395 817 cervorum,
1439 768 1562 807 cum
1613 755 1748 810 dicit
1805 758 1994 814 :Dedi

423 825 564 874 vobis
611 837 921 893 potestatem
973 833 1219 888 calcandi
1250 853 1407 905 super
1459 853 1719 910 serpentes
1757 855 1807 898 et
1841 863 1990 900 scor-

421 910 535 976 pios
563 911 610 942 ⁸²
638 953 652 976 ,
706 914 760 967 in
801 931 993 993 omnes
1025 934 1090 974 ex
1121 937 1278 992 aequo
1303 926 1542 994 plantam
1577 930 1840 1000 immittit,
1875 935 1991 991 haec

423 1005 476 1050 et
507 997 723 1069 fugatis,
757 1011 811 1058 et
843 1005 913 1059 ab
946 1007 1032 1063 his
1067 1009 1134 1062 ad
1165 1012 1270 1066 alia
1306 1017 1642 1082 transiliens,
1668 1028 1726 1073 ut
1758 997 1853 1091 per
1877 1024 1990 1080 haec

337 1137 341 1140 λ
422 1100 680 1157 appareat
723 1097 1045 1164 magnitudo
1075 1115 1262 1156 eorum
1293 1106 1384 1173 qui
1419 1106 1470 1160 in
1514 1110 1686 1164 altum
1723 1114 1992 1170 tolluntur

419 1191 484 1230 ex
539 1181 760 1248 virtute,
796 1201 904 1241 non
933 1190 1166 1259 amplius
1199 1194 1490 1251 obscurata
1521 1215 1552 1254 a
1584 1202 1816 1258 collibus
1847 1207 1985 1262 vitii.

422 1264 686 1326 Videntur
731 1276 875 1329 enim
925 1290 1138 1336 montes
1188 1282 1374 1340 Bethel
1420 1304 1486 1342 ex
1533 1291 1986 1363 interpretatione

421 1358 680 1425 nominis,
719 1368 1008 1423 ostendere
1053 1374 1325 1428 excelsam
1371 1385 1425 1431 et
1471 1381 1746 1437 caelestem
1796 1387 1983 1443 vitam.

419 1445 552 1502 Nam
604 1451 825 1508 domum
872 1458 964 1512 Dei
1015 1460 1158 1516 hanc
1194 1465 1506 1535 significare
1555 1472 1870 1541 dictionem,
1902 1479 1986 1532 di-

415 1548 549 1593 cunt
577 1542 614 1594 ii
643 1548 734 1614 qui
771 1549 953 1604 sciunt
983 1552 1220 1622 linguam
1257 1557 1562 1617 Hebraeam.
1609 1565 1748 1620 Dicit
1778 1571 1980 1640 itaque,

416 1629 586 1698 Super
626 1648 826 1693 montes
871 1641 1073 1698 Belhel.
1122 1646 1231 1702 Eos
1274 1649 1411 1704 vidit
1459 1665 1723 1725 purgatus
1764 1671 1818 1714 et
2012 1656 2055 1710 Β

415 1721 603 1787 spicax
635 1726 829 1781 animae
856 1731 1070 1796 oculus,
1105 1735 1199 1803 qui
1233 1750 1358 1791 cum
1383 1721 1588 1798 divinis
1617 1745 1723 1801 illis
1751 1721 1981 1808 saltibus

413 1811 507 1878 qui
557 1812 691 1868 fiunt
739 1817 1004 1876 adversus
1049 1824 1310 1881 adversos
1367 1832 1558 1895 colles,
1608 1837 1772 1891 simul
1828 1849 1972 1897 tran-

413 1902 555 1968 silit;
623 1915 678 1961 et
744 1909 813 1963 de
843 1921 1088 1982 tempore
1139 1925 1284 1986 quod
1335 1931 1524 1989 postea
1573 1933 1658 1980 est
1709 1928 1977 2002 futurum,

413 1999 669 2063 tanquam
712 1999 779 2053 de
817 2017 928 2069 1am
968 2016 1232 2073 praesente
1276 2011 1438 2064 verba
1491 2012 1658 2068 facit:
1692 1999 1977 2089 propterea

411 2084 555 2150 quod
590 2086 661 2140 sit
690 2098 838 2142 certa
862 2100 916 2145 et
965 2095 1270 2151 indubitata
1327 2116 1450 2168 qua:
1499 2084 1752 2180 speratur
1778 2084 1976 2180 ératia,

411 2185 561 2239 spem
617 2182 873 2244 tanquam
922 2195 1062 2249 opus
1113 2182 1216 2244 iam
1263 2182 1465 2240 factum
1522 2189 1762 2248 intuens.

479 2367 620 2424 Dicit
677 2371 845 2435 enim,
905 2378 1053 2444 quod
1105 2379 1198 2447 qui
1223 2379 1245 2447 ζ
1254 2380 1425 2435 nobili
1475 2383 1757 2443 celeritate
1810 2393 1974 2449 saltat

406 2459 670 2515 adversus
716 2471 967 2528 montes,
1023 2473 1077 2519 et
1132 2481 1163 2520 a
1213 2469 1448 2525 collibus
1501 2473 1557 2526 in
1597 2476 1766 2532 colles
1819 2487 1974 2536 tran-

404 2553 548 2616 silit,
586 2557 824 2622 seipsum
867 2558 1104 2610 ostendit
1144 2557 1499 2626 immobilem,
1543 2574 1666 2632 post
1707 2570 1970 2636 parietem

405 2657 652 2709 manens,
697 2655 751 2701 et
787 2663 853 2701 ex
899 2649 1160 2705 cancellis
1197 2651 1357 2706 verba
1399 2653 1625 2714 faciens.
1665 2659 1758 2715 Sic
1788 2677 1970 2719 autem

402 2733 567 2789 habet
609 2737 978 2793 textus:Ecce
1023 2739 1106 2793 hic
1162 2750 1272 2795 stat
1318 2753 1435 2810 post
1469 2748 1725 2814 parietem
1772 2770 1968 2819 meum,

399 2827 718 2894 prospiciens
772 2843 862 2894 per
904 2829 1180 2898 fenestras,
1229 2847 1485 2899 apparens
1536 2854 1628 2906 per
1686 2843 1966 2899 cancellos.

397 2914 576 2982 Atque
633 2916 778 2985 quod
850 2921 1210 2989 corporaliter
1256 2923 1474 2990 quidem
1521 2927 1853 2985 describitur
1901 2934 1970 2988 ab

397 3005 664 3070 oratione,
713 3017 796 3062 est
839 3010 1310 3079 ejusmodi:Cum
1358 3030 1560 3085 sponsa
1591 3019 1741 3075 intus
1787 3033 1971 3078 custo-

395 3096 577 3152 diente
632 3098 885 3164 domum,
949 3117 1044 3170 per
1101 3102 1370 3160 fenestras
1439 3117 1651 3164 amator
1705 3112 1965 3179 disserit,

393 3191 448 3237 et
499 3185 708 3254 pariete
763 3188 1087 3245 intermedio
1148 3200 1442 3264 utrumque
1514 3209 1768 3270 arcente,
1829 3205 1966 3260 citra

393 3275 564 3330 ullum
625 3277 1112 3348 impedimentum,
1148 3276 1225 3338 ‘fit
1277 3290 1545 3344 sermonis
1591 3297 1966 3351 communica-

392 3367 490 3429 tio,
523 3381 619 3435 per
662 3367 929 3426 fenestras
955 3372 1173 3441 quidem
1201 3389 1261 3430 se
1283 3376 1603 3436 demittente
1633 3385 1836 3454 capite,
1869 3403 1966 3456 per

389 3458 663 3513 cancellos
707 3468 886 3514 autem
948 3464 1041 3532 qui
1104 3475 1231 3520 sunt
1293 3468 1346 3522 in
1406 3469 1682 3539 fenestris,
1732 3477 1961 3534 interius

387 3548 548 3602 oculo
575 3549 928 3620 deSpiciente.
969 3555 1282 3627 Anagogica
1324 3569 1504 3616 autem
1551 3570 1960 3639 comtemplatio

386 3640 634 3709 sequitur
653 3658 873 3698 sensum
910 3646 1062 3715 prius
1085 3650 1473 3708 examinatum.
1510 3643 1610 3711 Via
1640 3660 1786 3714 enim
1821 3677 1956 3718 con-

385 3732 681 3800 sequentia:
759 3733 1053 3790 humanam
1111 3747 1370 3797 naturam
1438 3744 1549 3801 Deo
1601 3752 1953 3820 conjunmam

2097 497 2309 565 φύσεως
2337 497 2614 569 ὑψούμενά
2656 515 2716 551 τε
2758 499 2851 552 καὶ
2883 498 3276 570 κορυφούμενα.
3321 501 3406 554 Ἐκ
3430 505 3601 560 τούτων

2093 582 2236 657 ἦσαν
2265 587 2441 657 βουνοί⁵
2467 588 2560 641 καὶ
2581 588 2680 659 δρη
2706 587 3059 658 ὑπερέχοντες
3083 604 3144 640 τε
3165 587 3255 640 καὶ
3277 589 3598 660 ὑποκείμενον

2093 681 2207 734 ἀλλ’
2237 683 2265 733 6
2293 681 2482 752 νεϐρὸς
2509 681 2618 735 τῶν
2644 681 2876 750 ἐλάφων,
2905 682 2934 733 6
2965 680 3287 744 ἀναλωτικὺς
3311 683 3410 735 τῶν
3436 684 3603 753 δφεων,

2091 769 2120 820 6
2148 769 2243 821 καὶ
2275 771 2400 833 τοὺς
2436 769 2680 840 μαθητὰς
2714 771 2792 832 είς
2833 769 2932 839 τὴν
2960 768 3066 822 τῶν
3091 768 3297 837 ἐλάφων
3325 775 3607 843 καταρτιζόο

2095 875 2253 928 μενος
2296 859 2477 927 φύσιν,
2515 860 2574 911 ὲν
2609 852 2690 921 οἷς
2729 856 2906 925 λέγει,
2942 857 3022 910 ὅτι
3052 855 3280 910 Δέδωκα
3307 858 3438 928 ὑμῖν
3465 860 3609 925 ἐξου-

2090 951 2235 1003 σίαν
2257 949 2361 1003 τοῦ
2389 949 2598 1004 πατεῖν
2623 948 2820 1002 ἐπάνω
2845 947 2963 1001 τῶν
2987 947 3179 1017 ὄφεων
3203 949 3296 1002 καί
3322 952 3608 1020 σκορπίων,

2092 1044 2256 1095 πᾶσιν
2303 1043 2496 1112 ἐπίσης
2528 1040 2804 1094 ἐπιϐάλλει
2847 1040 2907 1093 τὸ
2945 1041 3122 1110 ἴχνος,
3159 1039 3326 1094 ταῦτά
3365 1057 3420 1094 τε
3457 1060 3611 1111 φυγα-

2089 1132 2279 1194 δεύων,
2314 1130 2408 1186 καὶ
2423 1130 2818 1202 μεθαλλόμενος
2845 1132 2950 1184 ἀπὸ
2979 1129 3179 1184 τούτων
3207 1130 3337 1201 πρὸς
3361 1131 3526 1202 ἕτερα,
3550 1134 3613 1197 ὠς

2091 1222 2181 1275 διὰ
2213 1221 2415 1274 τούτων
2450 1221 2511 1273 τὸ
2547 1222 2772 1292 μέγεθος
2811 1221 2917 1275 τῶν
2954 1223 3072 1275 κατ’
3105 1221 3299 1292 ἀρετὴν
3329 1223 3613 1292 ύψουμένων

2089 1312 2444 1383 ἀναφανῆναι,
2486 1312 2679 1382 μηκέτι
2706 1314 2818 1374 τοῖς
2846 1311 3137 1379 γεωλόφοις
3171 1312 3271 1382 τῆς
3299 1314 3483 1375 κακίας
3507 1315 3614 1366 ἐπι-

2089 1404 2464 1474 σκοτούμενον.
2493 1404 2572 1456 Τὰ
2601 1403 2708 1472 γὰρ
2736 1404 2835 1474 δρη
2873 1403 3074 1472 Βαιθὴλ
3124 1401 3296 1457 ἔοικεν
3321 1406 3382 1456 ἐκ
3411 1403 3498 1456 τοῦ
3523 1405 3618 1457 ὀνό-

2091 1512 2258 1565 ματος
2290 1495 2388 1564 τῆς
2420 1494 2742 1565 ἑρμηνείας,
2776 1495 2866 1546 τὸν
2906 1494 3105 1564 ὑψηλὸν
3141 1494 3238 1547 καὶ
3275 1494 3506 1564 οὐράνιον
3542 1496 3617 1546 ἐν·

2084 1587 2390 1640 δείκνυσθαι
2416 1587 2548 1656 βίον.
2586 1582 2745 1639 Οῐκον
2775 1586 2880 1657 γὰρ
2909 1585 3041 1638 Θεοῦ
3073 1583 3356 1655 σημαίνειν
3378 1584 3469 1654 τὴν
3495 1583 3619 1648 λέξιν

2084 1677 2284 1747 ταύτην
2323 1677 2487 1746 φασὶν
2524 1678 2574 1730 οί
2606 1678 2704 1747 τῆς
2753 1675 3015 1746 Ἐϐραίων
3043 1674 3228 1744 φωνῆς
3267 1675 3619 1744 ἐπιστήμονες.

2086 1767 2176 1819 Διό
2209 1782 2394 1834 φησιν,
2444 1766 2565 1818 Ἐπί
2600 1766 2672 1818 τὰ
2704 1764 2809 1832 ὄρη
2838 1761 3082 1826 Βαιθήλ.
3123 1757 3247 1814 Εἷδε
3282 1760 3450 1813 ταῦτα
3486 1761 3512 1811 6
3545 1777 3624 1813 κε-

2086 1857 2428 1926 καθαρμένος
2463 1856 2558 1908 καὶ
2593 1855 2893 1925 διορατικὸς
2931 1856 3029 1923 τῆς
3060 1852 3242 1922 ψυχῆς
3285 1850 3543 1921 ὀφθαλμὸς
3564 1892 3578 1915 ,
3600 1855 3626 1905 6

2083 1951 2194 2011 τοῖς
2217 1948 2377 2015 θείοις
2407 1946 2632 2008 ἐκείνοις
2666 1945 2868 2015 ἆλμασι
2887 1945 2999 2006 τοῖς
3036 1941 3178 1996 κατὰ
3205 1941 3315 1995 τῶν
3343 1942 3627 2010 ἀντικειμέ-

2083 2058 2188 2094 νων
2208 2013 2494 2107 γεωλόφων
2517 2013 2820 2106 γινομένοις
2849 2051 2912 2086 συ
2921 2031 3377 2104 μμεθαλλόμενος’
3401 2032 3628 2102 καὶπερὶ

2080 2131 2172 2185 τοῦ
2205 2131 2396 2200 χρόνου
2439 2127 2662 2198 ὕστερον
2699 2125 3091 2196 γενησομένου,
3129 2123 3207 2187 ὡς
3245 2123 3342 2194 ῆδη
3385 2123 3628 2192 παρόντος

2081 2223 2310 2272 ποιεῖται
2332 2219 2419 2271 τὸν
2440 2217 2594 2285 λόγον
2613 2233 2627 2246 ο
2659 2216 2748 2269 διὰ
2781 2216 2840 2268 τὸ
2868 2215 3054 2267 πιστόν
3084 2231 3142 2266 τε
3163 2214 3260 2267 καί¹
3285 2212 3628 2283 ἀναμφίὸολον

2075 2311 2175 2380 τῆς
2194 2309 2549 2379 ἐλπιζομένης
2569 2308 2807 2378 χάριτος,
2826 2307 2901 2368 ὡς
2916 2306 3074 2377 ἔργον
3088 2304 3187 2375 τὴν
3211 2304 3398 2357 ἐλπίδα
3415 2302 3625 2372 βλέπων.

2144 2396 2282 2466 Φησὶ
2310 2395 2438 2466 γὰρ,
2469 2396 2549 2448 ὅτι
2579 2398 2608 2448 ὁ
2638 2393 2780 2447 κατὰ
2807 2394 2914 2446 τῶν
2947 2394 3116 2464 ὀρέων
3159 2393 3349 2463 πηδῶν
3381 2393 3630 2463 εύκινήτῳ

2077 2487 2154 2559 τῷ
2184 2489 2357 2557 τάχει,
2409 2486 2502 2539 καὶ
2537 2487 2617 2549 είς
2664 2485 2884 2554 βουνοὺς
2924 2483 3032 2557 άπὸ
3074 2483 3285 2553 βουνῶν
3319 2485 3630 2556 μεθαλλόμεο

2077 2596 2185 2642 νος,
2221 2578 2480 2647 στάσιμον
2519 2576 2784 2629 δείκνυσιν
2822 2575 3009 2627 ἐαυτὸν
3057 2577 3294 2628 κατόπιν
3330 2575 3423 2628 τοῦ
3464 2576 3628 2644 τοίχου

2078 2671 2380 2741 γενόμενος,
2405 2669 2497 2722 καὶ
2523 2669 2587 2720 ἐκ
2616 2667 2724 2722 τῶν
2751 2666 2980 2720 δικτύων
3007 2667 3114 2720 τῶν
3144 2667 3380 2738 θυρίδων
3405 2668 3631 2736 διαλεγόο

2080 2779 2254 2832 μενος.
2286 2761 2435 2831 Ἐχει
2455 2759 2511 2813 δὲ
2538 2759 2708 2822 οὕτως
2741 2758 2965 2827 ἠλέεις·
3007 2758 3162 2813 Ἰδοὺ
3189 2756 3373 2826 οὗτος
3395 2759 3633 2826 ἕστηκεν

2077 2854 2266 2905 ὀπίσω
2293 2851 2396 2906 τοῦ
2423 2853 2624 2919 τοίχου
2646 2849 2831 2919 ἡμῶν,
2857 2851 3166 2917 παρακύπτ
3177 2869 3266 2904 ων
3285 2851 3383 2905 διὰ
3406 2851 3521 2903 τῶν
3546 2853 3637 2903 θυ-

2066 2943 2286 3010 ρίδων,
2325 2943 2634 2996 ἐκκύπτων
2676 2941 2772 2994 διὰ
2812 2939 2930 2993 τῶν·
2970 2940 3252 2997 δικτύων.
3301 2943 3374 2995 Τὸ
3418 2943 3513 3012 μὲν
3551 2937 3634 2993 οὖν

2073 3033 2396 3103 σωματικῶς
2459 3035 2516 3085 ἐν
2573 3032 2652 3102 τῷ
2712 3032 2854 3103 λόγῳ
2912 3033 3403 3104 ύπογραφόμενον,
3472 3030 3635 3084 τοιοῦ-

2068 3124 2158 3176 τόν
2211 3125 2356 3175 ἐστιν
2381 3139 2394 3151 ο
2440 3123 2523 3174 ὅτι
2563 3121 2708 3173 ένδον
2745 3121 3100 3192 οίκουροῦσαν
3141 3123 3247 3192 τὴν
3286 3122 3503 3191 νύμφην
3557 3120 3634 3172 διὰ

2066 3212 2176 3266 τῶν
2217 3211 2443 3283 θυρίδων
2482 3213 2511 3264 6
2551 3211 2784 3282 ἐραστὴς
2817 3212 3156 3280 διαλέγεται,
3208 3213 3308 3266 καὶ
3345 3211 3440 3264 τοῦ
3470 3210 3636 3279 τοίχου

2066 3303 2208 3357 κατὰ
2251 3302 2312 3355 τὸ
2357 3302 2518 3373 μέσον
2569 3303 3318 3373 ἁμφοτέρουςδιείργοντος,
3360 3301 3637 3371 ἀνεμπόδιο

2067 3412 2190 3457 στος
2240 3395 2447 3462 γίνεται
2503 3393 2598 3447 τοῦ
2642 3394 2868 3465 λόγουή
2916 3395 3207 3461 κοινωνία,
3261 3394 3355 3449 διὰ
3408 3393 3504 3464 μὲν
3553 3391 3638 3444 θυ-

2065 3487 2224 3557 ρίδων
2280 3487 2378 3556 τῆς
2429 3486 2668 3556 κεφαλῆς
2722 3485 3220 3556 παρακύπτούσης,
3281 3486 3372 3540 διὰ
3427 3485 3484 3539 δὲ
3538 3483 3637 3536 τῶν

2060 3577 2289 3630 δικτύων
2348 3577 2457 3628 τῶν
2486 3577 2544 3628 ἐν
2601 3577 2720 3638 ταῖς
2782 3574 2961 3644 θυρίσι
3015 3577 3152 3647 πρὸς
3214 3577 3288 3630 τὰ
3339 3576 3490 3638 ἐντὸς
3550 3571 3636 3626 τοῦ

2059 3666 2336 3738 ὀφθαλμοῦ
2363 3665 2772 3728 διακόπτοντος.
2814 3667 2878 3719 Ἥ
2906 3667 2963 3718 δὲ
2993 3667 3136 3720 κατὰ
3168 3667 3474 3736 ἀναγωγὴν
3508 3665 3634 3718 θεω-

2060 3759 2150 3827 ρία
2211 3759 2310 3828 τῆς
2343 3756 2821 3827 προεξητασμένης
2843 3756 3020 3827 ἔχεται
3047 3757 3316 3820 διανοίας.
3369 3757 3508 3827 Ὀδῷ
3533 3755 3634 3826 γὰρ

383 3821 561 3876 reddit
623 3827 820 3889 oratio,
874 3829 1109 3897 primum
1159 3834 1379 3903 quidem
1447 3837 1620 3906 ipsam
1675 3843 1954 3902 illustrans

2076 3850 2148 3901 ιαὶ
2185 3821 2472 3917 ἀκολουθίᾳ
2513 3821 2844 3918 προσοικείοῖ
3001 3845 3118 3916 Θεῷ
3156 3847 3264 3918 τὴν
3294 3821 3636 3918 ἀνθρωπίνην

381 3927 477 3981 per
504 3916 798 3984 prophetas
821 3930 874 3973 et
901 3931 1166 3991 prmeepta
1196 3925 1349 3996 legis.
1383 3925 1474 3981 Sic
1511 3931 1654 3984 enim
1692 3934 1952 4006 intelligi-

2076 3939 2216 4006 ρύσιν
2246 3940 2274 3990 6
2299 3916 2480 4006 λόγος,
2513 3916 2727 4008 πρῶτον
2758 3938 2856 4007 μὲν
2887 3916 3056 4008 αύτὴν
3085 3937 3174 3990 διὰ
3205 3916 3322 3990 τῶν
3349 3916 3632 4010 προφητῶν

379 4021 523 4068 mus,
557 4005 826 4064 fenestras
853 4013 1072 4080 quidem
1122 4018 1435 4085 prophetas,
1495 4022 1590 4090 qui
1619 4023 1798 4079 lumen
1858 4027 1948 4080 in-

2076 4005 2417 4095 ιαταυγάζων
2449 4029 2542 4080 καὶ
2580 4027 2687 4079 τῶν
2719 4027 2956 4097 νομικῶν
2984 4028 3498 4099 παραγγελμάτων.
3533 4026 3632 4081 Οὖ-

380 4096 717 4152 traducnnt:
775 4102 1049 4157 cancellos
1082 4113 1286 4171 autem,
1346 4108 1599 4177 legalium
1651 4123 1949 4183 praecepto-

2076 4137 2158 4182 ’ως
2201 4119 2310 4190 γὰρ
2357 4117 2604 4188 νοοῦμεν,
2646 4096 2864 4188 θυρίδας
2907 4119 3004 4188 μὲν
3030 4096 3155 4182 τὸὺς
3188 4096 3486 4190 προφήτας
3515 4118 3630 4179 τοὺς

376 4200 498 4239 rum
545 4191 990 4247 connexionem:
1056 4209 1152 4264 per
1205 4213 1327 4266 quae
1373 4200 1534 4254 ambo
1592 4202 1736 4257 intro
1800 4207 1947 4260 subit

2076 4210 2111 4262 ’δ
2140 4209 2255 4278 φῶς
2283 4211 2600 4277 εἰσάγοντας
2624 4227 2637 4239 ·
2665 4209 2856 4262 δίκτυα
2895 4209 2950 4261 δὲ
2975 4209 3070 4280 τὴν
3099 4209 3216 4262 τῶν
3245 4211 3502 4281 νομίμων
3542 4224 3633 4260 πα-

375 4278 635 4346 splendor
653 4282 766 4335 veri
793 4283 1036 4340 luminis.
1065 4285 1196 4341 Post
1236 4287 1349 4342 hzec
1379 4297 1556 4344 autem
1584 4301 1667 4347 est
1705 4295 1944 4363 perfecta

2076 4303 2446 4374 δαγγελμάτων
2473 4303 2678 4372 πλοκήν
2700 4319 2716 4334 ·
2747 4303 2814 4355 δι’
2841 4295 2916 4356 ὧν
2944 4278 3278 4373 ἀμφοτέρων
3375 4278 3517 4372 αὐγὴ
3543 4299 3628 4352 τοῦ

375 4370 514 4426 lucis
548 4371 898 4440 illuminatio,
943 4378 1163 4445 quando
1195 4379 1444 4447 apparuit
1476 4396 1602 4436 vera
1635 4383 1726 4437 lux
1761 4386 1828 4442 iis
1854 4391 1947 4458 qui

2076 4370 2300 4463 ιληθινοῦ
2340 4393 2514 4463 φωτὸς
2557 4370 2650 4445 ἐπί⁹
2683 4394 2750 4446 τὰ
2803 4393 2951 4456 ἐντὸς
2987 4370 3429 4465 *παρείσδύεταμ
3485 4393 3631 4449 Μετὰ

372 4461 562 4516 sedent
607 4463 659 4516 in
697 4465 937 4522 tenebris
971 4476 1025 4522 et
1077 4468 1130 4521 in
1180 4470 1373 4522 umbra
1420 4472 1636 4538 mortis,
1693 4490 1788 4545 per
1817 4493 1950 4532 con-

2080 4461 2220 4537 αύτα
2273 4461 2413 4554 δὲῆ
2471 4484 2650 4536 τελεία
2691 4485 2784 4536 τοῦ
2824 4485 3000 4553 φωτὸς
3053 4461 3333 4557 ἔλλαμψις
3397 4487 3626 4556 γίνεται,

374 4555 823 4621 temperationem
899 4571 1024 4610 cum
1086 4568 1277 4613 nostra
1331 4569 1548 4616 natura.
1610 4564 1771 4623 Prius
1817 4586 1946 4641 ergo

2076 4594 2171 4630 ταν
2205 4579 2440 4646 ἐπιφανῇ
2469 4576 2530 4628 τὸ
2568 4576 2681 4644 φῶς
2707 4576 2767 4629 τὸ
2793 4577 3042 4648 ἀληθινὸν
3073 4555 3281 4641 τοίςίέν
3326 4579 3512 4632 σκότει
3545 4578 3631 4630 καὶ

371 4645 689 4712 splendores
717 4649 1156 4718 propheticarum
1214 4652 1699 4725 intelligentiarum
1754 4662 1947 4718 anima:

372 4735 773 4804 illucescentes,
817 4757 912 4810 per
943 4757 974 4794 a
1013 4744 1168 4798 nobis
1219 4754 1400 4800 mente
1451 4747 1751 4806 intellectas
1799 4752 1947 4810 fene-

369 4834 514 4881 stras
572 4835 626 4882 et
665 4832 961 4897 cancellos,
1013 4833 1311 4889 immittunt
1363 4836 1694 4894 desiderium
1726 4843 1942 4900 videndi

367 4915 537 4970 solem
559 4917 662 4970 sub
693 4916 804 4972 dio.
844 4919 1047 4975 Deinde
1077 4923 1156 4976 sic
1183 4923 1236 4976 id
1268 4924 1416 4995 quod
1445 4925 1788 4984 desideratur
1815 4946 1942 5000 pro-

363 5007 507 5062 cedit
541 5008 604 5063 ad
630 5007 902 5065 ell'ectum.

428 5187 728 5247 Audiamus
745 5201 926 5248 autem
945 5209 1192 5264 quaenam
1211 5194 1341 5249 dicit
1358 5193 1611 5253 Ecclesiae
1626 5200 1671 5255 is
1689 5202 1780 5270 qui
1801 5218 1933 5257 non-

357 5277 485 5332 dum
501 5290 583 5334 est
598 5283 736 5336 intra
752 5287 1130 5354 parietem,sed
1143 5294 1248 5342 stat
1265 5303 1357 5357 per
1371 5287 1632 5346 fenestras
1650 5293 1794 5346 illam
1810 5295 1936 5348 allo-

355 5384 548 5436 quens.
569 5369 860 5440 Respondet
875 5394 1033 5444 enim,
1061 5377 1254 5446 inquit,
1273 5380 1524 5447 patruelis
1554 5397 1716 5450 metu,
1739 5383 1932 5439 etdicit

428 5568 472 5597 δι
495 5569 627 5625 Luc.
670 5591 718 5642 κ,
754 5577 832 5632 19.

2047 4669 2173 4738 σκιᾷ
2200 4666 2548 4737 καθημένοις,
2573 4667 2659 4720 διὰ
2686 4669 2786 4738 τῆς
2819 4668 2954 4740 πρὸς
2979 4670 3076 4740 τὴν
3105 4671 3276 4739 φύσιν
3317 4673 3482 4742 ἡμῶν
3516 4689 3628 4724 συν-

2047 4759 2414 4830 ανακράσεως.
2467 4757 2736 4828 Πρότερον
2776 4753 2885 4827 οὖνλ
2915 4759 2971 4810 αί
3012 4759 3174 4827 αὐγαὶ
3207 4761 3328 4814 τῶν
3366 4780 3630 4834 προφητιο

2045 4851 2155 4905 κῶν
2185 4869 2245 4904 τε
2272 4851 2365 4904 καὶ
2394 4850 2633 4920 νομικῶν
2664 4850 2946 4920 νοημάτων
2973 4850 3361 4922 ἐλλάμπουσαι
3392 4858 3459 4924 τῇ
3487 4853 3623 4922 ψυχῇ

2041 4941 2129 4995 διὰ
2174 4941 2281 4994 τῶν
2331 4940 2620 5011 νοηθεισῶν
2670 4942 2798 5010 ἡμῖν
2834 4940 3062 5008 θυρίδων
3110 4959 3167 4995 τε
3225 4945 3328 4996 καὶ
3375 4945 3624 5007 δικτύων,

2042 5031 2334 5102 ἐπιθυμίαν
2358 5030 2644 5101 ἐμποιοῦσι
2675 5031 2764 5083 τοῦ
2798 5031 2925 5083 ἰδεῖν
2948 5032 3004 5084 ἐν
3035 5032 3295 5104 ὑπαίθρῳ
3328 5035 3422 5088 τὸν
3457 5036 3622 5106 ἥλιον.

2041 5119 2152 5176 Εἴθ’
2179 5122 2349 5186 οὕτως
2369 5122 2430 5175 τὸ
2459 5121 2787 5191 ποθούμενον
2825 5124 2903 5185 εἰς
2933 5122 3092 5193 ἔργον
3122 5125 3489 5196 προέρχεται.

2127 5215 2466 5284 Ἀκούσωμεν
2499 5214 2555 5267 δέ
2583 5210 2671 5266 οἷα
2719 5213 2855 5284 πρὸς
2886 5215 2984 5285 τὴν
3042 5215 3381 5286 Ἐκκλησίαν
3412 5219 3563 5271 λαλεῖ
3597 5219 3624 5270 6

2044 5306 2209 5376 μήπω
2239 5305 2388 5368 ἐντὸς
2416 5304 2507 5357 τοῦ
2531 5303 2707 5374 τοίχου
2732 5305 3018 5375 γενόμενος
3040 5346 3052 5370 ,
3084 5306 3202 5359 ἀλλ’
3236 5307 3373 5379 ἐστη
3407 5309 3499 5363 διὰ
3519 5306 3622 5362 τῶν

2041 5396 2385 5469 φωταγωγῶν
2434 5397 2569 5466 αὐτῇ
2623 5395 3147 5467 προσφθεγγόμενος.
3217 5399 3620 5469 Ἀποκρίνεται
