3928 6196
314 373 414 430 865

1365 379 1430 452 lN
1467 377 1765 437 CANTICA
1803 375 2070 434 CANTIC.
2125 379 2405 439 llOMlLlA
2452 386 2515 439 ν.

3457 389 3560 446 866

313 502 439 570 γὰρ.
465 500 656 572 φησὶν,
687 503 721 556 d
744 501 1068 572 ἀδελφιδός
1083 519 1231 572 μου,
1257 518 1354 557 και
1379 504 1541 571 λέγει
1556 487 1659 570 μοι
1674 517 1686 529 ο
1723 499 1881 554 Ἀνά-

1992 500 2119 554 mihi
2151 519 2169 554 :
2197 501 2386 574 Surge,
2413 506 2546 568 veni,
2575 505 2867 575 propinqua
2893 522 3026 570 mea,
3051 505 3271 574 pulchra
3307 522 3440 572 mea,
3471 522 3563 559 co-

313 608 450 656 στα,
475 592 636 658 ἐλθὲ,
677 594 716 661 ἡ
751 594 1020 661 πλησίον
1042 611 1184 663 μου,
1208 593 1365 661 καλή
1399 607 1544 663 you;
1573 588 1881 660 περιστερά

1989 592 2167 646 tumba
2189 611 2321 648 mea.
2358 597 2619 662 Quoniam
2677 613 2794 650 ecce
2845 597 3008 650 hiems
3064 598 3341 666 prazteriit,
3393 597 3560 650 imber

306 700 446 752 μου.
481 685 612 737 Ὀτι
645 682 776 737 ἰδοὺ
805 687 838 738 ὀ
854 684 1074 753 χειμὼν
1093 683 1420 751 παρῆλθεν,
1447 685 1480 736 ὁ
1501 681 1672 748 ὑετὸς
1690 679 1887 748 ἀπῆλ-

310 778 434 838 θεν,
455 775 750 844 ἐπορεύθη
773 774 964 840 ἑαυτῴ
984 813 1000 828 .
1025 775 1102 828 Τὰ
1136 775 1287 842 ἄνθη
1315 774 1481 842 ὤφθη
1521 774 1590 825 ἐν
1625 771 1697 839 τῇ
1723 770 1821 839 γῇ,
1854 773 1888 824 ὀ

309 867 516 936 καιρός
565 866 676 936 τῆς
717 866 904 936 τομῆς
933 866 1173 934 ἔφθακε.
1223 865 1394 933 Φωνὴ
1439 865 1550 932 τῆς
1603 865 1888 932 τρυγόνος

306 957 582 1024 ἠκούσθη
613 957 683 1010 ἐν
719 955 793 1024 τῇ
827 955 905 1025 τῇ
929 954 1116 1024 τὐιῶν.
1155 956 1216 1009 Ἡ
1237 954 1400 1022 συκῆ
1430 953 1713 1022 ἐξήνεγκε
1741 951 1886 1016 τοὺς

306 1048 608 1114 ὀλύνθους
637 1046 846 1114 αὐτῆς.
881 1049 951 1100 Al
993 1047 1248 1114 ἄμπελοι
1281 1044 1449 1115 ἡμῶν
1476 1041 1881 1111 κυπρίζουσιν,

303 1137 541 1193 ἔδωκαν
573 1138 794 1207 ὀσμήν.
841 1138 931 1199 Ὠς
964 1135 1254 1207 γλαφυρῶς
1290 1137 1422 1206 ἡμῖν
1451 1134 1755 1203 ὑπογράφει
1786 1131 1883 1202 τὴν

303 1231 401 1284 τοῦ
435 1231 596 1303 ἔαρος
623 1229 783 1299 χάριν
811 1231 840 1282 6
870 1228 1112 1297 πλάστης
1133 1226 1226 1280 τοῦ
1259 1227 1440 1296 ἔαρος,
1474 1225 1604 1294 πρὸς
1627 1225 1684 1276 ὃν
1716 1238 1880 1291 φησιν

299 1323 330 1375 6
355 1320 545 1386 Δαὸὶδ,
569 1323 651 1374 ὅτι
689 1320 868 1389 Θέρος
892 1320 991 1374 καὶ
1019 1320 1146 1388 ἔαρ,
1168 1318 1249 1372 σὺ
1271 1317 1545 1381 ἔπλασας
1572 1315 1740 1369 αὑτά·
1766 1314 1880 1366 λύει

299 1412 404 1484 τὴν
437 1410 530 1465 τοῦ
567 1411 836 1482 χειμῶνος
881 1411 1214 1479 κατήφειαν,
1246 1405 1676 1478 παρεληλυθέναι
1709 1404 1881 1471 λέγων

299 1507 405 1576 τὴν
444 1504 760 1574 χειμερινὴν
799 1500 1264 1572 σκυθρωπότητα,
1293 1500 1389 1552 καὶ
1437 1498 1536 1569 τὴν
1566 1497 1674 1549 τῶν
1711 1494 1880 1548 ὑετῶν

297 1599 520 1671 ἀηδίαν.
548 1595 835 1666 Λειμῶνας
861 1595 1098 1647 δείκνυσι
1141 1592 1402 1663 βρύοντας
1447 1591 1542 1643 καὶ
1577 1587 1880 1660 ὡραϊζομέ-

296 1708 433 1756 νους
471 1692 582 1752 τοῖς
618 1686 823 1743 ἄνθεσι.
856 1687 899 1738 Τ
903 1685 938 1739 ἀ
985 1684 1042 1737 δὲ
1070 1682 1204 1753 ἀνθη
1239 1686 1298 1736 ὲν
1335 1683 1486 1751 ἀκμῇ
1529 1675 1666 1732 εἶναι
1709 1678 1877 1746 λέγει,

296 1785 396 1840 καὶ
431 1783 570 1854 πρὸς
601 1781 772 1852 τομὴν
823 1775 1140 1850 ἐπιτηδείως
1185 1775 1349 1846 ἔχειν,
1384 1774 1460 1836 ὡς
1507 1775 1564 1836 ὲς
1616 1771 1876 1839 στεφάνου

1987 681 2138 744 abiit,
2170 693 2218 736 et
2241 701 2294 738 se
2325 689 2534 756 recepit.
2574 685 2762 740 Flores
2788 687 2885 740 visi
2913 695 3034 739 sunt
3071 689 3123 738 in
3151 696 3312 750 terra,
3351 696 3556 755 tempus

1985 775 2272 840 putationis
2320 775 2550 833 advenit.
2608 778 2719 831 Vox
2754 780 2976 832 turturis
3014 779 3199 830 audita
3231 788 3306 831 est
3334 779 3398 830 in
3414 787 3556 831 terra

1984 873 2186 917 nostra.
2214 864 2376 920 Ficus
2405 870 2623 937 protulit
2642 886 2851 938 grossos
2875 853 3018 922 suos.
3054 867 3193 920 Vites
3212 869 3426 933 ﬂorent,
3464 868 3554 921 de-

1983 956 2171 1010 derunt
2215 959 2446 1014 odorem.
2491 960 2534 1015 0
2577 977 2738 1029 quam
2779 961 3051 1031 eleganter
3090 960 3248 1014 nobis
3296 960 3558 1014 describit

1986 1049 2128 1101 veris
2155 1051 2525 1104 ammnitatem
2569 1053 2794 1108 Creator
2825 1052 2992 1114 veris,
3034 1049 3123 1104 cui
3163 1049 3300 1103 dicit
3339 1048 3548 1103 David:

1983 1136 2246 1192 /Estatem
2267 1149 2315 1194 et
2341 1158 2446 1207 uer,
2471 1151 2523 1194 tu
2553 1143 2753 1209 ﬂuxis-ti
2781 1159 2844 1196 ea
2863 1142 2930 1196 ⁸³.
2954 1143 3124 1196 Solvit
3153 1141 3351 1195 hiemis
3382 1140 3553 1195 tristi-

1982 1230 2137 1294 tiam,
2164 1232 2353 1286 dicens
2389 1234 2674 1288 transiisse
2705 1233 2983 1288 hibernam
3005 1233 3341 1296 maestitiam,
3367 1240 3420 1287 et
3449 1233 3554 1286 im-

1983 1319 2159 1374 brium
2188 1323 2514 1378 molestiam.
2545 1322 2793 1379 Ostendit
2824 1331 2975 1393 prata
3009 1325 3273 1378 scatentia
3305 1331 3359 1377 et
3389 1324 3556 1376 deco-

1980 1420 2098 1465 rata
2124 1411 2367 1469 ﬂoribus.
2391 1414 2578 1470 Flores
2607 1424 2787 1470 autem
2817 1415 2947 1469 dicit
2983 1431 3104 1470 esse
3140 1415 3195 1467 in
3223 1431 3323 1468 suo
3348 1417 3553 1484 vigore,

1979 1509 2034 1557 et
2057 1502 2166 1572 jam
2195 1520 2318 1560 esse
2359 1506 2710 1575 tempestivos
2741 1507 2808 1560 ad
2840 1507 3139 1576 putandum
3173 1525 3187 1561 :
3226 1506 3454 1574 perinde
3491 1520 3554 1559 ac

1979 1596 2027 1649 si
2089 1596 2307 1664 plexum
2360 1613 2575 1652 corona:
2631 1606 2724 1650 aut
2781 1599 3042 1667 unguenti
3099 1598 3552 1664 compositionem

1979 1686 2200 1739 omnino
2233 1687 2423 1741 tollant
2456 1688 2492 1741 ii
2526 1689 2616 1756 qui
2657 1689 2836 1757 legunt
2867 1688 3051 1743 ﬂores.
3089 1687 3327 1756 Tempus
3371 1694 3552 1740 autem

1979 1775 2154 1831 laatius
2183 1777 2359 1832 reddit
2397 1780 2593 1840 oratio,
2627 1779 2807 1833 avium
2839 1793 3057 1848 quoque
3081 1779 3335 1832 cantibus
3371 1777 3428 1831 in
3459 1775 3555 1831 sil-

295 1850 537 1946 πλοκὴ-ν,
573 1874 605 1944 ἢ
643 1850 830 1944 μύρων
880 1870 1222 1941 κατασκευὴν
1268 1866 1607 1939 ἀναιρεῖσθαι
1665 1865 1879 1926 πάντως

1981 1868 2061 1922 vis
2094 1869 2504 1934 resonantibus,
2565 1871 2718 1925 suavi
2745 1886 2878 1925 voce
2922 1879 3198 1924 turturum
3228 1881 3458 1924 sonante
3497 1871 3552 1924 in

292 1971 428 2032 τοὺς
467 1967 823 2034 ἀνθολόγουςο
859 1964 1040 2034 ἡδύνει
1075 1962 1132 2014 δὲ
1165 1961 1255 2014 τὸν
1292 1959 1482 2028 καιρὸν
1511 1960 1539 2010 6
1566 1957 1744 2024 λόγος,
1785 1954 1880 2007 καὶ

289 2062 421 2124 ταῖς
463 2058 571 2113 τῶν
600 2055 827 2129 ὀρνίθων
855 2054 1021 2124 ᾠδαῖς
1061 2053 1202 2108 κατά
1249 2050 1318 2104 τά
1344 2050 1480 2118 ἄλση
1513 2045 1880 2117 περιηχούμε-

232 2169 242 2180 ·
290 2170 404 2217 νον,
461 2150 565 2220 τῆς
613 2147 795 2220 ἡδείας
842 2145 950 2200 τῶν
991 2144 1269 2216 τρυγόνων
1315 2139 1499 2210 φωνῆς
1531 2140 1650 2200 ταῖς
1691 2137 1880 2198 ἀκοαῖς

290 2241 707 2315 προσηκούσης.
740 2238 915 2307 Συκῆν
955 2237 1011 2290 δὲ
1057 2234 1207 2304 λέγει
1237 2233 1331 2286 καὶ
1358 2229 1619 2301 ἄμπελον,
1651 2227 1750 2298 τὴν
1785 2226 1879 2279 ἀπ’

287 2332 482 2387 αὐτῶν
513 2326 884 2400 γενησομένην
910 2324 1140 2397 τρυφὴν,
1178 2323 1290 2383 τοῖς
1318 2319 1662 2390 φαινομένοις
1695 2331 1882 2387 προοισ-

291 2421 630 2494 μιάζεσθαι.⁹
688 2418 786 2489 τὴν
842 2417 940 2488 μὲν
989 2416 1117 2478 τοὺς
1189 2411 1442 2474 ὀλύνθους
1508 2407 1875 2479 ἐκφέρουσαν,

286 2517 389 2587 τὴν
433 2512 497 2566 δὲ
521 2511 603 2582 τῷ
647 2508 799 2564 ἀνθει
841 2505 1219 2576 κυπρίζουσαν
1243 2543 1258 2569 ,
1289 2503 1364 2567 ὡς
1405 2500 1755 2570 κατατρυφᾷν
1780 2497 1880 2567 τῆς

289 2604 535 2666 εὐωδίας
573 2601 671 2672 τὴν
717 2600 1002 2670 ὄσφρησιν.
1039 2595 1195 2650 Οὕτω
1235 2595 1332 2666 μὲν
1365 2589 1456 2648 οὖν
1490 2591 1781 2662 ἁϐρύνεται
1809 2591 1876 2660 τῇ

290 2696 601 2765 ὑπογραφῇ
627 2693 726 2763 τῆς
755 2690 980 2762 ἐαρινῆς
1015 2687 1160 2759 ὧρας
1188 2689 1216 2740 6
1241 2687 1398 2754 λόγος
1421 2724 1435 2749 ,
1461 2684 1520 2737 τό
1539 2700 1597 2737 τε
1632 2681 1877 2751 σκυθρω-

290 2787 390 2840 πὸν
430 2781 779 2845 ἀποϐάλλων,
820 2779 914 2832 καὶ
953 2780 1066 2840 τοῖς
1112 2774 1464 2844 γλυκυτέροις
1491 2767 1880 2842 ὲμφιλοχωρῶν

285 2877 624 2948 διηγήμασι.
658 2870 778 2943 Χρὴ
817 2870 904 2934 δὲ,
935 2865 1088 2939 οἶμαι
1109 2907 1122 2931 ,
1159 2866 1234 2938 μὴ
1261 2865 1592 2935 παραμεῖναι
1633 2862 1731 2929 τὴν
1765 2861 1880 2913 διά-

285 2985 446 3023 νοιαν
485 2969 558 3037 τῇ
597 2965 706 3019 τῶν
744 2960 1037 3032 γλαφυρῶν
1070 2958 1272 3013 τούτων
1301 2955 1616 3025 ὑπογραφῇ,
1646 2952 1782 3006 ἀλλὰ
1813 2949 1880 3003 δι’

282 3061 479 3116 αὐτῶν
510 3055 842 3128 ωηγηθῆναι
864 3053 1000 3124 πρὸς
1033 3050 1102 3105 τὰ
1121 3048 1420 3120 δηλούμενα
1447 3046 1533 3100 διὰ
1557 3044 1662 3098 τῶν
1686 3043 1880 3111 λογίων

284 3154 503 3207 τούτων
538 3149 833 3220 μυστήρια,
857 3145 999 3197 ὥστε
1022 3136 1582 3238 ἀνακαλυφθῆναι-τὸν
1600 3133 1878 3238 ,θησαυρρζν
1904 3179 1947 3238 C

282 3246 394 3299 τῶν
420 3241 748 3312 νοημάτων,
799 3237 889 3290 τὸν
923 3231 1375 3305 ἐγκεκρυμμένον
1412 3230 1524 3292 τοῖς
1555 3228 1785 3298 ῥήμασι.
1813 3225 1877 3278 Τί

285 3337 380 3396 οὖν
407 3341 575 3393 ἐστιν
610 3336 639 3388 ὃ
672 3348 884 3403 φαμεν;
915 3329 1160 3398 Πεπήγει
1207 3325 1336 3378 ποτὲ
1365 3323 1444 3395 τῷ
1475 3323 1572 3393 τῆς
1602 3319 1880 3374 εἰδωλολα-

283 3430 486 3504 τρείας
520 3424 719 3498 κρυμῷ
756 3422 816 3476 τὸ
842 3419 1200 3491 ἀνθρώπινον,
1229 3417 1326 3486 τῆς
1359 3415 1639 3484 εὐκινήτου
1666 3411 1878 3504 φύσεως

282 3502 398 3576 τῶν
445 3514 761 3588 ἀνθρώπων
786 3512 923 3584 πρὸς
963 3510 1062 3580 τὴν
1087 3507 1195 3574 τῶν
1222 3506 1493 3576 ἀκινήτων
1523 3502 1878 3572 σείασμάτων

285 3613 462 3682 φύσιν
491 3604 942 3680 μεταϐληθείσης.
959 3601 1188 3670 Ὅμοιοι
1203 3597 1334 3668 γὰρ,
1357 3595 1510 3666 φησὶ,
1532 3592 1800 3663 γένοιντο
1826 3592 1879 3643 oi

285 3699 622 3763 ποιοῦντες
659 3693 812 3750 αὐτὰ
831 3734 847 3759 ,
901 3690 1002 3746 καὶ
1043 3688 1266 3754 πάντες
1313 3690 1367 3741 οἱ
1408 3686 1756 3748 πεποιθότες
1787 3682 1878 3735 ἐπ’

285 3790 533 3856 αὐτοῖς.
573 3786 681 3840 Καὶ
706 3785 768 3838 τδ
807 3782 953 3846 εἰκὸς
980 3783 1039 3835 ἐν
1076 3781 1188 3842 τοῖς
1214 3774 1524 3847 γενομένοις
1549 3770 1638 3846 ἦν.
1670 3773 1881 3843 Ὥσπερ

285 3885 398 3955 γὰρ
452 3881 510 3932 ot
559 3877 659 3948 τὴν
719 3871 978 3944 ἀληθινὴν
1017 3865 1257 3939 Θεότητα
1291 3865 1610 3936 βλέποντες,
1641 3864 1726 3932 ἐφ’
1758 3864 1882 3916 ἐαυ.

282 3975 396 4029 τῶν
436 3971 693 4040 δέχονται
729 3966 799 4020 τὰ
825 3965 924 4035 τῆς
949 3961 1097 4024 θείας
1134 3959 1347 4028 φύσεως
1375 3956 1666 4026 ἰδιώματα⁸
1711 3955 1881 4018 οὕτως

285 4068 315 4118 6
343 4068 416 4135 τῇ
456 4059 788 4133 ματαιότητι
808 4057 917 4110 τῶν
947 4053 1179 4107 εἰδώλων
1207 4048 1574 4121 προσανέχων,
1602 4063 1884 4118 μετεστοι-

288 4155 520 4226 χειοῦτο
546 4149 765 4220 πρὸςκτδ
790 4140 1308 4218 βλεπόμενον,-λίθος
1332 4139 1392 4204 ἐξ
1415 4137 1703 4209 ἀνθρώπου
1738 4136 1883 4205 γινό-

290 4262 489 4316 μενος.
557 4239 772 4309 Ἐπειδὴ
819 4237 996 4290 τοίνυν
1040 4231 1436 4288 ἀπολιθωθεῖσα
1484 4228 1574 4282 διά
1625 4231 1725 4298 τῆς
1770 4226 1880 4280 τῶν

285 4336 539 4390 είδὼλων
564 4331 821 4403 λατρείας
844 4370 860 4394 ,
894 4327 1150 4396 ἀκίνητος
1186 4319 1254 4394 ἦν
1283 4323 1420 4393 πρὸς
1458 4321 1521 4375 τὸ
1566 4323 1814 4392 κρεῖττον
1846 4320 1880 4390 ἡ

285 4422 498 4491 φύσις,
555 4419 835 4486 πεπηγυῖα
880 4415 959 4486 τῷ
1008 4414 1108 4484 τῆς
1155 4410 1594 4481 εἰδωλολατρείας
1648 4407 1879 4481 κρυμῷ,

1978 1957 2221 2012 auribus.
2257 1956 2445 2012 Ficum
2499 1966 2680 2013 autem
2711 1960 2848 2014 dicit
2868 1970 2920 2014 et
2953 1961 3141 2025 vitem,
3202 1975 3324 2028 quae
3372 1975 3438 2013 ex
3471 1959 3552 2014 eis

1977 2047 2173 2102 futurae
2213 2049 2583 2105 suntdelicias
2616 2053 2669 2103 in
2697 2050 2764 2104 iis
2785 2065 2906 2119 qua:
2955 2057 3219 2118 apparent
3267 2049 3549 2105 exordiis:

1980 2138 2127 2192 illam
2178 2139 2397 2208 quidem
2456 2154 2678 2209 grossos
2717 2141 3132 2210 producentem.
3196 2140 3338 2194 hanc
3371 2152 3550 2194 autem

1978 2226 2222 2281 edentem
2249 2226 2430 2292 ﬂores,
2470 2239 2528 2282 ut
2555 2244 2622 2282 ex
2650 2230 2793 2284 bono
2845 2230 3014 2285 odore
3061 2231 3393 2300 voluptatem
3421 2229 3554 2284 aﬂ‘a-

1979 2318 2076 2372 tim
2103 2319 2362 2390 percipiat
2403 2321 2686 2374 odoratus.
2727 2322 2900 2392 Atque
2937 2323 3018 2378 sic
3067 2323 3284 2392 quidem
3312 2324 3554 2380 luxuriat

1979 2419 2157 2464 oratio
2183 2412 2238 2464 in
2272 2411 2634 2467 describenda
2678 2429 2847 2468 verno
2897 2423 3164 2484 tempore,
3195 2425 3250 2470 et
3275 2417 3550 2472 tristitiam

1979 2501 2268 2570 repellens,
2306 2510 2360 2557 et
2387 2502 2638 2557 lubenter
2687 2519 2914 2559 versans
2953 2505 3008 2559 in
3042 2507 3304 2575 jucundis
3358 2523 3554 2562 narra-

1979 2593 2241 2648 tionibus.
2273 2592 2393 2648 Non
2446 2603 2664 2663 oportet
2691 2605 2894 2660 autem,
2935 2606 2996 2651 ut
3047 2599 3310 2664 arbitror,
3338 2602 3553 2670 cogita-

1982 2684 2184 2736 tionem
2219 2698 2540 2752 permanere
2569 2685 2622 2737 in
2650 2685 2734 2739 his
2756 2686 3044 2742 luculentis
3068 2689 3550 2758 descriptionibus,

1979 2773 2073 2829 sed
2109 2788 2202 2843 per
2259 2789 2354 2829 eas
2383 2774 2575 2830 deduci
2612 2776 2678 2829 ad
2705 2791 2768 2829 ea
2798 2792 2918 2844 qua:
2948 2793 3042 2845 per
3082 2779 3196 2832 haec
3225 2782 3441 2849 eloquia
3477 2783 3553 2838 si-

1980 2867 2308 2936 gniﬁcantur
2346 2868 2626 2938 mysteria,
2679 2875 2737 2921 ut
2786 2870 3061 2937 aperiatur
3121 2870 3420 2926 thesaurus
3465 2873 3554 2927 in-

1980 2957 2422 3027 telligentiarum,
2459 2959 2554 3027 qui
2609 2957 2918 3023 occultatur
2961 2959 3016 3013 in
3065 2960 3268 3015 verbis.
3290 2961 3431 3027 Quid
3466 2971 3552 3017 est

1981 3064 2110 3118 ergo
2140 3051 2284 3119 quod
2329 3049 2603 3104 dicimus?
2643 3050 2866 3120 Frigore
2895 3050 3214 3106 idololatriae
3256 3054 3552 3124 aliquando

1981 3149 2332 3195 concreverat
2359 3155 2531 3208 genus
2579 3140 2899 3204 humanum,
2934 3142 3118 3196 mobili
3143 3143 3422 3198 hominum
3452 3161 3554 3198 na-

1981 3240 2102 3285 tura
2130 3246 2393 3286 conversa
2428 3232 2494 3286 ad
2529 3233 2733 3286 cultum
2767 3248 2950 3288 rerum
2974 3233 3357 3290 immobilium.
3391 3235 3552 3291 Simi-

1979 3325 2050 3378 les
2081 3324 2250 3389 enim,
2284 3324 2485 3394 inquit,
2515 3324 2671 3392 ﬁant,
2709 3325 2797 3394 qui
2821 3325 3022 3393 faciunt
3049 3325 3241 3392 illa,ct
3257 3345 3433 3383 omnes
3462 3328 3552 3396 qui

1977 3418 2246 3484 conﬁdunt
2282 3419 2334 3470 in
2377 3418 2451 3471 eis
2484 3418 2549 3470 ³⁵.
2611 3417 3052 3472 Consentaneum
3083 3427 3268 3473 autem
3293 3431 3410 3473 erat
3439 3419 3552 3473 haec

1979 3508 2049 3561 ita
2082 3506 2218 3561 ﬁeri.
2249 3505 2533 3572 Quomodo
2571 3508 2718 3561 enim
2770 3508 2861 3576 qui
2890 3523 3071 3562 veram
3109 3508 3383 3577 aspiciunt
3399 3508 3553 3562 Divi-

1977 3599 2241 3664 nitatem,
2293 3599 2348 3652 in
2395 3614 2453 3653 se
2495 3599 2770 3668 accipiunt
2817 3599 3015 3652 divinae
3067 3607 3277 3652 natura:
3312 3601 3556 3668 proprie-

1980 3696 2122 3741 tates
2158 3706 2171 3740 :
2235 3686 2310 3740 ita
2335 3687 2428 3756 qui
2467 3686 2889 3740 simulacrorum
2935 3687 3250 3740 attendebat
3300 3689 3552 3749 vanitati,

1978 3774 2473 3831 transformabatur
2529 3776 2586 3829 in
2648 3776 2700 3830 id
2751 3775 2898 3845 quod
2951 3776 3356 3845 aspiciebatur,
3415 3779 3554 3848 lapis

1979 3866 2157 3921 factus
2195 3881 2262 3920 ex
2299 3865 2534 3920 homine.
2574 3864 2843 3931 Quoniam
2884 3881 3015 3936 ergo
3046 3881 3168 3936 qua:
3198 3881 3295 3935 per
3335 3868 3548 3922 cultum

1979 3957 2248 4012 idolorum
2306 3956 2630 4026 lapiduerat,
2663 3957 2731 4011 ad
2785 3958 2836 4012 id
2887 3957 3037 4028 quod
3085 3966 3168 4014 est
3199 3959 3396 4014 melius
3431 3969 3553 4014 erat

1980 4048 2276 4104 immobilis
2326 4059 2545 4110 natura,
2599 4056 2853 4104 concreta
2904 4049 3105 4120 frigore
3149 4051 3473 4105 idololatria:
3537 4071 3553 4106 :

1980 4153 2042 4193 ea
2079 4139 2146 4193 de
2167 4155 2336 4194 causa
2372 4147 2595 4210 propter
2623 4154 2867 4208 asperam
2921 4140 3063 4195 hanc
3111 4141 3344 4196 hiemem
3383 4141 3558 4196 oritur

1955 4274 1958 4278 .
1982 4230 2330 4300 soljustitiaa,
2359 4239 2413 4285 et
2436 4247 2530 4285 ver
2553 4230 2732 4294 efﬁcit,
2752 4230 3052 4287 meridiano
3082 4241 3246 4286 vento
3269 4233 3410 4287 hanc
3441 4233 3557 4288 sol-

1981 4330 2142 4377 vente
2177 4323 2432 4391 glaciem,
2484 4322 2645 4378 simul
2675 4338 2799 4376 cum
2847 4331 2969 4376 ortu
3016 4323 3294 4377 radiorum
3341 4323 3557 4380 fovente

1984 4412 2251 4483 quidquid
2275 4422 2360 4468 est
2387 4413 2717 4482 subjectum,
2747 4422 2807 4468 ut
2849 4414 3043 4483 spiritu
3073 4415 3441 4472 excalefactus
3460 4417 3554 4487 qui

288 4514 496 4567 τούτου
526 4508 689 4580 χάριν
725 4505 1075 4561 ὲπανατέλλει
1103 4502 1180 4573 τῷ
1202 4500 1424 4573 χαλεπῷ
1448 4501 1622 4571 τούτῳ
1651 4498 1879 4570 χειμῶνι

1984 4518 2079 4574 per
2126 4505 2248 4574 gelu
2315 4505 2478 4558 homo
2505 4502 2811 4572 lapiduerat
2834 4541 2850 4566 ,
2885 4513 2947 4581 et
2977 4503 3123 4560 fotus
3158 4506 3311 4560 radio
3348 4505 3511 4562 Verbi
3539 4548 3556 4569 .

287 4605 317 4655 6
356 4601 466 4672 τῆς
503 4595 848 4666 δικαιοσύνης
875 4594 1046 4665 ἥλιος,
1076 4589 1293 4661 καὶῖαρ
1319 4593 1494 4653 ποιεῖ,
1525 4587 1620 4642 τοῦ
1663 4605 1879 4660 μεσημ-

289 4691 493 4765 ϐρινοῦ
515 4688 848 4760 πνεύματος,
870 4685 964 4738 τοῦ
982 4685 1081 4755 τὴν
1103 4682 1354 4752 τοιαύτην
1368 4681 1674 4745 διαλύοντος
1696 4678 1878 4752 πῆξιν,

289 4785 414 4856 ἅμα
446 4784 520 4852 τῇ
553 4778 782 4849 ἀνατολῇ
815 4775 924 4830 τῶν
961 4775 1193 4830 ἀκτίνων
1225 4772 1612 4836 ὲπιθάλποντος
1640 4772 1787 4826 ἆπαν
1819 4772 1882 4826 τὸ

291 4872 704 4941 ὑποκείμενον·
740 4869 827 4921 ἵνα
858 4863 1269 4937 διαθερμανθεὶς
1308 4861 1384 4932 τῷ
1419 4863 1688 4933 πνεύματι
1727 4863 1755 4915 6
1796 4861 1886 4916 διὰ

288 4965 390 5018 τοῦ
429 4961 638 5032 κρύους
672 4957 1024 5020 ἀπολιθωθεὶς
1054 4955 1370 5028 ἄνθρωπος,
1402 4954 1494 5008 καὶ
1521 4954 1885 5024 ὑποθαλφθεὶς

288 5057 363 5123 τῇ
392 5055 585 5109 ἀκτῖνι
609 5050 705 5105 τοῦ
740 5050 915 5118 Λόγου
939 5089 954 5112 ,
983 5047 1145 5101 πάλιν
1172 5047 1397 5117 γένηται
1417 5046 1560 5117 ὕδωρ
1591 5046 1884 5116 ἀλλόμενον

293 5149 379 5208 εἰς
413 5145 569 5214 ζωὴν
601 5141 837 5196 αἰώνιον.
879 5141 1136 5195 Πνεύσει
1169 5139 1279 5210 γὰρ
1301 5178 1315 5204 ,
1347 5138 1515 5208 φησὶ,
1543 5137 1610 5191 τὸ
1650 5135 1887 5206 πνεῦμα

292 5235 520 5298 αὑτοῦ,
552 5234 648 5288 καὶ
667 5232 962 5302 ρυήσεται
984 5231 1172 5286 ὕδατα
1209 5229 1620 5300 στρεφομένης
1653 5227 1763 5297 τῆς
1785 5227 1887 5282 πέ-

294 5344 452 5395 τρας
485 5328 572 5392 εις
609 5325 830 5394 λίμνας
858 5323 1119 5387 ὑδάτων,
1155 5321 1255 5376 καὶ
1279 5320 1390 5391 τῆς
1431 5321 1765 5391 ἀκροτόμου
1801 5321 1889 5386 εις

295 5419 512 5486 πηγὰς
538 5415 795 5471 ὑδάτων.
831 5415 1005 5486 Ὅπερ
1048 5414 1377 5485 γυμνότερον
1420 5413 1558 5485 πρὸς
1593 5413 1718 5475 τοὺς
1760 5413 1888 5464 Ἰου-

295 5507 499 5571 δαίους
537 5508 567 5561 6
611 5506 920 5570 Bdmtﬂ‘i’tc
968 5505 1258 5576 ἀνεϐόησε,
1316 5505 1489 5574 λέγων
1535 5504 1660 5570 τοὺς
1711 5503 1890 5568 λίθους

378 5698 432 5728 ’⁸
478 5704 624 5760 Psal.
659 5721 854 5773 ικιιιι,
902 5705 988 5762 17.
1093 5705 1140 5740 ⁸⁸
1179 5704 1324 5762 Psal.
1361 5718 1522 5772 CXIII,
1575 5704 1628 5761 8.

308 5776 356 5808 ⁸³
395 5773 602 5833 Matth.
646 5790 729 5842 III,
764 5777 820 5832 9.

1731 5705 1776 5740 ⁸⁸
1815 5703 1972 5760 Joan.
2021 5721 2094 5774 Iv,
2138 5707 2225 5763 Η.

1985 4611 2180 4652 rursus
2211 4596 2304 4650 ﬁat
2330 4610 2471 4666 aqua
2497 4595 2701 4651 saliens
2734 4595 2789 4650 in
2809 4595 2974 4650 vitam
2995 4599 3338 4653 aeternam".
3377 4598 3560 4654 Flabit

1977 4687 2125 4743 enim
2159 4686 2375 4754 spiritus
2415 4684 2551 4754 ejus,
2597 4685 2796 4758 inquit.
2835 4692 2884 4738 et
2932 4685 3096 4753 ﬂuent
3137 4701 3289 4754 aqua:
3327 4686 3395 4751 ⁸⁸,
3431 4702 3560 4740 cou-

1979 4791 2128 4831 cersa
2172 4787 2320 4843 petra
2370 4775 2424 4829 in
2466 4775 2614 4856 {acus
2663 4793 2948 4846 aquarum,
2998 4787 3047 4832 et
3091 4794 3216 4846 rupe
3269 4779 3323 4832 in
3379 4777 3550 4848 fomes

1980 4881 2243 4937 aquarum
2274 4865 2532 4933 ".-QIIod
2561 4867 2782 4937 quidem
2811 4870 3056 4939 apertius
3083 4868 3288 4926 Judaais
3311 4871 3556 4942 Baptista

1993 4960 2265 5026 clamavit,
2286 4960 2495 5024 dicens,
2523 4960 2730 5030 lapides
2745 4976 2866 5017 esse
2886 4962 3260 5025 suscitandas,
3284 4970 3344 5018 ut
3372 4963 3564 5019 ﬁerent

1993 5052 2087 5108 illii
2143 5051 2465 5122 patriarchae
2499 5051 2730 5106 Abrahae
2765 5051 2811 5084 ⁸⁸
2841 5051 2891 5107 ei
2927 5053 3217 5108 assimilati
3257 5068 3355 5122 per
3385 5053 3564 5108 virtu-

1991 5152 2122 5200 tem.
2168 5143 2294 5199 Haec
2340 5159 2471 5214 ergo
2511 5159 2541 5199 a
2570 5141 2751 5200 Verbo
2777 5143 2927 5198 audit
2959 5144 3203 5199 Ecclesia
3225 5185 3240 5209 ,
3285 5159 3382 5213 per
3414 5143 3564 5199 fene-

1993 5240 2138 5288 stras
2196 5233 2542 5303 propheticas
2585 5241 2642 5290 et
2695 5235 2897 5306 legales
2957 5220 3232 5290 cancellos
3286 5236 3566 5304 accipiens

1995 5323 2338 5396 splendorem
2400 5325 2648 5381 veritatis
2688 5343 2702 5380 :
2751 5340 2874 5380 cum
2934 5325 3264 5381 consisteret
3302 5325 3566 5378 doctrinae

1994 5415 2176 5485 paries
2210 5416 2461 5486 typicus,
2511 5416 2635 5479 lex,
2698 5416 2954 5486 inquam.
3013 5431 3135 5485 qua:
3178 5414 3411 5469 faciebat
3444 5430 3568 5468 um-

1995 5507 2146 5562 bram
2177 5506 2484 5564 t‘uturorum
2534 5507 2826 5574 bonorum,
2868 5522 2978 5563 non
3017 5517 3198 5562 autem
3237 5503 3569 5560 ostendebat

2323 5708 2368 5741 "
2405 5706 2549 5763 Psal.
2593 5721 2795 5772 chvn,
2850 5704 2937 5759 18.
3041 5705 3087 5738 ⁸⁷
3126 5700 3269 5760 Psal.
3324 5715 3481 5770 cxIII,
3513 5701 3567 5757 8.
