3928 6196
461 358 571 414 86⁸7

1710 360 1768 416 S.
1809 359 2142 420 GREGORII
2182 359 2482 418 NYSSENI
3557 371 3641 426 863

463 474 638 542 ipsam
675 485 858 529 rerum
885 470 1200 542 imaginem,
1248 483 1372 543 post
1401 489 1567 545 quam
1617 476 1800 532 stabat
1837 477 2035 532 veritas

2143 477 2367 542 τούτους
2397 475 2704 548 ἐγείρεσθαι
2725 515 2741 540 ,
2781 475 2863 540 είς
2893 477 2955 530 τδ
2983 476 3230 545 γενέσθαι
3264 477 3415 536 τέκνα
3445 482 3527 537 τοῦ
3553 485 3638 538 Πα-

463 566 674 620 Ιιαιτειιε
710 563 916 634 ἥκω-αξ,
951 564 1188 634 primum
1215 567 1436 636 quidem
1463 584 1560 638 per
1587 571 1878 638 prophetas
1911 569 2035 624 \‘er-

2138 571 2416 642 τριάρχου,
2436 568 2503 622 δι’
2525 569 2727 638 ἀρετῆς
2748 569 3096 638 όμοιούμενα.
3123 567 3297 620 Ταῦτα
3314 569 3472 623 τοίνυν
3493 573 3648 627 ἀκούει

461 657 590 711 bum
618 655 904 710 illustrans
925 655 1180 710 Ecclesia:
1199 674 1212 710 :
1229 669 1416 727 postea
1432 668 1614 715 autem
1640 660 1912 733 Evangelii
1938 678 2048 716 ma-

461 747 818 803 nifestatione
837 757 1197 804 consumente
1228 766 1445 808 omnem
1471 753 1834 808 umbraticam
1859 755 2044 822 figura:

2140 659 2235 712 τοῦ
2268 659 2440 727 Λόγου
2484 659 2517 729 ἡ
2563 657 2879 728 Ἐκκλησία,
2914 657 3003 710 διὰ
3034 657 3140 710 τῶν
3181 661 3498 728 προφητικῶν
3527 662 3652 734 Oppi-

2143 752 2248 804 δων
2293 750 2528 803 καὶτῶν
2582 749 2822 819 νομικῶν
2865 749 3104 802 δικτύων
3158 749 3404 821 δεχομένη
3443 752 3531 822 τὴν
3571 755 3654 825 τῆς

462 839 856 909 visionem,per
873 858 1030 911 quam
1054 843 1354 898 destruitur
1367 846 1585 914 quidem
1603 848 1781 917 paries
1800 849 2035 903 interme

2146 843 2400 912 ἀληθείας
2433 843 2626 913 αὐγὴν,
2656 841 2735 895 ἔτι
2765 842 3093 904 συνεστῶτος
3118 841 3209 894 τοῦ
3248 843 3459 896 τυπικοῦ
3487 845 3573 913 τῆς
3593 847 3655 900 δι-

463 931 606 996 dius,
627 933 980 1002 conjungitur
999 943 1178 989 autem
1195 937 1288 1006 qui
1305 945 1387 992 est
1407 940 1458 992 in
1473 937 1635 992 domo
1650 953 1742 992 aer
1757 940 1861 994 luci
1882 941 2035 996 aethe-

2149 932 2442 994 δασκαλίας
2476 933 2679 1002 τοίχου,
2722 931 2816 984 τοῦ
2862 932 3027 1001 νόμου
3065 930 3238 998 λέγω,
3281 933 3370 984 τοῦ
3408 933 3497 1003 τὴν
3528 936 3656 988 σκιάν

463 1039 590 1084 rete,
625 1025 760 1078 adeo
797 1033 855 1078 ut
889 1042 996 1079 non
1029 1028 1264 1096 amplius
1295 1045 1431 1098 opus
1458 1031 1672 1096 habeat,
1716 1039 1775 1084 ut
1810 1031 1860 1086 ei
1923 1032 2040 1084 illu-

461 1123 645 1168 cescat
675 1130 770 1182 per
798 1114 1091 1180 fenestras,
1130 1133 1254 1170 cum
1293 1119 1407 1188 ipsa
1435 1120 1522 1172 lux
1555 1134 1682 1173 vera
1719 1134 1814 1189 per
1853 1120 2036 1174 radios

463 1207 811 1275 evangelicos
842 1209 1024 1261 omnia
1066 1225 1186 1278 quae
1219 1218 1346 1263 sunt
1399 1211 1687 1266 illuminet.
1745 1210 2036 1280 Propterea

467 1295 701 1351 Verbum
763 1298 961 1351 clamat
1011 1300 1270 1354 Ecclesia:
1329 1316 1424 1369 per
1475 1301 1764 1364 fenestras,
1815 1301 2032 1370 erigens

460 1385 652 1448 elisos,
685 1395 738 1440 et
771 1386 960 1442 dicens
993 1407 1004 1442 :
1045 1387 1220 1458 Surge
1260 1403 1380 1458 qua:
1414 1391 1564 1460 lapsa
1599 1405 1659 1444 es
1719 1389 1774 1442 in
1822 1389 2034 1443 lubrico

357 1477 374 1486 “
464 1478 672 1544 peccati
710 1493 895 1540 emno,
933 1494 1054 1548 qua:
1083 1495 1111 1532 a
1167 1488 1418 1550 serpente
1460 1479 1611 1534 fuisti
1657 1479 1938 1549 impedita,
1981 1487 2037 1534 et

461 1567 710 1623 cecidisti
745 1567 799 1622 in
830 1578 1064 1636 terram,
1097 1578 1151 1625 et
1177 1570 1328 1626 fuisti
1363 1570 1418 1625 in
1443 1571 1596 1640 lapsu
1635 1569 2036 1634 inobedientiae,

462 1673 646 1727 surge.

2147 1025 2424 1088 ποιοῦντος
2458 1024 2566 1076 τῶν
2587 1024 2886 1094 μελλόντων
2919 1024 3161 1092 ὰγαθῶν,
3192 1024 3284 1076 οὐκ
3321 1025 3474 1096 αὐτὴν
3498 1029 3582 1097 τὴν
3604 1031 3659 1080 εί-

2145 1116 2278 1168 κόνα
2309 1114 2416 1166 τῶν
2449 1114 2793 1184 πραγμάτων
2835 1113 3188 1176 δεικνύοντος,
3221 1109 3278 1167 οὗ
3305 1116 3511 1167 κατόπιν
3539 1116 3661 1169 ἵστα-

2141 1226 2228 1260 ται
2264 1208 2296 1276 ή
2335 1204 2560 1275 ἀλήθεια
2599 1205 2833 1274 ἐχομένη
2869 1203 2964 1256 τοῦ
2995 1203 3198 1256 τύπου·
3245 1204 3444 1274 πρῶτον
3477 1205 3560 1273 μὲν
3590 1203 3660 1259 διὰ

2139 1299 2245 1350 τῶν
2264 1296 2556 1368 προφητῶν
2577 1295 2950 1363 ὲναυγάζουσα
2971 1297 3036 1365 τῇ
3079 1293 3364 1367 Ἐκκλησία
3387 1295 3468 1346 τὸν
3494 1295 3660 1361 Λόγον·

2143 1391 2278 1460 μετὰ
2312 1388 2484 1441 ταῦτα
2527 1388 2584 1442 δὲ
2622 1390 2686 1458 τῇ
2739 1385 3043 1458 φανερώσει
3093 1385 3187 1438 τοῦ
3246 1386 3547 1454 Εὑαγγελίου
3578 1388 3664 1438 πᾶς

2141 1499 2240 1534 σαν
2265 1481 2358 1534 τοῦ
2375 1480 2546 1533 τύπου
2567 1480 2666 1550 τὴν
2684 1478 2920 1548 σκιοειδῆ
2949 1477 3247 1546 φαντασίαν
3267 1477 3663 1543 ἐξαναλίσκουσα,

2140 1571 2205 1624 δι’
2235 1567 2303 1641 ἧς
2335 1569 2680 1640 καθαιρεῖται
2731 1569 2827 1638 μὲν
2872 1566 2934 1620 τὸ
2989 1567 3330 1636 μεσότοιχον·
3381 1567 3666 1620 συνάπτεται

2146 1659 2201 1713 δὲ
2229 1662 2257 1713 ό
2293 1663 2350 1713 ὲν
2395 1659 2475 1730 τῷ
2507 1659 2639 1728 οίκῳ
2665 1659 2772 1730 ἀὴρ
2801 1657 2936 1728 πρὸς
2961 1657 3023 1709 τὸ
3053 1656 3292 1728 αἰθέριον
3321 1656 3430 1725 φῶς
3450 1696 3463 1720 ,
3487 1657 3554 1719 ὡς
3584 1674 3668 1726 μη-

464 1748 582 1801 κέτι
625 1750 714 1803 διὰ
749 1749 859 1803 τῶν
891 1751 1125 1822 θυρίδων
1163 1753 1353 1824 χρείαν
1427 1752 1572 1823 ἔχειν
1637 1752 2125 1824 περιαυγάζεσθαι,
2165 1751 2331 1806 αὑτοῦ
2359 1752 2452 1806 τοῦ
2488 1750 2741 1820 ἀληθινοῦ
2772 1750 2945 1820 φωτὸς
2968 1749 3057 1803 διὰ
3093 1749 3205 1802 τῶν
3227 1749 3568 1818 εὐαγγελικῶν
3593 1749 3669 1801 ἀκ-

460 1841 622 1895 τίνων
704 1843 773 1896 τὰ
819 1843 966 1897 ἔνδον
1023 1846 1198 1897 πάντα
1235 1847 1726 1914 καταφωτίζοντος.
1775 1845 1873 1898 Διὰ
1949 1845 2107 1897 τοῦτο
2147 1845 2322 1915 ἐμϐοᾷ
2343 1845 2430 1899 διὰ
2455 1845 2563 1897 τῶν
2591 1842 2939 1912 φωταγωγῶν
2963 1844 3028 1912 τῇ
3074 1842 3368 1912 Ἐκκλησία
3391 1845 3417 1895 ό
3443 1837 3669 1908 Δόγος,ὀ

460 1934 702 2005 ἀνορθῶν
732 1937 858 1998 τοὺς
887 1938 1385 2009 κατερραγμένους,
1459 1939 1634 2007 λέγων
1659 1956 1671 1970 ·
1724 1940 2034 2010 Ἀνάστηθι,
2066 1940 2267 2010 δηλαδὴ
2296 1940 2360 1991 ἐκ
2394 1939 2490 1992 τοῦ
2521 1937 2840 2008 πτώματος,
2872 1938 2904 2007 ἠ
2933 1937 3011 2006 τῷ
3049 1935 3260 2008 αἰσχρῷ
3313 1935 3408 2004 τῆς
3437 1933 3667 2006 ἁμαρτίας

461 2024 851 2093 ὲνολισθήσασα
875 2066 890 2088 ,
933 2028 966 2094 ἡ
998 2028 1427 2097 συμποδισθεῖσα
1463 2029 1550 2082 διὰ
1578 2029 1673 2082 τοῦ
1704 2031 1878 2098 ὄφεως
1898 2069 1912 2092 ,
1944 2031 2039 2084 καὶ
2075 2032 2156 2093 είς
2193 2031 2297 2102 γῆν
2325 2030 2588 2095 πεσοῦσα,
2621 2029 2717 2082 καὶ
2749 2030 2808 2082 ὲν
2840 2027 2918 2098 τῷ
2945 2027 3201 2099 πτώματι
3269 2027 3365 2098 τῆς
3427 2024 3673 2096 παρακοῆς

461 2118 751 2188 γενομένη,
781 2119 1011 2174 ἀνάστα.

529 2296 647 2351 Non
675 2307 855 2351 autem
892 2297 988 2352 tibi
1041 2296 1262 2364 sufiicit,
1312 2302 1512 2375 inquit,
1550 2320 1580 2359 a
1640 2306 1799 2378 lapsu
1854 2310 2032 2364 solum

2213 2303 2328 2356 Οὐκ
2375 2302 2536 2372 ἀρκεῖ
2565 2301 2623 2355 δέ
2667 2318 2749 2355 σοι
2778 2301 2838 2354 τὺ
2868 2299 3262 2372 ἀνορθωθῆναι,
3297 2299 3472 2370 φησὶν,
3518 2299 3573 2350 ὲκ
3598 2297 3673 2350 τοῦ

459 2391 632 2461 erigi,
665 2389 763 2445 sed
810 2390 972 2446 etiam
1020 2393 1352 2462 progredere
1399 2411 1497 2465 per
1538 2398 1806 2454 virtutum
1857 2401 2035 2472 profe-

2141 2393 2449 2465 πτώματος,
2494 2393 2631 2447 ἀλλὰ
2657 2395 2750 2446 καὶ
2782 2393 3042 2464 πρόσελθε
3075 2393 3168 2446 διὰ
3216 2395 3312 2463 τῆς
3353 2392 3454 2445 τῶν
3491 2389 3676 2457 ἀγαθῶν

460 2489 634 2544 ctum,
674 2495 899 2536 cursum
941 2498 1210 2554 peragens
1241 2485 1297 2540 in
1347 2485 1570 2544 virtute.
1612 2489 1767 2555 Quod
1816 2493 2035 2561 quidem

2139 2485 2442 2556 προκοπῆς,
2478 2485 2570 2538 τὸν
2595 2487 2652 2538 ὲν
2682 2486 2846 2556 ἀρετῇ
2885 2483 3177 2538 διανύουσα
3204 2483 3417 2554 δρόμον.
3447 2482 3605 2549 Ὅπερ
3625 2477 3676 2548 δὴ

461 2573 760 2630 didicimus
786 2573 845 2628 in
890 2575 1216 2645 paralytico.
1273 2576 1394 2632 Non
1450 2580 1627 2633 solum
1678 2582 1824 2635 enim
1877 2583 2035 2638 efﬁcit

2140 2579 2234 2632 καὶ
2280 2577 2378 2628 ἐπὶ
2424 2576 2518 2628 τοῦ
2578 2575 2949 2647 παραλυτικοῦ
3003 2575 3426 2646 μεμαθήκαμεν.
3475 2571 3545 2626 Οὐ
3587 2569 3676 2639 γὰρ

458 2662 696 2719 Verbum
739 2675 799 2718 ut
867 2667 1026 2720 tollat
1055 2683 1194 2723 onus
1217 2669 1352 2723 illud
1375 2669 1523 2733 lecti,
1544 2670 1639 2726 sed
1662 2674 1827 2727 etiam
1859 2673 2037 2743 ipsum

456 2755 614 2826 jubet
651 2757 937 2813 ambulare
956 2760 1023 2813 ⁸⁸.
1063 2758 1183 2826 Quo
1239 2760 1371 2814 mihi
1431 2761 1651 2816 videtur
1706 2763 2034 2833 Scriptura,

461 2864 559 2918 per
586 2851 926 2904 transeuntis
959 2857 1189 2916 motum,
1236 2852 1550 2921 significare
1601 2869 1951 2923 progressum
1983 2864 2038 2910 et

459 2947 813 3008 augmentum
846 2941 900 2994 in
937 2941 1083 2995 bono
1105 2941 1172 2995 ’°.
1212 2942 1398 3012 Surge,
1433 2945 1632 3014 inquit,
1656 2955 1703 3000 et
1729 2949 1859 3001 veni.
1883 2945 1930 3002 Ο
1956 2948 2038 3003 vis

454 3029 650 3099 jussus
694 3039 748 3084 et
786 3030 1000 3100 imperii
1031 3030 1107 3083 "1
1146 3031 1242 3086 Est
1287 3049 1476 3088 revera
1513 3049 1617 3088 vox
1663 3037 1881 3090 virtutis
1932 3051 2036 3091 vox

461 3119 579 3185 Dei,
615 3127 674 3173 ut
702 3119 879 3188 inquit
902 3119 1188 3174 Psalmista
1216 3141 1229 3172 τ
1257 3121 1522 3186 Quoniam
1547 3140 1662 3178 ecce
1690 3125 1840 3178 dabit
1863 3142 2035 3179 vocem

460 3228 636 3274 suam,
665 3227 838 3264 vocem
873 3212 1125 3264 virtutis:
1163 3220 1240 3272 et,
1280 3211 1401 3280 Ipse
1449 3215 1586 3266 dixit
1612 3224 1661 3269 et
1703 3216 1850 3284 facta
1892 3228 2034 3282 sunt,

461 3305 572 3370 ipse
600 3302 874 3355 mandavit
921 3311 970 3355 et
1012 3311 1357 3356 creatusaut.
1419 3306 1561 3359 Ecce
1611 3321 1760 3360 nunc
1816 3322 2037 3376 quoque

463 3393 603 3448 dixit
629 3392 876 3461 jacenti:
910 3393 1076 3462 Surge
1105 3403 1155 3446 et
1187 3394 1342 3446 veni:
1378 3403 1430 3449 et
1462 3395 1648 3449 statim
1681 3396 1748 3450 ad
1771 3411 1909 3466 opus
1941 3397 2037 3450 de-

462 3481 685 3535 ducitur
710 3481 856 3549 quod
883 3482 1125 3549 jubetur.
1147 3481 1280 3534 Nam
1315 3483 1478 3538 simul
1499 3492 1664 3555 atque
1687 3485 1897 3555 accepit
1926 3485 2034 3539 vim

465 3571 652 3631 Verbi,
687 3577 798 3625 stat
829 3580 883 3625 et
915 3571 1150 3634 assistit,
1183 3581 1236 3626 et
1269 3572 1334 3626 ad
1374 3573 1555 3627 lumen
1608 3588 1777 3643 prope
1803 3574 2034 3636 accedit,

2138 2670 2437 2741 διανίστησι
2500 2669 2658 2739 μόνον
2724 2672 2753 2722 ὁ
2804 2669 2977 2737 Λόγος
3029 2668 3088 2720 τὸ
3142 2667 3486 2721 ὲπικλινίδιον
3541 2662 3679 2732 ἄχθος

2139 2763 2334 2824 ἐκεῖνο,
2363 2760 2495 2814 ἀλλὰ
2533 2760 2626 2813 καὶ
2661 2761 2982 2830 περιπατεῖν
3012 2757 3382 2826 ὲγκελεύεται.
3408 2757 3568 2823 Ὅπερ
3607 2767 3679 2821 μοι

2137 2851 2284 2903 δοκεῖ
2317 2850 2417 2919 τὴν
2462 2847 2599 2920 πρὸς
2625 2847 2685 2900 τὸ
2715 2849 2961 2918 κρεῖττον
2989 2847 3226 2918 πρόοδόν
3254 2863 3314 2898 τε
3357 2845 3448 2899 κα)⁵
3486 2841 3682 2910 αὔξησιν

2137 2940 2222 2994 διὰ
2271 2940 2371 3008 τῆς
2409 2939 2774 3011 μεταϐατικῆς
2823 2939 3087 3009 κινήσεως
3138 2936 3427 3009 σημαίνειν
3467 2938 3493 2988 ὁ
3529 2929 3678 3000 λόγος.

2150 3029 2401 3083 Ἀνάστα
2441 3025 2554 3092 οὖν,
2599 3028 2750 3098 φησὶ,
2783 3027 2880 3082 καί
2923 3027 3149 3092 ἔξελθε,
3214 3029 3276 3080 Ὢ
3306 3025 3682 3098 προστάγματος

2135 3120 2396 3190 δύναμιςί
2447 3120 2617 3182 ὅντως
2655 3119 2805 3190 φωνὴ
2855 3118 3136 3188 δυνάμεώς
3189 3119 3336 3171 ἐστιν
3371 3118 3402 3186 ἡ
3437 3113 3576 3183 φωνὴ
3601 3110 3681 3163 τοῦ

2136 3211 2292 3275 Θεοῦ,
2315 3211 2494 3274 καθὼς
2516 3213 2548 3281 ἡ
2570 3209 2859 3280 ψαλμῳδία
2882 3210 3043 3280 φησὶν
3065 3252 3080 3276 ,
3114 3209 3203 3263 ὅτι
3241 3208 3382 3263 Ἰδοὺ
3409 3205 3572 3259 δώσει
3590 3201 3685 3270 τὴν

2135 3303 2345 3371 φωνὴν
2371 3302 2577 3366 αὐτοῦ,
2603 3300 2813 3370 φωνὴν
2841 3299 3169 3368 δυνάμεως.
3205 3300 3335 3364 Καὶ,
3361 3298 3538 3361 Αὐτὸς
3556 3290 3681 3355 εἷπεν

2137 3396 2234 3449 καὶ
2298 3393 2713 3464 ἐγενήθησαν
2765 3392 2942 3458 αὐτὸς
2993 3392 3356 3456 ἐνετείλατο,
3416 3388 3509 3442 καί
3553 3383 3685 3439 ἐκτί-

2137 3490 2400 3552 σθησαν.
2459 3485 2591 3537 Ἰδοὺ
2645 3483 2736 3537 καὶ
2785 3482 2882 3536 νῦν
2927 3477 3048 3535 εἷπε
3101 3482 3246 3552 πρὸς
3290 3481 3387 3552 τὴν
3423 3478 3684 3548 κειμένην,

2138 3577 2220 3629 ὅτι
2263 3574 2574 3642 Ἀνάστηθι
2594 3592 2606 3605 ·
2644 3576 2756 3640 καὶ,
2782 3576 2863 3628 ὅτι
2887 3577 3226 3642 Πρόσελθεο
3257 3576 3350 3629 καὶ
3373 3572 3523 3635 εὐθὺς
3553 3569 3686 3639 ἔργον

463 3671 525 3716 ιιι
553 3671 790 3716 testatus
820 3671 905 3716 est
947 3663 1065 3730 ipse
1112 3663 1206 3732 qui
1235 3677 1353 3716 eam
1391 3640 1643 3730 vocavit,
1679 3640 1802 3718 cum
1839 3664 1920 3718 sic
1953 3663 2035 3718 di-

2137 3665 2198 3719 τὺ
2243 3640 2569 3736 πρόσταγμα
2619 3664 2848 3734 γίνεται.
2907 3640 3070 3734 Ὅμοῦ
3104 3665 3218 3738 γὰρ
3250 3666 3310 3719 τὸ
3342 3661 3584 3727 δέξασθαι
3606 3654 3684 3708 τοῦ

463 3753 634 3809 xisset
655 3753 887 3808 Verbum
905 3753 1118 3823 :Surge,
1148 3754 1282 3815 veni,
1311 3755 1607 3823 propinqua
1636 3771 1772 3822 mea,
1794 3753 2035 3808 columba

2137 3754 2305 3824 Λόγου
2326 3757 2426 3828 τὴν
2452 3756 2700 3828 δύναμιν,
2731 3756 2823 3810 καὶ
2853 3757 3086 3820 ἵσταται,
3115 3759 3216 3811 καὶ
3249 3757 3586 3828 παρίσταται,
3607 3747 3687 3802 καλ⁵

463 3939 701 3996 cohaeret
730 3940 963 3994 alterum
991 3939 1146 3993 alteri
1176 3938 1200 3990 ?
1237 3938 1702 4008 quemadmodum
1743 3952 2040 3993 conserva-

464 4037 556 4082 tur
585 4043 682 4097 per
706 4027 925 4091 seriem,
949 4033 1211 4095 tauquam
1238 4027 1293 4081 in
1317 4027 1503 4096 aliquo
1529 4037 1744 4097 torque,
1777 4041 2036 4080 sensuum

465 4119 907 4188 consequentia?
947 4119 1114 4171 Audit
1156 4119 1412 4186 jussum:
1456 4119 1624 4172 verbo
1682 4117 2039 4171 confirmatur

468 4227 532 4267 ac
586 4211 896 4274 roboratur,
952 4209 1244 4271 excitatur,
1300 4208 1544 4273 accedit,
1603 4208 2033 4278 appropinquat,

467 4303 694 4373 pulchra
729 4300 999 4366 redditur,
1060 4300 1314 4354 columba
1353 4302 1688 4353 nominatur.
1749 4297 2038 4365 Quomodo

464 4393 608 4448 enim
641 4399 821 4462 potest
854 4391 970 4445 fieri
1018 4406 1077 4444 ut
1111 4392 1168 4446 in
1201 4392 1428 4462 speculo
1487 4391 1717 4462 pulcher
1749 4392 1821 4444 sit
1873 4404 2036 4459 aspe-

463 4494 607 4547 ctus,
640 4486 685 4540 si
723 4500 832 4539 non
862 4485 1105 4554 pulchra!
1136 4485 1372 4553 alicujus
1404 4483 1590 4540 forma:
1638 4481 1911 4552 acceperit
1956 4478 2036 4536 si-

464 4577 814 4635 mulacrum?
842 4577 986 4648 Ergo
1041 4577 1294 4630 humanae
1327 4591 1548 4647 quoque
1597 4583 1807 4628 naturae
1838 4586 2033 4642 specu-

464 4667 573 4720 lum
627 4683 736 4721 non
795 4667 948 4735 prius
981 4667 1156 4722 evasit
1210 4667 1524 4736 pulchrum,
1585 4679 1767 4735 quam,
1804 4663 2036 4733 pulchro

463 4757 942 4825 appropinquavit,
978 4765 1031 4812 et
1055 4756 1406 4811 informatum
1446 4755 1548 4809 fuit
1577 4755 1814 4825 imagine
1837 4754 2036 4808 divina:

463 4849 907 4917 pulchritudinis.
953 4849 1239 4914 Quomodo
1300 4849 1446 4904 enim
1509 4848 1782 4918 serpentis
1843 4845 2036 4900 habuit

463 4939 701 5008 speciem
741 4939 985 5008 quandiu
1010 4939 1168 4994 humi
1190 4940 1383 5008 iacuit,
1415 4947 1470 4995 et
1493 4938 1562 4993 ad
1584 4939 1760 5008 ipsum
1783 4938 2030 5007 aspexit:
2066 4972 2106 5026 ι,

461 5029 650 5082 eodem
676 5027 839 5082 modo
861 5037 1148 5098 postquam
1171 5032 1432 5094 surrexit,
1466 5037 1520 5085 et
1544 5030 1743 5083 bonum
1777 5029 1880 5083 sibi
1906 5035 2031 5082 ante

463 5118 656 5172 oculos
686 5117 890 5186 posuit,
915 5127 1076 5187 atque
1103 5119 1234 5172 vitio
1265 5126 1414 5189 terga
1441 5119 1624 5184 vertit,
1657 5117 2031 5172 conformatur

461 5209 627 5262 etiam
665 5207 740 5260 illi
770 5205 838 5260 ad
868 5207 1014 5276 quod
1051 5208 1266 5277 aspicit.
1300 5209 1507 5276 Aspicit
1533 5215 1711 5262 autem
1739 5207 1805 5262 ad
1828 5207 2031 5276 prima-

461 5287 598 5354 tiam
657 5308 710 5352 et
769 5299 1130 5369 exemplarem
1191 5299 1704 5368 pulchritudinem:
1769 5307 2026 5351 czetermn

458 5391 711 5464 columba
747 5389 1094 5458 pulchritudo
1127 5399 1230 5444 est.
1264 5388 1556 5459 Propterea
1605 5403 1729 5442 cum
1781 5388 1888 5441 luci
1930 5401 2028 5456 ap-

457 5480 858 5552 propinquarit,
892 5481 981 5534 lux
1015 5481 1263 5536 efficitur.
1292 5479 1353 5534 In
1380 5481 1501 5535 luce
1540 5485 1720 5534 autem
1766 5485 2028 5546 tanquam

458 5571 637 5642 imago
665 5571 1019 5643 effingebatur
1060 5573 1270 5643 species
1293 5571 1579 5634 columbae,
1610 5570 1779 5637 illius,
1805 5567 2027 5638 inquam

2139 3955 2328 4002 σαντος
2373 3937 2544 4008 αὐτὴν
2607 3938 3066 4009 μεμαρτύρηται,
3113 3939 3294 4003 οὕτως
3341 3937 3570 3995 εἰπόντος
3604 3927 3682 3982 τοῦ

2140 4029 2337 4097 Λόγοψ
2376 4029 2643 4091 Ἀνάστα,
2674 4029 2836 4094 ἐλθὲ,
2872 4029 2908 4094 ἡ
2941 4031 3212 4096 πλησίον
3232 4047 3372 4099 μου,
3402 4025 3548 4090 καλή
3562 4040 3680 4092 μου.

2137 4120 2452 4190 περιστερά
2477 4138 2615 4189 μου.
2646 4119 2740 4183 Τίς
2782 4121 2814 4189 ἠ
2859 4119 3010 4184 τάξις
3043 4120 3182 4190 αὕτη
3216 4121 3311 4174 τοῦ
3353 4119 3534 4187 λόγου;
3577 4111 3681 4172 Πῶς

2137 4211 2319 4281 ἔχεται
2362 4211 2423 4263 τὸ
2465 4210 2651 4280 ἕτερον
2699 4210 2793 4264 τοῦ
2841 4212 3074 4282 ἐτέρου;
3138 4214 3266 4276 Πῶς
3315 4211 3538 4275 σώζεται
3577 4203 3680 4258 καθ’

2137 4305 2326 4375 εἱρμὸν
2349 4303 2536 4375 ὥσπερ
2576 4303 2633 4356 ὲν
2672 4303 2860 4358 ἁλύσει
2890 4305 2997 4357 τινὶ
3029 4305 3091 4358 τὸ
3131 4303 3242 4358 τῶν
3275 4303 3552 4374 νοημάτων
3575 4293 3681 4350 ἀκόο

2137 4395 2351 4458 λουθον;
2386 4392 2716 4447 Ἀκούειτοῦ
2744 4395 3166 4465 προστάγματος
3186 4414 3200 4427 ο
3224 4391 3600 4462 ὲνδυναμοῦται
3619 4381 3680 4452 τῷ

2136 4486 2311 4558 λόγῳ,
2363 4485 2669 4557 ἐγείρεται,
2718 4485 3120 4556 προσέρχεται,
3181 4482 3507 4555 πλησιάζει,
3565 4472 3679 4542 καλῆ

2135 4577 2362 4646 γίνεται,
2388 4575 2686 4648 περιστερὰ
2705 4576 3046 4646 ὀνομάζεται.
3075 4577 3201 4641 Πῶς
3223 4578 3334 4646 γάρ
3354 4577 3467 4626 ἐστι
3488 4564 3679 4624 δυνατὸν

2135 4665 2306 4735 καλὴν
2325 4664 2445 4734 ὄψιν
2477 4665 2533 4718 ὲν
2576 4665 2866 4735 κατόπτρῳ
2899 4664 3025 4717 ίδεῖν
3050 4706 3063 4727 ,
3099 4665 3172 4735 μὴ
3211 4663 3384 4733 καλῆς
3411 4674 3547 4720 τινος
3572 4669 3678 4725 μυρ-

2136 4758 2242 4826 φῆς
2273 4752 2568 4824 δεξαμένου
2596 4753 2692 4824 τὴν
2726 4753 2999 4823 ἔμφασιν;
3037 4754 3248 4808 Οὐκοῦν
3281 4753 3376 4806 καὶ
3401 4753 3460 4804 τὸ
3487 4750 3580 4817 τῆς
3603 4746 3680 4797 ἀν·

2136 4844 2412 4916 θρωπίνης
2454 4843 2670 4913 φύσεως
2713 4845 3038 4916 κάτοπτρον,
3081 4847 3140 4898 οὐ
3188 4846 3456 4916 πρότερον
3495 4839 3677 4907 ἐγένετο

2135 4936 2317 4997 καλὸν,
2362 4934 2476 4988 ἀλλ’
2505 4936 2594 4988 ὅτε
2632 4934 2710 5004 τῷ
2742 4935 2892 5005 καλῷ
2939 4937 3261 5007 ἐπλησίασε,
3298 4936 3390 4989 καὶ
3435 4935 3498 5003 τῇ
3538 4925 3678 4982 εἰκόνι

2125 5023 2227 5077 ’τοῦ
2257 5023 2399 5077 θείου
2449 5023 2678 5088 κάλλους
2707 5026 3085 5097 ὲνεμορφώθη.
3117 5028 3335 5096 Ὥσπερ
3366 5025 3474 5093 γὰρ
3511 5021 3565 5074 τὸ
3601 5013 3678 5068 τοῦ

2134 5115 2310 5183 ὄφεως
2341 5110 2484 5184 εἶχεν
2530 5111 2665 5178 εἶδος
2709 5116 2814 5179 ἕως
2841 5116 3016 5170 ἔκειτο
3044 5118 3134 5170 ὲπί
3161 5116 3265 5187 τῆς
3300 5116 3423 5187 γῆς,
3455 5113 3540 5166 καὶ
3567 5106 3680 5177 πρὸς

2135 5205 2298 5258 αὑτὸν
2333 5203 2588 5276 ἀφεώρα·
2633 5206 2774 5259 κατὰ
2814 5206 2902 5259 τὸν
2936 5208 3097 5260 αὐτὸν
3137 5209 3364 5277 τρόπον,
3403 5201 3576 5267 ἐπειδὴ
3602 5199 3679 5249 άν-

2134 5300 2286 5367 έστη,
2337 5299 2430 5350 καὶ
2475 5298 2535 5350 τὸ
2575 5297 2776 5365 ἀγαθὸν
2818 5298 3018 5364 ἔδειξεν
3049 5299 3250 5370 ἑαυτὴν
3275 5294 3676 5366 ἀντιπρόσωπον,

2135 5387 2276 5440 κατὰ
2303 5387 2470 5440 νώτου
2508 5387 2603 5457 τὴν
2640 5389 2837 5442 κακίαν
2867 5389 3233 5460 ποιησαμένη,
3274 5387 3407 5458 πρὸς
3439 5385 3466 5436 ὃ
3493 5379 3676 5451 βλέπειν

2135 5478 2254 5530 κατ’
2296 5478 2470 5532 ἐκεῖνο
2515 5479 2608 5531 καὶ
2656 5479 3067 5550 σχηματίξεται.
3121 5479 3317 5532 Βλέπει
3367 5476 3420 5528 δὲ
3471 5469 3598 5543 πρὸς
3627 5461 3678 5516 τὸ

2136 5568 2438 5639 ἀρχέτυπον
2481 5569 2674 5633 κάλλος
2707 5587 2719 5600 δ
2779 5570 3071 5641 περιστερὰ
3113 5569 3169 5622 δὲ
3221 5568 3283 5620 τὺ
3337 5565 3539 5624 κάλλος.
3589 5551 3676 5607 Διά

530 5746 574 5777 ⁸⁸
618 5747 810 5806 Matth.
868 5765 945 5815 Ix,
995 5750 1062 5820 6;
1109 5750 1274 5808 Marc.
1314 5766 1374 5818 ιι,
1432 5750 1516 5805 Η.
1590 5751 1636 5784 ⁹⁰
1676 5749 1822 5808 Psal.
1855 5764 2021 5817 uvu,

2137 5750 2165 5802 ι.
2243 5747 2284 5780 θ’
2344 5747 2486 5804 Psal.
2527 5765 2698 5817 xuii,
2731 5749 2780 5806 9.
