3928 6196
200 401 304 460 869

1250 394 1320 451 IN
1353 394 1657 455 CANTICA
1698 392 1972 452 CANTIC.
2009 392 2300 451 HOMILIA
2337 391 2402 448 Ἴ.

3352 392 3463 453 8⁵10

200 516 353 570 τοῦτο
397 512 479 584 τῷ
502 509 642 582 φωτὶ
688 506 1136 581 προσεγγίσασα,
1169 506 1286 576 φῶς
1324 508 1556 576 γίνεται.
1606 506 1697 578 Τῷ
1725 507 1782 561 δὲ

1894 506 2176 571 columbae,
2204 505 2366 576 cujus
2390 501 2602 574 species
2626 501 3257 573 significavitadventum
3282 508 3459 564 sancti

203 603 339 672 φωτὶ
364 601 427 654 τὸ
474 599 638 654 καλὸν
678 598 779 668 τῆς
827 598 1157 667 περιστερᾶς
1199 592 1338 662 εἶδος
1377 597 1778 661 ἐνεικονίζεται,

203 691 416 760 ἐκείνης
453 689 598 756 λέγω
638 687 739 756 τῆς
791 687 1142 755 περιστερᾶς,
1176 679 1244 757 ἦς
1290 686 1350 739 τὸ
1392 683 1530 750 εἶδος
1562 686 1658 757 τὴν
1688 685 1780 740 τοῦ

204 781 355 850 ἁγίου
387 780 706 850 Πνεύματος
738 781 1040 850 παρουσίαν
1070 778 1384 848 ἐγνώρισεν.

283 871 440 924 Οὖτω
487 871 663 924 τοίνυν
711 871 846 940 αὑτῇ
900 871 1305 939 προσφωνήσας
1357 871 1385 921 ὁ
1438 868 1631 937 λόγος,
1689 870 1783 923 καὶ

207 963 475 1032 ὀνομάσας
519 963 710 1032 αὐτὴν,
763 961 933 1031 καλὴν
971 963 1068 1030 μὲν
1117 960 1205 1013 διά
1235 961 1296 1013 τὸ
1346 961 1593 1029 πλησίον,
1635 978 1784 1032 περι-

211 1050 401 1121 στερὰν
434 1051 491 1102 δὲ
518 1050 605 1102 διά
635 1049 696 1101 τὸ
723 1049 938 1113 κάλλος,
973 1049 1066 1101 καὶ
1105 1047 1173 1100 τὰ
1203 1048 1401 1118 ἐφεξῆς
1428 1048 1780 1119 διεξέρχεται,

208 1141 386 1196 οὐκέτι
416 1141 592 1209 λέγων
635 1143 858 1211 κρατεῖν
901 1139 994 1193 τοῦ
1031 1140 1296 1210 χειμῶνος
1323 1140 1438 1193 τῶν
1467 1140 1654 1210 ψυχῶν
1686 1140 1782 1211 τὴν

210 1235 527 1304 κατήφειαν.
591 1233 666 1285 Οὑ
717 1233 822 1304 γάρ
877 1233 1093 1303 ἀντέχει
1149 1231 1283 1303 πρὸς
1330 1232 1427 1303 τὴν
1476 1235 1672 1288 ἀκτῖνα
1722 1232 1782 1284 τὸ

212 1326 392 1395 κρύος.
442 1323 618 1387 Ἰδοὺ,
650 1323 832 1393 φησὶν,
864 1326 898 1377 ό
935 1323 1154 1392 χειμὼν
1183 1322 1510 1391 παρῆλθεν,
1547 1328 1580 1378 ὁ
1608 1327 1782 1393 ὑετὸς

211 1413 502 1483 ἀπῆλθεν,
549 1415 839 1483 ἐπορεύθη
883 1413 1092 1480 ἐαυτῷ.
1141 1415 1500 1488 Πολυὼνυμον
1543 1422 1687 1472 ποιεῖ
1720 1419 1782 1472 τδ

213 1507 400 1572 κακὸν,
428 1508 570 1560 κατά
590 1507 688 1571 τὰς
720 1507 981 1579 διαφορὶς
1009 1507 1118 1561 τῶν
1158 1509 1545 1581 ἐνεργημάτων
1587 1513 1784 1582 ὀνομα-

211 1599 450 1670 ξάμενον.
500 1600 558 1652 '0
609 1599 770 1664 αὑτὸς
815 1599 921 1670 γάρ
973 1601 1067 1653 καὶ
1097 1600 1325 1670 χειμὼν,
1356 1602 1451 1655 καὶ
1483 1604 1653 1666 ὑετὸς,
1687 1603 1782 1659 καὶ

213 1689 504 1758 σταγόνες,
535 1689 660 1743 καθ’
695 1691 926 1744 ἕκαστον
966 1691 1076 1747 τῶν
1129 1693 1411 1763 ὀνομάτων
1471 1695 1780 1766 πειρασμοῦ

211 1797 351 1843 τινος
397 1781 538 1834 κατά
587 1780 649 1836 ’ὠ
697 1780 899 1844 ἰδιάζον
950 1782 1373 1854 σημαινομένου.
1433 1785 1520 1837 Ἐν
1552 1784 1660 1856 γάρ
1703 1784 1782 1856 τῷ

211 1873 454 1943 χειμῶνι,
477 1873 544 1927 τὰ
569 1873 829 1943 τεθηλότα
855 1874 1194 1946 μαραίνεται,
1221 1875 1282 1928 τὸ
1303 1877 1396 1929 ἐπὶ
1417 1877 1524 1930 τῶν
1547 1877 1782 1948 δένδρων

213 1966 422 2028 κάλλος,
453 1965 482 2018 ὂ
507 1965 596 2018 διὰ
627 1964 734 2019 τῶν
759 1965 972 2033 φύλλων
1002 1968 1246 2036 φυσικῶς
1277 1968 1590 2032 ὡραΐζεταί,
1619 1970 1786 2042 ἀπορ-

215 2059 296 2128 ρεῖ
317 2056 425 2109 τῶν
458 2055 690 2118 κλάδων,
720 2058 814 2109 καὶ
847 2060 913 2127 τῇ
946 2060 1016 2128 γῇ
1055 2057 1473 2128 καταμίγνυται.
1511 2061 1647 2130 Σιγᾷ
1675 2060 1784 2113 τῶν

216 2146 487 2217 μουσικῶν
518 2145 745 2218 ὀρνίθων
767 2149 800 2216 ἡ
826 2147 1078 2217 μελῳδία,
1113 2147 1303 2216 φεύγει
1329 2150 1363 2219 ἡ
1386 2146 1585 2220 ἀηδὼν,
1607 2151 1784 2220 ναρκᾷ

211 2237 510 2310 ἠχελιδὼν,
560 2237 911 2302 ἀποξενοῖπαι
949 2239 1048 2309 τῆς
1078 2238 1271 2302 καλιᾶς
1309 2241 1343 2311 ἠ
1388 2239 1602 2308 τρυγών
1629 2257 1643 2272 σ
1693 2258 1784 2310 μι-

216 2333 394 2401 μεῖται
422 2331 599 2384 πάντα
623 2330 723 2399 τὴν
752 2329 845 2383 τοῦ
877 2329 1106 2384 θανάτου
1139 2331 1462 2401 κατήφειαν,
1499 2329 1783 2402 νεκροῦται

211 2425 237 2476 ὁ
271 2423 517 2493 βλαστὸς,
553 2423 884 2493 ἀποθνήσκει
917 2424 951 2494 ὴ
977 2421 1103 2477 πόα.
1141 2422 1246 2476 Καὶ
1267 2423 1455 2493 ῶσπερ
1484 2423 1645 2478 ὀστέα
1678 2424 1785 2477 τῶν

215 2515 431 2586 σαρκῶν
476 2513 877 2584 κεχωρισμένα,
912 2512 1086 2576 οὑτως
1117 2515 1166 2567 oi
1214 2515 1397 2569 κλάδοι
1427 2515 1538 2569 τῶν
1571 2515 1786 2584 φύλλων

214 2605 610 2676 γυμνωθέντες,
672 2604 908 2673 εἰδεχθὲς
955 2603 1134 2674 θέαμα
1185 2604 1466 2672 γίνονται,
1519 2605 1640 2659 ἀντὶ
1686 2606 1786 2674 τῆς

213 2694 522 2767 προσούσης
549 2695 731 2757 αὑτοῖς
760 2695 824 2747 ἐκ
851 2694 959 2746 τῶν
987 2693 1230 2764 βλαστῶν
1267 2695 1516 2762 ἀγλαΐας.
1550 2695 1614 2747 Τί
1649 2694 1692 2748 δ’
1721 2694 1786 2748 άν

213 2805 292 2852 τις
327 2787 568 2856 λέγοιτά
597 2786 738 2840 κατά
783 2787 1056 2841 Θάλασσαν
1084 2787 1252 2858 πάθη,
1296 2787 1364 2840 τά
1406 2787 1494 2842 διά
1535 2787 1628 2841 τοῦ
1670 2805 1784 2857 χει-

217 2879 390 2950 μῶνος
416 2880 709 2950 γινομενας
759 2878 881 2942 Πῶς
916 2880 981 2932 ἐκ
1011 2878 1185 2948 βυθῶν
1223 2878 1669 2948 ἀναστρεφομένη
1694 2879 1789 2931 καὶ

214 2973 566 3027 διοιδαίνουσα
599 2971 893 3036 σκοπέλους
924 2973 1019 3024 καὶ
1063 2971 1162 3042 δρη
1212 2973 1490 3040 μιμεῖται,
1542 2970 1677 3040 πρὸς
1726 2968 1788 3022 τὸ

215 3064 392 3134 δρθιον
422 3065 607 3134 σχῆμα
650 3061 1030 3133 κορυφουμένη
1073 3061 1150 3132 τῷ
1185 3060 1371 3126 ὕδατι;
1413 3061 1537 3124 Πῶς
1573 3061 1788 3132 ἐφορμᾷ

1885 595 2147 666 Spiritus.

1953 869 2091 923 Cum
2122 884 2252 940 ergo
2278 869 2358 924 sic
2385 883 2502 922 eam
2530 869 2767 923 allocuta
2795 877 2943 924 esset
2970 870 3168 934 oratio,
3203 878 3256 924 et
3284 871 3456 941 ipsam

1883 961 2104 1030 quidem
2141 962 2480 1016 nominasset
2525 961 2808 1030 pulchram
2858 970 3085 1030 propter
3138 963 3460 1031 propinqui-

1883 1059 2068 1115 tatem,
2103 1052 2408 1105 columbam
2441 1060 2620 1105 autem
2659 1060 2882 1121 propter
2938 1053 3401 1121 pulchritudinem
3440 1097 3454 1120 ,

1882 1143 2236 1212 persequitur
2267 1141 2318 1196 id
2350 1143 2495 1212 quod
2521 1141 2780 1212 deinceps
2813 1143 3078 1211 sequitur,
3118 1143 3308 1198 dicens
3350 1158 3457 1197 non

1883 1233 2118 1302 amplius
2148 1233 2420 1288 dominari
2453 1234 2646 1289 hiemis
2676 1234 2982 1287 animarum
3020 1233 3322 1288 tristitiam.
3356 1233 3460 1289 Ne-

1883 1338 1990 1392 que
2019 1323 2164 1377 enim
2197 1322 2372 1393 frigus
2417 1323 2625 1378 resistit
2665 1324 2842 1377 radio.
2879 1327 3012 1377 Ecce
3051 1317 3219 1384 enim,
3262 1324 3458 1394 inquit,

1881 1415 2048 1470 hiems
2071 1416 2348 1485 prwteriit,
2370 1413 2537 1468 imber
2560 1415 2689 1467 abiit
2713 1424 2763 1468 et
2793 1431 2848 1468 se
2876 1417 3086 1483 recepit.
3119 1415 3262 1476 Malo
3289 1417 3458 1469 multa

1884 1507 2078 1562 tribuit
2105 1508 2348 1567 nomina,
2390 1514 2449 1560 ut
2481 1505 2627 1576 quod
2665 1507 2978 1560 nominetur
3035 1521 3101 1560 ex
3141 1506 3460 1562 differentiis

1881 1599 2284 1668 Operationum.
2306 1597 2447 1652 Idem
2469 1597 2615 1652 enim
2646 1606 2699 1649 et
2725 1596 2900 1651 hiems
2917 1597 3162 1650 etimbcr
3194 1605 3246 1650 et
3277 1598 3458 1659 stillar,

1882 1697 1938 1742 et
1960 1688 2346 1742 convenienter
2372 1687 2668 1754 unicuique
2697 1686 2906 1740 nomini
2943 1687 3242 1742 tentatione
3279 1687 3461 1756 aliqua

1884 1793 1950 1832 ex
1987 1778 2318 1847 proprietate
2355 1776 2682 1846 significata,
2730 1774 2934 1828 dicitur
2971 1775 3168 1836 hiems.
3233 1784 3459 1847 propter

1887 1870 2238 1939 multiplicem
2272 1869 2535 1922 malorum
2581 1847 3061 1938 significationem.
3109 1865 3244 1920 Nam
3283 1868 3462 1922 hieme

1884 1968 1937 2014 et
1968 1975 2089 2028 qua:
2118 1959 2492 2028 germinarant
2536 1964 2922 2021 marcescunt,
2955 1963 3009 2011 et
3043 1959 3302 2011 arborum
3337 1957 3461 2027 pul-

1884 2051 2162 2114 chritudo,
2191 2065 2311 2119 quae
2337 2051 2661 2105 naturaliter
2690 2065 2846 2104 suam
2889 2057 3232 2103 venustatem
3272 2064 3336 2104 ac
3369 2049 3462 2102 de-

1885 2153 2068 2192 corem
2100 2137 2312 2206 accepit
2345 2152 2376 2190 a
2416 2136 2594 2200 foliis,
2627 2137 2829 2192 excidit
2863 2152 2891 2189 a
2922 2135 3068 2191 foliis
3097 2145 3150 2190 et
3200 2137 3466 2191 miscetur

1886 2237 2081 2292 terras;
2129 2228 2464 2282 musicarum
2519 2227 2702 2280 avium
2759 2227 2880 2282 silet
2937 2233 3283 2280 concentus:
3328 2225 3465 2292 fugit

1886 2317 2146 2380 luscinia,
2185 2323 2365 2386 torpet
2396 2315 2656 2383 hirundo,
2689 2331 2716 2370 a
2751 2316 2881 2370 nido
2927 2316 3311 2386 peregrinatur
3348 2325 3466 2369 tur-

1889 2409 2314 2472 tur;imitantur
2345 2409 2530 2463 omnia
2566 2409 2847 2464 tristitiam
2878 2409 3091 2474 mortis,
3123 2409 3312 2464 interit
3345 2421 3466 2478 ger-

1885 2514 2033 2558 men.
2066 2499 2302 2553 moritur
2329 2500 2493 2554 herba
2522 2513 2538 2552 :
2571 2506 2626 2553 et
2650 2513 2762 2568 quo
2786 2498 2950 2552 modo
2982 2514 3109 2553 ossa
3153 2507 3402 2570 separata
3436 2515 3463 2552 a

1885 2590 2170 2654 carnibus,
2203 2590 2276 2643 ita
2305 2589 2442 2643 rami
2475 2589 2668 2643 nudati
2724 2589 2870 2644 foliis
2918 2591 3164 2646 deforme
3228 2592 3467 2646 evadunt

1887 2681 2286 2750 spectaculum,
2330 2695 2428 2749 pro
2456 2680 2639 2749 specie
2679 2693 2746 2732 ac
2778 2679 2978 2734 decore
3007 2680 3101 2748 qui
3142 2680 3223 2735 eis
3277 2683 3468 2736 aderat

1887 2787 1953 2826 ex
1986 2770 2348 2841 germinibus.
2376 2769 2517 2836 Quid
2549 2779 2728 2824 autem
2773 2784 3208 2824 commemorare
3264 2774 3461 2827 attinet

1886 2879 1949 2918 ea
1985 2878 2106 2932 qua:
2158 2863 2214 2916 in
2251 2863 2387 2916 mari
2431 2863 2606 2917 hieme
2670 2860 2947 2922 accidunt,
3004 2862 3464 2930 quemadmodum

1889 2957 1958 3011 ab
1992 2957 2101 3009 imo
2129 2969 2381 3010 eversum
2416 2962 2470 3010 et
2515 2952 2871 3007 tumefactum
2932 2955 3188 3021 scapulos
3221 2953 3464 3008 imitatur

1888 3054 1943 3102 et
1973 3055 2208 3108 montes,
2268 3045 2323 3099 in
2359 3053 2565 3099 rectam
2603 3043 2829 3112 figuram
2864 3043 3038 3096 instar
3069 3044 3294 3098 verticis
3325 3059 3465 3114 aqua

217 3155 462 3225 καθάπερ
507 3154 740 3224 πολεμία
785 3156 852 3224 τῇ
899 3155 1006 3223 γῇ,
1052 3152 1191 3223 ὑπὲρ
1238 3152 1338 3216 τάς
1385 3153 1550 3224 μονὰς
1594 3153 1788 3223 ἐαυτὴν

1896 3136 2215 3206 fastigiata?
2264 3134 2724 3206 quemadmodum
2773 3135 2828 3188 in
2883 3143 3084 3190 terram
3121 3135 3300 3195 irruit.
3358 3151 3466 3190 non

220 3247 656 3309 ἐπεκὸάλλουσα,
705 3245 798 3298 καὶ
838 3247 957 3308 ταῖς
1006 3244 1324 3314 ἐπαλλήλοις
1371 3244 1480 3296 τῶν
1528 3244 1787 3313 κυμάτων

219 3338 454 3407 πληγαῖς
485 3334 597 3391 οἷόν
647 3354 755 3390 τισι
801 3336 1208 3407 μηχανημάτων
1257 3335 1580 3406 προσϐολαῖς
1620 3335 1788 3406 αὑτὴν

219 3430 602 3486 κατασείουσα.
656 3427 817 3482 Ἀλλά
843 3445 930 3498 μοι
961 3429 1070 3481 νόει
1107 3427 1176 3481 τὰ
1203 3426 1296 3480 τοῦ
1327 3427 1592 3498 χειμῶνος
1616 3427 1785 3497 πάθη,

214 3522 390 3576 ταῦτα
423 3520 519 3576 καὶ
546 3519 616 3574 τά
643 3518 866 3572 τοιαῦτα
890 3519 1067 3572 πάντα
1097 3517 1530 3589 μεταλαμϐάνων
1555 3520 1635 3581 είς
1660 3535 1788 3589 τρο-

217 3611 387 3682 πικὴν
417 3609 712 3681 σημασίαν.
745 3609 809 3661 Τί
838 3609 986 3662 ἐστιν
1011 3609 1068 3660 ἐν
1089 3605 1318 3677 χειμῶνι
1347 3605 1406 3660 τὸ
1432 3605 1704 3660 ἀπανθοῦν
1728 3622 1788 3658 τε

217 3703 302 3755 καὶ
343 3700 768 3771 μαραινόμενονς
817 3698 881 3750 Τί
911 3697 972 3750 τδ
1014 3699 1093 3760 είς
1118 3697 1222 3766 γῆν
1249 3698 1313 3749 ἐκ
1336 3695 1445 3749 τῶν
1472 3696 1788 3767 ἀκρεμόνων

217 3792 615 3862 ἀναλυόμενονς
670 3790 766 3852 Τίς
810 3789 842 3858 ή
892 3787 1151 3841 σιωπῶσα
1182 3787 1290 3842 τῶν
1324 3787 1535 3858 ᾠδικῶν
1561 3787 1790 3858 ὀρνίθων

219 3881 403 3951 quivi};
450 3881 546 3944 Τίς
569 3882 602 3948 ἡ
635 3879 878 3933 θάλασσα
910 3879 943 3948 ἡ
977 3877 1331 3948 ἐπωρυομένη
1357 3879 1468 3940 τοῖς
1498 3876 1687 3942 Mam;
1725 3877 1790 3930 Τί

220 3975 302 4026 ἐπὶ
338 3972 553 4034 τούτοις
584 3973 613 4025 δ
645 3969 828 4034 ὑετός;
877 3968 1034 4031 Τίνες
1075 3967 1169 4021 τοῦ
1208 3967 1365 4021 ὑετοῦ
1401 3970 1456 4021 al
1494 3969 1787 4037 σταγόνες;

221 4066 342 4128 Πῶς
371 4063 549 4131 ἐαυτῷ
580 4060 874 4132 πορεύεται
901 4061 929 4113 ό
958 4058 1112 4121 ὑετός
1144 4075 1160 4123 ;
1211 4058 1310 4111 Διά
1349 4057 1540 4112 τούτου
1571 4060 1701 4130 γὰρ,
1730 4059 1791 4114 τὸ

227 4156 462 4227 ἔμψυχόν
489 4171 551 4207 τε
590 4153 685 4206 καὶ
713 4151 1092 4222 προαιρετικὸν
1119 4149 1214 4203 τοῦ
1245 4150 1486 4204 τοιούτου
1527 4151 1792 4222 χειμῶνος

230 4243 589 4316 ὑποσημαίνει
609 4241 671 4294 τὸ
694 4240 944 4309 αἴνιγμα.

289 4399 442 4470 Τάχα
475 4395 586 4466 γάρ
615 4392 719 4447 κᾶν
751 4393 827 4465 μὴ
854 4392 997 4446 ’καθ’
1041 4391 1272 4446 ἕκαστον
1306 4392 1618 4467 διασαφήσῃ
1646 4395 1676 4448 ό
1703 4393 1792 4447 λό-

229 4508 336 4558 γος,
364 4487 632 4562 πρόδηλός
667 4488 786 4540 ἐστι
817 4484 897 4557 τῷ
943 4484 1235 4540 ἀκούσαντι
1263 4487 1296 4557 ὴ
1325 4486 1556 4540 ἑκάστου
1589 4485 1794 4541 τούτων

232 4581 604 4651 ἐμφαινομένη
630 4577 839 4631 διάνοια
873 4593 888 4607 ο
941 4577 1057 4640 πῶς
1090 4577 1331 4648 ἐτεθήλει
1365 4577 1426 4631 τὸ
1450 4576 1730 4648 καταρχὰς
1763 4579 1796 4648 ἡ

231 4672 538 4744 ἀνθρωπίνη
573 4669 756 4740 φύσις,
789 4668 895 4732 ἕως
931 4670 989 4722 ἐν
1019 4668 1097 4740 τῷ
1127 4669 1442 4742 παραδείσῳ
1467 4665 1556 4740 ἦν,
1593 4669 1674 4741 τῷ
1699 4671 1799 4742 τῆς

232 4760 405 4830 πηγῆς
454 4760 670 4828 ἐκείνης
719 4758 870 4812 ὑδατι
900 4759 1220 4831 πιαινομένη
1250 4760 1342 4813 καὶ
1371 4759 1635 4814 θάλλουσα
1658 4799 1675 4823 ,
1710 4761 1797 4813 ὅτε

228 4847 293 4922 ἧν
340 4853 458 4906 ἀντὶ
508 4851 722 4922 φύλλων
753 4852 782 4902 ὁ
808 4851 904 4920 τῆς
933 4851 1228 4912 ἀθανασίας
1261 4851 1506 4920 βλαστὸς,
1546 4851 1800 4924 ὡραΐζων

232 4942 324 5013 τὴν
355 4943 542 5012 φύσιν·
582 4941 720 4996 ἀλλά
768 4940 864 4994 τοῦ
914 4941 1182 5013 χειμῶνος
1231 4947 1328 5014 τῆς
1369 4946 1655 5016 παρακοῆς
1698 4946 1798 5018 τὴν

233 5034 384 5103 ῥίζαν
415 5035 854 5105 ἀποξηράναντος
873 5074 888 5097 ,
938 5034 1267 5104 ἀπετινάχθη
1296 5035 1356 5086 τὸ
1385 5036 1562 5100 ἀνθος,
1594 5036 1688 5092 καὶ
1718 5039 1798 5100 είς

232 5126 331 5196 γῆν
395 5115 624 5196 ἀνελύθη
652 5165 667 5188 ,
741 5125 835 5178 καὶ
898 5124 1186 5195 ἐγυμνώθη
1253 5125 1345 5178 τοῦ
1412 5127 1639 5190 κάλλους
1698 5129 1798 5199 τῆς

228 5216 519 5280 ἀθανασίας
554 5219 582 5271 δ
616 5215 920 5286 ἄνθρωπος,
947 5217 1040 5268 καὶ
1080 5217 1114 5286 ἡ
1155 5215 1262 5268 τῶν
1299 5216 1509 5287 ἀρετῶν
1540 5217 1645 5270 πόα
1667 5235 1797 5270 κατ-

234 5305 496 5378 εξηράνθη
518 5346 534 5370 ,
581 5307 680 5376 τῆς
722 5305 858 5377 πρὸς
903 5306 991 5358 τὸν
1033 5305 1163 5358 θεὸν
1195 5306 1413 5376 ἀγάπης
1454 5306 1541 5360 διὰ
1574 5307 1635 5360 τὸ
1662 5308 1796 5380 πληο
1826 5288 1872 5345 υ

233 5397 485 5467 θυνθῆναι
531 5399 628 5470 τὴν
665 5398 895 5470 ἀνομίαν
940 5397 1379 5470 καταῲυχοὺσης,
1425 5398 1545 5452 ὅθεν
1569 5399 1637 5453 τά
1672 5417 1792 5453 ποι-

233 5487 353 5541 κίλα
403 5490 546 5561 πάθη
607 5492 720 5553 τοῖς
784 5489 1176 5559 ἀντικειμένοις
1219 5489 1521 5559 πνεύμασιν
1564 5489 1622 5542 ἐν
1664 5489 1796 5559 ἡμῖν

234 5578 567 5650 ἐκορυφώθη,
603 5581 673 5633 δι’
710 5574 784 5635 ὧν
828 5579 896 5634 τά
947 5579 1158 5650 πονηρά
1201 5579 1300 5649 τῆς
1345 5579 1521 5650 ψυχῆς
1564 5579 1797 5649 ναυάγια

235 5667 460 5735 γίνεται.
496 5673 630 5726 Ἀλλ’
659 5672 901 5736 ἐλθόντος
926 5670 1020 5725 τοῦ
1063 5671 1124 5723 τὸ
1153 5669 1250 5742 ἔαρ
1277 5669 1384 5724 τῶν
1410 5670 1596 5741 ψυχῶν
1635 5674 1667 5742 ἡ
1678 5672 1795 5742 μῶν

238 5759 646 5831 ἐμποιήσαντος,
672 5763 753 5827 ὃς,
787 5760 882 5816 τοῦ
909 5758 1147 5832 πονηροῦ
1169 5758 1372 5830 ἀνέμου
1406 5758 1503 5830 τὴν
1524 5758 1795 5815 θάλασσάν

1895 3243 2056 3283 secus
2086 3234 2252 3296 atque
2285 3225 2460 3280 hostis
2485 3238 2784 3293 erumpens
2818 3223 2960 3276 ultra
2993 3225 3127 3278 tines
3159 3239 3273 3277 suae
3309 3223 3467 3276 habi-

1895 3318 2143 3382 talionis,
2171 3324 2226 3372 et
2254 3316 2620 3386 frequentium
2655 3314 2924 3368 undarum
2961 3314 3185 3377 ictibus,
3209 3323 3466 3384 tanquam

1895 3410 2176 3480 aliquibus
2203 3408 2581 3462 machinarum
2621 3406 2942 3470 insultibus,
2972 3406 3144 3475 ipsam
3179 3405 3469 3475 quatiens?

1897 3500 2005 3557 Sed
2045 3501 2143 3555 has
2175 3507 2230 3554 et
2266 3514 2387 3568 quae
2415 3507 2543 3552 sunt
2575 3496 2888 3566 hujusmodi
2925 3496 3123 3551 hiemis
3154 3496 3470 3552 affectiones

1894 3610 2088 3661 omnes
2107 3593 2240 3645 mihi
2263 3600 2444 3644 mente
2477 3603 2636 3644 versa
2675 3590 2742 3642 ad
2790 3589 3058 3658 tropicam
3089 3589 3366 3644 deducens
3396 3591 3471 3644 si-

1895 3682 2322 3753 gnificationem.
2356 3677 2497 3744 Quid
2540 3677 2612 3732 sit
2653 3677 2796 3744 quod
2849 3675 3026 3728 hieme
3061 3675 3372 3730 deflorescit
3416 3684 3472 3730 et

1896 3766 2224 3822 marcescit?
2245 3765 2384 3830 Quid
2414 3764 2486 3819 sit
2519 3763 2660 3832 quod
2697 3764 2751 3816 in
2774 3771 2975 3816 terram
3005 3777 3069 3816 ex
3103 3763 3270 3818 ramis
3300 3765 3473 3818 resol-

1896 3857 2351 3923 vitur?Quzenam
2376 3855 2448 3909 sit
2466 3870 2570 3909 vox
2592 3869 2712 3922 quze
2740 3853 2865 3907 silet
2894 3867 3224 3906 canorarum
3249 3855 3471 3908 avium?

1895 3950 2170 4021 quodnam
2214 3948 2287 4002 sit
2327 3961 2476 4000 mare
2524 3945 2847 4016 quod-rugit
2884 3943 3180 4000 ﬂuctibus?
3206 3943 3467 4011 Quisnam

1895 4043 2092 4097 deinde
2130 4041 2202 4097 sit
2234 4040 2452 4096 imber?
2476 4039 2607 4106 Qus
2625 4040 2734 4094 sint
2757 4039 2948 4094 imbris
2975 4040 3172 4095 stillae?
3201 4040 3471 4107 Quemad-

1896 4133 2116 4187 modum
2156 4130 2332 4185 imber
2363 4130 2518 4184 abeat
2554 4138 2607 4183 et
2648 4144 2707 4185 se
2728 4129 3002 4197 recipiat?
3024 4127 3126 4182 Per
3159 4129 3262 4184 hoc
3300 4131 3466 4195 enim,
3503 4157 3508 4162 -

1898 4224 1950 4278 id
1980 4221 2127 4292 quod
2163 4231 2246 4276 est
2283 4221 2583 4275 animatum
2614 4227 2667 4274 et
2700 4219 2872 4274 libero
2899 4220 3128 4274 arbitrio
3158 4222 3466 4289 przditum,

1898 4315 2064 4370 tacite
2098 4312 2372 4382 significat
2409 4312 2639 4382 aenigma
2677 4311 2843 4381 hujus
2861 4310 3080 4365 hiemis.

1969 4402 2135 4458 Forte
2165 4402 2312 4457 enim
2364 4402 2468 4458 etsi
2523 4401 2735 4472 singula
2767 4417 2875 4455 non
2915 4399 3206 4470 explicarit
3259 4400 3468 4466 oratio,

1899 4490 2138 4548 auditori
2177 4493 2284 4545 erit
2317 4488 2610 4544 manifesta
2658 4487 2929 4544 sententia
2964 4501 3086 4558 quae
3137 4502 3196 4543 se
3231 4489 3474 4544 ostendit

1899 4585 1954 4640 in
1994 4595 2329 4652 unoquoque
2356 4595 2546 4636 eorum
2575 4597 2588 4633 :
2620 4579 3078 4650 quemadmodum
3109 4579 3162 4632 in
3191 4579 3344 4634 initio
3372 4579 3475 4633 hu-

1899 4688 2062 4729 mana
2095 4671 2424 4744 germinavit
2459 4679 2678 4734 natura,
2707 4671 2950 4740 quandiu
2985 4669 3087 4724 fuit
3110 4672 3162 4724 in
3192 4671 3470 4740 paradiso,

1898 4778 2041 4834 aqua
2105 4763 2256 4819 illius
2289 4761 2456 4817 fontis
2487 4761 2710 4832 irrigata
2745 4770 2799 4815 et
2853 4760 3216 4832 germinans:
3251 4762 3474 4831 quando

1897 4864 2017 4911 erat
2051 4869 2152 4926 pro
2185 4854 2332 4909 foliis
2368 4868 2588 4924 germen
2623 4852 3074 4918 immortalitatis,
3102 4860 3354 4906 naturam
3384 4853 3473 4909 de-

1898 4944 2242 5009 corans;sed
2283 4959 2408 4998 cum
2451 4943 2627 4998 hiems
2666 4941 3053 4998 inobedientia
3101 4943 3341 4996 radicem
3379 4957 3471 4996 ex-

1897 5037 2185 5099 siccasset,
2213 5033 2314 5089 flos
2343 5035 2397 5088 in
2436 5043 2637 5090 terram
2673 5049 2944 5089 excussus
2997 5040 3118 5097 est,
3147 5033 3470 5098 dissolutus,

1895 5137 1949 5182 et
1978 5127 2217 5182 nudatus
2257 5126 2364 5181 fuit
2392 5127 2556 5181 homo
2594 5142 2623 5180 a
2679 5125 3088 5197 pulchritudine
3147 5125 3472 5179 immortali-

1896 5219 2049 5283 tatis,
2084 5226 2138 5272 et
2174 5217 2450 5273 exsiccata
2485 5217 2589 5272 fuit
2616 5217 2786 5272 herba
2828 5217 3114 5275 virtutum.
3150 5217 3468 5286 refrigerata

1899 5310 1956 5364 in
1991 5309 2160 5365 Deum
2232 5299 2532 5370 char’itate,
2572 5315 2855 5375 propterea
2931 5307 3077 5377 quod
3135 5306 3468 5360 abundasset

1899 5399 2186 5470 iniquitas,
2220 5399 2364 5454 unde
2403 5399 2570 5453 variae
2597 5399 2913 5454 affectiones
2958 5397 3206 5451 adversis
3250 5394 3468 5448 ﬂatibus

1899 5493 1956 5548 in
1989 5493 2148 5548 nobis
2205 5499 2335 5548 sunt
2371 5492 2424 5545 in
2456 5492 2627 5544 altum
2675 5490 2956 5552 excitatae,
3013 5504 3108 5558 per
3159 5501 3296 5556 quas
3336 5485 3472 5539 fiunt

1901 5583 2044 5637 mala
2079 5583 2274 5637 anima:
2307 5581 2612 5650 naufragia.
2650 5578 2755 5635 Sed
2785 5567 2908 5633 cum
2966 5580 3208 5634 venisset
3236 5577 3327 5646 qui
3376 5592 3474 5634 ver

1901 5673 1956 5727 in
1992 5673 2198 5728 nostris
2231 5673 2428 5727 animis
2470 5671 2667 5726 indidit
2721 5686 2784 5725 ac
2819 5671 3144 5740 procreavit,
3190 5668 3308 5738 qui,
3343 5684 3474 5722 cum

1902 5766 2077 5821 malus
2115 5773 2308 5822 ventus
2339 5779 2490 5820 mare
2526 5761 2820 5832 aliquando
2842 5761 3140 5819 excitasset
3195 5768 3245 5817 et
3279 5767 3475 5820 ventos
