3928 6196
513 311 616 365 871

1717 303 1775 359 s.
1806 303 2130 360 cnnconu
2163 299 2456 358 NYSSENI
3479 279 3481 281 ’
3590 305 3675 362 an

521 427 802 492 increpat,
847 428 902 476 et
939 418 1075 474 dicit
1118 419 1297 474 mari:
1355 420 1523 486 Tace,
1562 421 1854 475 obmutesce
1877 437 1896 474 :
1941 429 1995 476 et
2019 421 2084 476 ad

2199 436 2317 472 ποτε
2351 415 2732 486 διεγείραντος,
2765 411 2858 468 καὶ
2901 412 3012 477 τοῖς
3057 412 3347 483 πνεύμασιν
3371 415 3583 491 ἐπιτιμᾷ,
3608 428 3680 476 καὶ

519 513 867 570 serenitatem
895 520 950 566 et
981 512 1430 582 tranquillitatem
1469 512 1688 566 redacta
1718 519 1846 566 sunt
1879 512 2080 575 omnia,

517 612 572 657 et
612 617 808 656 rursus
872 600 1064 678 incipit
1120 608 1309 656 nostra
1363 603 1557 655 natura
1614 602 1849 671 propriis
1900 602 2082 656 ornari

518 693 788 758 ﬂoribus;
830 693 958 746 vitae
987 701 1169 746 autem
1226 700 1427 747 nostra:
1458 679 1617 747 ﬂores
1649 694 1903 756 virtutes.
1939 708 2086 748 nunc

519 781 740 851 quidem
780 780 994 844 ﬂorent,
1035 796 1193 835 suum
1226 789 1405 836 autem
1441 782 1678 836 fructum
1705 781 1947 852 praebent
1985 796 2086 838 suo

521 882 786 943 tempore.
837 872 1136 942 Propterea
1162 872 1296 947 dicit
1343 873 1643 941 Scriptura:
1675 881 1874 938 textus,
1905 875 2085 928 Hiems

519 963 799 1030 prwteriit,
821 962 990 1014 imber
1013 961 1170 1024 abiit,
1198 978 1252 1016 se
1281 963 1491 1030 recepit.
1518 960 1702 1016 Flores
1741 964 1836 1016 visi
1865 972 1986 1017 sunt
2031 963 2085 1016 in

523 1065 688 1117 terra,
713 1062 912 1120 tempus
941 1053 1233 1120 putationis
1268 1052 1498 1107 advenit.
1525 1051 1713 1119 Vides,
1745 1053 1938 1122 inquit,
1964 1067 2088 1122 pra-

521 1153 638 1199 tum
672 1144 873 1197 ﬂorens
905 1142 1242 1197 virtutibus?
1281 1141 1444 1198 Vides
1494 1145 1930 1213 temperantiam,
1985 1144 2088 1196 hoc

520 1244 606 1292 est
631 1235 973 1305 splendidum
1005 1246 1058 1288 et
1099 1234 1237 1288 bene
1265 1235 1420 1289 olens
1459 1235 1631 1288 lilium
1659 1237 1682 1288 ?
1716 1235 1878 1289 Vides
1915 1235 2090 1304 pudo-

523 1341 660 1391 rem,
699 1325 924 1379 rosam?
947 1325 1109 1380 Vides
1127 1323 1348 1387 violam,
1369 1327 1571 1380 Christi
1599 1328 1801 1382 bonum
1829 1325 2090 1382 odorem?

521 1417 635 1470 Cur
692 1430 821 1485 ergo
880 1430 980 1485 per
1026 1416 1141 1470 haec
1175 1431 1282 1470 non
1329 1416 1471 1470 texis
1501 1417 1801 1471 coronam?
1853 1416 1968 1472 Iloc
2007 1423 2092 1471 est

524 1514 738 1576 tempus
785 1507 841 1560 in
881 1521 990 1576 quo
1051 1505 1139 1560 his
1204 1506 1449 1561 collectis
1505 1515 1722 1575 oportet
1782 1507 2092 1576 huiusmodi

523 1600 744 1654 coronis
801 1599 1009 1654 ornari.
1076 1597 1300 1667 Tempus
1349 1600 1637 1668 putationis
1696 1599 1924 1654 advenit.
1979 1598 2094 1654 Hoc

522 1692 854 1747 testiﬁcatur
879 1705 983 1745 vox
1020 1691 1272 1753 turturis,
1302 1691 1356 1745 id
1402 1698 1507 1756 est,
1544 1707 1649 1746 vox
1693 1692 1984 1746 clamantis
2036 1693 2093 1744 in

2187 512 2255 579 τῇ
2288 508 2527 577 θαλάσσῃ
2559 506 2724 574 λέγει,
2757 506 2973 570 Σιώπα,
2992 505 3311 574 πεφίμωσο,
3338 508 3495 561 πάντα
3519 514 3584 573 εἰς
3607 531 3683 579 γα-

2189 600 2378 670 λήνην,
2422 598 2518 651 καὶ
2552 597 2810 667 νηνεμίαν
2858 597 3276 666 μετεσκευάσθη,
3306 599 3393 650 καὶ
3415 601 3557 654 πάλιν
3584 605 3686 657 ἀνα-

2192 690 2403 743 θάλλειν
2450 689 2695 758 ἄρχεται,
2743 688 2838 739 καὶ
2884 688 2995 748 τοῖς
3040 686 3189 748 ἰδίοις
3251 686 3448 741 ἄνθεσιν
3497 693 3526 761 ὴ
3561 693 3687 761 φύσις

2191 781 2347 851 ἡμῶν
2375 779 2666 850 ὡραῖξεται
2687 793 2702 808 °
2732 774 2865 847 ἄνθη
2893 777 2951 829 δὲ
2979 777 3076 846 τῆς
3106 777 3246 848 ζωῆς
3271 780 3417 849 ἡμῶν
3441 782 3490 833 αἰ
3517 784 3688 852 ἀρεταὶ,

2189 873 2286 927 νῦν
2313 872 2412 942 μὲν
2439 870 2716 932 ἀνθοῦσαι,
2743 869 2834 921 τὸν
2861 869 2916 920 δὲ
2943 869 3152 940 καρπὸν
3179 870 3349 924 αὐτῶν
3370 872 3440 941 τῷ
3465 873 3562 943 ἰδίῳ
3583 893 3691 943 παρ-

2191 962 2443 1032 εχόμεναι
2473 959 2668 1032 καιρῷ.
2703 959 2799 1012 Διὰ
2823 957 2980 1012 τοῦτό
3001 977 3163 1030 φησιν
3191 962 3218 1012 ό
3242 960 3406 1028 λόγος,
3440 963 3488 1013 Ὁ
3518 965 3695 1032 χειμὼν

2192 1049 2520 1119 παρῆλθεν,
2554 1053 2586 1103 ὀ
2619 1049 2790 1115 ὑετὸς
2816 1049 3109 1117 ἀπῆλθεν,
3138 1050 3415 1118 ἐπορεύθη
3436 1053 3619 1117 ἐαυτῷ
3643 1057 3696 1108 τὰ

2191 1143 2343 1210 ἄνθη
2367 1141 2532 1211 ὤφθη
2565 1143 2634 1194 ἐν
2663 1140 2739 1210 τῇ
2763 1139 2856 1210 τῇ,
2888 1141 3092 1208 καιρὸς
3123 1139 3233 1208 τῆς
3261 1140 3433 1209 τομῆς
3461 1143 3694 1210 ἔφθακεν.

2204 1232 2387 1303 Ὁρᾷς,
2437 1233 2588 1302 φησι,
2632 1231 2724 1284 τὸν
2755 1230 2994 1301 λειμῶνα
3043 1229 3134 1283 τὸν
3170 1230 3254 1282 διὰ
3284 1230 3387 1282 τῶν
3417 1232 3600 1300 ἀρετῶν
3628 1234 3700 1284 ἀν-

2194 1322 2422 1388 θοῦντα;
2461 1322 2623 1392 Ὁρᾷς
2649 1319 2745 1390 τὴν
2787 1319 3141 1390 σωφροσύνην
3160 1360 3174 1384 ,
3207 1319 3354 1373 τοῦτό
3381 1322 3483 1372 ἐστι
3509 1321 3562 1372 τὸ
3585 1321 3700 1390 λαμ·

2195 1413 2330 1482 πρόν
2354 1428 2412 1464 τε
2435 1413 2529 1464 καὶ
2552 1411 2748 1472 εὑῶδες
2769 1410 2950 1480 κρίνον
2971 1425 2986 1472 ;
3019 1411 3182 1480 Ὁρᾷς
3200 1410 3293 1480 τὴν
3315 1411 3454 1473 αἰδὼ,
3475 1411 3528 1462 τὸ
3549 1413 3699 1481 ρόδον;

2195 1503 2254 1555 τὸ
2283 1504 2359 1555 ῐον
2379 1543 2393 1566 ,
2418 1501 2511 1554 τοῦ
2542 1501 2777 1572 Χριστοῦ
2812 1502 2910 1572 τὴν
2927 1501 3186 1567 εύωδίαν;
3214 1501 3276 1553 Τί
3299 1496 3386 1554 οὖν
3409 1503 3464 1553 ού
3488 1519 3703 1570 στεφανο-

2197 1592 2416 1654 πλοκεῖς
2447 1591 2534 1644 διὰ
2563 1591 2801 1656 τούτων;
2843 1584 3010 1654 Οὗτός
3042 1593 3191 1644 ἐστιν
3219 1593 3245 1643 ό
3277 1592 3455 1660 καιρὸς
3477 1592 3528 1642 tv
3561 1585 3598 1658 ᾧ
3620 1595 3702 1662 χρὴ

2197 1680 2531 1751 δρεψάμενον
2554 1685 2619 1751 τῇ
2650 1682 2820 1752 πλοκῇ
2849 1682 2957 1734 τῶν
2983 1680 3236 1734 τοιούτων
3267 1682 3525 1749 στεφάνων
3544 1683 3705 1749 ἐγκαλ-

522 1785 742 1838 deserto
765 1785 833 1836 ".
862 1781 1099 1837 Joannes
1123 1783 1267 1837 enim
1301 1790 1384 1837 est
1412 1790 1615 1836 turtur.
1655 1782 1705 1838 Is
1738 1791 1822 1838 est
1851 1796 2089 1852 praecur-

2199 1775 2554 1828 λωπίσασθαι.
2610 1776 2666 1827 '0
2695 1775 2896 1842 καιρὸς
2938 1776 3049 1844 τῆς
3087 1776 3274 1844 τομῆς
3301 1779 3526 1844 ἔφθακε.
3569 1776 3706 1829 Τοῦτό

523 1890 618 1928 sor
653 1873 898 1944 praeclari
940 1872 1108 1940 hujus
1156 1873 1324 1936 veris,
1363 1873 1456 1941 qui
1508 1873 1751 1927 ostendit
1782 1871 2092 1926 hominibus

525 1965 784 2032 pulchros
816 1963 978 2018 ﬂores
1010 1963 1249 2026 virtutis,
1295 1969 1349 2016 et
1378 1962 1606 2032 porrigit
1640 1963 1709 2016 iis
1765 1961 1860 2030 qui
1899 1955 2094 2016 volunt

523 2051 685 2105 ﬂores
739 2049 1036 2116 colligere:
1095 2064 1192 2118 per
1221 2064 1359 2118 quos
1419 2049 1744 2105 ostendebat
1772 2049 1960 2103 ﬂorem
1997 2049 2090 2118 qui

521 2144 635 2196 exit
667 2157 698 2196 e
727 2141 910 2195 radice
955 2139 1133 2203 Jesse,
1181 2155 1374 2208 nempe
1431 2139 1642 2210 Agnum
1685 2139 1782 2194 Dei
1837 2139 1930 2210 qui
1988 2139 2094 2193 tol-

525 2234 588 2287 lit
617 2239 836 2302 peccata
862 2231 1078 2289 mundi.
1110 2237 1164 2285 et
1189 2229 1513 2300 suggerebat
1541 2231 1606 2284 de
1639 2230 1798 2283 malis
1830 2229 2096 2299 pmniten-

525 2325 680 2388 tiam,
714 2331 770 2379 et
799 2325 967 2377 vitam
999 2319 1305 2392 degendam
1337 2335 1402 2376 ex
1438 2320 1672 2375 virtute.

525 2415 697 2486 ἀμνὸν
728 2413 822 2467 τοῦ
849 2413 982 2467 Θεοῦ
1024 2413 1114 2465 τὸν
1141 2412 1502 2484 αἰροντα¹τὴν
1543 2412 1817 2483 ἁμαρτίαν
1847 2411 1943 2466 τοῦ
2002 2412 2231 2483 κόσμου,
2281 2412 2375 2464 καὶ
2423 2411 2708 2464 ὑπετίθετο
2756 2409 2854 2479 τὴν
2897 2409 2964 2461 ὲκ
2993 2407 3100 2462 τῶν
3129 2407 3315 2461 κακῶν
3351 2406 3612 2476 μετάνοιαν
3640 2405 3711 2457 καί
3809 2399 3812 2402 ⁴

523 2508 622 2580 τὴν
647 2510 764 2562 κατ’
797 2508 996 2580 ἀρετὴν
1027 2506 1320 2561 πολιτείαν.

596 2599 797 2653 Audita
841 2607 918 2651 est
957 2595 1133 2663 enim,
1195 2598 1391 2668 inquit,
1424 2613 1522 2652 vox
1580 2599 1800 2652 turturis
1856 2599 1912 2652 in
1953 2607 2094 2654 terra

529 2698 732 2743 nostra.
783 2685 1010 2740 Terram
1053 2684 1192 2740 forte
1225 2685 1475 2740 nominat
1521 2701 1616 2741 eos
1671 2687 1764 2756 qui
1820 2695 1951 2743 sunt
1994 2689 2094 2743 da-

530 2778 698 2832 mnati
734 2778 786 2831 in
821 2776 973 2842 vitio,
1007 2791 1148 2847 quos
1181 2777 1504 2847 publicanos
1533 2788 1586 2832 et
1615 2779 1934 2834 meretrices
1963 2777 2096 2833 dicit

530 2868 909 2937 Evangelinm,
945 2881 975 2919 ιι
999 2867 1202 2936 quibus
1225 2866 1470 2920 auditum
1495 2874 1578 2921 est
1599 2867 1821 2922 verbum
1845 2867 2093 2934 Joannis,

529 2973 654 3012 cum
702 2958 900 3027 reliqui
952 2957 1176 3012 minime
1235 2957 1585 3012 admisissent
1630 2957 2093 3027 praedicationem.

531 3049 684 3115 Quod
727 3055 908 3102 autem
943 3047 1146 3102 dictum
1179 3054 1264 3102 est
1317 3047 1385 3102 de
1413 3046 1518 3102 ﬁcu
1549 3064 1567 3104 :
1608 3046 1840 3102 Protulit
1885 3067 2095 3119 grossos
2125 3086 2169 3144 C

531 3154 676 3202 suos,
732 3137 948 3191 ratione
981 3139 1063 3191 sic
1116 3136 1520 3206 intelligamus:
1543 3137 1706 3194 Ficus
1735 3140 1806 3195 ob
1837 3142 2097 3208 calorem,

531 3237 616 3284 est
650 3228 877 3298 praedita
907 3228 960 3282 vi
995 3227 1196 3297 insigni
1231 3228 1543 3282 attrahendi
1577 3230 1824 3287 humoris
1874 3247 1941 3285 ex
1971 3247 2099 3302 pro-

534 3320 722 3374 fundo.
755 3319 889 3374 Cum
925 3325 1106 3374 autem
1137 3317 1345 3374 multus
1370 3319 1569 3375 humor
1593 3323 1862 3377 consistat
1897 3324 1952 3377 in
1985 3337 2101 3378 me-

533 3411 705 3473 dulla,
744 3409 1062 3464 necessario
1089 3418 1282 3464 natura
1326 3424 1424 3480 per
1463 3409 1755 3466 humorum
1788 3415 2102 3468 concoctio-

533 3516 657 3555 nem
679 3502 734 3554 in
769 3501 972 3570 planta,
999 3501 1224 3570 expellit
1253 3517 1322 3557 ex
1353 3503 1522 3559 ramis
1559 3503 1804 3558 inutilem
1832 3512 1888 3559 et
1927 3515 2100 3564 terre-

534 3602 704 3647 strem
734 3592 1038 3646 humorem.
1070 3593 1238 3664 idque
1265 3609 1410 3665 saepe
1437 3594 1587 3661 facit,
1617 3595 1794 3652 donec
1820 3598 2100 3653 sincerum

534 3691 588 3738 et
617 3685 684 3738 ad
724 3682 1079 3737 nutriendum
1120 3693 1303 3754 aptum
1360 3686 1646 3742 humorem
1698 3695 1825 3757 apto
1857 3687 2104 3756 proferat

535 3784 803 3846 tempore,
861 3775 930 3830 ab
993 3776 1174 3830 inutili
1214 3785 1576 3847 expurgatum
1616 3781 1898 3848 qualitate.
1945 3779 2102 3846 Quod

534 3883 666 3937 ergo
696 3879 823 3922 ante
851 3867 1069 3922 dulcem
1100 3876 1156 3921 et
1181 3866 1484 3937 perfectum
1519 3868 1780 3934 fructum,
1817 3884 1848 3922 a
1886 3869 1991 3924 ﬁcu
2021 3872 2105 3924 in-

538 3967 654 4014 star
699 3958 909 4012 fructus
966 3957 1320 4027 producitur,
1388 3973 1616 4028 gressus
1673 3959 1897 4025 dicitur,
1957 3959 2104 4029 quod

539 4048 756 4117 quidem
809 4054 896 4102 est
944 4047 1123 4117 ipsum
1175 4062 1393 4118 quoque
1447 4050 1787 4104 esculentum
1848 4063 2105 4103 nonnun-

539 4151 700 4208 Quam
730 4141 1044 4196 volentibus
1075 4158 1090 4195 :
1131 4156 1238 4194 non
1275 4147 1571 4196 esttamen
1606 4142 1697 4196 ille
1730 4141 1963 4207 fructus,
2006 4140 2104 4197 sed

542 4233 750 4285 fructus
781 4233 1130 4302 prommium.
1154 4231 1258 4297 Qui
1286 4247 1416 4304 ergo
1441 4248 1505 4288 ea
1527 4232 1683 4296 vidit,
1711 4231 1946 4286 fructum
1977 4248 2104 4286 mox

540 4319 785 4376 futurum
817 4322 1040 4377 omnino
1073 4331 1375 4394 exspectat.
1421 4321 1559 4378 Sunt
1600 4323 1744 4378 enim
1772 4325 1987 4394 signum
2039 4323 2104 4377 ﬁ-

2200 1882 2279 1917 σοι
2311 1863 2734 1934 διαμαρτύρεται
2771 1865 2804 1933 η
2841 1863 2990 1934 φωνὴ
3017 1867 3117 1934 τῆς
3149 1864 3432 1933 τρυγόνος,
3474 1865 3706 1917 τουτέστιν

2199 1957 2234 2024 ἡ
2265 1955 2414 2025 φωνὴ
2437 1954 2531 2007 τοῦ
2567 1954 2793 2024 βοῶντος
2834 1955 2892 2007 tv
2921 1958 2985 2024 τῇ
3019 1955 3229 2024 ἐρήμῳ.
3274 1956 3509 2024 Ἰωάννης
3534 1955 3706 2022 ὲστίνή

2199 2047 2432 2118 τρυγών.
2477 2041 2643 2108 Οῦτος
2672 2048 2700 2099 ὁ
2724 2045 2818 2098 τοῦ
2845 2045 3066 2115 φαιδροῦ
3100 2046 3261 2115 ἔαρος
3287 2046 3584 2115 πρόδρομος,
3607 2048 3631 2098 ό
3657 2044 3708 2097 τὰ

2199 2135 2336 2190 καλὰ
2359 2136 2459 2204 τῆς
2485 2136 2686 2207 ἀρετῆς
2725 2134 2858 2206 ἄνθη
2885 2137 2994 2196 τοῖς
3033 2134 3335 2205 ἀνθρώποις
3363 2133 3616 2196 δεικνύων,
3637 2133 3709 2185 καὶ

2157 2229 2309 2301 ,τοῖς
2379 2227 2721 2297 βουλομένοις
2779 2225 3084 2292 ἀνθολογεῖν
3153 2224 3441 2295 προτείνων
3476 2239 3489 2252 ο
3549 2224 3607 2276 δι’
3651 2216 3710 2275 ὧν

2199 2318 2516 2372 ὑπεδείκνυε
2557 2318 2618 2371 τὸ
2661 2318 2724 2370 ὲκ
2749 2317 2848 2387 τῆς
2875 2316 3027 2387 ῥίζης
3056 2314 3149 2368 τοῦ
3207 2316 3398 2368 Ἰεσσαὶ⁵
3443 2313 3603 2379 ἄνθος,
3641 2313 3710 2366 τὸν

2279 2599 2570 2666 Ἠκούσθη
2599 2599 2728 2669 γὰρ,
2759 2600 2909 2670 φησὶν
2938 2598 3104 2668 φωνὴ
3128 2599 3242 2669 τῆς
3274 2599 3543 2668 τρυγόνος
3572 2598 3632 2651 ἐν
3655 2595 3712 2663 τῇ

2201 2691 2276 2762 γῆ
2304 2690 2490 2760 ἡμῶν.
2537 2692 2686 2761 Τάχα
2715 2693 2818 2761 γῆν
2848 2693 2971 2754 τοὺς
3002 2691 3475 2761 κατεγνωσμένους
3502 2691 3553 2742 tv
3578 2688 3712 2759 κακίᾳ

2200 2783 2578 2854 κατονομάζει,
2628 2781 2721 2845 οὒς
2761 2783 2995 2846 τελώνας
3037 2801 3096 2835 τε
3138 2784 3235 2836 καὶ
3277 2783 3471 2854 πόρνας
3505 2781 3636 2846 λέγει
3669 2778 3715 2830 τὸ

2199 2875 2550 2943 Εύαγγέλιον,
2585 2877 2642 2927 ὲν
2685 2871 2766 2937 οἷς
2797 2873 3035 2943 ἠκούσθη
3089 2873 3185 2924 τοῦ
3231 2873 3466 2926 Ἰωάννου
3511 2872 3536 2922 6
3570 2869 3713 2936 λόγος,

2174 2967 2307 3018 τῶν
2335 2967 2538 3018 λοιπῶν
2568 2967 2630 3018 ού
2662 2965 3121 3036 παραδεξαμένων
3161 2966 3224 3018 τὸ
3267 2966 3535 3034 κήρυγμα.
3582 2961 3645 3014 T6
3675 2959 3717 3010 δὲ

2201 3056 2330 3126 περὶ
2377 3057 2477 3126 τῆς
2524 3057 2693 3126 συκῆς
2743 3058 3068 3127 εἰρημένον,
3129 3059 3213 3110 ὅτι
3271 3056 3566 3125 Ἐξήνεγκε
3606 3053 3718 3117 τοὺς

2201 3148 2498 3213 ὀλύνθους
2525 3147 2734 3215 αὐτῆς,
2777 3149 2972 3200 οὑτωσί
3021 3148 3096 3217 τῷ
3123 3148 3269 3218 λόγῳ
3309 3149 3717 3216 κατανοήσωμεν·

2212 3239 2463 3308 Ἐλκτικὴ
2506 3238 2606 3308 τῆς
2639 3240 2696 3290 tv
2727 3238 2806 3309 τῷ
2849 3238 3002 3307 βάθει
3029 3238 3234 3302 νοτίδος
3275 3239 3616 3307 διαφερόντως
3639 3231 3719 3285 ύπό

2201 3330 2530 3401 θερμότητός
2564 3331 2710 3382 ἐστιν
2743 3332 2776 3400 ἡ
2821 3330 2979 3400 συκῆ.
3029 3330 3240 3400 Πολλῆς
3287 3330 3345 3382 δὲ
3389 3328 3521 3382 κατὰ
3547 3327 3632 3389 τὰς
3655 3327 3721 3377 tv-

2200 3423 2459 3494 τεριώνας
2505 3424 2602 3493 τῆς
2655 3422 2876 3492 ἰκμάδος
2922 3421 3356 3491 συνισταμένης,
3395 3417 3721 3486 ἁναγκαίωςὴ

2204 3515 2364 3584 φύσις
2395 3513 2482 3566 διὰ
2521 3513 2621 3582 τῆς
2665 3511 2773 3564 τῶν
2819 3509 3000 3582 ὑγρῶν
3033 3511 3251 3579 πέψεως
3295 3511 3394 3580 τῆς
3424 3511 3478 3562 tv
3514 3508 3583 3578 τῷ
3605 3503 3723 3573 φυτῷ

2202 3606 2494 3676 γινομένης
2527 3604 2588 3657 τὸ
2619 3603 2835 3674 ἀχρεῖόν
2879 3620 2938 3656 τε
2983 3604 3078 3657 καὶ
3107 3604 3309 3671 γεῶδες
3336 3604 3430 3671 τῆς
3458 3587 3724 3670 ἰκμάδοςὲκ

2202 3697 2308 3750 τῶν
2337 3696 2654 3767 ἀκρεμόνων
2682 3695 3140 3758 ἁποσκευάξεται.
3173 3696 3286 3748 Καὶ
3321 3692 3568 3753 πολλάκις
3601 3688 3725 3740 τοῦτο

2205 3793 2366 3853 ποιεῖ,
2391 3788 2465 3850 ὼς
2489 3788 2554 3841 ἂν
2583 3788 2642 3840 τὸ
2669 3785 2958 3857 εἰλικρινές
2984 3803 3042 3838 τε
3073 3787 3167 3839 καὶ
3197 3787 3458 3862 τρόφιμον
3486 3786 3541 3836 tv
3566 3781 3631 3850 τῷ
3650 3797 3720 3831 κα-

2204 3875 2420 3946 θήκοντι
2469 3872 2646 3944 καιρῷ
2688 3871 2988 3946 προϐάλλῃ,
3025 3874 3436 3944 κεκαθαρμένον
3466 3871 3555 3940 τῆς
3587 3868 3725 3937 ἀχρή-

2206 3983 2330 4019 στου
2355 3965 2653 4034 ποιότητος.
2683 3963 2853 4016 Τοῦτο
2880 3964 3058 4017 τοίνυν
3087 3964 3194 4035 πρὸ
3217 3965 3313 4017 τοῦ
3338 3963 3571 4032 γλυκέως
3587 3978 3634 4012 τε
3656 3958 3727 4011 καὶ

2201 4057 2408 4110 τελείου
2439 4054 2650 4126 καρποῦ
2683 4055 2788 4106 ὑπὸ
2815 4055 2913 4125 τῆς
2943 4055 3111 4125 συκῆς
3141 4057 3199 4107 ἐν
3232 4055 3460 4126 καρπῶν
3488 4053 3604 4106 εῖδει
3626 4063 3727 4118 προ-

2205 4147 2562 4216 ϐαλλόμενον,
2613 4146 2829 4209 όλυνθος
2880 4146 3133 4214 λέγεται·
3181 4148 3323 4218 ὅπερ
3359 4147 3451 4200 καί
3499 4145 3614 4196 αύτὸ
3653 4139 3726 4208 μὲν

2205 4236 2461 4304 ἐδώδιμον
2501 4236 2612 4289 ἔσθ’
2664 4236 2752 4288 ὅτε
2801 4239 2911 4299 τοῖς
2948 4235 3295 4306 βουλομένοις
3340 4237 3515 4290 ἐστίν’
3557 4233 3608 4285 ού
3645 4229 3724 4298 μὴν

2205 4329 2380 4381 ἐκεῖνό
2403 4330 2546 4382 ἐστιν
2575 4329 2602 4380 6
2637 4326 2865 4402 καρπὸς,
2905 4327 3054 4380 ’ἀλλὰ
3086 4326 3180 4380 τοῦ
3232 4327 3446 4398 καρποῦ
3492 4322 3723 4394 προοίμιον

539 4425 704 4466 cuum
734 4413 1140 4468 esculentarum
1168 4413 1369 4484 grossi,
1407 4429 1546 4482 quos
1573 4413 1705 4468 dicit
1734 4413 1893 4468 ﬁcum
1921 4425 2097 4482 protu-

2204 4421 2430 4487 γίνεται.
2469 4420 2526 4473 Ὁ
2551 4419 2723 4475 ταῦτα
2747 4422 2923 4476 τοίνυν
2956 4422 3311 4494 θεασάμενος,
3337 4425 3429 4478 καὶ
3451 4423 3534 4476 τὸν
3559 4415 3722 4489 καρπὸν

539 4497 693 4553 lisse.
724 4497 864 4564 Quia
907 4499 1053 4555 enim
1113 4516 1208 4554 ver
1258 4502 1542 4570 spirituale
1593 4518 1809 4572 sponsas
1835 4502 2101 4558 describit

540 4591 752 4646 oratio;
783 4599 870 4647 est
899 4599 1082 4646 autem
1114 4592 1216 4646 hoc
1244 4601 1457 4662 tempus
1506 4594 1562 4648 in
1591 4595 1835 4651 conﬁnio
1865 4597 2101 4652 duorum

541 4689 868 4750 temporum,
915 4697 1108 4751 nempe
1165 4690 1217 4736 et
1258 4683 1496 4737 tristitiae
1557 4685 1842 4750 hiemalis,
1875 4697 1931 4742 et
1987 4686 2106 4741 fru-

541 4779 752 4837 ctuum,
805 4771 900 4840 qui
957 4773 1292 4842 colliguntur
1338 4781 1588 4841 testate“
1616 4777 2100 4847 participationis:

541 4869 833 4931 propterea
856 4861 998 4914 mala
1027 4863 1245 4931 quidem
1273 4865 1600 4933 praeteriisse
1627 4865 1868 4923 dilucide
1894 4883 2105 4922 annun-

542 4955 678 5018 tiat,
739 4951 1012 5023 perfectos
1073 4963 1254 5015 autem
1313 4955 1520 5013 fructus
1571 4959 1790 5016 virtutis
1859 4959 2105 5014 nondum

540 5054 729 5114 aperte
753 5043 1013 5100 ostendit.
1041 5042 1146 5100 Sed
1171 5045 1271 5102 hos
1302 5047 1522 5118 quidem
1549 5051 1798 5106 recondit
1830 5066 1894 5107 ac
1927 5066 2109 5108 reser-

541 5143 631 5189 vat
688 5135 744 5190 in
773 5142 993 5205 tempus
1021 5144 1415 5206 opportunum,
1449 5141 1670 5208 quando
1701 5149 1864 5196 testas
1895 5143 2107 5198 instite-

541 5227 633 5281 rit.
675 5224 798 5282 Scis
829 5238 1009 5281 autem
1041 5227 1265 5284 omnino
1295 5231 1427 5298 quid
1451 5229 1792 5300 signiﬁcetur
1824 5247 1920 5301 per
1944 5241 2104 5287 aesta-

543 5323 650 5372 tem
680 5332 752 5393 es
770 5332 903 5372 voce
931 5317 1172 5385 Domini,
1207 5335 1402 5390 nempe
1447 5320 1598 5391 quod
1662 5319 1855 5377 Messis
1887 5329 1966 5375 est
2005 5338 2112 5378 sa:-

537 5408 644 5461 cuti
661 5404 1044 5460 consummatio
1092 5410 1177 5477 9';
1209 5425 1358 5466 nunc
1383 5419 1564 5466 autem
1589 5411 1830 5466 ostendit
1854 5411 2110 5469 ﬂorentes

541 5515 669 5574 spes
695 5510 984 5568 Virtutum,
1015 5517 1247 5573 quarum
1272 5503 1508 5571 fructus,
1545 5511 1608 5560 ut
1653 5503 1788 5560 dicit
1815 5504 2110 5576 Propheta,

2210 4511 2333 4565 ὅσον
2375 4511 2585 4565 ούδέπω
2635 4514 2850 4577 πάντως
2898 4514 3195 4585 ἐκδέχεται..
3248 4517 3480 4586 Σημεῖον
3516 4513 3611 4582 γὰρ
3644 4507 3722 4560 τῶν

2209 4602 2486 4672 ἐδωδίμων
2513 4602 2691 4656 σύκων
2715 4604 3001 4657 οἷ’δλυνθοι
3037 4605 3302 4672 γίνονται,
3343 4604 3435 4668 οὓς
3468 4594 3720 4669 ἐξενηνοχέ-

2209 4711 2297 4748 ναι
2341 4695 2474 4765 φησὶ
2520 4696 2621 4765 τὴν
2667 4695 2856 4764 συκῆν.
2907 4696 3122 4767 Ἐπειδὴ
3155 4697 3267 4768 γὰρ
3317 4697 3380 4750 τὸ
3417 4687 3721 4764 πνευματιιιὶιν

2211 4785 2311 4856 ἔαρ
2339 4784 2644 4855 ὑπογράφει
2669 4789 2735 4855 τῇ
2765 4785 2948 4857 νύμφῃ
2975 4789 3003 4839 6
3030 4786 3187 4855 λόγος
3208 4803 3222 4817 ·
3266 4788 3295 4840 6
3319 4787 3375 4840 δὲ
3409 4784 3583 4855 καιρὸς
3609 4775 3718 4836 οὗτος

2214 4876 2462 4947 μεθόριός
2505 4877 2621 4929 ἐστι
2658 4875 2751 4930 δύο
2777 4877 3006 4947 καιρῶν,
3044 4877 3143 4947 τῆς
3171 4895 3232 4930 τε
3266 4876 3570 4948 χειμερινῆς
3595 4883 3720 4933 κατη-

2209 4967 2384 5035 φείας,
2418 4968 2512 5020 καὶ
2544 4969 2645 5038 τῆς
2686 4969 2744 5021 tv
2779 4969 2856 5038 τῷ
2882 4967 3027 5039 θέρει
3051 4968 3157 5021 τῶν
3185 4968 3417 5040 καρπῶν
3451 4959 3716 5037 μετουσίας·

2208 5055 2296 5109 διὰ
2322 5056 2478 5110 τοῦτο
2522 5057 2584 5109 τὸ
2628 5058 2726 5127 μὲν
2756 5060 3140 5130 παρῳχηκέναι
3169 5059 3241 5113 τὰ
3281 5058 3443 5121 κακὰ,
3477 5047 3718 5125 διαρῤἠδην

2209 5145 2615 5214 εὐαγγελίζεται
2645 5163 2659 5179 ο
2711 5148 2838 5212 τοὺς
2882 5149 2938 5203 δὲ
2971 5151 3216 5222 καρποὺς
3263 5151 3362 5219 τῆς
3399 5146 3582 5219 ἀρετῆς
3606 5137 3716 5192 οὔπω

2207 5237 2426 5302 τελείως
2460 5240 2832 5309 προδείκνυσιν
2851 5282 2866 5307 ,
2913 5241 3049 5295 ἀλλὰ
3069 5242 3292 5306 τούτους
3339 5241 3436 5312 μὲν
3482 5239 3536 5290 tv
3561 5233 3625 5303 τῷ
3647 5243 3714 5280 καί

2208 5331 2425 5403 θήκοντι
2454 5333 2631 5405 καιρῷ
2661 5334 3015 5404 ταμιεύεται,
3045 5337 3170 5390 ὅταν
3203 5339 3300 5406 στῇ
3326 5335 3386 5387 τὸ
3412 5333 3570 5401 θέρος.
3595 5321 3710 5406 Οἷδίυι

2204 5422 2263 5476 δὲ
2292 5422 2508 5488 πάντως
2538 5425 2599 5477 τὸ
2641 5424 2728 5478 διὰ
2767 5425 2862 5478 τοῦ
2896 5425 3086 5497 θέρους
3115 5405 3439 5496 δηλούμενον
3461 5423 3518 5474 ὲκ
3551 5417 3630 5486 τῆς
3646 5405 3712 5461 τοῦ

2204 5513 2411 5585 Κυρίου
2435 5515 2636 5586 φωνῆς,
2662 5514 2697 5584 ἢ
2731 5515 2887 5570 τοῦτό
2915 5534 3096 5588 φησιν,
3122 5518 3202 5570 ὅτι
3249 5516 3310 5569 '0
3336 5511 3586 5582 θερισμὸς
3602 5515 3714 5556 σιν·-

523 5738 527 5742 _
606 5674 668 5712 δ”
708 5679 898 5736 Matth.
941 5695 1019 5748 ιιι,
1071 5681 1104 5736 5
1132 5697 1162 5748 ςς
1214 5680 1382 5737 Marc.
1417 5697 1457 5747 ι,
1488 5681 1545 5739 '5.
1620 5682 1667 5716 "
1716 5681 1904 5739 Matth.
1947 5697 2072 5752 XIII.
2119 5685 2210 5743 39o
