3928 6196
224 247 309 306 873

1188 235 1255 291 IN
1288 235 1590 294 CANTICA
1623 234 1895 296 CANTIC.
1955 234 2239 293 HOMILIA
2283 238 2346 294 V.

3318 241 3421 298 87.5

222 367 389 422 τέλεια
422 358 515 415 τοῦ
548 356 761 423 αἰῶνός
804 356 935 411 ἐστι
956 374 970 389 ·
1027 355 1122 411 νῦν
1171 359 1229 414 δὲ
1270 361 1368 425 τὰς
1398 361 1617 425 ἐλπίδας
1643 362 1751 415 δεί-

1860 371 2079 432 apparet
2133 364 2188 417 in
2242 371 2488 432 tempore
2544 376 2645 418 suo
2672 363 2740 422 “.
2784 364 2922 421 Cum
2975 366 3138 437 igitur
3182 367 3427 427 humana

223 473 351 513 κνυσι
372 452 450 507 διὰ
469 450 567 504 τῶν
597 447 808 519 ἀρετῶν
837 448 1125 517 ἀνθούσας,
1152 443 1227 505 ὧν
1254 454 1283 505 6
1313 453 1543 523 καρπὸς,
1569 452 1750 517 καθώς

1860 462 2067 516 natura,
2096 463 2459 533 congruenter
2504 453 2665 520 (icui,
2699 456 2766 511 de
2796 472 2903 527 qua
2964 458 3054 514 hic
3090 460 3147 514 lit
3193 462 3422 530 mentio,

224 564 360 620 φησιν
374 548 399 599 6
419 542 713 613 Προφήτης,
744 542 802 593 ἐν
829 540 908 612 τῷ
930 539 1110 612 καιρῷ
1130 542 1208 614 τῷ
1236 543 1350 614 ἰδίῳ
1371 544 1748 614 προφαίνεται.

224 639 317 709 Τῆς
338 637 498 695 τοίνυν
521 633 864 704 ἀνθρωπίνης
903 633 1118 702 φύσεως
1150 636 1292 689 κατὰ
1324 637 1422 708 τὴν
1457 652 1752 706 μνημονευ⁸

223 731 376 786 θεῖσαν
397 725 613 781 ἐνταῦθα
637 723 827 793 συκῆν,
862 725 1060 795 πολλὴν
1083 726 1172 779 διὰ
1199 728 1293 780 τοῦ
1318 728 1598 798 νοηθέντος
1619 730 1751 798 ἡμῖν

222 817 446 891 χειμῶνος
489 815 659 888 κακὴν
684 816 897 886 ἶκμάδα
942 816 1341 888 συλλεξαμὲνης
1367 859 1382 883 ,
1430 820 1607 879 καλῶς
1638 823 1664 872 6
1688 822 1753 887 τὸ

219 908 410 979 ψυχικὸν
429 906 520 977 ἔαρ
542 907 1067 979 ήμῖνὲργαζόμενος,
1091 908 1184 962 καὶ
1204 912 1269 979 τῇ
1292 910 1534 980 καθηκού
1544 926 1609 983 σῃ
1633 928 1771 977 γεω-

220 999 351 1071 novi;
389 998 704 1070 φυτηκομῶν
748 1000 809 1062 τὸ
852 998 1211 1071 ἀνθρώπινον,
1265 1001 1480 1073 πρῶτον
1520 1002 1618 1073 μὲν
1658 1003 1751 1054 ὲκ-

219 1089 369 1144 6ἀλλει
385 1088 475 1157 τῆς
497 1086 708 1157 φύσεως
729 1090 838 1141 πᾶν
854 1089 978 1142 ὅσον
1002 1090 1204 1158 γεῶδες
1226 1091 1318 1145 καὶ
1344 1091 1611 1163 ἄχρηστον
1632 1093 1754 1146 ἀντὶ

218 1180 509 1249 ἀκρεμόνων,
525 1178 593 1232 δι’
615 1176 1053 1250 ὲξομολογήσεως
1075 1181 1466 1247 ἀποσκευάζων
1489 1182 1555 1235 τὰ
1577 1199 1755 1255 περιτ-

215 1269 421 1340 τώματα.
446 1266 555 1323 Εἶθ’
578 1268 750 1333 οὕτως
769 1268 1095 1342 χαρακτῆρά
1116 1290 1237 1325 τινα
1268 1273 1369 1343 τῆς
1393 1273 1753 1345 ἐλπιζομένης

219 1362 596 1432 μακαριότητος,
635 1362 725 1416 διὰ
750 1363 851 1432 τῆς
893 1360 1242 1436 ἄστειοτέρας
1279 1364 1427 1436 ζωῆς
1451 1364 1754 1421 ἐπιϐάλλων

213 1449 277 1521 τῷ
298 1450 403 1521 βίῳ,
423 1445 525 1504 οἷόν
551 1468 697 1507 τισιν
723 1451 966 1517 όλύνθοις
993 1453 1091 1525 τὴν
1121 1453 1415 1525 μέλλουσαν
1444 1456 1754 1527 γλυκύτητα

215 1539 301 1591 ¹ίιῖιν
316 1539 478 1593 συκῶν
495 1540 926 1610 εὐαγγελίζεται.
945 1542 1054 1597 Καὶ
1066 1542 1221 1598 τοῦτό
1238 1546 1352 1600 ἐστι
1368 1546 1428 1600 τὸ
1443 1546 1751 1618 λεγόμενον,

1850 562 1944 616 per
1979 545 2307 601 in!ellectam
2357 561 2384 599 a
2430 547 2590 602 nobis
2626 547 2857 603 hiemem
2897 551 3096 605 marum
3147 555 3427 626 collegerit

1853 639 2157 701 humorem,
2197 648 2345 692 recte
2373 639 2466 706 qui
2507 639 2702 692 anima:
2735 654 2829 693 ver
2874 640 2926 694 in
2966 642 3125 696 nobis
3155 644 3334 712 eﬂicit,
3373 652 3430 703 et

1852 728 2198 783 convenienti
2253 730 2586 799 agricultura
2623 731 2677 784 in
2713 731 2873 787 nobis
2933 733 3143 803 plantat
3196 735 3247 790 id
3283 738 3429 807 quod

1852 827 1934 874 est
1971 820 2287 883 humanum,
2340 823 2574 892 primum
2618 824 2833 893 quidem
2892 840 2923 878 a
2960 833 3159 880 natura
3212 830 3431 898 expellit

1852 912 2121 982 quidquid
2178 920 2263 968 est
2306 920 2584 967 terrenum
2620 925 2671 971 et
2706 910 2919 982 inutile,
2947 932 3226 971 ramorum
3287 919 3430 980 loco.

1855 1019 1950 1074 per
1997 1004 2402 1061 confessionem
2460 1008 2738 1077 expellens
2800 1021 3173 1065 excrementa.
3227 1010 3435 1067 Deinde

1854 1096 2214 1152 beatitudinis
2252 1114 2373 1168 qute
2409 1107 2691 1168 speratur,
2725 1101 3016 1169 quemdam
3058 1103 3434 1159 characterem

1855 1206 1951 1260 per
1978 1190 2351 1246 honestiorem
2391 1192 2607 1247 vivendi
2644 1193 2911 1249 rationem
2959 1195 3214 1264 injiciens
3261 1197 3433 1252 homi-

1856 1285 2040 1349 nibus,
2110 1287 2275 1339 veluti
2316 1286 2649 1358 quibusdam
2686 1290 2918 1360 grossis,
2964 1291 3243 1347 fructuum
3285 1293 3435 1348 futu-

1856 1360 1971 1431 nam
2011 1378 2299 1432 annuntiat
2331 1379 2697 1436 dulcedinem.
2738 1380 2804 1435 Et
2847 1382 2953 1437 hoc
2993 1394 3075 1439 est
3114 1386 3258 1455 quod
3299 1386 3435 1440 dici-

1856 1479 1964 1532 tur,
1997 1468 2161 1524 Ficus
2197 1472 2420 1539 protulit
2452 1488 2665 1541 grossos
2699 1490 2841 1528 suos.
2889 1472 2967 1528 lta
3009 1476 3143 1531 mihi
3194 1477 3435 1548 intelligo

1853 1564 2016 1618 etiam
2051 1563 2332 1618 ﬂorentem
2376 1565 2562 1631 vitem,
2600 1566 2759 1635 cujus
2804 1567 2989 1622 vinum
3036 1569 3254 1640 quidem
3289 1573 3433 1641 quod

213 1633 279 1685 δτι
312 1632 367 1686 Ἠ
386 1632 539 1702 συκῆ
559 1633 850 1705 ἐξήνεγκε
871 1635 1014 1702 τοὺς
1036 1636 1334 1705 ὀλύνθους
1360 1639 1513 1707 αὐτῆ
1521 1659 1571 1705 ς.
1599 1640 1755 1694 Οὕτω

1860 1653 2100 1708 laetificat
2158 1670 2255 1708 cor
2307 1656 2571 1720 hominis,
2630 1659 2876 1728 implebit
2932 1661 3110 1730 ipsum
3162 1673 3431 1719 craterem

215 1720 290 1789 μοὶ
308 1722 479 1794 νόησον
499 1718 718 1796 καὶ’τὴν
741 1727 1117 1799 κυπρίζουσαν
1140 1728 1400 1801 ἄμπελον,
1418 1725 1486 1802 ἧς
1513 1733 1541 1785 6
1566 1732 1663 1801 μὲν
1685 1728 1755 1784 οῖ-

1860 1745 2180 1814 sapieutiae:
2225 1755 2278 1801 et
2309 1731 2943 1817 proponetur‘comivis
3000 1761 3058 1806 ut
3109 1768 3176 1807 ex
3214 1753 3437 1809 sublimi

211 1830 299 1876 νος,
318 1816 343 1868 6
359 1814 448 1887 τὴν
465 1816 696 1886 καρδίαν
718 1818 1047 1890 εὐφραίνων,
1080 1820 1360 1894 πληρώσει
1393 1824 1523 1876 ποτὲ
1552 1824 1641 1878 τὸν
1656 1828 1756 1894 τῆς

215 1904 370 1974 metu;
401 1907 673 1980 κρατῆραδ
704 1908 801 1964 καὶ
828 1911 1177 1982 προκείσεται
1210 1917 1324 1977 τοῖς
1355 1915 1661 1991 συμπόταις
1693 1917 1757 1968 ὲκ

209 1995 285 2049 τοῦ
313 1997 499 2068 ύῂλοῦ
527 1999 890 2072 κηρύγματος
919 2003 1041 2057 κατ’
1070 2004 1318 2070 ἐξουσίαν
1347 2005 1657 2075 ἀρύσασθαι
1679 2008 1758 2071 είς

211 2084 386 2160 ἀγαθήν
414 2107 468 2142 τε
503 2092 608 2145 καὶ
636 2092 903 2169 νηφάλιον
940 2094 1132 2166 μέθην.
1185 2094 1435 2166 Ἐκείνην
1473 2096 1615 2164 λέγω
1659 2097 1759 2166 τὴν

212 2178 369 2246 μέθην,
395 2180 458 2233 δι’
481 2175 551 2253 ἦς
595 2184 708 2246 τοῖς
730 2182 1040 2255 ἀνθρώποις
1078 2187 1141 2239 ἐκ
1166 2185 1276 2239 τῶν
1304 2187 1503 2240 ὑλικῶν
1531 2186 1668 2257 πρὸς
1699 2186 1758 2240 τὸ

209 2267 444 2340 θειότερον
468 2273 501 2343 ἡ
533 2271 764 2337 ἔκτασις
788 2275 1017 2343 γίνεται.

242 2358 360 2432 ,Νῦν
402 2362 494 2432 μὲν
540 2363 802 2435 κυπρίζει
830 2365 920 2421 διὰ
941 2366 1036 2420 τοῦ
1065 2367 1261 2433 ἄνθους
1289 2370 1321 2440 ἡ
1360 2369 1626 2440 ἄμπελος,
1663 2370 1758 2424 καί

205 2463 275 2513 τις
301 2450 549 2508 ἐκδίδοται
580 2457 714 2528 παρ’
743 2456 917 2527 αὐτῆς
944 2458 1119 2530 ἀτμὸς
1148 2460 1476 2527 εύωδιάζων,
1511 2462 1644 2532 ἡδὺς
1668 2464 1761 2516 καὶ

208 2541 475 2610 προσηνὴς,
511 2543 658 2611 πρὸς
685 2545 746 2598 τὸ
792 2546 1049 2618 περιέχον
1098 2549 1315 2620 πνεῦμα
1348 2551 1759 2621 κατακιρνάμε-

209 2645 295 2694 νος.
322 2626 472 2696 Οἶδας
501 2634 565 2687 δὲ
589 2634 653 2687 τὸ
678 2634 896 2706 πνεῦμα
919 2637 1158 2703 πάντως,
1189 2640 1217 2692 6
1246 2640 1344 2707 τὴν
1372 2641 1602 2695 εὐωδίαν
1624 2639 1758 2694 ταύ-

205 2735 288 2787 την
319 2723 422 2784 τοῖς
464 2722 799 2792 σωζομένοις
842 2724 1133 2795 ἐργάζεται
1158 2767 1173 2792 ,
1211 2728 1362 2799 παρὰ
1400 2728 1492 2782 τοῦ
1543 2729 1759 2784 Παύλου

207 2810 383 2881 μαθὼν.
418 2814 612 2868 Ταῦτα
647 2816 992 2887 προδείκνυσι
1035 2822 1102 2890 τῇ
1133 2816 1321 2893 νύμφῃ
1367 2821 1396 2873 6
1438 2822 1614 2890 λόγος,
1663 2822 1758 2876 τοῦ

205 2902 344 2956 καλοῦ
363 2905 464 2958 τῶν
482 2905 860 2979 ψυχῶνιέαρος
878 2908 947 2961 τὰ
973 2910 1351 2980 γνωρίσματα,
1378 2912 1472 2965 καὶ
1504 2912 1761 2966 ἐπισπεύ-

203 2991 267 3046 δει
294 2994 417 3068 πρὸς
447 2998 548 3069 τὴν
583 2999 694 3053 τῶν
725 3000 1104 3072 προκειμένων
1140 3001 1460 3064 ἀπόλαυσιν,
1481 3002 1759 3075 διεγείρων

204 3085 347 3159 αὐτὴν
367 3089 438 3161 τῷ
473 3090 647 3162 λόγῳ,
683 3091 937 3146 Ἀνάστα
962 3134 975 3158 ,
1001 3092 1174 3160 λέγων
1194 3133 1209 3158 ,
1250 3092 1411 3156 ἐλθὲ,
1435 3095 1473 3162 ή
1495 3095 1762 3162 πλησίον

201 3194 317 3244 μου.
345 3184 494 3252 καλή
516 3203 669 3254 μου,
722 3184 1043 3254 περιστερά
1063 3203 1205 3255 μου.
1242 3186 1381 3239 Ὅσα
1419 3187 1664 3259 δόγματα
1692 3189 1759 3241 δι’

202 3268 369 3338 όλίγων
394 3276 450 3327 ὲν
475 3277 597 3340 τοῖς
638 3276 846 3347 ῥήμασι
884 3277 1096 3340 τούτοις
1125 3279 1152 3329 6
1182 3277 1352 3346 Λόγος
1384 3280 1515 3349 ἡμῖν
1550 3278 1761 3334 ὑποδεί-

201 3365 392 3417 κνυσινί
423 3366 497 3418 οὐ
521 3365 636 3436 γὰρ
660 3365 802 3419 κατᾶ
829 3383 948 3419 τινα
978 3365 1351 3436 παρέλκουσαν
1377 3366 1757 3436 ματαιολογίαν

199 3452 293 3514 τοῖς
321 3454 494 3520 αὐτοῖς
549 3458 794 3527 ῥήμασιν
828 3456 1221 3527 ἐμφιλοχωρετν
1274 3457 1371 3526 τὴν
1405 3457 1758 3511 θεόπνευστον

197 3538 517 3600 διδασκαλίαν
552 3547 706 3599 ἐστὶν
734 3546 899 3609 εἰκός.
943 3546 1104 3600 Ἀλλά
1134 3564 1187 3600 τι
1224 3547 1366 3617 μέγα
1405 3547 1499 3600 καὶ
1531 3548 1759 3619 θεοπρε-

199 3631 281 3696 πὲς
310 3636 479 3707 νόημᾶ
508 3639 605 3692 διὰ
650 3638 750 3710 τῆς
795 3637 1146 3706 παλιλλογίας
1189 3640 1320 3708 ἡμῖν
1360 3638 1756 3693 ύποδείκνυται.

197 3722 256 3777 Ti.
277 3726 326 3780 δὲ
362 3729 659 3800 λεγόμενον
685 3729 926 3783 τοιοῦτόν
971 3731 1119 3784 ἑστιν
1138 3748 1149 3759 ·
1183 3731 1246 3782 Ἦ
1279 3731 1525 3801 μακαρία
1554 3731 1646 3784 καὶ
1674 3731 1760 3784 at»

196 3811 285 3877 ὂιος
306 3816 394 3870 καὶ
416 3820 600 3873 πάντα
627 3819 751 3873 νοῦν
774 3820 1119 3889 ὑπερέχουσα
1141 3818 1321 3887 φύσις,
1346 3820 1522 3873 πάντα
1542 3819 1608 3872 τὰ
1632 3819 1758 3874 ὅντα

196 3902 243 3954 ἐν
278 3907 432 3980 ἑαυτῇ
476 3909 838 3982 περιέχουσα,
873 3911 965 3963 ὑπ’
994 3910 1208 3972 οὐδενὸς
1258 3911 1572 3980 περιέχεται
1606 3912 1755 3982 ὅρου.

194 3996 336 4051 Οὐδὲν
364 4001 473 4073 γάρ
502 4004 627 4055 ἐστι
668 4002 796 4073 περὶ
827 4002 995 4073 αὐτὴν
1029 4002 1421 4075 θεωρούμενον,
1451 4002 1513 4054 οὐ
1548 4002 1757 4072 χρόνος,

193 4086 244 4137 οὗ
264 4089 437 4153 τόπος,
460 4095 523 4147 οὐ
560 4092 787 4164 χρῶμα,
815 4095 877 4146 ού
908 4094 1112 4165 σχῆμα,
1144 4095 1243 4147 ούκ
1264 4090 1422 4159 εἶδος,
1454 4094 1553 4147 οὐκ
1574 4093 1756 4163 ὄγκος,

191 4178 243 4231 ού
277 4184 607 4257 πηλικότης,
642 4185 702 4238 ού
733 4183 1027 4255 διάστημα,
1064 4186 1185 4239 οὐδὲ
1218 4186 1348 4239 ἄλλο
1379 4202 1431 4237 τι
1460 4184 1568 4238 τῶν
1603 4200 1761 4258 περι.

191 4281 493 4344 γραπτικῶν
542 4282 739 4350 ὃνομα,
787 4278 820 4350 ἢ
869 4279 1191 4350 πρᾶγμα,ῆ
1241 4280 1439 4350 νόημα,
1484 4279 1622 4333 ἀλλὰ
1651 4281 1759 4334 πᾶν

189 4367 301 4437 περὶ
326 4372 494 4443 αύτὴν
530 4369 825 4439 νοούμενον
854 4368 1059 4439 ἀγαθὸν
1103 4370 1181 4432 εἰς
1224 4369 1449 4439 ἄπειρόν
1477 4386 1536 4421 τε
1571 4372 1663 4423 καὶ
1692 4372 1752 4424 6t-
1787 4390 1830 4444 ο

190 4453 382 4523 όριστον
410 4461 684 4532 πρόεισιν.
722 4462 895 4515 Ὅπου
930 4460 1039 4533 γὰρ
1075 4461 1243 4515 κακία
1275 4459 1456 4531 χώραν
1489 4461 1588 4514 οὐκ
1620 4460 1751 4531 ἔχει,

132 4611 142 4622 ι
188 4546 373 4615 ἀγαθοῦ
406 4553 585 4624 πέρας
623 4555 769 4607 ἐστὶν
803 4554 975 4608 οὐδέν.
1020 4554 1142 4608 Ἐπὶ
1173 4553 1281 4624 γὰρ
1313 4554 1411 4623 τῆς
1455 4552 1754 4625 τρεπτικῆς

187 4638 402 4707 φύσεως.
434 4644 523 4698 διὰ
545 4646 609 4698 τὸ
638 4645 758 4715 ίσην
788 4646 1067 4713 ἐγκεῖσθαι
1095 4644 1192 4715 τὴν
1218 4643 1445 4713 δύναμιν
1473 4647 1538 4715 τῇ
1573 4661 1755 4715 προαι-

186 4729 320 4798 ρέσει
343 4737 480 4805 πρὸς
506 4737 608 4808 τὴν
636 4737 720 4805 ἐφ’
769 4738 1003 4807 ἑκάτερα
1031 4738 1140 4791 τῶν
1174 4736 1430 4790 ἐναντίων
1473 4734 1663 4805 ῥοπὴν,
1694 4736 1754 4788 τό

180 4834 233 4872 τε
266 4823 464 4889 ἀγαθὸν
506 4827 568 4881 τὸ
609 4829 666 4880 ὲν
699 4830 851 4899 ἡμῖν,
891 4829 982 4881 καὶ
1018 4829 1077 4881 τδ
1116 4827 1438 4891 κακὸν,ταίς
1484 4827 1753 4896 διαδοχαῖς

180 4907 417 4981 ἀλλήλων
461 4917 825 4985 ὲναπολήγει,
861 4918 954 4969 καὶ⁸
986 4916 1193 4984 γίνεται
1226 4914 1320 4967 τού
1370 4912 1575 4982 ἀγαθοῦ
1628 4914 1751 4982 ὅρος

180 4997 211 5066 ἢ
245 5001 600 5075 ἒττιγιπιιομέντι
631 5006 817 5067 κακία,
841 5006 934 5058 καὶ
957 5005 1131 5058 πάντα
1154 5005 1220 5058 τὰ
1248 5004 1355 5057 τῶν
1384 5002 1570 5073 ψυχῶν
1596 5003 1751 5072 ἡμῶν

178 5088 605 5164 ἐπιτηδεύματα,
639 5096 742 5149 ὅσα
772 5095 912 5149 κατὰ
944 5095 1004 5147 τὸ
1041 5097 1283 5148 ἐναντίον
1322 5093 1574 5163 ἀλλήλοις
1605 5094 1751 5163 ἀντι-

176 5182 537 5253 καθέστηκεν,
575 5187 653 5248 είς
680 5185 885 5256 ἄλληλα
912 5185 1087 5257 λήγει,
1124 5188 1216 5240 καὶ
1247 5186 1338 5238 ὑπ’
1372 5185 1616 5256 ἀλλήλων
1638 5184 1751 5256 69i-

178 5266 339 5332 ξιτατ..
387 5272 452 5325 Ἦ
504 5274 561 5328 δὲ
604 5276 748 5347 ἀττλῆ
789 5276 883 5330 καὶ
922 5277 1139 5348 καθαρὰ
1190 5278 1283 5330 καὶ
1335 5276 1610 5347 μονοειδὴς
1657 5275 1751 5329 καὶ

174 5359 439 5431 ἄτρεπτος
456 5366 555 5418 καὶ
574 5367 929 5432 ἀναλλοίωτος
946 5371 1126 5437 φύσις,
1153 5368 1239 5421 ἀεὶ
1252 5367 1510 5431 ὡσαύτως
1530 5369 1747 5438 ἔχουσα,

174 5448 264 5503 καὶ
293 5452 555 5506 οὐδέποτε
578 5455 770 5525 ἑαυτῆς
798 5455 1143 5528 ὲξισταμένη,
1177 5456 1266 5510 διὰ
1294 5456 1354 5508 τὸ
1380 5457 1749 5526 ἀπαράδεκτος

236 5626 282 5655 ’⁸
339 5630 493 5686 Psal.
539 5649 576 5697 t,
610 5635 664 5691 5.
740 5635 784 5665 "
840 5634 880 5688 ll
913 5635 1037 5688 (Zur.
1096 5650 1153 5699 ιι,
1195 5636 1277 5689 l6.

504 5719 772 5780 Parnm.
809 5721 925 5779 (in.
976 5721 1143 5779 .\Ll\
1176 5767 1187 5780 .

1858 1838 2251 1906 praedicatione
2309 1840 2478 1895 libere
2535 1841 2837 1898 misceatur
2884 1842 2952 1897 ad
2998 1844 3194 1899 bonam
3243 1856 3298 1902 et
3347 1862 3444 1903 so-

1861 1929 2034 1983 briam
2059 1930 2403 1987 ebrietatem.
2432 1932 2579 1988 Illam
2602 1935 2750 1996 dico.
2794 1952 2891 2008 per
2922 1953 3087 2008 quam
3119 1941 3436 1997 hominibus
3504 1924 3507 1927 I

1858 2038 1926 2077 ex
1968 2023 2133 2079 rebus
2165 2026 2545 2082 materialibus
2581 2029 2638 2082 lit
2676 2033 3065 2086 transmutatio
3098 2034 3166 2090 ad
3196 2034 3248 2089 id
3291 2036 3439 2105 quod

1861 2122 1942 2168 cst
1970 2113 2232 2171 divinius.

1932 2363 2087 2422 Nunc
2125 2370 2345 2439 quidem
2397 2370 2553 2427 ﬂoret
2600 2374 2749 2438 vilis,
2792 2383 2843 2431 et
2877 2391 2942 2431 ex
2991 2392 3053 2431 ea
3104 2393 3199 2447 per
3246 2378 3438 2435 ﬂorem

1861 2460 2132 2513 emittitur
2158 2476 2327 2531 vapor
2357 2463 2577 2531 quidam
2607 2464 2745 2520 bene
2770 2466 2926 2522 olens
2969 2476 3025 2522 et
3069 2469 3278 2535 suavis,
3305 2485 3441 2527 con-

1862 2567 2195 2629 temperatus
2235 2576 2371 2615 «cum
2427 2563 2701 2620 ambiente
2756 2567 2976 2635 spiritu.
3036 2568 3196 2625 Nosti
3253 2581 3436 2631 autem

1861 2652 2086 2705 omnino
2125 2653 2399 2721 spiritum,
2452 2656 2545 2725 qui
2577 2656 2740 2711 eﬂicit
2785 2658 2930 2715 hunc
2977 2661 3180 2717 bonum
3214 2666 3436 2723 odorem

1862 2743 1933 2799 iis
1958 2743 2051 2813 qui
2082 2745 2219 2798 salvi
2263 2744 2419 2809 (iuut,
2454 2753 2513 2800 ut
2549 2748 2641 2816 qui
2681 2749 2783 2803 hoc
2826 2750 3088 2809 didiceris
3114 2769 3145 2808 a
3172 2754 3344 2813 Paulo
3368 2759 3443 2810 ⁸⁸.

1863 2836 1987 2891 Haec
2020 2853 2236 2909 sponsae
2263 2840 2441 2893 oratio
2472 2843 2623 2910 prius
2660 2843 2899 2898 ostendit
2931 2845 3134 2900 indicia
3180 2858 3234 2903 et
3278 2858 3438 2906 notas

1863 2931 1990 2985 boni
2020 2933 2163 2988 veris
2192 2933 2523 3001 animarum,
2551 2945 2602 2989 et
2635 2950 2756 2990 eam
2792 2937 3069 2993 incitaLut
3117 2939 3336 2996 fruatur
3371 2942 3438 3001 iis

1787 3053 1829 3108 ϐ
1863 3032 2140 3091 quassum
2182 3026 2485 3094 proposita,
2536 3026 2720 3083 verbis
2761 3043 2880 3082 eam
2930 3031 3203 3098 excitans,
3247 3031 3436 3105 Surge,

1862 3115 2076 3178 dicens,
2107 3118 2242 3178 veni,
2271 3118 2567 3188 propinqua
2590 3135 2728 3182 nica,
2767 3119 2992 3189 pulchra
3022 3139 3160 3188 mea,
3191 3124 3437 3181 columba

1863 3233 1998 3271 mea.
2026 3219 2198 3283 Quam
2231 3220 2402 3272 multa
2431 3231 2608 3273 autem
2641 3221 2897 3289 dogmata
2927 3224 3116 3293 paucis
3146 3224 3233 3280 his
3256 3227 3437 3283 verbis

1861 3315 2021 3372 nobis
2051 3317 2292 3371 ostendit
2319 3312 2590 3371 Verbum!
2644 3334 2753 3373 non
2797 3321 2941 3375 enim
2976 3321 3123 3377 inani
3171 3324 3353 3393 aliqua
3386 3332 3436 3379 et

1865 3424 2271 3478 supervacanea
2310 3410 2558 3465 oratione
2609 3412 2665 3465 in
2725 3412 2917 3468 iisdem
2957 3415 3139 3471 verbis
3188 3416 3436 3473 lubenter

1861 3501 2143 3556 immorari
2178 3502 2441 3558 divinitus
2476 3504 2797 3573 inspiratam
2832 3504 3139 3561 doctrinam
3184 3517 3268 3564 est
3301 3524 3439 3565 con-

1861 3610 2205 3657 sentaneum.
2245 3600 2350 3655 Sed
2406 3617 2602 3672 magna
2645 3603 2827 3673 aliqua
2860 3611 2914 3659 et
2962 3604 3073 3661 Deo
3101 3609 3439 3665 conveniens

1863 3692 2221 3762 intelligentia
2269 3694 2578 3747 ostenditur
2626 3693 2786 3748 nobis
2845 3708 2942 3763 per
2978 3696 3120 3749 hanc
3150 3700 3436 3768 repetitam

1861 3786 2210 3841 sententiam.
2268 3786 2422 3852 Quod
2489 3795 2670 3841 autem
2718 3787 2920 3842 dicitur
2975 3788 3060 3837 est
3089 3782 3435 3852 huiusmodi:

1861 3878 2021 3932 Beata
2055 3886 2109 3933 et
2144 3889 2346 3933 aeterna
2380 3886 2433 3933 et
2469 3894 2685 3933 omnem
2722 3879 3134 3951 intelligentiam
3165 3881 3438 3938 excedens

1860 3982 2078 4034 natura,
2110 3971 2294 4024 omnia
2319 3986 2441 4038 quae
2470 3979 2599 4025 sunt
2630 3971 2682 4025 in
2712 3971 2889 4042 seipsa
2918 3988 3201 4039 coercens,
3231 3989 3260 4027 a
3290 3975 3436 4029 nullo

1860 4063 2094 4119 termino
2120 4062 2516 4117 circumdatur.
2568 4056 2714 4116 Nihil
2768 4072 2853 4120 est
2909 4065 3057 4119 enim
3114 4064 3259 4133 quod
3289 4066 3435 4120 circa

1859 4158 2034 4225 ipsam
2068 4156 2474 4220 consideratur,
2507 4172 2616 4210 non
2668 4166 2901 4225 tempus.
2933 4171 3040 4212 non
3100 4158 3273 4222 locus,
3326 4173 3435 4213 non

1859 4248 2033 4313 color,
2066 4262 2174 4302 non
2204 4248 2397 4317 figura,
2427 4262 2534 4301 non
2586 4248 2923 4317 magnitudo,
2969 4264 3079 4304 non
3133 4252 3435 4317 quantitas.

1861 4355 1967 4394 non
1992 4341 2361 4403 intervallum,
2380 4354 2557 4408 neque
2580 4340 2749 4393 ullum
2769 4341 2915 4394 aliud
2935 4356 3132 4394 nomen
3156 4357 3237 4410 per
3254 4343 3433 4398 tinens

1862 4434 1927 4489 ad
1962 4433 2567 4502 circumscriptionem,
2617 4441 2713 4487 aut
2746 4449 2835 4489 res
2858 4475 2872 4496 ,
2919 4446 3012 4488 aut
3053 4435 3432 4505 intelligentia,

1862 4528 1955 4583 sed
1988 4540 2152 4580 omne
2180 4526 2383 4579 bonum
2411 4526 2554 4594 quod
2582 4527 2730 4580 circa
2756 4527 2929 4597 ipsam
2964 4527 3285 4596 intelligitur
3310 4544 3431 4597 pro-

1861 4619 2007 4674 cedit
2035 4620 2089 4672 in
2121 4617 2417 4682 infinitum,
2454 4627 2508 4672 et
2544 4618 2767 4674 minime
2801 4619 3299 4674 circumscribitur.
3330 4618 3433 4675 Ubi
3472 4612 3485 4629 ‘

1859 4710 2005 4765 enim
2039 4710 2174 4763 vitio
2206 4711 2393 4766 nullus
2424 4718 2510 4764 est
2548 4711 2721 4774 locus,
2750 4711 2935 4766 nullus
2983 4718 3068 4767 est
3113 4711 3241 4766 boni
3289 4712 3434 4766 linis.

1860 4803 1918 4857 in
1963 4803 2212 4857 mutabili
2242 4803 2387 4856 enim
2437 4812 2653 4868 natura,
2709 4813 2995 4872 propterea
3038 4802 3186 4872 quod
3231 4804 3433 4872 pariter

1860 4895 2003 4949 inest
2031 4900 2271 4962 potestas
2315 4902 2367 4949 et
2402 4893 2572 4947 libera
2606 4892 2842 4962 eligendi
2892 4893 3148 4947 voluntas
3179 4894 3245 4945 ad
3278 4893 3433 4948 ineli-

1860 4986 2131 5039 nationem
2182 5000 2246 5038 ac
2292 4983 2714 5054 propensionem
2758 4984 2824 5037 ad
2846 4992 3086 5054 utraque
3133 4983 3433 5046 contraria,

1858 5083 2002 5153 quod
2037 5090 2123 5136 est
2160 5083 2212 5135 in
2246 5081 2402 5136 nobis
2452 5080 2655 5133 bonum
2698 5089 2752 5133 et
2798 5079 2999 5132 malum
3044 5078 3117 5131 ita
3151 5076 3433 5141 desinunt,

1861 5184 1917 5229 ut
1953 5175 2054 5230 sibi
2088 5174 2324 5228 invicem
2372 5176 2713 5227 succedant:
2763 5179 2817 5224 et
2856 5169 2986 5224 boni
3031 5174 3115 5225 est
3163 5166 3431 5221 terminus

1859 5269 2047 5322 vitium
2078 5266 2374 5321 adveniens
2409 5283 2422 5318 :
2458 5271 2513 5319 et
2541 5262 2726 5318 omnia
2765 5261 3074 5317 animarum
3117 5266 3430 5313 nostrarum

1857 5361 2038 5416 studia
2069 5370 2121 5413 et
2150 5358 2423 5418 instituta,
2460 5370 2581 5425 qua:
2623 5354 2725 5407 sibi
2762 5352 2992 5407 invicem
3049 5349 3429 5406 adversantur,

1857 5456 1908 5510 in
1941 5470 2001 5511 se
2025 5453 2257 5507 invicem
2281 5449 2564 5512 desinunt,
2584 5455 2637 5503 et
2658 5463 2686 5500 a
2711 5462 2769 5500 se
2791 5445 3024 5498 invicem
3042 5441 3426 5496 terminantur.

3104 5706 3183 5767 ‘23
