3928 6196
533 244 637 297 8'75

1752 238 1808 291 S.
1848 236 2175 293 GREGOZHI
2210 235 2505 291 NYSSENI
2584 192 2596 204 .
3588 254 3668 311 836

525 352 762 424 Simplex
794 357 973 404 autem
1004 358 1057 406 et
1087 364 1221 420 pura
1252 358 1307 405 et
1334 350 1622 408 uniformis
1654 361 1707 407 et
1736 352 2086 407 immutabilis

2192 346 2330 405 εἶναι
2361 353 2459 422 τῆς
2492 351 2626 423 πρὸς
2656 350 2720 405 τὸ
2746 351 2911 405 κακὸν
2947 351 3243 418 κοινωνίας,
3285 355 3497 428 ἀόριστος
3534 364 3579 416 ὲν
3614 368 3672 436 τῷ

525 452 579 499 ct
607 441 988 506 inalterabilis,
1014 448 1068 496 et
1110 455 1232 512 quae
1273 457 1489 512 semper
1519 443 1772 522 similiter
1814 450 1868 499 et
1896 442 2087 498 eodem

525 533 687 588 modo
709 548 768 588 se
784 532 947 587 habet
968 538 1189 595 natura,
1207 540 1262 586 et
1282 547 1313 586 a
1332 534 1510 603 seipsa
1534 548 1811 604 nunquam
1835 532 2049 587 excedit
2073 550 2086 588 :

528 632 816 695 propterea
852 623 996 693 quod
1026 638 1134 679 non
1164 624 1232 678 sit
1262 639 1433 694 capax
1458 624 1739 680 societatis
1776 639 1897 679 eum
1924 623 2090 687 malo,

524 726 707 769 manet
730 715 785 769 in
816 715 961 769 bono
990 714 1216 768 minime
1236 714 1674 783 circumscripta,
1705 714 1759 767 in
1792 729 1851 769 se
1882 714 2090 768 nullum

522 806 710 859 videns
744 803 924 866 finem,
960 812 1246 873 propterea
1275 802 1419 868 quod
1454 804 1510 857 in
1565 818 1624 858 se
1654 803 1860 856 nullum
1912 802 2093 857 videat

458 890 471 897 “
521 897 881 950 contrarium.
918 894 1147 960 Quando
1172 910 1301 966 ergo
1337 895 1505 949 trahit
1531 897 1828 978 humanam
1853 894 2090 946 animam

522 986 589 1040 ad
616 987 699 1042 sui
725 987 1223 1057 participationem,
1255 986 1451 1056 aequali
1482 1001 1696 1055 semper
1735 998 2012 1048 mensura,
2035 984 2090 1038 in

520 1093 583 1132 ea
610 1093 730 1149 qua:
772 1078 839 1133 ad
873 1078 928 1133 id
973 1079 1117 1147 quod
1150 1084 1234 1133 est
1281 1078 1479 1132 melius
1521 1091 1584 1131 ac
1635 1076 1985 1146 praestantius
2030 1075 2088 1129 fit

520 1169 962 1239 exsuperatiozee,
996 1168 1236 1238 assurgit
1264 1182 1431 1238 supra
1479 1181 1598 1222 eam
1626 1183 1747 1236 quae
1782 1176 1866 1221 est
1915 1166 2087 1235 parti-

521 1276 671 1332 ceps.
700 1260 833 1315 Nam
855 1260 1037 1315 anima
1068 1260 1288 1331 quidem
1323 1258 1506 1329 seipsa
1550 1272 1765 1326 semper
1802 1255 1859 1310 ﬁt
1891 1257 2083 1325 major,

2190 442 2379 513 ἀγαθῷ
2429 444 2612 514 μένει,
2660 443 2780 497 οὐδὲ
2819 443 2990 515 αὐτῆς
3042 444 3302 515 βλέπουσα
3344 449 3508 520 πέρας,
3537 454 3611 509 διὰ
3628 463 3674 512 τ),

2195 533 2360 603 μηδὲν
2389 533 2496 586 τῶν
2523 534 2780 589 ἐναντίων
2803 534 3041 604 βλέπειν.
3073 536 3234 589 Ὅταν
3257 537 3417 593 τοίνυν
3441 543 3677 616 ἐφέλκηται

2192 622 2326 692 πρὸς
2359 622 2645 691 μετουσίαν
2674 625 2872 694 ἑαυτῆς
2890 624 2987 696 τὴν
3007 614 3339 696 ἀνθρωπίνην
3357 629 3526 700 ψυχὴν,
3540 614 3610 686 ἀεί
3620 636 3679 707 τῷ

2193 716 2215 767 t'
2218 731 2293 783 σῳ
2313 715 2493 784 μέτρῳ
2510 715 2648 768 κατά
2661 715 2760 788 τὴν
2784 718 2840 779 ὲς
2855 717 2915 770 τὸ
2932 719 3177 788 κρεῖττον
3195 719 3442 791 ὑπεροχὴν
3462 723 3546 792 τῆς
3562 743 3684 793 μετε-

2196 803 2396 872 χούσης
2418 805 2875 877 ὑπερανέστηκεν.
2917 808 2980 861 Ἡ
3013 808 3112 879 μὲν
3138 808 3241 880 γὰρ
3265 810 3397 882 ψυχὴ
3425 813 3591 883 μείζων
3610 821 3685 870 αὑ-

2195 899 2292 969 τῆς
2321 899 2547 951 πάντοτε
2577 898 2664 952 διὰ
2687 900 2785 971 τῆς
2808 898 2903 953 τοῦ
2925 901 3275 973 ὑπερέχοντος
3299 906 3552 973 μετουσίας
3577 908 3691 974 γίνε-

2193 1006 2304 1052 ται,
2337 992 2429 1043 καὶ
2458 992 2798 1062 αὐξανομένη
2834 993 2932 1063 ούχ
2980 994 3194 1047 ἵσταται
3220 1013 3231 1024 ’
3268 996 3326 1049 τὸ
3364 996 3417 1049 δὲ
3451 1002 3691 1070 μετεχόμεα
3722 1032 3727 1040 -
3768 1040 3776 1048 .

2193 1096 2283 1133 νον
2311 1081 2509 1149 ἀγαθὸν
2536 1084 2593 1135 ἐν
2619 1081 2718 1152 ἴσῳ
2746 1083 2892 1153 μένει
2914 1081 3193 1147 ὡσαύτως,
3222 1084 3322 1137 ὑπὸ
3338 1087 3428 1157 τῆς
3448 1087 3529 1139 ἐπὶ
3552 1089 3696 1144 πλεῖον

2193 1172 2281 1223 ἀεὶ
2315 1172 2646 1245 μετεχούσης
2681 1175 2739 1227 ὲν
2772 1174 2860 1246 ίσῃ
2892 1174 3121 1230 πάντοτε
3146 1177 3212 1247 τῇ
3238 1176 3459 1248 ὑπεροχῇ
3490 1179 3696 1248 εὑρισκό-

2197 1275 2377 1328 μενον.

519 1363 573 1410 et
605 1363 835 1427 augetur
858 1370 953 1426 per
988 1353 1463 1425 participationem
1492 1354 1611 1421 ejus
1645 1351 1787 1421 quod
1822 1361 2133 1423 exsuperat,
2175 1368 2352 1423 neque
2382 1353 2586 1409 desinit
2633 1357 2861 1426 augeri:
2893 1355 3096 1412 bonum
3147 1365 3323 1413 autem
3361 1356 3492 1427 quod
3522 1358 3703 1428 partiri:

520 1454 699 1515 patur,
731 1459 944 1516 semper
970 1452 1151 1500 manet
1181 1444 1236 1499 in
1262 1444 1592 1515 aequalitate,
1634 1451 1695 1496 ut
1748 1443 1890 1515 quod
1934 1445 2002 1498 ab
2069 1459 2130 1498 ea
2203 1460 2324 1515 quae
2347 1461 2561 1517 semper
2610 1456 2693 1504 est
2738 1448 2971 1518 amplius
3009 1448 3301 1520 particeps,
3349 1465 3546 1519 semper
3588 1452 3709 1504 iuve-

521 1541 703 1593 niatur
727 1539 778 1591 in
802 1536 996 1607 aequali
1021 1536 1457 1606 exsuperatione.

593 1629 853 1686 Videmus
883 1644 1014 1700 ergo
1042 1637 1306 1700 tanquam
1340 1629 1395 1682 in
1421 1628 1699 1684 scalarum
1732 1641 1969 1683 ascensu
1997 1641 2093 1695 per
2124 1634 2165 1687 Β

2276 1628 2519 1700 Ὀρῶμεν
2558 1631 2736 1684 τοίνυν
2768 1631 2956 1704 ὥσπερ
2995 1633 3052 1685 ὲν
3097 1630 3319 1702 βαθμῶν
3349 1631 3589 1693 ἀναϐάσει
3621 1650 3710 1703 χειο

519 1723 740 1778 virtutis
804 1722 1157 1778 escensiones
1215 1734 1478 1791 sponsam
1545 1735 1575 1774 a
1638 1718 1820 1775 Verbo
1872 1716 2086 1774 deduci.

2189 1719 2618 1791 ραγωγουμένην
2648 1722 2735 1775 διὰ
2779 1721 2887 1776 τῶν
2915 1723 3013 1792 τῆς
3068 1723 3271 1793 ἀρετῆς
3311 1721 3501 1776 ἀνόδων
3544 1722 3625 1774 ἐπὶ
3659 1723 3713 1775 τὰ

523 1814 765 1868 Immittit
795 1814 970 1884 primo
1002 1811 1243 1869 Verbum
1273 1813 1485 1868 radium
1516 1829 1612 1883 per
1658 1810 1927 1867 fenestras
1968 1824 2092 1881 pro-

520 1909 790 1979 phetieas,
818 1914 913 1961 aut
943 1905 1216 1961 cancellos
1248 1912 1642 1975 praeceptorum
1694 1902 1850 1973 legis,
1895 1909 1948 1956 ct
1971 1916 2090 1956 eam

521 1999 752 2052 advocat
780 2005 838 2050 ut
874 1996 1275 2065 appropinquet
1301 1995 1431 2057 luci,
1462 2000 1516 2048 et
1545 1992 1774 2063 pulchra
1799 1991 1891 2046 fiat
1918 1993 2091 2046 instar

520 2087 785 2142 columbae
808 2084 1040 2140 formata
1078 2084 1130 2137 in
1166 2084 1309 2137 luce.
1343 2082 1548 2137 Deinde
1591 2097 1716 2137 eum
1758 2097 1939 2136 rerum
1975 2080 2092 2151 pul-

521 2180 779 2233 chrarum
808 2182 1020 2230 tantum
1067 2173 1284 2239 fuisset,
1332 2180 1604 2244 quantum
1649 2173 1824 2243 potuit
1871 2187 2086 2243 capere,

523 2269 1022 2340 particeps,rursus
1038 2267 1104 2323 de
1141 2271 1371 2340 integro,
1395 2273 1454 2319 ut
1475 2280 1595 2335 quas
1615 2265 1885 2320 bonorum
1909 2266 2087 2320 adhuc

520 2376 628 2415 non
651 2366 796 2415 esset
815 2357 1106 2427 particeps,
1129 2370 1249 2410 eam
1275 2356 1500 2410 attrahit
1522 2356 1590 2410 ad
1613 2355 2086 2426 participationem

520 2452 647 2506 boui
675 2448 1156 2520 supereminentis,
1180 2447 1316 2502 adeo
1340 2455 1398 2502 ut
1425 2448 1476 2502 id
1500 2448 1679 2517 ipsum
1699 2446 1845 2518 quod
1872 2462 2090 2518 semper

521 2549 747 2614 apparet
781 2548 1149 2610 congruenter
1199 2539 1536 2610 proportioni
1589 2538 1889 2609 profectus,
1925 2539 2088 2594 simul

521 2635 689 2688 etiam
730 2632 971 2687 attrahat
998 2624 1352 2695 desiderium,
1385 2640 1440 2685 et
1464 2639 1687 2701 propter
1715 2631 2089 2700 exsuperatio-

520 2741 644 2782 nem
680 2726 946 2780 bonorum
1015 2740 1136 2795 quae
1185 2738 1400 2794 semper
1450 2722 1877 2778 considerantur
1924 2724 1982 2779 in
2022 2738 2087 2779 eo

518 2816 664 2887 quod
682 2815 1327 2886 supereminet,videatur
1345 2813 1521 2883 primo
1539 2821 1761 2885 tangere
1777 2829 2082 2875 ascensum.

521 2908 817 2978 Propterea
842 2907 1048 2977 ergO'ei
1095 2905 1344 2960 excitata:
1386 2919 1580 2960 rursus
1626 2905 1780 2971 dicit,
1817 2904 2006 2976 Surge,
2035 2914 2087 2961 et

524 2998 573 3054 ei
600 3012 724 3052 cum
756 2996 995 3052 venisset
1021 2995 1171 3056 dicit,
1207 2993 1353 3048 Veni.
1381 2993 1567 3064 Neque
1589 2996 1732 3050 enim
1757 2996 1805 3051 ei
1835 2996 1929 3065 qui
1959 3012 2087 3053 vere

522 3090 701 3160 surgit
734 3101 973 3157 unquam
1017 3084 1192 3141 deerit
1238 3100 1453 3156 semper
1496 3101 1762 3156 surgere;
1816 3102 1994 3157 neque
2036 3086 2087 3142 ei

517 3178 611 3246 qui
667 3175 841 3229 currit
903 3173 970 3227 ad
1033 3172 1367 3238 Dominum,
1435 3190 1675 3244 unquam
1734 3182 2088 3230 consumetur

519 3268 759 3337 amplum
817 3274 870 3320 et
922 3264 1091 3318 latum
1161 3264 1340 3335 campi
1407 3265 1642 3335 spatium
1706 3265 1776 3320 ad
1838 3266 2087 3321 divinum

521 3370 743 3411 cursum
767 3354 1187 3411 conficiendum.
1215 3354 1442 3426 Oportet
1461 3355 1605 3411 enim
1630 3371 1843 3426 semper
1864 3373 2089 3430 surgere

518 3456 573 3502 et
618 3446 864 3511 excitari,
910 3453 965 3503 et
1011 3461 1109 3517 per
1149 3461 1374 3502 cursum
1419 3446 1904 3517 appropinquando
1946 3464 2089 3503 nun-

519 3553 681 3609 quam
709 3552 946 3593 cessare.
978 3537 1344 3603 Quamobrem
1379 3537 1593 3605 quoties
1618 3536 1747 3592 dicit
1774 3554 1788 3591 :
1841 3538 2008 3608 Surge
2029 3545 2085 3594 et

518 3628 669 3689 Veni;
698 3626 858 3680 toties
890 3628 1119 3699 largitur
1154 3626 1467 3683 facultatem
1507 3628 1575 3682 ad
1616 3629 1670 3683 id
1699 3629 1844 3699 quod
1889 3630 2086 3686 melius

518 3727 599 3774 est
653 3719 1001 3776 ascendendi.
1062 3717 1155 3773 Sic
1214 3719 1627 3790 intelligeritize
1688 3728 1991 3790 sequuntur
2029 3720 2084 3775 in

520 3819 687 3862 textu.
724 3807 857 3862 Nam
911 3809 1003 3878 qui
1043 3808 1327 3878 pulchram
1381 3824 1444 3864 ex
1482 3810 1709 3878 pulchra
1746 3811 1900 3880 jubet
1946 3812 2082 3877 lieri,

517 3908 700 3967 aperte
745 3899 999 3954 admonet
1057 3910 1111 3954 et
1160 3899 1405 3970 suggerit
1463 3899 1598 3954 illud
1663 3901 2082 3971 Apostolicum,

514 3989 711 4058 jubcns
742 3991 987 4047 eamdem
1011 3990 1304 4061 imaginem
1335 4006 1365 4044 a
1417 3991 1588 4061 gloria
1619 3993 1999 4049 transformari
2028 3995 2083 4050 in

516 4080 741 4150 gloriam
765 4080 832 4143 ",
862 4079 998 4136 adeo
1023 4090 1082 4135 ut
1107 4096 1325 4151 semper
1337 4080 1589 4136 videatur
1608 4097 1728 4138 esse
1749 4084 1920 4153 gloria
1937 4086 2082 4155 quod

517 4172 804 4241 accipitur,
834 4183 894 4233 et
915 4171 1060 4241 quod
1110 4186 1325 4241 semper
1377 4172 1678 4238 invenitur,
1711 4181 1765 4228 et
1825 4175 1954 4230 licet
2011 4176 2083 4232 sit

2192 1808 2301 1881 ὕψη
2333 1811 2482 1881 παρά
2505 1810 2599 1864 τοῦ
2618 1811 2788 1880 Λόγου
2817 1811 2917 1883 τὴν
2944 1806 3296 1882 νύμφηνΪΗν
3323 1814 3339 1833 ⁶
3357 1810 3519 1882 ἐνίησι
3537 1811 3714 1881 πρῶτον

2190 1902 2279 1956 διὰ
2318 1902 2426 1957 τῶν
2460 1903 2754 1975 προφητῶν
2794 1904 3045 1975 θυρίδων,
3094 1904 3193 1958 καὶ
3240 1903 3346 1958 τῶν
3384 1904 3601 1959 δικτύων
3633 1907 3717 1958 τῶν

2191 1987 2285 2042 τοῦ
2315 1989 2477 2059 νόμου
2509 1991 2985 2062 παραγγελμάτων
3009 1990 3107 2063 τὴν
3149 1993 3346 2047 ἀκτῖνα
3374 1995 3402 2046 ό
3446 1994 3619 2062 Λόγος,
3643 1995 3719 2046 καὶ

2193 2080 2461 2150 προσ-καλε
2472 2082 2538 2136 ἴτ’
2561 2081 2727 2152 αὐτὴν
2757 2082 2969 2151 ἐγγίσαι
2999 2083 3164 2151 φωτὶ,
3194 2085 3290 2138 καὶ
3322 2084 3489 2154 καλὴν
3513 2083 3721 2152 γενέσθαι

2190 2171 2327 2242 πρὸς
2357 2172 2418 2225 τὸ
2446 2167 2583 2235 εἶδος
2611 2171 2710 2243 τῆς
2743 2175 3070 2245 περιστερᾶς
3095 2175 3159 2227 ὲν
3183 2174 3262 2245 τῷ
3298 2177 3435 2244 φωτὶ
3461 2174 3723 2245 μορφωθεῑ-

2192 2281 2310 2318 σαν.
2348 2259 2480 2317 Εἶτα
2512 2264 2887 2334 μετασχοῦσαν
2930 2265 3040 2319 τῶν
3087 2264 3296 2332 καλῶν,
3336 2269 3461 2322 ὅσον
3491 2267 3721 2339 ἐχώρησε,

2189 2355 2350 2408 πάλιν
2384 2355 2444 2419 ἐξ
2476 2356 2748 2425 ὑπαρχῆς,
2773 2355 2848 2419 ὡς
2882 2355 2961 2410 ἔτι
2992 2356 3101 2410 τῶν
3136 2358 3324 2412 καλῶν
3366 2354 3524 2413 οὖσαν
3558 2358 3726 2431 άμέτο·

2189 2462 2301 2515 χον,
2332 2444 2467 2515 πρὸς
2486 2443 2581 2497 τοῦ
2606 2446 2997 2516 ὑπερκειμένου
3024 2445 3265 2510 κάλλους
3296 2445 3575 2516 μετουσίαν
3608 2444 3735 2513 ἐφέλ-

2188 2553 2362 2598 κεται,
2396 2534 2535 2588 ὥστε
2566 2535 2703 2606 αὐτῇ
2730 2534 2872 2588 κατὰ
2900 2534 2999 2607 τὴν
3031 2535 3335 2604 ἀναλογίαν
3369 2536 3465 2605 τῆς
3491 2532 3733 2603 προκοπῆς

2188 2626 2324 2695 πρὸς
2344 2624 2405 2678 τὸ
2436 2625 2524 2678 ἀεὶ
2547 2626 2973 2696 προφαινόμενον
3003 2626 3097 2680 καὶ
3127 2626 3232 2697 τὴν
3254 2625 3547 2697 ἐπιθυμίαν
3574 2622 3738 2677 συναύ-

2190 2711 2394 2777 ξεσθαι,
2423 2714 2517 2766 καὶ
2540 2713 2629 2766 διὰ
2660 2713 3091 2785 τὴνεὺπερθολὴν
3120 2715 3236 2768 τῶν
3270 2714 3501 2768 πάντοτε
3538 2712 3665 2766 κατά
3689 2710 3739 2764 τὸ

2188 2801 2581 2875 ὑπερκείμενον
2619 2804 3020 2875 εὑρισκομένων
3058 2804 3315 2873 ἀγαθῶν,
3348 2804 3572 2877 πρώτως
3598 2802 3739 2856 ἀπτε-

2189 2896 2313 2950 σθαι
2346 2897 2446 2968 τῆς
2485 2897 2674 2950 ἀνόδου
2703 2896 2892 2950 δοκεῖν.
2930 2899 3026 2951 Διὰ
3055 2898 3224 2973 τοῦτό
3254 2915 3391 2968 φησι
3434 2896 3588 2949 πάλιν
3631 2890 3742 2964 πρὸς

2188 2989 2284 3060 τὴν
2304 2989 2680 3061 ὲγηγερμιιένην
2699 2992 2727 3043 ό
2741 2988 2929 3057 Λόγος,
2947 2990 3025 3042 ὅτι
3058 2988 3405 3057 Ἀνάστηθι,
3420 2985 3650 3058 καὶπρὸς
3664 2985 3744 3053 τὴν

2187 3079 2465 3145 ἐλθοῦσαν,
2493 3081 2573 3134 ὅτι
2610 3081 2793 3136 Ἐλθέ.
2822 3080 2958 3134 Οὔτε
2993 3081 3103 3151 γὰρ
3131 3080 3215 3152 τῷ
3236 3081 3413 3143 ὅντως
3440 3074 3747 3147 ἀνισταμένῳ

2186 3171 2358 3240 λείψει
2389 3172 2518 3224 ποτὲ
2560 3171 2648 3224 ἀεὶ
2693 3172 3048 3237 ἀνίστασθαι,
3083 3171 3220 3225 ούτε
3250 3170 3333 3242 τῷ
3370 3170 3610 3243 τρέχοντι
3639 3165 3749 3236 πρὸς

2184 3263 2276 3318 τὸν
2308 3262 2531 3335 Κύριον,
2565 3264 2599 3333 ἡ
2629 3262 2764 3334 πρὸς
2795 3262 2884 3317 τὸν
2916 3263 3056 3316 θεῖον
3085 3263 3303 3334 δρόμον
3348 3259 3649 3332 εὐρυχωρία
3673 3257 3749 3309 δα-

2188 3340 2579 3426 πανηθήσεται.
2629 3353 2739 3407 Ἀεί
2779 3372 2838 3407 τε
2880 3354 2989 3424 γὰρ
3025 3354 3361 3426 ἐγείρεσθαι
3396 3353 3524 3425 χρὴ,
3560 3350 3646 3404 καί
3670 3364 3756 3417 μη-

2186 3446 2376 3501 δέποτε
2412 3442 2501 3498 διὰ
2545 3442 2639 3497 τοῦ
2683 3442 2883 3514 δρόμου
2921 3442 3408 3513 προσεγγίζοντας
3454 3437 3752 3493 παύσασθαι.

2191 3540 2267 3604 ὼς
2324 3535 2511 3597 ὁσάκις
2552 3534 2618 3588 ἂν
2654 3535 2802 3603 λέγει
2835 3535 2895 3587 τὸ
2947 3533 3279 3602 Ἀνάστηθι
3307 3550 3321 3563 ·
3359 3534 3458 3587 καὶ
3488 3532 3548 3585 τὸ
3589 3526 3752 3583 Ἐλθέ·

2186 3627 2407 3691 τοσάκις
2430 3627 2530 3697 τῆς
2554 3626 2688 3697 πρὸς
2711 3626 2771 3680 τὸ
2795 3628 3040 3697 κρεῖττον
3064 3625 3410 3688 ἀναϐάσεως
3438 3624 3537 3694 τὴν
3562 3621 3757 3687 δύναμιν

2184 3719 2415 3773 δίδωσιν.
2469 3717 2625 3772 Ούτω
2669 3718 2777 3772 νόει
2815 3719 2910 3772 καὶ
2951 3716 3019 3771 τὰ
3063 3717 3281 3789 ἑφεξῆς
3317 3716 3648 3787 προκείμενα
3677 3705 3755 3761 τοῦ

2184 3808 2363 3879 λόγου.
2405 3810 2465 3863 Ὀ
2503 3809 2612 3880 γὰρ
2644 3809 2815 3880 καλὴν
2842 3809 2907 3861 ὲκ
2946 3808 3124 3878 καλῆς
3154 3808 3427 3878 γενέσθαι
3451 3804 3692 3861 κελεύων.
3712 3799 3760 3853 rb

2185 3900 2539 3954 ἀποστολικὸν
2583 3900 2838 3970 ἄντικρυς
2870 3897 3224 3965 ὑποτίθεται,
3256 3898 3364 3968 τὴν
3408 3896 3579 3965 αὐτὴν
3605 3891 3760 3945 εἰκόνα

2186 3992 2542 4063 προστάσσων
2581 3990 2687 4044 ἀπὸ
2726 3990 2883 4059 δόξης
2919 3991 2998 4051 είς
3039 3989 3212 4054 δόξαν
3268 3983 3761 4061 ιιεταμορᾳοῦσθαιθ

2191 4084 2268 4150 ὡς
2316 4083 2543 4137 πάντοτε
2588 4081 2744 4148 δόξαν
2795 4078 2932 4135 εἶναι
2966 4076 3431 4151 λαμϐανόμενον
3474 4080 3568 4131 καὶ
3594 4077 3649 4128 τὸ
3690 4072 3761 4125 ἀεὶ

2184 4176 2587 4245 εὑρισκόμενον,
2616 4174 2719 4227 κᾶν
2756 4175 2836 4227 ὅτι
2871 4173 3109 4243 μάλιστα
3150 4173 3312 4243 μέγα
3344 4190 3401 4227 τι
3447 4173 3541 4226 καὶ
3571 4165 3765 4239 ὑψηλδνι

516 4278 771 4335 magnum
802 4274 853 4318 et
875 4263 1181 4327 excelsum,
1210 4262 1468 4318 credatur
1496 4278 1620 4319 esse
1642 4264 1824 4320 minus
1847 4281 1913 4321 eo
1934 4281 2078 4336 quoe

2191 4266 2219 4336 ἢ
2249 4266 2569 4337 μικρότερον
2591 4263 2729 4319 εἶναι
2749 4264 2842 4317 τοῦ
2864 4264 3235 4334 ἐλπιζομένου
3269 4263 3610 4317 πιστεύεται,
3635 4256 3764 4311 Οὕτω

515 4361 786 4422 speratur.
816 4353 907 4408 Sic
928 4367 1059 4423 ergo
1083 4367 1207 4408 cum
1231 4362 1377 4408 esset
1406 4353 1656 4409 columba
1694 4354 1762 4410 iis
1788 4372 1907 4425 quae
1930 4358 2083 4427 prius

514 4452 663 4498 recte
688 4443 972 4513 gessisset,
1003 4443 1364 4501 nihilominus
1392 4460 1513 4499 eam
1548 4461 1740 4502 rursus
1783 4446 1938 4516 jubet
1966 4450 2080 4503 tieri

512 4534 843 4597 columbam,
876 4546 972 4603 per
1012 4534 1558 4592 transformationem
1595 4538 1651 4593 in
1698 4539 1753 4593 id
1805 4538 1951 4609 quod
1998 4548 2082 4595 est

514 4625 728 4679 melius.
760 4625 826 4679 Et
853 4622 898 4680 si
933 4625 1036 4679 hoc
1068 4625 1270 4681 factum
1294 4625 1497 4691 fuerit,
1538 4629 1798 4701 deinceps
1825 4631 2080 4687 ostendet

511 4714 686 4769 oratio
714 4730 811 4784 per
839 4730 1036 4771 nomen
1074 4716 1126 4771 id
1153 4718 1298 4788 quod
1324 4729 1405 4774 est
1437 4721 1710 4790 superius.
1768 4710 1775 4715 ’

584 4804 725 4859 Dicit
768 4807 951 4861 enim:
1004 4806 1068 4861 Et
1106 4808 1205 4863 huc
1245 4809 1377 4873 veni,
1429 4810 1670 4866 columba
1722 4830 1859 4878 mea,
1906 4817 1963 4870 in
2004 4823 2079 4870 te-

508 4895 680 4965 gmine
713 4906 874 4962 petra:
910 4899 1072 4965 juxta
1125 4899 1598 4969 propugnaculum.
1649 4901 1783 4967 Quis
1827 4911 1911 4959 est
1948 4920 2078 4977 ergo

511 5001 772 5042 ascensus
822 4986 886 5040 ad
941 4986 1359 5056 perfectionem,
1399 4991 1495 5061 qui
1534 4992 1875 5062 signiﬁcetur
1919 4996 1973 5050 in
2017 4997 2083 5053 iis

508 5091 629 5147 quae
684 5092 828 5131 nunc
880 5078 1026 5133 dicta
1072 5077 1399 5135 suntt‘Non
1444 5084 1679 5153 amplius
1726 5086 1971 5156 aspicere
2015 5087 2081 5141 ad

509 5165 751 5221 studium
782 5181 978 5221 eorum
1009 5183 1132 5238 quae
1166 5169 1476 5235 attrahunt,
1517 5173 1613 5228 sed
1645 5174 1711 5227 ad
1739 5174 1793 5228 id
1826 5175 1973 5244 quod
1997 5183 2083 5231 est

509 5256 708 5312 melius
747 5257 939 5311 ducem
974 5258 1176 5314 habere
1210 5260 1489 5330 propriam
1527 5263 1905 5332 cupiditatem.
1940 5264 2077 5330 Huc,

507 5350 681 5419 inquit
727 5349 851 5419 ipsi,
902 5350 1068 5405 veni:
1106 5368 1213 5407 non
1245 5368 1312 5408 ex
1344 5351 1687 5423 aegritudine,
1728 5364 1823 5410 aut
1868 5373 1932 5411 ex
1978 5373 2076 5413 ne-

501 5441 779 5508 cessitate,
832 5440 927 5498 sed
960 5443 1195 5514 propriis
1231 5443 1340 5500 tuis
1389 5442 1695 5502 rationibus
1744 5447 2075 5505 confirmans

578 5616 617 5644 εί
668 5613 713 5669 ll
743 5616 891 5681 ὕοι..
929 5630 1011 5683 ιιι,
1053 5617 1134 5674 l8.

2185 4358 2364 4411 τοίνυν
2391 4356 2717 4428 περιστεράν
2741 4352 2907 4410 οὖσαν
2942 4358 2999 4409 ἐν
3029 4359 3149 4421 τοῖς
3188 4353 3760 4429 προκατωρθωμένοιςι

2185 4448 2336 4500 οὐδὲν
2357 4444 2516 4519 ἧττον
2539 4447 2865 4518 περιστερὰν
2898 4445 3066 4517 αὐτὴν
3101 4447 3285 4501 πάλιν
3327 4449 3420 4502 διὰ
3450 4447 3551 4516 τῆς
3579 4443 3697 4512 πρὸς
3714 4438 3759 4489 τὸ

2185 4542 2431 4611 κρεῖττον
2453 4536 2928 4609 μεταμορφώσεως
2953 4537 3225 4605 γενέσθαι
3254 4539 3655 4594 διακελεύεται.
3675 4530 3762 4587 Καὶ

2187 4634 2236 4685 εί
2259 4630 2416 4685 τοῦτο
2437 4632 2667 4699 γένοιτο,
2686 4630 2745 4683 τὸ
2768 4629 2905 4700 ὑπὲρ
2927 4629 3086 4682 τοῦτο
3114 4630 3297 4684 πάλιν
3319 4634 3350 4683 ὁ
3377 4633 3538 4698 λόγος
3562 4622 3757 4689 καθεξῆς

2185 4724 2271 4777 διὰ
2307 4722 2401 4777 τοῦ
2431 4722 2691 4792 ὀνόματος
2722 4720 3006 4785 ὑποδείξει.

2254 4816 2416 4882 Λέγει
2449 4814 2577 4883 γάρ’
2615 4814 2804 4897 Δεῦρο
2833 4811 3096 4880 σεαυτὴ,
3144 4814 3498 4882 περιστερά
3532 4828 3664 4882 μου,
3702 4803 3759 4856 ἐν

2186 4907 2383 4975 σκέπῃ
2412 4906 2519 4974 τῆς
2547 4905 2766 4973 πέτρας
2811 4904 3064 4973 ἐχομένη
3100 4905 3225 4959 τοῦ
3268 4906 3755 4976 προτειχίσματος.

2184 4998 2279 5062 Τίς
2309 4995 2401 5052 οὖν
2429 5000 2461 5068 ἡ
2486 4998 2623 5068 πρὸς
2646 4997 2706 5049 τὸ
2732 4996 2934 5049 τέλειον
2956 4995 3179 5059 ἄνοδος,
3220 4998 3359 5068 ἥτις
3398 5001 3515 5062 τοῖς
3535 4996 3624 5051 νῦν
3644 4991 3755 5059 εἰρη-

2186 5090 2364 5159 μένοις
2394 5087 2749 5158 ὲμφαίνεται;
2776 5087 2850 5139 Τὸ
2883 5086 3079 5157 μηκέτι
3120 5088 3277 5160 πρὸς
3307 5089 3414 5160 τὴν
3439 5089 3549 5142 τῶν
3568 5083 3752 5155 ἐφελκο-

2185 5178 2361 5247 μένων
2389 5176 2605 5245 βλέπειν
2648 5175 2903 5246 σπουδὴν,
2929 5175 3041 5228 ἀλλ’
3075 5175 3297 5245 ὁδηγὸν
3332 5180 3480 5250 πρὸς
3518 5178 3578 5230 τὸ
3610 5170 3758 5242 κρείτ·
3848 5200 3849 5205 η

2180 5287 2269 5323 τον
2314 5268 2410 5337 τὴν
2458 5269 2592 5322 ἰδίαν
2649 5267 2941 5338 ἐπιθυμίαν
2987 5266 3167 5337 ἔχειν.
3221 5270 3410 5342 Δεῦρο
3456 5271 3584 5341 γὰρ,
3630 5258 3759 5333 φησὶ,

2187 5360 2407 5429 σεαυτὴ,
2467 5358 2540 5429 μὴ
2572 5360 2634 5411 ἐκ
2662 5358 2859 5429 λύπης,
2891 5358 2924 5429 ἢ
2958 5357 3014 5425 ἐξ
3054 5358 3360 5428 ἀνάγκης,
3407 5362 3546 5415 ἀλλά
3568 5353 3765 5421 σεαυτὴ,

2180 5455 2292 5515 τοῖς
2315 5452 2462 5514 ἰδίοις
2488 5450 2764 5521 λογισμοῖς
2786 5454 2884 5526 τὴν
2914 5448 3246 5522 προθυμίαν
3273 5453 3338 5505 ἐν
3359 5450 3444 5521 τῷ
3464 5444 3610 5516 καλῷ
3627 5443 3765 5507 ἐπιρ-
