3928 6196
173 346 259 405 877
770 378 779 383 -
1168 339 1237 395 IN
1276 340 1576 399 CANTICA
1630 342 1896 400 CANTIC.
1940 344 2224 403 HOMlLlA
2263 345 2327 403 ν.

3264 345 3369 405 878

173 459 390 530 ρὡασα,
435 453 527 509 οὐκ
579 448 825 524 ἀνάγκης
879 449 1324 525 καθηγουμένης.
1386 454 1685 509 Ἀδέσποτοη

1800 456 2154 526 cupiditatem
2184 457 2250 512 ad
2282 456 2335 513 id
2371 455 2514 527 quod
2545 464 2629 513 est
2652 456 2964 525 honestum,
2993 472 3104 515 non
3138 448 3369 514 ducente

172 550 259 621 γὰρ
281 551 310 620 ἡ
334 546 505 619 ἀρετὴ.
535 546 627 599 καὶ
652 545 919 609 ἑκούσιον,
951 545 1044 597 καὶ
1068 544 1316 613 ἀνάγκης
1342 545 1521 616 πάσης
1546 546 1696 599 ἐλεύ-

173 643 315 712 θερον.
347 630 578 701 Τοιοῦτος
619 632 688 708 ἦν
726 635 922 699 Δαϐὶδ,
963 636 992 687 6
1040 635 1108 687 τὰ
1154 635 1380 707 ἑκούσια
1422 636 1557 704 μόνα
1587 636 1695 688 τῶν

169 734 277 803 παρ’
312 730 460 785 αὑτοῦ
488 728 784 798 γινομένων
824 725 1178 796 εὐδοκηθῆναι
1206 725 1287 796 τῷ
1317 725 1435 796 Θεῷ
1464 743 1694 796 προσευ.

170 824 377 895 χόμενος.
400 820 488 873 καὶ
512 818 772 881 ἑκουσίως
804 817 954 870 θύειν
983 815 1477 887 ἐπαγγελλόμενος.
1509 805 1693 870 Τοιοῦ-

166 931 236 976 τος
260 913 465 974 ἕκαστος
500 909 602 963 τῶν
633 909 823 977 ἁγίων,
856 902 1045 961 ἑαυτὸν
1095 907 1174 975 τῷ
1217 906 1336 977 Θεῷ
1379 907 1688 977 προσάγων,

167 1006 243 1057 οὐκ
270 1002 321 1066 ἐξ
346 1002 578 1069 ἀνάγκης
611 999 894 1068 ἀγόμενος.
934 990 1046 1051 Καὶ
1078 997 1143 1049 σὺ
1177 996 1356 1050 τοίνυν
1383 996 1555 1061 δεῖξον
1594 997 1691 1068 τὴν

163 1094 337 1148 τελείαν
357 1091 679 1146 κατάστασιν
706 1082 799 1142 τοῦ
833 1090 1032 1158 σεαυτῇ
1066 1076 1169 1157 τῆς
1204 1087 1337 1159 πρὸς
1360 1087 1420 1139 τὸ
1447 1090 1690 1159 κρεῖττον

164 1186 314 1240 ἀνόδου
346 1184 435 1252 τὴν
469 1179 764 1250 ἐπιθυμίαν
798 1172 999 1232 λαϐεῖν.
1034 1178 1271 1248 Τοιαύτη
1312 1178 1371 1231 δὲ
1402 1178 1687 1249 γενομένη,

162 1277 312 1345 φησιν,
340 1276 478 1345 ἥξεις
500 1274 591 1326 ἐπὶ
614 1270 710 1341 τὴν
738 1274 945 1340 σκέπην
974 1269 1073 1338 τῆς
1100 1266 1309 1337 πέτρας
1335 1269 1565 1339 ἐχομένη
1594 1269 1687 1321 τοῦ

162 1365 585 1436 προτειχίσματος.
617 1362 690 1414 Τὸ
708 1361 763 1413 δὲ
785 1353 1078 1429 λεγόμενον
1109 1350 1347 1411 τοιοῦτόν
1371 1360 1537 1412 ἐστιν.
1568 1358 1688 1431 Χρὴ

161 1458 243 1527 γὰρ
268 1454 603 1526 μεταϐάλλειν
626 1452 716 1506 τὸν
741 1451 895 1519 λόγον
918 1449 1024 1503 ἀπὸ
1054 1449 1160 1504 τῶν
1188 1450 1523 1519 αἰνιγμάτων
1553 1449 1687 1520 πρὸς

160 1551 204 1603 τὸ
224 1549 541 1617 σαφέστερον.
576 1545 690 1599 Μία
724 1543 900 1613 σκέπη
931 1542 1029 1612 τῆς
1062 1532 1413 1611 ἀνθρωπίνης
1442 1541 1557 1593 ἐστὶ
1586 1540 1689 1609 ψυ-

157 1640 264 1708 χῆς,
305 1637 360 1689 τὸ
407 1636 607 1706 ὑψηλὸν
646 1629 996 1701 Εὖαγγέλιον,
1046 1631 1103 1682 ἐν
1133 1623 1176 1698 ᾧ
1205 1632 1233 1682 6
1261 1630 1547 1699 γενόμενος
1586 1628 1685 1699 τῆς

158 1729 373 1792 σκιὼδους
397 1726 740 1788 διδασκαλίας
782 1724 868 1777 διὰ
904 1723 1011 1776 τῶν
1042 1721 1286 1775 τυπικῶν
1316 1738 1376 1773 τε
1427 1721 1521 1774 καὶ
1550 1738 1686 1791 συμ-

1800 547 2149 603 necessitate.
2196 546 2429 604 Domino
2464 548 2609 605 enim
2644 556 2793 603 caret
2837 552 3032 615 virtus,
3076 544 3242 605 etest
3271 563 3369 605 vo-

1800 636 2058 702 luntaria,
2089 642 2142 693 et
2179 638 2248 692 ab
2277 639 2427 694 omni
2466 641 2794 696 necessitate
2836 640 3026 696 libera.
3064 640 3214 697 Talis
3251 644 3371 696 erat

1802 727 1990 792 David,
2024 730 2117 799 qui
2147 745 2213 785 ex
2255 731 2324 786 iis
2353 746 2474 802 qua:
2504 734 2573 786 ab
2616 732 2736 802 ipso
2780 731 2920 787 facta
2951 738 3126 794 erant,
3157 745 3219 785 ea
3253 720 3368 787 sola

1797 829 1919 870 esse
1962 816 2073 874 Deo
2115 830 2267 889 grata
2307 828 2361 876 et
2428 822 2658 891 probata
2705 821 3202 888 animadvertebat,
3250 837 3370 892 qua:

1798 914 1953 960 erant
2004 909 2329 976 voluntaria,
2371 918 2426 966 et
2483 927 2543 967 se
2579 911 2887 967 voluntarie
2936 912 3370 967 sacriﬁcaturum

1799 1000 2146 1066 promittebat
2166 1003 2233 1057 ’⁷.
2278 1004 2426 1061 Talis
2465 1013 2549 1060 est
2584 1006 2964 1075 unusquisque
3011 1006 3236 1062 sanctus
3276 1006 3365 1074 qui

1797 1102 1857 1141 se
1890 1086 2001 1143 Deo
2049 1089 2228 1154 oﬁert,
2273 1108 2383 1148 non
2435 1102 2593 1151 actus
2637 1097 2991 1151 necessitate.
3041 1096 3107 1153 Et
3146 1105 3203 1152 tu
3241 1114 3370 1169 ergo

1796 1178 2024 1232 ostende
2050 1178 2348 1260 perfectam
2396 1181 2451 1236 in
2487 1189 2540 1238 te
2580 1185 2860 1254 accepisse
2898 1187 3367 1252 constitutionem,

1795 1270 2149 1338 cupiditatem
2195 1288 2463 1330 ascensus
2504 1275 2572 1330 ad
2604 1275 2656 1329 id
2701 1276 2847 1346 quod
2877 1284 2961 1332 est
2988 1277 3204 1333 melius.
3230 1276 3366 1333 Cum

1795 1368 1972 1413 autem
2027 1362 2173 1425 talis,
2222 1363 2432 1433 inquit,
2493 1366 2765 1432 evaseris,
2812 1369 2996 1423 venies
3040 1367 3106 1421 ad
3155 1375 3365 1437 petram

1794 1450 2049 1520 tegminis
2089 1452 2245 1521 juxta
2293 1458 2786 1527 propugnaculum.
2830 1456 2984 1524 Quod
3020 1466 3199 1514 autem
3236 1457 3369 1512 dicit

1792 1548 1880 1611 est,
1908 1538 2202 1611 ejusmodi.
2238 1542 2467 1617 Oportet
2504 1548 2649 1603 enim
2692 1550 2759 1604 ab
2788 1549 3167 1619 aenigmatibus
3197 1538 3368 1604 abdu-

1793 1640 1935 1685 ctam
1968 1634 2270 1689 orationcm
2308 1644 2546 1694 tractare
2574 1639 2891 1695 dilucidius.
2927 1640 3106 1696 Unum
3147 1648 3364 1710 tegmen

1792 1722 2048 1779 humana:
2098 1727 2416 1800 animarest
2463 1731 2696 1786 sublime
2744 1730 3119 1802 Evangelium,
3160 1732 3216 1785 in
3255 1747 3363 1800 quo

158 1818 344 1871 ϐολικῶν
389 1818 675 1887 νοημάτων
720 1813 903 1867 οὐκέτι
957 1811 1310 1883 προσδέεται,
1350 1808 1685 1882 φανερούσης

1790 1829 1916 1905 eum
1947 1812 2113 1869 fuerit
2158 1818 2414 1873 umbrosa
2462 1820 2716 1875 doctrina
2748 1836 2845 1891 per
2881 1821 3091 1891 typicas
3132 1828 3185 1876 et
3215 1837 3364 1905 svm-

162 1911 229 1977 ιῆς
269 1909 509 1979 ἀληθείας
558 1908 628 1961 τὰ
675 1902 1066 1976 κεκαλυμμένα
1108 1901 1215 1956 τῶν
1251 1903 1686 1974 προσταγμάτων

156 2001 420 2070 αἰνίγματα.
458 1999 673 2069 Πέτραν
700 1997 757 2051 δὲ
800 1997 897 2067 τὴν
928 1994 1286 2066 εὐαγγελικὴν
1328 1986 1687 2065 ὀνομάζεσθαι

155 2093 297 2161 χάριν,
331 2090 496 2153 οὐδεὶς
524 2088 772 2142 ἀντείποι
803 2086 910 2140 τῶν
934 2088 1028 2141 καὶ
1062 2083 1311 2139 ὁπωσοῦν
1350 2085 1685 2155 μετεχόντων

154 2182 228 2250 τῆς
250 2181 484 2243 πίστεως·
524 2179 859 2248 πολλαχόθεν
888 2182 997 2249 γὰρ
1032 2170 1179 2230 ἔστιν
1223 2177 1290 2230 ἐκ
1324 2177 1424 2247 τῆς
1466 2177 1689 2248 Γραφῆς

153 2271 275 2323 τοῦτο
300 2272 499 2341 μαθεῖν,
531 2270 599 2323 τὸ
625 2270 834 2341 πέτραν
857 2264 997 2321 εἶναι
1027 2266 1379 2336 Εὐαγγέλιον.
1416 2266 1488 2320 Τὸ
1510 2268 1688 2320 τοίνυν

151 2356 392 2430 λεγόμενον
430 2360 676 2414 τοιοῦτόν
701 2362 881 2413 ἐστιν’
904 2354 967 2413 El
996 2350 1422 2430 ὲνεγυμνάσθης,
1448 2352 1493 2412 ὦ
1519 2354 1689 2429 ψυχὴ,

151 2446 209 2520 τῷ
228 2452 375 2522 νόμῳ,
411 2451 456 2505 εί
482 2453 588 2515 τὰς
617 2448 703 2505 διά
728 2446 838 2504 τῶν
875 2448 1229 2522 προφητικῶν
1256 2451 1486 2521 θυρίδων
1517 2449 1689 2517 αὐγὰς

149 2545 199 2612 τῇ
222 2543 405 2615 διανοίᾳ
426 2542 706 2607 τεθέασαι,
741 2545 942 2616 μηκέτι
965 2543 1071 2597 ὑπὸ
1092 2542 1187 2614 τὴν
1210 2540 1301 2596 τοῦ
1326 2542 1551 2613 νομικοῦ
1582 2542 1690 2596 τοί-

149 2650 222 2702 χου
253 2635 392 2689 σκιὰν
421 2635 576 2705 μένε.
624 2635 790 2688 Σκιάν
814 2634 924 2707 γὰρ
957 2636 985 2687 6
1023 2633 1203 2704 τοῖχος
1232 2635 1377 2687 ποιεῖ
1412 2632 1518 2686 τῶν
1562 2633 1689 2703 μελ-

148 2722 308 2778 λόντων
336 2728 576 2795 ἀγαθῶν,
612 2728 712 2780 οὐκ
735 2725 904 2797 αὐτὴν
945 2725 1044 2796 τὴν
1079 2726 1260 2778 είκόνα
1284 2724 1393 2778 τῶν
1432 2723 1689 2800 πραγμά-

147 2822 245 2870 τωνο
267 2818 370 2872 ἀλλ’
398 2821 487 2873 ἐπὶ
529 2819 638 2891 τὴν
676 2818 882 2888 πέτραν
929 2819 993 2871 ὲκ
1033 2816 1127 2871 τοῦ
1158 2816 1421 2885 σύνεγγυς
1460 2818 1566 2871 ἀπὸ
1593 2816 1686 2871 τοῦ

147 2907 290 2975 τοίχου
322 2909 612 2979 μετάϐηθι.
648 2892 872 2980 Ἔχεται
912 2907 1021 2989 γάρ
1052 2908 1085 2978 ἡ
1131 2907 1304 2978 πέτρα
1335 2907 1427 2962 τοῦ
1474 2925 1688 2980 προτει-

146 2998 380 3068 χὶσματος’
415 2994 610 3071 ἐπειδὴ
651 2991 750 3070 τῆς
785 2998 1147 3068 εὐαγγελικῆς
1175 2991 1410 3071 πίστεως
1454 3003 1482 3053 ὁ
1513 3001 1684 3070 νόμος

145 3091 455 3162 προτείχισμα
487 3092 707 3161 γέγονε·
737 3089 830 3143 καὶ
860 3089 1040 3159 ἔχεται
1066 3089 1310 3159 ἀλλήλων
1328 3089 1396 3142 τά
1418 3089 1680 3160 δόγματα,

144 3181 409 3245 γειτνιῶντα
431 3184 580 3236 κατὰ
612 3182 709 3251 τὴν
734 3172 980 3250 δύναμιν.
1010 3180 1074 3233 Τί
1109 3181 1217 3251 γὰρ
1257 3178 1555 3252 ἐγγύτερον
1585 3184 1680 3237 τοῦ

143 3266 215 3336 Μὴ
228 3274 549 3343 μοιχεῦσαι,
584 3266 649 3326 τὸ
679 3273 753 3343 μὴ
798 3266 1235 3340 Ἐπιθυιιῆσαι;
1264 3273 1360 3326 κοιλ⁹
1389 3274 1483 3326 τοῦ
1518 3274 1686 3329 καθα-

143 3362 288 3430 ρεύειν
315 3366 416 3419 ἀπὸ
435 3366 631 3435 φόνου,
662 3365 741 3429 τὸ,
768 3363 903 3435 μηδὲ
932 3366 1067 3435 ὀργῇ
1090 3364 1187 3434 τὴν
1211 3364 1435 3436 καρδίαν
1472 3366 1687 3435 μολύνε-

140 3451 260 3520 τθαι;
292 3453 537 3510 Ἔπεὶοὖν
560 3455 744 3525 ἔχεται
762 3442 853 3506 τοῦ
872 3448 1374 3525 προτειχίσματοςὴ
1397 3455 1571 3525 σκέπη
1590 3457 1686 3527 τῆς

141 3543 324 3614 πέτρας,
356 3538 683 3609 ἀδιάστατός
713 3536 827 3597 ὲστί
855 3561 937 3597 σοι
965 3545 999 3614 ἡ
1021 3543 1129 3597 ἀπὸ
1147 3535 1241 3597 τοῦ
1262 3544 1441 3615 τοίχου
1473 3546 1562 3598 ἐπὶ
1587 3545 1685 3617 τὴν

140 3631 306 3704 πέτραν
339 3637 699 3705 μετάστασις.
735 3628 1013 3707 Περιτομὴ
1049 3636 1107 3687 ὲν
1140 3635 1219 3705 τῷ
1254 3636 1441 3709 τοίχῳ.
1471 3638 1565 3691 καὶ
1588 3655 1685 3691 πε-

143 3726 299 3798 ριτομὴ
326 3730 380 3782 ὲν
408 3733 473 3800 τῇ
504 3730 725 3799 πέτραν,
760 3726 1029 3798 πρόϐατον
1076 3728 1170 3780 καὶ
1203 3718 1495 3796 πρόϐατον,
1548 3723 1685 3798 αἷμα

139 3818 207 3869 καὶ
230 3813 390 3889 αἷμα,
430 3820 628 3890 πάσχα
665 3818 758 3872 καὶ
792 3819 1004 3890 πάσχα,
1030 3818 1123 3870 καὶ
1176 3818 1349 3870 πάντα
1392 3819 1577 3888 σχεδὸν
1610 3819 1683 3873 τὰ

139 3906 263 3971 αὐτὰ,
281 3912 366 3962 καὶ
382 3904 470 3964 διὰ
495 3910 614 3963 τῶν
637 3907 821 3961 αὐτῶν
848 3907 1091 3977 ἀλλήλων
1116 3903 1368 3976 ἐχόμενα,
1400 3906 1538 3976 πλὴν
1563 3908 1684 3960 ὅσον

138 3998 441 4073 πνευματικὴ
478 4002 581 4073 μὲν
616 4002 649 4070 ἡ
676 3999 850 4069 πέτρα
873 4037 887 4061 ,
915 3997 1097 4068 χοῖκδς
1121 3997 1164 4050 δ’
1199 3996 1227 4048 ὁ
1252 3999 1448 4066 τοῖχος,
1489 3991 1534 4064 ᾧ
1559 4013 1685 4049 συν-

137 4089 507 4142 αναπέπλασται
547 4084 616 4141 τὸ
657 4078 967 4155 σωματικὸν
1003 4083 1222 4151 γεῶδες.
1287 4082 1349 4134 Ἦ
1380 4082 1422 4135 δ’
1453 4082 1683 4149 εὐαγγε-

136 4172 231 4248 ὶικὴ
257 4178 420 4250 πέτρα
441 4220 456 4243 ,
487 4174 584 4232 τὸν
615 4172 867 4248 σαρκώδη
916 4174 1026 4227 τῶν
1050 4172 1335 4242 νοημάτων
1380 4166 1549 4240 πηλὸν
1586 4172 1685 4225 οὐκ

135 4265 240 4334 ἔχει.
274 4266 431 4323 Ἀλλά
455 4266 555 4324 καὶ
589 4266 887 4337 περιτομὴν
909 4264 1177 4335 λαμϐάνει
1200 4265 1228 4317 6
1256 4263 1559 4337 ἄνθρωπος,
1590 4262 1684 4315 καὶ

134 4356 230 4433 ἂος
260 4360 407 4432 ὑγιὴς
449 4356 631 4433 μένει,
670 4356 936 4429 μηδεμιᾶς
965 4353 1145 4423 λώϐης
1185 4352 1681 4423 ἀκροτηριαζούσης

1710 3135 1768 3193 (ὲ

1789 1898 1994 1959 bolicas
2051 1906 2474 1978 intelligentias,
2537 1925 2644 1963 non
2708 1909 2944 1980 amplius
3005 1926 3143 1981 opus
3200 1898 3363 1965 habet

1790 1997 2038 2062 veritate,
2100 2013 2221 2067 qua:
2279 1999 2488 2067 aperiat
2540 2011 2732 2069 operta
2781 2007 3176 2070 praeceptorum
3231 2000 3362 2052 aeni-

1787 2097 1989 2157 gmata.
2032 2087 2247 2143 Petram
2290 2098 2471 2145 autem
2508 2090 2738 2161 gratiam
2786 2090 3056 2145 nominari
3089 2090 3364 2160 evangeli-

1787 2190 1928 2240 cam,
1964 2194 2126 2233 nemo
2170 2179 2567 2235 contradixerit
2601 2193 2667 2236 ex
2706 2180 2773 2235 iis
2803 2180 2896 2250 qui
2934 2187 3061 2235 sunt
3086 2187 3363 2249 utcunque

1788 2266 1913 2321 ﬁdei
1965 2268 2266 2339 participes
2299 2285 2406 2325 :ex
2460 2270 2647 2326 multis
2691 2248 2837 2325 enim
2882 2270 3018 2326 locis
3066 2248 3363 2339 Scriptura:

1787 2359 1896 2414 dici
1945 2367 2126 2429 potest
2167 2367 2380 2431 petram
2432 2369 2557 2418 esse
2607 2356 2981 2435 Evangelium.
3029 2352 3185 2428 Quod
3231 2374 3361 2431 ergo

1786 2449 1988 2506 dicitur
2032 2460 2114 2509 est
2157 2454 2461 2524 ejusmodi:
2497 2440 2555 2508 Si
2602 2454 2656 2508 in
2694 2455 2812 2526 lege
2852 2454 3005 2512 fuisti
3038 2453 3357 2519 exercitata,

1787 2555 1821 2595 ο
1850 2543 2055 2609 anima,
2096 2550 2150 2598 et
2192 2557 2290 2613 per
2332 2543 2601 2600 fenestras
2652 2546 3005 2615 propheticas
3043 2544 3360 2614 splendores

1787 2642 1971 2685 mente
2009 2633 2295 2702 aspexisti,
2343 2648 2412 2687 ne
2463 2646 2688 2690 maneas
2737 2634 2971 2705 amplius
3017 2635 3120 2690 sub
3163 2633 3361 2689 umbra

1787 2710 1929 2774 muri
1961 2721 2182 2792 legalis;
2222 2737 2412 2778 murus
2436 2722 2579 2777 enim
2605 2723 2736 2778 facit
2772 2725 3021 2797 umbram
3046 2723 3358 2780 futurorum
3440 2728 3448 2735 '

1786 2812 2077 2878 bonorum,
2116 2826 2226 2867 non
2267 2813 2439 2883 ipsam
2470 2829 2652 2869 rerum
2694 2815 2985 2887 imaginem
3016 2835 3030 2872 :
3066 2816 3161 2873 sed
3192 2832 3259 2872 ex
3292 2832 3359 2872 eo

1786 2900 1934 2971 quod
1982 2912 2067 2957 est
2103 2918 2273 2974 prope
2328 2920 2544 2960 murum
2592 2907 2764 2963 transi
2808 2907 2876 2962 ad
2916 2917 3148 2977 petram.
3195 2898 3360 2964 Petra

1785 2993 1931 3047 enim
1964 3001 2049 3048 est
2078 2996 2384 3065 propinqua
2413 2999 2824 3069 propugnaculo
2862 3013 2958 3069 seu
2987 2999 3313 3053 antemurali
3340 3018 3356 3053 :

1785 3086 2229 3156 quandoquidem
2272 3087 2357 3142 lex
2391 3087 2493 3143 fuit
2541 3092 3008 3160 propugnaculum
3060 3105 3156 3147 seu
3202 3100 3359 3147 ante-

1786 3177 1994 3232 murale
2026 3176 2148 3233 ﬁdei
2190 3178 2557 3249 evangelicae:
2584 3187 2638 3235 et
2679 3181 2785 3236 sibi
2812 3182 2955 3237 inter
2983 3197 3043 3239 se
3079 3183 3360 3239 cohaerent

1784 3265 2062 3338 dogmata,
2119 3277 2179 3323 ut
2226 3282 2347 3349 qua:
2397 3270 2599 3326 virtute
2652 3280 2781 3326 sunt
2822 3272 3149 3343 propinqua.
3213 3272 3359 3341 Quid

1784 3359 1927 3412 enim
1976 3368 2268 3430 praecepto,
2302 3356 2426 3415 Non
2463 3359 2827 3427 maechaberis,
2862 3369 2945 3418 est
2975 3364 3356 3435 propinquius.

1788 3445 1911 3502 Non
1949 3451 2326 3518 concupisces?
2355 3457 2409 3505 et
2436 3459 2729 3522 praecepto,
2760 3452 2902 3522 quod
2932 3451 3088 3522 jubet
3119 3468 3179 3510 se
3210 3455 3360 3509 carie

1785 3556 1893 3597 non
1938 3540 2336 3608 contaminare,
2378 3558 2564 3619 quam,
2591 3560 2660 3599 ne
2708 3543 2789 3599 ira
2833 3544 3054 3615 quidem
3087 3561 3183 3602 cor
3214 3547 3358 3601 inﬁ-

1784 3635 1948 3691 cere?
1969 3633 2237 3701 Quoniam
2270 3649 2401 3704 ergo
2429 3635 2668 3690 cohaeret
2700 3636 3114 3705 propugnaculo
3143 3645 3357 3705 tegmen

1784 3734 1971 3797 petrae,
2001 3732 2083 3781 est
2111 3724 2210 3780 tibi
2245 3725 2585 3780 indubitatus
2615 3723 2883 3781 transitus
2913 3738 2944 3779 a
2982 3739 3141 3779 muro
3166 3724 3233 3778 ad
3264 3740 3358 3795 pe-

1785 3824 1946 3874 tram.
1981 3805 2343 3872 Circumcisio
2367 3822 2452 3871 est
2488 3816 2542 3869 in
2569 3830 2749 3878 muro,
2795 3825 2850 3870 et
2878 3813 3234 3870 circumcisio
3268 3821 3356 3869 est

1784 3909 1841 3962 in
1880 3915 2056 3978 petra,
2088 3908 2207 3963 ovis
2241 3912 2296 3962 et
2334 3906 2477 3971 ovis,
2516 3906 2743 3975 sanguis
2772 3913 2828 3960 et
2862 3905 3107 3976 sanguis.
3146 3906 3350 3975 pascha

1784 4007 1839 4054 et
1872 3999 2096 4069 pascha,
2128 4006 2183 4052 et
2226 3998 2415 4053 eadem
2456 3996 2569 4052 fere
2606 3996 2813 4061 omnia,
2853 3996 2956 4052 sibi
2991 3995 3223 4052 invicem
3258 4008 3356 4050 co-

1784 4091 2070 4154 haerentia,
2114 4090 2220 4145 nisi
2251 4088 2395 4159 quod
2443 4097 2598 4159 petra
2649 4088 2871 4159 quidem
2901 4097 2986 4145 est
3028 4087 3352 4159 spiritualis,

1785 4197 1977 4237 murus
2004 4188 2184 4235 autem
2224 4184 2310 4236 est
2349 4188 2626 4241 terrenus,
2658 4178 2804 4248 quod
2841 4176 3007 4234 simul
3058 4191 3184 4232 cum
3226 4191 3353 4231 cor-

1783 4260 1957 4345 poi-ali
1987 4281 2263 4328 terrenum
2310 4286 2527 4341 quoque
2562 4278 2648 4325 est
2677 4268 2931 4323 eﬁictum.
2973 4262 3131 4322 Petra
3168 4273 3352 4321 autem

1782 4364 2097 4435 evangelica
2128 4377 2236 4418 non
2274 4361 2438 4416 habet
2469 4360 2690 4414 carnale
2727 4360 2899 4412 lutum
2935 4355 3350 4413 sententiarum.

132 4447 180 4501 τδ
208 4451 415 4522 πλάσμα
442 4454 545 4523 τῆς
577 4444 813 4519 φύσεως.
846 4446 958 4501 Καὶ
981 4445 1243 4515 φυλάσσει
1273 4446 1330 4496 ὲν
1355 4444 1420 4516 τῇ
1452 4443 1559 4495 τῶν
1587 4460 1680 4497 κα-

1788 4450 2089 4523 Quinetiam
2139 4453 2338 4523 accipit
2376 4451 2542 4505 homo
2576 4448 3074 4511 circutncisionem.
3110 4454 3165 4502 et
3205 4452 3354 4500 totus

133 4541 223 4596 κῶν
258 4538 492 4615 ἀπραξίᾳ
538 4540 603 4595 τὸ
641 4538 938 4601 Σάϐϐατον,
980 4536 1073 4589 καὶ
1118 4530 1215 4605 τὴν
1250 4534 1380 4605 πρὸς
1421 4526 1480 4585 τὸ
1517 4532 1680 4585 καλὸν

131 4634 294 4702 ἀργίαν
313 4635 371 4689 οὺ
396 4627 793 4705 παραδέχεται,
816 4627 1000 4700 μαθὼν
1025 4629 1104 4681 ὅτι
1127 4626 1301 4691 ἔξεστι
1323 4625 1398 4695 τῷ
1423 4624 1680 4695 Σαϐϐάτῳ

133 4725 267 4781 καλὸν
292 4731 486 4790 ποιεῖν,
520 4727 619 4779 καὶ
646 4723 954 4791 ἀδιάκριτον
979 4722 1209 4773 ποιεῖται
1232 4717 1329 4786 τῆς
1354 4716 1556 4786 τροφῆς
1585 4714 1681 4784 τὴν

134 4819 413 4883 μετουσίαν,
462 4818 564 4871 καὶ
601 4814 910 4884 ἀκαθάρτου
942 4812 1039 4881 οὐχ
1086 4808 1335 4863 ἅπτεται.
1374 4807 1540 4860 Οὐδὲν
1575 4806 1682 4875 γάρ

131 4907 218 4960 τῶν
234 4909 628 4981 εἰσερχομένων
651 4906 737 4959 διὰ
759 4904 853 4958 τοῦ
881 4904 1144 4973 στόματος
1166 4901 1342 4953 κοινὸν
1366 4895 1500 4951 εἶναι
1533 4899 1682 4969 παρά

129 4996 207 5065 τῆς
231 5002 430 5071 πέτρας
457 4992 779 5053 παιδεύεται
800 5012 813 5027 °
846 4990 983 5050 ἀλλά
1012 4994 1098 5047 διὰ
1123 4994 1338 5046 πάντων
1366 4991 1465 5055 τὰς
1497 5008 1684 5062 σωμα-

130 5087 260 5151 τικὰς
289 5088 382 5141 τοῦ
417 5086 593 5159 νόμου
639 5087 1050 5158 παρατηρήσεις
1078 5080 1388 5153 ἀποθεμένη
1406 5121 1433 5145 ,,
1455 5082 1588 5152 πρὸς
1626 5082 1685 5134 τὸ

1782 4561 1952 4603 sanus
1978 4553 2281 4614 permanet,
2309 4542 2565 4612 figmento
2586 4548 2794 4594 natura:
2818 4537 3025 4594 nullam
3048 4535 3354 4606 accipiente

1783 4636 2207 4692 mutilationem.
2250 4631 2518 4689 Observat
2558 4646 2777 4702 quoque
2808 4628 3104 4684 Sabbatum
3137 4640 3165 4681 a
3193 4627 3352 4684 malis

1781 4727 2129 4790 cessatione,
2193 4734 2248 4780 et
2309 4739 2420 4780 non
2495 4720 2734 4778 admittit
2796 4720 3037 4792 quietem
3092 4732 3123 4773 a
3168 4718 3351 4784 bonis,

1783 4833 1909 4873 cum
1951 4815 2206 4872 didicerit
2236 4815 2381 4884 quod
2423 4806 2666 4870 Sabbato
2717 4813 2845 4868 licet
2893 4811 3097 4866 bonum
3149 4807 3351 4864 facere.

1782 4908 1936 4964 Facit
1974 4908 2135 4963 etiam
2186 4908 2557 4964 indistinctam
2592 4905 2702 4961 cibi
2755 4901 3257 4976 participationem.
3296 4908 3355 4955 et

1780 4996 2122 5052 immundum
2186 5011 2297 5051 non
2349 4995 2543 5067 tangit.
2595 4994 2767 5050 Docet
2804 4994 2952 5050 enim
3003 5003 3157 5063 petra
3214 4991 3353 5046 nihil

1779 5102 1902 5141 esse
1934 5084 2273 5140 immundum
2305 5100 2370 5141 ex
2406 5085 2473 5141 iis
2496 5099 2617 5155 quas
2645 5100 2740 5156 per
2768 5098 2831 5139 os
2859 5082 3242 5154 ingrediuntur
3262 5081 3308 5114 "'
3334 5097 3350 5135 :

130 5178 476 5250 πνευματικόν
501 5198 565 5235 τε
593 5168 688 5233 καὶ
719 5177 905 5250 νοητὸν
940 5174 1343 5247 μεταλαμϐάνει
1370 5173 1478 5227 τῶν
1509 5174 1685 5245 ῥημά-

1788 5178 1875 5231 sed
1905 5177 2283 5246 corporalibus
2317 5177 2542 5231 omnino
2585 5175 2805 5247 rejectis
2849 5172 3351 5233 observationibus,

129 5283 217 5320 των
251 5273 344 5342 τὴν
393 5269 658 5332 διάνοιαν,
702 5269 875 5334 οὕτως
910 5268 1151 5331 εἰπόντος
1181 5258 1274 5319 τοῦ
1306 5265 1545 5327 Παύλου,
1599 5266 1679 5318 ὅτι

139 5356 189 5411 '0
212 5362 389 5431 νόμας
431 5363 835 5433 πνευματικός
857 5361 1048 5413 ἐστιν.
1097 5361 1153 5412 Ὀ
1182 5358 1290 5427 γὰρ
1320 5357 1486 5419 ὅντως
1514 5356 1679 5410 ἐκϐα-

129 5448 218 5502 λὼν
247 5453 333 5507 τὸν
357 5454 552 5526 νόμον,
586 5450 689 5508 ὑπὸ
716 5453 815 5521 τὴν
846 5450 1052 5520 σκέπην
1085 5449 1185 5518 τῆς
1218 5446 1573 5517 εὐαγγελικῆς
1600 5449 1682 5515 γί-

132 5556 257 5595 νεται
282 5545 493 5618 πέτρας
513 5586 528 5608 .
560 5546 653 5618 τὴν
685 5538 950 5617 ἐχομένην
981 5542 1074 5596 τοῦ
1124 5537 1431 5611 σωματικοῦ
1467 5556 1682 5611 προτειι

130 5634 394 5706 linum.

1783 5269 2025 5324 traducit
2054 5268 2348 5323 verborum
2402 5269 2729 5324 scntentiam
2763 5267 2830 5321 ad
2883 5267 2935 5320 id
2976 5264 3123 5336 quod
3161 5272 3245 5319 est
3278 5263 3353 5316 in.

1786 5379 2129 5433 corporeum,
2177 5371 2232 5419 et
2262 5363 2407 5432 quod
2442 5362 2589 5418 cadit
2636 5360 2740 5417 sub
2780 5360 3221 5429 intelligentiam,
3267 5356 3351 5412 sic

1786 5452 2001 5507 dicente
2034 5448 2223 5516 Paulo,
2258 5452 2365 5507 Lex
2394 5460 2472 5507 est
2511 5449 2892 5520 spiritualis”.
2930 5446 3064 5503 Nam
3097 5447 3190 5518 qui
3222 5459 3350 5499 vere

1793 5542 1962 5612 legem
1988 5544 2167 5612 ejecit,
2203 5546 2248 5599 is
2288 5545 2390 5598 sub
2420 5553 2629 5614 tegmen
2659 5551 2826 5614 petra:
2848 5539 3174 5611 evangelicae
3205 5536 3348 5590 rcci-

1796 5634 1962 5702 pitur,
2011 5648 2133 5704 quae
2184 5642 2267 5691 cst
2303 5634 2548 5706 proxima
2605 5631 2875 5703 corporali
2914 5623 3345 5700 propugnaculo.

190 5747 228 5777 "
266 5738 410 5803 Psal.
478 5767 570 5816 ω’,
618 5753 671 5808 8.
747 5752 791 5784 θ’
857 5747 1047 5804 Matth.
1103 5763 1190 5809 xv,
1250 5745 1339 5802 18.
1384 5744 1459 5813 t”
1523 5743 1678 5801 Rom.
1741 5761 1836 5813 vn,
1876 5744 1955 5800 li.
