3928 6196
550 5710 581 5731 ια

604 349 706 407 879
806 366 814 377 ‘

1847 339 1902 394 S.
1935 334 2257 392 GREGORII
2291 333 2580 391 NYSSENI

3657 352 3733 408 880

676 466 807 517 cum
843 459 1083 514 Verbum
1117 462 1193 515 sic
1220 461 1268 514 ei
1308 461 1596 516 clamasset
1622 474 1716 530 per
1742 458 2026 517 fenestras,
2056 454 2175 524 pul-

2349 455 2529 507 Ταῦτα
2557 455 2647 508 τοῦ
2681 455 2850 523 Λόγου
2879 455 2963 509 διὰ
2992 456 3095 509 τῶν
3128 456 3341 525 θυρίδων
3369 460 3488 532 αὑτῇ
3506 464 3737 535 ἐμϐοῆσαν.

604 554 734 608 clire
766 553 1060 620 respondet
1091 552 1364 618 columba,
1403 551 1706 604 illuminata
1756 549 2050 619 splendore
2088 546 2171 597 in-

606 643 1051 711 telligentiarum,
1097 652 1148 695 et
1181 653 1383 710 petram
1416 642 1721 711 intelligens
1762 655 1883 709 qua:
1918 648 2001 692 est
2028 638 2176 690 Chri-

608 742 748 790 stus.
777 732 914 785 Dicit
966 732 1108 786 enim
1148 752 1159 785 :
1201 731 1427 786 Ostende
1474 733 1601 784 mihi
1644 732 1833 800 faciem
1891 739 2057 793 tuam,
2126 737 2223 817 et/

2276 562 2394 608 τος,
2430 545 2610 609 καλῶς
2657 547 3012 619 ἀποκρίνεται
3060 550 3093 619 ἡ
3139 552 3432 621 περιστερὰ,
3474 555 3737 625 ὴπεριλαμ-

2277 635 2470 703 φθεῖσα
2500 636 2587 689 διὰ
2610 637 2707 707 τῆς
2732 638 2839 689 τῶν
2866 638 3153 708 νοημάτων
3181 639 3359 711 αὐγῆς,
3383 643 3466 695 καὶ
3492 644 3572 713 τὴν
3590 647 3744 717 πέτριν

2276 729 2535 798 νοήσασα,
2556 730 2677 799 ἥτις
2701 727 2856 783 ἐστὶν
2870 730 2897 781 6
2916 730 3167 800 Χριστός.
3194 730 3346 799 Λέγει
3369 732 3571 803 γὰρ,ὄτι
3592 739 3749 801 Δεῑξιῖν

608 824 695 892 [ac
725 839 805 877 me
840 823 1024 875 audire
1056 838 1226 876 vocem
1251 832 1418 875 tuam.
1461 822 1569 876 Vox
1595 824 1733 875 enim
1767 833 1856 874 tua
1879 832 1956 875 est
1979 820 2172 881 dulcis,

2279 836 2369 886 μοι
2397 819 2512 886 τὴν
2543 821 2685 889 ὄψιν
2716 838 2853 884 σου,
2889 822 2985 875 καὶ
3014 822 3332 875 ἀκούτισόν
3353 840 3443 893 μοι
3471 825 3570 893 τὴν
3593 833 3752 898 φωνήν·

605 924 655 970 et
694 915 857 984 [acies
909 925 997 966 tua
1034 913 1247 967 decora.
1297 913 1454 979 Quod
1494 921 1675 967 autem
1726 913 1856 967 dicit
1898 921 1979 965 est
2028 911 2174 977 ejus-

605 1008 752 1062 modi
784 1026 798 1061 :
830 1006 945 1059 Non
1000 1006 1233 1075 amplius
1276 1005 1405 1058 mihi
1453 1006 1670 1074 loquere
1717 1020 1810 1074 per
1856 1018 2167 1059 sermonem

604 1099 1053 1153 documentorum
1089 1099 1532 1169 propheticorum
1566 1105 1620 1151 et
1663 1098 1943 1167 legalium,
1983 1096 2075 1150 sed
2116 1104 2173 1147 ut

602 1205 827 1260 possum
873 1188 1077 1250 videre,
1118 1189 1191 1242 ita
1233 1190 1466 1258 teipsum
1506 1189 1636 1243 mihi
1689 1196 1875 1257 aperte
1923 1185 2171 1247 ostende,

602 1292 662 1335 ut
693 1282 795 1336 sim
832 1281 973 1334 intra
1006 1289 1209 1351 petram
1254 1282 1643 1350 evangelicam,
1680 1281 1872 1335 relicto
1916 1279 2049 1349 legis
2077 1295 2172 1332 an-

602 1374 874 1435 temurali,
909 1382 1025 1438 aut,
1060 1380 1116 1425 ut
1156 1389 1287 1428 mete
1317 1374 1541 1442 capiunt
1582 1387 1764 1431 aures,
1808 1371 1882 1423 ita
1910 1370 2170 1433 concede,

604 1473 663 1515 ut
715 1478 820 1517 vox
872 1470 963 1516 tua
1017 1463 1153 1518 meis
1200 1465 1425 1517 auribus
1482 1465 1717 1517 insonet.
1776 1460 1833 1514 Si
1876 1460 2021 1513 enim
2071 1475 2173 1511 vox

601 1566 723 1620 qua:
753 1550 1022 1604 emittitur
1049 1566 1144 1620 per
1176 1549 1446 1606 fenestras
1481 1558 1565 1605 est
1600 1550 1733 1603 adeo
1763 1549 1963 1610 dulcis,
2003 1548 2174 1600 multo

603 1643 777 1714 magis
815 1654 904 1696 tua
961 1644 1013 1696 in
1066 1654 1363 1712 conspectu
1414 1644 1703 1713 praesentia
1754 1642 1858 1697 erit
1897 1639 2169 1695 amabilis.

603 1732 727 1788 llaec
776 1734 910 1787 dicit
963 1748 1186 1803 sponsa,
1259 1748 1382 1786 cum
1440 1733 1798 1788 intellexisset
1850 1730 2171 1802 mysterium

602 1825 746 1895 quod
778 1833 862 1879 est
891 1825 944 1878 in
980 1832 1130 1893 petra
1160 1826 1492 1894 evangelica,
1528 1824 1593 1879 ad
1630 1825 1773 1895 quod
1805 1840 1922 1879 eam
1952 1822 2175 1877 deduxit

609 1914 866 1973 Verbum,
893 1913 1039 1983 quod
1083 1913 1436 1967 multifariam
1470 1915 1767 1984 multisque
1794 1913 1975 1968 modis
2006 1912 2176 1967 exsti-

605 2006 669 2058 tit
707 2005 761 2058 in
796 2003 1086 2067 fenestris;
1117 2016 1170 2059 et
1202 2014 1415 2066 tenetur
1442 2005 1715 2060 desiderio
1750 2004 1873 2074 ejus
1908 2003 2176 2057 adventus

604 2098 660 2151 in
700 2105 885 2157 carne,
927 2112 1122 2166 nempe
1152 2104 1211 2149 ut
1249 2096 1483 2151 Verbum
1535 2097 1625 2150 fiat
1656 2112 1807 2157 caro.
1853 2102 1908 2150 et
1937 2094 2080 2149 Deus
2122 2094 2175 2146 in

603 2200 770 2242 carne
817 2196 1095 2256 appareat,
1135 2193 1188 2242 et
1225 2186 1438 2241 divinas
1480 2202 1644 2242 voces
1696 2187 1905 2242 nostris
1951 2186 2176 2240 auribus

602 2275 894 2339 exhibeat,
953 2291 1074 2345 qua:
1135 2275 1317 2347 dignis
1373 2278 1702 2347 promittunt
1754 2277 2174 2331 beatitudinem.

603 2363 771 2421 Vides
810 2365 1271 2436 quemadmodum
1300 2375 1429 2422 voto
1468 2384 1685 2438 sponsa
1717 2369 2054 2424 conveniunt
2080 2384 2177 2423 vo-

604 2470 695 2510 ces
727 2455 1031 2519 Simeonis,
1066 2455 1222 2511 Nunc
1250 2457 1474 2513 dimittis
1503 2476 1708 2514 servum
1737 2472 1906 2525 tuum,
1933 2461 2173 2523 Domine,

603 2547 889 2600 secundum
951 2546 1158 2601 verbum
1220 2557 1364 2601 tuum
1427 2550 1480 2604 in
1531 2567 1679 2620 pace.
1740 2552 1881 2619 Quia
1935 2552 2175 2606 viderunt

604 2638 745 2693 oculi
791 2640 891 2693 mei
934 2640 1173 2695 salutare
1228 2649 1375 2693 tuum
1402 2641 1442 2693 ¹.
1484 2642 1579 2697 Ille
1622 2644 1766 2698 enim
1808 2644 1943 2698 vidit
1972 2646 2174 2715 ipsum,

604 2738 666 2785 ut
698 2730 1029 2787 desideravit
1076 2731 1283 2789 videre.
1337 2733 1555 2789 Dulcem
1606 2744 1787 2790 autem
1834 2736 1956 2805 ejus
1987 2753 2176 2792 vocem

605 2828 931 2891 agnoscunt,
965 2821 1056 2891 qui
1104 2831 1436 2893 acceperunt
1464 2825 1695 2892 gratiam
1748 2826 2048 2898 Evangelii,
2084 2831 2176 2898 qui

604 2912 881 2975 dixerunt.
933 2913 1103 2968 Verba
1138 2915 1258 2970 vita:
1291 2927 1502 2971 ωιενηαῖ
1535 2918 1753 2973 habes’.

675 3178 968 3249 Propterea
1014 3178 1222 3248 justum
1256 3195 1473 3250 sponsa:
1501 3190 1682 3237 votum
1715 3184 1948 3252 suscipit
2003 3200 2172 3253 purus

605 3285 865 3341 sponsus,
916 3276 970 3325 et
1020 3270 1265 3340 seipsum
1300 3279 1487 3342 aperte
1523 3281 1875 3337 ostensurus,
1933 3275 2171 3346 primum

605 3362 797 3417 incitat
822 3369 1112 3417 venatores
1160 3363 1228 3417 ad
1263 3363 1537 3419 venandas
1569 3366 1780 3434 vulpes,
1827 3381 1895 3420 ne
1944 3368 2176 3435 amplius

604 3453 675 3508 ab
699 3454 779 3510 eis
808 3452 1137 3521 impediatur
1154 3454 1331 3518 vinea,
1365 3471 1475 3525 quo
1496 3455 1675 3510 minus
1700 3455 1914 3519 ﬂoreat,
1945 3456 2135 3513 dicens
2160 3475 2172 3510 :

607 3541 793 3613 Capite
817 3541 965 3598 nobis
1004 3543 1199 3612 vulpes,
1231 3562 1347 3615 qua:
1381 3556 1502 3601 sunt
1523 3546 1728 3616 quidem
1763 3565 1960 3617 parum,
1994 3548 2177 3601 demo-

607 3631 809 3685 liuntur
858 3640 1032 3686 autem
1070 3634 1266 3698 vineas.
1314 3634 1606 3689 Florebunt
1650 3637 1794 3691 enim
1830 3637 2020 3701 vineae,
2049 3636 2093 3691 si
2116 3652 2178 3691 ea

606 3722 890 3787 tollantur,
930 3739 959 3776 a
984 3725 1185 3795 quibus
1223 3734 1529 3781 vastantur.
1590 3727 1773 3796 Capite
1809 3728 1957 3783 nobis
2001 3727 2179 3796 vulpes

2275 924 2411 963 σου·
2444 910 2532 963 ὅτι
2554 912 2592 977 ἠ
2623 911 2791 980 φωνή
2818 926 2935 966 σου
2983 912 3173 979 ἡδεῖα,
3196 913 3290 966 καὶ
3318 913 3446 981 ὄψις
3469 929 3570 968 σου
3596 918 3751 984 ὡραία.

2275 1002 2348 1053 Τὸ
2380 1002 2435 1054 δὲ
2471 1002 2763 1072 λεγόμενον
2792 1003 3031 1056 τοιοῦτόν
3064 1003 3198 1056 ἐστι·
3236 1005 3434 1074 Μηκέτι
3462 1010 3540 1075 μοι
3562 1007 3753 1075 διαλέγου

2273 1092 2362 1145 διὰ
2405 1092 2511 1145 τῶν
2549 1095 2901 1163 προφητικῶν
2947 1112 3006 1146 τε
3051 1096 3147 1147 καὶ
3192 1095 3419 1164 νομικῶν
3464 1098 3757 1167 αἰνιγμάτων,

2275 1183 2391 1235 ἀλλ’
2443 1185 2519 1246 ὼς
2582 1184 2709 1237 ἰδεῖν
2757 1184 3026 1256 δύναμαι,
3078 1184 3221 1238 οὕτω
3274 1187 3360 1256 μοὶ
3410 1184 3563 1251 δεῖξον
3612 1187 3759 1240 σαυτὸν

2275 1273 2553 1342 ἐμφανῶς,
2575 1274 2662 1326 ἴνα
2682 1274 2831 1337 ἐντὸς
2854 1274 3098 1345 γένωμαι
3121 1275 3218 1344 τῆς
3240 1275 3570 1346 εὑαγγελικῆς
3586 1276 3763 1346 πέτρας,

2274 1361 2644 1415 καταλιποῦσα
2674 1362 2734 1414 τὸ
2772 1362 2866 1414 τοῦ
2905 1363 3068 1433 νόμου
3103 1364 3469 1435 προτείχισμα·
3498 1365 3579 1417 καὶ
3600 1364 3662 1427 ὡς
3682 1383 3764 1434 χω-

2277 1454 2361 1520 ρεῖ
2384 1453 2417 1521 ἡ
2448 1451 2584 1521 ἀκοή
2612 1443 2737 1519 μου,
2769 1450 2912 1504 οὕτω
2941 1452 3029 1515 δὺς
3061 1453 3161 1524 τὴν
3186 1454 3365 1524 φωνήν
3397 1470 3482 1506 σου
3510 1455 3561 1505 ἒν
3585 1456 3677 1517 τοῖς
3693 1454 3769 1505 ὠσί

2279 1558 2380 1609 μου
2408 1542 2681 1606 γενέσθαι.
2713 1544 2775 1595 Ei
2804 1543 2912 1614 γὰρ
2944 1546 2978 1615 ὴ
3018 1544 3107 1597 διὰ
3146 1545 3253 1598 τῶν
3276 1544 3490 1617 θυρίδων
3518 1543 3648 1615 φωνὴ
3675 1562 3771 1597 ros»

2275 1632 2428 1686 οὖτόν
2467 1636 2612 1687 ἐστιν
2663 1634 2816 1704 ἡδεῖα
2837 1675 2852 1697 ,
2902 1637 3036 1689 πολὺ
3075 1637 3275 1706 μᾶλλον
3312 1637 3345 1705 ἡ
3380 1635 3513 1688 κατὰ
3541 1635 3775 1707 πρόσωπόν
3866 1676 3867 1687 η

2281 1742 2373 1779 σου
2399 1727 2670 1797 ὲμφάνεια
2688 1727 2748 1779 τὸ
2768 1728 3031 1798 ἐράσμιον
3051 1729 3184 1792 ἕξει.
3210 1728 3391 1782 Ταῦτα
3409 1729 3546 1797 λέγει
3565 1728 3594 1798 ἡ
3613 1727 3772 1798 νύμφη.

2250 1868 2259 1873 .
2279 1818 2519 1887 νοήσασα
2541 1818 2601 1870 τὸ
2621 1819 2761 1872 κατὰ
2787 1819 2886 1888 τὴν
2909 1819 3272 1890 εὐαγγελικὴν
3300 1820 3493 1890 πέτραν
3520 1819 3775 1890 μυστήριον,

2278 1912 2360 1974 εἰς
2391 1912 2526 1980 ὅπερ
2555 1909 2722 1981 αὐτὴν
2741 1912 2771 1963 ό
2796 1910 3117 1982 πολυμερῶς
3147 1913 3242 1964 καὶ
3275 1911 3605 1983 πολυτρόπως
3627 1912 3674 1962 ὲν
3691 1911 3779 1971 ταῖς

2280 1999 2459 2070 θυρίσι
2490 1999 2781 2070 γενόμενος
2816 2000 2985 2068 Λόγος
3051 2000 3477 2073 ὲχειραγώγησε·
3508 2000 3593 2052 καὶ
3618 2002 3665 2052 ὲν
3689 1999 3777 2049 ἐπι·

2280 2087 2447 2159 θυμία
2491 2089 2781 2158 γεγένηται
2813 2090 2913 2160 τῆς
2962 2089 3049 2143 διὰ
3083 2091 3289 2161 σαρκὸς
3334 2090 3655 2158 θεοφανείας,
3680 2088 3781 2141 ὥστε

2278 2180 2369 2232 τὸν
2401 2181 2570 2249 Λόγον
2595 2180 2848 2249 γενέσθαι
2896 2182 3102 2253 σάρκα,
3139 2184 3240 2236 καὶ
3277 2183 3370 2236 τὸν
3412 2182 3535 2236 Θεὸν
3573 2184 3623 2233 ὲν
3663 2182 3783 2252 σαρκὶ

2281 2286 2413 2337 φανε
2425 2270 2683 2340 ρωθῆναι,
2720 2271 2812 2323 καὶ
2842 2271 3188 2343 παραθέσθαι
3213 2276 3333 2337 ταῖς
3362 2274 3542 2337 ἀκοαῖς
3563 2273 3695 2343 ἡμῶν
3716 2273 3785 2332 τὰς

2280 2360 2431 2422 θείας
2457 2361 2637 2429 φωνὰς
2665 2362 2762 2425 τὰς
2788 2363 3269 2434 ὲπαγγελλομένας
3287 2368 3396 2427 τοῖς
3411 2365 3568 2429 ἀξίοις
3588 2365 3671 2436 τὴν
3690 2363 3786 2415 αἰὼ-

2279 2468 2389 2504 νιον
2428 2455 2831 2525 μακαριότητα.
2860 2455 2985 2515 Πῶς
3010 2454 3066 2508 δὲ
3102 2456 3459 2526 συμϐαίνουσι
3495 2459 3553 2526 τῇ
3587 2457 3697 2524 εὐχῇ

2281 2546 2497 2616 νύμφης
2523 2548 2579 2598 αἱ
2597 2548 2688 2600 τοῦ
2717 2547 3001 2615 Συμεῶνος
3019 2551 3220 2616 φωναὶ,
3239 2551 3297 2613 ὃς
3323 2567 3502 2620 φησιν·
3536 2549 3791 2607 Ἀπολύεις

2279 2637 2396 2691 νῦν
2421 2638 2529 2691 τὸν
2550 2638 2773 2692 δοῦλόν
2793 2656 2929 2705 σου,
2957 2640 3254 2702 Δέσποτα,
3278 2641 3427 2694 κατὰ
3459 2640 3521 2693 τὸ
3547 2637 3689 2706 ῥῆμὰ
3710 2652 3795 2688 σου

2279 2730 2348 2783 ἐν
2365 2728 2594 2797 ειρήνῃ.
2628 2730 2753 2783 Ὅτι
2771 2727 2936 2783 εἶδον
2948 2734 3001 2784 οἱ
3025 2733 3329 2801 ὀφθαλμοί
3340 2750 3457 2802 μου
3483 2731 3539 2783 τὸ
3558 2727 3797 2794 σωτήριόν

2280 2836 2417 2874 σου.
2456 2821 2559 2873 Ἴδε
2594 2822 2700 2890 γὰρ
2733 2823 2968 2884 ἐκεῖνος,
3010 2822 3085 2886 ὡς
3127 2824 3264 2876 ἰδεῖν
3315 2823 3636 2892 ὲπεπόθησεν
3676 2818 3795 2885 αὕτη.

2281 2913 2391 2981 Τὴν
2437 2911 2492 2964 δὲ
2542 2912 2724 2982 φωνὴν
2773 2912 2938 2963 αὑτοῦ
2985 2912 3082 2983 τὴν
3130 2914 3319 2984 ἡδεῖαν
3361 2916 3409 2967 oi
3447 2913 3701 2993 δεξάμενοι
3729 2907 3797 2958 τοῦ

2278 3005 2614 3072 Εὐαγγελίου
2661 3005 2757 3073 τὴν
2810 3006 2969 3075 χάριν
3016 3006 3493 3075 ἐπιγινώσκουσιν,
3520 3004 3567 3056 οἱ
3587 2994 3798 3053 εἰπόντες.

2203 3134 2245 3191 C
2282 3093 2363 3146 ὅτι
2405 3093 2665 3161 Ῥήματα
2701 3092 2848 3161 ζωῆς
2872 3094 3111 3147 αἰωνίου
3140 3095 3330 3164 ἔχεις.

2349 3185 2447 3237 Διὰ
2464 3184 2636 3238 ταῦτα
2658 3185 2870 3254 δέχεται
2890 3185 3052 3255 εὐχὴν
3084 3189 3189 3255 τῆς
3218 3187 3443 3256 νύμφης
3460 3183 3657 3241 δικαίαν
3680 3177 3804 3234 οὖσαν

2279 3276 2307 3328 6
2329 3274 2565 3344 καθαρὸς
2597 3275 2850 3345 νυμφίος.
2879 3277 2974 3329 καὶ
3014 3275 3232 3346 μέλλων
3262 3276 3529 3330 δεικνύειν
3553 3273 3717 3329 ἑαυτὸν
3735 3274 3805 3339 ἐμ-

2281 3366 2486 3435 φανῶς,
2520 3364 2735 3436 πρῶτον
2790 3366 2913 3426 τοὺς
2966 3363 3244 3433 θηρευτὰς
3276 3365 3536 3436 παρορμᾷ
3593 3361 3708 3434 πρὸς
3734 3357 3806 3425 τὴν

2281 3455 2455 3526 ἄγραν
2486 3455 2594 3507 τῶν
2628 3454 2946 3517 ἀλωπέκων,
2996 3454 3071 3517 ὡς
3103 3455 3312 3524 μηκέτι
3349 3455 3441 3507 τὸν
3474 3452 3737 3523 ἀμπελῶνα
3760 3447 3807 3498 δι’

2281 3546 2461 3599 αὐτῶν
2514 3546 2650 3616 πρὸς
2699 3546 2791 3598 τὸν
2832 3546 3145 3617 κυπρισμὸν
3193 3544 3610 3617 ἐμποδίζεσθαι,
3648 3538 3804 3606 λέγων

2283 3635 2544 3690 Πιάσατε
2593 3637 2743 3711 ἡμῖν
2795 3639 3145 3705 ἀλώπεκας.
3203 3640 3465 3709 μικροὺς
3507 3638 3618 3708 μὲν
3656 3636 3807 3691 ὄντας·

2281 3728 2718 3798 ἀφανισῖικοὺς
2744 3729 2813 3783 δὲ
2842 3729 2961 3783 τῶν
2980 3732 3380 3801 ἀμπελώνων.
3419 3730 3710 3800 Ἀνθήσουσι
3732 3721 3809 3790 γὰρ

605 3827 821 3880 parvas.
848 3829 963 3882 qua:
989 3812 1347 3868 demetiuntur
1378 3817 1575 3870 vineas.
1609 3815 1826 3871 Floreat
1855 3819 1992 3872 enim
2022 3818 2181 3871 vinea:

608 3912 822 3958 nostrae.
861 3903 1075 3960 Ficrine
1102 3915 1283 3975 potest
1310 3915 1368 3960 ut
1408 3924 1506 3978 pro
1527 3909 1792 3979 dignitate
1822 3924 2182 3979 assequamur

608 3993 947 4063 majestatem
971 3998 1481 4061 sententiarum,,et
1529 3998 1730 4054 divina:
1785 4001 2179 4070 magnitudinis

605 4083 932 4139 miraculum
967 4076 1116 4156 quod
1157 4090 1403 4144 continet
1432 4091 1632 4155 oratio,
1657 4100 1713 4145 et
1745 4099 2007 4161 quantam
2044 4092 2181 4146 divi-

605 4191 691 4232 na:
737 4176 959 4232 virtutis
992 4180 1367 4235 excellentiam
1422 4183 1693 4253 signiﬁcat
1753 4176 2176 4241 sensuseoru-m

2281 4185 2391 4239 τῶν
2414 4184 2733 4255 νοημάτων;
2785 4185 2951 4238 Ὅσον
2986 4184 3178 4255 θαῦμα
3207 4186 3315 4255 τῆς
3349 4185 3499 4248 θείας
3527 4174 3816 4253 μεγαλειότη-

605 4285 727 4343 quae
763 4271 909 4326 dicta
939 4282 1105 4339 sunt?
1141 4290 1332 4345 nempe
1353 4277 1807 4347 quemadmodum
1831 4281 1919 4335 ille
1969 4281 2036 4337 de
2071 4300 2176 4352 quo

2281 4295 2371 4341 τος
2394 4276 2636 4349 περιέχει
2675 4280 2704 4330 6
2737 4276 2930 4344 λόγοςς
2979 4277 3153 4348 Ὀσην
3179 4276 3446 4348 ἐμφαίνει
3474 4274 3571 4343 τῆς
3591 4267 3814 4335 δυνάμεως

604 4360 722 4416 haec
755 4360 1035 4428 dicuntur,
1067 4363 1358 4430 homicida,
1388 4368 1476 4436 qui
1513 4379 1704 4437 potens
1730 4377 1814 4424 est
1855 4369 1911 4424 in
1951 4372 2176 4440 malitia,

2281 4368 2374 4421 τοῦ
2413 4367 2547 4422 Θεοῦ
2595 4368 2693 4439 τὴν
2722 4366 3088 4439 ὑπερϐολὴν-ἡ
3135 4366 3256 4419 τῶν
3301 4364 3605 4437 εἰρημένων
3629 4358 3810 4413 διάνοιας

603 4450 764 4520 cujus
793 4451 975 4523 lingua
1008 4462 1268 4523 tanquam
1300 4457 1565 4512 novacula
1597 4468 1776 4524 acuta,
1805 4460 1873 4515 de
1902 4476 2012 4529 quo
2043 4460 2176 4515 dicit

2286 4459 2409 4523 Πῶς
2436 4460 2661 4522 ἐκεῖνος.
2688 4458 2815 4527 περὶ
2842 4451 2903 4512 οὗ
2929 4458 2998 4510 τὰ
3017 4456 3334 4529 τηλικαῦτα
3356 4457 3590 4523 λέγεται,
3613 4452 3639 4503 6
3660 4445 3810 4534 ἀνθροξ·

2281 3823 2336 3874 αί
2368 3822 2621 3891 ἄμπελοι,
2657 3823 2705 3874 εί
2736 3827 2933 3892 μηκέτι
2966 3823 3052 3893 εῖη
3078 3823 3151 3877 τὰ
3181 3824 3577 3895 λυμαινόμενα.
3608 3816 3813 3873 Πιιὶσατε

2282 3912 2429 3980 ’ἡμῖν
2463 3912 2778 3977 ἀλώπεκας
2803 3913 3094 3982 μικροὺς,
3146 3898 3551 3984 ἀφανίζοντας
3584 3907 3700 3972 τοὺς
3736 3903 3811 3969 ἀμ·

2283 4002 2579 4069 πελῶνας,
2608 4005 2705 4058 καὶ
2732 4008 2790 4058 αἱ
2816 4005 3072 4073 ἄμπελοι
3093 4004 3274 4074 ἡμῶν
3300 3988 3815 4073 κυπρίζουσιν.’Δρά

2282 4095 2399 4147 ἐστι
2430 4094 2653 4149 δυνατὸν
2696 4095 2813 4149 κατ’
2846 4095 3003 4160 ἀξίαν
3046 4096 3347 4165 ἐφικέσθαι
3373 4097 3470 4166 τῆς
3508 4085 3814 4164 μεγαλοφυῢξ

601 4540 893 4612 Propheta,
944 4541 1167 4615 Sagitta:
1218 4549 1443 4616 potentis
1503 4560 1675 4606 acuta
1704 4568 1821 4604 cum
1856 4552 2175 4607 carbonibus

602 4632 938 4689 desolatoriis
962 4634 1012 4702 ';
1044 4643 1120 4702 et,
1147 4635 1444 4693 Insidiatur
1466 4650 1720 4711 tanquam
1744 4642 1824 4697 leo
1850 4644 1905 4697 in
1927 4643 2176 4712 spelunca

602 4737 703 4777 sua
717 4723 760 4787 ⁵,
777 4724 951 4780 Draco
971 4726 1061 4782 ille
1079 4741 1332 4798 magnus,
1350 4724 1897 4794 apostata,infernus;
1938 4734 2176 4792 dilatans

602 4828 668 4868 os
695 4827 878 4880 suum,
937 4824 1121 4872 rector
1173 4818 1337 4890 hujus
1375 4821 1664 4877 mundana:
1700 4825 1989 4893 potestatis
2027 4834 2176 4882 tene-

604 4904 850 4968 brarum,
885 4906 977 4975 qui
1017 4902 1196 4963 'habet
1242 4910 1527 4980 imperium
1585 4916 1799 4980 mortis,
1834 4927 1883 4970 et
1917 4932 2177 4986 quaecun-

605 5008 713 5064 que
744 5009 810 5049 ex
833 5010 1064 5064 persona
1115 4998 1236 5064 ejus
1284 5012 1471 5056 narrat
1500 5005 1806 5073 prophetia.
1862 5006 1964 5073 Qui
2000 5008 2179 5063 aufert

603 5084 869 5141 terminos
910 5087 1174 5156 gentium,
1213 5105 1351 5158 quos
1381 5094 1704 5161 constituit,
1737 5112 1929 5167 nempe
1964 5096 2180 5153 Altissi-

606 5190 760 5241 mus,
798 5192 897 5248 pro
927 5194 1154 5235 numero
1177 5183 1490 5250 angelorum
1512 5200 1773 5254 suorum;
1805 5188 1894 5256 qui
1926 5203 2179 5259 compre-

608 5267 798 5323 hendit
832 5270 1017 5326 orbem
1050 5278 1209 5327 terra;
1242 5275 1382 5329 sicut
1410 5276 1618 5341 nidum,
1644 5286 1697 5332 et
1734 5293 1854 5331 eam
1885 5280 2026 5333 tollit
2054 5287 2177 5333 tan-

606 5373 771 5429 quam
790 5374 892 5415 ova
916 5360 1173 5419 derelicta
1193 5383 1207 5427 ;
1233 5369 1322 5437 qui
1351 5365 1483 5420 dicit
1510 5382 1569 5423 se
1591 5368 1895 5437 positurum
1921 5368 2178 5424 thronum

608 5463 770 5504 suum
804 5465 967 5521 super
994 5455 1170 5510 nubes
1192 5495 1206 5517 ,
1267 5461 1321 5510 et
1341 5450 1581 5504 futurum
1599 5450 1830 5508 similem
1859 5458 2175 5527 Altissimo,

606 5547 663 5595 et
694 5555 1035 5614 quaecunque
1069 5543 1349 5633 Scriptura
1387 5546 1552 5602 de-eo
1580 5551 1932 5627 persequitur
1969 5554 2024 5607 in
2050 5551 2175 5620 Job,

2285 4551 2561 4613 ποκτόνος,
2615 4552 2644 4604 6
2685 4552 2742 4603 ὲν
2789 4551 2957 4620 κακίᾳ
2992 4549 3223 4615 δυνατὸς
3246 4591 3261 4609 ,
3306 4543 3371 4604 οὗ
3413 4550 3448 4619 ἡ
3490 4543 3685 4615 γλῶσσα
3713 4530 3807 4587 ὡσεὶ

2284 4640 2443 4713 ξυρὸν
2458 4644 2792 4712 ἠκονημένον
2808 4641 2960 4713 [περὶ
2977 4636 3036 4694 οὗ
3059 4659 3197 4713 φησι
3220 4643 3252 4696 6
3275 4640 3589 4713 Προφήτης·
3616 4629 3677 4686 Τὰ
3688 4622 3806 4723 ﬂii-{’1

2281 4733 2388 4787 τοῦ
2433 4732 2696 4786 δυνατοῦ
2732 4733 3097 4805 ἠκονημένα]
3137 4734 3271 4788 σὺν
3301 4733 3433 4800 τοῖς
3458 4724 3680 4796 ἄνθραξι
3716 4733 3806 4775 τοῖς

2279 4826 2594 4896 ὲρημικοῖς-
2626 4827 2739 4887 καὶ,
2778 4825 3102 4895 Ἐνεδρεύει
3126 4827 3213 4891 ὡς
3247 4826 3414 4880 λέων
3443 4826 3513 4878 ἐν
3546 4819 3614 4887 τῆ
3629 4809 3806 4886 μάηθρβ

2284 4918 2491 4981 αὑτοῦ,
2526 4920 2554 4970 6
2594 4918 2841 4990 Δράκων,
2883 4919 2912 4969 6
2954 4916 3142 4986 μέγας,
3176 4919 3209 4970 ὁ
3243 4916 3583 4985 ἀποστάτης,
3610 4896 3806 4998 ὁᾷδηξνίδ

2286 5008 2569 5062 πλατύνων
2612 5009 2675 5062 τὺ
2717 5009 2890 5079 στόμα
2928 5007 3111 5071 αὑτοῦ,
3144 5011 3175 5061 6
3210 5008 3610 5079 κοσμοκράτωρ
3636 5001 3713 5067 τῆς
3738 4992 3802 5050 δέ’

2283 5100 2470 5163 ουσίας
2507 5099 2601 5152 τοῦ
2648 5099 2888 5165 σκότους,
2938 5104 2966 5154 6
3014 5100 3152 5171 ἔχων
3197 5101 3300 5155 τοῦ
3352 5103 3580 5156 θανάτου
3626 5094 3672 5147 τὸ
3704 5082 3805 5157 κΡά⁶

2282 5209 2412 5255 τος,
2483 5192 2576 5244 καὶ¹
2635 5192 2737 5244 ὅσα
2796 5194 2861 5246 ἐκ
2920 5191 3219 5261 προσώπου
3274 5192 3462 5246 αὐτοῦ
3521 5175 3808 5258 διηγεῖταιή

2284 5281 2606 5354 προφητεία.
2646 5282 2699 5335 Ὁ
2730 5280 3124 5353 ἀφαιρούμενος
3175 5283 3306 5353 ὅρια
3356 5282 3524 5336 ἐθνῶν
3566 5278 3599 5333 ἃ.
3642 5274 3809 5335 ἔστησε.

2284 5374 2526 5444 δηλονότι
2585 5374 2614 5426 6
2654 5372 2945 5442 ’Ύψιστος,
2996 5372 3117 5426 κατ’
3191 5373 3437 5444 ἀριθμὸν
3481 5368 3701 5436 ἀλλήλων
3735 5363 3814 5412 αὺο

2281 5464 2376 5518 τοῦ
2409 5503 2425 5529 ,
2490 5465 2518 5517 6
2582 5461 3008 5532 καταλαμϐάνων
3069 5461 3170 5531 τὴν
3226 5460 3554 5532 οἰκουμένην
3599 5454 3667 5516 ὡς
3710 5459 3816 5498 νος-

2287 5553 2429 5616 σιὰν,
2466 5553 2558 5607 καὶ
2603 5552 2679 5615 ὼς
2728 5550 3153 5622 καταλελειμένα
3215 5551 3306 5606 ibi
3401 5560 3570 5625 αἴρων
3599 5540 3735 5601 αὐτὰ·
3799 5537 3820 5583 ὁ

683 5716 707 5776 ‘.
739 5716 874 5775 Luc.
913 5735 972 5788 ιι,
994 5718 1086 5784 29,
1136 5720 1226 5776 50.
1300 5724 1320 5755 ²
1350 5719 1508 5778 Joan.
1537 5738 1613 5792 vr,
1647 5723 1735 5781 69.
1815 5727 1837 5760 ³
1870 5726 2018 5788 Psal.
2060 5743 2176 5786 σπι]

2281 5773 2294 5787 .
2371 5730 2394 5764 ⁸
2422 5729 2568 5785 Psal.
2603 5747 2658 5799 Χ,
2686 5729 2719 5784 9
2749 5744 2858 5784 sec.
2893 5724 3053 5781 licbr.
