3928 6196
166 321 244 379 881

1248 331 1635 395 ΙΝΕᾹΝΤῙΟΑ
1664 329 1934 387 (IANTIC.
1974 334 2260 391 HOMILIA
2305 332 2365 388 ι’.

3282 323 3389 382 882

164 439 316 506 λέγων
389 443 598 496 τιθέναι
666 446 851 499 ἐπάνω
905 446 1011 499 τῶν
1065 450 1302 518 νεφελῶν
1368 454 1457 505 τὸν
1530 453 1714 524 θρόνον

1829 467 1937 521 qua:
2008 454 2167 523 plane
2218 459 2348 509 sunt
2406 449 2693 511 terribilia.
2751 447 2909 517 cujus
2940 446 3107 500 latera
3168 441 3389 512 quidem

164 531 325 594 αὐτοῦ,
391 533 486 587 καὶ
540 536 721 604 ὅμοιος
777 535 1022 604 γίνεσθαι
1075 539 1445 612 τῷἽᾋίστῳ,
1484 545 1575 596 καὶ
1617 545 1715 595 ὅσα

148 624 210 675 -ὲν
230 622 430 693 τῷἸὼὸ
453 627 482 677 6
519 625 678 695 λόγος
704 629 830 699 περὶ
860 630 1023 682 αὐτοῦ
1044 631 1394 704 διεξέρχεται,
1421 635 1490 688 τὰ
1513 636 1716 705 φοϐερὰ

166 714 239 765 καὶ
267 713 529 787 φρικώδη,
574 712 634 770 οὗ
669 719 866 787 χαλκαῖ
894 720 993 790 μὲν
1037 723 1092 776 αί
1121 723 1373 794 πλευραὶ,
1420 726 1631 797 σίδηρος
1661 726 1715 778 δὲ

169 804 298 873 χυτος
330 806 361 874 ἡ
394 806 573 875 ῥάχις,
604 806 806 876 ἔγκατα
828 809 884 862 δὲ
917 809 1081 864 αὐτοῦ
1113 815 1381 885 σμυρίτης
1407 813 1550 877 λίθος
1576 832 1589 846 ⁶
1623 816 1716 867 καὶ

172 894 318 948 πάντα
362 896 606 960 τοιαῦτα,
653 899 720 952 δι’
761 893 835 952 ὧν
868 900 966 969 τὴν
1009 900 1245 972 φοϐερὰν
1288 901 1449 971 φύσιν
1502 905 1716 974 ἐκείνην

173 984 445 1055 ὑπογράφει
477 988 506 1039 6
555 985 733 1056 λόγος.
761 982 930 1052 Οὗτος
957 987 1049 1043 οὖν
1071 992 1098 1043 6
1122 991 1378 1055 τοιοῦτος,
1397 997 1424 1048 ὁ
1441 992 1716 1056 τοσοῦτος,

171 1078 498 1147 ὁστρατηγδς
528 1078 637 1131 τῶν
668 1082 724 1132 ὲν
754 1083 863 1144 τοῖς
890 1081 1106 1151 δαίμοσι
1132 1082 1432 1151 λεγεὼνων,
1463 1084 1576 1146 πῶς
1596 1086 1713 1137 ὀνο⁴

170 1167 368 1235 μὰζεται
402 1170 554 1240 παρὰ
582 1170 680 1239 τῆς
709 1170 970 1241 ἀληθινῆς
998 1189 1057 1225 τε
1083 1174 1176 1226 καὶ
1205 1174 1371 1243 μόνης
1399 1174 1714 1244 δυνάμεωςῖ

168 1254 345 1325 Μικρὸν
366 1254 692 1311 ἀλωπέκιον.
727 1260 835 1312 Καὶ
859 1261 907 1312 oi
937 1260 1065 1332 περὶ
1092 1262 1254 1314 αὐτὸν
1279 1263 1497 1328 πάντες,
1530 1265 1562 1332 ἡ
1587 1266 1717 1316 ὑπο-

171 1344 344 1415 χείριος
385 1347 537 1418 αὐτῷ
571 1347 818 1418 στρατιὰ,
865 1350 1065 1414 πάντες
1094 1352 1231 1404 κατὰ
1261 1352 1321 1404 τὸ
1356 1353 1467 1405 ἴσον
1506 1353 1714 1417 ἐξευτε-

171 1436 414 1500 λισθὲντες
466 1441 923 1509 κατονομάζονται
977 1443 1127 1513 παρὰ
1170 1442 1265 1496 τοῦ
1324 1445 1716 1515 παρορμῶντος

169 1524 283 1594 πρὸς
326 1527 423 1595 τὴν
459 1528 581 1581 κατ’
610 1530 788 1582 αὐτῶν
823 1530 997 1601 ἄγραν
1026 1534 1150 1595 τοὺς
1184 1532 1470 1604 θηρευτὰς.
1514 1531 1636 1588 Εἶεν
1659 1537 1715 1589 δὲ

168 1615 221 1666 ἂν
241 1611 375 1669 οὗτοι
400 1617 542 1689 τάχα
581 1620 681 1690 μὲν
714 1622 769 1674 αἱ
798 1622 1088 1690 ἀγγελικαὶ
1115 1624 1390 1694 δυνάμεις,
1420 1627 1478 1679 αἱ
1503 1628 1599 1698 τῆς
1633 1628 1715 1681 δε-

168 1708 401 1799 σποτικῆς
420 1711 722 1781 παρουσίας
743 1714 832 1765 ἐπὶ
849 1713 945 1785 τὴν
965 1715 1068 1785 γῆν
1090 1717 1599 1799 προπομπεύουσαι,
1619 1724 1714 1775 καὶ

1815 554 1944 598 sunt
1999 559 2168 607 aenea,
2228 558 2420 596 aurum
2475 549 2654 594 autem
2690 540 2847 594 fusile
2879 540 3070 608 spina;
3129 533 3392 591 intestina

1814 644 1992 689 autem
2015 636 2134 705 ejus
2188 636 2325 705 lapis
2358 634 2651 703 smyritcs:
2686 641 2740 685 ct
2761 644 3096 701 quaecunque
3121 633 3249 683 sunt
3284 625 3390 680 bu-

1809 724 2073 794 jusmodi,
2117 741 2211 793 per
2239 739 2358 794 qua:
2415 724 2713 776 terribilem
2774 722 2921 775 illam
2987 727 3237 773 naturam
3290 716 3389 770 de-

1813 815 2004 869 scribit
2036 814 2341 885 Scriptura.
2374 812 2471 866 llic
2505 826 2636 883 ergo
2669 813 2795 867 talis
2833 820 2888 866 et
2921 818 3111 863 tantus
3146 809 3390 876 impera-

1816 917 1899 959 tor
1934 906 2203 976 legionum
2231 907 2560 967 daemonum,
2593 900 3051 972 quemadmodum
3083 914 3114 951 a
3162 911 3288 953 vera
3338 902 3393 949 et

1814 997 1930 1051 sola
1961 1005 2227 1067 potestate
2256 996 2610 1051 nominatur?
2638 1009 2804 1063 parva
2835 994 3026 1062 vulpes
3065 1009 3077 1045 :
3110 1000 3163 1044 et
3201 1003 3393 1043 omnes

1815 1090 1907 1158 qui
1930 1102 2052 1143 eum
2075 1087 2506 1147 circumsistunt,
2530 1092 2582 1139 et
2612 1084 2903 1137 universus
2927 1081 3019 1151 qui
3041 1088 3124 1135 est
3144 1077 3248 1132 sub
3272 1075 3393 1144 ejus

1815 1184 2083 1250 potestate
2110 1179 2404 1238 exercitus.
2452 1190 2643 1230 omnes
2675 1190 2743 1228 ex
2780 1187 2938 1242 aequo
2972 1169 3253 1239 despectui
3289 1166 3392 1220 ba-

1816 1270 1913 1325 biti
1948 1269 2298 1335 nominantur
2331 1267 2631 1336 vulpeculae
2675 1265 2743 1319 ab
2789 1280 2853 1319 eo
2886 1263 2980 1333 qui
3009 1262 3199 1315 incitat
3226 1270 3395 1312 vena-

1815 1372 1961 1417 tores
1987 1362 2054 1415 ad
2082 1376 2178 1417 eos
2207 1362 2507 1415 venandos.
2542 1358 2577 1412 li
2613 1366 2793 1412 autem
2833 1356 2973 1411 forte
3004 1353 3205 1408 fuerint
3230 1363 3393 1418 ange-

1817 1453 1935 1506 licae
1970 1459 2293 1521 potestates,
2337 1465 2458 1521 qua:
2509 1451 2563 1504 in
2594 1449 2828 1504 adventu
2858 1445 3067 1501 Domini
3099 1445 3153 1497 in
3195 1451 3394 1496 terram

1814 1543 2088 1598 deducunt
2129 1543 2306 1612 ipsum
2359 1556 2537 1612 regem
2579 1540 2785 1610 glori-aa,
2832 1539 2889 1592 in
2924 1536 3187 1591 mundum
3226 1530 3397 1587 addu-

1793 1641 2032 1694 ~centes,
2085 1639 2139 1686 et
2198 1632 2377 1699 ipsum
2412 1627 2762 1684 ostendentes
2798 1625 3219 1698 ignorantibus:
3261 1620 3394 1685 Quis

1815 1734 1891 1779 est
1928 1723 2026 1776 iste
2050 1720 2159 1776 Rex
2172 1721 2354 1791 gloria:
2374 1721 2398 1774 7
2422 1718 2605 1774 Fortis
2629 1728 2677 1772 et
2708 1728 2886 1785 potens
2923 1716 2976 1769 in
3005 1713 3188 1783 proelio
3210 1713 3253 1767 ⁵.

165 1797 241 1850 τδν
276 1797 490 1868 βασιλέα
527 1801 627 1869 τῆς
674 1802 834 1874 δόξης
883 1804 1031 1868 ἐντὸς
1084 1807 1177 1859 τοῦ
1226 1796 1341 1876 βίου
1382 1810 1746 1882 παράγουσαι,
1784 1816 1876 1869 καὶ
1914 1815 2026 1876 τοῖς
2063 1809 2348 1880 ἀγνοοῦσιν
2378 1808 2832 1863 ὲπιδεικνύουσαι.
2885 1806 2979 1871 Τίς
3009 1806 3176 1858 ἐστιν
3215 1796 3394 1862 οὗτος

166 1892 194 1942 ὁ
218 1890 503 1959 ,ϐασιλεὺς
533 1892 642 1962 τῆς
671 1894 857 1964 δόξης
882 1913 900 1961 ;
941 1898 996 1950 '0
1020 1900 1297 1967 κραταιὸς
1331 1902 1427 1955 καί
1463 1902 1719 1972 δυνατὸς
1754 1909 1823 1963 ἐν
1847 1907 2103 1976 πολέμῳ.
2536 1888 2548 1909 ’

228 1984 372 2045 Ἴσως
397 1984 443 2037 δ’
463 1987 531 2041 ἄν
550 2005 633 2051 τις
661 1989 803 2042 εῐποι
836 1991 931 2043 καὶ
958 1991 1023 2044 τὰ
1054 1992 1400 2063 λειτουργικὰ
1432 1996 1716 2067 πνεύματα

1889 1999 2050 2056 Forte
2070 2006 2251 2053 autem
2289 1997 2487 2052 dixerit
2522 1995 2793 2065 quispiam
2822 1992 2986 2049 etiam
3035 1989 3265 2060 spiritus
3298 2000 3391 2042 au-

168 2073 222 2126 τὶ
250 2077 322 2138 είς
350 2075 626 2131 διακονίαν
668 2080 1104 2151 ἀποστελλόμενα
1142 2083 1228 2137 διὰ
1263 2087 1387 2146 τοὺς
1427 2086 1716 2155 μέλλοντας

168 2164 490 2236 ιὰηρονομεῖν
525 2170 817 2239 σωτηρίαν.
872 2172 1021 2241 Τάχα
1050 2173 1105 2225 δὲ
1140 2174 1407 2246 θηρευτὰς
1452 2177 1594 2230 εἴποι
1631 2196 1714 2242 τις

168 2253 223 2305 ἂν
250 2256 333 2308 καὶ
363 2257 489 2320 τοὺς
530 2260 857 2324 ἀποστόλους
896 2258 1067 2327 εἶναι,
1117 2267 1241 2328 τοὺς
1285 2270 1363 2329 εἰς
1397 2267 1493 2336 τὴν
1544 2270 1715 2339 ἄγραν

165 2343 258 2397 τῶν
284 2346 484 2418 θηρίων
520 2349 724 2403 τούτων
757 2354 1225 2424 ἐκπεμπομένους,
1258 2357 1391 2428 πρὸς
1425 2358 1517 2420 οὓς
1543 2357 1714 2424 εἶπεν,

164 2434 234 2485 ὅτι
263 2438 491 2504 Houij
518 2438 671 2507 ὑμᾶς
694 2442 883 2507 ἁλιεῖς
912 2441 1028 2496 τῶν
1051 2444 1393 2512 ἀνθρώπων.
1422 2449 1494 2501 Ού
1520 2448 1628 2520 γὰρ
1652 2449 1717 2502 ἀν

166 2523 451 2594 ὲνήργησαν
493 2527 590 2597 τὴν
633 2529 980 2601 ἀνθρωπίνην
1032 2531 1219 2585 ἀλείαν
1266 2538 1333 2604 τῇ
1372 2536 1480 2589 τῶν
1523 2536 1718 2604 λογίων

165 2616 400 2686 περιϐολῇ
452 2618 551 2680 τὰς
592 2620 700 2672 τῶν
740 2621 1062 2692 σωζομένων
1100 2623 1277 2694 ψυχὰς
1307 2627 1717 2696 σαγηνεύοντες,

168 2707 209 2757 εί
240 2707 305 2779 μὴ
347 2710 604 2781 πρότερον
644 2715 709 2765 ἐκ
740 2713 846 2767 τῶν
891 2716 1116 2785 φωλεῶν
1143 2718 1210 2771 τὰ
1239 2718 1403 2789 θηρία
1438 2719 1608 2773 ταῦτα
1640 2720 1720 2786 ἐξ·

170 2794 361 2855 ἔϐαλον,
376 2802 499 2863 τοὺς
528 2804 757 2872 μικροὺς
780 2804 1021 2868 ἐκείνους
1042 2806 1353 2872 ἀλώπεκας,
1380 2810 1444 2862 ὲκ
1463 2808 1568 2861 τῶν
1589 2810 1722 2880 καρ-

169 2884 283 2939 διῶν
307 2887 463 2957 λέγω,
495 2885 582 2953 αἷς
625 2892 973 2961 ὲνεφώλευον,
1009 2895 1147 2949 ὥστε
1184 2898 1407 2966 ποιῆσαι
1450 2898 1613 2951 τόπον
1644 2897 1722 2970 τῷ

169 2975 271 3046 Υίῷ
297 2980 383 3031 τοῦ
414 2981 568 3044 Θεοῦ,
597 2983 733 3035 ὅπου
768 2984 865 3056 τὴν
896 2985 1089 3039 ἑαυτοῦ
1123 2988 1363 3059 κεφαλὴν
1410 2988 1733 3060 ἀναπαύσῃ,

173 3070 350 3136 μηκέτι
388 3071 483 3124 τοῦ
522 3074 714 3140 γένους
744 3075 850 3128 τῶν
900 3076 1200 3131 ἀλωπέκων
1235 3081 1292 3131 ἐν
1328 3083 1449 3144 ταῖς
1477 3080 1723 3151 καρδίαις

172 3159 498 3225 φωλεύοντος.
548 3163 690 3234 Πλὴν
729 3165 935 3237 οὕσπερ
969 3167 1035 3220 ἂν
1067 3168 1328 3238 ὑπόθηται
1358 3173 1486 3235 τοὺς
1524 3171 1724 3243 θηρευ-

173 3249 263 3311 τάς
297 3248 422 3305 εἶναι
463 3256 490 3307 6
521 3253 705 3323 λέγος,
754 3256 815 3308 τὸ
856 3258 1141 3327 μεγαλεῖον
1184 3263 1276 3314 καὶ
1305 3262 1582 3333 ἄφραστον
1625 3262 1725 3332 τῆς

1823 2090 2267 2152 ministratorios,
2288 2089 2379 2158 qui
2405 2087 2696 2142 mittuntur
2711 2084 2776 2140 ad
2798 2082 3158 2137 ministerium
3177 2086 3398 2148 propter

1802 2180 1916 2238 ‘eos
1950 2182 2041 2252 qui
2109 2188 2238 2249 sunt
2295 2177 2463 2232 futuri
2531 2176 2774 2230 heredes
2808 2173 3004 2229 salutis
3036 2173 3077 2226 ⁸.
3140 2171 3396 2225 Fortasse

1821 2272 1981 2328 etiam
2019 2278 2198 2324 autem
2254 2267 2453 2323 dixerit
2481 2266 2756 2337 quispiam
2804 2272 3095 2317 venatores
3114 2276 3238 2316 esse
3272 2274 3396 2315 san-

1823 2372 1943 2417 ctos
1980 2360 2279 2431 apostolos,
2319 2359 2413 2429 qui
2448 2358 2739 2412 mittuntur
2791 2355 2857 2410 ad
2890 2356 2988 2410 has
3027 2353 3169 2408 feras
3198 2364 3399 2406 venan-
3492 2352 3513 2361 '

1823 2452 1944 2507 das.
2001 2449 2210 2516 Quibus
2262 2449 2440 2504 dixit:
2478 2446 2703 2502 Faciam
2750 2463 2837 2500 vos
2888 2446 3177 2513 piscatores
3233 2442 3401 2497 homi-

1825 2559 1949 2597 num
1976 2544 2018 2595 ".
2061 2539 2180 2594 Non
2210 2539 2356 2594 enim
2396 2537 2655 2594 fecissent
2684 2537 3042 2607 piscationem
3095 2533 3400 2595 hominum.

1824 2628 2168 2698 cloquiorum
2209 2640 2408 2696 sagena
2472 2640 2663 2680 eorum
2703 2625 2796 2695 qui
2836 2625 2977 2685 salvi
3032 2625 3165 2678 itunt
3190 2621 3402 2676 animas

1825 2721 2159 2784 irretientes,
2193 2718 2299 2773 nisi
2322 2717 2478 2788 prius
2510 2732 2542 2771 e
2564 2715 2841 2786 speluncis
2871 2714 3082 2769 belluas
3118 2712 3407 2782 ejicerent,

1826 2826 2019 2881 nempe
2050 2825 2245 2881 parvas
2286 2809 2475 2878 vulpes
2505 2822 2572 2863 ex
2599 2805 2861 2860 cordibus
2890 2805 2941 2857 in
2968 2805 3167 2873 quibus
3215 2802 3403 2856 delite-

1828 2903 2076 2966 scebant,
2113 2908 2173 2954 ut
2228 2897 2367 2953 Filio
2422 2907 2476 2953 et
2525 2899 2633 2952 Deo
2688 2896 2866 2951 locum
2910 2895 3175 2956 facerent,
3211 2894 3264 2948 in
3296 2907 3404 2962 quo

1827 2986 1990 3062 caput
2018 3007 2178 3046 suum
2226 2989 2540 3053 reclinaret,
2593 2987 2746 3041 nullo
2776 3000 2975 3056 genere
3007 2985 3246 3055 vulpium
3272 2985 3405 3038 deli—

1829 3090 2069 3138 tescente
2122 3082 2358 3151 amplius
2406 3079 2460 3134 in
2494 3078 2777 3134 cordibus.
2827 3078 3095 3134 Caeterum
3144 3089 3409 3135 non-esse

1828 3190 1967 3244 quos
1989 3174 2138 3243 ponit
2190 3173 2468 3241 Scriptura
2513 3178 2823 3235 venatores,
2888 3182 3142 3239 magnam
3183 3175 3238 3222 et
3272 3166 3409 3220 incf-

1832 3263 2049 3317 fabilem
2094 3263 2334 3317 divinam
2398 3263 2677 3322 virtutem,
2731 3260 2995 3315 discimus
3038 3274 3136 3329 per
3178 3272 3241 3312 ca
3288 3272 3409 3327 qua:

175 3336 310 3403 θείας
335 3334 608 3413 δυνάμεως
641 3344 729 3397 διὰ
770 3345 878 3398 τῶν
917 3351 1407 3421 προστεταγμένων
1434 3353 1614 3415 αὐτοῖς
1645 3352 1725 3405 δι-

1829 3355 1963 3425 ipsis
2017 3352 2300 3423 jubentur.
2355 3354 2476 3407 Non
2513 3354 2659 3408 enim
2694 3351 2855 3419 dixit,
2880 3350 3171 3407 Venamini
3217 3364 3408 3420 aprum

173 3429 478 3503 δασκόμεθα.
537 3434 617 3490 Οὐ
649 3437 754 3506 γὰρ
805 3434 979 3502 εἶπεν,
1031 3440 1111 3493 ὅτι
1160 3442 1473 3512 θηρεύσατε
1523 3437 1587 3496 ὗν
1635 3443 1726 3496 τὸν

177 3521 235 3572 ἑκ
272 3523 358 3575 τοῦ
400 3524 629 3596 δρυμοῦ.
691 3524 789 3597 τὴν
837 3528 1083 3598 ἄμπελον
1135 3532 1229 3584 τοῦ
1282 3532 1415 3584 Θεοῦ
1474 3532 1728 3601 λυμαινό-

180 3627 341 3679 μενον,
386 3617 416 3686 ἦ
454 3616 547 3669 τὸν
591 3619 774 3687 μονιὺν
816 3619 907 3671 τὸν
948 3620 1158 3691 ἄγριον,
1200 3622 1232 3691 ἢ
1272 3623 1728 3699 τονγώρυόμενον

180 3701 413 3779 Mor:an
446 3707 508 3760 τὸ
531 3707 675 3779 μέγα
700 3708 884 3778 κῆτος,
905 3709 937 3780 ἢ
963 3711 1053 3764 τὸν
1089 3713 1415 3784 ὑποὸρύχιον
1439 3713 1725 3785 δράκοντα.

181 3786 252 3847 Ἦ
281 3797 380 3868 γὰρ
406 3798 471 3850 ἄν
494 3814 618 3850 τινα
642 3796 872 3867 δύναμιν
902 3797 1010 3851 τῶν
1043 3800 1487 3871 ἀντιμαχούντων
1513 3803 1598 3855 διὰ
1623 3803 1731 3856 τῶν

182 3888 412 3942 τοιούτων
442 3893 470 3943 6
494 3891 651 3961 λόγος
682 3896 795 3956 τοῖς
830 3893 1122 3963 θηρευταῖς
1163 3892 1517 3945 ἐνεδείκνυτο.
1574 3892 1732 3946 Ἀλλά

183 3979 354 4045 πᾶσαι,
385 3985 569 4054 φησὶν,
599 3986 805 4037 ἐκεῖναι
839 3985 898 4036 αἱ
931 3982 1196 4053 περίγειοι
1228 3982 1560 4045 δυναστεῖαι,
1599 3984 1732 4053 πρὸς

180 4069 240 4134 ἃς
268 4075 294 4141 ἡ
322 4075 461 4144 πάλη
490 4080 603 4139 τοῖς
633 4076 940 4148 ἀνθρώποις
975 4075 1143 4137 ἐστὶν,
1172 4074 1339 4145 ἀρχαί
1379 4091 1439 4139 τε
1466 4075 1557 4128 καὶ
1586 4070 1735 4139 ἐξου-

183 4164 301 4227 σίαι,
330 4170 421 4222 καὶ
459 4171 898 4241 κοσμοκράτορες
926 4170 1173 4231 σκότους,
1202 4168 1295 4221 καὶ
1324 4166 1608 4236 πνεύματα
1637 4184 1732 4219 πο·

179 4256 374 4324 νηρίας,
402 4258 822 4313 ἀ).ωπεκία”ὲστὶ
849 4259 1042 4329 μικρὰ,
1060 4257 1250 4327 δολερὰ
1276 4274 1333 4310 τε
1360 4258 1452 4310 καὶ
1479 4256 1733 4324 δύστηνα,

180 4347 304 4417 πρὸς
341 4349 436 4420 τὴν
477 4350 753 4421 ἡμετέραν
787 4350 1084 4419 κρινόμενα
1115 4347 1364 4417 δύναμιν.
1429 4347 1555 4399 Ἐὰν
1596 4346 1737 4398 ἐκεί-

178 4457 277 4493 νων
310 4442 782 4511 κατακρατήσητε,
818 4440 1126 4511 ἀπολήψετε
1160 4440 1260 4510 τὴν
1287 4439 1423 4492 ίδίαν
1457 4438 1635 4509 χάριν.
1678 4438 1736 4490 'U

176 4528 421 4599 ἀμπελὼν
467 4535 496 4585 6
527 4532 818 4602 ἡμέτερος,
862 4533 899 4602 ἠ
945 4530 1262 4603 ἀνθρωπίνη
1292 4529 1474 4600 φύσις,
1504 4531 1598 4581 καὶ
1642 4530 1737 4598 τὴν

175 4618 275 4671 τῶν
295 4622 532 4694 βοτρύων
565 4623 737 4694 φορὰν
752 4622 839 4676 διὰ
857 4620 952 4675 τοῦ
979 4622 1171 4684 ἄνθους
1193 4621 1292 4691 τῆς
1317 4621 1571 4693 ἐναρέτου
1598 4621 1738 4672 πολιο

1831 3445 2161 3510 silvestrem,
2209 3444 2304 3514 qui
2346 3445 2558 3498 vineam
2592 3442 2685 3497 Dei
2725 3442 3114 3512 depopulatur,
3150 3448 3246 3495 aut
3296 3441 3414 3494 sin-

1828 3536 2069 3606 gularem
2124 3536 2330 3598 ferum,
2378 3544 2470 3588 aut
2519 3536 2817 3604 rugientem
2865 3536 3098 3599 leonem,
3153 3540 3247 3587 aut
3297 3545 3413 3585 ma-
3459 3556 3466 3563 -

1830 3643 1988 3699 gnam
2008 3628 2294 3691 balmnam,
2338 3636 2431 3681 aut
2464 3627 2735 3679 marinum
2775 3631 3094 3680 draconem.
3125 3622 3241 3678 Vim
3264 3623 3411 3677 enim

1831 3720 2066 3788 aliquam
2122 3730 2308 3772 eorum
2361 3731 2481 3785 quae
2534 3724 2724 3770 contra
2785 3704 3139 3787 depugnant,
3202 3729 3298 3784 per
3346 3727 3411 3766 ea

1833 3808 2144 3864 ostenderet
2202 3809 2377 3861 oratio
2430 3808 2800 3863 venatoribus.
2862 3806 2966 3861 Sed
3017 3806 3122 3859 illa:
3179 3818 3412 3868 omnes,

1834 3900 2041 3968 inquit.
2089 3905 2380 3953 terrestres
2437 3905 2772 3967 potestates,
2829 3901 3091 3951 adversus
3138 3909 3281 3965 quas
3330 3901 3416 3948 est

1833 3991 2146 4045 colluctatio
2197 3989 2534 4052 hominibus,
2594 3990 2952 4060 principatus,
3007 3994 3305 4058 potestates
3361 3992 3416 4041 et

1835 4090 2075 4136 rectores
2119 4080 2464 4137 tenebrarum
2525 4079 2715 4135 mundi
2750 4080 2935 4148 hujus.
2977 4088 3031 4133 et
3057 4080 3287 4149 spiritus
3318 4092 3416 4131 ne-

1834 4172 2038 4242 quitiae,
2083 4182 2211 4225 sunt
2256 4187 2436 4241 parva:
2486 4173 2671 4241 vulpes
2716 4171 2919 4226 dolosae
2958 4182 3009 4225 et
3055 4170 3320 4232 infelices,
3368 4169 3414 4223 si

1838 4278 1959 4319 cum
2012 4263 2215 4318 nostris
2271 4262 2627 4317 conferantur
2684 4263 2910 4317 viribus.
2978 4260 3035 4315 Si
3093 4261 3217 4315 illas
3262 4259 3413 4313 devi-

1836 4352 2055 4415 ccritis,
2115 4354 2393 4423 propriam
2456 4355 2736 4424 accipietis
2788 4354 3036 4423 gratiam.
3105 4350 3271 4405 Vinea
3318 4364 3417 4404 no-

1837 4451 1951 4496 stra
2000 4450 2084 4495 est
2128 4441 2363 4495 humana
2423 4446 2678 4505 natura,‘
2730 4456 2851 4510 quae
2910 4439 3009 4493 fert
3073 4438 3265 4491 botros
3324 4450 3418 4503 per

1837 4530 1998 4584 ﬂores
2042 4531 2164 4584 vitze
2218 4546 2338 4601 qua:
2389 4532 2568 4600 agitur
2619 4547 2683 4585 ex
2726 4531 2944 4585 virtute.
3011 4528 3195 4596 Capite
3254 4526 3419 4595 igitur

1839 4619 1987 4673 nobis
2023 4633 2211 4687 parvas
2269 4619 2467 4687 vulpes,
2531 4636 2647 4689 qua:
2703 4620 3059 4673 demetiuntur
3116 4618 3316 4679 vineas,
3368 4626 3418 4670 ct

176 4712 314 4773 τείας
348 4713 787 4784 προοιμιάζεται.
856 4711 1117 4766 Πιάσατε
1161 4707 1255 4764 οὖν
1301 4708 1445 4778 ἡμῖν
1489 4709 1725 4777 μικροὺς

1847 4711 2005 4763 viuere
2034 4718 2230 4787 nostra:
2252 4710 2467 4778 ﬂorent.
2493 4710 2743 4765 Divinum
2763 4710 2977 4779 jussum
3008 4709 3216 4764 audivit
3237 4709 3416 4772 vinea,

177 4800 475 4870 ἀιώπεκας
503 4802 899 4872 ἀφανίζοντας
920 4801 1264 4873 ἀμπελῶνα,
1295 4801 1387 4853 καὶ
1413 4803 1470 4854 αὶ
1487 4801 1742 4867 ἄμπελοι

178 4891 331 4959 ἡμῶν
345 4896 760 4962 κτνπρίζουσιν.
771 4895 1001 4946 Ἤκουσε
1061 4890 1150 4943 τοῦ
1165 4890 1311 4943 θείου
1326 4888 1741 4959 προστάγματος

178 4981 208 5049 ἡ
238 4982 489 5051 ἄμπελος.
534 4985 569 5052 ἡ
608 4982 767 5051 γυνὴ,
803 4983 931 5053 περὶ
965 4976 1035 5054 ἦς
1070 4999 1235 5053 φησιν
1272 4983 1301 5034 6
1342 4981 1526 5044 Δαϐὶδ,
1562 4982 1641 5033 ὅτι
1684 4983 1743 5036 Ἠ

179 5075 318 5138 γυνή
336 5089 455 5127 σου
475 5074 557 5138 ὡς
579 5076 852 5149 ἄμπελος
872 5074 1235 5140 εὐθηνοῦσα.
1270 5075 1378 5127 Καὶ
1401 5075 1512 5128 ἴδεν
1540 5076 1740 5146 ἑαυτὴν

180 5160 230 5212 ὲν
262 5164 325 5233 τῇ
355 5163 588 5234 δυνάμει
629 5162 723 5215 τοῦ
754 5162 1110 5226 κελεύσαντος
1147 5164 1247 5234 τῆς
1280 5165 1344 5217 ὲκ
1376 5164 1484 5217 τῶν
1528 5164 1732 5236 θηρίων

178 5251 370 5306 τούτων
390 5255 571 5325 λύμης
597 5254 1035 5325 κεκαθαρμένην,
1071 5256 1163 5308 καὶ
1199 5255 1359 5320 εὐθὺς
1381 5256 1593 5309 δίδωσιν
1615 5258 1737 5309 ἑαυ-

177 5341 267 5414 τὴν
289 5342 371 5414 τῷ
396 5342 632 5414 γεωργῷ
666 5343 743 5414 τῷ
770 5343 832 5396 τὸ
864 5344 1172 5413 μεσότοιχον
1211 5344 1306 5397 τοῦ
1349 5344 1603 5414 φραγμοῦ
1641 5345 1734 5398 λύ-

1844 4818 2035 4871 nempe
2061 4803 2253 4855 mulier
2286 4803 2353 4857 de
2381 4818 2489 4873 qua
2533 4804 2669 4857 dicit
2695 4804 2884 4869 David,
2954 4802 3104 4857 Uxor
3146 4810 3239 4855 tua
3284 4803 3421 4855 sicut

1843 4895 1958 4947 vitis
1982 4894 2259 4948 abundans
2291 4897 2332 4946 ⁸.
2369 4895 2431 4947 Et
2468 4896 2600 4948 vidit
2630 4911 2769 4959 eam,
2798 4896 2997 4949 virtute
3018 4894 3138 4964 ejus
3170 4894 3263 4962 qui
3310 4893 3424 4963 jus-

1843 4985 1934 5046 sit,
1990 4985 2058 5038 ab
2106 4986 2274 5040 exitio
2325 4996 2377 5041 et
2449 4988 2873 5056 depOpulatioue
2929 4986 3122 5039 barum
3183 4985 3421 5040 ferarum

1843 5084 2215 5145 expurgatam,
2272 5085 2327 5131 ct
2373 5080 2554 5131 statim
2613 5078 2706 5132 dat
2752 5080 2988 5147 seipsam
3032 5077 3286 5146 agricola:
3326 5075 3421 5143 qui

1840 5168 1985 5235 scpis
2008 5166 2392 5219 intermedium
2420 5167 2587 5220 diruit
2614 5168 2894 5236 parietum.
2920 5165 3105 5234 Neque
3132 5165 3275 5221 enim
3306 5179 3423 5216 aln-

1847 5258 1989 5328 plius
2018 5264 2235 5311 arcetur
2268 5260 2473 5326 pariete
2502 5258 2659 5328 legis,
2706 5273 2814 5328 quo
2847 5259 3029 5314 minus
3060 5259 3425 5327 conjungatur

1842 5363 1965 5401 cum
1990 5361 2059 5400 ιισ
2080 5347 2171 5416 qni
2206 5346 2569 5401 desideratur.

177 5449 342 5491 σαντι.
380 5435 581 5488 οὐκέτι
610 5433 718 5504 γὰρ
759 5432 838 5503 τῷ
886 5433 1051 5504 τοίχῳ
1081 5434 1176 5486 τοῦ
1218 5434 1383 5504 νόμου
1431 5436 1565 5505 πρὸς
1605 5435 1702 5505 τὴν
1743 5437 2033 5504 συνάφειαν
2068 5435 2161 5487 τοῦ
2191 5435 2527 5507 ποθουμένου
2561 5436 2962 5506 διατειχίςεται.

254 5528 451 5593 Ἀλλὰ,
478 5528 664 5597 φησιν.
682 5526 797 5597 ἐγὼ
819 5526 901 5592 τῷ
924 5527 1226 5595 ἀδελφιδῷ
1237 5546 1377 5597 μου,
1397 5530 1491 5582 καὶ
1520 5534 1552 5581 ό
1575 5529 1741 5584 ἀδελ-

176 5618 345 5689 φιδός
357 5635 475 5687 μου
494 5619 647 5688 ἐμοί,
661 5621 693 5672 ὁ
715 5619 1126 5689 amputa-(orer
1145 5618 1268 5685 τοῖς
1288 5620 1655 5689 κρίνοις,ἐως
1672 5617 1745 5676 οὗ

242 5729 265 5764 ⁸
310 5728 460 5788 Psal.
497 5747 654 5796 mn,
692 5732 723 5786 8
822 5734 840 5763 ⁸
867 5732 1027 5787 Hebr.
1065 5751 1102 5799 ι,
1155 5734 1235 5788 Η.
1314 5736 1333 5753 ⁷

1939 5528 2038 5583 Sed
2093 5545 2216 5598 ego,
2276 5530 2482 5600 inquit,
2548 5531 2777 5599 patrueli
2851 5547 2997 5595 meo,
3054 5540 3104 5583 et
3168 5530 3420 5595 patruelis

1852 5636 1994 5703 gneus
2028 5621 2191 5689 mihi,
2220 5623 2309 5690 qui
2339 5624 2506 5692 pascit
2542 5624 2678 5677 inter
2719 5623 2865 5688 lilia,
2908 5621 3071 5674 donec
3114 5615 3421 5690 prrspirarit

1384 5736 1576 5791 Matth.
1608 5752 1679 5797 tv,
1720 5735 1779 5791 i9
1874 5738 1895 5767 ⁸
1943 5736 2085 5791 I‘sal.
2120 5753 2326 5805 cxxvtt,
2366 5740 2418 5791 5.
