3928 6196
574 302 679 363 81:5
1788 318 1845 373 S.
1887 319 2210 380 GREGORII
2251 326 2545 386 NYSSENI
3633 349 3715 404 3m

570 418 680 471 dies
709 428 757 471 et
806 428 959 473 mota:
989 419 1186 489 fuerint
1223 423 1444 480 umbrae.
1494 426 1611 483 Hoc
1654 438 1835 486 autem
1873 443 1956 490 est
1985 449 2000 489 :
2029 434 2125 492 Vid

2254 445 2591 515 διαπνεύσῃ
2618 446 2656 515 ἡ
2677 445 2885 516 ἡμέρα,
2909 445 3004 500 καί
3026 446 3340 515 κινηθῶσιν
3353 454 3405 505 αι
3423 458 3580 510 σκιαί.
3597 461 3723 523 ’τουτο

573 507 711 561 faeie
736 506 800 560 ad
833 504 1029 562 faciem
1059 525 1181 565 eum
1213 512 1305 583 qui
1337 528 1551 585 semper
1578 529 1780 584 manet,
1810 531 1865 578 et
1892 525 1983 594 qui
2015 541 2127 597 pro-

2243 536 2298 588 δέ
2312 537 2457 589 ἐστιν
2472 553 2485 567 ·
2690 504 2761 607 φη
2771 504 2842 601 ἐι,
2858 504 3293 609 πρόσωπονπρδς
3311 504 3724 612 :3;
3824 554 3829 559 '

2242 625 2370 679 ὄντα
2392 627 2530 697 ὅπερ
2546 627 2680 694 ἐστὶ,
2701 626 2770 680 δι’
2785 627 2884 697 ἐμὲ
2905 627 2960 680 δὲ
2980 630 3045 681 ὲκ
3061 630 3157 698 τῆς
3186 628 3401 701 ἀδελφῆς
3423 650 3511 702 μου
3535 637 3614 707 τῆς
3632 657 3726 695 συν-

2242 718 2467 788 αγωγῆς
2488 718 2848 789 ἀνθρωπικῶς
2876 718 3247 783 ἀνατείλαντα,
3286 721 3374 774 καὶ
3400 725 3451 775 ὲν
3479 728 3603 798 αὐτῷ
3628 731 3729 787 ἀνα.

2242 809 2507 878 παύομαι,
2552 809 2645 862 καὶ
2689 810 2908 879 γίνομαι
2949 808 3098 881 αὐτῷ
3128 811 3442 882 οἰκητήριον.
3486 813 3625 882 Οὗτος
3647 824 3730 894 γάρ

2241 898 2389 950 ἐστιν
2411 898 2439 950 ὸ
2473 897 2678 967 ποιμὴν
2712 898 2741 950 6
2765 897 2950 961 καλὸς,
2980 898 3041 962 ὃς
3076 899 3196 968 οὐχὶ
3223 899 3402 969 χόρτον
3433 909 3632 960 ποιεῖται
3661 913 3733 981 τὴν

2251 988 2346 1042 ζῶν
2377 989 2640 1058 ποιμνίων
2665 990 2856 1059 νομὴν,
2905 990 3041 1044 ἀλλὰ
3088 990 3339 1062 καθαροῖς
3367 994 3552 1064 κρίνοις
3584 1000 3733 1069 τρέφει

2238 1076 2307 1129 τὰ
2338 1076 2604 1146 πρόϐατα.
2646 1076 2721 1131 Οὐ
2759 1078 2955 1148 μηκέτι
3002 1078 3178 1150 χόρτῳ
3220 1079 3425 1150 τρέφων
3462 1082 3542 1134 τὸν
3568 1085 3733 1156 χόρτον.

2253 1165 2382 1220 ’ἰδία
2410 1166 2518 1236 γὰρ
2558 1166 2729 1238 τροφὴ
2766 1168 2867 1236 τῆς
2894 1167 3088 1235 ἀλόγου
3130 1166 3339 1236 φύσεως
3364 1169 3391 1219 ὁ
3420 1169 3587 1239 χόρτος
3609 1174 3735 1225 ἐστίν.

2252 1257 2310 1310 Ὀ
2335 1258 2380 1310 δ’
2425 1258 2710 1327 ἄνθρωπος
2759 1258 2976 1327 λογικὸς
3012 1258 3119 1323 ῶν,
3167 1259 3244 1331 τῷ
3280 1260 3501 1330 ἀληθινῷ
3534 1261 3741 1331 τρέφεται

2238 1348 2401 1419 λόγῳ.
2445 1348 2508 1403 Εἰ
2533 1350 2589 1404 δὲ
2632 1352 2872 1404 τοιούτου
2912 1353 3268 1424 έμφορηθείη,
3314 1354 3402 1408 καὶ
3429 1354 3571 1417 αὐτὸς
3594 1356 3740 1423 χόρτος

2238 1439 2465 1508 γίνεται.
2499 1441 2675 1496 Πᾶσα
2700 1441 2808 1513 γάρ
2835 1443 3013 1509 σὰρξ,
3048 1444 3202 1513 φησὶ,
3249 1444 3450 1511 χόρτος
3477 1444 3641 1509 ἐστὶν,
3662 1445 3743 1508 ἓως

2239 1530 2304 1584 ἂν
2339 1531 2473 1601 σὰρξ
2594 1533 2656 1585 Εἰ
2681 1533 2737 1585 δέ
2764 1551 2848 1596 τις
2888 1533 3108 1604 πνεῦμα
3165 1530 3386 1601 γένοιτο,
3419 1532 3662 1602 γεννηθεὶς
3696 1535 3744 1587 ἐκ

569 605 690 667 pter
716 613 802 654 me
827 614 892 654 ex
921 614 1115 657 sorore
1136 619 1255 658 mea
1284 604 1572 678 Synagoga
1602 609 1657 665 in
1688 612 1921 668 humana
1949 627 2143 673 natura

569 695 654 743 est
689 697 948 753 exortus,
987 701 1040 745 et
1074 692 1129 746 in
1163 708 1229 749 eo
1262 696 1587 765 requiesco,
1624 708 1679 755 et
1719 700 1788 755 fio
1822 708 1943 773 ejus
1980 706 2138 762 habi—

568 780 833 836 taculum.
879 780 978 836 Hie
1005 782 1150 837 enim
1182 793 1268 840 est
1296 794 1487 856 pastor
1514 788 1693 846 bonus
1714 829 1728 853 ,
1760 794 1853 862 qui
1884 810 1989 850 non
2020 795 2144 852 feno

571 871 747 937 pascit
789 887 1042 941 gregem,
1090 874 1185 929 sed
1234 890 1373 944 puro
1408 878 1525 931 lilio
1572 881 1750 949 pascit
1782 897 1931 939 oves.
1972 884 2020 942 ls
2051 898 2137 945 est

568 962 715 1015 enim
759 978 951 1017 revera
996 964 1090 1033 qui
1143 966 1268 1022 feno
1298 981 1406 1023 non
1444 971 1681 1040 amplius
1720 974 1890 1028 nutrit
1935 975 2139 1032 fenum.

569 1051 788 1109 Natura:
821 1056 967 1109 enim
998 1058 1210 1127 experti
1242 1060 1474 1117 rationis
1504 1064 1788 1135 proprium
1834 1070 2144 1125 nutrimen-

569 1153 682 1197 tum
717 1154 802 1200 est
833 1145 1039 1203 fenum.
1075 1147 1249 1204 Homo
1280 1159 1462 1206 autem
1497 1167 1622 1208 cum
1654 1157 1725 1211 sit
1756 1158 2026 1229 particeps
2054 1175 2143 1214 ra—

568 1236 770 1300 tionis,
808 1253 938 1292 vero
980 1239 1223 1295 nutritur
1276 1243 1467 1297 verbo.
1519 1243 1675 1310 Quod
1730 1248 1777 1302 si
1825 1248 2140 1319 hujusmodi

569 1327 693 1380 feno
727 1326 894 1383 fuerit
928 1338 1243 1396 saturatus,
1273 1331 1391 1401 ipse
1418 1348 1640 1404 quoque
1677 1337 1733 1390 fit
1765 1336 1970 1395 fenum.
2013 1340 2141 1396 0m-

568 1418 650 1471 nis
685 1420 830 1473 enim
854 1459 869 1484 ,
908 1420 1126 1491 inquit,
1154 1439 1279 1477 caro
1315 1434 1392 1479 est
1434 1425 1611 1494 fenum
1644 1430 1685 1492 ’,
1724 1431 1968 1498 quandiu
2009 1448 2140 1487 caro

564 1517 669 1563 est.
720 1508 817 1564 Sin
865 1519 1046 1566 autem
1082 1511 1174 1566 fiat
1210 1514 1444 1585 spiritus
1473 1518 1566 1586 qui
1603 1529 1767 1575 natus
1803 1530 1886 1576 est
1917 1539 1983 1579 ex
2024 1525 2140 1593 spi-

565 1600 714 1665 ritu,
761 1615 872 1655 non
921 1604 1156 1672 amplius
1203 1606 1387 1661 cibum
1429 1608 1687 1679 deposcet
1740 1628 1805 1667 ex
1847 1612 2005 1678 feno,
2042 1616 2127 1670 sed

2238 1622 2333 1678 τοῦ
2381 1600 2713 1695 πνεύματος,
2763 1626 2946 1678 οὐκέτι
2978 1600 3071 1679 τόν
3102 1624 3343 1697 χορτὼδη
3382 1600 3748 1696 έπιὸοσκηθήσε-

564 1690 792 1760 spiritus
821 1692 925 1747 erit
955 1693 1073 1762 ejus
1104 1695 1424 1751 alimentum
1447 1740 1462 1764 ,
1513 1700 1658 1770 quod
1702 1703 1923 1773 quidem
1968 1706 2127 1762 tacite

2237 1731 2326 1769 ται
2366 1713 2498 1784 βίον,
2526 1690 2669 1768 *ἀλλά
2702 1715 2763 1768 τὸ
2806 1717 3021 1787 πνεῦμα
3060 1690 3227 1769 αθτοῦ
3269 1690 3417 1769 ἔσται
3440 1690 3745 1787 τροφὴξὸπερ

563 1780 836 1851 significat
890 1782 989 1836 lilii
1049 1786 1263 1854 puritas
1313 1795 1368 1842 et
1416 1765 1594 1847 bonus
1646 1765 1802 1847 odor.
1846 1793 1965 1849 Erit
2005 1812 2127 1867 ergo

2366 1765 2387 1784 ,γ
2714 1765 2759 1768 --
2813 1765 2932 1769 τ-νη
2973 1765 3020 1769 τ-
3063 1765 3222 1769 η--ν
3272 1765 3415 1769 η-τν
3450 1765 3612 1787 -τ-τν
3645 1765 3743 1786 ---·ιτ

2234 1808 2267 1876 ὴ
2308 1806 2617 1878 καθαρότης
2656 1808 2749 1860 καὶ
2787 1809 2819 1877 ἡ
2864 1765 3087 1862 εὖτζνοια
3130 1808 3225 1862 τοῦ
3268 1808 3444 1879 κρίνου
3483 1809 3743 1871 αἰνίσσεται.

563 1872 678 1941 ipse
706 1887 925 1943 quoque
967 1873 1141 1929 lilium
1183 1893 1380 1946 purum
1410 1888 1464 1934 et
1496 1881 1634 1937 bene
1664 1884 1819 1939 olens
1841 1924 1856 1949 ,
1891 1894 2133 1944 mutatus

559 1968 615 2016 et
644 1963 910 2019 alteratus
944 1979 1008 2019 ex
1046 1966 1289 2021 alimenti
1324 1978 1541 2024 natura.
1574 1970 1689 2026 Hoc
1732 1981 1817 2028 est
1867 1974 1983 2030 dies
2032 1978 2127 2046 qui

560 2052 732 2109 radiis
765 2055 1093 2110 diffunditur
1125 2071 1221 2111 seu
1264 2061 1575 2129 perspirat,
1624 2064 1765 2118 sicut
1810 2065 1991 2120 divina
2031 2083 2130 2122 no-

560 2144 788 2198 minavit
822 2144 1141 2215 Scriptura,
1189 2163 1309 2202 eam
1356 2166 1478 2219 quae
1524 2168 1619 2222 per
1670 2155 1855 2212 radios
1902 2159 2130 2227 spiritus

562 2232 702 2288 facta
754 2243 838 2290 est
892 2236 1239 2293 dimisionem
1294 2242 1586 2297 nominans
1633 2246 2126 2316 perspirationem,

560 2323 708 2378 unde
757 2333 1044 2379 moventur
1077 2328 1285 2382 umbrae
1334 2330 1503 2384 vitaz:
1561 2347 1697 2400 quas
1745 2334 2033 2406 diligenter
2077 2347 2131 2394 et

560 2414 806 2470 studiose
837 2415 1143 2481 intuentur,
1172 2418 1265 2488 qui
1302 2419 1422 2474 luce
1453 2422 1700 2477 veritatis
1756 2426 1951 2481 animae
1996 2443 2127 2483 ocu-

559 2505 671 2559 lum
705 2520 815 2559 non
852 2506 1245 2575 illustrarunt,
1277 2511 1528 2565 umbram
1562 2521 1617 2567 et
1652 2514 1703 2568 id
1740 2517 1884 2584 quod
1929 2526 2013 2571 est
2038 2534 2129 2573 va-

559 2610 691 2649 num
721 2610 785 2650 ac
812 2597 994 2661 inane,
1022 2606 1278 2667 tanquam
1302 2600 1445 2670 quod
1468 2603 1754 2670 consistat,
1779 2608 2125 2675 aspicientes,

556 2696 611 2743 et
644 2689 794 2759 quod
828 2705 957 2745 vere
986 2700 1105 2758 est,
1143 2699 1403 2762 tanquam
1439 2694 1585 2764 quod
1619 2711 1726 2750 non
1759 2698 1861 2763 sit,
1900 2714 2007 2754 non
2042 2716 2129 2755 re-

556 2780 664 2835 ctis
696 2789 989 2837 cernentes
1018 2782 1215 2838 oculis.
1250 2782 1356 2840 Sed
1388 2786 1480 2855 qui
1514 2786 1837 2842 nutriuntur
1864 2805 1961 2860 per
1990 2792 2124 2859 lilia,

555 2870 663 2927 hoc
691 2882 803 2936 est,
835 2889 1070 2943 quorum
1100 2890 1239 2945 puro
1289 2883 1343 2930 et
1395 2877 1536 2932 bene
1576 2878 1743 2932 olenti
1793 2884 2128 2954 nutrimento

557 2963 937 3035 impinguatur
965 2966 1149 3020 anima
1173 3005 1187 3030 ,
1218 2981 1343 3021 cum
1375 2968 1444 3020 ab
1485 2968 1632 3022 omni
1684 2968 1863 3024 fallaci
1911 2980 1965 3026 et
2003 2989 2126 3027 um-

2238 1893 2432 1950 Ἔσται
2457 1894 2550 1950 οὖν
2585 1898 2677 1951 καὶ
2712 1898 2893 1963 αὐτὸς,
2933 1898 3174 1969 καθαρὸν
3218 1899 3397 1970 κρίνον
3435 1899 3520 1951 καὶ
3544 1897 3745 1959 εὔπνουν,

2234 1990 2372 2061 πρδς
2390 1988 2487 2060 τὴν
2506 1992 2706 2060 τροφῆς
2725 1989 2884 2057 φύσιν
2910 1989 3309 2060 ἀλλοιούμενος.
3334 1989 3599 2042 Τουτέστιν
3625 1987 3747 2058 ﬂau-

2231 2082 2493 2153 δεχομένη
2520 2084 2639 2145 ταῖς
2658 2085 2869 2136 ἀκτῖσιν
2886 2081 3088 2153 ἡμέρα,
3121 2082 3244 2152 ἦτοι
3261 2082 3588 2139 διαπνέουσα,
3607 2077 3749 2140 καθὼς

2231 2170 2512 2242 ὠνόμασεν
2529 2174 2563 2242 ἡ
2581 2170 2697 2223 θεία
2716 2170 2864 2240 φωνὴ
2877 2169 2974 2240 τὴν
2993 2168 3081 2223 διὰ
3096 2169 3189 2222 τοῦ
3208 2169 3507 2238 πνεύματος
3526 2166 3621 2218 τῶν
3633 2163 3742 2218 ἀκτίο

2230 2279 2337 2317 νων
2361 2261 2649 2332 γινομένην
2678 2261 2940 2331 διάχυσιν,
2963 2260 3225 2331 διαπνοὴν
3252 2261 3573 2329 ὀνομάσασα,
3594 2257 3693 2309 ὅθεν
3710 2257 3747 2308 τί

2230 2352 2325 2406 τοῦ
2359 2352 2475 2420 βίου
2509 2350 2924 2423 μετακινοῦνται
2954 2350 3102 2403 σκιαί
3130 2367 3144 2381 ο
3176 2351 3309 2420 περὶ
3328 2349 3392 2412 ἃς
3409 2348 3540 2402 κατὰ
3562 2346 3751 2412 σπουδὴν

2229 2442 2449 2514 ὁρῶσιν,
2484 2443 2535 2494 ot
2572 2442 2736 2512 μήπω
2767 2439 2843 2510 τῷ
2873 2439 3012 2506 φωτὶ
3037 2440 3135 2510 τῆς
3161 2439 3420 2508 ἀληθείας
3446 2437 3531 2490 τὸν
3563 2437 3649 2507 τῆς
3675 2435 3754 2504 ψυ-

2228 2534 2328 2604 χῆς
2356 2531 2631 2602 ὀφθαλμὸν
2683 2529 3149 2597 καταυγάσαντες,
3191 2532 3246 2582 οἱ
3288 2528 3384 2599 τὴν
3418 2526 3563 2581 σκιάν
3598 2525 3677 2578 καὶ
3708 2524 3753 2576 τὸ

2231 2624 2457 2694 μάταιον
2493 2622 2568 2684 ὡς
2594 2620 2841 2689 ὑφεστὼς
2879 2620 3131 2692 ὁρῶντες,
3182 2620 3284 2673 καὶ
3314 2619 3374 2672 τὸ
3399 2616 3598 2688 ἀληθῶς
3627 2614 3679 2668 ὃν
3698 2614 3755 2676 ὡς

2232 2714 2306 2785 μὴ
2326 2715 2385 2767 ὃν
2408 2714 2862 2787 παραϐλέποντες.
2902 2713 3040 2768 Ἀλλ’
3066 2716 3113 2766 οἱ
3132 2713 3224 2765 διὰ
3256 2712 3360 2765 τῶν
3381 2711 3570 2782 κρίνων
3593 2708 3753 2778 τρεφό-

2233 2822 2412 2875 μενοι,
2462 2806 2769 2866 τουτέστιν,
2816 2807 2867 2860 οί
2902 2810 2967 2876 τῇ
3006 2804 3228 2878 καθαρᾷ
3267 2821 3325 2858 τε
3369 2804 3462 2856 καὶ
3504 2799 3759 2869 εὐπνοούσῃ

2227 2896 2399 2965 τροφῇ
2423 2894 2522 2965 τὴν
2545 2894 2719 2965 ψυχὴν
2744 2896 3105 2966 πιαινόμενοι,
3127 2896 3314 2948 πᾶσαν
3331 2892 3600 2962 ἀπατηλήν
3618 2906 3666 2943 τε
3688 2889 3759 2940 καὶ

2232 2985 2469 3055 σκιοειδῆ
2490 2985 2788 3054 φαντασίαν
2813 2985 2920 3039 τῶν
2941 2985 3081 3038 κατά
3108 2984 3201 3038 τὸν
3245 2984 3355 3055 βίον
3377 2983 3555 3037 τοῦτον
3571 2979 3760 3034 σπουδα-

556 3054 721 3111 brosa
772 3056 985 3112 visione
1026 3072 1216 3112 eorum
1268 3057 1323 3111 in
1363 3073 1485 3127 qua:
1518 3059 1757 3113 studium
1795 3061 1850 3114 in
1884 3061 1986 3117 bac
2016 3064 2125 3118 vita

2232 3074 2467 3144 ξομένων
2507 3074 2714 3128 ἑαυτῶν
2750 3075 3180 3143 ἀποστήσαντες,
3218 3074 3359 3145 πρὸς
3398 3072 3496 3139 τὴν
3544 3067 3761 3138 ἀληθινὴν

555 3147 859 3211 confertur,
897 3163 956 3202 se
988 3148 1353 3209 abduxerim,
1383 3148 1448 3202 ad
1501 3148 1682 3204 rerum
1738 3166 1922 3206 veram
1980 3155 2127 3226 aspi-

554 3236 703 3291 cient
737 3237 1100 3291 substantiam
1126 3277 1140 3302 ,
1172 3236 1348 3293 effecti
1381 3238 1472 3292 filii
1497 3239 1637 3294 lucis
1670 3250 1723 3294 et
1750 3241 1877 3296 diei.

626 3324 751 3379 Haec
789 3326 985 3395 aSpicit
1026 3340 1229 3394 sponsa
1252 3366 1267 3389 ,
1302 3336 1357 3381 et
1399 3337 1555 3399 urget
1589 3329 1827 3386 Verbum
1862 3338 1923 3386 ut
1961 3348 2124 3404 quam

554 3416 820 3472 citissime
859 3432 1011 3487 spem
1041 3419 1309 3473 bonorum
1341 3419 1581 3475 deducat
1611 3423 1676 3477 ad
1709 3422 1963 3479 eﬂ‘eetum
1985 3467 1999 3491 ,
2036 3425 2124 3480 di-

554 3522 686 3563 cens
717 3526 729 3563 :
760 3506 1028 3563 Revertere
1056 3510 1157 3562 cito
1180 3550 1194 3575 ,
1225 3527 1255 3565 ο
1284 3511 1538 3580 patruelis
1557 3552 1571 3577 ,
1602 3514 1677 3567 sis
1705 3514 1895 3569 similis
1924 3533 2126 3582 caprea:

554 3607 650 3652 aut
692 3598 910 3653 hinnulo
956 3616 1223 3655 corvorum
1269 3616 1433 3671 supra
1476 3614 1675 3659 montes
1720 3609 2121 3665 concavitatum.

555 3690 691 3746 Vide
719 3703 779 3745 ut
813 3707 1008 3762 caprea
1036 3732 1049 3749 .
1098 3702 1152 3747 tu
1186 3694 1281 3763 qui
1313 3696 1514 3763 aspicis
1555 3696 1916 3766 cogitationes
1950 3698 2127 3755 homi-

552 3798 723 3847 num,
769 3791 828 3838 tu
875 3786 971 3854 qui
1017 3785 1268 3840 cordinm
1319 3786 1454 3856 legis
1504 3785 1950 3857 disrep'ationes.
1999 3770 2126 3847 Dele

552 3875 763 3943 peccati
814 3876 1257 3943 generationem,
1316 3872 1461 3932 sicut
1515 3877 1775 3934 binnulus
1840 3895 2124 3935 cervorum

554 3965 698 4020 delet
755 3980 926 4035 genus
987 3974 1319 4036 serpentum.
1375 3968 1540 4025 Vides
1587 3985 1858 4025 concavus
1914 3979 2126 4028 montes

552 4055 679 4109 vita:
725 4054 1007 4121 humanm,
1053 4073 1286 4127 quarunt
1335 4074 1399 4113 ea
1449 4076 1569 4130 quae
1624 4069 1956 4131 assurgunt,
2016 4078 2126 4118 non

555 4156 685 4201 sunt
732 4146 986 4211 vertices,
1032 4148 1125 4204 sed
1159 4149 1367 4204 valles?
1392 4150 1577 4206 Currit
1617 4168 1747 4221 ergo
1772 4167 1929 4221 quam
1957 4155 2129 4209 celer-

554 4235 692 4289 rime
719 4235 952 4291 Verbum
987 4238 1053 4292 ad
1086 4246 1299 4293 montes
1328 4254 1617 4297 concavos.
1663 4242 1935 4311 Quidquid
1980 4240 2125 4298 enim

553 4326 834 4381 extollitur
891 4328 1155 4383 adversus
1222 4330 1529 4395 veritatem,
1565 4340 1646 4384 est
1698 4331 2013 4387 barathrum
2070 4341 2127 4389 et

2224 3164 2334 3217 τῶν
2371 3166 2708 3235 πραγμάτων
2739 3166 3034 3227 ὑπόστασιν
3066 3166 3294 3236 ὄψονται
3313 3206 3331 3232 ,
3377 3165 3480 3218 olei.
3506 3161 3662 3233 φωτὸς
3687 3159 3759 3213 καὶ

2227 3255 2334 3309 υἱοὶ
2360 3254 2573 3326 ἡμέρας
2600 3255 2895 3326 γινόμενοι.

2294 3342 2480 3397 Ταῦτα
2515 3343 2703 3414 βλέπει
2733 3345 2767 3414 ἡ
2798 3344 3006 3415 νύμφη,
3038 3343 3133 3398 καὶ
3171 3342 3490 3408 κατεπείγει
3514 3337 3596 3392 τὸν
3620 3336 3759 3402 Λόγον

2223 3434 2311 3489 διὰ
2340 3435 2537 3506 τάχους
2579 3436 2659 3499 είς
2690 3434 2851 3506 ἔργον
2883 3436 3164 3505 διαγαγεῖν
3212 3434 3323 3488 τῶν
3352 3430 3566 3500 ἀγαθῶν
3592 3428 3677 3498 τὴν
3699 3424 3763 3476 ὲλ-

2225 3525 2374 3588 πίδα,
2391 3525 2811 3593 Ἀπόστρεψον,
2828 3524 3079 3593 λέγουσα,
3116 3520 3166 3578 ὦ
3183 3520 3492 3591 ἁδελφιδέ,
3511 3516 3763 3589 ὀμοιόθητι

2223 3614 2468 3683 δορκάδι
2504 3616 2544 3683 ἢ
2570 3613 2757 3683 νεϐρῷ
2782 3614 3025 3684 ἐλάφων
3053 3613 3155 3668 ἐπὶ
3192 3614 3269 3669 τὰ
3297 3613 3407 3683 ὄρη
3445 3610 3562 3664 τῶν
3590 3607 3764 3661 κοιλω-

2218 3705 2440 3775 μάτων·
2488 3705 2595 3757 Ἴδε
2638 3704 2714 3768 ὡς
2753 3703 2973 3774 δορκάς,
3008 3705 3037 3756 6
3072 3704 3173 3767 τὰς
3207 3702 3538 3772 ἐνθυμήσεις
3575 3696 3670 3749 τῶν
3692 3693 3765 3745 ἀν·

2226 3794 2457 3867 θρὼπων
2505 3794 2737 3864 βλέπων,
2766 3795 2794 3848 6
2837 3794 2963 3859 τοὺς
2998 3794 3391 3865 διαλογισμοὺς
3423 3789 3531 3846 τῶν
3572 3780 3771 3858 καρδιῶν

2224 3868 2629 3952 ἀναγινώσκων.
2692 3883 2978 3952 ’Δφάνισον
3010 3882 3110 3954 τὴν
3141 3882 3312 3953 γονὴν
3347 3884 3446 3952 τῆς
3470 3878 3671 3939 κακίας,
3709 3871 3768 3933 ὡς

2224 3973 2414 4045 νεϐρὸς
2464 3973 2677 4041 ἐλάφων
2720 3972 3086 4037 ἐξαναλίσκων
3139 3973 3200 4025 τὸ
3259 3973 3421 4049 γένος
3462 3969 3566 4023 τῶν
3604 3966 3768 4033 ὄφεων.

2236 4063 2398 4135 Ὁρᾷς
2428 4063 2495 4117 τὰ
2525 4063 2679 4116 κοῖλα
2707 4063 2807 4135 ὅρη
2840 4061 2935 4116 τοῦ
2964 4062 3315 4133 ἀνθρωπίνου
3353 4062 3490 4131 βίου,
3525 4053 3671 4112 ὦντά
3692 4055 3771 4104 έπο

2225 4154 2601 4224 ἀναστήματα,
2631 4153 2753 4223 οὐχὶ
2788 4153 3091 4226 ἀκρώρειαί
3123 4155 3289 4220 εἰσιν,
3326 4151 3464 4206 ἀλλὰ
3493 4152 3769 4219 φάραγγεςὶ

2226 4244 2421 4314 Τρέχει
2460 4244 2640 4297 τοίνυν
2667 4244 2772 4308 ἓως
2794 4245 2993 4314 τάχους
3013 4247 3041 4298 6
3071 4245 3249 4312 Λόγος
3278 4244 3375 4296 ἐπὶ
3405 4242 3474 4295 τὰ
3500 4238 3642 4294 κοῖλα
3669 4233 3767 4302 59?.-

2226 4335 2342 4387 Πᾶν
2375 4334 2482 4405 γὰρ
2502 4333 2563 4387 τὸ
2587 4333 2729 4389 κατά
2746 4334 2846 4405 τῆς
2877 4335 3135 4406 ἀληθείας
3160 4334 3304 4405 ὑψοῦ
3315 4350 3500 4405 μενον,
3538 4320 3769 4400 βάραθράθ

556 4432 662 4470 ηοη
715 4433 909 4483 mons,
983 4422 1300 4476 coneavitas
1351 4431 1404 4475 et
1457 4437 1567 4476 non
1624 4438 1917 4493 assurgens
1971 4425 2123 4480 tasti-

2232 4424 2471 4477 ἐστικαὶ
2512 4424 2633 4494 οὐχὶ
2680 4424 2824 4495 ὅρος.
2875 4424 3172 4495 Κοίλωμα,
3225 4424 3329 4477 καὶ
3377 4422 3478 4476 οὐκ
3508 4419 3765 4480 ἀνάστημα·

553 4508 725 4576 ginm.
776 4507 833 4561 Si
878 4525 1039 4580 ergo,
1085 4511 1291 4581 inquit,
1324 4512 1390 4566 ad
1428 4512 1539 4565 haec
1569 4514 1898 4576 aceurreris.
1939 4515 2124 4572 Omnis

553 4597 707 4651 vallis
757 4599 1060 4667 implebimr
1115 4608 1166 4654 et
1214 4602 1382 4654 omnis
1433 4617 1580 4654 mons
1612 4601 1913 4670 hujusmodi
1949 4605 2125 4669 Immi-

557 4689 777 4743 tiabimr
807 4692 868 4742 ιο.
926 4690 989 4744 Et
1039 4692 1154 4747 haec
1205 4693 1337 4746 dicit
1383 4692 1559 4746 anima
1591 4709 1752 4762 quam
1786 4697 1959 4764 pascit
1994 4695 2127 4750 Ver-

554 4775 721 4842 bum,
771 4794 883 4832 non
927 4781 1205 4850 aliquibus
1246 4782 1421 4850 spinis
1476 4792 1569 4835 aut
1615 4784 1771 4848 leno,
1834 4786 1926 4841 sed
1984 4787 2126 4841 buno

555 4867 725 4921 odore
768 4868 1005 4923 liliorum
1049 4887 1196 4938 purm
1250 4873 1376 4926 vitae
1423 4873 1934 4929 administrationis.
1995 4877 2128 4942 Qui-

556 4957 661 5013 bus
709 4961 872 5013 etiam
920 4960 1080 5014 nobis
1111 4962 1270 5015 detur
1311 4963 1497 5017 satiari
1547 4964 1718 5032 pastis
1760 4980 1788 5017 a
1828 4963 2026 5032 Verbo,
2071 4968 2127 5021 in

466 5106 483 5115 ,
557 5047 782 5124 Christo
805 5048 932 5104 Jesu
962 5050 1194 5105 Domino
1222 5062 1446 5117 nostro,
1476 5056 1571 5107 cui
1597 5056 1769 5123 gloria
1803 5063 1855 5108 et
1887 5058 2126 5125 potentia

558 5152 685 5193 cum
722 5148 914 5195 sancto
943 5141 1187 5211 Spiritu,
1220 5158 1367 5196 nunc
1395 5151 1448 5197 et
1484 5160 1720 5215 semper,
1753 5153 1805 5199 et
1841 5146 1897 5200 in
1933 5149 2127 5202 sazcula

557 5228 907 5297 surculorum.
936 5230 1130 5288 Amen.

1130 5366 1411 5424 HOMILIA
1448 5368 1533 5424 VI.

523 5474 539 5523 ἶ
625 5475 761 5534 CAP.
790 5494 873 5548 ut,
890 5492 1037 5537 vers.
1056 5482 1110 5538 1.
1137 5479 1202 5535 In
1224 5480 1356 5535 lecto
1378 5492 1535 5536 noctu
1557 5482 1770 5552 quazsivi
1787 5498 1935 5552 quem
1957 5482 2129 5555 diligit

502 5636 538 5727 ἓν,
627 5661 650 5697 ⁸
688 5660 815 5721 laai.
852 5680 941 5731 XL,
972 5664 1028 5734 6.
1106 5664 1150 5695 ¹⁹
1189 5662 1313 5721 lsai.
1369 5677 1457 5731 χι,
1492 5660 1560 5728 4;
1594 5661 1725 5717 Luc.
1789 5679 1870 5732 In,
1922 5664 2016 5718 4-

612 5794 695 5807 -ι-..-η

2245 4511 2372 4568 Ἐὰν
2427 4509 2520 4567 οὖν
2568 4512 2879 4587 ὲπιδράμῃς
2928 4514 3022 4568 ἐπὶ
3069 4514 3270 4583 ταῦτα,
3361 4511 3526 4583 φησὶ,
3556 4499 3764 4565 Πᾶσαή

2226 4602 2466 4669 τοιαύτη
2504 4601 2736 4672 φάραγξ
2776 4604 3236 4671 πληρωθήσεται
3252 4645 3269 4669 ,
3306 4604 3411 4658 καί
3453 4599 3573 4656 πᾶν
3595 4595 3652 4649 τὸ
3677 4607 3765 4645 τοι·

2227 4691 2408 4744 οὗτοὶ·
2442 4692 2578 4760 ὄρος
2621 4694 3144 4760 ταπεινωθήσεται.
3187 4695 3386 4749 Ταῦτα
3440 4678 3761 4761 φθέγγεταιῆ

2226 4781 2392 4852 ψυχὴ,
2422 4784 2487 4853 ἢν
2513 4783 2789 4853 ποιμαίνει
2816 4785 2845 4836 6
2877 4786 3070 4854 Λόγος,
3104 4787 3203 4840 οὐκ
3231 4789 3293 4839 ἐν
3324 4782 3589 4842 ἀκάνθαις
3609 4765 3762 4869 τισὶν)

2228 4872 2460 4942 χόρτοις,
2495 4872 2607 4925 ἀλλ’
2633 4875 2691 4925 ὲν
2718 4876 2784 4944 τῇ
2806 4873 3030 4944 εὐοδμίᾳ
3056 4875 3164 4928 τῶν
3187 4875 3404 4945 κρίνων
3432 4872 3529 4940 τῆς
3563 4863 3759 4927 καθαρᾶς

2230 4962 2522 5026 πολιτείας.
2566 4957 2667 5018 Ὧν
2707 4964 2916 5033 γένοιτο
2960 4967 3054 5018 καὶ
3087 4967 3236 5036 ἡμᾶς
3283 4959 3765 5042 ἐμφορηοῆνείῖωῗ

2235 5053 2590 5123 μαινομένους
2630 5055 2733 5108 ὑπὸ
2775 5055 2871 5112 ’τοῦ⁴
2900 5056 3093 5124 Λόγου,
3144 5056 3201 5107 έν
3238 5052 3469 5124 Χριστῷ
3526 5041 3675 5114 ἰησοῦ
3704 5052 3764 5138 ξφ

2230 5146 2417 5215 κυρίῳ
2446 5145 2623 5216 ἡμῶν,
2652 5140 2695 5213 ᾧ
2733 5147 2931 5217 πρέπει
2973 5151 3006 5217 ἡ
3033 5148 3158 5213 δόξα
3181 5148 3283 5200 καὶ
3319 5145 3542 5216 κράτος,
3581 5139 3648 5198 εἰς
3667 5142 3763 5187 τους

2231 5237 2429 5301 αἰῶνας
2456 5237 2563 5289 τῶν
2586 5235 2817 5293 αίώνων.
2873 5241 3069 5310 Ἀμήν.

2833 5372 3068 5426 omnm
3110 5373 3196 5438 σο.

2311 5486 2435 5540 Ἐπί
2461 5487 2667 5565 κοίτην
2700 5503 2822 5556 μου
2857 5485 2928 5542 ἐν
2971 5485 3147 5551 νυξὶν
3180 5482 3455 5554 ἐζήτησα
3480 5476 3552 5532 ὃν
3574 5463 3765 5542 ἠτάπηι
