3928 6196
186 384 275 445 885
1166 381 1233 436 IN
1267 382 1559 439 CANTlCA
1597 383 1868 441 CANTlC.
1914 380 2197 439 HOMILIA
2242 382 2328 436 Vl.

3287 330 3413 430 83s

186 516 279 554 σεν
301 497 333 564 ἡ
362 496 518 566 ψυχή
547 512 681 564 μου.
730 494 1017 565 Ἐξήτησα
1044 498 1250 564 αὐτὸν,
1270 501 1368 556 καὶ
1392 504 1504 571 οὐχ
1537 497 1712 570 εὗρον

1817 500 1995 553 anima
2011 515 2142 553 mea.
2165 496 2395 564 Quaesivi
2413 507 2529 546 eum
2545 500 2592 545 et
2613 507 2713 543 non
2732 490 2904 544 inveni
2913 504 3031 543 eum
3049 503 3065 542 .‘
3086 490 3262 542 vocari
3274 505 3389 541 eum

185 589 370 643 αὐτόν’
402 587 658 639 ἐκάλεσα
692 587 900 651 αὐτὸν,
944 587 1043 641 καὶ
1065 590 1179 657 οὐχ
1217 591 1539 659 ὑπήκουσέ
1571 610 1711 661 μου.

197 676 587 745 Ἀναστήσομαι
607 675 675 729 δὲ
690 676 789 730 καὶ
811 678 1101 732 κυκλώσω
1121 680 1192 733 ἐν
1205 679 1281 749 τῇ
1296 683 1487 745 πόλει,
1500 683 1570 735 ἑν
1590 683 1717 750 ταῖς

183 768 389 844 ἀγοραῖς
407 767 499 822 καί
519 768 588 821 ἐν
603 767 733 833 ταῖς
752 770 1084 837 πλατείαις,
1106 773 1203 826 καί
1221 772 1453 841 ζητήσω
1481 774 1555 851 δν
1580 776 1717 844 ἠγά-

184 872 357 925 ,τησεν
373 858 409 924 ἠ
427 856 590 926 ψυχή
613 874 753 926 μου.
774 856 1058 928 Ἐζήτησα
1079 861 1265 915 αὐτὸν
1285 866 1511 934 καὶούχ
1536 861 1718 933 εὗρον

184 951 358 1003 αὐτόν.
383 949 739 1005 Ἐπεκάιεσα
760 950 968 1016 αὐτὸν,
992 952 1088 1005 καὶ
1113 956 1225 1023 οὐχ
1245 954 1559 1021 ὑπήκουσέ
1573 976 1711 1027 μου.

185 1038 427 1108 Εὗρυσάν
437 1056 509 1109 με
529 1043 583 1094 oi
603 1042 949 1110 τηροῦντες,
965 1047 1018 1098 oi
1043 1045 1416 1114 κυκλοῦντες
1434 1048 1504 1102 ἐν
1520 1048 1597 1117 τῇ
1611 1052 1690 1104 πό
1706 1084 1711 1088 ο

182 1135 270 1185 λει.
294 1131 381 1200 Μὴ
400 1131 472 1186 ὃν
498 1133 815 1202 ἠγάπησεν
834 1135 872 1202 ἠ
899 1136 1069 1205 ψυχή
1083 1154 1223 1205 μου,
1244 1139 1432 1193 εἴδετε
1452 1156 1473 1205 ;
1514 1142 1609 1206 Ὠς
1630 1159 1717 1209 μι-

183 1222 302 1289 κρὸν
313 1222 402 1275 ὅτε
414 1236 528 1290 παρ
535 1221 725 1290 ἦλθον
736 1223 838 1278 ἀπ’
850 1223 1069 1287 αὐτῶν,
1082 1225 1159 1278 ἔω
1168 1245 1199 1291 ς
1216 1223 1288 1283 οὗ
1304 1224 1486 1297 εὖρον
1500 1229 1567 1283 ὃν
1581 1233 1619 1302 ἠ
1631 1228 1718 1297 γά-

182 1314 393 1380 αησενή
410 1311 572 1381 ψυχή
588 1330 724 1382 μου.
764 1314 1090 1383 Ἐκράτησα
1101 1316 1312 1382 αὐτὸν,
1331 1318 1552 1373 καὶούκ
1564 1319 1717 1386 ἀφῆ-

180 1417 243 1454 κα
253 1400 441 1463 αὑτὸν,
456 1401 568 1468 ἕως
580 1398 653 1457 οὗ
670 1402 999 1472 εἰσήγαγον
1012 1405 1200 1458 αὐτὸν
1213 1408 1301 1472 εὶς
1314 1404 1484 1461 οἷκον
1491 1409 1717 1477 μητρός

175 1509 289 1560 μου,
320 1492 409 1545 καί
448 1494 534 1558 εις
577 1493 844 1563 ταμιεῖον
868 1494 979 1562 τῆς
1002 1498 1437 1565 συλλαϐούσης
1456 1514 1552 1567 με.
1588 1499 1718 1567 ’Ὡρ-

179 1599 297 1637 κισα
315 1581 478 1652 ὑμᾶς,
502 1584 825 1654 θυγατέρες
863 1586 1271 1656 Ἰερουσαλὴμ,
1295 1588 1365 1641 ἐν
1383 1588 1512 1654 ταῖς
1532 1589 1711 1643 dor-d-

173 1689 305 1741 peo't.
339 1675 427 1727 καὶ
454 1675 524 1728 ἐν
554 1674 687 1741 ταῖς
731 1677 1018 1746 ίσχύσεσι
1051 1677 1158 1732 τοῦ
1184 1678 1392 1748 ἀγροῦ,
1434 1680 1545 1733 ἐὰν
1570 1681 1717 1750 ἐγεί-

172 1780 290 1832 pnes
312 1764 403 1819 καὶ
425 1766 764 1835 ἐξεγείρητε
794 1767 910 1838 τὴν
934 1768 1195 1838 ἀγάπην,
1220 1769 1330 1836 ἕως
1358 1771 1435 1825 ἂν
1458 1771 1711 1841 θελήσῃ.

1815 599 1863 645 et
1895 606 1995 644 non
2026 589 2225 642 audivit
2250 602 2352 640 me.
2375 584 2429 637 2.
2452 582 2679 653 Surgam
2697 590 2871 634 autem
2891 589 2939 633 et
2956 578 3187 632 circuibo
3210 580 3393 633 ciuita-

1820 695 1918 740 tem
1932 683 1988 736 in
2006 679 2134 751 foris
2149 687 2197 731 et
2215 678 2270 730 in
2282 674 2468 743 plateis
2485 690 2500 730 :
2515 680 2565 729 et
2580 685 2819 743 quaeram
2833 690 2981 745 quem
2996 676 3169 746 diligit
3185 678 3365 732 anima

1816 787 1949 824 mea.
1984 769 2037 824 5.
2068 768 2300 835 ρααεὶυἰ
2336 784 2453 822 eum
2481 777 2530 822 et
2571 783 2675 822 non
2701 766 2873 821 inveni
2905 782 3043 819 eum.
3078 764 3393 819 Invenerunt

1816 877 1895 914 me
1908 862 1999 931 qui
2018 860 2321 915 custodiunt
2346 861 2729 914 circumeuntes
2760 858 3047 912 civitatem.
3081 854 3129 908 Ν
3138 872 3221 909 um
3242 872 3393 926 quem

1814 952 1991 1022 diligit
2024 952 2205 1006 anima
2242 968 2355 1006 mea
2386 951 2633 1006 vidistis?
2666 950 2720 1004 4.
2758 948 3165 1016 Quamprimum
3188 958 3394 1015 parum

1816 1042 1880 1095 ab
1918 1043 1994 1095 eis
2028 1041 2241 1108 transii,
2270 1041 2435 1096 donec
2474 1041 2642 1096 inveni
2672 1055 2790 1093 eum
2822 1055 2972 1108 quem
3006 1037 3178 1108 diligit
3218 1038 3397 1090 anima

1818 1149 1955 1197 mea,
1992 1134 2136 1188 tenui
2175 1150 2314 1196 eum,
2352 1143 2401 1188 et
2436 1150 2539 1188 non
2573 1131 2755 1185 dimisi
2799 1146 2937 1192 eum,
2973 1129 3134 1183 donec
3164 1146 3279 1182 eum
3313 1128 3396 1181 in-

1818 1224 2031 1280 troduxi
2060 1226 2115 1280 in
2143 1224 2358 1279 domum
2406 1226 2595 1279 matris
2636 1238 2783 1285 mete,
2820 1232 2868 1277 et
2898 1223 2951 1275 in
2987 1223 3232 1275 conclave
3278 1221 3393 1289 ejus

1816 1333 1933 1388 quae
1959 1333 2040 1373 me
2088 1318 2342 1385 concepit.
2373 1317 2426 1371 5.
2467 1316 2724 1386 Adjuravi
2769 1333 2877 1379 vos,
2916 1314 3044 1385 ﬁliae
3074 1312 3421 1377 Jerusalem,’

1818 1411 1872 1463 in
1905 1411 2259 1477 potestatibus
2290 1418 2340 1464 et
2371 1410 2652 1465 virtutibus
2686 1410 2820 1480 agri,
2874 1409 2920 1464 si
2952 1410 3188 1463 excitetis
3222 1416 3270 1461 et
3300 1423 3394 1461 ex-

1818 1505 2042 1574 pergisci
2072 1505 2291 1574 faciatis
2336 1505 2670 1569 cliaritatem,
2705 1502 2868 1557 donec
2896 1502 3037 1555 velit.
3072 1500 3123 1555 6.
3164 1498 3295 1565 Qum
3320 1508 3399 1554 est

1819 1594 1923 1647 ista
1969 1611 2085 1664 qute
2130 1595 2367 1651 ascendit
2414 1597 2473 1649 in
2519 1596 2785 1649 desertum
2831 1593 2967 1647 sicut
3002 1601 3217 1644 truncus
3264 1590 3396 1659 fumi

1818 1700 2107 1753 evaporans
2157 1687 2427 1755 myrrham
2470 1697 2518 1741 et
2553 1686 2693 1751 thus,
2721 1700 2786 1739 ex
2830 1685 3070 1739 omnibus
3099 1681 3396 1751 pulveribus

1822 1777 2174 1833 aromatorii?
2220 1777 2271 1834 7.
2304 1777 2438 1832 Ecce
2487 1778 2707 1832 lectulus
2755 1775 3088 1831 Salomonis:
3121 1775 3397 1843 sexaginta

180 1851 259 1918 Τίς
281 1854 417 1922 αὕτη
446 1858 484 1925 ἡ
514 1859 938 1913 ἀναϐαίνουσα
970 1859 1040 1912 ἐκ
1070 1859 1182 1929 τῆς
1206 1860 1452 1943 ἐρήμου,
1474 1862 1555 1927 ὡς
1573 1877 1710 1915 στε-

1817 1868 1977 1934 tartes
2007 1868 2150 1923 circa
2187 1885 2304 1923 eum
2332 1885 2396 1923 ex
2430 1869 2656 1939 fortibus
2691 1867 2881 1923 Israel.
2917 1868 2971 1922 8.
3004 1866 3195 1922 Omnes
3225 1875 3399 1920 tenen—

175 1946 298 2011 λέχη
333 1948 721 2017 τεθυμιαμένη
763 1951 1044 2019 σμύρναν
1089 1952 1190 2006 καὶ
1239 1953 1493 2007 λίϐανον
1511 1994 1525 2019 ,
1591 1954 1713 2009 ἀπὸ

177 2034 381 2090 πάντων
416 2037 744 2107 κονιορτῶν
769 2042 1082 2110 μυρεψοῦ;
1133 2043 1279 2097 Ἰδοὺ
1317 2045 1354 2111 η
1391 2045 1570 2111 κλίνη
1606 2043 1714 2098 τοῦ

1817 1964 1894 2048 tes
1928 1958 2190 2028 gladium,
2225 1962 2385 2029 periti
2411 1976 2620 2031 pugnaz,
2668 1961 2747 2013 vir
2776 1958 3013 2029 gladium
3041 1973 3198 2027 super
3229 1957 3398 2026 femur

1818 2064 1973 2102 suum
1997 2060 2208 2120 propter
2234 2060 2498 2123 stuporem
2526 2059 2862 2105 nocturnum.

175 2131 551 2201 Zaloptiirtoc;
628 2134 927 2201 ἐξήκοντα
969 2138 1215 2194 δυνατοὶ
1258 2141 1463 2204 κύκλῳ
1513 2138 1708 2208 αὐτῆς
1743 2141 1864 2196 ἀπὸ
1931 2144 2211 2200 δυνατῶν
2242 2148 2503 2216 Ἰσραήλ.
2572 2145 2802 2210 Πάντες
2842 2144 3197 2217 κατέχοντες
3248 2143 3396 2211 ῥομ-

175 2221 342 2287 ραάν,
379 2222 788 2294 δεδιδαγμένοι
829 2227 1131 2296 πολέμων.
1192 2230 1374 2299 Ἀνὴρ
1398 2230 1705 2300 ῥομφαίαν
1739 2234 1927 2288 αὐτοῦ
1957 2235 2055 2289 ἐπὶ
2076 2237 2276 2306 μηρὸν
2299 2233 2490 2291 αὐτοῦ
2518 2234 2638 2290 ἀπὸ
2660 2234 2923 2304 θάμϐους
2955 2234 3022 2286 ἐν
3054 2231 3253 2295 νυξίν.

229 2311 372 2364 Πάλιν
396 2314 463 2366 τὰ
493 2314 719 2384 μεγάλα
746 2333 807 2369 τε
838 2318 934 2371 καὶ
960 2319 1141 2389 ὑψηλὰ
1168 2320 1416 2391 δόγματα
1440 2320 1590 2392 παρὰ
1619 2321 1714 2376 τοῦ

176 2398 409 2470 ’ᾼσματος
438 2404 545 2459 τῶν
575 2406 844 2477 ᾀσμάτων
885 2408 975 2463 διὰ
1005 2410 1108 2481 τῆς
1150 2412 1434 2484 παρούσης
1471 2413 1715 2482 ἀναγνώ-

174 2506 281 2555 σεως
306 2495 691 2567 παιδευόμεθα.
729 2498 1043 2569 Φιλοσοφία
1064 2502 1175 2573 γάρ
1215 2505 1331 2557 ἐστι
1362 2504 1424 2557 τὸ
1446 2505 1547 2575 τῆς
1580 2505 1716 2576 νύμ-

172 2599 257 2652 φης
292 2584 554 2659 διήγημα,
616 2588 684 2641 δι’
709 2581 786 2643 ὧν
825 2590 897 2645 τὰ
939 2593 1069 2663 περὶ
1114 2594 1313 2665 ἑαυτῆς
1358 2594 1712 2665 διεξέρχεται,

170 2672 289 2736 ὅπως
304 2677 400 2748 χρὴ
423 2679 547 2749 περὶ
569 2678 638 2731 τὸ
666 2678 821 2733 Θεϊον
846 2679 990 2750 ἔχειν
1020 2684 1145 2747 τοὺς
1167 2686 1400 2755 ἐραστὰς
1426 2685 1520 2739 τοῦ
1549 2688 1716 2755 ὑπερ-

171 2765 361 2835 κοσμίου
390 2769 626 2833 κάλλους
669 2771 1125 2844 δογματιζούσης.
1187 2776 1252 2829 Ὃ
1281 2775 1338 2829 δὲ
1372 2776 1715 2848 μανθάνομεν

169 2856 236 2911 διὰ
260 2858 355 2913 τῶν
378 2864 764 2933 προκειμένων
788 2865 988 2934 λογίων
1008 2866 1246 2921 τοιοῦτόν
1269 2869 1407 2921 ἐστι.
1438 2871 1557 2940 Χρὴ
1585 2871 1710 2939 γὰρ,

170 2945 308 3018 cluat,
338 2955 706 3024 προεκθέσθαι
737 2956 1003 3029 πρότερον
1032 2958 1133 3030 τὴν
1161 2961 1275 3022 τοῖς
1316 2962 1499 3030 ῥητοῖς
1530 2962 1714 3030 ἐγκειο

172 3038 307 3110 μένην
327 3042 558 3099 διάνοιαν
581 3062 601 3076 ·
640 3041 739 3099 εἶθ’
768 3046 943 3110 οὓτως
978 3047 1291 3119 ἐφαρμόσαι
1334 3049 1446 3111 τοῖς
1476 3048 1715 3120 προθεω-

1887 2322 2101 2383 Rursus
2163 2341 2360 2398 magna
2417 2333 2472 2381 et
2523 2327 2738 2381 excelsa
2784 2326 3041 2395 dogmata
3087 2338 3117 2376 a
3170 2320 3400 2377 Cantica

1819 2414 2160 2470 canticorum
2191 2431 2288 2486 per
2327 2416 2470 2472 hanc
2500 2416 2761 2471 docemur
2800 2415 3110 2470 lectionem.
3150 2414 3398 2469 Philoso-

1820 2503 1946 2572 phia
1976 2505 2123 2560 enim
2164 2514 2249 2562 est
2287 2522 2505 2575 sponsa:
2547 2507 2792 2561 narratio
2844 2522 2939 2576 per
2972 2522 3035 2561 ea
3073 2522 3196 2575 qua:
3229 2507 3295 2561 de
3338 2521 3399 2561 se

1820 2603 2092 2662 recenset,
2155 2598 2444 2653 statuendo
2495 2598 2957 2667 quemadmodum
3016 2598 3069 2651 in
3118 2596 3288 2651 Deum
3338 2611 3398 2653 se

1817 2699 2009 2755 gerere
2053 2693 2305 2755 Oporteat
2337 2696 2612 2743 amatores
2639 2687 3100 2756 supramundana:
3147 2687 3393 2757 pulchri-

1823 2775 2051 2831 tudinis.
2081 2776 2235 2841 Quod
2262 2785 2442 2833 autem
2474 2777 2742 2833 discimus
2770 2791 2867 2845 per
2896 2791 2957 2831 ea
2986 2792 3106 2846 qua:
3121 2786 3250 2830 sunt
3270 2792 3397 2846 pro-

1821 2866 2023 2938 posita,
2061 2883 2233 2938 prope
2265 2876 2350 2925 est
2398 2866 2691 2938 ejusmodi.
2737 2865 2963 2938 Oportet
2997 2868 3165 2931 enim,
3218 2875 3277 2921 ut
3306 2882 3395 2922 ar-

1822 2961 2017 3023 bitror,
2051 2960 2203 3030 prius
2235 2975 2510 3030 exponere
2534 2975 2756 3016 sensum
2783 2958 2875 3029 qui
2909 2959 3052 3014 inest
3090 2960 3141 3012 in
3179 2958 3390 3015 verbis:

1820 3051 2019 3107 deinde
2059 3051 2224 3107 verba
2258 3052 2526 3109 divinitus
2573 3051 2840 3121 inspirata
2873 3050 3394 3107 accommodare‘iis

172 3130 345 3197 ρηοεῑσι
369 3142 434 3187 τα
461 3134 808 3189 θεόπνευστα
846 3138 1084 3207 ῥήματα.
1141 3138 1296 3190 Ἔστι
1322 3138 1521 3203 τοίνυν,
1552 3139 1628 3203 ὼς
1652 3140 1710 3194 ὲν

1817 3158 1935 3214 quae
1965 3152 2095 3198 sunt
2146 3143 2299 3213 prius
2346 3143 2717 3201 considerata.
2772 3144 2869 3199 Est
2897 3158 3049 3214 ergo,
3099 3153 3157 3196 ut
3203 3144 3394 3214 paucis

168 3218 301 3292 ὀλίγῳ
339 3225 631 3279 συνελόντα
671 3224 896 3296 φράσαι,
924 3224 1167 3281 τοιοῦτόν
1209 3245 1260 3280 τι
1286 3227 1462 3299 δόγμα
1492 3228 1580 3282 διὰ
1606 3229 1714 3282 τῶν

169 3309 428 3379 εἰρημένων
464 3315 936 3385 ἀναφαινόμενον
974 3318 1108 3387 Διχῇ
1138 3315 1406 3388 τέτμηται
1446 3320 1588 3372 κατὰ
1617 3320 1713 3391 τὴν

169 3398 389 3457 ἀνωτάτω
418 3403 694 3475 διαίρεσιν
718 3405 752 3475 ἠ
782 3403 890 3458 τῶν
925 3403 1095 3458 όντων
1127 3405 1310 3474 φύσις.
1360 3408 1434 3461 Τὸ
1476 3410 1574 3479 μὲν
1605 3411 1714 3482 γάρ

170 3489 288 3543 ἐστιν
316 3495 563 3565 αἰσθητὸν
603 3496 700 3550 καὶ
732 3495 931 3559 ὑλῶδες
953 3511 967 3525 ·
1016 3496 1079 3548 τὸ
1109 3496 1167 3550 δὲ
1188 3499 1376 3568 νοητὸν
1405 3499 1501 3553 καὶ
1531 3500 1711 3557 ἄῦλον.

169 3580 394 3653 Δίσθητὸν
425 3587 522 3657 μὲν
563 3582 665 3640 οὖν
699 3585 951 3656 λέγομεν,
976 3588 1099 3641 ὅσον
1138 3591 1207 3660 τῇ
1253 3589 1505 3662 αἰσθήσει
1539 3608 1713 3644 κατα-

167 3666 468 3746 λαμϐάνομεν
493 3694 509 3708 ·
558 3677 757 3749 νοητὸν
780 3678 837 3730 δὲ
877 3678 938 3731 τὸ
972 3679 1313 3751 ὑπερπίπτον
1339 3680 1442 3752 τὴν
1468 3681 1715 3753 αἰσθητι-

171 3761 249 3833 κὴν
293 3768 646 3840 κατανόησινο
698 3769 763 3822 ὲκ
794 3768 1000 3824 τούτων
1030 3770 1092 3824 τὸ
1140 3771 1240 3841 μὲν
1267 3771 1457 3842 νοητὸν
1489 3771 1714 3841 ἄπειρόν

170 3854 261 3908 ἐστι
281 3859 369 3912 καὶ
396 3861 657 3932 ἀόριστον
678 3879 693 3893 ·
724 3862 784 3916 τὸ
809 3862 867 3916 δὲ
897 3862 1083 3933 ἕτερον
1106 3861 1324 3917 πάντων
1355 3863 1465 3916 τισὶ
1483 3863 1712 3934 διαλαμ-

170 3943 352 4002 ϐάνεται
391 3954 622 4023 πέρασι.
674 3953 863 4025 Πάσης
907 3953 1017 4026 γὰρ
1065 3953 1199 4025 ὕλης
1234 3953 1312 4024 τῷ
1349 3952 1501 4024 ποσῷ
1528 3971 1588 4007 τε
1620 3955 1714 4007 καὶ

166 4035 226 4105 τῷ
248 4042 374 4112 ποιῷ
399 4043 831 4116 διειλημμένης,
882 4046 941 4098 ὲν
972 4044 1121 4116 ὄγκῳ
1150 4046 1243 4098 καὶ
1286 4043 1415 4097 εῖδει
1457 4046 1551 4098 καὶ
1594 4046 1714 4098 ἐπι-

169 4133 330 4204 φανείᾳ
363 4138 453 4189 καὶ
494 4140 743 4208 σχήματι
795 4138 969 4209 πέρας
993 4137 1198 4206 γίνεται
1242 4136 1343 4207 τῆς
1374 4137 1499 4207 περὶ
1545 4136 1712 4207 αὐτὴν

165 4227 510 4298 κατανοήσεως
549 4229 628 4283 τὰ
673 4229 798 4298 περὶ
839 4228 1008 4300 αὐτὴν
1052 4227 1431 4298 θεωρούμενα,
1484 4228 1559 4291 ὡς
1605 4245 1710 4299 μη-

166 4309 234 4365 δὲν
268 4316 402 4386 ἔχειν
442 4321 533 4383 τὸν
582 4320 687 4390 τὴν
732 4318 863 4390 ὓλην
896 4318 1339 4391 διερευνώμενον,
1377 4317 1482 4384 ἔξω
1510 4318 1712 4377 τούτων

165 4403 211 4453 ὲν
235 4411 487 4481 φαντασίᾳ
532 4409 743 4465 λαϐεῖν.
800 4411 873 4463 Τὸ
904 4410 962 4463 δὲ
991 4410 1179 4481 νοητόν
1210 4426 1271 4462 τε
1296 4410 1389 4462 καὶ
1425 4408 1585 4466 ἄῡλον
1613 4409 1712 4480 τῆς

1816 3232 2018 3302 dicam,
2057 3232 2376 3304 hujusmodi
2419 3233 2616 3305 dogma
2651 3248 2750 3304 per
2797 3249 2861 3289 ea
2896 3250 3016 3305 quae
3050 3235 3195 3289 dicta
3228 3244 3389 3290 sunt:

1816 3322 2076 3378 Bil’ariam
2106 3323 2370 3379 dividitur
2398 3337 2582 3377 rerum
2623 3333 2935 3378 creatarum
2970 3331 3168 3377 natura
3200 3338 3266 3379 ex
3299 3338 3395 3378 su-

1817 3427 2003 3480 prema
2035 3412 2326 3468 divisione.
2359 3410 2494 3466 Nam
2528 3411 2674 3466 aliud
2712 3413 2934 3482 quidem
2976 3421 3063 3469 est
3108 3414 3309 3470 sensile
3341 3423 3397 3470 et

1818 3502 2134 3558 materiale:
2173 3501 2323 3557 aliud
2356 3512 2537 3557 autem
2574 3502 2724 3572 quod
2757 3503 3117 3574 intelligentia
3160 3502 3389 3574 percipi-

1815 3600 1927 3658 tur,
1958 3600 2015 3646 et
2052 3600 2135 3647 est
2167 3608 2367 3677 expers
2414 3594 2681 3648 materiae.
2736 3595 2916 3665 Atque
2944 3595 3145 3650 sensile
3173 3595 3397 3664 quidem

1815 3684 2049 3740 dicimus
2077 3684 2346 3755 quidquid
2372 3699 2539 3740 sensu
2572 3686 3077 3755 comprehenditur.
3113 3686 3270 3753 Quod
3313 3688 3395 3742 in-

1814 3773 2123 3844 telligentia
2150 3781 2330 3829 autem
2373 3775 2694 3844 percipitur,
2749 3776 2803 3830 id
2837 3776 2983 3846 quod
3032 3791 3250 3831 omnem
3292 3792 3389 3832 su—

1815 3868 1970 3927 perat
1989 3873 2189 3916 sensus
2211 3861 2781 3931 comprehensionem,
2807 3878 2908 3918 nec
2936 3864 3061 3919 ullis
3082 3864 3395 3920 continetur

1815 3950 2037 4006 ﬁnibus.
2068 3949 2201 4005 Nam
2233 3965 2358 4005 cum
2387 3951 2570 4008 omnis
2603 3952 2829 4008 materia
2861 3967 2891 4007 a
2926 3962 3131 4024 querito
3156 3963 3209 4010 et
3242 3957 3392 4025 quali

1816 4042 1886 4095 sit
1904 4041 2321 4110 comprehensa,
2345 4042 2511 4097 unius
2533 4050 2615 4098 est
2640 4043 2839 4099 mentis
2862 4043 3390 4114 comprehensionis,

1814 4146 1876 4185 ea
1899 4147 2019 4201 qua:
2039 4132 2244 4186 suntin
2272 4132 2390 4202 ipsa
2417 4130 2841 4198 considerantis,
2868 4132 2993 4187 linis
3011 4134 3064 4186 in
3084 4132 3323 4201 pondere
3336 4140 3409 4187 et'

1814 4222 1989 4277 forma
2020 4232 2074 4277 et
2119 4223 2410 4293 superﬁcie
2435 4229 2489 4278 et
2526 4223 2695 4293 ﬁgura
2723 4241 2735 4276 :
2778 4221 2914 4276 adeo
2945 4229 3004 4276 ut
3033 4223 3127 4293 qui
3175 4231 3392 4278 seruta-

1815 4324 1905 4368 tur
1941 4316 2251 4379 materiam,
2286 4313 2424 4368 nihil
2468 4313 2644 4383 possit
2668 4322 2823 4369 extra
2871 4314 2985 4367 haec
3033 4313 3390 4383 comprehen-

1816 4404 1944 4460 dere
1968 4405 2022 4459 in
2056 4405 2372 4475 phantasia;
2407 4403 2462 4458 id
2494 4414 2675 4460 autem
2712 4404 2861 4474 quod
2897 4404 3198 4474 percipitur
3228 4404 3390 4461 intel-

166 4497 378 4568 τοιαύτης
405 4478 675 4572 περιοχῆς
706 4500 1006 4573 καθαρεῦον
1037 4478 1290 4569 ἐκφεύγει
1324 4500 1415 4553 τὸν
1453 4502 1578 4569 ὅρον
1597 4541 1610 4563 ,
1652 4478 1709 4554 ἐν

1817 4497 2057 4566 ligentia,
2097 4506 2153 4552 et
2195 4502 2281 4551 est
2312 4510 2508 4565 expers
2554 4497 2820 4561 materiae,
2870 4511 3068 4566 purum
3120 4496 3189 4552 ab
3238 4499 3387 4553 omni

164 4586 773 4669 οὐδενὶμεερατούμενον.
827 4593 998 4647 Πάλιν
1025 4592 1083 4645 δὲ
1119 4593 1212 4645 καὶ
1241 4592 1343 4662 τῆς
1366 4593 1563 4663 νοητῆς
1611 4593 1714 4660 φύ-

166 4690 278 4741 σεως
309 4680 673 4755 διῃρημένης,
700 4685 733 4754 ή
769 4684 866 4753 μὲν
888 4684 1139 4748 enim;
1171 4684 1306 4746 ἐστι,
1333 4682 1427 4736 καὶ
1462 4683 1715 4753 ποιητικὴ

160 4766 250 4820 τῶν
276 4771 455 4838 ὄντων,
488 4776 581 4828 ἀεὶ
608 4770 745 4827 οὖσα
769 4774 908 4845 ὅπερ
939 4774 1056 4827 ἐστι
1083 4788 1096 4801 ·
1140 4773 1236 4826 καὶ
1273 4771 1501 4825 πάντοτε
1538 4772 1715 4826 ὡσαύ-

163 4872 248 4920 τως
279 4861 488 4932 ἔχουσα,
521 4865 792 4937 κρείττων
820 4881 879 4918 τε
912 4863 1227 4936 προσθήκης
1259 4862 1479 4935 ἀπάσης
1501 4866 1711 4935 καὶτῆς

162 4948 498 5019 ἐλαττώσεως,
528 4958 643 5010 τῶν
663 4956 886 5025 ἀγαθῶν
918 4957 1297 5020 ἀνεπίδεκτος·
1329 4959 1361 5027 ἡ
1394 4956 1453 5009 δὲ
1479 4957 1567 5011 διὰ
1592 4958 1707 5011 κτίε-

162 5055 274 5104 πως
296 5047 636 5119 παραχθεῖσα
681 5048 739 5110 ὲς
779 5047 992 5116 γένεσιν
1035 5047 1172 5118 πρὸς
1202 5047 1264 5100 τὸ
1293 5047 1509 5118 πρῶτον
1536 5049 1706 5101 αἴτιον

160 5127 230 5183 ἀεὶ
257 5132 472 5202 βλέπει.
522 5139 619 5189 καὶ
653 5140 721 5208 τῇ
771 5138 1032 5209 μετουσίᾳ
1072 5137 1167 5191 τοῦ
1207 5136 1549 5208 περιέχοντος
1588 5139 1705 5191 δια-

160 5223 329 5287 παντὸς
369 5227 427 5278 ἐν
471 5228 554 5297 τῷ
587 5228 775 5298 ἀγαθῷ
816 5231 1194 5299 συντηρεῖται,
1245 5229 1339 5281 καὶ
1364 5229 1562 5298 τρόπον
1586 5229 1706 5283 τινὰ

160 5310 363 5367 πὰντοτε
398 5318 663 5382 κτίζεται,
710 5318 802 5372 διὰ
831 5320 930 5388 τῆς
971 5320 1028 5372 ὲν
1075 5322 1184 5383 τοῖς
1214 5319 1437 5388 ἀγαθοῖς
1466 5320 1706 5391 ἐπαυξῆ-

161 5414 276 5464 σιως
310 5406 443 5475 πρὸς
471 5405 534 5459 τὺ
564 5408 745 5475 μεῖζον
769 5408 1144 5479 ἀλλοιουμένη.
1184 5408 1257 5471 ὡς
1291 5409 1421 5479 μηδὲ
1451 5408 1617 5479 ταύτῃ
1653 5428 1704 5463 τι

159 5490 307 5560 πέρας
324 5495 729 5567 ὲνθεωρεῖσθαι,
752 5500 889 5571 μηδὲ
907 5501 1018 5571 ὅρῳ
1043 5501 1149 5554 τινὶ
1169 5501 1279 5571 τὴν·
1293 5502 1430 5571 πρὸς
1445 5505 1505 5555 τὸ
1534 5507 1708 5574 κρεῖτ-

157 5594 231 5634 τον
256 5584 476 5657 αὓξησιν
509 5588 679 5658 αὐτῆς
726 5591 1161 5662 περιγράφεσθαι
1184 5607 1195 5622 ’
1240 5592 1353 5644 ἀλλ’
1376 5588 1530 5646 εἶναι
1566 5594 1704 5648 πάν-

158 5682 260 5722 τοτε
282 5673 364 5727 is!
401 5675 464 5729 τὺ
494 5678 666 5747 παρὸν
695 5681 917 5749 ἀγαθὸν,
965 5680 1067 5734 κᾶν
1093 5681 1173 5733 ὅτι
1214 5679 1442 5749 μάλιστα
1471 5682 1609 5752 μέγα
1644 5698 1702 5734 τε

162 5763 240 5813 καὶ
265 5764 464 5821 τέλειον
495 5761 636 5822 εἶναι
662 5771 827 5834 δοκεῖ,
861 5771 1033 5842 ἀρχὴν
1064 5770 1154 5824 τοῦ
1186 5772 1582 5840 ὑπερκειμένου
1609 5773 1719 5827 και

1811 4587 2082 4657 ejusmodi
2129 4585 2644 4656 comprehensione,
2711 4587 2900 4658 etl'ugit
2954 4588 3269 4652 terminum,
3328 4599 3392 4644 ut

1811 4680 1956 4750 quod
1989 4681 2046 4735 in
2070 4679 2223 4734 nullo
2251 4679 2493 4733 liniatur.
2532 4676 2746 4734 Rursus
2778 4686 2962 4734 autem
2987 4693 3109 4734 cum
3146 4695 3267 4749 qum
3302 4680 3387 4733 in-

1811 4771 2114 4842 telligentia
2160 4769 2464 4841 percipitur
2500 4777 2718 4834 natura,
2768 4770 3021 4825 bifariam
3072 4769 3143 4826 sit
3188 4769 3382 4833 divisa,

1810 4862 1916 4916 alia
1947 4861 2166 4931 quidem
2196 4869 2281 4915 est
2308 4860 2574 4927 increata,
2606 4870 2661 4915 et
2685 4874 2875 4915 eorum
2915 4875 3036 4931 quae
3072 4870 3201 4916 sunt
3229 4876 3387 4915 erea-

1815 4954 1943 5018 trix,
1999 4959 2055 5007 et
2098 4967 2222 5023 qua:
2253 4966 2467 5021 semper
2498 4958 2583 5006 est
2631 4950 2685 5006 id
2731 4952 2873 5022 quod
2909 4959 3030 5007 est:
3086 4958 3140 5007 et
3170 4967 3388 5023 semper

1813 5046 2066 5102 similiter
2112 5051 2166 5100 et
2200 5042 2393 5099 eodem
2428 5042 2592 5097 modo
2637 5057 2697 5098 se
2739 5042 2925 5108 habet,
2971 5051 3023 5098 et
3065 5045 3257 5113 quavis
3287 5047 3386 5099 ad-
3486 5124 3489 5125 ν

1813 5137 2023 5192 ditione
2049 5142 2105 5190 et
2122 5133 2490 5190 diminutione
2525 5141 2611 5189 est
2637 5134 2909 5203 superior,
2948 5148 3046 5188 nec
3074 5133 3213 5187 bona
3243 5136 3385 5189 valet

1812 5230 2088 5299 accipere:
2126 5228 2232 5281 alia
2264 5234 2448 5282 autem
2499 5240 2622 5295 quae
2657 5240 2755 5295 per
2780 5225 3112 5280 creationem
3150 5225 3381 5278 deducta

1811 5323 1878 5376 ad
1911 5320 2340 5392 generationem,
2368 5332 2584 5387 semper
2608 5316 2806 5386 aspicit
2831 5314 2899 5368 ad
2932 5314 3161 5385 primam
3191 5329 3379 5368 eorum

1810 5429 1932 5485 quae
1962 5420 2091 5469 sunt
2121 5425 2367 5475 causam,
2421 5417 2476 5465 et
2506 5408 2921 5478 participatione
2953 5406 3075 5474 ejus
3107 5405 3250 5473 quod
3285 5419 3383 5456 suo

1810 5503 2112 5574 pereminet
2136 5515 2353 5570 semper
2372 5505 2732 5557 conservatur
2758 5496 2811 5550 in
2833 5496 3001 5559 bono,
3030 5504 3084 5550 et
3113 5492 3374 5563 quodam-

1811 5594 1974 5649 modo
2016 5598 2258 5659 creatur,
2303 5606 2400 5661 per
2437 5590 2834 5644 incrementum
2867 5584 2921 5639 in
2978 5585 3135 5639 bonis
3168 5591 3377 5637 mutata

1809 5685 1875 5737 ad
1905 5682 1957 5737 id
1992 5681 2136 5752 quod
2167 5690 2252 5737 est
2292 5680 2493 5750 majus,
2544 5677 2680 5731 adeo
2724 5683 2780 5730 ut
2822 5691 2887 5728 ne
2919 5675 2972 5728 in
3023 5675 3122 5729 hac
3153 5672 3375 5745 quidem

1811 5772 2190 5829 consideretur
2222 5769 2366 5837 linis,
2397 5781 2575 5838 neque
2611 5764 2724 5821 ullo
2756 5763 2990 5821 termino
3024 5764 3379 5822 circumscri~
